3964 6276
156 296 256 359 917

1448 295 1618 356 LOCI
1654 294 1975 359 COMMUN
1980 299 2091 361 ES.

3316 302 3432 370 918

217 398 412 473 Σφύχ
437 410 563 459 κε’.
606 435 673 447 -
707 403 794 467 Ὠς
847 404 1049 475 ὡραῖον
1108 392 1323 470 πολιαῗς
1370 405 1593 477 κρίσις,
1650 404 1745 461 καὶ

1920 408 2086 463 Eccli.
2118 423 2269 474 mu,
2298 407 2365 474 6;
2412 424 2508 473 vn,
2549 410 2869 477 L—Quam
2912 412 3222 482 speciosum
3270 414 3426 470 canis

151 496 582 568 πρεσϐυτέροις
608 494 904 564 ἐπιγνῶναι
932 495 1149 566 βουλήν.

224 587 317 651 Ὠς
364 586 577 657 ὡραία
620 586 892 657 γερόντων
945 586 1142 656 σοφία,
1204 589 1300 641 καὶ
1344 587 1749 658 δεδοξασμένοις

149 679 509 748 διανοήματα
529 678 581 710 ⁸⁸
607 677 799 748 βουλῆς
823 677 837 731 l

231 768 566 839 Ἐμίσησεν
597 770 630 841 ή
654 768 800 841 ψυχή
832 787 932 840 μου
959 769 1189 842 γέροντα
1217 769 1403 843 μοιχὸν
1426 811 1443 837 ,
1498 770 1753 827 ἐλαττού-

156 877 317 933 μενον
356 859 617 914 συνέσει.

218 954 451 1007 Βασιλ.
506 982 586 993 -
630 951 799 1006 Πλέον
846 952 927 1026 τῷ
967 953 1083 1009 ϐντι
1114 957 1215 1026 τῆς
1243 954 1358 1010 ἐνθ’
1388 956 1534 1028 θριξὶ⁸
1560 956 1751 1010 λευκό-

153 1058 314 1112 τητος
366 1043 460 1104 είς
509 1042 895 1116 πρεσϐυτέρου
942 1044 1244 1111 σύστασιν,
1296 1046 1357 1100 τὸ
1403 1048 1460 1101 ιν
1491 1046 1752 1119 φρονήσει

155 1135 635 1208 πρεσϐυτερικόν.
1562 1178 1565 1179 ν

220 1226 498 1298 Διαφέρει
535 1229 632 1283 τοῦ
661 1230 855 1301 νηπίου
888 1229 1013 1285 καθ’
1035 1231 1254 1302 ήλικίαν
1283 1232 1459 1296 οὐδὲν,
1491 1232 1521 1285 ὁ
1550 1233 1609 1285 ὲν
1629 1234 1753 1297 ταῖς

156 1320 318 1390 φρεσὶ
348 1321 677 1391 νηπιάζων.

224 1411 569 1482 Θεολόγου.
594 1444 666 1454 -
688 1413 925 1485 Αἰσχρδν
953 1414 1054 1486 τὴν
1087 1413 1186 1485 μὲν
1213 1414 1432 1486 ήλικίαν
1460 1414 1749 1487 παρακμάο

160 1518 265 1565 σαι,
304 1501 387 1573 μὴ
413 1504 798 1576 παρακμάσαι
824 1505 881 1559 δὲ
911 1504 1012 1577 τὴν
1041 1506 1332 1575 ἀσέλγειαν
1347 1508 1412 1562 ⁸⁸.

224 1594 568 1649 Παιδεύεταί
592 1613 646 1649 τι
680 1597 778 1651 καὶ
807 1595 999 1661 πολιὰ,
1045 1598 1140 1651 καὶ
1167 1599 1229 1653 οὐ
1257 1598 1431 1670 πάντη
1460 1600 1522 1652 τὸ
1548 1599 1745 1670 γῆρας,

162 1685 234 1750 ὡς
262 1684 474 1754 ἔοικεν,
510 1688 595 1752 είς
622 1686 839 1749 σύνεσιν
867 1687 1195 1754 ἀξιόπιστον.

228 1860 547 1929 Χρυσοστ.
571 1892 644 1903 -
667 1861 838 1916 Πολιὰ
864 1861 925 1917 οὐ
951 1862 1135 1935 τρίχες
1159 1862 1372 1928 λευκαὶ,
1413 1865 1550 1920 ἀλλὰ
1573 1866 1749 1937 ψυχῆς

166 1950 376 2007 ἀρεταί.

261 1966 376 2007 ται.

203 1966 325 2111 ρεΜὴ
376 2042 477 2096 τὸν
532 2042 655 2096 νέον
700 2042 955 2098 διάϐαλλε
982 2060 994 2074 ·
1054 2045 1190 2117 μηδὲ
1254 2046 1347 2099 τὸν
1402 2049 1749 2119 γεγηρακότα

167 2129 371 2203 ἐπαίνει
395 2146 413 2163 ·
474 2131 607 2186 οὔτε
636 2131 746 2206 γὰρ
779 2134 837 2187 ἐν
858 2137 925 2206 τῇ
950 2136 1187 2208 διαφορᾷ
1212 2138 1308 2207 τῆς
1330 2136 1548 2208 ήλικίας
1580 2140 1748 2210 ἀρετὴ

174 2222 260 2275 καὶ
288 2222 489 2290 κακία,
525 2223 647 2279 ἀλλ’
669 2225 728 2279 ἐν
753 2226 821 2297 τῇ
847 2226 1078 2299 διαφορᾷ
1109 2227 1209 2297 τῆς
1233 2228 1479 2299 γνώμης.

237 2406 287 2457 Γ
278 2421 425 2475 ρητ.
448 2407 729 2462 Νύσσ.-
771 2407 895 2462 Ἐπὶ
921 2411 1123 2474 παντὸς
1163 2410 1241 2474 ὡς
1278 2411 1371 2464 ἐπὶ
1399 2411 1534 2466 πολὺ
1570 2414 1748 2483 πράγ-

180 2510 370 2563 ματος,
406 2495 724 2567 ἰπισφαλής
753 2498 1055 2570 σύμϐουλος
1086 2501 1119 2572 ή
1148 2503 1336 2573 νεότης
1356 2520 1371 2535 ο
1430 2504 1523 2557 καὶ
1557 2505 1657 2559 οὐκ
1683 2506 1749 2560 ἄν

180 2602 257 2649 τις
304 2588 509 2658 ῥᾳδίως
562 2588 971 2667 κατώρθωσέτι
1003 2592 1110 2646 τῶν
1162 2593 1401 2664 σπουδῆς
1448 2595 1615 2662 ἀξίων
1639 2638 1653 2663 ,
1704 2588 1749 2666 ᾧ

181 2678 250 2749 μὴ
262 2678 353 2732 καὶ
367 2679 533 2735 πολιὰ
558 2683 995 2755 συμπαρελήφθη
1016 2686 1150 2758 πρὸς
1173 2687 1457 2742 κοινωνίαν
1477 2687 1571 2743 τοῦ
1588 2689 1749 2762 σκέμ-

184 2785 363 2837 ματος.

244 2863 459 2919 diuum
476 2894 550 2905 —
584 2864 643 2918 Ὀ
670 2866 897 2940 ἀληθείᾳ
926 2868 1293 2941 πρεσϐύτερος
1311 2909 1327 2934 ,
1370 2871 1471 2925 οὐκ
1497 2871 1554 2923 ὲν
1581 2872 1748 2944 μήκει

186 2955 385 3024 χρόνου,
421 2956 544 3011 ἀλλ’
562 2957 838 3029 ἐπαινετῷ
868 2959 962 3013 καλ⁸
989 2959 1179 3031 τελείῳ
1210 2960 1311 3031 βίῳ
1340 2960 1645 3032 θεωρεῖται.

243 3128 558 3200 Eua-mla).
583 3160 656 3175 -—
675 3131 749 3186 Τδ
770 3131 985 3205 ἔντιμον
1014 3136 1072 3189 έν
1096 3137 1244 3209 γήρᾳ
1268 3133 1406 3191 εἶναι
1428 3182 1443 3205 ,
1478 3136 1751 3205 ἀπόδειξις

190 3219 273 3273 τοῦ
300 3222 593 3291 φιλόπονον
619 3225 725 3297 πρὸ
745 3227 933 3298 γήρως
957 3229 1260 3297 γεγονέναι’
1293 3230 1357 3284 τὸ
1378 3230 1436 3284 δὲ
1464 3231 1752 3286 σπουδαῖον

192 3311 243 3369 ὲν
270 3314 391 3387 νέῳ,
422 3318 695 3390 ἐχέγγυον
728 3319 824 3377 τοῦ
849 3319 1068 3391 ἔντιμον
1094 3324 1153 3375 ὲν
1176 3323 1322 3394 γήρᾳ
1348 3323 1587 3379 ἔσεσθαι.

265 3497 437 3556 ’Δνθεῖ
468 3503 612 3574 πρὸς
641 3504 955 3574 ἐπιστήμην
982 3503 1164 3575 ψυχὴ,
1215 3504 1378 3558 ὁπότε
1419 3506 1475 3558 αἰ
1513 3504 1606 3558 τοῦ
1646 3503 1753 3561 σώ-

200 3610 350 3663 ματος
380 3597 562 3667 ἀκμαὶ
592 3596 783 3667 χρόνου
816 3597 983 3667 μήκει
1015 3597 1387 3668 περαίνονται.

250 3685 480 3741 Νείλου.
524 3716 599 3728 ——
645 3685 779 3758 Θρὶξ
810 3686 1180 3759 λελευκαμένη
1200 3727 1215 3753 ,
1249 3687 1349 3759 τὴν
1379 3684 1625 3739 ἐντεῦθεν
1656 3684 1753 3756 τῆς

197 3774 358 3847 ψυχῆς
385 3778 706 3850 ἀποδημίαν
737 3780 834 3853 βοᾷ
866 3780 964 3834 καὶ
989 3780 1441 3854 διαμαρτύρεται.

259 3870 737 3941 ωουτάρχ.ο-Ὀ
763 3870 863 3942 μὲν
888 3870 1119 3942 χειμὼν,
1143 3872 1373 3944 σκέπης·
1400 3874 1459 3928 τὸ
1478 3873 1535 3929 δὲ
1554 3874 1752 3948 γῆρας,

200 3957 414 4025 ἀλυπίας
444 3961 646 4017 δεῖται.

264 4134 570 4205 Πλουτὰρχ
586 4133 868 4191 ⁶⁹.-Ἦδύ
900 4135 1056 4190 ἐστιν.
1076 4134 1265 4207 ὥσπερ
1296 4135 1436 4207 φίλῳ
1458 4137 1751 4212 σπουδαίῳ,

201 4220 324 4276 οὕτω
350 4227 447 4285 καὶ
468 4228 620 4297 λόγῳ
648 4225 801 4297 καλῷ
831 4227 1257 4299 συγγηράσκειν.

1848 497 2144 569 judicium,
2172 506 2228 554 et
2257 498 2597 569 presbyteris
2628 498 2771 555 seire
2803 502 3129 558 consilium!

1921 574 2093 654 Quam
2118 588 2368 659 speciosa
2393 603 2587 643 senum
2615 589 2903 659 sapientia,
2933 599 2990 645 et
3017 591 3269 661 gloriosis
3297 610 3427 650 con-

1852 678 1961 734 silii
1988 679 2348 750 intelligentia
2369 681 2383 733 l

1922 769 2052 826 Odit
2080 771 2261 825 anima
2293 786 2417 826 mea
2450 786 2637 827 senem
2667 770 3001 835 adulterum,
3033 780 3091 826 et
3119 772 3213 842 qui
3262 789 3428 831 sensu

1852 860 2155 917 deficiatur.

1921 952 2131 1009 Basilii.
2154 983 2222 993 —-
2243 952 2373 1009 Plus
2418 968 2609 1009 revera
2652 953 2721 1008 ad
2765 953 3077 1025 presbyteri
3109 954 3186 1025 (id
3226 962 3309 1011 est
3342 971 3429 1011 se-

1852 1043 2049 1114 nioris)
2085 1044 2617 1099 commendationem
2667 1043 2820 1109 facit,
2849 1045 3042 1099 senilis
3111 1045 3425 1115 prudentia,

1852 1151 2015 1207 quam
2046 1134 2298 1191 canities.

1920 1225 2069 1281 Nihil
2107 1225 2297 1281 differt
2339 1226 2408 1281 ab
2454 1241 2523 1282 eo
2559 1225 2665 1295 qui
2697 1226 2861 1281 annis
2899 1241 3071 1296 puer,
3115 1226 3211 1296 qui
3258 1225 3427 1281 animi

1852 1334 2014 1375 sensu
2051 1317 2348 1384 puerascit.

1924 1407 2478 1479 Theologi.—Turpe
2528 1415 2613 1462 est
2660 1407 2862 1478 pubem
2914 1406 3234 1465 deﬂoruisse
3257 1448 3273 1472 ,
3324 1422 3426 1464 nec

1850 1500 2136 1556 libidinem
2170 1500 2529 1555 deferbuisse.

1920 1591 2096 1647 Etiam
2123 1592 2353 1647 canities
2382 1592 2590 1662 aliquid
2636 1592 2820 1657 discit,
2852 1606 2956 1647 nec
2998 1592 3225 1647 omnino
3266 1608 3426 1648 sene-

1850 1695 1999 1750 ctus,
2050 1684 2131 1740 uti
2172 1700 2274 1755 par
2315 1693 2419 1749 est,
2463 1700 2683 1740 omnem
2744 1693 2905 1739 nacta
2964 1684 3288 1755 sapientiam
3323 1700 3427 1755 pu-

1778 1747 1824 1808 B
1854 1747 2018 1832 tanda
2050 1786 2154 1833 est.

1922 1862 2190 1935 Chrysost.
2211 1896 2279 1904 —
2298 1864 2457 1931 Cani,
2491 1879 2600 1920 non
2624 1864 2929 1920 albicantes
2956 1863 3159 1934 capilli,
3194 1864 3290 1920 sed
3320 1864 3431 1919 vir-

1853 1964 1998 2011 tutes
2021 1955 2211 2010 animi.

1918 2045 1999 2100 Ne
2028 2044 2219 2115 juveni
2266 2046 2546 2128 detrahas,
2580 2062 2719 2101 neve
2752 2062 2879 2102 eum
2909 2045 3105 2102 laudes
3140 2045 3237 2116 qui
3266 2046 3429 2117 longo

1850 2144 2145 2204 provectus
2179 2134 2335 2190 senio
2363 2135 2435 2189 sit
2462 2152 2474 2187 :
2505 2148 2614 2188 non
2646 2134 2796 2189 enim
2825 2135 2879 2189 in
2910 2134 3089 2191 astatis
3111 2134 3433 2190 discrimine

1850 2226 2027 2296 posita
2067 2226 2229 2298 635
2272 2226 2451 2282 virtus
2498 2233 2584 2281 est
2638 2242 2702 2281 ac
2747 2226 2979 2292 malitia,
3024 2226 3119 2282 sed
3164 2227 3220 2282 in
3258 2226 3429 2282 animi

1849 2318 1951 2374 alia
1992 2319 2208 2387 aliaque
2247 2318 2541 2373 sententia.

1921 2411 2074 2482 Creg.
2106 2410 2263 2481 Nysa.
2287 2441 2353 2450 —
2375 2410 2432 2465 In
2458 2412 2613 2466 omni
2639 2410 2752 2467 fere
2776 2410 2996 2482 negotio
3012 2411 3276 2483 juvenum
3299 2423 3431 2464 con-

1849 2505 1970 2581 silia
2002 2520 2191 2575 parum
2236 2513 2349 2559 tuta
2384 2511 2532 2569 sunt,
2577 2514 2851 2574 nem'oque
2885 2504 3009 2575 ejus
3048 2503 3228 2559 aetatis
3270 2501 3427 2558 facile

1849 2598 2075 2670 dignmn
2126 2597 2332 2666 aliquid
2385 2598 2734 2657 aemulatione
2791 2597 3143 2669 pmstiterit,
3197 2610 3262 2655 ac
3318 2596 3443 2658 nisi.

1850 2688 1973 2743 cani
2007 2686 2211 2742 auxilio
2245 2686 2475 2741 fuerint.

1923 2862 2389 2931 Philonis.——Qui
2439 2863 2671 2919 veritate
2717 2866 2905 2920 senior
2947 2841 3051 2930 est,
3096 2880 3210 2920 non
3254 2863 3430 2920 astatis

1850 2957 2215 3029 longitudine,
2246 2955 2339 3011 sed
2368 2954 2628 3010 laudabili
2660 2971 2724 3010 ac
2748 2957 2991 3026 perfecta
3022 2956 3134 3011 vita
3172 2959 3429 3013 conside-

1854 3056 2024 3103 ratur.

1924 3142 2392 3215 Evagrii.—Quod
2423 3144 2731 3200 veneranda
2748 3145 2875 3217 quis
2905 3152 3186 3201 senectute
3203 3145 3427 3217 fulgeat,

1853 3234 2057 3290 indicio
2080 3242 2166 3291 est
2190 3244 2318 3290 ante
2344 3244 2691 3291 senectutem
2726 3235 2952 3292 virtutis
2981 3236 3199 3292 labores
3238 3236 3431 3292 sedulo

1852 3325 2119 3391 coluisse;
2149 3325 2398 3381 studiose
2434 3335 2618 3381 autem
2643 3327 2791 3383 culta
2823 3327 2938 3382 vita
2962 3327 3201 3405 juvenis,
3234 3328 3431 3399 pignus
3535 3339 3560 3363 '

1852 3423 1935 3471 est
1965 3414 2265 3469 senectutis
2294 3414 2348 3468 in
2375 3422 2658 3485 posterum
2688 3415 3033 3471 venerationi
3066 3414 3358 3470 habendaa.

1923 3507 2077 3561 Tunc
2118 3506 2280 3561 floret
2317 3505 2534 3561 animus
2568 3506 2637 3561 ad
2683 3506 2993 3571 scientiam,
3028 3521 3154 3561 cum
3182 3505 3431 3575 corporis

1856 3597 2008 3666 vigor
2041 3593 2385 3665 longaevitate
2420 3594 2729 3649 marcescit.

1918 3684 2049 3740 Nili.
2072 3682 2295 3739 —Cani
2327 3683 2652 3747 albicantes,
2683 3684 2877 3739 animae
2897 3685 3009 3757 jam
3046 3684 3174 3739 inde
3196 3684 3431 3755 emigra-

1854 3779 2057 3833 tionem
2097 3776 2354 3839 clamant,
2386 3777 2616 3847 ejusque
2657 3776 3031 3832 testimonium
3063 3775 3217 3830 dant.

1922 3868 2213 3923 Plutarchi.
2238 3898 2306 3907 ——
2323 3866 2510 3924 Hiems
2534 3868 2759 3938 quidem
2788 3876 2845 3923 et
2874 3868 3082 3940 pluvia,
3118 3877 3266 3924 tecto
3290 3867 3433 3925 indi-

1852 3969 1974 4034 get;
2001 3972 2257 4017 senectus
2301 3967 2506 4023 autem,
2534 3958 2703 4013 animi
2747 3958 3043 4015 serenitate
3083 3967 3139 4014 et
3170 3968 3234 4017 ut
3261 3974 3431 4017 vacua

1854 4052 2077 4108 tristitia
2101 4050 2192 4106 sit.
3164 4096 3167 4099 γ

1890 4158 1904 4173 ·
1922 4144 2217 4199 Plutarchi.
2239 4173 2309 4183 —
2327 4141 2643 4199 Iucundum
2678 4140 2841 4212 plane
2866 4149 2927 4196 ut
2956 4155 3082 4197 cum
3112 4142 3292 4197 amico
3316 4156 3434 4196 mo-

1854 4251 1976 4291 rum
2008 4236 2294 4292 honestate
2323 4234 2644 4305 conspicuo,
2674 4233 2754 4289 sic
2780 4248 2905 4289 cum
2948 4232 3181 4291 honesta
3216 4234 3429 4291 ratione

1855 4327 2275 4397 eruditioneque
2311 4340 2737 4383 consenescere.

266 4396 667 4473 Παρεκελεύετο
693 4398 808 4463 τοῖς
832 4398 975 4462 νέοις
1002 4396 1132 4471 τρία
1154 4397 1323 4451 ταῦτα
1346 4398 1513 4473 ἔχειν,
1535 4399 1630 4452 ἐπὶ
1654 4398 1750 4469 μὲν

1924 4416 2163 4472 Iuvenes
2187 4396 2515 4471 hortabatur
2540 4414 2645 4470 tria
2678 4414 2797 4470 hate
2837 4414 3044 4470 habere
3077 4431 3091 4469 :
3122 4415 3179 4470 in
3224 4414 3430 4478 animo.

208 4490 289 4559 τῆς
328 4494 588 4567 γνώμης,
639 4494 1030 4565 σωφροσύνηνο
1088 4493 1182 4549 ἐπὶ
1225 4492 1283 4546 δὲ
1327 4491 1430 4561 τῆς
1471 4492 1749 4563 γλώττης,

210 4583 367 4652 σιγήν*
400 4587 491 4641 ἐπὶ
516 4586 575 4641 δὲ
601 4584 697 4639 τοῦ
724 4583 1044 4661 προσώπου,
1081 4583 1234 4640 αἱόώ.
1596 4602 1605 4612 °

277 4674 370 4731 Ἐκ
394 4677 512 4735 τῶν
540 4679 905 4747 Φαυωρίνου.
948 4707 1017 4719 -
1049 4676 1443 4749 Ἐρατοσθένης
1492 4680 1520 4733 ὁ
1562 4681 1752 4752 Κυρη-

211 4769 359 4835 ναῖος,
386 4771 480 4842 τῆς
508 4772 725 4843 ἡλικίας
754 4769 881 4841 ἔφη,
910 4771 973 4823 τὸ
1003 4770 1102 4841 μὲν
1132 4770 1403 4839 ἀκμάζον,
1436 4769 1539 4844 ἔαρ
1590 4767 1750 4826 εἶναι·

211 4854 349 4926 θέρος
370 4860 425 4915 δὲ
453 4866 550 4917 καὶ
576 4862 911 4934 μετόπωρον.
940 4861 1003 4915 τὸ
1026 4860 1164 4937 μετὰ
1190 4861 1288 4932 τήν
1313 4862 1518 4934 ἀκμήν·
1552 4863 1756 4935 χειμῶ-

215 4966 270 5002 να
288 4951 359 5019 δὲ,
390 4956 449 5010 τὸ
474 4957 675 5028 γῆρας.

279 5065 552 5138 Σόλωνος.
576 5100 650 5117 -ιι
692 5070 877 5142 Γῆρας
899 5110 915 5133 ,
969 5069 1155 5138 ἔλεγεν
1183 5071 1354 5140 ὅρμον
1383 5064 1521 5124 εἶναι
1549 5064 1718 5125 κακόν
1736 5090 1751 5103 ο

219 5156 285 5219 εἰς
309 5160 427 5215 αὐτὸ
445 5164 553 5234 γὰρ
583 5162 763 5218 πάντα
786 5160 1146 5231 καταφεύγει.

279 5249 536 5321 Διογένης
549 5253 1000 5324 ’⁰.-Ἐρομένου
1026 5251 1171 5315 τινὸς
1200 5252 1385 5315 αὑτὸν,
1417 5252 1483 5305 Τί
1509 5252 1751 5324 νομίζεις

221 5337 271 5390 τδ
294 5342 487 5415 γῆρας
538 5348 895 5418 ἀπεκρίνατο,
916 5346 1023 5400 Τοῦ
1046 5347 1143 5417 ζῇν
1169 5346 1435 5416 χειμῶνα.

282 5432 554 5506 Διογένης.
581 5469 649 5479 -
679 5438 824 5492 Ἰδὼν
854 5438 910 5491 δὲ
938 5436 1114 5508 γραῦν
1142 5435 1648 5507 καλλωπιζομένην,
1676 5432 1758 5489 εῖ-

1856 4506 2179 4562 modestiam
2209 4522 2274 4561 ac
2305 4507 2647 4573 castitatem;
2682 4505 2738 4561 in
2787 4506 2996 4578 lingua,
3020 4507 3347 4574 silentium;
3376 4506 3431 4560 in

1857 4595 2044 4659 vultu,
2064 4593 2479 4649 verecundiam.

1929 4685 2013 4740 Ea:
2050 4685 2327 4756 pltavorini
2372 4683 2782 4741 commentariis.
2804 4714 2873 4723 —
2895 4684 3290 4739 Eratosthenes
3325 4679 3430 4750 Cy-

1860 4789 2097 4834 renaeus.
2129 4772 2307 4829 aetatis
2342 4773 2556 4837 ﬂorem,
2579 4788 2678 4830 ver
2714 4788 2837 4830 esse
2878 4773 3130 4837 dicebat;
3173 4769 3321 4840 quod
3361 4768 3431 4822 ab

1858 4862 1956 4921 illo
1978 4870 2083 4929 est,
2104 4871 2345 4921 aeStatem
2371 4869 2837 4934 autumnumque;
2864 4878 2927 4918 ac
2946 4862 3166 4917 demum
3190 4857 3428 4922 senium,

1856 4956 2112 5011 hiemem.

1925 5067 2154 5124 Solonis.
2177 5098 2245 5108 —
2264 5067 2460 5123 Aiebat
2487 5066 2675 5133 Solon,
2707 5072 2931 5121 sencctu
2942 5072 3051 5118 tem
3082 5064 3285 5118 malum
3310 5077 3432 5118 esse

1852 5169 2105 5229 portum;
2131 5156 2334 5227 quippe
2371 5156 2439 5211 ad
2473 5171 2638 5227 quam
2668 5154 2851 5210 omnia
2875 5153 3217 5225 confugiant.

1928 5248 2599 5322 Diogenes.—-Qu:erente
2631 5244 2891 5317 quodam,
2916 5244 3187 5311 Quidnam
3225 5244 3303 5299 illi
3341 5258 3431 5299 sc-

1863 5351 2056 5399 nectus
2088 5341 2366 5396 videretur
2396 5339 2551 5394 esse?
2580 5337 2859 5409 respondit
2886 5354 2900 5392 :
2930 5335 3068 5393 Vita:
3102 5337 3361 5393 hiemem.

1938 5433 2607 5506 Diogenes—Diogenes,
2658 5440 2945 5502 conspecta
2981 5447 3088 5486 anu
3152 5427 3433 5500 superﬂuo

1445 5573 1676 5630 VARle
1710 5572 2120 5630 LECTIONES.

286 5676 322 5709 ⁵⁸
355 5682 405 5739 Β.
425 5686 698 5761 διανόημα.
768 5690 809 5722 ⁸⁷
851 5690 964 5745 Bal.
999 5687 1107 5743 ἐπί.
1178 5691 1219 5721 ⁸⁸
1242 5690 1354 5752 Bal.
1385 5686 1652 5744 ἀσέϐειαν.
1737 5686 1778 5717 “9
1809 5685 1945 5739 (tu.
1980 5684 2225 5757 Σωκράτ.
2301 5685 2343 5714 ⁹⁰
2382 5680 2468 5739 Al.
2500 5681 2699 5739 Σόλων.
