3964 6276
178 317 266 386 921
1419 308 1587 391 ωσι
1625 303 2057 381 GOMMUNES.

3280 282 3388 350 922

174 453 301 498 οικος
329 473 345 498 ,
399 430 512 486 οἷόν
562 449 611 484 τι
659 431 776 500 φῶς
830 429 923 486 καὶ
976 428 1225 496 διαύγεια
1276 427 1411 498 πρὸς
1461 426 1558 496 τὴν
1612 423 1721 478 τῶν

1860 436 1922 475 eu
1950 420 2043 473 lux
2072 413 2315 487 quaedam
2348 426 2412 467 ac
2439 407 2711 464 irradians
2751 404 2951 474 fulgor,
2982 400 3050 457 ad
3085 412 3268 454 rerum
3295 398 3386 469 ju-

174 527 498 599 πραγμάτων
557 524 827 594 διάκρισιν
896 521 1252 583 ἀδιαλείπτως
1322 517 1668 590 παρεχομένη
1698 533 1714 549 ο

174 623 279 691 ἣτις
309 616 594 689 πόρρωθεν
644 614 741 684 τὴν
763 617 862 683 τῆς
893 613 1069 682 ψυχῆς
1101 629 1195 665 σου
1230 610 1553 663 ἐπιστασίαν
1581 624 1718 674 προ-

176 706 505 778 κατασχοῦσα
530 748 545 771 ,
600 706 695 759 καὶ
740 704 840 768 τὰς
882 705 1104 775 ἀληθεῖς
1145 702 1273 769 περὶ
1304 700 1534 754 ἑκάστου
1563 697 1721 763 δόξας

175 798 655 872 προευτρεπίζουσα
678 837 693 861 ,
753 797 845 851 ὑπ’
869 796 1078 859 οὐδενὸς
1129 790 1277 849 ἐάσεὶ
1315 809 1374 847 σε
1412 791 1521 845 τῶν
1552 806 1721 861 προστ-

177 892 463 945 πιπτόντων
529 887 924 958 ἀλλοιωθῆναι·
992 884 1128 939 ἀ).λά
1189 881 1722 954 προευτρεπισμένον

174 986 230 1052 τῇ
253 980 485 1051 διανοίᾳ,
520 978 708 1049 ῶσπερ
738 979 858 1033 τινὰ
886 977 1146 1031 σκόπελον
1176 975 1451 1045 Θαλάσσης
1480 973 1720 1041 γείτονα,

176 1071 413 1142 ἀσφαλῶς
473 1073 569 1126 καὶ
618 1071 884 1134 ἀσείστως
929 1070 1040 1124 τῶν
1072 1086 1133 1121 τε
1178 1067 1369 1137 βιαίων
1398 1065 1724 1136 πνευμάτων

177 1164 259 1217 καὶ
285 1162 391 1215 τῶν
422 1162 683 1232 κυμάτων
712 1161 811 1223 τὰς
836 1159 1140 1231 προσϐολὰς
1168 1157 1482 1227 ὑπομένειν.

241 1257 399 1309 080.1.
421 1284 493 1295 -—
521 1254 737 1307 Βέλτιον
770 1254 863 1307 τοῦ
893 1256 1092 1322 τάχους
1124 1254 1157 1322 ἡ
1188 1249 1539 1322 μακροθυμία
1563 1290 1578 1315 ,
1632 1248 1726 1304 καὶ

178 1346 265 1416 τῆς
285 1344 570 1410 αὐθαδείας
601 1347 635 1416 ἡ
668 1346 1098 1414 συγκατάϐασις.

249 1519 467 1587 Ἀγαθὸν
482 1520 811 1591 χρηστότητι
830 1520 986 1590 νικᾷν
1010 1518 1346 1589 θρασύτητα,
1369 1518 1463 1572 καὶ
1485 1516 1729 1589 βελτίους

182 1614 337 1665 ποιεῖν
398 1611 526 1675 τοὺς
572 1611 927 1674 ἀδικοῦντας,
999 1607 1080 1675 οἷς
1154 1608 1534 1682 καρτεροῦμεν
1620 1607 1729 1660 πά-

184 1717 398 1770 σχοντες.

1819 513 2024 568 dicium
2060 525 2128 569 ac
2175 504 2566 562 discretim
2605 497 2809 571 iugiter
2862 502 3192 564 suppetens;
3240 489 3386 560 quod

1818 606 1955 663 olim
1988 612 2207 659 nactum
2236 607 2295 654 ut
2323 597 2506 654 animo
2549 604 2645 649 tuo
2672 588 2983 661 praesideat,
3011 599 3278 654 verasque
3310 582 3388 636 rei

1818 699 2086 769 cujusque
2116 692 2406 763 opiniones
2438 694 2705 757 occupato
2747 684 3006 745 instruat,
3036 678 3092 733 in
3140 676 3306 731 nullis
3338 682 3391 733 te

1819 789 2043 853 casibus
2071 803 2101 842 a
2130 782 2437 840 constantia
2461 775 2729 836 dimoveri
2754 773 2933 839 sinat;
2963 770 3059 826 sed
3092 776 3276 823 mente
3305 766 3390 819 in-

1819 884 2091 933 structum
2114 882 2277 942 atque
2297 876 2569 941 paratum,
2596 865 2748 921 velut
2782 860 3070 931 scopulum
3097 854 3392 927 quamdam

1821 970 1957 1024 mari
2019 964 2454 1036 prominentem,
2508 972 2703 1013 secure
2757 955 3089 1020 immotaque
3142 947 3396 1001 firmitate

1820 1061 2094 1116 violentos
2134 1064 2426 1110 ventorum
2458 1052 2620 1105 natus
2662 1062 2727 1103 ac
2787 1060 2908 1101 sese
2958 1042 3248 1099 allidentes
3297 1037 3399 1091 flu-

1824 1155 1968 1212 ctus.
1994 1149 2266 1205 sustinere
2297 1144 2483 1201 faciat.

1895 1241 2155 1311 Theologi.
2176 1270 2247 1279 —-
2268 1238 2459 1293 Melior
2486 1243 2573 1297 est
2596 1232 2793 1289 lenitas
2821 1228 3121 1289 celeritate,
3147 1233 3203 1278 et
3228 1219 3400 1276 comi-

1827 1343 1911 1389 tas
1933 1331 2215 1400 animique
2238 1325 2572 1399 indulgentis
2590 1317 3042 1382 accommodatio,
3058 1314 3218 1387 637
3236 1325 3399 1383 quam

1825 1437 2156 1495 pervicacia.

1898 1514 2129 1568 Praestat
2159 1508 2447 1564 audaciam
2472 1501 2898 1560 mansuetudine
2947 1498 3195 1559 vincere,
3231 1501 3397 1561 atque

1830 1605 1898 1660 ad
1928 1604 2216 1658 meliorem
2248 1600 2463 1670 frugem
2518 1594 2736 1667 injuriae
2786 1602 3062 1654 auctores,
3111 1602 3219 1656 qua
3251 1584 3401 1638 tele-

1833 1698 2011 1753 rantia
2038 1696 2179 1751 mala
2210 1693 2475 1764 patimur,
2504 1687 2804 1744 adducere.

252 1790 522 1859 Ἀλγοῦσιν
550 1770 647 1845 καὶ
687 1793 737 1845 οἱ
780 1791 859 1862 τῷ
905 1793 1095 1863 κόσμῳ
1148 1789 1582 1861 προστετηκότες
1612 1788 1730 1859 (m),

1908 1789 2102 1843 Dolent
2124 1794 2181 1840 et
2209 1758 2303 1854 qui
2329 1780 2537 1836 mundo
2567 1777 2776 1833 addicti
2802 1782 2953 1838 sunt,
2991 1786 3056 1825 ac
3090 1767 3265 1823 multo
3288 1780 3402 1818 ma-

184 1882 265 1936 καὶ
292 1882 466 1953 πολλῷ
495 1882 658 1936 πλέον
691 1883 769 1953 τῷ
801 1883 921 1954 Θεῷ
952 1883 1338 1937 δουλευόντων·
1374 1881 1509 1937 ἀλλὰ
1542 1880 1733 1953 μισθὸς

184 1973 348 2036 αὑτοῖς
373 1973 430 2027 τὺ
448 1974 639 2043 ἀλγεῖν
666 1991 680 2006 ·
720 1976 854 2044 ἡμῖν
885 1975 942 2027 δὲ
987 1974 1083 2027 καὶ
1111 1974 1173 2027 τὸ
1195 1976 1426 2045 πάσχειν
1444 1971 1734 2043 ἔμμισθον,

185 2065 294 2118 ὅταν
324 2065 406 2118 διὰ
435 2066 526 2119 τὸν
560 2066 693 2119 Θεὸν
730 2067 1108 2137 καρτερῶμεν.

246 2242 327 2313 Μὴ
372 2241 660 2313 γενώμεθα
704 2243 882 2297 δοῦλοι
911 2246 1089 2311 κακοὶ,
1117 2246 1445 2314 ἀγαθύνοντι
1503 2248 1603 2318 μὲν
1646 2247 1727 2314 ἐξ·

185 2334 590 2406 ομολογούμενοι
618 2336 698 2406 τῷ
746 2337 991 2408 Δεσπότη
1020 2353 1033 2367 ·
1077 2338 1456 2408 παιδευόμενοι
1511 2338 1607 2405 δὲ,
1661 2338 1735 2410 μὴ

189 2426 581 2497 προστιθέμενοι
632 2443 645 2455 ·
718 2427 899 2481 καίτοι
987 2428 1116 2481 ποτὲ
1201 2432 1454 2499 κρεῖσσον
1548 2430 1737 2499 ὑγείας

188 2517 347 2663 ζεόίέος,
383 2518 476 2571 καὶ
503 2518 755 2590 ὑπομονὴ
804 2520 1063 2586 ἀνέσεως,
1110 2522 1205 2575 καὶ
1253 2518 1541 2593 ἐπίσκεψις
1599 2523 1737 2593 ἀμε-

245 2702 532 2769 Χρυσοστ.
556 2734 626 2745 —
638 2704 803 2760 Οὐδὲν
827 2704 999 2773 οὕτως
1020 2705 1131 2759 αίδε
1140 2704 1191 2757 σί
1197 2720 1329 2776 μους
1345 2705 1507 2769 ποιεί,
1524 2703 1598 2768 ὡς
1612 2704 1738 2768 τοὺς

193 2790 559 2865 ὑϐριζομένους
596 2794 807 2867 φέρειν.

250 2969 502 3041 Καθάπερ
518 2972 637 3037 τοῖς
656 2972 1007 3042 μετανοοῦσιν
1036 2973 1069 3042 ή
1102 2971 1194 3026 τοῦ
1225 2972 1360 3026 Θεοῦ
1388 2972 1739 3043 μακροθυμία

1833 2082 1938 2121 nec
1963 2074 2023 2119 ut
2047 2063 2189 2117 mala
2218 2060 2462 2115 feramus
2493 2052 2749 2111 mercede
2780 2058 2959 2113 vacat,
2998 2044 3161 2101 modo
3179 2048 3404 2111 propter

1835 2158 2007 2212 Deum
2045 2150 2491 2208 toleraverimus.

1906 2248 1987 2303 Ne
2017 2246 2191 2300 simus
2235 2242 2381 2298 servi
2411 2239 2579 2302 mali,
2612 2235 2709 2305 qui
2750 2227 3123 2288 benefacienti
3172 2220 3405 2279 Domino

1836 2340 2039 2412 gratias
2072 2352 2330 2408 agamus;
2363 2331 2657 2403 castiganti
2686 2306 2839 2390 vero,
2888 2322 3133 2378 animum
3165 2331 3278 2370 non
3308 2313 3407 2367 ad-

1836 2406 2127 2487 bibeamus
2159 2446 2171 2481 :
2203 2424 2422 2482 tametsi
2480 2420 2812 2493 quandoque
2864 2409 3132 2483 {egritudo
3175 2406 3406 2461 sanitate

1838 2522 2054 2584 melior,
2084 2526 2419 2591 praestatque
2474 2512 2801 2569 remissione
2851 2501 3139 2577 patientia,
3191 2506 3249 2552 et
3276 2510 3407 2550 cura

1839 2628 2003 2683 quam
2030 2609 2323 2666 securitas.
2523 2676 2547 2683 _
3216 2651 3220 2654 .

1910 2701 2176 2772 Chrysost.
2202 2726 2274 2738 —-
2323 2694 2471 2750 Nihil
2509 2676 2717 2748 tantam
2756 2684 3173 2743 venerationem
3221 2676 3408 2731 conci-

1839 2795 1960 2859 liat,
1997 2766 2062 2847 ave
2097 2788 2244 2860 quod
2302 2786 2539 2856 injurias
2600 2780 2913 2852 probraque
2955 2773 3232 2845 patienter
3281 2766 3413 2823 feri-

1842 2900 1985 2941 mus.

1912 2969 2389 3042 Quemadmodum
2436 2960 2838 3037 paenitentibus
2884 2956 2981 3012 Dei
3012 2954 3209 3010 lenitas
3264 2948 3413 3003 utilis

194 3059 462 3131 ὠφέλιμος,
490 3061 641 3116 οὕτω
661 3041 781 3127 τοῖς
797 3041 1097 3127 ἀνενδότοις
1129 3065 1226 3117 καὶ
1268 3041 1524 3135 σκληροῖς
1555 3041 1737 3135 μειήζόο

1860 3077 1948 3132 :st,
1984 3065 2063 3121 sic
2098 3072 2153 3119 et
2178 3057 2565 3134 pervicacibus
2590 3071 2655 3109 ac
2683 3054 2825 3108 duro
2851 3046 3016 3104 corde
3042 3041 3267 3114 majoris
3283 3054 3414 3109 sup-

196 3167 286 3210 νων
306 3151 509 3223 γίνεται
536 3153 814 3208 κολάσεων
843 3156 1136 3227 πρόφασις.

256 3242 409 3297 Ὅταν
433 3261 520 3309 τις
557 3246 843 3318 ἐπηρεάζῃ
866 3285 883 3310 ,
945 3247 1021 3317 μὴ
1059 3247 1194 3317 πρὸς
1222 3247 1387 3301 αὑτὸν
1431 3248 1568 3319 ἴδῃς,
1604 3248 1742 3303 ἀλλά

197 3333 313 3404 πρὸς
327 3335 413 3389 τὸν
444 3337 703 3391 κινοῦντα
730 3338 994 3409 δαίμονα·
1028 3340 1123 3393 καὶ
1164 3339 1263 3410 τὴν
1304 3341 1475 3413 ὀργὴν
1524 3340 1741 3395 ἃπασαν

198 3426 308 3477 κατ’
338 3427 545 3481 ἐκείνου
587 3427 823 3483 κένωσον
848 3447 861 3461 ·
902 3431 1065 3485 αὑτὸν
1112 3432 1167 3485 δὲ
1210 3432 1306 3486 καὶ
1333 3431 1475 3485 ἐλέει
1521 3432 1613 3486 τὸν
1652 3431 1743 3486 ὑπ’

200 3515 383 3571 ἐκείνου
414 3519 570 3573 κινού
580 3537 758 3589 μενον.
968 3526 975 3533 ‘

256 3610 404 3663 Οὑδὲν
422 3612 531 3682 γὰρ
554 3612 698 3675 οὑτω
719 3612 1005 3685 λαμπροὺς
1028 3616 1173 3667 ποιεῖ
1192 3613 1286 3667 καὶ
1308 3612 1583 3685 ζηλωτοὺς
1603 3654 1617 3678 ,
1653 3613 1747 3667 καὶ

200 3701 385 3767 μυρίων
410 3704 721 3775 ἐμπίπλησι
750 3705 996 3773 ἀγαθῶν,
1028 3706 1105 3770 ὼς
1150 3706 1476 3777 πειρασμῶν
1519 3706 1744 3774 πλῆθος,

202 3790 280 3843 καὶ
308 3791 533 3847 κίνδυνοι
555 3794 648 3846 καὶ
681 3795 833 3849 πόνοι
856 3795 952 3848 καὶ
973 3794 1232 3865 ἀθυμίαι·
1277 3795 1371 3848 καὶ
1399 3795 1459 3847 τὸ
1483 3795 1748 3864 διηνεκῶς

202 3881 643 3949 ἐπιϐουλεύεσθαι,
682 3886 777 3940 καὶ
836 3887 964 3957 παρ’
992 3880 1067 3940 ὧν
1100 3885 1356 3957 οὐδαμῶς
1406 3889 1595 3958 ἐχρῆν,
1655 3886 1749 3939 καὶ

203 3972 356 4031 πάντα
382 3978 576 4048 πράως
606 3977 811 4046 φέρειν.

262 4148 426 4222 Ὅπερ
474 4151 591 4223 γὰρ
628 4153 694 4206 ἂν
738 4152 1001 4221 πάθωμεν
1024 4151 1225 4217 ἀδίκως
1256 4153 1385 4224 παρ’
1440 4151 1679 4219 ὁτουοῦν,
1715 4151 1748 4223 ἦ

205 4240 273 4303 είς
316 4243 727 4316 ἁμαρτημάτων
759 4245 1004 4315 διάλυσιν
1037 4247 1065 4297 ὁ
1104 4244 1239 4310 Θεὸς
1294 4245 1426 4315 ἡμῖν
1473 4244 1752 4313 λογίζεται

207 4332 291 4402 τὴν
319 4336 531 4393 ἀδικίαν
566 4338 804 4406 ἐκείνην,
835 4337 869 4409 ἢ
907 4340 987 4401 είς
1018 4336 1215 4407 μισθοῦ
1248 4337 1536 4392 ἀντίδοσιν.

264 4429 490 4484 Νείλου.
525 4460 597 4470 -
626 4431 698 4484 Τὸ
740 4431 1046 4502 ὀλιγωρεῖν,
1090 4431 1183 4485 καὶ
1216 4431 1291 4503 μὴ
1327 4430 1503 4484 θέλειν
1538 4431 1747 4502 ὑπομέ-
1781 4418 1825 4473 Ῑ)

209 4532 322 4660 ἷξεν
365 4523 673 4593 συμφορὰς,
728 4524 971 4595 μεγάλης
1001 4525 1096 4578 καὶ
1143 4524 1397 4596 ποικίλης
1442 4524 1753 4596 ἀφροσύνης

226 4621 340 4662 οιον.

264 4700 596 4769 Γλύκωνος.
628 4734 697 4745 -
719 4705 923 4770 Γνῶσις
948 4705 1083 4765 Θεοῦ
1108 4706 1196 4760 διὰ
1228 4706 1614 4779 μακροθυμίας
1650 4710 1748 4765 καὶ

207 4792 489 4865 πραότητος
514 4797 595 4862 εἰς
620 4798 791 4869 ἄνδρα
817 4799 1167 4869 γνωρίζεται.

218 4972 227 4983 .
267 4885 439 4983 ρηγ·ἶ
470 4890 745 4983 Νύσσ.-
783 4892 848 4944 Ἠ
874 4891 968 4943 τοῦ
999 4891 1359 4963 λοιδορεῖσθαι
1391 4892 1485 4945 καὶ
1510 4892 1754 4962 ὑϐρίζειν

208 4974 514 5040 ἀκολουθία,
552 4980 640 5033 διὰ
699 4981 1085 5053 μακροθυμίας
1139 4984 1352 5041 ἵσταται
1394 4984 1493 5053 τῆς
1540 4985 1635 5038 ἐπὶ
1685 4984 1756 5037 τὰ

211 5066 379 5131 πρόσω
429 5076 634 5142 φορᾶς*
674 5074 750 5136 ὡς
795 5074 847 5127 εἰ
876 5075 939 5145 γέ
977 5092 1061 5137 τις
1106 5074 1263 5145 ὑϐρει
1320 5074 1419 5146 τὴν
1463 5063 1623 5146 ὓϐριν
1659 5076 1753 5129 καὶ

211 5151 423 5232 λοιδορίᾳ
458 5164 555 5233 τὴν
583 5165 851 5236 λοιδορίαν
878 5166 1160 5238 ἀμύνοιτο,
1189 5166 1475 5222 πλεονάσει
1512 5168 1751 5232 πάντως,

211 5246 404 5317 τρέφων
427 5254 514 5309 διὰ
544 5258 654 5310 τῶν
676 5259 878 5328 ὁμοίων
898 5260 959 5313 τὸ
986 5260 1203 5314 ἄτοπον.

1840 3159 1991 3232 plicii
2022 3154 2241 3212 occasio
2266 3164 2542 3220 causaque
2567 3146 2823 3203 efﬁcitur.

1910 3249 2047 3305 Cum
2068 3246 2195 3317 quis
2225 3245 2428 3317 injuria
2459 3242 2732 3297 damnove
2769 3233 3037 3297 aﬁ‘ecerit,
3072 3244 3143 3283 ne
3182 3225 3248 3279 ad
3282 3235 3413 3277 eum

1844 3341 2129 3412 respicias,
2155 3338 2251 3396 sed
2286 3337 2355 3392 ad
2394 3336 2697 3391 daemonem
2726 3344 2881 3383 noxae
2913 3327 3414 3382 inccntorem,om-

1844 3449 2081 3503 nemque
2113 3432 2169 3486 in
2197 3446 2324 3484 eum
2348 3428 2487 3481 iram
2515 3421 2739 3479 effunde
2774 3438 2787 3472 ε
2819 3419 2968 3473 illius
3009 3421 3194 3469 autem
3219 3408 3312 3479 qui
3335 3406 3416 3461 sic

1845 3535 2038 3596 agatur
2069 3537 2133 3578 ac
2163 3519 2500 3590 impellatur.
2536 3514 2703 3569 etiam
2742 3510 3029 3567 miserere.

1915 3619 2075 3676 Nulla
2102 3615 2350 3687 profecto
2396 3626 2484 3666 res
2512 3618 2619 3676 est,
2664 3620 2787 3676 qua:
2831 3602 2912 3658 sic
2963 3593 3285 3669 splendidos
3329 3590 3416 3644 di-

1847 3728 2094 3786 gnosque
2116 3708 2470 3766 aemulatione
2495 3703 2717 3766 efliciat,
2765 3708 2821 3754 et
2866 3691 3138 3752 sexcentis
3197 3688 3418 3743 demum

1847 3778 2021 3862 bonis
2044 3803 2362 3873 adimpleat,
2386 3813 2450 3853 ac
2484 3795 2853 3852 tentationum
2881 3788 3043 3843 turba
3071 3793 3129 3839 et
3176 3778 3419 3852 pericula

1849 3899 2179 3965 laboresque
2217 3909 2281 3947 ac
2331 3890 2609 3953 tristitia);
2646 3899 2864 3941 necnon
2899 3878 3251 3935 continenter
3282 3868 3420 3925 insi-

1850 3990 1957 4044 diis
1982 3960 2189 4056 appeti,
2217 3984 2459 4053 ipsorum
2485 3990 2705 4048 quoque
2743 3987 2882 4042 quos
2908 3967 3136 4023 minime
3165 3960 3418 4022 decebat,

1851 4079 2158 4137 molitione.
2187 4082 2497 4141 cunctaque
2522 4068 2725 4124 leniter
2759 4064 2929 4118 ferre.

1920 4166 2203 4237 Quidquid
2236 4165 2387 4219 enim
2432 4161 2635 4230 injuste
2680 4164 3062 4225 aquocunque
3115 4144 3420 4216 patiamur,

1852 4234 2042 4318 aut-ad
2069 4234 2332 4314 diluenda
2362 4261 2588 4325 peccata
2623 4248 2786 4303 nobis
2841 4242 3099 4313 injuriam
3148 4238 3294 4291 Deus
3324 4234 3425 4287 im—

1852 4361 2031 4427 putat,
2062 4358 2156 4405 aut
2181 4348 2250 4403 ad
2280 4343 2552 4401 mercedis
2581 4335 3107 4395 remunerationem.

1925 4437 2346 4499 Nili.——Ta2dio
2385 4434 2694 4504 negligere,
2754 4442 2859 4481 nec
2894 4424 3037 4478 mala
3084 4418 3201 4490 pati
3260 4415 3401 4469 velle

1854 4548 2064 4605 magna:
2092 4528 2364 4596 varizeque
2391 4521 2677 4593 proprium
2725 4513 3052 4585 insipientia:
3072 4517 3178 4565 est.

1925 4709 2144 4780 Glycon.
2184 4734 2254 4745 —
2286 4702 2383 4757 Dei
2433 4697 2668 4755 scientia
2729 4709 2826 4764 per
2855 4692 3138 4748 lenitatem
3166 4693 3224 4739 et
3274 4698 3426 4736 man-

1856 4799 2210 4861 suetudinem
2248 4795 2305 4849 in
2337 4792 2518 4847 virum
2560 4784 2933 4858 cognoscitur.

1928 4894 2085 4962 Greg.
2113 4888 2268 4959 Nysa.
2290 4916 2356 4927 --
2376 4882 2768 4939 Conviciorum
2826 4874 3261 4947 injuriarumquc
3294 4879 3425 4935 pro-

1857 4956 2081 5057 gressus
2102 4956 2330 5037 lenitate
2361 4975 2576 5031 ferendi
2607 4972 2844 5029 sistitur.
2868 4967 3001 5022 Nam
3036 4964 3081 5017 si
3118 4960 3243 5029 quis
3287 4956 3427 5025 inju-

1858 5076 1995 5131 riam
2024 5072 2248 5143 injuria,
2285 5068 2709 5134 conviciumque
2735 5058 2984 5116 convicio
3012 5052 3199 5108 ulcisci
3234 5050 3398 5104 voluc

1859 5166 1952 5226 rit.
1986 5165 2092 5217 hoc
2118 5162 2240 5232 ipso
2274 5161 2440 5231 plane
2472 5157 2606 5211 vitia
2633 5151 2874 5224 augebit,
2899 5148 3032 5203 dum
3058 5145 3206 5216 quod
3230 5144 3426 5198 absur-

1859 5257 1992 5313 dum
2018 5264 2123 5320 est,
2149 5269 2217 5308 ex
2258 5250 2537 5307 similibus
2569 5246 2686 5302 alit.

1568 5388 1576 5393 ⁷
1685 5391 1914 5449 ΝΟΤΛΞ.

280 5479 369 5557 (⁷η)
392 5485 506 5557 ,Καὶ
538 5488 592 5538 οί
619 5486 700 5551 τῷ
726 5490 933 5557 κόσμῳ
952 5488 1451 5555 προστετηκότες.
1472 5486 1574 5552 Qui
1608 5504 1761 5540 mun-

218 5544 276 5628 εζο
306 5544 487 5628 addicti
505 5566 647 5619 sunt,
670 5544 1015 5627 'eique'a'ﬂix'i
1045 5577 1058 5612 :
1092 5544 1511 5628 mctapliora'ab
1533 5556 1619 5628 iis,
1640 5572 1763 5624 qua:

1925 5484 2091 5552 wfecti
2120 5490 2263 5552 sunt.
2298 5481 2535 5535 Possunt
2556 5472 2764 5552 e_t_orl_)i
2814 5468 3057 5552 pragfecti
3123 5472 3425 5552 esseuservt

1858 5501 2091 5607 grauem
2120 5501 2263 5535 sum.
2301 5501 2535 5535 ιὐδδυιιι
2556 5501 2612 5530 δι
2641 5501 2764 5529 vnn
2814 5501 3057 5543 γιαῑιῦυιι
3123 5501 3244 5523 των
3274 5501 3352 5519 υνι
3375 5501 3425 5516 ιι

1905 5554 1954 5607 ei
1988 5569 2051 5608 ac
2085 5551 2283 5613 sancti,
2316 5565 2418 5604 nec
2448 5563 2542 5602 eos
2568 5544 2883 5614 Tllcologus
2917 5540 3027 5595 illis
3054 5534 3302 5614 opponit,
3332 5530 3429 5587 sed

219 5613 489 5699 {Itlllefacta
551 5628 671 5680 aliis
716 5609 1765 5699 aifundun't—ur,“atquebinelirmius
1861 5624 1953 5693 qui
1990 5623 2071 5678 sic
2099 5609 2306 5676 mundo
2330 5618 2505 5674 dediti
2520 5622 2680 5685 sunt,
2705 5609 2859 5672 etde
2904 5609 3113 5668 mundo
3136 5613 3287 5664 sunt.

224 5683 408 5751 litarent
430 5711 443 5758 ;
469 5712 522 5752 re
542 5698 622 5753 sic
647 5698 901 5768 proclivi,
926 5699 1064 5754 nihil
1084 5683 1245 5771 'apte‘
1263 5699 1429 5755 Gesn.
1489 5695 1591 5766 Qui
1652 5697 1764 5769 orbi
