3964 6276
149 330 243 397 925

1395 319 1565 380 LOCI
1586 316 1815 379 ’COMM
1826 316 2042 379 UNES.

3286 313 3397 385 926

213 444 577 515 κλήμεντος.
626 470 695 483 -—
741 437 1044 511 Θηρεύουσι
1094 438 1205 500 τοῖς
1244 433 1342 507 μὲν
1394 436 1543 497 κυσὶ,
1581 434 1746 499 τούςη

1885 433 2191 492 Clementis.
2215 465 2281 473 ——
2306 434 2519 489 Venatu
2555 432 2785 502 capiunt
2815 440 3130 499 venatores,
3163 431 3397 494 canibus

149 534 401 604 λαγωοὺς.
436 534 490 586 οἱ
523 531 746 601 κυνηγοί
767 546 780 561 ο
817 530 929 593 τοῖς
946 527 1003 582 δὲ
1025 523 1266 589 ἐπαίνοις
1291 524 1421 590 τούς
1453 526 1714 596 ἀνοήτους

148 631 190 683 οἱ
213 626 416 680 πολλοί.

213 722 315 775 Τὸν
350 720 454 791 μὲν
502 716 819 781 λιϐανωτὸν,
861 717 975 777 τοῖς
1017 713 1163 779 θεοῖς
1194 731 1209 745 ο
1252 714 1343 768 τὸν
1382 712 1440 766 δὲ
1495 710 1718 765 ἔπαινον

152 816 254 877 τοῖς
281 810 516 881 ἀγαθοῖς
551 807 849 878 ἀπονέμειν
871 808 1001 877 χρή.

226 901 517 971 Ἰσοκράτ.
547 932 612 944 --
650 900 886 962 Πιστούς
917 898 1074 968 ήγοῦ,
1117 897 1192 968 μὴ
1215 896 1342 960 τοὺς
1373 896 1482 948 πᾶν
1517 894 1545 947 ὃ
1574 910 1626 945 τι
1654 892 1721 946 ἂν

153 1000 296 1069 ποιῇς
333 995 432 1049 καὶ
467 995 635 1066 λέγῃς
669 991 1051 1054 ἐπαινοῦντας,
1094 989 1232 1043 ἀλλὰ
1260 990 1375 1051 τοῖς
1406 987 1721 1057 ἁμαρτανο-

158 1091 326 1160 μένοις
368 1084 768 1155 ἐπιτιμῶντας.
1372 1092 1381 1103 ’

215 1179 521 1249 Μοσχίων.
554 1207 626 1217 -
654 1177 719 1230 El
766 1175 941 1239 θέλεις
979 1171 1159 1237 καλῶς
1205 1169 1447 1233 ἀκούειν,
1483 1166 1720 1239 μάνθανε

156 1270 322 1334 καλῶς
363 1268 574 1337 λέγειν.
612 1265 795 1337 Πειρῶ
852 1262 1033 1328 καλῶς
1096 1260 1381 1335 πράττειν,
1430 1260 1527 1314 καὶ
1580 1257 1724 1312 οὕτω

159 1360 415 1433 καρπώσῃ
450 1359 518 1413 τὸ
546 1356 729 1421 καλῶς
772 1356 1015 1411 ἀκούειν.

217 1451 583 1508 Πολυαίνου.
600 1478 668 1489 -
696 1449 949 1519 Παρόντα
969 1447 1109 1517 μήτε
1135 1444 1296 1515 ψέγε,
1325 1443 1453 1515 μήτ’
1470 1443 1685 1497 ἐπαίνει
1711 1457 1726 1471 ⁶

160 1546 213 1599 τδ
241 1545 335 1615 μὲν
364 1542 475 1613 γὰρ
500 1540 705 1612 ἔχθραν
722 1540 878 1610 φέρει
904 1555 918 1567 ·
951 1538 1013 1591 τὸ
1038 1538 1097 1591 δὲ
1126 1534 1439 1590 κολακείαν.

222 1746 568 1815 Κυψέλλου.
601 1770 667 1784 -
708 1738 826 1793 Ζῶν
873 1739 996 1808 μὲν,
1032 1733 1258 1790 ἐπαινοῦ
1283 1750 1298 1765 ο
1328 1730 1619 1787 ἀποθανὼν
1646 1730 1726 1797 δὲ,

170 1837 477 1913 μακαρίζου,

235 1928 615 1999 Ἀντατένης.
646 1955 715 1968 —
752 1914 923 1984 Οὗτος
950 1915 1124 1981 εἶπεν,
1164 1919 1333 1972 Ὀταν
1365 1913 1633 1969 έπαινῶσί
1660 1929 1728 1984 με

172 2021 359 2084 πολλοὶ,
393 2020 520 2074 τότε
577 2016 787 2088 νομίζω
822 2012 1049 2085 μηδενὸς
1075 2010 1226 2077 ἄξιος
1251 2003 1394 2063 εἶναι
1423 2024 1438 2038 °
1491 2007 1621 2061 ὅταν
1672 2003 1730 2059 δὲ

170 2115 342 2185 ὀλίγοι,
381 2111 676 2167 σπουδαῖον
696 2106 1004 2179 ἄνθρωπον.

719 2220 938 2276 ΛΟΓΟΣ
966 2219 1077 2273 ΜΔ⁹
1096 2217 1163 2271 ’⁷.

709 2311 847 2381 Περὶ
885 2308 1176 2373 κάλλους.

238 2415 411 2479 Maro.
449 2409 526 2477 ς’.
564 2438 635 2452 --
662 2403 1034 2477 Καταμάθετε
1066 2404 1135 2455 τά
1174 2400 1337 2473 κρίνα
1389 2397 1484 2453 τοῦ
1537 2395 1732 2468 ἀγροῦ,

178 2504 280 2568 πῶς
313 2503 530 2569 αὐξάνει
560 2515 576 2529 ⁸
610 2498 670 2552 οὐ
699 2497 870 2567 κοπιᾷ
898 2494 1018 2548 οὐδὲ
1055 2491 1231 2558 νήθει.
1262 2490 1421 2558 Λέγω
1442 2487 1549 2557 γάρ
1584 2488 1735 2556 ὑμῖν,

179 2597 252 2650 ὅτι
278 2595 391 2649 οὐδὲ
436 2590 699 2662 Σολομὼν
736 2589 793 2641 ὲν
828 2586 979 2657 πάσῃ
1013 2586 1082 2654 τῇ
1117 2581 1242 2652 δόξῃ
1276 2578 1441 2633 αὐτοῦ
1474 2576 1739 2648 περιεϐά-

182 2689 288 2743 λετο
309 2688 379 2752 ὡς
402 2686 462 2740 ἒν
500 2686 737 2740 τούτων.

243 2779 294 2835 A'
337 2783 453 2849 Τιμ.
486 2775 574 2843 β’.
610 2805 681 2815 —-
721 2770 992 2841 Βούλομαι
1023 2766 1121 2829 τὰς
1155 2764 1419 2833 γυναῖκας
1462 2763 1520 2814 ἐν
1577 2776 1744 2812 κατα-

178 2872 326 2943 στολῇ
354 2869 573 2941 κοσμίῳ
598 2908 613 2930 ,
644 2865 783 2936 μετὰ
814 2861 993 2923 αἰδοῦς
1017 2858 1112 2913 καὶ
1133 2852 1488 2929 σωφροσύνης
1519 2852 1745 2922 κοσμεῖν

188 2963 403 3029 ἑαυτάς·
431 2960 509 3032 μὴ
536 2962 598 3012 ὲν
628 2958 933 3026 πλέγμασιν
966 2952 1000 3023 ἢ
1031 2948 1270 3022 χρυσῷἢ
1301 2946 1688 3019 μαργαρίταις,
1713 2943 1745 3014 ἢ

192 3053 449 3134 ἱματισμῷ
484 3049 796 3106 πολυτελεῖ.

1816 528 2064 599 quidem,
2100 528 2354 597 lepores;
2403 526 2604 597 vulgus
2640 542 2774 581 vero
2808 526 3089 592 laudibus,
3129 527 3225 597 qui
3267 536 3398 582 sunt

1817 620 2166 690 insipientes.

1886 709 2052 781 639
2080 709 2235 763 Thus
2272 707 2524 778 quidem,
2585 706 2728 772 diis;
2766 707 2885 761 laus
2918 721 3052 762 vero
3102 707 3266 763 bonis
3297 709 3398 763 tri-

1818 800 2039 855 buenda
2066 800 2157 854 sit.
3138 786 3143 791 ’

1890 889 2211 944 Isocrat.-—
2248 887 2469 944 Fideles
2512 887 2795 953 existima,
2853 903 2963 943 non
3015 889 3112 958 qui
3173 889 3405 945 laudent

1821 981 2096 1053 quidquid
2127 982 2312 1051 egeris
2335 992 2432 1037 aut
2455 980 2686 1045 dixeris,
2714 980 2811 1036 sed
2845 980 2941 1051 qui
2971 980 3401 1052 increpentcum

1821 1089 2159 1145 peccaveris.

1897 1165 2235 1220 Moschiom's.
2277 1194 2347 1206 —
2387 1164 2443 1221 Si
2476 1165 2620 1221 bene
2676 1167 2871 1221 audire
2923 1166 3030 1233 vis,
3081 1166 3235 1222 disce
3266 1166 3407 1221 bene

1825 1257 2000 1327 loqui.
2026 1257 2200 1312 Stude
2221 1257 2366 1312 bene
2385 1272 2571 1327 agere,
2604 1266 2771 1327 atque
2788 1268 2851 1313 ut
2879 1257 3021 1311 bene
3048 1257 3261 1323 audias,
3276 1257 3409 1312 boni

1825 1347 2013 1417 operis
2039 1346 2223 1401 fructu
2266 1345 2647 1415 consequeris.

1895 1439 2155 1510 Polymni.
2182 1469 2251 1479 —
2280 1438 2614 1493 Praesentem
2642 1453 2746 1493 nec
2774 1438 3052 1508 vitupera,
3084 1453 3187 1492 nec
3219 1437 3412 1492 lauda-

1827 1534 2004 1597 veris;
2043 1532 2282 1587 alterum
2317 1532 2468 1586 enim
2516 1531 2867 1587 inimicitiam
2930 1530 3112 1595 aﬂ‘ert,
3173 1532 3411 1585 alterum

1830 1625 2225 1680 adulationem.

1901 1718 2155 1790 Cypselli.
2187 1717 2506 1781 —Vivens,
2547 1717 2804 1781 laudare;
2841 1717 2953 1771 vita
3012 1715 3258 1778 functus,
3288 1713 3417 1767 bea-

1833 1821 1922 1866 tus
1956 1811 2311 1881 praedicator.

1899 1904 2221 1974 Antagenes.
2256 1901 2548 1956 ——Aiebat
2576 1900 2934 1971 Antagenes:
2978 1898 3117 1954 Cum
3153 1913 3240 1952 me
3291 1898 3419 1951 vul-

1832 2010 1934 2065 gus
1957 1993 2244 2048 hominum
2273 1992 2485 2055 laudat,
2519 1991 2732 2046 nullius
2760 2006 2864 2045 me
2914 1990 3140 2060 dignum
3176 2003 3297 2043 esse
3326 2004 3418 2041 ar-

1832 2088 2012 2143 bitror
2037 2103 2052 2153 ;
2079 2101 2204 2141 cum
2232 2101 2365 2141 vero
2388 2086 2575 2155 pauci,
2606 2085 2786 2138 virum
2837 2081 3172 2137 studiosum.

2402 2194 2635 2251 SERMO
2666 2193 2852 2248 XLIV.

2364 2286 2441 2341 De
2486 2285 2893 2357 pulchritudine.

1907 2380 2097 2435 Matth.
2124 2396 2199 2446 v1,
2228 2380 2321 2435 28.
2349 2409 2413 2418 —
2432 2377 2796 2433 Considerate
2830 2374 2944 2430 lilia
2978 2373 3116 2445 agri,
3146 2373 3423 2443 quomodo

1839 2480 2139 2536 crescunt;
2170 2486 2283 2525 non
2316 2470 2595 2531 laborant,
2654 2480 2836 2535 neque
2866 2473 3020 2519 nent.
3073 2465 3206 2518 Dico
3239 2474 3425 2519 autent

1840 2564 2019 2624 vobis,
2049 2563 2310 2633 quoniam
2358 2575 2465 2616 nec
2491 2559 2756 2614 Salomon
2811 2558 2869 2611 in
2918 2556 3068 2612 omni
3113 2558 3284 2627 gloria
3326 2573 3425 2611 sua

1842 2666 2142 2725 coopertus
2168 2662 2253 2709 est
2276 2654 2612 2708 sicutunum
2647 2666 2714 2707 ex
2750 2651 2895 2705 istis.

1915 2747 1945 2800 1
1968 2747 2099 2801 Tim.
2136 2763 2197 2811 ιι,
2230 2746 2284 2800 9.
2307 2774 2379 2785 —-
2400 2744 2539 2800 Volo
2556 2743 2822 2799 mulieres
2846 2743 2901 2797 in
2933 2742 3123 2796 habitu
3156 2746 3429 2814 modesto,

1846 2855 1973 2894 cum
2008 2837 2343 2893 verecundia
2377 2844 2435 2891 et
2476 2834 2731 2890 castitate
2770 2849 2969 2888 ornare
3014 2835 3266 2904 scipsas;
3320 2853 3429 2891 non

1848 2930 2013 2987 tortis
2043 2930 2316 2993 crinibus,
2342 2936 2439 2982 aut
2462 2941 2625 2992 auro,
2655 2933 2752 2979 aut
2781 2923 3114 2994 margaritis,
3152 2934 3247 2979 aut
3276 2936 3430 2981 veste

1852 3022 2117 3094 pretiosa.

252 3078 449 3125 ατισμῳ
484 3078 796 3106 πυλυιυιιι.

252 3154 479 3220 Παροιμ.
509 3153 592 3214 ς’.
622 3176 693 3186 -
721 3143 812 3213 Μή
850 3158 910 3195 σε
954 3139 1155 3210 νικήσῃ
1184 3131 1415 3194 κάλλους
1444 3127 1710 3198 ἐπιθυμία
1730 3140 1742 3157 ·

1917 3115 2078 3169 Prov.
2108 3130 2186 3178 v1,
2217 3113 2309 3168 25.
2334 3141 2404 3152 —
2431 3111 2512 3166 Ne
2544 3118 2598 3166 te
2640 3078 2827 3164 vincat
2872 3102 3307 3178 pulchritudinis
3336 3116 3432 3155 cu-

200 3243 318 3319 μηδὲ
345 3240 624 3314 ἀγρευθῇς
652 3238 765 3299 σοῖς
793 3232 1112 3303 ὀφθαλμοῖς.

253 3305 429 3403 έιρὰξ
633 3358 703 3370 —
754 3328 846 3397 Μὴ
906 3323 1131 3394 αἰνέσῃς
1195 3317 1365 3389 ἄνδρα
1446 3314 1508 3367 ὲν
1559 3305 1786 3365 κάλλει⁴

199 3424 366 3481 αὐτοῦ.

254 3519 422 3587 Σιρὰχ
447 3516 570 3583 κς’.
604 3542 677 3555 ——
710 3511 922 3577 Κάλλος
952 3502 1251 3582 προσώπου
1277 3502 1373 3557 ἐπὶ
1394 3498 1586 3574 ήλικία
1621 3512 1751 3552 στα-

201 3625 336 3670 mili.

249 3628 590 3765 ξίίίίοίλειίου.
629 3731 701 3742 --
733 3699 792 3753 '0
841 3697 1084 3769 σήμερον
1132 3688 1362 3759 εὐθαλὴς
1409 3682 1488 3755 τῷ
1538 3678 1753 3749 σώματι

202 3794 744 3868 κατασεσαρκωμένος
797 3789 902 3844 ὐπὸ
954 3785 1189 3859 τρυφῆς,
1239 3775 1588 3868 ἐπανθοῦσαν
1615 3772 1755 3868 ἔχων

202 3890 287 3957 τὴν
323 3864 596 3961 εὔχροιαν,
637 3884 742 3940 ὐπὸ
796 3883 895 3953 τῆς
937 3878 1079 3932 κατά
1143 3876 1243 3944 τὴν
1290 3869 1509 3961 ἡλικίαν
1569 3864 1757 3961 άκμήις

205 3946 429 4051 capaci;
454 3981 554 4034 καὶ
580 3946 962 4036 ξύντονοςΠκαὶ
995 3967 1371 4025 ἀνυπόστατος
1404 3960 1504 4031 τὴν
1538 3946 1754 4051 ὁρμὴ-ν’,

206 4047 370 4141 αὐριον
394 4075 422 4127 ὁ
446 4071 615 4134 αὐτὸς
632 4063 785 4131 οὗτος
805 4062 1057 4126 ἐλεεινὸς,
1078 4060 1111 4132 ἢ
1141 4057 1217 4129 τῷ
1239 4055 1418 4127 χρόνῳ
1438 4047 1756 4123 μαρανθεὶς,

208 4162 235 4232 ἢ
265 4165 389 4236 νόσῳ
413 4163 708 4225 διαλυθείς.

270 4231 577 4327 Θεολόγου.
613 4283 685 4296 -
704 4250 920 4327 Χρυσδς
939 4246 1038 4306 καὶ
1052 4243 1220 4319 λίθοι,
1246 4240 1342 4294 καὶ
1360 4237 1429 4301 τὰ
1440 4237 1634 4306 τέχνης
1668 4231 1762 4285 καὶ

211 4350 371 4425 χειρὸς
431 4349 765 4423 ὡραϊσματα
794 4383 810 4408 ,
867 4342 967 4413 τὴν
1017 4339 1116 4411 μὲν
1154 4329 1648 4425 αἰσχρὰνξλέγχξι
1696 4326 1762 4425 “fil

213 4415 509 4508 παραθέσει,
542 4415 777 4511 τῇνκαλῇ
799 4434 843 4489 δ’
878 4433 938 4487 οὐ
967 4428 1253 4503 προσθήκη
1277 4464 1294 4490 ,
1335 4420 1565 4483 κάλλους
1593 4415 1765 4495 ήττώ-

219 4542 355 4594 μενα.

277 4705 474 4770 Κάλλος
501 4704 689 4776 νόμιζε
710 4702 809 4773 τὴν
839 4697 1053 4771 φρενῶν
1085 4691 1410 4764 εὐκοσμίαν.

280 4880 407 4934 υῦτε
431 4881 565 4951 φλὸξ
593 4881 744 4951 μένει
780 4877 880 4946 τῆς
910 4874 1042 4945 ’ὐλης
1071 4868 1502 4941 δαπανηθείσης,
1532 4863 1671 4919 ἀλλά
1696 4862 1773 4933 τῷ

222 4960 486 5027 ἀνάπτοντι
539 4969 985 5041 συναπέρχεται·
1025 4962 1151 5018 οὐτε
1203 4958 1466 5030 λογισμὸς
1518 4953 1774 5027 ἐμπαθὴς

224 5060 489 5129 ὑφίσταται
528 5060 930 5137 μαραινομένου
959 5057 1053 5111 τοῦ
1080 5054 1526 5123 ὑπεκκαύματος.

287 5152 369 5222 Μή
393 5171 449 5207 σε
473 5152 753 5223 νικησάτω
784 5148 1016 5210 κάλλους
1059 5143 1349 5213 ἐπιθυμία,
1393 5138 1528 5209 μηδὲ
1574 5152 1777 5206 συναρ-

230 5242 419 5314 πασθῇς
444 5248 553 5309 σοῖς
584 5242 899 5315 βλεφάροις,
927 5238 977 5291 εί
1006 5234 1255 5299 δυνατὸν,
1295 5231 1458 5304 μέχρι
1484 5227 1581 5282 καὶ
1636 5244 1779 5298 παρ-

232 5332 484 5403 οράματος
513 5336 621 5407 (ο)π

293 5528 334 5562 "
365 5531 422 5587 In
462 5531 625 5590 Gesn.
652 5529 811 5588 Stob.
843 5528 966 5584 161.

1853 3207 2080 3279 piditas,
2111 3222 2216 3260 nec
2245 3204 2487 3274 capiaris
2519 3202 2700 3258 oculis
2735 3200 2868 3255 tuis.

1924 3298 2094 3353 Eccli.
2125 3313 2201 3361 ιι,
2237 3297 2292 3350 2.
2318 3324 2389 3336 --
2414 3294 2493 3349 Ne
2520 3292 2838 3348 laudaveris
2889 3289 3066 3343 virum
3114 3286 3171 3340 in
3198 3282 3440 3355 pulchri-

1858 3385 2053 3441 tudine
2082 3386 2223 3455 ejus.

1926 3477 2092 3532 Eccli.
2126 3492 2277 3540 xxvi,
2311 3475 2402 3530 22.
2437 3503 2508 3515 -—
2544 3468 2913 3529 Pulchritudo
2966 3468 3157 3523 vultus
3196 3466 3251 3520 in
3280 3471 3441 3521 attate

1858 3569 2064 3624 stabili.

1926 3658 2138 3713 Basilii.
2174 3689 2240 3701 --
2266 3656 2372 3723 Qui
2404 3655 2574 3711 hodie
2604 3661 2803 3725 vegeto
2830 3660 2916 3707 est
2948 3663 3203 3720 corpore,
3237 3660 3441 3715 corpu-

1860 3754 2048 3809 lentus
2085 3768 2201 3822 ιιι-ιε
2229 3750 2468 3815 deliciis,
2501 3746 2721 3803 ﬂorenti
2752 3746 2927 3801 forma
2976 3759 3042 3798 ac
3091 3747 3328 3796 venusto
3355 3752 3449 3793 co-

1863 3845 2001 3909 lore,
2038 3845 2109 3899 ob
2142 3843 2323 3899 aetatis
2362 3842 2611 3913 vigorem
2678 3838 2951 3894 laseivens
3000 3844 3358 3904 turgensque,
3391 3836 3450 3884 et

1865 3943 2105 3998 torosus,
2132 3948 2196 3988 ac
2234 3934 2397 4003 cujus
2424 3946 2587 3987 nemo
2611 3931 2879 3999 impetum
2905 3926 3081 3989 ferat;
3118 3923 3164 3978 is
3190 3921 3306 3991 ipse
3326 3934 3451 3974 cras

1867 4026 2202 4082 miserabilis
2224 4025 2354 4090 erit,
2380 4024 2465 4079 vel
2513 4033 2761 4093 tempore
2804 4019 2985 4075 factus
3031 4013 3332 4077 marcidus,
3363 4010 3450 4065 vel

1868 4119 2064 4173 morbo
2101 4117 2433 4172 dissolutus.

1942 4211 2205 4280 Theologi.
2232 4239 2300 4253 —-
2316 4208 2549 4271 Aurum,
2572 4202 2772 4274 lapilli,
2809 4200 3139 4269 reliquaque
3162 4194 3451 4250 hominum

1871 4301 2007 4356 artis
2040 4313 2348 4368 manusque
2374 4304 2725 4358 ornamenta,
2792 4289 3067 4353 mulieris,
3119 4302 3244 4357 qua:
3278 4283 3455 4352 turpis

1872 4394 1945 4448 sit
1987 4402 2044 4446 et
2068 4393 2383 4453 invenusta,
2442 4387 2531 4444 sui
2567 4384 2986 4454 comparatione
3044 4375 3454 4433 deformitatem

1798 4476 1845 4533 Ι)
1872 4482 2150 4555 produnt;
2184 4481 2445 4536 formosae
2469 4492 2599 4533 vero
2632 4474 2772 4530 nihil
2790 4470 3013 4528 decoris
3045 4467 3281 4534 addunt,
3299 4465 3460 4537 cujus

1874 4574 2151 4633 venustati
2182 4572 2403 4627 cedant.

1946 4663 2432 4722 Pulchritudinem
2454 4659 2737 4724 existima,
2770 4655 2942 4712 animi
2983 4660 3241 4709 ornatum
3273 4666 3337 4705 ac
3361 4649 3458 4703 de-

1876 4756 2139 4814 centiam.

1948 4854 2063 4909 Nec
2090 4852 2310 4908 ﬂamma
2333 4858 2522 4906 manet
2540 4856 2877 4918 consumpta
2895 4842 3151 4907 materia,
3182 4838 3278 4895 sed
3299 4837 3462 4892 simul

1881 4962 2006 5003 cum
2039 4945 2286 5000 fomento
2317 4958 2421 4998 suo
2448 4942 2773 5006 evanescit;
2828 4954 2934 4994 nec
2979 4934 3278 4990 libidinosa
3319 4931 3466 5001 cogi-

1886 5038 2022 5093 tatio
2046 5035 2325 5101 consistit,
2344 5034 2497 5089 illius
2521 5036 2931 5088 emarcescente
2959 5027 3225 5082 fomento.

1960 5131 2116 5185 Prov.
2147 5146 2222 5195 vn,
2244 5129 2336 5184 25.
2360 5157 2430 5169 -
2453 5126 2531 5181 Ne
2559 5135 2610 5180 te
2634 5125 2823 5179 vincat
2852 5121 3044 5175 formae
3066 5114 3467 5185 concupiscen-

1886 5223 1984 5287 tia,
2024 5237 2130 5277 nec
2172 5218 2463 5290 arripiaris
2511 5215 2797 5287 palpebris
2820 5213 2954 5276 tuis,
3003 5211 3050 5266 si
3092 5209 3213 5265 ﬁeri
3256 5214 3467 5280 potest,

1886 5312 2050 5384 65,0
2067 5328 2138 5368 ne
2168 5312 2237 5368 ad
2268 5311 2559 5368 minimum
2576 5316 2633 5364 et
2659 5307 2818 5379 quasi
2844 5302 3273 5362 conniventibus
3292 5299 3471 5359 oculis

1887 5406 2167 5461 obtutum.

1708 5608 1940 5666 NOTAE.

305 5715 370 5789 (ρ)
388 5721 563 5789 Μέχρι
601 5720 698 5774 καὶ
729 5713 1168 5789 παροράμᾳςος.
1200 5705 1601 5788 υιχειεειιιειη
1633 5702 1780 5789 limis

246 5772 401 5852 aliis
418 5772 534 5846 siti"
520 5772 675 5864 quasi
714 5772 1144 5844 conniventibus
1176 5776 1450 5865 aspicias:
1491 5774 1569 5831 sic
1620 5772 1768 5831 enim

1887 5702 2076 5757 Patres
2105 5701 2375 5756 castitatis
2407 5694 2908 5764 observantissimi,
2954 5710 3223 5753 summam
3275 5691 3469 5764 oculo-

1878 5786 2001 5831 rum
2058 5771 2285 5845 exigunt
2313 5771 2737 5839 continentiam,
2787 5761 2936 5841 quod
2989 5783 3092 5839 per
3143 5780 3241 5822 eos
3296 5761 3463 5818 facile
