3964 6276
142 352 235 415 933

1395 328 1559 401 ἴ,ῡεί
1603 326 2037 397 COMMUNES.

3253 306 3439 407 ρπι

211 465 384 535 Ῥωμ.
418 470 494 531 η’.
530 495 590 503 ——
615 462 726 515 Οὐκ
760 460 885 527 ἄξια
914 459 981 514 τὰ
1012 459 1306 531 παθήματα
1333 455 1427 510 τοῦ
1454 455 1547 509 νῦν
1577 473 1697 509 x1:-

1872 456 2025 509 Rom.
2053 471 2163 521 χιιι,
2207 454 2295 509 18.
2327 485 2395 493 -
2439 454 2556 510 Non
2605 464 2732 511 sunt
2770 455 3055 529 condigna
3095 460 3375 528 passiones

143 560 230 632 ροῦ
270 558 412 629 πρὸς
463 558 562 627 τὴν
613 554 912 626 μέλλουσαν
943 551 1104 617 δόξαν
1138 546 1593 619 ἀποκαλυφθῆναι
1624 548 1704 609 είς

140 652 298 721 ἡμᾶς·

178 669 447 807 μῆἒιροιμ.
487 737 555 808 τ’.
586 737 839 801 -Δόξαν
864 737 1017 808 σοφοὶ.
1040 734 1531 807 κληρονομήσουσι·
1566 732 1615 784 οἱ
1648 729 1704 783 δὲ

142 833 362 895 ἀσεϐεῖς,
400 831 712 902 ύψὼσουσιν
741 829 985 900 ἀτιμίαν.

206 927 451 991 Παροιμ.
490 929 599 975 κη’.
634 952 706 962 -
740 920 887 985 Ὁδὸς
912 917 1260 988 δικαιοσύνης
1283 916 1377 971 καὶ
1404 913 1706 985 ἐλεημοσύ-

143 1033 230 1085 νης
260 1014 488 1084 εὑρήσει
518 1012 661 1084 ζωὴν
698 1013 791 1065 καὶ
818 1012 998 1078 δόξαν.

207 1108 446 1175 Παροιμ.
476 1102 589 1173 κβ.
620 1134 689 1146 —
713 1105 879 1175 Γενεᾷ
910 1104 1045 1175 σοφῇ
1075 1101 1136 1174 (ι)
1162 1100 1326 1171 φόϐος
1356 1102 1582 1173 Κυρίου,
1611 1098 1707 1153 καὶ

146 1198 358 1263 πλοῦτος
388 1200 488 1252 καὶ
518 1198 643 1264 δόξα
673 1200 763 1251 καὶ
790 1198 927 1268 ζωή.

208 1286 381 1357 Σιρὰχ
415 1284 533 1340 .15'.
561 1317 628 1327 ——
646 1285 735 1356 Μὴ
772 1285 877 1356 δῷς
913 1285 1102 1357 μῶμον
1126 1285 1183 1338 έν
1214 1285 1282 1355 τῇ
1311 1282 1438 1355 δόξῃ
1467 1298 1586 1346 σου,
1613 1280 1709 1333 καὶ

149 1383 199 1432 ὲν
224 1379 402 1449 ἡμέρᾳ
441 1376 605 1448 δόξης
636 1378 710 1448 μὴ
749 1377 996 1449 ὲπαίρου.

211 1471 390 1539 Σιρὰχ
438 1468 508 1529 ζ’.
558 1499 611 1509 —-
642 1470 734 1540 Μὴ
770 1470 922 1541 ζήτει
956 1468 1107 1541 παρὰ
1138 1469 1348 1539 Κυρίου
1390 1467 1705 1539 ἡγεμονίαν,

152 1563 274 1634 μηδὲ
294 1563 446 1633 παρὰ
480 1561 746 1632 βασιλέως
770 1560 1043 1632 καθέδραν
1075 1560 1252 1630 δόξης.

214 1654 386 1723 Σιρὰχ
423 1660 521 1707 ια’.
548 1683 620 1694 -
644 1651 835 1707 Πολλοὶ
858 1652 1133 1708 δυνάσται
1159 1651 1544 1723 ὴτιμάσθησαν
1578 1650 1708 1721 σφό-

150 1745 258 1815 δρα,
295 1745 389 1797 καὶ⁵
424 1743 631 1809 ἔνδοξοι
659 1743 1039 1815 παρεδόθησαν
1068 1745 1147 1808 είς
1178 1746 1368 1815 χεῖρας
1406 1742 1629 1813 ἐτέρων.

126 1904 130 1911 γ
212 1835 382 1904 Σιρὰχ
416 1834 489 1888 θ’.
518 1864 588 1874 -
612 1832 703 1904 Μὴ
741 1833 991 1905 ζηλώσῃς
1014 1834 1174 1901 δόξαν
1201 1831 1561 1904 ἁμαρτωλῶν.

114 1920 131 1986 ιῖ
211 1925 383 1994 Σιρὰχ
402 1924 475 1981 δ’.
498 1956 571 1965 -
590 1926 888 1993 Μεγιστᾶνι
914 1924 1171 1979 ταπείνου
1192 1924 1294 1995 τὴν
1316 1923 1559 1995 κεφαλήν
1588 1939 1703 1977 σου.

213 2012 383 2084 Σιρὰχ
412 2011 489 2081 η’.
527 2044 600 2055 -
628 2014 721 2085 Μὴ
749 2014 1018 2086 διαμάχου
1060 2015 1179 2085 μετ’
1227 2012 1517 2085 ἀνθρώπου
1546 2012 1707 2067 δυνά-

157 2122 284 2167 στου,
317 2106 527 2176 μήποτε
557 2106 804 2177 έμπέσῃς
834 2107 913 2168 είς
945 2105 1043 2169 τὰς
1082 2107 1271 2176 χεῖρας
1308 2103 1495 2159 αὐτοῦ.

214 2195 381 2263 Σῳὰχ
412 2202 507 2264 ιγ’.
544 2226 613 2234 -
647 2195 1134 2265 Προσκα).ουμένου
1168 2213 1227 2249 σε
1262 2196 1548 2260 δυνάστου,
1571 2192 1707 2248 ὕπο-

160 2286 328 2358 χωρῶν
362 2286 534 2354 γίνου,
570 2286 666 2340 καὶ
708 2287 830 2339 τότε
873 2286 1108 2357 μάλιστα
1143 2287 1597 2358 προσκαλέσεται.

215 2374 386 2444 Σιρὰχ
414 2375 537 2440 .lﬁ'.
559 2375 730 2428 -Ἐν
759 2374 911 2446 μέσῳ
941 2376 1284 2447 μεγιστάνων
1326 2376 1399 2447 μὴ
1432 2374 1684 2441 έξισὰζου

218 2553 383 2620 Σιρὰχ
409 2551 537 2621 μβ.
575 2585 646 2596 -
671 2554 783 2607 Ούκ
822 2554 1080 2624 ἐποίησεν
1125 2550 1281 2608 οὐδὲν
1333 2554 1579 2608 ἐλλεῖπον
1603 2572 1616 2584 ·
1652 2554 1711 2607 ἓν

164 2642 242 2696 τοῦ
274 2643 383 2707 ἑνὸς
412 2644 721 2714 ὲστερέωσε
756 2645 823 2699 τὰ
850 2644 1067 2713 ἀγαθά·’
1092 2646 1186 2699 καὶ
1218 2645 1304 2708 τίς
1338 2644 1710 2717 πλησθήσεται

164 2735 285 2805 ὀρῶν
308 2737 459 2801 δόξαν
489 2737 661 2790 αὑτοῦ
684 2756 713 2802 ;·

225 2830 421 2882 Βασιλ.
456 2859 521 2868 -
577 2829 638 2881 Ei
671 2828 830 2899 δόξης
864 2828 1175 2900 ἐπιθυμεῖς,
1222 2830 1317 2882 καὶ
1371 2828 1549 2899 βούλει
1604 2828 1713 2882 τῶν

168 2916 348 2970 πολλῶν
381 2918 834 2988 δπερόαίνεσθαι,
858 2920 952 2972 καὶ
981 2919 1264 2990 εὐδόκιμος
1296 2918 1355 2971 ὲν
1380 2920 1492 2983 τοῖς
1523 2935 1715 2988 κοσμιο

170 3010 268 3072 κοῖς
305 3012 593 3081 πράγμασι
623 3010 891 3077 γίνεσθαι,
916 3010 1006 3064 ἔσο
1033 3010 1265 3075 δίκαιος,
1299 3008 1553 3080 σώφρων,
1578 3011 1713 3080 φρό-

1810 548 1975 619 bujus
2011 548 2292 617 temporis,
2324 546 2391 602 ad
2426 546 2663 602 futuram
2690 548 2938 619 gloriam,
2966 565 3088 619 qua
3110 552 3378 606 revelabi-

1811 647 1900 693 tur
1926 640 1978 693 in
2000 639 2179 693 nobis.

1885 730 2036 783 Prov.
2072 746 2148 794 ιιι,
2175 730 2263 785 55.
2290 760 2360 769 —
2395 728 2637 785 Gloriam
2681 730 2955 799 sapientes
2980 731 3375 801 possidebunt;

1810 820 1960 890 impii
1990 830 2172 875 autem
2203 820 2522 875 exaltabunt
2552 820 2925 890 ignominiam.

1882 912 2039 966 Prov.
2076 928 2187 976 χχι,
2213 911 2303 966 21.
2331 940 2399 950 -
2423 910 2520 965 Via
2545 910 2768 981 justitia
2787 916 2842 965 et
2868 910 3254 967 misericordia
3300 914 3381 968 in-

1809 1001 1994 1055 veniet
2023 1001 2191 1053 vitam
2218 1006 2273 1053 et
2293 998 2541 1069 gloriam.

1878 1088 2033 1143 Prov.
2063 1104 2190 1153 χχιι,
2221 1090 2273 1143 4.
2300 1119 2367 1129 -
2390 1087 2673 1159 Progeniei
2702 1090 2933 1161 sapienti
2956 1090 3121 1147 timor
3141 1091 3378 1159 Domini,
3418 1088 3423 1122 '-

1807 1190 1864 1238 et
1889 1180 2093 1235 divitia
2126 1188 2181 1235 et
2211 1180 2380 1251 gloria
2395 1191 2451 1235 et
2475 1170 2605 1235 vita.

1869 1272 2034 1327 Ecrli.
2064 1288 2249 1336 χχχιιι,
2273 1272 2375 1337 εις
2402 1289 2475 1338 χι,
2502 1274 2556 1327 4.
2596 1270 2673 1328 Ne
2700 1274 2798 1330 des
2818 1278 3084 1332 maculam
3118 1279 3173 1334 in
3208 1280 3380 1351 gloria

1808 1374 1923 1429 tua,
1955 1373 2012 1419 et
2043 1364 2096 1419 in
2122 1365 2211 1420 die
2236 1365 2422 1435 gloria
2442 1380 2511 1420 ne
2541 1367 2839 1423 exuillaris.

1866 1457 2030 1512 Eccli.
2064 1473 2159 1521 vn,
2179 1459 2232 1512 4.
2268 1487 2335 1498 -
2364 1457 2487 1511 Noli
2518 1474 2763 1527 quarere
2785 1474 2815 1513 a
2838 1460 3068 1516 Domino
3100 1461 3379 1529 ducatum,

1808 1562 1911 1603 nec
1931 1563 1961 1601 a
1992 1563 2117 1618 rege
2141 1546 2327 1602 sedem
2353 1547 2558 1618 gloria.

1872 1637 2038 1694 Eccli.
2082 1654 2155 1702 χι,
2206 1638 2259 1693 6.
2296 1668 2366 1678 -
2398 1638 2551 1693 Multi
2600 1649 2853 1710 potentes
2899 1642 3223 1699 exbonorati
3255 1652 3384 1699 sunt

1808 1730 1989 1792 valde,
2019 1739 2076 1785 et
2100 1728 2324 1800 gloriosi
2352 1728 2539 1783 traditi
2563 1738 2692 1783 sunt
2718 1726 2772 1783 in
2792 1746 2986 1785 manus
3010 1732 3263 1788 aliorum.

1868 1819 2039 1875 Eccli.
2073 1835 2147 1886 ιχ,
2180 1820 2343 1875 16.-
2360 1818 2439 1874 Ne
2466 1820 2738 1875 amuleris
2763 1820 2989 1891 gloriam
3011 1832 3380 1892 peccatorum.

1867 1911 2032 1965 Eccli.
2067 1926 2140 1974 Iv,
2174 1912 2223 1964 7.
2257 1939 2327 1950 -—
2349 1910 2583 1981 Magnati
2611 1911 2838 1968 humilia
2862 1923 3023 1984 caput
3051 1924 3224 1971 tuum.

1864 2000 2029 2056 Eccli.
2063 2016 2181 2066 vm,
2217 2002 2266 2055 1.
2299 2031 2368 2040 -
2393 2000 2473 2056 Ne
2497 2001 2679 2072 litiges
2706 2018 2831 2059 cum
2871 2005 3094 2061 homine
3122 2016 3377 2077 potente,

1808 2110 1876 2149 ne
1904 2094 2044 2149 forte
2079 2094 2292 2148 incidas
2318 2094 2373 2148 in
2400 2109 2596 2148 manus
2630 2095 2799 2152 illius.

1876 2183 2039 2240 Eccli.
2076 2202 2189 2250 χιιι,
2219 2186 2308 2240 12.
2334 2216 2406 2229 -
2450 2188 2725 2244 invitante
2764 2199 2816 2245 te
2848 2197 3095 2261 potente,
3118 2191 3382 2247 modestia

1810 2277 1965 2337 cede,
1991 2286 2047 2331 et
2079 2287 2211 2333 tunc
2240 2279 2414 2351 magis
2440 2279 2717 2336 invitabit.

1872 2369 2034 2422 Eccli.
2057 2386 2220 2436 χχχιι,
2242 2370 2403 2425 15.-
2420 2370 2479 2426 ln
2498 2372 2681 2428 medio
2706 2382 3042 2445 magnatum,
3071 2390 3140 2431 ne
3159 2374 3386 2446 aqualis

1810 2461 1983 2516 videri
2020 2463 2178 2516 velis.

1871 2554 2037 2608 Eccli.
2071 2570 2198 2621 XLII,
2240 2554 2331 2609 25.
2358 2582 2430 2594 -—
2456 2554 2576 2610 Non
2609 2554 2741 2611 fecit
2783 2555 3081 2626 quidquam
3127 2554 3387 2626 imperfe~

1812 2653 1990 2711 ctum;
2020 2661 2191 2699 unum
2220 2646 2387 2700 unius
2421 2645 2960 2713 confirmavitbona;
2988 2657 3044 2701 et
3070 2646 3196 2717 quis
3219 2648 3385 2702 satia-

1813 2737 1965 2803 bitur
1997 2737 2182 2791 videre
2210 2737 2439 2807 gloriam
2468 2738 2649 2792 illius?

1879 2826 2178 2882 Basilii.—
2227 2827 2282 2882 Si
2317 2828 2501 2899 gloria
2553 2828 2857 2897 cupiditate
2888 2829 3141 2895 duceris,
3193 2830 3387 2901 visque

1818 2921 2034 2992 majori,
2067 2936 2233 2991 quam
2264 2936 2385 2991 qua
2413 2920 2559 2991 vulgi
2589 2919 2694 2985 sit,
2729 2921 3043 2991 praecellere
3074 2920 3277 2990 gloria,
3324 2936 3388 2974 ac

1818 3012 2000 3067 saeculi
2035 3010 2202 3065 rebus
2247 3010 2511 3079 probatus
2542 3008 2719 3063 videri
2745 3026 2758 3062 :
2782 3017 2899 3063 esto
2929 3010 3112 3079 justus
3134 3050 3149 3074 ,
3202 3009 3390 3062 mode-

88 3146 95 3157 ,
170 3117 321 3169 νιμος,
367 3102 633 3171 ἀνδρεῖος,
664 3101 1065 3173 ύπομονητικδς
1101 3103 1160 3156 ὲν
1206 3102 1323 3165 τοῖς
1368 3100 1509 3172 ὑπὲρ
1554 3101 1709 3153 εὐσε-

1851 3108 1958 3163 lus,
2022 3099 2294 3170 prudens,
2344 3097 2536 3164 fortis,
2584 3098 2924 3153 sustinendis
2967 3096 3186 3167 pietatis
3224 3111 3386 3151 causa

173 3190 305 3255 θείας
338 3192 681 3263 παθήμασιν.
726 3191 884 3247 Οὕτω
916 3192 1038 3263 γὰρ
1091 3191 1187 3245 καὶ
1232 3191 1458 3245 σεαυτὸν
1490 3189 1707 3254 σώσεις,

174 3284 251 3335 καὶ
294 3284 379 3337 ἐπὶ
410 3282 665 3354 μείζοσιν
703 3283 930 3352 ἀγαθοῖς
963 3282 1190 3354 μείζονα
1221 3282 1364 3349 ἕξεις
1405 3282 1503 3353 τὴν
1550 3300 1711 3354 περι-

176 3372 392 3438 φάνειαν.

232 3464 323 3517 Τὸν
348 3466 667 3537 προεστῶτα
713 3465 788 3537 μὴ
819 3465 1095 3536 έπαιρέτω
1134 3466 1195 3520 τὸ
1224 3466 1461 3536 ἀξίωμα,
1510 3467 1596 3520 ἵνα
1635 3466 1709 3536 μὴ

176 3552 354 3628 ἐκπέσῃ
387 3556 480 3612 τοῦ
528 3556 888 3628 μακαρισμοῦ
918 3556 1020 3628 τῆς
1048 3558 1569 3628 ταπεινοφροσύνης.

236 3645 466 3714 ὐφειλεν
486 3647 781 3718 ἄνθρωπον
811 3650 869 3701 ὲν
910 3650 974 3719 τῇ
1030 3647 1181 3718 παρὰ
1226 3647 1345 3717 Θεῷ
1380 3646 1505 3719 δόξῃ
1542 3664 1713 3717 μεμε-

178 3735 387 3803 νηκέναι,
422 3740 515 3792 καὶ
575 3734 721 3810 εῖχεν
754 3737 821 3792 ἂν
865 3738 997 3808 ὕψος
1038 3739 1139 3792 ούκ
1196 3738 1559 3801 ἐπίπλαστον,
1597 3737 1712 3791 ἀλλ’

179 3822 415 3891 ἀληθινὸν,
452 3827 684 3896 δυνάμει
717 3825 853 3879 Θεοῦ
890 3825 1348 3895 μεγαλυνόμενος.
1399 3824 1618 3895 Ἐπειδὴ
1656 3823 1713 3877 δὲ

178 3915 260 3983 τὴν
283 3916 371 3987 τῆς
409 3917 563 3981 θείας
603 3918 759 3987 δόξης
800 3916 1098 3986 ἐπιθυμίαν
1138 3916 1427 3987 μετέθηκε,
1464 3915 1559 3968 καὶ
1594 3914 1715 3985 μεί-

182 4005 289 4068 ζονα
324 4010 726 4080 προσδοκήσας,
764 4007 1010 4071 σπεύσας
1039 4008 1175 4077 ὅπερ
1216 4008 1318 4061 οὐκ
1355 4007 1587 4060 ἢδύνατο
1618 4006 1705 4059 λα⁸

183 4094 296 4161 δεῖν,
321 4098 600 4153 ἀπώλεσεν
628 4101 765 4173 ὅπερ
790 4099 936 4169 ἔχειν
967 4099 1223 4169 ἠδύνατο.

240 4188 487 4263 Βούλομαί
531 4209 617 4246 σοι
665 4192 1022 4262 σφοδρότερον
1061 4191 1161 4260 τῆς
1202 4188 1432 4253 κτίσεως
1478 4187 1711 4260 ὲνιδρυν·

186 4276 317 4348 θῆναι
348 4284 405 4337 τὸ
443 4284 653 4355 θαῦμα.
686 4283 908 4355 Πρῶτον
942 4284 1040 4355 μὲν
1080 4277 1195 4347 οὖν,
1227 4283 1355 4336 ὅταν
1401 4281 1518 4352 ἴδῃς
1556 4280 1715 4351 βοτά-

1812 3190 1970 3245 malis
2017 3198 2278 3244 strenuus
2326 3204 2391 3243 ac
2424 3188 2658 3258 patiens.
2694 3187 2784 3243 Sic
2829 3187 2998 3252 enim,
3050 3196 3109 3243 et
3151 3187 3387 3257 teipsum

1811 3282 2020 3335 salvum
2047 3280 2233 3345 facies,
2276 3296 2339 3334 ac
2370 3279 2670 3350 majoribus
2696 3280 2868 3335 fultus
2900 3279 3080 3346 bonis,
3111 3279 3387 3351 'majorem

1810 3372 2117 3427 claritatem
2146 3371 2501 3425 nancisceris.

1878 3464 1927 3518 is
1961 3464 2053 3533 qui
2087 3472 2305 3533 praest,
2340 3479 2408 3517 ne
2442 3478 2546 3533 qua
2579 3461 2752 3534 fulget
2783 3463 3068 3534 dignitate,
3094 3464 3236 3518 fastu
3257 3461 3390 3518 effe-

1814 3566 1989 3621 ratur,
2024 3572 2093 3611 ne
2121 3556 2355 3610 modesti
2396 3570 2459 3610 ac
2490 3555 2658 3610 sobrii
2690 3555 2859 3609 animi
2894 3555 3112 3609 laudem
3150 3555 3385 3609 amittat.

1874 3649 2096 3705 Utinam
2132 3647 2423 3703 mansisset
2452 3648 2618 3702 homo
2662 3647 2717 3701 in
2746 3662 2811 3701 ea
2843 3647 3116 3712 claritate,
3146 3662 3309 3717 quam
3357 3663 3389 3702 a

1813 3742 1925 3796 Deo
1953 3750 2146 3795 nactus
2178 3750 2299 3795 erat
2327 3741 2339 3794 i
2368 3739 2558 3810 sicque
2586 3739 2698 3793 Deo
2733 3738 2976 3808 potentia
3023 3738 3347 3793 honestantc
3369 3778 3385 3803 ,

1813 3829 1950 3884 nihil
1975 3829 2119 3895 ﬁcta,
2154 3828 2249 3883 sed
2278 3843 2406 3883 vera
2439 3828 2687 3883 celsitate
2728 3827 2979 3899 fulgeret.
3014 3825 3170 3893 Quod
3205 3836 3387 3880 autem

1813 3920 2012 3976 divina
2037 3919 2305 3975 claritatis
2331 3918 2645 3988 posthabito
2662 3918 2959 3983 desiderio,
2977 3918 3181 3989 majora
3198 3931 3390 3986 exspe-

1812 4011 1999 4075 ctavit,
2044 4011 2165 4081 ejus
2194 4010 2390 4065 avidus
2414 4009 2561 4079 quod
2584 4008 2749 4080 6“
2776 4009 2992 4079 assequi
3022 4023 3132 4063 non
3163 4007 3386 4073 licebat,

1814 4100 1935 4170 ejus
1952 4099 2126 4169 ipsius
2150 4099 2301 4169 quod
2332 4099 2536 4154 licebat
2566 4099 2804 4168 assequi,
2831 4100 3103 4170 jacturam
3133 4098 3282 4153 fecit.

1882 4190 2019 4244 Volo
2060 4198 2121 4243 ut
2149 4189 2444 4245 creationis
2476 4188 2827 4253 miraculum,
2872 4188 3039 4243 altius
3063 4186 3390 4258 ﬁrmiusque

1816 4278 1998 4333 animo
2033 4289 2126 4332 tuo
2169 4276 2454 4348 defigatur.
2488 4277 2734 4332 Primum
2773 4277 2941 4348 igitur
2968 4291 3093 4331 cum
3131 4276 3392 4348 graminis

188 4386 266 4440 νην
295 4374 474 4445 χόρτου
502 4378 601 4431 καὶ
642 4375 823 4439 ἄνθος,
854 4375 933 4439 είς
964 4374 1172 4428 ἔννοιαν
1202 4373 1362 4444 ἔρχου
1386 4373 1483 4443 τῆς
1508 4372 1709 4442 ἀνθρω-

1847 4368 2048 4424 ιθι-Ιιιιιιι
2077 4368 2378 4438 ﬂoremque
2412 4368 2621 4424 videris
2642 4409 2657 4434 ,
2690 4368 2985 4422 humanam
3020 4367 3273 4422 n‘aturam
3308 4376 3391 4422 te-

192 4461 326 4533 πίνης
352 4466 582 4533 φύσεως,
614 4467 961 4538 μεμνημένος
1005 4466 1107 4535 τῆς
1163 4466 1373 4527 εἰκόνος
1414 4463 1508 4517 τοῦ
1552 4462 1709 4531 σοφοῦ

1847 4477 1946 4516 :um
1974 4461 2089 4531 ipse
2118 4470 2301 4516 mente
2322 4460 2521 4530 cogita,
2548 4460 2903 4515 simulacrum
2939 4458 3203 4514 memoria
3237 4473 3395 4513 reco—

201 4545 412 4619 'llcatou,
450 4555 578 4609 Ὀτι
611 4554 778 4611 πᾶσα
806 4555 962 4624 σὰρξ
993 4555 1347 4626 χόρτος-,και
1382 4552 1550 4609 πᾶσα
1571 4552 1709 4616 δόξο

1847 4566 1938 4608 ens
1975 4552 2123 4622 quod
2169 4552 2613 4623 sapientissimus
2656 4552 2883 4608 adduxit
2931 4553 3100 4607 Isaias
3152 4568 3167 4605 :
3212 4548 3395 4607 Omnis

190 4638 466 4711 ἀνθρώπου
497 4648 583 4714 ὡς
631 4647 813 4713 ἄνθος
852 4649 1090 4716 χόρτου.
1124 4646 1198 4699 Τὸ
1221 4646 1330 4717 γὰρ
1360 4644 1709 4715 ὀλιγοχρόνιοι

1848 4661 1943 4699 aro
1988 4645 2189 4713 fenum,
2216 4653 2265 4698 et
2296 4646 2465 4699 omnis
2492 4644 2666 4715 gloria
2689 4646 2803 4716 ejus
2836 4646 2973 4699 sicut
3000 4647 3097 4717 flos
3123 4644 3227 4713 feni
3259 4642 3393 4713 (Isa.

189 4729 273 4800 τῆς
319 4736 476 4808 ζωῆς,
521 4740 620 4793 καὶ
658 4739 721 4792 τὺ
756 4740 813 4793 ὲν
848 4740 1017 4810 ὀλίγῳ
1048 4738 1349 4810 περιχαρὲς
1396 4738 1492 4791 καὶ
1538 4736 1709 4808 ίλαρδκ

1847 4752 1904 4801 ι,
1952 4737 2029 4806 6).
2052 4736 2187 4791 Vita
2220 4736 2367 4791 enim
2406 4737 2741 4807 angustioris
2781 4738 2999 4801 moras:
3032 4737 3396 4805 humanaque

193 4820 276 4891 τῆς
297 4826 631 4902 ἀνθρωπίνης
663 4831 983 4901 εὐημερίας,
1025 4830 1398 4902 καιριωτάτης
1439 4828 1593 4900 παρὰ
1627 4827 1709 4882 τοῐ

1847 4827 2098 4883 elicitatis
2133 4828 2381 4899 fugacem
2434 4829 2680 4883 latitiam
2734 4844 2798 4884 ac
2853 4828 3287 4901 jucunditatem,
3340 4828 3396 4882 in

197 4919 443 4989 προφήτου
476 4922 741 4993 τετύχηκε
784 4924 885 4994 τῆς
933 4922 1161 4983 εἰκόνος.
1203 4921 1450 4992 Σήμερον
1488 4919 1709 4990 εὐθαλὴς

1847 4934 1969 4973 ianc
2001 4929 2123 4990 apte
2142 4920 2405 4990 propheta
2447 4920 2739 4991 imaginem
2764 4920 2949 4975 traxit.
2985 4918 3087 4985 Qui
3112 4916 3276 4971 hodie
3304 4930 3399 4971 ve-

196 5003 261 5073 τῷ
297 5008 513 5081 σώματι,
552 5014 1050 5085 κατασαρκωμένος
1100 5013 1209 5067 ὑπὸ
1260 5012 1495 5084 τρυφῆς,
1550 5013 1709 5064 ἐπαν-

1847 5019 1950 5079 ιοιο
1971 4998 2205 5081 corpore
2229 5023 2338 5076 est,
2370 5012 2572 5082 quibus
2600 5026 2658 5067 se
2698 5011 2998 5082 ingurgitat
3026 5007 3240 5063 deliciis
3273 5022 3396 5063 car-

200 5093 369 5154 θοῦσαν
417 5104 551 5177 ἔχων
591 5108 689 5179 τὴν
720 5107 1002 5179 εὔχροιαν,
1038 5107 1143 5161 ὑπὸ
1168 5106 1268 5177 τῆς
1295 5105 1439 5161 κατὰ
1465 5106 1566 5176 τὴν
1596 5104 1709 5175 ἠλι-

1847 5114 2014 5167 ιοειιε,
2045 5102 2248 5158 coloris
2270 5113 2556 5160 venustate
2586 5102 2835 5167 ﬂoridus,
2860 5100 3037 5156 atatis
3057 5100 3245 5171 vigore
3279 5108 3395 5154 tur-

202 5184 303 5239 κίαν
326 5192 494 5263 ἀκμῆς
522 5197 767 5268 σφριγῶν
792 5200 887 5252 καὶ
921 5198 1192 5265 σύντονος,
1227 5197 1323 5251 καὶ
1350 5196 1709 5258 ἀνυπόστατος

1847 5212 1960 5266 gens
1978 5211 2043 5251 ac
2074 5204 2311 5257 torosus,
2334 5196 2493 5265 cujus
2515 5208 2677 5249 nemo
2700 5193 2964 5262 impetum
3002 5192 3144 5247 ferat
3166 5207 3231 5247 ac
3253 5205 3397 5262 pra-

203 5274 283 5343 τὴν
316 5284 495 5356 ὁρμήν·
550 5287 737 5360 αὔριον
788 5292 816 5343 ὁ
870 5290 1029 5353 αύτδς
1074 5283 1229 5353 οὗτος
1284 5288 1599 5358 ὲλεεινὸς,ῆ
1642 5287 1709 5358 τᾷ

1847 5287 2079 5352 ralidus;
2120 5287 2209 5342 hic
2246 5287 2390 5341 idem
2435 5300 2557 5341 cras
2607 5282 2958 5349 miserabilis,
3007 5285 3093 5340 vel
3150 5294 3395 5355 tempore

1660 5425 1891 5482 ΝΟΤᾸΕ.

242 5505 351 5589 ,S‘)
380 5512 423 5562 Γ
426 5514 555 5583 ενεᾷ
611 5516 794 5589 σοφῇ.
850 5517 1042 5589 Graca
1084 5518 1237 5589 ivulg.
1288 5515 1452 5589 γενεὰ
1500 5515 1689 5589 σοφίας

1847 5515 2446 5589 ιιίξημηιωιευίιιιάὶηἰκ
2474 5513 2579 5589 alii
2594 5513 3050 5589 humilitatissive
3097 5514 3397 5589 afﬂigtionis

210 5573 817 5655 'ifiellquue'remoti'us
867 5588 935 5640 ab
1000 5573 1342 5643 Hebr.vni'si
1403 5573 1585 5654 γενεόί
1623 5573 1725 5655 pro
1835 5573 2147 5640 reddidere.
2180 5585 2339 5654 Vulg.
2376 5573 2648 5638 molestiae.
2689 5583 2857 5655 Ar‘ab.
2917 5583 3033 5653 ipsa
3095 5573 3166 5637 εἰ
3194 5583 3396 5639 Graecis

212 5642 537 5728 Ϊέγνημᾰςιιίι
563 5658 683 5728 τοῖς
706 5656 1164 5722 LXX,proles;et
1191 5658 1338 5728 quod
1358 5642 1470 5719 alii,
1499 5642 1721 5726 fructus,
1832 5671 2113 5726 expressa,
2138 5642 2370 5728 perinde
2403 5656 2680 5725 sapientia!
2739 5653 2861 5723 finis
2896 5642 3193 5723 sapientia.

217 5726 401 5783 merces,
431 5720 576 5789 ﬁnis;
634 5724 689 5779 id
730 5720 876 5781 enim
922 5728 1001 5792 τὸ,
1066 5720 1179 5793 day
1210 5720 1295 5781 ’τὸ
1354 5720 1536 5781 autem
1598 5737 1724 5788 mw
