  <div class='ocr_page' id='page_1' title='image "/cluster/home/n/w/nwhite01/storage/ocr_20150623/91/hvd.32044019208024/480.png"; bbox 0 0 3964 6276; ppageno 0'>
   <div class='ocr_carea' id='block_1_1' title="bbox 104 329 195 391">
    <p class='ocr_par' dir='ltr' id='par_1_1' title="bbox 104 329 195 391">
     <span class='ocr_line' id='line_1_1' title="bbox 104 329 195 391; baseline 0.022 -3"><span class='ocrx_word' id='word_1_1' title='bbox 104 329 195 391; x_wconf 84' lang='grc'><strong>937</strong></span> 
     </span>
    </p>
   </div>
   <div class='ocr_carea' id='block_1_2' title="bbox 1409 324 2053 389">
    <p class='ocr_par' dir='ltr' id='par_1_2' title="bbox 1409 324 2053 389">
     <span class='ocr_line' id='line_1_2' title="bbox 1409 324 2053 389; baseline 0.002 -1"><span class='ocrx_word' id='word_1_2' title='bbox 1409 326 1578 388; x_wconf 80' lang='lat' dir='ltr'><strong>LUCI</strong></span> <span class='ocrx_word' id='word_1_3' title='bbox 1618 324 2053 389; x_wconf 78' lang='lat' dir='ltr'><strong>COMMUNES.</strong></span> 
     </span>
    </p>
   </div>
   <div class='ocr_carea' id='block_1_3' title="bbox 3235 330 3339 400">
    <p class='ocr_par' dir='ltr' id='par_1_3' title="bbox 3235 330 3339 400">
     <span class='ocr_line' id='line_1_3' title="bbox 3235 330 3339 400; baseline 0.019 -1"><span class='ocrx_word' id='word_1_4' title='bbox 3235 330 3339 400; x_wconf 84' lang='lat'><strong>938</strong></span> 
     </span>
    </p>
   </div>
   <div class='ocr_carea' id='block_1_4' title="bbox 101 436 1667 515">
    <p class='ocr_par' dir='ltr' id='par_1_4' title="bbox 101 436 1667 511">
     <span class='ocr_line' id='line_1_4' title="bbox 101 436 1667 511; baseline -0.001 -17"><span class='ocrx_word' id='word_1_5' title='bbox 101 437 350 511; x_wconf 69' lang='grc' dir='ltr'>γενομένη</span> <span class='ocrx_word' id='word_1_6' title='bbox 383 436 519 503; x_wconf 81' lang='grc' dir='ltr'>δόξα</span> <span class='ocrx_word' id='word_1_7' title='bbox 558 438 649 491; x_wconf 69' lang='grc' dir='ltr'><strong>καὶ</strong></span> <span class='ocrx_word' id='word_1_8' title='bbox 687 436 993 491; x_wconf 88' lang='grc' dir='ltr'>δυναστεία.</span> <span class='ocrx_word' id='word_1_9' title='bbox 1018 438 1127 491; x_wconf 72' lang='grc' dir='ltr'>Καὶ</span> <span class='ocrx_word' id='word_1_10' title='bbox 1152 438 1402 511; x_wconf 78' lang='grc' dir='ltr'>καθάπερ</span> <span class='ocrx_word' id='word_1_11' title='bbox 1424 439 1517 493; x_wconf 83' lang='grc' dir='ltr'>τοῦ</span> <span class='ocrx_word' id='word_1_12' title='bbox 1547 441 1667 510; x_wconf 81' lang='grc' dir='ltr'>χόρ-</span> 
     </span>
    </p>
   </div>
   <div class='ocr_carea' id='block_1_5' title="bbox 1800 436 3340 515">
    <p class='ocr_par' dir='ltr' id='par_1_5' title="bbox 1800 439 3340 515">
     <span class='ocr_line' id='line_1_5' title="bbox 1800 439 3340 515; baseline 0.009 -21"><span class='ocrx_word' id='word_1_13' title='bbox 1800 455 1895 509; x_wconf 69' lang='lat' dir='ltr'><strong>[uaz</strong></span> <span class='ocrx_word' id='word_1_14' title='bbox 1920 439 1997 494; x_wconf 93' lang='lat' dir='ltr'><strong>illi</strong></span> <span class='ocrx_word' id='word_1_15' title='bbox 2031 440 2203 511; x_wconf 81' lang='lat' dir='ltr'><strong>gloria</strong></span> <span class='ocrx_word' id='word_1_16' title='bbox 2227 456 2291 495; x_wconf 88' lang='lat' dir='ltr'><strong>ac</strong></span> <span class='ocrx_word' id='word_1_17' title='bbox 2313 443 2559 511; x_wconf 85' lang='lat' dir='ltr'><strong>potentia</strong></span> <span class='ocrx_word' id='word_1_18' title='bbox 2586 442 2873 499; x_wconf 87' lang='lat' dir='ltr'><strong>accedunt.</strong></span> <span class='ocrx_word' id='word_1_19' title='bbox 2907 449 2984 501; x_wconf 81' lang='lat' dir='ltr'><strong>Ac</strong></span> <span class='ocrx_word' id='word_1_20' title='bbox 3011 447 3176 515; x_wconf 93' lang='lat' dir='ltr'><strong>sicut,</strong></span> <span class='ocrx_word' id='word_1_21' title='bbox 3212 450 3340 508; x_wconf 74' lang='lat' dir='ltr'><strong>leno</strong></span> 
     </span>
    </p>
   </div>
   <div class='ocr_carea' id='block_1_6' title="bbox 100 530 1666 602">
    <p class='ocr_par' dir='ltr' id='par_1_6' title="bbox 100 530 1666 602">
     <span class='ocr_line' id='line_1_6' title="bbox 100 530 1666 602; baseline 0.001 -17"><span class='ocrx_word' id='word_1_22' title='bbox 100 552 177 586; x_wconf 84' lang='grc' dir='ltr'><strong>του</strong></span> <span class='ocrx_word' id='word_1_23' title='bbox 221 530 645 602; x_wconf 77' lang='grc' dir='ltr'>ξηραινομένου,</span> <span class='ocrx_word' id='word_1_24' title='bbox 704 530 765 583; x_wconf 78' lang='grc' dir='ltr'>τὸ</span> <span class='ocrx_word' id='word_1_25' title='bbox 818 530 978 592; x_wconf 78' lang='grc' dir='ltr'>ἄνθος</span> <span class='ocrx_word' id='word_1_26' title='bbox 1028 532 1321 585; x_wconf 80' lang='grc' dir='ltr'>ἐκπίπτει·</span> <span class='ocrx_word' id='word_1_27' title='bbox 1379 531 1523 585; x_wconf 83' lang='grc' dir='ltr'>οὕτω</span> <span class='ocrx_word' id='word_1_28' title='bbox 1570 533 1666 586; x_wconf 80' lang='grc' dir='ltr'>τοῦ</span> 
     </span>
    </p>
   </div>
   <div class='ocr_carea' id='block_1_7' title="bbox 97 622 1667 696">
    <p class='ocr_par' dir='ltr' id='par_1_7' title="bbox 97 622 1667 696">
     <span class='ocr_line' id='line_1_7' title="bbox 97 622 1667 696; baseline -0.001 -18"><span class='ocrx_word' id='word_1_29' title='bbox 97 622 311 678; x_wconf 78' lang='grc' dir='ltr'><strong>Θανάτου</strong></span> <span class='ocrx_word' id='word_1_30' title='bbox 336 625 455 688; x_wconf 81' lang='grc' dir='ltr'>τοῖς</span> <span class='ocrx_word' id='word_1_31' title='bbox 479 623 795 695; x_wconf 82' lang='grc' dir='ltr'>ἀνθρώποις</span> <span class='ocrx_word' id='word_1_32' title='bbox 831 624 1097 687; x_wconf 79' lang='grc' dir='ltr'>ἐπιόντος,</span> <span class='ocrx_word' id='word_1_33' title='bbox 1132 627 1163 693; x_wconf 77' lang='grc' dir='ltr'>ἡ</span> <span class='ocrx_word' id='word_1_34' title='bbox 1195 623 1482 678; x_wconf 72' lang='grc' dir='ltr'>δυναστεία</span> <span class='ocrx_word' id='word_1_35' title='bbox 1514 626 1609 679; x_wconf 73' lang='grc' dir='ltr'><strong>καὶ</strong></span> <span class='ocrx_word' id='word_1_36' title='bbox 1633 627 1667 696; x_wconf 80' lang='grc' dir='ltr'>ἡ</span> 
     </span>
    </p>
   </div>
   <div class='ocr_carea' id='block_1_8' title="bbox 100 714 817 787">
    <p class='ocr_par' dir='ltr' id='par_1_8' title="bbox 100 714 817 787">
     <span class='ocr_line' id='line_1_8' title="bbox 100 714 817 787; baseline 0 -18"><span class='ocrx_word' id='word_1_37' title='bbox 100 718 463 787; x_wconf 74' lang='grc' dir='ltr'>ὑπερηφάνεια</span> <span class='ocrx_word' id='word_1_38' title='bbox 509 714 817 769; x_wconf 76' lang='grc' dir='ltr'>σὸέννυται.</span> 
     </span>
    </p>
   </div>
   <div class='ocr_carea' id='block_1_9' title="bbox 158 807 1667 882">
    <p class='ocr_par' dir='ltr' id='par_1_9' title="bbox 158 807 1667 882">
     <span class='ocr_line' id='line_1_9' title="bbox 158 807 1667 882; baseline 0.003 -21"><span class='ocrx_word' id='word_1_39' title='bbox 158 807 501 878; x_wconf 69' lang='grc' dir='ltr'>Πλουτάρχ.</span> <span class='ocrx_word' id='word_1_40' title='bbox 528 808 684 861; x_wconf 81' lang='grc' dir='ltr'><strong>-Τὰ</strong></span> <span class='ocrx_word' id='word_1_41' title='bbox 740 810 839 878; x_wconf 82' lang='grc' dir='ltr'>μὲν</span> <span class='ocrx_word' id='word_1_42' title='bbox 875 809 1020 880; x_wconf 79' lang='grc' dir='ltr'>φυτὰ</span> <span class='ocrx_word' id='word_1_43' title='bbox 1042 810 1151 863; x_wconf 85' lang='grc' dir='ltr'><strong>ἀπὸ</strong></span> <span class='ocrx_word' id='word_1_44' title='bbox 1183 810 1281 879; x_wconf 85' lang='grc' dir='ltr'>τῆς</span> <span class='ocrx_word' id='word_1_45' title='bbox 1315 808 1495 882; x_wconf 77' lang='grc' dir='ltr'>ῥίζης,</span> <span class='ocrx_word' id='word_1_46' title='bbox 1544 813 1577 881; x_wconf 79' lang='grc' dir='ltr'>ἡ</span> <span class='ocrx_word' id='word_1_47' title='bbox 1611 811 1667 865; x_wconf 75' lang='grc' dir='ltr'>δὲ</span> 
     </span>
    </p>
   </div>
   <div class='ocr_carea' id='block_1_10' title="bbox 99 898 1213 972">
    <p class='ocr_par' dir='ltr' id='par_1_10' title="bbox 99 898 1213 972">
     <span class='ocr_line' id='line_1_10' title="bbox 99 898 1213 972; baseline 0.002 -23"><span class='ocrx_word' id='word_1_48' title='bbox 99 898 227 963; x_wconf 77' lang='grc' dir='ltr'>δόξα,</span> <span class='ocrx_word' id='word_1_49' title='bbox 258 898 367 951; x_wconf 78' lang='grc' dir='ltr'><strong>ἀπὸ</strong></span> <span class='ocrx_word' id='word_1_50' title='bbox 395 899 502 969; x_wconf 78' lang='grc' dir='ltr'>τῆς</span> <span class='ocrx_word' id='word_1_51' title='bbox 540 898 761 971; x_wconf 84' lang='grc' dir='ltr'><strong>πρώτης</strong></span> <span class='ocrx_word' id='word_1_52' title='bbox 792 899 1007 972; x_wconf 76' lang='grc' dir='ltr'>λήψεως</span> <span class='ocrx_word' id='word_1_53' title='bbox 1037 898 1213 964; x_wconf 75' lang='grc' dir='ltr'>αὔξει.</span> 
     </span>
    </p>
   </div>
   <div class='ocr_carea' id='block_1_11' title="bbox 160 991 1667 1065">
    <p class='ocr_par' dir='ltr' id='par_1_11' title="bbox 160 991 1667 1065">
     <span class='ocr_line' id='line_1_11' title="bbox 160 991 1667 1065; baseline 0.011 -19"><span class='ocrx_word' id='word_1_54' title='bbox 160 992 344 1054; x_wconf 81' lang='grc' dir='ltr'>Οὐδεὶς</span> <span class='ocrx_word' id='word_1_55' title='bbox 373 992 686 1061; x_wconf 77' lang='grc' dir='ltr'>φροντίζων</span> <span class='ocrx_word' id='word_1_56' title='bbox 713 991 873 1064; x_wconf 78' lang='grc' dir='ltr'>δόξης</span> <span class='ocrx_word' id='word_1_57' title='bbox 902 991 1134 1062; x_wconf 77' lang='grc' dir='ltr'><strong>ἀγαθῆς,</strong></span> <span class='ocrx_word' id='word_1_58' title='bbox 1169 992 1367 1061; x_wconf 84' lang='grc' dir='ltr'>γένοιτ’</span> <span class='ocrx_word' id='word_1_59' title='bbox 1413 992 1479 1048; x_wconf 75' lang='grc' dir='ltr'>ἂν</span> <span class='ocrx_word' id='word_1_60' title='bbox 1530 993 1667 1065; x_wconf 78' lang='grc' dir='ltr'>ἀνὴρ</span> 
     </span>
    </p>
   </div>
   <div class='ocr_carea' id='block_1_12' title="bbox 102 1083 1669 1165">
    <p class='ocr_par' dir='ltr' id='par_1_12' title="bbox 102 1083 1669 1165">
     <span class='ocr_line' id='line_1_12' title="bbox 102 1083 1669 1165; baseline 0 -25"><span class='ocrx_word' id='word_1_61' title='bbox 102 1086 286 1155; x_wconf 73' lang='grc' dir='ltr'>φαῦλος</span> <span class='ocrx_word' id='word_1_62' title='bbox 309 1101 323 1112; x_wconf 88' lang='grc'><strong>·</strong></span> <span class='ocrx_word' id='word_1_63' title='bbox 361 1085 538 1139; x_wconf 81' lang='grc' dir='ltr'>καλὸν</span> <span class='ocrx_word' id='word_1_64' title='bbox 561 1084 639 1150; x_wconf 87' lang='grc' dir='ltr'>δὲ,</span> <span class='ocrx_word' id='word_1_65' title='bbox 676 1085 794 1137; x_wconf 76' lang='grc' dir='ltr'>ἀντὶ</span> <span class='ocrx_word' id='word_1_66' title='bbox 821 1083 1084 1155; x_wconf 78' lang='grc' dir='ltr'><strong>βραχείας</strong></span> <span class='ocrx_word' id='word_1_67' title='bbox 1116 1083 1468 1165; x_wconf 63' lang='grc' dir='ltr'>ἀπολαύσεως</span> <span class='ocrx_word' id='word_1_68' title='bbox 1505 1086 1669 1140; x_wconf 81' lang='grc' dir='ltr'>ἀλλά-</span> 
     </span>
    </p>
   </div>
   <div class='ocr_carea' id='block_1_13' title="bbox 102 1174 1483 1243">
    <p class='ocr_par' dir='ltr' id='par_1_13' title="bbox 102 1174 1483 1243">
     <span class='ocr_line' id='line_1_13' title="bbox 102 1174 1483 1243; baseline 0.001 -12"><span class='ocrx_word' id='word_1_69' title='bbox 102 1177 279 1243; x_wconf 81' lang='grc' dir='ltr'>ξασθαι</span> <span class='ocrx_word' id='word_1_70' title='bbox 308 1176 474 1242; x_wconf 81' lang='grc' dir='ltr'>δόξαν</span> <span class='ocrx_word' id='word_1_71' title='bbox 504 1176 747 1233; x_wconf 72' lang='grc' dir='ltr'>αἰώνιον.</span> <span class='ocrx_word' id='word_1_72' title='bbox 1478 1174 1483 1179; x_wconf 65' lang='grc'><em>’</em></span> 
     </span>
    </p>
   </div>
   <div class='ocr_carea' id='block_1_14' title="bbox 171 1351 1669 1424">
    <p class='ocr_par' dir='ltr' id='par_1_14' title="bbox 171 1351 1669 1424">
     <span class='ocr_line' id='line_1_14' title="bbox 171 1351 1669 1424; baseline 0.001 -18"><span class='ocrx_word' id='word_1_73' title='bbox 171 1351 623 1419; x_wconf 75' lang='grc' dir='ltr'>Ἀριστοτέλ.-</span> <span class='ocrx_word' id='word_1_74' title='bbox 659 1352 903 1423; x_wconf 77' lang='grc' dir='ltr'>Ἀξίωμα</span> <span class='ocrx_word' id='word_1_75' title='bbox 958 1352 1215 1424; x_wconf 84' lang='grc' dir='ltr'>μέγιστόν</span> <span class='ocrx_word' id='word_1_76' title='bbox 1268 1354 1437 1419; x_wconf 78' lang='grc' dir='ltr'>ἐστιν,</span> <span class='ocrx_word' id='word_1_77' title='bbox 1495 1356 1556 1408; x_wconf 82' lang='grc' dir='ltr'><strong>οὑ</strong></span> <span class='ocrx_word' id='word_1_78' title='bbox 1608 1356 1669 1408; x_wconf 84' lang='grc' dir='ltr'>τὸ</span> 
     </span>
    </p>
   </div>
   <div class='ocr_carea' id='block_1_15' title="bbox 104 1444 1664 1521">
    <p class='ocr_par' dir='ltr' id='par_1_15' title="bbox 104 1444 1664 1521">
     <span class='ocr_line' id='line_1_15' title="bbox 104 1444 1664 1521; baseline 0.003 -23"><span class='ocrx_word' id='word_1_79' title='bbox 104 1446 377 1515; x_wconf 75' lang='grc' dir='ltr'>κεχρῆσθαι</span> <span class='ocrx_word' id='word_1_80' title='bbox 405 1449 619 1512; x_wconf 80' lang='grc' dir='ltr'><strong>τιμαῖς,</strong></span> <span class='ocrx_word' id='word_1_81' title='bbox 652 1445 787 1500; x_wconf 82' lang='grc' dir='ltr'>ἀλλὰ</span> <span class='ocrx_word' id='word_1_82' title='bbox 809 1446 871 1499; x_wconf 80' lang='grc' dir='ltr'>τὸ</span> <span class='ocrx_word' id='word_1_83' title='bbox 901 1445 1050 1513; x_wconf 73' lang='grc' dir='ltr'>ἄξιον</span> <span class='ocrx_word' id='word_1_84' title='bbox 1072 1446 1265 1500; x_wconf 78' lang='grc' dir='ltr'>ἑαυτὸν</span> <span class='ocrx_word' id='word_1_85' title='bbox 1296 1444 1413 1518; x_wconf 59' lang='lat' dir='ltr'><strong>[Ion</strong></span> <span class='ocrx_word' id='word_1_86' title='bbox 1446 1447 1664 1521; x_wconf 81' lang='grc' dir='ltr'>αὐτῶν]</span> 
     </span>
    </p>
   </div>
   <div class='ocr_carea' id='block_1_16' title="bbox 104 1534 597 1607">
    <p class='ocr_par' dir='ltr' id='par_1_16' title="bbox 104 1534 597 1607">
     <span class='ocr_line' id='line_1_16' title="bbox 104 1534 597 1607; baseline 0.004 -18"><span class='ocrx_word' id='word_1_87' title='bbox 104 1534 221 1591; x_wconf 79' lang='grc' dir='ltr'>εἶναι</span> <span class='ocrx_word' id='word_1_88' title='bbox 247 1537 597 1607; x_wconf 75' lang='grc' dir='ltr'>νομίζεσθαι.</span> 
     </span>
    </p>
   </div>
   <div class='ocr_carea' id='block_1_17' title="bbox 1770 532 3340 605">
    <p class='ocr_par' dir='ltr' id='par_1_17' title="bbox 1770 532 3340 605">
     <span class='ocr_line' id='line_1_17' title="bbox 1770 532 3340 605; baseline 0.013 -21"><span class='ocrx_word' id='word_1_89' title='bbox 1770 541 2168 599; x_wconf 73' lang='lat' dir='ltr'><strong>exarescente,</strong></span> <span class='ocrx_word' id='word_1_90' title='bbox 2214 532 2315 589; x_wconf 82' lang='lat' dir='ltr'><strong>llos</strong></span> <span class='ocrx_word' id='word_1_91' title='bbox 2364 533 2604 601; x_wconf 80' lang='lat' dir='ltr'><strong>decidit;</strong></span> <span class='ocrx_word' id='word_1_92' title='bbox 2660 538 2742 592; x_wconf 87' lang='lat' dir='ltr'><strong>sic</strong></span> <span class='ocrx_word' id='word_1_93' title='bbox 2794 550 2970 595; x_wconf 87' lang='lat' dir='ltr'><strong>morte</strong></span> <span class='ocrx_word' id='word_1_94' title='bbox 3026 543 3340 605; x_wconf 79' lang='lat' dir='ltr'><strong>incessento</strong></span> 
     </span>
    </p>
   </div>
   <div class='ocr_carea' id='block_1_18' title="bbox 1767 624 3343 701">
    <p class='ocr_par' dir='ltr' id='par_1_18' title="bbox 1767 624 3343 701">
     <span class='ocr_line' id='line_1_18' title="bbox 1767 624 3343 701; baseline 0.012 -22"><span class='ocrx_word' id='word_1_95' title='bbox 1767 624 2137 696; x_wconf 70' lang='lat' dir='ltr'><strong>exstinguitur</strong></span> <span class='ocrx_word' id='word_1_96' title='bbox 2161 626 2428 697; x_wconf 84' lang='lat' dir='ltr'><strong>quidquid</strong></span> <span class='ocrx_word' id='word_1_97' title='bbox 2466 628 2718 685; x_wconf 58' lang='lat' dir='ltr'><strong>humana!</strong></span> <span class='ocrx_word' id='word_1_98' title='bbox 2756 632 3011 701; x_wconf 77' lang='lat' dir='ltr'><strong>potentia:</strong></span> <span class='ocrx_word' id='word_1_99' title='bbox 3034 650 3098 692; x_wconf 87' lang='lat' dir='ltr'><strong>ac</strong></span> <span class='ocrx_word' id='word_1_100' title='bbox 3124 639 3343 698; x_wconf 56' lang='lat' dir='ltr'><strong>claritao</strong></span> 
     </span>
    </p>
   </div>
   <div class='ocr_carea' id='block_1_19' title="bbox 1770 715 2107 771">
    <p class='ocr_par' dir='ltr' id='par_1_19' title="bbox 1770 715 2107 771">
     <span class='ocr_line' id='line_1_19' title="bbox 1770 715 2107 771; baseline 0.003 -2"><span class='ocrx_word' id='word_1_101' title='bbox 1770 715 1843 771; x_wconf 92' lang='lat' dir='ltr'><strong>tis</strong></span> <span class='ocrx_word' id='word_1_102' title='bbox 1874 717 2107 771; x_wconf 74' lang='lat' dir='ltr'><strong>exsistit.</strong></span> 
     </span>
    </p>
   </div>
   <div class='ocr_carea' id='block_1_20' title="bbox 1839 808 3345 894">
    <p class='ocr_par' dir='ltr' id='par_1_20' title="bbox 1839 808 3345 894">
     <span class='ocr_line' id='line_1_20' title="bbox 1839 808 3345 894; baseline 0.015 -34"><span class='ocrx_word' id='word_1_103' title='bbox 1839 808 2117 863; x_wconf 81' lang='lat' dir='ltr'><strong>Plutarch.</strong></span> <span class='ocrx_word' id='word_1_104' title='bbox 2149 841 2217 853; x_wconf 91' lang='lat'><strong><em>—</em></strong></span> <span class='ocrx_word' id='word_1_105' title='bbox 2252 809 2531 882; x_wconf 90' lang='lat' dir='ltr'><strong>Stirpibus</strong></span> <span class='ocrx_word' id='word_1_106' title='bbox 2564 814 2789 884; x_wconf 86' lang='lat' dir='ltr'><strong>quidem</strong></span> <span class='ocrx_word' id='word_1_107' title='bbox 2829 834 2857 872; x_wconf 72' lang='grc' dir='ltr'><strong>ει</strong></span> <span class='ocrx_word' id='word_1_108' title='bbox 2895 820 3080 877; x_wconf 84' lang='lat' dir='ltr'><strong>radice</strong></span> <span class='ocrx_word' id='word_1_109' title='bbox 3106 863 3120 887; x_wconf 89' lang='lat'><strong>,</strong></span> <span class='ocrx_word' id='word_1_110' title='bbox 3157 825 3345 894; x_wconf 79' lang='lat' dir='ltr'><strong>gloria:</strong></span> 
     </span>
    </p>
   </div>
   <div class='ocr_carea' id='block_1_21' title="bbox 1767 903 2937 979">
    <p class='ocr_par' dir='ltr' id='par_1_21' title="bbox 1767 903 2937 979">
     <span class='ocr_line' id='line_1_21' title="bbox 1767 903 2937 979; baseline 0.009 -24"><span class='ocrx_word' id='word_1_111' title='bbox 1767 914 1900 956; x_wconf 88' lang='lat' dir='ltr'><strong>vero</strong></span> <span class='ocrx_word' id='word_1_112' title='bbox 1926 917 1956 956; x_wconf 89' lang='lat' dir='ltr'><strong>a</strong></span> <span class='ocrx_word' id='word_1_113' title='bbox 1989 903 2170 972; x_wconf 92' lang='lat' dir='ltr'><strong>primo</strong></span> <span class='ocrx_word' id='word_1_114' title='bbox 2192 918 2421 960; x_wconf 88' lang='lat' dir='ltr'><strong>munere</strong></span> <span class='ocrx_word' id='word_1_115' title='bbox 2444 914 2530 960; x_wconf 87' lang='lat' dir='ltr'><strong>est</strong></span> <span class='ocrx_word' id='word_1_116' title='bbox 2567 917 2627 962; x_wconf 91' lang='lat' dir='ltr'><strong>ut</strong></span> <span class='ocrx_word' id='word_1_117' title='bbox 2650 920 2937 979; x_wconf 79' lang='lat' dir='ltr'><strong>augeatur.</strong></span> 
     </span>
    </p>
   </div>
   <div class='ocr_carea' id='block_1_22' title="bbox 1832 993 3347 1075">
    <p class='ocr_par' dir='ltr' id='par_1_22' title="bbox 1832 993 3347 1075">
     <span class='ocr_line' id='line_1_22' title="bbox 1832 993 3347 1075; baseline 0.013 -28"><span class='ocrx_word' id='word_1_118' title='bbox 1832 993 2026 1059; x_wconf 86' lang='lat' dir='ltr'><strong>Nemo,</strong></span> <span class='ocrx_word' id='word_1_119' title='bbox 2072 995 2191 1065; x_wconf 87' lang='lat' dir='ltr'><strong>ejus</strong></span> <span class='ocrx_word' id='word_1_120' title='bbox 2237 997 2426 1067; x_wconf 74' lang='lat' dir='ltr'><strong>gloria:</strong></span> <span class='ocrx_word' id='word_1_121' title='bbox 2457 1014 2578 1069; x_wconf 65' lang='lat' dir='ltr'><strong>quae</strong></span> <span class='ocrx_word' id='word_1_122' title='bbox 2619 1000 2761 1055; x_wconf 87' lang='lat' dir='ltr'><strong>bona</strong></span> <span class='ocrx_word' id='word_1_123' title='bbox 2812 1015 2897 1057; x_wconf 91' lang='lat' dir='ltr'><strong>est</strong></span> <span class='ocrx_word' id='word_1_124' title='bbox 2933 1004 3087 1075; x_wconf 88' lang='lat' dir='ltr'><strong>(boni</strong></span> <span class='ocrx_word' id='word_1_125' title='bbox 3134 1008 3347 1066; x_wconf 88' lang='lat' dir='ltr'><strong>scilicet</strong></span> 
     </span>
    </p>
   </div>
   <div class='ocr_carea' id='block_1_23' title="bbox 1768 1084 3347 1165">
    <p class='ocr_par' dir='ltr' id='par_1_23' title="bbox 1768 1084 3347 1165">
     <span class='ocr_line' id='line_1_23' title="bbox 1768 1084 3347 1165; baseline 0.011 -27"><span class='ocrx_word' id='word_1_126' title='bbox 1768 1084 2032 1156; x_wconf 88' lang='lat' dir='ltr'><strong>nominis)</strong></span> <span class='ocrx_word' id='word_1_127' title='bbox 2058 1087 2371 1155; x_wconf 89' lang='lat' dir='ltr'><strong>studiosus,</strong></span> <span class='ocrx_word' id='word_1_128' title='bbox 2406 1088 2566 1145; x_wconf 82' lang='lat' dir='ltr'><strong>facile</strong></span> <span class='ocrx_word' id='word_1_129' title='bbox 2586 1093 2673 1145; x_wconf 91' lang='lat' dir='ltr'><strong>vir</strong></span> <span class='ocrx_word' id='word_1_130' title='bbox 2704 1094 2880 1148; x_wconf 88' lang='lat' dir='ltr'><strong>malus</strong></span> <span class='ocrx_word' id='word_1_131' title='bbox 2902 1098 3203 1165; x_wconf 76' lang='lat' dir='ltr'><strong>exstiterit;</strong></span> <span class='ocrx_word' id='word_1_132' title='bbox 3250 1102 3347 1157; x_wconf 67' lang='grc' dir='ltr'><strong>ὕοι</strong></span> 
     </span>
    </p>
   </div>
   <div class='ocr_carea' id='block_1_24' title="bbox 1768 1181 3346 1261">
    <p class='ocr_par' dir='ltr' id='par_1_24' title="bbox 1768 1181 3346 1261">
     <span class='ocr_line' id='line_1_24' title="bbox 1768 1181 3346 1261; baseline 0.013 -32"><span class='ocrx_word' id='word_1_133' title='bbox 1768 1191 1901 1229; x_wconf 92' lang='lat' dir='ltr'><strong>num</strong></span> <span class='ocrx_word' id='word_1_134' title='bbox 1926 1186 2112 1233; x_wconf 90' lang='lat' dir='ltr'><strong>autem</strong></span> <span class='ocrx_word' id='word_1_135' title='bbox 2143 1187 2251 1244; x_wconf 92' lang='lat' dir='ltr'><strong>est,</strong></span> <span class='ocrx_word' id='word_1_136' title='bbox 2289 1196 2390 1250; x_wconf 91' lang='lat' dir='ltr'><strong>pro</strong></span> <span class='ocrx_word' id='word_1_137' title='bbox 2422 1181 2576 1237; x_wconf 84' lang='lat' dir='ltr'><strong>brevi</strong></span> <span class='ocrx_word' id='word_1_138' title='bbox 2607 1183 2887 1254; x_wconf 87' lang='lat' dir='ltr'><strong>voluptate</strong></span> <span class='ocrx_word' id='word_1_139' title='bbox 2907 1222 2922 1251; x_wconf 91' lang='lat'><strong>,</strong></span> <span class='ocrx_word' id='word_1_140' title='bbox 2957 1190 3346 1261; x_wconf 86' lang='lat' dir='ltr'><strong>sempiternam</strong></span> 
     </span>
    </p>
   </div>
   <div class='ocr_carea' id='block_1_25' title="bbox 1768 1269 2385 1340">
    <p class='ocr_par' dir='ltr' id='par_1_25' title="bbox 1768 1269 2385 1340">
     <span class='ocr_line' id='line_1_25' title="bbox 1768 1269 2385 1340; baseline 0.011 -18"><span class='ocrx_word' id='word_1_141' title='bbox 1768 1269 1998 1340; x_wconf 89' lang='lat' dir='ltr'><strong>gloriam</strong></span> <span class='ocrx_word' id='word_1_142' title='bbox 2023 1281 2385 1329; x_wconf 87' lang='lat' dir='ltr'><strong>commutare.</strong></span> 
     </span>
    </p>
   </div>
   <div class='ocr_carea' id='block_1_26' title="bbox 1841 1361 3346 1439">
    <p class='ocr_par' dir='ltr' id='par_1_26' title="bbox 1841 1361 3346 1439">
     <span class='ocr_line' id='line_1_26' title="bbox 1841 1361 3346 1439; baseline 0.011 -23"><span class='ocrx_word' id='word_1_143' title='bbox 1841 1361 2110 1417; x_wconf 78' lang='lat' dir='ltr'><strong>Aristotel.</strong></span> <span class='ocrx_word' id='word_1_144' title='bbox 2144 1395 2214 1403; x_wconf 94' lang='lat'><strong>—</strong></span> <span class='ocrx_word' id='word_1_145' title='bbox 2248 1364 2484 1420; x_wconf 78' lang='lat' dir='ltr'><strong>Maxima</strong></span> <span class='ocrx_word' id='word_1_146' title='bbox 2520 1362 2758 1439; x_wconf 85' lang='lat' dir='ltr'><strong>dignitas</strong></span> <span class='ocrx_word' id='word_1_147' title='bbox 2783 1379 2888 1437; x_wconf 90' lang='lat' dir='ltr'><strong>est,</strong></span> <span class='ocrx_word' id='word_1_148' title='bbox 2916 1386 3028 1427; x_wconf 90' lang='lat' dir='ltr'><strong>non</strong></span> <span class='ocrx_word' id='word_1_149' title='bbox 3074 1374 3346 1431; x_wconf 89' lang='lat' dir='ltr'><strong>honorum</strong></span> 
     </span>
    </p>
   </div>
   <div class='ocr_carea' id='block_1_27' title="bbox 1769 1456 3001 1530">
    <p class='ocr_par' dir='ltr' id='par_1_27' title="bbox 1769 1456 3001 1530">
     <span class='ocr_line' id='line_1_27' title="bbox 1769 1456 3001 1530; baseline 0.011 -25"><span class='ocrx_word' id='word_1_150' title='bbox 1769 1463 2079 1522; x_wconf 89' lang='lat' dir='ltr'><strong>compotem</strong></span> <span class='ocrx_word' id='word_1_151' title='bbox 2111 1470 2254 1522; x_wconf 90' lang='lat' dir='ltr'><strong>csse,</strong></span> <span class='ocrx_word' id='word_1_152' title='bbox 2284 1457 2379 1511; x_wconf 86' lang='lat' dir='ltr'><strong>sed</strong></span> <span class='ocrx_word' id='word_1_153' title='bbox 2410 1456 2517 1512; x_wconf 88' lang='lat' dir='ltr'><strong>illis</strong></span> <span class='ocrx_word' id='word_1_154' title='bbox 2546 1458 2770 1530; x_wconf 87' lang='lat' dir='ltr'><strong>dignum</strong></span> <span class='ocrx_word' id='word_1_155' title='bbox 2794 1462 3001 1519; x_wconf 89' lang='lat' dir='ltr'><strong>videri.-</strong></span> 
     </span>
    </p>
   </div>
   <div class='ocr_carea' id='block_1_28' title="bbox 172 1623 1667 1707">
    <p class='ocr_par' dir='ltr' id='par_1_28' title="bbox 172 1623 1667 1701">
     <span class='ocr_line' id='line_1_28' title="bbox 172 1623 1667 1701; baseline 0.001 -17"><span class='ocrx_word' id='word_1_156' title='bbox 172 1630 455 1698; x_wconf 82' lang='grc' dir='ltr'>Ἰσοκράτ.</span> <span class='ocrx_word' id='word_1_157' title='bbox 476 1662 528 1671; x_wconf 91' lang='grc'><strong>-</strong></span> <span class='ocrx_word' id='word_1_158' title='bbox 573 1623 672 1685; x_wconf 82' lang='grc' dir='ltr'>Ὧν</span> <span class='ocrx_word' id='word_1_159' title='bbox 698 1631 796 1695; x_wconf 76' lang='grc' dir='ltr'><strong>τὰς</strong></span> <span class='ocrx_word' id='word_1_160' title='bbox 824 1629 980 1695; x_wconf 80' lang='grc' dir='ltr'><strong>δόξας</strong></span> <span class='ocrx_word' id='word_1_161' title='bbox 1011 1630 1213 1701; x_wconf 79' lang='grc' dir='ltr'>ζηλοῖς,</span> <span class='ocrx_word' id='word_1_162' title='bbox 1244 1632 1449 1684; x_wconf 76' lang='grc' dir='ltr'>τούτων</span> <span class='ocrx_word' id='word_1_163' title='bbox 1480 1633 1571 1685; x_wconf 74' lang='grc' dir='ltr'>καὶ</span> <span class='ocrx_word' id='word_1_164' title='bbox 1600 1632 1667 1685; x_wconf 71' lang='grc' dir='ltr'>τὰ</span> 
     </span>
    </p>
   </div>
   <div class='ocr_carea' id='block_1_29' title="bbox 1800 1623 3344 1707">
    <p class='ocr_par' dir='ltr' id='par_1_29' title="bbox 1840 1628 3344 1707">
     <span class='ocr_line' id='line_1_29' title="bbox 1840 1628 3344 1707; baseline 0.013 -26"><span class='ocrx_word' id='word_1_165' title='bbox 1840 1628 2060 1683; x_wconf 87' lang='lat' dir='ltr'><strong>lsocrat.</strong></span> <span class='ocrx_word' id='word_1_166' title='bbox 2095 1628 2338 1697; x_wconf 91' lang='lat' dir='ltr'><strong>Quorum</strong></span> <span class='ocrx_word' id='word_1_167' title='bbox 2362 1634 2550 1704; x_wconf 60' lang='lat' dir='ltr'><strong>gloriae</strong></span> <span class='ocrx_word' id='word_1_168' title='bbox 2573 1635 2764 1691; x_wconf 86' lang='lat' dir='ltr'><strong>titulos</strong></span> <span class='ocrx_word' id='word_1_169' title='bbox 2792 1640 3090 1707; x_wconf 70' lang='lat' dir='ltr'><strong>armularis,</strong></span> <span class='ocrx_word' id='word_1_170' title='bbox 3124 1642 3344 1702; x_wconf 85' lang='lat' dir='ltr'><strong>illorum</strong></span> 
     </span>
    </p>
   </div>
   <div class='ocr_carea' id='block_1_30' title="bbox 109 1720 1667 1796">
    <p class='ocr_par' dir='ltr' id='par_1_30' title="bbox 109 1724 528 1796">
     <span class='ocr_line' id='line_1_30' title="bbox 109 1724 528 1796; baseline 0.005 -19"><span class='ocrx_word' id='word_1_171' title='bbox 109 1724 259 1791; x_wconf 74' lang='grc' dir='ltr'>ἀγαθὰ</span> <span class='ocrx_word' id='word_1_172' title='bbox 288 1724 528 1796; x_wconf 81' lang='grc' dir='ltr'>πράξῃς.</span> 
     </span>
    </p>
   </div>
   <div class='ocr_carea' id='block_1_31' title="bbox 1800 1720 2387 1796">
    <p class='ocr_par' dir='ltr' id='par_1_31' title="bbox 1806 1720 2387 1778">
     <span class='ocr_line' id='line_1_31' title="bbox 1806 1720 2387 1778; baseline 0.003 -4"><span class='ocrx_word' id='word_1_173' title='bbox 1806 1720 1935 1774; x_wconf 86' lang='lat' dir='ltr'><strong>liam</strong></span> <span class='ocrx_word' id='word_1_174' title='bbox 1971 1722 2118 1777; x_wconf 90' lang='lat' dir='ltr'><strong>coles</strong></span> <span class='ocrx_word' id='word_1_175' title='bbox 2136 1723 2387 1778; x_wconf 77' lang='lat' dir='ltr'><strong>virtutes.</strong></span> 
     </span>
    </p>
   </div>
   <div class='ocr_carea' id='block_1_32' title="bbox 170 1793 1667 1897">
    <p class='ocr_par' dir='ltr' id='par_1_32' title="bbox 170 1793 1665 1890">
     <span class='ocr_line' id='line_1_32' title="bbox 170 1793 1665 1890; baseline 0.001 -21"><span class='ocrx_word' id='word_1_176' title='bbox 170 1818 355 1882; x_wconf 79' lang='grc' dir='ltr'><strong>’1νόος</strong></span> <span class='ocrx_word' id='word_1_177' title='bbox 400 1793 935 1885; x_wconf 66' lang='grc' dir='ltr'>τοξευτής.-Τὸν</span> <span class='ocrx_word' id='word_1_178' title='bbox 979 1816 1149 1872; x_wconf 83' lang='grc' dir='ltr'>Ἰνδον</span> <span class='ocrx_word' id='word_1_179' title='bbox 1182 1818 1277 1872; x_wconf 82' lang='grc' dir='ltr'><strong>τὸν</strong></span> <span class='ocrx_word' id='word_1_180' title='bbox 1323 1819 1557 1890; x_wconf 80' lang='grc' dir='ltr'>μέγιστα</span> <span class='ocrx_word' id='word_1_181' title='bbox 1577 1818 1665 1871; x_wconf 87' lang='grc' dir='ltr'>δο-</span> 
     </span>
    </p>
   </div>
   <div class='ocr_carea' id='block_1_33' title="bbox 1800 1793 3345 1897">
    <p class='ocr_par' dir='ltr' id='par_1_33' title="bbox 1841 1812 3345 1897">
     <span class='ocr_line' id='line_1_33' title="bbox 1841 1812 3345 1897; baseline 0.011 -29"><span class='ocrx_word' id='word_1_182' title='bbox 1841 1812 2008 1868; x_wconf 86' lang='lat' dir='ltr'><strong>Indus</strong></span> <span class='ocrx_word' id='word_1_183' title='bbox 2043 1818 2375 1886; x_wconf 74' lang='lat' dir='ltr'><strong>sagittarius.</strong></span> <span class='ocrx_word' id='word_1_184' title='bbox 2415 1848 2484 1857; x_wconf 86' lang='lat'><strong>-—</strong></span> <span class='ocrx_word' id='word_1_185' title='bbox 2514 1816 2705 1875; x_wconf 91' lang='lat' dir='ltr'><strong>Indum</strong></span> <span class='ocrx_word' id='word_1_186' title='bbox 2740 1823 3019 1880; x_wconf 85' lang='lat' dir='ltr'><strong>hominem</strong></span> <span class='ocrx_word' id='word_1_187' title='bbox 3052 1822 3345 1897; x_wconf 82' lang='lat' dir='ltr'><strong>sagittandi</strong></span> 
     </span>
    </p>
   </div>
   <div class='ocr_carea' id='block_1_34' title="bbox 112 1906 3347 1990">
    <p class='ocr_par' dir='ltr' id='par_1_34' title="bbox 112 1906 3347 1990">
     <span class='ocr_line' id='line_1_34' title="bbox 112 1906 3347 1990; baseline 0.006 -33"><span class='ocrx_word' id='word_1_188' title='bbox 112 1907 298 1972; x_wconf 78' lang='grc' dir='ltr'>κοῦντα,</span> <span class='ocrx_word' id='word_1_189' title='bbox 353 1910 450 1961; x_wconf 79' lang='grc' dir='ltr'><strong>καὶ</strong></span> <span class='ocrx_word' id='word_1_190' title='bbox 505 1908 804 1979; x_wconf 86' lang='grc' dir='ltr'>λεγόμενον</span> <span class='ocrx_word' id='word_1_191' title='bbox 859 1910 947 1965; x_wconf 74' lang='grc' dir='ltr'><strong>διὰ</strong></span> <span class='ocrx_word' id='word_1_192' title='bbox 1014 1911 1300 1966; x_wconf 75' lang='grc' dir='ltr'><strong>δακτυλίου</strong></span> <span class='ocrx_word' id='word_1_193' title='bbox 1352 1913 1444 1966; x_wconf 78' lang='grc' dir='ltr'><strong>τὸν</strong></span> <span class='ocrx_word' id='word_1_194' title='bbox 1489 1914 1669 1967; x_wconf 78' lang='grc' dir='ltr'>ὀϊστὸν</span> <span class='ocrx_word' id='word_1_195' title='bbox 1769 1906 1968 1976; x_wconf 86' lang='lat' dir='ltr'><strong>peritia</strong></span> <span class='ocrx_word' id='word_1_196' title='bbox 1996 1908 2623 1981; x_wconf 89' lang='lat' dir='ltr'><strong>elarissimum,quique</strong></span> <span class='ocrx_word' id='word_1_197' title='bbox 2654 1928 2753 1983; x_wconf 88' lang='lat' dir='ltr'><strong>per</strong></span> <span class='ocrx_word' id='word_1_198' title='bbox 2780 1917 3044 1971; x_wconf 88' lang='lat' dir='ltr'><strong>annulum</strong></span> <span class='ocrx_word' id='word_1_199' title='bbox 3088 1919 3347 1990; x_wconf 85' lang='lat' dir='ltr'><strong>sagittam</strong></span> 
     </span>
    </p>
   </div>
   <div class='ocr_carea' id='block_1_35' title="bbox 114 2000 1667 2078">
    <p class='ocr_par' dir='ltr' id='par_1_35' title="bbox 114 2001 1667 2077">
     <span class='ocr_line' id='line_1_35' title="bbox 114 2001 1667 2077; baseline 0.005 -25"><span class='ocrx_word' id='word_1_200' title='bbox 114 2001 318 2069; x_wconf 71' lang='grc' dir='ltr'>ὰ;ιέναι,</span> <span class='ocrx_word' id='word_1_201' title='bbox 371 2001 667 2055; x_wconf 78' lang='grc' dir='ltr'>ἐκέλευσεν</span> <span class='ocrx_word' id='word_1_202' title='bbox 723 2002 1137 2069; x_wconf 76' lang='grc' dir='ltr'>ἐπιδείξασθαιο</span> <span class='ocrx_word' id='word_1_203' title='bbox 1206 2005 1303 2059; x_wconf 75' lang='grc' dir='ltr'>καὶ</span> <span class='ocrx_word' id='word_1_204' title='bbox 1362 2009 1434 2077; x_wconf 85' lang='grc' dir='ltr'>μὴ</span> <span class='ocrx_word' id='word_1_205' title='bbox 1481 2005 1667 2075; x_wconf 80' lang='grc' dir='ltr'>βουλό-</span> 
     </span>
    </p>
   </div>
   <div class='ocr_carea' id='block_1_36' title="bbox 1800 2000 3349 2078">
    <p class='ocr_par' dir='ltr' id='par_1_36' title="bbox 1800 2000 3349 2078">
     <span class='ocr_line' id='line_1_36' title="bbox 1800 2000 3349 2078; baseline 0.01 -26"><span class='ocrx_word' id='word_1_206' title='bbox 1800 2000 2143 2054; x_wconf 88' lang='lat' dir='ltr'><strong>ransmittere</strong></span> <span class='ocrx_word' id='word_1_207' title='bbox 2174 2001 2455 2057; x_wconf 88' lang='lat' dir='ltr'><strong>diceretur</strong></span> <span class='ocrx_word' id='word_1_208' title='bbox 2475 2044 2490 2069; x_wconf 87' lang='lat'><strong>,</strong></span> <span class='ocrx_word' id='word_1_209' title='bbox 2532 2006 2845 2062; x_wconf 82' lang='lat' dir='ltr'><strong>Alexander</strong></span> <span class='ocrx_word' id='word_1_210' title='bbox 2877 2009 3155 2078; x_wconf 86' lang='lat' dir='ltr'><strong>specimen</strong></span> <span class='ocrx_word' id='word_1_211' title='bbox 3211 2013 3349 2067; x_wconf 87' lang='lat' dir='ltr'><strong>artis</strong></span> 
     </span>
    </p>
   </div>
   <div class='ocr_carea' id='block_1_37' title="bbox 115 2088 1667 2169">
    <p class='ocr_par' dir='ltr' id='par_1_37' title="bbox 115 2093 1667 2168">
     <span class='ocr_line' id='line_1_37' title="bbox 115 2093 1667 2168; baseline 0.006 -24"><span class='ocrx_word' id='word_1_212' title='bbox 115 2110 265 2161; x_wconf 67' lang='grc' dir='ltr'>μενον,</span> <span class='ocrx_word' id='word_1_213' title='bbox 297 2093 581 2164; x_wconf 76' lang='grc' dir='ltr'>ὀργισθεὶς</span> <span class='ocrx_word' id='word_1_214' title='bbox 601 2094 811 2147; x_wconf 79' lang='grc' dir='ltr'>ἀνελεῖν</span> <span class='ocrx_word' id='word_1_215' title='bbox 841 2098 1200 2168; x_wconf 81' lang='grc' dir='ltr'>προσέταξεν.</span> <span class='ocrx_word' id='word_1_216' title='bbox 1251 2100 1407 2153; x_wconf 79' lang='grc' dir='ltr'>Ἐπεὶ</span> <span class='ocrx_word' id='word_1_217' title='bbox 1464 2100 1521 2154; x_wconf 77' lang='grc' dir='ltr'>δὲ</span> <span class='ocrx_word' id='word_1_218' title='bbox 1560 2101 1667 2154; x_wconf 85' lang='grc' dir='ltr'><strong>ἀπ-</strong></span> 
     </span>
    </p>
   </div>
   <div class='ocr_carea' id='block_1_38' title="bbox 1800 2088 3347 2169">
    <p class='ocr_par' dir='ltr' id='par_1_38' title="bbox 1800 2088 3347 2163">
     <span class='ocr_line' id='line_1_38' title="bbox 1800 2088 3347 2163; baseline 0.011 -20"><span class='ocrx_word' id='word_1_219' title='bbox 1800 2092 1900 2144; x_wconf 81' lang='lat' dir='ltr'><strong>‘are</strong></span> <span class='ocrx_word' id='word_1_220' title='bbox 1918 2088 2121 2161; x_wconf 86' lang='lat' dir='ltr'><strong>jussit:</strong></span> <span class='ocrx_word' id='word_1_221' title='bbox 2152 2092 2301 2162; x_wconf 88' lang='lat' dir='ltr'><strong>quod</strong></span> <span class='ocrx_word' id='word_1_222' title='bbox 2323 2093 2613 2163; x_wconf 84' lang='lat' dir='ltr'><strong>imperium</strong></span> <span class='ocrx_word' id='word_1_223' title='bbox 2640 2111 2764 2152; x_wconf 91' lang='lat' dir='ltr'><strong>cum</strong></span> <span class='ocrx_word' id='word_1_224' title='bbox 2788 2097 3347 2163; x_wconf 85' lang='lat' dir='ltr'><strong>detrectaret,accen-</strong></span> 
     </span>
    </p>
   </div>
   <div class='ocr_carea' id='block_1_39' title="bbox 114 2181 1667 2263">
    <p class='ocr_par' dir='ltr' id='par_1_39' title="bbox 114 2181 1667 2259">
     <span class='ocr_line' id='line_1_39' title="bbox 114 2181 1667 2259; baseline 0.009 -29"><span class='ocrx_word' id='word_1_225' title='bbox 114 2181 343 2248; x_wconf 64' lang='grc' dir='ltr'>αῖόμενος</span> <span class='ocrx_word' id='word_1_226' title='bbox 385 2183 414 2234; x_wconf 87' lang='grc' dir='ltr'><strong>ό</strong></span> <span class='ocrx_word' id='word_1_227' title='bbox 448 2181 743 2252; x_wconf 86' lang='grc' dir='ltr'>ἄνθρωπος</span> <span class='ocrx_word' id='word_1_228' title='bbox 771 2184 925 2254; x_wconf 79' lang='grc' dir='ltr'>ἔλεγε</span> <span class='ocrx_word' id='word_1_229' title='bbox 952 2188 1087 2258; x_wconf 84' lang='grc' dir='ltr'>πρὸς</span> <span class='ocrx_word' id='word_1_230' title='bbox 1112 2189 1237 2253; x_wconf 80' lang='grc' dir='ltr'>τοὺς</span> <span class='ocrx_word' id='word_1_231' title='bbox 1282 2190 1532 2259; x_wconf 81' lang='grc' dir='ltr'>ἄγοντας,</span> <span class='ocrx_word' id='word_1_232' title='bbox 1586 2191 1667 2245; x_wconf 88' lang='grc' dir='ltr'>ὄτι</span> 
     </span>
    </p>
   </div>
   <div class='ocr_carea' id='block_1_40' title="bbox 1800 2181 3348 2263">
    <p class='ocr_par' dir='ltr' id='par_1_40' title="bbox 1800 2184 3348 2263">
     <span class='ocr_line' id='line_1_40' title="bbox 1800 2184 3348 2263; baseline 0.01 -26"><span class='ocrx_word' id='word_1_233' title='bbox 1800 2198 1827 2237; x_wconf 88' lang='lat' dir='ltr'><strong>a</strong></span> <span class='ocrx_word' id='word_1_234' title='bbox 1869 2184 1925 2237; x_wconf 91' lang='lat' dir='ltr'><strong>in</strong></span> <span class='ocrx_word' id='word_1_235' title='bbox 1956 2199 2082 2238; x_wconf 90' lang='lat' dir='ltr'><strong>eum</strong></span> <span class='ocrx_word' id='word_1_236' title='bbox 2129 2185 2231 2250; x_wconf 84' lang='lat' dir='ltr'><strong>ira,</strong></span> <span class='ocrx_word' id='word_1_237' title='bbox 2264 2186 2442 2241; x_wconf 86' lang='lat' dir='ltr'><strong>occidi</strong></span> <span class='ocrx_word' id='word_1_238' title='bbox 2480 2203 2607 2241; x_wconf 91' lang='lat' dir='ltr'><strong>eum</strong></span> <span class='ocrx_word' id='word_1_239' title='bbox 2644 2191 2903 2262; x_wconf 87' lang='lat' dir='ltr'><strong>princeps</strong></span> <span class='ocrx_word' id='word_1_240' title='bbox 2935 2193 3241 2263; x_wconf 88' lang='lat' dir='ltr'><strong>imperavit.</strong></span> <span class='ocrx_word' id='word_1_241' title='bbox 3296 2198 3348 2253; x_wconf 89' lang='lat' dir='ltr'><strong>Is</strong></span> 
     </span>
    </p>
   </div>
   <div class='ocr_carea' id='block_1_41' title="bbox 118 2272 1667 2354">
    <p class='ocr_par' dir='ltr' id='par_1_41' title="bbox 118 2272 1667 2353">
     <span class='ocr_line' id='line_1_41' title="bbox 118 2272 1667 2353; baseline 0.01 -30"><span class='ocrx_word' id='word_1_242' title='bbox 118 2272 257 2335; x_wconf 73' lang='grc' dir='ltr'>Πολὺς</span> <span class='ocrx_word' id='word_1_243' title='bbox 307 2274 496 2344; x_wconf 83' lang='grc' dir='ltr'>χρόνος</span> <span class='ocrx_word' id='word_1_244' title='bbox 541 2277 697 2329; x_wconf 73' lang='grc' dir='ltr'>ἐστὶν</span> <span class='ocrx_word' id='word_1_245' title='bbox 755 2280 848 2346; x_wconf 84' lang='grc' dir='ltr'><strong>ἀφ’</strong></span> <span class='ocrx_word' id='word_1_246' title='bbox 890 2274 951 2334; x_wconf 76' lang='grc' dir='ltr'>οὗ</span> <span class='ocrx_word' id='word_1_247' title='bbox 1000 2280 1092 2333; x_wconf 72' lang='grc' dir='ltr'><strong>ἐπὶ</strong></span> <span class='ocrx_word' id='word_1_248' title='bbox 1142 2284 1331 2353; x_wconf 83' lang='grc' dir='ltr'>χεῖρας</span> <span class='ocrx_word' id='word_1_249' title='bbox 1364 2282 1517 2348; x_wconf 77' lang='grc' dir='ltr'>τόξον</span> <span class='ocrx_word' id='word_1_250' title='bbox 1568 2284 1667 2338; x_wconf 81' lang='grc' dir='ltr'><strong>οὐκ</strong></span> 
     </span>
    </p>
   </div>
   <div class='ocr_carea' id='block_1_42' title="bbox 1800 2272 3347 2354">
    <p class='ocr_par' dir='ltr' id='par_1_42' title="bbox 1800 2276 3347 2354">
     <span class='ocr_line' id='line_1_42' title="bbox 1800 2276 3347 2354; baseline 0.01 -25"><span class='ocrx_word' id='word_1_251' title='bbox 1800 2288 1935 2329; x_wconf 61' lang='grc' dir='ltr'>μοι-ιο</span> <span class='ocrx_word' id='word_1_252' title='bbox 1968 2290 2094 2331; x_wconf 91' lang='lat' dir='ltr'><strong>cum</strong></span> <span class='ocrx_word' id='word_1_253' title='bbox 2127 2276 2446 2341; x_wconf 87' lang='lat' dir='ltr'><strong>duceretur,</strong></span> <span class='ocrx_word' id='word_1_254' title='bbox 2476 2278 2767 2335; x_wconf 88' lang='lat' dir='ltr'><strong>lictoribus</strong></span> <span class='ocrx_word' id='word_1_255' title='bbox 2800 2284 2969 2354; x_wconf 62' lang='lat' dir='ltr'><strong>carpit</strong></span> <span class='ocrx_word' id='word_1_256' title='bbox 3005 2286 3213 2354; x_wconf 85' lang='lat' dir='ltr'><strong>dicere,</strong></span> <span class='ocrx_word' id='word_1_257' title='bbox 3251 2288 3347 2344; x_wconf 87' lang='lat' dir='ltr'><strong>diu</strong></span> 
     </span>
    </p>
   </div>
   <div class='ocr_carea' id='block_1_43' title="bbox 117 2361 1668 2443">
    <p class='ocr_par' dir='ltr' id='par_1_43' title="bbox 117 2361 1668 2443">
     <span class='ocr_line' id='line_1_43' title="bbox 117 2361 1668 2443; baseline 0.013 -32"><span class='ocrx_word' id='word_1_258' title='bbox 117 2361 291 2425; x_wconf 72' lang='grc' dir='ltr'>ἔλαϐον,</span> <span class='ocrx_word' id='word_1_259' title='bbox 318 2364 413 2417; x_wconf 77' lang='grc' dir='ltr'><strong>καὶ</strong></span> <span class='ocrx_word' id='word_1_260' title='bbox 435 2365 500 2418; x_wconf 80' lang='grc' dir='ltr'>τὸ</span> <span class='ocrx_word' id='word_1_261' title='bbox 530 2366 832 2437; x_wconf 83' lang='grc' dir='ltr'>ἀποτυχεῖν</span> <span class='ocrx_word' id='word_1_262' title='bbox 864 2371 1159 2443; x_wconf 75' lang='grc' dir='ltr'>ἐφοϐήθην.</span> <span class='ocrx_word' id='word_1_263' title='bbox 1202 2373 1468 2439; x_wconf 75' lang='grc' dir='ltr'>Ἀκούσας</span> <span class='ocrx_word' id='word_1_264' title='bbox 1491 2376 1668 2430; x_wconf 78' lang='grc' dir='ltr'>ταῦτα</span> 
     </span>
    </p>
   </div>
   <div class='ocr_carea' id='block_1_44' title="bbox 128 2454 1667 2541">
    <p class='ocr_par' dir='ltr' id='par_1_44' title="bbox 128 2454 1667 2541">
     <span class='ocr_line' id='line_1_44' title="bbox 128 2454 1667 2541; baseline 0.012 -36"><span class='ocrx_word' id='word_1_265' title='bbox 128 2454 459 2529; x_wconf 71' lang='grc' dir='ltr'>Ἀλέξανδρος,</span> <span class='ocrx_word' id='word_1_266' title='bbox 515 2460 803 2531; x_wconf 80' lang='grc' dir='ltr'>ἐθαύμασε</span> <span class='ocrx_word' id='word_1_267' title='bbox 844 2462 939 2516; x_wconf 76' lang='grc' dir='ltr'><strong>καὶ</strong></span> <span class='ocrx_word' id='word_1_268' title='bbox 993 2465 1227 2520; x_wconf 85' lang='grc' dir='ltr'>ἀπέλυσε</span> <span class='ocrx_word' id='word_1_269' title='bbox 1284 2468 1426 2538; x_wconf 84' lang='grc' dir='ltr'>μετὰ</span> <span class='ocrx_word' id='word_1_270' title='bbox 1476 2468 1667 2541; x_wconf 85' lang='grc' dir='ltr'>δώρων</span> 
     </span>
    </p>
   </div>
   <div class='ocr_carea' id='block_1_45' title="bbox 118 2546 1665 2632">
    <p class='ocr_par' dir='ltr' id='par_1_45' title="bbox 118 2546 1665 2632">
     <span class='ocr_line' id='line_1_45' title="bbox 118 2546 1665 2632; baseline 0.013 -37"><span class='ocrx_word' id='word_1_271' title='bbox 118 2546 267 2610; x_wconf 67' lang='grc' dir='ltr'>αὐτὸν,</span> <span class='ocrx_word' id='word_1_272' title='bbox 298 2549 374 2601; x_wconf 81' lang='grc' dir='ltr'>ὅτι</span> <span class='ocrx_word' id='word_1_273' title='bbox 406 2550 617 2620; x_wconf 81' lang='grc' dir='ltr'>μᾶλλον</span> <span class='ocrx_word' id='word_1_274' title='bbox 654 2553 946 2608; x_wconf 80' lang='grc' dir='ltr'>ἀποθανεῖν</span> <span class='ocrx_word' id='word_1_275' title='bbox 982 2556 1295 2625; x_wconf 75' lang='grc' dir='ltr'>ὑπέμεινεν,</span> <span class='ocrx_word' id='word_1_276' title='bbox 1329 2556 1480 2629; x_wconf 75' lang='grc' dir='ltr'>ἢτῆς</span> <span class='ocrx_word' id='word_1_277' title='bbox 1507 2560 1665 2632; x_wconf 80' lang='grc' dir='ltr'><strong>δόξης</strong></span> 
     </span>
    </p>
   </div>
   <div class='ocr_carea' id='block_1_46' title="bbox 120 2636 587 2714">
    <p class='ocr_par' dir='ltr' id='par_1_46' title="bbox 120 2636 587 2714">
     <span class='ocr_line' id='line_1_46' title="bbox 120 2636 587 2714; baseline 0.021 -28"><span class='ocrx_word' id='word_1_278' title='bbox 120 2636 299 2703; x_wconf 77' lang='grc' dir='ltr'>ἀνάξιος</span> <span class='ocrx_word' id='word_1_279' title='bbox 326 2644 587 2714; x_wconf 79' lang='grc' dir='ltr'>φανῆναι.</span> 
     </span>
    </p>
   </div>
   <div class='ocr_carea' id='block_1_47' title="bbox 178 2816 1663 2901">
    <p class='ocr_par' dir='ltr' id='par_1_47' title="bbox 178 2816 1663 2901">
     <span class='ocr_line' id='line_1_47' title="bbox 178 2816 1663 2901; baseline 0.009 -33"><span class='ocrx_word' id='word_1_280' title='bbox 178 2816 577 2886; x_wconf 51' lang='grc' dir='ltr'>Θεοφράστμ-</span> <span class='ocrx_word' id='word_1_281' title='bbox 602 2821 678 2874; x_wconf 74' lang='grc' dir='ltr'><strong>Οὐ</strong></span> <span class='ocrx_word' id='word_1_282' title='bbox 707 2822 815 2893; x_wconf 78' lang='grc' dir='ltr'>γὰρ</span> <span class='ocrx_word' id='word_1_283' title='bbox 848 2824 907 2888; x_wconf 81' lang='grc' dir='ltr'>ἐξ</span> <span class='ocrx_word' id='word_1_284' title='bbox 936 2825 1154 2895; x_wconf 73' lang='grc' dir='ltr'>ὁμιλίας</span> <span class='ocrx_word' id='word_1_285' title='bbox 1184 2826 1265 2879; x_wconf 81' lang='grc' dir='ltr'>δεῖ</span> <span class='ocrx_word' id='word_1_286' title='bbox 1311 2829 1405 2880; x_wconf 72' lang='grc' dir='ltr'><strong>καὶ</strong></span> <span class='ocrx_word' id='word_1_287' title='bbox 1444 2829 1663 2901; x_wconf 75' lang='grc' dir='ltr'>χάριτος</span> 
     </span>
    </p>
   </div>
   <div class='ocr_carea' id='block_1_48' title="bbox 122 2905 1480 2988">
    <p class='ocr_par' dir='ltr' id='par_1_48' title="bbox 122 2905 1480 2988">
     <span class='ocr_line' id='line_1_48' title="bbox 122 2905 1480 2988; baseline 0.013 -34"><span class='ocrx_word' id='word_1_288' title='bbox 122 2905 198 2967; x_wconf 72' lang='grc' dir='ltr'>τὰς</span> <span class='ocrx_word' id='word_1_289' title='bbox 221 2908 391 2978; x_wconf 83' lang='grc' dir='ltr'>τιμὰς,</span> <span class='ocrx_word' id='word_1_290' title='bbox 420 2909 537 2965; x_wconf 79' lang='grc' dir='ltr'>ἀλλ’</span> <span class='ocrx_word' id='word_1_291' title='bbox 581 2914 645 2966; x_wconf 79' lang='grc' dir='ltr'><strong>ὲκ</strong></span> <span class='ocrx_word' id='word_1_292' title='bbox 672 2913 782 2969; x_wconf 85' lang='grc' dir='ltr'><strong>τῶν</strong></span> <span class='ocrx_word' id='word_1_293' title='bbox 811 2916 1065 2987; x_wconf 77' lang='grc' dir='ltr'>πράξεων</span> <span class='ocrx_word' id='word_1_294' title='bbox 1095 2916 1414 2988; x_wconf 80' lang='grc' dir='ltr'>λαμϐάνειν.</span> <span class='ocrx_word' id='word_1_295' title='bbox 1468 2964 1480 2972; x_wconf 87' lang='grc'><strong>.</strong></span> 
     </span>
    </p>
   </div>
   <div class='ocr_carea' id='block_1_49' title="bbox 186 3082 1661 3165">
    <p class='ocr_par' dir='ltr' id='par_1_49' title="bbox 186 3082 1661 3165">
     <span class='ocr_line' id='line_1_49' title="bbox 186 3082 1661 3165; baseline 0.008 -27"><span class='ocrx_word' id='word_1_296' title='bbox 186 3082 933 3163; x_wconf 57' lang='grc' dir='ltr'>Ἠρακλμέ-Συντομωτάτην</span> <span class='ocrx_word' id='word_1_297' title='bbox 960 3093 1079 3148; x_wconf 70' lang='grc' dir='ltr'>ὁδὸν</span> <span class='ocrx_word' id='word_1_298' title='bbox 1119 3096 1147 3147; x_wconf 85' lang='grc' dir='ltr'>ὁ</span> <span class='ocrx_word' id='word_1_299' title='bbox 1185 3096 1347 3160; x_wconf 68' lang='grc' dir='ltr'>αὐτὸς</span> <span class='ocrx_word' id='word_1_300' title='bbox 1374 3096 1555 3165; x_wconf 75' lang='grc' dir='ltr'>ἔλεγεν</span> <span class='ocrx_word' id='word_1_301' title='bbox 1582 3098 1661 3161; x_wconf 85' lang='grc' dir='ltr'>εἰς</span> 
     </span>
    </p>
   </div>
   <div class='ocr_carea' id='block_1_50' title="bbox 127 3174 965 3249">
    <p class='ocr_par' dir='ltr' id='par_1_50' title="bbox 127 3174 965 3249">
     <span class='ocr_line' id='line_1_50' title="bbox 127 3174 965 3249; baseline 0.018 -25"><span class='ocrx_word' id='word_1_302' title='bbox 127 3174 348 3241; x_wconf 67' lang='grc' dir='ltr'>εὐδοξίαν,</span> <span class='ocrx_word' id='word_1_303' title='bbox 370 3178 431 3232; x_wconf 77' lang='grc' dir='ltr'>τὸ</span> <span class='ocrx_word' id='word_1_304' title='bbox 452 3181 715 3249; x_wconf 74' lang='grc' dir='ltr'>γενέσθαι</span> <span class='ocrx_word' id='word_1_305' title='bbox 742 3183 965 3249; x_wconf 83' lang='grc' dir='ltr'>ἀγαθόν.</span> 
     </span>
    </p>
   </div>
   <div class='ocr_carea' id='block_1_51' title="bbox 179 3269 1666 3352">
    <p class='ocr_par' dir='ltr' id='par_1_51' title="bbox 179 3269 1666 3352">
     <span class='ocr_line' id='line_1_51' title="bbox 179 3269 1666 3352; baseline 0.011 -32"><span class='ocrx_word' id='word_1_306' title='bbox 179 3269 434 3339; x_wconf 73' lang='grc' dir='ltr'>Φίλωνος.</span> <span class='ocrx_word' id='word_1_307' title='bbox 458 3305 529 3314; x_wconf 95' lang='lat'><em>—</em></span> <span class='ocrx_word' id='word_1_308' title='bbox 565 3275 621 3329; x_wconf 91' lang='lat'><strong>&#39;0</strong></span> <span class='ocrx_word' id='word_1_309' title='bbox 640 3276 826 3346; x_wconf 85' lang='grc' dir='ltr'>μαθὼν</span> <span class='ocrx_word' id='word_1_310' title='bbox 852 3278 1138 3348; x_wconf 79' lang='grc' dir='ltr'>ἄρχεσθαι,</span> <span class='ocrx_word' id='word_1_311' title='bbox 1170 3281 1262 3335; x_wconf 71' lang='grc' dir='ltr'><strong>καὶ</strong></span> <span class='ocrx_word' id='word_1_312' title='bbox 1289 3281 1476 3352; x_wconf 80' lang='grc' dir='ltr'>ἄρχειν</span> <span class='ocrx_word' id='word_1_313' title='bbox 1505 3281 1666 3346; x_wconf 80' lang='grc' dir='ltr'>εὐθὺς</span> 
     </span>
    </p>
   </div>
   <div class='ocr_carea' id='block_1_52' title="bbox 132 3360 1669 3444">
    <p class='ocr_par' dir='ltr' id='par_1_52' title="bbox 132 3360 1669 3444">
     <span class='ocr_line' id='line_1_52' title="bbox 132 3360 1669 3444; baseline 0.01 -33"><span class='ocrx_word' id='word_1_314' title='bbox 132 3360 365 3425; x_wconf 79' lang='grc' dir='ltr'>μανθάνει.</span> <span class='ocrx_word' id='word_1_315' title='bbox 398 3364 533 3418; x_wconf 73' lang='grc' dir='ltr'>Οὐδὲ</span> <span class='ocrx_word' id='word_1_316' title='bbox 581 3367 687 3437; x_wconf 72' lang='grc' dir='ltr'><strong>γὰρ</strong></span> <span class='ocrx_word' id='word_1_317' title='bbox 722 3369 771 3421; x_wconf 77' lang='grc' dir='ltr'>εἰ</span> <span class='ocrx_word' id='word_1_318' title='bbox 814 3370 995 3440; x_wconf 83' lang='grc' dir='ltr'>πάσης</span> <span class='ocrx_word' id='word_1_319' title='bbox 1029 3372 1133 3442; x_wconf 80' lang='grc' dir='ltr'><strong>γῆς</strong></span> <span class='ocrx_word' id='word_1_320' title='bbox 1172 3373 1270 3426; x_wconf 73' lang='grc' dir='ltr'>καὶ</span> <span class='ocrx_word' id='word_1_321' title='bbox 1305 3372 1580 3444; x_wconf 77' lang='grc' dir='ltr'>Θαλάσσης</span> <span class='ocrx_word' id='word_1_322' title='bbox 1606 3374 1669 3427; x_wconf 76' lang='grc' dir='ltr'><strong>τὸ</strong></span> 
     </span>
    </p>
   </div>
   <div class='ocr_carea' id='block_1_53' title="bbox 129 3453 1663 3538">
    <p class='ocr_par' dir='ltr' id='par_1_53' title="bbox 129 3453 1663 3538">
     <span class='ocr_line' id='line_1_53' title="bbox 129 3453 1663 3538; baseline 0.005 -27"><span class='ocrx_word' id='word_1_323' title='bbox 129 3453 291 3519; x_wconf 75' lang='grc' dir='ltr'>κράτος</span> <span class='ocrx_word' id='word_1_324' title='bbox 328 3458 597 3529; x_wconf 77' lang='grc' dir='ltr'>ἁνάψαιτό</span> <span class='ocrx_word' id='word_1_325' title='bbox 626 3477 730 3525; x_wconf 83' lang='grc' dir='ltr'>τις,</span> <span class='ocrx_word' id='word_1_326' title='bbox 782 3461 968 3532; x_wconf 82' lang='grc' dir='ltr'>ἄρχων</span> <span class='ocrx_word' id='word_1_327' title='bbox 997 3463 1064 3517; x_wconf 83' lang='grc' dir='ltr'>ἂν</span> <span class='ocrx_word' id='word_1_328' title='bbox 1102 3464 1188 3537; x_wconf 84' lang='grc' dir='ltr'><strong>είη</strong></span> <span class='ocrx_word' id='word_1_329' title='bbox 1218 3465 1355 3537; x_wconf 86' lang='grc' dir='ltr'>πρὸς</span> <span class='ocrx_word' id='word_1_330' title='bbox 1384 3465 1663 3538; x_wconf 80' lang='grc' dir='ltr'>ἀλήθειαν,</span> 
     </span>
    </p>
   </div>
   <div class='ocr_carea' id='block_1_54' title="bbox 130 3545 1400 3628">
    <p class='ocr_par' dir='ltr' id='par_1_54' title="bbox 130 3545 1400 3628">
     <span class='ocr_line' id='line_1_54' title="bbox 130 3545 1400 3628; baseline 0.014 -35"><span class='ocrx_word' id='word_1_331' title='bbox 130 3545 167 3595; x_wconf 82' lang='lat' dir='ltr'><strong>ti</strong></span> <span class='ocrx_word' id='word_1_332' title='bbox 194 3546 255 3615; x_wconf 80' lang='grc' dir='ltr'>μὴ</span> <span class='ocrx_word' id='word_1_333' title='bbox 278 3548 412 3622; x_wconf 83' lang='grc' dir='ltr'>μάθῃ</span> <span class='ocrx_word' id='word_1_334' title='bbox 438 3554 530 3605; x_wconf 76' lang='grc' dir='ltr'><strong>καὶ</strong></span> <span class='ocrx_word' id='word_1_335' title='bbox 568 3554 990 3626; x_wconf 85' lang='grc' dir='ltr'>προπαιδευθείη</span> <span class='ocrx_word' id='word_1_336' title='bbox 1018 3555 1079 3610; x_wconf 84' lang='grc' dir='ltr'>τὺ</span> <span class='ocrx_word' id='word_1_337' title='bbox 1112 3556 1400 3628; x_wconf 82' lang='grc' dir='ltr'>ἄρχεσθαι.</span> 
     </span>
    </p>
   </div>
   <div class='ocr_carea' id='block_1_55' title="bbox 194 3724 1667 3809">
    <p class='ocr_par' dir='ltr' id='par_1_55' title="bbox 194 3724 1667 3809">
     <span class='ocr_line' id='line_1_55' title="bbox 194 3724 1667 3809; baseline 0.01 -33"><span class='ocrx_word' id='word_1_338' title='bbox 194 3724 504 3793; x_wconf 73' lang='grc' dir='ltr'>Ἰωσήππου</span> <span class='ocrx_word' id='word_1_339' title='bbox 588 3732 1196 3801; x_wconf 76' lang='grc' dir='ltr'>Ἀρχαιολ.--Ῑ]άντες</span> <span class='ocrx_word' id='word_1_340' title='bbox 1270 3736 1320 3789; x_wconf 77' lang='grc' dir='ltr'>οἱ</span> <span class='ocrx_word' id='word_1_341' title='bbox 1405 3736 1667 3809; x_wconf 80' lang='grc' dir='ltr'>ἄρχεσθαι</span> 
     </span>
    </p>
   </div>
   <div class='ocr_carea' id='block_1_56' title="bbox 132 3814 1667 3900">
    <p class='ocr_par' dir='ltr' id='par_1_56' title="bbox 132 3814 1667 3900">
     <span class='ocr_line' id='line_1_56' title="bbox 132 3814 1667 3900; baseline 0.013 -36"><span class='ocrx_word' id='word_1_342' title='bbox 132 3814 278 3879; x_wconf 85' lang='grc' dir='ltr'>καλῶς</span> <span class='ocrx_word' id='word_1_343' title='bbox 304 3823 702 3894; x_wconf 83' lang='grc' dir='ltr'>μεμαθηκότες,</span> <span class='ocrx_word' id='word_1_344' title='bbox 740 3825 836 3879; x_wconf 80' lang='grc' dir='ltr'><strong>καὶ</strong></span> <span class='ocrx_word' id='word_1_345' title='bbox 874 3826 1063 3898; x_wconf 76' lang='grc' dir='ltr'>ἄρχειν</span> <span class='ocrx_word' id='word_1_346' title='bbox 1097 3828 1333 3884; x_wconf 76' lang='grc' dir='ltr'>εἴσονται</span> <span class='ocrx_word' id='word_1_347' title='bbox 1371 3827 1667 3900; x_wconf 85' lang='grc' dir='ltr'>παρελθόν·</span> 
     </span>
    </p>
   </div>
   <div class='ocr_carea' id='block_1_57' title="bbox 130 3909 590 3975">
    <p class='ocr_par' dir='ltr' id='par_1_57' title="bbox 130 3909 590 3975">
     <span class='ocr_line' id='line_1_57' title="bbox 130 3909 590 3975; baseline 0.026 -17"><span class='ocrx_word' id='word_1_348' title='bbox 130 3919 202 3967; x_wconf 81' lang='grc' dir='ltr'><strong>τες</strong></span> <span class='ocrx_word' id='word_1_349' title='bbox 226 3909 295 3973; x_wconf 86' lang='grc' dir='ltr'><strong>είς</strong></span> <span class='ocrx_word' id='word_1_350' title='bbox 321 3910 590 3975; x_wconf 78' lang='grc' dir='ltr'>ἐξουσίαν.</span> 
     </span>
    </p>
   </div>
   <div class='ocr_carea' id='block_1_58' title="bbox 650 4030 1100 4087">
    <p class='ocr_par' dir='ltr' id='par_1_58' title="bbox 650 4030 1100 4087">
     <span class='ocr_line' id='line_1_58' title="bbox 650 4030 1100 4087; baseline 0.007 -3"><span class='ocrx_word' id='word_1_351' title='bbox 650 4030 864 4086; x_wconf 81' lang='grc' dir='ltr'><strong>ΛΟΓΟΣ</strong></span> <span class='ocrx_word' id='word_1_352' title='bbox 906 4033 1016 4085; x_wconf 90' lang='lat' dir='ltr'><strong>MZ&#39;</strong></span> <span class='ocrx_word' id='word_1_353' title='bbox 1060 4034 1100 4087; x_wconf 85' lang='lat'><strong>&#39;.</strong></span> 
     </span>
    </p>
   </div>
   <div class='ocr_carea' id='block_1_59' title="bbox 563 4122 1203 4194">
    <p class='ocr_par' dir='ltr' id='par_1_59' title="bbox 563 4122 1203 4194">
     <span class='ocr_line' id='line_1_59' title="bbox 563 4122 1203 4194; baseline 0 -19"><span class='ocrx_word' id='word_1_354' title='bbox 563 4122 704 4190; x_wconf 78' lang='grc' dir='ltr'>Περὶ</span> <span class='ocrx_word' id='word_1_355' title='bbox 756 4124 1203 4194; x_wconf 69' lang='grc' dir='ltr'>γλωσσαλγίας.</span> 
     </span>
    </p>
   </div>
   <div class='ocr_carea' id='block_1_60' title="bbox 190 4228 1669 4313">
    <p class='ocr_par' dir='ltr' id='par_1_60' title="bbox 190 4228 1669 4313">
     <span class='ocr_line' id='line_1_60' title="bbox 190 4228 1669 4313; baseline 0.013 -33"><span class='ocrx_word' id='word_1_356' title='bbox 190 4228 348 4287; x_wconf 72' lang='lat' dir='ltr'><strong>Maro.</strong></span> <span class='ocrx_word' id='word_1_357' title='bbox 383 4234 735 4307; x_wconf 79' lang='grc' dir='ltr'>ιϐ’.-Λέγω</span> <span class='ocrx_word' id='word_1_358' title='bbox 760 4238 816 4292; x_wconf 75' lang='grc' dir='ltr'>δὲ</span> <span class='ocrx_word' id='word_1_359' title='bbox 866 4239 1016 4309; x_wconf 81' lang='grc' dir='ltr'>ὑμῖν,</span> <span class='ocrx_word' id='word_1_360' title='bbox 1051 4241 1134 4294; x_wconf 83' lang='grc' dir='ltr'>ὅτι</span> <span class='ocrx_word' id='word_1_361' title='bbox 1163 4243 1273 4296; x_wconf 75' lang='grc' dir='ltr'>πᾶν</span> <span class='ocrx_word' id='word_1_362' title='bbox 1301 4242 1475 4313; x_wconf 80' lang='grc' dir='ltr'>ῥῆμα,</span> <span class='ocrx_word' id='word_1_363' title='bbox 1510 4243 1539 4298; x_wconf 82' lang='grc' dir='ltr'>ὃ</span> <span class='ocrx_word' id='word_1_364' title='bbox 1574 4245 1669 4298; x_wconf 77' lang='grc' dir='ltr'><strong>ἐὰν</strong></span> 
     </span>
    </p>
   </div>
   <div class='ocr_carea' id='block_1_61' title="bbox 136 4314 1669 4409">
    <p class='ocr_par' dir='ltr' id='par_1_61' title="bbox 136 4314 1669 4409">
     <span class='ocr_line' id='line_1_61' title="bbox 136 4314 1669 4409; baseline 0.018 -41"><span class='ocrx_word' id='word_1_365' title='bbox 136 4314 398 4409; x_wconf 74' lang='grc' dir='ltr'>λαλήσωσιν</span> <span class='ocrx_word' id='word_1_366' title='bbox 445 4330 495 4382; x_wconf 82' lang='grc' dir='ltr'>οἱ</span> <span class='ocrx_word' id='word_1_367' title='bbox 554 4329 876 4401; x_wconf 78' lang='grc' dir='ltr'>ἄνθρωποι,</span> <span class='ocrx_word' id='word_1_368' title='bbox 927 4333 1268 4388; x_wconf 79' lang='grc' dir='ltr'>ἀποδώσουσι</span> <span class='ocrx_word' id='word_1_369' title='bbox 1326 4335 1483 4404; x_wconf 86' lang='grc' dir='ltr'>λόγον</span> <span class='ocrx_word' id='word_1_370' title='bbox 1541 4337 1669 4409; x_wconf 72' lang='grc' dir='ltr'>περὶ</span> 
     </span>
    </p>
   </div>
   <div class='ocr_carea' id='block_1_62' title="bbox 1764 2365 3345 2449">
    <p class='ocr_par' dir='ltr' id='par_1_62' title="bbox 1764 2365 3345 2449">
     <span class='ocr_line' id='line_1_62' title="bbox 1764 2365 3345 2449; baseline 0.011 -31"><span class='ocrx_word' id='word_1_371' title='bbox 1764 2365 1873 2435; x_wconf 79' lang='lat' dir='ltr'><strong>jam</strong></span> <span class='ocrx_word' id='word_1_372' title='bbox 1901 2381 2020 2422; x_wconf 88' lang='lat' dir='ltr'><strong>esse</strong></span> <span class='ocrx_word' id='word_1_373' title='bbox 2054 2383 2121 2423; x_wconf 82' lang='lat' dir='ltr'><strong>ex</strong></span> <span class='ocrx_word' id='word_1_374' title='bbox 2144 2383 2254 2438; x_wconf 92' lang='lat' dir='ltr'><strong>quo</strong></span> <span class='ocrx_word' id='word_1_375' title='bbox 2280 2384 2471 2423; x_wconf 91' lang='lat' dir='ltr'><strong>arcum</strong></span> <span class='ocrx_word' id='word_1_376' title='bbox 2506 2369 2560 2424; x_wconf 92' lang='lat' dir='ltr'><strong>in</strong></span> <span class='ocrx_word' id='word_1_377' title='bbox 2606 2387 2802 2428; x_wconf 88' lang='lat' dir='ltr'><strong>manus</strong></span> <span class='ocrx_word' id='word_1_378' title='bbox 2840 2390 2949 2430; x_wconf 90' lang='lat' dir='ltr'><strong>non</strong></span> <span class='ocrx_word' id='word_1_379' title='bbox 3001 2380 3345 2449; x_wconf 83' lang='lat' dir='ltr'><strong>sumpsisset,</strong></span> 
     </span>
    </p>
   </div>
   <div class='ocr_carea' id='block_1_63' title="bbox 1767 2458 3347 2532">
    <p class='ocr_par' dir='ltr' id='par_1_63' title="bbox 1767 2458 3347 2532">
     <span class='ocr_line' id='line_1_63' title="bbox 1767 2458 3347 2532; baseline 0.009 -22"><span class='ocrx_word' id='word_1_380' title='bbox 1767 2471 1831 2512; x_wconf 87' lang='lat' dir='ltr'><strong>ac</strong></span> <span class='ocrx_word' id='word_1_381' title='bbox 1866 2474 1935 2513; x_wconf 91' lang='lat' dir='ltr'><strong>ne</strong></span> <span class='ocrx_word' id='word_1_382' title='bbox 1963 2458 2269 2524; x_wconf 88' lang='lat' dir='ltr'><strong>aberraret,</strong></span> <span class='ocrx_word' id='word_1_383' title='bbox 2308 2460 2577 2516; x_wconf 88' lang='lat' dir='ltr'><strong>timuisse.</strong></span> <span class='ocrx_word' id='word_1_384' title='bbox 2616 2461 2831 2528; x_wconf 87' lang='lat' dir='ltr'><strong>Quibus</strong></span> <span class='ocrx_word' id='word_1_385' title='bbox 2859 2467 3083 2532; x_wconf 89' lang='lat' dir='ltr'><strong>auditis,</strong></span> <span class='ocrx_word' id='word_1_386' title='bbox 3109 2468 3347 2527; x_wconf 81' lang='lat' dir='ltr'><strong>Alexan-</strong></span> 
     </span>
    </p>
   </div>
   <div class='ocr_carea' id='block_1_64' title="bbox 1766 2547 3348 2632">
    <p class='ocr_par' dir='ltr' id='par_1_64' title="bbox 1766 2547 3348 2632">
     <span class='ocr_line' id='line_1_64' title="bbox 1766 2547 3348 2632; baseline 0.011 -31"><span class='ocrx_word' id='word_1_387' title='bbox 1766 2547 1866 2604; x_wconf 89' lang='lat' dir='ltr'><strong>der</strong></span> <span class='ocrx_word' id='word_1_388' title='bbox 1906 2550 2187 2606; x_wconf 90' lang='lat' dir='ltr'><strong>hominem</strong></span> <span class='ocrx_word' id='word_1_389' title='bbox 2221 2551 2475 2617; x_wconf 86' lang='lat' dir='ltr'><strong>miratus,</strong></span> <span class='ocrx_word' id='word_1_390' title='bbox 2498 2554 2644 2623; x_wconf 91' lang='lat' dir='ltr'><strong>quod</strong></span> <span class='ocrx_word' id='word_1_391' title='bbox 2678 2558 2817 2612; x_wconf 91' lang='lat' dir='ltr'><strong>mori</strong></span> <span class='ocrx_word' id='word_1_392' title='bbox 2854 2559 3155 2628; x_wconf 88' lang='lat' dir='ltr'><strong>maluisset,</strong></span> <span class='ocrx_word' id='word_1_393' title='bbox 3181 2577 3348 2632; x_wconf 90' lang='lat' dir='ltr'><strong>quam</strong></span> 
     </span>
    </p>
   </div>
   <div class='ocr_carea' id='block_1_65' title="bbox 1767 2640 3348 2715">
    <p class='ocr_par' dir='ltr' id='par_1_65' title="bbox 1767 2640 3348 2715">
     <span class='ocr_line' id='line_1_65' title="bbox 1767 2640 3348 2715; baseline 0.012 -22"><span class='ocrx_word' id='word_1_394' title='bbox 1767 2650 1830 2695; x_wconf 92' lang='lat' dir='ltr'><strong>ut</strong></span> <span class='ocrx_word' id='word_1_395' title='bbox 1858 2640 2115 2712; x_wconf 91' lang='lat' dir='ltr'><strong>indignus</strong></span> <span class='ocrx_word' id='word_1_396' title='bbox 2154 2642 2320 2715; x_wconf 69' lang='grc'><strong>646</strong></span> <span class='ocrx_word' id='word_1_397' title='bbox 2362 2644 2535 2715; x_wconf 85' lang='lat' dir='ltr'><strong>gloria</strong></span> <span class='ocrx_word' id='word_1_398' title='bbox 2569 2646 2876 2714; x_wconf 88' lang='lat' dir='ltr'><strong>videretur,</strong></span> <span class='ocrx_word' id='word_1_399' title='bbox 2933 2654 3175 2710; x_wconf 88' lang='lat' dir='ltr'><strong>solutum</strong></span> <span class='ocrx_word' id='word_1_400' title='bbox 3220 2671 3348 2711; x_wconf 88' lang='lat' dir='ltr'><strong>cum</strong></span> 
     </span>
    </p>
   </div>
   <div class='ocr_carea' id='block_1_66' title="bbox 1768 2734 2353 2789">
    <p class='ocr_par' dir='ltr' id='par_1_66' title="bbox 1768 2734 2353 2789">
     <span class='ocr_line' id='line_1_66' title="bbox 1768 2734 2353 2789; baseline 0.005 -3"><span class='ocrx_word' id='word_1_401' title='bbox 1768 2734 2093 2788; x_wconf 89' lang='lat' dir='ltr'><strong>muneribus</strong></span> <span class='ocrx_word' id='word_1_402' title='bbox 2121 2734 2353 2789; x_wconf 89' lang='lat' dir='ltr'><strong>dimisit.</strong></span> 
     </span>
    </p>
   </div>
   <div class='ocr_carea' id='block_1_67' title="bbox 1834 2825 3346 2909">
    <p class='ocr_par' dir='ltr' id='par_1_67' title="bbox 1834 2825 3346 2909">
     <span class='ocr_line' id='line_1_67' title="bbox 1834 2825 3346 2909; baseline 0.011 -30"><span class='ocrx_word' id='word_1_403' title='bbox 1834 2825 2179 2897; x_wconf 86' lang='lat' dir='ltr'><strong>Theophrast.</strong></span> <span class='ocrx_word' id='word_1_404' title='bbox 2198 2858 2245 2868; x_wconf 84' lang='lat'><strong>-</strong></span> <span class='ocrx_word' id='word_1_405' title='bbox 2284 2826 2403 2881; x_wconf 88' lang='lat' dir='ltr'><strong>Non</strong></span> <span class='ocrx_word' id='word_1_406' title='bbox 2432 2844 2498 2883; x_wconf 81' lang='lat' dir='ltr'><strong>ex</strong></span> <span class='ocrx_word' id='word_1_407' title='bbox 2528 2834 2801 2888; x_wconf 87' lang='lat' dir='ltr'><strong>sermonis</strong></span> <span class='ocrx_word' id='word_1_408' title='bbox 2828 2836 3161 2892; x_wconf 90' lang='lat' dir='ltr'><strong>commercio</strong></span> <span class='ocrx_word' id='word_1_409' title='bbox 3181 2847 3346 2909; x_wconf 88' lang='lat' dir='ltr'><strong>atque</strong></span> 
     </span>
    </p>
   </div>
   <div class='ocr_carea' id='block_1_68' title="bbox 1766 2918 3346 2997">
    <p class='ocr_par' dir='ltr' id='par_1_68' title="bbox 1766 2918 3346 2997">
     <span class='ocr_line' id='line_1_68' title="bbox 1766 2918 3346 2997; baseline 0.01 -27"><span class='ocrx_word' id='word_1_410' title='bbox 1766 2918 1936 2986; x_wconf 87' lang='lat' dir='ltr'><strong>gratia</strong></span> <span class='ocrx_word' id='word_1_411' title='bbox 1983 2920 2236 2973; x_wconf 87' lang='lat' dir='ltr'><strong>sumendi</strong></span> <span class='ocrx_word' id='word_1_412' title='bbox 2284 2920 2546 2988; x_wconf 86' lang='lat' dir='ltr'><strong>honores,</strong></span> <span class='ocrx_word' id='word_1_413' title='bbox 2580 2924 2676 2978; x_wconf 91' lang='lat' dir='ltr'><strong>sed</strong></span> <span class='ocrx_word' id='word_1_414' title='bbox 2725 2941 2792 2980; x_wconf 78' lang='lat' dir='ltr'><strong>ex</strong></span> <span class='ocrx_word' id='word_1_415' title='bbox 2834 2925 2902 2980; x_wconf 91' lang='lat' dir='ltr'><strong>iis</strong></span> <span class='ocrx_word' id='word_1_416' title='bbox 2931 2942 3054 2996; x_wconf 72' lang='lat' dir='ltr'><strong>quae</strong></span> <span class='ocrx_word' id='word_1_417' title='bbox 3081 2930 3346 2997; x_wconf 70' lang='lat' dir='ltr'><strong>praeclare</strong></span> 
     </span>
    </p>
   </div>
   <div class='ocr_carea' id='block_1_69' title="bbox 1765 3011 2383 3083">
    <p class='ocr_par' dir='ltr' id='par_1_69' title="bbox 1765 3011 2383 3083">
     <span class='ocr_line' id='line_1_69' title="bbox 1765 3011 2383 3083; baseline 0.008 -20"><span class='ocrx_word' id='word_1_418' title='bbox 1765 3024 1943 3080; x_wconf 85' lang='lat' dir='ltr'><strong>exque</strong></span> <span class='ocrx_word' id='word_1_419' title='bbox 1970 3011 2175 3067; x_wconf 88' lang='lat' dir='ltr'><strong>virtute</strong></span> <span class='ocrx_word' id='word_1_420' title='bbox 2207 3029 2383 3083; x_wconf 85' lang='lat' dir='ltr'><strong>geras.</strong></span> 
     </span>
    </p>
   </div>
   <div class='ocr_carea' id='block_1_70' title="bbox 1831 3102 3344 3182">
    <p class='ocr_par' dir='ltr' id='par_1_70' title="bbox 1831 3102 3344 3182">
     <span class='ocr_line' id='line_1_70' title="bbox 1831 3102 3344 3182; baseline 0.007 -25"><span class='ocrx_word' id='word_1_421' title='bbox 1831 3102 2151 3159; x_wconf 72' lang='lat' dir='ltr'><strong>Heraclitus.</strong></span> <span class='ocrx_word' id='word_1_422' title='bbox 2183 3139 2253 3150; x_wconf 92' lang='lat'><strong><em>—</em></strong></span> <span class='ocrx_word' id='word_1_423' title='bbox 2276 3106 2430 3162; x_wconf 85' lang='lat' dir='ltr'><strong>Viam</strong></span> <span class='ocrx_word' id='word_1_424' title='bbox 2458 3106 2525 3161; x_wconf 89' lang='lat' dir='ltr'><strong>ad</strong></span> <span class='ocrx_word' id='word_1_425' title='bbox 2554 3108 2783 3179; x_wconf 85' lang='lat' dir='ltr'><strong>gloriam</strong></span> <span class='ocrx_word' id='word_1_426' title='bbox 2810 3112 3048 3167; x_wconf 80' lang='lat' dir='ltr'><strong>maxime</strong></span> <span class='ocrx_word' id='word_1_427' title='bbox 3084 3128 3344 3182; x_wconf 37' lang='lat' dir='ltr'><strong>compone</strong></span> 
     </span>
    </p>
   </div>
   <div class='ocr_carea' id='block_1_71' title="bbox 1769 3194 3280 3272">
    <p class='ocr_par' dir='ltr' id='par_1_71' title="bbox 1769 3194 3280 3272">
     <span class='ocr_line' id='line_1_71' title="bbox 1769 3194 3280 3272; baseline 0.008 -25"><span class='ocrx_word' id='word_1_428' title='bbox 1769 3194 1999 3249; x_wconf 88' lang='lat' dir='ltr'><strong>diariam</strong></span> <span class='ocrx_word' id='word_1_429' title='bbox 2023 3211 2143 3252; x_wconf 85' lang='lat' dir='ltr'><strong>esse</strong></span> <span class='ocrx_word' id='word_1_430' title='bbox 2173 3198 2414 3265; x_wconf 88' lang='lat' dir='ltr'><strong>dicebat,</strong></span> <span class='ocrx_word' id='word_1_431' title='bbox 2442 3202 2485 3256; x_wconf 89' lang='lat' dir='ltr'><strong>si</strong></span> <span class='ocrx_word' id='word_1_432' title='bbox 2516 3203 2641 3272; x_wconf 82' lang='lat' dir='ltr'><strong>quis</strong></span> <span class='ocrx_word' id='word_1_433' title='bbox 2662 3202 2841 3259; x_wconf 90' lang='lat' dir='ltr'><strong>bonus</strong></span> <span class='ocrx_word' id='word_1_434' title='bbox 2861 3219 2983 3259; x_wconf 89' lang='lat' dir='ltr'><strong>esse</strong></span> <span class='ocrx_word' id='word_1_435' title='bbox 3010 3204 3280 3259; x_wconf 87' lang='lat' dir='ltr'><strong>studeret.</strong></span> 
     </span>
    </p>
   </div>
   <div class='ocr_carea' id='block_1_72' title="bbox 1836 3286 3348 3365">
    <p class='ocr_par' dir='ltr' id='par_1_72' title="bbox 1836 3286 3348 3365">
     <span class='ocr_line' id='line_1_72' title="bbox 1836 3286 3348 3365; baseline 0.006 -22"><span class='ocrx_word' id='word_1_436' title='bbox 1836 3286 2093 3343; x_wconf 74' lang='lat' dir='ltr'><strong>Philonis.</strong></span> <span class='ocrx_word' id='word_1_437' title='bbox 2123 3321 2191 3331; x_wconf 98' lang='lat'><strong>—</strong></span> <span class='ocrx_word' id='word_1_438' title='bbox 2226 3292 2330 3359; x_wconf 87' lang='lat' dir='ltr'><strong>Qui</strong></span> <span class='ocrx_word' id='word_1_439' title='bbox 2368 3293 2565 3349; x_wconf 89' lang='lat' dir='ltr'><strong>didicit</strong></span> <span class='ocrx_word' id='word_1_440' title='bbox 2592 3295 2822 3365; x_wconf 75' lang='lat' dir='ltr'><strong>obedire</strong></span> <span class='ocrx_word' id='word_1_441' title='bbox 2843 3339 2858 3363; x_wconf 89' lang='lat'><strong>,</strong></span> <span class='ocrx_word' id='word_1_442' title='bbox 2888 3312 3014 3352; x_wconf 83' lang='lat' dir='ltr'><strong>mox</strong></span> <span class='ocrx_word' id='word_1_443' title='bbox 3040 3298 3207 3353; x_wconf 87' lang='lat' dir='ltr'><strong>etiam</strong></span> <span class='ocrx_word' id='word_1_444' title='bbox 3242 3297 3348 3352; x_wconf 78' lang='lat' dir='ltr'><strong>im-</strong></span> 
     </span>
    </p>
   </div>
   <div class='ocr_carea' id='block_1_73' title="bbox 1769 3384 3347 3453">
    <p class='ocr_par' dir='ltr' id='par_1_73' title="bbox 1769 3384 3347 3453">
     <span class='ocr_line' id='line_1_73' title="bbox 1769 3384 3347 3453; baseline 0.008 -19"><span class='ocrx_word' id='word_1_445' title='bbox 1769 3395 1963 3451; x_wconf 90' lang='lat' dir='ltr'><strong>perare</strong></span> <span class='ocrx_word' id='word_1_446' title='bbox 1995 3385 2169 3438; x_wconf 90' lang='lat' dir='ltr'><strong>novit.</strong></span> <span class='ocrx_word' id='word_1_447' title='bbox 2198 3384 2300 3453; x_wconf 86' lang='lat' dir='ltr'><strong>Qui</strong></span> <span class='ocrx_word' id='word_1_448' title='bbox 2331 3388 2478 3442; x_wconf 90' lang='lat' dir='ltr'><strong>enim</strong></span> <span class='ocrx_word' id='word_1_449' title='bbox 2514 3389 2807 3446; x_wconf 88' lang='lat' dir='ltr'><strong>obediendi</strong></span> <span class='ocrx_word' id='word_1_450' title='bbox 2835 3399 3009 3445; x_wconf 85' lang='lat' dir='ltr'><strong>artem</strong></span> <span class='ocrx_word' id='word_1_451' title='bbox 3044 3407 3156 3446; x_wconf 90' lang='lat' dir='ltr'><strong>non</strong></span> <span class='ocrx_word' id='word_1_452' title='bbox 3198 3391 3347 3447; x_wconf 77' lang='lat' dir='ltr'><strong>didi~</strong></span> 
     </span>
    </p>
   </div>
   <div class='ocr_carea' id='block_1_74' title="bbox 1767 3472 3351 3548">
    <p class='ocr_par' dir='ltr' id='par_1_74' title="bbox 1767 3472 3351 3548">
     <span class='ocr_line' id='line_1_74' title="bbox 1767 3472 3351 3548; baseline 0.009 -23"><span class='ocrx_word' id='word_1_453' title='bbox 1767 3472 1925 3539; x_wconf 90' lang='lat' dir='ltr'><strong>cerit,</strong></span> <span class='ocrx_word' id='word_1_454' title='bbox 1958 3490 2060 3530; x_wconf 88' lang='lat' dir='ltr'><strong>nec</strong></span> <span class='ocrx_word' id='word_1_455' title='bbox 2094 3492 2157 3531; x_wconf 90' lang='lat' dir='ltr'><strong>ea</strong></span> <span class='ocrx_word' id='word_1_456' title='bbox 2216 3487 2342 3533; x_wconf 89' lang='lat' dir='ltr'><strong>ante</strong></span> <span class='ocrx_word' id='word_1_457' title='bbox 2406 3481 2695 3538; x_wconf 88' lang='lat' dir='ltr'><strong>institutus</strong></span> <span class='ocrx_word' id='word_1_458' title='bbox 2742 3482 2932 3548; x_wconf 78' lang='lat' dir='ltr'><strong>fuerit,</strong></span> <span class='ocrx_word' id='word_1_459' title='bbox 2965 3498 3068 3539; x_wconf 91' lang='lat' dir='ltr'><strong>nec</strong></span> <span class='ocrx_word' id='word_1_460' title='bbox 3097 3485 3142 3539; x_wconf 89' lang='lat' dir='ltr'><strong>si</strong></span> <span class='ocrx_word' id='word_1_461' title='bbox 3189 3494 3351 3540; x_wconf 79' lang='lat' dir='ltr'><strong>terrae</strong></span> 
     </span>
    </p>
   </div>
   <div class='ocr_carea' id='block_1_75' title="bbox 1768 3553 3351 3647">
    <p class='ocr_par' dir='ltr' id='par_1_75' title="bbox 1768 3553 3351 3647">
     <span class='ocr_line' id='line_1_75' title="bbox 1768 3553 3351 3647; baseline 0.01 -31"><span class='ocrx_word' id='word_1_462' title='bbox 1768 3566 1950 3621; x_wconf 86' lang='lat' dir='ltr'><strong>omnis</strong></span> <span class='ocrx_word' id='word_1_463' title='bbox 1974 3583 2040 3623; x_wconf 89' lang='lat' dir='ltr'><strong>ac</strong></span> <span class='ocrx_word' id='word_1_464' title='bbox 2072 3553 2239 3625; x_wconf 80' lang='lat' dir='ltr'><strong>maris</strong></span> <span class='ocrx_word' id='word_1_465' title='bbox 2272 3572 2538 3643; x_wconf 88' lang='lat' dir='ltr'><strong>impetum</strong></span> <span class='ocrx_word' id='word_1_466' title='bbox 2562 3583 2770 3641; x_wconf 85' lang='lat' dir='ltr'><strong>teneat,</strong></span> <span class='ocrx_word' id='word_1_467' title='bbox 2809 3589 2942 3630; x_wconf 86' lang='lat' dir='ltr'><strong>vere</strong></span> <span class='ocrx_word' id='word_1_468' title='bbox 2974 3576 3234 3647; x_wconf 87' lang='lat' dir='ltr'><strong>princeps</strong></span> <span class='ocrx_word' id='word_1_469' title='bbox 3252 3592 3351 3631; x_wconf 69' lang='grc' dir='ltr'><strong>ει·-</strong></span> 
     </span>
    </p>
   </div>
   <div class='ocr_carea' id='block_1_76' title="bbox 1770 3657 1997 3715">
    <p class='ocr_par' dir='ltr' id='par_1_76' title="bbox 1770 3657 1997 3715">
     <span class='ocr_line' id='line_1_76' title="bbox 1770 3657 1997 3715; baseline 0.004 -3"><span class='ocrx_word' id='word_1_470' title='bbox 1770 3657 1997 3715; x_wconf 84' lang='lat' dir='ltr'><strong>stiterit.</strong></span> 
     </span>
    </p>
   </div>
   <div class='ocr_carea' id='block_1_77' title="bbox 1828 3750 3347 3832">
    <p class='ocr_par' dir='ltr' id='par_1_77' title="bbox 1828 3750 3347 3832">
     <span class='ocr_line' id='line_1_77' title="bbox 1828 3750 3347 3832; baseline 0.009 -28"><span class='ocrx_word' id='word_1_471' title='bbox 1828 3750 2043 3823; x_wconf 77' lang='lat' dir='ltr'><strong>Iosephi</strong></span> <span class='ocrx_word' id='word_1_472' title='bbox 2071 3770 2135 3809; x_wconf 73' lang='lat' dir='ltr'><strong>ex</strong></span> <span class='ocrx_word' id='word_1_473' title='bbox 2158 3758 2420 3828; x_wconf 75' lang='lat' dir='ltr'><strong>Antiquis.</strong></span> <span class='ocrx_word' id='word_1_474' title='bbox 2447 3788 2517 3799; x_wconf 89' lang='lat'><strong>-—</strong></span> <span class='ocrx_word' id='word_1_475' title='bbox 2557 3758 2760 3817; x_wconf 87' lang='lat' dir='ltr'><strong>Omnes</strong></span> <span class='ocrx_word' id='word_1_476' title='bbox 2794 3761 2887 3832; x_wconf 91' lang='lat' dir='ltr'><strong>qni</strong></span> <span class='ocrx_word' id='word_1_477' title='bbox 2933 3772 3083 3817; x_wconf 92' lang='lat' dir='ltr'><strong>recte</strong></span> <span class='ocrx_word' id='word_1_478' title='bbox 3122 3759 3347 3817; x_wconf 84' lang='lat' dir='ltr'><strong>obedire</strong></span> 
     </span>
    </p>
   </div>
   <div class='ocr_carea' id='block_1_78' title="bbox 1770 3842 3348 3926">
    <p class='ocr_par' dir='ltr' id='par_1_78' title="bbox 1770 3842 3348 3926">
     <span class='ocr_line' id='line_1_78' title="bbox 1770 3842 3348 3926; baseline 0.008 -30"><span class='ocrx_word' id='word_1_479' title='bbox 1770 3842 2098 3913; x_wconf 91' lang='lat' dir='ltr'><strong>didicerint,</strong></span> <span class='ocrx_word' id='word_1_480' title='bbox 2152 3849 2319 3902; x_wconf 89' lang='lat' dir='ltr'><strong>etiam</strong></span> <span class='ocrx_word' id='word_1_481' title='bbox 2372 3851 2693 3922; x_wconf 84' lang='lat' dir='ltr'><strong>magistratu</strong></span> <span class='ocrx_word' id='word_1_482' title='bbox 2739 3854 2899 3923; x_wconf 90' lang='lat' dir='ltr'><strong>potiti</strong></span> <span class='ocrx_word' id='word_1_483' title='bbox 2948 3870 3071 3910; x_wconf 90' lang='lat' dir='ltr'><strong>cum</strong></span> <span class='ocrx_word' id='word_1_484' title='bbox 3116 3854 3348 3926; x_wconf 85' lang='lat' dir='ltr'><strong>imperio</strong></span> 
     </span>
    </p>
   </div>
   <div class='ocr_carea' id='block_1_79' title="bbox 1769 3940 2701 4013">
    <p class='ocr_par' dir='ltr' id='par_1_79' title="bbox 1769 3940 2701 4013">
     <span class='ocr_line' id='line_1_79' title="bbox 1769 3940 2701 4013; baseline 0.009 -22"><span class='ocrx_word' id='word_1_485' title='bbox 1769 3951 2004 4005; x_wconf 70' lang='lat' dir='ltr'><strong>praeesse</strong></span> <span class='ocrx_word' id='word_1_486' title='bbox 2032 3955 2095 3995; x_wconf 91' lang='lat' dir='ltr'><strong>ac</strong></span> <span class='ocrx_word' id='word_1_487' title='bbox 2124 3940 2399 4013; x_wconf 88' lang='lat' dir='ltr'><strong>imperare</strong></span> <span class='ocrx_word' id='word_1_488' title='bbox 2421 3946 2701 4001; x_wconf 88' lang='lat' dir='ltr'><strong>noverint.</strong></span> 
     </span>
    </p>
   </div>
   <div class='ocr_carea' id='block_1_80' title="bbox 2333 4058 2809 4118">
    <p class='ocr_par' dir='ltr' id='par_1_80' title="bbox 2333 4058 2809 4118">
     <span class='ocr_line' id='line_1_80' title="bbox 2333 4058 2809 4118; baseline 0.006 -4"><span class='ocrx_word' id='word_1_489' title='bbox 2333 4058 2563 4116; x_wconf 82' lang='lat' dir='ltr'><strong>SERMO</strong></span> <span class='ocrx_word' id='word_1_490' title='bbox 2602 4061 2809 4118; x_wconf 80' lang='lat' dir='ltr'><strong>XLVII.</strong></span> 
     </span>
    </p>
   </div>
   <div class='ocr_carea' id='block_1_81' title="bbox 1981 4145 3127 4223">
    <p class='ocr_par' dir='ltr' id='par_1_81' title="bbox 1981 4145 3127 4223">
     <span class='ocr_line' id='line_1_81' title="bbox 1981 4145 3127 4223; baseline 0.008 -24"><span class='ocrx_word' id='word_1_491' title='bbox 1981 4145 2059 4200; x_wconf 88' lang='lat' dir='ltr'><strong>De</strong></span> <span class='ocrx_word' id='word_1_492' title='bbox 2089 4145 2415 4215; x_wconf 82' lang='lat' dir='ltr'><strong>loquacitate</strong></span> <span class='ocrx_word' id='word_1_493' title='bbox 2441 4159 2489 4204; x_wconf 86' lang='lat' dir='ltr'><strong>et</strong></span> <span class='ocrx_word' id='word_1_494' title='bbox 2514 4151 2707 4223; x_wconf 69' lang='lat' dir='ltr'><strong>lingua:</strong></span> <span class='ocrx_word' id='word_1_495' title='bbox 2726 4154 3127 4208; x_wconf 82' lang='lat' dir='ltr'><strong>ittcontinetttia.</strong></span> 
     </span>
    </p>
   </div>
   <div class='ocr_carea' id='block_1_82' title="bbox 1839 4255 3350 4335">
    <p class='ocr_par' dir='ltr' id='par_1_82' title="bbox 1839 4255 3350 4335">
     <span class='ocr_line' id='line_1_82' title="bbox 1839 4255 3350 4335; baseline 0.005 -24"><span class='ocrx_word' id='word_1_496' title='bbox 1839 4255 2031 4313; x_wconf 75' lang='lat' dir='ltr'><strong>Matth.</strong></span> <span class='ocrx_word' id='word_1_497' title='bbox 2076 4276 2171 4324; x_wconf 84' lang='lat' dir='ltr'><strong>xu,</strong></span> <span class='ocrx_word' id='word_1_498' title='bbox 2208 4261 2295 4316; x_wconf 81' lang='grc'>56.</span> <span class='ocrx_word' id='word_1_499' title='bbox 2327 4290 2397 4300; x_wconf 90' lang='lat'><strong>—-</strong></span> <span class='ocrx_word' id='word_1_500' title='bbox 2442 4262 2576 4319; x_wconf 89' lang='lat' dir='ltr'><strong>Dico</strong></span> <span class='ocrx_word' id='word_1_501' title='bbox 2623 4273 2810 4320; x_wconf 88' lang='lat' dir='ltr'><strong>autem</strong></span> <span class='ocrx_word' id='word_1_502' title='bbox 2854 4262 3036 4328; x_wconf 90' lang='lat' dir='ltr'><strong>vobis,</strong></span> <span class='ocrx_word' id='word_1_503' title='bbox 3086 4264 3350 4335; x_wconf 88' lang='lat' dir='ltr'><strong>quoniam</strong></span> 
     </span>
    </p>
   </div>
   <div class='ocr_carea' id='block_1_83' title="bbox 1771 4348 3351 4421">
    <p class='ocr_par' dir='ltr' id='par_1_83' title="bbox 1771 4348 3351 4421">
     <span class='ocr_line' id='line_1_83' title="bbox 1771 4348 3351 4421; baseline 0.007 -22"><span class='ocrx_word' id='word_1_504' title='bbox 1771 4361 1933 4401; x_wconf 88' lang='lat' dir='ltr'><strong>omne</strong></span> <span class='ocrx_word' id='word_1_505' title='bbox 1956 4348 2184 4403; x_wconf 89' lang='lat' dir='ltr'><strong>verbum</strong></span> <span class='ocrx_word' id='word_1_506' title='bbox 2198 4350 2455 4417; x_wconf 88' lang='lat' dir='ltr'><strong>otiosum,</strong></span> <span class='ocrx_word' id='word_1_507' title='bbox 2476 4353 2623 4421; x_wconf 92' lang='lat' dir='ltr'><strong>quod</strong></span> <span class='ocrx_word' id='word_1_508' title='bbox 2648 4354 2818 4408; x_wconf 91' lang='lat' dir='ltr'><strong>locuti</strong></span> <span class='ocrx_word' id='word_1_509' title='bbox 2845 4353 3054 4410; x_wconf 81' lang='lat' dir='ltr'><strong>fuerint</strong></span> <span class='ocrx_word' id='word_1_510' title='bbox 3076 4354 3351 4421; x_wconf 77' lang='lat' dir='ltr'><strong>homines,</strong></span> 
     </span>
    </p>
   </div>
   <div class='ocr_carea' id='block_1_84' title="bbox 137 4408 1667 4519">
    <p class='ocr_par' dir='ltr' id='par_1_84' title="bbox 137 4408 1667 4519">
     <span class='ocr_line' id='line_1_84' title="bbox 137 4408 1667 4519; baseline 0.015 -58"><span class='ocrx_word' id='word_1_511' title='bbox 137 4408 288 4519; x_wconf 55' lang='lat' dir='ltr'><strong>0:10P.</strong></span> <span class='ocrx_word' id='word_1_512' title='bbox 329 4416 416 4472; x_wconf 88' lang='grc' dir='ltr'><strong>Ἐκ</strong></span> <span class='ocrx_word' id='word_1_513' title='bbox 441 4422 548 4493; x_wconf 82' lang='grc' dir='ltr'><strong>γὰρ</strong></span> <span class='ocrx_word' id='word_1_514' title='bbox 572 4421 685 4475; x_wconf 84' lang='grc' dir='ltr'><strong>τῶν</strong></span> <span class='ocrx_word' id='word_1_515' title='bbox 731 4423 907 4491; x_wconf 87' lang='grc' dir='ltr'>λόγων</span> <span class='ocrx_word' id='word_1_516' title='bbox 938 4442 1032 4478; x_wconf 90' lang='grc' dir='ltr'><strong>σου</strong></span> <span class='ocrx_word' id='word_1_517' title='bbox 1079 4426 1435 4499; x_wconf 78' lang='grc' dir='ltr'>δικαιωθήσῃ,</span> <span class='ocrx_word' id='word_1_518' title='bbox 1468 4429 1561 4483; x_wconf 82' lang='grc' dir='ltr'><strong>καὶ</strong></span> <span class='ocrx_word' id='word_1_519' title='bbox 1604 4408 1667 4484; x_wconf 75' lang='grc' dir='ltr'><strong>ἐκ</strong></span> 
     </span>
    </p>
   </div>
   <div class='ocr_carea' id='block_1_85' title="bbox 1800 4408 3356 4519">
    <p class='ocr_par' dir='ltr' id='par_1_85' title="bbox 1800 4408 3356 4519">
     <span class='ocr_line' id='line_1_85' title="bbox 1800 4408 3356 4519; baseline 0.007 -28"><span class='ocrx_word' id='word_1_520' title='bbox 1800 4437 2008 4493; x_wconf 90' lang='lat' dir='ltr'><strong>eddent</strong></span> <span class='ocrx_word' id='word_1_521' title='bbox 2034 4440 2305 4496; x_wconf 89' lang='lat' dir='ltr'><strong>rationem</strong></span> <span class='ocrx_word' id='word_1_522' title='bbox 2330 4442 2399 4498; x_wconf 89' lang='lat' dir='ltr'><strong>de</strong></span> <span class='ocrx_word' id='word_1_523' title='bbox 2429 4408 2516 4498; x_wconf 48' lang='lat' dir='ltr'><strong>eo:</strong></span> <span class='ocrx_word' id='word_1_524' title='bbox 2560 4446 2641 4501; x_wconf 79' lang='lat' dir='ltr'><strong>Ex</strong></span> <span class='ocrx_word' id='word_1_525' title='bbox 2669 4445 2857 4501; x_wconf 87' lang='lat' dir='ltr'><strong>verbis</strong></span> <span class='ocrx_word' id='word_1_526' title='bbox 2888 4447 3038 4502; x_wconf 86' lang='lat' dir='ltr'><strong>enim</strong></span> <span class='ocrx_word' id='word_1_527' title='bbox 3072 4447 3193 4503; x_wconf 77' lang='lat' dir='ltr'><strong>tuis</strong></span> <span class='ocrx_word' id='word_1_528' title='bbox 3204 4447 3356 4519; x_wconf 85' lang='lat' dir='ltr'><strong>judi-</strong></span> 
     </span>
    </p>
   </div>
   <div class='ocr_carea' id='block_1_86' title="bbox 137 4496 949 4586">
    <p class='ocr_par' dir='ltr' id='par_1_86' title="bbox 137 4496 949 4586">
     <span class='ocr_line' id='line_1_86' title="bbox 137 4496 949 4586; baseline 0.043 -40"><span class='ocrx_word' id='word_1_529' title='bbox 137 4496 223 4551; x_wconf 80' lang='grc' dir='ltr'><strong>τῶν</strong></span> <span class='ocrx_word' id='word_1_530' title='bbox 239 4500 394 4573; x_wconf 81' lang='grc' dir='ltr'>λόγων</span> <span class='ocrx_word' id='word_1_531' title='bbox 420 4526 513 4564; x_wconf 89' lang='grc' dir='ltr'><strong>σου</strong></span> <span class='ocrx_word' id='word_1_532' title='bbox 541 4512 949 4586; x_wconf 77' lang='grc' dir='ltr'>κατακριθήση·</span> 
     </span>
    </p>
   </div>
   <div class='ocr_carea' id='block_1_87' title="bbox 202 4589 1668 4682">
    <p class='ocr_par' dir='ltr' id='par_1_87' title="bbox 202 4589 1668 4682">
     <span class='ocr_line' id='line_1_87' title="bbox 202 4589 1668 4682; baseline 0.014 -34"><span class='ocrx_word' id='word_1_533' title='bbox 202 4589 329 4651; x_wconf 83' lang='grc' dir='ltr'><strong>Ἰάκ.</strong></span> <span class='ocrx_word' id='word_1_534' title='bbox 378 4601 759 4658; x_wconf 61' lang='grc' dir='ltr'>αι’-Ἔστω</span> <span class='ocrx_word' id='word_1_535' title='bbox 803 4608 907 4669; x_wconf 80' lang='grc' dir='ltr'><strong>πᾶς</strong></span> <span class='ocrx_word' id='word_1_536' title='bbox 942 4608 1230 4681; x_wconf 80' lang='grc' dir='ltr'>ἄνθρωπος</span> <span class='ocrx_word' id='word_1_537' title='bbox 1265 4613 1435 4682; x_wconf 77' lang='grc' dir='ltr'>ταχὺς</span> <span class='ocrx_word' id='word_1_538' title='bbox 1480 4614 1560 4677; x_wconf 87' lang='grc' dir='ltr'><strong>είς</strong></span> <span class='ocrx_word' id='word_1_539' title='bbox 1608 4615 1668 4667; x_wconf 85' lang='grc' dir='ltr'><strong>τὸ</strong></span> 
     </span>
    </p>
   </div>
   <div class='ocr_carea' id='block_1_88' title="bbox 140 4679 1207 4770">
    <p class='ocr_par' dir='ltr' id='par_1_88' title="bbox 140 4679 1207 4770">
     <span class='ocr_line' id='line_1_88' title="bbox 140 4679 1207 4770; baseline 0.022 -38"><span class='ocrx_word' id='word_1_540' title='bbox 140 4679 348 4754; x_wconf 73' lang='grc' dir='ltr'>ἀκοῦσαι,</span> <span class='ocrx_word' id='word_1_541' title='bbox 384 4696 473 4747; x_wconf 78' lang='grc' dir='ltr'><strong>καὶ</strong></span> <span class='ocrx_word' id='word_1_542' title='bbox 517 4696 720 4767; x_wconf 75' lang='grc' dir='ltr'>βραδὺς</span> <span class='ocrx_word' id='word_1_543' title='bbox 753 4699 834 4762; x_wconf 82' lang='grc' dir='ltr'>εἰς</span> <span class='ocrx_word' id='word_1_544' title='bbox 864 4698 925 4752; x_wconf 81' lang='grc' dir='ltr'>τὸ</span> <span class='ocrx_word' id='word_1_545' title='bbox 951 4679 1207 4770; x_wconf 75' lang='grc' dir='ltr'>λαλῆσαι.</span> 
     </span>
    </p>
   </div>
   <div class='ocr_carea' id='block_1_89' title="bbox 195 4778 1667 4869">
    <p class='ocr_par' dir='ltr' id='par_1_89' title="bbox 195 4778 1667 4869">
     <span class='ocr_line' id='line_1_89' title="bbox 195 4778 1667 4869; baseline 0.01 -33"><span class='ocrx_word' id='word_1_546' title='bbox 195 4778 351 4869; x_wconf 58' lang='grc' dir='ltr'>ξιρὰχ</span> <span class='ocrx_word' id='word_1_547' title='bbox 376 4792 532 4853; x_wconf 71' lang='grc' dir='ltr'><strong>ηὐ-</strong></span> <span class='ocrx_word' id='word_1_548' title='bbox 554 4790 870 4844; x_wconf 86' lang='grc' dir='ltr'>Γλωσσώδει</span> <span class='ocrx_word' id='word_1_549' title='bbox 925 4791 1200 4865; x_wconf 84' lang='grc' dir='ltr'><strong>ἀνθρώπῳ</strong></span> <span class='ocrx_word' id='word_1_550' title='bbox 1240 4796 1316 4867; x_wconf 81' lang='grc' dir='ltr'>μὴ</span> <span class='ocrx_word' id='word_1_551' title='bbox 1362 4796 1628 4869; x_wconf 84' lang='grc' dir='ltr'>διαμάχου</span> <span class='ocrx_word' id='word_1_552' title='bbox 1654 4813 1667 4828; x_wconf 87' lang='grc'><strong>·</strong></span> 
     </span>
    </p>
   </div>
   <div class='ocr_carea' id='block_1_90' title="bbox 146 4866 1316 4954">
    <p class='ocr_par' dir='ltr' id='par_1_90' title="bbox 146 4866 1316 4954">
     <span class='ocr_line' id='line_1_90' title="bbox 146 4866 1316 4954; baseline 0.015 -32"><span class='ocrx_word' id='word_1_553' title='bbox 146 4866 251 4935; x_wconf 79' lang='grc' dir='ltr'>μηδὲ</span> <span class='ocrx_word' id='word_1_554' title='bbox 276 4873 605 4945; x_wconf 76' lang='grc' dir='ltr'>ἐπιστοίδαζε</span> <span class='ocrx_word' id='word_1_555' title='bbox 630 4880 723 4934; x_wconf 76' lang='grc' dir='ltr'><strong>ἐπὶ</strong></span> <span class='ocrx_word' id='word_1_556' title='bbox 746 4880 809 4933; x_wconf 84' lang='grc' dir='ltr'><strong>τὸ</strong></span> <span class='ocrx_word' id='word_1_557' title='bbox 834 4880 944 4954; x_wconf 78' lang='grc' dir='ltr'>πῦρ</span> <span class='ocrx_word' id='word_1_558' title='bbox 972 4884 1139 4938; x_wconf 83' lang='grc' dir='ltr'>αὐτοῦ</span> <span class='ocrx_word' id='word_1_559' title='bbox 1163 4866 1316 4951; x_wconf 82' lang='grc' dir='ltr'>ξύλα.</span> 
     </span>
    </p>
   </div>
   <div class='ocr_carea' id='block_1_91' title="bbox 197 4961 1669 5055">
    <p class='ocr_par' dir='ltr' id='par_1_91' title="bbox 197 4961 1669 5055">
     <span class='ocr_line' id='line_1_91' title="bbox 197 4961 1669 5055; baseline 0.02 -44"><span class='ocrx_word' id='word_1_560' title='bbox 197 4961 410 5055; x_wconf 79' lang='grc' dir='ltr'>Παροιμ,</span> <span class='ocrx_word' id='word_1_561' title='bbox 442 4978 593 5040; x_wconf 54' lang='lat' dir='ltr'><strong>qi—</strong></span> <span class='ocrx_word' id='word_1_562' title='bbox 625 4976 720 5037; x_wconf 80' lang='grc' dir='ltr'>Ὃς</span> <span class='ocrx_word' id='word_1_563' title='bbox 773 4974 1038 5045; x_wconf 79' lang='grc' dir='ltr'>φυλάσσει</span> <span class='ocrx_word' id='word_1_564' title='bbox 1083 4978 1143 5032; x_wconf 85' lang='grc' dir='ltr'><strong>τὸ</strong></span> <span class='ocrx_word' id='word_1_565' title='bbox 1202 4980 1400 5036; x_wconf 76' lang='grc' dir='ltr'>ἑαυτοῦ</span> <span class='ocrx_word' id='word_1_566' title='bbox 1457 4982 1669 5055; x_wconf 80' lang='grc' dir='ltr'>στόμα,</span> 
     </span>
    </p>
   </div>
   <div class='ocr_carea' id='block_1_92' title="bbox 146 5054 821 5137">
    <p class='ocr_par' dir='ltr' id='par_1_92' title="bbox 146 5054 821 5137">
     <span class='ocr_line' id='line_1_92' title="bbox 146 5054 821 5137; baseline 0.07 -42"><span class='ocrx_word' id='word_1_567' title='bbox 146 5054 269 5117; x_wconf 81' lang='grc' dir='ltr'>τηρεῖ</span> <span class='ocrx_word' id='word_1_568' title='bbox 292 5058 379 5128; x_wconf 77' lang='grc' dir='ltr'>τὴν</span> <span class='ocrx_word' id='word_1_569' title='bbox 404 5059 593 5119; x_wconf 82' lang='grc' dir='ltr'>ἑαυτοῦ</span> <span class='ocrx_word' id='word_1_570' title='bbox 622 5066 821 5137; x_wconf 75' lang='grc' dir='ltr'><strong>ψυχήνο</strong></span> 
     </span>
    </p>
   </div>
   <div class='ocr_carea' id='block_1_93' title="bbox 204 5143 1669 5242">
    <p class='ocr_par' dir='ltr' id='par_1_93' title="bbox 204 5143 1669 5242">
     <span class='ocr_line' id='line_1_93' title="bbox 204 5143 1669 5242; baseline -0.008 -12"><span class='ocrx_word' id='word_1_571' title='bbox 204 5143 414 5242; x_wconf 46' lang='grc' dir='ltr'><strong>ἴΙαρθίμ·</strong></span> <span class='ocrx_word' id='word_1_572' title='bbox 457 5164 529 5222; x_wconf 79' lang='grc' dir='ltr'><strong>ςό</strong></span> <span class='ocrx_word' id='word_1_573' title='bbox 555 5189 623 5201; x_wconf 89' lang='grc'><strong><em>-</em></strong></span> <span class='ocrx_word' id='word_1_574' title='bbox 642 5164 816 5231; x_wconf 73' lang='grc' dir='ltr'>Παγὶς</span> <span class='ocrx_word' id='word_1_575' title='bbox 845 5165 1001 5236; x_wconf 76' lang='grc' dir='ltr'>ἀνδρὶ</span> <span class='ocrx_word' id='word_1_576' title='bbox 1037 5167 1251 5239; x_wconf 77' lang='grc' dir='ltr'>ἰσχυρὰ,</span> <span class='ocrx_word' id='word_1_577' title='bbox 1274 5167 1343 5221; x_wconf 82' lang='grc' dir='ltr'>τὰ</span> <span class='ocrx_word' id='word_1_578' title='bbox 1371 5168 1476 5223; x_wconf 72' lang='grc' dir='ltr'>ἴδια</span> <span class='ocrx_word' id='word_1_579' title='bbox 1495 5166 1669 5242; x_wconf 66' lang='grc' dir='ltr'>χείλτγ</span> 
     </span>
    </p>
   </div>
   <div class='ocr_carea' id='block_1_94' title="bbox 147 5224 1219 5328">
    <p class='ocr_par' dir='ltr' id='par_1_94' title="bbox 147 5224 1219 5328">
     <span class='ocr_line' id='line_1_94' title="bbox 147 5224 1219 5328; baseline 0.038 -49"><span class='ocrx_word' id='word_1_580' title='bbox 147 5224 385 5328; x_wconf 43' lang='grc' dir='ltr'>ἀλὲτκεται</span> <span class='ocrx_word' id='word_1_581' title='bbox 407 5246 461 5300; x_wconf 85' lang='grc' dir='ltr'>δὲ</span> <span class='ocrx_word' id='word_1_582' title='bbox 492 5252 556 5322; x_wconf 83' lang='grc' dir='ltr'><strong>ρή</strong></span> <span class='ocrx_word' id='word_1_583' title='bbox 566 5268 640 5321; x_wconf 88' lang='grc' dir='ltr'><strong>μα</strong></span> <span class='ocrx_word' id='word_1_584' title='bbox 649 5224 752 5306; x_wconf 71' lang='grc' dir='ltr'><strong>σιν⁷</strong></span> <span class='ocrx_word' id='word_1_585' title='bbox 764 5224 898 5309; x_wconf 79' lang='grc' dir='ltr'>ἰδίου</span> <span class='ocrx_word' id='word_1_586' title='bbox 930 5224 1219 5328; x_wconf 41' lang='grc' dir='ltr'>στόμαιῖτοις.</span> 
     </span>
    </p>
   </div>
   <div class='ocr_carea' id='block_1_95' title="bbox 157 5323 1671 5424">
    <p class='ocr_par' dir='ltr' id='par_1_95' title="bbox 157 5323 1671 5424">
     <span class='ocr_line' id='line_1_95' title="bbox 157 5323 1671 5424; baseline 0.028 -50"><span class='ocrx_word' id='word_1_587' title='bbox 157 5405 168 5424; x_wconf 49' lang='lat'><strong>&#39;</strong></span> <span class='ocrx_word' id='word_1_588' title='bbox 204 5323 418 5424; x_wconf 79' lang='grc' dir='ltr'>Παροιμ.</span> <span class='ocrx_word' id='word_1_589' title='bbox 468 5347 602 5394; x_wconf 80' lang='grc' dir='ltr'>ι’.-</span> <span class='ocrx_word' id='word_1_590' title='bbox 628 5344 686 5397; x_wconf 88' lang='lat'><strong>&#39;0</strong></span> <span class='ocrx_word' id='word_1_591' title='bbox 720 5346 951 5417; x_wconf 80' lang='grc' dir='ltr'>ᾶστεγος</span> <span class='ocrx_word' id='word_1_592' title='bbox 980 5323 1212 5420; x_wconf 77' lang='grc' dir='ltr'>χείλεσιν</span> <span class='ocrx_word' id='word_1_593' title='bbox 1247 5350 1343 5422; x_wconf 89' lang='lat' dir='ltr'><strong>(v),</strong></span> <span class='ocrx_word' id='word_1_594' title='bbox 1372 5353 1671 5418; x_wconf 73' lang='grc' dir='ltr'>σκολιάζων</span> 
     </span>
    </p>
   </div>
   <div class='ocr_carea' id='block_1_96' title="bbox 151 5422 641 5502">
    <p class='ocr_par' dir='ltr' id='par_1_96' title="bbox 151 5422 641 5502">
     <span class='ocr_line' id='line_1_96' title="bbox 151 5422 641 5502; baseline 0.069 -44"><span class='ocrx_word' id='word_1_595' title='bbox 151 5422 465 5502; x_wconf 77' lang='grc' dir='ltr'>υποσκελισθή</span> <span class='ocrx_word' id='word_1_596' title='bbox 477 5450 641 5490; x_wconf 86' lang='grc' dir='ltr'>σεται.</span> 
     </span>
    </p>
   </div>
   <div class='ocr_carea' id='block_1_97' title="bbox 206 5549 826 5633">
    <p class='ocr_par' dir='ltr' id='par_1_97' title="bbox 206 5549 826 5633">
     <span class='ocr_line' id='line_1_97' title="bbox 206 5549 826 5633; baseline 0.044 -27"><span class='ocrx_word' id='word_1_597' title='bbox 206 5549 223 5581; x_wconf 88' lang='grc'><em>³</em></span> <span class='ocrx_word' id='word_1_598' title='bbox 248 5553 298 5611; x_wconf 91' lang='lat' dir='ltr'><strong>lu</strong></span> <span class='ocrx_word' id='word_1_599' title='bbox 320 5560 470 5624; x_wconf 84' lang='lat' dir='ltr'><strong>Gesn.</strong></span> <span class='ocrx_word' id='word_1_600' title='bbox 514 5573 665 5632; x_wconf 90' lang='lat' dir='ltr'><strong>Stob.</strong></span> <span class='ocrx_word' id='word_1_601' title='bbox 703 5574 826 5633; x_wconf 73' lang='grc'><strong>134.</strong></span> 
     </span>
    </p>
   </div>
   <div class='ocr_carea' id='block_1_98' title="bbox 1760 4529 3033 4595">
    <p class='ocr_par' dir='ltr' id='par_1_98' title="bbox 1760 4529 3033 4595">
     <span class='ocr_line' id='line_1_98' title="bbox 1760 4529 3033 4595; baseline 0.004 -8"><span class='ocrx_word' id='word_1_602' title='bbox 1760 4529 2007 4595; x_wconf 68' lang='grc' dir='ltr'>αὼετὶε,</span> <span class='ocrx_word' id='word_1_603' title='bbox 2033 4538 2089 4585; x_wconf 91' lang='lat' dir='ltr'><strong>et</strong></span> <span class='ocrx_word' id='word_1_604' title='bbox 2111 4548 2177 4588; x_wconf 79' lang='lat' dir='ltr'><strong>ex</strong></span> <span class='ocrx_word' id='word_1_605' title='bbox 2204 4534 2391 4589; x_wconf 91' lang='lat' dir='ltr'><strong>verbis</strong></span> <span class='ocrx_word' id='word_1_606' title='bbox 2420 4536 2531 4591; x_wconf 86' lang='lat' dir='ltr'><strong>tuis</strong></span> <span class='ocrx_word' id='word_1_607' title='bbox 2552 4536 3033 4594; x_wconf 88' lang='lat' dir='ltr'><strong>condemnaberis.</strong></span> 
     </span>
    </p>
   </div>
   <div class='ocr_carea' id='block_1_99' title="bbox 1835 4619 3356 4687">
    <p class='ocr_par' dir='ltr' id='par_1_99' title="bbox 1835 4619 3356 4687">
     <span class='ocr_line' id='line_1_99' title="bbox 1835 4619 3356 4687; baseline 0.01 -14"><span class='ocrx_word' id='word_1_608' title='bbox 1835 4619 1954 4677; x_wconf 86' lang='lat' dir='ltr'><strong>Jac.</strong></span> <span class='ocrx_word' id='word_1_609' title='bbox 1977 4638 2015 4685; x_wconf 86' lang='grc' dir='ltr'><strong>ι,</strong></span> <span class='ocrx_word' id='word_1_610' title='bbox 2076 4623 2162 4677; x_wconf 77' lang='lat' dir='ltr'><strong>l9.</strong></span> <span class='ocrx_word' id='word_1_611' title='bbox 2192 4654 2261 4663; x_wconf 89' lang='lat'><strong>-—</strong></span> <span class='ocrx_word' id='word_1_612' title='bbox 2310 4626 2392 4681; x_wconf 91' lang='lat' dir='ltr'><strong>Sit</strong></span> <span class='ocrx_word' id='word_1_613' title='bbox 2425 4628 2607 4683; x_wconf 87' lang='lat' dir='ltr'><strong>omnis</strong></span> <span class='ocrx_word' id='word_1_614' title='bbox 2633 4629 2799 4684; x_wconf 89' lang='lat' dir='ltr'><strong>homo</strong></span> <span class='ocrx_word' id='word_1_615' title='bbox 2826 4631 2985 4686; x_wconf 78' lang='lat' dir='ltr'><strong>velox</strong></span> <span class='ocrx_word' id='word_1_616' title='bbox 3010 4630 3078 4684; x_wconf 88' lang='lat' dir='ltr'><strong>ad</strong></span> <span class='ocrx_word' id='word_1_617' title='bbox 3122 4628 3356 4687; x_wconf 85' lang='lat' dir='ltr'><strong>audien—</strong></span> 
     </span>
    </p>
   </div>
   <div class='ocr_carea' id='block_1_100' title="bbox 1773 4711 2712 4789">
    <p class='ocr_par' dir='ltr' id='par_1_100' title="bbox 1773 4711 2712 4789">
     <span class='ocr_line' id='line_1_100' title="bbox 1773 4711 2712 4789; baseline 0.011 -23"><span class='ocrx_word' id='word_1_618' title='bbox 1773 4711 1926 4777; x_wconf 90' lang='lat' dir='ltr'><strong>dum,</strong></span> <span class='ocrx_word' id='word_1_619' title='bbox 1958 4720 2014 4769; x_wconf 87' lang='lat' dir='ltr'><strong>et</strong></span> <span class='ocrx_word' id='word_1_620' title='bbox 2034 4714 2227 4771; x_wconf 90' lang='lat' dir='ltr'><strong>tardus</strong></span> <span class='ocrx_word' id='word_1_621' title='bbox 2258 4716 2325 4771; x_wconf 88' lang='lat' dir='ltr'><strong>ad</strong></span> <span class='ocrx_word' id='word_1_622' title='bbox 2350 4718 2712 4789; x_wconf 92' lang='lat' dir='ltr'><strong>loquendum.</strong></span> 
     </span>
    </p>
   </div>
   <div class='ocr_carea' id='block_1_101' title="bbox 1848 4802 3357 4881">
    <p class='ocr_par' dir='ltr' id='par_1_101' title="bbox 1848 4802 3357 4881">
     <span class='ocr_line' id='line_1_101' title="bbox 1848 4802 3357 4881; baseline 0.006 -24"><span class='ocrx_word' id='word_1_623' title='bbox 1848 4802 2019 4857; x_wconf 85' lang='lat' dir='ltr'><strong>Eccli.</strong></span> <span class='ocrx_word' id='word_1_624' title='bbox 2045 4821 2159 4870; x_wconf 80' lang='lat' dir='ltr'><strong>Vlll,</strong></span> <span class='ocrx_word' id='word_1_625' title='bbox 2188 4808 2242 4861; x_wconf 65' lang='grc' dir='ltr'><strong>ό.</strong></span> <span class='ocrx_word' id='word_1_626' title='bbox 2281 4838 2349 4848; x_wconf 90' lang='lat'><strong>-</strong></span> <span class='ocrx_word' id='word_1_627' title='bbox 2377 4809 2497 4864; x_wconf 85' lang='lat' dir='ltr'><strong>Noli</strong></span> <span class='ocrx_word' id='word_1_628' title='bbox 2533 4811 2716 4867; x_wconf 78' lang='lat' dir='ltr'><strong>rixare</strong></span> <span class='ocrx_word' id='word_1_629' title='bbox 2744 4827 2870 4867; x_wconf 89' lang='lat' dir='ltr'><strong>cum</strong></span> <span class='ocrx_word' id='word_1_630' title='bbox 2895 4812 3119 4867; x_wconf 89' lang='lat' dir='ltr'><strong>homine</strong></span> <span class='ocrx_word' id='word_1_631' title='bbox 3142 4810 3357 4881; x_wconf 68' lang='lat' dir='ltr'><strong>linguo~</strong></span> 
     </span>
    </p>
   </div>
   <div class='ocr_carea' id='block_1_102' title="bbox 1778 4900 2861 4975">
    <p class='ocr_par' dir='ltr' id='par_1_102' title="bbox 1778 4900 2861 4975">
     <span class='ocr_line' id='line_1_102' title="bbox 1778 4900 2861 4975; baseline 0.009 -28"><span class='ocrx_word' id='word_1_632' title='bbox 1778 4908 1860 4960; x_wconf 88' lang='lat' dir='ltr'><strong>so,</strong></span> <span class='ocrx_word' id='word_1_633' title='bbox 1887 4903 1942 4948; x_wconf 88' lang='lat' dir='ltr'><strong>et</strong></span> <span class='ocrx_word' id='word_1_634' title='bbox 1972 4910 2041 4950; x_wconf 89' lang='lat' dir='ltr'><strong>ne</strong></span> <span class='ocrx_word' id='word_1_635' title='bbox 2065 4905 2246 4953; x_wconf 84' lang='lat' dir='ltr'><strong>struas</strong></span> <span class='ocrx_word' id='word_1_636' title='bbox 2264 4900 2322 4954; x_wconf 89' lang='lat' dir='ltr'><strong>in</strong></span> <span class='ocrx_word' id='word_1_637' title='bbox 2342 4901 2464 4972; x_wconf 83' lang='lat' dir='ltr'><strong>ejus</strong></span> <span class='ocrx_word' id='word_1_638' title='bbox 2490 4902 2669 4974; x_wconf 90' lang='lat' dir='ltr'><strong>ignem</strong></span> <span class='ocrx_word' id='word_1_639' title='bbox 2692 4904 2861 4975; x_wconf 88' lang='lat' dir='ltr'><strong>ligna.</strong></span> 
     </span>
    </p>
   </div>
   <div class='ocr_carea' id='block_1_103' title="bbox 1848 4984 3352 5058">
    <p class='ocr_par' dir='ltr' id='par_1_103' title="bbox 1848 4984 3352 5058">
     <span class='ocr_line' id='line_1_103' title="bbox 1848 4984 3352 5058; baseline 0.004 -20"><span class='ocrx_word' id='word_1_640' title='bbox 1848 4984 2008 5040; x_wconf 86' lang='lat' dir='ltr'><strong>Prov.</strong></span> <span class='ocrx_word' id='word_1_641' title='bbox 2040 5004 2155 5053; x_wconf 82' lang='lat' dir='ltr'><strong>xm,</strong></span> <span class='ocrx_word' id='word_1_642' title='bbox 2189 4990 2243 5044; x_wconf 77' lang='grc'>5.</span> <span class='ocrx_word' id='word_1_643' title='bbox 2288 4990 2392 5058; x_wconf 90' lang='lat' dir='ltr'><strong>Qui</strong></span> <span class='ocrx_word' id='word_1_644' title='bbox 2414 4994 2658 5050; x_wconf 87' lang='lat' dir='ltr'><strong>custodit</strong></span> <span class='ocrx_word' id='word_1_645' title='bbox 2689 5010 2751 5049; x_wconf 93' lang='lat' dir='ltr'><strong>os</strong></span> <span class='ocrx_word' id='word_1_646' title='bbox 2794 5008 2976 5058; x_wconf 92' lang='lat' dir='ltr'><strong>suum,</strong></span> <span class='ocrx_word' id='word_1_647' title='bbox 3008 4999 3190 5048; x_wconf 83' lang='lat' dir='ltr'><strong>servat</strong></span> <span class='ocrx_word' id='word_1_648' title='bbox 3233 4989 3352 5045; x_wconf 51' lang='lat' dir='ltr'><strong>ani:</strong></span> 
     </span>
    </p>
   </div>
   <div class='ocr_carea' id='block_1_104' title="bbox 1780 5094 2123 5137">
    <p class='ocr_par' dir='ltr' id='par_1_104' title="bbox 1780 5094 2123 5137">
     <span class='ocr_line' id='line_1_104' title="bbox 1780 5094 2123 5137; baseline 0.017 -6"><span class='ocrx_word' id='word_1_649' title='bbox 1780 5094 1923 5133; x_wconf 89' lang='lat' dir='ltr'><strong>mam</strong></span> <span class='ocrx_word' id='word_1_650' title='bbox 1949 5095 2123 5137; x_wconf 90' lang='lat' dir='ltr'><strong>suam.</strong></span> 
     </span>
    </p>
   </div>
   <div class='ocr_carea' id='block_1_105' title="bbox 1852 5171 3354 5249">
    <p class='ocr_par' dir='ltr' id='par_1_105' title="bbox 1852 5171 3354 5249">
     <span class='ocr_line' id='line_1_105' title="bbox 1852 5171 3354 5249; baseline 0.004 -24"><span class='ocrx_word' id='word_1_651' title='bbox 1852 5171 2015 5228; x_wconf 83' lang='lat' dir='ltr'><strong>Prov.</strong></span> <span class='ocrx_word' id='word_1_652' title='bbox 2046 5190 2121 5243; x_wconf 89' lang='lat' dir='ltr'><strong>vt,</strong></span> <span class='ocrx_word' id='word_1_653' title='bbox 2149 5178 2203 5232; x_wconf 74' lang='grc' dir='ltr'>Ξ.</span> <span class='ocrx_word' id='word_1_654' title='bbox 2227 5209 2294 5219; x_wconf 85' lang='grc'><strong>--</strong></span> <span class='ocrx_word' id='word_1_655' title='bbox 2320 5179 2572 5249; x_wconf 88' lang='lat' dir='ltr'><strong>Laqueus</strong></span> <span class='ocrx_word' id='word_1_656' title='bbox 2600 5178 2762 5233; x_wconf 78' lang='lat' dir='ltr'><strong>fortis</strong></span> <span class='ocrx_word' id='word_1_657' title='bbox 2785 5179 2907 5233; x_wconf 89' lang='lat' dir='ltr'><strong>viro</strong></span> <span class='ocrx_word' id='word_1_658' title='bbox 2931 5178 3155 5248; x_wconf 88' lang='lat' dir='ltr'><strong>propria</strong></span> <span class='ocrx_word' id='word_1_659' title='bbox 3178 5175 3354 5245; x_wconf 86' lang='lat' dir='ltr'><strong>labia;</strong></span> 
     </span>
    </p>
   </div>
   <div class='ocr_carea' id='block_1_106' title="bbox 1776 5265 2869 5344">
    <p class='ocr_par' dir='ltr' id='par_1_106' title="bbox 1776 5265 2869 5344">
     <span class='ocr_line' id='line_1_106' title="bbox 1776 5265 2869 5344; baseline 0.007 -26"><span class='ocrx_word' id='word_1_660' title='bbox 1776 5265 2030 5335; x_wconf 89' lang='lat' dir='ltr'><strong>capietur</strong></span> <span class='ocrx_word' id='word_1_661' title='bbox 2061 5279 2246 5325; x_wconf 88' lang='lat' dir='ltr'><strong>autem</strong></span> <span class='ocrx_word' id='word_1_662' title='bbox 2274 5272 2464 5327; x_wconf 86' lang='lat' dir='ltr'><strong>verbis</strong></span> <span class='ocrx_word' id='word_1_663' title='bbox 2494 5273 2705 5344; x_wconf 89' lang='lat' dir='ltr'><strong>proprii</strong></span> <span class='ocrx_word' id='word_1_664' title='bbox 2733 5272 2869 5327; x_wconf 90' lang='lat' dir='ltr'><strong>oris.</strong></span> 
     </span>
    </p>
   </div>
   <div class='ocr_carea' id='block_1_107' title="bbox 1838 5358 3356 5435">
    <p class='ocr_par' dir='ltr' id='par_1_107' title="bbox 1838 5358 3356 5435">
     <span class='ocr_line' id='line_1_107' title="bbox 1838 5358 3356 5435; baseline 0.007 -23"><span class='ocrx_word' id='word_1_665' title='bbox 1838 5358 1997 5415; x_wconf 86' lang='lat' dir='ltr'><strong>Prov.</strong></span> <span class='ocrx_word' id='word_1_666' title='bbox 2050 5379 2082 5417; x_wconf 69' lang='grc' dir='ltr'>ι</span> <span class='ocrx_word' id='word_1_667' title='bbox 2112 5405 2125 5430; x_wconf 93' lang='grc'><strong>,</strong></span> <span class='ocrx_word' id='word_1_668' title='bbox 2173 5365 2225 5419; x_wconf 88' lang='lat'><strong>8.</strong></span> <span class='ocrx_word' id='word_1_669' title='bbox 2255 5394 2325 5405; x_wconf 94' lang='lat'><strong>—</strong></span> <span class='ocrx_word' id='word_1_670' title='bbox 2355 5364 2460 5432; x_wconf 88' lang='lat' dir='ltr'><strong>Qui</strong></span> <span class='ocrx_word' id='word_1_671' title='bbox 2512 5366 2789 5421; x_wconf 90' lang='lat' dir='ltr'><strong>labiorum</strong></span> <span class='ocrx_word' id='word_1_672' title='bbox 2842 5365 3198 5423; x_wconf 90' lang='lat' dir='ltr'><strong>incontinens</strong></span> <span class='ocrx_word' id='word_1_673' title='bbox 3248 5378 3356 5435; x_wconf 84' lang='lat' dir='ltr'><strong>est,</strong></span> 
     </span>
    </p>
   </div>
   <div class='ocr_carea' id='block_1_108' title="bbox 1778 5448 2684 5527">
    <p class='ocr_par' dir='ltr' id='par_1_108' title="bbox 1778 5448 2684 5527">
     <span class='ocr_line' id='line_1_108' title="bbox 1778 5448 2684 5527; baseline 0.012 -25"><span class='ocrx_word' id='word_1_674' title='bbox 1778 5448 1999 5520; x_wconf 88' lang='lat' dir='ltr'><strong>oblique</strong></span> <span class='ocrx_word' id='word_1_675' title='bbox 2021 5469 2189 5525; x_wconf 85' lang='lat' dir='ltr'><strong>agens</strong></span> <span class='ocrx_word' id='word_1_676' title='bbox 2219 5457 2684 5527; x_wconf 82' lang='lat' dir='ltr'><strong>supplantabitur.</strong></span> 
     </span>
    </p>
   </div>
   <div class='ocr_carea' id='block_1_109' title="bbox 1562 5654 1796 5715">
    <p class='ocr_par' dir='ltr' id='par_1_109' title="bbox 1562 5654 1796 5715">
     <span class='ocr_line' id='line_1_109' title="bbox 1562 5654 1796 5715; baseline 0.026 -6"><span class='ocrx_word' id='word_1_677' title='bbox 1562 5654 1796 5715; x_wconf 71' lang='grc' dir='ltr'><strong>ΝΟΤᾹΞ.</strong></span> 
     </span>
    </p>
   </div>
   <div class='ocr_carea' id='block_1_110' title="bbox 211 5759 1667 5877">
    <p class='ocr_par' dir='ltr' id='par_1_110' title="bbox 211 5759 1662 5877">
     <span class='ocr_line' id='line_1_110' title="bbox 211 5759 1662 5877; baseline 0.015 -50"><span class='ocrx_word' id='word_1_678' title='bbox 211 5759 272 5830; x_wconf 75' lang='grc'><strong>(⁸))</strong></span> <span class='ocrx_word' id='word_1_679' title='bbox 441 5777 687 5853; x_wconf 80' lang='grc' dir='ltr'>ἄστεγος</span> <span class='ocrx_word' id='word_1_680' title='bbox 714 5785 966 5853; x_wconf 78' lang='grc' dir='ltr'>χείλεσι.</span> <span class='ocrx_word' id='word_1_681' title='bbox 1011 5774 1171 5858; x_wconf 82' lang='lat' dir='ltr'><strong>Vulg.</strong></span> <span class='ocrx_word' id='word_1_682' title='bbox 1244 5789 1435 5861; x_wconf 65' lang='lat' dir='ltr'><strong>stultus</strong></span> <span class='ocrx_word' id='word_1_683' title='bbox 1488 5793 1662 5851; x_wconf 78' lang='lat' dir='ltr'><strong>labiis.</strong></span> 
     </span>
    </p>
   </div>
   <div class='ocr_carea' id='block_1_111' title="bbox 1800 5759 3355 5877">
    <p class='ocr_par' dir='ltr' id='par_1_111' title="bbox 1800 5798 3355 5877">
     <span class='ocr_line' id='line_1_111' title="bbox 1800 5798 3355 5877; baseline 0.007 -25"><span class='ocrx_word' id='word_1_684' title='bbox 1800 5798 1878 5854; x_wconf 68' lang='grc' dir='ltr'><strong>[η’.</strong></span> <span class='ocrx_word' id='word_1_685' title='bbox 1934 5802 2323 5873; x_wconf 80' lang='lat' dir='ltr'><strong>propinquius,</strong></span> <span class='ocrx_word' id='word_1_686' title='bbox 2394 5821 2424 5859; x_wconf 90' lang='lat' dir='ltr'><strong>a</strong></span> <span class='ocrx_word' id='word_1_687' title='bbox 2479 5820 2590 5877; x_wconf 92' lang='lat' dir='ltr'><strong>quo</strong></span> <span class='ocrx_word' id='word_1_688' title='bbox 2622 5822 2724 5863; x_wconf 90' lang='lat' dir='ltr'><strong>nee</strong></span> <span class='ocrx_word' id='word_1_689' title='bbox 2773 5811 2821 5860; x_wconf 83' lang='grc' dir='ltr'>οἱ</span> <span class='ocrx_word' id='word_1_690' title='bbox 2852 5808 2994 5862; x_wconf 73' lang='lat' dir='ltr'><strong>LXX</strong></span> <span class='ocrx_word' id='word_1_691' title='bbox 3026 5808 3355 5876; x_wconf 72' lang='lat' dir='ltr'><strong>abscedunt,</strong></span> 
     </span>
    </p>
   </div>
   <div class='ocr_carea' id='block_1_112' title="bbox 365 5861 951 5941">
    <p class='ocr_par' dir='ltr' id='par_1_112' title="bbox 365 5861 951 5941">
     <span class='ocr_line' id='line_1_112' title="bbox 365 5861 951 5941; baseline 0.019 -11"><span class='ocrx_word' id='word_1_692' title='bbox 365 5861 614 5939; x_wconf 71' lang='lat' dir='ltr'><strong>PATnOL.</strong></span> <span class='ocrx_word' id='word_1_693' title='bbox 649 5880 765 5941; x_wconf 67' lang='lat' dir='ltr'><strong>Gtt.</strong></span> <span class='ocrx_word' id='word_1_694' title='bbox 802 5881 951 5941; x_wconf 81' lang='lat' dir='ltr'><strong>XCI.</strong></span> 
     </span>
    </p>
   </div>
   <div class='ocr_carea' id='block_1_113' title="bbox 2959 5906 3032 5965">
    <p class='ocr_par' dir='ltr' id='par_1_113' title="bbox 2959 5906 3032 5965">
     <span class='ocr_line' id='line_1_113' title="bbox 2959 5906 3032 5965; baseline 0 0"><span class='ocrx_word' id='word_1_695' title='bbox 2959 5906 3032 5965; x_wconf 86' lang='lat'><strong>30</strong></span> 
     </span>
    </p>
   </div>
  </div>
