3964 6276
146 296 282 365 941

1476 293 1646 355 LOCI
1685 290 2121 354 COMMUNES.

3304 286 3411 356 942
3444 350 3449 355 ,

252 410 519 466 Πλάτων.
539 440 607 451 -
632 408 878 474 Πλάτων,
921 407 1292 471 Ἀντισθένους
1326 408 1382 461 ὲν
1410 410 1478 479 τῇ
1499 398 1748 479 διατρὶὁῇ

1924 403 2102 458 Plato.
2132 433 2202 444 -—
2250 403 2425 471 Plato,
2456 418 2580 460 eum
2622 404 2976 462 Antisthenes
3017 404 3313 476 aliquando
3364 406 3418 462 in

152 518 311 557 ποτε
377 500 907 573 μακρολψήσαντος,
976 500 1236 568 Ἀγνοεῖς,
1282 493 1456 563 εἶπεν,
1521 498 1603 552 ὃτι
1653 498 1746 550 τοῦ

149 594 343 664 λόγου
367 594 567 669 μέτρον
595 595 767 660 ἐστὶν,
799 593 899 663 οὐχ
925 594 952 645 ὁ
981 591 1173 660 λέγων,
1206 590 1318 644 ἀλλ’
1340 591 1368 643 ὁ
1393 590 1639 651 ἀκούωνς

245 770 603 840 Νικοστράτ.
626 800 695 812 -—
716 770 779 823 Εί
832 769 926 822 ἐπὶ
971 767 1049 839 τῷ
1090 768 1111 801 ⁸
1144 766 1385 837 συνεχῶς
1430 766 1525 820 καὶ
1578 763 1747 818 πολλὰ

146 863 275 916 καὶ
294 863 513 933 ταχέως
544 862 724 915 λαλεῖν
764 856 833 932 ἦν
870 856 965 913 τοῦ
1011 861 1230 930 φρονεῖν
1288 855 1637 928 παράσημον,
1692 856 1749 907 αἱ

145 955 447 1025 χελιδόνες
470 953 701 1022 ὲλέγοντ’
733 952 800 1005 ἂν
820 950 977 1022 ἡμῶν
1006 947 1310 1021 φρονιμώτε
1320 966 1430 1019 ραι.

257 1050 365 1101 Ἐκ
399 1046 518 1099 τῶν
558 1043 914 1114 Ἐπικτήτου
967 1043 1068 1097 καί
1111 1039 1391 1111 Ὶσοκράτ.
1413 1038 1748 1092 -Γλῶσσαν

149 1140 306 1208 μίαν
333 1140 449 1200 τοῖς
488 1135 800 1209 ἀνθρώποις
840 1137 874 1207 ἡ
908 1133 1071 1206 φύσις
1114 1133 1362 1196 δέδωκεν,
1391 1130 1485 1184 δύο
1521 1131 1578 1185 δὲ
1607 1124 1742 1194 ὦτα,

149 1232 260 1284 ἶνα
292 1228 617 1283 διπλασίονα
646 1220 721 1281 ὧν
743 1226 994 1296 λέγομεν,
1030 1224 1161 1296 παρ’
1194 1224 1396 1294 ἑτέρων
1439 1223 1744 1292 ἀκούωμεν.

238 1317 849 1388 Πυθαγόρ.-Ξίφους
894 1312 1077 1387 πληγὴ
1114 1314 1414 1384 κουφοτέρα
1460 1311 1743 1380 γλώσσης·

146 1411 229 1464 τὸ
274 1410 384 1481 μὲν
421 1410 551 1481 γὰρ,
579 1408 761 1479 σῶμα,
792 1409 827 1479 ἡ
853 1408 931 1473 δὲ,
962 1407 1142 1478 ψυχὴν
1164 1405 1475 1478 τιτρώσκει.

239 1504 549 1569 Λῖσωπος.
568 1532 638 1541 -
654 1496 821 1566 Οὗτος
846 1500 1161 1572 ἐρωτηθεὶς,
1196 1501 1260 1552 Τί
1281 1501 1427 1554 ἐστιν
1450 1500 1507 1553 ὲν
1542 1497 1751 1568 ἀνθρώ-

154 1611 295 1658 ποις
335 1592 544 1663 ἀγαθόν
573 1610 632 1647 τε
658 1593 752 1647 καὶ
785 1592 1024 1661 φαῦ).ον;
1063 1591 1190 1662 ἔφη,
1222 1591 1468 1645 Γλῶσσα.

242 1681 688 1751 Δημοκριτ.⁹-
730 1680 1018 1749 Πλεονεξίη
1074 1680 1143 1734 τά
1193 1679 1370 1734 πάντα
1404 1680 1602 1748 λέγειν,
1659 1678 1753 1731 καὶ

159 1774 356 1844 μηδὲν
380 1773 585 1827 ἐθέλειν
613 1773 857 1827 ἀκούειν.

256 1865 673 1921 Ἀπολλωνίου.
695 1895 766 1906 —
788 1863 1091 1932 Πολυλογία
1117 1862 1286 1918 πολλὰ
1305 1862 1593 1933 σφάλματα
1615 1862 1745 1933 ἔχει·

164 1959 234 2013 τὸ
258 1958 325 2011 δὲ
353 1958 536 2029 σιγᾷν,
571 1956 832 2027 ἀσφαλές.

254 2051 320 2104 '0
375 2048 537 2112 αὐτὸς
585 2049 710 2113 τοὺς
762 2050 997 2123 ῥήτορας
1037 2050 1141 2122 ἔφη
1194 2048 1415 2118 ὁμοίους
1453 2044 1592 2102 εἶναι
1639 2050 1749 2111 τοῖς

165 2143 513 2214 βατράχοις·
559 2141 685 2203 τοὺς
725 2141 826 2212 μὲν
861 2143 970 2213 γὰρ
1014 2144 1073 2196 ὲν
1112 2142 1267 2198 ὕδασι
1316 2140 1581 2204 κελαδεῖν,
1630 2140 1755 2204 τοὺς

163 2233 232 2286 δὲ
274 2232 423 2304 πρὸς
448 2230 773 2302 κλεψύδραν.

244 2325 559 2389 Λύκωνος.
592 2322 938 2395 -Καθάπερ
992 2324 1049 2379 al
1099 2322 1362 2394 χελιδόνες
1416 2326 1482 2395 τῇ
1545 2325 1758 2393 συνεχεῖ

166 2417 515 2490 τῆςλαλιᾶς,
541 2416 640 2487 τὴν
671 2414 863 2487 ἡδονὴν
903 2415 1006 2486 τῆς
1056 2414 1271 2487 ὁμιλίας
1317 2413 1712 2469 ἀποϐάλλουσιν
1740 2430 1753 2444 ·

167 2510 367 2574 οὕτως
418 2510 469 2562 οί
517 2507 796 2579 ἀδολέσχαι
836 2505 1087 2578 ὀχλήσεις
1132 2509 1376 2577 συνεχεῖς
1425 2507 1756 2578 ποιούμενοι,

170 2597 378 2669 ἀηδεῖς
406 2597 800 2666 ἀποφαίνονται
832 2598 943 2662 τοῖς
979 2597 1372 2669 ἀκροωμένοις.

250 2687 492 2758 Νομικῷ
523 2686 747 2760 φλυάρῳ
776 2687 882 2759 ἔφη
915 2706 1019 2754 τις,
1052 2689 1126 2741 Οὐ
1152 2689 1232 2742 δεῖ
1259 2689 1316 2741 ὲν
1342 2686 1551 2752 πολλοῖς
1582 2686 1760 2757 λέγειν

175 2780 370 2849 ὀλίγα,
400 2781 515 2835 ἀλλ’
540 2780 596 2833 ἐν
624 2780 828 2849 ὀλίγοις
843 2781 1033 2834 πολλά.

732 2874 952 2927 ΛΟΓΟΣ
1000 2871 1120 2928 MH'
1162 2874 1222 2924 ¹⁶.

703 2962 843 3031 Περὶ
947 2963 1250 3031 προνοίας.

1850 494 2319 566 disputationibus
2365 496 2526 567 longa
2576 507 2760 568 ageret
2815 498 3062 552 oratione
3098 515 3111 550 :
3144 497 3419 569 :lgnoras,

1851 588 2052 659 inquit,
2082 589 2349 645 orationis
2374 589 2595 643 modum
2619 603 2760 653 esse,
2806 601 2917 641 non
2958 588 3013 641 in
3044 588 3262 644 dicente
3284 630 3298 655 ,
3326 590 3421 645 sed

1851 679 1908 734 in
1941 679 2197 735 auditore
2226 680 2433 736 situm?

1915 772 2225 827 Nicostrati.
2258 800 2329 813 -—
2350 772 2406 829 Si
2430 772 2782 828 continenter
2810 780 2866 825 et
2897 772 3066 825 multa
3092 779 3147 825 et
3166 769 3423 827 celeriter

1849 863 2001 933 loqui
2050 864 2268 934 signum
2306 872 2454 919 esset
2492 863 2792 933 sapientiae,
2842 863 3172 918 hirundines
3219 864 3425 935 majore

1850 954 2009 1009 nobis
2035 954 2306 1023 sapientia
2324 964 2586 1024 praestare
2621 953 2730 1009 diei
2758 964 3001 1024 possent.

1929 1044 2011 1099 Ea:
2029 1045 2257 1116 Epictet.
2285 1053 2335 1099 et
2364 1046 2671 1100 Isocrat.‘-—
2696 1046 2961 1117 Linguam
2986 1062 3150 1101 unam
3184 1045 3427 1101 homini-

1852 1132 1956 1187 bus
1982 1140 2180 1187 natura
2206 1132 2379 1196 dedit,
2406 1143 2461 1188 et
2487 1149 2651 1189 aures
2682 1134 2840 1199 duas,
2860 1143 2921 1187 ut
2950 1135 3178 1203 duplum
3204 1150 3423 1200 eorum,

1851 1241 1972 1295 quae
2001 1224 2257 1290 dicimus,
2281 1225 2349 1279 ab
2371 1225 2494 1279 aliis
2524 1224 2833 1279 audiamus.

1922 1318 2211 1389 Pgt/tagor.
2238 1348 2309 1356 —
2342 1317 2518 1373 Gladii
2572 1319 2714 1373 ictus
2760 1317 2938 1372 lenior
2976 1334 3139 1388 quam
3179 1316 3378 1392 lingua:
3410 1336 3423 1374 :

1854 1409 1943 1463 ille
1970 1409 2117 1462 enim
2144 1424 2346 1479 corpus
2364 1449 2382 1476 ,
2416 1410 2532 1465 haec
2555 1409 2799 1464 animum
2835 1409 3105 1465 vulnerat.

1921 1500 2105 1572 Ai‘sop.
2135 1531 2205 1542 —
2238 1501 2336 1555 llic
2385 1502 2753 1573 interrogatus
2796 1522 2805 1554 :
2834 1501 2977 1568 Quid
3010 1502 3065 1556 in
3107 1501 3429 1557 hominibus

1852 1600 1997 1646 esset
2017 1591 2222 1648 bonum
2250 1604 2305 1648 et
2338 1593 2562 1658 malum,
2595 1594 2837 1664 linguam
2875 1608 2996 1649 esse
3027 1593 3331 1664 respondit.

1918 1684 2203 1740 Democrit.
2252 1715 2322 1726 —
2352 1686 2541 1742 Avida:
2592 1685 2908 1757 rapacitatis
2950 1700 3124 1757 genus
3152 1685 3427 1756 quoddam

1853 1785 1957 1841 est,
1976 1775 2163 1833 dicere
2194 1778 2399 1841 omnia,
2438 1792 2540 1833 nec
2570 1778 2709 1833 velle
2739 1777 3038 1847 quidquam
3062 1778 3272 1833 audire.

1916 1869 2205 1941 Apollonii.
2231 1900 2301 1910 -—
2319 1868 2726 1940 Multiloquium
2754 1870 2925 1924 multa
2956 1876 3137 1925 errata
3154 1868 3344 1934 habet,
3376 1878 3431 1925 at

1854 1974 2033 2019 ιοοονθ
2063 1970 2266 2018 tutum.

1911 2055 2059 2111 Idem
2078 2065 2327 2112 oratores
2344 2058 2495 2111 ranis
2511 2070 2634 2111 esse
2658 2055 2867 2111 similes
2880 2054 3129 2121 dicebat;
3160 2055 3260 2111 has
3280 2054 3430 2110 enim

1856 2147 1911 2209 in
1957 2149 2118 2217 aquis
2150 2162 2403 2212 coaxare,
2440 2147 2561 2202 illos
2586 2146 2755 2218 648
2792 2146 2860 2201 ad
2905 2146 3247 2218 clepsydram
3277 2148 3429 2203 voci-

1854 2238 2043 2293 ferari.

1922 2331 2163 2401 Lyconis.
2189 2359 2259 2370 —
2292 2330 2766 2397 Quemadmodum
2812 2331 3140 2386 hirundines
3170 2333 3433 2386 continuo

1856 2422 2081 2492 garritu,
2117 2421 2437 2477 commercii
2465 2423 2667 2493 lingua:
2694 2422 3035 2493 voluptatem
3058 2422 3330 2491 perdunt;
3354 2424 3435 2479 sic

1857 2512 2138 2583 loquaces,
2176 2512 2308 2568 dum
2331 2513 2537 2585 jugiter
2576 2513 2914 2581 obtundunt,
2942 2513 3291 2570 auditoribus
3314 2530 3431 2569 mo-

1860 2603 2073 2659 lestiam
2094 2602 2328 2660 faciunt.

1923 2692 2328 2749 Juriseonsulto
2353 2695 2570 2767 loquaci
2621 2692 2759 2752 dixit
2795 2695 3018 2767 quidam
3048 2715 3061 2751 :
3096 2697 3216 2752 Non
3251 2695 3436 2751 multis

1865 2800 2060 2855 pauca,
2097 2785 2194 2841 sed
2230 2788 2400 2841 multa
2426 2788 2619 2858 paucis
2643 2804 2765 2843 esse
2796 2788 3188 2858 eloquendum.

2386 2877 2620 2937 SEBMO
2668 2878 2911 2934 XLVIII.-

2414 2971 2493 3025 De
2526 2972 2884 3027 Proviaentia.

255 3058 456 3111 Ματθ.
497 3052 782 3125 ι’.-Οὐχὶ
833 3053 925 3107 δύο
975 3053 1231 3125 στρουθία
1276 3053 1537 3124 ἀσσαρίου
1572 3053 1759 3108 πωλεῖ-

1936 3062 2125 3117 Matth.
2161 3080 2217 3130 x,
2246 3063 2334 3119 20.
2353 3092 2422 3104 --
2450 3064 2643 3119 Nonne
2669 3065 2778 3119 duo
2811 3077 3062 3135 passeres
3086 3063 3299 3118 minuto
3321 3076 3439 3119 asse

183 3166 321 3217 ταις
359 3148 454 3201 καὶ.
490 3146 549 3201 ἒν
572 3145 632 3212 ἐξ
656 3145 835 3200 αὐτῶν
864 3146 925 3199 ού
956 3145 1202 3198 πεσεῖται
1255 3145 1347 3198 ἐπὶ
1382 3145 1482 3215 τὴν
1509 3145 1612 3216 γῆν
1638 3144 1765 3200 ἄνευ

185 3239 290 3296 τοῦ
330 3240 549 3311 Πατρὸς
578 3238 749 3310 ὑμῶν.
783 3235 970 3308 ’Υμῶν
999 3236 1053 3290 δέ
1076 3236 1170 3289 καὶ
1198 3236 1252 3288 αἱ
1277 3236 1463 3306 τρίχες
1488 3236 1584 3307 τῆς
1600 3254 1769 3307 κεφα-

186 3334 293 3404 λῆς
332 3334 505 3387 πᾶσαι
531 3330 903 3403 ἠριθμημέναι
938 3329 1119 3385 είσίν.(

275 3427 456 3495 Ῥωμ.
490 3423 749 3479 ια.⁹-Ὣ
805 3422 967 3494 βάθος
1004 3421 1236 3477 πλούτου
1284 3423 1375 3475 καὶ
1433 3420 1626 3491 σοφίας
1678 3420 1773 3473 καὶ

186 3518 459 3589 γνώσεως
488 3514 656 3569 Θεοῦί
693 3514 768 3578 ὡς
796 3513 1190 3588 ἀνεξερεύνητα
1217 3514 1285 3569 τὰ
1312 3514 1559 3585 κρίματα
1582 3511 1767 3576 αὐτοῦ,

190 3612 288 3665 :e.‘
327 3607 720 3678 ἀνεξιχνίαστοι
751 3607 808 3659 al
837 3606 944 3659 ὁδοὶ
988 3607 1173 3661 αὐτοῦ.

266 3702 490 3767 Σολομ.
529 3696 797 3762 ιβ’.-Σὺ
856 3698 1127 3761 δεσπόζων
1178 3698 1358 3767 ἰσχύος
1405 3700 1462 3750 ὲν
1505 3696 1772 3751 ὲπιεικεία

190 3792 435 3863 κρίνεις,
481 3790 576 3842 καὶ
609 3788 747 3859 μετὰ
772 3788 973 3860 πολλῆς
1002 3788 1219 3858 φειδοῦς
1251 3789 1468 3851 διοικείς
1496 3789 1663 3858 ἡμᾶς.

264 3966 397 4032 Σιρ.
450 3962 741 4034 ις¹.--Μὴ
785 3963 964 4036 εἴπῃς,
1028 3962 1534 4034 ’Δποκρυϐήσομαι,
1575 3964 1670 4017 καὶ
1715 3964 1772 4031 ἐξ

191 4053 372 4124 ὕψους
406 4052 487 4115 (ς
526 4069 628 4122 μου
661 4052 1069 4123 μνησθήσεταις
1114 4053 1245 4105 Ἰδοὺ
1284 4055 1312 4106 ό
1354 4054 1580 4124 οὐρανὸς
1608 4054 1699 4107 καὶ
1746 4057 1775 4105 ὁ

190 4146 431 4219 οὐρανὸς
477 4143 572 4198 τοῦ
616 4142 883 4215 οὐρανοῢο
942 4144 1176 4208 ἄὸυσσος
1226 4146 1319 4198 καὶ
1359 4145 1428 4216 γῆ
1486 4146 1678 4199 καὶτὰ
1718 4148 1775 4200 ἐν

193 4240 414 4301 αὐτοῖς,
449 4239 515 4309 τῇ
543 4238 815 4307 ἐπισκοπῇ
840 4236 1005 4290 αὐτοῦ
1039 4234 1447 4307 σαλευθήσεται.
1481 4238 1590 4299 re;
1625 4237 1776 4301 ὀδοὺς

193 4329 369 4385 αὐτοῦ
408 4329 491 4392 τίς
530 4327 999 4398 ὲνθυμηθήσεται;
1053 4327 1307 4393 καταιγὶς
1347 4326 1414 4396 ἢν
1459 4328 1558 4379 οὐκ
1586 4325 1775 4397 ὄψεται

1870 3154 2155 3209 veneunt?
2190 3164 2245 3211 et
2279 3170 2423 3211 unus
2456 3168 2524 3210 ex
2554 3156 2662 3211 illis
2692 3171 2801 3212 non
2840 3157 3000 3213 cadet
3039 3172 3203 3229 super
3239 3165 3439 3212 terram

1871 3244 1990 3300 sine
2010 3244 2172 3301 Patre
2200 3254 2406 3301 vestro.
2436 3245 2546 3302 Sed
2585 3256 2640 3301 et
2671 3249 2853 3317 capilli
2887 3248 3086 3318 capitis
3114 3248 3281 3303 vestri
3320 3262 3442 3301 om-

1872 3350 1970 3390 nes
2000 3338 2273 3393 numerati
2301 3350 2449 3395 sunt.
3182 3388 3185 3391 .

1938 3428 2092 3483 Rom.
2112 3442 2187 3493 x1,
2211 3427 2297 3483 53.
2325 3459 2394 3468 —
2411 3429 2455 3485 Ο
2476 3430 2712 3485 altitudo
2738 3428 3055 3485 divitiarum
3078 3437 3133 3484 et
3160 3426 3446 3498 sapientia:

1872 3527 1929 3571 et
1968 3517 2211 3573 scientiae
2258 3517 2395 3573 Dei!
2450 3534 2613 3589 quam
2661 3519 3041 3573 inscrutabilia
3084 3527 3210 3573 sunt
3241 3517 3444 3589 judicia

1874 3610 1993 3679 ejus
2019 3617 2074 3663 et
2107 3609 2634 3679 impervestigabiles
2661 3611 2761 3665 vite
2784 3610 2935 3681 ejus!

1945 3699 2077 3769 Sap.
2104 3716 2199 3762 xu,
2224 3698 2312 3753 10.
2336 3730 2403 3739 -
2432 3700 2510 3754 Tu
2533 3741 2547 3765 ,
2578 3701 2896 3755 Dominator
2920 3698 3159 3764 virtutis,
3184 3698 3237 3752 in
3271 3698 3445 3768 arqui-

1878 3797 1986 3845 tate
2023 3791 2261 3861 judicas,
2305 3798 2359 3845 et
2387 3805 2511 3845 eum
2552 3806 2744 3862 magna
2789 3790 3128 3861 indulgentia
3172 3789 3447 3859 gubernas

1874 3897 1998 3936 nos.
2428 3902 2429 3905 ‘

1945 3973 2112 4027 Eccli.
2157 3988 2266 4041 xvt,
2322 3973 2407 4029 16.
2438 4004 2507 4018 -
2532 3973 2611 4030 Ne
2665 3974 2816 4029 dicas
2847 3972 3202 4027 :Abscondar
3227 4012 3242 4038 ,
3292 3981 3349 4028 et
3380 3989 3448 4028 et

1877 4065 1987 4119 alto
2006 4066 2131 4135 quis
2156 4066 2265 4122 mei
2294 4067 2731 4122 memorabitur?
2760 4066 2901 4122 Ecce
2933 4066 3133 4121 coelum
3161 4075 3218 4121 et
3245 4066 3446 4121 cmlum

1877 4155 2033 4222 C(BIi;
2058 4156 2285 4227 abyssus
2315 4166 2370 4211 et
2410 4166 2578 4221 terra,
2613 4166 2669 4211 et
2695 4173 2816 4228 quae
2854 4153 2909 4210 in
2941 4152 3023 4211 eis
3044 4164 3211 4221 sunt,
3240 4156 3294 4209 in
3320 4156 3450 4210 visi-

1879 4248 2086 4301 talione
2118 4247 2238 4317 ejus
2260 4248 2774 4303 commovebuntur.
2807 4247 2937 4303 Vias
2966 4247 3114 4302 illius
3137 4248 3262 4316 quis
3285 4247 3449 4301 intel-
3506 4312 3519 4321 κ

1878 4337 2044 4409 liget?
2071 4339 2338 4403 Procella,
2370 4355 2536 4410 quam
2579 4356 2688 4393 non
2714 4339 2926 4394 videbit
2961 4340 3157 4403 homo;
3182 4348 3237 4394 et
3270 4338 3449 4410 plera-

192 4422 493 4491 ἄνθρωπος
510 4435 526 4451 ⁸
555 4421 649 4474 καὶ
685 4419 753 4472 τὰ
780 4417 1000 4472 πλείονα
1032 4417 1141 4471 τῶν
1161 4416 1337 4487 ἔργων
1364 4417 1528 4471 αὑτοῦ
1561 4419 1618 4469 ἐν
1639 4420 1759 4471 ἀπο

1899 4444 1988 4499 {ue
2020 4432 2138 4500 ejus
2166 4446 2397 4500 operum
2431 4432 2752 4486 abscondita
2776 4440 2922 4488 sunt.

194 4515 459 4585 κρύφοις.

270 4606 493 4657 Βασιλ.
517 4631 587 4641 -
609 4602 722 4655 Πᾶν
750 4601 887 4673 ὅπερ
932 4605 1012 4666 είς
1050 4605 1196 4674 ἡμᾶς
1229 4604 1292 4656 ὲκ
1318 4601 1468 4665 θείας
1494 4601 1777 4671 δυνάμεως

198 4694 414 4764 ἀγαθὸν
438 4693 640 4764 φθάσῃ,
678 4693 777 4761 τῆς
813 4694 991 4747 πάντα
1022 4694 1350 4765 ἐνεργούσης
1384 4693 1604 4762 χάριτος
1629 4693 1779 4762 ἐνέρ-

197 4804 363 4857 γειαν
397 4782 535 4839 εἷναί
564 4802 765 4856 φαμεν.

274 4879 450 4934 Οὐδὲν
488 4879 822 4950 ἀπρονόητον
844 4878 964 4931 οὐδὲ
991 4877 1334 4950 ἠμελημένον
1365 4876 1515 4949 παρά
1544 4878 1623 4949 τῷ
1643 4878 1780 4947 Θεῷ.

201 4972 397 5026 Πάντα
458 4966 715 5022 σκοπεύει
792 4970 821 5020 ὁ
882 4967 1184 5037 ἀκοίμητος
1255 4966 1571 5037 ὀφθαλμός·
1651 4970 1783 5019 πᾶσι

202 5060 468 5122 τὲοεστι,
510 5056 748 5127 πορίζων
783 5055 999 5126 ἑκάστῳ
1028 5056 1126 5125 τὴν
1163 5055 1456 5126 σωτηρίαν.

281 5240 455 5291 Θεολ.
479 5265 546 5277 --
591 5237 858 5300 Πολλάκις
903 5233 1238 5305 παραδόξους
1278 5232 1551 5303 σωτηρίας
1580 5230 1686 5285 οἶδε
1725 5234 1785 5286 τὸ

204 5330 365 5383 Θεῖον
400 5332 764 5399 καινοτομεῖν,
810 5327 965 5382 νεῦον
1009 5327 1147 5397 πρὸς
1196 5327 1258 5379 τὸ
1294 5326 1678 5396 φιλάνθρωπον
1716 5328 1782 5397 τῇ

209 5421 408 5476 ἑαυτοῦ
442 5420 690 5492 προνοίᾳ.

280 5513 880 5584 Χρυσοστ.-Ούδεὶς
922 5512 1096 5577 οὕτως
1134 5511 1347 5566 ἑαυτοῦ
1402 5512 1661 5581 φείδεται,
1714 5512 1789 5577 ὡς

1952 4606 2166 4661 Basilii.
2196 4638 2263 4648 —
2287 4606 2566 4678 Quidquid
2600 4608 2728 4663 boni
2773 4626 2839 4665 ex
2874 4611 3057 4665 divina
3101 4611 3346 4681 potentia
3386 4613 3452 4667 ad

1887 4715 1988 4755 nos
2013 4701 2184 4766 venit,
2228 4700 2281 4756 id
2306 4701 2489 4771 gratiae
2512 4704 2693 4757 omnia
2725 4705 3006 4772 operantis
3047 4704 3302 4759 eﬂ‘ectum
3336 4720 3455 4759 esse

1890 4791 2146 4847 dicimus.

1960 4883 2109 4938 Nihil
2137 4884 2280 4955 apud
2308 4885 2481 4939 Deum
2515 4901 2623 4940 non
2651 4887 2963 4956 provisum;
2996 4885 3135 4942 nihil
3162 4886 3282 4957 ejus
3312 4883 3460 4938 curis

1891 4976 2283 5031 substractum.
2343 4976 2538 5031 Omnia
2582 4976 2734 5033 videt
2783 4977 3173 5049 insoporabilis
3225 4974 3456 5039 oculus;

1891 5067 2149 5122 omnibus
2179 5068 2355 5133 adest,
2387 5068 2639 5139 praebens
2664 5070 2896 5141 singulis
2915 5068 3062 5138 quod
3117 5065 3462 5121 incolumita-

1894 5166 2002 5212 tem
2024 5166 2267 5228 praestet.

1965 5250 2224 5322 Theologi.
2255 5281 2323 5291 --
2351 5251 2533 5305 Novas
2551 5250 2696 5305 haud
2726 5268 2851 5307 raro
2876 5260 2932 5305 et
2967 5251 3244 5307 inauditas
3269 5250 3463 5306 salutis

1892 5338 2007 5392 vias
2036 5339 2180 5393 Deus
2210 5339 2458 5409 proferre
2499 5340 2673 5405 novit,
2729 5339 3072 5410 providentia
3118 5357 3217 5396 sua
3241 5341 3312 5397 ad
3355 5341 3462 5395 hu-

1897 5430 2215 5484 manitatem
2240 5446 2303 5484 ac
2335 5430 2685 5487 clementiam
2719 5432 3007 5489 inclinans.

1969 5517 2231 5589 Chrysost.
2259 5548 2331 5560 —
2361 5507 2533 5575 Nemo
2564 5520 2639 5576 sic
2668 5518 2783 5592 ipse
2818 5538 2944 5594 erga
2986 5523 3226 5594 seipsum
3276 5519 3462 5576 indul-

1512 5628 2175 5688 VARlE-IECTIONES.

288 5726 309 5758 '
342 5725 403 5780 Β.
448 5724 542 5778 ἐπὶ
564 5724 645 5777 τό.
724 5722 931 5778 ’Gesn.
958 5722 1019 5777 in
1074 5721 1196 5777 Mel.
1246 5721 1578 5792 Θεοφυλάκτ.

1659 5728 1702 5759 ¹⁰
1736 5728 1793 5784 In
1841 5728 2009 5785 Gesn.
2057 5728 2208 5785 Sto‘b.
2239 5730 2363 5787 “284,
