  <div class='ocr_page' id='page_1' title='image "/cluster/home/n/w/nwhite01/storage/ocr_20150623/91/hvd.32044019208024/486.png"; bbox 0 0 3964 6276; ppageno 0'>
   <div class='ocr_carea' id='block_1_1' title="bbox 131 356 228 419">
    <p class='ocr_par' dir='ltr' id='par_1_1' title="bbox 131 356 228 419">
     <span class='ocr_line' id='line_1_1' title="bbox 131 356 228 419; baseline -0.01 0"><span class='ocrx_word' id='word_1_1' title='bbox 131 356 228 419; x_wconf 62' lang='grc'>949</span> 
     </span>
    </p>
   </div>
   <div class='ocr_carea' id='block_1_2' title="bbox 1445 354 2089 416">
    <p class='ocr_par' dir='ltr' id='par_1_2' title="bbox 1445 354 2089 416">
     <span class='ocr_line' id='line_1_2' title="bbox 1445 354 2089 416; baseline 0.002 -1"><span class='ocrx_word' id='word_1_2' title='bbox 1445 355 1613 415; x_wconf 85' lang='lat' dir='ltr'><strong>LOCI</strong></span> <span class='ocrx_word' id='word_1_3' title='bbox 1652 354 2089 416; x_wconf 78' lang='lat' dir='ltr'><strong>COMMUNES.</strong></span> 
     </span>
    </p>
   </div>
   <div class='ocr_carea' id='block_1_3' title="bbox 3294 352 3402 415">
    <p class='ocr_par' dir='ltr' id='par_1_3' title="bbox 3294 352 3402 415">
     <span class='ocr_line' id='line_1_3' title="bbox 3294 352 3402 415; baseline 0.019 -2"><span class='ocrx_word' id='word_1_4' title='bbox 3294 352 3402 415; x_wconf 82' lang='grc'><strong>950</strong></span> 
     </span>
    </p>
   </div>
   <div class='ocr_carea' id='block_1_4' title="bbox 133 461 1734 537">
    <p class='ocr_par' dir='ltr' id='par_1_4' title="bbox 133 464 1731 537">
     <span class='ocr_line' id='line_1_4' title="bbox 133 464 1731 537; baseline 0.001 -18"><span class='ocrx_word' id='word_1_5' title='bbox 133 476 227 537; x_wconf 75' lang='grc' dir='ltr'><strong>μέν</strong></span> <span class='ocrx_word' id='word_1_6' title='bbox 282 466 597 535; x_wconf 81' lang='grc' dir='ltr'>ἐπιτυχίας</span> <span class='ocrx_word' id='word_1_7' title='bbox 640 464 819 519; x_wconf 79' lang='grc' dir='ltr'>αὐτῶν</span> <span class='ocrx_word' id='word_1_8' title='bbox 878 466 907 517; x_wconf 88' lang='grc' dir='ltr'><strong>ό</strong></span> <span class='ocrx_word' id='word_1_9' title='bbox 950 465 1099 535; x_wconf 79' lang='grc' dir='ltr'>ἥλιος</span> <span class='ocrx_word' id='word_1_10' title='bbox 1150 467 1284 537; x_wconf 78' lang='grc' dir='ltr'>όρᾷ·</span> <span class='ocrx_word' id='word_1_11' title='bbox 1343 466 1445 530; x_wconf 87' lang='grc' dir='ltr'>τὰς</span> <span class='ocrx_word' id='word_1_12' title='bbox 1491 468 1548 520; x_wconf 82' lang='grc' dir='ltr'>δὲ</span> <span class='ocrx_word' id='word_1_13' title='bbox 1597 468 1731 520; x_wconf 78' lang='grc' dir='ltr'>ἀπο-</span> 
     </span>
    </p>
   </div>
   <div class='ocr_carea' id='block_1_5' title="bbox 1857 461 3413 537">
    <p class='ocr_par' dir='ltr' id='par_1_5' title="bbox 1857 461 3413 537">
     <span class='ocr_line' id='line_1_5' title="bbox 1857 461 3413 537; baseline 0.001 -18"><span class='ocrx_word' id='word_1_14' title='bbox 1857 466 1958 520; x_wconf 90' lang='lat' dir='ltr'><strong>Iem</strong></span> <span class='ocrx_word' id='word_1_15' title='bbox 2001 479 2310 527; x_wconf 85' lang='lat' dir='ltr'><strong>successus,</strong></span> <span class='ocrx_word' id='word_1_16' title='bbox 2341 480 2405 518; x_wconf 87' lang='lat' dir='ltr'><strong>ac</strong></span> <span class='ocrx_word' id='word_1_17' title='bbox 2422 462 2466 517; x_wconf 89' lang='lat' dir='ltr'><strong>si</strong></span> <span class='ocrx_word' id='word_1_18' title='bbox 2496 462 2628 532; x_wconf 85' lang='lat' dir='ltr'><strong>quid</strong></span> <span class='ocrx_word' id='word_1_19' title='bbox 2659 461 2835 516; x_wconf 82' lang='lat' dir='ltr'><strong>fauste</strong></span> <span class='ocrx_word' id='word_1_20' title='bbox 2871 461 3118 529; x_wconf 86' lang='lat' dir='ltr'><strong>cederet,</strong></span> <span class='ocrx_word' id='word_1_21' title='bbox 3158 463 3240 519; x_wconf 88' lang='lat' dir='ltr'><strong>sol</strong></span> <span class='ocrx_word' id='word_1_22' title='bbox 3263 466 3413 537; x_wconf 80' lang='lat' dir='ltr'><strong>aspi-</strong></span> 
     </span>
    </p>
   </div>
   <div class='ocr_carea' id='block_1_6' title="bbox 131 548 832 628">
    <p class='ocr_par' dir='ltr' id='par_1_6' title="bbox 131 548 832 628">
     <span class='ocr_line' id='line_1_6' title="bbox 131 548 832 628; baseline -0.001 -16"><span class='ocrx_word' id='word_1_23' title='bbox 131 548 319 628; x_wconf 82' lang='grc' dir='ltr'>τυχίας</span> <span class='ocrx_word' id='word_1_24' title='bbox 348 559 384 627; x_wconf 82' lang='grc' dir='ltr'>ἡ</span> <span class='ocrx_word' id='word_1_25' title='bbox 416 557 500 628; x_wconf 81' lang='grc' dir='ltr'>γῆ</span> <span class='ocrx_word' id='word_1_26' title='bbox 549 556 832 611; x_wconf 83' lang='grc' dir='ltr'><strong>καλύπτει.</strong></span> 
     </span>
    </p>
   </div>
   <div class='ocr_carea' id='block_1_7' title="bbox 192 731 1723 802">
    <p class='ocr_par' dir='ltr' id='par_1_7' title="bbox 192 731 1723 802">
     <span class='ocr_line' id='line_1_7' title="bbox 192 731 1723 802; baseline 0 -18"><span class='ocrx_word' id='word_1_27' title='bbox 192 734 563 797; x_wconf 77' lang='grc' dir='ltr'>Στρατονικ.</span> <span class='ocrx_word' id='word_1_28' title='bbox 605 761 675 771; x_wconf 89' lang='grc'><strong>--</strong></span> <span class='ocrx_word' id='word_1_29' title='bbox 718 732 1074 802; x_wconf 76' lang='grc' dir='ltr'>Στρατονικὺς</span> <span class='ocrx_word' id='word_1_30' title='bbox 1141 732 1322 802; x_wconf 81' lang='grc' dir='ltr'>ἰατρὸν</span> <span class='ocrx_word' id='word_1_31' title='bbox 1376 731 1723 797; x_wconf 82' lang='grc' dir='ltr'><strong>κολακεύων,</strong></span> 
     </span>
    </p>
   </div>
   <div class='ocr_carea' id='block_1_8' title="bbox 133 822 1727 895">
    <p class='ocr_par' dir='ltr' id='par_1_8' title="bbox 133 822 1727 895">
     <span class='ocr_line' id='line_1_8' title="bbox 133 822 1727 895; baseline 0.001 -20"><span class='ocrx_word' id='word_1_32' title='bbox 133 822 335 889; x_wconf 77' lang='grc' dir='ltr'>ἔλεγεν,</span> <span class='ocrx_word' id='word_1_33' title='bbox 376 822 634 877; x_wconf 81' lang='grc' dir='ltr'>Ἐπαινῶ</span> <span class='ocrx_word' id='word_1_34' title='bbox 687 841 782 879; x_wconf 87' lang='grc' dir='ltr'><strong>σου</strong></span> <span class='ocrx_word' id='word_1_35' title='bbox 832 825 933 895; x_wconf 85' lang='grc' dir='ltr'>τὴν</span> <span class='ocrx_word' id='word_1_36' title='bbox 989 826 1302 895; x_wconf 75' lang='grc' dir='ltr'>ἐμπειρίαν,</span> <span class='ocrx_word' id='word_1_37' title='bbox 1346 824 1428 877; x_wconf 82' lang='grc' dir='ltr'>ὅτι</span> <span class='ocrx_word' id='word_1_38' title='bbox 1478 825 1580 877; x_wconf 81' lang='grc' dir='ltr'>οὐκ</span> <span class='ocrx_word' id='word_1_39' title='bbox 1630 825 1727 894; x_wconf 73' lang='grc' dir='ltr'><strong>ἐᾷς</strong></span> 
     </span>
    </p>
   </div>
   <div class='ocr_carea' id='block_1_9' title="bbox 130 914 1727 987">
    <p class='ocr_par' dir='ltr' id='par_1_9' title="bbox 130 914 1727 987">
     <span class='ocr_line' id='line_1_9' title="bbox 130 914 1727 987; baseline 0.002 -22"><span class='ocrx_word' id='word_1_40' title='bbox 130 915 251 975; x_wconf 78' lang='grc' dir='ltr'>τοὺς</span> <span class='ocrx_word' id='word_1_41' title='bbox 295 914 640 985; x_wconf 70' lang='grc' dir='ltr'>ἀρρώστους</span> <span class='ocrx_word' id='word_1_42' title='bbox 685 916 1109 987; x_wconf 78' lang='grc' dir='ltr'>κατασαπῆναι·</span> <span class='ocrx_word' id='word_1_43' title='bbox 1154 918 1340 987; x_wconf 82' lang='grc' dir='ltr'><strong>τάχιον</strong></span> <span class='ocrx_word' id='word_1_44' title='bbox 1381 915 1581 980; x_wconf 83' lang='grc' dir='ltr'>αὐτοὺς</span> <span class='ocrx_word' id='word_1_45' title='bbox 1629 914 1727 969; x_wconf 80' lang='grc' dir='ltr'>τοῦ</span> 
     </span>
    </p>
   </div>
   <div class='ocr_carea' id='block_1_10' title="bbox 136 1006 648 1077">
    <p class='ocr_par' dir='ltr' id='par_1_10' title="bbox 136 1006 648 1077">
     <span class='ocr_line' id='line_1_10' title="bbox 136 1006 648 1077; baseline 0.008 -18"><span class='ocrx_word' id='word_1_46' title='bbox 136 1007 229 1077; x_wconf 75' lang='grc' dir='ltr'><strong>ζῇν</strong></span> <span class='ocrx_word' id='word_1_47' title='bbox 268 1006 648 1063; x_wconf 79' lang='grc' dir='ltr'>ἀπαλάσσων.</span> 
     </span>
    </p>
   </div>
   <div class='ocr_carea' id='block_1_11' title="bbox 199 1099 1726 1174">
    <p class='ocr_par' dir='ltr' id='par_1_11' title="bbox 199 1099 1726 1174">
     <span class='ocr_line' id='line_1_11' title="bbox 199 1099 1726 1174; baseline 0.001 -21"><span class='ocrx_word' id='word_1_48' title='bbox 199 1099 555 1168; x_wconf 78' lang='grc' dir='ltr'>Δημονάκτ.</span> <span class='ocrx_word' id='word_1_49' title='bbox 593 1132 665 1141; x_wconf 90' lang='grc'><strong><em>-</em></strong></span> <span class='ocrx_word' id='word_1_50' title='bbox 702 1103 828 1167; x_wconf 74' lang='grc' dir='ltr'>Τοῖς</span> <span class='ocrx_word' id='word_1_51' title='bbox 870 1102 1301 1174; x_wconf 78' lang='grc' dir='ltr'><strong>Ἀσκληπιάδαις</strong></span> <span class='ocrx_word' id='word_1_52' title='bbox 1336 1100 1541 1172; x_wconf 80' lang='grc' dir='ltr'>μείζων</span> <span class='ocrx_word' id='word_1_53' title='bbox 1572 1100 1726 1171; x_wconf 81' lang='grc' dir='ltr'>ὀφεί-</span> 
     </span>
    </p>
   </div>
   <div class='ocr_carea' id='block_1_12' title="bbox 134 1188 1726 1265">
    <p class='ocr_par' dir='ltr' id='par_1_12' title="bbox 134 1188 1726 1265">
     <span class='ocr_line' id='line_1_12' title="bbox 134 1188 1726 1265; baseline 0.003 -24"><span class='ocrx_word' id='word_1_54' title='bbox 134 1188 279 1243; x_wconf 81' lang='grc' dir='ltr'>λεται</span> <span class='ocrx_word' id='word_1_55' title='bbox 334 1191 516 1261; x_wconf 85' lang='grc' dir='ltr'>χάρις</span> <span class='ocrx_word' id='word_1_56' title='bbox 572 1194 953 1265; x_wconf 76' lang='grc' dir='ltr'><strong>ἐπερχομένην</strong></span> <span class='ocrx_word' id='word_1_57' title='bbox 1004 1191 1394 1250; x_wconf 84' lang='grc' dir='ltr'>άναστέλλουσι</span> <span class='ocrx_word' id='word_1_58' title='bbox 1452 1191 1629 1259; x_wconf 81' lang='grc' dir='ltr'>νόσον,</span> <span class='ocrx_word' id='word_1_59' title='bbox 1691 1190 1726 1262; x_wconf 76' lang='grc' dir='ltr'>ἢ</span> 
     </span>
    </p>
   </div>
   <div class='ocr_carea' id='block_1_13' title="bbox 136 1279 1728 1354">
    <p class='ocr_par' dir='ltr' id='par_1_13' title="bbox 136 1279 1728 1354">
     <span class='ocr_line' id='line_1_13' title="bbox 136 1279 1728 1354; baseline 0.003 -24"><span class='ocrx_word' id='word_1_60' title='bbox 136 1279 576 1347; x_wconf 71' lang='grc' dir='ltr'><strong>παραπεσοῦσαν</strong></span> <span class='ocrx_word' id='word_1_61' title='bbox 640 1282 991 1352; x_wconf 84' lang='grc' dir='ltr'>ίασαμένοις,</span> <span class='ocrx_word' id='word_1_62' title='bbox 1052 1282 1148 1336; x_wconf 83' lang='grc' dir='ltr'>τοῦ</span> <span class='ocrx_word' id='word_1_63' title='bbox 1206 1281 1318 1354; x_wconf 79' lang='grc' dir='ltr'><strong>γὰρ</strong></span> <span class='ocrx_word' id='word_1_64' title='bbox 1377 1280 1728 1353; x_wconf 77' lang='grc' dir='ltr'><strong>ἀπηλλάχθαι</strong></span> 
     </span>
    </p>
   </div>
   <div class='ocr_carea' id='block_1_14' title="bbox 142 1369 1192 1449">
    <p class='ocr_par' dir='ltr' id='par_1_14' title="bbox 142 1369 1192 1449">
     <span class='ocr_line' id='line_1_14' title="bbox 142 1369 1192 1449; baseline 0.007 -25"><span class='ocrx_word' id='word_1_65' title='bbox 142 1369 305 1425; x_wconf 77' lang='grc' dir='ltr'>κακοῦ</span> <span class='ocrx_word' id='word_1_66' title='bbox 327 1371 394 1425; x_wconf 84' lang='grc' dir='ltr'>τὸ</span> <span class='ocrx_word' id='word_1_67' title='bbox 428 1372 513 1445; x_wconf 78' lang='grc' dir='ltr'>μὴ</span> <span class='ocrx_word' id='word_1_68' title='bbox 547 1375 779 1446; x_wconf 84' lang='grc' dir='ltr'>πάσχειν</span> <span class='ocrx_word' id='word_1_69' title='bbox 807 1376 1192 1449; x_wconf 78' lang='grc' dir='ltr'>αἱρετώτερον.</span> 
     </span>
    </p>
   </div>
   <div class='ocr_carea' id='block_1_15' title="bbox 682 1490 1198 1545">
    <p class='ocr_par' dir='ltr' id='par_1_15' title="bbox 682 1490 1198 1545">
     <span class='ocr_line' id='line_1_15' title="bbox 682 1490 1198 1545; baseline 0.002 -1"><span class='ocrx_word' id='word_1_70' title='bbox 682 1490 901 1545; x_wconf 85' lang='grc' dir='ltr'><strong>ΛΟΓΟΣ</strong></span> <span class='ocrx_word' id='word_1_71' title='bbox 966 1492 1076 1545; x_wconf 82' lang='lat' dir='ltr'><strong>NA&#39;</strong></span> <span class='ocrx_word' id='word_1_72' title='bbox 1130 1491 1198 1545; x_wconf 74' lang='lat'><strong>“.</strong></span> 
     </span>
    </p>
   </div>
   <div class='ocr_carea' id='block_1_16' title="bbox 708 1582 1161 1651">
    <p class='ocr_par' dir='ltr' id='par_1_16' title="bbox 708 1582 1161 1651">
     <span class='ocr_line' id='line_1_16' title="bbox 708 1582 1161 1651; baseline 0.011 -16"><span class='ocrx_word' id='word_1_73' title='bbox 708 1582 849 1651; x_wconf 78' lang='grc' dir='ltr'>Περὶ</span> <span class='ocrx_word' id='word_1_74' title='bbox 875 1583 1161 1649; x_wconf 80' lang='grc' dir='ltr'>πίστεως.</span> 
     </span>
    </p>
   </div>
   <div class='ocr_carea' id='block_1_17' title="bbox 210 1668 1791 1749">
    <p class='ocr_par' dir='ltr' id='par_1_17' title="bbox 210 1668 1791 1749">
     <span class='ocr_line' id='line_1_17' title="bbox 210 1668 1791 1749; baseline -0.001 -18"><span class='ocrx_word' id='word_1_75' title='bbox 210 1679 400 1731; x_wconf 70' lang='lat' dir='ltr'><strong>Matt).</strong></span> <span class='ocrx_word' id='word_1_76' title='bbox 428 1675 522 1737; x_wconf 81' lang='grc' dir='ltr'>ιζ’.</span> <span class='ocrx_word' id='word_1_77' title='bbox 552 1704 627 1717; x_wconf 89' lang='grc'><strong><em>--</em></strong></span> <span class='ocrx_word' id='word_1_78' title='bbox 668 1674 841 1748; x_wconf 80' lang='grc' dir='ltr'>Ἀμὴν</span> <span class='ocrx_word' id='word_1_79' title='bbox 871 1674 1016 1744; x_wconf 88' lang='grc' dir='ltr'>λέγω</span> <span class='ocrx_word' id='word_1_80' title='bbox 1041 1677 1192 1746; x_wconf 79' lang='grc' dir='ltr'>ὑμῖν,</span> <span class='ocrx_word' id='word_1_81' title='bbox 1236 1676 1332 1732; x_wconf 77' lang='grc' dir='ltr'>ἐὰν</span> <span class='ocrx_word' id='word_1_82' title='bbox 1365 1675 1520 1749; x_wconf 73' lang='grc' dir='ltr'>ἔχετε</span> <span class='ocrx_word' id='word_1_83' title='bbox 1546 1674 1732 1730; x_wconf 85' lang='grc' dir='ltr'>πίστιν</span> <span class='ocrx_word' id='word_1_84' title='bbox 1785 1668 1791 1673; x_wconf 64' lang='grc'><em>’</em></span> 
     </span>
    </p>
   </div>
   <div class='ocr_carea' id='block_1_18' title="bbox 147 1766 1730 1840">
    <p class='ocr_par' dir='ltr' id='par_1_18' title="bbox 147 1766 1730 1840">
     <span class='ocr_line' id='line_1_18' title="bbox 147 1766 1730 1840; baseline 0.001 -21"><span class='ocrx_word' id='word_1_85' title='bbox 147 1767 213 1831; x_wconf 75' lang='grc' dir='ltr'>ὡς</span> <span class='ocrx_word' id='word_1_86' title='bbox 237 1768 442 1821; x_wconf 84' lang='grc' dir='ltr'>κόκκον</span> <span class='ocrx_word' id='word_1_87' title='bbox 476 1767 757 1827; x_wconf 80' lang='grc' dir='ltr'>σινάπεως</span> <span class='ocrx_word' id='word_1_88' title='bbox 782 1807 797 1834; x_wconf 95' lang='grc'><strong>,</strong></span> <span class='ocrx_word' id='word_1_89' title='bbox 830 1767 1005 1839; x_wconf 71' lang='grc' dir='ltr'>ἐρεῖτε</span> <span class='ocrx_word' id='word_1_90' title='bbox 1038 1766 1117 1838; x_wconf 84' lang='grc' dir='ltr'>τῷ</span> <span class='ocrx_word' id='word_1_91' title='bbox 1154 1766 1271 1840; x_wconf 75' lang='grc' dir='ltr'>ὄρει</span> <span class='ocrx_word' id='word_1_92' title='bbox 1316 1767 1510 1839; x_wconf 80' lang='grc' dir='ltr'>τούτῳ,</span> <span class='ocrx_word' id='word_1_93' title='bbox 1546 1766 1730 1822; x_wconf 86' lang='grc' dir='ltr'>Μετά-</span> 
     </span>
    </p>
   </div>
   <div class='ocr_carea' id='block_1_19' title="bbox 1830 553 3411 624">
    <p class='ocr_par' dir='ltr' id='par_1_19' title="bbox 1830 553 3411 624">
     <span class='ocr_line' id='line_1_19' title="bbox 1830 553 3411 624; baseline 0.003 -12"><span class='ocrx_word' id='word_1_94' title='bbox 1830 563 2017 621; x_wconf 88' lang='lat' dir='ltr'><strong>ceret;</strong></span> <span class='ocrx_word' id='word_1_95' title='bbox 2049 570 2271 611; x_wconf 86' lang='lat' dir='ltr'><strong>errores</strong></span> <span class='ocrx_word' id='word_1_96' title='bbox 2306 562 2489 610; x_wconf 85' lang='lat' dir='ltr'><strong>autem</strong></span> <span class='ocrx_word' id='word_1_97' title='bbox 2510 562 2567 608; x_wconf 88' lang='lat' dir='ltr'><strong>et</strong></span> <span class='ocrx_word' id='word_1_98' title='bbox 2584 553 2731 623; x_wconf 90' lang='lat' dir='ltr'><strong>quod</strong></span> <span class='ocrx_word' id='word_1_99' title='bbox 2757 562 2873 608; x_wconf 88' lang='lat' dir='ltr'><strong>arte</strong></span> <span class='ocrx_word' id='word_1_100' title='bbox 2898 564 3238 624; x_wconf 72' lang='lat' dir='ltr'><strong>peccassent,</strong></span> <span class='ocrx_word' id='word_1_101' title='bbox 3264 566 3411 616; x_wconf 85' lang='lat' dir='ltr'><strong>terra</strong></span> 
     </span>
    </p>
   </div>
   <div class='ocr_carea' id='block_1_20' title="bbox 1830 647 2093 717">
    <p class='ocr_par' dir='ltr' id='par_1_20' title="bbox 1830 647 2093 717">
     <span class='ocr_line' id='line_1_20' title="bbox 1830 647 2093 717; baseline 0 -16"><span class='ocrx_word' id='word_1_102' title='bbox 1830 647 2093 717; x_wconf 88' lang='lat' dir='ltr'><strong>operiret.</strong></span> 
     </span>
    </p>
   </div>
   <div class='ocr_carea' id='block_1_21' title="bbox 1902 718 3407 805">
    <p class='ocr_par' dir='ltr' id='par_1_21' title="bbox 1902 718 3407 805">
     <span class='ocr_line' id='line_1_21' title="bbox 1902 718 3407 805; baseline -0.001 -10"><span class='ocrx_word' id='word_1_103' title='bbox 1902 718 2192 795; x_wconf 71' lang='lat' dir='ltr'><strong>Stratonic.</strong></span> <span class='ocrx_word' id='word_1_104' title='bbox 2234 770 2302 779; x_wconf 93' lang='lat'><strong><em>——</em></strong></span> <span class='ocrx_word' id='word_1_105' title='bbox 2343 726 2711 800; x_wconf 88' lang='lat' dir='ltr'><strong>Stratonicus,</strong></span> <span class='ocrx_word' id='word_1_106' title='bbox 2758 736 2942 805; x_wconf 88' lang='lat' dir='ltr'><strong>lepide</strong></span> <span class='ocrx_word' id='word_1_107' title='bbox 2985 737 3204 793; x_wconf 90' lang='lat' dir='ltr'><strong>medico</strong></span> <span class='ocrx_word' id='word_1_108' title='bbox 3248 738 3407 794; x_wconf 87' lang='lat' dir='ltr'><strong>blan—</strong></span> 
     </span>
    </p>
   </div>
   <div class='ocr_carea' id='block_1_22' title="bbox 1832 828 3410 900">
    <p class='ocr_par' dir='ltr' id='par_1_22' title="bbox 1832 828 3410 900">
     <span class='ocr_line' id='line_1_22' title="bbox 1832 828 3410 900; baseline 0.001 -15"><span class='ocrx_word' id='word_1_109' title='bbox 1832 828 2017 893; x_wconf 90' lang='lat' dir='ltr'><strong>diens,</strong></span> <span class='ocrx_word' id='word_1_110' title='bbox 2048 829 2235 884; x_wconf 88' lang='lat' dir='ltr'><strong>aiebat</strong></span> <span class='ocrx_word' id='word_1_111' title='bbox 2260 846 2273 882; x_wconf 89' lang='lat'><strong>:</strong></span> <span class='ocrx_word' id='word_1_112' title='bbox 2308 829 2502 883; x_wconf 88' lang='lat' dir='ltr'><strong>Laudo</strong></span> <span class='ocrx_word' id='word_1_113' title='bbox 2526 836 2675 883; x_wconf 87' lang='lat' dir='ltr'><strong>tuam</strong></span> <span class='ocrx_word' id='word_1_114' title='bbox 2702 828 2933 883; x_wconf 61' lang='lat' dir='ltr'><strong>medicae</strong></span> <span class='ocrx_word' id='word_1_115' title='bbox 2957 828 3100 884; x_wconf 89' lang='lat' dir='ltr'><strong>artis</strong></span> <span class='ocrx_word' id='word_1_116' title='bbox 3130 830 3410 900; x_wconf 79' lang='lat' dir='ltr'><strong>peritiam,</strong></span> 
     </span>
    </p>
   </div>
   <div class='ocr_carea' id='block_1_23' title="bbox 1831 918 3416 991">
    <p class='ocr_par' dir='ltr' id='par_1_23' title="bbox 1831 918 3416 991">
     <span class='ocr_line' id='line_1_23' title="bbox 1831 918 3416 991; baseline 0.001 -17"><span class='ocrx_word' id='word_1_117' title='bbox 1831 920 1981 990; x_wconf 88' lang='lat' dir='ltr'><strong>quod</strong></span> <span class='ocrx_word' id='word_1_118' title='bbox 2014 927 2251 991; x_wconf 60' lang='lat' dir='ltr'><strong>aegrotos</strong></span> <span class='ocrx_word' id='word_1_119' title='bbox 2278 919 2675 976; x_wconf 86' lang='lat' dir='ltr'><strong>contabesccre</strong></span> <span class='ocrx_word' id='word_1_120' title='bbox 2717 934 2829 974; x_wconf 90' lang='lat' dir='ltr'><strong>non</strong></span> <span class='ocrx_word' id='word_1_121' title='bbox 2856 918 3028 984; x_wconf 87' lang='lat' dir='ltr'><strong>sinas,</strong></span> <span class='ocrx_word' id='word_1_122' title='bbox 3082 919 3251 975; x_wconf 90' lang='lat' dir='ltr'><strong>citius</strong></span> <span class='ocrx_word' id='word_1_123' title='bbox 3290 920 3416 976; x_wconf 93' lang='lat' dir='ltr'><strong>illos</strong></span> 
     </span>
    </p>
   </div>
   <div class='ocr_carea' id='block_1_24' title="bbox 1831 1010 2233 1066">
    <p class='ocr_par' dir='ltr' id='par_1_24' title="bbox 1831 1010 2233 1066">
     <span class='ocr_line' id='line_1_24' title="bbox 1831 1010 2233 1066; baseline 0.002 -2"><span class='ocrx_word' id='word_1_124' title='bbox 1831 1011 1945 1066; x_wconf 87' lang='lat' dir='ltr'><strong>vita</strong></span> <span class='ocrx_word' id='word_1_125' title='bbox 1968 1010 2233 1066; x_wconf 86' lang='lat' dir='ltr'><strong>liberans.</strong></span> 
     </span>
    </p>
   </div>
   <div class='ocr_carea' id='block_1_25' title="bbox 1902 1100 3414 1174">
    <p class='ocr_par' dir='ltr' id='par_1_25' title="bbox 1902 1100 3414 1174">
     <span class='ocr_line' id='line_1_25' title="bbox 1902 1100 3414 1174; baseline 0.001 -17"><span class='ocrx_word' id='word_1_126' title='bbox 1902 1102 2214 1157; x_wconf 81' lang='lat' dir='ltr'><strong>Demonact.</strong></span> <span class='ocrx_word' id='word_1_127' title='bbox 2237 1131 2311 1143; x_wconf 91' lang='lat'><strong>—-</strong></span> <span class='ocrx_word' id='word_1_128' title='bbox 2336 1100 2563 1158; x_wconf 78' lang='lat' dir='ltr'><strong>Medicis</strong></span> <span class='ocrx_word' id='word_1_129' title='bbox 2601 1102 2778 1173; x_wconf 82' lang='lat' dir='ltr'><strong>major</strong></span> <span class='ocrx_word' id='word_1_130' title='bbox 2806 1102 2984 1173; x_wconf 87' lang='lat' dir='ltr'><strong>gratia</strong></span> <span class='ocrx_word' id='word_1_131' title='bbox 3010 1101 3289 1167; x_wconf 86' lang='lat' dir='ltr'><strong>habenda,</strong></span> <span class='ocrx_word' id='word_1_132' title='bbox 3318 1104 3414 1174; x_wconf 88' lang='lat' dir='ltr'><strong>qui</strong></span> 
     </span>
    </p>
   </div>
   <div class='ocr_carea' id='block_1_26' title="bbox 1832 1191 3418 1264">
    <p class='ocr_par' dir='ltr' id='par_1_26' title="bbox 1832 1191 3418 1264">
     <span class='ocr_line' id='line_1_26' title="bbox 1832 1191 3418 1264; baseline 0 -18"><span class='ocrx_word' id='word_1_133' title='bbox 1832 1191 2183 1263; x_wconf 75' lang='lat' dir='ltr'><strong>ingruentem</strong></span> <span class='ocrx_word' id='word_1_134' title='bbox 2196 1191 2451 1247; x_wconf 87' lang='lat' dir='ltr'><strong>morbum</strong></span> <span class='ocrx_word' id='word_1_135' title='bbox 2476 1201 2723 1258; x_wconf 81' lang='lat' dir='ltr'><strong>arceant,</strong></span> <span class='ocrx_word' id='word_1_136' title='bbox 2741 1207 2905 1262; x_wconf 87' lang='lat' dir='ltr'><strong>quam</strong></span> <span class='ocrx_word' id='word_1_137' title='bbox 2918 1193 3013 1263; x_wconf 90' lang='lat' dir='ltr'><strong>qui</strong></span> <span class='ocrx_word' id='word_1_138' title='bbox 3027 1194 3138 1264; x_wconf 86' lang='lat' dir='ltr'><strong>jam</strong></span> <span class='ocrx_word' id='word_1_139' title='bbox 3161 1194 3418 1249; x_wconf 86' lang='lat' dir='ltr'><strong>laborau-</strong></span> 
     </span>
    </p>
   </div>
   <div class='ocr_carea' id='block_1_27' title="bbox 1832 1282 3414 1354">
    <p class='ocr_par' dir='ltr' id='par_1_27' title="bbox 1832 1282 3414 1354">
     <span class='ocr_line' id='line_1_27' title="bbox 1832 1282 3414 1354; baseline 0.001 -16"><span class='ocrx_word' id='word_1_140' title='bbox 1832 1291 1918 1338; x_wconf 89' lang='lat' dir='ltr'><strong>tes</strong></span> <span class='ocrx_word' id='word_1_141' title='bbox 1949 1296 2233 1354; x_wconf 72' lang='lat' dir='ltr'><strong>aegr-osque</strong></span> <span class='ocrx_word' id='word_1_142' title='bbox 2271 1282 2624 1351; x_wconf 80' lang='lat' dir='ltr'><strong>curaverint;</strong></span> <span class='ocrx_word' id='word_1_143' title='bbox 2668 1283 2874 1339; x_wconf 89' lang='lat' dir='ltr'><strong>etenim</strong></span> <span class='ocrx_word' id='word_1_144' title='bbox 2910 1286 3055 1340; x_wconf 88' lang='lat' dir='ltr'><strong>malo</strong></span> <span class='ocrx_word' id='word_1_145' title='bbox 3086 1300 3200 1341; x_wconf 91' lang='lat' dir='ltr'><strong>non</strong></span> <span class='ocrx_word' id='word_1_146' title='bbox 3250 1284 3414 1350; x_wconf 82' lang='lat' dir='ltr'><strong>aﬁici,</strong></span> 
     </span>
    </p>
   </div>
   <div class='ocr_carea' id='block_1_28' title="bbox 1833 1374 3027 1447">
    <p class='ocr_par' dir='ltr' id='par_1_28' title="bbox 1833 1374 3027 1447">
     <span class='ocr_line' id='line_1_28' title="bbox 1833 1374 3027 1447; baseline -0.001 -16"><span class='ocrx_word' id='word_1_147' title='bbox 1833 1390 1998 1447; x_wconf 88' lang='lat' dir='ltr'><strong>quam</strong></span> <span class='ocrx_word' id='word_1_148' title='bbox 2031 1390 2100 1432; x_wconf 91' lang='lat' dir='ltr'><strong>eo</strong></span> <span class='ocrx_word' id='word_1_149' title='bbox 2130 1374 2360 1431; x_wconf 87' lang='lat' dir='ltr'><strong>liberari</strong></span> <span class='ocrx_word' id='word_1_150' title='bbox 2383 1376 2547 1447; x_wconf 87' lang='lat' dir='ltr'><strong>longe</strong></span> <span class='ocrx_word' id='word_1_151' title='bbox 2583 1375 3027 1447; x_wconf 57' lang='lat' dir='ltr'><strong>pratoptandum.</strong></span> 
     </span>
    </p>
   </div>
   <div class='ocr_carea' id='block_1_29' title="bbox 2436 1486 2809 1543">
    <p class='ocr_par' dir='ltr' id='par_1_29' title="bbox 2436 1486 2809 1543">
     <span class='ocr_line' id='line_1_29' title="bbox 2436 1486 2809 1543; baseline -0.005 0"><span class='ocrx_word' id='word_1_152' title='bbox 2436 1486 2669 1543; x_wconf 83' lang='lat' dir='ltr'><strong>SERMO</strong></span> <span class='ocrx_word' id='word_1_153' title='bbox 2720 1486 2809 1542; x_wconf 89' lang='lat' dir='ltr'><strong>LI.</strong></span> 
     </span>
    </p>
   </div>
   <div class='ocr_carea' id='block_1_30' title="bbox 2509 1578 2748 1649">
    <p class='ocr_par' dir='ltr' id='par_1_30' title="bbox 2509 1578 2748 1649">
     <span class='ocr_line' id='line_1_30' title="bbox 2509 1578 2748 1649; baseline 0 -14"><span class='ocrx_word' id='word_1_154' title='bbox 2509 1578 2587 1635; x_wconf 86' lang='lat' dir='ltr'><strong>De</strong></span> <span class='ocrx_word' id='word_1_155' title='bbox 2619 1580 2748 1649; x_wconf 78' lang='lat' dir='ltr'><strong>ﬁde.</strong></span> 
     </span>
    </p>
   </div>
   <div class='ocr_carea' id='block_1_31' title="bbox 1903 1668 3419 1739">
    <p class='ocr_par' dir='ltr' id='par_1_31' title="bbox 1903 1668 3419 1739">
     <span class='ocr_line' id='line_1_31' title="bbox 1903 1668 3419 1739; baseline 0.003 -16"><span class='ocrx_word' id='word_1_156' title='bbox 1903 1668 2095 1725; x_wconf 79' lang='lat' dir='ltr'><strong>Matth.</strong></span> <span class='ocrx_word' id='word_1_157' title='bbox 2127 1684 2262 1735; x_wconf 80' lang='lat' dir='ltr'><strong>xm,</strong></span> <span class='ocrx_word' id='word_1_158' title='bbox 2293 1670 2385 1728; x_wconf 75' lang='lat' dir='ltr'><strong>i9.</strong></span> <span class='ocrx_word' id='word_1_159' title='bbox 2422 1701 2489 1712; x_wconf 93' lang='lat'><strong>—</strong></span> <span class='ocrx_word' id='word_1_160' title='bbox 2515 1669 2691 1727; x_wconf 84' lang='lat' dir='ltr'><strong>Amen</strong></span> <span class='ocrx_word' id='word_1_161' title='bbox 2725 1670 2853 1727; x_wconf 88' lang='lat' dir='ltr'><strong>dico</strong></span> <span class='ocrx_word' id='word_1_162' title='bbox 2890 1671 3072 1739; x_wconf 81' lang='lat' dir='ltr'><strong>vobis,</strong></span> <span class='ocrx_word' id='word_1_163' title='bbox 3110 1672 3157 1728; x_wconf 91' lang='lat' dir='ltr'><strong>si</strong></span> <span class='ocrx_word' id='word_1_164' title='bbox 3206 1672 3419 1728; x_wconf 87' lang='lat' dir='ltr'><strong>habue-</strong></span> 
     </span>
    </p>
   </div>
   <div class='ocr_carea' id='block_1_32' title="bbox 1838 1761 3415 1836">
    <p class='ocr_par' dir='ltr' id='par_1_32' title="bbox 1838 1761 3415 1836">
     <span class='ocr_line' id='line_1_32' title="bbox 1838 1761 3415 1836; baseline 0.003 -21"><span class='ocrx_word' id='word_1_165' title='bbox 1838 1761 1962 1817; x_wconf 88' lang='lat' dir='ltr'><strong>ritis</strong></span> <span class='ocrx_word' id='word_1_166' title='bbox 1991 1762 2179 1828; x_wconf 89' lang='lat' dir='ltr'><strong>ﬁdem,</strong></span> <span class='ocrx_word' id='word_1_167' title='bbox 2218 1762 2363 1820; x_wconf 83' lang='lat' dir='ltr'><strong>sicut</strong></span> <span class='ocrx_word' id='word_1_168' title='bbox 2404 1780 2636 1835; x_wconf 81' lang='lat' dir='ltr'><strong>granum</strong></span> <span class='ocrx_word' id='word_1_169' title='bbox 2696 1764 2927 1836; x_wconf 88' lang='lat' dir='ltr'><strong>sinapis,</strong></span> <span class='ocrx_word' id='word_1_170' title='bbox 2992 1766 3191 1821; x_wconf 89' lang='lat' dir='ltr'><strong>dicetis</strong></span> <span class='ocrx_word' id='word_1_171' title='bbox 3240 1768 3415 1822; x_wconf 89' lang='lat' dir='ltr'><strong>monti</strong></span> 
     </span>
    </p>
   </div>
   <div class='ocr_carea' id='block_1_33' title="bbox 148 1841 1734 1933">
    <p class='ocr_par' dir='ltr' id='par_1_33' title="bbox 148 1857 1731 1933">
     <span class='ocr_line' id='line_1_33' title="bbox 148 1857 1731 1933; baseline 0 -22"><span class='ocrx_word' id='word_1_172' title='bbox 148 1860 263 1929; x_wconf 73' lang='grc' dir='ltr'>δηθι</span> <span class='ocrx_word' id='word_1_173' title='bbox 310 1860 575 1914; x_wconf 74' lang='grc' dir='ltr'>ἐντεῦθεν</span> <span class='ocrx_word' id='word_1_174' title='bbox 633 1860 784 1925; x_wconf 79' lang='grc' dir='ltr'>ἐκεῖ,</span> <span class='ocrx_word' id='word_1_175' title='bbox 834 1860 930 1914; x_wconf 78' lang='grc' dir='ltr'>καὶ</span> <span class='ocrx_word' id='word_1_176' title='bbox 979 1860 1383 1933; x_wconf 75' lang='grc' dir='ltr'>μεταϐήσεται·</span> <span class='ocrx_word' id='word_1_177' title='bbox 1438 1860 1535 1915; x_wconf 73' lang='grc' dir='ltr'>καὶ</span> <span class='ocrx_word' id='word_1_178' title='bbox 1573 1857 1731 1912; x_wconf 76' lang='grc' dir='ltr'>οὐδὲν</span> 
     </span>
    </p>
   </div>
   <div class='ocr_carea' id='block_1_34' title="bbox 1857 1841 3414 1933">
    <p class='ocr_par' dir='ltr' id='par_1_34' title="bbox 1857 1855 3414 1923">
     <span class='ocr_line' id='line_1_34' title="bbox 1857 1855 3414 1923; baseline 0.003 -15"><span class='ocrx_word' id='word_1_179' title='bbox 1857 1855 2009 1910; x_wconf 85' lang='lat' dir='ltr'><strong>mic:</strong></span> <span class='ocrx_word' id='word_1_180' title='bbox 2059 1855 2254 1912; x_wconf 88' lang='lat' dir='ltr'><strong>Transi</strong></span> <span class='ocrx_word' id='word_1_181' title='bbox 2307 1856 2439 1912; x_wconf 89' lang='lat' dir='ltr'><strong>hinc</strong></span> <span class='ocrx_word' id='word_1_182' title='bbox 2492 1855 2643 1923; x_wconf 90' lang='lat' dir='ltr'><strong>illuc,</strong></span> <span class='ocrx_word' id='word_1_183' title='bbox 2702 1865 2760 1913; x_wconf 92' lang='lat' dir='ltr'><strong>et</strong></span> <span class='ocrx_word' id='word_1_184' title='bbox 2814 1858 3127 1914; x_wconf 88' lang='lat' dir='ltr'><strong>transibit:</strong></span> <span class='ocrx_word' id='word_1_185' title='bbox 3167 1866 3223 1913; x_wconf 90' lang='lat' dir='ltr'><strong>et</strong></span> <span class='ocrx_word' id='word_1_186' title='bbox 3277 1858 3414 1913; x_wconf 82' lang='lat' dir='ltr'><strong>nihil</strong></span> 
     </span>
    </p>
   </div>
   <div class='ocr_carea' id='block_1_35' title="bbox 150 1953 663 2025">
    <p class='ocr_par' dir='ltr' id='par_1_35' title="bbox 150 1953 663 2025">
     <span class='ocr_line' id='line_1_35' title="bbox 150 1953 663 2025; baseline 0.002 -19"><span class='ocrx_word' id='word_1_187' title='bbox 150 1954 476 2025; x_wconf 78' lang='grc' dir='ltr'>ἀδυνατήσει</span> <span class='ocrx_word' id='word_1_188' title='bbox 510 1953 663 2024; x_wconf 79' lang='grc' dir='ltr'>ὑμῖν.</span> 
     </span>
    </p>
   </div>
   <div class='ocr_carea' id='block_1_36' title="bbox 222 2064 1729 2137">
    <p class='ocr_par' dir='ltr' id='par_1_36' title="bbox 222 2064 1729 2137">
     <span class='ocr_line' id='line_1_36' title="bbox 222 2064 1729 2137; baseline 0.001 -19"><span class='ocrx_word' id='word_1_189' title='bbox 222 2066 341 2134; x_wconf 65' lang='grc' dir='ltr'>Ἑρ.</span> <span class='ocrx_word' id='word_1_190' title='bbox 372 2064 462 2130; x_wconf 75' lang='grc' dir='ltr'><strong>β’.</strong></span> <span class='ocrx_word' id='word_1_191' title='bbox 496 2096 572 2107; x_wconf 94' lang='lat'><strong><em>—</em></strong></span> <span class='ocrx_word' id='word_1_192' title='bbox 600 2065 799 2137; x_wconf 83' lang='grc' dir='ltr'>Χάριτί</span> <span class='ocrx_word' id='word_1_193' title='bbox 833 2067 957 2119; x_wconf 81' lang='grc' dir='ltr'>ἐστε</span> <span class='ocrx_word' id='word_1_194' title='bbox 996 2066 1334 2136; x_wconf 83' lang='grc' dir='ltr'>σεσωσμένοι</span> <span class='ocrx_word' id='word_1_195' title='bbox 1373 2064 1464 2119; x_wconf 83' lang='grc' dir='ltr'><strong>διὰ</strong></span> <span class='ocrx_word' id='word_1_196' title='bbox 1501 2066 1601 2136; x_wconf 82' lang='grc' dir='ltr'>τῆς</span> <span class='ocrx_word' id='word_1_197' title='bbox 1638 2065 1729 2119; x_wconf 87' lang='grc' dir='ltr'>πί-</span> 
     </span>
    </p>
   </div>
   <div class='ocr_carea' id='block_1_37' title="bbox 154 2156 1725 2230">
    <p class='ocr_par' dir='ltr' id='par_1_37' title="bbox 154 2156 1725 2230">
     <span class='ocr_line' id='line_1_37' title="bbox 154 2156 1725 2230; baseline 0.002 -21"><span class='ocrx_word' id='word_1_198' title='bbox 154 2173 333 2221; x_wconf 81' lang='grc' dir='ltr'>στεως,</span> <span class='ocrx_word' id='word_1_199' title='bbox 363 2156 465 2212; x_wconf 82' lang='grc' dir='ltr'>καὶ</span> <span class='ocrx_word' id='word_1_200' title='bbox 500 2157 665 2211; x_wconf 84' lang='grc' dir='ltr'>τοῦτο</span> <span class='ocrx_word' id='word_1_201' title='bbox 694 2157 796 2211; x_wconf 78' lang='grc' dir='ltr'>οὸκ</span> <span class='ocrx_word' id='word_1_202' title='bbox 826 2157 886 2223; x_wconf 79' lang='grc' dir='ltr'><strong>ἐξ</strong></span> <span class='ocrx_word' id='word_1_203' title='bbox 918 2157 1104 2226; x_wconf 80' lang='grc' dir='ltr'>ὑμῶν·</span> <span class='ocrx_word' id='word_1_204' title='bbox 1137 2157 1274 2211; x_wconf 83' lang='grc' dir='ltr'>Θεοῦ</span> <span class='ocrx_word' id='word_1_205' title='bbox 1312 2157 1374 2211; x_wconf 81' lang='grc' dir='ltr'>τὸ</span> <span class='ocrx_word' id='word_1_206' title='bbox 1398 2158 1593 2230; x_wconf 82' lang='grc' dir='ltr'>δῶρον,</span> <span class='ocrx_word' id='word_1_207' title='bbox 1625 2158 1725 2212; x_wconf 83' lang='grc' dir='ltr'>οὐκ</span> 
     </span>
    </p>
   </div>
   <div class='ocr_carea' id='block_1_38' title="bbox 151 2248 1160 2322">
    <p class='ocr_par' dir='ltr' id='par_1_38' title="bbox 151 2248 1160 2322">
     <span class='ocr_line' id='line_1_38' title="bbox 151 2248 1160 2322; baseline 0.004 -22"><span class='ocrx_word' id='word_1_208' title='bbox 151 2248 203 2312; x_wconf 76' lang='grc' dir='ltr'><strong>ἐξ</strong></span> <span class='ocrx_word' id='word_1_209' title='bbox 224 2248 419 2320; x_wconf 76' lang='grc' dir='ltr'>ἔργων,</span> <span class='ocrx_word' id='word_1_210' title='bbox 453 2250 546 2304; x_wconf 79' lang='grc' dir='ltr'>ἵνα</span> <span class='ocrx_word' id='word_1_211' title='bbox 580 2252 655 2322; x_wconf 85' lang='grc' dir='ltr'>μή</span> <span class='ocrx_word' id='word_1_212' title='bbox 681 2267 766 2315; x_wconf 88' lang='grc' dir='ltr'><strong>τις</strong></span> <span class='ocrx_word' id='word_1_213' title='bbox 794 2251 1160 2321; x_wconf 82' lang='grc' dir='ltr'>καυχήσηται.</span> 
     </span>
    </p>
   </div>
   <div class='ocr_carea' id='block_1_39' title="bbox 223 2342 1726 2415">
    <p class='ocr_par' dir='ltr' id='par_1_39' title="bbox 223 2342 1726 2415">
     <span class='ocr_line' id='line_1_39' title="bbox 223 2342 1726 2415; baseline 0.005 -22"><span class='ocrx_word' id='word_1_214' title='bbox 223 2342 368 2411; x_wconf 80' lang='grc' dir='ltr'>Ἑὸρ.</span> <span class='ocrx_word' id='word_1_215' title='bbox 393 2350 574 2399; x_wconf 84' lang='grc' dir='ltr'>ια’.-</span> <span class='ocrx_word' id='word_1_216' title='bbox 602 2343 794 2406; x_wconf 88' lang='grc' dir='ltr'>Πίστις</span> <span class='ocrx_word' id='word_1_217' title='bbox 822 2343 968 2396; x_wconf 74' lang='grc' dir='ltr'>ἐστὶν</span> <span class='ocrx_word' id='word_1_218' title='bbox 1004 2344 1375 2415; x_wconf 74' lang='grc' dir='ltr'>ἐλπιζομένων</span> <span class='ocrx_word' id='word_1_219' title='bbox 1404 2344 1726 2412; x_wconf 78' lang='grc' dir='ltr'>ὑπόστασις,</span> 
     </span>
    </p>
   </div>
   <div class='ocr_carea' id='block_1_40' title="bbox 150 2434 1247 2508">
    <p class='ocr_par' dir='ltr' id='par_1_40' title="bbox 150 2434 1247 2508">
     <span class='ocr_line' id='line_1_40' title="bbox 150 2434 1247 2508; baseline 0.008 -25"><span class='ocrx_word' id='word_1_220' title='bbox 150 2434 487 2506; x_wconf 55' lang='grc' dir='ltr'>πραγμάτων</span> <span class='ocrx_word' id='word_1_221' title='bbox 524 2437 750 2508; x_wconf 75' lang='grc' dir='ltr'>ἔλεγχος</span> <span class='ocrx_word' id='word_1_222' title='bbox 776 2437 837 2489; x_wconf 81' lang='grc' dir='ltr'>οὐ</span> <span class='ocrx_word' id='word_1_223' title='bbox 874 2436 1247 2508; x_wconf 83' lang='grc' dir='ltr'>βλεπομένων.</span> 
     </span>
    </p>
   </div>
   <div class='ocr_carea' id='block_1_41' title="bbox 217 2528 1725 2601">
    <p class='ocr_par' dir='ltr' id='par_1_41' title="bbox 217 2528 1725 2601">
     <span class='ocr_line' id='line_1_41' title="bbox 217 2528 1725 2601; baseline 0.003 -23"><span class='ocrx_word' id='word_1_224' title='bbox 217 2530 453 2595; x_wconf 80' lang='grc' dir='ltr'>ιιαροιμ.</span> <span class='ocrx_word' id='word_1_225' title='bbox 500 2529 606 2592; x_wconf 78' lang='grc' dir='ltr'>ιβ’.</span> <span class='ocrx_word' id='word_1_226' title='bbox 636 2557 710 2572; x_wconf 92' lang='grc'><strong><em>-</em></strong></span> <span class='ocrx_word' id='word_1_227' title='bbox 740 2528 1230 2601; x_wconf 84' lang='grc' dir='ltr'>Ἐπιδεικνυμένην</span> <span class='ocrx_word' id='word_1_228' title='bbox 1266 2530 1453 2585; x_wconf 88' lang='grc' dir='ltr'>πίστιν</span> <span class='ocrx_word' id='word_1_229' title='bbox 1482 2531 1725 2599; x_wconf 84' lang='grc' dir='ltr'>ἀναγγε-</span> 
     </span>
    </p>
   </div>
   <div class='ocr_carea' id='block_1_42' title="bbox 157 2616 589 2687">
    <p class='ocr_par' dir='ltr' id='par_1_42' title="bbox 157 2616 589 2687">
     <span class='ocr_line' id='line_1_42' title="bbox 157 2616 589 2687; baseline 0.014 -17"><span class='ocrx_word' id='word_1_230' title='bbox 157 2616 229 2671; x_wconf 81' lang='grc' dir='ltr'><strong>λεῖ</strong></span> <span class='ocrx_word' id='word_1_231' title='bbox 251 2620 323 2687; x_wconf 83' lang='grc' dir='ltr'>(ιι)</span> <span class='ocrx_word' id='word_1_232' title='bbox 352 2619 589 2685; x_wconf 86' lang='grc' dir='ltr'>δίκαιος.</span> 
     </span>
    </p>
   </div>
   <div class='ocr_carea' id='block_1_43' title="bbox 216 2712 1727 2788">
    <p class='ocr_par' dir='ltr' id='par_1_43' title="bbox 216 2712 1727 2788">
     <span class='ocr_line' id='line_1_43' title="bbox 216 2712 1727 2788; baseline 0.003 -25"><span class='ocrx_word' id='word_1_233' title='bbox 216 2713 392 2782; x_wconf 82' lang='grc' dir='ltr'>Σιρὰχ</span> <span class='ocrx_word' id='word_1_234' title='bbox 439 2712 539 2768; x_wconf 85' lang='grc' dir='ltr'>ια’.</span> <span class='ocrx_word' id='word_1_235' title='bbox 574 2744 646 2754; x_wconf 92' lang='grc'><strong>-</strong></span> <span class='ocrx_word' id='word_1_236' title='bbox 666 2713 901 2768; x_wconf 87' lang='grc' dir='ltr'>Πίστευε</span> <span class='ocrx_word' id='word_1_237' title='bbox 934 2713 1013 2786; x_wconf 80' lang='grc' dir='ltr'><strong>τῷ</strong></span> <span class='ocrx_word' id='word_1_238' title='bbox 1041 2715 1255 2788; x_wconf 80' lang='grc' dir='ltr'>Κυρίῳ,</span> <span class='ocrx_word' id='word_1_239' title='bbox 1291 2716 1387 2769; x_wconf 71' lang='grc' dir='ltr'>καὶ</span> <span class='ocrx_word' id='word_1_240' title='bbox 1417 2714 1621 2786; x_wconf 79' lang='grc' dir='ltr'>ἔμμενε</span> <span class='ocrx_word' id='word_1_241' title='bbox 1650 2713 1727 2781; x_wconf 86' lang='grc' dir='ltr'>τῷ</span> 
     </span>
    </p>
   </div>
   <div class='ocr_carea' id='block_1_44' title="bbox 158 2804 1726 2881">
    <p class='ocr_par' dir='ltr' id='par_1_44' title="bbox 158 2804 1726 2881">
     <span class='ocr_line' id='line_1_44' title="bbox 158 2804 1726 2881; baseline 0.003 -25"><span class='ocrx_word' id='word_1_242' title='bbox 158 2804 288 2875; x_wconf 83' lang='grc' dir='ltr'>πόνῳ</span> <span class='ocrx_word' id='word_1_243' title='bbox 329 2822 424 2859; x_wconf 88' lang='grc' dir='ltr'><strong>σου</strong></span> <span class='ocrx_word' id='word_1_244' title='bbox 477 2808 591 2879; x_wconf 78' lang='lat' dir='ltr'><strong>(b)&#39;</strong></span> <span class='ocrx_word' id='word_1_245' title='bbox 642 2807 726 2861; x_wconf 85' lang='grc' dir='ltr'>ὅτι</span> <span class='ocrx_word' id='word_1_246' title='bbox 786 2807 989 2878; x_wconf 80' lang='grc' dir='ltr'>κοῦφον</span> <span class='ocrx_word' id='word_1_247' title='bbox 1048 2809 1106 2863; x_wconf 82' lang='grc' dir='ltr'><strong>έν</strong></span> <span class='ocrx_word' id='word_1_248' title='bbox 1163 2809 1465 2881; x_wconf 79' lang='grc' dir='ltr'>ὀφθαλμοῖς</span> <span class='ocrx_word' id='word_1_249' title='bbox 1517 2808 1726 2880; x_wconf 80' lang='grc' dir='ltr'>Κυρίου</span> 
     </span>
    </p>
   </div>
   <div class='ocr_carea' id='block_1_45' title="bbox 158 2896 959 2971">
    <p class='ocr_par' dir='ltr' id='par_1_45' title="bbox 158 2896 959 2971">
     <span class='ocr_line' id='line_1_45' title="bbox 158 2896 959 2971; baseline 0.01 -25"><span class='ocrx_word' id='word_1_250' title='bbox 158 2896 366 2961; x_wconf 77' lang='grc' dir='ltr'>ἐξάπινα</span> <span class='ocrx_word' id='word_1_251' title='bbox 401 2897 694 2953; x_wconf 76' lang='grc' dir='ltr'>πλουτίσαι</span> <span class='ocrx_word' id='word_1_252' title='bbox 727 2900 959 2971; x_wconf 87' lang='grc' dir='ltr'>πένητα.</span> 
     </span>
    </p>
   </div>
   <div class='ocr_carea' id='block_1_46' title="bbox 218 2988 1723 3062">
    <p class='ocr_par' dir='ltr' id='par_1_46' title="bbox 218 2988 1723 3062">
     <span class='ocr_line' id='line_1_46' title="bbox 218 2988 1723 3062; baseline 0 -20"><span class='ocrx_word' id='word_1_253' title='bbox 218 2991 392 3059; x_wconf 82' lang='grc' dir='ltr'>Σιρὰχ</span> <span class='ocrx_word' id='word_1_254' title='bbox 420 2990 505 3056; x_wconf 81' lang='grc' dir='ltr'><strong>β’.</strong></span> <span class='ocrx_word' id='word_1_255' title='bbox 542 3021 614 3032; x_wconf 89' lang='lat'><strong>——</strong></span> <span class='ocrx_word' id='word_1_256' title='bbox 647 2991 803 3054; x_wconf 86' lang='grc' dir='ltr'>Δόσις</span> <span class='ocrx_word' id='word_1_257' title='bbox 849 2990 1056 3061; x_wconf 82' lang='grc' dir='ltr'>Κυρίου</span> <span class='ocrx_word' id='word_1_258' title='bbox 1094 2992 1407 3062; x_wconf 86' lang='grc' dir='ltr'>παραμενεῖ</span> <span class='ocrx_word' id='word_1_259' title='bbox 1436 2988 1723 3043; x_wconf 79' lang='grc' dir='ltr'>εὐσεϐέσι·</span> 
     </span>
    </p>
   </div>
   <div class='ocr_carea' id='block_1_47' title="bbox 161 3078 1408 3153">
    <p class='ocr_par' dir='ltr' id='par_1_47' title="bbox 161 3078 1408 3153">
     <span class='ocr_line' id='line_1_47' title="bbox 161 3078 1408 3153; baseline 0.005 -23"><span class='ocrx_word' id='word_1_260' title='bbox 161 3078 436 3137; x_wconf 83' lang='grc' dir='ltr'>πίστευσον</span> <span class='ocrx_word' id='word_1_261' title='bbox 464 3081 643 3152; x_wconf 80' lang='grc' dir='ltr'>αὐτῷ,</span> <span class='ocrx_word' id='word_1_262' title='bbox 675 3084 771 3136; x_wconf 73' lang='grc' dir='ltr'>καὶ</span> <span class='ocrx_word' id='word_1_263' title='bbox 807 3083 1161 3153; x_wconf 77' lang='grc' dir='ltr'>ἀντιλήψεταί</span> <span class='ocrx_word' id='word_1_264' title='bbox 1187 3100 1282 3136; x_wconf 90' lang='grc' dir='ltr'><strong>σου</strong></span> <span class='ocrx_word' id='word_1_265' title='bbox 1314 3082 1408 3153; x_wconf 90' lang='lat' dir='ltr'><strong>(c).</strong></span> 
     </span>
    </p>
   </div>
   <div class='ocr_carea' id='block_1_48' title="bbox 225 3172 1802 3262">
    <p class='ocr_par' dir='ltr' id='par_1_48' title="bbox 225 3172 1802 3262">
     <span class='ocr_line' id='line_1_48' title="bbox 225 3172 1802 3262; baseline -0.001 -35"><span class='ocrx_word' id='word_1_266' title='bbox 225 3175 433 3230; x_wconf 68' lang='grc' dir='ltr'>Βασιλ.</span> <span class='ocrx_word' id='word_1_267' title='bbox 465 3205 543 3217; x_wconf 86' lang='lat'><strong>—-</strong></span> <span class='ocrx_word' id='word_1_268' title='bbox 579 3175 770 3239; x_wconf 82' lang='grc' dir='ltr'>Πίστις</span> <span class='ocrx_word' id='word_1_269' title='bbox 799 3174 1041 3246; x_wconf 80' lang='grc' dir='ltr'>ἡγείσθω</span> <span class='ocrx_word' id='word_1_270' title='bbox 1066 3174 1176 3227; x_wconf 84' lang='grc' dir='ltr'>τῶν</span> <span class='ocrx_word' id='word_1_271' title='bbox 1206 3174 1338 3245; x_wconf 76' lang='grc' dir='ltr'>περὶ</span> <span class='ocrx_word' id='word_1_272' title='bbox 1365 3172 1499 3227; x_wconf 87' lang='grc' dir='ltr'><strong>Θεοῦ</strong></span> <span class='ocrx_word' id='word_1_273' title='bbox 1527 3173 1724 3243; x_wconf 89' lang='grc' dir='ltr'>λόγων.</span> <span class='ocrx_word' id='word_1_274' title='bbox 1758 3204 1802 3262; x_wconf 70' lang='lat' dir='ltr'><strong><em>C</em></strong></span> 
     </span>
    </p>
   </div>
   <div class='ocr_carea' id='block_1_49' title="bbox 164 3264 1730 3339">
    <p class='ocr_par' dir='ltr' id='par_1_49' title="bbox 164 3264 1730 3339">
     <span class='ocr_line' id='line_1_49' title="bbox 164 3264 1730 3339; baseline 0.001 -22"><span class='ocrx_word' id='word_1_275' title='bbox 164 3264 355 3331; x_wconf 85' lang='grc' dir='ltr'>Πίστις,</span> <span class='ocrx_word' id='word_1_276' title='bbox 386 3267 487 3321; x_wconf 58' lang='grc' dir='ltr'><strong>καὶ¹</strong></span> <span class='ocrx_word' id='word_1_277' title='bbox 525 3267 603 3337; x_wconf 80' lang='grc' dir='ltr'>μὴ</span> <span class='ocrx_word' id='word_1_278' title='bbox 635 3268 930 3334; x_wconf 80' lang='grc' dir='ltr'>ἀπόδειξις.</span> <span class='ocrx_word' id='word_1_279' title='bbox 959 3266 1153 3331; x_wconf 86' lang='grc' dir='ltr'>Πίστις</span> <span class='ocrx_word' id='word_1_280' title='bbox 1195 3269 1229 3337; x_wconf 81' lang='grc' dir='ltr'>ή</span> <span class='ocrx_word' id='word_1_281' title='bbox 1261 3268 1403 3339; x_wconf 77' lang='grc' dir='ltr'>ὑπὲρ</span> <span class='ocrx_word' id='word_1_282' title='bbox 1432 3268 1530 3331; x_wconf 83' lang='grc' dir='ltr'><strong>τὰς</strong></span> <span class='ocrx_word' id='word_1_283' title='bbox 1579 3267 1730 3335; x_wconf 83' lang='grc' dir='ltr'>λογι-</span> 
     </span>
    </p>
   </div>
   <div class='ocr_carea' id='block_1_50' title="bbox 167 3354 1724 3429">
    <p class='ocr_par' dir='ltr' id='par_1_50' title="bbox 167 3354 1724 3429">
     <span class='ocr_line' id='line_1_50' title="bbox 167 3354 1724 3429; baseline -0.002 -17"><span class='ocrx_word' id='word_1_284' title='bbox 167 3354 257 3419; x_wconf 69' lang='grc' dir='ltr'>κάς</span> <span class='ocrx_word' id='word_1_285' title='bbox 284 3356 573 3428; x_wconf 85' lang='grc' dir='ltr'>μεθοδείας</span> <span class='ocrx_word' id='word_1_286' title='bbox 606 3358 705 3428; x_wconf 79' lang='grc' dir='ltr'>τὴν</span> <span class='ocrx_word' id='word_1_287' title='bbox 728 3357 908 3429; x_wconf 79' lang='grc' dir='ltr'>ψυχὴν</span> <span class='ocrx_word' id='word_1_288' title='bbox 931 3359 1013 3423; x_wconf 80' lang='grc' dir='ltr'>εἰς</span> <span class='ocrx_word' id='word_1_289' title='bbox 1036 3356 1436 3426; x_wconf 86' lang='grc' dir='ltr'>συγκατάθεσιν</span> <span class='ocrx_word' id='word_1_290' title='bbox 1459 3356 1724 3411; x_wconf 70' lang='grc' dir='ltr'>ἕλκουσα·</span> 
     </span>
    </p>
   </div>
   <div class='ocr_carea' id='block_1_51' title="bbox 169 3448 1728 3528">
    <p class='ocr_par' dir='ltr' id='par_1_51' title="bbox 169 3448 1728 3528">
     <span class='ocr_line' id='line_1_51' title="bbox 169 3448 1728 3528; baseline 0.001 -29"><span class='ocrx_word' id='word_1_291' title='bbox 169 3448 330 3513; x_wconf 81' lang='grc' dir='ltr'>πίστις</span> <span class='ocrx_word' id='word_1_292' title='bbox 349 3491 364 3515; x_wconf 93' lang='grc'><strong>,</strong></span> <span class='ocrx_word' id='word_1_293' title='bbox 414 3451 519 3522; x_wconf 82' lang='grc' dir='ltr'>οὐχ</span> <span class='ocrx_word' id='word_1_294' title='bbox 551 3451 585 3522; x_wconf 78' lang='grc' dir='ltr'><strong>η</strong></span> <span class='ocrx_word' id='word_1_295' title='bbox 634 3452 1042 3528; x_wconf 79' lang='grc' dir='ltr'>γεωμετρικαῖς</span> <span class='ocrx_word' id='word_1_296' title='bbox 1074 3450 1343 3517; x_wconf 78' lang='grc' dir='ltr'>ἀνάγκαις</span> <span class='ocrx_word' id='word_1_297' title='bbox 1369 3489 1385 3515; x_wconf 92' lang='grc'><strong>,</strong></span> <span class='ocrx_word' id='word_1_298' title='bbox 1418 3448 1557 3504; x_wconf 81' lang='grc' dir='ltr'>ἀλλὰ</span> <span class='ocrx_word' id='word_1_299' title='bbox 1605 3449 1728 3512; x_wconf 81' lang='grc' dir='ltr'>ταῖς</span> 
     </span>
    </p>
   </div>
   <div class='ocr_carea' id='block_1_52' title="bbox 171 3541 1325 3615">
    <p class='ocr_par' dir='ltr' id='par_1_52' title="bbox 171 3541 1325 3615">
     <span class='ocr_line' id='line_1_52' title="bbox 171 3541 1325 3615; baseline 0.005 -24"><span class='ocrx_word' id='word_1_300' title='bbox 171 3541 251 3594; x_wconf 80' lang='grc' dir='ltr'>τοῦ</span> <span class='ocrx_word' id='word_1_301' title='bbox 278 3543 596 3614; x_wconf 82' lang='grc' dir='ltr'>Πνεύματος</span> <span class='ocrx_word' id='word_1_302' title='bbox 632 3542 938 3615; x_wconf 66' lang='grc' dir='ltr'>ἐνεργείαις</span> <span class='ocrx_word' id='word_1_303' title='bbox 972 3542 1325 3614; x_wconf 72' lang='grc' dir='ltr'>ἐγγινομένη.</span> 
     </span>
    </p>
   </div>
   <div class='ocr_carea' id='block_1_53' title="bbox 233 3806 1733 3881">
    <p class='ocr_par' dir='ltr' id='par_1_53' title="bbox 233 3806 1733 3881">
     <span class='ocr_line' id='line_1_53' title="bbox 233 3806 1733 3881; baseline 0 -21"><span class='ocrx_word' id='word_1_304' title='bbox 233 3807 411 3875; x_wconf 84' lang='grc' dir='ltr'>Πίστις</span> <span class='ocrx_word' id='word_1_305' title='bbox 429 3811 553 3865; x_wconf 72' lang='grc' dir='ltr'>ἐστὶ</span> <span class='ocrx_word' id='word_1_306' title='bbox 574 3808 972 3879; x_wconf 81' lang='grc' dir='ltr'>συγκατάθεσις</span> <span class='ocrx_word' id='word_1_307' title='bbox 984 3810 1298 3881; x_wconf 79' lang='grc' dir='ltr'>ἀδιάκριτος</span> <span class='ocrx_word' id='word_1_308' title='bbox 1316 3806 1733 3863; x_wconf 77' lang='grc' dir='ltr'>τῶνάκουσθένο</span> 
     </span>
    </p>
   </div>
   <div class='ocr_carea' id='block_1_54' title="bbox 142 3899 1733 3975">
    <p class='ocr_par' dir='ltr' id='par_1_54' title="bbox 142 3899 1733 3975">
     <span class='ocr_line' id='line_1_54' title="bbox 142 3899 1733 3975; baseline -0.006 -12"><span class='ocrx_word' id='word_1_309' title='bbox 142 3960 143 3963; x_wconf 44' lang='grc' dir='ltr'><strong>η</strong></span> <span class='ocrx_word' id='word_1_310' title='bbox 171 3914 267 3953; x_wconf 74' lang='grc' dir='ltr'><strong>των</strong></span> <span class='ocrx_word' id='word_1_311' title='bbox 295 3902 349 3955; x_wconf 76' lang='grc' dir='ltr'>ὲν</span> <span class='ocrx_word' id='word_1_312' title='bbox 374 3903 725 3975; x_wconf 78' lang='grc' dir='ltr'>πληροφορίᾳ</span> <span class='ocrx_word' id='word_1_313' title='bbox 753 3902 854 3974; x_wconf 83' lang='grc' dir='ltr'>τῆς</span> <span class='ocrx_word' id='word_1_314' title='bbox 902 3902 1161 3974; x_wconf 80' lang='grc' dir='ltr'>ἀληθείας</span> <span class='ocrx_word' id='word_1_315' title='bbox 1185 3902 1296 3956; x_wconf 85' lang='grc' dir='ltr'><strong>τῶν</strong></span> <span class='ocrx_word' id='word_1_316' title='bbox 1324 3899 1733 3973; x_wconf 85' lang='grc' dir='ltr'>κηρυχθέντων,</span> 
     </span>
    </p>
   </div>
   <div class='ocr_carea' id='block_1_55' title="bbox 177 3993 1735 4068">
    <p class='ocr_par' dir='ltr' id='par_1_55' title="bbox 177 3993 1735 4068">
     <span class='ocr_line' id='line_1_55' title="bbox 177 3993 1735 4068; baseline 0.006 -24"><span class='ocrx_word' id='word_1_317' title='bbox 177 3993 296 4047; x_wconf 79' lang='grc' dir='ltr'>Θεοῦ</span> <span class='ocrx_word' id='word_1_318' title='bbox 320 3995 528 4068; x_wconf 83' lang='grc' dir='ltr'>χάριτι,</span> <span class='ocrx_word' id='word_1_319' title='bbox 552 3998 747 4068; x_wconf 75' lang='grc' dir='ltr'>ἥντινα</span> <span class='ocrx_word' id='word_1_320' title='bbox 782 3996 1096 4063; x_wconf 74' lang='grc' dir='ltr'>ἐπεδείξατο</span> <span class='ocrx_word' id='word_1_321' title='bbox 1132 3995 1385 4067; x_wconf 75' lang='grc' dir='ltr'>Ἀϐραὰμ</span> <span class='ocrx_word' id='word_1_322' title='bbox 1406 4036 1423 4060; x_wconf 94' lang='grc'><strong>,</strong></span> <span class='ocrx_word' id='word_1_323' title='bbox 1450 4012 1735 4067; x_wconf 83' lang='grc' dir='ltr'>μαρτυρη-</span> 
     </span>
    </p>
   </div>
   <div class='ocr_carea' id='block_1_56' title="bbox 179 4083 1736 4159">
    <p class='ocr_par' dir='ltr' id='par_1_56' title="bbox 179 4083 1736 4159">
     <span class='ocr_line' id='line_1_56' title="bbox 179 4083 1736 4159; baseline 0.003 -22"><span class='ocrx_word' id='word_1_324' title='bbox 179 4083 396 4151; x_wconf 74' lang='grc' dir='ltr'>θεὶς,δτι</span> <span class='ocrx_word' id='word_1_325' title='bbox 426 4094 514 4147; x_wconf 85' lang='grc' dir='ltr'><strong>Οὐ</strong></span> <span class='ocrx_word' id='word_1_326' title='bbox 546 4090 814 4159; x_wconf 74' lang='grc' dir='ltr'>διεκρίθη</span> <span class='ocrx_word' id='word_1_327' title='bbox 856 4088 931 4158; x_wconf 75' lang='grc' dir='ltr'>τῇ</span> <span class='ocrx_word' id='word_1_328' title='bbox 961 4089 1213 4156; x_wconf 78' lang='grc' dir='ltr'>ἀπιστίᾳ</span> <span class='ocrx_word' id='word_1_329' title='bbox 1234 4132 1249 4155; x_wconf 92' lang='grc'><strong>,</strong></span> <span class='ocrx_word' id='word_1_330' title='bbox 1281 4087 1420 4143; x_wconf 67' lang='grc' dir='ltr'><strong>ἀλλ’</strong></span> <span class='ocrx_word' id='word_1_331' title='bbox 1450 4086 1736 4142; x_wconf 76' lang='grc' dir='ltr'><strong>ἐνεδυνα-</strong></span> 
     </span>
    </p>
   </div>
   <div class='ocr_carea' id='block_1_57' title="bbox 176 4176 1736 4252">
    <p class='ocr_par' dir='ltr' id='par_1_57' title="bbox 176 4176 1736 4252">
     <span class='ocr_line' id='line_1_57' title="bbox 176 4176 1736 4252; baseline -0.002 -16"><span class='ocrx_word' id='word_1_332' title='bbox 176 4177 319 4249; x_wconf 78' lang='grc' dir='ltr'>μώθη</span> <span class='ocrx_word' id='word_1_333' title='bbox 343 4181 416 4252; x_wconf 81' lang='grc' dir='ltr'>τῇ</span> <span class='ocrx_word' id='word_1_334' title='bbox 450 4183 691 4246; x_wconf 81' lang='grc' dir='ltr'>πίστει,</span> <span class='ocrx_word' id='word_1_335' title='bbox 722 4181 870 4248; x_wconf 86' lang='grc' dir='ltr'>δοὺς</span> <span class='ocrx_word' id='word_1_336' title='bbox 896 4180 1090 4245; x_wconf 79' lang='grc' dir='ltr'>δόξαν</span> <span class='ocrx_word' id='word_1_337' title='bbox 1125 4179 1207 4245; x_wconf 78' lang='grc' dir='ltr'>τῷ</span> <span class='ocrx_word' id='word_1_338' title='bbox 1236 4176 1358 4244; x_wconf 84' lang='grc' dir='ltr'><strong>Θεῷ</strong></span> <span class='ocrx_word' id='word_1_339' title='bbox 1380 4217 1396 4241; x_wconf 89' lang='grc'><strong>,</strong></span> <span class='ocrx_word' id='word_1_340' title='bbox 1443 4181 1546 4232; x_wconf 75' lang='grc' dir='ltr'>καὶ</span> <span class='ocrx_word' id='word_1_341' title='bbox 1578 4182 1736 4247; x_wconf 73' lang='grc' dir='ltr'>πλη-</span> 
     </span>
    </p>
   </div>
   <div class='ocr_carea' id='block_1_58' title="bbox 177 4270 1738 4345">
    <p class='ocr_par' dir='ltr' id='par_1_58' title="bbox 177 4270 1738 4345">
     <span class='ocr_line' id='line_1_58' title="bbox 177 4270 1738 4345; baseline -0.001 -19"><span class='ocrx_word' id='word_1_342' title='bbox 177 4279 514 4342; x_wconf 72' lang='grc' dir='ltr'>ροςρορηθεὶς</span> <span class='ocrx_word' id='word_1_343' title='bbox 541 4276 633 4330; x_wconf 83' lang='grc' dir='ltr'>ὅτι</span> <span class='ocrx_word' id='word_1_344' title='bbox 658 4276 690 4329; x_wconf 83' lang='grc' dir='ltr'>ὃ</span> <span class='ocrx_word' id='word_1_345' title='bbox 723 4275 1087 4345; x_wconf 68' lang='grc' dir='ltr'>ἐπήγγελται</span> <span class='ocrx_word' id='word_1_346' title='bbox 1124 4272 1290 4342; x_wconf 84' lang='grc' dir='ltr'>Θεὸς,</span> <span class='ocrx_word' id='word_1_347' title='bbox 1324 4271 1585 4338; x_wconf 78' lang='grc' dir='ltr'>δύνατός</span> <span class='ocrx_word' id='word_1_348' title='bbox 1605 4270 1738 4326; x_wconf 78' lang='grc' dir='ltr'>ἐστι</span> 
     </span>
    </p>
   </div>
   <div class='ocr_carea' id='block_1_59' title="bbox 183 4363 568 4438">
    <p class='ocr_par' dir='ltr' id='par_1_59' title="bbox 183 4363 568 4438">
     <span class='ocr_line' id='line_1_59' title="bbox 183 4363 568 4438; baseline 0.021 -22"><span class='ocrx_word' id='word_1_349' title='bbox 183 4363 267 4416; x_wconf 75' lang='grc' dir='ltr'>καὶ</span> <span class='ocrx_word' id='word_1_350' title='bbox 298 4368 568 4438; x_wconf 77' lang='grc' dir='ltr'>ποιῆσαι.</span> 
     </span>
    </p>
   </div>
   <div class='ocr_carea' id='block_1_60' title="bbox 1834 1946 2530 2019">
    <p class='ocr_par' dir='ltr' id='par_1_60' title="bbox 1834 1946 2530 2019">
     <span class='ocr_line' id='line_1_60' title="bbox 1834 1946 2530 2019; baseline 0.003 -18"><span class='ocrx_word' id='word_1_351' title='bbox 1834 1946 1995 2003; x_wconf 85' lang='lat' dir='ltr'><strong>vobis</strong></span> <span class='ocrx_word' id='word_1_352' title='bbox 2034 1948 2379 2019; x_wconf 87' lang='lat' dir='ltr'><strong>impossibile</strong></span> <span class='ocrx_word' id='word_1_353' title='bbox 2400 1949 2530 2005; x_wconf 88' lang='lat' dir='ltr'><strong>erit.</strong></span> 
     </span>
    </p>
   </div>
   <div class='ocr_carea' id='block_1_61' title="bbox 1906 2060 3417 2138">
    <p class='ocr_par' dir='ltr' id='par_1_61' title="bbox 1906 2060 3417 2138">
     <span class='ocr_line' id='line_1_61' title="bbox 1906 2060 3417 2138; baseline 0.007 -24"><span class='ocrx_word' id='word_1_354' title='bbox 1906 2060 2102 2132; x_wconf 78' lang='lat' dir='ltr'><strong>Ephes.</strong></span> <span class='ocrx_word' id='word_1_355' title='bbox 2132 2079 2192 2129; x_wconf 79' lang='grc' dir='ltr'><strong>ιι,</strong></span> <span class='ocrx_word' id='word_1_356' title='bbox 2220 2061 2274 2117; x_wconf 91' lang='lat'><strong>8.</strong></span> <span class='ocrx_word' id='word_1_357' title='bbox 2303 2094 2373 2103; x_wconf 98' lang='lat'><strong>—</strong></span> <span class='ocrx_word' id='word_1_358' title='bbox 2397 2063 2584 2120; x_wconf 85' lang='lat' dir='ltr'><strong>Gratia</strong></span> <span class='ocrx_word' id='word_1_359' title='bbox 2612 2065 2748 2121; x_wconf 90' lang='lat' dir='ltr'><strong>estis</strong></span> <span class='ocrx_word' id='word_1_360' title='bbox 2774 2066 2971 2121; x_wconf 87' lang='lat' dir='ltr'><strong>salvati</strong></span> <span class='ocrx_word' id='word_1_361' title='bbox 3016 2081 3117 2138; x_wconf 88' lang='lat' dir='ltr'><strong>per</strong></span> <span class='ocrx_word' id='word_1_362' title='bbox 3138 2066 3325 2133; x_wconf 84' lang='lat' dir='ltr'><strong>ﬁdem,</strong></span> <span class='ocrx_word' id='word_1_363' title='bbox 3361 2078 3417 2125; x_wconf 85' lang='lat' dir='ltr'><strong>et</strong></span> 
     </span>
    </p>
   </div>
   <div class='ocr_carea' id='block_1_62' title="bbox 1834 2152 3415 2227">
    <p class='ocr_par' dir='ltr' id='par_1_62' title="bbox 1834 2152 3415 2227">
     <span class='ocr_line' id='line_1_62' title="bbox 1834 2152 3415 2227; baseline 0.005 -20"><span class='ocrx_word' id='word_1_364' title='bbox 1834 2152 1941 2209; x_wconf 91' lang='lat' dir='ltr'><strong>hoc</strong></span> <span class='ocrx_word' id='word_1_365' title='bbox 1973 2169 2083 2210; x_wconf 89' lang='lat' dir='ltr'><strong>non</strong></span> <span class='ocrx_word' id='word_1_366' title='bbox 2124 2169 2194 2210; x_wconf 83' lang='lat' dir='ltr'><strong>ex</strong></span> <span class='ocrx_word' id='word_1_367' title='bbox 2227 2154 2416 2223; x_wconf 89' lang='lat' dir='ltr'><strong>vobis;</strong></span> <span class='ocrx_word' id='word_1_368' title='bbox 2476 2157 2574 2212; x_wconf 88' lang='lat' dir='ltr'><strong>Dei</strong></span> <span class='ocrx_word' id='word_1_369' title='bbox 2614 2158 2765 2214; x_wconf 88' lang='lat' dir='ltr'><strong>enim</strong></span> <span class='ocrx_word' id='word_1_370' title='bbox 2817 2158 3025 2215; x_wconf 90' lang='lat' dir='ltr'><strong>donum</strong></span> <span class='ocrx_word' id='word_1_371' title='bbox 3062 2169 3170 2227; x_wconf 89' lang='lat' dir='ltr'><strong>est,</strong></span> <span class='ocrx_word' id='word_1_372' title='bbox 3211 2176 3323 2216; x_wconf 91' lang='lat' dir='ltr'><strong>non</strong></span> <span class='ocrx_word' id='word_1_373' title='bbox 3347 2176 3415 2216; x_wconf 80' lang='lat' dir='ltr'><strong>ex</strong></span> 
     </span>
    </p>
   </div>
   <div class='ocr_carea' id='block_1_63' title="bbox 1833 2245 2680 2319">
    <p class='ocr_par' dir='ltr' id='par_1_63' title="bbox 1833 2245 2680 2319">
     <span class='ocr_line' id='line_1_63' title="bbox 1833 2245 2680 2319; baseline 0.006 -19"><span class='ocrx_word' id='word_1_374' title='bbox 1833 2245 2118 2316; x_wconf 77' lang='lat' dir='ltr'><strong>operibus,</strong></span> <span class='ocrx_word' id='word_1_375' title='bbox 2142 2263 2212 2302; x_wconf 90' lang='lat' dir='ltr'><strong>ne</strong></span> <span class='ocrx_word' id='word_1_376' title='bbox 2233 2248 2360 2318; x_wconf 86' lang='lat' dir='ltr'><strong>quis</strong></span> <span class='ocrx_word' id='word_1_377' title='bbox 2387 2249 2680 2319; x_wconf 70' lang='lat' dir='ltr'><strong>glorietur.</strong></span> 
     </span>
    </p>
   </div>
   <div class='ocr_carea' id='block_1_64' title="bbox 1904 2335 3415 2411">
    <p class='ocr_par' dir='ltr' id='par_1_64' title="bbox 1904 2335 3415 2411">
     <span class='ocr_line' id='line_1_64' title="bbox 1904 2335 3415 2411; baseline 0.006 -22"><span class='ocrx_word' id='word_1_378' title='bbox 1904 2335 2063 2389; x_wconf 83' lang='lat' dir='ltr'><strong>Hebr.</strong></span> <span class='ocrx_word' id='word_1_379' title='bbox 2092 2352 2169 2402; x_wconf 72' lang='lat' dir='ltr'><strong>xx,</strong></span> <span class='ocrx_word' id='word_1_380' title='bbox 2210 2338 2261 2391; x_wconf 87' lang='lat' dir='ltr'><strong>l.</strong></span> <span class='ocrx_word' id='word_1_381' title='bbox 2294 2367 2354 2380; x_wconf 75' lang='lat'><strong>-~</strong></span> <span class='ocrx_word' id='word_1_382' title='bbox 2382 2336 2550 2395; x_wconf 85' lang='lat' dir='ltr'><strong>Fides</strong></span> <span class='ocrx_word' id='word_1_383' title='bbox 2581 2348 2669 2396; x_wconf 92' lang='lat' dir='ltr'><strong>est</strong></span> <span class='ocrx_word' id='word_1_384' title='bbox 2710 2342 3125 2411; x_wconf 85' lang='lat' dir='ltr'><strong>sperandorum</strong></span> <span class='ocrx_word' id='word_1_385' title='bbox 3160 2343 3415 2398; x_wconf 89' lang='lat' dir='ltr'><strong>substan-</strong></span> 
     </span>
    </p>
   </div>
   <div class='ocr_carea' id='block_1_65' title="bbox 1833 2411 3412 2503">
    <p class='ocr_par' dir='ltr' id='par_1_65' title="bbox 1833 2411 3412 2503">
     <span class='ocr_line' id='line_1_65' title="bbox 1833 2411 3412 2503; baseline 0.007 -24"><span class='ocrx_word' id='word_1_386' title='bbox 1833 2411 1945 2489; x_wconf 54' lang='lat' dir='ltr'><strong>tia:</strong></span> <span class='ocrx_word' id='word_1_387' title='bbox 1962 2434 2348 2498; x_wconf 86' lang='lat' dir='ltr'><strong>argumentum</strong></span> <span class='ocrx_word' id='word_1_388' title='bbox 2371 2444 2563 2484; x_wconf 88' lang='lat' dir='ltr'><strong>earum</strong></span> <span class='ocrx_word' id='word_1_389' title='bbox 2591 2446 2801 2498; x_wconf 90' lang='lat' dir='ltr'><strong>rerum,</strong></span> <span class='ocrx_word' id='word_1_390' title='bbox 2836 2449 2961 2503; x_wconf 73' lang='lat' dir='ltr'><strong>qua:</strong></span> <span class='ocrx_word' id='word_1_391' title='bbox 2986 2450 3095 2491; x_wconf 91' lang='lat' dir='ltr'><strong>non</strong></span> <span class='ocrx_word' id='word_1_392' title='bbox 3126 2435 3412 2490; x_wconf 87' lang='lat' dir='ltr'><strong>videntur.</strong></span> 
     </span>
    </p>
   </div>
   <div class='ocr_carea' id='block_1_66' title="bbox 1905 2517 3417 2587">
    <p class='ocr_par' dir='ltr' id='par_1_66' title="bbox 1905 2517 3417 2587">
     <span class='ocr_line' id='line_1_66' title="bbox 1905 2517 3417 2587; baseline 0.009 -16"><span class='ocrx_word' id='word_1_393' title='bbox 1905 2517 2063 2573; x_wconf 86' lang='lat' dir='ltr'><strong>Prov.</strong></span> <span class='ocrx_word' id='word_1_394' title='bbox 2118 2536 2213 2587; x_wconf 83' lang='lat' dir='ltr'><strong>xu,</strong></span> <span class='ocrx_word' id='word_1_395' title='bbox 2279 2520 2366 2576; x_wconf 84' lang='lat' dir='ltr'><strong>l9.</strong></span> <span class='ocrx_word' id='word_1_396' title='bbox 2420 2554 2491 2563; x_wconf 92' lang='lat'><strong>—-</strong></span> <span class='ocrx_word' id='word_1_397' title='bbox 2549 2524 2775 2580; x_wconf 87' lang='lat' dir='ltr'><strong>Planam</strong></span> <span class='ocrx_word' id='word_1_398' title='bbox 2830 2526 2995 2582; x_wconf 88' lang='lat' dir='ltr'><strong>ﬁdem</strong></span> <span class='ocrx_word' id='word_1_399' title='bbox 3058 2529 3417 2585; x_wconf 86' lang='lat' dir='ltr'><strong>annuntiabit</strong></span> 
     </span>
    </p>
   </div>
   <div class='ocr_carea' id='block_1_67' title="bbox 1826 2610 2032 2679">
    <p class='ocr_par' dir='ltr' id='par_1_67' title="bbox 1826 2610 2032 2679">
     <span class='ocr_line' id='line_1_67' title="bbox 1826 2610 2032 2679; baseline 0.01 -16"><span class='ocrx_word' id='word_1_400' title='bbox 1826 2610 2032 2679; x_wconf 90' lang='lat' dir='ltr'><strong>justus.</strong></span> 
     </span>
    </p>
   </div>
   <div class='ocr_carea' id='block_1_68' title="bbox 1904 2700 3413 2773">
    <p class='ocr_par' dir='ltr' id='par_1_68' title="bbox 1904 2700 3413 2773">
     <span class='ocr_line' id='line_1_68' title="bbox 1904 2700 3413 2773; baseline 0.008 -20"><span class='ocrx_word' id='word_1_401' title='bbox 1904 2700 2072 2756; x_wconf 83' lang='lat' dir='ltr'><strong>Eccli.</strong></span> <span class='ocrx_word' id='word_1_402' title='bbox 2112 2719 2187 2768; x_wconf 75' lang='lat' dir='ltr'><strong>xi,</strong></span> <span class='ocrx_word' id='word_1_403' title='bbox 2222 2703 2315 2759; x_wconf 73' lang='grc'><strong>22.</strong></span> <span class='ocrx_word' id='word_1_404' title='bbox 2349 2735 2417 2744; x_wconf 89' lang='grc'><strong>-</strong></span> <span class='ocrx_word' id='word_1_405' title='bbox 2447 2703 2676 2760; x_wconf 88' lang='lat' dir='ltr'><strong>Conﬁde</strong></span> <span class='ocrx_word' id='word_1_406' title='bbox 2709 2706 2764 2761; x_wconf 92' lang='lat' dir='ltr'><strong>in</strong></span> <span class='ocrx_word' id='word_1_407' title='bbox 2797 2706 3053 2773; x_wconf 90' lang='lat' dir='ltr'><strong>Domino,</strong></span> <span class='ocrx_word' id='word_1_408' title='bbox 3090 2720 3147 2764; x_wconf 91' lang='lat' dir='ltr'><strong>et</strong></span> <span class='ocrx_word' id='word_1_409' title='bbox 3177 2725 3337 2765; x_wconf 89' lang='lat' dir='ltr'><strong>mane</strong></span> <span class='ocrx_word' id='word_1_410' title='bbox 3359 2710 3413 2765; x_wconf 91' lang='lat' dir='ltr'><strong>in</strong></span> 
     </span>
    </p>
   </div>
   <div class='ocr_carea' id='block_1_69' title="bbox 1833 2789 3417 2857">
    <p class='ocr_par' dir='ltr' id='par_1_69' title="bbox 1833 2789 3417 2857">
     <span class='ocr_line' id='line_1_69' title="bbox 1833 2789 3417 2857; baseline 0.009 -14"><span class='ocrx_word' id='word_1_411' title='bbox 1833 2789 2020 2845; x_wconf 88' lang='lat' dir='ltr'><strong>labore</strong></span> <span class='ocrx_word' id='word_1_412' title='bbox 2055 2799 2168 2846; x_wconf 92' lang='lat' dir='ltr'><strong>tuo.</strong></span> <span class='ocrx_word' id='word_1_413' title='bbox 2194 2792 2376 2847; x_wconf 86' lang='lat' dir='ltr'><strong>Facile</strong></span> <span class='ocrx_word' id='word_1_414' title='bbox 2403 2794 2554 2848; x_wconf 89' lang='lat' dir='ltr'><strong>enim</strong></span> <span class='ocrx_word' id='word_1_415' title='bbox 2588 2802 2673 2850; x_wconf 90' lang='lat' dir='ltr'><strong>est</strong></span> <span class='ocrx_word' id='word_1_416' title='bbox 2702 2794 2758 2850; x_wconf 89' lang='lat' dir='ltr'><strong>in</strong></span> <span class='ocrx_word' id='word_1_417' title='bbox 2779 2797 2959 2853; x_wconf 91' lang='lat' dir='ltr'><strong>oculis</strong></span> <span class='ocrx_word' id='word_1_418' title='bbox 2985 2797 3205 2855; x_wconf 87' lang='lat' dir='ltr'><strong>Domini</strong></span> <span class='ocrx_word' id='word_1_419' title='bbox 3230 2800 3417 2857; x_wconf 89' lang='lat' dir='ltr'><strong>subito</strong></span> 
     </span>
    </p>
   </div>
   <div class='ocr_carea' id='block_1_70' title="bbox 1834 2883 2481 2955">
    <p class='ocr_par' dir='ltr' id='par_1_70' title="bbox 1834 2883 2481 2955">
     <span class='ocr_line' id='line_1_70' title="bbox 1834 2883 2481 2955; baseline 0.005 -18"><span class='ocrx_word' id='word_1_420' title='bbox 1834 2883 2061 2938; x_wconf 88' lang='lat' dir='ltr'><strong>honesta</strong></span> <span class='ocrx_word' id='word_1_421' title='bbox 2071 2900 2127 2938; x_wconf 87' lang='lat' dir='ltr'><strong>re</strong></span> <span class='ocrx_word' id='word_1_422' title='bbox 2159 2900 2481 2955; x_wconf 84' lang='lat' dir='ltr'><strong>pauperem.</strong></span> 
     </span>
    </p>
   </div>
   <div class='ocr_carea' id='block_1_71' title="bbox 1904 2975 3411 3053">
    <p class='ocr_par' dir='ltr' id='par_1_71' title="bbox 1904 2975 3411 3053">
     <span class='ocr_line' id='line_1_71' title="bbox 1904 2975 3411 3053; baseline 0.006 -25"><span class='ocrx_word' id='word_1_423' title='bbox 1904 2975 2069 3030; x_wconf 85' lang='lat' dir='ltr'><strong>Eccli.</strong></span> <span class='ocrx_word' id='word_1_424' title='bbox 2109 2992 2171 3043; x_wconf 86' lang='grc' dir='ltr'><strong>ιι,</strong></span> <span class='ocrx_word' id='word_1_425' title='bbox 2214 2976 2267 3031; x_wconf 87' lang='grc'><strong>6.</strong></span> <span class='ocrx_word' id='word_1_426' title='bbox 2300 3007 2371 3016; x_wconf 92' lang='grc'><strong><em>-</em></strong></span> <span class='ocrx_word' id='word_1_427' title='bbox 2411 2978 2570 3034; x_wconf 88' lang='lat' dir='ltr'><strong>Datio</strong></span> <span class='ocrx_word' id='word_1_428' title='bbox 2613 2978 2834 3036; x_wconf 90' lang='lat' dir='ltr'><strong>Domini</strong></span> <span class='ocrx_word' id='word_1_429' title='bbox 2892 2982 3243 3052; x_wconf 85' lang='lat' dir='ltr'><strong>permanebit</strong></span> <span class='ocrx_word' id='word_1_430' title='bbox 3281 2983 3411 3053; x_wconf 88' lang='lat' dir='ltr'><strong>piis.</strong></span> 
     </span>
    </p>
   </div>
   <div class='ocr_carea' id='block_1_72' title="bbox 1832 3066 2721 3132">
    <p class='ocr_par' dir='ltr' id='par_1_72' title="bbox 1832 3066 2721 3132">
     <span class='ocr_line' id='line_1_72' title="bbox 1832 3066 2721 3132; baseline 0.002 -9"><span class='ocrx_word' id='word_1_431' title='bbox 1832 3066 2011 3123; x_wconf 85' lang='lat' dir='ltr'><strong>Crede</strong></span> <span class='ocrx_word' id='word_1_432' title='bbox 2040 3067 2115 3132; x_wconf 89' lang='lat' dir='ltr'><strong>ei,</strong></span> <span class='ocrx_word' id='word_1_433' title='bbox 2152 3076 2209 3122; x_wconf 91' lang='lat' dir='ltr'><strong>et</strong></span> <span class='ocrx_word' id='word_1_434' title='bbox 2235 3068 2592 3123; x_wconf 76' lang='lat' dir='ltr'><strong>auxillabitur</strong></span> <span class='ocrx_word' id='word_1_435' title='bbox 2618 3071 2721 3125; x_wconf 88' lang='lat' dir='ltr'><strong>tui.</strong></span> 
     </span>
    </p>
   </div>
   <div class='ocr_carea' id='block_1_73' title="bbox 1904 3154 3415 3229">
    <p class='ocr_par' dir='ltr' id='par_1_73' title="bbox 1904 3154 3415 3229">
     <span class='ocr_line' id='line_1_73' title="bbox 1904 3154 3415 3229; baseline 0.007 -21"><span class='ocrx_word' id='word_1_436' title='bbox 1904 3154 2115 3209; x_wconf 75' lang='lat' dir='ltr'><strong>Basilii.</strong></span> <span class='ocrx_word' id='word_1_437' title='bbox 2140 3184 2209 3194; x_wconf 91' lang='lat'>—</span> <span class='ocrx_word' id='word_1_438' title='bbox 2237 3156 2448 3211; x_wconf 77' lang='lat' dir='ltr'><strong>Praeeat</strong></span> <span class='ocrx_word' id='word_1_439' title='bbox 2484 3155 2625 3213; x_wconf 90' lang='lat' dir='ltr'><strong>ﬁdes</strong></span> <span class='ocrx_word' id='word_1_440' title='bbox 2660 3158 3033 3225; x_wconf 90' lang='lat' dir='ltr'><strong>sermonibus,</strong></span> <span class='ocrx_word' id='word_1_441' title='bbox 3067 3160 3160 3229; x_wconf 92' lang='lat' dir='ltr'><strong>qui</strong></span> <span class='ocrx_word' id='word_1_442' title='bbox 3203 3159 3272 3215; x_wconf 89' lang='lat' dir='ltr'><strong>de</strong></span> <span class='ocrx_word' id='word_1_443' title='bbox 3302 3160 3415 3219; x_wconf 82' lang='lat' dir='ltr'><strong>Deo</strong></span> 
     </span>
    </p>
   </div>
   <div class='ocr_carea' id='block_1_74' title="bbox 1836 3246 3417 3324">
    <p class='ocr_par' dir='ltr' id='par_1_74' title="bbox 1836 3246 3417 3324">
     <span class='ocr_line' id='line_1_74' title="bbox 1836 3246 3417 3324; baseline 0.004 -23"><span class='ocrx_word' id='word_1_444' title='bbox 1836 3246 2133 3301; x_wconf 87' lang='lat' dir='ltr'><strong>habentur.</strong></span> <span class='ocrx_word' id='word_1_445' title='bbox 2174 3246 2359 3312; x_wconf 88' lang='lat' dir='ltr'><strong>Fides,</strong></span> <span class='ocrx_word' id='word_1_446' title='bbox 2390 3248 2638 3319; x_wconf 86' lang='lat' dir='ltr'><strong>inquam,</strong></span> <span class='ocrx_word' id='word_1_447' title='bbox 2664 3266 2775 3306; x_wconf 91' lang='lat' dir='ltr'><strong>non</strong></span> <span class='ocrx_word' id='word_1_448' title='bbox 2803 3260 3255 3323; x_wconf 88' lang='lat' dir='ltr'><strong>argumentorum</strong></span> <span class='ocrx_word' id='word_1_449' title='bbox 3286 3269 3417 3324; x_wconf 48' lang='lat' dir='ltr'><strong>proa</strong></span> 
     </span>
    </p>
   </div>
   <div class='ocr_carea' id='block_1_75' title="bbox 1836 3338 3417 3416">
    <p class='ocr_par' dir='ltr' id='par_1_75' title="bbox 1836 3338 3417 3416">
     <span class='ocr_line' id='line_1_75' title="bbox 1836 3338 3417 3416; baseline 0.003 -21"><span class='ocrx_word' id='word_1_450' title='bbox 1836 3339 2010 3395; x_wconf 89' lang='lat' dir='ltr'><strong>batio.</strong></span> <span class='ocrx_word' id='word_1_451' title='bbox 2032 3338 2212 3404; x_wconf 90' lang='lat' dir='ltr'><strong>Fides,</strong></span> <span class='ocrx_word' id='word_1_452' title='bbox 2246 3356 2369 3409; x_wconf 73' lang='lat' dir='ltr'><strong>qua:</strong></span> <span class='ocrx_word' id='word_1_453' title='bbox 2392 3356 2557 3411; x_wconf 89' lang='lat' dir='ltr'><strong>supra</strong></span> <span class='ocrx_word' id='word_1_454' title='bbox 2584 3342 2792 3414; x_wconf 84' lang='lat' dir='ltr'><strong>logicas</strong></span> <span class='ocrx_word' id='word_1_455' title='bbox 2830 3345 3338 3416; x_wconf 78' lang='lat' dir='ltr'><strong>argumentationes</strong></span> <span class='ocrx_word' id='word_1_456' title='bbox 3358 3357 3417 3402; x_wconf 89' lang='lat' dir='ltr'><strong>et</strong></span> 
     </span>
    </p>
   </div>
   <div class='ocr_carea' id='block_1_76' title="bbox 1837 3432 3411 3502">
    <p class='ocr_par' dir='ltr' id='par_1_76' title="bbox 1837 3432 3411 3502">
     <span class='ocr_line' id='line_1_76' title="bbox 1837 3432 3411 3502; baseline 0.005 -17"><span class='ocrx_word' id='word_1_457' title='bbox 1837 3432 2113 3487; x_wconf 89' lang='lat' dir='ltr'><strong>rationum</strong></span> <span class='ocrx_word' id='word_1_458' title='bbox 2162 3432 2405 3502; x_wconf 88' lang='lat' dir='ltr'><strong>pondera</strong></span> <span class='ocrx_word' id='word_1_459' title='bbox 2445 3434 2689 3490; x_wconf 91' lang='lat' dir='ltr'><strong>animum</strong></span> <span class='ocrx_word' id='word_1_460' title='bbox 2742 3437 2810 3491; x_wconf 89' lang='lat' dir='ltr'><strong>ad</strong></span> <span class='ocrx_word' id='word_1_461' title='bbox 2869 3453 3160 3494; x_wconf 87' lang='lat' dir='ltr'><strong>assensum</strong></span> <span class='ocrx_word' id='word_1_462' title='bbox 3207 3439 3411 3494; x_wconf 78' lang='lat' dir='ltr'><strong>trahat.</strong></span> 
     </span>
    </p>
   </div>
   <div class='ocr_carea' id='block_1_77' title="bbox 1835 3522 3417 3599">
    <p class='ocr_par' dir='ltr' id='par_1_77' title="bbox 1835 3522 3417 3599">
     <span class='ocr_line' id='line_1_77' title="bbox 1835 3522 3417 3599; baseline 0.006 -22"><span class='ocrx_word' id='word_1_463' title='bbox 1835 3522 2018 3588; x_wconf 90' lang='lat' dir='ltr'><strong>Fides,</strong></span> <span class='ocrx_word' id='word_1_464' title='bbox 2050 3524 2118 3579; x_wconf 89' lang='lat' dir='ltr'><strong>ad</strong></span> <span class='ocrx_word' id='word_1_465' title='bbox 2147 3540 2310 3595; x_wconf 88' lang='lat' dir='ltr'><strong>quam</strong></span> <span class='ocrx_word' id='word_1_466' title='bbox 2344 3541 2455 3581; x_wconf 93' lang='lat' dir='ltr'><strong>non</strong></span> <span class='ocrx_word' id='word_1_467' title='bbox 2488 3537 2686 3599; x_wconf 87' lang='lat' dir='ltr'><strong>cogant</strong></span> <span class='ocrx_word' id='word_1_468' title='bbox 2715 3530 3064 3599; x_wconf 70' lang='lat' dir='ltr'><strong>geometrica:</strong></span> <span class='ocrx_word' id='word_1_469' title='bbox 3092 3533 3417 3587; x_wconf 79' lang='lat' dir='ltr'><strong>necessaria:</strong></span> 
     </span>
    </p>
   </div>
   <div class='ocr_carea' id='block_1_78' title="bbox 1835 3612 3416 3689">
    <p class='ocr_par' dir='ltr' id='par_1_78' title="bbox 1835 3612 3416 3689">
     <span class='ocr_line' id='line_1_78' title="bbox 1835 3612 3416 3689; baseline 0.006 -22"><span class='ocrx_word' id='word_1_470' title='bbox 1835 3612 2212 3683; x_wconf 86' lang='lat' dir='ltr'><strong>probationes,</strong></span> <span class='ocrx_word' id='word_1_471' title='bbox 2245 3614 2343 3669; x_wconf 88' lang='lat' dir='ltr'><strong>sed</strong></span> <span class='ocrx_word' id='word_1_472' title='bbox 2369 3631 2537 3685; x_wconf 87' lang='lat' dir='ltr'><strong>quam</strong></span> <span class='ocrx_word' id='word_1_473' title='bbox 2564 3616 2743 3672; x_wconf 90' lang='lat' dir='ltr'><strong>divini</strong></span> <span class='ocrx_word' id='word_1_474' title='bbox 2774 3618 3020 3689; x_wconf 88' lang='lat' dir='ltr'><strong>Spiritus</strong></span> <span class='ocrx_word' id='word_1_475' title='bbox 3046 3620 3225 3676; x_wconf 90' lang='lat' dir='ltr'><strong>virtus</strong></span> <span class='ocrx_word' id='word_1_476' title='bbox 3266 3620 3416 3677; x_wconf 71' lang='lat' dir='ltr'><strong>aliia-</strong></span> 
     </span>
    </p>
   </div>
   <div class='ocr_carea' id='block_1_79' title="bbox 1837 3707 2377 3778">
    <p class='ocr_par' dir='ltr' id='par_1_79' title="bbox 1837 3707 2377 3778">
     <span class='ocr_line' id='line_1_79' title="bbox 1837 3707 2377 3778; baseline 0.007 -18"><span class='ocrx_word' id='word_1_477' title='bbox 1837 3713 2035 3775; x_wconf 86' lang='lat' dir='ltr'><strong>tusque</strong></span> <span class='ocrx_word' id='word_1_478' title='bbox 2064 3707 2377 3778; x_wconf 86' lang='lat' dir='ltr'><strong>progignat.</strong></span> 
     </span>
    </p>
   </div>
   <div class='ocr_carea' id='block_1_80' title="bbox 1906 3797 3415 3877">
    <p class='ocr_par' dir='ltr' id='par_1_80' title="bbox 1906 3797 3415 3877">
     <span class='ocr_line' id='line_1_80' title="bbox 1906 3797 3415 3877; baseline 0.005 -24"><span class='ocrx_word' id='word_1_479' title='bbox 1906 3797 2069 3853; x_wconf 89' lang='lat' dir='ltr'><strong>Fides</strong></span> <span class='ocrx_word' id='word_1_480' title='bbox 2096 3806 2184 3854; x_wconf 91' lang='lat' dir='ltr'><strong>est</strong></span> <span class='ocrx_word' id='word_1_481' title='bbox 2220 3814 2420 3857; x_wconf 89' lang='lat' dir='ltr'><strong>eorum</strong></span> <span class='ocrx_word' id='word_1_482' title='bbox 2464 3818 2588 3873; x_wconf 70' lang='lat' dir='ltr'><strong>quae</strong></span> <span class='ocrx_word' id='word_1_483' title='bbox 2623 3803 2819 3860; x_wconf 87' lang='lat' dir='ltr'><strong>auditu</strong></span> <span class='ocrx_word' id='word_1_484' title='bbox 2865 3804 3221 3877; x_wconf 87' lang='lat' dir='ltr'><strong>percepimus</strong></span> <span class='ocrx_word' id='word_1_485' title='bbox 3277 3806 3415 3861; x_wconf 76' lang='lat' dir='ltr'><strong>citra</strong></span> 
     </span>
    </p>
   </div>
   <div class='ocr_carea' id='block_1_81' title="bbox 1836 3890 3417 3968">
    <p class='ocr_par' dir='ltr' id='par_1_81' title="bbox 1836 3890 3417 3968">
     <span class='ocr_line' id='line_1_81' title="bbox 1836 3890 3417 3968; baseline 0.004 -22"><span class='ocrx_word' id='word_1_486' title='bbox 1836 3904 2057 3946; x_wconf 88' lang='lat' dir='ltr'><strong>omnem</strong></span> <span class='ocrx_word' id='word_1_487' title='bbox 2088 3890 2491 3949; x_wconf 51' lang='lat' dir='ltr'><strong>haesitationem</strong></span> <span class='ocrx_word' id='word_1_488' title='bbox 2517 3910 2796 3962; x_wconf 88' lang='lat' dir='ltr'><strong>assensus,</strong></span> <span class='ocrx_word' id='word_1_489' title='bbox 2828 3911 2958 3953; x_wconf 86' lang='lat' dir='ltr'><strong>eum</strong></span> <span class='ocrx_word' id='word_1_490' title='bbox 2988 3905 3140 3955; x_wconf 89' lang='lat' dir='ltr'><strong>certa</strong></span> <span class='ocrx_word' id='word_1_491' title='bbox 3186 3913 3417 3968; x_wconf 88' lang='lat' dir='ltr'><strong>persua-</strong></span> 
     </span>
    </p>
   </div>
   <div class='ocr_carea' id='block_1_82' title="bbox 1836 3982 3415 4061">
    <p class='ocr_par' dir='ltr' id='par_1_82' title="bbox 1836 3982 3415 4061">
     <span class='ocr_line' id='line_1_82' title="bbox 1836 3982 3415 4061; baseline 0.005 -22"><span class='ocrx_word' id='word_1_492' title='bbox 1836 3982 1993 4040; x_wconf 89' lang='lat' dir='ltr'><strong>sione</strong></span> <span class='ocrx_word' id='word_1_493' title='bbox 2028 3983 2282 4041; x_wconf 86' lang='lat' dir='ltr'><strong>veritatis</strong></span> <span class='ocrx_word' id='word_1_494' title='bbox 2323 4001 2541 4055; x_wconf 89' lang='lat' dir='ltr'><strong>eorum,</strong></span> <span class='ocrx_word' id='word_1_495' title='bbox 2585 4004 2713 4059; x_wconf 62' lang='lat' dir='ltr'><strong>qua</strong></span> <span class='ocrx_word' id='word_1_496' title='bbox 2764 3996 2898 4045; x_wconf 88' lang='lat' dir='ltr'><strong>sunt</strong></span> <span class='ocrx_word' id='word_1_497' title='bbox 2948 3990 3270 4061; x_wconf 70' lang='lat' dir='ltr'><strong>praedicata,</strong></span> <span class='ocrx_word' id='word_1_498' title='bbox 3316 3992 3415 4047; x_wconf 90' lang='lat' dir='ltr'><strong>Dei</strong></span> 
     </span>
    </p>
   </div>
   <div class='ocr_carea' id='block_1_83' title="bbox 1836 4074 3420 4149">
    <p class='ocr_par' dir='ltr' id='par_1_83' title="bbox 1836 4074 3420 4149">
     <span class='ocr_line' id='line_1_83' title="bbox 1836 4074 3420 4149; baseline 0.007 -20"><span class='ocrx_word' id='word_1_499' title='bbox 1836 4079 2031 4146; x_wconf 74' lang='lat' dir='ltr'><strong>gratia.</strong></span> <span class='ocrx_word' id='word_1_500' title='bbox 2070 4074 2246 4148; x_wconf 81' lang='lat' dir='ltr'><strong>Hujus</strong></span> <span class='ocrx_word' id='word_1_501' title='bbox 2276 4079 2556 4149; x_wconf 88' lang='lat' dir='ltr'><strong>specimen</strong></span> <span class='ocrx_word' id='word_1_502' title='bbox 2601 4081 2858 4138; x_wconf 79' lang='lat' dir='ltr'><strong>exhibuit</strong></span> <span class='ocrx_word' id='word_1_503' title='bbox 2902 4083 3204 4148; x_wconf 83' lang='lat' dir='ltr'><strong>Abraham,</strong></span> <span class='ocrx_word' id='word_1_504' title='bbox 3233 4085 3420 4141; x_wconf 84' lang='lat' dir='ltr'><strong>istius-</strong></span> 
     </span>
    </p>
   </div>
   <div class='ocr_carea' id='block_1_84' title="bbox 1837 4165 3415 4246">
    <p class='ocr_par' dir='ltr' id='par_1_84' title="bbox 1837 4165 3415 4246">
     <span class='ocr_line' id='line_1_84' title="bbox 1837 4165 3415 4246; baseline 0.007 -27"><span class='ocrx_word' id='word_1_505' title='bbox 1837 4165 1983 4221; x_wconf 91' lang='lat' dir='ltr'><strong>modi</strong></span> <span class='ocrx_word' id='word_1_506' title='bbox 2014 4166 2331 4225; x_wconf 84' lang='lat' dir='ltr'><strong>celebratus</strong></span> <span class='ocrx_word' id='word_1_507' title='bbox 2372 4170 2591 4242; x_wconf 86' lang='lat' dir='ltr'><strong>elogio:</strong></span> <span class='ocrx_word' id='word_1_508' title='bbox 2636 4171 2756 4227; x_wconf 83' lang='lat' dir='ltr'><strong>Non</strong></span> <span class='ocrx_word' id='word_1_509' title='bbox 2793 4174 3060 4230; x_wconf 73' lang='lat' dir='ltr'><strong>hmitaoit</strong></span> <span class='ocrx_word' id='word_1_510' title='bbox 3104 4176 3415 4246; x_wconf 73' lang='lat' dir='ltr'><strong>difﬁdentia,</strong></span> 
     </span>
    </p>
   </div>
   <div class='ocr_carea' id='block_1_85' title="bbox 1822 4258 3416 4337">
    <p class='ocr_par' dir='ltr' id='par_1_85' title="bbox 1822 4258 3416 4337">
     <span class='ocr_line' id='line_1_85' title="bbox 1822 4258 3416 4337; baseline 0.006 -25"><span class='ocrx_word' id='word_1_511' title='bbox 1822 4258 1927 4313; x_wconf 72' lang='lat' dir='ltr'><strong>sed</strong></span> <span class='ocrx_word' id='word_1_512' title='bbox 1952 4258 2280 4326; x_wconf 80' lang='lat' dir='ltr'><strong>confortatus</strong></span> <span class='ocrx_word' id='word_1_513' title='bbox 2315 4271 2392 4316; x_wconf 81' lang='lat' dir='ltr'><strong>est</strong></span> <span class='ocrx_word' id='word_1_514' title='bbox 2424 4262 2550 4329; x_wconf 75' lang='lat' dir='ltr'><strong>ﬁde,</strong></span> <span class='ocrx_word' id='word_1_515' title='bbox 2602 4264 2738 4318; x_wconf 81' lang='lat' dir='ltr'><strong>dans</strong></span> <span class='ocrx_word' id='word_1_516' title='bbox 2786 4264 3019 4335; x_wconf 77' lang='lat' dir='ltr'><strong>gloriam</strong></span> <span class='ocrx_word' id='word_1_517' title='bbox 3066 4265 3230 4337; x_wconf 70' lang='lat'><strong>653</strong></span> <span class='ocrx_word' id='word_1_518' title='bbox 3273 4266 3416 4331; x_wconf 86' lang='lat' dir='ltr'><strong>Deo,</strong></span> 
     </span>
    </p>
   </div>
   <div class='ocr_carea' id='block_1_86' title="bbox 1838 4348 3416 4429">
    <p class='ocr_par' dir='ltr' id='par_1_86' title="bbox 1838 4348 3416 4429">
     <span class='ocr_line' id='line_1_86' title="bbox 1838 4348 3416 4429; baseline 0.007 -27"><span class='ocrx_word' id='word_1_519' title='bbox 1838 4348 2139 4419; x_wconf 74' lang='lat' dir='ltr'><strong>plenissime</strong></span> <span class='ocrx_word' id='word_1_520' title='bbox 2193 4353 2382 4416; x_wconf 76' lang='lat' dir='ltr'><strong>aciem,</strong></span> <span class='ocrx_word' id='word_1_521' title='bbox 2444 4354 2571 4423; x_wconf 87' lang='lat' dir='ltr'><strong>quia</strong></span> <span class='ocrx_word' id='word_1_522' title='bbox 2608 4371 2937 4427; x_wconf 62' lang='lat' dir='ltr'><strong>quacunque</strong></span> <span class='ocrx_word' id='word_1_523' title='bbox 2980 4359 3224 4429; x_wconf 80' lang='lat' dir='ltr'><strong>promisit</strong></span> <span class='ocrx_word' id='word_1_524' title='bbox 3255 4357 3416 4423; x_wconf 79' lang='lat' dir='ltr'><strong>Deus,</strong></span> 
     </span>
    </p>
   </div>
   <div class='ocr_carea' id='block_1_87' title="bbox 1840 4447 2884 4523">
    <p class='ocr_par' dir='ltr' id='par_1_87' title="bbox 1840 4447 2884 4523">
     <span class='ocr_line' id='line_1_87' title="bbox 1840 4447 2884 4523; baseline 0.01 -26"><span class='ocrx_word' id='word_1_525' title='bbox 1840 4453 2024 4515; x_wconf 79' lang='lat' dir='ltr'><strong>potens</strong></span> <span class='ocrx_word' id='word_1_526' title='bbox 2051 4456 2128 4501; x_wconf 80' lang='lat' dir='ltr'><strong>est</strong></span> <span class='ocrx_word' id='word_1_527' title='bbox 2155 4458 2203 4501; x_wconf 86' lang='lat' dir='ltr'><strong>et</strong></span> <span class='ocrx_word' id='word_1_528' title='bbox 2236 4447 2409 4517; x_wconf 78' lang='lat' dir='ltr'><strong>facere</strong></span> <span class='ocrx_word' id='word_1_529' title='bbox 2440 4449 2630 4519; x_wconf 75' lang='lat' dir='ltr'><strong>(Rom.</strong></span> <span class='ocrx_word' id='word_1_530' title='bbox 2664 4468 2737 4516; x_wconf 77' lang='lat' dir='ltr'><strong>Iv,</strong></span> <span class='ocrx_word' id='word_1_531' title='bbox 2769 4452 2884 4523; x_wconf 76' lang='lat'><strong>20).</strong></span> 
     </span>
    </p>
   </div>
   <div class='ocr_carea' id='block_1_88' title="bbox 248 4537 1734 4624">
    <p class='ocr_par' dir='ltr' id='par_1_88' title="bbox 248 4545 1734 4624">
     <span class='ocr_line' id='line_1_88' title="bbox 248 4545 1734 4624; baseline -0.001 -25"><span class='ocrx_word' id='word_1_532' title='bbox 248 4548 403 4604; x_wconf 73' lang='grc' dir='ltr'>Θεολ.</span> <span class='ocrx_word' id='word_1_533' title='bbox 434 4583 507 4592; x_wconf 97' lang='lat'><strong>—</strong></span> <span class='ocrx_word' id='word_1_534' title='bbox 540 4552 615 4605; x_wconf 86' lang='grc' dir='ltr'>Τδ</span> <span class='ocrx_word' id='word_1_535' title='bbox 650 4552 759 4624; x_wconf 81' lang='grc' dir='ltr'><strong>γάρ</strong></span> <span class='ocrx_word' id='word_1_536' title='bbox 791 4552 892 4605; x_wconf 76' lang='grc' dir='ltr'><strong>οὐκ</strong></span> <span class='ocrx_word' id='word_1_537' title='bbox 935 4551 1178 4620; x_wconf 73' lang='grc' dir='ltr'>ἐφικτὸν,</span> <span class='ocrx_word' id='word_1_538' title='bbox 1215 4549 1336 4602; x_wconf 82' lang='grc' dir='ltr'>οὐδὲ</span> <span class='ocrx_word' id='word_1_539' title='bbox 1385 4545 1577 4601; x_wconf 88' lang='grc' dir='ltr'>πιστόν</span> <span class='ocrx_word' id='word_1_540' title='bbox 1622 4561 1734 4607; x_wconf 85' lang='grc' dir='ltr'><strong>πως</strong></span> 
     </span>
    </p>
   </div>
   <div class='ocr_carea' id='block_1_89' title="bbox 1857 4537 3417 4624">
    <p class='ocr_par' dir='ltr' id='par_1_89' title="bbox 1914 4537 3417 4616">
     <span class='ocr_line' id='line_1_89' title="bbox 1914 4537 3417 4616; baseline 0.007 -25"><span class='ocrx_word' id='word_1_541' title='bbox 1914 4537 2179 4609; x_wconf 75' lang='lat' dir='ltr'><strong>Theologi.</strong></span> <span class='ocrx_word' id='word_1_542' title='bbox 2220 4570 2290 4581; x_wconf 89' lang='lat'><strong>—-</strong></span> <span class='ocrx_word' id='word_1_543' title='bbox 2318 4539 2474 4606; x_wconf 89' lang='lat' dir='ltr'><strong>Quod</strong></span> <span class='ocrx_word' id='word_1_544' title='bbox 2500 4543 2649 4597; x_wconf 89' lang='lat' dir='ltr'><strong>enim</strong></span> <span class='ocrx_word' id='word_1_545' title='bbox 2678 4545 2842 4599; x_wconf 88' lang='lat' dir='ltr'><strong>alicui</strong></span> <span class='ocrx_word' id='word_1_546' title='bbox 2869 4546 3090 4616; x_wconf 90' lang='lat' dir='ltr'><strong>assequi</strong></span> <span class='ocrx_word' id='word_1_547' title='bbox 3124 4562 3231 4601; x_wconf 90' lang='lat' dir='ltr'><strong>non</strong></span> <span class='ocrx_word' id='word_1_548' title='bbox 3269 4546 3417 4611; x_wconf 88' lang='lat' dir='ltr'><strong>licet,</strong></span> 
     </span>
    </p>
   </div>
   <div class='ocr_carea' id='block_1_90' title="bbox 186 4635 1739 4717">
    <p class='ocr_par' dir='ltr' id='par_1_90' title="bbox 186 4635 1739 4717">
     <span class='ocr_line' id='line_1_90' title="bbox 186 4635 1739 4717; baseline 0 -26"><span class='ocrx_word' id='word_1_549' title='bbox 186 4635 263 4692; x_wconf 75' lang='grc' dir='ltr'><strong>διὰ</strong></span> <span class='ocrx_word' id='word_1_550' title='bbox 286 4642 371 4696; x_wconf 79' lang='grc' dir='ltr'><strong>τὸν</strong></span> <span class='ocrx_word' id='word_1_551' title='bbox 404 4646 619 4715; x_wconf 82' lang='grc' dir='ltr'>φθόνον.</span> <span class='ocrx_word' id='word_1_552' title='bbox 650 4647 863 4717; x_wconf 81' lang='grc' dir='ltr'>Ψυχαῐς</span> <span class='ocrx_word' id='word_1_553' title='bbox 892 4645 1000 4717; x_wconf 81' lang='grc' dir='ltr'><strong>γὰρ</strong></span> <span class='ocrx_word' id='word_1_554' title='bbox 1031 4643 1281 4715; x_wconf 74' lang='grc' dir='ltr'>βεὸήλοις</span> <span class='ocrx_word' id='word_1_555' title='bbox 1308 4640 1462 4695; x_wconf 81' lang='grc' dir='ltr'>οὐδὲν</span> <span class='ocrx_word' id='word_1_556' title='bbox 1491 4639 1601 4693; x_wconf 86' lang='grc' dir='ltr'>τῶν</span> <span class='ocrx_word' id='word_1_557' title='bbox 1636 4654 1739 4692; x_wconf 82' lang='grc' dir='ltr'>κα-</span> 
     </span>
    </p>
   </div>
   <div class='ocr_carea' id='block_1_91' title="bbox 189 4725 655 4801">
    <p class='ocr_par' dir='ltr' id='par_1_91' title="bbox 189 4725 655 4801">
     <span class='ocr_line' id='line_1_91' title="bbox 189 4725 655 4801; baseline 0.011 -15"><span class='ocrx_word' id='word_1_558' title='bbox 189 4725 282 4784; x_wconf 80' lang='grc' dir='ltr'>λῶν</span> <span class='ocrx_word' id='word_1_559' title='bbox 326 4735 655 4801; x_wconf 83' lang='grc' dir='ltr'>ἀξιόπιστον.</span> 
     </span>
    </p>
   </div>
   <div class='ocr_carea' id='block_1_92' title="bbox 252 4903 1741 4982">
    <p class='ocr_par' dir='ltr' id='par_1_92' title="bbox 252 4903 1741 4982">
     <span class='ocr_line' id='line_1_92' title="bbox 252 4903 1741 4982; baseline -0.003 -21"><span class='ocrx_word' id='word_1_560' title='bbox 252 4905 535 4972; x_wconf 85' lang='grc' dir='ltr'>Χρυσοστ.</span> <span class='ocrx_word' id='word_1_561' title='bbox 559 4944 628 4953; x_wconf 93' lang='lat'>—</span> <span class='ocrx_word' id='word_1_562' title='bbox 654 4910 824 4965; x_wconf 82' lang='grc' dir='ltr'>Τοῦτο</span> <span class='ocrx_word' id='word_1_563' title='bbox 854 4912 1088 4982; x_wconf 85' lang='grc' dir='ltr'>μάλιστα</span> <span class='ocrx_word' id='word_1_564' title='bbox 1120 4909 1375 4970; x_wconf 85' lang='grc' dir='ltr'>πίστεως,</span> <span class='ocrx_word' id='word_1_565' title='bbox 1431 4905 1506 4976; x_wconf 84' lang='grc' dir='ltr'>μὴ</span> <span class='ocrx_word' id='word_1_566' title='bbox 1557 4903 1741 4973; x_wconf 74' lang='grc' dir='ltr'>ζητεῖν</span> 
     </span>
    </p>
   </div>
   <div class='ocr_carea' id='block_1_93' title="bbox 197 4995 1741 5075">
    <p class='ocr_par' dir='ltr' id='par_1_93' title="bbox 197 4995 1741 5075">
     <span class='ocr_line' id='line_1_93' title="bbox 197 4995 1741 5075; baseline 0.001 -28"><span class='ocrx_word' id='word_1_567' title='bbox 197 4996 397 5066; x_wconf 76' lang='grc' dir='ltr'>εὐθύνας</span> <span class='ocrx_word' id='word_1_568' title='bbox 421 5003 531 5056; x_wconf 85' lang='grc' dir='ltr'><strong>τῶν</strong></span> <span class='ocrx_word' id='word_1_569' title='bbox 573 5002 979 5075; x_wconf 77' lang='grc' dir='ltr'>πραττομένων,</span> <span class='ocrx_word' id='word_1_570' title='bbox 1015 4999 1150 5054; x_wconf 81' lang='grc' dir='ltr'>ἀλλὰ</span> <span class='ocrx_word' id='word_1_571' title='bbox 1184 4996 1467 5052; x_wconf 87' lang='grc' dir='ltr'>πείθεσθαι</span> <span class='ocrx_word' id='word_1_572' title='bbox 1488 4998 1598 5058; x_wconf 83' lang='grc' dir='ltr'>τοῖς</span> <span class='ocrx_word' id='word_1_573' title='bbox 1626 4995 1741 5049; x_wconf 65' lang='lat' dir='ltr'><strong>sm-</strong></span> 
     </span>
    </p>
   </div>
   <div class='ocr_carea' id='block_1_94' title="bbox 199 5095 531 5163">
    <p class='ocr_par' dir='ltr' id='par_1_94' title="bbox 199 5095 531 5163">
     <span class='ocr_line' id='line_1_94' title="bbox 199 5095 531 5163; baseline 0.03 -24"><span class='ocrx_word' id='word_1_574' title='bbox 199 5095 531 5163; x_wconf 78' lang='grc' dir='ltr'>ταττομένοις.</span> 
     </span>
    </p>
   </div>
   <div class='ocr_carea' id='block_1_95' title="bbox 1842 4627 3415 4707">
    <p class='ocr_par' dir='ltr' id='par_1_95' title="bbox 1842 4627 3415 4707">
     <span class='ocr_line' id='line_1_95' title="bbox 1842 4627 3415 4707; baseline 0.004 -24"><span class='ocrx_word' id='word_1_575' title='bbox 1842 4627 1897 4683; x_wconf 83' lang='lat' dir='ltr'><strong>id</strong></span> <span class='ocrx_word' id='word_1_576' title='bbox 1929 4646 1998 4684; x_wconf 91' lang='lat' dir='ltr'><strong>ne</strong></span> <span class='ocrx_word' id='word_1_577' title='bbox 2034 4630 2196 4685; x_wconf 86' lang='lat' dir='ltr'><strong>ﬁdem</strong></span> <span class='ocrx_word' id='word_1_578' title='bbox 2220 4631 2446 4701; x_wconf 90' lang='lat' dir='ltr'><strong>quidem</strong></span> <span class='ocrx_word' id='word_1_579' title='bbox 2479 4634 2624 4704; x_wconf 84' lang='lat' dir='ltr'><strong>apud</strong></span> <span class='ocrx_word' id='word_1_580' title='bbox 2657 4651 2785 4690; x_wconf 84' lang='lat' dir='ltr'><strong>eum</strong></span> <span class='ocrx_word' id='word_1_581' title='bbox 2820 4653 2935 4707; x_wconf 72' lang='lat' dir='ltr'><strong>prae</strong></span> <span class='ocrx_word' id='word_1_582' title='bbox 2976 4637 3182 4692; x_wconf 82' lang='lat' dir='ltr'><strong>invidia</strong></span> <span class='ocrx_word' id='word_1_583' title='bbox 3230 4636 3415 4690; x_wconf 84' lang='lat' dir='ltr'><strong>habet.</strong></span> 
     </span>
    </p>
   </div>
   <div class='ocr_carea' id='block_1_96' title="bbox 1842 4721 3420 4801">
    <p class='ocr_par' dir='ltr' id='par_1_96' title="bbox 1842 4721 3420 4801">
     <span class='ocr_line' id='line_1_96' title="bbox 1842 4721 3420 4801; baseline 0.004 -24"><span class='ocrx_word' id='word_1_584' title='bbox 1842 4721 2115 4777; x_wconf 80' lang='lat' dir='ltr'><strong>Profanus</strong></span> <span class='ocrx_word' id='word_1_585' title='bbox 2136 4723 2411 4794; x_wconf 88' lang='lat' dir='ltr'><strong>siquidem</strong></span> <span class='ocrx_word' id='word_1_586' title='bbox 2457 4727 2697 4792; x_wconf 87' lang='lat' dir='ltr'><strong>animus,</strong></span> <span class='ocrx_word' id='word_1_587' title='bbox 2726 4728 2886 4801; x_wconf 85' lang='lat' dir='ltr'><strong>nihil</strong></span> <span class='ocrx_word' id='word_1_588' title='bbox 2928 4745 3121 4786; x_wconf 89' lang='lat' dir='ltr'><strong>eorum</strong></span> <span class='ocrx_word' id='word_1_589' title='bbox 3166 4744 3288 4798; x_wconf 64' lang='lat' dir='ltr'><strong>quae</strong></span> <span class='ocrx_word' id='word_1_590' title='bbox 3320 4729 3420 4783; x_wconf 88' lang='lat' dir='ltr'><strong>ho-</strong></span> 
     </span>
    </p>
   </div>
   <div class='ocr_carea' id='block_1_97' title="bbox 1842 4818 3415 4890">
    <p class='ocr_par' dir='ltr' id='par_1_97' title="bbox 1842 4818 3415 4890">
     <span class='ocr_line' id='line_1_97' title="bbox 1842 4818 3415 4890; baseline 0.005 -23"><span class='ocrx_word' id='word_1_591' title='bbox 1842 4824 1999 4869; x_wconf 85' lang='lat' dir='ltr'><strong>nesta</strong></span> <span class='ocrx_word' id='word_1_592' title='bbox 2036 4824 2165 4869; x_wconf 88' lang='lat' dir='ltr'><strong>sunt</strong></span> <span class='ocrx_word' id='word_1_593' title='bbox 2210 4833 2273 4872; x_wconf 91' lang='lat' dir='ltr'><strong>ac</strong></span> <span class='ocrx_word' id='word_1_594' title='bbox 2299 4818 2538 4889; x_wconf 87' lang='lat' dir='ltr'><strong>egregia,</strong></span> <span class='ocrx_word' id='word_1_595' title='bbox 2570 4820 2793 4890; x_wconf 84' lang='lat' dir='ltr'><strong>dignum</strong></span> <span class='ocrx_word' id='word_1_596' title='bbox 2844 4822 3061 4878; x_wconf 86' lang='lat' dir='ltr'><strong>crcditu</strong></span> <span class='ocrx_word' id='word_1_597' title='bbox 3092 4822 3415 4875; x_wconf 85' lang='lat' dir='ltr'><strong>arbitratur.</strong></span> 
     </span>
    </p>
   </div>
   <div class='ocr_carea' id='block_1_98' title="bbox 1913 4905 3421 4984">
    <p class='ocr_par' dir='ltr' id='par_1_98' title="bbox 1913 4905 3421 4984">
     <span class='ocr_line' id='line_1_98' title="bbox 1913 4905 3421 4984; baseline 0.001 -22"><span class='ocrx_word' id='word_1_598' title='bbox 1913 4905 2177 4978; x_wconf 81' lang='lat' dir='ltr'><strong>Chrysost.</strong></span> <span class='ocrx_word' id='word_1_599' title='bbox 2213 4941 2282 4949; x_wconf 95' lang='lat'><strong><em>—</em></strong></span> <span class='ocrx_word' id='word_1_600' title='bbox 2308 4910 2425 4966; x_wconf 86' lang='lat' dir='ltr'><strong>Hoc</strong></span> <span class='ocrx_word' id='word_1_601' title='bbox 2465 4911 2591 4967; x_wconf 89' lang='lat' dir='ltr'><strong>ﬁdei</strong></span> <span class='ocrx_word' id='word_1_602' title='bbox 2617 4914 2855 4969; x_wconf 80' lang='lat' dir='ltr'><strong>maxime</strong></span> <span class='ocrx_word' id='word_1_603' title='bbox 2882 4913 3169 4984; x_wconf 89' lang='lat' dir='ltr'><strong>proprium</strong></span> <span class='ocrx_word' id='word_1_604' title='bbox 3197 4918 3302 4975; x_wconf 92' lang='lat' dir='ltr'><strong>est,</strong></span> <span class='ocrx_word' id='word_1_605' title='bbox 3334 4926 3421 4964; x_wconf 89' lang='lat' dir='ltr'><strong>ra-</strong></span> 
     </span>
    </p>
   </div>
   <div class='ocr_carea' id='block_1_99' title="bbox 1847 4998 3421 5074">
    <p class='ocr_par' dir='ltr' id='par_1_99' title="bbox 1847 4998 3421 5074">
     <span class='ocr_line' id='line_1_99' title="bbox 1847 4998 3421 5074; baseline 0.004 -22"><span class='ocrx_word' id='word_1_606' title='bbox 1847 4998 2027 5054; x_wconf 85' lang='lat' dir='ltr'><strong>tiones</strong></span> <span class='ocrx_word' id='word_1_607' title='bbox 2064 5015 2282 5065; x_wconf 89' lang='lat' dir='ltr'><strong>eorum,</strong></span> <span class='ocrx_word' id='word_1_608' title='bbox 2325 5019 2447 5071; x_wconf 68' lang='lat' dir='ltr'><strong>quae</strong></span> <span class='ocrx_word' id='word_1_609' title='bbox 2497 5005 2657 5069; x_wconf 88' lang='lat' dir='ltr'><strong>ﬁunt,</strong></span> <span class='ocrx_word' id='word_1_610' title='bbox 2702 5020 2812 5060; x_wconf 90' lang='lat' dir='ltr'><strong>non</strong></span> <span class='ocrx_word' id='word_1_611' title='bbox 2867 5004 3168 5074; x_wconf 88' lang='lat' dir='ltr'><strong>inquirere,</strong></span> <span class='ocrx_word' id='word_1_612' title='bbox 3215 5002 3314 5060; x_wconf 88' lang='lat' dir='ltr'><strong>sed</strong></span> <span class='ocrx_word' id='word_1_613' title='bbox 3354 5002 3421 5058; x_wconf 89' lang='lat' dir='ltr'><strong>iis</strong></span> 
     </span>
    </p>
   </div>
   <div class='ocr_carea' id='block_1_100' title="bbox 1848 5092 2713 5167">
    <p class='ocr_par' dir='ltr' id='par_1_100' title="bbox 1848 5092 2713 5167">
     <span class='ocr_line' id='line_1_100' title="bbox 1848 5092 2713 5167; baseline 0.007 -24"><span class='ocrx_word' id='word_1_614' title='bbox 1848 5106 1969 5160; x_wconf 62' lang='lat' dir='ltr'><strong>quae</strong></span> <span class='ocrx_word' id='word_1_615' title='bbox 1999 5092 2265 5162; x_wconf 88' lang='lat' dir='ltr'><strong>jubentur</strong></span> <span class='ocrx_word' id='word_1_616' title='bbox 2303 5095 2713 5167; x_wconf 84' lang='lat' dir='ltr'><strong>obtemperare.</strong></span> 
     </span>
    </p>
   </div>
   <div class='ocr_carea' id='block_1_101' title="bbox 1432 5251 2114 5312">
    <p class='ocr_par' dir='ltr' id='par_1_101' title="bbox 1432 5251 2114 5312">
     <span class='ocr_line' id='line_1_101' title="bbox 1432 5251 2114 5312; baseline 0.004 -3"><span class='ocrx_word' id='word_1_617' title='bbox 1432 5255 1520 5309; x_wconf 78' lang='lat' dir='ltr'><strong>VA</strong></span> <span class='ocrx_word' id='word_1_618' title='bbox 1533 5252 1667 5308; x_wconf 73' lang='grc' dir='ltr'><strong>ΒΙᾹΞ</strong></span> <span class='ocrx_word' id='word_1_619' title='bbox 1710 5251 2114 5312; x_wconf 75' lang='lat' dir='ltr'><strong>LECTIONES.</strong></span> 
     </span>
    </p>
   </div>
   <div class='ocr_carea' id='block_1_102' title="bbox 263 5325 936 5388">
    <p class='ocr_par' dir='ltr' id='par_1_102' title="bbox 263 5325 936 5388">
     <span class='ocr_line' id='line_1_102' title="bbox 263 5325 936 5388; baseline 0.003 -5"><span class='ocrx_word' id='word_1_620' title='bbox 263 5325 300 5355; x_wconf 83' lang='grc'><strong>¹⁵</strong></span> <span class='ocrx_word' id='word_1_621' title='bbox 340 5328 394 5383; x_wconf 86' lang='lat' dir='ltr'><strong>In</strong></span> <span class='ocrx_word' id='word_1_622' title='bbox 424 5332 587 5388; x_wconf 88' lang='lat' dir='ltr'><strong>Gesn.</strong></span> <span class='ocrx_word' id='word_1_623' title='bbox 629 5330 786 5387; x_wconf 90' lang='lat' dir='ltr'><strong>Stob.</strong></span> <span class='ocrx_word' id='word_1_624' title='bbox 810 5331 936 5386; x_wconf 72' lang='lat'><strong>285.</strong></span> 
     </span>
    </p>
   </div>
   <div class='ocr_carea' id='block_1_103' title="bbox 268 5460 1741 5540">
    <p class='ocr_par' dir='ltr' id='par_1_103' title="bbox 268 5460 1741 5540">
     <span class='ocr_line' id='line_1_103' title="bbox 268 5460 1741 5540; baseline -0.006 -19"><span class='ocrx_word' id='word_1_625' title='bbox 268 5461 334 5540; x_wconf 28' lang='grc' dir='ltr'>(λιι)</span> <span class='ocrx_word' id='word_1_626' title='bbox 362 5466 883 5540; x_wconf 60' lang='grc' dir='ltr'>Ἔπιδεικνυιιένηκ</span> <span class='ocrx_word' id='word_1_627' title='bbox 895 5466 1101 5540; x_wconf 67' lang='grc' dir='ltr'>πίστιν</span> <span class='ocrx_word' id='word_1_628' title='bbox 1118 5461 1452 5540; x_wconf 69' lang='grc' dir='ltr'>ἀναγγελεῖ.</span> <span class='ocrx_word' id='word_1_629' title='bbox 1474 5460 1741 5540; x_wconf 76' lang='lat' dir='ltr'><strong>Futurum</strong></span> 
     </span>
    </p>
   </div>
   <div class='ocr_carea' id='block_1_104' title="bbox 212 5526 1743 5611">
    <p class='ocr_par' dir='ltr' id='par_1_104' title="bbox 212 5526 1743 5611">
     <span class='ocr_line' id='line_1_104' title="bbox 212 5526 1743 5611; baseline 0.012 -26"><span class='ocrx_word' id='word_1_630' title='bbox 212 5526 353 5611; x_wconf 64' lang='lat' dir='ltr'><strong>ilebr.</strong></span> <span class='ocrx_word' id='word_1_631' title='bbox 384 5539 653 5595; x_wconf 85' lang='lat' dir='ltr'><strong>convenit.</strong></span> <span class='ocrx_word' id='word_1_632' title='bbox 685 5526 788 5611; x_wconf 66' lang='lat' dir='ltr'><strong>Est</strong></span> <span class='ocrx_word' id='word_1_633' title='bbox 811 5526 1292 5611; x_wconf 41' lang='lat' dir='ltr'><strong>ﬁdes_ejustpodi&#39;.&#39;</strong></span> <span class='ocrx_word' id='word_1_634' title='bbox 1302 5548 1432 5611; x_wconf 55' lang='lat'><strong>516??</strong></span> <span class='ocrx_word' id='word_1_635' title='bbox 1467 5531 1743 5611; x_wconf 66' lang='lat' dir='ltr'><strong>TBbUSPi&#39;</strong></span> 
     </span>
    </p>
   </div>
   <div class='ocr_carea' id='block_1_105' title="bbox 160 5603 1741 5679">
    <p class='ocr_par' dir='ltr' id='par_1_105' title="bbox 160 5603 1741 5679">
     <span class='ocr_line' id='line_1_105' title="bbox 160 5603 1741 5679; baseline -0.002 -24"><span class='ocrx_word' id='word_1_636' title='bbox 160 5656 163 5659; x_wconf 79' lang='grc'><strong>,</strong></span> <span class='ocrx_word' id='word_1_637' title='bbox 211 5606 353 5679; x_wconf 67' lang='lat' dir='ltr'><strong>tatur,</strong></span> <span class='ocrx_word' id='word_1_638' title='bbox 379 5623 438 5664; x_wconf 90' lang='lat' dir='ltr'><strong>ac</strong></span> <span class='ocrx_word' id='word_1_639' title='bbox 464 5625 521 5679; x_wconf 80' lang='lat' dir='ltr'><strong>se</strong></span> <span class='ocrx_word' id='word_1_640' title='bbox 544 5609 809 5679; x_wconf 88' lang='lat' dir='ltr'><strong>operibus</strong></span> <span class='ocrx_word' id='word_1_641' title='bbox 841 5603 1057 5678; x_wconf 74' lang='lat' dir='ltr'><strong>prodat.</strong></span> <span class='ocrx_word' id='word_1_642' title='bbox 1089 5604 1257 5662; x_wconf 85' lang='lat' dir='ltr'><strong>Hebr.</strong></span> <span class='ocrx_word' id='word_1_643' title='bbox 1293 5603 1518 5659; x_wconf 83' lang='lat' dir='ltr'><strong>Labium</strong></span> <span class='ocrx_word' id='word_1_644' title='bbox 1546 5603 1741 5655; x_wconf 79' lang='lat' dir='ltr'><strong>verita--</strong></span> 
     </span>
    </p>
   </div>
   <div class='ocr_carea' id='block_1_106' title="bbox 213 5672 899 5750">
    <p class='ocr_par' dir='ltr' id='par_1_106' title="bbox 213 5672 899 5750">
     <span class='ocr_line' id='line_1_106' title="bbox 213 5672 899 5750; baseline 0.017 -30"><span class='ocrx_word' id='word_1_645' title='bbox 213 5672 266 5721; x_wconf 76' lang='lat' dir='ltr'><strong>lis</strong></span> <span class='ocrx_word' id='word_1_646' title='bbox 280 5672 475 5750; x_wconf 53' lang='lat' dir='ltr'><strong>ﬁrmum</strong></span> <span class='ocrx_word' id='word_1_647' title='bbox 502 5675 555 5731; x_wconf 81' lang='lat' dir='ltr'><strong>in</strong></span> <span class='ocrx_word' id='word_1_648' title='bbox 573 5672 899 5750; x_wconf 60' lang='lat' dir='ltr'><strong>perpetuum.</strong></span> 
     </span>
    </p>
   </div>
   <div class='ocr_carea' id='block_1_107' title="bbox 273 5742 1741 5819">
    <p class='ocr_par' dir='ltr' id='par_1_107' title="bbox 273 5742 1741 5819">
     <span class='ocr_line' id='line_1_107' title="bbox 273 5742 1741 5819; baseline -0.001 -19"><span class='ocrx_word' id='word_1_649' title='bbox 273 5742 335 5819; x_wconf 61' lang='lat' dir='ltr'><strong>(lg)</strong></span> <span class='ocrx_word' id='word_1_650' title='bbox 368 5748 442 5801; x_wconf 85' lang='grc' dir='ltr'><strong>Τῶ</strong></span> <span class='ocrx_word' id='word_1_651' title='bbox 468 5742 631 5815; x_wconf 53' lang='grc' dir='ltr'>πόκῳ</span> <span class='ocrx_word' id='word_1_652' title='bbox 659 5742 795 5803; x_wconf 63' lang='grc' dir='ltr'>σου.</span> <span class='ocrx_word' id='word_1_653' title='bbox 832 5749 989 5819; x_wconf 83' lang='lat' dir='ltr'><strong>Vulg.</strong></span> <span class='ocrx_word' id='word_1_654' title='bbox 1018 5750 1073 5801; x_wconf 87' lang='lat' dir='ltr'><strong>in</strong></span> <span class='ocrx_word' id='word_1_655' title='bbox 1107 5748 1229 5819; x_wconf 72' lang='lat' dir='ltr'><strong>loco</strong></span> <span class='ocrx_word' id='word_1_656' title='bbox 1251 5756 1336 5801; x_wconf 83' lang='lat' dir='ltr'><strong>tuo</strong></span> <span class='ocrx_word' id='word_1_657' title='bbox 1356 5764 1376 5819; x_wconf 14' lang='lat'><strong>7:</strong></span> <span class='ocrx_word' id='word_1_658' title='bbox 1401 5746 1633 5819; x_wconf 83' lang='lat' dir='ltr'><strong>proinde</strong></span> <span class='ocrx_word' id='word_1_659' title='bbox 1661 5744 1741 5799; x_wconf 84' lang='lat' dir='ltr'><strong>le—</strong></span> 
     </span>
    </p>
   </div>
   <div class='ocr_carea' id='block_1_108' title="bbox 215 5811 1741 5892">
    <p class='ocr_par' dir='ltr' id='par_1_108' title="bbox 215 5811 1741 5892">
     <span class='ocr_line' id='line_1_108' title="bbox 215 5811 1741 5892; baseline 0.006 -31"><span class='ocrx_word' id='word_1_660' title='bbox 215 5811 350 5883; x_wconf 62' lang='lat' dir='ltr'><strong>gerit,</strong></span> <span class='ocrx_word' id='word_1_661' title='bbox 373 5818 423 5873; x_wconf 82' lang='grc' dir='ltr'>ὲν</span> <span class='ocrx_word' id='word_1_662' title='bbox 449 5811 613 5891; x_wconf 63' lang='grc' dir='ltr'>τόπῳ.</span> <span class='ocrx_word' id='word_1_663' title='bbox 640 5820 847 5892; x_wconf 73' lang='lat' dir='ltr'><strong>Syriae.</strong></span> <span class='ocrx_word' id='word_1_664' title='bbox 869 5811 1067 5891; x_wconf 56' lang='lat' dir='ltr'><strong>Invejus</strong></span> <span class='ocrx_word' id='word_1_665' title='bbox 1098 5818 1310 5875; x_wconf 73' lang='lat' dir='ltr'><strong>lumine.</strong></span> <span class='ocrx_word' id='word_1_666' title='bbox 1338 5811 1503 5876; x_wconf 64' lang='lat' dir='ltr'><strong>Afab.</strong></span> <span class='ocrx_word' id='word_1_667' title='bbox 1529 5832 1741 5873; x_wconf 76' lang='lat' dir='ltr'><strong>amore:</strong></span> 
     </span>
    </p>
   </div>
   <div class='ocr_carea' id='block_1_109' title="bbox 1847 5460 3314 5531">
    <p class='ocr_par' dir='ltr' id='par_1_109' title="bbox 1847 5460 3314 5531">
     <span class='ocr_line' id='line_1_109' title="bbox 1847 5460 3314 5531; baseline 0.002 -19"><span class='ocrx_word' id='word_1_668' title='bbox 1847 5472 1949 5513; x_wconf 84' lang='lat' dir='ltr'><strong>nec</strong></span> <span class='ocrx_word' id='word_1_669' title='bbox 1980 5460 2146 5531; x_wconf 85' lang='lat' dir='ltr'><strong>hujus</strong></span> <span class='ocrx_word' id='word_1_670' title='bbox 2167 5464 2504 5519; x_wconf 86' lang='lat' dir='ltr'><strong>diversitatis</strong></span> <span class='ocrx_word' id='word_1_671' title='bbox 2533 5478 2753 5520; x_wconf 87' lang='lat' dir='ltr'><strong>causam</strong></span> <span class='ocrx_word' id='word_1_672' title='bbox 2780 5462 2939 5519; x_wconf 83' lang='lat' dir='ltr'><strong>facile</strong></span> <span class='ocrx_word' id='word_1_673' title='bbox 2967 5471 3051 5517; x_wconf 89' lang='lat' dir='ltr'><strong>est</strong></span> <span class='ocrx_word' id='word_1_674' title='bbox 3082 5460 3314 5531; x_wconf 75' lang='lat' dir='ltr'><strong>aperire.</strong></span> 
     </span>
    </p>
   </div>
   <div class='ocr_carea' id='block_1_110' title="bbox 1920 5532 3423 5603">
    <p class='ocr_par' dir='ltr' id='par_1_110' title="bbox 1920 5532 3423 5603">
     <span class='ocr_line' id='line_1_110' title="bbox 1920 5532 3423 5603; baseline -0.004 -15"><span class='ocrx_word' id='word_1_675' title='bbox 1920 5534 1989 5602; x_wconf 77' lang='grc' dir='ltr'><strong>(ο)</strong></span> <span class='ocrx_word' id='word_1_676' title='bbox 2024 5535 2134 5588; x_wconf 78' lang='grc' dir='ltr'>Καὶ</span> <span class='ocrx_word' id='word_1_677' title='bbox 2165 5534 2565 5603; x_wconf 68' lang='grc' dir='ltr'>ἀντιλήψεται</span> <span class='ocrx_word' id='word_1_678' title='bbox 2595 5549 2733 5589; x_wconf 85' lang='grc' dir='ltr'>σου.</span> <span class='ocrx_word' id='word_1_679' title='bbox 2763 5534 2923 5603; x_wconf 82' lang='lat' dir='ltr'><strong>Vulg.</strong></span> <span class='ocrx_word' id='word_1_680' title='bbox 2949 5543 3005 5588; x_wconf 90' lang='lat' dir='ltr'><strong>et</strong></span> <span class='ocrx_word' id='word_1_681' title='bbox 3038 5532 3178 5587; x_wconf 75' lang='lat' dir='ltr'><strong>Sixt.</strong></span> <span class='ocrx_word' id='word_1_682' title='bbox 3205 5539 3255 5584; x_wconf 81' lang='lat' dir='ltr'><strong>et</strong></span> <span class='ocrx_word' id='word_1_683' title='bbox 3277 5547 3423 5583; x_wconf 56' lang='lat' dir='ltr'><strong>recu»</strong></span> 
     </span>
    </p>
   </div>
   <div class='ocr_carea' id='block_1_111' title="bbox 1849 5603 3423 5672">
    <p class='ocr_par' dir='ltr' id='par_1_111' title="bbox 1849 5603 3423 5672">
     <span class='ocr_line' id='line_1_111' title="bbox 1849 5603 3423 5672; baseline -0.003 -15"><span class='ocrx_word' id='word_1_684' title='bbox 1849 5605 2051 5672; x_wconf 82' lang='lat' dir='ltr'><strong>perabit</strong></span> <span class='ocrx_word' id='word_1_685' title='bbox 2089 5611 2156 5658; x_wconf 85' lang='lat' dir='ltr'><strong>te.</strong></span> <span class='ocrx_word' id='word_1_686' title='bbox 2195 5605 2366 5659; x_wconf 87' lang='lat' dir='ltr'><strong>Paulo</strong></span> <span class='ocrx_word' id='word_1_687' title='bbox 2394 5605 2601 5661; x_wconf 89' lang='lat' dir='ltr'><strong>clarius</strong></span> <span class='ocrx_word' id='word_1_688' title='bbox 2626 5605 2740 5669; x_wconf 88' lang='lat' dir='ltr'><strong>alii,</strong></span> <span class='ocrx_word' id='word_1_689' title='bbox 2769 5612 2816 5658; x_wconf 87' lang='lat' dir='ltr'><strong>et</strong></span> <span class='ocrx_word' id='word_1_690' title='bbox 2834 5606 2931 5659; x_wconf 83' lang='lat' dir='ltr'><strong>erit</strong></span> <span class='ocrx_word' id='word_1_691' title='bbox 2963 5604 3054 5658; x_wconf 85' lang='lat' dir='ltr'><strong>tibi</strong></span> <span class='ocrx_word' id='word_1_692' title='bbox 3087 5603 3303 5672; x_wconf 79' lang='lat' dir='ltr'><strong>adjutor</strong></span> <span class='ocrx_word' id='word_1_693' title='bbox 3324 5618 3341 5663; x_wconf 89' lang='lat'><strong><em>;</em></strong></span> <span class='ocrx_word' id='word_1_694' title='bbox 3366 5609 3423 5653; x_wconf 81' lang='lat' dir='ltr'><strong>et</strong></span> 
     </span>
    </p>
   </div>
   <div class='ocr_carea' id='block_1_112' title="bbox 1854 5670 3419 5749">
    <p class='ocr_par' dir='ltr' id='par_1_112' title="bbox 1854 5670 3419 5749">
     <span class='ocr_line' id='line_1_112' title="bbox 1854 5670 3419 5749; baseline -0.005 -21"><span class='ocrx_word' id='word_1_695' title='bbox 1854 5683 1915 5749; x_wconf 85' lang='lat' dir='ltr'><strong>ut</strong></span> <span class='ocrx_word' id='word_1_696' title='bbox 1942 5676 2056 5749; x_wconf 78' lang='lat' dir='ltr'><strong>ipse</strong></span> <span class='ocrx_word' id='word_1_697' title='bbox 2087 5675 2813 5749; x_wconf 33' lang='lat' dir='ltr'><strong>reddebam,JAuxiliabitur</strong></span> <span class='ocrx_word' id='word_1_698' title='bbox 2863 5677 2959 5749; x_wconf 81' lang='lat' dir='ltr'><strong>tui_.</strong></span> <span class='ocrx_word' id='word_1_699' title='bbox 3003 5673 3058 5728; x_wconf 93' lang='lat' dir='ltr'><strong>ld</strong></span> <span class='ocrx_word' id='word_1_700' title='bbox 3093 5670 3240 5726; x_wconf 81' lang='lat' dir='ltr'><strong>enim</strong></span> <span class='ocrx_word' id='word_1_701' title='bbox 3266 5670 3419 5749; x_wconf 54' lang='grc' dir='ltr'>άντιη</span> 
     </span>
    </p>
   </div>
   <div class='ocr_carea' id='block_1_113' title="bbox 1848 5739 3422 5818">
    <p class='ocr_par' dir='ltr' id='par_1_113' title="bbox 1848 5739 3422 5818">
     <span class='ocr_line' id='line_1_113' title="bbox 1848 5739 3422 5818; baseline -0.003 -20"><span class='ocrx_word' id='word_1_702' title='bbox 1848 5739 2220 5818; x_wconf 66' lang='grc' dir='ltr'>λαμόάνεσθαι</span> <span class='ocrx_word' id='word_1_703' title='bbox 2239 5755 2294 5801; x_wconf 88' lang='lat' dir='ltr'><strong>et</strong></span> <span class='ocrx_word' id='word_1_704' title='bbox 2315 5746 2617 5815; x_wconf 75' lang='grc' dir='ltr'>ἀντίληψις,</span> <span class='ocrx_word' id='word_1_705' title='bbox 2651 5763 2772 5818; x_wconf 79' lang='lat' dir='ltr'><strong>quae</strong></span> <span class='ocrx_word' id='word_1_706' title='bbox 2799 5762 2901 5803; x_wconf 82' lang='lat' dir='ltr'><strong>vox</strong></span> <span class='ocrx_word' id='word_1_707' title='bbox 2919 5745 3237 5801; x_wconf 68' lang='lat' dir='ltr'><strong>Graecorum</strong></span> <span class='ocrx_word' id='word_1_708' title='bbox 3263 5739 3422 5796; x_wconf 81' lang='lat' dir='ltr'><strong>litur-</strong></span> 
     </span>
    </p>
   </div>
   <div class='ocr_carea' id='block_1_114' title="bbox 1849 5817 2559 5889">
    <p class='ocr_par' dir='ltr' id='par_1_114' title="bbox 1849 5817 2559 5889">
     <span class='ocr_line' id='line_1_114' title="bbox 1849 5817 2559 5889; baseline 0 -17"><span class='ocrx_word' id='word_1_709' title='bbox 1849 5817 1955 5889; x_wconf 78' lang='lat' dir='ltr'><strong>giis</strong></span> <span class='ocrx_word' id='word_1_710' title='bbox 1973 5818 2427 5889; x_wconf 11' lang='lat' dir='ltr'><strong>frequentissimae</strong></span> <span class='ocrx_word' id='word_1_711' title='bbox 2454 5824 2559 5874; x_wconf 88' lang='lat' dir='ltr'><strong>est.</strong></span> 
     </span>
    </p>
   </div>
  </div>
