3964 6276
617 325 717 394 951
1219 325 1226 330 ’
1747 337 1810 396 S.
1847 336 2138 398 ΜΑΧΙΜΙ
2177 345 2185 391 4

2295 341 2689 411 ἹΡΕΞΞΟΒΙΞ
3701 364 3775 429 95?.

687 450 791 518 Qui
822 448 1116 520 religiosus
1150 447 1205 501 in
1253 447 1426 502 Deum
1457 462 1524 502 ac
1557 446 1738 503 ﬁdelis
1771 449 1865 513 sit,
1922 450 2004 505 sic
2035 449 2185 505 ﬁrmo

2370 457 2474 511 Τὸν
2510 461 2710 535 εὐσεϐῆ
2739 465 2836 520 καὶ
2871 467 3059 523 πιστὸν
3089 469 3264 540 ἄνδρα
3287 468 3425 524 οὕτω
3474 469 3666 539 βεϐαίως
3697 472 3777 526 δια-

615 553 673 600 et
717 543 995 600 constanti
1048 542 1235 598 animo
1292 556 1421 612 erga
1480 540 1578 597 Dei
1624 542 2024 612 promissiones
2069 561 2192 600 esse

615 636 909 702 condecet,
967 644 1030 690 ut
1061 635 1316 706 quamvis
1370 634 1480 690 illis
1517 636 1798 692 contraria
1846 637 2074 694 evenire
2106 643 2194 695 vi-

615 729 878 794 deantur,
931 744 1001 783 ne
1042 728 1124 783 sic
1146 727 1373 798 quidem
1421 728 1699 794 turbetur,
1732 729 1820 786 vel
1865 730 1936 785 de
1989 718 2193 788 eventu

615 821 893 892 desperet.
929 820 1070 876 Vide
1112 835 1244 876 sane
1279 819 1499 876 ﬁdelem
1536 820 1832 888 Abraham,
1867 838 2032 893 quam
2060 840 2192 893 pro-

616 913 937 969 missionem
983 913 1278 984 acceperit,
1325 921 1384 969 et
1426 928 1679 984 quanam
1716 913 1836 984 ipse
1868 914 2052 972 facere
2095 933 2193 972 co-

615 1009 772 1056 actus
791 1001 884 1056 sit.

686 1091 871 1158 Fides,
915 1092 1184 1148 virtutum
1239 1109 1440 1164 parens
1497 1104 1554 1150 et
1616 1110 1820 1151 corona
1897 1114 1963 1153 ac
2014 1098 2193 1168 perfe-

617 1183 730 1237 ctio
759 1190 865 1238 est.

687 1272 1163 1340 Quemadmodum
1183 1276 1333 1331 enim
1360 1277 1467 1332 nisi
1491 1278 1734 1348 plantata
1763 1280 1950 1336 radice
1975 1281 2194 1338 fructus

614 1380 726 1419 non
773 1367 1188 1436 germinaverit,
1249 1368 1330 1424 sic
1362 1384 1468 1424 nec
1495 1369 1605 1424 nisi
1647 1372 1811 1442 jactis
1862 1374 2017 1444 prius
2064 1375 2190 1432 ﬁdei

613 1455 1008 1522 fundamentis,
1031 1458 1300 1515 doctrina:
1338 1476 1584 1532 unquam
1611 1479 1798 1519 sermo
1835 1470 2190 1535 processerit.

681 1545 838 1618 Creg.
869 1547 1027 1620 Nysa.
1060 1580 1128 1590 —
1149 1549 1276 1606 Sola
1303 1551 1440 1609 ﬁdes
1481 1539 2003 1625 incomprehensum
2043 1574 2194 1615 com-

611 1639 947 1710 prehendit;
978 1642 1095 1699 sola
1145 1646 1419 1716 conspicit
1464 1648 1626 1717 quia
1675 1649 1829 1704 nullo
1863 1650 2040 1706 videri
2096 1669 2194 1723 po-

615 1739 757 1800 test;
799 1735 917 1790 sola
965 1734 1334 1805 inaccessum,
1365 1741 1548 1810 quoad
1594 1741 1716 1812 ejus
1754 1742 1874 1799 ﬁeri
1913 1753 2100 1815 potest
2128 1761 2192 1802 ac

612 1822 762 1893 licet,
783 1828 1029 1884 'accedit.

681 1937 892 2011 Cyrilli.
917 1972 989 1982 —
1020 1943 1180 2010 Quod
1224 1944 1333 2001 ﬁde
1380 1947 1708 2018 suscipitur,
1750 1967 1862 2006 non
1889 1952 2056 2010 debet
2094 1969 2189 2010 cu-

612 2030 760 2088 riose
784 2033 1114 2092 examinari.
1148 2034 1305 2103 Quod
1333 2039 1485 2094 enim
1517 2041 1833 2100 rationibus
1860 2045 2185 2118 inquiritur,

610 2123 890 2194 quomodo
909 2127 1094 2184 adhuc
1122 2129 1407 2186 creditur?

675 2215 844 2276 Arist.
866 2247 937 2259 —
970 2217 1446 2294 Quemadmodum
1468 2225 1524 2281 in
1555 2229 1831 2286 medicina
1868 2231 1987 2290 ﬁeri
2010 2235 2188 2300 aiunt,

611 2315 675 2360 ut
707 2322 942 2378 corpora
962 2325 1072 2367 non
1097 2327 1236 2380 pura
1269 2329 1380 2384 quo
1408 2317 1583 2388 magis
1610 2320 1901 2387 nutrieris,
1929 2338 1998 2378 eo
2018 2326 2192 2396 magis

609 2393 800 2460 laedas,
831 2396 925 2469 qui
949 2397 1213 2460 nimirum
1237 2406 1516 2475 corruptis
1535 2406 1872 2466 humoribus
1896 2393 2188 2471 materiam

608 2497 674 2536 ac
707 2481 1012 2540 fomentum
1047 2488 1337 2561 subjicias;
1374 2493 1456 2549 sic
1481 2504 1538 2551 et
1565 2497 1660 2568 qui
1697 2500 1887 2570 pravis
1913 2503 2188 2573 opinioni»

610 2570 719 2627 bus
767 2585 1190 2648 praeoccupatus
1215 2581 1308 2647 sit,
1336 2599 1448 2654 quo
1467 2585 1594 2656 plus
1615 2587 1893 2659 docueris,
1923 2570 1991 2650 eo
2017 2596 2188 2668 magis

607 2663 798 2732 laedes,
848 2669 1086 2746 majores
1138 2673 1376 2731 subinde
1420 2678 1564 2735 male
1621 2680 1869 2754 falseque
1907 2663 2186 2744 sentiendi

608 2759 932 2820 occasiones
966 2765 1239 2834 praebens.

1207 2881 1440 2941 SERMO
1470 2885 1583 2942 LII.

1207 2972 1281 3028 De
1312 2978 1587 3036 memoria.

674 3057 801 3112 Luc.
837 3075 966 3125 xxn,
1013 3060 1098 3116 l9.
1141 3094 1211 3104 -—-
1240 3065 1356 3121 Hoc
1401 3078 1489 3124 cst
1533 3085 1736 3143 corpus
1785 3090 1991 3144 meum,
2036 3079 2182 3150 quod

2297 551 2512 607 κεῖσθαι
2545 556 2651 627 χρὴ
2685 558 2818 628 πρὸς
2862 561 2960 624 τάς
3007 561 3340 631 ἐπαγγελίας
3384 562 3471 615 τοῦ
3503 562 3636 627 Θεοῦ,
3677 562 3778 617 ὥστε

2297 643 2400 697 κᾶν
2455 648 2672 703 ἐναντία
2731 652 2915 718 αὐτοῖς
2969 654 3222 722 φαίνεται
3258 655 3327 709 τὰ
3383 656 3628 726 γινόμενα,
3683 657 3777 726 μηδὲ

2294 733 2466 802 οὕτως
2499 742 2882 812 ταράττεσθαι.
2908 746 3045 816 μηδὲ
3070 745 3469 814 ἀπογινώσκειν
3487 747 3575 816 τὴν
3592 746 3777 799 ἑκϐασιν.

2297 827 2439 900 Ὅρα
2467 830 2600 898 γοῦν
2632 833 2662 885 ὁ
2702 835 2896 900 πιστὸς
2954 837 3212 909 Ἀϐραὰμ
3253 838 3371 892 τίνα
3421 838 3512 909 μὲν
3555 837 3782 908 ὑπόσχεσιν

2294 920 2530 990 ἐδέξατο,
2561 924 2682 979 τίνα
2706 927 2767 981 δὲ
2797 929 3059 1001 πράττειν
3089 930 3450 1001 ἠναγκάζετο.

2365 1101 2556 1168 Πίστις
2605 1106 2792 1178 μήτηρ
2821 1109 2914 1164 καὶ
2945 1112 3186 1183 στεφάνη
3211 1113 3308 1166 καὶ
3329 1109 3689 1180 συμπεραίωσις
3707 1109 3783 1161 τῶν

2293 1193 2504 1264 ἀρετῶν
2532 1195 2789 1269 ὑπάρχει.

2367 1284 2636 1359 Καθάπερ
2664 1290 2777 1362 γὰρ
2823 1291 2984 1364 ῥίζης
3038 1293 3113 1364 μὴ
3160 1291 3582 1362 πεφυτευμένης,
3627 1291 3704 1344 οὐκ
3738 1291 3786 1343 ἂν
3904 1284 3905 1334 Ϊ

2295 1376 2616 1451 βλαστήσειε
2641 1385 2854 1454 καρπός
2878 1402 2895 1420 ο
2929 1384 3072 1439 οὕτω
3121 1388 3366 1447 πίστεως
3410 1384 3480 1455 μὴ
3520 1384 3786 1457 opoqu-

2294 1469 2592 1544 ϐλημένης,
2617 1474 2718 1529 οὐκ
2746 1475 2813 1529 ἂν
2851 1478 3104 1548 προέλθοι
3138 1477 3484 1541 διδασκαλίας
3503 1477 3654 1544 λόγος.

2362 1564 2545 1638 Poma
2592 1568 2747 1623 Νύσ.
2770 1599 2840 1610 -—
2861 1570 3053 1635 Πίστις
3101 1571 3243 1641 μόνη
3279 1571 3469 1640 κρατεῖ
3495 1563 3783 1638 τδιράιιεατη·

2292 1670 2384 1708 τον
2413 1671 2427 1685 ·
2467 1656 2649 1722 πίστις
2673 1660 2809 1732 μόνη
2831 1665 3087 1717 κατανοεῖ
3111 1663 3205 1716 τὸν
3235 1663 3460 1718 ἀθέατον
3476 1677 3491 1693 ο
3512 1660 3667 1722 πίστις
3687 1656 3782 1727 μόνη

2295 1749 2667 1819 προσπελάζει
2697 1753 2774 1824 τῷ
2803 1753 3270 1828 ἀπροσπελάστῳ,
3327 1756 3448 1811 ὅσον
3498 1751 3692 1823 ἐγχωρεῖ
3721 1748 3784 1802 καὶ

2291 1841 2415 1895 ὅσον
2452 1842 2745 1915 ἐνδέχεται.

2367 1961 2692 2028 Κιφίλλου.
2714 1992 2786 2001 -
2808 1962 2882 2016 Τὸ
2905 1962 3086 2017 πίστει
3115 1963 3472 2034 παραδεκτδν,
3504 1963 3783 2036 ἀπολυπρογ-

2297 2051 2530 2123 μόνητον
2562 2049 2705 2108 εἶναι
2732 2055 2864 2127 χρή.
2914 2054 2988 2108 Τὸ
3034 2055 3146 2128 γὰρ
3189 2054 3596 2128 βασανιζόμενον
3622 2055 3782 2119 πῶςίτι

2293 2145 2650 2202 πεπίστευται
2669 2163 2684 2213 ;

2375 2237 2662 2306 Ἀριστοτ.
2694 2270 2766 2280 —-
2796 2240 3006 2312 Ὥσπερ
3040 2240 3209 2310 φασιν
3267 2242 3326 2294 ἑν
3379 2242 3598 2312 ἰατρικῇ,
3637 2239 3691 2292 τὰ
3732 2239 3782 2307 μὴ

2293 2329 2512 2402 καθαρά
2552 2330 2663 2384 τῶν
2717 2332 2987 2404 σωμάτων
3027 2333 3218 2404 ὁπόσῳ
3270 2333 3338 2387 ἀν
3387 2332 3595 2405 θρέψῃς,
3642 2329 3784 2402 μᾶλλον

2293 2419 2518 2491 βλάψεις
2582 2420 2714 2492 ὕλην
2751 2421 3040 2478 ὑποϐαλὼν
3065 2425 3133 2495 τῇ
3189 2421 3497 2494 κακοχυμίᾳ
3523 2435 3535 2449 ·
3573 2419 3686 2473 οὕτω
3718 2417 3782 2469 καὶ

2291 2512 2470 2584 ψυχὴν
2499 2514 2795 2587 μοχθηροῖς
2820 2514 3056 2586 δόγμασι
3085 2509 3782 2589 προκατειλημμένην.όπόσι;›

2245 2661 2250 2668 ,
2291 2603 2359 2660 ἂν
2389 2603 2627 2677 διδάξῃς,
2665 2605 2865 2676 μᾶλλον
2896 2606 3144 2677 βλάψεις,
3207 2607 3460 2679 μείζονας
3502 2603 3650 2676 ἀρχὰς
3686 2601 3778 2669 αὐτῇ

2290 2695 2390 2767 τῆς
2421 2696 2766 2767 ψευδοδοξίας
2792 2698 3069 2770 παρέχων.

2821 2899 3043 2953 ΛΟΓΟΣ
3101 2899 3214 2952 NB'
3279 2901 3343 2954 ".

2850 2992 2988 3060 Περὶ
3022 2991 3298 3061 ,ιινήμηςη

2363 3083 2545 3137 Λουκ.
2586 3081 2702 3147 κβ.
2724 3112 2796 3127 —
2821 3083 2990 3138 Τοῦτό
3017 3086 3134 3139 ἐστι
3164 3085 3230 3138 τὸ
3270 3081 3431 3154 σῶμά
3482 3097 3592 3151 μου.
3617 3077 3666 3129 τὺ
3683 3072 3780 3142 ὑπὲρ

604 3161 707 3219 pro
745 3149 904 3205 vobis
932 3151 1127 3212 datur:
1156 3155 1262 3213 hoc
1289 3156 1453 3216 facite
1483 3160 1541 3216 in
1569 3163 1677 3219 mei
1713 3149 2178 3228 recordationem.

2295 3171 2442 3244 ὑμῶν
2472 3171 2785 3244 διδόμενοντ
2819 3174 2980 3230 τοῦτο
3033 3179 3240 3230 ποιεῖτε
3275 3149 3368 3240 εις*
3400 3149 3494 3244 τὴν
3535 3170 3649 3240 ἐμὴν
3686 3163 3777 3220 ἀνά-

674 3324 705 3380 I
738 3328 869 3384 Tim.
893 3346 954 3393 ιι.
980 3331 1032 3385 8.
1058 3362 1129 3372 -
1159 3334 1370 3393 Memor
1396 3351 1518 3398 esto
1543 3343 1838 3402 Dominum
1868 3349 2055 3407 Jesum
2092 3371 2182 3411 re-

605 3419 916 3478 surrexisse
943 3437 1010 3476 ex
1039 3426 1299 3485 mortuis.

671 3507 832 3566 Prov.
885 3528 941 3577 ι,
997 3515 1048 3576 7.
1102 3547 1174 3559 -
1217 3521 1482 3581 Memoria
1531 3529 1666 3600 justi
1709 3547 1835 3589 cum
1885 3536 2178 3606 laudibus;

605 3617 807 3660 nomen
842 3619 1028 3665 autem
1069 3612 1369 3685 impiorum
1399 3620 1802 3693 exstinguetur.

675 3694 844 3752 Eccli.
883 3715 978 3766 vn,
1005 3701 1095 3758 40.
1120 3735 1188 3746 -
1215 3707 1274 3762 lu
1311 3710 1572 3768 omnibus
1600 3716 1869 3786 operibus
1908 3721 2019 3778 tuis
2069 3740 2186 3781 me-

605 3801 825 3844 morare
847 3792 1145 3854 novissima
1182 3806 1298 3864 tua,
1331 3809 1521 3858 etnon
1551 3807 1828 3874 peccabis.

674 3878 885 3937 Basilii.
913 3915 984 3926 —-
1021 3886 1169 3943 Fieri
1213 3905 1326 3946 non
1356 3901 1559 3962 potest,
1596 3905 1656 3952 ut
1694 3914 1726 3954 a
1775 3902 1866 3956 via
1911 3904 2059 3974 justa
2087 3906 2186 3962 de-

603 3965 853 4036 ﬂectant,
874 3973 1043 4045 355
1063 3992 1304 4046 quorum
1331 3983 1502 4039 animi
1531 3987 1830 4046 oblivionis
1858 3965 1954 4048 Dei
1986 3998 2184 4054 morbo

603 4075 717 4116 non
745 4062 1142 4126 laboraverint.

676 4150 940 4209 Memoria
974 4166 1079 4223 est,
1119 4159 1242 4230 ejus
1268 4164 1418 4232 quod
1466 4169 1690 4225 noveris
1740 4183 1956 4232 servata
2000 4191 2184 4238 monte

605 4244 799 4311 notio;
853 4247 1168 4308 recordatio
1225 4268 1326 4309 seu
1375 4257 1810 4331 reminiscentia,
1869 4268 1991 4340 ejus
2035 4275 2184 4342 quod

605 4335 698 4390 illa
726 4336 1033 4406 efﬂuxerat,
1065 4346 1436 4414 recuperatio.

677 4425 942 4499 Theologi.
997 4459 1068 4471 —
1125 4432 1223 4489 Dei
1280 4437 1453 4509 magis
1518 4443 1832 4502 meminisse
1887 4450 2178 4522 debemus,

605 4533 770 4587 quam
797 4519 1055 4590 spiritum
1083 4523 1310 4582 ducere.

673 4610 849 4666 Deum
889 4614 1156 4684 operibus
1176 4619 1318 4684 cole,
1359 4624 1549 4680 verbis
1572 4626 1758 4696 lauda,
1793 4643 1976 4691 mente
2013 4652 2181 4693 vene-

604 4714 728 4756 rare
754 4709 812 4757 et
835 4702 974 4760 cole.

671 4791 976 4854 Clementis.
1013 4799 1268 4871 —Clara,
1296 4804 1523 4878 ipsaque
1547 4812 1731 4866 animo
1750 4832 2010 4884 praesens,
2034 4837 2179 4876 mor-

602 4883 674 4938 tis
705 4888 992 4954 memoria,
1023 4891 1273 4949 ciborum
1299 4899 1576 4956 exscindit
1613 4883 1956 4977 appetitum;
1985 4927 2096 4982 quo
2120 4914 2175 4969 in

600 4973 915 5035 humilitate
949 4983 1220 5050 exscisso,
1264 5003 1370 5045 una
1399 5004 1620 5062 quoque
1652 4973 1790 5052 vitia
1817 5016 1881 5055 ac
1913 4973 2176 5061 libidines

599 5069 1021 5128 exscinduntur.

670 5158 943 5232 Chrysost:
964 5196 1033 5206 —
1072 5168 1361 5242 Religiosae
1392 5177 1593 5233 mentis
1621 5180 1884 5238 indicium
1908 5197 2012 5250 est,
2056 5189 2174 5260 jugi

600 5253 868 5312 memoria
902 5271 1025 5324 qua:
1057 5269 1188 5314 sunt
1217 5261 1493 5322 diviniora
1542 5272 1812 5341 recolere,
1855 5279 2176 5351 crebrisque

595 5341 768 5396 Deum
797 5345 1270 5410 obsecrationibus
1297 5357 1537 5427 placare.

673 5477 716 5510 "
750 5479 809 5541 lu
857 5482 1023 5540 Gesn.
1066 5487 1224 5547 Stob.
1267 5495 1388 5556 uo.

667 5690 1063 5790 lfl‘Fffégt
1090 5701 1631 5790 ,ζοῖςηὲργοιςσοω
1664 5713 1771 5769 Sic.
1807 5717 2033 5790 etVulg.
2070 5719 2167 5790 Sy-

465 5798 478 5810 .
596 5759 733 5818 riac.
764 5772 819 5818 et
841 5765 1061 5825 Arabio.
1090 5759 1271 5829 Graeca
1294 5759 1454 5850 ’νὶιίέῖ
1481 5759 2162 5862 it}8£;7'§ué'ib§é°ﬁy?i§

2331 3281 2506 3320 νησιν.

2289 3281 2575 3427 μν2’σι;’;μ.
2602 3357 2668 3429 β’.
2704 3361 3122 3432 -ΙιῙνημόνευε
3188 3360 3395 3432 Ἰησοῦν
3451 3353 3651 3429 Χριστὸν
3686 3351 3779 3420 ἐτη·

2287 3448 2554 3520 γερμένον
2593 3452 2660 3504 ἐκ
2692 3451 2922 3525 νεκρῶν.
3457 3543 3472 3550 Δ
3520 3541 3532 3550 _
3680 3536 3690 3550 ,

2355 3543 2600 3610 Παροιμ.
2636 3548 2694 3598 ι’.
2719 3571 2793 3584 --
2817 3545 3024 3617 Μνήμη
3082 3545 3300 3602 δικαίου
3357 3543 3472 3616 μετ’
3515 3541 3774 3610 ἐγκωμίων·

2286 3632 2458 3703 ὄνομα
2488 3633 2544 3687 δὲ
2573 3634 2787 3690 ἀσεϐῶν
2820 3636 3130 3692 σϐέννυται.

2357 3724 2542 3794 Σιρὰχ
2573 3723 2634 3786 ζ’.
2662 3755 2734 3768 -
2774 3727 2863 3780 Ἐν
2888 3728 3022 3782 πᾶσι
3051 3729 3166 3792 τοῖς
3210 3728 3396 3801 ἔργοις
3427 3743 3513 3780 σου
3538 3722 3602 3793 (ά)
3632 3715 3776 3791 ξηρὴ·

2289 3830 2423 3868 σκου
2463 3815 2534 3869 τά
2563 3815 2770 3887 ἐσχατά
2797 3835 2916 3884 σου,
2943 3818 3036 3873 καὶ
3062 3819 3161 3891 οὐχ
3181 3819 3534 3891 ἁμαρτήσας·

2356 3906 2703 3961 Βασιλειόυ.
2733 3937 2805 3947 -
2841 3889 3147 3980 Ἀμήχανον
3171 3889 3504 3979 ἐκτραπῆναι
3521 3900 3606 3970 τῆς
3621 3889 3776 3950 δικαίας

2285 3995 2426 4062 ὁδοῦ,
2455 3995 2532 4068 μὴ
2561 3997 2732 4070 λήθην
2765 3997 2901 4054 Θεοῦ
2923 4001 3043 4064 ταῖς
3072 4000 3272 4070 ψυχαῖς
3298 3997 3623 4068 νοσήσαντας.

2360 4180 2566 4252 Μνήμη
2599 4181 2748 4236 ἐστὶν
2781 4184 2813 4253 ἡ
2845 4181 2941 4237 τοῦ
2968 4182 3306 4253 γνωσθέντος
3333 4181 3566 4253 τήρησις·
3585 4167 3772 4236 ἀνάμνη·

2289 4293 2394 4346 σις,
2424 4278 2459 4350 ἡ
2491 4277 2590 4332 τοῦ
2627 4279 2962 4349 ἀπελθόντος
2990 4279 3280 4352 ἀνάληψις.

2365 4462 2682 4531 Θεολόγου.
2712 4490 2780 4501 -
2805 4463 3224 4533 Μνημονευτέον
3255 4459 3388 4515 Θεοῦ
3419 4453 3616 4528 μᾶλλον,
3638 4445 3772 4516 ἦάνα·

2282 4554 2596 4613 πνευστέον.

2353 4648 2459 4702 Τὸν
2513 4646 2648 4701 Θεὸν
2696 4645 2878 4719 ἔργοις
2915 4646 3015 4716 μὲν
3046 4645 3226 4710 σέϐου,
3257 4645 3430 4713 λόγοις
3459 4638 3510 4691 δὲ
3538 4634 3681 4703 ὕμνει,
3707 4623 3769 4674 ἐν·

2282 4741 2402 4812 νοίᾳ
2426 4741 2484 4794 δὲ
2517 4740 2673 4809 τίμα.
2778 4830 2834 4833 __
2883 4831 2891 4833 ἢ
3021 4829 3036 4833 _
3131 4828 3143 4833 _
3304 4831 3314 4833 _
3467 4823 3477 4833 _
3620 4805 3766 4833 ,μμ

2355 4810 2656 4902 Κλήμεντ.
2679 4862 2750 4872 -—-
2777 4830 2982 4901 Μνήμη
3014 4828 3246 4884 θανάτου
3299 4823 3519 4898 ἐναργὴς
3546 4810 3766 4885 περιέκοψε

2285 4923 2550 4996 βρώματα
2585 4921 2936 4994 ’βρωμάτων
2979 4919 3036 4974 δὲ
3070 4921 3127 4978 ὲν
3185 4916 3494 4974 ταπεινώσει
3537 4903 3762 4966 κοπέντων,

2275 5013 2724 5084 συνεξεκόπησαν
2764 5011 2930 5081 πάθη.

2352 5195 2656 5262 Χρυσοστ.
2679 5220 2746 5232 ν-
2778 5193 3075 5257 Εὑσεϐείας
3126 5193 3369 5263 σημεῖονι
3397 5186 3453 5240 τδ
3475 5172 3645 5265 συνεχῆ
3670 5163 3761 5265 mf"

2284 5303 2389 5358 μην
2422 5283 2690 5343 ποιεῖσθαι
2728 5283 2838 5335 τῶν
2863 5283 3172 5356 θειοτέρων,
3207 5283 3298 5337 καὶ
3324 5280 3382 5336 τὸ
3411 5268 3610 5331 πυκναῖς
3626 5263 3758 5315 ἐντευ-

2283 5376 2426 5441 ξεσιν
2449 5374 2785 5443 ὲξιλεοῢσθαι
2813 5375 2906 5430 τὸν
2933 5375 3085 5430 Θεόν.

2276 5719 2558 5784 habuisse,
2597 5721 2791 5776 suadet
2832 5729 2948 5777 tum
2988 5720 3208 5778 Maximi
3258 5718 3439 5781 codex,
3487 5723 3584 5767 tum
3619 5705 3751 5757 tantus

2271 5791 2635 5870 interpretum
2657 5807 2979 5850 consensus.
