3964 6276
204 369 319 434 953

1512 364 1679 425 LOCI
1718 365 2156 428 COMMUNES.

3355 364 3461 429 954

270 478 337 531 El
379 475 566 531 εἰκόνα
606 492 689 538 τις
728 474 937 546 ἄψυχον
989 472 1228 538 ἀναθεὶς,
1266 472 1512 544 παιδδςῆ
1547 474 1702 543 φίλου
1740 474 1773 545 ἦ

1950 477 2007 534 Si
2038 479 2163 549 quis
2189 478 2308 543 lilii,
2333 487 2429 532 aut
2465 476 2651 539 amici,
2692 492 2789 531 seu
2821 475 2999 532 allinis
3047 476 3273 531 inanimi
3322 477 3453 534 ima-

186 568 524 638 συγγενοῦς,
579 566 790 637 νομίζει
830 568 1085 635 παρεῖναι
1114 566 1323 619 ἐκεῖνον
1344 564 1434 618 τὸν
1455 566 1777 629 ἀπελθόντα,

182 664 292 716 καὶ
337 661 430 713 διὰ
462 660 561 729 τῆς
602 658 810 720 εἰκόνος
837 657 1000 711 αὑτὸν
1029 655 1366 725 φαντάζεται
1391 658 1490 727 τῆς
1518 656 1726 727 ἀψύχου
1763 674 1777 688 ο

184 753 386 823 πολλῷ
421 750 621 822 μᾶλλον
653 752 818 819 ἡμεῖς
843 748 933 801 διά
956 748 1066 802 τῶν
1092 748 1249 802 θείων
1272 748 1523 821 Γραφῶν,
1558 750 1655 819 τῆς
1675 749 1785 803 τῶν

185 849 375 915 ἁγίων
399 843 703 915 παρουσίας
756 842 1124 913 ἀπολαύομεν,
1176 842 1297 913 οὐχὶ
1349 842 1460 896 τῶν
1515 842 1783 913 σωμάτων

185 940 404 1003 αὐτῶν,
443 938 580 992 ἀλλά
610 936 719 990 τῶν
760 936 949 1007 ψυχῶν
997 935 1097 1000 τὰς
1149 937 1365 1000 εἰκόνας
1419 936 1654 1006 ἔχοντες.
1704 937 1786 990 Td:

186 1034 311 1103 γὰρ
352 1031 491 1101 παρ’
530 1029 713 1083 αὐτῶν
762 1029 1028 1101 εἰρημένα
1073 1029 1184 1082 τῶν
1238 1029 1429 1100 ψυχῶν
1493 1029 1674 1085 αὐτῶν
1714 1030 1788 1083 εί-

187 1127 359 1187 κόνες
387 1124 545 1179 είσίν.

270 1221 586 1275 Πλωτίνου
611 1221 674 1275 ¹⁶.
716 1251 784 1293 —_-
824 1221 1050 1276 Πλάτων
1089 1222 1264 1289 ἔλεγε,
1300 1222 1426 1285 τοὺς
1488 1222 1585 1292 μὲν
1636 1222 1787 1286 νέους

190 1311 414 1383 σφόδρα
443 1313 539 1364 καὶ
567 1312 693 1375 τοὺς
725 1313 1011 1382 γέροντας,
1040 1314 1364 1383 ἀμνήμονας
1400 1310 1539 1367 εἶναι
1574 1328 1587 1341 °
1620 1314 1790 1383 ὑπορ-

192 1406 321 1475 ρεἰν
346 1405 483 1477 γὰρ,
508 1404 617 1459 τῶν
644 1406 763 1475 μὲν,
788 1406 877 1460 διά
905 1406 1007 1477 τὴν
1039 1404 1289 1476 αὔξησιν,
1320 1405 1428 1459 τῶν
1457 1405 1536 1466 δὲ.
1569 1406 1656 1458 διὰ
1691 1406 1790 1474 τὴν

189 1498 411 1567 φθίσιν.
457 1497 691 1564 Ὁμοίως
721 1497 779 1550 δὲ
807 1498 1048 1561 καὶτοὺς
1078 1497 1199 1551 λίαν
1223 1500 1409 1568 ταχεῖς
1455 1498 1489 1569 ἢ
1528 1497 1745 1568 βραδεῖς
1772 1512 1787 1527 ο

189 1589 330 1650 τοὺς
353 1586 464 1657 γὰρ
497 1587 827 1659 ὑγροτέρους
886 1582 1027 1640 εἶναι
1082 1586 1176 1640 τοῦ
1228 1586 1461 1650 δέοντος,
1528 1588 1653 1649 τοὺς
1710 1586 1789 1652 δὲ,

195 1678 608 1749 σκληροτέρους
644 1695 657 1707 ·
699 1679 793 1731 καὶ
844 1680 956 1741 τοῖς
1009 1677 1107 1748 μὲν
1164 1677 1225 1730 οὐ
1269 1678 1450 1748 μένειν
1472 1679 1530 1730 ὲν
1552 1680 1621 1748 τῇ
1644 1676 1789 1747 ψυχῇ

206 1769 285 1822 τά
308 1771 704 1841 φαντάσματα,
745 1769 856 1823 τῶν
905 1770 961 1823 δὲ
992 1770 1091 1841 οὐχ
1120 1769 1388 1825 ἅπτεσθαι
1416 1770 1478 1823 τδ
1507 1770 1788 1841 παράπαν.

275 2036 607 2103 Πλάτωνος
663 2036 734 2089 ἐν
786 2037 1046 2104 Κρατύλ.
1076 2065 1146 2075 --
1177 2036 1383 2105 Μνήμη
1448 2033 1624 2103 πάντη
1689 2048 1792 2084 που

204 2127 433 2200 μηνύει,
459 2128 542 2182 δτι
575 2128 711 2199 μονή
741 2130 887 2182 ἐστιν
918 2130 976 2181 ὲν
1015 2129 1081 2198 τῇ
1140 2126 1312 2198 ψυχῇ,
1360 2125 1475 2181 ἀλλ’
1519 2124 1581 2179 οὐ
1626 2124 1791 2195 φορά.

280 2308 399 2379 Τὴν
435 2304 667 2377 κατοχὴν
697 2304 806 2359 τῶν
865 2305 1267 2377 φαντασμάτων
1322 2305 1541 2375 μνήμην
1591 2301 1792 2371 ὀνομά-

202 2401 450 2467 ζεσθαιο
493 2398 593 2470 τὴν
650 2398 708 2451 δὲ
763 2397 1106 2468 ἀναπόληψιν
1149 2396 1374 2460 τούτων,
1435 2394 1743 2466 ἀνάμνησιν
1776 2408 1790 2423 ·

205 2492 309 2546 καὶ
360 2490 437 2552 ὡς
492 2489 586 2543 ἐπὶ
634 2488 791 2553 πολὺ,
848 2488 1319 2560 μνημονευτέρους
1371 2488 1470 2558 μὲν
1528 2486 1795 2557 ὑπάρχειν

204 2584 343 2646 τοὺς
376 2580 593 2652 βραδεῖς
618 2597 634 2612 '
665 2579 1251 2651 ἀναμνηστικωτέρους
1303 2578 1381 2643 δὲ,
1434 2577 1560 2641 τοὺς
1610 2578 1796 2647 ταχεῖς

207 2675 307 2727 καὶ
329 2671 611 2743 εὐμαθεῖς.

283 2768 535 2833 Χαρικλ.
564 2790 635 2804 -
662 2763 819 2831 Μέγα
864 2752 1007 2831 γὰρ’
1043 2762 1123 2824 είς
1176 2758 1345 2830 λήθην
1382 2756 1587 2822 κακῶν,
1640 2756 1675 2827 ἡ
1728 2754 1797 2808 δι’

208 2857 511 2929 ὀφθαλμῶν
535 2856 633 2927 τῆς
655 2855 833 2926 ψυχῆς
856 2854 1162 2925 ὑπόμνησις
1187 2848 1602 2922 ἀμαυρουμένη.

298 3037 406 3089 Ἕκ
466 3032 586 3088 τῶν
648 3031 1025 3101 Ἐπικτήτου.
1058 3062 1128 3073 -
1162 3028 1535 3084 Ἀνανεούσθω
1585 3028 1614 3081 ό
1672 3027 1802 3099 περὶ

217 3127 360 3182 Θεοῦ
386 3126 543 3196 λόγος
573 3126 698 3181 καθ’
732 3126 967 3198 ἡμέραν,
998 3126 1198 3196 μᾶλλον
1231 3124 1263 3195 ἦ
1292 3122 1361 3176 τά
1385 3123 1549 3178 σιτία.

287 3220 687 3292 Συνεχέστερον
717 3219 828 3274 νόει
859 3220 950 3273 τὸν
980 3219 1135 3282 Θεὸν,
1167 3218 1200 3289 ἢ
1236 3216 1484 3271 ἀνάπνει.

301 3316 432 3369 Ἐὰν
462 3314 551 3385 ἀεὶ
583 3313 949 3388 μνημονεύῃς,
985 3314 1067 3367 ὅτι
1098 3307 1142 3381 ᾧ
1190 3310 1399 3384 ἐργάζῃ
1431 3309 1571 3365 κατά
1623 3306 1801 3378 ψυχὴν

215 3409 250 3479 ἦ
291 3406 458 3477 σῶμα
488 3405 622 3471 Θεδς
674 3406 1021 3478 παρέστηκεν
1073 3405 1290 3478 ἔφορος,
1346 3405 1406 3458 ὲν
1456 3403 1659 3463 πάσαις
1707 3416 1799 3452 σου

212 3504 340 3564 ταῖς
378 3500 710 3571 προσευχαῖς
746 3499 842 3553 καὶ
862 3500 984 3562 ταῖς
1010 3497 1295 3570 πράξεσιν,
1321 3496 1383 3550 οὐ
1418 3495 1493 3567 μὴ
1524 3492 1797 3565 ἁμάρτῃς·

212 3596 362 3661 ἔξεις
390 3594 447 3648 δὲ
475 3594 566 3648 τὸν
594 3593 728 3648 Θεὸν
760 3594 1028 3649 σύνοικον.

303 3777 392 3837 Ὠς
414 3777 513 3846 ἡδὺ
539 3775 637 3849 τὴν
667 3776 943 3831 θάλασσαν
981 3778 1088 3831 ἀπὸ
1132 3777 1235 3847 γῆς
1271 3778 1428 3850 όρᾷν,
1481 3773 1655 3840 οὕτως
1701 3776 1800 3846 ἡδὺ

212 3869 299 3941 τῷ
330 3867 564 3923 σωθέντι
596 3868 906 3941 μεμνῆσθαι
940 3869 1050 3923 τῶν
1074 3868 1275 3923 πόνων,

786 3988 1000 4042 ΛΟΓΟΣ
1031 3989 1135 4041 NI"
1173 3990 1237 4046 ⁸⁷.

813 4079 955 4148 Περὶ
982 4080 1214 4149 ψυχῆς-

288 4173 477 4226 Ματθ.
510 4176 565 4226 ι’.
600 4199 669 4211 -
706 4170 765 4224 '0
797 4170 976 4241 εὑρὼν
1014 4171 1113 4243 τὴν
1143 4172 1323 4243 ψυχὴν
1354 4170 1520 4227 αὐτοῦ
1546 4172 1802 4226 ἀπολέσει

215 4264 393 4347 αὑτήν
424 4277 441 4292 ·
483 4263 580 4318 καὶ
606 4264 635 4317 ὁ
659 4262 933 4328 ἀπολέσας
975 4264 1149 4336 αὐτὴν
1182 4265 1368 4319 ἕνεκεν
1399 4265 1557 4337 ἐμοῦ,
1580 4266 1804 4338 εὑρήσει

214 4357 415 4411 αὑτήν.

264 4357 279 4374 ς
363 4373 415 4411 ν.

256 4357 515 4517 υΕ’ήιιόρ.
566 4448 829 4503 (SC—El
882 4449 979 4503 καὶ
1048 4448 1077 4502 ὁ
1143 4449 1249 4516 ἔξω
1304 4452 1462 4522 ήμῶν
1515 4451 1804 4521 ἄνθρωπος

1882 572 2009 642 gine
2044 570 2243 640 posita,
2275 568 2470 623 adesse
2527 584 2648 621 eum
2687 574 2846 637 putat
2882 567 2977 637 qui
3016 566 3314 622 defunctus
3365 569 3461 633 sit,

1883 677 2062 733 exque
2088 660 2317 715 inanimi
2341 659 2663 725 simulacro,
2694 673 2758 713 ac
2781 658 2825 713 si
2848 672 3034 712 coram
3057 656 3273 712 videret
3293 657 3463 713 animi

1885 753 2222 825 cogitatione
2255 751 2533 816 delineat;
2567 758 2777 820 quanto
2816 749 2989 820 magis
3027 763 3129 803 nos
3150 748 3465 805 divinarum

1886 846 2299 917 Scripturarum
2346 860 2473 914 ope,
2507 851 2826 898 sanctorum
2874 842 3164 912 praesentia
3207 842 3463 908 fruimur,

1885 940 2090 1011 quibus
2115 954 2225 992 non
2256 938 2369 1007 jam
2394 936 2640 1005 ipsorum
2690 950 2989 1003 corporum
3027 933 3317 1004 imagines,
3368 935 3466 989 sed

1886 1031 2196 1086 animorum
2229 1039 2430 1098 praesto
2482 1026 2779 1081 simulacra
2816 1026 2981 1080 sunt?
3030 1023 3162 1091 Quae
3190 1024 3341 1079 enim
3385 1024 3463 1078 illi

1886 1120 2058 1176 loculi
2090 1126 2241 1181 sunt,
2279 1117 2397 1172 haec
2426 1115 2646 1169 illorum
2670 1112 2839 1168 animi
2867 1120 2997 1167 sunt
3020 1111 3331 1165 simulacra.

1958 1211 2180 1266 Plotini.
2212 1207 2500 1263 —Aiebat
2531 1206 2704 1270 Plato,
2742 1219 2936 1275 parum
2981 1202 3160 1257 felicis
3188 1200 3467 1256 memoriae

1888 1322 2031 1371 esse,
2051 1305 2147 1375 qui
2176 1302 2336 1359 valde
2350 1304 2606 1373 juvenes,
2632 1314 2698 1354 ac
2718 1298 2812 1368 qui
2845 1312 3005 1352 senes
3028 1305 3233 1352 essent.
3269 1294 3467 1348 Animo

1888 1398 2037 1451 enim
2073 1412 2162 1451 res
2185 1393 2456 1456 difﬂuere,
2483 1391 2613 1453 illis,
2640 1388 2789 1459 quod
2819 1396 3157 1457 augeantur;
3195 1385 3283 1439 bis
3308 1399 3464 1446 vero,

1891 1489 2039 1560 quod
2066 1490 2180 1560 jam
2211 1487 2472 1541 fatiscant
2500 1491 2556 1537 et
2582 1482 2650 1537 ad
2683 1480 2971 1535 interitum
3021 1477 3271 1532 tendant.
3305 1475 3469 1530 Simi-

1890 1582 2019 1636 liter
2050 1595 2271 1651 quoque
2295 1578 2390 1648 qui
2413 1575 2683 1632 celeriore
2723 1581 2821 1627 aut
2846 1571 3011 1642 paulo
3034 1570 3277 1625 tardiore
3318 1569 3470 1637 inge-

1892 1673 1987 1727 nio
2004 1673 2153 1728 ‘sint:
2195 1672 2318 1726 illos
2339 1670 2487 1725 enim
2517 1683 2641 1723 esse
2674 1666 2798 1737 plus
2830 1680 2989 1733 aequo
3021 1662 3333 1727 molliores;
3366 1661 3469 1715 bos

1893 1782 2030 1821 vero
2091 1765 2387 1820 duriores:
2417 1779 2481 1818 ac
2513 1762 2625 1817 illis
2656 1759 2904 1830 quidem,
2941 1772 3052 1811 non
3096 1756 3303 1809 luerere
3351 1752 3443 1807 ani

1895 1875 1986 1914 mo
2040 1874 2226 1914 rerum
2278 1857 2607 1922 simulacra;
2661 1854 2862 1911 horum
2908 1867 3076 1915 vero,
3128 1864 3197 1904 ne
3240 1863 3470 1919 prorsus

1895 1954 2121 2024 quidem
2152 1951 2448 2021 attingere.

1966 2045 2209 2099 Platonis
2240 2046 2297 2098 in
2328 2041 2567 2115 Cratylo.
2613 2072 2683 2088 --
2710 2037 2985 2095 Memoriae
3026 2035 3205 2106 ipsum
3239 2047 3470 2103 prorsus

1894 2139 2229 2195 vocabulum
2262 2136 2493 2202 indicat,
2532 2149 2758 2191 manere
2795 2133 2853 2186 in
2901 2130 3109 2194 animo,
3158 2142 3268 2181 non
3315 2134 3471 2181 extra

1897 2228 2054 2285 illum
2076 2230 2233 2285 ferri.

1969 2322 2125 2390 Quod
2162 2334 2348 2376 rerum
2373 2318 2671 2375 simulacra
2717 2314 3088 2377 retineantur,
3148 2308 3469 2365 memoriam

1894 2415 2123 2481 vocari;
2156 2411 2306 2482 quod
2348 2426 2483 2466 vero
2533 2410 2587 2464 in
2623 2417 2862 2464 mentem
2922 2403 3168 2467 redeant,
3211 2399 3473 2455 recorda-

1897 2510 2130 2563 tionem.
2200 2506 2531 2573 Plerumque
2582 2518 2750 2565 vero,
2812 2500 2906 2570 qui
2960 2496 3223 2553 tardioris
3268 2492 3473 2564 ingenii

1897 2603 2029 2667 sint,
2060 2598 2357 2656 tenacioris
2391 2612 2512 2652 esse
2541 2594 2850 2659 memoriae;
2882 2592 2977 2662 qui
3032 2606 3161 2647 vero
3190 2587 3476 2645 celerioris

1898 2708 1996 2748 seu
2028 2689 2261 2746 acrioris
2285 2702 2348 2743 ac
2372 2686 2546 2756 magis
2576 2684 2806 2747 dociles,
2845 2681 3064 2737 facilius
3099 2677 3401 2734 reminisci.

1968 2782 2241 2840 Chariclii.
2274 2809 2343 2820 —-
2369 2778 2597 2832 Multum
2636 2776 2863 2846 prodest
2905 2784 2966 2829 ut
3014 2774 3139 2843 quis
3203 2771 3473 2825 malorum

1900 2875 2294 2932 obliviscatur.
2353 2871 2647 2926 obscurata
2712 2867 2865 2921 velut
2927 2864 3042 2921 fere
3108 2862 3476 2934 caligantibus

1902 2966 2071 3021 animi
2102 2963 2269 3027 oculi,
2311 2958 2692 3017 commonitio.

1978 3056 2057 3111 Ex
2090 3054 2316 3126 Epicteti
2336 3050 2631 3104 sententiis.
2672 3076 2741 3085 ——
2775 3043 2944 3114 Magis
2978 3043 3046 3099 de
3074 3043 3186 3097 Deo
3231 3038 3477 3111 quotidie

1825 3171 1872 3235 ς
1903 3162 2087 3204 sermo
2125 3152 2445 3207 renovetur,
2468 3155 2633 3210 quam
2654 3135 2760 3192 cibi
2793 3136 2911 3205 ipsa
2933 3132 3197 3203 sumptio.

1973 3236 2238 3293 Crebrius
2274 3235 2444 3289 Deum
2469 3230 2728 3301 cogitato,
2759 3242 2927 3298 quam
2962 3224 3218 3296 spiritum
3268 3222 3476 3277 ducito.

1974 3330 2030 3386 Si
2062 3336 2334 3400 perpetuo
2379 3322 2699 3380 memineris
2748 3322 2918 3377 Deum
2970 3318 3068 3372 tibi
3114 3323 3480 3384 spectatorem

1902 3424 2118 3488 adesse,
2152 3418 2420 3491 quidquid
2444 3432 2591 3487 agas,
2630 3414 2745 3469 sive
2768 3426 2964 3467 eorum
2983 3425 3105 3479 quae
3136 3407 3204 3462 ad
3235 3406 3479 3461 animum

1904 3522 2179 3587 spectant,
2210 3512 2326 3567 sive
2361 3509 2524 3582 655
2548 3523 2669 3579 qua!
2698 3506 2765 3560 ad
2809 3519 3035 3574 corpus,
3078 3517 3191 3556 non
3222 3499 3483 3571 peccabis

1903 3608 1959 3662 in
1988 3604 2246 3662 omnibus
2274 3602 2619 3658 orationibus
2667 3598 2780 3653 tuis
2806 3604 2863 3651 et
2906 3594 3239 3659 actionibus,
3273 3592 3481 3646 Deum-

1902 3717 2011 3773 que
2042 3699 2143 3754 tibi
2170 3697 2445 3767 hospitem
2474 3692 2727 3749 habebis.

1972 3793 2043 3850 Ut
2067 3790 2373 3863 jucundum
2400 3796 2483 3843 est
2506 3802 2536 3840 e
2565 3794 2707 3839 terra
2735 3796 2884 3836 mare
2910 3788 3180 3849 spectare,
3204 3778 3283 3831 sic
3310 3776 3360 3831 ei
3386 3775 3481 3847 qui

1901 3902 1935 3942 a
1963 3883 2224 3956 periculis
2250 3880 2514 3935 liberatus
2541 3876 2632 3939 sit,
2660 3874 2908 3929 laborum
2940 3870 3275 3925 meminisse.

2489 3987 2721 4045 SERMO
2760 3987 2897 4041 ιλιι.

2539 4083 2615 4138 De
2649 4083 2852 4136 anima.

1974 4181 2165 4236 Matth.
2204 4196 2268 4245 ι,
2305 4178 2394 4234 59.
2432 4207 2502 4216 -
2546 4174 2650 4242 Qui
2698 4171 2972 4227 invenerit
3012 4169 3250 4223 animam
3296 4180 3482 4229 suam,

1904 4275 2098 4345 perdet
2129 4244 2277 4338 eam;
2314 4279 2371 4325 et
2403 4270 2499 4341 qui
2534 4266 2845 4339 perdiderit
2883 4261 3121 4317 animam
3162 4274 3315 4314 suam
3354 4274 3483 4329 pro—
3524 4244 3575 4307 Γ

1904 4377 2028 4440 pter
2057 4382 2167 4430 me,
2198 4364 2443 4420 inveniet
2472 4374 2614 4417 eam.

1975 4461 2035 4517 II
2071 4459 2193 4515 Cor.
2228 4456 2419 4523 1v,16.
2447 4485 2516 4494 —-
2559 4453 2714 4507 Licet
2750 4451 2819 4514 is,
2854 4447 2947 4519 qui
2987 4446 3121 4502 foris
3160 4454 3263 4508 est,
3299 4451 3487 4497 noster

213 4540 597 4611 διαφθείρεται
628 4558 643 4573 ·
689 4540 803 4596 ἀλλ’
854 4543 884 4596 ό
944 4540 1148 4597 ἔσωθεν
1185 4542 1575 4598 ἀνακαινοῦται
1619 4544 1792 4617 ἡμέρα

1920 4554 2074 4606 homo
2096 4554 2515 4617 corrumpatur;
2546 4552 2725 4597 tamen
2754 4541 2803 4617 is
2832 4537 2927 4609 qui
2956 4537 3104 4592 intus
3132 4544 3232 4598 est,
3261 4550 3487 4589 renova-

218 4636 316 4688 καὶ
351 4633 554 4706 ἡμέρᾳο

289 4726 476 4795 Σιρὰχ
507 4723 611 4787 λζ’.
641 4757 711 4768 -
740 4726 964 4790 Τέκνον,
1020 4728 1079 4779 ὲν
1122 4729 1395 4798 πραΰτητι
1449 4726 1672 4795 δόξασον
1730 4729 1803 4800 (e)

1906 4656 1999 4702 tur
2024 4644 2092 4699 de
2116 4642 2205 4697 die
2233 4642 2287 4695 in
2318 4640 2485 4694 diem.

1982 4731 2146 4787 Eccli.
2176 4746 2215 4794 ι,
2244 4730 2342 4794 '51;
2372 4742 2573 4791 xxxvu,
2600 4725 2689 4789 30,
2717 4724 2806 4779 51.
2831 4752 2901 4763 —--
2928 4720 3052 4786 Fili,
3082 4718 3139 4773 in
3171 4725 3484 4771 mansuetu-

216 4818 320 4887 τὴν
355 4819 538 4889 ψυχήν
570 4836 689 4878 σου.
730 4820 823 4873 καὶ
868 4820 944 4873 ῐδε
981 4819 1036 4873 τί
1074 4820 1310 4891 πονηρὸν
1355 4820 1515 4891 αὐτῇ,
1574 4822 1669 4875 καὶ
1693 4807 1707 4813 ’
1730 4822 1792 4892 μ’)

1920 4825 2034 4881 line
2058 4822 2301 4895 glorifica
2328 4820 2565 4877 animam
2594 4831 2767 4882 tuam,
2790 4823 2847 4872 et
2867 4814 2994 4869 vide
3017 4811 3149 4883 quid
3177 4810 3252 4863 illi
3280 4809 3483 4877 malum

215 4911 326 4975 δὼς
349 4912 515 4982 αὐτῇ.
544 4911 621 4964 Οὐ
662 4910 771 4982 γάρ
819 4912 997 4965 πάντα
1043 4914 1179 4966 πᾶσι
1234 4912 1546 4984 συμφέρει·
1602 4913 1696 4969 καὶ
1740 4915 1792 4968 οἰ

1920 4916 1995 4982 ιίι,
2019 4926 2075 4971 et
2100 4930 2169 4969 ne
2198 4913 2418 4968 dederis
2441 4912 2513 4966 ei.
2537 4910 2655 4966 Non
2682 4909 2829 4965 enim
2857 4906 3045 4961 omnia
3074 4901 3332 4957 omnibus
3358 4916 3486 4971 pro-

218 5007 375 5057 πᾶσα
407 5003 554 5074 ψυχὴ
586 5005 645 5057 ὲν
666 5004 831 5059 παντὶ
856 5006 1087 5059 εὐδοκεῖ.

303 5092 371 5147 Ἡ
428 5095 780 5167 καταστροφὴ
818 5096 926 5147 τῶν
969 5095 1303 5166 παρανόμων
1364 5096 1429 5165 (ῃ
1484 5096 1623 5167 κακή
1659 5112 1674 5127 ⁸
1731 5099 1799 5169 τῇ

217 5185 332 5257 γὰρ
356 5185 584 5258 ἀσεϐείᾳ
610 5185 709 5257 τὴν
741 5186 921 5239 αὐτῶν
954 5186 1133 5258 ψυχὴν
1161 5186 1546 5259 ἀφαιροῦνται.

1908 5016 2059 5071 sunt,
2084 5020 2187 5061 nec
2210 5002 2360 5059 omni
2391 5002 2588 5057 animas
2610 5000 2793 5055 omnia
2822 4996 3145 5067 probantur.

1978 5102 2116 5156 Mala
2140 5106 2226 5154 est
2247 5097 2641 5152 sceleratorum
2673 5087 2991 5153 subversio;
3028 5084 3309 5154 impietate
3336 5082 3485 5145 enim

1910 5202 2065 5243 suam
2098 5185 2203 5257 ipsi
2231 5183 2490 5241 auferunt
2513 5181 2772 5237 animam.

1500 5295 1737 5352 VARUE
1775 5295 2180 5353 LECTIONES.

297 5388 342 5419 “
380 5386 496 5442 Bal.
546 5386 849 5452 Πλάτωνος.
928 5390 971 5421 ¹⁷
1002 5389 1062 5443 In
1109 5389 1275 5445 Gesn.
1326 5387 1486 5443 Stob.
1534 5389 1662 5443 295.

1751 5458 1985 5516 NOTIE.

254 5621 265 5631 ο
293 5550 384 5634 (ε).
413 5551 512 5634 Ἐζγ
538 5553 827 5634 πραΰτητι
850 5552 1137 5634 ddi-fugai»:
1173 5550 1349 5634 Forte.
1364 5552 1556 5621 lapsus
1591 5566 1803 5634 memo-

221 5622 307 5677 ria
331 5622 626 5693 Maximus,
660 5622 741 5677 sic
777 5622 1218 5693 assutisrduobus
1246 5622 1403 5688 locis,
1434 5638 1559 5693 eum
1592 5622 1804 5693 integer

222 5700 447 5764 constet
475 5692 654 5764 Ec_cli._
688 5708 893 5756 xxxv",
934 5692 1278 5764 5Q._Téxvov,
1330 5694 1388 5746 ὲν
1417 5695 1483 5763 τῇ
1534 5692 1646 5764 ζωῇ
1708 5711 1802 5746 σου

224 5762 490 5839 πείρασον
510 5762 607 5839 τὴν
628 5762 807 5839 ψυχῄν
824 5780 941 5816 σου.
961 5762 1083 5839 fili,
1104 5764 1157 5815 in
1171 5763 1274 5839 uita
1296 5771 1385 5816 tua
1411 5762 1551 5816 tenta
1568 5762 1801 5839 animam

224 5840 401 5898 tuam,
438 5831 493 5888 id
529 5831 613 5889 cs't
636 5831 887 5907 explora;
932 5832 1000 5889 ad
1048 5832 1194 5903 quod
1238 5844 1544 5908 sequuntur
1588 5835 1803 5907 reliqua

1916 5553 2005 5609 hic
2028 5554 2341 5619 subiuncta.
2365 5552 2483 5608 Non
2501 5552 2642 5607 bene
2661 5551 2827 5607 Gesn.
2858 5549 3016 5615 illud,
3055 5548 3130 5604 ἴδε
3168 5548 3219 5601 τί
3250 5549 3486 5619 πονηρὸν

1913 5624 2073 5694 αὐτῇ.
2112 5622 2236 5677 Vide
2258 5623 2382 5694 quid
2405 5624 2457 5677 in
2485 5639 2545 5675 ea
2580 5624 2667 5694 sit
2700 5621 3020 5694 malillmo,
3042 5620 3165 5690 quid
3185 5619 3253 5672 sit
3285 5619 3485 5694 malum

1912 5694 1979 5757 ei,
2021 5686 2051 5747 Ξ
2083 5710 2192 5763 quo
2221 5686 2432 5748 scilicet
2463 5692 2791 5748 cavendum.
2830 5691 2966 5763 Boni
3008 5686 3362 5763 interpretes,
3392 5686 3486 5755 qui

1911 5764 2069 5819 nobis
2091 5761 2198 5818 una
2228 5764 2345 5817 veri
2377 5764 2469 5818 Dei
2509 5763 2663 5832 verbi
2703 5762 2890 5832 regula
2922 5761 3063 5832 sint!

1983 5832 2047 5907 (Γ)
2085 5834 2144 5892 Ἠ
2173 5833 2559 5905 καταστροφὴ
2592 5831 2709 5889 τῶν
2735 5828 3113 5902 πάρανόμων.
3148 5828 3381 5886 Videtur
3417 5838 3480 5884 cx
