3964 6276
158 354 246 424 957
1462 350 1631 411 LOCI
1670 350 1992 414 COMMUN
1998 354 2106 414 ES.

3308 354 3415 418 958

218 466 599 533 Μοσχίωνος.
628 493 695 504 -
720 463 887 535 ἰιὶροῦ
933 463 1109 518 πάντα
1151 462 1218 517 τὰ
1247 462 1416 533 θνητά
1443 462 1537 515 καὶ
1569 462 1733 531 γήϊνα

1906 461 2241 515 Hace/tionis.
2282 493 2352 501 ——
2402 461 2630 517 Cunctis
2682 464 3010 518 mortalibus
3064 480 3129 519 ac
3181 463 3423 518 terrenis

156 557 443 622 ἀπολέσας,
482 556 587 610 ἕνα
637 556 907 610 ἀθάνατον
959 557 1055 610 καὶ
1108 556 1358 627 οὐράνιον
1403 554 1731 626 κτήσασθαι,

214 737 536 805 Δημοκρίτ.
568 764 633 777 —-
673 734 1019 807 Ἀνθρώπους
1054 733 1315 805 ἁρμόδιον
1369 732 1550 803 ψυχῆς
1594 732 1733 803 μᾶλ-

155 829 234 881 λον
285 826 317 897 ἢ
380 825 645 896 σώματος
666 826 825 894 λόγον
859 825 1158 880 ποιεῖσθαι.
1190 824 1351 895 Ψυχὴ
1383 824 1485 895 μὲν
1512 823 1623 894 γάρ
1650 841 1737 877 τε-

155 920 394 988 λειοτάτη
429 919 664 990 σκήνεος
696 916 998 988 μοχθηρίην
1025 916 1196 987 ὀρθοῖ·
1234 916 1463 986 σκήνεος
1488 914 1547 967 δὲ
1583 915 1737 985 ἰσχὺς

158 1017 271 1069 ἄνευ
299 1009 574 1082 λογισμοῦ
607 1009 783 1080 ψυχὴν
821 1008 974 1061 οὐδέν
1003 1025 1054 1060 τι
1085 1007 1293 1078 ἀμείνω
1323 1007 1557 1078 τίθησιν.

218 1188 598 1259 Κλητάρχου.
628 1219 698 1229 -
718 1188 830 1259 Τῆς
858 1178 1039 1258 ψυχῆς
1065 1186 1141 1249 ὠς
1167 1187 1435 1258 ἡγεμόνος
1453 1185 1736 1257 ὲπιμελοῦο

158 1284 239 1338 τοῦ
267 1283 322 1336 δὲ
351 1281 615 1350 σώματος
639 1280 716 1338 ὡς
749 1278 1082 1350 στρατιώτου
1109 1279 1349 1350 προνόει,

222 1371 575 1427 Φιλιστίων.
595 1368 843 1440 -Ψυχὴ
866 1368 1030 1439 σοφοῦ
1066 1367 1367 1440 ἁρμόζεται
1405 1367 1542 1438 πρὸς
1585 1366 1735 1421 Θεόν.

162 1464 339 1533 Ψυχὴν
365 1461 610 1523 Θάνατος
634 1459 735 1512 οὐκ
762 1458 1078 1525 ἀπόλλυσιν,
1114 1458 1250 1513 άλλά
1272 1457 1441 1521 κακὸς
1463 1457 1597 1528 βίος.

224 1556 563 1611 Ζαλεύκου.
580 1580 649 1594 -
669 1553 945 1606 Ἕκαστον
977 1546 1071 1606 οὖν
1093 1550 1238 1621 ἔχειν
1261 1552 1356 1605 καλ⁵
1384 1549 1740 1619 παρασκευά-

166 1648 264 1713 ζειν
304 1646 385 1700 δεῖ
406 1645 512 1718 τὴν
551 1643 747 1698 ἑαυτοῦ
778 1642 957 1714 ψυχὴν
991 1642 1211 1696 πάντων
1238 1640 1485 1712 καθαράν
1510 1640 1618 1694 τῶν
1643 1658 1742 1695 κα-

166 1740 283 1795 κῶν.
322 1739 416 1801 Ὣς
440 1738 558 1809 γάρ
588 1737 649 1791 ού
670 1738 896 1808 τιμᾶται
921 1735 1052 1800 Θεὸς
1076 1734 1169 1788 ὑπ’
1190 1734 1483 1805 ἀνθρώπου
1509 1732 1739 1804 φαύλου.

166 1832 272 1884 οὐδὲ
321 1829 701 1901 θεραπεύεται
750 1828 1036 1894 δαπάναις,
1087 1827 1207 1882 οὐδὲ
1259 1825 1588 1898 τραγῳδίαις
1635 1824 1745 1880 τῶν

168 1924 530 1995 ἁλισκομένων
572 1922 672 1994 (Ιι),
702 1922 818 1976 ἀλλ’
866 1923 1048 1994 ἁγαθῇ
1077 1920 1399 1994 προαιρέσει
1426 1918 1537 1973 τῶν
1563 1917 1747 1973 καλῶν

168 2017 325 2087 ἔργων
355 2014 450 2069 καὶ
478 2015 727 2069 δικαίων.

240 2111 623 2180 Ἐπικτήτου.
654 2143 721 2152 —
756 2110 948 2182 Ψυχὴν
1008 2108 1264 2181 σώματος
1318 2106 1747 2179 ἀναγκαιότερον

175 2203 337 2258 ἰᾶσθαι
365 2220 379 2234 ο
416 2202 514 2258 τοῦ
547 2202 662 2276 γάρ
698 2203 883 2269 κακῶς
916 2204 1015 2276 ζῇν
1052 2203 1115 2258 τὸ
1160 2202 1417 2258 τεθνάναι
1467 2201 1742 2272 κρεῖσσον.

721 2411 939 2465 ΛΟΓΟΣ
973 2407 1075 2463 NA’
1111 2409 1175 2465 ³⁸.

727 2526 867 2596 Περὶ
920 2528 1171 2599 φθόνου.

234 2638 407 2691 Maca.
451 2640 528 2691 κ’.
561 2663 636 2675 -
671 2630 955 2696 Ἐλθόντες
996 2630 1055 2683 δὲ
1085 2632 1181 2685 καὶ
1215 2630 1265 2684 oi
1297 2630 1527 2703 πρῶτοι,
1563 2630 1744 2700 ἐνόμι-

180 2743 263 2780 σαν
298 2727 378 2781 δτι
414 2725 649 2779 πλείονα
708 2724 997 2796 λήψονται,
1055 2725 1151 2778 καὶ
1209 2722 1400 2778 ἔλαϐον
1452 2723 1548 2777 καὶ⁵
1589 2722 1744 2775 αὐτοὶ

178 2820 268 2872 ἀνὰ
295 2818 580 2890 δηνάριον.
603 2816 878 2881 Λαϐόντες
901 2817 959 2871 δὲ
987 2816 1311 2887 ἐγόγγυζον,
1344 2833 1401 2870 κ.
1431 2833 1484 2869 τ.
1551 2815 1599 2869 ἑ.

250 2992 385 3046 Ἰακ.
431 2998 505 3064 γ’.
543 3023 619 3034 -
642 2992 817 3047 Ὅπου
852 2990 1018 3062 ζῆλος
1052 2992 1147 3047 καὶ
1177 2993 1412 3066 ὲριθεία,
1453 2992 1573 3047 ἐκεῖ
1598 2992 1743 3046 ἀκα-

182 3086 420 3140 ταστασία
458 3087 562 3141 καὶ
587 3088 696 3141 πᾶν
720 3085 925 3157 φαῦλον
952 3087 1206 3158 πρᾶγμα.

240 3181 472 3248 Παροιμ.
514 3185 630 3249 κγ.
668 3209 738 3219 -
785 3179 878 3251 Μὴ
917 3179 1224 3233 συνδείπνει
1274 3178 1432 3249 ἀνδρὶ
1462 3177 1741 3251 βασκάνῳ,

187 3269 303 3340 μηδὲ
327 3271 680 3343 ἐπιθυμήσῃς
716 3271 826 3327 τῶν
855 3271 1173 3342 ἐδεσμάτων
1196 3270 1386 3327 αὐτοῦ.

241 3361 426 3426 Φθόνος
463 3366 573 3419 οὐκ
610 3360 719 3417 οἵδε
752 3365 1028 3435 προτιμᾷν
1063 3363 1125 3417 τὺ
1158 3362 1460 3435 συμφέρον.

244 3455 413 3525 Σιρὰχ
465 3454 585 3518 λζ’.
640 3487 710 3501 —-
764 3456 856 3529 Μὴ
906 3455 1278 3527 συμδουλεύου
1333 3455 1473 3528 μετὰ
1511 3456 1746 3511 ὑποϐλε-

187 3546 401 3615 πομένου
432 3565 531 3602 σου
556 3565 573 3582 ο
595 3547 704 3603 άπὸ
728 3549 838 3602 τῶν
866 3549 1172 3620 ζηλούντων
1201 3565 1261 3603 σε
1309 3548 1519 3621 κρύψον
1549 3548 1747 3621 βουλήν

189 3653 290 3693 σου.

247 3730 448 3785 Βασιλ.
488 3762 567 3772 -
603 3731 716 3804 Οὐχ
754 3733 889 3817 ὁρᾷς
924 3732 1114 3803 ἡλίκον
1162 3733 1312 3787 ἐστὶν
1340 3735 1376 3806 ἡ
1421 3733 1744 3806 ύπόκρισις;

190 3818 283 3873 Καὶ
310 3821 440 3895 αὕτη
472 3823 693 3896 καρπός
734 3826 852 3878 ἐστι
896 3824 991 3879 τοῦ
1026 3824 1246 3894 φθόνου.
1283 3825 1358 3879 Τὸ
1387 3825 1498 3897 γὰρ
1523 3823 1747 3879 διπλοῦν

190 3907 270 3962 τοῦ
296 3912 472 3982 ⁴ίλθους,
526 3916 595 3968 ἐκ
647 3913 845 3983 φθόνου
881 3914 1120 3986 μάλιστα
1172 3917 1287 3979 τοῖς
1313 3914 1627 3988 ἀνθρώποις
1656 3915 1747 3985 γί-

192 4016 342 4057 νεται.

252 4093 311 4146 Τί
340 4095 644 4163 στενάζεις,
670 4095 933 4168 φθονερές
964 4096 1029 4150 τὸ
1057 4096 1189 4152 ἴδιον
1222 4095 1416 4163 κακὸν,
1447 4096 1481 4169 ἢ
1504 4097 1565 4150 τὸ
1593 4096 1750 4151 ἀλλό-

194 4198 323 4253 τριον
351 4187 558 4256 ἀγαθόν
577 4205 591 4254 ;

254 4279 437 4334 Φθόνου
470 4281 585 4353 γὰρ
613 4281 785 4344 πάθος
816 4281 971 4335 οὐδὲν
993 4280 1385 4354 ὸλεθριώτερον
1422 4280 1621 4353 ψυχαῖς
1648 4281 1743 4336 ἀν-

197 4367 404 4439 θρώπων
434 4374 731 4445 ἐμφύεται.

1834 552 2073 619 amissis,
2098 569 2271 608 unum
2299 553 2667 607 inmortalem
2696 570 2759 608 ac
2783 555 3066 610 caelestem
3092 570 3422 625 comparare

1835 654 2049 715 optato.

1906 734 2210 788 Democriti.
2230 764 2298 774 -—
2321 735 2491 791 Decet
2518 735 2801 791 hominem
2828 735 3000 790 animi
3028 735 3236 806 potius,
3256 751 3421 805 quam

1836 824 2087 893 corporis
2123 839 2316 878 curam
2356 840 2572 895 gerere.
2607 825 2742 880 Nam
2782 824 2878 895 qui
2926 839 3197 879 summam
3236 824 3422 893 perfe-

1837 916 2037 971 ctionis
2065 932 2248 972 arcem
2283 917 2544 987 arripuit,
2575 916 2815 981 animus,
2847 915 3194 971 tabernaculi
3224 914 3423 969 vitium

1838 1008 2095 1079 corrigit;
2142 1009 2489 1064 tabernaculi
2531 1023 2667 1062 vero
2712 1008 2907 1074 robur,
2954 1007 3000 1063 si
3048 1006 3195 1062 desit
3245 1006 3420 1070 ratio,

1837 1099 2084 1154 animum
2116 1099 2254 1154 nihil
2285 1099 2568 1154 meliorem
2601 1100 2806 1154 reddit.

1910 1192 2181 1249 Clitarchi.
2201 1223 2271 1231 —
2292 1191 2477 1246 Animi
2509 1201 2769 1262 tanquam
2801 1190 2961 1246 ducis
2985 1205 3050 1244 ac
3074 1187 3425 1259 imperatoris

1839 1300 2029 1340 curam
2052 1284 2226 1349 habe;
2260 1285 2483 1354 corpori
2512 1292 2697 1339 autem
2728 1291 2789 1337 ut
2812 1283 2976 1337 militi
3004 1280 3315 1352 provideto.

1911 1377 2262 1431 Philistionis.
2286 1408 2357 1416 —
2378 1376 2578 1431 Anima
2604 1375 2875 1446 sapientis
2903 1376 3017 1429 Deo
3042 1372 3425 1444 coniungitur.

1841 1468 2089 1523 Animam
2124 1485 2233 1522 non
2263 1483 2431 1532 mors,
2461 1468 2559 1523 sed
2591 1469 2730 1521 mala
2759 1468 2873 1521 vita
2906 1465 3113 1535 perdit.

1911 1557 2145 1612 Zaleuci.
2173 1588 2243 1598 ——
2271 1556 2518 1627 Quisque
2548 1556 2717 1627 igitur
2746 1554 2990 1608 animam
3019 1566 3175 1607 suam
3204 1550 3424 1609 habeat.

1843 1668 1908 1707 ac
1954 1659 2181 1722 przestet
2231 1650 2300 1703 ab
2349 1648 2610 1704 omnibus
2657 1645 2820 1700 malis
2869 1660 3095 1715 puram;
3122 1643 3235 1697 Nec
3280 1641 3428 1695 enim

1845 1747 1992 1801 Deus
2024 1744 2094 1800 ab
2126 1744 2351 1798 homine
2388 1743 2538 1797 malo
2576 1741 2800 1805 colitur,
2834 1750 2928 1793 aut
2960 1736 3276 1806 sumptibus
3307 1734 3425 1805 pla-

1847 1850 2028 1905 catur,
2063 1840 2149 1893 vel
2195 1839 2587 1893 damnatorum
2630 1838 2858 1908 planctu
2904 1851 2967 1889 ac
3014 1831 3295 1895 lamentis,
3331 1828 3427 1883 sed

1793 2008 1811 2029 .
1847 1932 2014 1998 bona,
2039 1932 2317 1986 bonorum
2342 1945 2407 1985 ac
2428 1931 2705 2002 justorum
2736 1942 2987 1998 operum,
3014 1926 3319 2003 voluntate.

1917 2115 2165 2185 Epicteti.
2193 2142 2264 2153 —-
2292 2111 2464 2183 Major
2492 2109 2689 2175 animi,
2715 2122 2880 2178 quam
2912 2102 3168 2174 corporis
3197 2097 3429 2155 sanandi

1846 2207 2152 2263 necessitas
2202 2215 2316 2261 est'
2371 2204 2516 2259 mori
2567 2203 2720 2258 enim
2769 2205 3021 2270 praestat,
3066 2210 3232 2282 quam
3286 2190 3430 2247 male

1846 2316 2057 2357 Vivere.

2434 2407 2667 2467 SERMO
2702 2406 2837 2462 LIV.

2474 2522 2550 2576 De
2584 2519 2805 2575 invidia.

1916 2635 2107 2690 Matth.
2128 2650 2217 2698 xx,
2238 2632 2415 2687 l0.—-
2441 2629 2743 2683 Venientes
2773 2632 2957 2679 autem
2987 2630 3040 2679 et
3072 2618 3262 2692 primi,
3289 2616 3434 2672 arbi-

1848 2726 1976 2782 trati
2010 2735 2142 2782 sunt
2171 2722 2317 2795 quod
2354 2722 2479 2792 plus
2511 2728 2696 2776 essent
2727 2715 3012 2788 accepturi
3048 2734 3061 2769 :
3097 2719 3434 2782 acceperunt

1844 2828 2031 2875 autem
2061 2829 2120 2873 et
2148 2816 2252 2887 ipsi
2281 2814 2529 2885 singulos
2555 2811 2716 2884 657
2747 2809 3031 2865 denarios.
3058 2808 3129 2861 Et
3158 2803 3436 2874 accipien-

1847 2918 1931 2965 tes
1960 2907 2403 2971 murmurabant,
2431 2912 2541 2960 etc.

1913 3003 2033 3058 Jac.
2070 3018 2149 3066 ιιι,
2190 3001 2275 3055 16.
2310 3031 2382 3039 —
2424 2996 2529 3053 Ubi
2579 2992 2864 3050 aemulatio
2910 2999 2968 3046 et
3011 2986 3321 3050 contentio,
3358 2984 3433 3039 ibi

1846 3094 2218 3167 inconstantia
2252 3102 2309 3148 et
2341 3107 2507 3146 omne
2541 3104 2686 3159 opus
2722 3086 2953 3141 malum.

1918 3189 2077 3243 Prov.
2106 3202 2258 3250 nm,
2286 3186 2340 3239 6.
2367 3214 2439 3224 —-
2464 3183 2541 3237 Ne
2569 3194 2760 3236 cantes
2782 3192 2909 3231 cum
2940 3174 3063 3229 viro
3094 3171 3304 3237 invido,
3330 3183 3435 3225 nec

1847 3282 1999 3338 illius
2031 3294 2189 3335 escas
2219 3284 2469 3347 appetas.

1914 3373 2105 3431 Nescit
2138 3370 2375 3434 invidia,
2404 3369 2553 3440 quod
2592 3368 2729 3423 utile
2766 3374 2857 3421 est
2887 3362 3119 3432 eligere.

1916 3466 2084 3522 Eccli.
2118 3479 2320 3527 xxxv“,
2345 3464 2398 3517 7.
2434 3492 2505 3503 —
2548 3459 2671 3517 Noli
2716 3454 3004 3514 consiliari
3045 3466 3170 3506 cum
3213 3463 3301 3512 eo,
3338 3446 3432 3516 qui

1846 3564 1902 3610 te
1945 3561 2265 3623 suspectum
2308 3549 2479 3604 habet
2525 3565 2538 3602 :
2583 3546 2938 3602 aemulatores
2981 3544 3101 3597 cela
3138 3536 3434 3595 consilium

1848 3659 2131 3795 magna.
2162 3768 2233 3777 —
2258 3735 2425 3792 Vides
2457 3746 2622 3804 quate
2658 3732 2865 3786 malum
2899 3729 2973 3785 sit
3000 3724 3341 3800 hypocrisis?
3368 3724 3438 3778 Et

1846 3834 1965 3890 haec
2014 3831 2239 3887 invidiae
2288 3829 2473 3900 proles
2520 3836 2624 3883 est.
2663 3824 2822 3892 Quod
2864 3824 3015 3879 enim
3061 3820 3186 3893 quis
3226 3818 3434 3889 duplici

1847 3926 2036 3983 animo
2071 3923 2166 3990 sit,
2197 3921 2437 3977 maxime
2472 3935 2541 3976 ex
2575 3917 2785 3974 invidia
2821 3915 3011 3971 habet.

1916 4106 2080 4176 Quid,
2114 4104 2323 4170 invide,
2352 4102 2563 4175 gemis?
2595 4109 2825 4156 tuumne
2856 4098 3083 4162 malum,
3108 4112 3178 4151 an
3205 4091 3438 4150 alterius

1847 4202 2057 4258 bonum
2071 4200 2095 4253 ?

1916 4293 2139 4348 Nullum
2198 4287 2409 4344 invidia
2461 4285 2837 4356 perniciosius
2887 4281 3178 4338 hominum
3234 4276 3436 4333 animis

1849 4384 2107 4442 inolescit
2139 4382 2364 4438 vitium.

253 4464 452 4539 ’Ὠσπερ
475 4470 586 4540 γὰρ
622 4469 699 4532 ίδς
744 4469 835 4523 τὸν
864 4469 1107 4540 σίδηρον,
1160 4468 1333 4532 οὕτως
1361 4470 1389 4523 ό
1428 4467 1623 4539 φθόνος
1647 4466 1743 4539 τὴν

1918 4478 1991 4534 Ut
2033 4490 2219 4546 aerugo
2261 4474 2503 4534 ferrum,
2544 4471 2628 4525 sic
2676 4468 2919 4533 invidia,
2966 4483 3032 4522 ea
3088 4465 3433 4520 laborantem

199 4551 403 4623 ἔχουσαν
425 4561 591 4614 αὐτὸν
619 4561 793 4632 ψυχὴν
815 4562 1178 4631 ὲξαναλίσκει.

257 4647 315 4699 Oi
344 4649 499 4715 κύνες
528 4653 854 4723 τρεφόμενοι
901 4653 1256 4723 ἡμεροῦνται,
1300 4653 1394 4706 καὶ
1442 4653 1491 4707 οἱ
1536 4653 1751 4718 λέοντες

202 4741 483 4812 χειροήθεις
509 4745 943 4816 θεραπευόμενοι
981 4747 1224 4814 γίνονται
1248 4766 1261 4779 ’
1290 4752 1340 4803 οί
1387 4749 1444 4803 δὲ
1485 4751 1749 4821 βάσκανοι

202 4835 304 4897 ταῖς
338 4836 657 4909 θεραπείαις
688 4841 852 4895 πλέον
900 4842 1361 4914 ὲξαγριαίνονται.

267 4926 413 4992 Ἐθος
431 4934 498 5003 τῇ
529 4932 718 5004 Γραφῇ
753 4933 1021 5005 πολλαχοῦ
1051 4936 1191 5006 μετὰ
1217 4936 1311 4990 τοῦ
1341 4936 1504 5007 φόνου
1531 4940 1751 4993 τάσσειν

205 5012 282 5065 τὸν
312 5018 512 5086 φθόνον.

236 5105 451 5205 ..Ὠσπερ
483 5116 782 5205 ῄγὲρυσίόη
815 5116 946 5170 ίδιόν
985 5119 1101 5171 ἐστι
1163 5118 1257 5171 τοῦ
1307 5120 1710 5193 σίτουᾼνόσημα
1732 5136 1745 5149 ’

211 5202 359 5260 ουτως
384 5202 411 5253 ό
443 5204 633 5271 φθόνος
659 5204 842 5273 φιλίας
886 5206 1035 5258 ἐστὶν
1066 5204 1429 5277 ἀρρώστημα.
1504 5222 1527 5229 θ

273 5285 329 5337 Οἱ
358 5295 629 5359 μισόκαλοι
682 5297 958 5367 δαίμονες,
1015 5298 1238 5352 ἐπειδάν
1286 5299 1492 5363 οἰκείας
1537 5300 1749 5365 ἑαυτοῖς

216 5369 391 5444 εὕρωσι
420 5388 788 5458 προαιρέσεις,
813 5390 1081 5455 παντοίως
1114 5392 1306 5456 αὑταῖς
1337 5392 1748 5463 άποκέχρηνται

280 5513 318 5549 ¹⁸
345 5518 401 5575 ιιι
421 5523 581 5583 Gesn.
623 5527 779 5585 Stob.
828 5530 947 5585 140.

1852 4568 2135 4625 consumit
2164 4567 2433 4621 animum.

1923 4662 2100 4718 Canes
2150 4661 2528 4717 nutricatione
2578 4659 2928 4717 cicurantur,
2972 4652 3164 4707 leones
3214 4663 3436 4717 quoque

1854 4756 2007 4813 cultu
2037 4763 2457 4821 mansuescunt;
2496 4752 2671 4809 invidi
2700 4764 2834 4805 vero
2863 4746 2931 4802 ad
2962 4741 3229 4810 obsequia
3265 4738 3438 4807 magis

1856 4847 2181 4903 eﬂ‘erantur.

1928 4937 2214 5008 Scriptura
2250 4938 2438 4993 multis
2476 4937 2635 5002 locis,
2665 4934 2871 4991 caedem
2914 4944 2980 4984 ac
3016 4923 3281 4981 invidiam
3327 4936 3436 4976 una

1851 5032 2086 5103 jungere
2120 5030 2431 5086 consuevit.

1926 5120 2400 5188 Quemadmodum
2445 5122 2641 5191 rubigo
2684 5115 2974 5189 proprium
3022 5110 3191 5169 tritici
3240 5108 3433 5163 vitium

1856 5223 1971 5278 est,
1998 5214 2079 5270 sic
2113 5215 2321 5269 invidia
2355 5214 2615 5269 amicitiae
2648 5214 2801 5267 labes
2834 5208 3075 5266 exsistit.

1930 5304 2155 5361 Honesti
2180 5306 2310 5361 odio
2342 5306 2717 5377 implacabiles
2742 5304 3043 5368 daemones,
3074 5298 3164 5354 ubi
3196 5293 3439 5352 necessi-

1859 5398 2051 5453 tudine
2094 5399 2421 5469 conjunctas
2462 5413 2525 5452 ac
2564 5397 2672 5453 sibi
2719 5410 2996 5467 congruas
3032 5390 3181 5447 nacti
3228 5384 3439 5442 fuerint

1671 5602 1907 5660 NOTAE.

285 5722 350 5806 if!)
377 5733 516 5809 Οὐδὲ
548 5737 899 5809 τραγῳδίαις
915 5737 1349 5809 ἁλισκομένων.
1374 5808 1377 5809 ν
1403 5739 1556 5808 Supl.
1596 5736 1754 5808 θερα-

225 5802 553 5861 πιῡεται·Λόιι
574 5802 845 5876 delinitur,
866 5802 1112 5880 placatur
1132 5802 1339 5864 reorum
1364 5802 1761 5883 lamentisﬂiris

1861 5739 2145 5810 cjulatibus
2167 5744 2563 5797 damnatorum.
2614 5742 2928 5801 MaleGesn.
2960 5754 3125 5809 neque
3163 5738 3431 5807 traga'dit't

1857 5814 2099 5884 capitur;
2137 5829 2199 5869 ac
2227 5813 2271 5870 si
2314 5814 2616 5871 ἁλίσκεται.
