3964 6276
504 345 609 412 959

1661 344 1702 404 S
1765 344 2052 404 MAXIMI
2097 343 2605 407 CONFESSORIS

3645 354 3740 417 960

504 459 838 522 voluntates,
861 457 1045 513 modis
1075 457 1335 511 omnibus
1367 457 1435 512 ad
1467 472 1622 511 suam
1655 457 1941 512 libidinem
1975 456 2081 510 illis

2192 458 2324 530 πρὸς
2345 458 2405 512 τὸ
2431 459 2561 513 [διον
2587 459 2858 532 βούλημα,
2885 463 3029 517 ὥστε
3058 464 3152 518 καὶ
3175 468 3287 529 τοῖς
3315 465 3620 537 ὀφθαλμοῖς
3643 467 3740 519 τῶν

504 549 833 612 abutuntur,
861 556 922 600 ut
950 555 1007 601 et
1035 547 1348 601 invidorum
1381 547 1561 603 oculis
1586 547 1862 617 explendo
1888 548 2083 601 volun-

505 639 636 693 tatis
669 652 781 692 suae
812 638 1076 708 obsequio
1111 646 1356 693 utantur.

576 731 1052 799 Quemadmodum
1078 732 1226 786 bono
1249 747 1436 786 comes
1457 742 1543 786 est
1567 731 1847 787 allluentia
1872 741 1924 786 et
1947 731 2084 787 libe-

504 822 697 876 ralitas
719 837 916 876 carens
941 821 1168 886 invidia,
1195 823 1274 877 sic
1297 822 1517 876 diabolo
1541 838 1727 878 comes
1753 822 1897 876 livor
1919 831 2005 878 est
2027 831 2085 878 et

506 912 833 968 invidentia.

577 1005 666 1062 Uti
709 1007 960 1061 vultures
1001 1005 1068 1060 ad
1108 1005 1459 1060 maleolentia
1497 1021 1726 1076 corpora
1764 1007 2079 1072 convolant,

507 1095 796 1164 multaque
842 1102 998 1164 prata
1044 1094 1262 1162 aliaque
1312 1093 1436 1148 loca
1482 1109 1693 1148 amcena
1742 1107 1808 1146 ac
1854 1091 2083 1147 floribus

506 1185 762 1250 odorata,
806 1200 998 1240 eorum
1051 1185 1354 1254 cupiditate
1397 1184 1767 1249 transvolant;
1813 1192 1978 1254 atque
2021 1193 2083 1239 ut

509 1291 732 1339 muscae,
754 1275 973 1330 omissis
993 1275 1307 1330 sanioribus
1330 1274 1618 1336 membris,
1640 1273 1706 1328 ad
1725 1273 1908 1327 ulcera
1931 1272 2083 1327 festi-

506 1377 670 1434 nant;
713 1368 793 1422 sic
834 1367 1029 1431 invidi,
1063 1369 1214 1423 clara
1251 1368 1380 1423 vita:
1422 1366 1642 1427 decora.
1676 1381 1982 1436 magnaque
2017 1380 2084 1420 ac

507 1459 670 1513 laude
697 1458 860 1528 digna
889 1457 1152 1522 facinora,
1179 1473 1248 1512 ne
1265 1457 1544 1526 aspiciunt
1567 1455 1793 1525 quidem
1828 1472 1841 1508 :
1877 1455 1920 1509 si
1945 1454 2080 1524 quid

505 1566 642 1605 vero
664 1549 787 1604 vitii
817 1549 1008 1616 haeret,
1035 1565 1099 1605 ac
1122 1559 1284 1621 putre
1308 1550 1588 1614 videatur,
1617 1548 1888 1619 ingruunt
1915 1557 2081 1618 atque

507 1641 772 1698 insident.

577 1730 838 1802 Theologi.
859 1763 930 1772 —
951 1730 1094 1787 Cave
1121 1731 1200 1786 illi
1227 1731 1498 1796 invideas,
1522 1730 1613 1786 cui
1642 1745 1904 1800 prospere
1933 1729 2080 1784 cedit

2183 549 2474 620 βασκάνων
2504 553 2584 616 εἰς
2620 553 2930 626 ὑπηρεσίαν
2959 555 3269 627 χρήσασθαι
3297 557 3390 610 τοῦ
3423 556 3559 610 ἰδίου
3599 556 3742 629 θελη-

2227 658 2372 700 ατος.

2227 659 2372 700 ατος.

2184 659 2222 711 μ
2255 734 2466 804 Ὠσπερ
2497 734 2692 788 ἕπεται
2722 734 2800 805 τῷ
2852 735 3043 806 ἁγαθῷ
3091 739 3126 807 ἡ
3175 737 3409 806 ἀφθονία
3468 737 3555 808 (ἱ),
3587 736 3744 800 οὕτως

2182 824 2468 878 ἀκολουθεῖ
2496 825 2575 896 τῷ
2601 825 2836 898 διαόόλῳ
2867 829 2900 898 ἡ
2930 827 3218 898 βασκανία.

2253 1001 2467 1074 Ὥσπερ
2516 1001 2574 1055 δὲ
2604 1002 2659 1054 αἱ
2703 1001 2879 1070 γῦπες
2913 1003 3051 1074 πρὸς
3098 1004 3166 1058 τὰ
3205 1003 3417 1075 δυσώδη
3478 1004 3746 1075 φέρονται,

2182 1092 2411 1156 πολλοὺς
2436 1093 2537 1163 μὲν
2566 1093 2862 1163 λειμῶνας,
2895 1094 3126 1158 πολλοὺς
3151 1095 3210 1147 δὲ
3233 1095 3379 1164 ἡδεῖς
3412 1095 3514 1148 καὶ
3545 1095 3751 1157 εὐώδεις

2179 1183 2381 1248 τόπους
2416 1185 2852 1256 ὑπεριπτάμενοι
2875 1203 2888 1216 ο
2938 1187 3034 1240 καὶ
3067 1187 3124 1239 al
3160 1189 3336 1256 μυῖαι,
3366 1187 3431 1240 τὸ
3457 1188 3562 1257 μὲν
3585 1188 3748 1254 ὑγιαῖ-

2181 1292 2270 1328 νον
2303 1276 2728 1347 παρα-τρέχουσι,
2761 1277 2899 1348 πρὸς
2933 1277 2992 1330 δὲ
3016 1278 3076 1330 τὸ
3107 1278 3265 1340 ἕλκος
3289 1279 3611 1346 ἐπείγονται
3630 1296 3643 1307 ·
3672 1279 3751 1331 οὖ-

2181 1385 2290 1430 τως
2328 1369 2379 1422 οἱ
2428 1368 2712 1439 βάσκανοι,
2749 1370 2850 1434 τὰς
2887 1370 2986 1441 μὲν
3039 1370 3135 1424 τοῦ
3186 1369 3302 1440 βίου
3356 1371 3749 1440 λαμπρότητας

2181 1462 2276 1514 καὶ
2302 1461 2372 1515 τὰ
2404 1462 2612 1532 μεγέθη
2656 1463 2764 1516 τῶν
2813 1462 3266 1533 κατορθουμένων
3318 1464 3445 1518 οὐδὲ
3496 1463 3752 1535 προσόλέο

2183 1571 2366 1618 πουσι,
2392 1556 2508 1618 τοῖς
2533 1554 2589 1608 δὲ
2627 1555 2849 1627 σαθροῖς
2877 1555 3232 1612 ἐπιτίθενται.

2258 1734 2429 1786 Θεολ.
2455 1761 2529 1773 —
2555 1733 2647 1804 Μὴ
2674 1734 2964 1806 φθονήσεις
2997 1736 3076 1804 τῷ
3103 1735 3464 1808 κατορθοῦντι
3521 1736 3599 1798 ὡς
3634 1735 3754 1802 φθο-

507 1836 574 1876 ac
617 1821 713 1891 qui
763 1829 914 1878 recte
963 1823 1103 1893 agit,
1147 1831 1406 1892 tanquam
1458 1822 1549 1877 ille
1595 1821 1749 1892 prior
1791 1819 2080 1884 inviderit,

2192 1823 2392 1895 νηθεὶς,
2424 1826 2518 1879 καὶ
2546 1825 2863 1894 φθονεῖσθαι
2890 1828 3156 1894 πεισθεὶς,
3184 1830 3280 1884 καὶ
3302 1829 3390 1884 διὰ
3419 1829 3591 1882 τοῦτο
3633 1845 3750 1882 κατ-

510 1923 675 1983 teque
713 1914 767 1970 ei
808 1913 1145 1970 invidiosum
1189 1923 1365 1982 ratus,
1397 1929 1462 1970 ac
1505 1913 1600 1984 qui
1640 1929 1706 1969 ea
1744 1913 1961 1968 ratione
2002 1911 2080 1966 illi

508 2005 752 2062 oll'ensus
783 2007 880 2062 sis.

580 2099 774 2155 Pereat
803 2100 1014 2156 utinam
1049 2116 1116 2156 ex
1146 2100 1470 2156 hominibus
1505 2099 1710 2154 invidia
1747 2113 1942 2152 eorum
1982 2097 2078 2166 qui

507 2207 574 2248 ea
610 2193 891 2250 laborant!
934 2194 1055 2265 ipsa
1095 2195 1374 2265 pernicies
1410 2210 1605 2250 eorum
1639 2193 1736 2264 qui
1761 2193 2077 2272 patiuntur,

507 2299 694 2355 aerugo
731 2300 796 2340 ac
825 2285 1010 2352 virus;
1053 2285 1200 2341 inter
1230 2287 1364 2340 vitia
1401 2285 1778 2356 :equissimum
1816 2284 1981 2340 simul
2020 2301 2084 2340 ac

509 2374 948 2446 iniquissimum;
987 2378 1223 2432 alterum
1257 2377 1507 2448 quidem,
1536 2377 1686 2449 quod
1715 2377 1877 2432 bonis
1905 2376 2084 2430 omni-

508 2461 615 2520 bus
643 2466 930 2530 obtundit;
959 2467 1192 2523 altcrum
1220 2483 1375 2535 vero,
1401 2469 1549 2539 quod
1582 2469 1704 2524 illos
1727 2467 1879 2538 ipsos
1907 2466 2079 2532 laedit,

507 2556 602 2626 qui
632 2573 754 2611 eam
785 2558 1016 2614 habent.

575 2644 743 2716 658
779 2645 963 2720 Chrys.
993 2679 1065 2690 —
1100 2648 1145 2705 Ο
1189 2648 1398 2704 invidia
1439 2648 1632 2704 mortis
1677 2647 1852 2712 radix,
1891 2647 2082 2703 multi-

506 2735 632 2806 plex
660 2737 950 2809 aegritudo,
983 2741 1169 2796 cordis
1203 2741 1518 2797 acutissime
1554 2743 1731 2798 clavel
1765 2742 1901 2809 Quis
1932 2743 2080 2797 enim

505 2829 646 2884 adeo
678 2840 873 2887 acutus
907 2833 1118 2898 clavus,
1147 2834 1242 2905 qui
1277 2833 1360 2889 sic
1391 2844 1620 2906 pungat,
1649 2850 1714 2890 ac
1744 2835 1952 2890 invidia
1985 2849 2082 2889 cor

505 2938 570 2978 ea
605 2923 860 2980 laborans
890 2925 1134 2981 sauciat?

573 3013 790 3070 Invidet
834 3017 1058 3088 quidem
1103 3019 1350 3085 damon,
1394 3020 1490 3076 sed
1541 3017 1893 3084 hominibus;
1942 3019 2080 3074 nulli

502 3119 635 3160 vero
664 3105 975 3161 daemonum
1005 3125 1020 3162 :
1051 3117 1110 3163 tu
1139 3125 1272 3164 vero
1302 3125 1428 3164 cum
1457 3109 1534 3164 sis
1561 3109 1727 3164 homo
1761 3109 2080 3164 hominibus

504 3194 748 3264 invides;
780 3213 1140 3269 ecquamnam
1168 3202 1390 3257 veniam
1417 3201 1729 3256 obtinebis?

573 3288 728 3361 Greg.
758 3291 915 3363 Nyss.
944 3323 1015 3334 ——
1042 3293 1289 3360 Invidiae,
1316 3293 1682 3349 infortunium
1715 3303 1799 3349 est
1827 3311 1935 3349 non
1966 3311 2082 3350 ma-

502 3379 617 3436 lum
658 3386 974 3454 proprium,
1013 3385 1109 3440 sed
1150 3385 1356 3440 bonum
1403 3386 1647 3440 alienum
1693 3403 1707 3439 :
1749 3400 2081 3456 rursumque

503 3472 776 3541 felicitas,
837 3491 949 3531 non
1013 3478 1220 3534 bonum
1288 3479 1617 3550 proprium,
1675 3480 1779 3536 sed
1842 3481 2078 3551 proximi

504 3566 729 3619 malum.

572 3665 828 3732 Narrant,
859 3669 1129 3735 vultures,
1152 3673 1480 3728 cadaverum
1515 3691 1682 3730 vorax
1715 3675 1948 3742 animal,
1975 3693 2080 3732 un-

502 3767 708 3829 guento
757 3760 1010 3818 interire.
1047 3764 1123 3819 Ea
1173 3765 1320 3820 enim
1375 3776 1507 3822 sunt
1548 3768 1764 3834 indole,
1800 3778 1860 3824 ut
1906 3769 2083 3826 fetore

504 3850 740 3921 taboque
773 3852 1104 3910 cadaverum
1150 3866 1316 3928 atque
1359 3859 1513 3914 sanie
1551 3859 1864 3916 foveantur.
1897 3863 1990 3918 Sic
2025 3871 2084 3918 et

503 3942 598 4010 qui
621 3942 728 3998 hoc
749 3945 944 4000 morbo
971 3955 1252 4013 tenentur,
1277 3950 1582 4004 amicorum
1611 3952 1869 4006 secundis
1894 3953 2080 4019 rebus,

504 4035 654 4089 velut
690 4035 917 4090 admoto
961 4039 1200 4107 quodam
1249 4054 1553 4111 unguento,
1587 4043 1953 4098 emoriuntur.
1988 4045 2084 4100 Sin

503 4133 689 4181 autem
719 4127 937 4184 adversi
967 4130 1179 4200 aliquid
1208 4147 1367 4187 casus
1396 4133 1636 4203 malique
1669 4137 2082 4205 conspexerint,

505 4224 704 4286 praesto
731 4217 1008 4284 advolant,
1035 4235 1206 4290 osque
1240 4221 1520 4276 aduncum
1555 4223 1866 4295 inﬁgentes,
1892 4228 2083 4282 occul-

508 4317 617 4368 tam
648 4311 947 4365 extrahunt
973 4313 1346 4384 evulgantque
1371 4314 1678 4370 miseriam.

575 4399 834 4457 Philonis.
863 4433 936 4442 —
956 4403 1087 4470 Qua:
1117 4405 1349 4463 honesta
1383 4417 1533 4473 sunt,
1566 4424 1880 4479 quanquam
1905 4426 1974 4466 ex
2002 4409 2084 4465 in-

2181 1917 2442 1988 ενεχθείς.

2268 2095 2358 2159 Ὠς
2387 2095 2642 2154 ἀπόλοιτο
2697 2098 2757 2164 ἐξ
2808 2099 3113 2172 ἀνθρώπων
3157 2103 3188 2155 6
3232 2100 3448 2171 φθόνος,
3479 2103 3515 2172 ἡ
3547 2101 3746 2167 δαπάνη

2183 2186 2291 2242 τῶν
2321 2188 2576 2261 ἐχόντων,
2609 2193 2638 2245 6
2665 2191 2775 2245 τῶν
2823 2193 3141 2264 πασχόντων
3169 2193 3244 2257 ίός
3269 2209 3284 2224 ·
3341 2193 3403 2245 τὸ
3447 2193 3620 2266 μόνον
3651 2192 3746 2244 τῶν

2182 2281 2370 2335 παθῶν
2407 2281 2738 2338 ἀδικώτατόν
2769 2301 2828 2336 τε
2857 2284 2974 2355 ἅμα
3007 2285 3104 2339 καὶ
3125 2285 3470 2340 δικαιότατον
3490 2302 3507 2316 ο
3543 2286 3606 2338 τὸ
3637 2286 3744 2355 μὲν,

2180 2374 2263 2427 ὅτι
2286 2375 2422 2429 πᾶσι
2457 2374 2658 2447 διοχλεῖ
2685 2376 2872 2442 καλοῖς
2898 2417 2914 2442 ,
2942 2377 3004 2431 τὸ
3030 2378 3113 2443 δὲ,
3142 2379 3224 2432 ὅτι
3253 2377 3430 2432 ἀδικεῖ
3451 2378 3583 2444 τοὺς
3617 2378 3748 2448 ἔχον-

2180 2482 2301 2528 τας.

2258 2643 2561 2712 Χρυσοστ.
2597 2674 2663 2684 -
2687 2644 2750 2697 Ὢ
2783 2643 2949 2713 φθόνε
2979 2643 3106 2718 ῥίζα
3129 2645 3386 2710 θανάτου,
3412 2649 3445 2717 ἡ
3482 2646 3741 2700 πολύπλο-

2181 2751 2278 2798 κος
2319 2735 2493 2801 νόσος,
2533 2735 2760 2808 καρδίας
2811 2737 3044 2802 ὀξύτατε
3099 2734 3228 2812 ἦλει
3285 2740 3447 2803 Ποῖος
3485 2740 3599 2808 γὰρ
3625 2735 3741 2810 ἧλος

2180 2824 2439 2890 ὀξύτατος
2481 2824 2654 2889 οὕτως
2708 2828 2895 2899 κεντᾷ,
2934 2827 3012 2891 ὡς
3037 2829 3066 2882 6
3103 2827 3298 2898 φθόνος
3350 2829 3451 2901 τὴν
3517 2831 3736 2900 ἔχουσαν

2181 2918 2344 2972 αὐτὸν
2371 2918 2599 2985 καρδίαν
2625 2918 2917 2989 τιτρώσκει
2940 2936 2957 2984 ;

2265 3010 2322 3062 '0
2355 3009 2566 3080 δαίμων
2607 3009 2792 3078 φθονεῖ
2824 3010 2945 3081 μὲν,
2977 3010 3286 3083 ἀνθρώποις
3318 3011 3376 3066 δέ
3397 3029 3413 3043 ·
3444 3013 3659 3080 δαίμονι
3688 3012 3738 3064 δὲ

2185 3099 2382 3152 οὐδενί.
2413 3101 2484 3152 Σὺ
2510 3099 2565 3152 δὲ
2595 3099 2882 3171 ἄνθρωπος
2905 3099 3000 3168 ὢν,
3033 3100 3342 3173 ἀνθρώποις
3374 3102 3626 3172 φθονεῖς·
3657 3102 3740 3155 καὶ

2187 3193 2346 3255 ποίας
2377 3190 2539 3262 τεύξῃ
2578 3191 2872 3262 συγνὼμης
2895 3209 2910 3252 ;

2251 3286 2432 3350 Γρητ.
2476 3284 2630 3338 Νύσ.
2654 3314 2725 3322 -
2750 3283 2933 3355 Φθόνῳ
2967 3287 3010 3319 ¹⁹
3038 3284 3296 3358 ἀτύχημα
3329 3286 3430 3356 μέν
3492 3287 3643 3342 ἐστιν
3684 3287 3736 3340 ού

2179 3375 2240 3429 τὸ
2266 3376 2396 3429 ίδιον
2425 3376 2618 3440 κακὸν,
2671 3375 2808 3432 ἀλλὰ
2842 3377 2904 3431 τὸ
2936 3375 3218 3448 ἀλλότριον
3251 3378 3457 3448 ἀγαθόν
3481 3397 3496 3410 ·
3555 3380 3735 3450 κατόρ·

2181 3467 2343 3539 θωμα
2363 3468 2419 3523 δὲ
2445 3467 2627 3536 πάλιν,
2657 3470 2717 3523 ού
2742 3471 2803 3524 τὸ
2829 3472 3030 3524 οἰκεῖον
3056 3471 3244 3537 καλὸν,
3277 3472 3416 3527 ἀλλὰ
3438 3471 3500 3526 τὸ
3531 3471 3624 3526 τοῦ
3653 3471 3737 3524 πέε-

2180 3561 2278 3625 λας
2310 3561 2496 3616 κακόν.

2251 3662 2573 3734 Φθείρεσθαι
2601 3663 2727 3726 τοὺς
2752 3661 3116 3734 νεκροόόρους
3150 3662 3335 3732 γῦπας
3361 3663 3442 3736 τῷ
3484 3665 3640 3736 μύρῳ
3663 3666 3738 3718 λὲ-

2180 3772 2358 3824 γουσι.
2390 3754 2532 3826 Πρὸς
2564 3754 2670 3825 γὰρ
2704 3754 2764 3806 τὸ
2800 3754 3033 3818 δυσῶδες
3063 3757 3159 3810 καὶ
3185 3755 3471 3828 διεφθορὸς
3505 3758 3681 3811 αὐτῶν
3707 3758 3736 3826 ἡ

2182 3845 2345 3914 φύσις
2372 3844 2664 3916 ᾠκείωται.
2689 3845 2800 3898 Καὶ
2825 3845 2854 3898 ό
2884 3846 2952 3916 τῇ
2983 3846 3123 3916 νόσῳ
3150 3845 3324 3919 ταύτῃ
3354 3848 3736 3919 κρατούμενος,

2180 3941 2246 4010 τῇ
2279 3938 2380 4008 μὲν
2401 3935 2672 4008 εὐημερίᾳ
2702 3935 2811 3988 τῶν
2843 3936 3033 4006 φίλων,
3063 3934 3174 3992 οἶόν
3199 3955 3349 4003 τινος
3381 3937 3561 4010 μύρου
3591 3955 3739 4012 προσ·

2182 4030 2310 4101 ϐολῇ
2370 4031 2818 4101 καταφθείρεται.
2881 4031 2944 4084 El
3001 4031 3059 4086 δέ
3113 4048 3166 4084 τι
3217 4029 3395 4096 πάθος
3437 4034 3502 4086 ὲκ
3537 4047 3739 4102 συμφοο

2184 4119 2292 4191 ρῶν
2332 4121 2376 4153 ²⁰
2407 4121 2526 4187 ἴδοι,
2566 4122 2702 4193 πρὸς
2731 4122 2891 4176 τοῦτο
2919 4122 3270 4186 καθίπταται,
3311 4123 3489 4177 καὶτὸ
3516 4124 3738 4192 ἄτκυλον

2181 4215 2376 4282 ἐπάγει
2407 4214 2604 4285 στόμα,
2651 4215 2722 4269 τὰ
2773 4217 3135 4287 κεκρυμμένα
3164 4215 3404 4282 ἐξέλκων
3431 4217 3526 4270 τοῦ
3556 4217 3735 4271 6am-

2332 4325 2444 4361 τος.

2332 4325 2360 4361 τ
2428 4344 2444 4360 .
2826 4333 2842 4349 ο

2181 4307 2539 4469 χήὲῗλῗνος.
2588 4433 2657 4442 ›--
2707 4401 2790 4456 Τὰ
2819 4401 2982 4465 καλὰ,
3013 4400 3116 4456 κᾶν
3147 4401 3328 4472 φθόνῳ
3382 4401 3522 4472 πρὸς
3573 4401 3736 4468 ὀλίγον

505 4491 652 4547 vidia
683 4493 747 4548 ad
776 4495 946 4551 breve
979 4505 1196 4567 tempus
1224 4499 1521 4555 obscurata
1551 4501 1782 4568 fuerint,
1804 4519 1904 4572 per
1925 4518 2081 4558 occa-

2192 4493 2514 4563 ὲπισκιασθῇ
2550 4495 2760 4566 χρόνον,
2790 4494 2885 4548 ἐπὶ
2928 4494 3109 4565 καιρῷ
3141 4493 3395 4557 λυθέντα,
3425 4493 3581 4557 αὖθις
3615 4495 3736 4546 ἀνα·

507 4583 719 4639 sionem
755 4601 821 4641 ac
853 4596 1166 4657 opportune
1198 4591 1400 4656 soluta,
1439 4606 1634 4646 rursus
1669 4593 2079 4662 splendescunt.

577 4675 870 4732 Plutarchi.
913 4708 985 4719 —-
1030 4679 1112 4734 Ad
1170 4681 1344 4736 solem
1400 4682 1840 4748 ambulantibus,
1887 4685 2082 4739 umbra

2186 4583 2410 4638 λάμπει.

2301 4602 2410 4638 πει.

2257 4602 2666 4749 ξἷΙλουτάρχου.
2696 4709 2769 4718 -
2799 4678 2926 4741 Τοῖς
2955 4677 3056 4748 μὲν
3094 4676 3184 4731 διὰ
3220 4677 3314 4730 τοῦ
3339 4677 3495 4748 ἡλίου
3527 4693 3734 4747 πορεύου

505 4770 822 4825 necessario
847 4785 1034 4827 comes
1057 4779 1172 4839 est;
1208 4773 1387 4844 iisque
1413 4775 1508 4844 qui
1540 4774 1848 4832 honoribus
1878 4792 1943 4832 ac
1973 4775 2081 4830 vita

2192 4769 2368 4837 μένοις
2397 4768 2590 4822 ἕπεται
2626 4767 2746 4822 κατ’
2776 4767 3024 4837 ἀνάγκην
3053 4767 3180 4822 σκιά
3207 4785 3222 4798 ο
3279 4770 3395 4832 τοῖς
3439 4769 3498 4822 δὲ
3541 4769 3624 4821 διὰ
3649 4767 3735 4836 τῆς

505 4859 640 4916 clari
671 4861 968 4931 habentur,
995 4865 1239 4934 proclive
1274 4865 1482 4920 invidia
1511 4867 1697 4922 haeret.

573 4979 645 4989 -—
664 4949 948 5008 Claritatis
971 4952 1162 5020 decor,
1184 4955 1337 5010 velut
1362 4955 1557 5011 morbo
1585 4956 1847 5026 quodam,
1877 4956 2086 5012 invidia

509 5039 619 5100 cito
648 5044 1047 5115 corrumpitur.

2183 4860 2342 4928 δόξης
2375 4859 2680 4930 βαδίζουσιν
2704 4858 2987 4914 ἀκολουθεῖ
3014 4859 3227 4930 φθόνος.

2254 4951 2328 5004 T6
2353 4954 2450 5022 τῆς
2479 4950 2637 5022 δόξης
2675 4951 2868 5014 κάλλος
2913 4949 3103 5021 ὥσπερ
3161 4949 3266 5005 ὑπὸ
3297 4949 3458 5004 νόσου
3491 4950 3584 5004 τοῦ
3618 4948 3733 5018 φθό-
3764 5013 3795 5038 ἦ

2186 5062 2279 5098 νου
2319 5045 2457 5114 ταχὺ
2486 5042 2936 5114 καταφθείρεται.

1778 5185 2015 5240 νΑιιιίΕ
2056 5182 2468 5241 LECTIONES.

579 5272 622 5303 ι
651 5271 711 5326 Β,
737 5271 952 5341 φθόνος.
1029 5275 1074 5308 ²⁰
1095 5274 1154 5329 Β.
1180 5278 1485 5351 συμφορᾶς.

2011 5366 2248 5423 NOTAE.

585 5481 950 5558 (i)_"E;ze:at_
995 5482 1073 5549 τῷ
1110 5486 1309 5554 ἀγαθῷ
1335 5489 1371 5555 ἡ
1401 5488 1678 5558 ἀφθονία.
1731 5489 1907 5543 Nimis
1939 5488 2080 5543 forte

515 5552 804 5629 restringit
838 5553 973 5608 Bud.
1010 5569 1130 5629 eam
1160 5552 1371 5629 vocem,
1414 5552 1544 5612 dum
1583 5559 1785 5624 reddit,
1832 5558 2078 5629 Ᾱῐιμιὶιαε

519 5624 895 5696 αηὶηιίοατεηε
918 5626 1306 5696 omniinvidia.
1365 5629 1545 5683 Malim
1597 5629 1658 5682 τὸ
1714 5624 1935 5696 ἀγαθὸν,
1992 5629 2082 5684 hic

519 5693 743 5781 Easilio.
781 5694 959 5781 ipsum
983 5695 1320 5781 Deuni‘essc,
1359 5707 1415 5781 et
1444 5699 1648 5781 opponi
1679 5693 2078 5781 dia—holgquod

525 5762 668 5818 Deus
691 5762 818 5819 vere
843 5764 1072 5835 ἄφθονος
1107 5767 1196 5831 sit,
1226 5766 1342 5838 ipsa
1375 5762 1779 5834 boni'rationc,
1837 5762 2081 5824 liberalis

2188 5488 2273 5542 sui
2336 5486 2630 5543 diffusione
2684 5495 2738 5540 et
2759 5485 2876 5539 sine
2936 5483 3161 5538 invidia.
3221 5481 3485 5536 Diabolus
3539 5492 3734 5548 semper

2231 5556 2776 5629 Oovspbg,__inali1ue
2835 5563 3029 5629 auctor
3073 5552 3395 5607 hominibus
3466 5551 3734 5629 exsistens.

2231 5575 2468 5629 υονερος.
2537 5575 2663 5610 ιΠὶΙΙΙ
2683 5575 2776 5625 lue
2835 5575 3029 5608 aucwr
3073 5575 3395 5607 IIUIIIIINUUS
3466 5575 3734 5606 ειδιδυ-ιιθ.

2186 5575 2344 5694 διιοά
2375 5627 2556 5682 reddit
2578 5627 2743 5682 Gesn.
2770 5634 2829 5680 ut
2850 5626 2934 5678 vir
2958 5625 3076 5678 viro
3103 5632 3438 5694 opponatur,
3479 5622 3652 5676 bonus
3683 5630 3735 5671 ac

2187 5693 2393 5766 probus
2431 5695 2838 5761 calumniatori,
2869 5695 3004 5748 nihil
3038 5693 3311 5764 approbo.
