3964 6276
145 323 233 389 961
1444 312 1611 373 LOCI
1651 311 2092 374 COMMUNES.

3285 314 3393 379 962

215 432 594 501 Ἀνάχαρσις,
620 458 689 467 --
730 427 1056 497 Ἀνάχαρσις
1082 426 1110 479 ὁ
1141 423 1357 494 Σκύθης
1387 424 1707 493 ἐρωτηθεὶς,

1884 422 2227 475 Anacharsis.
2264 450 2333 463 --
2364 423 2697 477 Anacharsis
2737 422 2939 495 Scytha
2965 433 3211 495 rogatus,
3257 426 3394 495 quid

143 527 229 579 Διὰ
259 525 377 577 τίνα
427 520 605 575 αίτίαν
631 520 911 587 ἄνθρωποι
946 515 1243 570 λυποῦνται
1275 516 1509 570 πάντοτε
1534 531 1547 578 ;
1578 514 1702 585 ἔφη,

145 621 253 669 Ὀτι
274 616 336 667 οὑ
371 614 536 684 μόνον
566 611 765 674 αὐτοὺς
793 610 863 663 τὰ
894 609 1001 664 [δια
1040 607 1188 662 κακά
1223 607 1405 673 λυπεῖ,
1448 606 1583 659 ἀλλά
1612 607 1707 659 καὶ

142 709 202 762 τὰ
225 706 485 776 ἀλλότρια
511 702 714 772 ἀγαθά.

216 800 511 866 Ἀριστοτ.
557 825 630 838 --
669 793 891 859 Φθόνος,
922 793 1111 864 φησὶν,
1152 793 1561 864 ἀνταγωνιστής
1592 792 1707 845 ἐστι

142 890 238 943 τῶν
267 888 625 959 εὐτυχόντων.

203 982 514 1051 Δημοκρίτ.
550 1012 622 1020 -
672 980 738 1035 Ἦ
765 979 875 1033 τῶν
923 979 1144 1048 ἀγαθῶν
1194 980 1314 1051 ἔρις
1365 978 1571 1032 ὠφελεῖ
1618 978 1709 1033 τὸν

147 1074 413 1147 ζηλοῦντα,
463 1073 537 1145 μὴ
572 1074 885 1145 βλάπτουσα
913 1072 1007 1126 τὸν
1031 1071 1387 1145 ζηλούμενον.

204 1169 309 1221 Οὐκ
350 1167 419 1220 ἂν
452 1166 695 1220 ἐκώλυον
726 1166 775 1219 οἱ
806 1166 961 1236 νόμοι
1002 1165 1103 1236 ζῇν
1152 1165 1385 1218 ἕκαστον
1418 1165 1541 1218 κατ’
1573 1164 1708 1219 ίδὲαν

145 1259 397 1326 ὶξουσίαν,
458 1259 509 1310 εί
560 1258 635 1329 μὴ
669 1258 859 1329 ἕτερος
908 1257 1096 1326 ἕτερον
1143 1258 1483 1329 ἐλυμαίνετο.
1510 1257 1709 1321 Φθόνος

144 1354 236 1424 γὰρ
263 1352 481 1414 στάσιος
510 1351 683 1421 ἀρχὴν
706 1350 1106 1420 ἀπεργάζεται.

214 1442 268 1495 ’0
296 1440 457 1505 αὐτὸς
510 1440 603 1494 τὸν
651 1439 845 1509 φθόνον
881 1437 1036 1494 εἶπεν
1076 1439 1234 1505 ἕλκος
1278 1437 1420 1495 εἶναι
1448 1441 1548 1512 τῆς
1576 1440 1707 1512 ἀλη-

148 1534 298 1597 θείας.

208 1623 571 1695 Κλειτάρχου
600 1625 668 1678 ⁸⁸.
711 1653 785 1663 -—-
813 1623 1023 1695 Ὦσπερ
1054 1624 1159 1676 ὑπὸ
1182 1622 1275 1677 τοῦ
1311 1623 1390 1677 ίοῦ
1426 1624 1519 1676 τὸν
1556 1624 1707 1696 σίδη-

155 1736 251 1787 ρον,
277 1715 418 1769 οὕτω
444 1716 575 1778 τοὺς
601 1714 896 1785 φθονεροὺς
927 1713 1034 1767 ὑπὸ
1061 1713 1158 1767 τοῦ
1211 1714 1344 1767 ἰδίου
1384 1715 1546 1785 ἤθους
1579 1732 1703 1768 κατ-

151 1806 430 1861 εσθίεσθαι.

206 1899 532 1969 Σωκράτης.
580 1929 653 1939 —-
706 1900 905 1953 Πολλοὶ
958 1898 1223 1963 θανόντας
1274 1898 1567 1968 ἀμείϐουσι
1596 1898 1711 1960 τοῖς

150 1995 337 2063 τάφοις,
376 1992 471 2057 οὓς
500 1992 583 2065 τῷ
605 1992 785 2065 φθόνῳ
813 1992 1081 2063 πρότερον
1112 1992 1353 2063 ἡλγυναν
1382 1990 1614 2055 ζῶντας.

217 2171 271 2225 '0
298 2172 455 2236 αὐτὸς
501 2173 596 2226 τὸν
624 2172 819 2243 φθόνον
856 2173 958 2244 ἔφη
988 2173 1090 2243 τῆς
1114 2172 1292 2244 ψυχῆς
1317 2168 1457 2225 εἶναι
1488 2172 1709 2241 πρίονα.

227 2263 465 2316 Λευκίπ.
513 2291 589 2302 —
653 2262 968 2331 Ζηλοτυπία
1006 2264 1117 2333 γὰρ
1185 2261 1330 2329 ἅπαξ
1394 2262 1715 2334 ἐμπεσοῦσα

130 2354 299 2423 ψυχῇ,
322 2353 716 2407 δυσέκλειπτον
746 2354 882 2407 ἐστί.

214 2447 531 2500 Κλεόϐουλ.
563 2476 637 2485 -
696 2446 1032 2511 Κλεὸὅουλος
1065 2449 1093 2501 ὁ
1145 2447 1379 2510 Λίνδιος,
1415 2446 1716 2518 ἐρωτηθεὶς

156 2537 245 2590 ὑπό
272 2554 431 2605 τινος,
470 2537 613 2592 Τίνα
666 2538 751 2592 δεῖ
806 2540 1043 2610 μάλιστα
1091 2539 1505 2609 φυλάττεσθαι;
1539 2534 1713 2603 εἶπεν,

156 2628 258 2680 Τῶν
290 2628 385 2698 μὲν
436 2612 614 2697 ιριλων
665 2628 757 2683 τδν
828 2629 1057 2699 φθόνον,
1104 2630 1217 2685 τῶν
1262 2630 1319 2683 δὲ
1369 2628 1584 2700 ἐχθρῶν
1616 2630 1716 2699 τὴν

160 2718 446 2792 ἐπιϐουλήν.

218 2812 449 2879 Βίωνος.
474 2843 555 2855 --
592 2814 735 2867 Βίων
761 2815 791 2868 ὁ
826 2814 1111 2887 σοφιστὴς,
1148 2813 1273 2869 ίδών
1300 2831 1423 2868 τινα
1455 2811 1719 2884 φθονερὸν

162 2902 338 2973 σφόδρα
370 2905 671 2973 κεκυφότα,
709 2902 887 2970 εἶπεν,
920 2907 992 2960 Ἦ
1011 2907 1190 2977 τούτῳ
1225 2907 1365 2978 μέγα
1388 2906 1559 2959 κακὸν
1590 2920 1721 2976 συμ-

162 2993 385 3065 6έ6ηκεν,
425 2996 458 3067 ἢ
493 2995 646 3069 ἄλλῳ
680 2998 823 3070 μέγα
853 2997 1083 3067 ἀγαθόν.

762 3195 1107 3265 Ἀγάθωνος.

283 3290 396 3343 Οὐκ
416 3287 498 3360 ἦν
531 3287 609 3342 ἂν
644 3287 1053 3360 ᾀνθρώποισιν
1080 3290 1150 3343 ἐν
1176 3290 1297 3354 ,ϐίῳ
1327 3291 1573 3360 φθόνος,

277 3360 343 3411 ει
370 3358 601 3425 πάντες
634 3358 790 3427 ἦμεν
815 3358 885 3422 ἐξ
913 3360 1056 3413 ισου
1090 3358 1451 3429 πεφυκότες.

224 3451 544 3521 θεόφραστ.
581 3482 654 3491 -—
700 3451 1051 3522 Θεόφραστος
1115 3450 1273 3518 εἷπε,
1320 3456 1448 3519 τοὺς
1514 3454 1719 3528 μοχθη-

169 3546 277 3613 ροὺς
301 3547 403 3600 τῶν
436 3547 769 3618 ἀνθρώπων,
825 3548 925 3619 οὐχ
970 3548 1145 3613 οὕτως
1186 3548 1414 3619 ἥδεσθαι
1468 3550 1563 3603 ἐπὶ
1606 3553 1720 3615 τοῖς

170 3633 297 3697 ἰδίοις
315 3635 560 3704 ἀγαθοῖς,
591 3637 667 3701 ὡς
705 3638 797 3690 ἐπὶ
830 3640 946 3701 τοῖς
975 3637 1282 3707 ἀλλοτρίοις
1308 3641 1525 3702 κακοῖς.

222 3727 470 3782 Πλάτων.
496 3758 573 3767 --
606 3728 835 3797 ’Δγαθδς
861 3726 989 3801 ἦν’
1023 3731 1216 3801 ἀγαθῷ
1265 3732 1322 3784 δὲ
1372 3731 1547 3795 οὐδεὶς
1593 3736 1721 3805 περὶ

168 3817 353 3881 οὐδενὸς
380 3821 640 3874 οὐδέποτε
665 3822 881 3889 γίνεται
912 3822 1128 3891 φθόνος.

238 3908 604 3980 Ἀριστονύμ.
626 3942 699 3951 --
735 3912 793 3964 '0
829 3911 1042 3981 φθόνος,
1087 3913 1279 3985 ὥσπερ
1309 3913 1512 3983 φαῦλος
1544 3915 1723 3987 δημα-

171 4002 345 4069 γωγὸς,
381 4007 502 4069 ταῖς
539 4005 734 4069 καλαῖς
764 4006 1235 4061 ἀντιπολιτεύεται
1270 4008 1558 4079 πράξεσιν.

228 4095 589 4152 Θουκιδίδου.
619 4128 688 4137 --
715 4098 913 4162 Φθόνος
942 4102 1055 4163 τοῖς
1084 4100 1216 4164 ζῶσι
1248 4102 1384 4171 πρὸς
1412 4102 1473 4153 τὸ
1504 4102 1725 4154 ἀντίπαο

174 4184 273 4237 λονι
298 4188 356 4242 τὸ
384 4190 441 4244 δὲ
470 4187 553 4261 μὴ
581 4189 857 4261 δμποδὼν,
880 4192 1345 4263 ἀνανταγωνίστῳ
1375 4192 1559 4265 εὐνοίᾳ
1580 4193 1724 4247 τετί-

179 4294 342 4347 putat.

244 4295 342 4334 ται.

211 4295 567 4444 τὶἈναξιμέίν.
620 4404 690 4414 --
715 4375 873 4427 ’Ὀσοι
906 4375 1013 4447 γὰρ
1053 4374 1122 4428 τὰ
1155 4375 1337 4440 καλῶς
1392 4376 1629 4448 ρηθέντα
1684 4377 1717 4446 ἢ

1815 530 1994 568 causa:
2017 523 2163 568 esset
2193 530 2293 569 cur
2330 514 2587 569 homines
2628 530 2850 585 semper
2890 517 3115 571 doleant
3150 536 3163 571 :
3208 515 3392 584 Quod,

1817 606 2020 675 inquit,
2048 620 2161 659 non
2194 606 2371 661 solum
2401 622 2498 661 sua
2528 607 2671 661 mala
2710 607 2956 674 doleant,
2995 608 3092 664 sed
3120 617 3179 665 et
3215 609 3396 664 aliena

1816 697 1983 753 bona.

1890 791 2161 846 Aristotel.
2190 821 2262 831 -—
2292 790 2504 846 Invidia
2538 790 2765 845 illorum
2788 790 3143 847 adversarius
3170 801 3275 860 est,
3304 796 3400 864 qui

1812 885 1986 940 rebus
2011 884 2279 939 secundis
2307 892 2562 939 utuntur.

1889 973 2167 1027 Bonorum
2199 973 2487 1027 contentio
2517 973 2673 1043 juvat
2699 971 3073 1039 aemulantem,
3101 989 3204 1029 nec
3230 974 3281 1027 ei
3313 974 3401 1027 cui

1814 1064 2115 1128 aamuleris,
2143 1064 2353 1133 aliquid
2383 1073 2565 1118 nocet.

1889 1155 2172 1209 Democrit.
2202 1186 2271 1194 —
2311 1155 2603 1225 Nunquam
2640 1156 2790 1225 leges
2830 1171 2932 1211 suo
2968 1171 3245 1226 quemque
3278 1157 3403 1227 jure

1816 1263 1881 1302 ac
1929 1248 2205 1303 arbitratu
2252 1248 2443 1303 vivere
2489 1257 2772 1309 vetarent,
2820 1248 2927 1303 nisi
2974 1249 3115 1302 alter
3166 1249 3403 1302 alterum

1817 1341 2045 1396 laederet
2081 1358 2093 1393 :
2135 1340 2341 1395 invidia
2378 1340 2555 1406 enim,
2592 1341 2888 1396 seditionis
2921 1341 3076 1411 origo
3109 1350 3212 1396 est.

1888 1433 2063 1501 Idem,
2101 1431 2367 1487 invidiam
2403 1432 2567 1488 ulcus
2598 1447 2718 1487 esse
2746 1432 2999 1487 veritatis
3028 1432 3296 1488 dicebat:

1888 1613 2161 1670 Clitarchi.
2188 1643 2260 1653 -—-
2283 1612 2356 1668 Ut
2381 1610 2662 1683 ferrugine
2686 1610 2917 1678 ferrum,
2945 1611 3027 1666 sic
3057 1610 3275 1665 invidos
3306 1626 3402 1665 sua

1820 1706 1968 1777 ipsos
1996 1706 2180 1760 indole
2208 1704 2487 1760 consumi.

1886 1880 2153 1935 Socrates.
2194 1910 2266 1920 —
2306 1878 2464 1934 Multi
2510 1878 2668 1948 quasi
2716 1879 2858 1950 grati
2906 1880 3077 1937 animi
3126 1880 3403 1952 signiﬁca-

1817 1974 1988 2039 tione,
2022 1972 2299 2028 delunctis
2331 1982 2689 2027 monumenta
2722 1981 2957 2042 ponunt,
2989 1989 3129 2043 quos
3161 1975 3316 2044 prius
3348 1977 3405 2028 in

1814 2066 1958 2122 vivis
1984 2075 2211 2137 agentes
2239 2080 2478 2119 mmrore
2512 2065 2889 2119 confecerant.

1886 2155 2035 2210 Idem
2066 2155 2249 2210 aiebat
2274 2154 2540 2209 invidiam
2572 2156 2740 2210 animi
2790 2172 2912 2212 esse
2940 2173 3175 2213 serram.

1886 2247 2183 2318 Leucippis.
2206 2278 2278 2287 —
2299 2246 2599 2301 Emulatio
2626 2248 2774 2302 enim
2807 2264 2933 2303 cum
2960 2250 3208 2305 animum
3234 2251 3405 2306 semel

1818 2341 2104 2402 invaserit,
2128 2356 2271 2409 aegre
2302 2348 2489 2410 potest
2518 2340 2752 2396 aboleri.

1888 2432 2185 2487 Cleobulus.
2214 2465 2283 2473 -—
2305 2432 2607 2488 Cleobulus
2634 2434 2888 2500 Lindius,
2914 2449 3040 2489 cum
3071 2450 3140 2490 ex
3162 2450 3229 2491 eo
3258 2452 3410 2506 quae-

1818 2532 2034 2578 reretur
2071 2541 2082 2576 :
2116 2523 2284 2594 659
2313 2522 2443 2590 Qua:
2476 2525 2715 2577 maxime
2738 2523 2965 2577 vitanda
2992 2532 3240 2593 putaret;
3262 2522 3412 2581 Ami-

1817 2630 2029 2681 corum,
2053 2617 2254 2686 inquit,
2276 2616 2565 2681 invidiam,
2589 2626 2646 2671 et
2669 2616 3024 2671 inimicorum
3049 2616 3298 2673 insidias.

1888 2817 2093 2871 Bionis.
2120 2847 2191 2856 —
2227 2816 2362 2870 Bion
2405 2816 2684 2886 sophista,
2716 2833 2841 2871 cum
2878 2818 3119 2888 aliquem
3156 2819 3405 2877 invidum

1821 2909 1965 2965 tristi
1996 2909 2155 2964 valde
2191 2924 2255 2963 ac
2284 2908 2526 2963 demisso
2558 2910 2715 2963 vultu
2755 2910 3104 2965 incedentem
3135 2912 3403 2968 vidisset:

1819 3002 1950 3065 Aut,
1973 3001 2178 3071 inquit,
2204 3001 2336 3055 huic
2366 3001 2560 3072 ingens
2595 3002 2799 3056 malum
2835 3000 3051 3066 accidit,
3116 3012 3211 3058 aut
3242 3004 3404 3060 alteri

1822 3095 2015 3167 ingens
2046 3094 2277 3147 bonum.

2455 3206 2765 3275 Agathonis.

1820 3296 2013 3351 Nullus
2048 3298 2099 3349 in
2134 3298 2240 3349 vita
2276 3296 2407 3350 livor
2441 3305 2572 3350 esset
2608 3294 2945 3360 mortalibus,

1820 3366 1978 3422 Nobis
2008 3368 2082 3420 ita
2114 3370 2458 3438 comparatis,
2486 3376 2542 3419 ut
2577 3383 2755 3419 omnes
2786 3366 3019 3436 wquales
3051 3383 3298 3422 essemus.

1896 3460 2234 3531 Tthphrast.
2253 3488 2322 3499 —
2344 3459 2712 3529 Theophrasti
2743 3460 3021 3515 sententia
3049 3470 3166 3515 erat
3193 3477 3207 3515 :
3236 3462 3407 3519 Malos

1823 3553 2076 3609 homines
2126 3568 2189 3608 ac
2236 3567 2509 3616 morosos,
2552 3560 2660 3606 non
2708 3561 2817 3606 tam
2863 3552 2980 3608 suis
3025 3554 3206 3620 bonis,
3243 3572 3406 3626 quam

1822 3647 2020 3701 alienis
2054 3646 2213 3701 malis
2244 3644 2531 3700 delectari.

1894 3736 2072 3790 Plato.
2106 3767 2173 3775 --
2205 3736 2391 3789 Bonus
2429 3746 2551 3791 erat
2586 3752 2598 3788 :
2639 3734 2693 3790 ei
2736 3742 2918 3789 autem
2958 3735 3053 3805 qui
3093 3735 3273 3793 bonus
3312 3737 3405 3805 sit,

1824 3828 1976 3882 nulla
2012 3843 2075 3881 ex
2116 3841 2281 3881 causa
2318 3826 2462 3880 ullus
2491 3824 2776 3880 suboritur
2806 3824 2966 3880 livor.

1895 3919 2240 3989 Aristonymi.
2269 3948 2338 3957 ——
2368 3916 2600 3979 Invidia,
2631 3916 2775 3971 sicut
2801 3918 2982 3972 malus
3013 3927 3201 3973 orator
3228 3934 3407 3989 popu-

1823 4008 1976 4078 lique
2005 4008 2225 4071 ductor,
2253 4006 2502 4061 honestis
2534 4006 2749 4061 actibus
2780 4006 3124 4061 adversatur.

1896 4098 2210 4169 Theucydid.
2234 4128 2306 4137 —
2341 4097 2609 4151 Invidiam
2651 4097 2913 4151 mortales
2948 4107 3227 4161 exercent,
3260 4098 3313 4152 in
3351 4097 3410 4154 id

1826 4192 1975 4262 quod
2019 4191 2344 4247 adversatur
2392 4209 2405 4244 :
2447 4190 2599 4261 quod
2635 4205 2767 4245 vero
2804 4190 2941 4245 nulli
2981 4191 3266 4247 obstaculo
3302 4204 3409 4260 est,

1826 4284 1961 4338 nihil
2000 4284 2170 4338 invita
2207 4284 2593 4339 benevolentia
2626 4282 2833 4337 colunt.

1899 4376 2215 4430 Anaximen.
2247 4404 2317 4414 ——-
2355 4374 2458 4439 Qui
2506 4390 2605 4443 per
2650 4374 2914 4427 invidiam
2955 4389 3077 4443 qum
3120 4374 3223 4429 rite
3265 4375 3411 4429 dicta

174 4464 459 4537 πραχθέντα
483 4468 576 4522 διὰ
607 4470 801 4537 φθόνον
829 4470 930 4523 οὐκ
968 4469 1276 4535 ἐπαινοῦσι,
1316 4469 1432 4533 πῶς
1480 4465 1626 4524 οῦτοι
1656 4470 1714 4524 ἂν

1864 4478 1925 4523 ιιι
1954 4477 2105 4539 gesta
2141 4468 2252 4521 sint
2281 4481 2391 4520 non
2426 4466 2683 4531 laudant;
2718 4466 2807 4531 hi,
2841 4480 2955 4536 quo
2991 4466 3209 4521 tandem
3247 4468 3412 4524 modo

175 4558 269 4618 τοῖς
292 4556 467 4629 ἔργοις
491 4560 837 4631 ὠφελήσειαν
857 4578 873 4626 ;

235 4650 512 4718 Κάτωνος.
544 4684 615 4692 -
639 4654 881 4707 Ἤκιστα
942 4654 1259 4724 φθονεῖσθαι
1313 4655 1465 4725 ἔλεγε
1495 4656 1622 4720 τοὺς
1653 4658 1720 4728 τῇ

177 4737 296 4813 τύχῃ
341 4745 656 4815 χρωμένους
706 4747 967 4810 ἐπιεικῶς
1006 4748 1100 4800 καὶ
1165 4746 1418 4817 μετρίως.
1478 4747 1553 4802 Οὐ
1608 4748 1719 4820 γάρ

181 4830 308 4897 ἡμῖν,
338 4833 469 4887 ἀλλὰ
505 4838 618 4900 τοῖς
651 4836 780 4906 περὶ
816 4838 967 4906 ἡμᾶς
993 4836 1306 4905 φθονοῦσιν.

251 5008 587 5082 Ἀνωνύμου.
620 5044 691 5052 -
744 5014 937 5067 Οὐδενὶ
991 5016 1285 5085 φθονητέον
1310 5032 1321 5046 ⁸
1378 5015 1576 5085 ἀγαθοὶ
1625 5016 1726 5086 μὲν

184 5096 275 5167 γὰρ
308 5103 470 5167 ἄξιοι·
512 5108 672 5161 κακοὶ
709 5106 755 5159 δ’
795 5106 861 5161 ἂν
890 5107 1213 5177 εὐτυχῶσιν,
1247 5108 1433 5172 κακῶς
1464 5108 1649 5172 ζῶσιν.

246 5273 597 5353 Θεμιστοκλῆς
655 5282 939 5353 μειράκιον
971 5281 1069 5349 ὢν,
1113 5282 1267 5335 οὐδὲν
1314 5281 1417 5353 ἔφη
1461 5282 1727 5353 πράττειν

186 5358 442 5434 λαμπρόν·
473 5372 627 5425 οὔπω
661 5374 770 5442 γὰρ
820 5371 1155 5439 φθονεῖσθαι.
1198 5371 1465 5443 Καθάπερ
1514 5374 1623 5444 γὰρ
1665 5374 1725 5425 αί

188 5455 476 5530 γανοαρίδες
506 5465 804 5535 ἐμφύονται
848 5464 1086 5534 μάλιστα
1121 5463 1202 5535 τῷ
1232 5464 1538 5534 ἀκμάζοντι
1569 5465 1722 5537 σίτῳ,

191 5546 395 5616 καὶτοῖς
445 5555 693 5611 εὐθαλέσι
742 5556 947 5625 ῥόδοιςο
1008 5550 1153 5607 οὕτω
1185 5556 1213 5609 ὁ
1258 5553 1453 5623 φθόνος
1489 5556 1723 5611 ἅπτεται

1832 4561 1949 4631 ipsa
1982 4575 2040 4613 re
2065 4560 2340 4630 juverint?

1901 4649 2140 4706 Catonis.
2165 4681 2236 4690 —
2266 4650 2423 4705 I'Iaud
2456 4664 2587 4705 sane
2623 4648 2842 4703 invidiae
2872 4649 3140 4703 obnoxios
3174 4664 3293 4703 esse
3325 4649 3409 4705 di-

1831 4741 2014 4806 cebat,
2039 4741 2133 4810 qui
2168 4740 2417 4796 modeste
2454 4756 2519 4796 ac
2558 4749 2861 4809 temperate
2900 4742 3120 4794 fortuna
3162 4747 3410 4796 utantur.

1832 4834 1955 4888 Non
1983 4833 2133 4888 enim
2164 4848 2269 4887 nos
2302 4832 2565 4887 invidiam
2601 4840 2813 4902 petere,
2844 4831 2941 4886 sed
2978 4846 3067 4886 res
3100 4838 3317 4886 nostras
3348 4847 3412 4886 ac

1833 4939 1957 4995 quae
1989 4923 2137 4979 circa
2172 4938 2275 4977 nos
2306 4924 2594 4977 exsistant.

1902 5016 2119 5071 Incerti.
2159 5045 2229 5055 —
2269 5016 2442 5070 Nemo
2492 5014 2910 5085 prosequendus
2959 5011 3161 5067 invidia
3211 5029 3226 5064 :
3280 5012 3411 5066 boni

1833 5105 2003 5172 enim,
2032 5106 2183 5177 digni
2218 5116 2347 5160 sunt
2377 5107 2471 5175 qui
2504 5106 2673 5159 rebus
2700 5103 2956 5159 secundis
2986 5112 3211 5177 utantur
3241 5118 3254 5156 :
3286 5102 3415 5158 mali

1833 5199 1879 5254 si
1913 5207 2165 5261 utuntur,
2192 5197 2331 5250 male
2354 5197 2570 5250 vivunt.

1907 5286 2308 5342 Themistocles
2351 5285 2533 5339 adhuc
2577 5282 2979 5339 adolescentior
3011 5316 3027 5343 ,
3102 5281 3237 5335 nihil
3284 5282 3412 5337 dum

1831 5397 1891 5437 se
1938 5380 2289 5452 splendidum
2331 5392 2492 5449 agere
2532 5376 2778 5443 dicebat;
2826 5377 3028 5446 quippe
3070 5376 3165 5446 qui
3208 5374 3409 5430 invidia

1831 5470 2059 5525 minime
2103 5477 2407 5540 peteretur.
2442 5467 2578 5522 Nam
2624 5466 2767 5521 sicut
2807 5466 3055 5520 canthari
3106 5464 3412 5538 (scarabeor

1829 5562 2052 5631 vocant)
2105 5562 2336 5616 robusto
2386 5560 2621 5614 maxime
2674 5559 3037 5613 innascuntur
3090 5558 3306 5623 tritico,
3348 5571 3413 5613 ac.

1424 5672 1655 5728 VARUS
1694 5672 2099 5731 LECTIONES.

252 5732 290 5764 “
318 5734 424 5790 ἀλλ.
468 5739 824 5813 Πλουτάρχου.
