3964 6276
481 347 586 414 959

1637 347 1678 406 S
1741 347 2028 407 ΜΑΧῙΜΙ
2073 347 2582 410 CONFESSORIS

3626 358 3724 421 960

481 461 814 524 voluntates,
839 459 1022 516 modis
1052 459 1312 514 omnibus
1343 460 1411 514 ad
1443 475 1598 514 suam
1632 459 1917 514 libidinem
1951 459 2057 514 illis

2177 461 2301 532 πρὸς
2321 461 2382 514 τὸ
2408 461 2537 516 ῐδιον
2563 462 2834 536 βούλημα,
2861 466 3005 520 ὥστε
3033 467 3128 522 καὶ
3151 471 3264 532 τοῖς
3293 468 3599 541 ὀφθαλμοῖς
3623 470 3724 522 τῶν

481 552 810 614 abutuntur,
837 559 899 602 ut
927 558 984 604 et
1013 549 1324 604 invidorum
1358 550 1538 605 oculis
1563 550 1838 620 explendo
1863 551 2059 604 volun-

482 641 613 695 tatis
645 655 758 695 suae
789 641 1053 710 obsequio
1089 649 1332 696 utantur.

553 733 1028 801 Quemadmodum
1054 735 1202 788 bono
1225 750 1412 789 comes
1433 745 1519 789 est
1544 733 1823 789 allluentia
1848 742 1900 788 et
1923 733 2060 789 lihe-

482 824 674 879 ralitas
696 839 892 878 carens
917 823 1144 888 invidia,
1170 825 1250 880 sic
1274 824 1493 879 diabolo
1517 841 1703 880 comes
1730 825 1873 878 livor
1895 833 2061 881 estet

483 914 810 970 invidentia.

554 1006 642 1064 Uti
685 1008 936 1062 vultures
977 1007 1045 1062 ad
1084 1007 1435 1062 maleolentia
1474 1023 1702 1077 corpora
1739 1009 2056 1074 convolant,

484 1096 772 1166 multaque
817 1104 973 1166 prata
1020 1095 1238 1164 aliaque
1288 1095 1411 1149 loca
1457 1110 1669 1150 amcena
1718 1109 1784 1149 ac
1830 1093 2059 1149 ﬂoribus

482 1187 739 1252 odorata,
782 1202 974 1242 eorum
1027 1186 1329 1256 cupiditate
1372 1186 1743 1251 transvolant;
1789 1194 1954 1256 atque
1998 1195 2059 1241 ut

485 1293 708 1341 muscae,
730 1277 949 1332 omissis
969 1277 1282 1332 sanioribus
1305 1275 1593 1338 membris,
1616 1275 1682 1330 ad
1701 1276 1884 1329 ulcera
1908 1274 2059 1329 festi-

483 1379 646 1437 nant;
689 1371 769 1424 sic
810 1369 1004 1432 invidi,
1038 1371 1190 1425 clara
1227 1370 1356 1425 vitae
1398 1369 1617 1428 decora.
1651 1383 1958 1438 magnaque
1993 1383 2060 1422 ac

482 1461 646 1514 laude
673 1459 836 1530 digna
865 1459 1127 1523 facinora,
1154 1474 1223 1514 ne
1241 1460 1519 1528 aspiciunt
1542 1457 1768 1527 quidem
1804 1474 1817 1510 :
1852 1457 1895 1511 si
1921 1457 2056 1526 quid

481 1567 617 1606 vero
639 1551 763 1606 vitii
792 1551 984 1618 haeret,
1011 1567 1074 1608 ac
1098 1560 1258 1624 putre
1283 1552 1564 1616 videatur,
1592 1551 1864 1622 ingruunt
1890 1559 2058 1621 atque

483 1643 747 1700 insident.

553 1732 813 1804 Theologi.
834 1764 904 1773 —
926 1732 1069 1789 Cave
1096 1733 1175 1788 illi
1203 1733 1474 1798 invideas,
1497 1732 1589 1788 cui
1618 1748 1881 1803 prospere
1908 1731 2056 1787 cedit

2159 553 2450 623 βασκάνων
2480 556 2560 619 είς
2597 556 2907 629 ὑπηρεσίαν
2934 559 3244 629 χρήσασθαι
3275 559 3370 613 τοῦ
3403 559 3536 613 ίδιου
3577 560 3725 633 θελήο

2204 661 2349 704 ατος.

2204 661 2349 704 ατος.

2161 661 2198 714 μ
2232 736 2442 806 Ὠσπερ
2475 737 2668 790 ἕπεται
2697 737 2776 808 τῷ
2828 738 3019 808 ἀγαθῷ
3067 741 3102 810 ἡ
3151 740 3388 810 ἀφθονία
3443 740 3529 811 (ἰ),
3561 740 3724 804 οὕτως

2158 827 2445 881 ἀκολουθεί
2472 828 2551 899 τῷ
2578 828 2812 901 διαϐόλῳ
2843 832 2876 900 ὴ
2906 830 3195 901 βασκανία.

2230 1003 2443 1076 ’Ὠσπερ
2492 1004 2550 1057 δὲ
2581 1005 2636 1057 αἱ
2679 1003 2855 1073 γῦπες
2889 1005 3026 1076 πρὸς
3074 1007 3143 1061 τὰ
3181 1007 3395 1078 δυσώδη
3450 1008 3729 1078 φέρονται,

2158 1094 2387 1158 πολλοὺς
2413 1095 2514 1166 μὲν
2543 1095 2838 1165 λειμῶνας,
2871 1097 3102 1161 πολλοὺς
3127 1097 3185 1151 δὲ
3208 1097 3357 1167 ἡδεῖς
3390 1099 3485 1151 καὶ
3515 1099 3733 1161 εὐώδεις

2155 1185 2357 1250 τόπους
2393 1179 2828 1259 ὑπεριπτόιμενοι
2851 1206 2865 1219 ο
2913 1189 3010 1242 καὶ
3042 1190 3100 1241 αί
3136 1192 3312 1258 μυῖαι,
3343 1190 3407 1243 τὸ
3431 1191 3532 1260 μὲν
3555 1191 3732 1258 ὑγιαῖ-

2156 1294 2246 1331 νον
2279 1278 2705 1349 παρατρέχουσι,
2737 1279 2875 1350 πρὸς
2910 1279 2968 1332 δὲ
2991 1280 3052 1333 τὸ
3083 1280 3240 1343 ἕλκος
3264 1281 3580 1348 ἐπείγονται
3601 1299 3614 1310 ’
3646 1282 3732 1334 οὖ-

2157 1387 2266 1432 τως
2304 1371 2355 1424 οἱ
2403 1369 2688 1441 βάσκανοι,
2725 1373 2826 1437 τὰς
2863 1372 2962 1443 μὲν
3014 1373 3110 1426 τοῦ
3162 1371 3278 1443 βίου
3333 1374 3732 1444 λαμπρότητας

2157 1464 2251 1517 καὶ
2278 1463 2348 1517 τὰ
2380 1464 2588 1534 μεγέθη
2632 1466 2740 1518 τῶν
2788 1465 3242 1536 κατορθουμένων
3294 1467 3418 1521 οὐδὲ
3464 1466 3734 1538 προσελέ-

2158 1573 2342 1620 πουσι,
2368 1558 2484 1620 τοῖς
2509 1556 2565 1611 δὲ
2604 1557 2825 1630 σαθροῖς
2854 1557 3207 1614 ἐπιτίθενται.

2234 1736 2404 1789 Θεολ.
2431 1764 2505 1775 -
2531 1736 2623 1806 Μὴ
2650 1737 2940 1808 φθονήσεις
2973 1739 3051 1807 τῷ
3078 1737 3436 1811 κατορθοῦντι
3489 1739 3568 1802 ὠς
3605 1738 3737 1806 φθο-

483 1838 549 1878 ac
592 1823 688 1892 qui
737 1831 889 1880 recte
939 1825 1078 1895 agit,
1123 1834 1382 1894 tanquam
1433 1824 1524 1879 ille
1570 1823 1725 1894 prior
1767 1821 2056 1887 inviderit,

2177 1826 2367 1898 μηθεὶς,
2399 1829 2494 1882 καὶ
2522 1827 2838 1897 φθονεῖσθαι
2866 1831 3132 1896 πεισθεὶς,
3160 1832 3255 1886 καὶ
3278 1831 3365 1886 διὰ
3396 1831 3562 1886 τοῦτο
3603 1849 3735 1885 κατ-

486 1924 650 1984 teque
689 1915 740 1970 ei
783 1915 1120 1972 invidiosum
1163 1925 1340 1984 ratus,
1373 1931 1438 1972 ac
1480 1915 1576 1986 qui
1615 1932 1681 1972 ea
1719 1915 1936 1971 ratione
1977 1913 2056 1968 illi

483 2006 727 2063 offensus
758 2009 856 2063 sis.

555 2100 750 2157 Pereat
778 2101 990 2158 utinam
1024 2118 1092 2158 ex
1122 2102 1445 2158 hominibus
1481 2101 1686 2157 invidia
1723 2115 1917 2156 eorum
1957 2099 2053 2169 qui

482 2208 549 2250 ea
585 2195 866 2251 laborant!
911 2196 1029 2266 ipsa
1070 2197 1349 2267 pernicies
1385 2211 1580 2251 eorum
1614 2195 1711 2266 qui
1737 2195 2053 2274 patiuntur,

482 2301 669 2357 aerugo
705 2302 772 2342 ac
801 2287 985 2354 virus;
1029 2287 1176 2343 inter
1205 2288 1339 2343 vitia
1377 2287 1754 2358 aequissimum
1791 2287 1956 2342 simul
1995 2303 2060 2342 ac

485 2375 922 2448 iniquissimum;
961 2379 1198 2434 alterum
1232 2379 1482 2450 quidem,
1511 2379 1661 2451 quod
1690 2379 1852 2434 bonis
1880 2369 2059 2432 Omni-

483 2463 590 2522 bus
617 2467 905 2533 obtundit;
934 2469 1166 2526 alterum
1196 2485 1350 2536 vero,
1375 2470 1524 2541 quod
1557 2471 1679 2526 illos
1701 2470 1854 2540 ipsos
1883 2469 2054 2534 laedit,

483 2558 577 2627 qui
607 2574 728 2613 eam
761 2560 991 2616 habent.
1711 2589 1714 2595 ί

551 2646 718 2718 658
754 2647 938 2721 Chrys.
968 2681 1040 2691 -—
1075 2649 1120 2707 Ο
1164 2650 1373 2705 invidia
1414 2649 1607 2706 martis
1651 2649 1827 2715 radix,
1866 2650 2057 2705 multi-

481 2737 609 2807 plex
635 2739 925 2810 aegritudo,
958 2743 1143 2798 cordis
1178 2744 1493 2800 acutissime
1529 2745 1706 2800 clavel
1741 2745 1876 2812 Quis
1907 2746 2056 2800 enim

480 2830 621 2886 adeo
653 2841 848 2888 acutus
883 2835 1093 2900 clavus,
1122 2835 1216 2907 qui
1252 2835 1335 2891 sic
1365 2847 1595 2908 pungat,
1624 2852 1689 2892 ac
1719 2837 1926 2892 invidia
1961 2851 2057 2892 cor

479 2939 546 2979 ea
580 2924 835 2982 laborans
865 2927 1109 2983 sauciat?

548 3015 765 3072 Invidet
808 3019 1033 3090 quidem
1077 3021 1324 3088 daemon,
1369 3023 1465 3078 sed
1516 3020 1868 3088 hominibus;
1917 3021 2055 3077 nulli

477 3120 610 3161 vero
638 3107 950 3163 daemonum
980 3127 994 3163 :
1026 3119 1084 3165 tu
1114 3127 1247 3166 vero
1276 3127 1403 3166 cum
1432 3111 1509 3166 sis
1537 3111 1702 3166 homo
1736 3112 2055 3166 hominibus

478 3195 722 3266 invides;
755 3214 1114 3271 eequamnam
1143 3204 1364 3259 veniam
1392 3203 1705 3258 obtinebis?

548 3289 703 3362 Greg.
733 3293 890 3364 Nyss.
918 3325 990 3336 --
1016 3295 1264 3361 Invidiar,
1291 3295 1658 3351 infortunium
1689 3306 1773 3352 est
1801 3313 1911 3352 non
1941 3313 2057 3352 ma-

476 3381 592 3437 lum
633 3388 948 3455 proprium,
988 3387 1084 3442 sed
1125 3387 1331 3442 bonum
1379 3389 1623 3442 alienum
1668 3406 1682 3442 :
1724 3403 2056 3458 rursumque

478 3473 750 3543 felicitas,
812 3493 923 3533 non
987 3479 1195 3536 bonum
1263 3481 1591 3552 proprium,
1651 3482 1754 3538 sed
1815 3483 2053 3554 proximi

479 3567 704 3620 malum.

547 3667 802 3734 Narrant,
833 3671 1103 3737 vultures,
1127 3673 1455 3730 cadaverum
1490 3693 1658 3732 vorax
1690 3677 1924 3745 animal,
1949 3695 2056 3734 un-

477 3769 683 3830 guento
731 3761 984 3820 interire.
1021 3765 1098 3821 Ea
1147 3767 1296 3822 enim
1349 3778 1482 3824 sunt
1523 3770 1739 3836 indole,
1775 3781 1835 3826 ut
1880 3771 2057 3828 fetore

479 3851 715 3922 taboque
747 3854 1080 3912 cadaverum
1125 3868 1291 3930 atque
1333 3861 1488 3916 sanie
1525 3861 1839 3918 foveantur.
1871 3865 1965 3920 Sic
2000 3873 2060 3920 et

478 3943 573 4011 qui
596 3943 702 4000 hoc
724 3946 919 4002 morbo
945 3956 1227 4014 tenentur,
1251 3952 1558 4006 amicorum
1585 3955 1844 4008 secundis
1868 3955 2055 4021 rebus,

479 4035 629 4090 velut
665 4036 892 4092 admoto
936 4041 1175 4109 quodam
1223 4056 1527 4113 unguento,
1561 4045 1928 4100 emoriuntur.
1963 4047 2058 4102 Sin

479 4134 664 4182 autem
695 4129 912 4185 adversi
942 4132 1154 4202 aliquid
1182 4149 1342 4190 casus
1371 4135 1611 4206 malique
1643 4139 2056 4208 conspexerint,

480 4226 678 4287 priesto
705 4219 983 4286 advolant,
1010 4237 1181 4292 osque
1215 4224 1496 4278 aduncum
1529 4225 1840 4297 infigentes,
1866 4230 2058 4284 occul-

482 4319 592 4369 tam
623 4313 922 4368 extrahunt
947 4315 1320 4386 evulgantque
1345 4317 1652 4372 miseriam.

550 4400 809 4459 Philonis.
838 4435 910 4444 —
931 4405 1062 4472 Qua:
1091 4407 1324 4465 honesta
1357 4420 1507 4475 sunt,
1541 4426 1854 4482 quanquam
1879 4428 1948 4468 ex
1977 4411 2058 4468 in-

2157 1919 2417 1991 ενεχθείς.

2243 2097 2333 2161 Ὠς
2362 2098 2618 2156 ἀπόλοιτο
2672 2101 2750 2167 ὲξ-
2783 2101 3088 2174 ἀνθρώπων
3133 2104 3163 2158 ό
3207 2102 3423 2174 φθόνος,
3453 2106 3487 2175 η
3519 2104 3733 2172 δαπάνη

2158 2189 2266 2244 τῶν
2295 2191 2552 2263 ἐχόντων,
2585 2195 2614 2248 ό
2641 2194 2750 2248 τῶν
2798 2196 3117 2266 πασχόντων
3145 2195 3220 2260 ἰός
3245 2212 3260 2226 ·
3317 2196 3378 2248 τὸ
3424 2195 3595 2271 μόνον
3627 2195 3735 2248 τῶν

2157 2284 2345 2338 παθῶν
2383 2283 2713 2340 ἀδικώτατόν
2743 2304 2804 2340 τε
2832 2287 2950 2358 ἅμα
2983 2288 3079 2342 καὶ
3100 2288 3444 2342 δικαιότατον
3464 2305 3480 2320 ·
3516 2289 3582 2341 τὸ
3614 2290 3734 2359 μὲν,

2155 2377 2238 2430 ὅτι
2261 2377 2397 2431 πᾶσι
2433 2377 2633 2450 διοχλεῖ
2659 2379 2848 2444 καλοῖς
2873 2419 2890 2445 ,
2917 2380 2979 2434 τὸ
3005 2380 3088 2445 δὲ,
3117 2382 3199 2435 ὅτι
3229 2380 3406 2434 ἀδικεῖ
3427 2381 3559 2446 τοὺς
3595 2382 3740 2452 ἔχον-

2155 2484 2276 2532 τας.

2233 2645 2536 2714 Χρυσοστ.
2571 2676 2639 2686 -
2662 2647 2726 2700 Ὢ
2758 2645 2924 2716 φθόνε
2955 2646 3082 2720 ῥίζα
3105 2648 3361 2714 θανάτου,
3387 2652 3422 2720 ἠ
3458 2650 3733 2704 πολύπλο-

2156 2753 2252 2800 κος
2293 2737 2468 2804 νόσος,
2509 2738 2735 2811 καρδίας
2787 2739 3018 2805 όξύτατε
3074 2737 3203 2815 ἦλει
3261 2743 3423 2806 Ποῖος
3461 2743 3576 2812 γὰρ
3603 2739 3733 2815 ἧλος

2155 2827 2414 2893 ὀξύτατος
2456 2827 2629 2892 οὕτως
2683 2831 2870 2902 κεντᾷ,
2909 2830 2987 2894 ὡς
3013 2833 3042 2885 ό
3079 2831 3273 2902 φθόνος
3324 2832 3428 2904 τὴν
3493 2834 3730 2904 ἔχουσαν

2156 2920 2320 2975 αὐτὸν
2347 2921 2574 2988 καρδίαν
2600 2921 2892 2992 τιτρώσκει
2916 2938 2932 2988 ;

2240 3013 2297 3065 Ὀ
2330 3012 2541 3082 δαίμων
2581 3012 2768 3080 φθονεῖ
2799 3013 2920 3085 μὲν,
2952 3013 3262 3086 ἀνθρώποις
3293 3015 3352 3070 δέ
3373 3032 3389 3047 °
3420 3016 3642 3084 δαίμονι
3673 3017 3731 3071 δὲ

2160 3102 2357 3155 οὐδενί.
2389 3103 2459 3156 Σὺ
2485 3102 2539 3155 δὲ
2570 3101 2858 3174 ἄνθρωπος
2879 3101 2976 3171 ὢν,
3009 3103 3316 3176 ἀνθρώποις
3349 3105 3572 3175 φθονεῖς
3591 3125 3605 3137 ο
3638 3108 3733 3160 καὶ

2163 3195 2320 3257 ποίας
2352 3193 2514 3266 τεύξῃ
2553 3195 2732 3262 συγνὼ
2741 3213 2847 3266 μης
2871 3213 2884 3256 ξ

2225 3289 2407 3353 Γρηγ.
2451 3287 2604 3342 Νύσ.
2629 3317 2700 3326 -—
2725 3285 2908 3358 Φθόνῳ
2943 3289 2984 3322 ¹⁹
3013 3287 3271 3360 ἀτύχημα
3304 3289 3404 3360 μέν
3468 3291 3622 3346 ἐστιν
3667 3293 3730 3345 οὐ

2154 3378 2215 3431 τὸ
2241 3379 2370 3432 ῖδιον
2399 3379 2593 3443 κακὸν,
2647 3378 2783 3436 ἀλλὰ
2817 3380 2879 3434 τὸ
2911 3378 3192 3451 ἀλλότριον
3226 3381 3432 3450 ἀγαθόν
3457 3400 3473 3414 ο
3510 3385 3729 3454 -κατὸρο

2157 3470 2318 3542 θωμα
2339 3471 2394 3526 δὲ
2420 3469 2602 3538 πάλιν,
2632 3473 2692 3526 ού
2717 3474 2778 3527 τὸ
2804 3475 3006 3528 οἰκεῖον
3031 3474 3219 3540 καλὸν,
3252 3475 3391 3530 ἀλλὰ
3412 3474 3476 3529 τὸ
3506 3474 3602 3528 τοῦ
3633 3477 3731 3530 πέ-

2155 3563 2253 3628 λας
2285 3563 2471 3618 κακόν.

2225 3665 2547 3738 Φθείρεσθαι
2576 3666 2701 3728 τοὺς
2727 3664 3090 3738 νεκροϐόρους
3124 3665 3309 3734 γῦπας
3336 3666 3416 3738 τῷ
3458 3668 3619 3739 μύρῳ
3645 3669 3733 3723 λέ-

2155 3774 2332 3826 γουσι.
2365 3757 2507 3828 Πρὸς
2539 3757 2644 3828 γὰρ
2679 3757 2739 3809 τὸ
2775 3756 3008 3821 δυσῶδες
3037 3759 3133 3812 καὶ
3159 3757 3445 3831 διεφθορὸς
3479 3761 3665 3814 αὐτῶν
3695 3764 3731 3832 ὴ

2157 3847 2320 3917 φύσις
2347 3846 2638 3918 ᾠκείωται.
2663 3847 2774 3900 Καὶ
2799 3847 2828 3900 ό
2859 3849 2926 3918 τῇ
2957 3849 3098 3919 νόσῳ
3125 3849 3300 3922 ταύτῃ
3329 3850 3730 3921 κρατούμενος,

2155 3944 2221 4012 τῇ
2254 3941 2354 4010 μὲν
2377 3937 2646 4010 εὐημερίᾳ
2676 3937 2785 3991 τῶν
2819 3938 3008 4008 φίλων,
3037 3936 3148 3995 οἶόν
3174 3958 3322 4005 τινος
3354 3939 3536 4013 μύρου
3565 3960 3734 4015 προσ-

2157 4033 2285 4104 ϐολῇ
2344 4033 2793 4104 καταφθείρεται.
2855 4033 2918 4087 Ei
2975 4034 3033 4088 δέ
3087 4050 3141 4087 τι
3191 4032 3368 4098 πάθος
3412 4036 3476 4088 ὲκ
3512 4051 3733 4104 συμφο·

2159 4121 2267 4194 ρῶν
2307 4124 2351 4155 ⁹⁰
2381 4123 2500 4189 ῐδοι,
2540 4124 2676 4195 πρὸς
2705 4124 2865 4178 τοῦτο
2893 4125 3245 4188 καθίπταται,
3286 4125 3463 4178 καὶτὸ
3490 4126 3730 4195 ἀγκύλον

2157 4217 2351 4284 ἐπάγει
2382 4216 2578 4287 στόμα,
2625 4217 2696 4271 τὰ
2747 4219 3109 4290 κεκρυμμένα
3139 4217 3377 4285 ἐξέλκων
3404 4219 3500 4273 toi}
3530 4220 3727 4273 δυστυ-

2231 4327 2419 4364 ματος.
2801 4335 2816 4352 ⁸

2231 4327 2335 4364 αατ
2403 4345 2419 4362 .
2801 4335 2816 4352 ο

2156 4309 2513 4471 “magiae.
2565 4435 2631 4444 —
2680 4403 2764 4459 Τὰ
2793 4403 2956 4467 καλὰ,
2987 4402 3090 4458 κᾶν
3122 4403 3303 4474 φθόνῳ
3355 4403 3495 4474 πρὸς
3547 4404 3729 4472 ὀλίγον

480 4493 626 4549 vidia
657 4496 722 4551 ad
750 4497 920 4552 breve
954 4507 1171 4568 tempus
1199 4501 1495 4557 obscurata
1526 4503 1756 4569 fuerint,
1777 4521 1878 4575 per
1899 4520 2057 4560 occa-

2177 4496 2489 4565 ιπισκιασθῇ
2524 4497 2734 4569 χρόνον,
2763 4497 2860 4550 ἐπὶ
2902 4496 3083 4568 καιρῷ
3115 4495 3368 4560 λυθέντα,
3398 4496 3556 4560 αὖθις
3590 4498 3726 4549 tiva-

481 4585 692 4641 sionem
729 4603 795 4643 ac
827 4597 1141 4659 opportune
1172 4593 1375 4658 soluta,
1414 4609 1608 4649 rursus
1643 4595 2052 4664 splendescunt.

551 4677 845 4735 Plutarchi.
888 4710 959 4721 ——
1005 4681 1086 4736 Ad
1145 4683 1318 4738 solem
1374 4684 1814 4751 ambulantibus,
1861 4686 2057 4742 umbra

479 4773 796 4827 necessario
821 4787 1008 4828 comes
1031 4781 1146 4840 est;
1181 4775 1360 4847 iisque
1387 4778 1482 4846 qui
1515 4777 1822 4835 honoribus
1851 4794 1917 4834 ac
1946 4778 2061 4832 vita

479 4861 614 4918 clari
644 4863 943 4933 habentur,
969 4867 1213 4936 proclive
1247 4867 1457 4922 invidia
1484 4869 1671 4924 bzeret.

547 4981 619 4991 —-
638 4952 922 5010 Claritatis
945 4954 1136 5021 decor,
1158 4957 1311 5012 velut
1337 4957 1531 5013 morbo
1559 4958 1821 5028 quodam,
1851 4957 2060 5013 invidia

483 5041 592 5101 cito
622 5046 1020 5117 corrumpitur.

2161 4585 2384 4656 λάμπει.

2231 4679 2640 4751 Πλουτάρχου.
2671 4711 2742 4720 -
2773 4680 2900 4744 Τοῖς
2929 4679 3030 4750 μὲν
3067 4678 3158 4733 διὰ
3193 4680 3288 4732 τοῦ
3313 4679 3468 4750 ἡλίου
3500 4697 3722 4750 πορευο-

2160 4771 2342 4840 μένοις
2371 4770 2564 4825 ἓπεται
2599 4770 2720 4824 κατ’
2750 4769 2998 4840 ἀνάγκην
3027 4770 3154 4824 σκιά
3181 4787 3195 4800 ·
3253 4773 3368 4834 τοῖς
3411 4772 3471 4824 δὲ
3514 4771 3600 4824 διὰ
3627 4771 3722 4839 τῆς

2157 4862 2316 4930 δόξης
2349 4861 2654 4932 βαδίζουσιν
2678 4860 2961 4916 ἀκολουθεί
2988 4861 3200 4932 φθόνος.

2227 4954 2301 5006 Τὸ
2326 4956 2423 5024 τῆς
2453 4952 2611 5025 δόξης
2648 4953 2842 5016 κάλλος
2887 4952 3076 5023 ὥσπερ
3135 4952 3240 5008 ὑπὸ
3270 4951 3431 5007 νόσου
3465 4952 3559 5006 τοῦ
3593 4952 3717 5021 φθό-

2160 5064 2253 5102 νου
2293 5047 2431 5116 ταχὺ
2459 5045 2910 5117 καταφθείρεται.
3753 5019 3788 5044 ᾖ

1752 5187 1988 5242 νΑιιιλΕ
2030 5185 2441 5243 LECTIONES.

553 5273 597 5305 η
625 5273 685 5327 Β.
712 5272 925 5343 φθόνος.
1003 5277 1048 5310 ὀ
1067 5276 1129 5331 Β.
1154 5280 1459 5354 συμφορᾶς.

1985 5369 2222 5426 NOTAE.

559 5483 923 5559 (i)_"E;rs:a¢_
967 5485 1047 5552 τῷ
1083 5488 1282 5556 ἀγαθῷ
1308 5491 1345 5557 ἡ
1375 5490 1652 5559 ἀφθονία.
1705 5492 1880 5546 Nimis
1913 5490 2053 5546 forte

489 5555 778 5632 restringit
810 5555 947 5610 Bud.
983 5572 1103 5632 eam
1133 5555 1518 5632 vocem,ud'iim
1557 5561 1758 5632 reddit,
1805 5561 2052 5632 Equites

493 5625 869 5699 gnirpic'arem
892 5629 1278 5699 oniniiuvidia.
1339 5630 1518 5685 Malim
1571 5631 1632 5684 τὸ
1687 5625 1909 5699 ἀγαθὸν.
1966 5631 2055 5688 hic

493 5694 717 5771 l_hsilio,
754 5696 932 5771 ipsum
957 5698 1124 5771 Deum
1152 5713 1293 5771 esse,
1333 5708 1389 5771 et
1417 5702 1621 5770 opponi
1652 5694 2051 5771 diabolo,quod

499 5764 642 5820 Deus
664 5764 792 5821 vere
817 5767 1046 5837 ἄφθονος
1080 5769 1170 5832 sit,
1199 5768 1314 5840 ipsa
1349 5764 1752 5837 bon'i'ratione,
1811 5764 2054 5826 liberalis

2162 5490 2247 5546 sui
2309 5489 2604 5546 diffusione
2657 5497 2712 5543 et
2733 5488 2850 5542 sine
2908 5486 3134 5540 invidia.
3195 5484 3459 5539 Diabolus
3513 5495 3713 5552 semper

2204 5559 2749 5632 Oovspb;.__rnali1ue
2807 5566 3002 5632 auctor
3045 5555 3368 5610 hominibus
3439 5554 3712 5632 exsistens.

2204 5577 2442 5632 υονερος.
2511 5577 2636 5613 "la"
2656 5577 2749 5628 ‘lle
2807 5577 3002 5611 allCIOI'
3045 5577 3368 5610 [IOIIIIDIDUS
3439 5577 3712 5609 CXSISU'IIBo

2159 5577 2317 5697 δυοά
2349 5629 2530 5684 reddit
2551 5629 2716 5684 Gcsn.
2743 5637 2802 5682 ut
2824 5628 2908 5680 vir
2932 5628 3050 5680 viro
3076 5635 3411 5697 apponatur,
3452 5625 3625 5679 bonus
3656 5634 3712 5674 ac

2160 5696 2366 5769 probus
2404 5697 2812 5764 calumniatori,
2842 5697 2978 5751 nihil
3011 5696 3284 5766 approbo.
