3964 6276
154 319 242 385 961
1452 309 1619 369 LOCI
1659 308 2100 371 COMMUNES.

3294 313 3401 378 962

224 427 603 497 Ἀνάχαρσις,
627 454 698 463 -
738 422 1064 493 Ἀνάχαρσις
1090 424 1118 475 ό
1149 420 1364 490 Σκύθης
1396 421 1715 491 ἐρωτηθεὶς,

1893 419 2235 472 Anacharsis.
2272 449 2341 461 -—
2372 420 2706 476 Anacharsis
2746 421 2947 494 Scytha
2973 432 3218 494 rogatus,
3266 425 3402 495 quid

152 522 237 574 Διά
267 520 385 572 τίνα
435 516 613 571 αἰτίαν
639 516 919 583 ἄνθρωποι
954 512 1250 567 λυποῦνται
1282 513 1517 566 πάντοτε
1542 528 1555 575 ;
1586 510 1709 581 ἔφη,

153 615 262 664 Ὀτι
282 611 344 662 οὑ
379 610 544 680 μόνον
574 606 773 671 αὐτοὺς
801 607 872 660 τὰ
902 606 1009 659 ῐδια
1047 604 1195 659 κακὰ
1231 603 1413 669 λυπεῖ,
1455 603 1591 656 ἀλλὰ
1620 604 1715 657 καὶ

150 704 210 757 τὰ
233 701 493 771 ἀλλότρια
520 698 722 768 ἀγαθά.

224 795 520 861 Ἀριστοτ.
566 821 638 834 ——
677 789 899 856 ¢06vo;,
930 790 1119 861 φησὶν,
1159 790 1569 861 ἀνταγωνιστής
1600 789 1715 842 ὲστι

150 885 246 938 τῶν
274 884 632 954 εὐτυχόντων.

210 977 523 1047 Δημοκρίτ.
558 1007 630 1016 --
679 976 746 1031 Ἦ
772 975 882 1029 τῶν
930 975 1151 1044 ἀγαθῶν
1202 976 1322 1048 ἔρις
1372 975 1578 1029 ὠφελεῖ
1625 975 1716 1030 τὸν

153 1070 421 1143 ζηλοῦντα,
469 1069 545 1141 μὴ
580 1070 893 1140 βλάπτουσα
920 1068 1014 1122 τὸν
1039 1067 1393 1141 ζηλούμενον.

211 1164 316 1217 Οὔκ
356 1162 427 1215 ἂν
459 1162 703 1215 ἐκώλυον
733 1163 782 1215 οἱ
814 1162 968 1232 νόμοι
1010 1160 1110 1232 ζῇν
1158 1162 1393 1215 ἕκαστον
1424 1162 1548 1215 κατ’
1580 1160 1715 1216 ίδίαν

151 1254 405 1321 ἐξουσίαν,
465 1255 516 1306 εἰ
567 1254 641 1325 μὴ
677 1253 867 1325 ἕτερος
916 1253 1104 1323 ἕτερον
1150 1255 1490 1325 ἐλυμαίνετο.
1518 1254 1716 1319 Φθὸνος

149 1350 241 1419 γὰρ
268 1348 488 1409 στάσιος
516 1347 691 1416 ἀρχὴν
714 1347 1114 1417 ἀπεργάζεται.

219 1437 274 1490 '0
302 1435 464 1500 αὐτὸς
518 1435 610 1489 τὸν
658 1435 852 1506 φθόνον
888 1434 1043 1489 εἶπεν
1083 1436 1241 1501 ἕλκος
1284 1434 1427 1492 εἶναι
1455 1438 1555 1509 τῆς
1582 1438 1714 1509 ἁλη-

153 1529 304 1592 θείας.

214 1618 578 1691 Κλειτάρχου
608 1620 675 1674 ¹¹.
718 1650 792 1659 --
820 1619 1030 1691 Ὠσπερ
1061 1620 1165 1672 ὑπὸ
1188 1618 1282 1674 τοῦ
1318 1620 1397 1674 ξοῦ
1432 1621 1525 1674 τὸν
1562 1622 1713 1692 σίδη-

160 1731 256 1783 ρον,
282 1711 425 1764 οὕτω
450 1711 582 1774 τοὺς
608 1709 903 1781 φθονεροὺς
934 1710 1041 1763 ὑπὸ
1068 1709 1164 1764 τοῦ
1217 1711 1350 1764 ἰδίου
1391 1712 1553 1782 ἤθους
1585 1729 1710 1765 κατ·

155 1802 436 1857 εσθίεσθαι.

210 1895 538 1965 Σωκράτης.
586 1925 659 1936 —-
712 1897 911 1949 Πολλοὶ
965 1895 1229 1959 θανόντας
1281 1895 1573 1965 ἁμείὸουσι
1603 1896 1717 1957 τοῖς

153 1990 343 2058 τάφοις,
381 1987 478 2053 οὓς
506 1988 590 2060 τῷ
611 1988 792 2061 φθόνῳ
819 1988 1088 2060 πρότερον
1118 1989 1359 2059 ήλγυναν
1388 1988 1619 2052 ζῶντας.

221 2166 275 2220 '0
303 2168 461 2233 αὐτὸς
507 2169 603 2222 τὸν
630 2168 825 2240 φθόνον
862 2170 964 2241 ἔφη
994 2169 1095 2240 τῆς
1120 2169 1298 2241 ψυχῆς
1323 2165 1463 2223 εἶναι
1493 2169 1716 2239 πρίονα.

231 2259 471 2313 Λευκίπ.
519 2287 595 2299 ——
659 2258 974 2327 Ζηλοτυπία
1012 2260 1122 2330 γὰρ
1191 2258 1336 2326 ἅπαξ
1400 2259 1721 2331 ἐμπεσοῦσα

130 2349 303 2419 ’ψυχῇ
326 2349 722 2404 δυσέκλειπτον
751 2350 888 2404 ὲστί.

218 2443 537 2496 Κλεόϐουλ.
570 2472 644 2481 -
702 2442 1037 2508 Κλεόϐουλος
1070 2446 1099 2498 ὁ
1151 2444 1385 2508 Λίνδιος,
1421 2443 1722 2515 ἐρωτηθεὶς

159 2533 249 2586 ὑπό
276 2550 437 2601 τινος,
475 2533 619 2588 Τίνα
672 2534 756 2589 δεῖ
812 2536 1049 2607 μάλιστα
1096 2536 1511 2606 φυλάττεσθαι;
1544 2532 1719 2601 εἶπεν,

159 2624 262 2676 Τῶν
293 2625 390 2694 μὲν
442 2608 619 2693 ιρίλων
670 2625 763 2679 τὸν
834 2626 1063 2696 φθόνον,
1110 2627 1223 2681 τῶν
1268 2627 1325 2680 δὲ
1375 2625 1589 2697 ἐχθρῶν
1622 2627 1722 2697 τὴν

161 2715 451 2789 ἐπιϐουλήν.

221 2808 454 2875 Βίωνος.
480 2840 561 2851 -
598 2809 740 2864 Βίων
767 2812 797 2864 ὁ
832 2811 1117 2884 σοφιστὴς,
1154 2810 1279 2865 ἰδών
1306 2828 1429 2865 τινα
1460 2808 1724 2881 φθονερὸν

163 2898 342 2969 σφόδρα
374 2901 677 2970 κεκυφότα,
714 2899 892 2967 εἶπεν,
925 2904 997 2957 Ἦ
1016 2904 1196 2975 τούτῳ
1230 2904 1371 2975 μέγα
1393 2902 1564 2957 κακὸν
1596 2918 1726 2973 συμ-

162 2989 389 3061 6έ6ηκεν,
429 2992 463 3064 ἢ
499 2991 652 3065 ἄλλῳ
685 2995 828 3066 μέγα
859 2994 1089 3064 ἀγαθόν.

767 3191 1112 3261 Ἀγάθωνος.

285 3286 400 3358 ρύκ
420 3283 503 3358 ἦν
536 3283 615 3337 ἂν
648 3283 1058 3358 ᾀνθρῴσζοισιν
1085 3286 1154 3339 ἐν
1181 3287 1301 3351 ,Βίῳ
1332 3289 1577 3358 φθόνος,

278 3356 345 3407 Ei
374 3354 605 3421 πάντες
640 3354 795 3423 ἦμεν
821 3355 890 3419 ἐξ
918 3356 1061 3409 ἴσου
1094 3354 1455 3426 πεφυκότες.

226 3447 549 3517 Θεόφραστ.
586 3478 660 3487 —
705 3447 1055 3519 Θεόφραστος
1119 3446 1277 3514 εἷπε,
1324 3453 1454 3515 τοὺς
1519 3452 1725 3526 μοχθη-

169 3540 278 3610 ροὺς
303 3542 406 3595 τῶν
440 3543 774 3613 ἀνθρώπων,
830 3545 929 3615 οὐχ
976 3544 1149 3609 οὕτως
1191 3544 1419 3616 ἥδεσθαι
1472 3547 1568 3600 ἐπὶ
1611 3550 1725 3612 τοῖς

170 3629 298 3693 ἰδίοις
317 3631 565 3700 ἀγαθοῖς,
595 3633 672 3697 ὡς
709 3634 802 3686 ἐπὶ
835 3636 950 3697 τοῖς
979 3633 1286 3704 ἀλλοτρίοις
1313 3638 1529 3700 κακοῖς.

223 3723 474 3778 Πλάτων.
501 3754 578 3764 -
610 3724 839 3793 ’Δγαθὸς
866 3722 993 3797 ἧν·’
1028 3727 1220 3798 ἀγαθῷ
1269 3729 1327 3781 δὲ
1376 3728 1551 3793 οὐδεὶς
1598 3733 1727 3802 περὶ

168 3812 355 3877 οὐδενὸς
382 3817 644 3870 οὐδέποτε
670 3817 885 3886 γίνεται
917 3818 1132 3888 φθόνος.

238 3904 609 3976 ’Δριστονύμ.
630 3938 703 3947 —
739 3908 798 3961 Ὀ
833 3908 1046 3978 φθόνος,
1090 3909 1284 3983 ὥσπερ
1313 3910 1516 3980 φαῦλος
1548 3913 1727 3984 δημα-

169 3998 346 4065 γωγὸς,
383 4003 506 4065 ταῖς
543 4001 738 4065 καλαῖς
768 4001 1239 4059 ἀντιπολιτεύεται
1274 4005 1563 4076 πράξεσιν.

228 4091 593 4148 Θουκιδίδου.
624 4124 693 4133 -
719 4094 917 4159 Φθόνος
946 4098 1058 4159 τοῖς
1087 4096 1220 4160 ζῶσι
1252 4099 1388 4167 πρὸς
1416 4098 1477 4151 τὸ
1508 4099 1729 4151 ἀντίπα-

172 4180 273 4233 λον·
298 4184 357 4239 τὸ
387 4185 444 4240 δὲ
474 4182 557 4257 μὴ
585 4185 861 4257 ἐμποδὼν,
885 4189 1349 4260 ἀνανταγωνίστῳ
1379 4190 1563 4262 εὐνοίᾳ
1584 4190 1727 4244 τετί-

177 4290 345 4342 μηται.

244 4291 345 4331 ται.

210 4291 570 4440 ΥὶΆναιξιμέν.
623 4400 694 4410 —
718 4371 876 4424 Ὅσοι
910 4371 1017 4444 γὰρ
1057 4371 1125 4424 τὰ
1159 4372 1341 4437 καλῶς
1396 4373 1633 4446 ρηθέντα
1687 4374 1721 4444 ἢ

1823 527 2002 565 causa:
2025 521 2172 565 esset
2201 527 2300 567 cur
2338 512 2594 568 homines
2636 529 2858 585 semper
2898 516 3123 571 doleant
3158 534 3170 570 :
3215 514 3400 583 Quod,

1825 603 2028 672 inquit,
2056 618 2169 657 non
2201 604 2380 659 solum
2409 620 2507 659 sua
2536 606 2679 660 mala
2718 606 2963 673 doleant,
3003 607 3100 662 sed
3128 616 3187 663 et
3223 608 3405 663 aliena

1823 694 1991 751 bona.

1898 789 2169 844 Aristotel.
2198 820 2269 829 —
2301 788 2512 845 Invidia
2545 789 2772 844 illorum“
2796 789 3151 845 adversarius
3178 800 3283 860 est,
3312 795 3407 863 qui

1818 883 1994 938 rebus
2019 882 2286 938 secundis
2315 890 2570 937 utuntur.

1897 970 2175 1024 Bonorum
2207 971 2494 1025 contentio
2525 971 2681 1041 juvat
2706 970 3080 1038 armulantem,
3108 988 3212 1028 nec
3238 973 3288 1027 ei
3320 974 3409 1027 cui

1822 1062 2123 1125 aemuleris,
2150 1062 2361 1131 aliquid
2390 1072 2573 1117 nocet.

1896 1153 2180 1207 Democrit.
2209 1184 2279 1192 —
2318 1154 2611 1224 Nunquam
2648 1154 2797 1224 leges
2838 1170 2940 1210 suo
2976 1170 3251 1226 quemque
3285 1156 3410 1226 jure

1824 1260 1888 1300 ac
1936 1246 2212 1300 arbitratu
2259 1246 2450 1301 vivere
2497 1256 2779 1308 vetarent,
2827 1248 2934 1302 nisi
2981 1248 3123 1302 alter
3173 1249 3410 1302 alterum

1823 1338 2053 1394 laederet
2088 1357 2101 1391 :
2141 1338 2349 1393 invidia
2385 1338 2563 1404 enim,
2599 1340 2895 1395 seditionis
2929 1340 3083 1410 origo
3116 1350 3219 1395 est.

1895 1431 2071 1499 Idem,
2108 1430 2374 1485 invidiam
2410 1431 2574 1487 ulcus
2604 1446 2725 1486 esse
2754 1431 3006 1486 veritatis
3035 1431 3258 1487 dicebat
3283 1450 3303 1483 -.

1894 1611 2168 1668 Clitarchi.
2194 1641 2267 1651 ο-
2290 1610 2363 1667 Ut
2388 1609 2670 1681 ferrugine
2694 1608 2923 1677 ferrum,
2952 1610 3034 1665 sic
3064 1609 3282 1664 invidos
3313 1626 3409 1665 sua

1826 1704 1975 1775 ipsos
2003 1704 2187 1758 indole
2214 1702 2493 1758 consumi.

1892 1876 2159 1933 Socrates.
2201 1909 2272 1919 -—
2312 1877 2470 1932 Multi
2517 1876 2674 1947 quasi
2723 1878 2864 1949 grati
2912 1879 3084 1938 animi
3133 1879 3409 1951 signiﬁca-

1824 1972 1995 2038 tione,
2028 1970 2306 2027 defunctis
2337 1980 2696 2026 monumenta
2729 1980 2964 2041 ponunt,
2995 1989 3135 2043 quos
3168 1975 3323 2045 prius
3355 1977 3411 2028 in

1820 2064 1965 2119 vivis
1990 2073 2218 2135 agentes
2245 2078 2484 2119 mmrore
2518 2064 2895 2119 confecerant.

1891 2153 2041 2208 Idem
2072 2153 2255 2208 aiebat
2281 2153 2546 2207 invidiam
2579 2156 2746 2209 animi
2796 2171 2919 2211 esse
2946 2172 3181 2213 serram.

1891 2245 2189 2317 Leucippis.
2211 2276 2284 2285 ——
2306 2244 2604 2301 Emulatio
2632 2246 2780 2301 enim
2813 2263 2939 2303 cum
2967 2249 3215 2304 animum
3240 2251 3411 2305 semel

1824 2339 2110 2401 invaserit,
2134 2354 2278 2408 aegre
2308 2347 2495 2409 potest
2523 2340 2758 2395 aboleri.

1894 2430 2191 2485 Cleobulus.
2219 2463 2289 2471 ——
2311 2431 2612 2487 Cleobulus
2639 2433 2894 2498 Lindius,
2920 2448 3047 2488 cum
3077 2450 3147 2490 ex
3168 2450 3235 2491 eo
3263 2452 3415 2506 quaa-

1824 2530 2040 2576 reretur
2077 2540 2089 2575 :
2122 2521 2289 2592 659
2319 2522 2449 2589 Quae
2481 2524 2721 2577 maxime
2744 2522 2970 2577 vitanda
2999 2532 3245 2592 putaret;
3268 2522 3418 2581 Ami-

1822 2628 2035 2679 corum,
2059 2615 2260 2684 inquit,
2282 2615 2570 2680 invidiam,
2595 2624 2652 2671 et
2674 2615 3029 2671 inimicorum
3055 2616 3304 2672 insidias.

1893 2815 2098 2869 Bionis.
2126 2845 2196 2855 —
2233 2814 2367 2869 Bion
2410 2816 2689 2885 sophista,
2722 2833 2847 2870 cum
2883 2817 3125 2887 aliquem
3161 2819 3411 2877 invidum

1827 2908 1970 2963 tristi
2001 2907 2161 2962 valde
2196 2923 2261 2961 ac
2289 2907 2531 2962 demisso
2564 2909 2721 2962 vultu
2759 2909 3109 2965 incedentem
3140 2912 3408 2968 vidisset:

1824 3000 1955 3063 Aut,
1979 3000 2183 3069 inquit,
2208 2999 2340 3055 huic
2371 2999 2566 3071 ingens
2600 3001 2803 3055 malum
2840 2999 3056 3065 accidit,
3122 3012 3217 3057 aut
3247 3004 3409 3060 alteri

1827 3093 2021 3165 ingens
2051 3093 2282 3145 bonum.

2460 3204 2771 3273 Agathonis.

1825 3294 2018 3349 Nullus
2053 3295 2103 3347 in
2140 3296 2245 3348 vita
2280 3294 2413 3349 livor
2445 3303 2577 3348 esset
2612 3294 2950 3359 mortalibus,

1825 3365 1983 3420 Nobis
2012 3366 2087 3418 ita
2119 3368 2463 3436 comparatis,
2491 3374 2547 3418 ut
2582 3382 2759 3419 omnes
2791 3366 3023 3435 a-quales
3055 3382 3303 3422 essemus.

1900 3458 2239 3529 Thraphrast.
2258 3486 2327 3498 —
2348 3458 2717 3528 Theophrasti
2748 3460 3025 3514 sententia
3053 3468 3171 3515 erat
3198 3477 3211 3515 :
3240 3462 3411 3519 Malos

1827 3551 2081 3607 homines
2131 3566 2193 3606 ac
2242 3566 2513 3615 morosos,
2556 3558 2665 3605 non
2712 3559 2822 3605 tam
2868 3552 2985 3607 suis
3030 3553 3211 3619 bonis,
3247 3572 3411 3626 quam

1827 3644 2024 3699 alienis
2058 3645 2218 3700 malis
2249 3642 2535 3698 delectari.

1897 3735 2076 3788 Plato.
2110 3765 2177 3773 —-
2208 3734 2395 3787 Bonus
2434 3744 2555 3789 crat
2590 3751 2603 3786 :
2644 3733 2697 3788 ei
2740 3741 2922 3789 autem
2962 3734 3057 3805 qui
3098 3734 3278 3792 bonus
3316 3736 3409 3804 sit,

1827 3826 1979 3880 nulla
2016 3841 2080 3880 cx
2121 3839 2285 3879 causa
2322 3824 2467 3878 ullus
2496 3823 2781 3879 suboritur
2810 3823 2971 3879 livor.

1900 3916 2244 3987 Aristonymi.
2273 3946 2342 3955 —
2371 3915 2604 3978 Invidia,
2635 3914 2780 3970 sicut
2805 3917 2986 3971 malus
3017 3927 3206 3972 orator
3232 3934 3411 3989 popu-

1826 4006 1980 4075 lique
2009 4006 2229 4070 ductor,
2256 4005 2506 4060 honestis
2538 4005 2754 4059 actibus
2784 4005 3129 4060 adversatur.

1900 4096 2214 4167 Theucydid.
2238 4126 2310 4135 —
2345 4096 2614 4150 Invidiam
2655 4096 2917 4150 mortales
2952 4106 3231 4161 exercent,
3262 4097 3317 4151 in
3355 4097 3413 4153 id

1830 4189 1979 4259 quod
2024 4189 2348 4245 adversatur
2395 4207 2408 4243 :
2451 4189 2603 4259 quod
2640 4204 2771 4244 vero
2808 4190 2945 4244 nulli
2986 4190 3270 4246 obstaculo
3305 4203 3413 4260 est,

1830 4282 1965 4336 nihil
2004 4282 2173 4336 invita
2210 4282 2597 4337 benevolentia
2629 4281 2837 4335 colunt.

1902 4373 2219 4428 Anaximen.
2251 4402 2321 4413 —-
2359 4373 2462 4438 Qui
2510 4388 2609 4441 per
2654 4372 2918 4426 invidiam
2959 4388 3080 4441 qua:
3124 4374 3227 4428 rite
3268 4375 3415 4429 dicta

172 4460 462 4533 πραχθέντα
485 4464 579 4518 διὰ
611 4466 804 4533 φθόνον
833 4466 934 4519 οὐκ
971 4466 1280 4532 ἐπαινοῦσι,
1319 4466 1436 4530 πῶς
1483 4462 1630 4521 οὗτοι
1660 4468 1720 4521 ἂν

1868 4476 1929 4521 ut
1958 4475 2110 4537 gesta
2145 4465 2255 4519 sint
2285 4480 2394 4518 non
2430 4464 2687 4530 laudant;
2722 4464 2812 4530 hi,
2844 4479 2958 4535 quo
2994 4465 3213 4520 tandem
3250 4467 3415 4523 modo

173 4555 269 4614 τοῖς
292 4552 469 4625 ἔργοις
494 4556 840 4626 ὠφελήσειαν
860 4574 876 4622 ;

233 4645 517 4714 Κάτωνος.
547 4679 619 4688 -
643 4649 885 4703 ’Ἢκιστα
945 4650 1263 4720 φθονεῖσθαι
1316 4652 1469 4722 ἔλεγε
1499 4654 1626 4718 τοὺς
1657 4656 1723 4726 τῇ

174 4734 296 4810 τύχῃ
341 4740 659 4811 χρωμένους
709 4743 970 4806 ἐπιεικῶς
1008 4744 1105 4797 καὶ
1168 4743 1422 4814 μετρίως.
1481 4745 1557 4799 Οὐ
1612 4744 1723 4817 γὰρ

178 4827 308 4894 ἡμῖν,
338 4829 472 4883 ἀλλὰ
508 4833 622 4896 τοῖς
655 4832 784 4903 περὶ
820 4834 971 4903 ἡμᾶς
997 4833 1310 4901 φθονοῦσιν.

250 5005 590 5078 Ἀνωνύμου.
623 5040 693 5049 —
747 5010 940 5064 υύδενὶ
995 5012 1325 5081 φθονητέον’
1381 5012 1580 5083 ἁγαθοὶ
1628 5014 1729 5083 μὲν

181 5094 274 5165 γὰρ
308 5100 472 5164 ἄξιοι·
514 5105 675 5157 κακοὶ⁵
712 5103 757 5155 δ’
798 5103 864 5157 ἂν
893 5104 1216 5174 εὐτυχῶσιν,
1249 5106 1436 5169 κακῶς
1466 5106 1652 5170 ζῶσιν.

244 5270 600 5348 Θεμιστοκλῆς
658 5278 942 5350 μειράκιον
974 5278 1072 5346 ὢν,
1116 5279 1270 5332 οὐδὲν
1316 5278 1419 5349 ἔφη
1464 5279 1729 5350 πράττειν

184 5355 444 5431 λαμπρόνο
475 5367 629 5421 οὒπω
663 5369 772 5439 γὰρ
822 5367 1158 5436 φθονεῖσθαι.
1200 5368 1468 5440 Καθάπερ
1517 5370 1626 5441 γὰρ
1668 5372 1728 5422 al

186 5452 477 5526 νανθαρίδες
509 5461 807 5531 ἐμφύονται
850 5461 1088 5530 μάλιστα
1123 5459 1205 5531 τῷ
1234 5461 1541 5531 ἀκμάζοντι
1572 5462 1725 5534 σίτῳ,

1835 4559 1953 4629 ipsa
1986 4573 2044 4611 re
2069 4557 2343 4627 juverint?

1905 4647 2143 4704 Catonis.
2168 4679 2239 4688 —-
2270 4648 2427 4703 Ilaud
2458 4663 2590 4703 sane
2626 4646 2845 4702 invidiae
2876 4648 3143 4702 obnoxios
3177 4663 3296 4703 esse
3328 4649 3412 4704 di-

1834 4739 2017 4804 cebat,
2042 4740 2136 4809 qui
2171 4739 2419 4794 modeste
2458 4755 2522 4795 ac
2561 4748 2865 4808 temperate
2903 4740 3123 4794 fortuna
3165 4746 3412 4795 utantur.

1835 4831 1957 4886 Non
1986 4831 2136 4885 enim
2167 4846 2271 4885 nos
2305 4830 2569 4886 invidiam
2604 4839 2816 4901 petere,
2848 4830 2945 4885 sed
2980 4845 3071 4885 res
3103 4837 3321 4886 nostras
3350 4847 3415 4886 ac

1837 4936 1960 4993 quae
1992 4920 2141 4976 circa
2175 4936 2278 4975 nos
2309 4922 2597 4975 exsistant.

1904 5014 2121 5069 Incerti.
2161 5043 2231 5053 -
2272 5014 2445 5068 Nemo
2495 5013 2913 5084 prosequendos
2962 5010 3164 5066 invidia
3214 5028 3229 5063 :
3282 5010 3413 5065 boni

1836 5103 2006 5170 enim,
2035 5104 2186 5175 digni
2221 5114 2350 5158 sunt
2380 5105 2474 5174 qui
2506 5104 2676 5158 rebus
2703 5102 2959 5158 secundis
2988 5110 3214 5177 utantur
3243 5118 3257 5155 :
3288 5102 3418 5158 mali

1836 5196 1882 5251 si
1916 5204 2167 5259 utuntur,
2194 5195 2333 5248 male
2357 5194 2573 5248 vivunt.

1910 5283 2311 5339 Themistocles
2353 5283 2536 5337 adhuc
2580 5280 2982 5337 adolescentior
3014 5315 3029 5342 ,
3104 5280 3239 5334 nihil
3286 5281 3415 5336 dum

1834 5395 1894 5435 se
1940 5378 2291 5450 splendidum
2334 5390 2494 5447 agere
2535 5374 2782 5441 dicebat;
2828 5376 3031 5444 quippe
3072 5374 3167 5444 qui
3210 5374 3411 5429 invidia

1834 5468 2061 5522 minime
2104 5475 2409 5538 peteretur.
2444 5465 2580 5521 Nam
2626 5464 2769 5519 sicut
2809 5465 3057 5519 canthari
3108 5463 3413 5537 (scarabeor

188 5543 396 5612 καὶτοῖς
446 5552 696 5607 εὐθαλέσι
745 5553 950 5621 ῥόδοιςο
1010 5547 1155 5604 οὕτω
1188 5553 1216 5605 ὁ
1261 5551 1455 5620 φθόνος
1492 5552 1720 5608 ἅπτεται

1869 5559 2054 5629 ocant)
2107 5559 2337 5613 robusto
2388 5558 2624 5612 maxime
2677 5557 3039 5611 innascuntur
3092 5556 3308 5621 tritico,
3350 5570 3415 5611 ac.

1426 5669 1657 5726 VARI/{'3
1696 5669 2101 5729 LECTIONES.

250 5728 288 5761 "
316 5730 425 5787 ἄλλ.
469 5734 826 5809 Πλουτάρχου.
