3964 6276
171 294 267 360 995
1457 286 1626 346 LOCI
1668 285 2105 345 COMMUNES.
2924 294 2935 303 ‘
3302 279 3407 343 966

225 402 426 470 Ὠσπερ
463 398 540 470 τῷ
584 397 833 469 στρουθῷ
884 397 994 451 τῶν
1048 397 1263 469 πτερῶν
1320 396 1510 467 ὄφελος
1549 398 1722 460 οὐδὲν,

1898 396 1968 451 Ut
2015 394 2331 465 passerculo
2374 392 2512 449 nihil
2556 394 2779 465 prodest
2816 393 2961 464 quod
3007 392 3109 447 alis
3150 391 3413 461 praeditus

169 494 258 548 ὑπὸ
288 493 385 562 τῆς
414 490 641 560 παγίδος
675 491 877 555 ἁλόντι,
910 490 1027 543 ἀλλ’
1062 492 1186 561 είκῆ
1228 492 1323 544 καὶ
1368 490 1546 561 μάτην
1592 507 1724 543 πτε-

1841 495 1935 552 est,
1967 488 2014 540 si
2049 487 2247 556 laqueo
2281 487 2531 541 irretitus
2566 496 2848 553 teneatur;
2880 486 2977 541 sed
3002 485 3207 540 frustra
3230 485 3411 538 nullo-

169 586 457 657 ρύσσεταιο
506 581 647 635 οὕτω
677 582 773 635 καὶ
818 582 904 635 σοὶ
947 582 1056 635 τῶν
1095 582 1373 653 λογισμῶν
1408 581 1561 635 οὐδὲν
1596 582 1723 650 ὀφε-

1841 594 1940 649 que
1982 579 2277 634 commodo
2313 579 2560 634 concutit
2599 579 2740 643 alas;
2781 579 2862 633 sic
2898 587 2955 633 et
2998 578 3097 632 tibi
3136 578 3415 631 rationum

165 677 264 737 λος,
294 674 389 727 ἑὰν
441 671 787 743 κατακράτος
827 671 933 724 ὑπὸ
980 671 1081 741 τῆς
1134 672 1378 742 πονηρᾶς
1431 670 1728 740 ἐπιθυμίας

1841 670 2033 725 mentis
2083 671 2234 725 nulla
2281 670 2470 725 futura
2507 670 2738 735 utilitas,
2788 670 2834 724 si
2876 684 3043 739 prava
3114 668 3413 738 cupiditate

165 763 314 833 ἁλῷς.
1837 766 2066 818 omnino
2110 772 2306 833 captus
2339 763 2597 819 tenearis.
3246 778 3247 781 ‘

224 852 563 908 Διονυσίου.
595 882 669 892 —
698 851 816 906 Οὐκ
859 852 1287 923 ήναγκασμένην
1334 850 1479 922 ζωὴν
1530 851 1727 922 ἔχομεν

1899 856 2160 929 Dionysii.
2200 888 2269 897 —
2314 856 2434 911 Non
2478 872 2542 911 ea
2587 864 2775 911 nostra
2818 854 3107 909 hominum
3152 853 3262 908 vita
3308 862 3412 915 est,

163 947 205 997 οί
233 944 531 1015 ἄνθρωποι.
582 940 720 995 Οὗτε
753 942 863 1012 γὰρ
894 942 985 995 διὰ
1029 942 1129 1013 τὴν
1169 940 1278 994 τῶν
1311 942 1728 1012 προνοουμένων

1841 962 1953 1016 qua:
1982 945 2309 1000 necessitate
2340 954 2551 1015 agatur.
2577 945 2697 999 Non
2729 944 2875 998 enim
2908 943 3117 997 idcirco
3140 941 3289 1011 quod
3321 939 3416 1009 qui

164 1034 607 1105 αὑτεξουσιότητα
636 1034 706 1087 τὰ
746 1034 867 1088 θεῖα
897 1034 1053 1103 φῶτα
1107 1035 1210 1105 τῆς
1248 1035 1615 1106 προνοητικῆς
1643 1036 1729 1087 ἑλ-

1841 1038 2181 1108 providentia
2205 1046 2490 1107 reguntur,
2509 1037 2763 1091 libertate
2786 1035 3001 1089 arbitrii
3026 1033 3239 1104 praediti
3265 1041 3415 1097 sunt,

165 1128 406 1200 λάμψεως
437 1126 876 1198 ἀπαμϐλύνεται.

1841 1130 2018 1185 divina
2048 1129 2256 1183 lumina
2285 1128 2614 1183 illustrantis
2641 1126 3001 1197 providentia:
3024 1126 3413 1180 obscurantur.

221 1217 499 1287 Διδύμου.
544 1248 616 1257 —
661 1217 744 1270 Τὰ
778 1217 880 1288 μὲν
929 1216 1162 1272 ἀκούσια
1212 1218 1587 1289 ἁμαρτήματα
1636 1218 1729 1271 καὶ

1899 1221 2134 1293 Didymi.
2160 1252 2228 1263 --
2258 1221 2488 1275 Peccata
2519 1234 2628 1273 non
2660 1235 2727 1273 ex
2750 1218 3057 1283 voluntate,
3082 1226 3139 1272 et
3167 1218 3254 1271 lex
3286 1231 3417 1270 con-

166 1312 315 1381 νόμος
348 1313 650 1382 συγχωρεῖ,
691 1310 788 1363 καὶ
815 1309 948 1373 Θεὸς
974 1313 1193 1383 παρορᾷ
1219 1312 1602 1385 φιλάνθρωπος
1629 1312 1724 1379 ὢν,

1841 1313 2022 1377 donat,
2047 1320 2103 1367 et
2135 1313 2279 1367 Deus
2309 1326 2449 1381 pene
2478 1311 2731 1380 despicit,
2762 1318 2823 1363 ut
2847 1312 2940 1380 qui
2976 1310 3047 1363 sit
3078 1310 3322 1363 clemens
3352 1323 3418 1362 ac

166 1405 250 1457 καὶ
271 1406 368 1458 οὐκ
393 1405 613 1475 ἀπηνὴς
640 1403 733 1457 καὶ
757 1402 867 1455 τῶν
892 1404 1179 1457 ἑκουσίων.
1476 1404 1485 1407 ’

1841 1404 2172 1470 misericors,
2197 1419 2298 1458 nec
2324 1404 2408 1457 vel
2433 1417 2627 1457 eorum
2654 1417 2775 1471 qua:
2802 1401 3111 1456 voluntaria
3141 1408 3290 1465 sunt,
3318 1398 3419 1452 im-

1833 1496 1984 1551 mitis
2009 1497 2154 1551 ultor
2178 1496 2428 1551 exsistat.

225 1584 433 1637 Φίλων.
461 1612 535 1622 -
559 1583 673 1652 Οὐχ
701 1582 778 1645 ὡς
805 1581 869 1635 τὸ
901 1582 1166 1647 ἑκουσίως
1192 1584 1537 1655 ἁμαρτάνειν
1583 1586 1731 1639 ἑστὶν

1907 1588 2162 1643 Philonis.
2192 1619 2265 1630 —-
2294 1589 2415 1643 Non
2447 1597 2511 1644 ut
2540 1587 2853 1643 voluntarie
2888 1600 3119 1657 peccare
3152 1584 3419 1655 injustum

168 1675 331 1728 ἄδικον
350 1713 365 1737 ,
400 1670 547 1725 οὕτω
570 1672 667 1726 καὶ
693 1672 969 1735 ἀκουσίως
998 1674 1258 1727 καὶκατὰ
1280 1674 1531 1743 ἄγνοιαν,
1563 1676 1731 1740 εὐθὺς

1841 1689 1940 1746 est,
1965 1681 2046 1735 sic
2075 1696 2189 1735 non
2218 1681 2531 1736 voluntarie
2564 1692 2621 1736 et
2652 1696 2752 1750 per
2782 1676 3230 1749 imprudentiam,
3255 1676 3417 1746 66],

166 1763 351 1814 δίκαιον
374 1776 388 1789 ·
429 1758 573 1813 ἀλλὰ
611 1759 757 1830 τάχα
808 1776 912 1814 που
943 1761 1197 1833 μεθόριον
1248 1738 1475 1834 ὰμξροῖν,
1513 1738 1727 1820 δικαίου

1841 1773 2105 1827 continuo
2139 1774 2381 1843 justum;
2422 1772 2519 1828 sed
2559 1772 2701 1828 forte
2740 1772 3029 1826 amborum
3066 1769 3286 1824 contine
3321 1769 3424 1821 ali.

170 1856 253 1909 καὶ
293 1854 507 1920 ἀδίκου,
551 1853 611 1907 τὸ
658 1854 764 1909 ύπό
814 1872 977 1909 τινων
1029 1855 1366 1928 καλούμενον
1416 1858 1726 1932 ἀδιάφορον.

1841 1867 1968 1937 quid
1996 1866 2146 1938 (justi
2179 1866 2392 1921 scilicet
2416 1882 2481 1921 ac
2512 1865 2723 1937 iniusti)
2748 1864 2896 1933 quod
2923 1861 3198 1926 nonnulli,
3220 1861 3421 1915 horum

178 1947 495 2019 ’Δμάρτημα
526 1946 639 2019 γὰρ
670 1947 827 2002 οὐδὲν
857 1948 1023 2019 ἔργον
1051 1948 1425 2021 δικαιοσύνης.

1841 1958 2085 2012 medium
2131 1972 2195 2012 ac
2244 1956 2568 2013 indifferens
2606 1964 2825 2011 vocant.
2862 1955 3066 2009 Eorum
3109 1953 3258 2009 enim
3300 1967 3423 2021 qua:

1841 2059 1972 2105 sunt
2006 2058 2290 2120 peccatum
2324 2064 2388 2104 ac
2420 2064 2612 2115 error,
2644 2048 2859 2104 nullum
2886 2047 3117 2119 justitize
3147 2060 3289 2116 opus
3322 2043 3422 2099 ha-

1951 2152 2061 2198 tur.

232 2221 594 2291 Κλήμεντος.
622 2253 694 2265 -
714 2223 964 2278 Μάλιστα
1000 2224 1220 2279 πάντων
1250 2226 1603 2296 Χριστιανοῖς
1632 2229 1733 2283 οὐκ

1951 2152 1970 2197 ι
2015 2160 2061 2198 r.

1841 2143 2219 2291 magmatis.
2244 2266 2315 2276 —
2340 2235 2482 2291 Cum
2513 2236 2710 2307 primis
2744 2234 2896 2291 haud
2922 2234 3057 2290 licet
3089 2230 3427 2289 Christianis

175 2312 361 2382 ἐφίεται
393 2313 454 2367 τὸ
482 2314 623 2387 πρὸς
650 2313 772 2384 βίαν
806 2315 1147 2386 ἐπανορθοῦν
1170 2316 1238 2369 τὰ
1258 2317 1366 2371 τῶν
1398 2319 1733 2391 ἁμαρτημά-

1841 2346 1942 2401 per
1965 2329 2077 2384 vim
2105 2328 2403 2385 emendare
2429 2370 2444 2395 ,
2474 2330 2519 2385 si
2546 2329 2682 2400 quid
2713 2336 3109 2401 peccaverunt.
3134 2326 3256 2381 Non
3274 2324 3424 2379 enim

175 2416 266 2452 των
304 2402 762 2493 πταίσματα.ού
807 2404 915 2474 γὰρ
958 2405 1087 2469 τοὺς
1141 2406 1358 2480 ἀνάγκῃ
1398 2409 1500 2480 τῆς
1534 2412 1734 2477 κακίας

1842 2424 1938 2493 qui
1971 2423 2306 2478 necessitate
2348 2438 2379 2478 a
2404 2422 2550 2478 malo
2579 2438 2639 2478 se
2666 2421 2972 2486 abstinent,
2998 2420 3144 2475 Deus
3168 2426 3425 2481 coronat.

174 2491 549 2562 ἀπεχομένους,
588 2491 727 2546 ἀλλὰ
752 2493 881 2557 τοὺς
915 2496 1239 2566 προαιρέσει
1257 2502 1513 2569 στεφανοί
1530 2501 1559 2553 ὁ
1575 2501 1730 2566 Θεός.

1845 2491 1940 2570 sed
1965 2515 2062 2585 qui
2102 2516 2305 2571 mentis
2339 2516 2628 2585 proposito
2659 2523 2718 2569 et
2745 2514 3049 2569 voluntate.

234 2585 299 2638 ού
326 2584 554 2639 δυνατόν
578 2601 700 2639 τινα
730 2585 935 2653 ἀγαθὸν
963 2583 1103 2643 εἶναι
1134 2587 1391 2659 βεϐαίως,
1418 2594 1467 2645 εί
1491 2592 1566 2665 μὴ
1595 2597 1737 2648 κατὰ

1914 2583 2061 2663 Fieri
2101 2623 2215 2662 non
2255 2583 2532 2677 potest—ut
2554 2607 2680 2677 quis
2726 2607 2889 2662 aliter
2926 2604 3086 2660 firma
3109 2602 3428 2660 constantia

178 2677 471 2770 προαίρεσιν
502 2678 735 2770 οἰκείαν.
763 2679 834 2770 ,⁸0
857 2680 968 2770 γὰρ
990 2682 1081 2751 ὑφ’
1113 2683 1305 2757 ἑτέρου
1330 2687 1575 2757 ἀνάγκης
1604 2689 1732 2757 ἀγαε

1844 2699 2025 2755 bonus
2042 2704 2114 2759 sit
2136 2740 2151 2764 ,
2187 2716 2353 2770 quam
2381 2715 2482 2755 sua
2519 2699 2638 2769 ipse
2662 2699 2971 2754 voluntate.
3018 2697 3158 2752 Nam
3187 2695 3287 2765 qui
3313 2696 3427 2749 alio

179 2766 255 2830 θὺς
277 2768 581 2838 γινόμενος,
617 2769 718 2821 οὐκ
749 2768 954 2837 ἁγαθός
980 2788 993 2801 ·
1034 2771 1117 2825 ὃτι
1163 2775 1240 2845 μὴ
1275 2775 1382 2846 ίδίᾳ
1416 2780 1738 2849 προαιρέσει

1843 2802 2075 2863 cogente
2108 2766 2285 2846 bonus
2318 2766 2591 2856 redditur,
2634 2791 2813 2845 bonus
2837 2805 2950 2846 non
2972 2801 3059 2845 est
3086 2791 3270 2862 ;quod
3305 2805 3416 2845 non

180 2861 308 2914 ἐστὶν
342 2860 370 2914 δ
406 2860 581 2915 ἐστιν.
613 2861 687 2913 Τὸ
721 2862 831 2934 γὰρ
866 2864 1097 2918 ἑκάστου
1137 2866 1445 2939 ἐλεύθερον,
1488 2870 1739 2924 ἀποτελεῖ

1843 2860 2063 2956 propria
2095 2885 2382 2940 voluntate
2408 2884 2500 2949 sit,
2530 2883 2583 2937 id
2609 2883 2762 2953 quod
2791 2893 2899 2940 est.
2946 2884 3064 2951 Qua
3090 2860 3243 2939 enim
3276 2882 3431 2954 quis-

180 2952 231 3005 τὸ
274 2954 433 3018 ὅντως
484 2953 723 3022 ἀγαθὸν,
769 2957 867 3010 καὶ
924 2957 1161 3014 δεικνύει
1216 2963 1280 3014 τὸ
1330 2962 1499 3027 ὅντως
1548 2965 1735 3020 κακόν.

1843 2952 1963 3049 que
1986 2978 2159 3048 pollet
2184 2977 2466 3042 libertate,
2496 2976 2552 3030 id
2580 2952 2827 3047 praestat,
2856 2977 3007 3047 quod
3048 2992 3181 3031 vere
3218 2952 3429 3031 bonum

184 3044 324 3099 Ὅθεν
363 3046 450 3100 διὰ
500 3046 618 3100 τῶν
668 3047 984 3103 ὑποθέσεων
1025 3046 1249 3105 τούτων
1277 3055 1666 3128 ἐμηχανήσατο
1710 3058 1738 3109 ὁ

184 3136 293 3165 ιὶρλ-
321 3137 632 3165 ......--:!’.-...
663 3141 764 3165 -2...
806 3142 1015 3165 x-_1.__-_
1075 3144 1258 3165 Q.Lh___

1844 3044 1950 3135 est,
1988 3044 2298 3142 proditque
2348 3070 2498 3141 quod
2553 3044 2686 3127 vvere
2729 3044 2938 3126 malum
2985 3078 3091 3125 est.
3146 3069 3419 3137 Quocirca

183 3136 293 3201 θεὸς
321 3137 635 3214 φανερῶσαι
662 3141 764 3210 τὴν
802 3142 1036 3197 ἑκάστου
1070 3144 1334 3201 διάθεσιν.

1843 3136 2127 3234 sapienter
2174 3136 2455 3234 disposuit
2524 3164 2673 3219 Deus
2718 3172 2780 3218 ut
2814 3162 2901 3219 his
2947 3161 3289 3233 argumentis
3319 3177 3415 3232 qut

1843 3257 2077 3327 quisque
2118 3255 2303 3310 animo
2329 3255 2420 3320 sit,
2454 3265 2876 3312 monstraretur.

243 3334 527 3403 Χορικίου.
552 3365 626 3379 —
654 3337 729 3392 Τδ
781 3340 847 3392 ἑκ
898 3340 1113 3410 φύσεως
1142 3342 1327 3409 καλὸν,
1363 3345 1652 3417 ἀδόκιμον·
1684 3347 1745 3400 τὸ

1918 3349 2165 3405 Choricii.
2194 3380 2263 3387 —
2287 3348 2445 3415 Quod
2469 3364 2535 3404 ex
2567 3358 2767 3403 natura
2788 3349 2995 3404 bonum
3020 3356 3127 3412 est,
3160 3361 3273 3402 non
3296 3361 3431 3417 pro-

185 3426 231 3479 δὲ
252 3428 307 3480 ἑκ
343 3428 741 3500 προαιρέσεως,
770 3434 1081 3488 ἐπαινετόν.

1845 3439 2043 3505 batur;
2090 3438 2238 3509 quod
2290 3447 2478 3493 autem
2521 3454 2590 3493 ex
2630 3439 2918 3494 voluntate
2976 3438 3262 3507 animique
3307 3451 3435 3508 pro-

328 3524 331 3527 ’
1844 3526 2050 3596 posito,
2076 3524 2130 3579 id
2161 3541 2295 3580 vero
2318 3526 2548 3596 dignum
2570 3527 2736 3581 laude
2759 3527 3015 3583 habetur.

257 3610 794 3679 Ἐπικτήτου.-Εί
847 3613 1025 3684 βούλει
1074 3615 1366 3687 ἀταράχως
1408 3620 1503 3672 καὶ
1548 3619 1744 3692 εὐαρέ-

1918 3618 2167 3689 Epicteti.
2196 3647 2266 3657 —-—
2298 3618 2355 3672 Si
2394 3618 2477 3673 vis
2512 3619 2633 3673 sine
2664 3620 3088 3689 perturbatione
3126 3635 3189 3674 ac
3216 3615 3436 3689 placide

192 3716 309 3763 στως
350 3703 465 3776 ζῇν,
502 3704 683 3776 πειρῶ
720 3706 847 3769 τοὺς
892 3706 1276 3772 συνοικοῦντας
1316 3726 1399 3762 σοι
1424 3710 1746 3781 σύμπαντας

1844 3708 2058 3773 vivere,
2096 3708 2203 3763 hoc
2252 3707 2437 3773 stude,
2483 3717 2542 3761 ut
2576 3723 2718 3777 quos
2752 3707 3092 3762 domesticos
3126 3720 3438 3774 vernasque

190 3793 399 3860 ἀγαθοὺς
434 3796 606 3868 ἔχειν.
633 3786 817 3864 Ἔξεις
847 3798 905 3850 δὲ
935 3799 1195 3867 ἀγαθοὺς,
1227 3803 1276 3854 εἰ
1319 3804 1446 3867 τοὺς
1490 3802 1567 3875 μὴ
1597 3805 1745 3858 ἑκόν-

1847 3799 2196 3864 adhibueris,
2232 3812 2427 3853 omnes
2464 3798 2593 3852 boni
2630 3798 2762 3852 sint.
2808 3797 2865 3852 1d
2896 3806 3082 3854 autem
3118 3793 3435 3865 contigerit,

188 3900 271 3946 τας
310 3888 603 3953 παιδεύεις,
649 3889 775 3952 τοὺς
803 3889 861 3942 δὲ
901 3889 1135 3954 ἄκοντας
1169 3890 1380 3963 [ἔπειτα
1413 3896 1747 3967 κεχειρωμέ-

1847 3892 1893 3945 si
1925 3906 2024 3945 eos
2052 3888 2148 3960 qui
2184 3888 2390 3956 velint,
2428 3888 2691 3955 erudias;
2742 3903 2839 3943 eos
2871 3896 3057 3942 autem
3114 3887 3210 3958 qui
3254 3885 3439 3941 nolint

191 3992 295 4040 νους
318 3978 421 4051 (ιη
447 3980 732 4044 ἀπολύεις.
769 3980 1149 4051 Συμφεύξεται
1173 3985 1281 4057 γὰρ
1308 3988 1421 4048 τοῖς
1452 3986 1746 4057 φεύγουσιν

1848 3998 1913 4037 ac
1962 3983 2305 4036 reluctantes
2350 3980 2470 4051 (ubi
2529 3980 2733 4034 deinde
2783 3978 3121 4049 edomueris)
3165 3977 3434 4032 dimittas.

190 4067 219 4135 η
250 4069 505 4141 μοχθηρία
543 4072 661 4142 ἄμα
695 4072 789 4125 καὶ
818 4074 852 4143 ἡ
904 4072 1153 4128 δουλεῖαι
1188 4079 1745 4151 συναπολειφθήσεται

1848 4074 1967 4129 Una
2004 4074 2154 4128 enim
2194 4089 2324 4129 cum
2376 4073 2490 4127 illis
2548 4072 2899 4143 fugientibus
2952 4072 3283 4142 improbitas
3318 4071 3438 4140 ipsa

190 4156 237 4211 δὲ
259 4163 358 4225 τοῖς
385 4163 744 4234 συμϐαίνουσί
784 4180 867 4217 σοι
918 4166 955 4237 ἡ
984 4167 1290 4240 χρηστότης
1335 4171 1430 4223 καὶ
1462 4173 1496 4243 η
1527 4171 1746 4226 ἐλευθε-

1850 4168 2287 4237 aufugietatque
2335 4166 2613 4233 servitus;
2654 4183 2875 4237 unaque
2926 4182 3052 4221 cum
3083 4166 3197 4219 illis
3228 4164 3439 4234 quibus

197 4249 292 4316 ρέα·
1780 4277 1825 4333 ι)
1854 4269 2040 4316 tecum
2078 4260 2365 4326 convenit,
2392 4260 2645 4330 probitas
2670 4268 2836 4331 atque
2887 4260 3121 4315 libertas
3169 4260 3271 4315 tibi
3317 4274 3437 4315 ma-

1856 4351 2031 4407 nebit.

254 4435 499 4503 Σωκράτ.
539 4467 611 4477 -
667 4438 728 4491 Ὀ
772 4440 871 4510 μὲν
919 4440 1184 4503 ἑκουσίως
1225 4440 1616 4511 ταλαιπωρῶν,
1662 4441 1749 4494 ἐπ’

1928 4441 2135 4497 Socrat.
2168 4474 2238 4483 -—
2259 4442 2366 4509 Qui
2414 4453 2616 4511 sponte
2654 4442 2708 4497 in
2738 4442 3006 4496 aerumnis
3038 4449 3296 4496 versatur
3330 4454 3441 4511 qua

195 4520 351 4594 ἀγαθῇ
374 4524 547 4579 ἑλπίδι
580 4526 757 4579 πονῶν
785 4528 1135 4600 εὐφραίνεται
1162 4545 1177 4560 ο
1203 4530 1259 4582 αί
1300 4528 1357 4582 δὲ
1402 4529 1749 4601 ῥᾳδιουργίαι

1857 4548 1953 4603 spe
1977 4533 2123 4587 bona
2166 4533 2417 4599 fulcitur,
2472 4534 2526 4587 in
2582 4532 3129 4587 laboribuslaetatur.
3178 4531 3302 4586 Otia
3339 4546 3443 4586 au-

197 4613 276 4664 καὶ
305 4615 363 4666 ἑκ
410 4615 505 4670 τοῦ
549 4619 894 4691 παραχρῆμα
931 4620 1137 4690 ἡδοναὶ,
1192 4619 1316 4673 οὔτε
1369 4618 1621 4691 σώματος
1661 4621 1749 4673 εὐ-

1858 4628 1971 4675 tem
2008 4629 2065 4674 et
2106 4620 2487 4676 tumultuariae
2522 4621 2840 4689 voluptates
2887 4635 2951 4673 ac
3000 4618 3285 4683 libidines,
3334 4632 3443 4673 nec

197 4701 326 4767 εξίαν
366 4707 547 4761 ἱκαναί
576 4710 715 4761 εἰσιν
754 4710 1106 4781 ἐργάζεσθαι,
1140 4709 1264 4763 οὔτε
1307 4710 1487 4781 ψυχῆς
1522 4712 1750 4782 ἐπιστήο

1861 4712 2067 4769 bonam
2118 4713 2373 4784 corporis
2428 4712 2815 4767 habitudinem
2876 4722 3141 4783 praestare
3186 4723 3438 4780 possunt,

201 4811 295 4865 μην
315 4796 588 4867 ἀξιόλογον
618 4800 879 4871 οὐδεμίαν
910 4802 1256 4871 ἐμποιοῦσιν.

1863 4820 1966 4859 nec
1998 4804 2169 4859 animi
2199 4804 2489 4859 scientiam
2531 4804 2700 4858 ullam
2731 4804 3079 4875 ingenerant,
3111 4817 3234 4872 quae
3262 4801 3441 4856 alicu-

1857 4897 1949 4969 jus
1977 4898 2146 4967 pretii
2177 4897 2458 4952 videatur.

261 4981 506 5050 Θεατοῧς
535 4984 967 5054 Πυθαγορείου.
1004 5014 1071 5023 -
1101 4983 1175 5037 Τὸ
1211 4985 1309 5055 μὲν
1339 4985 1619 5052 ἀκούσιον,
1652 4987 1750 5042 οὐκ

1937 4990 2156 5062 Theagis
2182 4990 2525 5061 Pythagorei.
2546 4988 2785 5055 —Quod
2813 4985 3268 5049 involuntarium,
3292 4981 3441 5037 haud

201 5067 312 5122 ἄνευ
332 5070 501 5146 λύπης
516 5076 611 5128 καὶ
633 5076 819 5144 φόϐοψ
844 5075 904 5129 τὸ
929 5075 985 5130 δὲ
1004 5075 1274 5140 ἑκούσιον,
1297 5076 1399 5130 ούκ
1415 5076 1542 5131 ἄνευ
1562 5078 1750 5149 ἡδονῆς

1862 5079 2054 5136 dolore
2083 5090 2348 5151 metuque
2395 5087 2583 5145 caret;
2640 5079 2787 5149 quod
2817 5086 3002 5132 autem
3038 5075 3439 5141 voluntarium,

203 5163 284 5212 καὶ
313 5166 724 5238 φιλοφροσύνης.

1864 5176 2206 5245 voluptatem
2235 5189 2298 5227 ac
2330 5173 2576 5228 laetitiam
2601 5171 2862 5227 comitem
2898 5169 3091 5225 habet.

1714 5282 1948 5341 NOTAE.

376 5371 612 5457 :lixerrn
675 5374 1395 5457 κεχειρωμένους.υηίεεξῐ
1445 5377 1537 5457 hic
1571 5393 1744 5457 “aqua

1853 5382 2085 5457 mueris,
2133 5397 2197 5457 ac
2253 5381 2549 5457 tantispen
2579 5380 2891 5457 delinieri_s,
2946 5389 3081 5457 tunc
3129 5379 3347 5451 placide
3372 5396 3441 5457 ac

204 5432 348 5520 thslt.
383 5455 481 5520 nec
507 5444 664 5498 aliter
686 5432 934 5520 espedit:
958 5432 1136 5520 quam
1168 5445 1427 5509 dicendo,
1460 5448 1514 5520 i_n
1563 5432 1745 5503 Gni'co
1854 5432 1977 5505 sine
1991 5432 2234 5520 strepitu
2257 5432 2807 5508 Eu'xiiiie'zido’s'é’ééé‘.‘
2820 5432 2899 5507 E6
2921 5432 3078 5506 enim
3126 5432 3341 5519 spectat
3359 5432 3439 5508 tﬁb‘.

444 5512 629 5600 ἔπειτα
658 5506 1176 5600 καῖχαρωρῖἑγους·
1228 5532 1330 5570 nos
1363 5506 1527 5586 paulo
1551 5532 1743 5600 cmen-

1856 5506 2316 5600 κεχειρωμένους.
2354 5521 2471 5600 Hoc
2497 5506 3096 5600 sane_;philosophu_m,
3122 5506 3183 5576 ult
3230 5537 3342 5600 nec
3387 5506 3442 5575 in

207 5575 478 5667 9393815.
509 5583 641 5667 lia”:
706 5575 1145 5667 κεὶειρωέιένουέ
1193 5575 1545 5667 nec_sen_sus
1608 5588 1749 5667 adeo
1861 5575 3440 5667 ip§o_disces_su'gravioris‘aliquidﬁtuhrultu'sautoffen-

208 5647 410 5726 arduus.
443 5653 564 5707 Vult
588 5647 876 5721 nimirum,
906 5647 1050 5726 quos
1102 5647 1183 5711 sic
1220 5658 1276 5710 in
1307 5657 1571 5712 familiam
1605 5660 1749 5713 asci-
1860 5647 2033 5716 s'ionis
2064 5661 2213 5717 domi
2243 5647 2481 5717 accidat.

211 5718 339 5773 veris
361 5722 567 5793 sintque
599 5726 724 5781 duri
757 5742 820 5781 ac
851 5718 1157 5797 pervicacis
1201 5726 1429 5798 ingenii,
1466 5729 1559 5784 ubi
1614 5729 1750 5785 edo-
