4014 6284
170 306 265 369 969
1468 302 1634 365 LOCI
1672 304 1997 363 COMMUN
2003 303 2113 362 ES.

775 418 1075 473 Κλήμεντ.

775 437 887 473 11.41
952 437 1075 473 εντ.

164 511 458 577 Είβούλει
478 509 703 581 γνῶναι
732 437 1246 579 Θεύνίμπρολαΰόψ
1274 510 1451 581 γνῶθι
1480 511 1729 563 σαυτόν.

734 624 1147 693 ’Δντιςρὰνους.

164 713 233 769 El
260 714 479 782 θνητὸς
499 715 573 781 ετ,
600 715 909 783 βέλτιστε,
945 716 1131 784 θνητὰ
1160 718 1260 772 καὶ
1285 716 1513 787 φρόνει.

227 842 487 908 Δημοσθ.
516 869 588 880 -
615 836 785 911 Οἶμαι
826 840 888 896 τὸ
924 842 1115 913 μέλλον
1172 846 1375 900 ἅπασιν
1424 844 1734 918 ἀνθρώποις

156 932 349 1001 ἄδηλον
371 949 386 964 ο
434 933 533 986 καὶ
588 933 779 1003 μικροὶ
817 936 1025 1007 καιροὶ,
1092 939 1344 1008 μεγάλων
1393 942 1733 1012 πραγμάτων

154 1024 321 1077 αἴτιοι
362 1024 627 1092 γίνονται.
668 1024 759 1078 Διὸ
790 1024 871 1078 δεῖ
912 1030 1229 1101 μετριάζειν
1263 1033 1321 1084 ἐν
1368 1035 1489 1095 ταῖς
1534 1033 1736 1105 εὐπρα-

154 1114 318 1182 ξίαις,
354 1117 451 1169 καὶ
482 1118 898 1189 προορωμένους
928 1117 988 1172 τὸ
1020 1120 1213 1190 μέλλον
1240 1122 1547 1191 φαίνεσθαι.

235 1295 649 1364 Ἡρακλείτου.
697 1329 769 1338 —-—
809 1298 1165 1368 Ἡράκλειτος
1216 1305 1335 1367 νέος
1375 1303 1472 1371 ὢν,
1518 1306 1732 1361 πάντων

150 1383 347 1454 γέγονε
370 1385 700 1458 σοφώτερος,
734 1388 815 1442 ὅτι
841 1390 959 1461 ᾔδει
988 1388 1182 1445 ἑαυτὸν
1217 1393 1386 1464 μηδὲν
1405 1395 1555 1450 ὄντα.

222 1560 489 1625 αωκρὰτ.
517 1590 588 1599 --
614 1560 912 1643 Σωκράτης
940 1568 1076 1634 (peto
1132 1567 1299 1639 μηδὲν
1338 1570 1561 1635 εἰδέναι,
1593 1572 1732 1644 πλὴν

151 1651 287 1705 αὐτὸ
318 1652 498 1729 τοῦτο,
533 1652 615 1706 ὅτι
652 1654 819 1725 μηδὲν
872 1652 1015 1710 οἶδεν
1035 1674 1048 1688 ·
1074 1659 1200 1723 τοὺς
1224 1660 1281 1714 δὲ
1309 1661 1551 1729 λοιποὺς,
1598 1667 1731 1735 μηδὲ

150 1743 312 1797 τοῦτο
339 1743 559 1801 εἰδέναι.

221 1838 289 1890 0i
329 1837 427 1906 μὲν
467 1837 713 1909 σφοδρῶς
755 1842 1138 1912 πυρέττοντες,
1171 1845 1269 1916 τὴν
1300 1836 1480 1918 δρεξιν
1510 1851 1603 1903 καὶ
1641 1852 1741 1922 τὴν

153 1928 377 1999 ρὡηψ
412 1930 463 1981 οἱ
503 1929 548 1982 δ’
604 1930 663 1983 ὲν
717 1933 830 1996 τοῖς
877 1932 1170 2004 βασιλείοις
1202 1940 1611 2009 παροικοῦντες,
1647 1942 1740 1996 τὸν

151 2020 281 2073 νοῦν
323 2023 421 2074 καὶ
445 2020 513 2074 τὰ
549 2022 654 2095 ἥϐη
698 2024 979 2095 πεφύκασι
1010 2026 1443 2101 διαφθείρεσθαι,
1468 2034 1517 2086 εἰ
1545 2033 1620 2105 μὴ
1655 2035 1735 2101 τὸ,

150 2113 354 2167 Γνῶθι
376 2114 630 2179 σαυτὸν,
658 2116 871 2186 συχνῶς
906 2119 1122 2184 ἑαυτοῖς
1156 2122 1523 2191 ἐπιλέγουσιν.

812 2313 1099 2382 Φιλήμον.

155 2403 509 2470 Ἀνθρωπος
536 2398 641 2470 ὢν,
671 2403 833 2457 τοῦτ’
865 2405 1011 2471 ισθι,
1038 2405 1138 2459 καὶ
1161 2406 1364 2475 μενεῖς
1397 2408 1507 2462 ἀεί.

796 2497 1093 2555 Σωτάτου.

152 2593 223 2646 ει
256 2591 357 2644 καὶ
382 2588 684 2655 ,ϐασιλεὺς
717 2588 1009 2659 πέφυκας,
1043 2592 1125 2659 ὠς
1156 2594 1373 2659 θνητὸς
1403 2592 1691 2649 ἄκουσον.

154 2664 257 2716 Ἂν
287 2662 492 2731 μακρὰ
517 2660 1101 2732 τιτύῃς,φλεγματίῳ
1125 2663 1316 2732 κρατῇ
1347 2662 1639 2732 περισσῷ.

156 2732 273 2809 :Ar
292 2730 838 2809 seriturﬁmfaﬁtq
870 2732 1128 2809 apdo‘oﬁ
1158 2730 1484 2809 προϐάτιόν
1514 2731 1699 2802 εἶχεν.

153 2804 267 2858 Ἂν
292 2801 707 2873 χρυσοφορῇς,
735 2801 911 2873 τοῦτο
936 2804 1126 2871 τύχης
1145 2804 1319 2857 ἐστίν
1339 2805 1594 2873 ἔπαρμα.

158 2876 262 2959 ςᾼν
288 2874 591 2959 nimiam?
620 2871 715 2947 ᾖς,
734 2872 931 2959 τοῦτό
953 2875 1187 2959 χρόνιον
1215 2871 1666 2959 ᾁδηλρςίὰχύς.

155 2947 268 3031 ξᾼν
292 2942 848 3031 εὶτιαζονεύῃζροᾷτρ
874 2942 1100 3031 ἀνῗάςη
1120 2944 1249 3031 e351
1273 2942 1573 3031 φριξαγμαζ

155 3014 355 3086 Ἂνρὲ
384 3012 726 3084 σωφρονῇς.
746 3012 920 3086 τοῦτο
956 3014 1104 3086 Θεοῦ
1130 3013 1332 3086 ,δῶρον
1358 3012 1631 3086 ᾑπᾶρχει,

2446 416 2743 471 Clementis.

1841 505 1901 561 Si
1924 508 2000 560 vis
2024 522 2173 564 nosse
2210 505 2396 570 Deum,
2415 525 2525 578 ipse
2553 510 2701 579 prior
2726 522 2877 562 nosce
2907 508 3149 577 teipsum.

2398 619 2735 689 Antiphanis.

1841 708 1898 764 Si
1931 711 2172 765 mortalis
2206 728 2279 777 es,
2312 712 2443 765 bone
2469 714 2569 781 vir,
2610 716 2769 767 etiam
2798 714 3046 767 mortalia
3078 716 3281 785 sapias.

1910 844 2182 901 Demosth.
2220 877 2289 887 —
2308 847 2578 902 Futurum
2609 849 2808 919 opinor
2831 850 3049 905 eunetis
3089 834 3418 908 mortalibus

1841 935 2116 991 incertum
2146 952 2292 1001 esse,
2355 953 2633 1009 parvaque
2699 949 3002 1005 momenta,
3052 956 3143 997 res
3191 957 3421 1013 magnas

1840 1029 2139 1099 parturire.
2196 1030 2547 1102 Quapropter
2598 1033 2844 1087 secundo
2891 1050 3082 1087 rerum
3140 1042 3285 1089 statu
3340 1042 3421 1089 te-

1842 1121 2021 1175 nenda
2059 1121 2370 1176 moderatio
2400 1133 2505 1187 est,
2542 1138 2716 1193 caque
2738 1124 2911 1194 663}
2935 1126 3172 1179 tenenda
3200 1126 3417 1182 consilii

1844 1215 2006 1276 ratio,
2031 1224 2092 1269 ut
2120 1215 2266 1285 quod
2292 1215 2541 1270 futurum
2578 1226 2663 1271 est
2698 1217 2984 1272 videamur
3008 1220 3345 1288 prospicere.

1910 1304 2233 1360 Heraclitus.
2261 1334 2330 1345 -—
2350 1304 2680 1370 Heraclitus,
2706 1322 2831 1363 eum
2859 1309 3081 1378 juvenis
3105 1316 3273 1371 esset,
3304 1325 3422 1363 om-

1840 1396 1994 1451 nium
2019 1396 2467 1467 sapientissimus
2497 1398 2733 1461 exstitit,
2783 1400 3045 1467 quoniam
3091 1399 3302 1455 sciebat
3358 1415 3419 1453 se

1841 1487 1980 1543 nihil
2003 1504 2147 1544 esse.

1912 1579 2167 1635 Socratis.
2198 1612 2267 1621 -—
2297 1581 2553 1636 Socrates
2602 1598 2769 1635 unum
2806 1582 2908 1635 hoc
2946 1597 3005 1635 se
3046 1583 3189 1637 scire
3231 1582 3418 1637 existi‘

1842 1673 2066 1738 mabat,
2119 1674 2267 1744 quod
2319 1674 2459 1727 nihil
2509 1674 2715 1740 sciret;
2779 1676 2939 1739 alios,
2994 1691 3063 1730 ne
3106 1674 3161 1729 id
3193 1676 3415 1745 quidem

1770 1781 1811 1835 Β
1840 1763 2001 1817 scire.

1912 1856 2016 1922 Qui
2042 1855 2266 1925 gravius
2298 1856 2439 1909 febri
2476 1864 2781 1920 tentantur,
2825 1858 3129 1927 appetitum
3167 1858 3419 1928 viresque

1841 1947 2324 2017 deperdunt;qui
2360 1962 2491 2003 vero
2537 1948 2853 2018 principum
2908 1950 3062 2002 aulas
3110 1960 3422 2017 sequuntur

1844 2056 2165 2111 moramque
2195 2041 2251 2094 in
2282 2042 2364 2095 eis
2396 2042 2654 2105 trahunt,
2707 2052 2948 2097 mentem
2980 2042 3152 2112 ipsam
3179 2057 3243 2097 ac
3272 2044 3422 2113 inge~

1843 2149 1984 2189 nuos
2044 2146 2249 2199 mores,
2289 2135 2398 2189 nisi
2452 2135 2707 2190 crebrius
2761 2137 3039 2206 proloquii
3092 2137 3258 2206 hujus
3297 2152 3423 2192 scn-

1843 2227 2091 2289 tentiam,
2115 2227 2280 2280 Nosce
2309 2228 2555 2297 tcipsum,
2588 2243 2777 2283 secum
2812 2229 2918 2298 ipsi
2969 2238 3239 2299 repetant.

2490 2340 2788 2396 Philemon.

1842 2429 2010 2485 Homo
2028 2446 2144 2484 cum
2172 2433 2261 2495 sis,
2301 2432 2393 2485 hoc
2420 2434 2571 2497 scito,
2598 2444 2646 2487 et
2680 2451 2887 2496 semper
2911 2438 3013 2487 eris

2494 2524 2735 2581 .Sotatis.

1845 2616 2165 2685 Quanquam
2199 2633 2291 2669 rex
2316 2632 2389 2677 es,
2426 2625 2681 2686 tanquam
2710 2618 2948 2672 mortalis
2972 2619 3101 2671 audi

1845 2686 1901 2739 Si
1935 2687 2159 2738 multum
2180 2689 2345 2755 spuis.
2382 2688 2573 2755 pituita
2609 2689 2893 2741 redundas.

1930 2756 2168 2828 pulchris
2198 2758 2329 2809 nites
2356 2756 2597 2828 vestibus,
2635 2762 2730 2810 has
2755 2766 2805 2809 te
2832 2760 2977 2828 prior
2996 2758 3198 2812 avicula
3220 2758 3420 2814 habuit.

1842 2826 1898 2895 Si
1931 2824 2065 2889 auro
2089 2824 2279 2895 fulges,
2308 2828 2416 2879 ha’c
2450 2826 2679 2894 fortuna:
2705 2824 2865 2881 elatio
2892 2838 2987 2881 est.

1843 2894 1899 2950 Si
1928 2896 2068 2948 dives
2099 2912 2173 2957 es,
2197 2898 2291 2947 hoc
2319 2906 2611 2965 temporum
2642 2898 2896 2950 incertum
2922 2898 3098 2951 robur.

1845 2966 1903 3037 Si
1921 2966 2184 3034 fastuosus
2202 2983 2263 3018 ac
2280 2982 2539 3035 arrogans
2560 2982 2633 3030 es,
2653 2968 2761 3020 Ita'c
2778 2968 3053 3020 dementire
3068 2968 3310 3037 superbia
3327 2978 3420 3022 est.

1846 3034 1904 3090 Si
1926 3036 2158 3090 modeste
2184 3037 2328 3106 sapis
2356 3045 2403 3088 et
2419 3036 2623 3091 sobrius
2647 3052 2719 3099 es,
2741 3040 2835 3090 hoc
2855 3038 2947 3091 Dei
2968 3034 3164 3091 donum
3181 3048 3278 3091 est.

162 3085 222 3141 ’Π
243 3084 317 3137 δὲ
338 3082 713 3152 σωρροσύιὲη
736 3082 1049 3151 πάρεστιν,
1082 3082 1425 3153 ἐὰνμετρῇς
1454 3082 1733 3144 σεαυτόν.

1861 3106 2050 3161 Prwsto
2080 3122 2202 3160 vero
2226 3082 2480 3160 s'obrietas
2507 3116 2581 3160 est
2612 3123 2675 3160 ac
2707 3082 2982 3172 modestia,
3012 3109 3056 3161 si
3086 3117 3136 3162 te
3170 3110 3280 3178 ipse
3312 3124 3425 3161 me-

222 3261 453 3333 Θάλης.
482 3292 553 3302 —
580 3263 829 3317 Χαλεπὸν
862 3264 919 3317 δὲ
972 3263 1165 3316 ἑαυτὸν
1202 3265 1427 3333 γνῶναι,
1470 3269 1603 3321 ἀλλὰ
1637 3289 1739 3340 μα-

156 3358 385 3429 κάριονυ
428 3354 527 3427 ζῇν
557 3355 668 3428 γὰρ
697 3358 838 3411 κατὰ
872 3358 1056 3426 φύσιν.

218 3448 571 3515 Πλάτωνος.
602 3480 672 3490 -—
704 3452 766 3505 Oi
812 3452 911 3505 οὐκ
961 3454 1183 3519 εἰδότες,
1230 3472 1305 3519 ως
1360 3455 1492 3519 έπος
1536 3457 1711 3510 εἰπεῖν

147 3541 331 3604 οὐδὲν,
360 3541 591 3612 οἰόμεθα
622 3542 691 3597 τὰ
716 3544 893 3597 πάντα
926 3546 1125 3600 είδέναι
1147 3563 1159 3575 ·
1204 3549 1305 3601 οὐκ
1346 3550 1738 3621 ἐπιτρέποντες

148 3632 206 3686 δὲ
239 3631 522 3703 ἀλλήλοις,
556 3632 593 3686 ἃ
629 3633 703 3705 μὴ
727 3636 1069 3706 ἐπιστάμεθα
1124 3639 1407 3708 πράττειν,
1434 3640 1741 3708 ἁναγκαζό·

152 3722 302 3794 μεθα
332 3725 676 3795 ἁμαρτάνειν
705 3727 859 3780 αὐτοὶ
891 3729 1245 3798 πράττοντες.

802 3904 1097 3973 Μενάνδρ.

220 4017 392 4090 Κατὰ,
424 4016 676 4090 πολλῶν
700 4018 873 4090 ἐστιν
900 4020 971 4072 οὐ
996 4020 1201 4073 καλῶν
1218 4020 1553 4090 εἰρημένον,

232 4092 338 4161 Τὸν
368 4088 545 4161 ξνῷθι
585 4088 831 4161 σεαυτὺγν
859 4090 1302 4159 χρησιμώτερον
1332 4088 1440 4160 γὰρ
1460 4090 1561 4161 ἦν.

227 4160 331 4226 Τὸ,
368 4158 544 4212 Γνῶθι
568 4160 694 4223 τοὺς
718 4158 929 4222 ἄλλους.

216 4252 665 4320 Ξενοφῶντ.-
698 4253 762 4304 Ol
812 4251 911 4322 μὲν
968 4252 1076 4323 γὰρ
1124 4252 1323 4316 εἰδότες
1370 4252 1618 4318 ἑαυτοὺς,
1673 4252 1741 4330 τὰ

148 4345 445 4417 ἐπιτήδεια
482 4345 695 4408 ἑαυτοῖς
749 4345 919 4410 ἴσασι,
970 4345 1066 4398 καὶ
1110 4344 1559 4413 διαγινώσκουσιν
1601 4344 1637 4397 ἄ.
1680 4362 1739 4398 τε

3221 3178 3422 3249 [ιὶανὶε.

1912 3284 2117 3339 Thales.
2140 3316 2211 3325 -—
2238 3285 2349 3340 Res
2388 3284 2613 3356 quidem
2644 3285 2933 3353 dillicilis,_
2967 3286 3130 3341 Nosse
3162 3288 3423 3355 seipsum.

1842 3374 2001 3429 beata
2032 3383 2214 3430 tamen
2236 3393 2249 3429 :
2271 3385 2355 3430 est
2370 3376 2519 3429 enim
2550 3391 2618 3429 ex
2648 3384 2859 3430 natura:
2886 3376 3422 3431 rationibusvivere.

1910 3466 2177 3522 Platonis.
2203 3495 2269 3506 —
2295 3466 2421 3533 Qui,
2456 3476 2519 3521 ut
2550 3467 2723 3523 verbo
2766 3467 2969 3531 dicam,
3009 3466 3149 3523 nihil
3194 3470 3423 3535 scimus,

1847 3555 1991 3610 scire
2030 3572 2132 3611 nos
2172 3556 2359 3610 omnia
2404 3557 2786 3611 arbitramur:
2828 3556 3075 3627 dumque
3113 3557 3208 3613 alii
3248 3559 3422 3624 alios,

1842 3662 1968 3715 quae
2003 3646 2305 3712 nescimus,
2338 3662 2449 3702 non
2476 3646 2852 3716 permittimus
2903 3662 3093 3718 agere,
3134 3648 3269 3703 dum
3308 3649 3427 3704 haec

1844 3738 1948 3807 ipsi
1995 3739 2411 3807 praesumimus,
2434 3740 2753 3795 necessario
2811 3757 3105 3810 peccamus
3150 3751 3315 3811 atque
3337 3757 3426 3797 ero

1843 3841 2050 3881 ramus.

2483 3920 2785 3977 Menandri.

1917 4035 2105 4110 μηκας
2128 4052 2231 4110 non
2261 4036 2421 4090 bonos
2453 4038 2652 4110 dictum
2689 4038 2825 4110 illud
2854 4041 3186 4110 perstringit.

1914 4107 2089 4162 Nosce
2133 4108 2389 4176 tcipsum,
2424 4109 2616 4177 quippe
2640 4108 2843 4173 utilius,

1916 4178 2091 4231 Nosce
2117 4174 2276 4240 alios,
2304 4177 2410 4230 illis
2436 4174 2727 4231 diceretur.

1916 4268 2439 4340 Xenophont.—Qui
2460 4270 2674 4339 seipsos
2693 4278 2895 4326 norunt
2922 4287 2987 4326 ea
3010 4286 3134 4342 qua:
3152 4270 3257 4327 sibi
3290 4287 3424 4327 con-

1843 4364 2071 4418 veniant
2127 4378 2239 4416 non
2295 4362 2596 4427 nesciunt;
2640 4378 2874 4432 quaeque
2922 4364 3163 4429 valeant,
3207 4380 3270 4419 ac
3314 4381 3423 4420 non

149 4446 445 4506 δύνανται,
486 4442 582 4495 καὶ
619 4442 655 4496 ἃ.
694 4442 791 4513 μή.
832 4443 942 4496 Καὶ
975 4441 1011 4495 ἃ.
1044 4442 1143 4512 μὲν
1189 4441 1512 4496 ἐπίστανται
1563 4442 1733 4511 πράτ-

1861 4456 2065 4510 raleant
2096 4455 2325 4509 rationis
2353 4454 2498 4509 libra
2525 4455 2854 4511 discernunt
2887 4455 3171 4526 :dumque
3206 4472 3271 4511 ea
3303 4472 3428 4526 qum

151 4555 371 4601 τοντες,
405 4535 720 4608 πορίζονταί
752 4552 810 4588 τε
849 4528 923 4588 ῶν
964 4534 1198 4596 δέονται.
1232 4536 1327 4587 καὶ
1372 4534 1433 4587 εὖ
1469 4534 1743 4605 πράττου-

154 4650 271 4686 σιν·
313 4624 389 4683 ὧν
418 4629 475 4683 δὲ
507 4628 584 4701 μὴ
613 4627 934 4681 ἐπίστανται
972 4626 1323 4697 ἀπεχόμενοι,
1365 4625 1743 4695 ἀναμάρτητοι

150 4728 404 4795 γίνονται
440 4722 534 4773 καὶ
554 4719 906 4790 διαφεύγουσι
936 4718 995 4771 τὺ
1025 4718 1208 4781 κακῶς
1239 4719 1527 4785 πράττειν.

222 4910 404 4977 Οὗτος
437 4914 625 4984 ἔμοιγε
661 4913 828 4977 δοκεῖ,
864 4915 893 4966 ὁ
923 4914 997 4983 μὴ
1027 4912 1183 4976 εἰδὼς
1221 4911 1320 4984 τὴν
1347 4911 1544 4966 ἑαυτοῦ
1581 4911 1742 4964 δύνα-

154 5026 277 5079 μιν,
320 5008 542 5075 ἀγνοεῖν
590 5005 800 5060 ἑαυτὸν.
852 5006 1060 5059 Ἐκεῖνο
1111 5005 1169 5058 δὲ
1208 5005 1269 5057 οὐ
1312 5004 1568 5075 φανερὸν,
1614 5003 1742 5071 ἔφη,

151 5102 234 5155 ὅτι
264 5099 371 5170 μὲν
401 5096 491 5151 διὰ
511 5098 571 5151 τὸ
588 5097 782 5151 εἰδέναι
807 5096 1034 5159 ἑαυτοὺς
1065 5096 1292 5149 πλεῖστα
1318 5095 1501 5163 ἀγαθὰ
1532 5094 1745 5163 ἰσχύου-

153 5210 239 5245 σιν
274 5190 586 5261 ἇνθρωποι·
620 5188 707 5242 διὰ
758 5189 815 5242 δὲ
862 5188 922 5240 τὸ
961 5187 1220 5257 ἐψεῦσθαι
1255 5186 1485 5252 ἑαυτῶν,
1518 5187 1745 5239 πλεῖστα

152 5285 309 5338 κακά
332 5301 349 5350 ;

241 5387 377 5441 Ἐπὶ
412 5384 605 5456 μηδενί⁵
636 5381 887 5452 ὲπαρθῇς
928 5380 1198 5451 ἀλλοτρίῳ
1251 5380 1652 5453 προτερήματι.
1684 5381 1745 5432 Εἰ

152 5486 182 5539 ὁ
210 5483 386 5542 ἵππος
411 5478 597 5545 ἔλεγεν
625 5474 1006 5545 ἐπαιρόμενος,
1036 5473 1118 5525 ὃτι
1150 5472 1329 5535 Καλός
1355 5473 1492 5542 εἶμι,
1520 5473 1747 5526 ἀνεκτὸν

151 5573 256 5648 ἦν’
285 5577 350 5629 σὺ
380 5573 438 5626 δὲ
468 5574 600 5628 ὅταν
624 5569 825 5638 λέγεις,
855 5568 937 5621 ὅτι
968 5564 1163 5620 Ἵππον
1193 5565 1357 5620 καλὸν
1381 5566 1509 5637 ἔχω,
1533 5565 1640 5620 ῐσθι
1665 5566 1747 5619 ὅτι

154 5670 243 5738 ἐφ’
288 5670 445 5735 ἵππῳ
493 5663 684 5733 αγαθῷ
737 5662 877 5732 μέγα
929 5661 1166 5730 φρονεῖς.
1226 5659 1289 5711 Τί
1332 5653 1425 5712 οὖν
1457 5660 1575 5711 ἔστι
1619 5657 1745 5723 σόν;

151 5763 370 5835 Χρῆσις
418 5755 751 5826 φαντασιῶν,
786 5754 853 5823 ἣν
894 5752 1022 5805 ὅταν
1074 5752 1216 5803 κατὰ
1263 5749 1423 5818 φύσιν
1452 5750 1602 5821 ἔχῃς,
1628 5748 1748 5802 τότε

484 5854 751 5913 ΡΑΤιιοι..
800 5853 893 5910 Gn
977 5847 1135 5911 XCI.

1845 4554 2075 4607 norunt,
2121 4544 2331 4614 agenda
2382 4545 2484 4599 sibi
2523 4545 2893 4609 constituunt,
2917 4555 3113 4615 parant
3155 4562 3278 4616 quae
3314 4548 3427 4601 sint

1845 4637 2177 4699 necessaria,
2199 4651 2264 4690 ac
2286 4637 2475 4691 felices
2498 4646 2687 4706 agunt,
2708 4637 2776 4691 ab
2800 4637 2980 4707 iisque
3009 4653 3067 4693 se
3096 4638 3426 4693 abstinendo

1846 4743 2080 4795 quorum
2106 4729 2271 4782 rudes
2308 4729 2604 4789 exsistunt,
2641 4730 2780 4783 nihil
2807 4738 3021 4795 errant,
3065 4745 3130 4784 ac
3174 4745 3245 4784 ne
3282 4729 3425 4783 male

1846 4827 2029 4887 agant,
2072 4818 2365 4889 eﬂ‘ugiunt.

1919 4911 1969 4966 ls
2004 4927 2135 4965 sane
2163 4911 2404 4980 seipsum
2434 4910 2653 4966 nescire
2685 4911 2930 4975 videtur,
2966 4912 3061 4980 qui
3090 4911 3237 4965 vires
3272 4925 3423 4975 suas,

1846 5013 2068 5073 quantae
2100 5003 2231 5069 sint,
2263 5013 2577 5074 compertas
2604 5020 2715 5059 non
2746 5004 2933 5057 habet.
2979 5004 3079 5068 Ac,
3130 5019 3316 5057 nonne
3352 5003 3424 5057 li-

1846 5104 1999 5164 quet,
2035 5096 2236 5165 inquit,
2268 5096 2544 5160 homines,
2576 5096 2724 5166 quod
2754 5110 2812 5150 se
2832 5095 3115 5160 noverint,
3139 5097 3425 5166 complura

1848 5188 2094 5241 nancisci
2127 5188 2269 5241 bona
2298 5205 2311 5253 ;
2345 5188 2491 5257 quod
2535 5196 2721 5241 autem
2746 5187 2830 5243 sui
2862 5186 3178 5259 cognitione
3210 5196 3422 5254 errent,

1848 5280 2105 5349 plurimis
2139 5295 2198 5333 se
2232 5280 2393 5333 malis
2438 5280 2719 5334 inserere?

1919 5381 2079 5435 Nulla
2136 5392 2188 5434 te
2222 5381 2403 5434 aliena
2446 5382 2777 5437 excellentia
2827 5397 2890 5437 ac
2929 5381 3213 5453 praestanti
3258 5381 3427 5454 664

1849 5473 1978 5527 dote
2008 5472 2227 5528 efferas.
2263 5473 2320 5528 Si
2356 5487 2555 5543 equus,
2610 5491 2716 5544 qua
2749 5484 2973 5545 praestat
3031 5476 3425 5546 generositate,

1852 5579 1911 5618 se
1947 5564 2155 5617 bonum
2182 5564 2420 5629 diceret,
2447 5564 2580 5619 ferri
2615 5565 2668 5620 id
2693 5575 2842 5621 certe
2874 5576 3099 5636 posset;
3138 5565 3221 5619 sin
3240 5574 3427 5618 autem

1852 5667 1908 5711 tu
1942 5658 2082 5726 ipse,
2121 5666 2173 5711 te
2224 5657 2431 5712 bonum
2486 5673 2695 5729 equum
2738 5659 2945 5713 habere
2992 5658 3199 5713 dixeris
3229 5696 3245 5721 ,
3288 5656 3430 5712 scito

1852 5749 1979 5818 equi
2050 5758 2102 5801 te
2150 5748 2397 5806 bonitate
2424 5752 2669 5822 gloriari.
2710 5752 2850 5818 Quid
2905 5752 3074 5821 igitur
3107 5760 3261 5803 tuum
3296 5748 3429 5807 est?

3040 5844 3103 5905 31
