4014 6284
581 293 688 374 975

1712 309 1772 369 S.
1818 308 2105 368 MAXIMI
2146 308 2655 373 CONFESSORIS

3745 327 3857 388 976

648 423 854 479 Basilii.
891 415 1118 477 —-—'Cum
1174 421 1332 478 bruta
1381 432 1643 494 mutaque
1689 424 1990 480 animantia
2041 439 2133 478 sua

2326 429 2543 483 Βασιλ.
2575 460 2646 471 --
2675 432 2738 485 El
2769 432 2839 488 τὰ
2866 433 3039 504 ἄλογα
3061 438 3390 507 ὲπινοητικά
3413 440 3511 492 καὶ
3532 440 3858 508 φυλακταὰ

577 515 867 572 consulant
895 513 1058 569 saluti
1090 513 1308 582 sibique
1339 515 1564 569 solertia
1591 522 1934 582 caveant,ac
1955 513 2144 585 piscis,

575 605 712 676 quid
740 605 846 660 sibi
881 603 1328 676 prosequendum
1355 643 1370 669 ,
1431 605 1637 675 quidve
1681 604 2004 676 fugiendum
2036 604 2146 668 sit,

575 714 687 754 non
716 698 955 763 nesciat;
1003 697 1138 767 quid
1171 711 1273 752 nos
1297 695 1504 752 dicturi
1540 713 1752 762 sumus,
1802 698 1898 767 qui
1938 697 2147 752 doctri-

577 788 666 843 nis
699 787 926 852 exculti,
982 787 1198 859 legibus
1247 787 1530 852 instituti,
1581 787 1872 858 promissis
1907 786 2145 853 invitati,

576 876 787 948 Spiritu
811 877 1016 944 edocti,
1049 879 1218 934 mutis
1252 886 1434 933 tamen
1457 876 1702 947 piscibus
1727 892 1758 930 a
1782 876 1996 932 ratione
2031 893 2149 933 ser-

574 969 867 1038 monisque
904 970 1058 1025 cultu
1107 969 1282 1041 magis
1323 968 1514 1035 alieni,
1569 968 1679 1040 legi
1733 967 1936 1028 cedere
1969 984 2147 1037 recu-

573 1073 760 1114 samus
789 1059 812 1112 ?
1965 1120 1973 1127 .

646 1145 793 1200 Fieri
823 1160 934 1200 non
973 1155 1160 1216 potest
1185 1155 1246 1202 ut
1270 1147 1316 1202 is
1337 1147 1572 1202 salutem
1617 1158 1994 1233 consequatur
2046 1149 2142 1219 qui

573 1234 940 1291 Deimandata
969 1253 1077 1292 non
1101 1239 1440 1305 servaverit;
1466 1255 1568 1294 nec
1587 1250 1748 1296 vacat
1764 1241 2034 1312 periculo,
2057 1241 2142 1296 vel

572 1345 742 1384 unum
767 1330 899 1400 quid
922 1345 1114 1385 eorum
1144 1346 1267 1401 quae
1292 1331 1454 1386 nobis
1474 1331 1585 1386 sint
1605 1341 1876 1403 pmcepta
1898 1333 2143 1404 neglige-

486 1431 488 1436 '
571 1435 648 1474 re.
667 1419 862 1474 Gravis
879 1421 1029 1475 enim
1049 1421 1216 1477 elatio
1236 1430 1340 1485 est,
1361 1429 1420 1475 ut
1440 1423 1558 1491 ejus
1582 1423 1676 1492 qui
1693 1423 1871 1493 legem
1896 1423 2022 1477 tulit
2039 1421 2139 1493 ipsi

562 1510 777 1580 judices
793 1510 1101 1579 sedeamus,
1115 1513 1328 1582 aliaque
1345 1513 1465 1582 eius
1481 1514 1616 1568 scita
1628 1514 2015 1583 approbemus,
2035 1513 2140 1569 alia

567 1600 944 1670 improbemus
963 1617 1028 1656 ac
1045 1602 1382 1673 rejiciamus.
1413 1604 1549 1659 Cum
1581 1605 1730 1660 enim
1763 1613 2017 1675 oporteat
2040 1605 2138 1659 Dei

565 1690 846 1746 hominem
864 1691 1168 1762 perfectum
1190 1709 1333 1758 esse,
1357 1696 1584 1750 omnino
1606 1711 1832 1751 necesse
1856 1707 1941 1751 est
1957 1705 2011 1750 ut
2039 1711 2137 1766 per

2259 519 2360 590 τῆς
2391 522 2572 576 αὐτῶν
2596 527 2874 597 σωτηρίας
2901 529 3032 590 εἰσὶ,
3063 532 3158 584 καὶ
3189 526 3298 586 οἶδε
3327 533 3391 587 τὸ
3418 534 3645 604 αἱρετὸν
3676 534 3857 588 αὑτοῦ

2257 612 2353 666 καὶ
2394 616 2456 668 τὸ
2505 619 2739 684 φευκτὸν
2786 621 2941 691 ἰχθύς
2967 638 2982 654 ο
3011 624 3068 677 τι
3101 615 3340 696 ἐροῦμεν
3386 629 3556 698 ἡμεῖς
3584 629 3636 682 oi
3660 629 3858 695 λόγοις

2254 707 2625 776 τετιμημένοι.
2666 703 2760 764 καῖ
2787 713 2972 784 νόμοις
3003 717 3450 789 πεπαιδευμένοι,
3481 719 3858 788 ἐπαγγελίαις

2256 799 2704 868 προτραπέντες,
2768 804 3050 874 Πνεύματι
3101 809 3497 877 ωφισθέντεςο
3551 805 3678 863 εἶτα.
3737 810 3856 862 τῶν

2255 887 2464 955 ἀλόγων
2495 891 2695 960 ἰχθύων
2722 893 3061 964 ἀλογώτερον
3095 899 3165 952 τὰ
3196 900 3320 953 καθ’
3341 901 3576 964 ὲαυτοῦς
3605 899 3857 955 simas-

2256 995 2429 1048 μενοι,
2467 983 2544 1054 μὴ
2570 983 2881 1054 πειθόμενοι
2908 988 2986 1059 τῷ
3010 989 3162 1062 νόμῳ
3188 991 3439 1046 ὑπείκειν
3466 1009 3483 1060 ;

2325 1131 2398 1184 Οὐ
2428 1132 2656 1189 δυνατὸν
2687 1137 2926 1209 σωθῆναι
2959 1139 3034 1210 μὴ
3065 1140 3326 1196 ποιοῦντα
3352 1141 3425 1195 τὰ
3457 1137 3566 1195 κατ
3612 1141 3856 1211 ἐντολὴν

2250 1222 2345 1276 τοῦ
2385 1224 2521 1278 Θεοῦ
2566 1226 2703 1296 ἔργα
2739 1244 2753 1258 '
2780 1229 2904 1283 οὔτε
2945 1231 3008 1283 τὸ
3049 1232 3297 1302 παριδεῖν
3341 1250 3396 1286 τι
3434 1233 3548 1288 τῶν
3593 1250 3850 1303 προστε-

2249 1318 2538 1388 ταγμένων
2581 1321 2884 1376 ἀκίνδυνον.
2913 1323 3072 1393 Δεινὴ
3120 1324 3230 1396 γὰρ
3266 1327 3301 1395 ἡ
3343 1325 3602 1397 ἔπαρσις,
3642 1325 3852 1396 κριτὰς

2250 1409 2398 1478 ἡμᾶς
2427 1408 2522 1461 τοῦ
2566 1410 2854 1480 νομοθέτου
2895 1411 3244 1477 καθέζεσθαι,
3289 1413 3386 1466 καὶ
3429 1415 3562 1477 τοὺς
3594 1415 3705 1483 μὲν
3750 1415 3847 1481 ὲγ-

2249 1498 2459 1568 κρίνειν
2490 1498 2600 1554 τῶν
2630 1501 2831 1571 νόμων,
2861 1504 2988 1565 τοὺς
3014 1502 3070 1555 δὲ
3096 1504 3594 1573 παραπέμπεσθαι.
3622 1506 3694 1556 El
3734 1505 3844 1575 γὰρ

2247 1589 2329 1642 δεῖ
2373 1589 2579 1644 τέλειον
2611 1587 2754 1645 εἶναι
2791 1591 2882 1646 τὸν
2932 1594 3028 1647 τοῦ
3072 1594 3209 1648 Θεοῦ
3265 1595 3580 1664 ἄνθρωπον,
3608 1597 3842 1664 ἀνάγκη

2249 1683 2402 1734 πᾶσα
2438 1681 2525 1736 διὰ
2560 1683 2743 1754 πάσης
2767 1683 2992 1754 ἐντολῆς
3026 1687 3479 1758 καταρτισθῆναι,
3511 1689 3592 1752 είς
3623 1687 3842 1758 μέτρον

564 1795 726 1836 omne
755 1783 1096 1850 mandatum,
1133 1786 1189 1840 in
1212 1802 1522 1842 mensuram
1544 1774 1767 1844 staturae
1784 1789 2133 1860 plenitudinis

2248 1772 2462 1842 ἡλικίας
2503 1772 2596 1826 τοῦ
2649 1773 3022 1845 πληρώματος
3059 1775 3150 1828 τοῦ
3196 1777 3442 1845 Χριστοῦ
3475 1794 3491 1808 ·
3526 1780 3652 1830 ἐπεὶ
3693 1778 3841 1831 κατὰ

560 1869 766 1926 Christi
811 1872 1028 1943 (Ephes.
1092 1891 1167 1940 IV,
1213 1876 1279 1930 15
1306 1876 1349 1947 ),
1391 1877 1763 1947 perﬁciatur:
1804 1878 2025 1948 quando
2073 1893 2141 1932 ex

561 1959 749 2014 divina
773 1960 913 2031 lege,
969 1977 1284 2034 quanquam
1318 1966 1587 2022 mundum
1615 1979 1701 2023 est
1735 1968 1884 2038 quod
1937 1968 2141 2023 immo-

563 2051 706 2108 latur
737 2051 866 2123 [nisi
901 2054 1210 2123 perlectum
1243 2073 1308 2112 ac
1369 2057 1671 2131 integrum]
1713 2069 2000 2130 acceptum
2027 2060 2140 2116 Deo

561 2144 617 2197 in
643 2142 978 2199 sacriﬁcium
1005 2162 1114 2201 non
1148 2148 1419 2202 habeatur
1455 2150 1643 2221 (Leuit.
1686 2166 1816 2212 nn,
1847 2151 1960 2223 ‘29).

634 2232 896 2304 Theologi.
926 2265 997 2274 —
1022 2235 1080 2290 Si
1105 2237 1254 2306 quod
1287 2253 1530 2304 eramus,
1585 2254 2100 2309 persevaressemus
2120 2280 2135 2305 ,

560 2333 726 2392 atque
755 2325 1070 2380 mandatum
1099 2341 1496 2395 servasscmus,
1525 2330 1580 2385 id
1601 2330 1748 2401 quod
1784 2347 1894 2387 non
1917 2347 2138 2387 eramus

561 2412 750 2482 utique
782 2416 1212 2473 exstitissemus.

629 2503 858 2561 Dulcius
884 2507 1016 2577 quid
1064 2517 1150 2564 est
1182 2509 1372 2565 doceri
1417 2511 1488 2567 de
1519 2512 1655 2576 Deo,
1704 2528 1871 2584 quam
1908 2513 2133 2569 docere.

629 2688 827 2744 Verbis
869 2691 1092 2760 quidem
1132 2709 1319 2763 parce,
1373 2695 1637 2764 operibus
1686 2706 1869 2752 autem
1913 2698 2133 2754 abunde

557 2781 817 2851 pietatem
834 2782 1131 2851 prodentes
1154 2801 1170 2850 ;
1201 2785 1495 2856 legumque
1513 2787 1698 2856 potius
1720 2789 2131 2854 observatione.

557 2887 724 2942 quam
775 2872 920 2942 quod
972 2873 1344 2944 legislatorem
1396 2876 1780 2944 admiremur,
1830 2881 2039 2936 amoris
2075 2883 2132 2936 in

555 2979 682 3020 eum
709 2964 964 3020 allectum
992 2966 1373 3024 ostendamus.

623 3054 863 3126 Legibus
911 3058 1194 3127 subjecms
1240 3075 1302 3114 es
1331 3076 1396 3116 ac
1440 3062 1744 3118 Dominicis
1779 3065 2008 3133 regulis,
2061 3083 2131 3121 ex

553 3165 787 3221 quarum
813 3166 1008 3206 norma
1040 3152 1209 3207 vitam
1253 3161 1304 3207 te
1330 3169 1663 3223 componere
1710 3159 1990 3213 convenit.
2027 3161 2126 3216 At—

553 3257 664 3311 que
701 3241 754 3296 id
789 3242 1028 3312 primum
1055 3259 1121 3298 ex
1155 3243 1332 3314 tcipso
1359 3246 1672 3311 considera,
1703 3248 1881 3318 ipsum
1907 3266 2127 3322 quoque

554 3333 798 3386 animum
832 3342 989 3388 tuum
1022 3334 1247 3390 virtutis
1280 3338 1572 3408 prazceptis
1603 3339 1849 3409 undique
1872 3357 1994 3398 esse
2025 3344 2127 3399 ob-

553 3421 800 3476 noxium.
831 3421 1045 3493 Corpus
1071 3425 1238 3479 etiam
1295 3427 1417 3496 ejus
1445 3429 1540 3498 qui
1572 3430 1840 3495 condidit,
1871 3448 2104 3488 munere

552 3510 832 3579 accepisti,
872 3512 1118 3582 quinque
1148 3515 1405 3570 scnsibus
1455 3517 1524 3571 ad
1575 3519 1702 3574 vitae
1743 3522 1932 3576 munia
1970 3538 2125 3578 com-

553 3601 849 3655 munitum.
885 3604 964 3657 Ac
988 3619 1056 3658 nc
1080 3604 1116 3659 ii
1155 3606 1381 3676 quidem
1416 3609 1578 3664 liberi
1606 3620 1760 3683 sunt,
1794 3613 1992 3684 suique
2025 3631 2124 3686 pe-

549 3690 882 3761 nitusjuris,
914 3693 1009 3748 sed
1037 3695 1238 3767 singuli
1277 3697 1497 3769 legibus
1526 3703 1846 3772 mancipati.
1875 3706 2125 3761 Primus-

548 3795 656 3850 que
687 3781 742 3837 in
763 3782 844 3838 eis
863 3784 1019 3840 audit
1050 3787 1244 3843 oculus
1273 3806 1287 3843 :
1321 3791 1478 3858 Vide,
1509 3793 1711 3864 inquit,
1758 3804 1815 3850 ct
1853 3806 2121 3852 contucrc

547 3887 670 3942 quae
694 3874 814 3930 visu
836 3875 1068 3933 honesta
1094 3879 1234 3946 sint;
1257 3892 1518 3951 praestare
1540 3885 1673 3940 item
1700 3887 1880 3957 ipsum
1899 3905 2118 3953 eruere,

549 3964 642 4018 ubi
676 3965 965 4023 inhoneste
986 3978 1045 4024 et
1073 3985 1196 4040 quae
1229 3974 1394 4029 noxia
1423 3975 1559 4042 sint,
1593 3981 1875 4048 aspexerit
1906 3981 2118 4052 (Matth.

545 4068 696 4118 xvnt,
715 4055 792 4124 9).
835 4057 1000 4113 Auris
1038 4075 1260 4134 quoque
1302 4064 1359 4118 in
1401 4065 1679 4122 mandatis
1721 4067 1920 4136 habet;
1953 4070 2122 4126 habet

543 4152 602 4198 et
627 4145 788 4216 637
820 4147 1008 4216 lingua
1041 4166 1106 4206 ac
1128 4153 1386 4210 similiter
1408 4171 1607 4212 sensus
1636 4157 1860 4228 reliqui.

610 4234 725 4290 Nec
740 4238 1060 4308 navigantes
1077 4248 1256 4298 tutum
1273 4253 1358 4300 est
1387 4256 1542 4301 extra
1568 4257 1789 4316 portum
1817 4251 2114 4320 appellere,

542 4339 646 4381 nec
718 4339 868 4384 caret
921 4331 1190 4401 periculo,
1225 4336 1319 4406 qui
1349 4337 1556 4403 vivant,
1587 4348 1740 4396 extra
1766 4341 2116 4415 disciplinam

539 4432 747 4475 Vivere.

612 4508 772 4587 Leges
799 4511 1099 4587 observans,
1130 4523 1328 4570 metum
1351 4516 1498 4587 foras
1540 4521 1738 4587 mittes;

606 4581 682 4634 Ab
732 4597 791 4634 eo
809 4583 949 4635 enim
971 4585 1221 4639 immunis
1251 4581 1360 4652 est,
1376 4591 1611 4660 quisquis
1641 4581 1778 4662 leges
1807 4604 2000 4651 servat.

607 4693 726 4749 Duo
749 4704 882 4751 sunt
922 4697 1126 4766 quibus
1167 4701 1429 4770 regimur,
1469 4713 1668 4760 natura
1690 4714 1746 4761 et
1770 4701 1893 4772 lex;
1935 4710 2109 4769 vincit

535 4794 719 4842 autem
751 4790 930 4861 legem
963 4801 1180 4849 natura.

603 4876 789 4951 Chrys.
809 4911 880 4923 ——
899 4882 1127 4939 Peccata
1155 4900 1224 4939 ex
1255 4889 1585 4944 necessitate
1607 4895 1903 4949 commissa
1933 4896 2101 4951 etiam

531 4967 681 5040 leges
705 4974 885 5029 solent
918 4975 1257 5033 condonare.

599 5061 806 5135 Legum
837 5083 1009 5138 genus
1037 5070 1256 5141 triplex:
1304 5072 1393 5128 lex
1451 5084 1683 5140 natum,
1746 5077 1835 5134 lex
1892 5081 2102 5145 scripta

531 5151 698 5224 Moysi
731 5158 949 5225 tradita,
979 5169 1035 5217 et
1057 5160 1144 5218 lex
1176 5165 1388 5235 gratiae.

2239 1861 2333 1916 τὸν
2381 1861 2526 1916 θεῖον
2569 1863 2733 1934 νόμον
2772 1865 2878 1917 κᾶν
2903 1861 3200 1940 καθαρὸνῇ
3227 1866 3320 1919 τὸν
3347 1867 3711 1936 τελούμενον,
3747 1867 3838 1938 [εἰν

2243 1953 2320 2024 μὴ
2340 1955 2543 2009 τέλειον
2569 1957 2662 2010 καὶ
2682 1955 2873 2028 όλόκλη
2882 1955 3022 2028 ρον,]
3036 1956 3401 2027 άπρόσδεκτον
3426 1958 3504 2029 (q)
3530 1959 3610 2024 είς
3627 1958 3837 2013 Θυσίαν

2238 2043 2316 2116 τῷ
2336 2043 2485 2117 Θεῷ.

2312 2216 2627 2285 Θεολότου.
2659 2248 2728 2258 --
2756 2218 2820 2270 Ei
2856 2218 2956 2288 μὲν
2987 2217 3082 2271 οὖν
3114 2217 3412 2290 ἐμείναμεν
3458 2219 3600 2291 ὅπερ
3650 2215 3830 2291 ἦμεν,

2239 2307 2334 2360 καὶ
2361 2307 2462 2378 τὴν
2492 2307 2712 2380 ἐντολὴν
2739 2310 3104 2381 ἐφυλάξαμεν,
3129 2309 3431 2380 ἐγενόμεθα
3453 2309 3518 2365 ἂν
3544 2312 3693 2380 ὅπερ
3731 2313 3832 2366 οὐκ

2235 2395 2400 2470 ἦμεν.

2317 2492 2405 2556 Ὠς
2467 2493 2617 2564 ἥδιόν
2684 2513 2738 2549 τι
2778 2479 3108 2568 ’μανθάνειν
3142 2541 3157 2565 ,
3223 2501 3256 2572 ἢ
3323 2501 3603 2556 διδάσκειν
3689 2504 3831 2573 περὶ

2235 2583 2395 2639 Θεοῦ.

2305 2677 2464 2748 Λόγῳ
2517 2688 2618 2750 μὲν
2681 2681 3034 2747 εὐσεϐοῦντες
3093 2683 3272 2752 ὀλίγα,
3306 2684 3454 2758 ἔργῳ
3504 2686 3564 2738 δὲ
3622 2686 3822 2740 πλείο-

2235 2789 2300 2824 να
2329 2787 2343 2801 ·
2415 2775 2510 2826 καὶ
2563 2776 2631 2844 τῇ
2692 2775 2925 2846 τηρήσει
2978 2776 3087 2830 τῶν
3139 2779 3320 2849 νόμων
3383 2780 3609 2848 μᾶλλον.
3645 2781 3684 2850 ἦ
3750 2781 3826 2851 τῷ

2235 2863 2537 2934 θαυμάζειν
2583 2865 2676 2918 τὸν
2728 2867 3046 2939 νομοθέτην,
3067 2870 3126 2922 τὸ
3172 2872 3299 2942 περὶ
3351 2872 3512 2924 αὐτὸν
3574 2873 3815 2942 φίλτρον

2233 2956 2689 3026 ἐπιδεικνύμενοι.

2301 3047 2506 3116 Νόμοις
2567 3048 2858 3104 ὑπόκεισαι
2905 3051 2999 3104 καὶ
3046 3054 3238 3105 κανόσι
3273 3055 3647 3118 Δεσποτικοῖς,
3691 3059 3822 3110 καθ’

2234 3138 2328 3202 οῦς
2381 3156 2439 3192 σε
2478 3144 2744 3213 προσήκει
2787 3140 2905 3214 ζῇν.
2937 3145 3048 3198 Καὶ
3083 3145 3240 3198 τοῦτο
3278 3147 3386 3199 ἀπὸ
3414 3147 3618 3201 σαυτοῦ
3651 3151 3817 3220 πρῶ-

2227 3249 2321 3285 τον
2384 3234 2746 3304 κατανόησον,
2779 3239 2862 3290 ὅτι
2919 3237 3013 3290 καὶ
3067 3240 3103 3308 ἠ⁴
3145 3239 3290 3309 ψυχή
3324 3256 3415 3292 σου
3465 3243 3819 3310 πανταχόθεν

2223 3321 2336 3388 ’τοῖς
2368 3326 2470 3396 τῆς
2505 3327 2708 3398 ἀρετῆς
2736 3328 3019 3382 ὑπόκειται
3060 3330 3533 3400 παραγγέλμασιν.
3569 3333 3816 3399 12th;

2227 3418 2320 3469 καὶ
2351 3417 2512 3486 σῶμα
2541 3425 2693 3488 παρὰ
2714 3419 2808 3471 τοῦ
2835 3419 3154 3485 κτίσαντος,
3181 3423 3340 3474 πέντε
3369 3422 3696 3494 αἰσθήσεσιν
3729 3429 3816 3489 είς

2225 3507 2324 3570 τὰς
2370 3508 2470 3579 τῆς
2524 3509 2670 3580 ζωῆς
2710 3510 2897 3582 χρείας
2923 3512 3398 3583 οἰκονομούμενον.
3437 3515 3560 3567 Εἰσὶ
3587 3516 3644 3568 δὲ
3674 3518 3810 3570 οὐδὲ

2227 3596 2396 3654 αὗται
2442 3601 2719 3674 ἐλεύθεροι
2765 3607 2860 3659 καὶ
2892 3608 3180 3678 αὐτόνομοι
3205 3625 3219 3638 ⁶
3253 3609 3367 3662 ἀλλ’
3401 3611 3606 3680 ἑκάστη
3641 3612 3809 3683 δούλη

2225 3694 2406 3762 νόμων
2430 3695 2568 3751 ἐστί.
2604 3699 2715 3751 Καὶ
2744 3699 2961 3769 πρῶτος
2995 3700 3185 3754 ἀκούει
3214 3704 3240 3754 ό
3269 3701 3573 3773 ὀφθαλμός.
3602 3704 3807 3770 Βλέπε,

2226 3786 2412 3856 φησὶν,
2446 3789 2541 3842 καὶ
2590 3789 2787 3860 θεώρει
2830 3790 2865 3844 ἃ
2925 3791 3147 3862 βλέπειν
3193 3792 3358 3846 καλόν
3391 3809 3403 3821 '
3440 3795 3555 3855 καὶ,
3583 3793 3806 3864 βέλτιον

2224 3879 2516 3933 ἐκκόπτειν
2543 3880 2728 3942 αὐτὸν,
2761 3882 2893 3935 ὅταν
2910 3879 3122 3936 ἄτακτα
3159 3883 3334 3956 βλέπῃ
3355 3885 3448 3937 καὶ
3497 3885 3802 3956 ἐπιζήμια.

2229 3969 2382 4039 Ἔχει
2414 3971 2508 4024 καὶ
2531 3971 2564 4042 ή
2589 3971 2727 4043 ἀκοὴ
2759 3974 3156 4044 παράγγελμα,
3187 3975 3282 4028 καὶ
3308 3976 3340 4046 ἡ
3367 3975 3589 4044 γλῶσσα
3621 3979 3715 4031 καὶ
3746 3982 3803 4034 αΣ

2222 4061 2409 4117 λοιπαὶ
2431 4063 2656 4135 ὁμοίως.

2291 4245 2429 4299 Οὔτε
2473 4247 2736 4311 πλέοντας
2769 4249 2921 4320 παρὰ
2965 4251 3131 4303 τόπον
3155 4251 3347 4321 ὁρμεῖν
3385 4252 3652 4320 ἀσφαλὲς,
3670 4252 3794 4306 οὔτε

2219 4338 2428 4404 ζῶντας
2448 4340 2602 4412 παρὰ
2627 4340 2793 4411 νόμον
2823 4341 2974 4413 βιοῦν
3002 4343 3303 4397 ἀκίνδυνον.

2298 4513 2533 4586 Νόμους
2558 4511 2894 4586 φυδᾴττωτ,
2924 4513 3308 4586 τοῦςᾷφόσους
3327 4513 3446 4575 ἔξω
3470 4515 3716 4586 βαλεῖς·

2297 4585 2489 4637 Φόϐου
2511 4582 2621 4652 γὰρ
2640 4582 2756 4646 ἔξω
2778 4582 2896 4648 πᾶς
2916 4586 2949 4636 d
2980 4583 3086 4636 τοῦ
3117 4584 3304 4652 νόμου
3333 4585 3541 4651 φύλαξ
3553 4619 3569 4629 -

2285 4695 2389 4749 Δύο
2428 4695 2526 4766 μὲν
2575 4695 2643 4748 τὰ
2679 4695 2934 4763 διάγοντα
2963 4696 3112 4765 ἡμᾶς
3142 4696 3257 4750 ἐστι
3284 4712 3302 4726 “
3347 4695 3512 4766 φύσις
3549 4700 3644 4752 καὶ
3697 4697 3783 4752 νό-

2217 4803 2317 4857 μος
2350 4801 2367 4814 '
2394 4788 2589 4858 κρατεί
2612 4786 2669 4839 δὲ
2695 4785 2790 4839 τοῦ
2819 4786 2986 4856 νόμου
3017 4787 3050 4856 ἡ
3083 4785 3265 4855 φύσις.

2286 4880 2586 4946 Χρυσοστ.
2622 4907 2692 4917 —
2727 4879 2904 4931 Ἵσασι
2933 4879 3023 4930 καὶ
3057 4878 3106 4930 οι
3151 4877 3306 4948 νόμοι
3347 4879 3419 4931 τά
3448 4880 3509 4944 ἐξ
3547 4897 3783 4954 αναγκης

2217 4962 2611 5031 συγγινώσκειν
2637 4965 2858 5036 ἀμαρτή
2869 4982 3034 5036 ματα.

2283 5068 2411 5141 Εἷδη
2443 5072 2548 5125 τῶν
2575 5070 2752 5141 νόμων
2777 5071 2922 5142 τρίαο
2952 5071 3113 5142 νόμος
3138 5073 3166 5126 ό
3190 5073 3287 5144 τῆς
3311 5073 3552 5142 φύσεως,
3580 5077 3737 5146 νόμος
3754 5077 3780 5128 ό

2211 5161 2307 5214 τοῦ
2358 5162 2706 5234 γράμματος,
2728 5166 2756 5218 ό
2798 5165 2876 5236 τῷ
2919 5166 3146 5220 Μωῦσεί
3187 5166 3367 5231 δοθεὶς
3390 5207 3406 5233 ,
3434 5171 3603 5240 νόμος
3627 5172 3657 5223 ό
3690 5169 3778 5239 τῆς

2211 5256 2458 5328 χάριτος.

2035 5387 2266 5445 NOTAE.

597 5489 672 5572 _(q)
718 5491 849 5572 Κᾶν
872 5495 1153 5572 καβιιρόξο,
1205 5499 1640 5568 ἀπρόσδεκτον.
1696 5503 1852 5572 Quod
1885 5506 1969 5560 vel
2000 5507 2096 5562 dc-

2204 5518 2451 5588 nccepta,
2475 5510 3076 5588 describituerrteter
3101 5515 3221 5588 ejus
3247 5516 3501 5586 ἄμωμον,
3527 5517 3768 5588 quodest

525 5560 818 5659 sideretur,
874 5563 961 5617 vel
1017 5560 1352 5659 insinuatum
1403 5573 1604 5655 Basilio
1660 5560 1752 5637 sit,
1802 5576 1999 5659 adjeci,
2029 5560 2092 5633 ac
2200 5560 2655 5659 puritras.'thtte
2695 5584 2767 5659 in_
2811 5560 3058 5646 victima.
3102 5560 3266 5642 in
3289 5560 3501 5642 Ἐξιτᾶ
3529 5560 3764 5659 ‘iustitia.

523 5632 770 5728 clausum
836 5645 1222 5728 regrtcsennto.‘
1260 5639 1445 5728 Palam
1505 5645 1653 5728 enim
1705 5632 2090 5728 est,_'rel'e'rre
2197 5632 2819 5728 necesseutplc‘nausit,
2847 5632 3673 5728 c'uticta'qttevintpleat,utJDco
3697 5632 3764 5711 sii

523 5699 703 5756 Levit.
735 5720 865 5764 χιιι.
896 5699 987 5769 95,
1023 5705 1114 5759 ubi
1150 5707 1436 5776 integritas
1476 5713 1658 5778 vituli,
1695 5699 1759 5769 ut
1787 5699 1859 5772 sit
1887 5699 2089 5773 hostia
2195 5699 2420 5789 ﬁniti;
