4014 6284
247 327 385 396 985

1564 328 1731 389 LOCI
1770 328 2088 389 COMMUN
2094 329 2205 389 ES.

3406 334 3514 398 986

338 445 587 512 Παροιμ.
646 440 756 497 κθ¹.
797 473 865 485 —
925 445 1021 507 Ὃς
1079 444 1475 515 κατασπαταλᾷ
1534 448 1595 498 ἐκ
1650 444 1831 508 παιδὸς

2008 446 2163 499 Prov.
2199 461 2343 509 xxxx,
2387 445 2477 499 2|.
2505 444 2698 511 —Qui
2734 444 3029 503 deiiciatur
3079 462 3111 502 a
3141 463 3314 518 puero
3351 449 3513 505 luxu-

248 535 535 598 ἀσώτως,
578 534 793 606 οἰκέτης
832 534 1020 589 ἔσται·
1079 535 1307 607 ἔσχατον
1348 536 1405 588 δὲ
1448 536 1838 606 ὀδυνηθήσεται

248 625 360 696 ἐφ’
395 626 592 698 ἑαυτῷ.

333 720 522 789 Σιρὰχ
567 725 642 784 ς’.
677 718 852 773 -Τὰ
907 718 1081 787 φύλλα
1124 736 1219 773 σου
1268 722 1645 791 καταφάγεσαι
1697 719 1841 773 ἀσώ-

245 826 376 873 τως
401 809 511 881 (y),
562 811 658 863 καὶ
699 812 827 871 τοὺς
858 809 1103 878 καρπούς
1142 827 1233 863 σου
1273 812 1581 877 ἀπολέσεις,
1618 811 1711 863 καὶ
1738 811 1839 878 ἁφ-

247 904 422 967 ήσεις
454 901 666 972 σεαυτῷ
685 901 760 966 ὡς
794 901 990 970 φύλλον
1018 901 1197 973 ξηρόν.

332 993 687 1048 Βασιλείου.
744 1022 815 1032 -
878 992 1013 1045 Οὐδὲ
1067 991 1177 1062 γὰρ
1236 993 1525 1064 φειδόμενα
1582 992 1839 1059 καθάπαξ

249 1084 524 1148 πλούτου,
549 1082 870 1155 ὲρῤιμένους
894 1084 1068 1153 χαμαὶ
1101 1084 1523 1154 παρατρέχομεν
1549 1084 1835 1154 ἀδελφοὺς,

244 1176 387 1231 οὐδὲ
411 1179 527 1239 τοῖς
557 1176 745 1230 παισὶν
776 1175 810 1245 ἢ
844 1177 957 1239 τοῖς
983 1176 1165 1237 ἄλλοις
1190 1177 1413 1240 οἰκείοις
1440 1177 1538 1246 τὴν
1572 1177 1837 1248 εὐπορίαν

248 1271 648 1340 φυλάττοντες,
676 1268 1039 1338 ἀποκλείομεν
1069 1270 1181 1331 τοῖς
1205 1268 1481 1340 δεομένοις
1503 1270 1603 1333 τὰς
1634 1270 1801 1334 ἀκοάς
1818 1287 1830 1300 ·

246 1362 400 1417 ἀλλά
439 1363 540 1433 τὴν
569 1361 814 1432 δαπάνην
862 1361 1241 1432 μετατιθέντες
1293 1360 1384 1414 ἐπὶ
1409 1364 1531 1425 ,τοῖς
1570 1361 1833 1432 χείρουσι,

246 1456 357 1511 καὶ
404 1457 466 1509 τὸ
521 1454 803 1525 φιλότιμον
834 1455 1037 1524 ἀκόνην
1067 1455 1336 1523 πονηρίας
1370 1452 1685 1525 ποιούμενοι
1724 1458 1835 1519 τοῖς

249 1547 472 1618 ταύτην
506 1546 901 1613 ἐπιτηδεύουσι.
938 1546 1110 1600 Πόσαι
1155 1544 1325 1616 γὰρῆ
1358 1546 1515 1599 πόσοι
1534 1545 1641 1599 τῶν
1678 1544 1834 1600 ἐνίων

246 1640 659 1711 περιεστήκασι
699 1638 1014 1709 τράπεζαν;
1064 1638 1127 1692 Οἱ
1181 1638 1279 1708 μὲν
1324 1640 1569 1709 αἰσχροῖς
1624 1639 1832 1708 ῥήμασι

244 1731 348 1787 τὸν
374 1730 670 1801 ἑστιάτορα
703 1730 1003 1797 θέλγοντες,
1041 1731 1089 1783 οί
1119 1730 1175 1783 δὲ
1208 1729 1428 1792 ἀτόποις
1471 1728 1743 1798 βλέμμασί
1772 1744 1831 1779 τε

1942 538 2106 601 riose,
2155 553 2349 593 servus
2381 537 2524 600 erit;
2560 544 2617 592 et
2649 538 2717 593 ad
2754 548 3057 594 extremum
3088 540 3297 601 dolebit
3335 542 3391 595 in
3420 558 3512 607 se.

1943 630 2195 699 metipso.

2012 719 2177 775 Eccli.
2230 727 2305 783 vi,
2349 720 2404 774 5.
2448 749 2483 759 -
2523 720 2676 776 Folia
2718 729 2808 776 tua
2834 720 3093 776 comedes
3127 721 3430 786 luxuriose,
3456 728 3516 777 et

1941 811 2151 866 fructus
2198 819 2323 866 tuos
2355 812 2574 883 perdes,
2606 820 2663 868 et
2696 812 2796 867 tibi
2830 812 2946 883 ipse
2976 813 3128 867 velut
3173 812 3364 867 folium
3400 813 3514 869 ari-

1940 902 2069 957 dum
2105 904 2409 974 relinques.

2010 994 2200 1049 Basilii
2208 996 2483 1066 .——Neque
2497 996 2643 1050 enim
2662 995 2808 1065 quod
2828 995 3053 1051 omnino
3068 996 3291 1065 parcius
3307 995 3516 1051 divitiis

1938 1094 2178 1149 utamur,
2227 1086 2503 1156 proiectos
2547 1087 2702 1141 humi
2740 1087 2940 1142 fratres
2978 1087 3366 1157 praeterimus;
3410 1101 3515 1142 nec

1938 1175 2085 1245 quod
2122 1176 2311 1231 liberis
2343 1177 2575 1247 aliisque
2605 1178 2959 1241 necessariis,
3000 1194 3109 1247 qua
3144 1192 3335 1234 sumus
3363 1178 3517 1235 locn-

1936 1268 2133 1341 pletes,
2163 1268 2526 1323 substantiam
2559 1284 2862 1333 servemus,
2887 1268 3078 1339 egenis
3102 1283 3267 1323 aures
3299 1265 3514 1322 claudi-

1936 1376 2093 1426 mus;
2133 1359 2227 1414 sed
2265 1359 2412 1429 quod
2446 1360 2500 1414 in
2542 1374 2606 1415 ea
2634 1376 2754 1429 qua.-
2791 1361 3066 1415 deteriora
3102 1366 3232 1414 sunt
3261 1366 3513 1428 sumptus

1936 1451 2352 1517 transferamus,
2418 1451 2760 1522 eﬂ'usamque
2820 1462 3065 1511 nostram
3128 1452 3515 1506 liberalitatem

1935 1544 2183 1599 scelestis
2250 1543 2570 1599 hominibus
2628 1544 2915 1613 pravitatis
2981 1550 3160 1597 cotem
3228 1541 3512 1596 faciamus.

1934 1634 2107 1701 Quam
2158 1636 2320 1690 multi
2372 1636 2519 1689 enim
2586 1635 2875 1704 utriusque
2928 1649 3094 1689 sexus
3141 1632 3509 1703 quorumdam

1912 1723 2185 1778 ‘ambiunt
2225 1725 2509 1779 mensam?
2542 1724 2747 1778 Horum
2794 1723 2887 1778 alii
2932 1723 3188 1793 turpibus
3225 1736 3290 1777 ac
3323 1722 3517 1777 obsce‘

244 1824 349 1877 καὶ
379 1798 627 1892 σχήμασί
661 1822 722 1873 τὸ
758 1823 858 1890 τῆς
880 1821 1155 1890 ἀκρασίας
1186 1820 1468 1874 ὲκκαίουσι
1500 1820 1643 1890 πύρ’
1686 1821 1735 1872 οί
1774 1818 1829 1871 δὲ

1940 1816 2026 1871 nis
2072 1816 2260 1872 verbis
2308 1817 2549 1872 convivii
2602 1815 2997 1871 instructorem
3058 1816 3357 1877 oblectant,
3419 1813 3513 1866 alii

244 1919 368 1979 τοῖς
414 1916 492 1977 είς
543 1913 808 1982 ἀλλήλους
842 1911 1140 1983 σκώμμασι
1168 1912 1382 1980 γέλωτα
1425 1911 1502 1981 τῷ
1543 1910 1832 1978 κεκληκότι

248 2004 700 2067 κατασκευάζειν
730 2003 1035 2068 ἐθέλοντες·
1065 2005 1160 2057 καὶ
1188 1997 1336 2057 οὗτοι
1380 2004 1457 2065 δὲ,
1486 2003 1545 2055 ού
1570 2002 1631 2054 τὸ
1654 2004 1838 2054 ἐστιαο

249 2098 423 2167 οῆναι
474 2094 743 2166 λαμπρῶς
794 2095 953 2166 μόνον
983 2094 1383 2165 κερδαίνουσιν,
1441 2092 1579 2147 ἀλλά
1611 2092 1835 2157 καὶτὰς

248 2191 451 2258 χεῖρας
490 2186 979 2259 ςπεπληρωμένας
1051 2185 1367 2239 πολυτελῶν
1441 2183 1631 2255 δώρων
1705 2200 1833 2237 κατ-

248 2297 395 2347 αγου
406 2296 511 2333 σιν.

330 2460 657 2525 Θεολοτου.
693 2486 764 2498 —-
799 2457 909 2527 Τῆς
956 2456 1129 2527 αὐτῆς
1178 2456 1496 2529 δυσχερείας
1542 2456 1689 2522 ἐστὶ,
1740 2458 1835 2511 καὶ

248 2549 569 2619 κτήσασθαί
596 2567 648 2602 τι
674 2548 781 2602 τῶν
816 2548 1038 2618 ἀγαθῶν
1076 2550 1175 2620 οὐχ
1215 2549 1480 2621 ὑπάρχον,
1509 2549 1605 2602 καὶ
1634 2548 1833 2620 κτηθὲν

246 2640 651 2697 διασώσασθαι.

322 2730 435 2785 Τοῦ
471 2732 571 2801 μὲν
614 2732 723 2803 γὰρ
767 2730 1009 2802 δαπανᾷν
1058 2733 1091 2801 ἡ
1134 2729 1408 2800 φιλοδοξία
1456 2731 1567 2795 τοῖς
1617 2730 1833 2793 πολλοῖς

248 2823 491 2895 παρέχει
518 2823 579 2877 τὸ
610 2823 889 2894 πρόθυμον
909 2840 923 2854 ⁸
956 2816 1015 2877 οὗ
1040 2824 1098 2877 δὲ
1134 2823 1347 2895 ἀφανὴς
1388 2824 1421 2894 ἡ
1449 2823 1706 2888 ἐπίδοσις,
1739 2824 1833 2877 καὶ

247 2915 313 2969 τὸ
340 2916 609 2985 παρέχειν
643 2914 1003 2985 ἀμϐλύτερον.

322 3008 634 3075 Χρυσόστ.
662 3037 734 3047 -—
763 3005 825 3059 Et
870 3006 1063 3069 παιδὸς
1094 3007 1461 3077 ἐπετρόπευες
1487 3046 1501 3068 ,
1532 3007 1627 3059 καὶ
1652 3004 1831 3059 λαϐὼν

254 3098 322 3151 τὰ
354 3098 524 3152 αύτοῦ
559 3096 869 3167 περιεώρας
911 3097 1072 3150 αὑτὸν
1114 3099 1172 3151 ἐν
1220 3100 1334 3162 τοῖς
1384 3098 1635 3168 ἐσχάτοις
1679 3098 1826 3161 ὅντα,

255 3190 491 3260 μυρίους
523 3188 591 3242 ἂν
616 3184 764 3258 εἶχες
790 3188 1155 3259 κατηγόρους,
1197 3189 1292 3243 καὶ
1334 3190 1433 3259 τὴν
1460 3190 1568 3244 ἀπὸ
1601 3189 1708 3243 τῶν
1755 3188 1833 3242 νό-

256 3299 375 3351 μων
410 3281 618 3343 ἒδωκας
659 3279 725 3333 ἂν
759 3279 946 3349 δίκηνο
996 3279 1067 3333 τὰ
1105 3280 1161 3333 δὲ
1206 3280 1301 3333 τοῦ
1348 3278 1584 3349 Χριστοῦ
1629 3278 1831 3345 λαϐὼν,

248 3374 351 3430 καὶ
395 3372 575 3435 οὕτως
613 3370 788 3443 μάτην
836 3370 1166 3436 ἀναλίσκων,
1206 3372 1304 3441 ούχ
1348 3373 1456 3442 ἡγῇ
1502 3371 1695 3425 δώσειν
1744 3371 1833 3423 εὖ·

252 3464 425 3527 θύνας

317 3556 565 3618 Δίωνος.
600 3581 670 3593 —
700 3552 985 3623 Μηδὲποτε
1035 3554 1211 3624 μάτην
1258 3553 1516 3625 χρήματα
1564 3553 1830 3617 σπούδαζε

251 3646 595 3710 ἀναλίσκειν,
653 3645 714 3709 ἐξ
772 3640 833 3700 οὗ
895 3646 1123 3717 οὐδεμία
1172 3646 1527 3715 προσγίνεται
1586 3643 1829 3698 εὔκλεια.

253 3737 501 3799 Πλοῦτος
554 3736 664 3808 γὰρ
728 3738 997 3810 ἀκριϐὴς,
1047 3738 1144 3808 ούχ
1192 3735 1366 3799 οὕτως
1412 3738 1477 3789 ὲκ
1516 3735 1611 3789 τοῦ
1661 3734 1833 3789 πολλὰ

251 3828 585 3920 λαμϐάνειν,
617 3830 691 3895 ὡς
723 3832 787 3885 ὲκ
830 3832 926 3886 τοῦ
976 3832 1051 3903 μὴ
1080 3831 1254 3885 πολλὰ
1287 3830 1599 3885 ἀναλίσκειν
1643 3830 1830 3901 ἀθροί-

251 3920 441 3985 ἔσται.

858 4040 1230 4108 Μενάνδρου.

259 4126 415 4192 Τοὺς
452 4129 561 4199 τον
589 4128 744 4183 ἴδιον
774 4128 1160 4197 δαπανῶντες
1190 4130 1527 4199 ἀλογίστως
1556 4131 1722 4195 βίον,

257 4199 332 4255 TD
354 4197 563 4266 καλῶς
591 4199 855 4267 ἀκούειν,
881 4201 1034 4271 ταχὺ
1059 4201 1221 4255 ποιεῖ
1240 4197 1389 4259 πᾶσι
1413 4200 1632 4267 κακῶς.

325 4350 622 4422 Χίλωνος.
652 4356 1141 4428 -Δαπανώμενος
1183 4356 1267 4426 ἐφ’
1305 4356 1341 4411 ἃ.
1385 4356 1461 4427 μὴ
1504 4357 1605 4423 δεῖ,
1651 4355 1829 4423 ὀλίγος

252 4447 355 4517 ἔσῃ
388 4449 474 4517 ἐφ’
502 4448 538 4504 ἃ
566 4449 663 4502 δεῖ.

324 4540 405 4591 Τὸ
462 4540 537 4611 μὴ
579 4538 877 4609 κεκτῆσθαι
936 4537 1184 4599 πλοῦτον,
1245 4535 1448 4606 βλάϐην
1493 4537 1552 4589 ού
1608 4535 1824 4605 κομίζει

251 4632 527 4701 τοσαύτην
548 4647 560 4661 ·
595 4631 655 4684 τὸ
683 4631 739 4684 δὲ
766 4632 877 4694 τοῖς
919 4628 1039 4684 οὖσι
1074 4630 1256 4692 κακῶς
1290 4629 1631 4699 κεχρῆσθαι,
1662 4628 1829 4682 ἀπόλ-

253 4721 380 4778 λυσι
406 4721 497 4776 τὸν
522 4722 716 4786 οὕτως,
748 4722 904 4791 φασὶ,
937 4722 1281 4793 κεχρημένου
1315 4721 1428 4789 βίον
1466 4720 1557 4790 (z).

1940 1915 2165 1977 aSpeetu
2205 1916 2473 1977 gestuque
2524 1906 2805 1975 impudico
2859 1905 3274 1960 incontinentiae
3317 1920 3511 1975 pyram

1938 2001 2279 2064 accendunt;
2310 2001 2401 2055 alii
2436 2000 2676 2069 denique
2710 1998 2948 2054 aliorum
2984 1999 3037 2051 in
3076 1998 3213 2051 alios
3241 1997 3511 2060 dicteriis,

1936 2109 2063 2148 eum
2098 2094 2190 2162 qui
2228 2093 2505 2157 invitavit,
2551 2092 2618 2147 ad
2657 2093 2829 2146 risum
2886 2107 2949 2147 ac
2996 2092 3295 2147 cachinnos
3318 2106 3513 2160 provo-

1938 2195 2064 2239 cant
2095 2202 2107 2238 :
2140 2184 2305 2254 hique
2332 2185 2483 2253 fadeo
2538 2198 2649 2238 non
2700 2184 2876 2237 solum
2923 2191 3275 2252 sumptuosas
3320 2182 3511 2251 epulas

1937 2278 2281 2340 elucrantur,
2328 2275 2423 2331 sed
2469 2286 2524 2330 et
2559 2290 2757 2329 manus
2796 2274 3103 2346 magnificis
3148 2274 3311 2329 donis
3343 2271 3514 2327 refer-

1936 2378 2020 2424 tas
2060 2368 2326 2423 referunt.

2011 2459 2276 2530 Tlieologi.
2304 2492 2369 2501 —
2403 2458 2559 2514 Paris
2604 2457 2943 2513 dillicultatis
2984 2463 3090 2520 est,
3126 2454 3254 2509 boni
3302 2451 3509 2523 aliquid

1935 2566 2151 2621 parare,
2210 2566 2333 2607 cum
2384 2566 2495 2605 non
2541 2551 2764 2614 habeas,
2821 2557 2875 2604 et
2904 2557 3119 2618 partum
3162 2560 3507 2601 conservare.

2005 2734 2086 2788 Ad
2142 2740 2395 2802 sumptus
2446 2730 2726 2786 faciendos
2775 2728 3025 2800 plerique
3078 2742 3145 2781 ex
3210 2724 3509 2780 ambitione

1934 2825 2230 2882 alacriores
2257 2824 2566 2879 reddunt-ur
2594 2840 2608 2877 :
2646 2822 2738 2877 ubi
2780 2836 2911 2874 vero
2943 2819 3179 2873 obscura
3211 2831 3314 2872 nec
3346 2817 3509 2885 vulgo

1934 2918 2229 2989 conspicua
2264 2916 2502 2984 largitio,
2557 2914 2861 2969 liberalitas
2905 2911 3173 2967 hebescit.

2005 3010 2271 3080 Clzrysost.
2295 3040 2365 3049 —
2383 3008 2438 3061 Si
2467 3009 2625 3078 pueri
2658 3016 2910 3075 suscepta
2937 3005 3127 3067 tutela,
3164 3005 3392 3073 ejusque
3418 3018 3509 3056 ac-

1860 3132 1903 3188 c
1934 3104 2108 3173 ceptis
2134 3103 2313 3166 bonis,
2351 3110 2598 3156 extreme
2626 3100 2961 3154 laborantem
2991 3104 3394 3155 contemneres,
3425 3093 3507 3147 in-

1934 3195 2151 3250 numeri
2200 3204 2383 3249 essent
2431 3194 2524 3263 qui
2563 3195 2677 3247 re’m
2707 3191 3116 3259 vituperarent,
3167 3200 3269 3240 nec
3318 3198 3509 3254 pmnas

1933 3285 2151 3354 legibus
2212 3285 2540 3340 constitutas
2600 3283 2911 3353 effugeres;
2981 3293 3130 3334 nunc
3189 3291 3321 3330 vero
3381 3290 3505 3329 cum

1932 3376 2137 3432 Christi
2171 3377 2312 3431 bona
2335 3376 2611 3446 acceperis
2643 3375 2829 3443 sicque
2875 3382 3081 3427 temere
3111 3370 3374 3433 insumas,
3409 3383 3508 3422 an-

1932 3483 2040 3521 non
2086 3467 2385 3521 obnoxium
2429 3476 2481 3521 te
2516 3467 2631 3520 fore
2678 3464 2999 3519 existimas?

1997 3558 2160 3628 672
2182 3558 2379 3612 Dionis.
2394 3588 2463 3597 —
2478 3558 2583 3611 Des
2603 3572 2826 3626 operam
2853 3562 2914 3608 ut
2937 3554 3215 3624 nunquam
3242 3551 3509 3623 pecunias

1935 3659 2139 3706 temere
2180 3651 2444 3714 insumas,
2475 3651 2621 3705 unde
2663 3650 2801 3705 nihil
2831 3650 2927 3704 tibi
2956 3649 3023 3704 ad
3062 3648 3367 3704 claritatem
3405 3646 3505 3701 ob-

1934 3743 2135 3798 veniat.
2165 3744 2314 3798 Veraa
2344 3744 2491 3798 enim
2521 3751 2795 3811 certmqne
2820 3741 3047 3807 divitiae,
3075 3757 3185 3795 non
3226 3749 3333 3793 tam
3378 3738 3505 3791 inde

1934 3834 2261 3900 conﬂantur,
2308 3834 2455 3904 quod
2499 3834 2669 3888 multa
2713 3833 2972 3903 accipias,
3018 3846 3181 3904 quam
3218 3830 3365 3901 quod
3395 3843 3504 3885 nor.

1934 3925 2105 3979 multa
2144 3925 2443 3996 expendas.

2566 4035 2867 4091 Menandri.

1933 4129 2064 4184 Illos
2089 4130 2180 4199 qui
2212 4137 2404 4199 temere
2432 4144 2557 4182 suas
2587 4145 2706 4197 opes
2737 4127 3083 4199 profundunt,

1944 4186 2112 4265 Quod.
2131 4201 2258 4255 bene
2291 4186 2537 4264 audiunt,
2570 4186 2671 4252 cito
2710 4186 2844 4253 iilis'
2865 4198 3009 4268 apud
3036 4186 3309 4336 onmes[in
3349 4190 3506 4317 (filiole

3258 4280 3383 4319 veri
3417 4280 3500 4318 ur.

3258 4280 3500 4319 vertitur.

2000 4361 2654 4433 CI:ilonis.—-Sumptibus
2674 4363 2861 4433 largus
2886 4360 2943 4416 in
2968 4360 3172 4432 quibus
3187 4375 3299 4414 non
3322 4357 3501 4421 decet.

1930 4448 1986 4503 in
2016 4451 2219 4519 quibus
2254 4451 2415 4505 decet
2452 4468 2653 4521 parcus
2702 4450 2925 4505 futurus
2968 4467 3049 4507 es.

2004 4542 2125 4597 Non
2160 4543 2366 4598 habere
2389 4543 2607 4599 divitias
2638 4560 2703 4599 ac
2732 4560 2949 4614 parare,
2982 4560 3090 4599 non
3115 4543 3253 4599 adeo
3279 4544 3501 4597 noxium

1933 4643 2053 4699 est;
2106 4634 2174 4689 iis
2207 4642 2391 4690 autem
2436 4652 2557 4706 qua:
2603 4646 2895 4707 suppetant
2948 4638 3088 4692 male
3127 4636 3229 4700 uti,
3265 4636 3383 4706 ejus
3408 4636 3499 4704 qui

1934 4723 2014 4778 sic
2045 4731 2231 4778 utatur
2262 4724 2471 4780 victum
2516 4725 2796 4796 vitamque
2826 4716 3027 4796 perdit.

1764 4856 1996 4912 NOT/E.

259 4952 357 5009 sed
421 4967 634 5005 morum
680 4950 1197 5020 incompositorum,
1241 4950 1475 5004 maxime
1519 4949 1724 5005 furoris
1773 4960 1830 5005 et

258 5022 564 5092 praacipitis
590 5022 782 5085 animi,
811 5037 873 5076 ac
895 5030 1092 5092 emotae
1148 5021 1370 5092 ruentis.
1411 5020 1501 5073 Sic
1532 5022 1679 5092 enim
1726 5020 1821 5083 ait,

260 5090 373 5145 Καὶ
401 5090 589 5145 τούτου
618 5092 726 5159 γὰρ
762 5092 999 5160 ἀμετρία
1024 5090 1293 5158 θυμώδεις
1324 5093 1462 5143 ποιεῖ
1486 5090 1579 5160 καὶ
1607 5091 1826 5160 Θρασεῖς

261 5164 358 5215 καὶ
386 5163 780 5232 ἀκροσφαλεῖς,
809 5159 1060 5232 ὀργίλους
1088 5177 1145 5212 τε
1180 5161 1285 5232 και
1305 5159 1600 5232 χαλεπούς.
1645 5159 1823 5230 Hujus

262 5230 873 5301 quoqne'immoderatio
915 5231 1109 5299 feroces
1159 5230 1329 5283 reddit
1397 5239 1447 5284 et
1496 5230 1824 5301 audacesiiet

263 5299 558 5371 prwripitcs
582 5309 630 5352 et
669 5301 973 5365 iracundos,
1030 5316 1321 5371 gravesque
1356 5318 1417 5371 ac
1440 5299 1702 5371 molestos.
1725 5300 1826 5353 llic

263 5369 407 5427 certe
440 5372 552 5425 vini
588 5371 948 5439 intelnperate
1011 5369 1121 5438 poti
1158 5369 1455 5438 proclivior
1494 5370 1744 5431 effectus,
1772 5378 1828 5423 et

262 5458 369 5510 quo
424 5440 772 5510 potissimum
823 5440 1076 5510 laborare
1138 5441 1360 5510 videtur
1403 5440 1664 5510 ebrietas,
1691 5447 1749 5510 ut
1795 5455 1824 5510 a

263 5507 486 5579 peccato
511 5510 763 5564 excusari
788 5525 892 5563 non
918 5509 1121 5578 possit:
1151 5509 1239 5564 cui
1268 5526 1377 5564 non
1402 5509 1557 5563 deest
1589 5507 1695 5560 τῶν
1721 5508 1825 5559 ὑπὸ

263 5581 521 5649 γαστέρα,
558 5580 918 5648 despumanle
973 5580 1402 5634 vinosoventre
1444 5579 1498 5631 in
1538 5594 1821 5643 venerem,

264 5652 508 5706 accensis
530 5651 878 5713 lmmoribus,
913 5658 1233 5717 remotoque
1259 5649 1487 5703 rationis
1504 5649 1679 5702 obice.

330 5722 407 5793 (υ)
443 5718 859 5789 Ιίαταράγεσαι
890 5719 1155 5785 ἀσώτως.
1181 5720 1294 5775 Vox
1318 5718 1538 5783 ἀσώτως
1590 5728 1821 5788 utraque

1934 4951 2270 5008 auctoritate
2294 4950 2435 5007 forte
2474 4951 2747 5018 addititia,
2776 4968 2880 5008 nec
2912 4952 2969 5006 in
2996 4949 3198 5005 Graecis
3221 4949 3368 5015 vulg.
3406 4963 3500 5002 ex-

1934 5032 2062 5077 stat.
2084 5021 2267 5077 Codex
2304 5023 2457 5077 Alex.
2490 5023 2720 5090 perinde
2748 5023 2932 5086 habet,
2974 5022 3049 5081 ὡς
3083 5020 3277 5090 φύλλον
3309 5018 3495 5090 ξηρον,

1935 5100 2189 5157 tanquam
2221 5092 2405 5157 folium
2431 5086 2765 5155 aridum,ubi
2792 5086 3104 5158 reliqui,tbc'
3132 5089 3285 5152 ξύλον
3312 5086 3497 5157 ξηρόν,

1934 5171 2190 5231 tanquam
2214 5163 2414 5231 lignum
2437 5162 2673 5231 aridum,
2703 5162 2818 5215 sive
2847 5161 3121 5215 arborem.
3140 5160 3499 5231 Neemutan—

1934 5229 2065 5285 dum
2098 5229 2308 5301 patavi,
2363 5231 2444 5295 τὸ,
2474 5230 2707 5301 σεαυτῷ.
2740 5231 2877 5284 Mire
2930 5233 3077 5285 enim
3124 5229 3378 5300 quadrat,
3437 5233 3500 5301 ut

1931 5299 2113 5355 exesis
2155 5301 2301 5355 foliis
2330 5300 2624 5368 fructuque
2678 5300 2987 5370 deperdito,
3046 5299 3312 5355 entertute
3338 5299 3494 5369 quasi

1933 5371 2117 5440 arbori
2176 5378 2488 5425 emortuum
2550 5371 2740 5425 folium
2800 5371 3163 5440 relinquatur.
3217 5371 3308 5440 Sic
3346 5370 3495 5440 enin)

1932 5439 2039 5494 illis
2067 5440 2478 5495 tabescentibus
2504 5456 2611 5493 non
2644 5437 3001 5496 demittantur
3025 5441 3176 5506 folia,
3204 5438 3299 5494 sed
3329 5440 3385 5494 in
3418 5437 3500 5492 eis

1931 5517 2282 5574 exarescant,
2317 5510 2643 5565 utvidcmus
2670 5511 3028 5579 experientia.

1999 5580 2068 5648 (ε)
2107 5579 2217 5632 Τὸν
2271 5579 2459 5648 οὕτως
2502 5576 2877 5648 κεχρημένου
2927 5582 3091 5646 βίον.
3143 5579 3234 5634 Sic
3272 5576 3497 5634 emend.

1924 5648 2069 5720 quod
2096 5656 2234 5720 erat,
2271 5647 2363 5701 τὸν
2391 5650 2559 5711 ὅντως
2611 5647 2979 5720 κεχρημένον·
3031 5666 3145 5720 qua
3178 5648 3282 5703 levi
3318 5655 3499 5703 muta.

1927 5718 2095 5783 tione,
2147 5719 2293 5775 clara
2364 5722 2633 5789 sententia
2690 5718 2890 5775 estis"
2940 5718 3182 5775 auctoris
3240 5731 3475 5773 acumen
