4014 6284
480 173 491 241 ξ

525 324 630 391 987
1645 325 1704 382 S.
1747 325 2034 383 MAXIMI
2067 325 2578 389 CONFESSORIS
3647 329 3738 390 988

592 431 865 488 Plutarch.
891 462 954 472 —
977 428 1412 484 Luxuriosorum
1437 434 1640 492 victus,
1663 427 1822 496 quasi
1849 426 2097 496 quotidie

2273 432 2616 501 Πλὸυτάρχ.
2641 463 2711 474 -
2745 433 2800 487 Ὀ
2833 433 2942 486 τῶν
2971 431 3198 487 ἀσώτων
3237 429 3393 500 βίος,
3433 429 3612 503 ὥσπερ
3634 437 3738 490 καθι

520 526 763 583 moriens
798 523 1050 578 eil'ertur.

2206 522 2415 591 ἡμέραν
2448 523 2812 593 ἀποθνήσκων
2840 522 3156 594 ἐκφέρεται.

593 617 829 672 Divitem
868 613 1161 685 prodigum
1201 611 1486 667 contuitus
1523 610 1696 665 olivas
1728 609 1986 665 edentem
2034 619 2094 665 et

2273 611 2532 667 Πλούσιον
2573 614 2630 666 δὲ
2667 613 2875 668 ἄσωτον
2915 613 3250 685 θεασάμενος
3301 614 3486 676 ἐλαίας
3532 613 3742 670 ἐσθίοντα

2202 702 2297 757 καὶ
2328 701 2471 774 ὕδωρ
2515 703 2760 772 πίνοντα,
2793 703 2898 775 ἔφη
2923 719 2938 735 °
2968 705 3032 758 Εί
3076 703 3251 769 οὕτως
3280 703 3537 776 ἠρίστας,
3569 705 3661 757 οὐκ
3690 705 3743 758 ἂν

2202 793 2378 859 οὕτως
2404 795 2693 859 ἐδείπνεις.

2278 883 2628 954 Κυψέλλου.
2653 913 2722 924 -
2749 883 3076 956 Φειδόμενον
3114 884 3372 954 κρεῖττον
3404 881 3691 946 ἀποθανεῖν,
3715 884 3745 952 ἦ

2206 977 2386 1044 ζῶντα
2415 978 2706 1032 ἐνδεῖσθαι.

2273 1066 2547 1122 Πλάτων.
2574 1099 2642 1110 --
2667 1067 2892 1121 Πλάτων
2925 1068 2953 1120 ὁ
2978 1066 3140 1136 σοφὸς
3165 1108 3180 1133 ,
3219 1065 3350 1120 ίδὼν
3383 1066 3652 1135 μειράκων
3677 1066 3752 1119 εὑ·

2206 1157 2362 1225 γενές
2389 1159 2616 1224 ἀσώτως
2652 1161 2750 1230 τὴν
2788 1157 3016 1230 γονικὴν
3051 1156 3238 1212 οὐσίαν
3265 1155 3638 1218 ἀναλώσαντα,
3676 1157 3754 1207 καὶ

2209 1249 2302 1302 ἐπὶ
2327 1248 2519 1324 θύραις
2547 1251 2860 1321 πανδοκείου
2903 1250 3066 1320 ἄρτον
3107 1247 3367 1302 ἐσθίοντα
3407 1247 3501 1300 καὶ
3525 1244 3654 1315 ὕδωρ
3685 1247 3753 1298 12i-

2210 1358 2390 1408 νοντα,
2425 1343 2560 1415 πρὸς
2588 1343 2751 1398 αὐτὸν
2783 1342 2930 1413 ἔφη’
2960 1343 3023 1394 El
3046 1340 3220 1405 οὕτως
3243 1339 3396 1394 κατά
3428 1337 3641 1407 γνώμην
3663 1337 3755 1406 ἡρε-

521 724 723 779 ιιιιιιιιιιι
768 707 1075 762 bibentem.
1127 704 1185 760 Si
1231 703 1334 769 sic,
1388 702 1590 774 inquit,
1641 717 1879 773 pransus
1927 715 2098 765 esses,

522 814 634 853 non
664 797 745 852 sic
781 810 1054 851 coenares.

594 884 846 957 Cypselli.
863 883 1180 938 —Parcum
1206 890 1428 952 prastat
1449 879 1611 945 mori,
1638 895 1801 950 quam
1827 887 1889 934 ut
1914 878 2106 932 vivens

523 986 769 1050 egestate
813 977 1104 1047 premaris.

595 1066 1038 1123 Plato.——Plato
1086 1063 1323 1133 sapiens,
1359 1061 1612 1132 ingenuis
1650 1060 1979 1131 parentibus
2009 1076 2105 1116 or-

526 1169 645 1215 tum
681 1158 1107 1220 adolescentem,
1158 1153 1490 1224 patrimonio
1535 1152 1819 1206 luxuriose
1851 1166 2108 1206 consum-

525 1262 644 1324 pto,
690 1252 758 1307 ad
803 1250 1099 1322 pandochii
1152 1248 1320 1312 fores,
1376 1262 1576 1317 panem
1612 1247 1994 1302 comedentem
2037 1247 2110 1302 si-

527 1343 736 1412 timque
754 1357 894 1412 aqua
906 1340 1347 1410 exstinguentem
1369 1337 1595 1394 videns:
1620 1335 1768 1394 Heus
1787 1346 1844 1394 tu
1866 1339 1881 1392 ι
1907 1337 2106 1408 inquit,

527 1435 574 1490 si
611 1434 690 1490 sic
720 1435 836 1504 ipse
871 1440 1066 1504 sponte
1093 1447 1329 1504 pransus
1357 1446 1529 1496 esses,
1567 1446 1679 1485 non
1710 1431 1791 1487 sic
1838 1443 2105 1485 coenares.

2214 1449 2368 1499 στας,
2399 1434 2499 1487 οὐκ
2529 1434 2595 1488 ἂν
2620 1433 2794 1497 οὕτως
2823 1433 3110 1496 ἐδείπνεις.

595 1523 1034 1595 Diogenes.—-Is
1076 1523 1222 1578 idem
1253 1523 1321 1578 ad
1356 1521 1770 1577 adolescentem
1817 1520 2105 1591 quemdam

2281 1525 2581 1593 Διογένης.
2615 1527 2759 1579 --⁹Ο
2792 1525 2954 1588 αὐτὸς
2989 1522 3308 1595 προσελθών
3339 1541 3455 1576 τινι
3493 1523 3750 1592 μειρακίῳ,

527 1615 814 1680 accedens,
851 1615 1082 1671 decocto
1125 1614 1480 1685 patrimonio,
1520 1611 1714 1667 decem
1763 1609 1834 1665 ab
1883 1624 1950 1665 eo
1982 1608 2105 1663 dra-

2213 1615 2659 1686 καταϐεϐρωκότι
2703 1615 2774 1669 τὰ
2821 1615 3070 1686 πατρῷα,
3101 1614 3219 1684 ᾔτει
3263 1612 3435 1666 αὐτον
3491 1612 3614 1665 δέκα
3649 1611 3752 1681 δραι

527 1709 719 1763 cbmas
786 1709 1029 1778 petebat,
1083 1722 1260 1777 eoque
1299 1720 1522 1760 causam
1558 1709 1922 1774 percontante
1957 1699 2105 1756 :Cur

2214 1705 2382 1775 χμάς.
2417 1705 2524 1759 Τοῦ
2554 1707 2611 1760 δὲ
2640 1707 2737 1778 τὴν
2770 1707 2951 1761 αἰτίαν
2977 1705 3260 1776 ἐρομένου,
3300 1704 3373 1757 δι’
3408 1705 3475 1774 ἣν
3512 1704 3651 1772 παρὰ
3674 1705 3753 1770 μὲν

529 1799 624 1868 qui
649 1799 718 1853 ab
743 1798 867 1852 aliis
898 1797 1120 1852 obolum
1145 1796 1441 1866 acciperet,
1463 1794 1656 1850 decem
1683 1793 1751 1846 ab
1789 1791 1884 1846 illo
1911 1791 2105 1846 drach-

2211 1797 2318 1850 τῶν
2347 1797 2522 1852 ἀλλων
2547 1798 2733 1852 όϐολδν
2759 1797 3048 1868 λαμϐάνει,
3081 1797 3235 1867 παρά
3262 1796 3324 1849 δὲ
3350 1794 3518 1848 αὐτοῦ
3544 1793 3752 1864 δραχμὰς

529 1905 647 1944 mas
689 1898 924 1960 peteret,
987 1888 1310 1958 respondit:
1344 1885 1502 1954 Quod
1533 1885 1600 1940 ab
1643 1884 1769 1940 aliis
1827 1898 1972 1953 saepe
2024 1897 2105 1937 me

2213 1888 2344 1941 δέκα
2373 1891 2534 1954 αἰτεῖ,
2567 1885 2744 1953 εἶπεν,
2774 1891 2858 1942 ὅτι
2888 1891 3048 1959 Παρά
3087 1890 3185 1958 μὲν
3215 1888 3327 1942 τῶν
3363 1887 3540 1940 ἄλλων
3584 1886 3756 1948 ἐλπίζω

530 1993 888 2052 accepturum
911 1996 1152 2052 sperem,
1189 1997 1220 2035 a
1254 1989 1306 2036 te
1336 1990 1521 2035 autem
1549 1978 1778 2049 posthac
1803 1991 2105 2046 nunquam.

2212 1979 2480 2049 λήψεσθαι
2504 1980 2766 2044 πολλάκις
2785 1994 2800 2008 ·
2833 1981 2987 2051 παρά
3018 1979 3111 2033 σοῦ
3141 1981 3198 2032 δὲ
3222 1979 3441 2033 οὐκέτι.

609 2073 1171 2145 Xenophont.——Non
1211 2073 1358 2129 enim
1392 2072 1533 2127 bona
1583 2086 1692 2124 non
1727 2077 1950 2123 nactum
1993 2083 2105 2124 esse

2282 2070 2618 2141 Ξενοφῶν-τ.
2647 2101 2719 2115 --
2748 2073 2822 2125 Οὐ
2851 2073 2960 2142 γὰρ
2987 2071 3061 2143 μὴ
3090 2071 3277 2124 λαϐεῖν
3321 2070 3396 2123 τά
3436 2068 3609 2138 ἀγαθὰ
3639 2067 3754 2120 οὕτω

532 2167 613 2222 sic
647 2170 934 2222 molestum
966 2175 1072 2231 est,
1107 2177 1168 2221 nt
1208 2181 1332 2220 cum
1372 2171 1570 2218 nactus
1613 2176 1764 2217 esses
1804 2160 1872 2215 iis
1891 2175 2105 2214 carere.

2213 2162 2467 2233 χαλεπὸν,
2497 2163 2574 2226 ὡς
2593 2163 2657 2218 τὸ
2684 2162 2919 2218 λαϐόντα
2949 2162 3305 2234 στερηθῆναι.

1206 2254 1427 2325 Diphili.

2865 2253 3136 2321 Διφίλου.

533 2343 754 2413 Difficile
796 2345 901 2398 vim
927 2351 1135 2397 tantam
1158 2331 1391 2414 pecuniae
1431 2343 1582 2412 longe
1613 2348 1844 2411 tempore
1875 2338 2105 2414 cu_mul_a-

2219 2348 2438 2414 Ἔργον
2460 2343 2832 2414 συναγαγεῖν
2860 2342 3060 2414 σωρὸν
3089 2341 3404 2414 ἐνίπολλῷ
3437 2341 3643 2412 χρδνφο

1931 2409 2112 2481 [veris,
2227 2409 2547 2484 Ἐνήμέρᾳ
2573 2409 2645 2469 δέ
2671 2409 3039 2485 διαφορῆσαι
3066 2412 3302 2482 ῥᾴδιον.

537 2480 807 2547 Quantam
835 2499 939 2536 uno
971 2483 1054 2536 die
1081 2481 1234 2553 facile
1253 2482 1573 2554 prodegeris.

607 2573 1033 2629 lenm—Zeno
1082 2573 1477 2630 excusantibus
1532 2590 1686 2630 suam
1735 2572 2007 2630 luxuriam
2051 2586 2105 2626 ac

2288 2572 2523 2641 Ζήνωνα
2577 2605 2646 2615 -·
2686 2574 2875 2644 ιήνων
2927 2571 3066 2642 πρὸς
3116 2573 3244 2635 τοὺς
3316 2567 3754 2639 ἀπολογουμένους

534 2664 869 2731 dicentibus,
915 2681 974 2721 se
1019 2675 1274 2736 sumptus
1304 2664 1488 2720 facere
1514 2680 1583 2720 ex
1631 2665 1905 2735 locuplete
1939 2677 2105 2732 penu,

2217 2663 2356 2735 ὑπὲρ
2404 2665 2504 2734 τῆς
2534 2662 2713 2718 αὐτῶν
2761 2662 3025 2727 ἀσωτίας,
3061 2661 3154 2714 καὶ
3183 2661 3473 2730 λέγοντας,
3503 2661 3564 2711 ἐκ
3595 2655 3755 2709 πολλοῦ

534 2758 810 2824 Etiamne,
837 2757 1037 2829 inquit,
1063 2759 1258 2830 dignos
1282 2759 1443 2814 venia
1469 2756 1995 2830 coquoshabebitis,
2020 2756 2105 2826 qui

2219 2755 2500 2826 περιόντος
2527 2754 2867 2818 ἀναλίσκειν,
2920 2752 3108 2820 ἐλεγεν
3130 2765 3145 2780 ⁸
3182 2751 3251 2805 Εἴ
3281 2769 3389 2811 που
3423 2749 3639 2810 καὶτοῖς
3673 2762 3756 2814 μα-

535 2864 647 2917 prze
693 2849 822 2904 salis
865 2849 1044 2919 copia,
1083 2866 1190 2920 qua
1237 2849 1540 2916 abundant,
1605 2850 1745 2905 salsa
1779 2865 1837 2904 se
1884 2846 2105 2903 obsonia

2217 2846 2420 2918 τείροις
2453 2845 2798 2916 συγνώσεσθε
2823 2885 2838 2910 ,
2867 2844 2962 2898 ἐὰν
2991 2843 3213 2914 ἁλμυρά
3260 2843 3470 2911 λέγωσι
3499 2837 3754 2906 πεποιηκέ-

535 2940 731 2999 fecisse
775 2941 1058 2998 dixerint?

2220 2956 2308 2992 ναι
2340 2939 2409 2995 τὰ
2434 2940 2560 3012 ὄψα,
2596 2941 2678 2994 ὅτι
2707 2938 2912 3010 πλῆθος
2936 2938 3078 2994 ἀλῶν
3108 2937 3292 3001 αὐτοῖς
3327 2935 3584 3004 ὑπάρχει.

2121 3077 2191 3090 —

1109 3163 1342 3221 SERMO
1382 3162 1543 3220 1.x“.
1649 3127 1653 3130 ’
2142 3149 2184 3205 C

917 3277 995 3331 De
1032 3278 1409 3333 consuetudine
1451 3293 1514 3331 ac
1567 3292 1728 3332 more.

2774 3161 2990 3218 ΛΟΓΟΣ
3028 3160 3126 3215 ΞΒ⁹
3153 3161 3219 3215 ³⁸.

2577 3276 2716 3346 Περὶ
2751 3275 3082 3344 συνηθείας
3110 3273 3216 3337 καί
3247 3273 3452 3342 ἔθους.

605 3389 755 3444 Rom.
799 3405 890 3457 vn,
918 3389 1480 3446 22.-—Condelector
1517 3389 1625 3460 legi
1663 3388 1764 3443 Dei
1813 3388 2105 3444 secundun

2300 3391 2474 3459 Ῥωμ.
2507 3386 2580 3450 ζ’.
2625 3419 2692 3430 --
2733 3389 3042 3460 Συνήδομαι
3081 3388 3159 3460 τῷ
3191 3390 3345 3460 νόμῳ
3376 3387 3470 3442 τοῦ
3497 3383 3620 3440 Θεοῦ
3645 3381 3753 3436 κατὰ

538 3479 862 3536 interiorem
889 3480 1192 3536 hominem.
1241 3481 1417 3538 Video
1451 3488 1634 3536 autem
1659 3480 1821 3552 673
1845 3480 2007 3534 aliam
2041 3480 2105 3533 le-

2223 3485 2315 3538 τὸν
2342 3483 2450 3536 ἔσω
2491 3480 2775 3553 ἄνθρωπον
2797 3497 2810 3509 ·
2858 3479 3041 3550 βλέπω
3071 3481 3128 3534 δέ
3165 3481 3359 3552 ἕτερον
3404 3480 3562 3550 νόμον
3591 3479 3641 3530 ἐν
3670 3476 3755 3533 tot,

533 3586 656 3641 gem
703 3571 760 3626 in
805 3573 1072 3628 membris
1101 3589 1260 3643 meis,
1317 3581 1719 3644 repugnantem
1762 3572 1871 3641 legi
1920 3572 2105 3625 mentis

2229 3575 2413 3647 μέλεσι
2465 3591 2587 3645 μου,
2634 3572 3191 3644 ἀντιστρατευόμενον
3228 3571 3308 3642 τῷ
3362 3570 3511 3641 νόμῳ
3552 3567 3634 3621 τοῦ
3662 3565 3753 3624 νοός

537 3679 690 3728 meae,
727 3673 784 3719 et
830 3665 1201 3735 captivantem
1240 3681 1327 3721 me
1354 3665 1410 3720 in
1448 3665 1568 3735 lege
1600 3663 1835 3735 peccati,
1889 3679 2013 3733 qua:
2036 3673 2105 3717 cs1

2229 3684 2352 3736 μου,
2379 3665 2473 3719 καὶ
2497 3663 2973 3736 αίχμαλωτίζοντά
3016 3683 3085 3735 με
3116 3666 3175 3717 ἐν
3209 3663 3287 3736 τῷ
3310 3661 3465 3735 νόμῳ
3493 3662 3585 3731 τῆς
3611 3660 3751 3728 at”?

536 3755 592 3809 in
634 3757 899 3812 membris
941 3741 1110 3813 meis.

2222 3760 2364 3822 τίας,
2397 3757 2476 3829 τῷ
2502 3758 2616 3811 ὄντι
2647 3759 2704 3833 ἐν
2730 3758 2844 3821 τοῖς
2873 3756 3062 3830 μέλεσί
3098 3775 3226 3828 μου.

606 3845 735 3918 Sap.
758 3864 868 3914 xw,
901 3847 986 3904 16.
1009 3880 1074 3891 —-
1097 3848 1368 3920 Tempore
1397 3849 1745 3905 iavalescens
1776 3845 1947 3918 impia
1977 3861 2105 3902 con-

2289 3852 2505 3920 Σολομ.
2542 3847 2632 3902 ιδ’.
2663 3879 2734 3888 -
2780 3849 2975 3921 Χρόνῳ
3003 3849 3311 3920 κρατυνθὲν
3343 3849 3410 3902 τδ
3437 3845 3617 3908 ἀσεϐὲς
3644 3842 3756 3903 ἔθος,

539 3940 802 4005 suetudo,
831 3941 987 4010 quasi
1021 3941 1108 3997 lex
1149 3941 1442 3997 observata
1472 3954 1577 4000 est.

2217 3942 2292 4006 ὡς
2323 3942 2486 4011 νόμος
2518 3939 2879 4012 διεφυλάχθη.

609 4029 779 4084 Eccli.
809 4047 961 4096 κιιιιι,
989 4033 1080 4086 20.
1116 4063 1184 4072 —
1207 4033 1381 4088 Homo
1423 4043 1678 4090 assuetus
1710 4030 1901 4087 verbis
1923 4028 2105 4085 convi-

2289 4033 2470 4102 Σιρὰχ
2519 4032 3011 4105 ιδ’.--”Ανθρωπος
3033 4030 3447 4104 συνεθιζόμενος
3470 4029 3632 4099 λόγοις
3653 4024 3758 4077 ὀνει-

542 4124 626 4188 tii,
654 4124 710 4178 in
738 4133 1010 4179 aeternum
1045 4141 1159 4180 non
1197 4127 1609 4182 emendabitur.

2218 4127 2434 4198 δισμοῦ,
2470 4129 2548 4191 εἰς
2575 4128 2666 4180 τὸν
2699 4127 2880 4182 αἰῶνα
2913 4127 2990 4199 (α)
3018 4129 3080 4181 οὐ
3111 4127 3187 4198 μὴ
3217 4125 3505 4196 παιδευθῇ.

609 4213 824 4270 Basilii.
848 4216 1125 4288 —Neque
1155 4226 1217 4273 ut
1240 4219 1296 4273 in
1332 4234 1459 4274 cera
1517 4219 1730 4274 scribas
1764 4217 1882 4273 ﬁeri
1911 4225 2105 4288 potest.

2291 4222 2505 4274 Βασιλ.
2559 4249 2627 4259 -
2679 4218 2818 4273 Οὔτε
2851 4221 2909 4274 ἐν
2955 4218 3112 4290 κηρῷ
3169 4217 3384 4290 γράψαι
3434 4213 3656 4275 δυνατὸν,
3698 4206 3755 4278 μὴ

540 4306 674 4374 quin
708 4307 864 4376 prius
893 4306 972 4361 illi
1002 4308 1338 4365 inhazrentes
1389 4316 1549 4364 notas
1577 4308 1888 4375 deleveris;
1924 4323 2028 4362 nec
2059 4317 2105 4361 ul

2220 4308 2749 4382 προκαταλεάναντα
2790 4309 2917 4373 τοὺς
2938 4310 3397 4379 ἐναποκειμένους
3418 4302 3752 4379 χαρακτῆρας·

540 4398 724 4453 animo
745 4398 930 4454 divina
961 4402 1292 4466 committas,
1315 4403 1423 4456 nisi
1459 4417 1598 4471 quas
1639 4402 1850 4456 invexit
1883 4415 2105 4455 consue-

2218 4400 2342 4454 οὔτε
2371 4401 2518 4474 ψυχῇ
2546 4402 2668 4456 θεῖα
2709 4401 3074 4474 παραθέσθαι,
3120 4402 3195 4474 μὴ
3240 4401 3340 4464 τὰς
3389 4403 3452 4454 ἐκ
3504 4397 3590 4451 τοῦ
3633 4393 3756 4453 ἔθους

543 4491 675 4545 tudo
709 4501 1005 4563 occupatas
1031 4495 1320 4564 opiniones
1341 4495 1666 4549 abstuleris.

2220 4494 2516 4566 προλήψεις
2542 4495 2816 4560 ἐξελόντα.

609 4583 762 4638 Nihil
790 4593 874 4639 est
913 4593 1023 4639 tam
1051 4585 1443 4650 desiderabile,
1463 4584 1609 4654 quod
1636 4583 1722 4639 sui
1758 4581 2105 4653 frnendijugi

2285 4585 2452 4639 Οὐδὲν
2481 4584 2653 4650 οὕτως
2685 4585 3044 4658 ἐπιθυμητὸν,
3077 4587 3155 4652 ὡς
3187 4587 3264 4659 μὴ
3314 4589 3381 4658 τῇ
3418 4579 3649 4651 συνεχείᾳ
3671 4574 3750 4642 τῆς

540 4675 861 4733 assiduitate
893 4677 948 4731 in
981 4686 1360 4747 contemptum
1389 4693 1500 4732 non
1537 4677 1742 4732 veniat.
1778 4675 1911 4741 Qua:
1931 4681 2105 4729 autem

2220 4676 2575 4740 ἀπολαύσεως
2601 4678 3075 4749 εὐκαταφρόνητον
3108 4678 3360 4748 γίνεσθαι
3385 4695 3398 4707 ’
3454 4668 3524 4730 ὧν
3551 4671 3602 4725 δὲ
3641 4682 3751 4720 σπα-

542 4768 724 4824 rarius
751 4768 1155 4835 nanciscimur,
1215 4769 1413 4823 horum
1456 4768 1679 4823 charior
1725 4782 1859 4822 usus
1891 4781 1957 4820 ac
1989 4780 2105 4835 per-

2225 4769 2314 4824 νία
2344 4771 2377 4840 ἡ
2408 4771 2619 4842 κτῆσις,
2655 4769 3124 4841 περισπούδαστος
3157 4773 3190 4843 ἡ
3231 4771 3546 4832 ἀπόλαυσις.

541 4858 728 4928 ceptio
754 4860 1014 4914 habetur.

617 4952 934 5007 Veteratum
966 4951 1190 5015 vulnus,
1216 4951 1457 5021 malique
1508 4950 1755 5005 studium
1802 4948 1952 5019 longi
1987 4957 2105 5002 lcm‘

2300 4948 2612 5003 ιῐαλαιωθέν
2643 4949 2754 5022 γὰρ
2783 4949 3003 5022 τραῦμα
3037 4949 3239 5020 ψυχῆς,
3279 4949 3375 5005 καὶ
3404 4941 3564 5002 κακοῦ
3593 4936 3746 5011 μελέτη

543 5044 694 5113 poris
726 5059 830 5099 usu
853 5043 1310 5116 ﬁrmatum,mgre
1333 5043 1652 5106 admodum,
1685 5050 1782 5096 aut
1810 5058 1877 5097 ne
1900 5040 2105 5112 quiden

2230 5041 2409 5111 χρόνῳ
2437 5040 2818 5110 βεϐαιωθεῖσα,
2846 5040 3098 5107 δυσίατός
3125 5044 3297 5107 ἐστιν,
3334 5040 3369 5112 ἢ
3404 5040 3493 5094 καὶ
3523 5026 3749 5089 παντελῶς

615 5199 659 5230 ³⁸
698 5199 759 5255 1η
787 5200 952 5256 Gesn.
985 5199 1140 5258 Stob.
1174 5201 1296 5256 144.

2042 5290 2275 5349 NOTAE.

553 5388 720 5444 Posse
747 5385 970 5457 divitias
1000 5387 1149 5443 nulla
1173 5389 1335 5457 culpa
1362 5390 1558 5446 deesse
1585 5407 1597 5444 :
1628 5404 1754 5445 cum
1778 5387 1986 5451 adsint,
2012 5403 2124 5442 non
2299 5386 2376 5457 (α)
2401 5387 2511 5457 Εἰς
2536 5383 2642 5438 τὸν
2665 5386 2870 5439 αἰῶνα.
2906 5386 3010 5440 Alii
3032 5393 3373 5457 constanter.
3403 5382 3576 5457 eodem
3595 5385 3739 5457 εςξιξιξο

552 5442 712 5530 posse
735 5456 862 5530 quis
877 5457 1038 5530 _male
1074 5442 1601 5529 un,’qui.;s'e"a;m
1633 5442 1753 5516 illis
1784 5442 2031 5530 perdat:
2076 5459 2105 5512 lt

2229 5442 2546 5530 ἐν’πὰσᾷις
2603 5458 2722 5530 ταῖς
2757 5456 2994 5530 ἡμέραις
3042 5456 3229 5512 αὑτοῦ.
3261 5442 3376 5530 Nec
3427 5442 3736 5530 aliter.

553 5515 701 5582 enim
729 5515 842 5600 β’ίος
865 5526 1075 5600 Graece,
1110 5515 1304 5600 et'v'itq
1334 5515 1618 5586 etvietus:
1655 5515 1846 5600 sicqife
1876 5527 2133 5599 sequenti
2230 5526 2292 5600 In
2352 5515 2594 5600 omnibus
2617 5515 2927 5600 diebus'iu'is
2973 5515 3088 5600 που
3138 5527 3451 5600 erudiatur.
3483 5515 3734 5600 Dysiflﬁﬂfi

554 5579 840 5671 sent-eritia'
877 5579 1075 5654 eodem
1106 5579 1844 5671 acumine.'d'ilapidatiolrie
1862 5579 2134 5671 ιῐόἦὸξᾷᾑί
2230 5579 2324 5650 llic
2351 5579 2687 5671 septentriam
2713 5611 2783 5671 ex
2815 5579 3738 5671 Evangelio,notantillaximifodj:

557 5668 716 5790 (ἐιὶσεὶ
769 5653 1022 5724 mortuus
1069 5669 1258 5723 victus
1326 5653 2023 5741 νῖἰιιηιιὲγζβνίοξίηρίΐριιί
2051 5669 2102 5723 di

599 5754 611 5790 ι
645 5753 728 5790 ur.

2233 5680 2346 5744 ces.
2412 5665 2643 5736 Reliqua
2701 5666 2868 5721 etiam
2921 5653 3000 5721 in"
3023 5653 3264 5724 Ballcsd.
3329 5666 3449 5722 cod.
3505 5657 3646 5715 oblita
3693 5653 3734 5700 el

2237 5750 2458 5790 omissa.

563 5749 728 5790 ειιιιι.
2237 5750 2458 5791 ΟΠΗΞΞΠ.
