4014 6284
469 307 571 380 991

1637 313 1697 371 s.
1742 311 2027 372 MAXIMI
2066 307 2575 386 CONFESSORIS

3617 297 3710 362 999.

466 419 574 476 cile
608 418 796 473 curari
853 425 1068 488 potest;
1105 417 1254 488 quod
1300 426 1486 474 autem
1546 418 1824 484 differtur,
1872 431 2044 488 prope

2156 417 2437 486 σκόμενον,
2469 415 2830 486 εὐϐοήθητον·
2872 425 2934 465 το
2957 410 3015 465 δὲ
3055 409 3237 481 χρόνῳ
3281 405 3708 477 παραπεμπόμε-

469 509 778 564 lnsanabile
809 508 1084 563 redditur.

536 601 785 658 Choricii.
821 601 1138 666 —-Natura,
1196 613 1358 657 nacta
1411 602 1582 658 semel
1616 601 1846 666 delicias
1874 616 1938 656 ac
1969 600 2040 655 li—

468 692 740 757 bidinem,
775 692 871 746 vix
893 691 1198 761 acquiescit
1231 693 1298 747 ad
1333 693 1554 748 labores
1584 692 1788 748 redire.

541 783 888 839 Socratis.-—
909 784 1058 839 Nihil
1092 785 1254 854 plane
1281 792 1478 839 natura
1497 784 1804 856 jucundum
1835 789 1930 837 aut
1954 782 2042 846 in~

2143 522 2253 571 νον,
2283 508 2448 576 ἐγγὺς
2477 507 2719 561 ἀνιάτου.

2214 598 2514 667 Χορικίου.
2539 593 2908 667 -Λαϐομένη
2935 591 3084 657 ἅπαξ
3113 587 3468 663 ἡδυπαθείας
3490 588 3523 658 ἡ
3549 586 3710 658 φύσις,

2148 676 2315 760 μόλις
2332 689 2507 746 ἐθέλει
2533 689 2669 761 πρὸς
2703 687 2900 749 πόνους
2933 687 3153 756 χωρεῖν.

2215 784 2478 854 Σωκράτ.
2530 783 2576 816 ³⁸
2630 813 2702 823 ——
2757 781 2923 834 Οὐδὲν
2977 777 3148 840 ὅντως
3201 775 3310 847 ἡδὺ
3376 773 3410 844 ἦ
3464 769 3620 842 ἀηδὲς
3656 772 3713 840 τῇ

467 876 816 948 jucundum;
877 877 974 932 sed
1020 887 1219 932 cuncta
1267 877 1672 934 consuetudine
1712 876 2043 931 alterutrum

2156 874 2309 956 φύσει
2339 875 2648 946 ὑφέστηκεν
2669 890 2682 904 ·
2712 871 2893 938 πάντα
2923 869 2981 936 δὲ
3014 871 3082 939 τῇ
3123 865 3402 937 συνηθείᾳ
3433 863 3654 931 γίνεται.

473 971 734 1024 induunt.

543 1061 726 1116 Vitam
754 1060 896 1133 elige
949 1062 1172 1132 optimis
1217 1062 1470 1116 moribus
1519 1060 1868 1116 institutam:
1902 1061 2045 1118 hanc

473 1153 622 1209 enim
672 1155 1019 1210 consuetudo
1068 1153 1351 1225 praestabit
1389 1153 1710 1225 jucundam.

1105 1287 1403 1344 Menandri.

1532 1396 1647 1451 Non
1684 1404 1851 1466 potest

548 1468 724 1538 Longa
751 1467 1093 1538 consuetudo,
1130 1468 1273 1522 brevi
1301 1465 1510 1522 dissolvi
1545 1465 1796 1538 tempore.

549 1536 698 1604 Quod
728 1540 868 1594 enim
884 1555 946 1592 ea
977 1537 1221 1596 inclitum
1247 1546 1345 1604 est,
1371 1553 1474 1590 non
1503 1536 1810 1607 negligitur.

542 1673 801 1746 Polymni.
852 1704 922 1760 —_-
946 1673 1303 1730 Consuetudo
1335 1690 1404 1728 ex
1430 1673 1618 1744 parvis
1667 1672 1840 1727 trahit
1880 1672 2050 1743 origi-

473 1784 635 1832 nem;
669 1767 918 1838 neglecta
953 1776 1158 1830 autem,
1196 1767 1306 1820 vim
1336 1781 1590 1837 magnam
1621 1765 1846 1835 accipit.

546 1860 897 1918 Theocriti.—
917 1859 1222 1914 Insidiosos
1256 1874 1464 1924 mores,
1498 1867 1555 1914 et
1579 1857 1791 1929 aliquid
1827 1872 2047 1928 semper

2217 1057 2340 1109 Βίον
2375 1055 2532 1127 αίροῦ
2564 1055 2656 1109 τὸν
2698 1055 2922 1126 ἄριστον
2943 1069 2960 1098 ε
2992 1049 3182 1119 τοῦτον
3212 1046 3333 1121 γάρ
3375 1044 3510 1116 ἡδὺν
3537 1045 3572 1114 ἡ
3610 1058 3719 1096 συν-

2148 1148 2309 1220 ήθεια
2355 1149 2593 1220 ποιήσει.

2825 1288 3086 1361 Μεάνδρ.

2932 1401 3286 1470 Ἀμήχανον

2223 1463 2471 1542 Μακρὰν
2494 1473 2827 1539 συνήθειαν
2855 1473 2927 1526 ἐν
2951 1463 3176 1542 ,βράξεῖ
3193 1467 3394 1542 λύσξαι
3432 1466 3638 1535 χρόνῳ.

2227 1547 2298 1601 Τὸ
2331 1537 2441 1615 πῖὰρ
2467 1537 2732 1612 σύνηθες
2763 1537 3029 1612 οὐδαμοῦ
3060 1537 3444 1610 παροπτέον.

2225 1678 2588 1735 Πολυαίνου.
2618 1707 2690 1716 -
2722 1676 2885 1741 Ἔοος
2915 1675 3143 1746 ἄρχεται
3187 1672 3296 1744 μὲν
3341 1671 3457 1727 άπὸ
3488 1667 3715 1741 μικρῶνο

2084 1761 2127 1817 Β
2155 1767 2528 1840 ἀμελούμενον
2553 1767 2632 1830 δὲ,
2659 1765 2758 1837 τὴν
2787 1767 2941 1834 ἰσχὺν
2976 1762 3199 1832 μείζονα
3225 1761 3508 1831 λαμϐάνει

2218 1859 2486 1926 Θεοκρίτ.
2518 1888 2590 1898 --
2628 1856 2945 1916 Ἐπίδουλον
2972 1850 3102 1927 ἦθος
3131 1854 3228 1909 καί
3255 1848 3712 1921 κακομηχανώταο-

475 1953 628 2018 mali,
667 1961 974 2022 contraque
1011 1968 1206 2008 omnes
1235 1961 1431 2023 argute
1461 1952 1667 2015 moliri,
1700 1951 1755 2006 id
1794 1966 1898 2023 ego
1932 1965 2045 2005 non

2156 1967 2240 2005 τον
2263 1949 2556 2013 διαπαντὸς
2583 1949 2729 2020 ἔχειν
2757 1949 2851 2002 καὶ
2881 1947 3026 2002 κατά
3067 1947 3317 2006 πάντων.
3367 1943 3491 2013 οὐχὶ
3533 1943 3594 2012 τῇ
3633 1938 3716 2002 toi

474 2045 734 2110 solertiae,
770 2053 831 2100 ut
850 2045 1102 2099 nonnulli
1138 2045 1476 2110 existimant,
1505 2043 1602 2098 sed
1631 2042 1882 2113 pessima:
1902 2042 2044 2112 parti

473 2133 771 2203 ascriptum
802 2133 988 2188 velim.

543 2223 786 2278 Pronum
837 2233 925 2280 est
961 2223 1211 2291 laudare,
1247 2239 1376 2306 quae
1404 2237 1519 2278 non
1557 2223 1740 2287 decet,
1797 2239 1862 2277 ae
1898 2221 2046 2277 vitu-

477 2329 701 2383 perare;
729 2323 1030 2384 utrumque
1057 2330 1188 2370 vero
1218 2315 1371 2384 pravi
1392 2313 1560 2369 animi
1586 2330 1650 2369 ac
1672 2313 1874 2369 indolis
1904 2321 2010 2368 est.

546 2405 631 2459 Ex
654 2403 838 2460 Serani
859 2408 1092 2478 scriptis.
1126 2438 1196 2447 —
1228 2407 1522 2462 Persarum
1561 2422 1720 2477 rcges
1753 2408 2049 2475 antequam

476 2496 833 2563 sacriﬁcent,
886 2497 958 2558 de
1027 2498 1294 2568 religione
1345 2498 1685 2568 disputant;
1753 2505 2048 2567 antequam

476 2587 690 2650 bibant,
721 2589 788 2644 de
819 2590 1121 2646 sobrietate
1146 2607 1161 2657 ;
1183 2598 1312 2646 ante
1339 2591 1546 2646 bellum
1581 2606 1645 2645 ac
1674 2589 1945 2660 przelium,
1981 2589 2050 2646 de

475 2677 823 2736 tortitudinc.

544 2789 800 2844 Herodot.
847 2821 920 2832 ——
953 2793 1247 2865 Agathyrsi
1278 2794 1590 2849 mollissimi
1638 2802 1787 2858 sunt,
1842 2794 2054 2849 auratis

475 2879 801 2951 plerumque
835 2882 1014 2938 induti
1041 2885 1317 2940 vestibus.
1368 2884 1649 2940 Uxoribus
1682 2885 2052 2940 cmnmuniter

476 2979 732 3037 utuntur,
767 2982 828 3029 ut
847 2975 944 3029 alii
978 2977 1104 3034 aliis
1132 2977 1334 3032 fratres
1361 2978 1474 3032 sint
1501 2993 1567 3033 ac
1591 2976 1809 3048 cognati
1835 2992 2049 3043 omnes,

475 3078 652 3133 eaque
687 3066 903 3124 ratione
929 3068 1071 3138 nihil
1127 3069 1182 3123 in
1213 3070 1294 3125 eis
1323 3070 1540 3137 livoris,
1596 3070 1786 3131 nullus
1817 3069 1930 3124 odii
1971 3068 2053 3123 fo-

473 3168 592 3210 mes
625 3155 719 3212 sit.

923 3363 1086 3436 675
1132 3363 1366 3421 sermo
1394 3365 1583 3421 LXIII.

853 3451 931 3506 De
963 3454 1237 3508 nobilitate
1264 3464 1314 3509 et
1348 3457 1698 3528 ignobilitate.

546 3542 706 3599 Joan.
735 3560 812 3609 ιιι,
843 3545 1161 3612 6.—Quod
1208 3557 1398 3602 natum
1455 3556 1542 3605 est
1591 3565 1660 3604 ex
1707 3564 1894 3615 carne,
1923 3565 2055 3605 caro

475 3643 598 3703 est;
632 3645 688 3691 et
710 3636 857 3706 quod
886 3644 1077 3690 natum
1114 3647 1198 3692 est
1230 3654 1299 3693 ex
1332 3639 1557 3709 spiritu,
1582 3638 1812 3709 spiritus
1843 3645 1947 3696 est.

548 3815 702 3871 Rom.
736 3834 809 3883 lx,
848 3819 901 3874 8.
927 3821 1129 3877 —Non
1169 3822 1265 3892 qui
1306 3821 1402 3876 ﬁlii
1442 3823 1649 3886 carnis,
1690 3823 1749 3878 bi
1785 3823 1882 3878 ﬁlii
1919 3825 2052 3891 Dei;

478 3908 573 3963 sed
607 3910 703 3979 qui
747 3911 846 3967 iilii
903 3923 1034 3968 sunt
1074 3915 1478 3986 promissionis,
1515 3915 1862 3970 aestimantur
1895 3916 1948 3970 in
1971 3933 2057 3972 se-

411 4055 416 4060 ,
483 4001 654 4060 mine.

550 4093 682 4167 Sap.
709 4112 769 4152 ιιι
793 4138 808 4165 ,
841 4097 926 4153 19.
951 4128 1016 4138 -
1040 4082 1432 4157 Generationis
1474 4099 1692 4169 injusta:
1719 4101 1904 4156 acerbi
1929 4110 2057 4159 sunt

481 4184 686 4240 exitus.
1743 4245 1746 4248 ἠ

550 4277 740 4334 Liberi
771 4278 826 4335 in
868 4289 1190 4353 contemptu
1217 4292 1274 4339 et
1298 4283 1579 4356 imperitia
1609 4285 1932 4358 gloriantes,
1965 4299 2058 4340 co-

480 4371 757 4448 gnationis
780 4389 894 4428 suae
922 4374 1322 4446 ingenuitatem
1367 4378 1769 4433 contaminant.

549 4456 737 4514 Liberi
763 4459 1052 4518 honestam
1087 4465 1256 4518 vitam
1304 4479 1549 4536 agentes,
1591 4475 1882 4538 parentum
1924 4481 2056 4523 suo-

483 4563 606 4602 rum
639 4549 1043 4619 ignobilitatem
1071 4561 1278 4625 tegent.

547 4634 762 4695 Basilii.
783 4669 852 4680 —
874 4641 997 4696 Non
1031 4651 1117 4696 est
1161 4658 1263 4697 cur
1291 4653 1555 4714 parentes
1579 4661 1644 4701 ac
1669 4647 1904 4717 majores
1928 4646 2057 4701 illu-

2150 2041 2426 2113 ἀγχινόου,
2461 2041 2536 2105 ὣς
2565 2057 2710 2104 τινες
2751 2039 2953 2094 οἴονται
2974 2080 2991 2105 ,
3026 2042 3094 2112 τῇ
3127 2039 3183 2092 δὲ
3213 2036 3318 2091 τοῦ
3370 2033 3712 2104 πονηροτάτου

2155 2132 2338 2205 μερίδι
2369 2132 2725 2203 προστίθημι.
3343 2187 3349 2192 ,

2235 2225 2446 2295 Ῥᾴδιον
2473 2224 2572 2295 μὲν
2596 2225 2861 2290 ἐπαινεῖν,
2892 2222 2928 2278 ἃ
2953 2222 3028 2292 μὴ
3057 2220 3186 2291 χρὴ,
3217 2218 3322 2274 καὶ⁵
3345 2215 3539 2289 ψέγειν
3559 2231 3573 2246 ·
3601 2214 3711 2267 ἑκά-

2151 2333 2310 2388 τερον
2337 2316 2416 2378 δὲ,
2455 2315 2696 2388 πονηροῦ
2735 2333 2882 2379 τινος
2906 2315 3092 2386 ῆθους.

2233 2409 2334 2463 Ἐκ
2365 2407 2484 2460 τῶν
2537 2409 2806 2476 Σερίνου.
2857 2438 2930 2448 --
2978 2406 3041 2464 Ol
3071 2403 3304 2477 Περσῶν
3336 2399 3592 2474 βασιλεῖς,
3623 2395 3716 2467 πρὸ

2158 2498 2256 2571 μὲν
2287 2497 2393 2552 τῶν
2421 2499 2645 2564 Θυσιῶν,
2677 2499 2810 2571 περὶ
2855 2497 3141 2561 εὐσεϐείας
3181 2494 3568 2565 διαλέγονται·
3621 2491 3710 2558 πρυ)

2152 2590 2212 2646 δὲ
2234 2591 2329 2645 τοῦ
2361 2591 2563 2660 πίνειν,
2615 2592 2746 2664 περὶ
2793 2591 3150 2663 σωφροσύνης
3170 2604 3185 2619 ’
3223 2588 3494 2658 πολεμεῖν
3517 2581 3571 2640 δὲ
3601 2582 3710 2654 μέλα

2153 2680 2359 2747 λοντες,
2391 2698 2457 2735 πε
2466 2681 2520 2753 ρὶ
2554 2681 2831 2753 ἀνδρείας.

2238 2793 2502 2863 Ἠροδότ.
2524 2824 2596 2834 -—
2625 2795 2952 2868 Ἀγάθυρσοι
2985 2795 3052 2856 ³⁷.
3080 2793 3379 2866 ἁϐρότατοι
3408 2791 3592 2862 ἄνδρες
3617 2785 3707 2839 sici

2156 2888 2253 2942 καὶ
2282 2889 2615 2958 χρυσοφόροι
2641 2887 2712 2941 τά
2739 2887 2995 2959 μάλιστα.
3030 2885 3344 2940 Ἐπίκοινον
3371 2885 3429 2938 δὲ
3458 2877 3706 2953 γυναικῶν

2154 2977 2252 3049 τὴν
2293 2976 2440 3049 μίξιν
2491 2976 2790 3042 ποιοῦνται,
2854 2978 2942 3032 ἵνα
3001 2976 3332 3048 κασίγνητοί
3385 2991 3447 3028 τε
3492 2970 3704 3039 ἀλλήλων

2154 3069 2308 3136 ἐῶσι,
2344 3070 2439 3123 καὶ
2465 3071 2656 3137 οἰκεῖοι
2687 3068 2890 3134 ἐόντες,
2948 3070 3086 3142 μήτε
3131 3068 3339 3140 φθόνῳ,
3398 3065 3533 3140 μήτε
3580 3059 3704 3134 ἔχθει

2158 3158 2430 3235 χρέωνται
2462 3160 2522 3223 ἐς
2550 3159 2837 3231 ἀλλήλους.

2715 3363 2937 3419 ΛΟΓΟΣ
2972 3363 3068 3416 ΞΡ
3106 3363 3173 3416 ³⁸.

2441 3454 2578 3525 Περὶ
2618 3455 2927 3527 εὐγενείας
2958 3455 3057 3508 καὶ
3096 3453 3480 3524 δυσγενείας.

2238 3549 2428 3606 Ἰωαν.
2585 3579 2655 3588 -
2697 3549 2770 3601 Τὸ
2799 3548 3202 3618 γεγεννημένον
3249 3549 3313 3601 ὲκ
3365 3539 3695 3614 τῆς-σαρκὸς.

2159 3644 2294 3712 σάρξ
2323 3644 2438 3695 ἐστι
2460 3658 2473 3671 ·
2511 3642 2605 3695 καὶ
2640 3640 2702 3693 τὸ
2731 3639 3129 3713 γεγεννημένον
3170 3640 3235 3696 ὲκ
3263 3638 3363 3694 τοῦ
3398 3635 3694 3708 πνεύματος,

2171 3733 2389 3802 πνεῦμά
2415 3733 2584 3785 ἐστιν.

2224 3847 2233 3855 ·
2254 3828 2408 3894 Ρωμ.
2441 3827 2509 3878 0'.
2526 3852 2597 3863 ——
2617 3825 2689 3878 Οὐ
2707 3824 2776 3878 τὰ
2797 3824 2964 3878 τέκνα
2983 3823 3083 3895 τῆς
3111 3824 3285 3894 σαρκδ
3296 3842 3346 3888 ς,
3373 3822 3538 3876 ταῦτα
3561 3817 3697 3870 τέκνα

2155 3915 2290 3970 Θεοῦ
2315 3937 2328 3949 ·
2375 3915 2512 3969 ἀλλά
2537 3915 2607 3969 τὰ
2628 3915 2796 3970 τέκνα
2826 3915 2927 3986 τῆς
2959 3916 3313 3984 ἐπαγγελίας,
3347 3915 3604 3984 λογίζεται
3627 3908 3690 3970 είς

2162 4006 2406 4078 σπέρμα.

2228 4104 2368 4156 Σολ.
2405 4107 2471 4170 γ’.
2514 4131 2584 4140 —
2610 4099 2808 4164 Γενεᾶς
2841 4098 3028 4153 ἀδίκου
3066 4098 3156 4170 (c),
3187 4098 3405 4170 χαλεπά
3432 4096 3494 4151 τὰ
3522 4091 3650 4161 τέλη.

2224 4280 2402 4334 Τέκνα
2433 4281 2492 4333 ὲν
2541 4281 2943 4350 καταφρονήσει
2994 4279 3089 4333 καὶ
3121 4278 3448 4350 ἀπαιδευσίᾳ
3478 4270 3684 4345 γαυριώ·

2162 4389 2321 4444 μενα,
2359 4372 2681 4440 συγγενείας
2706 4372 2916 4425 ἑαυτῶν
2949 4371 3235 4443 μολύνουσι
3265 4370 3362 4443 τὴν
3394 4367 3664 4438 εὐγένειαν.

2230 4465 2409 4519 Τέκνα
2435 4465 2492 4518 ἐν
2520 4465 2696 4535 ἀγαθῇ
2726 4465 2836 4535 ζωῇ
2875 4464 2974 4537 τὴν
3006 4463 3352 4533 ἀναστροφὴν
3380 4463 3573 4534 ἔχοντα,
3601 4452 3688 4507 τῶν

2166 4555 2313 4612 ίδίων
2341 4555 2680 4626 γεννητόρων
2709 4554 2980 4626 κρύψουσι
3007 4554 3343 4624 δυσγένειαν.

2231 4648 2576 4702 Βασιλείου.
2622 4676 2695 4686 -—
2741 4647 2856 4701 Οὐκ
2902 4645 3100 4716 ἔχομεν
3153 4647 3402 4718 πατέρας
3430 4631 3686 4710 λέγεινκαὶ

480 4735 622 4784 strcs
654 4731 1046 4800 producamus.
1079 4735 1343 4790 Veritatis
1374 4752 1612 4806 namque
1654 4738 1761 4802 lex,
1804 4737 2052 4809 proprias

2163 4739 2465 4810 προγόνους
2489 4741 2833 4810 περιφανεῖς.
2875 4738 2932 4792 Ὀ
2980 4738 3090 4809 γὰρ
3134 4738 3236 4806 τῆς
3261 4737 3510 4806 ἀληθείας
3536 4729 3684 4798 νόμος,

479 4821 747 4892 cujusque
780 4824 1016 4895 requirit
1044 4825 1259 4881 laudes.
1310 4827 1422 4883 Nec
1456 4828 1606 4883 enim
1643 4829 1850 4885 ideirco
1876 4847 2055 4902 equus

477 4921 566 4965 est
597 4914 771 4980 celer,
803 4916 952 4986 quod
983 4933 1050 4971 ex
1082 4918 1391 4974 celerrimis
1439 4930 1597 4975 ortus
1628 4921 1720 4976 sit.
1755 4922 1882 4989 Sed,
1915 4923 2064 4978 sicut

478 5002 750 5073 cujusque
786 5005 1128 5078 reliquorum
1164 5008 1491 5064 animalium
1517 5011 1696 5066 virtus
1726 5010 1784 5067 in
1833 5028 1900 5069 eo
1931 5029 2061 5084 spe-

478 5101 701 5160 ctatur;
733 5094 814 5151 sic
849 5106 907 5153 et
953 5099 1060 5153 viri
1095 5100 1216 5155 laus
1260 5115 1326 5157 ea
1372 5109 1478 5165 est,
1514 5118 1680 5172 quam
1726 5103 1853 5177 ejus
1884 5103 2062 5176 ipsius

479 5186 706 5255 propria
725 5199 1053 5245 ornamenta
1075 5207 1140 5248 ac
1176 5191 1412 5249 virtutes
1439 5201 1734 5249 testantur.

2162 4831 2270 4885 ἴδια
2297 4830 2532 4884 ἑκάστου
2571 4831 2799 4884 ἀπαιτεῖ
2841 4829 2908 4884 τά
2947 4828 3224 4901 ἐγκώμια.
3260 4829 3397 4882 Οὐδὲ
3427 4824 3525 4896 γὰρ
3552 4819 3686 4872 ἵππον

2159 4923 2330 4993 ταχὺν
2375 4923 2523 4976 ποιεῖ
2569 4921 2633 4975 τὸ
2683 4923 2747 4974 ὲκ
2797 4921 3119 4990 ταχυτάτων
3146 4919 3334 4990 φῦναι.
3373 4915 3510 4973 Ἀλλ’
3524 4911 3686 4973 ’ὥσπερ

2157 5014 2269 5068 τῶν
2298 5014 2475 5069 ἄλλων
2522 5013 2676 5079 ζώων
2710 5015 2743 5084 ἠ
2794 5014 2964 5085 ἀρετὴ
2997 5014 3057 5067 ὲν
3082 5012 3260 5083 ἑαυτῷ
3285 5012 3554 5083 θεωρεῖται
3582 4996 3684 5053 έκά-

2157 5123 2308 5172 στου,
2343 5104 2485 5159 οὕτω
2513 5105 2607 5158 καὶ
2649 5105 2840 5176 ἀνδρὸς
2871 5104 3114 5170 ἔπαινος,
3159 5105 3188 5158 ὁ
3221 5105 3285 5157 ὲκ
3321 5102 3429 5157 τῶν
3457 5090 3682 5166 ὑπαρχόν·

2079 5211 2082 5217 ’
2159 5214 2268 5253 των
2311 5197 2462 5270 αὐτῷ
2492 5197 2940 5270 κατορθωμάτων
2973 5195 3502 5269 ὲκμαρτυρούμενος.

1759 5331 1844 5385 VA
1855 5330 1992 5386 [tle
2027 5331 2432 5390 LECTIONES.

552 5409 600 5444 ⁸⁸
651 5413 930 5470 Ἀλλ.Ἑκ
959 5417 1066 5472 τῶν
1110 5419 1432 5494 Ἐπικτήτου
1462 5425 1558 5497 καὶ
1601 5425 1868 5499 Ἰσοκράτ.
1947 5429 1991 5460 ³⁷
2023 5429 2052 5483 L

2156 5429 2274 5484 linit
2323 5438 2381 5486 et
2419 5430 2640 5487 Suidas.
2719 5429 2764 5462 ⁸⁸
2795 5429 2892 5485 Est
2922 5428 2977 5484 in
3007 5427 3178 5485 Gesn.
3209 5410 3379 5485 Stob.
3401 5426 3516 5484 21⁵1.

1981 5562 2206 5618 NOTAE.

553 5640 627 5724 _(c)
658 5644 882 5727 Γειςεᾶς
909 5647 1147 5704 ἀδίκου.
1179 5650 1337 5721 Vulg.
1374 5653 1452 5708 sic
1484 5657 1778 5726 expressit,
1817 5657 2058 5712 Nationis

484 5706 704 5782 ἱπὲᾳὶιω,
745 5706 874 5773 dira}
921 5728 1042 5777 sunt
1086 5706 2062 5798 consuniinatibnes':ficulna-locus

2166 5673 2402 5726 sequens
2433 5673 2542 5710 non
2575 5655 2834 5718 occurrit,
2885 5654 2989 5711 etsi
3039 5654 3205 5712 Gesn.
3251 5651 3478 5709 ascribit
3513 5629 3676 5704 Sinchi

2171 5744 2325 5781 XXXIV
2357 5737 2410 5782 οι
2435 5742 2558 5780 XXX.
