4014 6284
272 354 380 416 993

943 472 1181 523 Θεολόν.

943 488 1125 523 σεονιο
1156 490 1181 522 ·.

379 556 576 621 Haec
608 556 660 609 δ’
685 558 921 611 ἀκούων
951 488 1271 625 αἱσχύζου,
1296 555 1383 625 μὴ
1410 556 1736 626 δυσγενής.

381 629 571 692 Γένος
603 627 713 695 γάρ
759 630 935 688 εισιν,
965 630 1018 680 ol
1048 626 1233 680 ,πάλαι
1266 628 1632 694 σεσηπότες.

381 698 610 762 Γένους
642 696 983 765 προᾴρχειν,
1012 695 1051 762 ἢ
1078 699 1246 749 λύειν
1274 696 1449 765 γένος
1474 700 1632 759 θέλε,

385 765 482 831 Ὠς
506 762 699 819 ualon-
727 762 880 818 elrul
910 768 989 829 o",
1026 767 1065 833 ἢ
1113 762 1321 819 καλῶν
1348 768 1699 834 πεφυκέναι.

341 880 531 947 Γρητ.
562 878 761 932 Νύσσ.
788 907 861 917 -—
890 878 958 931 Ἥ
990 878 1239 946 εὐγένεια
1263 879 1359 931 καὶ
1388 879 1421 948 ἠ
1458 878 1724 948 σεμνότης
1748 876 1842 929 τοῦ

269 971 633 1040 ὑπερηφάνου
676 969 738 1021 τὸ
772 970 1032 1037 συγγενὲς
1068 970 1205 1041 πρὸς
1226 971 1327 1041 τὴν
1360 969 1579 1022 πλίνθον
1603 969 1735 1039 ἔχει.

344 1063 644 1128 Χρυσοστ.
672 1089 745 1099 -—-
790 1060 1058 1131 Λαμπρὸν
1107 1062 1203 1114 καὶ
1257 1063 1544 1131 ἐπίσημον,
1582 1060 1643 1113 οὐ
1686 1075 1847 1130 περι-

266 1152 468 1217 φάνεια
503 1151 804 1223 προγόνων,
830 1152 966 1208 άλλά
990 1152 1169 1223 ψυχῆς
1195 1152 1367 1224 ἀρετὴ
1397 1154 1552 1206 ποεῖν
1576 1150 1767 1205 εἴωθε.

921 1266 1193 1334 Εὐριπίδ.

341 1360 540 1433 osa»
570 1362 609 1429 ἠ
644 1363 915 1432 εὐγένεια
951 1366 1102 1431 πρὸς
1134 1368 1207 1418 τὰ
1234 1364 1529 1433 χρήματα.

344 1432 467 1487 Τὸν
500 1434 609 1503 γὰρ
642 1433 935 1487 κάκιστον
966 1432 1345 1500 πλοῦτοςέις
1388 1434 1654 1501 πρώτους
1690 1432 1838 1503 ἄγει.

342 1503 527 1573 forar-
550 1502 618 1554 δὲ
658 1504 875 1573 κρηπὶς
895 1504 981 1572 μὴ
1020 1504 1366 1572 καταϐληθῇ
1392 1505 1605 1573 γένους

354 1569 589 1638 Ὀρθῶς,
632 1569 862 1639 ἀνάγκη
891 1569 1219 1641 δυο-τυχεῖν
1251 1569 1732 1643 calicem-drove.

339 1642 484 1694 Φεῦ.
526 1641 658 1694 φεῦ.
716 1644 973 1694 παλαιὸς
1022 1639 1191 1694 αἶνος
1220 1646 1293 1694 οὐ
1324 1644 1521 1694 καλῶς
1556 1644 1701 1694 Erat.

392 1658 484 1703 ευ,

343 1642 484 1703 Φεῦ.
506 1641 658 1762 ᾰφεῦ,
716 1644 973 1707 παλαιὸς
1022 1639 1191 1708 αἷνλος
1220 1646 1293 1696 οὐ
1324 1639 1521 1710 καλῶς
1556 1644 1701 1713 ἕχει,

343 1713 469 1762 Οὐκ
545 1727 581 1762 r
625 1710 852 1762 γένοιτο
894 1714 1154 1762 γοῃστὸς
1188 1714 1257 1762 ἐκ
1293 1714 1483 1762 κακοῦ
1523 1729 1701 1762 πατρί

394 1728 469 1764 we

545 1727 581 1764 ν
625 1710 852 1779 γένοιτο
890 1714 1154 1781 χρηστὸς
1188 1714 1257 1767 ἐκ
1293 1714 1483 1768 κακοῦ
1523 1710 1769 1783 πατρός.

1581 350 1745 410 LOCl
1787 340 2222 409 COMMUNES.

2804 390 2807 391 κ
3415 325 3519 403 994

2611 458 2867 530 Theologi.

1947 552 2107 607 Mala:
2132 553 2292 619 fama:
2318 553 2547 621 pudeat;
2573 551 2771 604 humile
2793 567 2895 603 non
2922 560 2973 603 te
3002 567 3162 620 genus

1945 623 2172 677 Moveat.
2194 622 2364 677 Genus
2394 632 2517 674 sunt
2547 622 2637 689 qui
2660 621 2785 673 olim
2806 629 3200 689 computruere.

1944 693 2104 746 Malis
2140 708 2302 762 genus
2328 692 2614 760 auspicari,
2654 690 3065 762 quamgsolvere;

1952 762 2037 817 Uti
2068 759 2232 814 bonus
2262 778 2392 825 esse,
2426 759 2585 831 quam
2614 776 2676 813 ex
2705 760 2852 813 bonis
2885 760 3139 830 originem
3171 759 3400 813 trahere.

2019 872 2173 942 Greg.
2230 870 2387 943 Nyss.
2429 901 2495 911 —
2531 871 2770 941 Superbi
2812 870 3077 925 nobilitas
3127 885 3193 926 ac
3244 872 3520 941 majestas,
3564 834 3567 835 ν

1948 964 2103 1033 operi
2140 963 2327 1033 ﬁglino
2354 979 2418 1017 ac
2445 963 2606 1018 lateri
2644 962 2823 1016 allinis
2854 969 2959 1017 est.
3551 954 3558 999 ὲ

2019 1055 2284 1128 Chrys.-——
2305 1056 2426 1110 Non
2447 1056 2719 1125 majorum
2746 1053 3029 1119 nobilitas,
3069 1051 3166 1107 sed
3204 1052 3375 1107 animi
3404 1052 3520 1107 vir-

1948 1154 2056 1212 tus,
2084 1144 2439 1216 splendidum
2466 1160 2531 1200 ac
2561 1144 2809 1199 nobilem
2840 1144 3007 1199 habet
3025 1151 3310 1214 praestare.

2606 1257 2855 1328 Euripid.

1944 1371 2093 1425 Nihil
2123 1388 2329 1442 generis
2360 1371 2611 1425 nooilitas
2636 1373 2704 1424 ad
2735 1375 3005 1441 pecunias.
3549 1418 3557 1427 .

1943 1442 2086 1498 Nam
2125 1441 2204 1496 uel
2234 1443 2519 1511 pessimum
2562 1442 2833 1511 opulentia
2865 1445 3002 1496 inter
3029 1444 3229 1511 primos
3272 1442 3516 1498 collocat.

1944 1512 2011 1583 ᾼι
2037 1515 2083 1566 si
2106 1514 2314 1583 generis
2349 1514 2495 1583 origo
2522 1523 2663 1565 recta
2688 1529 2791 1566 non
2823 1514 3002 1581 fuerit,

1944 1581 2192 1635 Posteros
2228 1583 2283 1635 in
2318 1581 2625 1635 calamitate
2658 1584 2862 1635 versari
2880 1599 3084 1635 necesse
3107 1595 3204 1636 est.

1944 1650 2062 1705 Non
2088 1662 2224 1705 recte
2248 1667 2304 1704 se
2326 1652 2478 1705 habet
2506 1662 2651 1704 vetus
2681 1654 2789 1705 ha’c
2812 1654 3094 1715 sententia,

1946 1721 2029 1774 Ea:
2060 1721 2202 1775 malo
2228 1733 2381 1793 patre
2406 1738 2682 1791 nunquam
2708 1732 2954 1776 nascetur
2974 1722 3157 1775 bonus.

312 1839 644 1907 .Θεοπόμπ.
678 1868 751 1879 -—
789 1840 1049 1909 Εὑγενεῖς
1090 1836 1229 1895 εἶναι
1260 1840 1474 1913 νόμιζε,
1512 1841 1587 1913 μὴ
1621 1839 1747 1902 τοὺς
1776 1840 1839 1891 ὲκ

2019 1836 2354 1907 Theopompi.
2398 1866 2469 1875 —
2506 1836 2732 1891 Nobiles
2767 1837 3084 1890 existimato
3114 1852 3177 1890 ac
3226 1836 3518 1907 ingenuos,

264 1928 381 1981 τῶν
414 1930 595 1982 καλῶν
639 1931 732 1984 καὶ
769 1931 988 1999 ἀγαθῶν
1040 1933 1440 2003 γεγενημένους
1464 1949 1479 1964 ·
1542 1931 1680 1987 ἀλλά
1714 1932 1841 1994 τοὺς

264 2019 417 2073 καλά
448 2020 546 2073 καὶ
584 2021 765 2089 ἀγαθά
796 2016 1291 2094 προαιρουμένους.

342 2198 670 2252 Θεσπίδου.
721 2228 793 2237 —
838 2200 963 2251 Ἐπὶ
1019 2198 1300 2269 προγόνων
1346 2197 1599 2267 εὐγενείᾳ
1652 2197 1842 2267 μηδεὶς

262 2289 638 2359 ἑγκαυχάσθω
660 2307 675 2321 ο
727 2289 895 2359 πηλὸν
926 2289 1034 2360 γὰρ
1067 2289 1251 2359 ἔχουσι
1292 2290 1493 2352 πάντες
1522 2288 1617 2341 τοῦ
1650 2289 1843 2358 γένους

269 2382 617 2451 προπάτορα,
652 2382 746 2434 καὶ
776 2383 827 2435 ot
858 2383 919 2434 ὲν
944 2382 1207 2452 πορφύρᾳ.
1237 2383 1331 2435 καὶ
1358 2381 1544 2453 βύσσῳ
1571 2382 1844 2453 τρεφόμε-

264 2488 372 2538 νοι,
406 2473 500 2525 καὶ
524 2473 573 2525 οί
595 2474 655 2526 ὲν
688 2472 850 2544 πενίᾳ
876 2472 1101 2544 ἀϐύσσῳ
1130 2474 1531 2545 δαπανώμενοι.

889 2585 1211 2655 Σκληριου.

375 2695 657 2767 ῌολλοῖς,
686 2696 929 2767 θνητῶν
954 2698 993 2765 ἡ
1016 2698 1131 2766 μὲν
1154 2698 1297 2765 ὄψις
1328 2699 1584 2767 εὐγενής
1607 2715 1622 2731 ⁶

388 2765 453 2818 '0
491 2766 635 2833 νοῦς
670 2766 722 2819 δ’
748 2767 817 2820 ἐν
851 2765 1342 2837 αὺτιῖίδυονγενὴς
1369 2765 1733 2837 smmum.

337 2880 709 2950 Σώστρατος.
743 2911 815 2922 —
844 2881 1163 2953 Σώστρατος
1194 2884 1224 2936 ὁ
1251 2882 1493 2953 αὑλητὴς
1517 2883 1844 2954 ὀνειδιζόμε-

262 2987 359 3032 νος
392 2970 495 3023 ὑπό
523 2988 667 3035 τινος
696 2972 791 3025 ἐπὶ
834 2971 908 3043 τῷ
960 2972 1163 3041 γονέων
1190 2974 1418 3044 ἀσήμων
1449 2969 1611 3038 εἶναι,
1650 2969 1802 3027 εἶπεν
1823 2991 1839 3006 '

263 3064 383 3116 Καὶ
422 3064 496 3133 μὴ
521 3063 608 3116 διὰ
634 3063 797 3118 τοῦτο
824 3065 1023 3136 μᾶλλον
1055 3064 1285 3134 ὤφειλον
1313 3065 1716 3137 θαυμάζεσθαι,
1755 3068 1839 3121 ὅτι

265 3156 368 3209 ἀπ’
402 3155 537 3224 ἐμοῦ
572 3155 728 3225 γένος
752 3156 1001 3227 ἄρχεται.

344 3248 705 3315 Φαλάριδος.
730 3279 801 3289 -
824 3249 1193 3321 Σεμνύνεσθαι
1220 3250 1320 3320 μὲν
1348 3250 1538 3322 ὥσπερ
1565 3250 1709 3321 ἄλλῳ
1736 3249 1843 3303 τινὶ

272 3338 392 3392 τῶν
431 3339 612 3392 καλῶν
636 3341 722 3392 ἐπ’
756 3340 1027 3413 εὐγενείᾳ,
1068 3342 1168 3394 οὐκ
1212 3342 1442 3404 ἀπεικός
1489 3344 1657 3396 ἐστιν.
1704 3341 1846 3411 Ἐγὼ

266 3430 326 3483 δὲ
363 3429 493 3499 μίαν
524 3431 724 3503 ἀρετὴν
750 3426 889 3497 οἶδα,
938 3434 1008 3485 τὰ
1032 3433 1075 3485 δ’
1121 3433 1256 3485 ἄλλα
1302 3433 1479 3485 πάντα
1510 3433 1699 3503 τύχην.
1736 3434 1845 3485 Καὶ

268 3521 474 3589 γένοιτ’
502 3522 589 3587 ἂν,
618 3524 647 3576 ὀ
671 3523 770 3592 μὲν
800 3525 865 3577 ἐκ
910 3523 1128 3593 φαύλων
1173 3525 1395 3592 ἀγαθὸς,
1442 3525 1535 3577 καὶ
1576 3525 1846 3595 βασιλέων

270 3613 372 3665 καὶ
405 3612 621 3667 πάντων
651 3614 1039 3683 εὐγενέστατος
1064 3634 1080 3649 ·
1129 3617 1157 3668 ὁ
1191 3616 1247 3669 δὲ
1279 3618 1338 3683 ἐξ
1368 3616 1589 3684 ἀγαθῶν
1622 3616 1845 3684 φαῦλος,

270 3704 437 3768 αὐτὸς
472 3704 636 3759 αὐτοῦ
670 3708 765 3760 καὶ
795 3707 906 3761 τῶν
950 3710 1352 3764 ταπεινοτάτων
1397 3709 1843 3778 δυσγενέστατος.

274 3796 439 3849 Ὥστε
464 3796 643 3867 ψυχῆς
669 3799 890 3853 ἔπαινον
915 3799 1094 3871 αὔχει,
1118 3800 1195 3873 μὴ
1214 3802 1495 3873 προγόνων
1522 3800 1849 3875 τεθνηκυῖαν

270 3889 355 3950 είς
385 3885 733 3967 ἀδοξοτέρους
756 3890 1059 3959 εὐγένειαν.

374 4157 418 4210 0
455 4155 513 4223 ἐξ
546 4156 749 4229 ἀρετῆς
790 4159 1093 4231 γεννηθεὶς,
1128 4162 1333 4225 ἐκεῖνος
1379 4161 1608 4232 εὐγενὴς
1647 4162 1829 4216 είκονίσ

308 4268 449 4306 εται.

308 4268 449 4306 εται.

273 4250 306 4315 ζ
345 4345 610 4410 Δημοσθ.
637 4372 708 4383 —
734 4341 872 4396 Οὔτε
904 4346 1051 4397 σῖτον
1078 4346 1302 4415 ἀριστον
1334 4346 1400 4399 ὲκ
1422 4346 1517 4400 τοῦ
1557 4346 1844 4401 καλλίστου

274 4436 460 4489 πεδίου
496 4435 780 4506 κρίνομεν,
830 4436 968 4490 ἀλλά
1013 4437 1104 4491 τὸν
1145 4436 1365 4492 εὔθετον
1416 4439 1553 4511 πρὸς
1599 4443 1845 4513 τροφήν·

272 4525 395 4580 οὔτε
426 4525 596 4598 ἄνδρα
628 4526 967 4597 σπουδαῖονῆ
1000 4528 1152 4597 φίλον
1176 4528 1386 4594 εὔνουν,
1417 4530 1508 4583 τὸν
1552 4531 1612 4595 ἐξ
1634 4534 1847 4600 ¹ἐπιφα-
1877 4514 1923 4569 Ῐ)

274 4616 398 4681 νοῦς
448 4616 581 4672 ὅντα
630 4618 845 4688 γένους,
878 4619 1014 4674 ἀλλά
1053 4620 1146 4674 τὸν
1175 4621 1493 4694 ὑπάρχοντα
1542 4623 1622 4695 τῷ
1653 4624 1847 4697 τρόπῳ

274 4711 577 4780 κρείττονα.

343 4822 473 4885 Τοῖς
493 4824 741 4891 εὖγενέσι
764 4827 857 4881 καὶ
882 4827 1067 4891 καλοῖς
1089 4827 1325 4898 μάλιστα
1350 4824 1691 4895 κατεπείγει,
1719 4828 1850 4881 κάλ-

273 4912 363 4977 λος
394 4914 497 4985 μὲν
531 4917 623 4969 ἐπὶ
650 4918 749 4987 τῆς
799 4918 995 4989 ὅψεως,
1024 4918 1382 4989 σωφροσύνην
1415 4919 1471 4971 δὲ
1503 4919 1596 4972 ἐπὶ
1624 4920 1723 4989 τῆς
1746 4922 1849 4990 ψυ-

272 5007 399 5077 χῆς,
435 5008 689 5078 ἀνδρείαν
719 5010 779 5064 δὲ
826 5012 913 5065 ἐπ’
943 5013 1285 5083 ἀμφοτέρων
1305 5011 1547 5065 τούτων⁸
1586 5012 1746 5084 χάριν
1791 5013 1847 5066 δὲ

272 5100 365 5152 ἐπὶ
392 5100 502 5155 τῶν
521 5101 694 5170 λόγων
720 5103 981 5157 διατελεῖν
1005 5103 1210 5175 ἔχουσι.

341 5191 645 5259 Διογένης.
683 5223 755 5234 —-
786 5194 1202 5265 Πυνθανομὲνου
1228 5196 1408 5261 τινὸς,
1437 5196 1596 5260 Τίνες
1620 5196 1730 5253 τῶν
1756 5199 1849 5253 άν-

271 5280 509 5354 θρώπων
559 5285 984 5355 εὐγενέστατοις
1044 5290 1108 5342 Ol
1157 5287 1647 5359 καταφρονοῦντες,
1705 5286 1845 5357 εἷπε,

272 5372 533 5438 πλούτου,
586 5374 765 5446 δόξης,
817 5378 1033 5448 ἡδονῆς,
1089 5377 1272 5447 ζωῆςσ
1330 5377 1438 5431 τῶν
1482 5378 1540 5432 δὲ
1590 5380 1849 5435 ἐναντίων

273 5462 534 5534 ὑπεράνω
560 5464 735 5532 ὄντες,
763 5470 977 5533 πενίας,
1008 5467 1244 5535 ἀδοξίας,
1270 5469 1459 5538 πόνου,
1483 5469 1739 5524 θανάτου.

341 5740 577 5811 Ζήνων.
625 5772 696 5782 -—
735 5744 795 5796 Ὀ
830 5742 991 5806 αὐτὸς
1036 5742 1167 5814 ἔφη,
1225 5746 1301 5817 μὴ
1346 5746 1457 5801 δεῖν
1488 5745 1671 5817 ζητεῖν
1720 5746 1847 5810 τοῦς

1947 1942 2059 1981 non
2100 1926 2196 1995 qui
2267 1942 2336 1980 ex
2396 1926 2648 1980 honestis
2685 1926 2992 1995 probisque
3040 1925 3366 1995 parentibus
3411 1915 3519 1978 orti

1947 2030 2099 2083 sunt,
2125 2018 2221 2073 sed
2253 2018 2350 2088 qui
2387 2018 2652 2072 honestos
2679 2017 2998 2086 probosque
3035 2031 3217 2071 mores
3254 2016 3519 2086 profitem-

1951 2118 2007 2164 ιιι
2018 2127 2062 2163 r.

2018 2199 2311 2271 Thespidis.
2366 2201 2720 2271 -——Majorum
2746 2200 3035 2255 nobilitate
3083 2216 3248 2255 nemo
3293 2198 3519 2269 gloriari

1946 2292 2133 2348 debet.
2173 2292 2403 2348 Cunctis
2436 2294 2584 2349 enim
2615 2294 2833 2364 generis
2862 2295 3017 2363 origo
3053 2294 3230 2348 lutum
3257 2303 3362 2357 est,
3403 2303 3519 2347 tum

1947 2383 2039 2449 iis,
2074 2385 2170 2454 qui
2201 2385 2256 2437 in
2281 2400 2528 2454 purpura
2549 2392 2606 2438 et
2633 2386 2796 2455 b'ysso
2842 2386 3187 2451 nutriuntur,
3210 2384 3375 2457 676
3402 2394 3519 2439 ιυιη

1945 2476 2039 2546 qui
2074 2476 2130 2530 in
2155 2475 2424 2531 altissima
2463 2484 2791 2545 paupertate
2821 2476 3133 2532 tabescunt.

2620 2587 2853 2643 ScleriaP.

1950 2698 2127 2769 Multis
2152 2698 2460 2753 mortalium
2496 2702 2725 2766 ingenua
2758 2701 2955 2769 facies;

1949 2768 2050 2823 Sub
2082 2786 2144 2822 ea
2174 2787 2294 2822 vero
2328 2787 2471 2823 mens
2500 2769 2775 2823 illiberalis
2812 2772 3093 2841 obtegitur.

2018 2881 2313 2936 Sostratus.
2340 2915 2405 2923 —
2443 2882 2727 2936 Sostratus
2754 2882 2977 2947 tibicen,
3001 2900 3127 2937 cum
3163 2885 3385 2954 quidam
3416 2886 3519 2941 ob-

1939 2974 2195 3045 jectaret,
2247 2974 2395 3044 quod
2446 2990 2510 3028 ex
2542 2974 2796 3028 obscuris
2846 2976 3169 3044 parentibus
3217 2987 3521 3046 prognatus

1944 3076 2093 3122 esset
2121 3086 2133 3121 :
2158 3067 2349 3135 Atqui,
2382 3066 2583 3135 inquit,
2611 3066 2683 3120 ob
2710 3067 2762 3120 id
2804 3066 2983 3136 ipsum
3012 3067 3180 3121 debui
3211 3068 3384 3138 magis
3404 3069 3520 3124 lau-

1864 3178 1909 3239 C
1944 3158 2087 3224 dari,
2124 3157 2273 3228 quod
2307 3173 2338 3211 a
2377 3173 2463 3211 me
2489 3172 2663 3227 genus
2698 3157 2919 3211 initium
2951 3156 3193 3210 duxerit.

2017 3249 2425 3303 Phalaridis.—
2448 3248 2748 3304 Nobilitate
2784 3248 3007 3319 generis
3047 3248 3517 3319 quemadmodum

1946 3341 2127 3409 aliqua
2158 3357 2214 3395 re
2246 3340 2354 3394 alia
2384 3340 2614 3395 honesta
2638 3340 2884 3411 gloriari,
2918 3356 3030 3395 non
3063 3340 3387 3396 indecorum
3412 3352 3517 3399 est.

1945 3432 2028 3486 Ad
2065 3447 2151 3487 me
2184 3432 2332 3502 quod
2368 3433 2780 3497 attinet,unam
2802 3432 3064 3487 virtutem
3112 3434 3275 3499 novi;
3308 3434 3520 3504 reliqua

1946 3522 2127 3576 omnia
2146 3506 2446 3576 fortunam.
2479 3523 2549 3575 Et
2571 3523 2689 3576 fieri
2722 3531 2924 3593 potest,
2954 3531 3012 3575 ut
3037 3522 3132 3595 qui
3162 3538 3227 3577 ex
3255 3523 3522 3593 improbis

1946 3622 2053 3675 est,
2077 3612 2194 3682 ipse
2228 3614 2435 3683 probus
2458 3612 2709 3677 exsistat,
2736 3629 3038 3686 regumque
3060 3623 3116 3669 et
3140 3615 3387 3669 omnium
3418 3631 3521 3669 no-

1947 3705 2252 3760 bilissimus
2284 3704 2531 3777 fulgeat;
2562 3705 2659 3776 qui
2686 3714 2873 3761 autem
2894 3706 3085 3777 probis
3121 3717 3288 3761 natus
3314 3722 3520 3775 paren-

1950 3784 2097 3851 tibus
2157 3805 2261 3861 est,
2310 3796 2599 3867 improbus
2660 3797 2882 3863 audiat,
2942 3798 3171 3867 ipseque
3225 3798 3404 3867 seipse
3457 3813 3521 3851 ac

1948 3888 2161 3942 eunetis
2188 3887 2574 3958 abjectissimis
2604 3888 2904 3959 ignobilior
2936 3889 3179 3943 sordeat.
3212 3888 3389 3955 Quare
3408 3889 3523 3941 lau-

1947 3979 2072 4034 dem
2125 3980 2293 4033 animi
2345 3979 2581 4048 gloriose
2610 3978 2781 4049 iacta,
2829 3994 2941 4034 non
2985 3978 3042 4033 in
3093 3979 3519 4033 obscurioribus

1948 4072 2187 4141 posteris
2209 4071 2541 4126 exstinctam
2570 4073 2846 4144 majorum
2879 4072 3247 4126 nobilitatem.

2018 4164 2122 4232 Qui
2156 4180 2224 4219 ex
2249 4165 2454 4220 virtute
2512 4173 2680 4221 natus
2722 4172 2825 4229 est,
2862 4164 2907 4218 is
2967 4177 3269 4233 generosus
3310 4159 3522 4231 elIingi~

1951 4265 2060 4311 tur.

2019 4334 2684 4417 Demosthﬂ—Optimum
2738 4345 2984 4401 triticum
3027 4360 3138 4399 non
3192 4360 3259 4399 ex
3313 4344 3523 4415 optimo

1952 4455 2083 4510 agro
2124 4440 2488 4503 aestimamus,
2520 4438 2615 4495 sed
2649 4455 2717 4493 ex
2742 4454 2809 4492 eo
2841 4436 2989 4507 quod
3018 4436 3203 4491 cibum
3254 4438 3521 4506 Optimum

1951 4530 2196 4601 przebeat
2231 4548 2244 4585 :
2282 4546 2389 4585 nec
2425 4530 2609 4598 virum
2635 4530 2841 4583 bonum
2872 4538 2969 4583 aut
3010 4529 3249 4583 amicum
3280 4528 3523 4583 benevo-

1948 4622 2086 4687 lum,
2108 4621 2205 4692 qui
2234 4637 2303 4676 ex
2369 4621 2574 4675 illustri
2609 4632 2913 4691 prognatus
2946 4636 3146 4692 genere
3172 4620 3263 4687 sit,
3296 4620 3391 4675 sed
3426 4620 3522 4689 qui

1948 4715 2176 4786 eptimis
2204 4714 2454 4769 moribus
2484 4714 2600 4786 ipse
2630 4715 2827 4769 niteat.

2019 4824 2279 4897 lngenuis
2313 4827 2611 4898 probisque
2635 4828 2871 4881 maxime
2902 4824 3199 4889 incumbit,
3222 4832 3285 4878 ut
3307 4824 3364 4878 in
3385 4823 3524 4879 faeie

1949 4918 2229 4985 decorem,
2258 4919 2314 4973 in
2340 4920 2526 4974 animo
2561 4919 2921 4974 sobrietatem
2958 4927 3014 4973 et
3064 4916 3439 4987 prudentiam,
3467 4916 3523 4970 in

1947 5011 2220 5067 ambobus
2280 5011 2690 5075 fortitudinem,
2746 5012 2801 5065 in
2844 5025 3102 5065 sermone
3150 5008 3383 5080 gratiam
3426 5008 3525 5063 ha-

1949 5102 2137 5157 beant.

2017 5194 2295 5265 Diogenes.
2330 5226 2347 5239 ι
2386 5195 2677 5265 Diogenes,
2709 5192 2947 5263 quodam
2971 5208 3038 5246 ex
3066 5192 3161 5245 illo
3184 5191 3523 5258 sciscitante,

1947 5286 2182 5351 Quinam
2236 5286 2523 5340 hominum
2592 5286 2926 5341 nobilissimi
2969 5294 3159 5340 essent
3199 5302 3525 5356 summeque

1949 5379 2223 5449 ingenui:
2262 5378 2325 5441 li,
2368 5379 2568 5448 inquit,
2621 5378 2717 5448 qui
2751 5378 2993 5443 divilias,
3040 5380 3309 5450 gloriam,
3363 5380 3525 5433 volu-

1948 5480 2178 5540 ptatem,
2216 5471 2384 5525 vitam
2411 5480 2814 5538 contemnunt;
2866 5481 3033 5543 atque
3067 5472 3155 5527 bis
3201 5471 3522 5535 contrariis,

1949 5573 2295 5634 paupertate,
2321 5572 2678 5636 contemptu,
2712 5566 2924 5631 labore,
2978 5575 3155 5621 morte
3205 5563 3524 5634 superiores

1951 5655 2244 5710 exsistunt.

2024 5745 2350 5802 lenam—Is
2385 5745 2606 5802 dicebat
2636 5765 2648 5802 :
2689 5746 3059 5812 Quaerendum
3087 5763 3196 5801 non
3220 5760 3365 5809 esse,
3385 5743 3524 5800 sint-
3604 5820 3605 5823 η
