4014 6284
514 290 618 360 995

1674 282 1732 342 S.
1776 282 2063 342 ΜΑΧΙΜΙ

2204 278 2612 342 NFESSORIS
3636 287 3720 350 996

515 421 584 459 ne
612 399 869 458 homines
890 413 956 454 ex
987 411 1182 470 magna
1207 395 1452 460 civitate,
1485 393 1579 449 sed
1625 410 1692 447 an
1723 393 1876 465 digni
1900 407 2093 462 magna

2204 391 2544 462 ἀνθρώπους.
2579 391 2631 444 ετ
2660 408 2802 455 τινες
2834 390 2899 445 ἐκ
2937 392 3189 463 μεγάλων
3215 387 3418 449 πόλεών
3461 397 3604 466 εισιν,

513 493 739 548 civitate
774 490 903 546 sint.

1143 597 1472 668 Epicharmi.

520 713 816 784 Egerrime
845 713 978 784 fero,
1010 728 1130 784 cum
1156 712 1273 784 quis
1305 711 1534 784 detrahit
1566 706 1848 784 nobilitati.

521 777 618 851 Qui
648 784 759 852 ipse
792 777 1021 835 moribus
1043 777 1285 851 ignobilis
1309 797 1372 833 ac
1403 781 1556 852 homo
1587 777 1741 852 nihili
1774 781 1864 834 sit.

516 849 653 918 Quid
669 849 818 906 enim
849 853 923 904 rei
952 849 1084 906 cwco
1116 867 1234 903 cum
1258 849 1471 920 speculo
1498 850 1742 904 exsistit?

584 966 892 1021 Chariclew.
917 994 986 1006 —-
1010 965 1321 1035 Nobilitatis
1352 967 1498 1019 enim
1529 965 1826 1035 conspicua
1843 967 2089 1036 vis,pul-

515 1057 851 1112 chritudinis
875 1065 1154 1124 aspectus,
1183 1070 1365 1109 mores
1392 1056 1610 1111 siccarii
1636 1055 1807 1122 ;nihil
1832 1057 2090 1127 subigere

517 1164 581 1203 ac
609 1148 835 1202 domare
867 1155 1070 1215 potest,
1097 1147 1182 1201 vel
1218 1162 1412 1202 eorum
1453 1162 1576 1216 qua:
1612 1158 1825 1202 summe
1853 1149 2089 1204 misera-

519 1238 648 1291 bilia
675 1246 826 1292 sunt.

489 1398 497 1406 ι
587 1329 856 1383 Socrates.
881 1360 951 1368 —
972 1330 1233 1384 Socrates
1266 1330 1654 1399 philosoinhus,
1705 1346 1877 1384 unum
1909 1345 1975 1385 ex
2009 1329 2090 1384 di-

515 1423 746 1492 scipulis
763 1421 1212 1476 animadvertens
1239 1421 1353 1492 agri
1379 1422 1594 1476 cultura
1623 1421 1906 1483 solertem,
1926 1421 2089 1491 677

516 1513 761 1566 moribus
787 1520 974 1566 autem
1011 1512 1261 1566 colendis
1294 1513 1687 1582 negligentem,
1714 1512 1860 1567 Heus
1887 1513 1977 1565 tu!
2011 1512 2092 1565 in-

514 1604 656 1673 quit,
681 1603 830 1670 vide,
857 1619 926 1658 ne
949 1605 1080 1658 dum
1122 1619 1316 1674 agrum
1352 1604 1539 1658 colere
1581 1603 1806 1673 satagis,
1846 1601 1964 1673 ipse
1993 1603 2092 1658 sil-

515 1708 724 1748 vescas.

2196 484 2245 536 εἰ
2281 483 2536 555 μεγάλων
2567 483 2776 538 πόλεων
2805 483 2968 549 ἄξιοι.

2795 594 3185 665 Ἐπιχάρμου.

2301 709 2546 781 Πνίτομ’
2586 710 2732 765 ὅταν
2766 711 3079 781 εὐγένειαν
3103 711 3284 781 οὐδὲν
3314 710 3400 765 ὢν
3429 711 3613 779 κακῶς

2300 780 2496 850 Λέγει
2521 797 2633 846 τις,
2674 780 2857 848 αὐτὸς
2890 780 3308 852 δυσπνὴςμῶν
3336 781 3414 845 τῷ
3438 786 3636 848 τρόπῳ.

2306 849 2404 916 Τίς
2433 853 2545 921 γὰρ
2574 853 2886 919 κατόπτρῳ
2913 849 3241 920 καίτυφλῷ
3275 853 3603 920 κοινῶν-ἰαί

2271 967 2648 1033 Χαρικλείου.
2684 994 2754 1004 -
2781 964 3077 1031 Εὐγενείας
3107 963 3214 1034 γὰρ
3239 962 3476 1032 ἔμφασις
3522 964 3609 1016 καὶ
3625 964 3733 1018 κάλ-

2197 1059 2324 1122 λους
2370 1057 2465 1110 καὶ
2514 1057 2658 1126 ὄψις,
2708 1056 3006 1127 λῃστρικὸν
3043 1051 3208 1124 ἦθοςο
3262 1055 3416 1108 οὐδὲν
3452 1056 3731 1110 ὑποτάττειν

2203 1147 2297 1201 καὶ
2325 1147 2550 1216 κρατεῖν
2593 1146 2692 1216 (ά),
2728 1144 2824 1197 καὶ
2849 1143 2956 1196 τῶν
2989 1143 3447 1214 αὐχμηροτάτων,
3473 1144 3688 1200 δύναται.

2266 1315 2529 1385 Σωκράτ.
2579 1347 2649 1356 ——
2694 1316 2989 1386 Σωκράτης
3021 1316 3050 1368 6
3103 1313 3414 1383 φιλόσοφος,
3440 1314 3735 1385 θεασάμενός

2199 1424 2324 1462 τινα
2371 1408 2482 1460 τῶν
2517 1406 2796 1477 μαθητῶν,
2833 1407 2926 1460 τοῦ
2983 1406 3080 1477 μὲν
3111 1405 3285 1476 ἀγροῦ
3317 1405 3733 1477 ἐπιμελούμενον,

2195 1500 2298 1569 τῆς
2333 1500 2390 1553 δὲ
2425 1499 2680 1572 πράξεως
2704 1499 3032 1570 ἀμελοῦντα,
3057 1498 3218 1569 Ὅρα,
3251 1491 3296 1550 ὦ
3329 1492 3506 1561 οὗτος,
3541 1498 3653 1568 ἔφη,
3677 1499 3736 1569 μὴ

2197 1593 2289 1647 τὸν
2367 1592 2538 1666 ἀγρὸν
2611 1591 2962 1664 ἐξημερῶσαι
3036 1591 3385 1662 βουλόμενος,
3440 1592 3536 1662 τὴν
3593 1591 3738 1663 ψυχὴν

2203 1683 2476 1757 ἀγριώσῃ.

593 1783 1142 1850 Plutarchi.—Quid
1190 1785 1336 1839 enim
1382 1785 1531 1840 aliud
1566 1785 1914 1840 nobilitatem
1970 1799 2092 1840 esse

2256 1751 2609 1844 ‘I'IJOIJ'tdpz.
2633 1807 2702 1818 -—
2726 1775 2791 1828 Τί
2827 1774 2935 1846 γὰρ
2984 1773 3113 1828 ἄλλο
3139 1775 3437 1846 νομίζομεν
3485 1769 3615 1827 εἶναι
3659 1774 3739 1845 τὴν

514 1877 918 1941 existimamus,
951 1893 1116 1947 quam
1150 1886 1373 1932 veteres
1419 1879 1662 1945 divitias,
1712 1888 1808 1934 aut
1845 1887 2092 1934 veterem

515 1969 871 2024 claritatem?
903 1985 1028 2024 cum
1057 1977 1321 2023 neutrum
1351 1970 1549 2024 horum
1587 1979 1794 2026 nostra:
1815 1971 1890 2025 sit
1921 1970 2094 2025 facul-

516 2061 668 2126 tatis,
712 2061 808 2116 sed
865 2063 975 2116 alia
1011 2062 1066 2116 in
1098 2051 1329 2116 incerta:
1377 2063 1615 2117 fortume
1652 2064 1882 2117 arbitrio
1915 2062 2092 2132 posita

516 2153 648 2220 sint,
683 2155 788 2209 alia
820 2153 890 2209 ad
913 2155 1102 2209 luxum
1125 2155 1523 2224 spectentvitae
1552 2155 1828 2210 humanae.
1862 2156 1938 2210 Ex
1957 2155 2095 2210 duo-

515 2244 623 2299 bus
669 2245 858 2316 itaque
889 2246 1092 2301 alienis
1123 2245 1332 2316 pendet
1359 2244 1607 2300 inﬂatum
1646 2247 1751 2300 hoc
1797 2261 2000 2300 nomen
2031 2261 2096 2301 ac

519 2338 735 2404 titulus,
767 2338 1034 2393 nobilitas.
1065 2336 1336 2393 Caeterum
1365 2339 1653 2408 opulentia
1695 2354 1806 2393 non
1833 2339 1917 2393 sui
1938 2338 2094 2394 simi-

517 2429 600 2483 les
621 2430 770 2498 parit
810 2429 1059 2494 liberos;
1105 2429 1200 2498 qui
1225 2443 1359 2482 vero
1406 2444 1473 2483 ex
1524 2428 1734 2484 virtute
1775 2429 2097 2499 progenitus

517 2530 624 2587 est,
656 2521 704 2577 is
732 2522 980 2592 parentis
1021 2520 1370 2576 nobilitatem
1409 2521 1558 2576 illius
1607 2521 1661 2574 in
1696 2537 1753 2575 se
1800 2521 2095 2575 simulacro

520 2610 723 2666 reddit.

1067 2745 1301 2802 SERMO
1351 2745 1535 2800 LXIV.

1179 2859 1256 2913 De
1302 2861 1432 2913 risu.

585 2974 713 3029 Luc.
741 2991 817 3041 Vl,
851 2975 944 3030 25.
964 2973 1142 3029 —Vte
1170 2973 1331 3028 vobis
1361 2974 1455 3044 qui
1486 2972 1701 3039 ridetis,
1726 2973 1854 3043 quia
1884 2973 2097 3044 lugebi-

520 3066 590 3121 tis
617 3075 673 3120 et
693 3065 919 3122 ﬂebitis.

589 3163 781 3233 Ephes.
821 3179 876 3228 v,
902 3163 955 3217 4,
980 3192 1051 3201 -
1089 3161 1401 3232 Turpitudo
1431 3169 1526 3215 aut
1555 3159 1958 3229 stultiloquium
2001 3169 2098 3214 aut

517 3256 847 3319 scurrilitas,
869 3262 926 3309 et
955 3269 1078 3324 quae
1100 3269 1211 3308 non
1243 3253 1466 3318 decent,
1496 3267 1602 3306 nec
1633 3251 1992 3306 nominentur
2017 3250 2102 3304 in-

525 3358 608 3402 ter
633 3361 764 3412 vos;
795 3343 892 3400 sed
915 3345 1091 3414 magis
1119 3343 1426 3416 gratiarum
1464 3343 1638 3398 actio.

593 3438 766 3493 Eccle.
802 3453 898 3502 vu,
927 3438 979 3492 7.
999 3466 1072 3480 -—
1100 3435 1259 3492 Sicut
1281 3451 1386 3492 vox
1417 3435 1711 3506 spinarum
1735 3434 1839 3490 sub
1862 3433 1996 3499 olla,
2023 3432 2099 3487 ita

517 3526 666 3580 risus
697 3525 1016 3601 stultorum.

587 3617 753 3671 Eccli.
787 3633 900 3680 xxi,
929 3615 1021 3670 25.
1044 3614 1345 3669 —-Fatuus
1402 3613 1460 3669 in
1491 3613 1606 3670 risu
1666 3614 1875 3670 exaltat
1907 3628 2100 3668 vocem

517 3725 710 3775 suam;
745 3709 830 3763 vir
860 3717 1045 3762 autem
1091 3707 1339 3777 sapiens,
1397 3707 1490 3762 vix
1540 3707 1709 3763 tacite
1759 3707 2096 3763 subridebit.

588 3885 751 3940 Eccti.
802 3884 1080 3951 xxvu,l6.
1136 3913 1209 3925 —
1253 3883 1510 3938 Narratio
1540 3883 1849 3939 stultorum
1879 3883 2098 3951 odiosa,

517 3984 574 4030 et
607 3976 756 4030 risus
787 3991 984 4030 eorum
1019 3975 1078 4030 in
1107 3973 1332 4030 luxuria
1363 3974 1608 4045 peccati.

589 4087 797 4141 Basilii.
819 4087 977 4141 -—Ad
1015 4088 1200 4141 lenem
1229 4101 1407 4156 usque
1438 4084 1616 4139 risum
1651 4083 1821 4139 animi
1848 4085 2099 4142 hilarita-

520 4187 630 4234 tem
661 4178 1100 4243 submonstrare,
1127 4176 1275 4232 haud
1294 4175 1562 4231 dedeceat
1587 4192 1602 4229 :
1630 4174 1903 4230 hactenus
1923 4176 2099 4236 solum

522 4278 582 4324 ut
612 4269 899 4340 prodatur,
957 4268 1108 4339 quod
1167 4269 1439 4338 scriptum
1485 4274 1614 4322 est:
1668 4265 1840 4322 Corde
1865 4267 2098 4332 lwtaute,

519 4365 671 4438 ﬂoret
701 4361 858 4432 facies
886 4360 1067 4427 (Prov.
1088 4376 1180 4427 xv,
1202 4359 1290 4430 15)
1316 4375 1332 4426 ;
1363 4357 1686 4414 cachinnari
1729 4366 1914 4412 autem
1945 4374 2099 4422 voce,

2201 1862 2502 1931 εὐγένειαν,
2536 1865 2584 1918 εί
2617 1863 2692 1934 μὴ
2722 1863 2953 1917 παλαιὸν
2980 1863 3228 1930 πλοῦτον,
3259 1865 3294 1935 ἢ
3322 1865 3555 1919 παλαιὰν
3579 1864 3736 1928 δόξαν;

2203 1955 2484 2025 οὐδέτερον
2524 1957 2608 2024 ἐφ’
2641 1957 2772 2026 ἡμῖν
2799 1955 2860 2010 6v
2882 1998 2898 2023 ,
2933 1957 3069 2011 ἀλλὰ
3093 1957 3162 2010 τὰ
3214 1959 3314 2026 μὲν
3354 1957 3525 2028 τύχης
3553 1957 3738 2026 ἀδήλου,

2199 2045 2268 2098 τὰ
2300 2045 2355 2098 δὲ
2406 2046 2680 2116 ἀκρασίας
2729 2047 2887 2118 χάριν
2937 2047 3304 2119 ἀνθρωπίνης.
3347 2049 3508 2101 Ὥστε
3539 2049 3596 2100 ἐκ
3619 2048 3738 2100 δυοῖν

2199 2133 2498 2202 ἀλλοτρίων
2525 2136 2796 2207 κρέμαται
2821 2136 2882 2190 τὸ
2909 2137 3306 2207 πεφυσωμένον
3328 2138 3518 2208 ὄνομα,
3557 2140 3588 2208 ἡ
3621 2137 3743 2205 εὐγέ-

2199 2243 2338 2281 νεια.
2373 2226 2484 2281 Καὶ
2505 2229 2533 2280 6
2555 2227 2783 2292 πλοῦτος
2812 2228 2932 2298 μὲν,
2964 2229 3062 2300 οὐχ
3080 2230 3299 2300 ὁμοίους
3331 2229 3482 2300 αὒτῷ
3507 2231 3624 2291 τοὺς
3639 2246 3742 2294 γενο

2201 2318 2464 2388 νηθέντας
2499 2321 2672 2372 ποιεῖ’
2701 2318 2816 2372 ἀλλ’
2853 2322 2882 2374 6
2919 2319 2981 2386 ἐξ
3005 2321 3208 2393 ἀρετῆς
3233 2320 3543 2392 γεννηθεὶς,
3573 2321 3745 2384 ἐκεῖνος

2201 2411 2427 2482 εὐγενὴς
2448 2409 2796 2477 είκονίζεται.

2768 2737 2988 2791 ΛΟΓΟΣ
3031 2737 3126 2791 ΞΔ⁹
3151 2739 3215 2793 ³⁸.

2765 2850 2909 2919 Περὶ
2941 2851 3216 2920 γέλωτος.

2275 2965 2456 3014 Λουκ.
2486 2961 2791 3027 ς’.-Οὑαὶ
2820 2963 2974 3032 ὑμῖν,
3001 2964 3050 3015 οἱ
3069 2963 3363 3032 γελῶντες,
3395 2965 3740 3037 ὃτιπενθήσετε

2204 3054 2298 3109 καὶ
2319 3053 2604 3108 κλαύσετε.

2289 3149 2418 3218 Ἐφ.
2453 3145 2516 3201 ε’.
2551 3181 2617 3190 --
2639 3149 2945 3220 Αίσχρότης
2979 3151 3074 3204 καὶ
3107 3152 3422 3222 μωρολογία
3453 3153 3544 3206 καὶ
3583 3151 3742 3223 εὐτρα-

2201 3241 2385 3303 πελία,
2423 3242 2516 3293 καὶ
2553 3243 2624 3294 τὰ
2651 3243 2751 3294 οὐκ
2795 3244 3099 3313 ἀνήκοντα,
3157 3245 3290 3316 μηδὲ
3334 3245 3667 3316 ὀνομαζέσθω
3695 3247 3742 3298 ἐν

2203 3333 2361 3402 ὑμῖν·
2405 3331 2540 3386 ἀλλὰ
2568 3333 2766 3405 μᾶλλον
2794 3335 3138 3408 εὐχαριστία.

2273 3429 2488 3496 Σολομ.
2534 3425 2596 3488 ζ’.
2631 3457 2702 3468 -
2723 3428 2933 3499 ’Ὠσπερ
2963 3429 3128 3501 φωνὴ
3160 3430 3414 3484 ἀκανθῶν
3445 3430 3643 3484 ὕπὸτὸν
3671 3427 3742 3484 λί-

2201 3515 2362 3585 σητα,
2387 3515 2561 3580 οὕτως
2593 3517 2622 3570 6
2653 3517 2828 3586 γέλως
2855 3517 2963 3571 τῶν
2989 3521 3258 3592 ἀφρόνων.

2271 3608 2453 3677 Σιρὰχ
2515 3605 2624 3662 xa'.
2687 3638 2757 3648 —
2815 3609 2874 3664 Ὀ
2941 3611 3124 3683 μωρὸς
3193 3616 3251 3665 ὲν
3328 3612 3528 3680 γέλωτι
3580 3610 3743 3680 atth

2202 3698 2388 3770 φωνὴν
2437 3698 2640 3752 αὐτοῦ*
2685 3699 2825 3772 ἀνὴρ
2875 3701 2933 3755 δὲ
2976 3702 3160 3773 σοφὸς,
3220 3705 3378 3774 μόλις
3425 3701 3596 3776 ἡσυχῆ
3651 3719 3741 3773 μει-

2201 3789 2398 3844 διάσει.

2273 3879 2455 3951 Σιρὰχ
2492 3879 2595 3941 κζ’.
2636 3911 2707 3920 -
2735 3882 2996 3955 Διήγησις
3023 3883 3223 3956 μωρῶν
3244 3884 3632 3955 προσόχθισμα,
3659 3880 3737 3934 καὶ

2206 3973 2235 4026 ὁ
2264 3973 2436 4042 γέλως
2467 3973 2648 4027 αὐτῶν
2682 3975 2740 4027 ὲν
2775 3975 3032 4050 σπατάλῃ
3061 3976 3356 4048 ἁμαρτίας.

2276 4087 2530 4141 Βασιλεί
2539 4105 2633 4142 ου.
2665 4118 2735 4130 -
2772 4088 2934 4160 ’Ἄχρι
2969 4089 3068 4160 μὲν
3100 4090 3210 4162 γὰρ
3253 4092 3600 4164 μειδιάματος
3643 4107 3746 4160 φαι-

2205 4176 2332 4246 δροῦ
2357 4175 2457 4248 τὴν
2489 4175 2736 4231 διάθεσιν
2763 4179 2860 4248 τῆς
2887 4178 3068 4250 ψυχῆς
3093 4181 3438 4250 ὑποφαίνειν,
3476 4184 3572 4236 οὐκ
3604 4183 3746 4250 ἀπρε-

2205 4269 2326 4335 πὲς,
2373 4270 2497 4323 ὅσον
2536 4271 2708 4335 δεῖξαι
2770 4271 2930 4343 μόνον
2963 4273 3022 4326 τὸ
3067 4276 3474 4345 γεγραμμένον,
3525 4272 3744 4342 Καρδίας

2215 4360 2714 4430 εὐφραινομένης,
2758 4363 3086 4430 πρόσωπον
3124 4365 3351 4420 θάλλει.
3393 4363 3743 4435 Ἑκκαχλάζειν

521 4464 578 4510 et
603 4470 836 4525 corpore
867 4452 1090 4509 concuti
1142 4469 1207 4508 ac
1237 4451 1434 4523 agitari
1464 4450 1619 4505 velut
1658 4451 1777 4505 fere
1818 4451 2095 4507 bullientis

2206 4453 2262 4507 δὲ
2285 4456 2351 4524 τῇ
2382 4455 2534 4524 φωνῇ
2560 4453 2625 4516 ‘°,
2649 4455 2742 4506 καὶ
2775 4455 3210 4526 ὰναὸράσσεσθαι
3231 4456 3274 4488 ⁶¹
3296 4457 3356 4510 τὺ
3392 4457 3565 4528 σῶμα,
3593 4455 3646 4506 οὺ
3667 4449 3742 4504 τοῦ

522 4547 577 4602 in
612 4563 844 4613 morem,
881 4564 993 4602 non
1039 4545 1287 4601 hominis
1347 4543 1535 4598 animo
1592 4544 1887 4614 compositi
1920 4553 2007 4600 est
2041 4561 2103 4600 ac

521 4641 777 4707 modesti,
812 4642 900 4698 vel
930 4642 1052 4712 ejus
1074 4639 1170 4710 qui
1204 4639 1324 4709 ipse
1371 4637 1459 4692 sui
1485 4651 1716 4708 compos
1747 4638 1839 4694 sit.
1885 4637 2100 4694 Conﬁr-

520 4741 634 4788 mat
661 4735 812 4789 enim
839 4732 988 4805 quod
1044 4731 1126 4787 sic
1162 4729 1404 4786 dicimus
1462 4728 1911 4800 sapientissimus
1949 4731 2102 4786 Salo-

520 4841 672 4890 mon,
707 4827 837 4880 dum
873 4825 984 4879 ait:
1026 4821 1225 4877 Fatuus
1247 4823 1302 4875 in
1332 4822 1443 4875 risu
1489 4821 1692 4875 exultat
1719 4839 1893 4877 vocem
1915 4840 2100 4889 suam;

521 4922 600 4972 vir
620 4927 796 4972 autem
824 4918 1058 4988 sapiens,
1089 4915 1175 4970 vix
1203 4914 1360 4968 tacite
1389 4913 1523 4966 ridet
1549 4913 1736 4983 (Eccli.
1771 4931 1880 4982 XXI,
1913 4916 2026 4985 25).

2209 4547 2646 4618 κατεσταλμένου
2695 4546 2794 4618 τὴν
2848 4549 3054 4620 ψυχὴν,
3119 4549 3240 4603 οὐδὲ
3293 4551 3387 4603 τοῦ
3435 4544 3740 4619 περικρατῶς

2207 4633 2424 4704 ἔχοντος
2459 4633 2678 4688 ἑαυτοῦ.
2707 4634 2922 4690 Βεσαιοῖ
2949 4636 3060 4709 γὰρ
3081 4638 3173 4692 τὸν
3216 4639 3372 4708 λόγον
3415 4641 3442 4692 6
3473 4635 3741 4707 σοφώτατος

2207 4724 2479 4793 Σολομὼν,
2511 4725 2594 4778 ὅτι
2636 4725 2699 4778 '0
2731 4725 2930 4796 μωρὸς
2953 4727 3024 4782 ἐν
3051 4730 3285 4798 γέλωτι,
3313 4729 3539 4800 ἀνυψοῖ
3565 4722 3740 4798 φωνὴν

2205 4815 2393 4870 αὑτοῦ
2411 4833 2428 4847 ο
2457 4815 2611 4886 ἀνὴρ
2630 4817 2699 4870 δὲ
2728 4817 2922 4888 σοφὸς
2941 4819 3123 4888 μόλις
3151 4819 3359 4890 ἠσυχῆ
3375 4817 3653 4891 μειδιὰζει.

1834 5049 2070 5105 γΑιιιβΕ
2113 5050 2522 5108 LECTIONES.
2547 5089 2556 5100 .

593 5167 637 5197 ³⁹
668 5166 725 5220 lu
754 5167 1084 5222 Gcsn.Stob.
1113 5167 1202 5222 9|.
1280 5166 1325 5197 ⁸ο
1367 5167 1532 5220 Ἀλλ.
1561 5167 1764 5236 φωνήν.
1841 5167 1881 5197 ⁸³
1920 5167 2086 5221 Ἀλλ.

2204 5169 2561 5240 αδράζεσθαι.

2044 5306 2280 5363 NOTAE.

597 5415 676 5488 (dt
727 5413 919 5469 Οὐδὲν
946 5418 1302 5472 ὑποτάττειν
1332 5420 1433 5474 καὶ
1479 5418 1741 5487 κρατεῖν.
1781 5419 1946 5474 Gesn.
1981 5435 2108 5475 cor-

528 5498 743 5561 ruptam
768 5488 1096 5561 sententiam
1119 5488 1336 5561 credit;
1359 5506 1460 5561 ego
1483 5490 1598 5545 sola
1623 5489 2108 5561 brevitateobscu-

530 5559 752 5613 riorcm.
795 5557 1002 5627 Nempe
1049 5559 1180 5612 velit
1227 5557 1437 5622 auctor.
1496 5575 1622 5614 eum
1675 5560 1770 5628 qui
1814 5559 2104 5616 nobilitate

531 5632 827 5698 toruumque
883 5628 1083 5683 decore
1132 5637 1431 5698 praestans,
1481 5631 1664 5684 sicarii
1730 5631 1977 5686 moribus
2031 5632 2104 5686 sit

532 5697 831 5770 (pmicmci
863 5699 1071 5754 scilicet
1102 5699 1286 5752 anitno
1329 5708 1385 5754 et
1419 5701 1681 5771 superbo)
1725 5701 1873 5755 nulla
1919 5718 1976 5758 re
2013 5719 2101 5758 su-

2217 5413 2350 5501 bigi,
2383 5423 2534 5478 nulla
2564 5423 2767 5493 pietate
2796 5427 3063 5491 emoveri,
3097 5429 3512 5501 autrquidquam
3541 5427 3736 5501 misera.

2217 5492 2408 5566 bil‘ium
2436 5492 2795 5566 persenarum
2825 5511 3049 5566 aspectu
3075 5492 3530 5556 alﬁciflloc'enim
3552 5506 3644 5557 est,
3666 5500 3732 5556 s6.

2214 5563 2307 5614 xci.
2333 5563 2440 5614 τῶν
2469 5563 2924 5644 αιὺχμηροτάτ-ων,
2948 5570 3051 5644 situ
3081 5579 3131 5644 et
3163 5570 3408 5644 squalore
3427 5569 3729 5644 deformium

2212 5647 2320 5711 non
2366 5633 2513 5711 quod
2551 5633 2758 5688 temere
2803 5633 3258 5709 Gesnfnullaqde
3299 5633 3597 5711 interpretis
3627 5636 3730 5699 ﬁde.

2211 5703 2572 5757 robustissima
2606 5721 2844 5776 quisque.
3171 5703 3186 5709 ’
3269 5731 3276 5736 ·
