4014 6284
302 329 406 396 997

1003 445 1170 497 Θεολ.

359 536 562 601 re.th
594 536 850 605 γέλωτος
876 529 946 605 εὖ
985 535 1317 605 φρονοῦσιν
1344 535 1512 602 ἄξιος
1532 577 1547 601 ,

364 604 640 661 Μάλιστα
670 605 787 674 μὲν
814 604 932 671 πᾶς
958 644 973 665 ,
1002 606 1069 657 τὸ
1103 604 1291 658 πλέον
1327 605 1379 674 δ’
1414 608 1446 658 ό
1480 605 1782 672 πορνικός.

362 675 565 741 Γέλως
598 673 871 741 ἄτακτος,
895 675 1180 743 συλλέγει
1212 675 1308 728 καὶ
1335 673 1616 743 δάκρυον.

362 808 605 871 Γέλωτος
640 807 810 878 θυμὸς
855 806 1081 878 ἔμφρων
1136 807 1578 879 προτιμὼτερος·
1614 807 1864 878 αὐστηρᾷ

285 898 402 969 γὰρ
430 898 669 951 διαθέσει
696 897 1015 969 προσώπου,
1058 898 1421 970 κατορθοῦται
1454 898 1622 968 ψυχή.

355 992 427 1044 Αἰ
468 990 567 1060 μὲν
598 990 779 1044 τοίνυν
815 988 927 1043 τῶν
979 990 1160 1059 σοφῶν
1190 990 1361 1061 ψυχαὶ
1410 990 1861 1061 σκυθρωπάζουσι

285 1084 384 1134 καὶ
425 1084 839 1136 συστέλλονται’
872 1082 929 1136 αἱ
972 1081 1029 1135 δὲ
1068 1082 1177 1135 τῶν
1206 1082 1456 1152 ἀφρόνων
1499 1082 1861 1153 ἐπαιρόμεναι

282 1174 611 1245 διαχέονται.

353 1269 669 1334 Χρυσοστ.
696 1297 764 1307 -
790 1267 853 1320 Εἰ
880 1266 1059 1338 βούλει
1081 1264 1249 1331 δεῖξαι
1281 1265 1466 1335 σαφῶς
1494 1266 1646 1336 ἡμῖν,
1678 1265 1759 1318 ὅτι
1796 1264 1858 1317 ού

282 1358 500 1430 χαίρεις
532 1358 733 1429 αἰσχρὰ
782 1359 1171 1430 φθεγγόμενος,
1218 1359 1350 1429 μηδὲ
1384 1357 1604 1411 ἀκούειν
1639 1357 1855 1427 ἀνέχου.

280 1449 404 1503 Νῦν
432 1448 489 1502 δὲ
536 1449 667 1501 πότε
716 1450 922 1522 δυνήσῃ
964 1452 1092 1513 τοὺς
1151 1450 1288 1523 ὑπὲρ
1353 1451 1454 1520 τῆς
1504 1448 1860 1521 σωφροσύνης

283 1540 524 1613 ἱδρῶτας
564 1542 831 1609 ἐνεγκεῖν,
860 1539 1001 1595 κατὰ
1058 1543 1255 1613 μικρὸν
1304 1542 1589 1613 ὑπορρέων
1627 1542 1730 1595 ὑπὸ
1762 1540 1857 1595 τοῦ

278 1632 547 1701 γέλωτος,
609 1633 705 1686 καὶ
752 1633 860 1687 τῶν
908 1633 1150 1704 αἰσχρῶν
1176 1634 1380 1688 τούτων
1416 1635 1710 1705 ρημάτων;
1762 1635 1858 1688 καὶ

279 1723 593 1793 ἀγαπητὸν,
650 1725 907 1780 ἁπάντων
954 1726 1160 1779 τούτων
1211 1725 1628 1795 καθαρεύουσαν
1676 1726 1855 1799 ψυχὴν

278 1813 581 1883 δυνηθῆναι
609 1814 863 1883 γενέσθαι
886 1816 1089 1886 σεμνὴν
1113 1815 1207 1869 καὶ
1241 1815 1515 1885 σώφρονα.

352 1906 431 1959 Οὐ
472 1906 553 1959 δεῖ
599 1904 940 1975 φιλογέλωτα
995 1902 1157 1959 εἶναι.
1199 1906 1391 1975 Σχεδὸν
1442 1906 1548 1976 γὰρ
1596 1906 1723 1959 ὅταν
1773 1924 1857 1971 τις

279 1996 610 2066 ἐφηδυνθείη
640 1996 719 2067 τῷ
754 1996 935 2067 πολλῷ
961 1997 1200 2065 ⁵γέλωτι,
1247 1995 1473 2067 ἰσχυρὰν
1496 1996 1591 2048 καί
1620 1996 1853 2066 μεταὸοο

284 2087 390 2156 λὴν
416 2086 509 2139 τὸν
542 2086 803 2143 τοιοῦτον.

367 2269 471 2321 Ἐκ
519 2266 639 2320 τῶν
676 2267 1051 2334 Ἐπικτήτου.
1082 2294 1149 2308 -
1188 2265 1271 2319 Τὰ
1313 2264 1481 2319 πολλὰ
1506 2262 1648 2317 δὲτὸ
1692 2261 1857 2333 γελᾷν

276 2357 509 2412 ἀπέστω
562 2357 657 2411 καὶ
700 2358 762 2410 τὸ
808 2358 1019 2426 γέλωτα
1069 2360 1260 2412 κινεῖν.
1303 2354 1617 2426 Ὀλισθηρὸς
1685 2353 1793 2425 γὰρ
1828 2353 1859 2407 ὁ

276 2448 448 2510 τόπος
492 2449 571 2510 εἰς
610 2448 941 2518 ἰδιωτισμόν.

369 2536 432 2591 '0
456 2538 626 2605 γέλως
675 2538 749 2609 μὴ
779 2539 947 2603 πολὺς
986 2538 1146 2602 ἔστω,
1179 2538 1314 2608 μηδὲ
1350 2536 1442 2591 ἐπὶ
1470 2535 1704 2599 πολλοῖς.
1736 2531 1859 2587 Δεί-

278 2647 444 2693 πνοις
473 2632 592 2694 τοῖς
620 2630 726 2694 ἔξω
755 2632 849 2684 καὶ
878 2632 1169 2695 ἰδιωτικοῖς
1196 2631 1257 2684 τὸ
1291 2630 1424 2684 πολὺ
1453 2627 1718 2692 ἀπόταξαι
1742 2644 1759 2660 σ
1794 2625 1861 2680 ἂν

281 2721 346 2775 δὲ
409 2722 635 2792 γένηται
682 2723 911 2793 καιρὸς,
961 2723 1259 2793 φυλάσσου.
1297 2722 1437 2774 ’ῐσθι
1495 2722 1603 2791 γὰρ
1656 2721 1739 2773 ὅτι
1795 2719 1861 2771 ἂν

274 2814 473 2883 ἕτερος
555 2813 983 2885 μεμολυσμένος,
1010 2815 1105 2868 καὶ
1131 2814 1223 2868 τὸν
1259 2812 1445 2883 ἕτερον
1482 2809 1863 2882 ἐμπλησθῆναι

277 2905 503 2976 ἀνάγκη
514 2944 526 2957 .

371 2996 657 3066 Ἰσοκράτ.
685 3027 757 3038 -
787 2996 880 3069 Μὴ
933 2997 1086 3070 παρὰ
1138 2996 1323 3066 γέλοια
1372 2994 1678 3061 σπούδαζε,
1725 2992 1863 3064 μηδὲ

276 3088 440 3159 παρὰ
472 3088 542 3143 τὰ
572 3090 835 3142 σπουδαῖα
860 3092 973 3153 τοῖς
992 3088 1221 3159 γελοίοις
1256 3089 1435 3159 χαῖρε.
1470 3086 1541 3140 Τὸ
1572 3086 1680 3156 γὰρ
1703 3085 1863 3139 ἄκαι-

281 3196 404 3250 ρον,
436 3162 717 3250 πανταχοῦ.
736 3180 1000 3251 λυπηρόν.

354 3271 732 3337 Μοσχίωνος.
773 3300 843 3312 --
879 3270 1048 3341 Γελᾷν
1078 3271 1105 3323 ό
1132 3268 1299 3323 θέλων
1350 3268 1489 3341 μετᾶ
1550 3270 1859 3342 μειρακίου,

278 3359 520 3429 αἰσχρὰς
548 3358 733 3431 ὕϐρεις
753 3360 1006 3431 κερδήσει
1056 3360 1149 3413 καὶ
1178 3360 1405 3430 μέμψιν.

359 3449 658 3516 Κάτωνος.
686 3480 757 3489 --
781 3452 842 3504 Οἰ
870 3450 1262 3514 σπουδάζοντες
1294 3451 1351 3505 ὲν
1381 3451 1495 3514 τοῖς
1523 3447 1772 3519 γελοίοις,
1804 3450 1862 3502 ἐν

277 3542 399 3603 τοῖς
428 3540 733 3605 σπουδαίοις
762 3542 999 3611 γίνονται
1032 3541 1451 3610 καταγέλαστοι.

363 3634 707 3701 Στρατόνικ.
746 3663 813 3672 α-
838 3633 1191 3704 Στρατόνικος
1235 3634 1263 3686 ό
1302 3632 1625 3703 κιθαριστὴς
1668 3631 1862 3685 θεασάο

285 3722 454 3791 μενός
506 3739 628 3776 τινα
661 3722 850 3792 ἀφυῶς
886 3722 1172 3790 τοξεύοντα
1195 3763 1211 3790 ,
1265 3721 1513 3777 ἀπελθὼν
1551 3722 1680 3793 ἔστη
1712 3722 1863 3794 παρὰ

282 3813 383 3865 τὸν
398 3814 617 3867 σκοπόν.
637 3815 1048 3887 Πυνθανομένου
1070 3815 1126 3869 δέ
1140 3833 1285 3881 τινος
1310 3816 1410 3887 τὴν
1428 3815 1628 3883 αἰτίαν,
1648 3815 1859 3881 Ὅπως,

283 3904 418 3975 ἔφην
445 3904 519 3975 μὴ
546 3905 757 3975 πληγῶο

855 4039 1075 4094 ΛΟΓΟΣ
1100 4040 1197 4093 ΞΕ¹
1228 4040 1293 4096 ⁸⁸.

814 4148 955 4216 Περί
1009 4148 1333 4203 ἐνυπνίων.

360 4279 547 4337 Maca.
610 4277 711 4338 κζ’.
750 4311 818 4322 -
850 4280 1033 4351 Μηδὲν
1067 4280 1150 4333 σοί
1175 4281 1270 4334 καὶ
1302 4279 1379 4352 τῷ
1411 4282 1606 4355 δικαίῳ
1637 4283 1859 4356 ἐκείνῳο

282 4366 461 4421 πολλὰ
517 4367 625 4439 γὰρ
653 4368 852 4423 ἔπαθον
883 4372 1119 4441 σήμερον
1145 4370 1271 4437 κατ’,
1294 4370 1427 4443 ὄναρ
1465 4372 1533 4426 δι’
1567 4373 1749 4429 αὐτόν.

1593 331 1762 392 LOCI
1801 329 2232 393 COMMUNES.

2602 450 2608 465 ⁷
2634 449 2895 521 Theologi.

2042 536 2193 590 Risus
2220 538 2346 591 bene
2368 539 2514 592 sanis
2546 540 2678 592 risui
2707 541 2960 605 habetur;

2040 606 2190 677 ζίἑειιδ
2220 608 2429 677 quidem
2467 611 2657 669 omnis,
2690 611 2917 662 maxime
2940 611 3282 668 meretricius.

2039 676 2191 731 Risus
2217 676 2547 743 immodicus,
2568 680 2728 731 etiam
2759 681 2939 749 [letum
2970 682 3131 749 parit.

2038 812 2122 866 Ira
2149 812 2391 881 prudens
2431 812 2547 867 risu
2604 812 2828 881 potior;
2877 820 3101 869 austera
3149 814 3298 869 enim
3346 816 3534 871 vultus
3594 816 3599 820 ’

1969 904 2373 972 compositione
2399 904 2615 958 animus
2642 905 2745 958 rite
2773 905 3144 974 componitur.
3562 934 3581 973 ς,

2040 994 2389 1063 Sapientiqu
2416 994 2613 1049 anima:
2645 1004 2857 1050 incestae
2882 994 3149 1051 incedunt
3175 1011 3243 1051 ac
3266 995 3539 1051 modestia

1968 1093 2430 1151 componuntur;
2513 1085 2809 1139 stultorum
2871 1100 3004 1141 vero
3059 1088 3179 1143 sese
3244 1086 3539 1142 efferentes

1967 1168 2249 1222 dillluunt.

2037 1259 2223 1331 Chrys.
2247 1292 2310 1301 —
2338 1260 2395 1316 Si
2425 1262 2571 1317 clare
2604 1263 2766 1318 nobis
2790 1265 3024 1333 probare
3049 1266 3153 1331 vis,
3197 1275 3253 1322 te
3282 1281 3393 1321 non
3437 1266 3538 1323 de-

1964 1351 2155 1406 lectari
2175 1352 2341 1423 678
2364 1352 2706 1407 obscenitate
2738 1354 3059 1421 verborum,
3088 1372 3156 1411 ne
3190 1358 3383 1411 audire
3411 1357 3537 1426 qui-

1965 1443 2090 1499 dem
2120 1444 2418 1498 sustineas.
2450 1442 2608 1497 Nunc
2638 1460 2771 1499 vero
2797 1446 3019 1515 quando
3058 1447 3278 1501 labores
3303 1448 3534 1501 castita-

1967 1536 2037 1590 tis
2062 1551 2229 1590 causa
2281 1534 2638 1591 desudandos
2682 1536 2834 1591 ferre
2884 1538 3115 1607 poteris,
3154 1538 3249 1607 qui
3298 1539 3535 1593 subinde

1965 1626 2081 1681 risu
2114 1627 2412 1695 verbisque
2443 1626 2782 1697 eiuscemodi
2826 1626 3082 1683 obscenis
3103 1628 3353 1683 diﬂluas?
3384 1629 3531 1683 Bene

1962 1733 2205 1787 namque
2261 1726 2457 1789 agatur
2487 1734 2859 1789 magnumque
2891 1720 2986 1785 sit,
3014 1728 3077 1773 ut
3129 1720 3217 1775 his
3274 1721 3534 1775 omnibus

1887 1808 1930 1864 B
1960 1809 2204 1864 mundus
2228 1810 2470 1875 animus,
2496 1810 2769 1865 honestus
2794 1825 2860 1866 ac
2888 1821 3075 1866 castus
3108 1811 3245 1866 eﬂici
3280 1811 3471 1881 possit.

2028 1901 2351 1957 Cavendum
2378 1918 2448 1958 ne
2480 1903 2631 1957 risus
2658 1910 2908 1957 amantes
2936 1903 3139 1973 illoque
3165 1904 3537 1974 indulgentio-

1963 2009 2054 2048 res
2084 1993 2279 2046 simus.
2312 1993 2405 2047 Sic
2441 1994 2589 2047 enim
2619 1993 2734 2048 fere
2776 2002 3173 2063 comparatum,
3226 2002 3286 2048 ut
3316 1995 3410 2064 qui
3444 2010 3538 2048 vc-

1957 2083 2299 2139 hementiori
2330 2085 2444 2139 risu
2491 2084 2827 2150 delectatur,
2877 2084 3279 2140 vehementiori
3316 2100 3537 2155 quoque

1958 2175 2234 2232 obnoxius
2270 2176 2564 2231 mutationi
2590 2176 2878 2231 reddatur.

2028 2267 2113 2321 Ex
2138 2268 2364 2339 Epictet.
2393 2268 3095 2337 sententiis.—Plerumque
3122 2267 3354 2323 facessat
3372 2268 3535 2330 risus.

1957 2370 2064 2410 nec
2089 2355 2249 2411 facile
2278 2356 2453 2410 risum
2485 2370 2708 2410 movere
2754 2356 2911 2410 velis.
2968 2356 3065 2409 Est
3115 2356 3260 2409 enim
3286 2356 3540 2409 lubricus

1960 2446 2142 2513 locus,
2176 2456 2239 2501 ut
2263 2447 2332 2501 ad
2361 2448 2617 2518 vulgares
2649 2446 2888 2516 ineptias
2911 2446 3133 2501 animus
3162 2453 3431 2500 vertatur.

2030 2538 2167 2593 Risu
2191 2538 2503 2607 profusiore
2528 2554 2598 2592 ne
2630 2538 2824 2601 utitor,
2852 2552 2955 2592 nec
2981 2538 3299 2608 promiscuo
3328 2552 3394 2592 ac
3414 2552 3539 2590 cum

1961 2628 2111 2697 vulgi
2175 2629 2518 2683 hominibus.
2571 2629 2770 2685 Cumas
2826 2639 3118 2684 extraneas
3152 2644 3218 2683 ac
3282 2630 3540 2700 vulgares

1962 2718 2077 2773 fere
2114 2735 2356 2789 respue;
2389 2722 2474 2775 sin
2524 2731 2707 2775 tamen
2764 2722 2832 2775 iis
2874 2722 3145 2776 interesse
3172 2722 3391 2776 occasio
3421 2721 3545 2775 fucu

1964 2810 2061 2874 rit,
2099 2810 2217 2879 ipse
2270 2822 2467 2865 cautus
2512 2820 2657 2865 esto.
2713 2811 2863 2865 Scito
2886 2813 3057 2877 enim,
3116 2812 3267 2881 quod
3321 2812 3368 2866 si
3401 2812 3545 2867 alter

1963 2898 2134 2955 fuerit
2158 2902 2427 2970 pollutus,
2448 2902 2685 2956 alterum
2706 2918 2929 2971 quoque
2952 2902 3170 2972 impleri
3190 2918 3417 2957 necesse
3435 2913 3539 2957 cst.

2038 2989 2262 3044 Isocrat.
2286 3022 2349 3031 —
2370 2991 2491 3045 Noli
2522 2991 2701 3045 serius
2731 3007 2851 3046 esse
2881 2992 2937 3045 in
2966 2992 3136 3046 rebus
3157 2992 3385 3061 jocosis,
3439 3007 3543 3046 nec

1969 3080 2119 3137 inter
2162 3084 2310 3138 seria
2373 3083 2626 3138 ridiculis
2672 3084 2872 3153 gaude.
2928 3084 3063 3138 Nam
3091 3083 3245 3153 quod
3273 3083 3544 3152 intempe-

1892 3147 1937 3208 ο
1969 3172 2173 3227 stivum
2204 3183 2313 3238 est,
2346 3174 2555 3243 ubique
2579 3147 2873 3229 molestum
2907 3185 3011 3230 est.

2036 3265 2365 3321 Moschianis.
2391 3299 2460 3307 —
2500 3266 2605 3334 Qui
2650 3284 2775 3323 cum
2808 3268 3162 3323 adolescente
3188 3268 3373 3323 ridere
3400 3267 3541 3334 vult,

1965 3365 2156 3427 turpes
2184 3360 2550 3415 contumelias
2577 3360 3028 3432 vituperiumque
3059 3359 3389 3416 lucrabitur.

2034 3447 2579 3505 Catonis.—Aiebat
2632 3451 2817 3506 Cato:
2860 3452 2961 3517 Qui
3022 3452 3076 3505 in
3128 3451 3378 3506 ridiculis
3410 3451 3542 3507 scrii

1962 3538 2095 3603 sint,
2138 3540 2193 3594 in
2226 3540 2395 3596 rebus
2428 3543 2591 3597 seriis
2620 3542 2742 3598 ﬁeri
2770 3543 3054 3599 ridiculos.

2032 3627 2784 3687 Stratonic.—Stratonicus
2832 3632 3195 3699 citharoedus,
3247 3634 3368 3688 viso
3405 3648 3543 3702 quo-

1963 3718 2089 3774 dam
2115 3720 2370 3791 imperite
2395 3723 2700 3793 jaculante,
2761 3723 2831 3778 ad
2887 3724 3067 3794 ipsum
3118 3740 3347 3783 scopum
3380 3739 3542 3779 acce-

1963 3809 2124 3877 dens,
2182 3812 2361 3868 stetit.
2402 3813 2636 3870 Causam
2695 3816 2911 3886 roganti
2967 3815 3209 3881 cuidam,
3243 3816 3320 3871 Nc
3348 3816 3538 3881 feriar,

1965 3903 2060 3957 ait.

2538 4042 2766 4098 SERMO
2793 4042 2953 4099 LXV.

2581 4154 2657 4208 De
2677 4155 2917 4211 somniis.

2032 4287 2227 4343 Matth.
2252 4302 2422 4353 xxvu,
2452 4286 2613 4341 l9.—-
2634 4288 2785 4342 Nihil
2815 4287 2937 4355 tibi,
2956 4296 3013 4343 et
3036 4287 3193 4343 Justo
3219 4285 3298 4341 illi
3324 4302 3337 4340 :
3362 4287 3534 4342 multa

1978 4380 2125 4437 enim
2154 4395 2315 4450 passa
2342 4395 2465 4433 sum
2489 4379 2657 4434 hodie
2684 4395 2784 4450 per
2816 4380 2995 4433 visum
3028 4388 3257 4449 propter
3287 4394 3436 4433 eum.

358 4460 545 4531 Πράξ.
586 4462 655 4516 θ’.
702 4491 773 4503 -—-
802 4458 911 4517 Ἦν
957 4464 1015 4518 δέ
1056 4482 1141 4528 τις
1182 4463 1431 4537 μαθητὴς
1466 4466 1523 4516 ὲν
1559 4463 1858 4537 Δαμασκῷ,

2040 4468 2157 4522 Act.
2184 4484 2259 4533 Ix,
2292 4468 2381 4523 10.
2417 4499 2487 4507 -
2534 4468 2667 4523 Erat
2731 4477 2918 4523 autem
2965 4467 3188 4537 quidam
3238 4466 3544 4538 discipulus

279 4553 512 4623 ὀνόματι
561 4554 828 4621 Ἀνανίας,
864 4556 958 4609 καί
989 4549 1112 4610 εἷπε
1144 4556 1281 4627 πρὸς
1320 4556 1483 4609 αὐτὸν
1512 4557 1539 4607 ὁ
1570 4556 1773 4627 Κύριος
1802 4560 1861 4611 ὲν

280 4644 527 4715 ὁράματι
552 4662 566 4677 ·
612 4645 851 4699 Ἀνανία.
900 4647 960 4699 '0
996 4647 1053 4700 δὲ
1086 4642 1261 4699 εἰπενο
1288 4646 1443 4715 ⁵Ἰδοὺ
1492 4644 1625 4715 ἐγὼ,
1663 4646 1857 4719 Κύριε.

294 4736 361 4790 '0
390 4737 449 4791 δὲ
490 4736 695 4808 Κύριος
721 4737 859 4810 πρὸς
901 4738 1083 4793 αὐτόν’
1130 4737 1393 4802 Ἀναστὰς
1420 4737 1717 4809 πορεύθητι
1768 4738 1862 4793 ἐπὶ

280 4830 387 4898 τὴν
419 4828 600 4900 ῥύμην
633 4828 732 4901 τὴν
758 4829 1101 4901 καλουμένην
1126 4829 1375 4895 Εὐθεῖαν,
1414 4830 1509 4882 καὶ
1536 4829 1772 4901 ζήτησον
1805 4830 1863 4883 ὲν

283 4920 435 4992 οἰκίᾳ
514 4920 704 4987 Ἰούδα,
770 4921 975 4975 Σαῦλον
1014 4923 1243 4993 ὀνόματι
1291 4921 1531 4993 Ταρσέα.
1578 4921 1708 4974 Ἰδοὺ
1755 4920 1864 4992 γὰρ

283 5008 676 5080 προσεύχεται,
710 5011 806 5064 καὶ
843 5007 985 5065 εἷδεν
1036 5012 1095 5065 ὲν
1135 5012 1374 5083 ὁράματι
1420 5011 1589 5083 ἄνδρα
1639 5011 1865 5080 ὀνόματι

299 5102 558 5156 Ἀνανίαν
587 5101 918 5167 εἰσελθόντα,
965 5103 1059 5156 καὶ
1086 5103 1343 5157 ἐπιθέντα
1367 5102 1517 5174 αὐτῷ
1544 5104 1645 5168 τὰς
1674 5106 1861 5176 χεῖρας

284 5193 437 5254 ὅπως
470 5192 767 5263 ἀναϐλέψῃ.

359 5287 577 5353 Σολομ.
610 5284 721 5338 λδν.
751 5283 1120 5355 Παραγίνεται
1154 5286 1407 5343 ἐνύπνιον
1438 5287 1496 5340 ὲν
1523 5286 1717 5358 πλήθει
1740 5303 1861 5340 πει-

289 5373 531 5445 ρασμοῦ.

359 5466 543 5535 Σιρὰχ
571 5463 636 5520 ε’.
665 5497 735 5509 -
779 5466 867 5531 Ὠς
892 5467 922 5520 ό
952 5466 1314 5538 δρασσόμενος
1351 5472 1508 5535 σκιᾶς
1535 5470 1626 5524 καί
1653 5469 1865 5525 διώκων

289 5556 546 5628 ἀνέμους,
581 5557 752 5622 οὕτως
790 5560 817 5611 ό
852 5559 1136 5629 προσέχων
1177 5562 1471 5626 ἐνυπνίοις.

359 5737 404 5767 ⁸³
436 5736 495 5791 ln
522 5735 687 5792 Gesn.
717 5737 867 5794 Stob.
904 5742 1016 5813 90.x

1972 4559 2248 4626 Damasci,
2277 4559 2502 4615 nomine
2524 4558 2797 4625 Ananias;
2832 4566 2888 4613 et
2911 4558 3051 4613 dixit
3082 4558 3160 4612 illi
3190 4558 3454 4613 Dominus
3486 4560 3543 4612 in

1967 4650 2095 4705 visu
2128 4667 2141 4703 :
2174 4650 2412 4704 Anania.
2447 4650 2517 4704 At
2553 4649 2644 4703 ille
2683 4650 2800 4703 ait:
2856 4650 2997 4704 Ecce
3038 4664 3161 4720 ego,
3200 4648 3451 4703 Domine.
3476 4650 3545 4703 Et

1970 4742 2239 4796 Dominus
2272 4742 2341 4795 ad
2379 4756 2549 4796 eum:
2606 4740 2802 4811 Surge,
2834 4750 2892 4796 et
2938 4741 3076 4795 vade
3116 4741 3171 4794 in
3212 4740 3418 4804 vicum,
3447 4740 3539 4808 qui

1970 4844 2204 4890 vocatur
2234 4833 2475 4901 Rectus;
2528 4842 2587 4889 et
2619 4849 2803 4905 quaere
2831 4834 2889 4888 in
2922 4834 3086 4888 domo
3112 4832 3285 4895 Judae,
3314 4830 3539 4884 Saulum

1967 4925 2194 4980 nomine
2217 4925 2581 4981 Tarsensem:
2619 4939 2751 4980 ecce
2777 4925 2926 4981 enim
2951 4932 3092 4978 orat.
3119 4922 3186 4975 Et
3208 4920 3344 4974 vidit
3361 4919 3540 4974 virum

1967 5016 2239 5072 Ananiam
2272 5017 2500 5072 nomine
2530 5017 2929 5079 introeuntem,
2956 5024 3013 5069 et
3042 5014 3416 5081 imponentem
3435 5010 3541 5067 sibi

1968 5124 2188 5176 manus,
2224 5118 2286 5163 ut
2322 5108 2504 5163 visum
2532 5107 2785 5177 recipiat.

2040 5286 2208 5341 Eccli.
2236 5302 2421 5350 χχχιιι,
2453 5285 2509 5339 2.
2532 5314 2601 5322 ——
2626 5283 2789 5338 Venit
2816 5281 3157 5337 insomnium
3206 5282 3261 5337 in
3286 5283 3541 5338 multitu-

1971 5379 2101 5434 dine
2134 5378 2473 5434 tentationis.

2039 5470 2207 5541 679
2241 5470 2418 5523 Eccle.
2459 5467 2611 5533 "1,2.
2631 5495 2695 5507 ——
2718 5465 2886 5534 Quasi
2911 5467 3003 5537 qui
3032 5468 3394 5539 apprehendit
3420 5485 3544 5522 um-

1974 5564 2128 5617 bram
2147 5560 2915 5633 etperscquiturventum,sic
2935 5560 3030 5630 qui
3045 5560 3276 5615 attendit
3290 5562 3542 5618 somniis.
