4014 6284
200 273 341 342 ιοοι

1500 276 1668 337 LOCI
1705 276 2141 340 COMMUNES.

3314 292 3449 359 1002

268 392 520 459 Παροιμ.
552 389 661 445 κδ’.
688 421 759 432 -
798 390 923 444 Ἐάν
952 389 1095 464 πέσῃ
1123 392 1151 445 ὁ
1176 390 1368 463 ἐχθρός
1394 409 1508 457 σου,
1545 392 1620 464 μὴ
1655 393 1774 446 ἑπι-

1950 392 2107 450 Prov.
2139 412 2282 461 xxiv,
2316 397 2401 453 l7.
2429 396 2499 438 i—
2532 398 2589 454 Si
2620 399 2885 457 ceciderit
2910 403 3169 462 inimicus
3210 416 3357 473 tuus,
3379 425 3451 464 ne

197 483 377 553 χαρῇς
426 480 608 552 αὐτῷ’
658 483 715 535 ἐν
750 481 808 535 δὲ
848 480 928 552 τῷ
974 482 1407 553 ὑποσκελίσματι
1459 483 1645 563 αὑτοῦ,
1700 484 1776 556 μὴ

195 572 453 642 ἐπαίρου,
505 572 588 625 ὃτι
618 572 813 643 ὄψεται
842 572 1072 644 Κύριος,
1104 573 1202 626 καὶ
1235 575 1335 627 οὐκ
1364 573 1554 643 άρέσει
1591 574 1773 644 αὐτῷ,

195 662 299 716 καὶ
324 662 660 732 ἀποστρέψει
698 664 791 716 τὸν
821 663 993 735 θυμὸν
1024 663 1191 717 αὐτοῦ
1218 664 1314 718 ἀπ’
1342 664 1533 721 αὐτοῦ.

266 755 520 823 Παροιμ.
556 753 655 816 ιβ’.
686 783 757 793 —
800 751 943 808 ὐδοὶ
974 754 1331 825 μνησικάκων
1358 756 1440 819 εἰς
1468 754 1719 812 θάνατον.

269 936 523 1002 Παροιμ.
546 939 657 987 κα¹.
691 932 834 987 -Ὀ
870 935 1252 1005 μνησικακῶν,
1282 932 1623 1007 παράνομος.

262 1105 519 1172 Παροιμ.
547 1102 640 1157 ιδ’.
668 1134 741 1144 —
769 1106 832 1159 Ὀ
869 1106 1078 1169 ἄκακος
1113 1109 1357 1163 πιστεύει
1375 1110 1541 1164 παντὶ
1566 1110 1728 1182 λόγῳ.

263 1196 519 1263 Παροιμ.
544 1198 619 1249 α’.
659 1223 730 1235 —
757 1195 924 1249 Ὅσον
944 1196 1137 1269 χρόνον
1189 1198 1405 1271 ἔχονται
1433 1202 1633 1258 ἄκακοι
1677 1202 1779 1273 τῆς

188 1284 570 1356 δικαιοσύνης,
611 1285 709 1337 οὐκ
738 1286 1215 1357 αἰσχυνθήσονται.

260 1375 453 1444 Σιρὰχ
488 1381 603 1444 κη’.
632 1403 704 1418 -—
738 1375 913 1445 ’Ἄφες
964 1377 1212 1450 ἀδίκημα
1265 1379 1345 1451 τῷ
1391 1381 1627 1454 πλησίον
1659 1398 1777 1445 σου,

192 1469 289 1520 καὶ
340 1468 467 1521 τότε
517 1465 799 1538 δεηθέντος
838 1483 953 1534 σου,
1008 1469 1066 1522 αί
1127 1470 1397 1542 ἁμαρτίαι
1469 1488 1563 1526 σου
1613 1470 1781 1543 λυθήο

192 1574 411 1613 σονται.

1878 487 2120 572 gaudeas
2150 504 2317 558 super
2346 505 2506 544 eum:
2543 503 2599 547 et
2638 492 2693 545 in
2740 495 3187 564 supplantatione
3229 500 3352 570 eius
3381 516 3451 555 ne

1876 578 2183 644 extollaris,
2214 582 2477 651 quoniam
2510 581 2723 637 videbit
2752 583 3017 640 Dominus
3045 595 3101 640 et
3135 602 3246 642 non
3274 588 3453 659 place-

1878 669 1959 725 bit
1979 671 2054 735 ei,
2085 680 2141 726 et
2161 680 2375 727 avertet
2408 672 2545 727 iram
2583 688 2740 727 suam
2770 673 2841 728 ab
2865 690 2952 730 eo.

1948 761 2108 816 Prov.
2149 781 2245 829 xu,
2272 764 2362 820 29.
2398 796 2467 806 —-
2502 764 2617 821 Viae
2637 779 2854 832 eorum,
2890 766 2985 837 qui
3017 782 3292 824 memores
3324 780 3454 825 sunt

1877 850 2223 922 iniuriarum,
2260 854 2315 908 in
2358 864 2614 910 mortem.

1948 944 2106 999 Prov.
2142 962 2252 1012 xxi,
2284 946 2376 1002 24.
2424 978 2494 987 —
2540 946 2644 1014 Qui
2694 948 3023 1021 iniuriarum
3084 964 3297 1003 memor
3346 958 3453 1013 est,

1879 1035 2105 1106 iniquus
2130 1046 2234 1092 est.

1946 1130 2106 1186 Prov.
2139 1147 2249 1195 xiv,
2294 1131 2380 1185 15.
2406 1163 2477 1172 -
2499 1132 2743 1203 Simplex
2770 1133 2949 1189 credit
2983 1136 3133 1189 omni
3157 1135 3348 1191 verbo.

1949 1221 2109 1276 Prov.
2146 1238 2185 1287 ι,
2212 1220 2303 1277 22.
2334 1251 2403 1261 —
2437 1222 2655 1289 Quanto
2683 1230 2933 1294 tempore
2973 1224 3253 1295 simplices
3282 1225 3456 1281 inhae-

1884 1322 2009 1370 rent
2038 1314 2292 1385 iustitiae,
2334 1330 2447 1369 non
2493 1314 2923 1371 confundentur.

1939 1405 2107 1461 Eccli.
2134 1422 2317 1471 xxvm,
2348 1407 2402 1460 ἓ.
2426 1437 2495 1446 -
2519 1406 2745 1461 Dimitte
2777 1406 3034 1477 iniuriam
3060 1408 3312 1477 proximo
3338 1419 3456 1474 tuo;

1877 1504 1933 1550 et
1974 1504 2107 1550 tunc
2137 1503 2363 1566 rogante
2397 1503 2470 1560 te,
2507 1503 2729 1565 peccata
2759 1504 2851 1550 tua
2883 1497 3189 1551 solventur.
3379 1482 3381 1484 ’

1940 1580 2157 1641 Basilii.
2189 1616 2260 1626 —
2287 1586 2407 1641 Non
2428 1586 2587 1641 decet
2627 1595 2687 1641 ut
2717 1587 2797 1642 sol
2826 1603 2992 1657 super
3034 1587 3321 1642 iracundia
3342 1587 3456 1644 fra-

265 1652 490 1705 Βασιλ.
518 1682 588 1693 --
615 1651 691 1706 Οὐ
722 1651 804 1705 δεῖ
839 1653 935 1706 ἐπὶ
968 1654 1338 1727 παροργισμῷ
1362 1654 1591 1725 ἀδελφοῦ
1624 1656 1779 1711 δῦναι

1900 1666 1983 1734 ,ris
2040 1679 2257 1735 occidat
2308 1679 2524 1751 (Ephes.
2571 1696 2643 1745 tv,
2682 1678 2796 1750 26),
2842 1651 2913 1735 ne
2976 1679 3119 1734 forte
3162 1696 3273 1734 nox
3314 1680 3459 1735 inter

190 1741 284 1795 τὸν
318 1743 500 1813 ⁴ἥλιον,
542 1745 754 1816 μήποτε
792 1745 826 1815 ἡ
850 1744 946 1812 νὺξ
970 1747 1290 1820 μεταστήσῃ
1313 1748 1517 1819 μεταξὺ
1546 1749 1779 1820 ἀμφοτέ-

1900 1780 2184 1841 utrumque
2215 1776 2480 1835 transeat,
2505 1786 2569 1825 ac
2598 1769 2811 1825 crimen
2850 1770 3001 1824 nulla
3039 1770 3269 1842 dignum
3300 1769 3458 1825 venia

194 1850 331 1903 ρων,
351 1836 450 1888 καί
469 1834 748 1906 καταλίπῃ
778 1835 836 1887 ὲν
858 1836 966 1905 ήμέ
975 1852 1041 1908 ρᾳ
1064 1836 1299 1909 κρίσεως
1317 1838 1573 1912 ἔγκλημα
1592 1841 1775 1913 ἀπαρ-

188 1926 439 1998 αἰτητον.

261 2019 511 2075 Ἥκιστα
540 2022 739 2077 κακίαν
766 2022 867 2094 οὐχ
894 2023 1161 2094 ὑφορᾶται
1183 2024 1269 2096 (f),
1310 2025 1371 2078 τὸ
1405 2026 1601 2093 κακίας
1628 2027 1773 2081 ἐλεύ-

190 2110 383 2181 θερον.

262 2204 589 2275 Θεολόγου.
621 2234 693 2245 -
729 2205 789 2260 '0
809 2207 910 2278 μὲν
932 2206 1045 2278 γὰρ
1070 2206 1242 2270 κακὸς
1257 2207 1490 2278 τάχιστα
1517 2210 1583 2262 ἂν
1611 2226 1781 2264 κατα-

196 2295 359 2365 γνοίη
394 2297 489 2350 καὶ
521 2295 617 2350 τοῦ
643 2297 850 2367 ἀγαθοῦ
876 2314 891 2329 σ
926 2300 957 2351 δ
981 2296 1187 2368 ἀγαθὸς
1208 2298 1287 2363 δὲ,
1316 2300 1438 2353 οὐδὲ
1477 2300 1571 2353 τοῦ
1604 2300 1778 2355 κακοῦ

196 2386 433 2459 ῥᾳδίως.
484 2386 559 2441 Τὸ
594 2388 704 2461 γὰρ
750 2391 831 2454 εἰς
860 2391 1063 2444 κακίαν
1108 2391 1207 2461 οὐχ
1234 2389 1478 2461 ἕτοιμον,
1530 2391 1640 2445 οὐδ’
1699 2393 1779 2456 εἰς

198 2478 468 2534 ὑπόνοιαν
493 2480 737 2553 εὐχερές.

258 2569 456 2634 Οὐδεὶς
472 2572 626 2643 κακῷ
655 2572 826 2627 κακὸν
853 2575 1021 2639 ἰᾶται,
1039 2574 1154 2629 ἀλλ’
1167 2573 1360 2645 ἀγαθῷ
1391 2575 1452 2628 τὸ
1482 2576 1673 2629 κακόν.

256 2664 574 2730 Χρυσοστ.
607 2694 679 2705 -
713 2665 883 2721 Ὅταν
920 2668 1264 2741 ἐννοήσωμεν
1320 2666 1465 2741 ἃπερ
1504 2668 1779 2739 ἐπάθομεν

191 2751 350 2825 παρά
371 2751 484 2807 τῶν
516 2754 839 2823 συνδούλων,
862 2755 1214 2828 λογισώμεθα
1243 2758 1336 2812 καὶ
1361 2758 1507 2829 ἅπερ
1525 2759 1683 2831 ὲποιή
1694 2775 1781 2813 σα-

193 2861 296 2915 μεν
350 2845 435 2908 είς
473 2845 567 2899 τὸν
604 2848 904 2919 Δεσπότην,
939 2850 1037 2902 καὶ
1085 2849 1167 2920 τῷ
1215 2849 1366 2920 φόϐῳ
1412 2850 1523 2903 τῶν
1561 2852 1781 2906 οἰκείων

195 2938 648 3012 ἁμαρτημάτων,
686 2945 780 2995 τδν
819 2942 991 3013 θυμὸν
1033 2942 1127 2997 τὸν
1177 2944 1273 2997 ἐπὶ
1322 2947 1437 3009 τοῖς
1482 2945 1781 3018 ἀλλοτρίοις

192 3032 642 3105 πλημμελήμασι
667 3035 880 3105 ταχέως
914 3035 1243 3091 ἀπώσασθαι
1278 3037 1638 3109 δυνησιῳεθα.

259 3127 328 3180 Εἰ
356 3125 471 3197 γὰρ
502 3126 583 3180 δεῖ
611 3128 922 3199 μεμνῆσθαι
943 3129 1386 3202 ἁμαρτημάτων,
1418 3132 1531 3185 τῶν
1562 3133 1781 3188 οἰκείων

192 3214 275 3270 δεῖ
320 3215 642 3288 μεμνῆσθαι
677 3216 983 3289 μόνον.”Αν.
1001 3219 1110 3272 τῶν
1143 3219 1359 3275 οἰκείων
1392 3223 1785 3291 μνημονεύσω-

197 3324 299 3378 μεν
331 3345 351 3373 ,
393 3306 652 3361 οὐδεποτε
686 3308 757 3362 τά
791 3308 1053 3381 ἀλλότρια
1103 3309 1454 3382 λογιούμεθα.

271 3486 379 3541 “Av
424 3485 601 3558 ἀφῆτε
638 3488 753 3551 τοῖς
784 3486 1001 3560 ἐχθροῖς
1039 3489 1217 3560 ὑμῶν,
1273 3490 1606 3563 ἀφεθήσεται
1637 3495 1780 3564 ὑμῖν.

199 3578 378 3649 ’Ἄφες
409 3577 631 3633 δουλικὰ
660 3579 1055 3652 ἁμαρτήματα,
1103 3582 1189 3636 ἴνα
1220 3583 1394 3657 λάϐῃς
1436 3584 1785 3656 συγχώρησιν

196 3666 535 3739 δεσποτικὴν
583 3668 1028 3741 ἁμαρτημάτων.
1070 3672 1135 3725 Εἰ
1164 3672 1222 3725 δὲ
1263 3673 1475 3743 μεγάλα
1506 3675 1782 3745 ἠδίκησεν,

196 3761 427 3832 ὅσῳπερ
451 3760 518 3815 ἂν
553 3762 777 3832 μείζονα
800 3764 965 3834 ἀφῇς,
990 3765 1231 3834 τοσούτῳ
1270 3763 1490 3835 μείζονα
1506 3764 1651 3839 λήψῃ
1688 3765 1786 3836 τὴν

200 3848 577 3921 συγχώρησιν.
597 3853 697 3906 Διά
714 3852 825 3923 γὰρ
842 3852 998 3906 τοῦτο
1012 3853 1372 3925 ἐδιδάχθημεν
1392 3854 1593 3923 λέγειν,
1605 3857 1787 3925 Ἀφες

196 3940 349 4009 ἡμῖν
365 3940 562 4008 καθὼς
576 3941 828 4012 ἀφίεμεν
848 3959 863 3973 ·
898 3943 986 3999 ἵνα
1002 3944 1284 4014 μάθωμεν,
1303 3944 1385 3997 δτι
1399 3945 1460 3998 τὸ
1482 3946 1677 4017 μέτρον
1691 3946 1787 4017 τῆς

197 4032 453 4102 ἀφέσεως
469 4034 600 4102 παρ’
617 4035 651 4104 ή
659 4033 775 4104 μῶν
789 4034 1008 4105 πρῶτον
1022 4035 1291 4105 λαμϐάνει
1307 4036 1405 4107 τὴν
1420 4037 1786 4109 ἀρχήν.“Ὠστε

198 4126 424 4197 ὅσῳπερ
453 4126 518 4179 ἂν
538 4128 567 4180 ὁ
592 4126 786 4198 ἐχθρὸς
815 4127 1140 4200 ἐργάζηται,
1160 4131 1254 4184 καὶ
1266 4130 1507 4203 τοσούτῳ
1526 4132 1786 4203 μειζόνως

200 4218 505 4289 εὐεργετεῖ.
538 4218 863 4290 Σπεύδωμεν
888 4222 1068 4275 τοίνυν
1100 4223 1193 4277 καὶ
1217 4224 1570 4294 ἐπειγώμεθα
1590 4226 1788 4280 καταλ-

200 4308 495 4363 λάττεσθαι
511 4309 650 4378 πρὸς
674 4310 799 4372 τοὺς
815 4309 1210 4382 λελυπηκότας,
1234 4313 1300 4366 ἀν
1316 4329 1376 4366 τε
1403 4313 1624 4378 δικαίως
1646 4314 1711 4368 ἀν
1725 4330 1785 4367 τε

1879 1860 1935 1915 in
1965 1860 2053 1915 die
2072 1860 2269 1932 iudicii
2301 1861 2598 1931 relinquat.

1951 2036 2289 2107 Simplicitas
2310 2052 2375 2092 ac
2401 2038 2549 2107 quod
2591 2046 2748 2092 vacat
2782 2037 3014 2103 malitia,
3052 2038 3279 2094 minime
3334 2054 3455 2093 om-

1879 2129 2033 2183 nium
2059 2128 2333 2182 malorum
2364 2128 2623 2198 suspicax
2657 2128 2896 2183 exsistit.

1949 2218 2211 2289 Theotogi.
2237 2216 2428 2284 —Qui
2473 2218 2651 2274 malus
2674 2228 2782 2283 est,
2815 2219 2975 2274 facile
3008 2219 3377 2290 reprehendat
3402 2228 3461 2274 et

1880 2309 2027 2380 quod
2061 2309 2267 2363 bonum
2314 2318 2437 2374 est;
2487 2310 2668 2365 bonus
2711 2320 2918 2375 autem,
2972 2326 3041 2366 ne
3093 2312 3299 2366 malum
3332 2312 3459 2382 qui-

1879 2400 2023 2454 dem.
2049 2399 2205 2467 Quod
2237 2399 2388 2454 enim
2409 2400 2476 2455 ad
2515 2400 2779 2455 malitiam
2806 2416 3045 2471 pronum
3081 2418 3191 2457 non
3220 2411 3325 2466 est,
3356 2417 3460 2458 nec

1879 2491 1947 2546 ad
1973 2492 2367 2562 suspicandum
2391 2491 2551 2547 facile
2594 2500 2695 2548 est.

1949 2582 2121 2637 Nemo
2150 2585 2353 2637 malum
2383 2584 2526 2638 malo
2546 2594 2723 2651 sanat,
2758 2584 2857 2639 sed
2887 2584 3035 2640 bono
3062 2585 3289 2639 malum.

1951 2672 2217 2745 Chrysost.
2240 2706 2307 2713 —
2330 2674 2469 2729 Cum
2497 2676 2554 2729 in
2582 2683 2824 2730 mentem
2850 2676 3087 2741 venerit,
3112 2666 3305 2731 eorum
3338 2690 3462 2746 quae

1880 2783 1909 2821 a
1958 2766 2241 2821 conservis
2299 2766 2445 2837 passi
2501 2782 2690 2821 sumus
2726 2784 2739 2819 :
2773 2767 3082 2838 cogitemus
3123 2768 3292 2823 etiam
3338 2782 3461 2838 qua:

1882 2860 1984 2931 ipsi
2022 2860 2075 2915 in
2106 2859 2403 2915 Dominum
2430 2858 2908 2925 commiserimus;
2941 2870 3204 2930 metuque
3239 2868 3457 2913 nostro-

1882 2968 2005 3007 rum
2046 2952 2399 3014 delictorum,
2441 2948 2580 3003 iram
2613 2963 2680 3004 ex
2741 2947 2939 3003 alienis
2986 2948 3230 3019 peccatis
3270 2962 3464 3003 susce-

1806 3072 1850 3130 ο
1881 3052 2029 3114 ptam
2056 3043 2167 3097 cito
2199 3042 2478 3112 depellere
2498 3039 2825 3111 poterimus.

1955 3134 2014 3192 Si
2042 3134 2265 3205 quidem
2290 3142 2645 3204 peccatorum
2665 3130 2797 3185 licet
2840 3130 3179 3196 meminisse,
3237 3137 3462 3186 nostro-

1885 3243 2008 3283 rum
2063 3228 2331 3283 duntaxat
2377 3224 2697 3281 meminisse
2748 3222 3035 3279 debemus.
3072 3220 3229 3288 Quod
3260 3220 3307 3276 si
3362 3235 3463 3275 no-

1884 3326 2129 3373 strorum
2158 3331 2432 3372 memores
2462 3314 2695 3380 erimus,
2722 3326 3005 3385 nunquam
3036 3311 3217 3367 aliena
3250 3326 3460 3382 suppu-

1886 3408 2149 3463 tabimus.

1971 3500 2199 3570 (Matth.
2230 3517 2303 3564 vl,
2340 3496 2467 3567 14.)
2498 3496 2555 3553 Si
2597 3494 2922 3551 dimiseritis
2953 3492 3192 3549 inimicis
3239 3489 3459 3556 vestris,

1886 3589 2195 3644 dimittetur
2221 3588 2399 3644 vobis.
2454 3589 2681 3660 Ignosce
2722 3601 3009 3643 servorum
3052 3584 3278 3650 erratis,
3318 3593 3383 3639 ut
3429 3599 3460 3639 α

1887 3682 2119 3737 Ι)οωίηο
2147 3688 2498 3751 peccatorum
2518 3680 2736 3735 veniam
2779 3677 3160 3748 consequaris.
3216 3674 3375 3743 Quod
3413 3674 3464 3729 si

1885 3788 2108 3845 gravem
2136 3773 2396 3843 iniuriam
2444 3771 2597 3837 fecit,
2649 3778 2858 3841 quanto
2906 3770 3113 3840 maiora
3154 3766 3463 3830 remiseris,

1887 3872 2040 3919 tanto
2071 3864 2334 3933 maiorem
2378 3862 2596 3917 veniam
2648 3858 2995 3930 impetrabis.
3030 3857 3249 3913 Idcirco
3292 3856 3462 3911 etiam

1887 3956 2035 4011 docti
2085 3970 2277 4010 sumus
2314 3954 2533 4009 dicere:
2583 3952 2804 4007 Dimitte
2856 3951 3025 4017 nobis,
3060 3951 3196 4004 sicut
3235 3948 3462 4003 dimitti-

1888 4046 2255 4119 mus(ib.,l2),
2276 4030 2677 4102 utnoverimus
2717 4042 3060 4099 dimissionis
3091 4050 3255 4112 atque
3289 4038 3465 4095 veniae

1886 4139 2172 4196 moduma
2222 4139 2384 4195 nobis
2408 4138 2654 4210 primum
2706 4136 2978 4191 inchoari.
3028 4134 3245 4202 Quanto
3295 4132 3466 4205 igitur

1888 4234 2149 4289 inimicus
2176 4232 2351 4303 magis
2383 4231 2608 4297 laeserit,
2646 4236 2798 4284 tanto
2833 4227 2999 4283 etiam
3033 4228 3243 4298 majore
3292 4224 3464 4280 bene-

1890 4322 2014 4378 ficio
2032 4321 2214 4377 afﬁcit.
2247 4321 2596 4377 Festinemus
2620 4320 2787 4391 igitur
2815 4317 3075 4387 omnique
3103 4311 3265 4388 681
3294 4327 3464 4384 Opera

201 4401 406 4462 ἀδίκως
426 4400 776 4471 δργίζωψται.
797 4401 894 4454 Ἂν
913 4402 1010 4472 μὲν
1038 4402 1147 4474 γάρ
1169 4403 1401 4457 ἐνταῦθα
1414 4405 1782 4476 καταλλαγῇς,

1900 4427 2172 4475 conemur,
2204 4418 2266 4463 ut
2307 4410 2395 4464 his
2426 4408 2520 4479 qui
2566 4407 2821 4478 iniuriam
2876 4404 3150 4471 fecerunt,
3207 4400 3462 4457 reconci-

201 4490 530 4564 ἀπηλλάγης
556 4492 657 4561 τῆς
685 4494 801 4546 ἐκεῖ
816 4492 1079 4565 κρίσεως’
1104 4493 1169 4548 ἂν
1194 4494 1250 4547 δὲ
1280 4495 1485 4565 μεταξὺ
1513 4495 1781 4566 μενούσης

203 4584 303 4655 τῆς
334 4583 559 4655 ἔχθρας,
592 4585 817 4649 θάνατος
850 4588 1077 4649 ὲπιστάς
1100 4587 1289 4659 ἀπάγῃ
1308 4628 1323 4650 ,
1350 4586 1448 4657 τὴν
1481 4586 1783 4657 ἀπέχθειαν

208 4673 613 4744 μεσολαϐήσας,
643 4676 723 4738 εἰς
749 4674 811 4728 τὸ
823 4675 1169 4746 δικαστήριον
1192 4675 1381 4729 λοιπὸν
1416 4678 1592 4731 ἐκεῖνο
1611 4677 1672 4730 τὸ
1688 4692 1783 4745 φο-

206 4765 372 4837 ϐερὸν
404 4765 726 4836 εἰσαχθῆναι
757 4768 855 4837 τὴν
898 4766 1055 4837 δίκην
1086 4767 1330 4837 ἀνάγκη*
1366 4768 1461 4822 καὶ
1488 4767 1586 4839 τὴν
1614 4768 1781 4839 ἐσχά-

203 4875 309 4931 την
342 4856 537 4921 δώσεις
570 4858 727 4928 δίκην
756 4859 849 4913 ἐπὶ
877 4862 943 4930 τῇ
974 4859 1142 4931 ψήφῳ
1172 4860 1267 4913 τοῦ
1292 4859 1550 4914 δικαστοῦ
1568 4860 1787 4915 πάντων

207 4948 434 5004 ἐκείνων
451 4964 463 4977 ·
490 4946 588 5001 καὶ
609 4948 908 5020 ἀμφότεροι
924 4948 1193 5020 τιμωρίαν
1210 4948 1581 5020 ὑποστήσεσθε
1605 4951 1788 5023 ἀπαρ-

208 5043 456 5113 αίτητον,
509 5026 551 5095 δ’
589 5042 689 5113 μὲν
716 5042 921 5106 ἀδίκως
950 5041 1333 5113 ὀργιζόμενος,
1383 5041 1472 5096 διά
1508 5044 1667 5097 τοῦτο
1705 5046 1789 5099 ὅτι

208 5134 434 5201 ἀδίκως,
474 5136 503 5188 ὁ
555 5134 613 5188 δὲ
643 5133 871 5197 δικαίως
898 5174 913 5200 ,
964 5134 1054 5187 διὰ
1083 5133 1241 5187 τοῦτο
1269 5134 1420 5200 αὐτὸ,
1453 5135 1536 5188 ὅτι
1562 5135 1789 5200 δικαίως

210 5231 351 5303 ἔμνη
360 5232 680 5303 σικάκησεν.

1888 4505 2110 4568 liemur,
2154 4503 2271 4557 sive
2317 4502 2396 4555 illi
2438 4502 2581 4571 iure,
2622 4499 2739 4555 sive
2772 4499 2978 4570 iniuria
3020 4498 3355 4552 irascantur.
3405 4492 3461 4547 Si

1887 4598 2036 4653 enim
2068 4596 2181 4649 vita
2211 4594 2313 4648 hac
2338 4591 2557 4648 mortali
2590 4591 2980 4645 reconciliatus
3008 4588 3199 4651 fueris,
3227 4586 3465 4641 afuturo

1890 4686 2030 4741 liber
2053 4682 2263 4755 iudicio
2290 4680 2565 4746 evaseris;
2594 4679 2679 4733 sin
2708 4688 2895 4732 autem
2942 4678 3164 4732 interim
3204 4682 3464 4729 manente

1894 4777 2201 4841 inimicitia,
2227 4790 2379 4831 mors
2406 4772 2709 4829 adveniens
2743 4772 3053 4837 abduxerit,
3103 4770 3321 4841 vigente
3348 4768 3467 4827 ani-

1893 4870 1998 4924 mis
2037 4867 2337 4931 simultate,
2371 4864 2437 4919 ad
2465 4864 2812 4919 tremendum
2865 4861 3000 4918 illud
3057 4861 3318 4930 deinceps
3366 4859 3463 4915 tri-

1889 4959 2058 5015 bunal
2109 4973 2332 5013 causam
2388 4954 2592 5011 deferri
2656 4969 2887 5011 necesse
2951 4960 3055 5018 est,
3109 4960 3466 5022 extremoque

1890 5048 2163 5120 supplicio
2205 5044 2500 5107 addiceris,
2556 5043 2704 5097 illius
2749 5040 3043 5107 sententia,
3092 5040 3185 5110 qui
3240 5040 3465 5094 illorum

1891 5141 2137 5196 omnium
2173 5137 2342 5209 iudex
2371 5134 2626 5199 exsistit;
2674 5132 2948 5202 amboque
2998 5130 3467 5201 indeprecabilent

1893 5233 2059 5289 luetis
2095 5244 2354 5302 ptenam:
2399 5227 2447 5281 is
2483 5225 2706 5295 quidem
2742 5223 2838 5293 qui
2883 5222 3087 5294 iniuria
3140 5222 3313 5278 iratus
3358 5231 3465 5280 est.

211 5325 424 5383 idcirco
472 5327 620 5396 quod
663 5327 901 5399 iniuria;
940 5327 988 5381 is
1023 5341 1157 5381 vero
1209 5327 1306 5396 qui
1358 5328 1493 5398 justi
1553 5331 1787 5399 quadam
1827 5330 2011 5402 specie
2049 5316 2385 5385 simultatem
2459 5319 2617 5387 fovit,
2666 5319 2813 5390 quod
2862 5320 2948 5374 vel
2991 5319 3071 5375 sic
3143 5320 3467 5392 iniuriarqu

214 5438 427 5479 memor
465 5423 652 5478 animo
690 5437 978 5477 rancorem
1012 5422 1336 5476 servaverit.

905 5567 909 5570 ~
1724 5542 1782 5599 Νι

285 5632 641 5719 (ηέἨκισθτα
688 5633 905 5719 κακίαν·
946 5634 1063 5719 οὐχ
1109 5632 1419 5703 ὑφορᾶται.
1477 5636 1576 5692 Hic
1619 5636 1764 5693 idem

1900 5543 1955 5600 E.

1902 5655 2020 5705 στα,
2053 5638 2200 5708 quod
2243 5637 2502 5710 μάλιστα,
2533 5633 2629 5708 qui
2659 5648 2795 5719 usus
2822 5632 2975 5691 vocis
3034 5628 3281 5699 pervius,
3328 5618 3471 5694 opti-

219 5703 318 5761 ωε
333 5703 651 5761 Phavorino
681 5703 985 5771 expositus.

586 5792 857 5853 PATBOL.
902 5792 1014 5853 Gn.
1069 5792 1218 5853 XCI.

3056 5786 3133 5846 32
