4014 6284
550 239 692 308 ἕθθ3
1531 248 1535 256 ’
1680 230 1740 290 S.
1778 228 2066 289 ΜΑΧΙΜΙ
2100 227 2135 287 C

2183 224 2610 286 lNFESSORIS
3360 270 3367 276 ρ
3661 212 3768 297 lout

620 349 779 419 Quod
804 350 989 419 itaque
1019 345 1231 419 jejunio
1272 353 1329 399 et
1358 341 1636 407 lamentis,
1668 340 2041 411 precibusque
2066 345 2124 394 et
2152 347 2199 403 Α

2189 377 2199 403 ι
2304 339 2369 391 '0
2401 338 2579 392 τοίνυν
2607 336 2695 391 διὰ
2722 334 3000 407 νηστείας,
3045 336 3133 392 διὰ
3160 335 3422 409 ὀδυρμῶν
3471 338 3565 392 καὶ
3611 341 3774 410 εῠῄη,

551 434 736 500 cilicio
772 448 829 496 et
876 439 1088 504 cinere,
1130 437 1406 506 longaque
1449 448 1514 487 ac
1560 429 1855 501 multiplici
1905 428 2125 484 confes-

2227 427 2323 481 καὶ
2351 428 2559 483 σάκκου
2598 429 2694 483 καὶ
2725 427 2925 483 σποδοῦ
2976 431 3073 484 καὶ
3107 431 3315 503 μυρίας
3372 430 3776 505 ὲξομολογῆσεως

550 537 708 592 sione
732 533 826 587 vix
872 531 965 586 alii
996 516 1368 599 impleverim,
1407 534 1469 579 ut
1508 531 1731 594 peccata
1779 536 1880 578 sua
1910 521 2126 576 abster-

2231 518 2385 588 μόλις
2405 520 2584 593 ἕτεροι
2614 521 2966 593 κατορθοῦσι,
3000 523 3062 576 τὸ
3093 522 3163 576 τά
3194 523 3573 594 ἁμαρτήματα
3602 524 3775 587 ἐξαλεί-

552 634 716 699 gant';
750 625 859 680 hec
889 621 1052 677 nobis
1081 618 1241 695 facile
1262 627 1524 688 praestare
1553 616 1683 670 licet
1704 614 1916 684 absque
1942 610 2127 667 cilicio

2228 628 2350 681 φειν
2379 612 2523 681 λέγω
2542 614 2613 667 τὰ
2638 614 2847 669 ἑαυτῶν
2874 631 2891 647 °
2941 614 3102 669 τοῦτο
3145 614 3367 681 ἔξεστιν
3418 618 3553 687 ἡμῖν
3609 618 3774 688 ῥᾳδίως

551 726 608 772 ει
644 718 832 772 cinere
870 720 927 768 et
967 709 1179 782 jejunio
1249 707 1414 762 modo
1455 706 1633 761 solum
1678 704 1895 760 sincere
1949 716 2127 772 exque

2228 705 2402 758 ποιεῖν
2446 705 2615 777 χωρὶς
2669 707 2874 761 σάκκου
2932 706 3027 762 καὶ
3064 707 3262 762 σποδοῦ
3315 707 3419 761 καὶ
3444 708 3703 778 νηστείας,
3726 710 3779 763 ἂν

552 811 738 867 animo
774 805 1147 863 dimiserimus
1176 800 1286 856 illis
1317 800 1411 872 qui
1439 799 1695 870 injuriam
1721 797 1993 853 fecerunt.

2232 794 2392 865 μόνον
2423 795 2532 849 ἀπὸ
2561 796 2663 867 τῆς
2695 797 2931 863 διανοίας
2956 798 3340 871 ὲξαλείψωμεν
3372 797 3475 870 τὴν
3503 798 3680 871 ὀργὴν,
3709 802 3784 855 καὶ

1012 906 1017 911 -
2230 885 2373 957 μετὰ
2426 886 2781 957 είλικρινείας
2830 888 3059 961 ἀφῶμεν
3117 891 3230 955 τοτς
3279 890 3605 959 ἠδικηκόσιν
3644 893 3783 961 ημᾶς.

623 982 831 1051 Quovis
867 989 1114 1052 peccato,
1157 976 1483 1050 injuriarum
1524 973 1792 1030 memoria
1828 986 1893 1027 ac
1931 970 2127 1027 simul-

2053 970 2127 1026 ιιι-
2302 975 2509 1040 Παντὸς
2534 977 2936 1049 ἁμαρτήματος
2962 979 3024 1032 τὸ
3047 982 3420 1051 μνησικακεῖν
3444 982 3638 1052 χεῖρον.

555 1085 640 1131 tas
673 1074 921 1130 deterior
940 1081 1047 1128 est.

626 1166 913 1239 Ingenium
949 1161 1178 1217 malitiae
1206 1173 1426 1231 expers,
1470 1157 1683 1214 tardius
1726 1171 1948 1229 quoque
1986 1156 2131 1211 mala

2302 1157 2377 1211 Τὸ
2404 1156 2603 1222 κακίας
2631 1155 2935 1231 ἐλεύθερον,
2964 1158 3061 1214 καὶ
3100 1158 3421 1232 ὑφορᾶσθαι
3470 1162 3662 1216 κακίαν
3708 1162 3788 1233 ἀρα

557 1252 892 1329 suspicatur.

2232 1249 2357 1317 γότε
2367 1266 2480 1320 ρον.
2568 1281 2570 1284 τ

625 1340 763 1395 Cum
804 1336 1011 1392 videris
1042 1333 1329 1389 inimicum
1361 1331 1624 1387 incidisse
1662 1329 1718 1384 in
1753 1338 1875 1385 tuas
1911 1331 2129 1395 manus,

2310 1342 2482 1398 Ὅταν
2516 1343 2635 1416 ἴδῃς
2667 1342 2761 1397 τὸν
2800 1342 3000 1415 ὲχθρδν
3034 1343 3357 1417 ἐμπεσόντα
3390 1344 3476 1408 είς
3506 1345 3604 1409 τὰς
3630 1347 3786 1418 χεῖρας

555 1434 625 1486 ne
650 1429 867 1500 tempus
885 1426 1020 1482 illud
1040 1424 1302 1481 vindicta:
1331 1425 1637 1495 putaveris,
1676 1422 1773 1478 sed
1810 1421 2133 1494 praestandae

2233 1433 2332 1498 τὰς
2360 1433 2479 1501 σάς,
2511 1434 2589 1505 μὴ
2615 1434 2805 1506 νόμιζε
2855 1435 3149 1508 τιμωρίας,
3179 1435 3322 1491 ἀλλὰ
3376 1437 3647 1508 σωτηρίας
3673 1441 3785 1493 ἐκεῖ·

556 1518 772 1577 salutis.
795 1514 1008 1573 Idcirco
1050 1524 1183 1571 tunc
1224 1514 1461 1569 maxime
1493 1511 1747 1567 hostibus
1792 1510 2133 1582 parcendum

2235 1540 2323 1579 vov
2355 1520 2495 1577 εἶναι
2523 1523 2614 1578 τὸν
2656 1525 2865 1596 καιρόν.
2918 1525 3019 1579 Διά
3069 1524 3228 1579 τοῦτο
3281 1525 3413 1580 τότε
3472 1526 3693 1595 μάλιστα
3727 1526 3789 1579 δεῖ

554 1607 659 1677 θεῖ,
701 1624 827 1665 cum
854 1621 1047 1664 eorum
1080 1604 1243 1677 potiti
1275 1602 1566 1659 fuerimus-
2235 1613 2513 1684 φείδεσθαι
2541 1613 2650 1669 τῶν
2672 1614 2905 1687 ἐχθρῶν,
2935 1615 3066 1669 ὃταν
3099 1614 3281 1670 αὐτῶν
3304 1614 3603 1688 γενώμεθα
3618 1616 3783 1687 κύριοι.

625 1701 780 1758 Fecit
804 1700 930 1772 quis
969 1697 1271 1771 injuriam?
1315 1705 1375 1752 tu
1422 1710 1493 1751 ne
1526 1691 1874 1759 reddideris;
1926 1690 2134 1762 alioqui
2166 1698 2207 1754 Β

2201 1705 2207 1749 ί
2319 1705 2596 1777 Ἐλύπησὲ
2625 1724 2752 1774 τις;
2808 1706 2885 1779 μὴ
2935 1707 3314 1779 ἀντιλυπήσῃς
3345 1723 3362 1737 ·
3423 1708 3550 1760 ἐπεὶ
3597 1707 3786 1775 γέγονας

554 1810 657 1867 par
684 1793 763 1850 illi
811 1793 933 1864 ipse
974 1804 1169 1847 rursus
1213 1787 1459 1845 evasisti.
1504 1785 1675 1841 Nemo
1728 1783 1877 1840 enim
1926 1785 2133 1840 malum

2234 1798 2433 1869 ἐκείνῳ
2489 1797 2653 1853 πάλιν
2691 1799 2825 1862 ῐσος.
2879 1797 3069 1864 Οὐδεὶς
3116 1799 3227 1871 γὰρ
3257 1798 3439 1853 κακὸν
3466 1797 3618 1870 κακῷ
3648 1799 3782 1859 ἰᾶται.

555 1888 702 1942 malo
731 1886 910 1950 sanat,
946 1882 1043 1939 sed
1085 1882 1290 1937 malum
1329 1880 1498 1936 bono.

1329 1880 1498 1936 homo
2234 1891 2354 1948 ἀλλ’
2384 1890 2577 1962 ἀγαθῷ
2607 1890 2670 1945 τὸ
2703 1892 2895 1946 κακόν.

574 2054 579 2059 ¹
626 1975 851 2033 Nili.—
878 1974 984 2043 Qui
1031 1989 1134 2045 pro
1163 1971 1326 2028 bonis
1372 1969 1632 2042 rependit
1681 1968 1848 2035 mala,
1896 1967 1967 2024 ab
2013 1967 2135 2040 ejus

2307 1980 2550 2035 Νείλου.
2572 2009 2642 2023 -
2673 1981 2768 2044 Ὃς
2798 1979 3090 2035 ἀποδίδωσι
3115 1980 3267 2035 κακά
3295 1982 3426 2037 ἀντὶ
3454 1979 3681 2050 ἀγαθῶν,
3704 1980 3782 2034 οὐκ

557 2066 724 2123 domo
755 2064 897 2121 mala
928 2077 1041 2118 non
1067 2062 1383 2133 ejicientur.

2236 2072 2492 2144 ἐξενεχθῇ
2526 2071 2675 2126 κακά
2706 2072 2771 2126 ὲκ
2800 2070 2896 2126 τοῦ
2928 2072 3079 2127 οῑκου
3111 2072 3298 2127 αὐτοῦ.

626 2157 885 2214 Philonis.
911 2184 980 2197 —
1009 2153 1113 2221 Qui
1140 2152 1358 2208 veniam
1386 2151 1719 2207 delictorum
1748 2157 1923 2221 petas,
1961 2146 2046 2203 fac
2075 2157 2137 2202 ut

2307 2163 2593 2230 Φίλωνος.
2611 2162 2999 2235 -Συγνώμην
3025 2162 3357 2235 αἰτούμενος
3383 2162 3778 2235 ἁμαρτημάτων,

562 2248 621 2305 ει
646 2250 764 2321 ipse
788 2247 901 2303 illis
926 2247 1203 2317 ignoscas,
1224 2241 1319 2313 qui
1375 2242 1431 2296 in
1472 2251 1525 2295 te
1567 2241 1944 2311 deliquerunt.
1970 2238 2142 2293 Nem-

2238 2255 2577 2326 συγγίνωσκε
2607 2255 2702 2309 καὶ
2754 2255 2919 2318 αὐτὸς
2969 2258 3081 2321 τοῖς
3130 2258 3209 2320 είς
3260 2256 3322 2310 σὲ
3370 2255 3780 2327 πλημμελοῦσιν·

561 2354 662 2412 pe,
716 2336 1017 2393 dimittenti
1058 2333 1378 2397 dimittitur,
1420 2330 1680 2402 quodque
1717 2327 2002 2385 conservis
2045 2342 2137 2383 re-

2236 2348 2320 2403 ὅτι
2347 2347 2543 2418 ἀφέσει
2573 2346 2901 2402 ἀντιδίδοται
2923 2348 3142 2418 ἄφεσις,
3166 2351 3263 2403 καὶ
3294 2349 3330 2422 ἡ
3367 2348 3511 2421 πρὸς
3543 2348 3658 2409 τοὺς
3680 2347 3782 2416 ὁμο-

560 2429 942 2495 conciliamur,
982 2427 1087 2482 hoc
1118 2424 1485 2495 assequimur,
1514 2431 1575 2478 ut
1611 2437 1640 2477 a
1670 2422 1859 2478 divina
1893 2421 1973 2476 ira
2000 2416 2138 2476 lihe.

2234 2416 2457 2503 δούλους
2489 2438 2648 2512 ἡμῶν
2676 2416 3018 2511 καταλλαγὴ,
3041 2442 3145 2513 τῆς
3197 2416 3355 2505 θείας
3402 2416 3572 2511 ἀργῆς
3606 2437 3780 2507 γίνεται

561 2537 766 2577 remur.

2236 2531 2543 2606 ἀπαλλαγή.

630 2612 872 2683 Evagrii.
896 2639 965 2651 —
997 2610 1153 2665 Dona
1186 2606 1514 2679 injuriarum
1538 2606 1899 2677 exstinguunt
1927 2620 2137 2661 memo-

2306 2626 2528 2694 Εὐαγρ.
2560 2654 2634 2666 -
2662 2623 3048 2696 Μνησικακίαν
3068 2623 3323 2678 σϐέννυσι
3344 2622 3499 2693 δῶρα
3519 2636 3535 2653 °
3567 2620 3652 2675 καὶ
3686 2636 3777 2673 πει-

500 2726 503 2727 ν
561 2701 742 2767 riam;
774 2697 830 2755 id
854 2695 1004 2770 quod
1044 2713 1113 2754 ex
1150 2697 1359 2754 Iacobo
1395 2697 1612 2752 discere
1652 2694 1806 2761 licet,
1835 2693 1930 2765 qui
1987 2694 2085 2749 Esa

2236 2712 2377 2768 θέτω
2411 2693 2470 2768 σε
2511 2713 2707 2769 Ἰακὼϐ
2755 2693 2848 2769 τὸν
2877 2713 3051 2768 Ἥσαῦ
3101 2713 3335 2784 δόμασιν
3384 2710 3626 2767 ὑπελθὼν
3668 2710 3776 2781 μετὰ

561 2790 785 2847 ἢειίιεω
807 2794 933 2845 cum
956 2788 1218 2845 trecentis
1252 2788 1333 2844 illi
1377 2787 1597 2844 obviam
1624 2786 1852 2852 factum,
1889 2785 2138 2841 muneri-

2234 2806 2564 2879 τριακοσίων
2598 2809 2679 2873 είς
2708 2808 3015 2879 ἀπάντησιν
3077 2806 3390 2874 ἐξελθόντα.
3466 2802 3600 2859 Ἀλλ’
3646 2804 3773 2873 ἡμεῖς

562 2882 667 2938 bus
700 2880 1055 2952 expugnavit.
1085 2879 1199 2936 Nos
1233 2887 1417 2935 tamen
1460 2878 1555 2949 qui
1586 2892 1860 2950 pauperes
1910 2891 2131 2943 sumus,

2235 2878 2467 2970 πένητες
2500 2898 2653 2964 ὄντες
2707 2899 2959 2973 τραπέζῃ
3011 2898 3110 2971 τὴν
3163 2900 3359 2971 χρείαν
3422 2894 3770 2970 πληρώσωμεν.

559 2972 708 3047 quod
738 2989 870 3030 usus
893 2980 999 3041 est,
1031 2984 1221 3030 mensa
1258 2973 1605 3044 impleamus.

630 3066 849 3122 Martini
886 3066 1241 3121 anachoreta.
1276 3094 1348 3105 —
1390 3064 1497 3131 Qui
1554 3062 1903 3118 daemonibus
1950 3059 2132 3116 infel-
2158 3052 2203 3112 C

2186 3052 2203 3110 ἶ
2304 3077 2605 3146 Μαρτίνου
2624 3078 3137 3148 ωαχωρητοῦμ-
3166 3079 3226 3135 ’0
3279 3080 3505 3153 δαίμοσι
3549 3091 3771 3148 μνησικα-

562 3173 658 3215 sus
675 3157 805 3214 odio
835 3166 942 3223 est,
970 3156 1119 3212 haud
1156 3155 1301 3211 idem
1348 3155 1597 3211 infensus
1644 3154 1965 3210 horninibus
2013 3162 2130 3219 est;

2233 3168 2367 3236 κῶν,
2394 3170 2703 3241 ἀνθρώποις
2732 3172 2794 3225 οὐ
2841 3174 3168 3244 μνησικακεῖ
3196 3187 3212 3203 ·
3248 3171 3522 3245 είρηνεύει
3565 3168 3619 3221 δὲ
3662 3164 3769 3238 μετὰ

561 3264 751 3321 pacem
784 3246 919 3305 vero
950 3263 1079 3305 cum
1100 3248 1210 3303 illis
1237 3247 1427 3313 habet,
1447 3247 1543 3317 qui
1579 3248 1635 3302 in
1662 3246 1887 3301 fratrem
1918 3246 1999 3300 ira
2047 3252 2134 3300 est

1662 3246 1887 3301 ΐιέιῑτθιιι
1918 3246 1999 3300 ira
2047 3252 2134 3300 εει
2233 3259 2529 3332 δαιμόνων,
2564 3263 2594 3315 ὁ
2624 3262 2704 3332 τῷ
2736 3261 2955 3333 ἀδελφῷ
2997 3262 3227 3335 μηνιῶν.

562 3353 845 3394 accensus.

631 3439 858 3495 Croesus.
879 3471 951 3481 —
980 3439 1189 3495 Ferunt
1211 3438 1487 3505 Croesum,
1512 3438 1586 3503 ei,
1624 3437 1717 3509 qui
1767 3436 1938 3491 lilium
1986 3433 2135 3491 occi-

2305 3439 2580 3506 Κροῖσος.
2601 3439 2960 3510 -Κροϊσσος
2995 3438 3078 3511 τῷ
3120 3441 3433 3513 παιδοφόνῳ
3481 3440 3574 3511 τὴν
3629 3435 3762 3508 ὀργὴν

562 3532 755 3597 disset,
780 3533 920 3587 iram
952 3530 1254 3597 remisisse,
1278 3546 1406 3586 cum
1453 3530 1502 3586 is
1537 3530 1688 3585 ultro
1722 3545 1780 3584 se
1815 3528 1882 3582 ad
1913 3542 2130 3598 pmnam

2235 3526 2453 3595 ἀφεῖναι
2484 3526 2723 3596 λέγεται,
2781 3528 2975 3583 ἑαυτὸν
3020 3530 3317 3601 παραδόντι
3363 3533 3445 3595 εἰς
3494 3525 3762 3600 τιμωρίαν·

561 3620 820 3689 aﬂ‘erret;
848 3636 1023 3692 eaque
1052 3621 1173 3693 ipsa
1200 3622 1415 3678 ratione
1444 3622 1609 3694 682
1638 3637 1894 3691 magnum
1930 3620 2133 3692 Cyrum

2236 3618 2329 3672 καὶ
2367 3618 2549 3690 Κύρος
2580 3619 2610 3671 δ
2657 3618 2832 3691 μέγας
2874 3619 3025 3692 αὑτῷ
3057 3622 3233 3694 τούτῳ
3260 3623 3342 3696 τῷ
3389 3622 3601 3695 Κροίσῳ
3649 3616 3764 3687 φίλος

562 3721 718 3783 parta
740 3713 993 3780 victoria,
1025 3728 1151 3769 cum
1182 3714 1305 3785 ipso
1328 3713 1626 3795 amicitiam
1664 3713 1870 3767 iniisse.

1272 3728 1305 3769 0
1328 3713 1626 3795 amicitiam
1664 3713 1870 3767 iniisse.
2235 3707 2486 3776 γενέσθαι
2522 3710 2660 3780 μετὰ
2680 3709 2857 3780 νίκην.

632 3802 965 3858 Μοεειιὶοηὶε.
981 3832 1052 3843 -
1090 3802 1151 3858 In
1187 3802 1393 3874 quibus
1416 3803 1556 3858 alios
1572 3802 1772 3858 laedere
1794 3801 1980 3857 animo
2005 3817 2138 3857 eon-

2304 3801 2675 3869 Μοσχίωνος.
2710 3828 2782 3843 -
2826 3804 2915 3857 Ἑν
2938 3797 3022 3868 οἷς
3065 3805 3325 3877 πλήττειν
3370 3806 3556 3868 ἄλλους
3580 3798 3761 3859 ἐθέλεις.

562 3892 816 3947 stitutum
836 3899 943 3959 est,
971 3892 1029 3948 in
1056 3891 1144 3947 bis
1165 3891 1427 3948 damnum
1460 3900 1514 3947 te
1546 3899 1904 3962 accepturum
1935 3891 2133 3962 majus,

1803 3906 1904 3945 'um
1935 3891 2133 3962 majus,
2235 3890 2293 3943 ὲν
2320 3891 2531 3956 τούτοις
2562 3891 2769 3964 βλάϐην
2802 3892 2991 3960 ἔλπιζε
3015 3894 3116 3969 τὴν
3142 3898 3388 3968 μείζονα.

560 3992 894 4054 exspectato.

634 4075 873 4144 Epicuri.
899 4103 970 4118 --
992 4075 1226 4133 Inimico
1248 4085 1476 4148 rogante
1508 4090 1581 4132 ne
1626 4074 1921 4141 averseris,
1951 4089 2016 4129 ac
2043 4088 2138 4144 pe-

2319 4064 2700 4136 Ἒπικούρου.
2729 4100 2801 4110 -
2831 4071 3059 4143 Ἐχθροῦ
3083 4073 3369 4145 δεηθέντος
3413 4073 3486 4147 μὴ
3535 4072 3754 4136 ἀποστρα-

564 4164 811 4223 titionem
839 4164 1098 4222 diﬂeras:
1149 4182 1344 4222 verum
1386 4166 1505 4238 ipse
1554 4173 1749 4221 cautus
1787 4173 1945 4231 esto;
1997 4162 2134 4218 nihil

2238 4161 2345 4230 φῇς
2379 4159 2475 4231 τὴν
2504 4160 2729 4228 ἀξίωσιν
2760 4178 2776 4194 ⁸
2807 4163 2951 4237 πλὴν
3000 4166 3301 4237 ασφαλίζου
3353 4166 3586 4225 σεαυτόν.
3628 4158 3756 4215 MV

563 4255 710 4312 enim
738 4271 770 4313 a
791 4272 929 4314 cane
963 4258 1219 4315 diversus
1247 4269 1354 4316 est.

1249 4269 1354 4316 est.
2235 4252 2346 4324 γὰρ
2375 4252 2536 4316 κυνὸς
2567 4252 2834 4325 διαφέρει.

632 4348 965 4454 Theopompi.
989 4379 1060 4392 —
1083 4350 1436 4455 Riligentiam
1485 4349 1650 4418 habe,
1679 4356 1742 4404 ut
1781 4349 1982 4404 breves
2033 4346 2134 4403 tibi
2168 4396 2215 4455 υ

2168 4396 2215 4455 D
2311 4346 2685 4416 Θεοπόμπου.
2718 4376 2779 4385 -
2817 4347 3093 4415 Σπούδαζε
3124 4348 3225 4413 τὰς
3259 4350 3360 4421 μὲν
3395 4350 3599 4423 ἔχθρας,
3618 4344 3752 4411 ἀλιτα-

564 4440 863 4496 inimicitiae
886 4441 1036 4509 sint;
1071 4441 1425 4499 dilectionem
1457 4457 1591 4497 vero
1640 4442 1698 4496 in
1737 4442 1900 4512 longa
1931 4440 2138 4511 produ-

2168 4436 2213 4455 "
2241 4436 2487 4507 χρονίους
2513 4438 2788 4493 ποιεῖσθαι
2818 4453 2833 4467 ·
2865 4438 2964 4504 τάς
3003 4440 3063 4494 δὲ
3113 4441 3354 4510 ἀγάπας,
3406 4436 3750 4513 πολυχρονίους.

560 4546 651 4586 cas
679 4539 942 4603 tempora.

631 4620 924 4680 Eschines.
949 4655 1017 4667 —
1034 4624 1330 4682 Eschines
1352 4633 1541 4680 orator
1563 4624 1986 4681 Atheniensium
2010 4639 2136 4680 sen-

2306 4616 2621 4685 Αὶσχίνης.
2653 4645 2725 4654 —
2748 4618 3006 4690 Αἰσχίνης
3058 4621 3089 4674 ὁ
3144 4622 3351 4694 ῥήτωρ,
3391 4622 3523 4695 μετά
3547 4620 3601 4673 τὸ
3638 4614 3751 4680 Ἀθη·

560 4710 733 4766 tentia
755 4710 976 4767 civitate
1018 4712 1305 4777 multatus,
1353 4727 1481 4769 cum
1521 4711 1919 4767 Demosthenes
1942 4711 2132 4767 decem

2236 4707 2421 4772 ναίους
2464 4708 2627 4762 αὑτοῦ
2682 4711 3185 4782 καταψηφίσασθαι,
3241 4715 3599 4786 Δημοσθένους
3633 4702 3746 4773 αὐτῷ

558 4797 803 4854 millibus
830 4798 1098 4854 librarum
1127 4798 1436 4853 Atticarum
1468 4797 1519 4853 ei
1554 4799 1759 4865 missis,
1794 4798 1923 4854 forti
1949 4798 2135 4854 animo

2240 4796 2440 4868 μυρίας
2480 4798 2730 4863 Ἀττικὰς
2756 4800 3095 4871 πέμψαντος,
3129 4803 3225 4857 καὶ
3251 4806 3508 4871 γενναίως
3538 4803 3622 4873 τὴν
3645 4811 3746 4865 περ·

556 4888 704 4960 quod
734 4887 816 4945 sic
866 4889 1024 4945 triste
1046 4897 1327 4954 evenerat,
1383 4888 1529 4944 ferre
1567 4889 1844 4944 suaderet.
1885 4890 1975 4953 At,
2026 4904 2134 4958 qua

2240 4887 2454 4942 ίστασιν
2497 4887 2685 4961 φέρειν
2732 4892 3203 4964 παρακαλοῦντος,
3230 4898 3341 4951 Καὶ
3384 4900 3515 4962 πῶς,
3540 4896 3647 4966 ἔφη.
3673 4886 3740 4941 δύ·

559 4980 793 5048 ratione,
824 4980 1030 5053 inquit,
1056 4996 1280 5054 possum
1307 4997 1418 5036 non
1440 4981 1789 5048 discruciari,
1819 4998 1884 5039 ea
1912 4982 2134 5037 civitate

2237 4996 2407 5049 ναμαι
2440 4980 2516 5049 μὴ
2551 4980 2838 5037 λυπεῖσθαι
2869 4984 3127 5056 τοιαύτης
3168 4987 3552 5060 ἐκϐαλλόμενος
3597 4973 3744 5047 πατρί’

555 5073 785 5144 eiectus,
855 5075 951 5130 ubi
1009 5075 1106 5146 qui
1177 5074 1291 5131 laesi
1378 5074 1578 5145 injuria
1644 5084 1807 5141 sunt,
1868 5074 2131 5130 laedentes

2237 5071 2345 5133 εοςν
2382 5071 2441 5122 ὲν
2576 5072 2625 5124 οἱ
2678 5072 3030 5144 ἀδικηθέντες
3076 5074 3172 5129 καὶ
3223 5074 3608 5149 προσωφελοὼι
3648 5064 3742 5123 τοὺς

552 5165 717 5222 etiam
742 5165 1025 5224 beneficiis
1057 5167 1446 5224 demerentur?

1018 5186 1025 5222 ι
1057 5167 1446 5224 demerentur?
2238 5161 2557 5228 ἀδικοῦντας
2588 5182 2603 5233 ;

1096 5342 1325 5400 sermo
1362 5343 1569 5399 van.
2324 5324 2329 5329 ”

2324 5324 2329 5329 ”
2777 5345 2999 5399 ΛΟΓΟΣ
3046 5344 3143 5400 sz'
3184 5348 3254 5401 ιι.

1008 5431 1087 5486 De
1132 5436 1252 5489 vitm
1283 5435 1667 5506 ianualitate.

2644 5436 2785 5508 Περι
2842 5438 2983 5504 βίου
3039 5438 3399 5514 ἀνωμαλίας.

620 5519 782 5578 Joan.
815 5536 923 5587 xvi,
952 5518 1043 5576 20.
1075 5550 1145 5561 —
1166 5520 1365 5586 Amen,
1406 5538 1568 5579 amen
1612 5525 1737 5582 dico
1765 5527 1943 5594 vobis,
1985 5529 2115 5600 quia

2311 5527 2502 5585 ’der.
2559 5536 2658 5596 ις’.
2691 5562 2762 5573 -
2798 5531 2993 5605 Ἀμὴν,
3022 5535 3171 5607 ἀμὴν
3193 5535 3339 5608 λέγω
3364 5538 3505 5611 ὑμῖν,
3525 5536 3591 5589 ὅτι
3616 5520 3737 5582 κλαύ-

616 5639 662 5672 δδ
695 5639 754 5695 in
791 5638 958 5697 Gesn.
993 5637 1149 5694 Stob.
1176 5637 1301 5693 246.

3943 3396 3945 3513 ψ
