4014 6284
173 356 324 424 1009

652 480 911 547 Σοφοκλ.
971 482 1041 537 ἐν
1085 486 1313 544 Alam.

265 562 357 644 ac
382 561 571 644 ἡμέρα
600 569 794 623 κλίνει
822 587 886 644 re
914 574 1161 644 κάνάγει
1192 577 1399 642 πάλιν,

242 631 448 698 οὕτως
497 634 735 693 ἅπαντα
790 641 862 694 τὰ
892 631 1252 713 ἀνθρὼἶττινα.

727 753 947 807 ΛΟΓΟΣ
986 755 1091 810 ΞΗ⁹
1129 758 1195 815 ⁸⁸.

233 836 383 904 Περὶ
409 838 534 906 τοῦ,
572 842 663 897 ὅτι
691 843 790 898 δεῖ
811 846 988 934 (rufi):
1014 851 1235 920 ἀρετὴν
1263 853 1361 907 καὶ
1408 855 1681 917 κολάζειν

848 934 1081 973 κακίαν.

250 1020 441 1077 Ἰωὰν.
470 1022 536 1079 ε’.
581 1025 1041 1100 Ἐκπορεύσονται
1078 1035 1127 1086 oi
1160 1035 1229 1089 τὰ
1265 1037 1443 1106 ἀγαθά
1490 1041 1749 1111 ποιήσαν-

68 1192 69 1195 Ὶ
157 1127 279 1177 τες,
314 1115 395 1175 εἰς
420 1115 717 1172 ἀνάστασιν
747 1120 894 1191 ζωῆς
917 1139 931 1153 ·
961 1125 1009 1177 οἱ
1036 1125 1093 1178 δὲ
1117 1127 1186 1180 τὰ
1213 1129 1389 1197 φαῦλα
1421 1132 1744 1201 πράξαντες,

158 1203 240 1263 εις
277 1202 581 1259 ἀνάστασιν
616 1209 871 1280 κρίσεως.

342 1299 515 1365 Πετρ.
542 1300 626 1364 β’.
656 1333 725 1342 -
756 1306 910 1359 Οτδεν
956 1310 1161 1379 Κύριος
1192 1314 1435 1378 εὐσεϐεῖς
1459 1317 1521 1371 ὲκ
1550 1333 1745 1387 πειραο

159 1385 306 1479 σμοῦ
371 1389 599 1457 ῥύεσθαι
632 1409 646 1423 ⁸
708 1396 928 1463 ἀδίκους
982 1401 1039 1454 δὲ
1097 1404 1177 1467 εἰς
1231 1406 1448 1477 ἡμέραν
1513 1385 1745 1479 κρίσεως

156 1477 564 1550 κολαζομένους
593 1491 802 1557 τηρεῖν.
837 1516 841 1519 Α

220 1571 477 1641 Παροιμ.
512 1582 620 1631 κα’.
652 1607 713 1619 ——
734 1580 1115 1654 Ζημιουμένου
1148 1585 1471 1657 ἀκολάστου,
1508 1607 1737 1663 πανουρ·

155 1658 280 1726 τότε
289 1677 386 1730 ρος
412 1663 618 1731 γίνεται
652 1668 877 1735 ἄκακος.

224 1753 485 1844 ῌαροιμ.
520 1760 1055 1837 κβ’.--Πανοῦργος
1111 1768 1233 1821 ίδὼν
1283 1772 1514 1843 πονηρὸν
1574 1790 1743 1844 τιμω-

156 1842 451 1913 ρούμενον,
488 1853 765 1920 κραταιῶς
802 1856 965 1922 αὐτὸς
998 1861 1329 1920 παιδεύεται.

222 1935 420 2032 ξιρὰχ
458 1937 513 2032 ι’.
533 1970 604 1981 --
626 1944 699 1997 Οὐ
722 1944 928 1999 δίκαιον
963 1950 1229 2022 ἀτιμάσαι
1257 1959 1469 2029 πτωχὸν
1502 1964 1742 2032 συνετὸν,

152 2022 247 2076 καὶ
272 2024 338 2078 ού
376 2028 620 2101 καθῆκον
644 2034 867 2099 δοξάσαι
903 2039 1252 2112 ἀμαρτωλόν.

218 2203 544 2300 Βασιινῑ.-
578 2210 703 2265 Ἐάν
761 2216 810 2267 οἱ
862 2223 1269 2289 σωφρονοῦντες
1318 2229 1446 2292 τοὺς
1506 2233 1743 2300 φαύλους

151 2293 830 2399 ῐδωσινάτιμαζομένους,
870 2311 1003 2365 πολὺ
1036 2316 1448 2392 προθυμότερον
1481 2293 1580 2392 ei];
1607 2293 1740 2399 ιὶιρε-ἰ

147 2384 245 2451 τῆς
274 2387 620 2457 ἀνθέξονται.

225 2480 425 2580 tilla;
580 2482 773 2580 οῦνεῖη
808 2495 935 2566 περὶ
970 2497 1141 2552 ταῦτα
1176 2503 1444 2576 τολμηρὸς
1478 2512 1572 2563 καὶ
1609 2530 1735 2580 γεν-

148 2566 350 2670 νάδας·
395 2572 593 2670 μᾶλλον
641 2576 695 2629 δὲ
729 2581 813 2649 εἴη
859 2583 1068 2653 μηδείς,
1113 2566 1520 2657 Ἑγὼιδέόκνῶ
1568 2566 1737 2670 κακίᾳ

147 2658 330 2714 δοῦναι
362 2664 582 2731 πάντως
611 2670 707 2738 τὴν
732 2673 981 2728 ἐντεῦθεν
1014 2679 1258 2745 κόλασιν,
1295 2683 1327 2754 ῆ
1365 2686 1615 2761 εὐσεϐείᾳ
1636 2692 1734 2762 τὴν

146 2748 353 2854 ἄνεσιν.
405 2755 546 2854 ςΔλλ*
592 2760 705 2814 ἔστι
753 2766 851 2833 μὲν
879 2767 967 2821 ὅτε
1004 2772 1097 2824 καὶ
1128 2775 1261 2845 πρός
1290 2748 1341 2829 τί
1376 2748 1666 2851 χρήσιμον,
1690 2748 1729 2854 ’ἢ

148 2842 351 2906 κακίας
401 2847 829 2923 ἐγκοπτομένης,
882 2857 1182 2917 δυσπάθεια
1214 2866 1320 2921 τῶν
1352 2873 1636 2942 πονηρῶν’
1699 2876 1731 2947 ἢ

146 2931 355 3005 ἀρετῆς
410 2938 854 3017 ὁδοποιουμένης,
916 2951 1180 3009 εὐπάθεια
1229 2959 1338 3013 τῶν
1402 2962 1729 3032 βελτιόνων·

146 3026 240 3079 οὐκ
268 3030 365 3082 ἀεὶ
402 3032 481 3099 δὲ,
531 3037 649 3090 οὐδὲ
687 3041 936 3107 πάντως
1003 3048 1120 3102 ἀλλ’
1167 3046 1308 3107 εἶναι
1358 3056 1517 3112 τοῦτο
1570 3065 1731 3132 μόνον

1492 379 1663 442 LOCI
1702 380 2135 444 COMMUNES.

1785 494 1832 550 Α
2358 495 2627 567 Sophoclis
2655 500 2710 553 in
2746 500 2927 571 Ajace.

3298 395 3449 463 1010-

1935 582 2054 672 (Qua
2076 586 2291 672 ratione
2314 588 2541 644 inclinat
2566 593 2696 657 dies,
2738 614 2799 649 ac
2832 611 3045 651 rursum
3079 603 3327 672 assurgit,

1927 653 2014 708 Sic
2040 665 2089 708 et
2115 657 2361 712 humana:
2404 677 2484 714 res
2523 653 2721 718 omnes.

2404 774 2634 831 SERMO
2672 777 2905 834 LXVIII.

1929 862 2128 917 Honori
2157 866 2453 920 habendam
2487 870 2764 937 virtutem,
2795 873 2983 926 vitium
3019 876 3375 944 puniendum.

1927 1041 2093 1096 Joan.
2118 1060 2173 1107 v,
2194 1043 2286 1098 29.
2315 1074 2385 1083 --
2410 1045 2719 1102 Procedent
2756 1050 2852 1118 qui
2888 1050 3030 1106 bona
3080 1052 3333 1109 fecerunt
3376 1055 3431 1109 in

1858 1137 2320 1191 resurrectionem
2364 1138 2517 1203 vitae;
2568 1140 2663 1208 qui
2716 1155 2847 1195 vero
2880 1143 3021 1197 mala
3071 1154 3324 1215 egerunt,
3374 1148 3431 1203 in

1854 1228 2320 1283 resurrectionem
2352 1230 2570 1299 judieii.

1933 1319 1993 1374 II
2024 1319 2171 1374 Petr.
2200 1337 2259 1385 ιι,
2290 1324 2343 1377 9.
2368 1323 2618 1378 —Novit
2659 1325 2927 1381 Dominus
2974 1328 3096 1398 pios
3131 1330 3199 1384 de
3248 1339 3430 1387 tenta-

1859 1412 2012 1466 tione
2043 1413 2289 1481 eripere;
2324 1413 2543 1484 iniquos
2573 1431 2705 1470 vero
2737 1416 2791 1471 in
2824 1416 2970 1477 diem
3003 1420 3200 1489 judicii
3252 1438 3433 1480 resers

1855 1517 1986 1556 vare
2017 1502 2369 1557 cruciandos.

1922 1593 2078 1648 Prov.
2116 1610 2225 1659 xxx,
2259 1595 2345 1649 Η.
2371 1624 2444 1635 -—-
2470 1596 2696 1653 Multato
2725 1599 3039 1670 pestilente,
3088 1601 3326 1656 astutior
3369 1602 3429 1658 ﬁt

1852 1682 2102 1753 simplex.

1926 1774 2084 1830 Prov.
2119 1790 2249 1840 xxn,
2281 1777 2334 1831 5.
2370 1778 2703 1835 —-Callidus
2744 1781 2941 1837 videns
2981 1782 3185 1837 malum
3230 1796 3439 1851 ptenas.

1781 1848 1821 1902 Β
1851 1863 2094 1931 dantem,
2122 1867 2281 1921 valde
2322 1868 2437 1937 ipse
2479 1869 2755 1923 eruditur.

1915 1956 2081 2011 Eecli.
2117 1975 2170 2023 x,
2195 1960 2285 2015 26.
2314 1992 2385 2001 —
2410 1961 2529 2017 Non
2548 1964 2759 2033 justum
2790 1973 2875 2019 est
2898 1963 3185 2035 despicere
3212 1981 3422 2037 paupe-

1846 2063 1960 2103 rem
1990 2058 2295 2116 sensatum,
2320 2067 2423 2107 nec
2452 2052 2613 2109 decet
2638 2054 2989 2125 magniﬁcare
3018 2056 3198 2111 virum
3233 2072 3424 2126 pecca-

1844 2147 2043 2194 torem.

1916 2231 2124 2293 Basilii.
2150 2266 2219 2279 —
2254 2235 2392 2291 Cum
2422 2236 2526 2293 viri
2557 2239 2729 2295 sobrii
2773 2254 2838 2295 ac
2873 2241 3198 2311 prudentes,
3248 2244 3423 2299 malos

1844 2321 2097 2380 homines
2171 2337 2519 2398 eontemptos
2574 2329 2942 2395 adverterint,
3006 2332 3203 2402 majori
3261 2332 3421 2403 longe

1843 2414 2125 2473 alacritate
2156 2419 2482 2477 incumbent
2512 2422 2617 2492 ipsi
2646 2423 2867 2478 virtuti.

1908 2507 2073 2577 685
2105 2510 2260 2565 Alius
2288 2527 2418 2568 sane
2448 2512 2600 2567 hisce
2630 2513 2685 2567 in
2715 2514 2883 2569 rebus
2925 2514 3103 2569 audax
3132 2515 3423 2585 praeﬁden-

1842 2598 2058 2668 tiorque
2090 2601 2394 2669 exstiterit;
2445 2604 2693 2673 quinimo
2740 2620 2845 2659 nec
2893 2606 3184 2676 quisquam
3234 2606 3419 2661 fuerit.

1836 2689 2109 2745 Caeterum
2145 2693 2325 2747 haereo
2357 2710 2478 2765 ego,
2504 2712 2608 2752 nec
2633 2712 2732 2751 me.
2754 2697 2953 2751 adduci
2982 2697 3153 2765 sinor,
3186 2707 3250 2753 ut
3283 2713 3424 2769 pra:-

1837 2782 1976 2836 senti
2011 2797 2127 2837 aevo
2162 2784 2430 2853 supplicia
2458 2786 2616 2850 vitio,
2653 2796 2749 2842 aut
2798 2788 2987 2857 pietati
3038 2789 3423 2844 remissionem

1836 2887 1901 2926 ac
1929 2872 2173 2938 delicias,
2224 2875 2449 2929 omnino
2483 2876 2752 2931 ascribam
2786 2895 2798 2929 :
2835 2877 2930 2931 sed
2962 2884 3048 2931 est
3090 2876 3422 2948 quandoque

1836 2965 2080 3035 quidem,
2113 2966 2258 3035 quod
2303 2967 2377 3020 ita
2406 2968 2538 3022 utile
2570 2968 2661 3032 sit,
2694 2978 2757 3023 ut
2799 2969 3046 3039 nequitia
3074 2968 3419 3043 inhibeatur,

1838 3068 1954 3113 tum
2001 3058 2268 3114 malorum
2306 3061 2621 3127 calamitas,
2658 3069 2772 3117 tum
2820 3070 2880 3115 ut
2913 3061 3090 3116 virtus
3125 3072 3421 3130 prosperos

146 3121 342 3249 ξιέζροῦ
371 3126 471 3249 ’τοῦ
502 3128 807 3198 μέλλοντος,
839 3139 962 3191 καθ’
997 3139 1056 3194 ὃν
1080 3143 1129 3196 oi
1167 3144 1265 3214 μὲν
1296 3147 1365 3201 τὰ
1400 3150 1498 3221 τῆς
1530 3121 1730 3227 ἀρετῆς

147 3226 173 3249 η
247 3230 276 3249 η
332 3231 363 3249 Λ
432 3243 457 3249 .,
498 3220 563 3249 ’ἓ-
592 3224 691 3249 -;-
718 3228 917 3249 --_--!-._
950 3230 963 3249 ι
1082 3233 1096 3249 ι
1223 3236 1309 3249 ο..-

1865 3168 2125 3208 uccessus
2178 3154 2400 3219 habeat,
2458 3169 2523 3209 ac
2555 3154 2891 3224 provehatur
2923 3154 3097 3225 ipsius
3139 3152 3419 3208 cultorum

147 3204 299 3277 ἆθλα,
332 3215 386 3266 oi
412 3217 469 3270 δὲ
498 3220 565 3272 τὰ
592 3224 691 3293 τῆς
718 3228 917 3293 κακίας
947 3204 1198 3305 ἐπιτίμια
1219 3204 1483 3303 δέξονταί.

209 3484 713 3580 Κροσσαί-Δὸς
741 3493 819 3563 τῷ
842 3494 1098 3569 δεομένῳ,
1150 3503 1241 3553 καὶ
1274 3504 1346 3576 μὴ
1373 3505 1477 3576 δῷς
1517 3509 1590 3579 τῷ
1636 3512 1727 3580 ὀρ-

144 3575 418 3644 χουμένῳ,
455 3577 539 3629 ἵνα
565 3580 637 3650 μὴ
675 3584 813 3651 μετά
845 3586 952 3640 τῶν
995 3589 1103 3642 σῶν
1141 3595 1439 3662 χρημάτων
1483 3601 1576 3653 καὶ
1628 3601 1727 3672 τὴν

142 3665 319 3737 ψυχὴν
350 3668 623 3743 ἀπολέσῃς
646 3673 743 3744 τὴν
789 3677 1020 3734 ἐκείνου.
1078 3683 1159 3736 Σὺ·
1186 3685 1295 3756 γὰρ
1344 3689 1519 3754 αἴτιος
1548 3688 1599 3745 εἴ
1628 3665 1727 3766 cii;

144 3758 682 3853 iusivo-J‘dnwlslag,
739 3765 825 3819 διὰ
868 3769 967 3840 τῆς
1000 3773 1229 3846 ἀκαίρου
1282 3780 1612 3853 φιλοτιμίας.

142 3845 246 3946 γάρ
276 3848 331 3899 οἱ
368 3848 459 3946 επὶ
614 3852 922 3946 δρχήστρας
950 3858 1166 3930 ᾔδεσαν,
1190 3864 1271 3919 ὅτι
1301 3866 1359 3920 τὸ
1387 3845 1727 3946 ἐπιτήδευμα

143 3939 324 4003 αὐτοῖς
358 3940 584 4010 ἀκερδὲς
614 3942 837 4013 ἔμελλεν
871 3948 1109 4020 ἔσεσθαι,
1150 3956 1316 4010 πάλαι
1353 3959 1419 4014 ἂν
1447 3963 1725 4021 ἐπαύσαν-

141 4044 198 4080 το
233 4029 417 4082 ταῦτα
457 4033 894 4104 ἐπιτηδεύοντες.

215 4122 423 4217 Ἡσαΐ.
451 4127 607 4191 γ’.-
641 4126 843 4181 Ἀδικεῖ
877 4132 1003 4197 τοὺς
1055 4136 1315 4203 ἀγαθοὺς,
1353 4142 1380 4194 ὁ
1410 4146 1726 4217 φειδόμενος

142 4231 242 4267 των
272 4233 353 4271 κα
362 4234 468 4267 κων
475 4258 489 4271 .

208 4308 372 4363 Ὅσοι
427 4314 555 4375 τούς
601 4314 917 4381 ἀδικοῦντας
986 4321 1327 4393 κολάζουσιν,
1402 4323 1549 4386 οὗτοι
1599 4338 1725 4401 τοὺς

142 4398 336 4463 ᾶλλους
367 4400 671 4458 ἀδικεῖσθαι
702 4407 1021 4467 κωλύουσιν.

1835 3244 2089 3309 felicitas,
2120 3245 2216 3300 sed
2242 3261 2350 3300 non
2378 3261 2595 3316 semper
2617 3260 2986 3316 prorsusque;
3010 3260 3203 3301 verum
3227 3244 3419 3299 futuro

1836 3334 1888 3388 id
1918 3350 2036 3389 :evo
2069 3334 2340 3400 deditum,
2368 3350 2478 3405 quo
2522 3335 2614 3389 alii
2658 3335 2882 3406 quidem
2911 3335 3137 3391 virtutis
3168 3335 3414 3405 praemia,

1832 3423 1926 3476 alii
1954 3424 2222 3478 malorum
2248 3440 2438 3493 pmnas
2463 3426 2742 3495 recepturi
2768 3436 2918 3480 sunt.

1903 3513 2173 3585 Chrysost.
2194 3546 2265 3555 -—-
2287 3516 2363 3571 Da
2386 3516 2674 3586 indigenti,
2702 3533 2804 3572 nec
2830 3516 3154 3587 tripudianti
3170 3517 3413 3583 dederis,

1832 3622 1900 3661 ne
1931 3622 2053 3661 cum
2084 3608 2193 3663 tuis
2218 3608 2441 3677 opibus,
2468 3610 2589 3679 ejus
2616 3610 2789 3679 ipsius
2816 3610 3057 3664 animam
3084 3610 3413 3680 perdideris.

1832 3697 1911 3751 Tu
1948 3699 2115 3763 enim,
2144 3700 2292 3769 quod
2322 3700 2401 3754 sic
2434 3700 2747 3770 importune
2785 3700 3079 3756 muniﬁcus
3111 3715 3193 3766 es,
3223 3700 3413 3770 perdi-

1831 3790 1995 3845 tionis
2041 3790 2115 3845 illi
2149 3800 2343 3846 auctor
2371 3792 2610 3849 exsistis.
2641 3792 2697 3848 Si
2731 3793 2881 3848 enim
2905 3793 3000 3863 qui
3033 3792 3087 3847 in
3128 3792 3413 3848 orchestra

1828 3882 2049 3949 ludunt,
2085 3886 2434 3955 exploratum
2481 3886 2775 3955 haberent,
2823 3889 3039 3942 nullum
3085 3888 3301 3944 sibi-eo
3343 3903 3425 3955 ex,

1831 3976 2082 4033 instituto
2117 3978 2376 4033 lucellum
2408 3978 2546 4044 fore,
2585 3979 2677 4035 illo
2709 3980 2922 4059 pridem
2951 3982 3067 4051 jam
3109 3982 3411 4038 abstinuis-

1828 4076 1975 4125 sent.

1898 4160 2073 4217 Isaiae.
2100 4193 2168 4201 —
2188 4162 2249 4216 In
2284 4162 2461 4218 bonos
2495 4162 2731 4233 injurius
2758 4172 2863 4229 est,
2896 4162 2991 4234 qui
3019 4163 3199 4235 parcit
3230 4164 3407 4220 malis.

1896 4340 1999 4404 Qui
2044 4340 2099 4393 in
2135 4354 2231 4394 eos
2267 4339 2632 4406 ulciscuntur,
2664 4340 2759 4410 qui
2806 4340 3007 4411 injuria
3051 4342 3277 4409 laedunt,
3325 4341 3406 4407 hi,

1826 4450 1894 4488 ne
1923 4433 2012 4487 alii
2042 4432 2331 4497 lzedantur,
2368 4432 2695 4502 impediunt.

214 4494 273 4595 ΣΟ
331 4495 536 4595 ἀρετὴν
581 4499 778 4595 τιμῶν,
832 4503 1056 4575 πρώτην
1110 4508 1368 4580 ἀλήθειαν
1423 4520 1580 4590 τιμᾷ,
1624 4522 1718 4574 καὶ

1894 4524 2127 4580 Virtutis
2175 4494 2375 4588 cultor,
2422 4494 2655 4592 primam
2690 4523 2979 4577 veritatem
3029 4524 3183 4591 colit,
3232 4538 3408 4595 eaque

144 4584 379 4651 μάλιστα
402 4586 478 4649 ὡς
502 4588 710 4658 ἀγαθοῦ
742 4596 944 4659 παντὸς
974 4599 1433 4670 ἡγεμονεύουσαν.

207 4772 714 4827 Σόλων.-Σόλων
759 4777 787 4828 ὁ
830 4777 1012 4845 σοφὸς,
1067 4780 1286 4852 ἐκείνην
1336 4782 1488 4839 εἶπεν
1522 4789 1721 4861 ἄριστα

138 4864 407 4918 οἰκεῖσθαι
442 4866 540 4936 τὴν
581 4868 756 4933 πόλιν,
811 4864 932 4944 ἐνῇ
979 4872 1104 4937 τοὺς
1130 4875 1370 4942 ἀγαθοὺς
1432 4882 1719 4951 συμϐαίνει

141 4956 438 5025 τιμᾶσθαι·
466 4959 699 5011 κάκιστα
730 4960 786 5013 δὲ
824 4964 1113 5028 οἰκεῖσθαι,
1161 4970 1220 5021 ὲν
1268 4963 1301 5042 ᾗ
1332 4972 1457 5035 τοὺς
1492 4976 1713 5041 κακούς.

209 5048 661 5111 Σὲξτου.-Δύο
710 5052 953 5122 ἀφορμαὶ
1003 5058 1242 5111 κινοῦσιν
1293 5061 1577 5133 ἄνθρωπον
1637 5069 1717 5132 εἰς

141 5140 268 5193 Θεοῦ
297 5141 650 5209 ἐπιμέλειαν·
706 5147 942 5215 τιμωρία
981 5148 1316 5215 δυσσεϐείας,
1353 5156 1445 5207 καὶ
1494 5156 1716 5229 γνώμης

142 5230 393 5293 εὐσεϐοῦς
422 5231 666 5301 ἀμοιϐαὶ.

220 5323 521 5394 Ἀφόρητος
548 5324 755 5392 γίνεται
803 5328 977 5381 κακία
1006 5330 1392 5408 ἐπαινουμένη.

211 5502 547 5568 Προκοπίου
593 5500 1070 5578 ῥήτορος.-Μὴ
1129 5525 1449 5585 τιμωμενης
1489 5520 1709 5590 αρετῆς,

144 5591 174 5658 ἡ
196 5593 359 5645 κακία
400 5593 861 5664 παρρησιάζεται.

215 5754 256 5785 ⁸⁸
303 5755 360 5815 In
388 5752 555 5809 Gesn.
615 5754 767 5810 Slob.
817 5753 870 5807 5.

1827 4615 2059 4668 maxime
2094 4613 2333 4677 ratione,
2377 4612 2525 4679 quod
2568 4611 2744 4667 omnis
2786 4612 2919 4667 boni
2965 4613 3077 4668 dux
3108 4629 3172 4669 ac
3202 4629 3407 4685 auspex

1823 4703 2056 4759 exsistit.

1896 4793 2077 4848 Solon.
2104 4824 2174 4832 —
2195 4792 2360 4847 Solon
2397 4792 2487 4847 ille
2536 4793 2779 4864 sapiens,
2809 4810 2930 4851 eam
2976 4796 3183 4867 optime
3210 4796 3404 4852 civita-

1825 4894 1933 4940 tem
1964 4884 2204 4938 habitari
2235 4884 2437 4948 aiebat,
2468 4883 2523 4938 in
2550 4900 2655 4954 qua
2690 4884 2865 4941 bonos
2889 4886 2997 4940 coli
3031 4886 3401 4956 contingeret;

1825 4978 2170 5047 pessimeque
2201 4991 2344 5039 eam,
2381 4976 2435 5029 in
2466 4993 2574 5046 qua
2622 4978 2749 5031 mali
2795 4979 3034 5033 honores
3065 4978 3403 5035 obtinerent.

1897 5068 2293 5125 Sexti—Duo
2332 5078 2462 5123 sunt
2515 5084 2637 5136 qua:
2682 5069 2965 5124 hominem
3009 5077 3287 5135 moveant,
3343 5076 3407 5125 ut

1823 5162 1936 5217 Deo
1957 5176 2145 5215 curam
2170 5160 2487 5231 impendat;
2517 5159 2813 5229 impietatis
2836 5174 3019 5230 pmna,
3047 5176 3110 5216 ac
3133 5161 3405 5233 religiosa:

1823 5255 2023 5310 mentis
2062 5254 2305 5324 praemia.

1892 5346 2243 5401 Intolerabile
2273 5345 2469 5401 vitium
2507 5344 2779 5412 redditur,
2812 5346 2961 5417 quod
2999 5348 3259 5404 laudibus
3290 5349 3402 5404 l'ul-
3440 5394 3445 5405 ,

1820 5436 1983 5492 citur.

1891 5528 2135 5599 Praecpii
2188 5530 2432 5583 rhetoris.
2456 5559 2527 5570 —
2548 5530 2766 5589 'v‘irtute
2826 5532 3095 5590 honorem
3124 5550 3277 5601 ,non
3298 5536 3399 5607 ba:

1818 5614 2009 5681 bentc,
2037 5614 2256 5670 eifronti
2280 5616 2589 5687 petulantia
2618 5618 2813 5676 vitium
2843 5622 3114 5692 proditur.
