4014 6284
198 354 351 421 1013

844 467 1138 537 Μενάνδρ.

191 558 419 630 οὐδεὶς
462 557 557 630 ἐπ’
584 556 799 630 ,αὐτοῦ
849 560 918 630 τό
972 559 1163 614 κακὸν
1205 558 1457 630 σψορᾷ.
1485 559 1775 630 Πάμφιλε,

200 629 451 698 Ἐτέρου
481 629 534 683 δ’
562 627 1081 698 ἀσχημονοῦντος,
1122 628 1327 699 σοφῶς
1359 627 1587 697 ὄψεται.

272 823 557 893 Διογένης
589 823 656 878 δ’.
678 822 1020 895 -Διογένης
1035 822 1350 894 ἑρωτηθεὶς,
1371 822 1437 877 Τί
1456 822 1769 895 χαλεπώτα-

188 931 326 979 trav;
350 914 426 968 Τὸ
452 912 743 983 γινώσκειν
760 914 966 979 ἑαυτὸν,
987 914 1111 984 ἔφη.
1133 913 1311 968 Πολλὰ
1328 915 1435 985 γάρ
1462 914 1565 969 ὑπὸ
1586 914 1778 985 φιλαυ-

188 1006 326 1075 τίας
355 1005 588 1059 ἕκαστον
609 1005 787 1077 ἑαυτῷ
810 1005 1175 1076 προστιθέναι.

290 1185 349 1240 '0
395 1184 581 1251 αὐτὸς,
622 1185 733 1241 τῶν
770 1185 1074 1259 ἀνθρώπων
1119 1188 1296 1253 ἐνίους
1333 1187 1439 1260 ἔφη
1481 1187 1551 1243 τά
1590 1187 1781 1243 δέοντα

196 1273 488 1342 λέγοντας,
515 1277 725 1331 ἑαυτῶν
746 1279 845 1331 οὐκ
870 1279 1092 1343 ἀκούειν
1111 1297 1126 1312 '
1153 1278 1342 1351 ῶσπερ
1368 1281 1465 1337 καὶ
1492 1280 1591 1345 τὰς
1612 1280 1785 1351 λύρας

195 1364 376 1420 καλὸν
417 1366 795 1440 φθεγγομένας
828 1370 931 1424 οὐκ
959 1370 1331 1427 αἰσθάνεσθαι.

281 1538 735 1597 Hminem—To
785 1542 1160 1610 ἐξαπατᾶσθαι
1212 1547 1374 1601 αὑτὸν
1455 1546 1547 1619 ὑφ’
1612 1546 1780 1604 αὐτοῦ

200 1618 434 1683 πάντων
454 1631 858 1701 χαλεπώτατον.
879 1636 1046 1691 Ὅταν
1058 1638 1167 1709 γὰρ
1192 1637 1267 1710 μὴ
1301 1638 1495 1710 μικρὸν
1522 1637 1778 1712 [μακρὸν]

200 1718 522 1793 ἁποσταθῇ,
568 1722 683 1777 ἀλλ’
724 1725 813 1779 ἀεὶ
848 1730 999 1799 παρῇ
1058 1729 1087 1782 ό
1132 1728 1507 1799 ἐξαπατήσων,
1553 1728 1671 1793 πῶς
1716 1727 1778 1783 ού

197 1808 425 1877 eam;

788 1930 1007 1986 ΛΟΓΟΣ
1060 1932 1114 1988 0'
1154 1932 1220 1987 “.

199 2012 355 2083 Περὶ
384 2015 514 2082 τοῦ,
544 2016 633 2072 ὅτι
669 2006 1228 2160 σύκολοςᾶἒηξῆακία,
1257 2025 1356 2079 καί
1377 2021 1783 2096 δυσπόριστοι,-

1039 2108 1102 2159 η.

281 2176 469 2231 Maro.
528 2174 989 2236 ζ’.-Είσέλθετε
1030 2180 1120 2235 διὰ
1173 2182 1272 2253 τῆς
1334 2184 1526 2256 στενῆς
1583 2185 1783 2259 πύλης,

198 2263 293 2317 ὅτι
336 2266 566 2322 πλατεῖα
611 2270 645 2339 ή
694 2269 859 2342 πύλη,
897 2272 990 2326 καὶ
1030 2273 1343 2347 εὐρύχωρος
1383 2278 1417 2348 η
1451 2276 1568 2342 ὁδὸς
1598 2280 1633 2349 ἠ
1673 2279 1785 2341 tu:

200 2356 424 2424 ᾁγουσα
456 2360 537 2425 είς
560 2360 656 2433 τὴν
685 2362 980 2422 ἀπώλειαν.

295 2449 453 2519 ἐὅρ.
493 2452 675 2517 ιβ’.-
700 2454 857 2509 Πᾶσα
902 2454 1142 2523 παιδεία,
1173 2458 1311 2529 πρὸς
1345 2459 1448 2531 μὲν
1501 2460 1564 2515 τὺ
1612 2463 1785 2534 παρὸν

199 2543 273 2609 οὐ
302 2543 453 2597 δοκεῖ
472 2547 647 2616 χαρᾶς
669 2542 829 2613 εἶναι,
854 2547 993 2603 άλλά
1024 2549 1201 2622 λύπης
1226 2569 1242 2585 ·
1283 2551 1509 2623 ὕστερον
1532 2553 1611 2619 δὲ,
1644 2572 1783 2627 καρ-

203 2633 316 2687 πὸν
387 2636 661 2708 εἰρηνικὸν
710 2640 823 2703 τοῖς
868 2639 938 2693 δι’
998 2641 1170 2712 αὐτῆς
1250 2643 1783 2715 ὲγγεγυμνασμένοις

158 2734 163 2739 ’
200 2725 558 2783 ἀποδίδωσιν.

280 2820 528 2889 Παροιμ.
571 2827 670 2886 ις’.
692 2851 762 2864 -—
778 2823 969 2877 Ἔστιν
995 2822 1132 2889 ὁδὸς,
1159 2823 1194 2895 η
1220 2822 1369 2878 δοκεῖ
1393 2824 1547 2897 παρά
1573 2824 1783 2898 ἀνθρώο

202 2926 339 2973 ποις
372 2908 507 2981 ὀρθὴ
533 2905 695 2977 εἶναι,
721 2913 791 2967 τά
831 2913 888 2967 δι
925 2913 1209 2968 τελευταῖα
1240 2914 1414 2987 αὐτῆς
1451 2915 1670 2988 ἔρχεται
1703 2919 1784 2982 είς

200 3000 469 3071 πυθμένα
498 3002 647 3074 ᾅδου.

1512 356 1679 416 1.Οαῖ
1715 353 2154 418 (ΖΟΜΜύΝΕὸ.

1810 474 1855 528 Α
1950 462 2533 520 Menandri—Nemo
2575 461 2634 518 in
2684 461 2868 533 seipso
2913 460 3116 517 malum
3164 460 3449 528 intelligit,

3316 345 3457 411 10H;

1879 557 2184 627 Pamphile.

1947 645 2099 699 Alter
2128 658 2260 700 vero
2300 642 2348 697 si
2394 640 2529 712 quid
2574 641 2645 696 ab
2693 640 2930 696 honesto
2980 638 3197 701 deviet,
3242 636 3451 707 liquido

1877 736 2194 807 perspiciet.

1954 827 2223 899 Diogenes.
2247 857 2317 866 —
2336 827 2605 898 Diogenes
2647 826 3035 894 interrogatus,
3066 819 3163 890 qui
3193 818 3449 873 diliicilli-

1880 933 2031 975 mum
2056 925 2223 983 esset,
2251 916 2537 987 respondit
2564 934 2577 969 :
2603 914 2777 970 Nosse
2799 912 3059 983 seipsum.
3086 910 3253 966 Multa
3280 910 3449 973 enim,

1880 1022 1991 1079 quo
2016 1008 2253 1078 quisque
2295 1022 2441 1063 caeco
2465 1005 2551 1062 sui
2575 1019 2760 1061 amore
2793 1003 2995 1075 agitur,
3027 1002 3085 1057 in
3130 1016 3256 1065 suas
3286 999 3453 1055 ratio-

1880 1110 1979 1150 nes
2011 1094 2331 1150 transferre.

1945 1184 2111 1256 687
2139 1184 2334 1240 Aiebat
2374 1183 2540 1249 idem,
2570 1182 2867 1238 nonnullos
2901 1180 3212 1245 hominum,
3238 1195 3303 1235 ea
3332 1195 3453 1249 qua:

1880 1273 2042 1329 oliicii
2077 1273 2209 1339 sint,
2244 1274 2552 1345 loquentes,
2595 1273 2744 1328 haud
2784 1274 2995 1343 scipsos
3037 1271 3259 1337 audire;
3288 1272 3366 1327 uti
3396 1280 3454 1326 et

1879 1366 2010 1439 lyrae
2033 1382 2159 1421 cum
2183 1366 2538 1421 suavissimos
2560 1364 2753 1419 modos
2775 1369 3055 1429 resonent,
3082 1362 3235 1418 nullo
3256 1376 3452 1418 eorum

1880 1474 2045 1514 sensu
2072 1456 2407 1513 adiciuntur.

1950 1546 2498 1604 Plato.—Omnium
2549 1546 2935 1619 gravissimum
2976 1556 3082 1611 est,
3134 1546 3281 1617 quod
3328 1548 3455 1617 quis

1880 1638 2124 1708 seipsum
2155 1636 2419 1708 decipiat.
2445 1636 2583 1692 Cum
2614 1636 2763 1692 enim
2792 1636 2941 1692 haud
2970 1635 3162 1707 procul
3204 1635 3451 1699 dissitus,

1882 1728 1978 1784 sed
2001 1743 2219 1799 semper
2244 1742 2487 1798 presens
2514 1728 2606 1792 sit,
2631 1728 2727 1797 qui
2750 1726 3129 1782 seductionem
3156 1725 3451 1791 ministrat,

1812 1802 1857 1859 Β
1885 1818 2161 1889 quomodo
2198 1833 2308 1873 non
2341 1818 2583 1873 immane
2614 1816 2908 1888 dirumque
2937 1817 3030 1872 sit.

2446 1929 2675 1987 SERMO
2730 1930 2895 1985 LXX.

1992 2044 2181 2099 Vitium
2215 2060 2323 2099 esse
2348 2043 2522 2114 facile,
2556 2060 2661 2098 non
2688 2040 2841 2115 facile
2874 2043 3061 2113 parari
3084 2042 3346 2097 virtutem.

1953 2178 2140 2234 Hattli.
2166 2194 2261 2244 vn,
2295 2178 2697 2233 i3.—-lntrate
2732 2192 2833 2248 per
2870 2184 3155 2249 angustam
3196 2185 3451 2247 portam:

1883 2269 1992 2325 lata
2016 2270 2165 2325 enim
2196 2276 2281 2325 est
2311 2278 2490 2340 porta,
2517 2277 2575 2325 et
2597 2268 2837 2339 spatiosa
2869 2275 2957 2323 est
2993 2267 3101 2334 via,
3144 2283 3265 2338 qua
3303 2267 3455 2323 ducit

1882 2361 1951 2416 ad
1978 2360 2366 2431 perditionem.

1950 2449 2109 2503 Hebr.
2159 2447 2671 2514 xu,H.-—0mnis
2722 2446 3041 2519 castigatio,
3092 2446 3150 2501 in
3199 2444 3454 2516 praesenti

1882 2539 2105 2609 quidem
2127 2539 2348 2594 videtur
2373 2556 2484 2595 non
2517 2555 2641 2597 esse
2664 2538 2872 2611 gaudii,
2895 2538 2993 2595 sed
3012 2536 3317 2603 maeroris;
3333 2544 3457 2606 post

1882 2647 1948 2687 ea
2005 2640 2189 2687 autem
2230 2631 2471 2687 fructum
2528 2630 2943 2703 pacatissimum
3000 2628 3317 2687 exercitatis
3354 2642 3457 2698 per

1883 2736 2003 2776 eam
2038 2721 2242 2777 reddit.

1954 2811 2110 2867 Prov.
2149 2828 2258 2877 xvi,
2291 2812 2381 2867 25.
2403 2811 2589 2867 —Est
2616 2811 2728 2885 via,
2754 2826 2877 2882 qua:
2912 2809 3134 2869 videtur
3167 2808 3313 2881 apud
3351 2808 3457 2863 ho-

1885 2902 2062 2959 mines
2084 2913 2266 2970 recta;
2292 2910 2539 2959 extrema
2567 2909 2751 2958 autem
2777 2902 2897 2973 ejus
2918 2901 3128 2957 vadunt
3150 2900 3203 2955 in
3230 2898 3459 2971 profun-

1885 2993 2015 3068 dum
2050 2994 2271 3051 inferni.

280 3066 467 3187 Σιρὰχ
499 3066 609 3149 παν.
630 3093 863 3168 --⁹Οδρς
910 3094 1253 3167 ἁμαρτωλῶν
1280 3080 1634 3171 ὠμαλίσμένη
1677 3098 1784 3154 ἀπὸ

1930 3066 2119 3149 Ἐσειλ.
2145 3103 2256 3154 xxi,
2284 3066 2467 3151 {L—
2484 3085 2597 3143 Via.
2614 3092 2972 3157 peccatorum
3000 3084 3345 3155 complanata
3372 3090 3459 3138 est

199 3183 407 3256 λίθων,
432 3184 527 3237 καὶ
554 3186 640 3239 ἐπ’
673 3185 904 3257 ἐσχάτου
927 3188 1098 3259 αὐτῆς
1131 3188 1323 3261 βόθρος
1354 3189 1503 3259 ᾅδου.

278 3276 710 3331 Βασιλείουυ-
734 3276 801 3330 Τί
841 3277 951 3331 τῶν
978 3277 1197 3347 ἀγαθῶν
1231 3278 1488 3345 εὖκολονς
1526 3281 1622 3345 Τίς
1650 3280 1787 3336 καθ-

202 3369 385 3440 εύδων
424 3372 680 3443 τρόπαιον
719 3372 981 3447 ἔστησενς
1036 3374 1132 3439 Τίς
1170 3375 1391 3446 τρυφῶν
1446 3375 1542 3428 καὶ⁸
1583 3392 1789 3429 καταυ-

202 3459 497 3530 λούμενος,
510 3464 621 3526 τοῖς
633 3463 729 3534 τῆς
746 3464 1045 3536 καρτερίας
1062 3464 1345 3533 στεφάνοις
1365 3465 1750 3537 κατεκοσμήθη
1771 3482 1787 3532 ;

207 3552 407 3617 Οὐδεὶς
437 3554 512 3625 μὴ
543 3555 765 3626 δραμὼν
794 3558 1035 3612 ἀνείλετο
1068 3558 1340 3631 βραϐεῖον.
1366 3560 1524 3619 Πόνοι
1558 3560 1788 3633 γεννῶσι

206 3637 407 3707 δόξαν·
438 3643 675 3715 κάματοι
705 3645 763 3700 δὲ
797 3646 1465 3725 προξενοῦσιηστεφάνους.

286 3834 483 3891 Πολλοὶ
511 3837 683 3892 πολλὰ
706 3839 1160 3913 συναθροίσαντες
1182 3844 1248 3897 ὲκ
1273 3843 1548 3915 νεότητος,
1573 3846 1702 3918 περὶ
1720 3846 1791 3901 τά

216 3926 366 3996 μέσα
418 3926 511 3981 τοῦ
578 3928 695 3999 βίου
751 3931 1076 4003 γενόμενοι,
1134 3934 1557 3993 ἐπαναστάντων
1605 3937 1790 4003 αὐτοῖς

212 4017 543 4088 πειρασμῶν
583 4020 648 4073 ὲκ
686 4020 796 4073 τῶν
826 4022 1149 4091 πνευμάτων
1195 4023 1319 4093 τῆς
1348 4023 1645 4097 πονηρίας,
1689 4022 1791 4077 οὐκ

210 4110 461 4185 ἤνεγκαν
485 4110 580 4165 τοῦ
604 4112 871 4183 χειμῶνος
899 4114 962 4168 τὸ
1000 4113 1185 4185 βάρος,
1221 4116 1308 4170 διὰ
1347 4116 1411 4171 τὸ
1454 4118 1556 4188 τὴν
1588 4115 1790 4189 κυδέρ-

212 4218 375 4273 νησιν
396 4202 580 4274 αὐτοῖς
607 4203 681 4276 μὴ
705 4208 991 4277 παρεῖναι*
1020 4206 1159 4261 ἀλλὰ
1190 4208 1405 4273 πάντων
1440 4208 1673 4282 ἐκείνων
1692 4208 1792 4281 τὴν

215 4289 425 4360 ζημίαν
458 4290 778 4363 ὑπέμειναν.

287 4380 429 4435 οὔτε
476 4383 587 4455 γάρ
644 4382 757 4455 πῦρ
822 4386 1273 4459 εύκαταπρήστου
1319 4388 1461 4463 ἱὶλης⁸
1489 4388 1789 4460 ἁψάμενον,

1886 3176 2183 3246 lapidibus,
2204 3184 2261 3233 et
2288 3177 2343 3245 in
2368 3177 2475 3233 line
2502 3177 2672 3243 illius,
2698 3176 2859 3233 fovea
2881 3175 3104 3233 inferni.

1957 3257 2163 3323 Basilii.
2187 3300 2256 3308 —
2276 3268 2418 3335 Quid
2448 3285 2641 3325 eorum
2671 3284 2794 3341 quae
2822 3269 2967 3325 bona
2998 3274 3127 3324 sunt
3150 3280 3327 3336 exque
3350 3264 3460 3318 vir-

1891 3368 2026 3425 tute,
2068 3359 2230 3424 facile
2256 3370 2323 3429 et,
2354 3361 2705 3431 expeditum?
2741 3361 2877 3429 Quis
2916 3359 3247 3416 dormienda
3284 3358 3461 3414 erexit

1890 3453 2194 3522 tropaeum?
2220 3451 2354 3519 Quis
2395 3452 2689 3525 indulgens
2718 3452 2936 3510 deliciis
2983 3452 3241 3522 tibiisque
3268 3449 3463 3506 modu-

1888 3542 2149 3609 lantibus,
2192 3544 2513 3599 constantiae
2553 3544 2824 3616 fortisque
2852 3544 3022 3600 animi
3048 3542 3271 3600 coronis
3310 3540 3459 3598 redi-

1889 3634 2059 3689 mitus
2102 3635 2221 3691 est?
2261 3634 2455 3701 Nemo,
2490 3636 2587 3707 qui
2630 3652 2744 3691 non
2787 3651 2956 3692 cursu
3003 3634 3325 3706 perfunctus
3364 3634 3459 3697 sit,

1888 3724 2127 3794 palmam
2174 3726 2500 3795 promeruit.
2550 3726 2791 3782 Labores
2832 3722 3059 3798 gloriam
3107 3724 3351 3795 pariunt,
3397 3739 3464 3780 ac

1890 3813 2195 3880 certamina
2228 3829 2461 3875 coronas
2491 3816 2808 3872 conciliant.

1956 3904 2112 3961 Multi
2140 3906 2331 3963 multis
2368 3907 2437 3964 ab
2465 3907 2839 3967 adolescentia
2876 3907 3239 3980 congregatis,
3282 3907 3463 3964 media

1890 3998 2114 4054 circiter
2152 4007 2335 4065 aetate,
2384 3999 2581 4055 oborta
2618 3999 2749 4065 illis,
2796 3998 3262 4070 nequissimorum
3304 3997 3467 4067 spiri-

1892 4100 2048 4147 tuum
2080 4090 2296 4157 fraude,
2343 4090 2668 4157 tentatione,
2711 4091 2941 4146 concita:
2984 4088 3325 4159 tempestatis
3354 4087 3464 4142 vim

1891 4183 2036 4241 ferre
2058 4200 2171 4240 non
2197 4184 2509 4250 valuerunt,
2538 4192 2727 4255 utpote
2758 4183 2999 4254 imperiti
3025 4180 3463 4254 gubernationis,

1892 4276 1987 4332 sed
2018 4275 2265 4332 omnium
2294 4291 2479 4332 rerum
2504 4291 2727 4333 suarum
2752 4275 3021 4347 iacturam
3051 4273 3322 4329 fecerunt.

1960 4388 2149 4459 Neque
2177 4388 2327 4445 enim
2362 4388 2480 4446 ﬁeri
2512 4394 2697 4459 potest
2724 4394 2787 4441 ut
2822 4386 2983 4458 ignis.
3013 4384 3105 4441 ubi
3130 4384 3339 4439 aridam
3372 4398 3468 4437 na-

214 4470 448 4526 δυνατὸν
480 4473 556 4545 μὴ
584 4474 706 4545 οὐχὶ
736 4475 830 4530 ἐπὶ
873 4479 1054 4531 πᾶσαν
1099 4478 1291 4551 αὐτὴν,
1316 4478 1592 4549 διαϐῆναι,
1613 4478 1788 4543 άλλως

1899 4488 2015 4537 ctus
2041 4480 2210 4537 fuerit
2237 4482 2545 4545 materiam,
2573 4496 2686 4536 non
2717 4488 2886 4535 totam
2924 4479 3197 4541 absumat,
3240 4491 3470 4547 praeser-

214 4580 278 4617 τε
312 4563 420 4618 κᾶν
454 4564 685 4637 ἐπιτύχῃ
707 4566 1016 4639 πνεύματος
1050 4570 1309 4640 ἐπιφόρου
1352 4570 1453 4639 τὴν
1482 4569 1655 4640 φλόγα
1678 4569 1795 4624 δια-

217 4654 568 4727 κομίζοντος·
608 4656 730 4711 οὔτε
755 4658 857 4730 τὴν
887 4660 1162 4732 ἁμαρτίαν
1212 4660 1330 4723 ἑνὸς
1368 4660 1677 4732 ἁψαμένην,
1720 4662 1795 4734 μὴ

216 4747 343 4817 οὐχὶ
369 4748 464 4801 ἐπὶ
489 4749 698 4814 πάντας
722 4751 849 4814 τοὺς
873 4750 1193 4820 ὲγγίξοντας
1234 4751 1486 4821 διελθεῖν,
1533 4752 1797 4818 ὲξαπτόν·

218 4855 331 4892 των
357 4839 529 4911 αὐτὴν
547 4840 657 4894 τῶν
686 4842 1012 4912 πνευμάτων
1046 4845 1147 4915 τῆς
1175 4845 1460 4917 πονηρίας.

293 4932 1104 5005 Θεολότ.-Δυσκατόρθωτος
1142 4936 1177 5007 ἠ
1216 4936 1409 5010 ἁρετὴ.
1451 4937 1545 4992 καὶ⁵
1586 4937 1647 4993 οὐ
1707 4957 1798 5011 μι-

220 5023 376 5093 κροῖς
403 5020 687 5076 ἁλίσκεται
720 5024 924 5087 πόνοις.

293 5114 531 5167 Σπάνιον
554 5116 589 5186 η
618 5114 712 5169 τοῦ
741 5114 947 5184 ἀγαθοῦ
973 5116 1168 5188 κτῆσις
1200 5117 1295 5172 καὶ
1337 5120 1658 5190 πρόσαντες,
1694 5121 1800 5177 κᾶν

220 5205 273 5257 εἰ
299 5204 438 5258 πολὺ
458 5205 523 5259 τὸ
541 5206 808 5278 μεθέλκον
842 5209 927 5280 εἴη
959 5210 1054 5263 καὶ
1091 5209 1555 5283 προκαλούμενον.

298 5296 601 5369 Πρόχειρον
654 5301 890 5372 πρᾶγμα
943 5304 977 5374 ὴ
1018 5302 1310 5376 μοχθηρία,
1344 5306 1436 5360 καὶ
1463 5305 1617 5360 οὐδὲν
1658 5307 1804 5364 οὕτω

226 5388 413 5461 ῥᾴδιον
438 5388 515 5453 ὡς
540 5390 602 5443 τὸ
629 5392 884 5460 γενέσθαι
908 5395 1100 5449 κακόν.

297 5477 415 5548 Τῆς
440 5478 613 5550 αὐτῆς
641 5480 757 5561 ἔστι
784 5481 1125 5559 δυσχερείας,
1162 5482 1257 5537 καὶ
1282 5482 1586 5556 κτήσασθαί
1614 5501 1666 5537 τι
1691 5484 1799 5539 τῶν

223 5568 451 5640 ἀγαθῶν
475 5569 577 5641 οὐχ
598 5572 865 5645 ὑπάρχον,
892 5575 990 5637 καὶ
1015 5574 1211 5647 κτηθὲν
1243 5574 1634 5632 διασώσασθαι.
1659 5577 1800 5630 Πολ-

1897 4572 1995 4627 tim
2022 4572 2070 4627 si
2096 4582 2299 4629 ventus
2328 4572 2606 4629 secundus
2636 4571 2883 4637 accedat,
2916 4569 3015 4641 qui
3059 4568 3330 4623 ﬂammam
3368 4567 3469 4623 de-

1894 4664 2059 4719 vehat
2088 4680 2102 4718 :
2129 4663 2211 4720 sic
2235 4672 2543 4735 peccatum,
2570 4678 2698 4719 cum
2722 4678 2895 4719 unum
2918 4660 3220 4733 quemlibet
3252 4660 3468 4715 invase-

1896 4755 1989 4821 rit,
2020 4755 2075 4811 in
2111 4756 2337 4815 vicinos
2356 4770 2571 4821 omnes,
2599 4754 3068 4812 sucoendentibus
3099 4753 3276 4824 ipsum
3314 4751 3471 4806 mali-

1896 4847 2019 4920 guis
2046 4848 2352 4919 spiritibus,
2390 4848 2661 4920 pervadit.

1967 4938 2230 5011 Theologi.
2253 4970 2324 4980 —
2340 4939 2530 4996 Virtus
2570 4938 2790 4996 ditiicile
2817 4944 3126 5011 praestatur,
3156 4949 3261 4991 nec
3284 4932 3471 5005 parvis

1897 5042 2092 5100 compa
2101 5038 2251 5085 ratur
2294 5030 2600 5087 laboribus.

1970 5121 2113 5177 Rara
2144 5130 2230 5177 est
2271 5129 2329 5177 et
2374 5122 2547 5178 ardua
2596 5121 2726 5177 boni
2771 5116 3093 5190 acquisitio,
3130 5117 3259 5174 licet
3302 5117 3501 5175 multa.

1901 5215 2014 5271 sint
2038 5231 2160 5285 qua:
2187 5214 2256 5269 ad
2286 5215 2464 5284 ipsum
2488 5222 2787 5285 provocent
2808 5221 2865 5268 et
2891 5210 3154 5267 alliciant.

1967 5307 2137 5378 688
2166 5307 2277 5362 Res
2312 5306 2574 5377 proclivis
2603 5304 2947 5376 improbitas,
2978 5303 3229 5374 nihilque
3263 5302 3344 5359 sic
3376 5318 3479 5380 ex:

1904 5398 2173 5469 peditum,
2207 5414 2272 5455 ac
2304 5408 2365 5454 ut
2390 5398 2568 5453 malus
2592 5396 2718 5467 quis
2747 5396 2858 5451 ﬁat.

1973 5490 2234 5560 Peraeque
2279 5489 2515 5545 arduum
2558 5496 2643 5545 est
2688 5489 2962 5544 bonorum
3012 5484 3221 5557 aliquid
3251 5498 3475 5553 compa-

1906 5595 2051 5647 rare,
2086 5597 2211 5636 cum
2244 5596 2354 5639 non
2384 5581 2605 5649 habeas,
2633 5597 2696 5638 ac
2727 5596 2853 5638 cum
2887 5588 3079 5637 nactus
3106 5578 3297 5643 fueris,
3330 5576 3483 5647 inco-p

1510 5686 1737 5745 νΑιιιιΕ
1781 5688 2185 5752 LECTIONES.

294 5751 496 5808 ιιι-Αλ,
523 5754 723 5813 χελων,
802 5756 846 5789 ⁸⁸
878 5755 936 5812 In
957 5755 1121 5813 Gesn.
1150 5756 1303 5817 Stob.
1345 5756 1395 5819 4,
