4014 6284
212 318 341 384 1017

1524 320 1696 381 LOCI
1734 319 2175 387 COMMUNES.

3344 315 3490 384 1018

272 430 495 499 Σολομ.
520 427 598 484 δ’.
638 456 708 467 -
748 426 978 497 Ἀγαθὸν
1012 430 1286 503 πλήρωμα
1311 428 1515 502 δρακὸς
1541 428 1793 485 ἀναπαύ-
1821 434 1844 491 Α

1970 431 2141 488 Eccli.
2171 447 2247 499 ιν,
2272 431 2326 486 6.
2346 430 2625 487 -Melior
2659 439 2746 486 est
2770 429 3088 500 manipulus
3123 443 3267 484 unus
3295 428 3497 499 plenus

210 534 361 583 σιως,
394 515 542 587 ὑπὲρ
578 514 947 588 πληρώματος
974 516 1068 571 δύο
1096 516 1318 589 δρακῶν
1350 518 1409 572 ὲν
1443 516 1650 589 μόχθῳ.

270 609 454 680 Σιρὰχ
482 616 661 676 ις·’.-
678 610 952 679 Κρεῖσσον
984 603 1067 674 εἷς
1088 610 1319 677 δίκαιος,
1350 610 1383 681 ἢ
1414 609 1601 683 μύριοι
1625 610 1807 683 παρά-

209 719 386 776 νομοιο
425 704 529 758 καὶ
558 703 856 758 ἀποθανεῖν
888 702 1143 773 ἄτεκνον,
1174 703 1209 775 ἢ
1238 704 1412 776 ἀσεϐῆ
1438 705 1606 761 τέκνα
1632 705 1801 775 ἔχειν.

284 879 415 936 ’Δπδ
440 879 569 946 ἐνὸς
597 879 822 935 συνετοῦ
851 879 1333 954 συνοικισθήσεται
1364 881 1543 948 πόλις
1575 882 1722 955 φυλὴ
1743 882 1801 938 δὲ

208 973 420 1045 ἀνόμων
453 972 897 1046 ἐρημωθήσεται
925 974 985 1027 ὲν
1014 972 1195 1044 τάχει.

272 1068 626 1123 Βασιλείαν.
644 1068 1000 1134 -Πολλάκις
1023 1067 1135 1140 γὰρ
1164 1069 1193 1123 ὁ
1223 1068 1282 1121 ἐν
1308 1067 1389 1140 τῷ
1421 1070 1575 1142 μέσῳ
1602 1069 1801 1141 μικρόν

209 1178 257 1214 τι
295 1158 665 1231 κατορθώσας
684 1201 701 1229 ,
754 1160 960 1233 μείζων
985 1161 1104 1215 ἐστὶ
1130 1159 1226 1215 τοῦ
1254 1159 1314 1215 ὲν
1338 1159 1573 1233 ἀφθονίᾳ
1600 1160 1661 1215 τὸ
1691 1162 1800 1215 πᾶν

212 1250 683 1323 κατορθώσαντος.

268 1343 330 1396 Ei
377 1342 490 1415 γάρ
541 1342 710 1415 ἄρτος
757 1343 858 1417 τὴν
906 1344 1142 1416 καρδίαν
1183 1342 1480 1417 ἀνθρώπου
1524 1342 1797 1417 στηρίξει,

211 1434 265 1487 οὐ
306 1432 388 1487 δεῖ
438 1433 610 1489 πλέον
658 1433 756 1489 τοῦ
796 1436 1099 1505 ἀναγκαίου
1143 1436 1243 1508 τῆς
1285 1436 1495 1508 τροφῆς
1535 1436 1600 1490 τὸ
1631 1452 1800 1507 προσ-

211 1526 385 1599 ὀψημα
413 1527 635 1597 ἀλόγως
659 1529 1094 1601 προσφέρεσθαι.

277 1620 598 1692 Θεολόγου.
652 1650 724 1663 -
771 1621 1061 1693 Κρείσσων
1120 1622 1489 1693 ὀλιγοχρόνιος
1547 1620 1799 1693 βασιλεία

214 1714 421 1784 μακρᾶς
448 1714 809 1784 τυραννίδος,
866 1716 963 1769 καὶ
993 1714 1151 1788 ὀλίγη
1184 1717 1345 1787 μερὶς
1375 1716 1556 1787 τιμία,
1592 1716 1796 1787 πολλῆς

1909 526 2295 598 requietionis,
2323 540 2491 595 quam
2519 524 2673 594 pleni
2696 523 2810 577 duo
2829 520 3100 591 manipuli
3133 521 3188 575 in
3212 520 3402 576 labore

1976 618 2147 675 Eccli.
2192 635 2311 686 xvi,
2362 615 2726 674 5.—Melior
2757 623 2844 671 est
2891 628 3038 669 unus
3073 613 3281 684 justus,
3330 626 3499 681 quam

1905 710 2102 767 decem
2148 710 2323 766 millia
2389 709 2742 779 iniquorum;
2794 712 3131 777 praestatque
3183 704 3327 758 mori
3378 704 3501 759 sine

1904 804 2118 870 liberis,
2141 819 2309 874 quam
2339 802 2547 857 habere
2574 799 2720 855 ﬁlios
2746 797 2967 868 impios.

1974 897 2143 953 Ecclt'.
2194 912 2305 962 XVI,
2350 894 2602 951 5.—Ab
2649 906 2762 949 uno
2812 898 3036 947 sensato
3088 887 3502 944 cobabitabitur

1903 989 2132 1055 civitas;
2167 1004 2302 1060 gens
2334 995 2520 1042 autem
2574 984 2892 1056 iniquorum
2939 980 3097 1037 brevi
3132 978 3498 1035 desolabitur.

1973 1080 2183 1137 Basilii.
2206 1111 2277 1122 —
2299 1080 2458 1135 Haud
2507 1092 2635 1134 raro
2680 1076 2853 1141 enim,
2889 1075 2986 1147 qui
3024 1075 3079 1130 in
3113 1072 3499 1129 mediocritate

1900 1174 2164 1245 exiguum
2202 1171 2413 1243 aliquid
2458 1188 2529 1228 ex
2572 1170 2781 1226 virtute
2812 1168 3002 1239 gessit,
3035 1181 3104 1223 eo
3152 1166 3351 1221 melior
3389 1173 3496 1230 est,

1901 1265 1997 1336 qui
2030 1265 2086 1319 in
2109 1262 2448 1319 abundantia
2505 1261 2692 1317 omnia
2727 1258 2999 1329 implevit.

1972 1349 2123 1405 Psal.
2150 1366 2262 1411 cm.
2290 1351 2375 1406 t6.
2398 1381 2470 1391 —
2491 1350 2627 1406 Nam
2653 1349 2699 1405 si
2724 1347 2885 1419 panis
2911 1362 3011 1403 cor
3037 1345 3284 1402 hominis
3310 1359 3500 1401 corro-

1901 1442 2084 1508 borat,
2112 1443 2247 1514 quid
2289 1458 2519 1499 necesse
2562 1457 2731 1513 supra
2778 1439 3156 1497 necessarium
3194 1438 3383 1495 cibum
3412 1446 3496 1495 te-

1901 1552 2052 1592 mere
2080 1537 2375 1592 obsonium
2406 1536 2646 1591 inferre?

1973 1627 2237 1699 Theologi.
2258 1658 2331 1668 —
2349 1628 2522 1683 Breve
2570 1640 2824 1698 regnum,
2869 1623 3070 1680 melius
3098 1630 3186 1678 est
3216 1620 3379 1691 longa
3409 1627 3496 1691 ty-

1900 1718 2171 1785 rannide;
2200 1734 2483 1789 parvaque
2512 1716 2698 1789 portio
2726 1732 2853 1772 cum
2898 1716 3135 1777 honore,
3164 1709 3345 1780 ampla
3374 1706 3496 1764 sine

212 1805 444 1877 κτήσεως
474 1805 682 1877 ἀτίμου
716 1807 811 1861 καὶ
838 1805 1119 1879 σφαλερᾶς
1140 1847 1155 1873 ,
1214 1807 1308 1862 καί
1336 1806 1535 1863 πολλοῦ
1567 1808 1797 1874 σκότους
1833 1823 1844 1879 ι

1940 1827 2111 1869 onore
2144 1811 2442 1881 fallacique
2472 1809 2787 1866 substantia
2813 1824 2828 1862 :
2851 1806 3042 1863 multis
3076 1803 3317 1873 denique
3345 1810 3499 1857 tene-

215 1898 384 1967 ὀλίγον
411 1899 555 1969 φῶς.

273 1993 573 2061 Χρυσοστ.
622 2023 697 2033 -
747 1992 824 2047 Οὐ
856 1992 936 2064 τῷ
966 1994 1154 2066 μέτρῳ
1186 1993 1297 2048 τῶν
1318 1993 1617 2066 διδομένων
1641 1994 1798 2066 ἐλεη-

215 2081 403 2153 μοσύνη
430 2082 710 2155 κρίνεται,
740 2082 878 2138 ἀλλά
903 2085 973 2155 τῇ
998 2082 1251 2157 δαψιλείᾳ
1278 2086 1379 2157 τῆς
1403 2083 1652 2156 γνώμης.

268 2266 367 2320 ηἘν
412 2266 683 2337 ἁμίλλαις
738 2269 1005 2341 πονηραῖς
1059 2266 1391 2339 ἀθλιώτερος
1442 2268 1472 2321 ὁ
1522 2266 1793 2338 νικήσας,

212 2359 332 2414 διότι
359 2360 672 2433 ἀπέρχεται
703 2361 765 2417 τὸ
793 2362 959 2417 πλέον
984 2362 1127 2433 ἔχων
1160 2362 1264 2432 τῆς
1290 2360 1591 2432 ἁμαρτίας.

274 2452 614 2521 Πλάτωνος.
637 2483 710 2496 -
736 2455 845 2510 Τοῦ
876 2454 1124 2519 πλείονος
1149 2454 1268 2526 βίου
1303 2454 1401 2509 καὶ
1429 2451 1793 2523 φαυλοτέρου,

214 2546 293 2601 τὸν
318 2546 528 2602 ἒλάσσω
557 2548 661 2602 καὶ
684 2548 951 2620 ἀμείνονα
976 2547 1109 2603 ὅντα
1144 2546 1310 2603 παντὶ
1340 2546 1562 2610 πάντως
1594 2560 1795 2615 προαι-

150 2648 153 2651 ’
218 2640 384 2710 ρετέον

284 2732 572 2803 Ἰσοκράτ.
599 2761 675 2776 --
704 2731 1071 2805 Προαιρετέον
1099 2732 1323 2804 μέτριον
1358 2731 1499 2803 μετά
1525 2728 1798 2784 δικαιοσύ-

216 2844 302 2898 νης
333 2827 552 2897 μᾶλλον,
591 2826 629 2899 ἢ
668 2826 844 2899 μέγαν
872 2824 1109 2881 πλοῦτον
1144 2826 1265 2898 μετ’
1290 2825 1528 2889 ἀδικίας.

275 2920 527 2987 Δημοσθ.
568 2947 646 2961 σ-
676 2911 849 2981 Οῦτος
898 2916 1239 2989 θεασάμενός
1288 2936 1413 2974 τινα
1462 2918 1796 2993 δημαγωγὸν

218 3011 349 3082 ἀφυῆ
383 3012 524 3082 μέγα
555 3010 793 3083 βοῶντα,
827 3009 958 3082 ἔφη,
998 3009 1142 3068 Ἀλλ’
1161 3012 1225 3067 οὐ
1256 3012 1319 3067 τὸ
1349 3013 1515 3085 μέγα,
1552 3012 1615 3068 εὖ
1639 3015 1756 3067 ἐστι
1777 3028 1791 3043 ·

217 3105 270 3157 τὸ
291 3104 343 3158 δὲ
369 3101 449 3173 εὖ,
480 3105 655 3179 μέγα.

300 3284 804 3355 ἐπικτήτουκ.-
825 3285 949 3340 Τῶν
975 3283 1149 3358 ἡδέων
1176 3284 1248 3340 τά
1273 3284 1626 3341 σπανιώτατα
1652 3285 1797 3343 νινό-

224 3394 346 3446 μενα
376 3382 615 3452 μάλιστα
642 3382 860 3454 τέρπει.

292 3472 635 3544 Ἀλέξανδρ.
674 3503 748 3516 --
779 3474 1134 3547 Ἀλέξανδρος
1175 3472 1419 3535 ἀκούσας
1457 3471 1540 3526 ὅτι
1567 3472 1796 3541 Δαρεῖος

222 3565 497 3636 τριάκοντα
551 3566 824 3641 μυριάδας
875 3569 958 3633 είς
1004 3566 1314 3641 παράταξιν
1339 3564 1486 3635 ἀγει,
1512 3563 1648 3637 ἔφη·
1698 3558 1796 3630 Εἷς

228 3659 471 3732 μάγειρος
502 3662 570 3715 οὐ
604 3660 857 3732 φοϐεῖται
888 3660 1064 3716 πολλά
1095 3659 1368 3733 πρόϐατα.

295 3750 352 3805 '0
378 3753 541 3818 αὐτὸς
565 3795 583 3820 ,
638 3753 992 3809 κατασκόπου
1046 3753 1302 3822 λέγοντος
1348 3750 1530 3823 αὐτῷ,
1578 3749 1798 3814 πλείους

228 3838 348 3899 εἶναι
388 3849 514 3913 τοὺς
558 3850 814 3919 Δαρεῖου,
848 3847 954 3919 ἔφη
982 3864 997 3880 ·
1054 3847 1169 3901 Καὶ
1197 3845 1267 3899 τὰ
1296 3845 1544 3918 πρόὸατα
1576 3844 1798 3898 πλείονα

227 3935 358 4005 ὅντα,
390 3940 505 4007 ἐνὸς
532 3942 571 4014 ἦ
604 3941 865 4015 δευτέρου
896 3940 1067 3996 λύκου
1098 3938 1432 4011 χειροῦνται.

292 4058 335 4089 ⁸’
364 4060 484 4115 'A.1.
526 4060 874 4134 Ἀνωνύμου.

317 4232 731 4250 _——_——.

1898 1904 2037 1969 bris,
2071 1904 2167 1960 lux
2193 1903 2415 1974 exigua.

1968 1998 2237 2070 Chrysost.
2258 2028 2331 2038 —
2347 1997 2729 2067 Eleemosyna,
2752 2008 2863 2049 non
2892 2006 2962 2047 ex
2988 2004 3205 2052 eorum,
3224 2002 3346 2057 quae
3363 1999 3492 2041 ero-

1898 2101 2124 2163 gantur,
2152 2089 2320 2145 modo
2345 2087 2667 2144 aestimanda
2700 2094 2808 2151 est,
2842 2083 2943 2140 sed
2970 2098 3039 2139 ex
3078 2082 3227 2153 larga
3258 2092 3497 2150 erogam

1900 2183 2039 2238 tium
2072 2183 2383 2237 voluntate.

1966 2276 2027 2330 lu
2076 2275 2237 2330 malis
2282 2272 2684 2329 certaminibus
2714 2268 2971 2325 miserior
3002 2275 3088 2323 est
3119 2264 3215 2337 qui
3255 2261 3491 2319 victoria

1896 2366 2127 2437 potitur,
2158 2366 2307 2436 quod
2340 2366 2547 2435 primas
2576 2362 2788 2434 peccati
2820 2361 3004 2417 ferens
3031 2356 3312 2415 abscedat.

1964 2457 2141 2513 Plato.
2164 2489 2236 2499 —
2255 2456 2570 2527 Copiosiori
2598 2456 2726 2510 vitae
2754 2470 2818 2511 ac
2848 2450 3129 2523 nequiori,
3158 2464 3282 2519 quae
3309 2448 3492 2504 minor

1896 2551 1971 2607 sit
2006 2560 2173 2621 atque
2202 2550 2421 2615 melior,
2449 2545 2669 2605 cunctis
2691 2546 2922 2602 omnino
2950 2541 3198 2614 praeponi
3232 2538 3419 2596 debet.

1967 2737 2237 2793 Isocratis.
2261 2766 2332 2777 —
2350 2736 2580 2791 Praestat
2623 2730 2923 2789 mediocris
2954 2743 3141 2784 rerum
3174 2726 3334 2798 copia
3361 2738 3489 2782 cum

1892 2828 2129 2901 justitia,
2168 2842 2334 2898 quam
2368 2827 2624 2897 ingentes
2654 2823 2867 2879 divitiae
2894 2836 3021 2877 cum
3051 2818 3347 2890 iniustitia.

1965 2920 2239 2976 Demosth.
2260 2950 2332 2960 —-
2354 2918 2404 2974 Is
2433 2917 2793 2988 conspicatus
2843 2913 3129 2969 tribunum
3175 2909 3358 2981 plebis
3388 2908 3493 2963 be-

1896 3013 2102 3076 betem,
2130 3013 2240 3067 alte
2262 3010 2684 3070 vociferantem,
2707 3004 2791 3073 At,
2820 3004 3025 3076 inquit,
3056 3017 3169 3057 non
3197 3000 3346 3072 quod
3375 3014 3498 3054 ma-

1897 3121 2064 3177 gnum
2109 3112 2215 3159 est.
2263 3102 2408 3157 bene
2438 3109 2558 3167 est;
2593 3097 2692 3155 sed
2735 3097 2886 3170 quod
2916 3095 3059 3152 bene
3089 3098 3196 3157 est,
3230 3102 3493 3159 magnum

1824 3192 1866 3250 C
1898 3207 2004 3257 est.

1969 3285 2649 3363 Epicteti.-—Rarissim:e
2690 3284 3006 3355 voluptates
3046 3275 3288 3335 maxime
3334 3272 3491 3330 dele-

1900 3389 2067 3437 ctant.

1974 3468 2729 3530 Alamannam—Alexander
2776 3463 3009 3521 audiens
3076 3456 3304 3517 Darium
3369 3464 3493 3509 tre-

1902 3572 2065 3620 centa
2088 3562 2263 3618 millia
2295 3562 2349 3617 in
2380 3560 2797 3632 expeditionem
2821 3556 3083 3619 educere,
3108 3563 3255 3607 unus
3285 3544 3489 3610 lanius,

1902 3656 2103 3728 inquit,
2136 3669 2249 3709 non
2280 3654 2437 3709 timet
2467 3652 2671 3708 multas
2701 3664 2854 3707 oves.

1973 3751 2160 3814 Idem,
2202 3763 2331 3804 cum
2374 3746 2691 3817 explorator
2733 3739 3108 3802 renuntiaret,
3146 3734 3336 3806 plures
3365 3741 3493 3784 esse

1903 3842 2054 3900 Darii
2082 3840 2306 3905 milites,
2322 3841 2391 3896 Et
2418 3854 2570 3903 oves,
2604 3836 2806 3908 inquit,
2834 3830 3247 3891 numerosiores
3276 3824 3347 3881 ab
3378 3835 3494 3880 uno

1905 3943 2003 3991 aut
2029 3933 2204 3990 altero
2237 3931 2369 4003 lupo
2393 3930 2747 4003 subiguntur.

1615 4396 2097 4488 ΕΚΘΕΣΙΣ

1053 4588 1191 4641 ΤΗΣ
1230 4586 1627 4643 ΟΜΟΛΟΓΙΑΣ
1664 4584 1803 4638 ΤΗΣ
1840 4580 2136 4637 ΠΙΣΤΕΩΣ
2174 4576 2311 4632 ΤΩΝ
2349 4572 2677 4638 ΛΑΤΙΝΩΝ,

298 4723 705 4799 Συγγραφεῖσα
735 4728 834 4785 καί
857 4728 1280 4785 ἀποσταλεῖσα
1332 4728 1494 4799 παρὰ
1533 4725 1873 4796 Γρηγορίω)
1925 4725 2101 4777 "(ista
2138 4718 2382 4799 Ῥώμης,
2412 4713 2566 4785 πρὸς
2608 4709 2926 4783 Γερμανὸν
2956 4706 3067 4763 τὸν
3094 4700 3425 4774 ἁγιώτατον

1281 4794 1657 4868 πατριάρχην
1675 4794 1683 4796 ἡ
1699 4794 2429 4856 Κωνσταντινουπόλεως.

1835 4938 1907 4953 ﬂ

1656 5075 2089 5170 EDITIO

1176 5273 1743 5339 CONFESSIONIS
1784 5271 2005 5333 FuJEI
2054 5266 2560 5341 LATINORUM,

398 5424 632 5506 Scripta
698 5423 1025 5503 missaque
1089 5437 1124 5482 a
1180 5416 1513 5506 Gregorio
1561 5417 1873 5506 Romano
1910 5412 2335 5506 pontiﬁcenad
2396 5407 2874 5474 sanctissimum
2938 5407 3322 5470 Germanum

1226 5493 1645 5577 patriarcham
1687 5493 2496 5572 ConstantinOpolitanum.

320 5703 496 5781 Πατὴρ
526 5712 641 5768 ἐστὶ
668 5712 887 5784 πλήρης
916 5709 1047 5773 Θεὸς
1080 5708 1135 5761 ὲν
1165 5704 1345 5777 ἐαυτῷ
1367 5721 1383 5737 ⁸
1430 5707 1457 5759 ὁ
1488 5705 1636 5771 Υίδς,
1672 5705 1810 5778 πλήη

1851 5624 1916 5635 -ι

1987 5703 2155 5778 690
2184 5703 2366 5767 Pater,
2397 5700 2544 5757 Deus
2591 5698 2791 5770 plenus
2837 5704 2925 5754 est
2970 5695 3026 5756 in
3058 5693 3276 5764 seipso;
3310 5689 3502 5753 Filius.

264 5809 351 5867 ρης
390 5799 532 5871 Θεὸς,
580 5805 690 5861 ἀπὸ
738 5803 833 5859 τοῦ
875 5801 1089 5873 lla-cpi);
1133 5799 1395 5872 γεννητός
1421 5811 1434 5827 ⁸
1497 5798 1558 5852 τὸ
1588 5798 1814 5872 Πνεῦμα

1940 5800 2066 5855 )eus
2105 5796 2304 5867 plenus
2349 5809 2417 5850 ex
2461 5792 2621 5849 Patre
2669 5790 2922 5863 genitus;
2963 5787 3205 5859 Spiritus
3254 5791 3506 5849 sanctus,
