4014 6284
438 284 3652 349 W

1528 444 1666 503 ΤΟΥ
1703 448 1796 503 ΕΝ
1831 444 2059 501 ΑῙἸΟΙΣ
2087 440 2363 501 ΠΑΤΡοΣ
2389 439 2605 505 ΗΜΩΝ,

809 612 1617 759 ΜΑΞΙΜΟΥ
1691 612 2041 747 ΤΟΥ
2099 605 3330 746 ΟΜΟΛΟΓΗΤΟΥ

1644 847 1800 894 ΠΕΡΙ
1844 844 2173 894 ΔΙΑΦΟΡΩΝ
2204 843 2492 893 ΔΠΟΡῙΩΝ

940 1005 1169 1092 ΤΩΝ
1225 1001 1561 1090 ΑΓΙΩΝ
1635 996 2241 1087 ΔΙΟΝΥΣΙΟΥ
2305 992 2501 1081 ΚΑΙ
2564 990 3189 1082 ΓΡΗΓΟΡΙΟΥ

1457 1180 1651 1235 ΠΡΟΣ
1702 1178 1955 1234 ΘΩΜΑΝ
2012 1176 2147 1231 ἸῸΝ
2174 1176 2671 1233 ΗΓΙΑΣΜΕΝΟΝ.

654 1527 813 1684 S.
885 1532 1057 1680 P.
1150 1526 1339 1680 Ν.
1408 1518 2127 1680 MAXIMI
2188 1525 2239 1680 (

1906 1529 2127 1680 Ml
2188 1517 3490 1682 CONFESSORIS

1476 1797 1573 1859 DE
1608 1796 1867 1860 VARIIS
1901 1793 2399 1858 DIFFlClLIBUS
2444 1793 2664 1858 LOCIS

960 1982 1161 2097 ss.
1230 1987 1449 2099 PP.
1519 1982 2178 2101 DlONYSll
2251 1978 2436 2094 ET
2501 1977 3215 2149 GREGORII.

1672 2212 1787 2274 AD
1845 2210 2216 2275 THOMAM
2278 2213 2449 2277 γης.

516 2396 755 2444 ωιιωι
786 2397 871 2443 ΒΧ
912 2397 1135 2445 CODICE
1181 2397 1619 2444 MANUSCRIPTO
1663 2397 1947 2446 GUDIANO
1976 2398 2337 2446 DBSCRIPSIT
2365 2392 2444 2444 ET
2486 2398 2553 2445 IN
2578 2399 2855 2446 LATINUM
2889 2398 3229 2449 SERMONEM
3269 2396 3613 2445 INTBRPRE-

1259 2564 1479 2622 TATUS,
1522 2565 1676 2611 POST
1706 2564 1760 2610 J.
1808 2564 1982 2611 SCO’I'I
2024 2563 2104 2608 ΕΤ
2144 2563 2250 2608 ΤΗ.
2295 2563 2456 2609 GALE
2503 2564 2887 2622 TENTAMINA,

1658 2726 1786 2763 NUNC
1813 2727 1997 2762 νιιηωιι
2020 2725 2261 2763 Ικτεσιιυκ
2299 2726 2459 2762 ιωοιτ

1303 2875 1974 2991 PBANG.
2058 2875 2821 2992 οεπιεεῑ.
2932 2966 2937 2973 .

1543 3087 1722 3151 (Halis,
1757 3088 1809 3141 C.
1836 3088 1892 3140 li.
1921 3089 1985 3139 Μ.
2010 3088 2216 3144 Pfeil'er.
2242 3086 2615 3152 MDCCCLVII.)

1738 3417 2420 3512 PRIEFATIO.

2049 3622 2117 3636 σιν

527 3756 678 3820 Cum
703 3759 847 3818 ante
875 3748 998 3815 hos
1028 3748 1247 3814 decem
1266 3748 1401 3813 fere
1431 3765 1634 3813 annos
1663 3750 1862 3813 turbae
1884 3750 2097 3815 civiles
2130 3768 2245 3834 per
2271 3751 2537 3834 patriam
2571 3748 2993 3831 finitimasque
3023 3751 3317 3832 regiones
3341 3764 3666 3834 grassaren-

443 3862 571 3928 tur,
610 3862 674 3919 et
703 3855 917 3917 omnia
950 3853 1141 3933 plena
1170 3856 1383 3915 essent
1409 3850 1644 3914 furoris
1669 3858 1858 3932 atque
1878 3853 2162 3931 insaniae,
2193 3853 2293 3917 his
2308 3854 2543 3916 ferrum
2565 3853 2851 3931 etignem
2878 3858 2940 3916 et
2958 3855 3195 3936 qumvis
3213 3854 3449 3922 ferocia
3476 3853 3662 3933 aperta

443 3959 903 4033 minitantibus,
938 3956 1067 4019 illis
1094 3973 1210 4037 per
1238 3956 1440 4018 varias
1472 3954 1780 4018 factiones
1804 3954 2287 4037 societatesque,
2334 3972 2599 4037 quarum
2644 3957 2763 4020 sibi
2796 3974 3197 4039 unaquaeque
3247 3972 3457 4022 veram
3506 3953 3659 4015 labo-

444 4064 605 4128 ranti
628 4063 1007 4127 medicinam
1051 4078 1242 4125 nosse
1263 4061 1616 4134 videbatur,
1649 4059 2108 4140 rempublicam
2159 4060 2677 4138 distrahentibus,
2741 4061 2845 4125 vix
2889 4062 3100 4125 dicere
3148 4078 3406 4143 possum
3453 4060 3659 4140 quanto

442 4182 589 4229 cum
619 4163 847 4241 gaudio
890 4180 967 4225 ex
987 4161 1207 4225 harum
1231 4180 1442 4225 rerum
1477 4168 1721 4224 terrore
1753 4178 1825 4224 ac
1857 4160 2046 4224 taedio
2072 4160 2149 4224 ad
2178 4179 2285 4225 eas
2307 4179 2408 4225 me
2442 4179 2697 4244 semper
2724 4163 3054 4241 retulerim
3089 4170 3255 4228 artes
3272 4181 3417 4245 quat
3446 4157 3660 4244 pridem

444 4264 628 4329 cultaa
662 4263 782 4325 illis
816 4262 1165 4344 praesertim
1198 4262 1593 4343 temporibus
1619 4262 1697 4324 ad
1728 4261 2187 4325 consolandum
2218 4256 2590 4326 animum-et
2609 4281 2688 4326 ex
2714 4266 3035 4329 communi
3063 4267 3350 4329 omnium
3374 4268 3655 4329 bonorum

443 4362 689 4425 tristitia
718 4361 1086 4441 erigendum
1116 4362 1429 4443 imprimis
1450 4368 1613 4442 aptat
1646 4378 1782 4424 esse
1814 4360 2210 4424 videbantur.
2234 4363 2419 4425 Forte
2448 4362 2675 4426 accidit
2693 4370 2761 4427 ut
2783 4381 2819 4428 a
2852 4364 3030 4429 libris
3064 4365 3347 4445 Gregorii
3399 4355 3655 4443 Nysseni.

443 4466 623 4545 cuius
642 4463 850 4527 studio
878 4482 1021 4527 cum
1050 4465 1325 4528 maxime
1357 4466 1639 4540 tenebar,
1670 4463 1750 4527 ad
1804 4462 2094 4545 quaedam
2139 4463 2392 4527 Maximi
2450 4465 2861 4542 Confessoris,
2930 4465 3294 4547 phil050phi
3323 4454 3649 4545 gravissimi.

444 4566 675 4647 scripta
696 4567 1001 4644 deferrer,
1031 4568 1211 4649 cujus
1239 4575 1310 4631 ut
1338 4568 1574 4631 difﬁcili
1606 4573 1668 4630 et
1693 4566 2000 4648 impedito
2038 4583 2141 4629 me
2170 4583 2403 4645 genere
2434 4566 2599 4629 haud
2623 4584 2763 4630 raro
2781 4567 3186 4647 defatigatum
3222 4585 3359 4630 esse
3406 4580 3525 4628 non
3548 4554 3651 4619 dif-

444 4671 649 4747 ﬁteor,
688 4671 775 4735 ita
807 4679 866 4735 et
899 4673 1353 4735 sententiarum
1384 4668 1772 4735 sublimitate
1800 4676 1863 4733 et
1897 4671 2272 4753 placitorum
2302 4671 2582 4743 veritate,
2615 4688 2650 4734 e
2678 4670 2942 4751 limpido
2978 4671 3070 4752 pii
3097 4688 3171 4734 ac
3211 4668 3437 4734 sinceri
3486 4653 3645 4726 animi

442 4775 620 4837 fonte
648 4780 1022 4856 temperata,
1044 4774 1424 4836 mirabiliter
1458 4780 1740 4837 erectum
1773 4779 2105 4836 etauctum
2143 4788 2247 4834 me
2280 4789 2418 4835 esse
2447 4771 2638 4835 hodie
2667 4772 2968 4851 gratulor.
3009 4771 3188 4848 Quod
3220 4771 3390 4834 enim
3425 4760 3652 4829 Photius

441 4876 721 4954 Myriob.
752 4877 896 4941 cod.
928 4895 1117 4941 cxcn.
1150 4875 1297 4960 (col.
1347 4875 1455 4938 501
1506 4875 1608 4938 ed.
1646 4874 1925 4957 Hcesch.)
1956 4875 2037 4938 de
2064 4874 2187 4937 alio
2217 4874 2470 4936 Maximi
2494 4891 2691 4955 Opere
2722 4875 2939 4950 sensit,
2961 4874 3311 4937 orationem
3335 4871 3462 4951 ejus
3480 4858 3646 4926 refer-

445 4986 569 5041 tam
598 4976 989 5059 hyperbatis,
1008 4977 1653 5043 circumductionibus
1669 4978 2136 5056 verborumque
2159 4976 3098 5050 translationibuslaborantem,
3116 4972 3282 5036 haud
3304 4986 3440 5035 raro
3461 4962 3648 5027 obscu-

445 5076 695 5138 ritatem
718 5084 781 5139 et
805 5076 1236 5141 difﬁcultatem
1266 5092 1491 5158 parere
1520 5075 1899 5155 legentibus,
1930 5076 2042 5138 sed
2078 5075 2132 5137 si
2167 5075 2270 5138 cui
2298 5081 2540 5154 gratum
2554 5075 2633 5137 sit
2648 5076 2947 5155 anagogis
2973 5082 3034 5138 et
3056 5059 3643 5152 contemplationibus

446 5182 726 5239 mentem
752 5176 1103 5256 implicare,
1129 5194 1456 5258 nunquam
1476 5194 1621 5239 eum
1650 5193 1802 5240 sane
1838 5180 2238 5256 reperturum
2266 5192 2406 5238 esse
2432 5175 2559 5239 illis
2584 5183 2691 5239 aut
2726 5177 2924 5256 magis
2960 5176 3128 5238 varia
3172 5179 3279 5237 aut
3332 5158 3643 5246 diligentius

448 5275 790 5350 elaborata,
818 5278 1133 5359 imprimis
1165 5297 1317 5343 vero
1340 5281 1580 5361 ubique
1602 5281 1852 5345 elucere
1882 5278 1999 5341 viri
2021 5278 2320 5359 pietatem
2338 5285 2401 5342 et
2416 5298 2647 5361 purum
2677 5280 3123 5361 sincerumque
3157 5277 3378 5340 Christi
3432 5259 3640 5361 deside-

450 5376 639 5445 rium.
679 5376 742 5439 id
762 5354 1072 5458 judicium
1096 5379 1175 5442 de
1218 5382 1457 5461 majore
1475 5354 1750 5461 operum
1780 5354 2045 5444 Maximi
2061 5387 2238 5460 parte
2263 5354 2736 5461 pronuntiatum
2769 5387 2977 5462 potest
3020 5354 3247 5441 videri.
3312 5375 3450 5447 Sed,
3483 5373 3538 5429 ιιι
3576 5354 3638 5420 εδ

453 5494 584 5539 rem
607 5483 904 5553 revertar,
935 5478 1053 5540 sub
1079 5477 1288 5558 ipsum
1319 5479 1475 5542 illud
1523 5485 1776 5562 tempus
1815 5498 1851 5543 a
1904 5478 2437 5555 Schaenemanno,
2478 5478 2881 5541 bibliothecae
2929 5477 3484 5557 Guelpherbytanw
3519 5470 3637 5524 ωηθ

454 5576 775 5656 praefecto,
807 5578 942 5640 viro
998 5584 1060 5641 et
1080 5580 1428 5657 gratissima
1447 5588 1509 5643 et
1538 5583 1816 5661 piissima
1837 5581 2142 5645 memoria
2165 5598 2420 5662 semper
2446 5582 2741 5658 colendo,
2760 5582 2992 5646 certior
3030 5598 3170 5643 sum
3195 5580 3393 5642 factus
3417 5573 3484 5637 de
3504 5576 3635 5648 μηθ’

449 5679 832 5743 stantissimo
850 5681 1071 5745 codice
1107 5682 1394 5747 Gudiano
1424 5682 1521 5744 39.
1544 5686 1676 5759 Gr.,
1716 5686 1825 5764 qni
1862 5693 2089 5764 praeter
2114 5685 2234 5749 alia
2260 5686 2513 5749 Maximi
2534 5702 2751 5767 Opera,
2786 5685 2985 5748 multo
3027 5682 3416 5748 emendatius
3446 5667 3635 5737 sem“
