4014 6284
240 259 375 328 πορθ
1354 259 1617 321 FRANC.
1658 258 1969 322 OEHLER
2006 261 2420 326 PREFATIO.
3350 264 3487 334 1030

236 395 426 460 quam
458 360 670 440 essent
701 392 736 439 a
758 372 1142 438 Combeﬁsio
1173 372 1361 448 edita,
1387 372 1695 437 ineditum
1717 391 1978 457 quoque
1996 373 2435 438 haberetillud
2477 375 2801 456 egregium
2861 390 3025 458 opus
3052 382 3188 460 Περὶ
3214 387 3489 461 διαφόρων

234 490 482 562 ἀποριῶν
508 488 619 543 τῶν
641 488 813 557 ἁγίων
837 486 1117 542 Διονυσίου
1138 485 1234 540 καὶ
1259 484 1562 558 Γρηγορεου
1588 486 1725 559 πρὸς
1752 485 1819 540 Oa

1903 487 1956 540 ιν
2001 486 2093 541 τὸν
2125 486 2482 560 ἡγιασμένον.
2546 477 2801 558 Optanti
2847 478 2981 558 ejus
3041 479 3179 543 libri
3239 483 3488 562 cepiam

234 578 473 643 habere
502 578 863 641 humaniter
892 576 1136 653 annuit,
1163 576 1452 641 codicem
1486 577 1851 640 transmisit.
1884 576 2101 641 Inveni
2134 595 2297 659 Opus
2334 601 2363 636 α
2389 579 2661 659 spissum
2685 585 2876 660 atque
2894 580 3187 658 arduum,
3220 606 3248 639 ιο
3281 589 3351 646 ut
3372 602 3487 664 ap-

232 680 429 761 pellat
446 677 971 743 Montefalconius
1006 676 1195 742 Catal.
1226 677 1621 753 bibl.Coisl.,
1654 696 1717 760 p.
1749 677 1887 740 311.
1928 681 2058 743 Nec
2116 697 2378 760 parvum
2442 687 2576 743 erat
2627 680 3089 745 transcribendi
3140 684 3295 764 ejus,
3369 703 3488 750 nec

231 782 423 845 taedio
441 799 692 857 vacans,
720 781 832 845 sed
860 781 1244 852 fructuosus,
1268 784 1339 840 ut
1359 777 1782 853 conﬁdebam,
1812 776 2012 840 labor.
2048 778 2238 840 Multa
2265 778 2512 842 inerant
2541 796 2847 861 perquam
2872 781 3178 845 subtiliter
3206 783 3486 864 disputa-

228 892 318 961 ta,
348 885 545 947 multa
577 885 829 964 egregie
856 886 1255 965 pertractata,
1284 880 1556 961 plurima
1594 880 1830 942 utiliter
1884 879 2192 960 exposita,
2245 896 2377 943 non
2418 897 2621 961 pauca
2670 899 2815 963 quas
2871 882 3185 964 abripiant
3244 884 3489 947 animos

232 987 717 1069 castissimoque
740 993 802 1049 et
824 985 1154 1050 mitissimo
1187 984 1335 1064 igne
1366 981 1752 1065 perfundant
1770 989 1832 1047 et
1860 1001 1989 1066 quo
2016 983 2091 1046 ad
2117 983 2393 1047 sanctius
2420 984 2562 1047 vita)
2607 1002 2809 1063 genus
2861 986 3317 1050 instituendum
3379 1005 3487 1050 ac-

186 1113 199 1124 ·
232 1089 609 1153 cendamur.
648 1088 773 1151 Sed
800 1094 1015 1151 tamen
1053 1085 1347 1150 dolebam
1376 1082 1550 1165 quod
1583 1099 1746 1163 opus
1795 1090 1922 1147 tam
2010 1081 2250 1144 varium
2288 1090 2544 1164 tamque
2582 1084 2938 1165 cepiosum,
3008 1092 3133 1148 tam
3196 1087 3489 1165 gravitate

231 1204 426 1267 quam
457 1186 839 1249 sublimitate
865 1183 1470 1250 commentationum
1506 1186 1813 1263 praastans
1841 1182 2060 1245 tandiu
2092 1181 2379 1261 ignotum
2426 1184 2691 1263 jaceret,
2721 1201 2794 1249 ac
2848 1186 3079 1263 statim,
3118 1187 3172 1250 si
3232 1189 3489 1268 quando

230 1288 434 1352 otium
468 1286 658 1363 foret,
684 1286 874 1350 edere
899 1285 1057 1349 illud
1083 1286 1148 1348 in
1170 1285 1453 1350 animum
1480 1283 1728 1347 induxi.
1758 1285 1888 1347 Nec
1931 1283 2225 1348 hesterna
2263 1291 2358 1347 est
2392 1285 2527 1365 ejus
2574 1285 2761 1361 fama,
2816 1286 2869 1348 si
2924 1286 3183 1367 quidem
3216 1290 3488 1352 Joannes

217 1390 353 1471 jam
384 1391 608 1453 Scotus
641 1388 823 1469 jussu
847 1386 1049 1451 Caroli
1090 1386 1257 1449 Calvi
1287 1384 1575 1449 Latinum
1610 1384 1768 1448 illud
1796 1384 2007 1449 facere
2043 1385 2194 1448 olim
2222 1385 2517 1448 instituit.
2550 1387 2737 1467 Cujus
2791 1368 3104 1451 versionis
3133 1406 3168 1452 e
3232 1390 3487 1453 Clunia-

226 1491 411 1556 censi
446 1490 876 1555 bibliothecaa
902 1492 1147 1553 Joanne
1185 1488 1483 1552 Mabillon
1520 1486 1841 1568 quondam
1895 1496 2169 1569 receptae
2218 1494 2280 1551 et
2344 1505 2489 1551 cum
2517 1487 2757 1551 Thoma
2807 1488 2958 1552 Gale
3013 1490 3489 1555 communicata)

226 1594 533 1674 reliquias
567 1594 733 1674 (nam
762 1592 815 1654 si
842 1609 974 1654 non
1001 1590 1237 1665 omnia,
1269 1594 1439 1653 certe
1456 1588 1637 1670 plura
1658 1588 1918 1651 vertisse
1934 1590 2245 1652 Joannem
2274 1590 2529 1653 Scotum
2563 1586 2758 1671 quam
2807 1609 2949 1673 qum
2978 1598 3343 1655 manserunt
3371 1609 3489 1673 ap-

226 1702 413 1776 paret
448 1701 581 1757 tum
610 1710 687 1756 ex
711 1692 1075 1774 praefatione
1106 1690 1335 1771 ipsius,
1367 1696 1501 1753 tum
1522 1707 1600 1753 ex
1621 1689 1767 1753 loco
1801 1691 1891 1751 De
1920 1690 2228 1753 divisione
2256 1698 2501 1752 natura:
2524 1694 2759 1773 Operis,
2792 1711 2857 1774 p.
2884 1692 2998 1756 210
3025 1694 3125 1757 ed.
3167 1694 3327 1770 Gal.,
3378 1695 3491 1758 ubi

226 1796 580 1877 capitulum
613 1792 1162 1875 quadragesimum
1192 1791 1468 1872 primum
1512 1789 1591 1853 de
1615 1787 1928 1868 ambiguis
1963 1788 2193 1852 citatin
2242 1789 2594 1853 orationem
2655 1793 2942 1873 Gregorii
2995 1793 3367 1856 Nazianzeni
3409 1794 3489 1857 de

226 1897 557 1971 Paschate,
595 1902 657 1957 et
687 1894 868 1976 plura
895 1894 1142 1958 videtur
1168 1894 1354 1957 etiam
1380 1890 1792 1954 Combeﬁsius
1811 1891 2136 1966 habuisse,
2171 1890 2223 1953 si
2261 1891 2400 1973 ejus
2441 1894 2633 1957 verba
2689 1893 2758 1956 in
2806 1893 3108 1957 Biblioth.
3150 1896 3489 1957 conciona-

224 2004 400 2064 toria
430 2006 583 2060 tom.
612 1998 639 2058 Ι
669 1996 896 2077 posita,
945 1995 1227 2077 indeque
1263 1994 1333 2057 in
1374 1993 1643 2059 Fabricii
1667 1993 1973 2057 Biblioth.
2034 1993 2146 2058 Gr.
2190 1999 2344 2056 tom.
2371 1995 2479 2069 IX,
2522 2014 2587 2076 p.
2639 1994 2778 2070 673,
2819 1996 2923 2060 ed.
2969 1997 3138 2059 Harl.
3203 1997 3486 2077 repetita,

221 2102 378 2169 cum
410 2109 692 2173 Fabricio
724 2115 895 2173 recte
912 2107 1339 2190 interpretor)
1384 2106 1583 2170 edidit
1617 2106 1711 2168 vir
1741 2104 2089 2168 litterarum
2129 2102 2317 2166 laude
2347 2103 2831 2168 ﬂorentissimus
2873 2104 3145 2168 Thomas
3202 2104 3355 2167 Gale
3409 2103 3488 2166 ad

220 2208 470 2270 calcem
523 2208 830 2273 librorum
874 2211 1158 2293 quinque
1194 2209 1455 2273 Joannis
1488 2207 1661 2271 Scoti
1715 2217 1805 2287 Πε,

1903 2216 2104 2286 ρύσεως
2132 2213 2428 2286 μερισμοῦ,
2477 2206 2678 2268 Oxon.
2715 2204 2889 2281 1681,
2945 2224 3013 2288 p.
3052 2204 3225 2280 1-45,
3258 2204 3488 2287 quibus

217 2307 488 2370 alteram
518 2311 735 2391 operis
799 2320 936 2393 Περὶ
958 2319 1237 2391 διαφόρων
1269 2317 1514 2392 ἀποριῶν
1547 2308 1920 2390 particulam
1960 2325 2089 2371 una
2146 2324 2291 2370 cum
2336 2306 2553 2370 Latina
2606 2306 3123 2387 interpretatione
3181 2325 3244 2387 p.
3297 2304 3488 2367 46-70

217 2412 575 2492 subjunxit.
603 2415 945 2495 Postquam
973 2414 1163 2493 igitur
1188 2413 1383 2476 totius
1422 2417 1484 2475 et
1510 2411 1744 2490 integri
1778 2418 2066 2491 Διαφόρων
2116 2417 2361 2491 ἀποριῶν
2414 2409 2702 2491 corporis
2744 2424 2864 2489 ego
2895 2407 3125 2472 edendi
3156 2406 3489 2471 consilium

218 2514 397 2594 cepi,
427 2514 761 2596 utriusque
796 2515 935 2591 viri,
980 2514 1327 2577 etJoannis
1368 2513 1539 2576 Scoti
1568 2519 1633 2576 et
1663 2511 1924 2575 Thomas
1966 2509 2141 2585 Gale,
2174 2511 2519 2586 versiones,
2584 2510 2730 2574 licet
2774 2510 2993 2585 altera,
3054 2527 3187 2574 non
3246 2526 3485 2591 Operae,

216 2614 335 2675 sed
378 2613 654 2676 auctoris
681 2613 778 2675 sui
810 2611 1087 2693 peccatis
1128 2616 1422 2687 scateret,
1450 2610 1647 2674 altera
1677 2615 1847 2674 certe
1878 2609 2199 2673 erroribus
2240 2626 2372 2672 non
2400 2617 2665 2675 careret.
2697 2618 2827 2674 tam
2872 2612 3267 2693 antiquitatis
3299 2628 3489 2692 quam

216 2716 347 2797 piae
376 2732 750 2795 magnorum
782 2715 1111 2778 nominum
1134 2714 1457 2777 memorim
1486 2730 1638 2793 ergo
1672 2712 2034 2775 immutatas
2090 2711 2364 2776 retinere
2429 2730 2559 2776 non
2598 2713 2900 2789 dubitavi,
2944 2732 3089 2777 cum
3138 2715 3488 2795 prmsertiin

215 2820 507 2881 Joannes
562 2819 789 2880 Scotus
840 2816 1071 2895 corrigi
1107 2832 1238 2878 non
1271 2820 1512 2896 posset,
1544 2815 1700 2895 quin
1726 2813 1826 2876 sui
1846 2813 2036 2894 plane
2098 2813 2422 2876 dissimilis
2450 2814 2651 2877 ﬁeret.
2677 2816 2951 2879 Thomas
2977 2817 3126 2879 Gale
3170 2818 3233 2879 in
3266 2818 3491 2881 Praafa-

214 2923 403 2986 tione
439 2920 745 2983 librorum
773 2921 823 2982 V
847 2920 1108 2984 Joannis
1134 2919 1306 2983 Scoti
1332 2921 1422 2981 De
1453 2918 1761 2982 divisione
1800 2927 2064 2993 natura,
2110 2942 2139 2975 α
2166 2918 2431 2981 Sanctus
2450 2919 2779 2994 Maximus,
2814 2919 3042 3000 inquit,
3083 2921 3333 3001 scripsit
3375 2939 3489 2984 ex-

214 3024 607 3107 positionem
636 3023 1077 3102 ambiguorum
1105 3021 1347 3104 aliquot
1384 3021 1670 3086 locorum
1707 3037 1850 3102 qua)
1873 3021 1941 3083 in
1969 3022 2031 3082 S.
2054 3020 2336 3101 Dionysii
2356 3026 2418 3082 et
2454 3020 2738 3099 Gregorii
2771 3020 3143 3083 Nazianzeni
3180 3020 3354 3084 libris
3387 3038 3493 3086 oc-

213 3132 510 3194 currunt.
574 3127 724 3188 Haec
751 3124 1056 3204 Ambigua
1083 3124 1361 3187 Joannes
1387 3122 1655 3202 Erigena
1679 3122 1863 3186 vertit
1886 3121 2124 3185 Latine.
2158 3121 2385 3185 Nescio
2416 3138 2497 3183 an
2528 3126 2730 3184 totum
2783 3122 3033 3184 Maximi
3086 3139 3273 3204 Opus,
3322 3141 3489 3204 quo-

213 3233 392 3297 niam
434 3231 653 3292 Graaca
678 3229 741 3292 S.
777 3228 1027 3291 Maximi
1060 3227 1303 3306 integra
1339 3226 1625 3289 nondum
1655 3231 1879 3288 nactus
1918 3243 2080 3289 sum.
2113 3227 2261 3301 Qum
2293 3224 2397 3287 hic
2445 3226 2512 3286 in
2541 3225 2668 3288 fine
2725 3224 2904 3303 legis,
2937 3232 3196 3307 accepta
3240 3243 3491 3291 mecum

212 3336 389 3401 refer
410 3330 641 3414 partim
677 3328 989 3393 beneficio
1014 3329 1086 3392 V.
1123 3329 1215 3389 Cl.
1249 3325 1520 3389 Emerici
1546 3325 1801 3405 Bigotii,
1836 3325 1946 3407 qui
1977 3342 2054 3388 ex
2082 3325 2470 3389 bibliotheca
2487 3326 2652 3405 regis
2688 3326 3025 3389 Galliarum
3047 3327 3114 3389 in
3132 3344 3310 3393 meos
3340 3347 3493 3394 usus

211 3433 540 3511 descripta
571 3428 969 3504 examinavit,
1006 3426 1234 3509 partim
1276 3425 1481 3490 codici
1508 3443 1678 3501 meo,
1717 3427 1827 3507 qui
1878 3425 2327 3507 complurimas
2391 3425 2671 3506 ejusdem
2725 3427 2976 3489 Maximi
3023 3427 3492 3493 lucubrationes

211 3532 532 3597 continet.
571 3531 871 3592 Craterum
903 3535 975 3590 ut
994 3526 1250 3591 redeam
1287 3526 1366 3588 ad
1399 3528 1679 3602 Scotum,
1717 3528 1856 3607 ejus
1904 3526 2327 3600 tralationem,
2368 3543 2556 3606 quam
2590 3525 2693 3589 hic
2742 3526 2888 3601 edo,
2929 3544 3178 3591 mecum
3211 3544 3495 3591 commu-

209 3634 458 3698 nicavit
509 3629 898 3693 humanitate
937 3634 998 3691 et
1024 3628 1379 3692 eruditione
1410 3627 1678 3692 celebris
1709 3629 1803 3690 vir
1827 3631 1883 3691 J.
1914 3627 2234 3703 Mabillon,
2268 3628 2348 3690 de
2385 3644 2515 3708 quo
2559 3645 2749 3710 supra
2800 3632 3311 3694 commemoravi.
3343 3634 3491 3695 Haec

208 3732 427 3798 versio
459 3732 697 3812 absque
720 3730 798 3794 iis
831 3746 974 3811 quae
998 3729 1063 3792 in
1093 3729 1263 3792 libris
1309 3732 1398 3792 De
1427 3730 1735 3793 divisione
1764 3739 2010 3793 natura:
2047 3730 2234 3794 facile
2295 3730 2728 3807 observantur,
2770 3730 2919 3795 satis
2949 3733 3223 3796 ostendit
3270 3734 3487 3814 Erige-

207 3856 367 3903 nam
425 3837 622 3900 fuisse
642 3835 710 3897 in
765 3834 999 3898 Graacis
1038 3833 1227 3916 plane
1255 3832 1818 3916 alphabetarium.»

287 3957 514 4021 Codex
557 3954 900 4029 Gudianus,
944 3970 1073 4035 quo
1107 3970 1262 4018 usus
1308 3973 1473 4033 sum,
1508 3956 1866 4038 descriptus
1915 3964 2009 4019 est
2061 3957 2141 4020 ab
2195 3958 2430 4021 Eberto
2470 3955 2538 4019 in
2598 3956 2893 4038 Catalogo
2934 3958 3238 4024 librorum
3299 3981 3489 4027 manu

206 4060 602 4141 scriptorum
623 4055 1029 4120 bibliotheca
1062 4056 1308 4122 ducalis
1366 4059 1955 4142 Guelpherbitanre;
1990 4064 2084 4122 est
2138 4060 2661 4123 membranaceus
2697 4076 2843 4123 saac.
2876 4079 2995 4123 xm
3031 4065 3364 4128 continens
3397 4067 3491 4129 fo-

206 4164 292 4227 lia
322 4164 399 4227 in
433 4169 682 4243 quarto,
712 4163 883 4243 quod
900 4164 1117 4227 dicunt
1141 4211 1157 4239 ,
1196 4170 1453 4227 centum
1519 4161 1843 4241 sexaginta
1898 4168 2197 4241 quatuor,
2264 4167 2487 4241 estque
2514 4165 2639 4223 tam
2671 4160 2991 4239 eleganter
3009 4168 3261 4245 tamque
3297 4184 3487 4231 accu-

207 4270 353 4327 rate
386 4262 785 4343 conscriptus
813 4271 885 4327 ut
921 4282 1052 4327 non
1094 4263 1300 4328 solum
1339 4263 1443 4327 alii
1474 4264 1623 4327 inde
1676 4263 1821 4326 libri
1864 4263 2110 4344 possint
2155 4264 2409 4343 egregie
2452 4263 2777 4327 emendari
2822 4269 3010 4345 atque
3039 4267 3342 4348 suppleri,
3375 4272 3487 4334 sed

207 4364 360 4446 ipse
384 4364 466 4426 ad
504 4364 625 4427 hoc
650 4374 1218 4447 ΔιαφόρωνἈποριῶν
1249 4382 1412 4447 Opus
1438 4364 1981 4444 interpretandum
2024 4364 2283 4427 alterius
2311 4363 2456 4427 libri
2513 4365 2816 4428 auxilium
2859 4382 2990 4427 non
3036 4368 3485 4435 desiderarem.

208 4465 394 4527 Alios
460 4465 712 4527 codices
768 4484 955 4528 manu
1014 4472 1302 4530 exaratos
1363 4468 1819 4529 commemorat
1870 4463 2216 4539 Fabricius,
2259 4464 2711 4528 Taurinensem
2744 4484 2878 4546 reg.
2928 4470 3141 4544 XXIV,
3179 4472 3487 4535 Venetum

209 4567 277 4628 S.
324 4565 523 4628 Marci
563 4566 868 4629 CXXXVI.
919 4566 1180 4648 (Morell.
1214 4566 1373 4629 Bibl.
1406 4567 1553 4627 Msc.
1585 4566 1690 4626 Gr.
1722 4569 1784 4625 et
1810 4566 1942 4625 Lat.
1970 4564 2018 4638 Ι,
2053 4582 2117 4644 ρ.
2150 4562 2224 4624 82
2255 4563 2299 4645 ),
2328 4581 2407 4627 ex
2446 4581 2574 4644 quo
2617 4564 2823 4645 capita
2851 4567 3140 4647 quaedam
3179 4571 3343 4633 edita
3386 4573 3493 4634 ba-

210 4668 332 4731 bes
378 4666 446 4728 in
472 4667 773 4731 Gallandii
805 4668 1105 4731 Biblioth.
1136 4670 1401 4731 Patrum
1440 4664 1831 4745 Appendice,
1879 4682 1943 4744 p.
1980 4662 2089 4725 153
2132 4679 2275 4745 sqq.
2313 4662 2480 4744 (qum
2501 4663 2909 4728 inveniuntur
2948 4668 3015 4729 in
3046 4670 3188 4732 cod.
3222 4671 3490 4734 Gudiani

207 4767 257 4830 f.
306 4766 431 4829 229
465 4767 658 4850 sqq.),
691 4769 975 4833 codicem
1014 4768 1170 4832 bibl.
1217 4766 1481 4830 Nanian.
1525 4764 1724 4827 LXIV.
1749 4763 2009 4826 Codices
2038 4762 2195 4826 alios
2224 4764 2400 4826 novit
2428 4762 2618 4825 etiam
2665 4765 3094 4843 Combeﬁsius,
3123 4788 3309 4850 quem
3338 4789 3493 4853 ope-

209 4886 365 4932 rum
408 4870 473 4930 S.
504 4869 755 4931 Maximi
809 4886 845 4931 a
876 4886 945 4931 se
980 4868 1292 4931 editorum
1344 4882 1577 4947 corpus
1597 4864 1783 4926 tertio
1820 4862 2140 4925 volumine
2182 4861 2509 4943 complere
2528 4862 2800 4926 voluisse
2848 4872 3115 4941 constat,
3141 4868 3192 4929 si
3231 4870 3487 4949 quidem

208 4972 282 5036 in
310 4970 623 5035 Biblioth.
654 4972 1149 5045 concionatoria,
1183 4976 1338 5032 tom.
1374 4972 1397 5032 ι
1426 4968 1530 5050 (cf.
1554 4968 1823 5030 Fabricii
1853 4966 2021 5029 Bibl.
2055 4966 2167 5030 Gr.
2200 4972 2356 5029 tom.
2390 4967 2496 5041 IX,
2544 4985 2608 5047 p.
2640 4966 2756 5029 673
2787 4967 2887 5030 ed.
2925 4968 3097 5030 Harl.
3129 4970 3177 5051 ),
3204 4995 3232 5028 «
3266 4974 3329 5034 S.
3357 4976 3489 5036 Ma-

210 5074 457 5146 ximus,
487 5070 715 5151 inquit,
782 5071 959 5133 locos
1000 5069 1283 5133 difficiles
1320 5069 1600 5150 plurium
1652 5070 1939 5148 Gregorii
1988 5069 2347 5133 orationum
2407 5088 2480 5134 ac
2513 5070 2932 5152 quorumdam
3000 5074 3347 5139 carminum
3413 5095 3493 5141 ex

212 5171 402 5252 regio
433 5170 654 5233 codice
686 5171 706 5251 (
736 5170 1164 5231 DCCCXXXVI
1206 5169 1366 5229 Bibl.
1407 5171 1566 5247 Reg.
1634 5168 1824 5231 Catal.
1856 5188 1923 5250 p.
1956 5187 2025 5232 ιι.
2057 5190 2124 5252 p.
2162 5170 2271 5233 172
2302 5162 2349 5249 ),
2395 5169 2626 5233 collato
2683 5188 2827 5233 cum
2856 5172 3054 5238 altero
3085 5193 3212 5239 rev.
3250 5179 3492 5242 abbatis

213 5270 533 5337 Gerasimi
558 5268 830 5343 Blacchi,
860 5268 1140 5331 Venetiis
1182 5266 1632 5330 humanissime
1680 5267 2014 5345 submisso,
2074 5270 2341 5350 ipsaque
2367 5266 2626 5331 Joannis
2654 5268 2940 5349 Erigena;
3004 5290 3079 5334 ex
3100 5275 3494 5344 Cluniacensi

213 5372 607 5439 bibliotheca
639 5372 949 5434 versione.
982 5369 1413 5450 C010phonem
1437 5370 1607 5432 dabit
1633 5369 1746 5432 viri
1772 5369 1851 5433 cl.
1878 5371 2216 5452 Raphaelis
2238 5373 2323 5435 du
2338 5375 2570 5437 Fresne
2596 5383 2693 5438 τοῦ
2716 5384 3020 5457 μακαρίτου
3049 5379 3493 5459 pulcherrimis

216 5474 614 5540 membranis
650 5471 1075 5553 pulcherrime
1105 5479 1166 5535 et
1201 5490 1392 5534 manu
1440 5473 1686 5537 erudita
1724 5479 2015 5536 exaratus
2060 5477 2285 5553 codex,
2318 5481 2372 5542 si
2427 5481 2686 5559 quando
2723 5478 2988 5543 facultas
3036 5482 3117 5545 sit
3178 5492 3241 5546 et
3292 5487 3491 5550 otium

216 5595 369 5642 cum
402 5574 514 5639 illo
563 5573 956 5638 conferendi.
994 5596 1023 5631 »
1063 5573 1320 5635 Thoma:
1351 5574 1500 5636 Gate
1550 5574 1765 5650 libros,
1812 5582 1939 5639 tam
1978 5579 2088 5659 qui
2120 5579 2326 5660 ipsum
2358 5583 2609 5646 Maximi
2648 5601 2813 5665 opus
2865 5601 3055 5665 quam
3104 5585 3213 5665 qui
3251 5587 3490 5650 versio-

214 5696 371 5745 nem
398 5676 660 5743 Joannis
679 5675 847 5741 Scoti
893 5675 1242 5752 continent,
1302 5674 1593 5755 suspicor
1648 5680 1963 5743 recenseri
2024 5680 2085 5743 in
2132 5682 2429 5764 Catalogo
2470 5684 2666 5749 Codd.
2696 5687 2861 5749 MSS.
2895 5685 3135 5766 Anglia:
3163 5691 3225 5750 et
3265 5687 3494 5752 Hiber-
