4014 6284
142 343 261 407 1θ33

1349 350 1862 410 AMBIGUORUM
1908 353 2155 412 LIBER.

3218 346 3352 410 1034

141 448 326 519 καρίων
370 446 604 516 ἀνδρῶν,
652 445 750 513 τῆς
780 446 948 508 ὅντως
981 447 1213 516 ἐκλογῆς
1264 449 1373 501 τῶν
1421 452 1685 503 ἀνέκαθεν

1793 455 1907 517 Dei,
1943 456 2188 523 inquam,
2224 456 2471 509 imitatus
2510 468 2569 508 es
2600 469 2712 507 non
2766 454 3065 522 incongrue
3100 452 3354 506 sublimi'

140 540 265 593 κατὰ
293 537 555 605 πρόθεσιν
581 536 689 588 τῶν
725 536 936 590 αἰώνων
966 538 1043 608 τῷ
1058 540 1083 571 ⁸
1124 539 1243 609 Θεῷ
1274 542 1684 610 προσθεμένων,

138 630 229 683 τῶν
268 632 447 681 πᾶσαν
493 628 569 691 ὡς
613 629 867 697 ἁληθῶς⁹
915 631 1014 700 τὴν
1068 628 1300 701 ἑφικτὴν
1347 633 1460 693 τοῖς
1510 632 1687 698 ἁγίοις

140 722 276 788 χύσιν
321 719 421 787 τῆς
479 720 670 787 σοφίας
718 720 1133 790 εἰσδεξαμένων,
1177 723 1273 774 καὶ
1314 724 1381 791 τῇ
1430 722 1687 775 ἀποθέσει

141 812 225 879 τῆς
268 810 405 862 κατὰ.
454 810 618 878 φύσιν
668 811 813 881 ζωῆς
851 811 1030 880 ψυχῆς
1060 813 1247 865 οὐσίαν
1277 813 1685 882 πεποιημένων,

144 904 221 955 καὶ
242 902 325 953 διὰ
354 902 515 954 τοῦτο
555 902 732 965 ζῶντα
780 902 1089 973 μονώτατον
1130 904 1223 957 τὸν
1256 905 1491 974 Χριστὸν
1521 907 1689 975 ἐσχη-

140 994 312 1057 κότων,
345 994 437 1045 καὶ
467 994 533 1047 τὸ
576 995 638 1063 δὴ
685 994 871 1064 μεῖζον
903 997 1113 1059 είπεῖν,
1158 996 1338 1066 ψυχὴν
1366 997 1552 1059 αὐτοῖς
1590 998 1689 1065 τῆς

142 1084 297 1152 ψυχῆς
329 1085 696 1153 γεγενημένον
726 1087 820 1138 καὶ
860 1085 949 1138 διὰ
975 1088 1192 1140 πάντων
1222 1088 1398 1156 ἔργων
1432 1105 1490 1139 τε
1521 1089 1614 1140 καὶ
1644 1088 1688 1118 ¹⁰

143 1176 292 1239 λόγων
335 1175 428 1225 καὶ
481 1175 770 1244 νοημάτων
808 1177 971 1228 πᾶσιν
1017 1176 1454 1245 ὲμφανιζόμενον
1487 1178 1563 1239 ὡς
1600 1178 1689 1228 ἑν-

144 1267 307 1318 τεύθεν
337 1266 563 1318 ἐκείνων
610 1267 709 1334 μὲν
742 1268 840 1319 οὐκ
872 1265 1013 1319 εἶναι
1047 1268 1340 1321 πεπεῖσθαι
1389 1268 1457 1321 τὰ
1495 1284 1691 1336 προτε-

145 1356 366 1415 θέντα¹¹,
415 1356 656 1425 Χριστοῦ
692 1357 771 1422 δὲ,
820 1358 1022 1410 una"
1066 1360 1226 1429 χάριν
1276 1360 1457 1422 αὐτοῖς
1499 1360 1690 1411 ἑαυτὸν

147 1442 548 1507 ὑπαλλάξαντος.
609 1444 768 1497 Ἀλλὰ
816 1446 933 1507 πῶς
992 1447 1131 1499 εῖπω
1195 1446 1398 1517 Κύριον
1458 1448 1689 1516 Ἰησοῦν,

148 1537 293 1603 μήπω
341 1535 562 1597 πνεῦμα
608 1535 789 1588 λαϐὼν
832 1537 1146 1607 ἁγιότητοςς
1181 1538 1304 1600 Πῶς
1342 1537 1562 1607 λαλήσω
1594 1539 1692 1602 τὰς

145 1625 436 1687 δυναστείας
462 1625 558 1677 τοῦ
585 1627 813 1693 Κυρίου,
845 1628 873 1678 ό
900 1626 1271 1694 μογίλαλος¹³,
1327 1628 1420 1680 καὶ
1453 1628 1543 1680 τὸν
1568 1627 1692 1680 νοῦν

146 1720 200 1785 τῇ
255 1718 431 1783 σχέσει
504 1716 865 1788 προσηλώσας
922 1717 1032 1769 τῶν
1091 1717 1495 1789 φθειρομένωνς
1565 1718 1687 1781 Πῶς

151 1806 385 1869 ἁχουστὰς
416 1808 631 1877 ποιήσω
670 1808 771 1861 κᾶν
802 1825 955 1870 τινας
989 1809 1226 1872 αἰνέσεις
1273 1809 1438 1861 αὑτοῦ
1465 1848 1481 1873 ,
1517 1812 1545 1861 ὁ
1576 1826 1685 1861 κω-

151 1898 227 1963 φὸς
252 1935 265 1958 ,
290 1898 379 1948 καὶ
407 1897 465 1948 τὸ
489 1899 591 1966 τῆς
616 1898 795 1968 ψυχῆς
822 1898 1151 1951 ἀκουστικὸν
1189 1898 1277 1951 διὰ
1321 1898 1419 1968 τὴν
1460 1899 1596 1969 πρὸς
1620 1900 1689 1953 τὰ

152 1988 274 2054 πάθη
300 1988 475 2055 φιλίαν
529 1987 671 2058 ἔχων
703 1989 983 2051 παντελῶς
1036 1989 1563 2059 ἁπεστραμμένονιδ
1594 1990 1686 2043 τοῦ

153 2080 282 2145 λόγου
309 2083 402 2150 τὴν
435 2079 715 2150 μακαρίαν
744 2080 961 2150 φωνήνς
1012 2076 1136 2137 Πῶς
1182 2079 1433 2149 ἐμφανὴς
1474 2081 1502 2131 ὁ
1532 2078 1691 2146 λόγος

151 2173 402 2241 γενήσεταί
434 2189 563 2241 μοι,
600 2171 676 2240 τῷ
706 2170 995 2241 ἡττημένῳ
1035 2170 1111 2239 τῷ
1143 2173 1331 2239 κόσμῳ
1360 2210 1376 2235 ,
1404 2172 1559 2241 νικᾷν
1600 2172 1690 2225 τὸν

156 2261 343 2329 κόσμον,
371 2261 481 2312 ἀλλ’
512 2260 617 2312 οὐκ
648 2258 1050 2329 ἐμφανίζεσθαι
1087 2258 1164 2327 τῷ
1187 2259 1378 2328 κόσμῳ
1408 2259 1689 2328 πεφυκὼς,

154 2352 283 2422 εἴπερ
314 2352 515 2420 φιλύλῳ
555 2352 794 2405 διαθέσει
821 2352 959 2405 κατὰ
1002 2350 1164 2420 φύσιν
1209 2354 1356 2403 ἐστὶν
1388 2352 1691 2419 ἀνεπίγνω-

161 2458 291 2508 στος;
322 2442 437 2506 Πῶς
476 2445 537 2495 ού
580 2442 873 2513 τολμηρὸν,
926 2445 1039 2505 τοῖς
1084 2441 1261 2510 ἁγίοις
1300 2441 1392 2493 τὸν
1436 2443 1691 2512 ἐναγῆη,

160 2534 234 2585 καὶ
268 2536 368 2597 τοῖς
412 2534 677 2604 καθαροῖς
719 2536 989 2604 ἐγχειρεῖν
1022 2534 1112 2586 τὸν
1160 2533 1504 2603 ἁκάθαρτον;
1538 2535 1627 2586 Διὸ
1652 2535 1693 2567 ⁸⁸

160 2626 522 2695 παρῃτησάμην
582 2626 648 2678 ἂν
708 2626 808 2697 τὴν
858 2626 950 2677 ἐπὶ
1009 2628 1122 2688 τοῖς
1184 2626 1691 2695 κεκελευσμένοιςίτ

156 2714 452 2782 ἐγχείρησιν,
500 2715 599 2767 τὸν
654 2715 846 2785 (105
876 2718 947 2784 a)
1006 2718 1106 2787 τῆς
1154 2717 1480 2786 προπετείας
1529 2716 1694 2785 ψόγον

162 2802 482 2873 φοὸούμενος,
513 2808 566 2858 εί
621 2806 696 2876 μὴ
738 2807 900 2859 πλέον
945 2807 1231 2859 ἐδεδοίκειν
1263 2807 1365 2875 τῆς
1410 2808 1691 2870 ἀπειθείας

159 2901 231 2952 τὸν
256 2903 499 2957 κίνδυνον.
534 2905 695 2955 Δυοῖν
730 2899 822 2956 οὖν
851 2902 1057 2956 τούτων
1076 2905 1119 2933 ¹¹³
1150 2902 1313 2972 μέσος
1340 2902 1567 2971 ληφθεὶς
1594 2900 1695 2970 τῆς

162 2995 447 3060 προπετείας
499 2994 765 3065 αἱροῦμαι
826 2995 1027 3064 μᾶλλον
1091 2993 1183 3046 τὸν
1237 2993 1403 3062 ψόγον
1466 2994 1541 3055 ῶς
1604 2994 1695 3045 ἀν-

162 3084 404 3153 εκτότερον
424 3087 485 3149 ⁸⁸,
507 3085 731 3156 φεύγων
760 3086 835 3149 ῶς
868 3084 1254 3153 ὰσύγγνωστον
1285 3089 1381 3152 τῆς
1411 3083 1691 3146 ἀπειθείας
1720 3127 1765 3186 c

164 3172 235 3223 τὸν
259 3175 501 3233 κίνδυνον.
548 3178 660 3229 Καὶ
708 3181 775 3247 τῇ
821 3178 1072 3247 μεσιτείᾳ
1101 3177 1208 3229 τῶν
1237 3178 1406 3244 ἁγίων
1441 3179 1536 3229 καὶ
1566 3176 1693 3246 βοη-

164 3262 261 3334 θείᾳ
303 3266 399 3319 τῶν
445 3268 736 3337 ὑμετέρων
770 3269 968 3337 εὐχῶν,
1018 3266 1257 3337 Χριστοῦ
1303 3266 1394 3319 τοῦ
1452 3268 1691 3336 μεγάλου

163 3356 271 3409 Θεοῦ
298 3362 381 3413 καὶ
404 3362 659 3431 Σωτῆρος
688 3360 844 3431 ἡμῶν
876 3360 1239 3430 χορηγοῦντος
1257 3361 1301 3391 ¹⁰
1336 3360 1395 3412 τὸ
1425 3362 1563 3412 νοεῖν
1600 3360 1685 3411 εύσ

168 3447 308 3512 σεϐῶς
342 3454 429 3505 καὶ
470 3454 652 3521 λέγειν
674 3453 931 3519 δεόντως,
962 3453 1090 3522 περ)⁸
1132 3453 1365 3505 ἑκάστου
1397 3450 1689 3519 κεφαλαίου

166 3538 243 3607 τὴν
268 3542 543 3614 ἀπόκρισιν
575 3545 650 3607 ὡς
681 3542 792 3599 οἷόν
829 3563 886 3598 τε
918 3546 1220 3614 ποιήσομαι
1250 3540 1695 3611 σύντομον(πρὸς

168 3626 253 3697 γὰρ
286 3629 593 3687 διδάσκαλον
623 3637 650 3687 ὁ
678 3635 835 3703 λόγος
874 3639 1090 3705 μικροῖς
1131 3632 1445 3705 πορίζεσθαι
1488 3632 1697 3701 μεγάλα

165 3716 483 3794 δυνάμενον),
543 3725 1016 3795 ἁρχόμεωςοάπὸ
1066 3723 1368 3795 Γρηγορίου
1421 3722 1514 3775 τοῦ
1579 3722 1698 3774 θεό-

170 3823 360 3875 φροντίς,
423 3816 495 3879 ὡς
558 3817 760 3887 μᾶλλον
814 3819 945 3885 ἡμῖν
999 3816 1151 3877 ὄντος
1206 3813 1282 3884 τῷ
1322 3814 1497 3884 χρόνῳ
1530 3828 1696 3882 προσ-

168 3900 434 3968 εχεστέρου,

1790 555 1955 599 tatem
1988 556 2043 598 et
2070 545 2527 607 humiliationem,
2552 544 2681 597 dum
2708 558 2817 595 non
2856 542 3169 611 dedignaris
3190 542 3356 596 etiam

1788 636 1855 689 ad
1899 652 1985 689 me
2025 636 2382 689 descendere.
2441 634 2652 700 Quzeris
2697 633 2887 701 utique
2914 632 2981 684 de
3011 642 3095 683 me
3145 647 3208 684 ea
3236 647 3359 699 qua:

1789 724 2129 792 penitissime
2162 724 2487 792 cognovisti,
2518 722 2757 791 capitula
2786 720 2931 783 dico,
2970 703 3091 787 qua:
3140 736 3205 774 ex
3237 720 3360 773 Dio-

1788 815 1945 884 nysio
1975 823 2029 868 et
2058 815 2324 884 Gregorio
2359 814 2642 883 proponis.
2682 813 2791 865 Hos
2821 827 2921 881 ego
2954 811 3177 878 quidem
3211 810 3361 863 viros

1787 920 2115 959 enumerare
2145 906 2296 958 soleo
2350 905 2491 957 inter
2524 904 2900 958 sanctissimos
2939 900 3359 954 celeberrimos-

1758 1008 1917 1061 .que,
1952 1001 2008 1046 et
2033 994 2194 1062 longe
2244 993 2594 1046 beatissimos
2638 992 2898 1060 praedico.
2936 991 3045 1044 llos
3074 990 3233 1059 plane
3268 990 3361 1059 ju-

1791 1084 1917 1138 dico
1963 1085 2106 1138 inter
2159 1085 2283 1137 illos
2331 1100 2568 1153 superne
2599 1085 2827 1145 electos,
2880 1099 3019 1152 quos
3054 1084 3199 1136 Deus
3255 1081 3359 1135 sibi

1791 1174 1986 1227 ascivit
2026 1174 2331 1228 secundum
2366 1165 2512 1228 iilam
2545 1174 2871 1227 szeculorum
2920 1174 3358 1241 praelinitionem.

1797 1260 1906 1314 Hos
1940 1278 2041 1330 ego
2072 1264 2238 1317 credo
2286 1279 2504 1317 omnem
2547 1265 2861 1331 complexos
2911 1278 3029 1316 esse
3076 1263 3362 1330 sapientia:

1792 1353 2209 1417 abundantiam,
2236 1370 2356 1422 qua:
2386 1354 2607 1423 quidem
2638 1354 2692 1406 in
2724 1354 2976 1408 homines
3001 1354 3197 1407 cadere
3234 1369 3351 1421 pos-

1792 1442 1883 1495 sit.
1930 1444 2038 1497 llos
2082 1444 2338 1499 existimo
2396 1446 2503 1497 vita
2565 1444 2688 1506 ista,
2744 1460 2863 1512 qua?
2924 1452 3009 1497 est
3056 1444 3360 1497 secundum

1792 1542 2070 1597 naturam,
2108 1534 2175 1586 ad
2233 1534 2407 1603 ipsam
2444 1535 2641 1587 animae
2694 1533 2988 1587 essentiam
3049 1533 3361 1600 pertigissc.

1793 1624 2042 1692 adeoque
2092 1624 2373 1679 Christum
2425 1627 2602 1695 ipsum
2636 1624 2909 1678 viventem
2965 1625 3363 1693 propemodum

1796 1726 1985 1769 nactos
2012 1717 2204 1780 fuisse,
2239 1718 2347 1781 vel,
2394 1727 2453 1771 ut
2490 1718 2665 1787 majus
2705 1717 2885 1769 adhuc
2948 1717 3147 1779 dicam,
3200 1714 3363 1768 Chri-

1797 1814 1941 1858 stum
1976 1806 2221 1875 ipsorum
2261 1809 2457 1861 anima:
2498 1810 2733 1860 animam
2761 1805 3059 1867 exstitisse,
3111 1805 3364 1871 factaque

1790 1906 1847 1950 et
1894 1896 2039 1951 dicta
2085 1908 2141 1952 et
2186 1900 2424 1968 cogitata
2476 1915 2672 1951 eorum
2714 1898 2897 1951 omnia
2956 1906 3216 1964 tanquam
3266 1910 3363 1948 sua

1790 1991 1969 2059 palam
2002 1990 2341 2055 exhibuisse,
2370 2000 2431 2044 ut
2456 1992 2565 2060 jam
2606 2006 2715 2043 non
2742 1990 2979 2058 amplius
3009 1990 3238 2041 credere
3270 2003 3367 2056 par

1790 2082 1861 2137 sit
1884 2083 1951 2137 ab
1980 2084 2091 2137 illis
2128 2091 2251 2137 orta
2287 2098 2409 2137 esse
2446 2098 2568 2151 qua:
2609 2092 3013 2150 proponuntur,
3042 2080 3135 2133 sed
3183 2081 3366 2148 potius

1792 2174 1859 2226 ab
1895 2175 2013 2244 ipso
2050 2174 2295 2235 Christo,
2323 2174 2416 2242 qui
2448 2189 2548 2243 per
2576 2172 3103 2227 condescensionem
3136 2172 3190 2224 in
3232 2170 3367 2240 ipsis

1791 2260 2057 2333 loquitur.
2092 2265 2207 2333 Ego
2233 2265 2453 2318 interim
2485 2263 2610 2332 quis
2629 2279 2772 2324 sum,
2811 2261 2907 2330 qui
2931 2278 3028 2316 ore
3057 2276 3179 2314 meo
3204 2275 3367 2314 usur-

1792 2370 1915 2423 pem
1937 2356 2233 2410 Dominum
2261 2354 2470 2417 Jcsum,
2505 2369 2627 2407 cum
2672 2353 2906 2406 necdum
2941 2351 3195 2421 spiritum
3241 2365 3369 2404 san-

1794 2446 2146 2501 ctiﬁcationis
2206 2445 2565 2515 acceperim?
2648 2442 2935 2509 Quomodo
2999 2458 3100 2512 ego
3136 2442 3367 2511 eloquar

1793 2535 2011 2588 Domini
2058 2536 2293 2589 virtutes
2348 2534 2444 2604 qui
2498 2534 2695 2604 lingua:
2744 2550 2864 2589 sum
2918 2533 3213 2603 impeditm,
3273 2533 3366 2601 qui

1795 2630 2036 2674 mentem
2092 2621 2259 2675 rebus
2306 2622 2768 2690 corruptibilibus
2826 2623 3145 2676 immersam
3199 2620 3370 2692 gero?

1794 2706 2079 2773 Quomodo
2133 2724 2256 2778 ego,
2299 2711 2393 2779 qui
2447 2718 2636 2765 mulus
2664 2726 2807 2775 sum,
2867 2711 3060 2765 laudes
3118 2712 3239 2781 ejus
3282 2711 3367 2765 vel

1796 2798 2051 2851 minimas
2071 2800 2417 2868 personabo?
2437 2802 2529 2869 qni
2560 2817 2722 2855 aures
2737 2802 2935 2855 anima:
2958 2818 3183 2871 prorsus
3205 2802 3368 2855 obtu-

1796 2897 1942 2941 ratas
1994 2890 2194 2954 habeo,
2247 2906 2313 2944 ex
2343 2891 2515 2946 nimio
2561 2908 2690 2962 erga
2731 2892 2964 2946 allectus
3011 2907 3218 2955 amore,
3273 2894 3364 2961 qui

1797 2978 1915 3032 ﬁeri
1952 2980 2125 3050 possit
2160 2990 2221 3035 ut
2275 2982 2491 3035 beatam
2525 2982 2672 3036 illam
2720 2997 2913 3035 vocem
2964 2981 3370 3051 depraedicem?

1795 3088 1897 3132 ego
1928 3080 1983 3123 ut
2019 3073 2284 3128 mundum
2324 3074 2562 3139 vincam,
2601 3074 2695 3143 qui
2742 3074 2954 3143 jamdiu
2989 3084 3168 3130 victus
3191 3093 3308 3129 sum
3337 3095 3368 3130 a

1799 3162 2044 3215 mundo?
2076 3164 2185 3217 imo
2230 3167 2415 3233 potius
2448 3165 2654 3218 mundo
2693 3167 2942 3221 inveniar
2972 3168 3131 3236 plane
3179 3168 3369 3221 conci-

1800 3254 2009 3318 liatus;
2052 3254 2107 3306 in
2145 3270 2229 3308 me
2259 3256 2405 3309 enim
2442 3256 2581 3310 nihil
2630 3258 2779 3311 aliud
2810 3258 3150 3326 deprehendi
3189 3266 3371 3326 potest

1800 3360 1964 3413 quam
2008 3346 2156 3416 jngis
2207 3346 2274 3400 ad
2312 3348 2598 3400 materiam
2634 3359 2687 3402 et
2719 3358 2973 3401 naturam
3002 3351 3018 3368 ¹
3051 3348 3368 3416 propensio.

1800 3436 1919 3491 Erit
1948 3438 2187 3506 denique
2217 3454 2442 3491 summae
2466 3439 2730 3501 audaciae,
2764 3439 2810 3492 si
2837 3439 2986 3492 viros
3019 3447 3237 3491 sanctos
3269 3452 3371 3506 ego

1800 3534 2048 3602 impurus
2076 3535 2358 3603 attingam,
2394 3536 2437 3589 si
2474 3534 2869 3589 mundissimos
2918 3533 3238 3588 immundus
3270 3548 3371 3601 ego

1796 3622 2190 3677 contaminent.
2227 3622 2574 3691 Quapropter
2598 3623 2765 3691 jussis
2795 3623 2904 3675 tuis
2932 3621 3160 3675 omnino
3200 3619 3369 3673 dene-

1799 3730 2011 3784 gasscm
2040 3714 2393 3783 obsequium,
2439 3715 2769 3769 temeritatis
2817 3713 3027 3766 veritus
3070 3710 3373 3786 reprehen-

1799 3807 2034 3870 sionem,
2060 3806 2103 3859 si
2140 3823 2250 3859 non
2282 3807 2455 3875 magis
2487 3806 2904 3859 abhorruissem
2946 3804 3014 3857 ab
3038 3802 3332 3857 inobedien
3353 3829 3369 3842 ο

1801 3898 1887 3953 tia:
1921 3898 2189 3968 periculo.
2227 3900 2285 3952 In
2325 3898 2507 3952 medio
2547 3898 2747 3952 horum
2807 3897 3042 3951 duorum
3098 3904 3371 3949 constitu-

170 3996 241 4040 tus
288 4003 404 4062 opto
430 3996 617 4065 potius
658 3995 838 4050 videri
876 3994 1202 4048 temerarius
1231 3993 1375 4061 “ista
1429 3991 1576 4045 enim
1642 4005 1770 4060 pars
1810 3990 2133 4058 placabilior
2193 3992 2297 4060 est)
2356 4006 2519 4059 quam
2583 3989 2926 4053 inobediens,
2983 3989 3141 4058 cujus
3198 3988 3373 4055 culpae

169 4081 348 4135 veniam
374 4088 554 4142 minus
584 4102 784 4142 censeo
853 4084 1277 4153 impetrabilem.
1328 4084 1523 4161 Fretus
1587 4082 1752 4151 igitur
1791 4092 2109 4137 sanctorum
2137 4084 2383 4136 omnium
2436 4080 2840 4142 benevolentia,
2897 4090 3009 4132 tum
3060 4086 3371 4130 vestrarum

170 4174 441 4230 orationum
466 4180 767 4249 adjutorio,
828 4178 895 4232 de
930 4192 1259 4246 unoquoque
1293 4176 1533 4246 capitulo
1567 4188 1731 4244 quam
1773 4174 1891 4228 ﬁeri
1929 4183 2109 4242 potest
2170 4173 2410 4226 breviter
2451 4166 2816 4241 respondebo,
2857 4170 3082 4224 Christo
3123 4168 3369 4237 auspice.

173 4262 245 4326 qui
272 4265 399 4321 Deus
429 4287 657 4341 magnus
682 4279 765 4325 est
795 4282 850 4325 et
891 4272 1148 4324 Servatur
1175 4279 1384 4331 noster,
1416 4284 1621 4338 quique
1645 4275 1700 4321 ct
1740 4280 1933 4333 sapere
1964 4265 2053 4333 pie
2083 4274 2138 4318 et
2197 4265 2347 4334 loqui
2397 4274 2714 4333 opportune
2736 4264 3018 4333 largietur.
3046 4261 3219 4315 Nobis
3242 4276 3373 4314 sane

173 4365 271 4405 cum
293 4372 351 4409 eo
382 4363 638 4429 magistro
672 4377 759 4415 res
821 4370 907 4415 est
936 4358 1030 4428 qui
1062 4359 1225 4412 etiam
1267 4358 1511 4429 parvulis
1576 4372 1771 4425 magna
1806 4357 2012 4409 donare
2039 4362 2240 4425 potest.
2283 4353 2480 4408 Ordiar
2515 4356 2679 4425 igitur
2723 4371 2754 4408 a
2782 4354 3126 4409 divinissimo
3166 4353 3373 4424 Grego-

173 4442 259 4507 τίυ»
295 4450 411 4515 quia
436 4453 596 4507 nobis
638 4462 881 4523 tempore
927 4450 1293 4522 propinquior
1332 4466 1453 4505 esse
1501 4449 1871 4504 existimatur.

178 4638 265 4690 Τοῦ
287 4641 442 4709 ἁγίου
467 4648 797 4717 Γρηγορίω)
826 4648 931 4702 τοῦ
974 4649 1269 4716 Θεολόγου
1289 4686 1303 4710 ,
1332 4648 1399 4701 ἐκ
1425 4648 1530 4701 τοῦ
1564 4650 1692 4716 περὶ

1799 4647 2025 4701 Sanctus
2057 4647 2335 4716 Gregorius
2358 4648 2410 4698 in
2438 4647 2612 4715 prima
2639 4647 2879 4699 oratione
2906 4646 2968 4699 de
2995 4644 3144 4711 Filio,
3184 4664 3201 4694 ι
3236 4645 3374 4709 Quo-

234 4731 350 4785 ΥΙοῦ
379 4736 605 4803 πρώτου
634 4741 817 4807 λόγου
845 4742 931 4804 εἰς
966 4740 1030 4791 τό
1060 4756 1072 4767 ·
1103 4758 1119 4788 ι
1150 4738 1250 4791 Διὰ
1294 4738 1469 4791 τοῦτο
1506 4742 1697 4807 μονὰς

230 4817 315 4871 ἀπ’
346 4824 529 4895 ἀρχῆς
560 4831 646 4893 εις
688 4828 879 4881 δυάδα
908 4827 1219 4894 κινηθεῖσα
1242 4827 1417 4896 μέχρι
1456 4829 1697 4896 Ίλοιάὃος

230 4909 377 4980 ἔστη,
408 4936 427 4967 ι
458 4920 561 4972 Καὶ
593 4920 780 4973 πάλιν
814 4920 919 4973 τοῦ
958 4918 1144 4973 αὑτοῦ
1183 4920 1249 4972 ἐκ
1278 4918 1382 4972 τοῦ
1414 4919 1697 4989 δευτέρου

1875 4740 2015 4792 circa
2050 4740 2226 4791 unitas
2269 4756 2300 4791 a
2328 4739 2582 4809 principio
2615 4740 2667 4790 in
2699 4739 2962 4792 biuarium
2998 4747 3137 4791 mota
3170 4738 3226 4789 in
3257 4737 3373 4789 Tri-

1876 4830 2041 4882 nitale
2072 4831 2326 4883 consistit.
2360 4848 2376 4879 ι
2418 4828 2481 4882 Et
2507 4831 2695 4882 iterum
2734 4829 2869 4883 idem
2902 4830 2954 4881 in
2980 4828 3206 4881 secunda
3246 4844 3374 4880 ora-

1880 4923 2019 4974 tione
2035 4922 2098 4974 de
2115 4922 2253 4975 Pace
2277 4940 2292 4975 :
2320 4942 2336 4971 l
2372 4917 2587 4975 Uuitate
2614 4922 2865 4973 nimirum
2890 4920 2950 4972 ob
2980 4919 3186 4973 divitias
3205 4926 3367 4984 mota,

1385 5055 1625 5110 VARIE
1664 5057 2066 5113 LECTIONES.

248 5158 357 5231 ’τῷ
377 5164 521 5219 abest
554 5167 622 5220 ab
649 5167 738 5219 ed.
774 5166 895 5221 Gal.
972 5170 991 5199 ⁵
1049 5168 1232 5231 ἁπλῶς
1288 5169 1375 5222 ed.
1437 5168 1555 5223 Gal.

1636 5171 1677 5201 '°
1704 5172 1795 5224 καὶ
1819 5189 1926 5225 om.
1953 5174 2040 5227 ed.
2072 5173 2191 5228 Gal.

2277 5175 2317 5205 ¹¹
2349 5172 2687 5241 προταθέντα
2722 5170 2845 5224 cod.
2876 5166 3154 5241 Gudianus
3183 5180 3258 5241 ιη.
3284 5180 3370 5241 pr.

183 5228 455 5312 εζιᾲςάςςξειι.
486 5236 819 5312 προτεθέντα
847 5238 1159 5312 emendatio
1184 5228 1266 5312 est
1298 5238 1352 5312 in
1381 5239 1502 5292 cod.
1539 5239 1691 5312 Gud.
1716 5243 1784 5295 ab
1805 5243 1995 5296 eadem
2017 5259 2180 5298 manu
2210 5228 2431 5312 antiqu'a
2467 5241 2854 5312 superscripta.
2884 5235 3087 5312 __"_1:95_
3113 5228 3370 5312 xa'_r&_éd_.

183 5294 279 5372 Gal.
354 5300 394 5331 “
454 5294 769 5372 μογγίλαλος
827 5306 947 5360 cod.
1002 5307 1141 5361 Gud.

188 5364 220 5391 ”
259 5364 763 5444 ὲγιιεκελέυσμὲνοιξ
784 5375 873 5429 ed.
929 5375 1048 5430 Gal.
1142 5377 1185 5407 ⁸⁸
1209 5376 1418 5441 τούτοις
1448 5364 1539 5433 ed.
1565 5364 1681 5433 Gal.

188 5498 253 5607 Γ·
279 5496 440 5555 Ninus
481 5504 619 5561 bene
663 5507 801 5571 hare,
854 5524 959 5563 nec
1004 5512 1138 5566 satis
1186 5523 1359 5579 recte,
1414 5516 1687 5570 convertit

208 5565 349 5607 .alouc
373 5570 523 5607 Val-In
557 5592 568 5603 ο
600 5574 715 5607 nm.
738 5579 888 5607 κυνέη
907 5581 1032 5607 ...ιιι
1082 5585 1166 5607 ..-..-
1199 5586 1306 5607 :__-
1334 5586 1552 5607 una-.-“

208 5565 531 5663 inisti-sVertq
553 5592 568 5627 :
600 5574 715 5663 Quo
738 5565 888 5630 modo
907 5581 1053 5663 mihi.
1077 5585 1166 5663 qui
1193 5565 1689 5651 :ﬁé'éwiéias's'u'iﬁ

186 5634 823 5711 “cuwipaleﬁet-Sermo,
875 5649 943 5700 ad
989 5634 1689 5719 devincenrduni

418 5736 678 5797 PATROL.
724 5738 837 5798 Gn.
879 5741 1027 5813 XCIV.

1226 5309 1271 5338 "
1331 5310 1805 5376 ὰπεστραμμένων
1856 5312 1979 5365 cod.
2006 5312 2146 5367 Gud.

2225 5313 2267 5343 ”
2304 5303 2361 5362 ὲν
2417 5303 2551 5375 ἄγεί
2568 5310 2655 5363 ed.
2683 5303 2799 5364 Gal.
2882 5308 2927 5338 "
2959 5307 3035 5358 At‘
3065 5304 3117 5375 ὂᾲν
3136 5305 3223 5359 ed.
3253 5303 3371 5358 Gal.

1767 5382 1809 5413 “
1838 5382 2126 5453 ἀνέκτορον
2159 5381 2245 5437 ed.
2282 5381 2398 5436 Gal.
2429 5373 2474 5411 ’⁸
2496 5380 2873 5451 χωρηγοῦντος
2928 5376 3015 5431 ed.
3080 5373 3198 5429 Gal.

1796 5534 1900 5570 non
1934 5533 2054 5570 vero
2086 5518 2154 5570 ad
2191 5514 2561 5586 apparendum
2588 5516 2642 5567 in
2673 5512 2867 5567 seculo
2897 5522 3076 5586 natus,
3101 5510 3371 5586 siquidem

1797 5605 1836 5709 ρ.
1858 5587 2193 5690 άίδροδὶίίοηξ
2222 5584 2275 5641 in
2314 5586 2595 5640 materiam
2634 5600 2893 5655 propensa
2914 5584 3110 5654 percipi
3144 5589 3372 5635 natura-

1820 5668 1920 5710 zter
1944 5666 2121 5725 nequit
2161 5698 2171 5708 .

2833 5745 2909 5806 33
