4014 6284
676 311 814 377 1ῢῖὶῦ
1859 321 1919 382 S.
1961 317 2247 380 MAXIMI
2285 315 2793 375 CONFESSORIS
3732 317 3827 380 1036

745 434 952 486 ωηατ·ἱο
992 442 1166 488 autem
1195 443 1444 506 superato
1481 446 1693 508 propter
1737 441 2016 492 materiam
2046 449 2092 490 et
2133 445 2242 506 [or-
2275 443 2315 498 Λ

2275 443 2315 498 Α
2411 432 2734 500 Εἱρηιίκοῦ
2764 434 2852 496 εις
2886 431 2953 484 τό
2980 447 2991 459 ⁸
3034 447 3052 480 α
3082 429 3348 493 Μονιὶδος
3381 429 3491 496 μὲν
3518 433 3827 498 κινηθείσης,

744 543 908 589 mam,
945 543 1009 580 ex
1037 529 1220 595 quibus
1267 544 1489 600 corpora
1535 541 1803 592 constant,
1836 531 2093 584 Trinitate
2125 545 2242 582 vero

2241 557 2242 560 η
2390 525 2516 578 διὰ
2559 525 2624 576 τὸ
2646 526 2688 555 ¹¹
2721 525 3048 586 πλούσιον,
3080 521 3301 587 δυάδος
3338 521 3406 573 δὲ
3448 525 3826 588 ὺπερΰιιθείσης·

745 629 958 691 propter
997 620 1360 688 perfectionem
1385 620 1622 690 deﬁnita.
1659 639 1676 670 ι

2414 615 2571 682 ὑπὲρ
2619 615 2728 683 γὰρ
2763 613 2878 681 τὴν
2922 614 3084 680 ὕλην
3115 613 3211 664 καὶ
3258 614 3322 664 τὸ
3369 609 3543 676 εἶδος,
3585 613 3642 676 ἐξ
3679 607 3747 665 ὧν
3781 619 3832 666 τὰ

950 705 968 722 ⁸
2418 708 2697 774 σώματα,
2746 705 2987 774 Τριόδος
3037 705 3106 756 δὲ
3155 707 3524 773 ὁρισθείσης,
3557 703 3642 757 διὰ
3677 706 3729 757 τὸ
3765 707 3832 758 τέο

2417 801 2585 851 .letor
2618 798 2718 865 (1).
2756 816 2773 845 ι

747 927 844 981 llis
876 927 932 980 in
961 925 1163 989 verbis,
1200 942 1232 978 ο
1260 925 1355 981 Dei
1386 941 1563 992 serve,
1590 925 1899 995 speculanti
1947 924 2045 978 tibi
2073 937 2243 992 appa—

2420 910 2483 963 Εἰ
2536 909 2633 978 μὲν
2694 907 2792 976 τὴν
2847 905 3112 960 δοκοῦσαν
3165 902 3304 957 εἶναι
3364 904 3669 971 διαφωνίαν,
3722 902 3833 953 δοῦλε

677 1027 760 1074 ret
785 1017 1033 1087 quaedam
1085 1032 1206 1072 esse
1244 1017 1584 1072 dissonantia
1616 1037 1628 1072 :
1667 1017 1713 1071 si
1752 1033 1885 1072 vero
1927 1015 2245 1086 diligentius

2345 999 2480 1053 Θεοῦ
2498 1041 2513 1064 ,
2544 998 2820 1068 σκοπήσας
2841 999 2885 1029 ’³
2913 1001 3011 1068 τὴν
3047 996 3222 1066 ἀληθῆ
3256 997 3566 1064 συμφωνίαν
3589 995 3836 1063 ὴπὸρησας,

675 1110 996 1180 qumsiveris
1019 1125 1210 1163 eorum
1238 1109 1674 1174 consonantiam,
1708 1117 1764 1162 et
1790 1123 1918 1161 vera
1947 1119 2003 1162 et
2037 1104 2248 1174 simpli-

2344 1094 2445 1146 οὐκ
2473 1091 2587 1144 ἔστι
2608 1092 2654 1121 ’³
2681 1091 2802 1143 κατ’
2835 1089 3041 1142 ἔννοιαν
3071 1086 3275 1140 τούτων
3306 1087 3416 1139 τῶν
3441 1086 3618 1152 φωνῶν
3646 1087 3837 1136 ὲνικωτέ-

676 1201 897 1254 cissima
925 1199 1232 1254 secundum
1273 1200 1611 1254 sententiam
1655 1197 2061 1269 deprehendes.
2093 1196 2242 1251 Idem

2347 1201 2448 1254 ραν
2467 1183 2512 1213 ’⁸
2545 1183 2744 1252 εὑρεῖν.
2783 1179 2990 1234 Ταυτδν
3021 1179 3130 1251 γάρ
3162 1182 3310 1231 ἐστιν
3349 1177 3696 1246 ὑπερὸαθῆναι
3720 1175 3837 1226 δυάδα

673 1306 822 1344 enim
849 1305 1075 1360 prorsus
1103 1299 1186 1344 est
1230 1290 1481 1360 superari
1537 1289 1713 1360 dyada
1736 1298 1792 1343 et
1838 1304 1948 1343 non
1994 1297 2140 1342 stare
2190 1287 2244 1339 in

2345 1272 2441 1326 καὶ
2479 1272 2552 1341 μὴ
2601 1272 2790 1340 στῆναι
2825 1269 2989 1339 μέχρι
3032 1269 3252 1330 δυάδος,
3298 1268 3394 1320 καὶ
3431 1267 3581 1320 πάλιν
3618 1266 3837 1335 ὁρισθῆναι

673 1357 870 1453 dyade,
911 1389 966 1436 et
990 1396 1184 1435 rursus
1208 1357 1426 1435 deliniri
1467 1357 1666 1443 triada,
1705 1390 1763 1436 ct
1798 1391 2006 1434 motum
2058 1393 2247 1433 mona-

2345 1363 2549 1432 Τριάδα
2581 1363 2672 1416 καὶ
2706 1362 2868 1432 μέχρι
2913 1360 3138 1430 Τριάδος
3181 1360 3373 1428 στῆναι
3419 1358 3517 1426 τῆς
3561 1357 3747 1425 μονάδος
3770 1359 3837 1424 τὴν

672 1473 759 1526 (lis
785 1483 928 1529 stare
953 1473 1007 1526 in
1059 1472 1255 1536 triade,
1289 1473 1560 1542 siquidem
1590 1473 1970 1528 monarchiam
2013 1471 2247 1526 colimus

2347 1452 2598 1524 κίνησιν,
2661 1455 2820 1522 είπερ
2881 1451 3183 1522 μοναρχίαν
3214 1451 3260 1480 ’³
3316 1449 3727 1518 πρεσϐεύομεν¹⁶
3767 1449 3837 1498 οὐκ

674 1580 781 1618 non
810 1578 1030 1632 parcam
1057 1570 1112 1617 et
1142 1561 1195 1615 in
1236 1579 1341 1616 una
1367 1578 1604 1632 persona
1625 1562 2125 1632 circumscriptam,
2151 1567 2247 1614 aut

2347 1543 2689 1613 ἀφιλότιμον,
2729 1543 2805 1605 ὡς
2854 1544 2933 1594 ἑνὶ
2979 1540 3257 1610 προσώπῳ
3301 1538 3835 1609 πτριγεγρξιμμένην,ἧ

672 1655 780 1709 alia
809 1670 876 1708 ex
906 1662 1062 1723 parte
1099 1653 1383 1708 confusam
1420 1663 1477 1708 et
1501 1654 1555 1707 in
1591 1654 1870 1708 inlinitum
1910 1666 2243 1722 procurren-

2347 1636 2512 1688 πάλιν
2541 1635 2798 1697 ἄτακτον,
2845 1634 2920 1696 ὡς
2951 1635 3030 1694 είς
3072 1632 3299 1700 ἄπειρον
3347 1630 3630 1700 χεομένην,
3665 1630 3757 1682 ἀλλ’
3793 1631 3835 1696 ἦν

674 1755 805 1809 tem,
840 1745 934 1800 sed
962 1744 1273 1800 istiusmodi
1326 1747 1512 1815 potius
1541 1761 1705 1815 quam
1753 1745 1972 1799 trinitas
2009 1743 2247 1798 essentia

2282 1801 2319 1815 η
2350 1727 2551 1796 (105
2583 1727 2649 1797 ὁ)
2705 1726 2965 1797 ὁμότιμος
3011 1724 3168 1792 φύσει
3213 1723 3385 1792 Τριὰς
3430 1723 3607 1791 Πατὴρ
3640 1723 3716 1771 καὶ
3755 1720 3836 1779 Υἱὸς

671 1847 728 1893 et
762 1837 972 1892 honore
988 1838 1234 1907 aequalis,
1260 1801 1440 1901 Pa-ter,
1467 1801 1639 1892 Filius
1673 1846 1728 1892 et
1759 1835 1998 1907 Spiritus
2025 1843 2245 1888 sanctus

2282 1801 2321 1856 Β
2348 1821 2438 1872 καὶ
2485 1819 2712 1890 Πνεῦμα
2760 1819 3078 1889 συνίστησιν
3108 1817 3292 1886 ἅγιον,
3336 1812 3412 1868 ὧν
3446 1815 3656 1876 πλοῦτος
3683 1815 3710 1882 ἡ
3741 1830 3835 1880 συμ-

673 1929 981 1985 constituit.
1021 1928 1227 1982 Horum
1268 1927 1475 1982 divitia;
1493 1938 1577 1982 est
1606 1943 1669 1981 ea
1697 1927 2012 1990 consensio,
2043 1940 2243 1979 unum-

2349 1913 2482 1978 φυῖα
2499 1910 2544 1941 ³⁷
2558 1911 2654 1964 κα).
2681 1911 2740 1962 τὸ
2771 1911 2829 1962 ἓν
2857 1909 3065 1980 ἔξαλμα
3088 1899 3186 1980 τῆς
3211 1907 3722 1980 λαμπρότητος,οὖτε
3740 1907 3835 1973 ὑπὲρ

673 2037 780 2090 que
823 2028 878 2075 et
925 2020 1068 2074 idem
1121 2019 1435 2088 splendoris
1477 2018 1776 2082 eradiatio,
1835 2018 1907 2072 ita
1949 2026 2014 2071 ut
2067 2031 2246 2085 neque

2345 2003 2516 2055 ταῦτα
2549 2003 2646 2072 τῆς
2677 2001 2929 2072 θεότητος
2975 2003 3274 2072 χεομὲνης,
3319 2002 3409 2054 ἵνα
3453 2001 3526 2070 μὴ
3564 1999 3710 2069 δῆμον
3741 1997 3835 2050 θεῶν

671 2088 933 2166 divinitas
960 2126 1020 2165 se
1044 2111 1184 2165 ultra
1213 2110 1328 2164 haec
1347 2109 1614 2174 elfundat,
1640 2126 1708 2164 ne
1732 2109 1960 2163 deorum
1983 2107 2246 2177 populum

2351 2093 2755 2162 εἰσαγάγωμεν,
2784 2091 2907 2146 οὕτε
2939 2094 3092 2156 ἐντὸς
3118 2093 3327 2146 τούτων
3357 2091 3680 2162 ὁριζομένης,
3700 2090 3766 2140 ἵνα
3788 2088 3836 2155 τιὴ

675 2205 1122 2268 introducamus;
1173 2219 1275 2258 nec
1304 2212 1485 2256 tamen
1523 2203 1662 2256 intra
1714 2203 1807 2256 illa
1833 2218 1891 2256 se
1945 2201 2243 2263 contrahit,

2351 2187 2541 2237 πενίαν
2570 2184 2824 2254 θεότητος
2855 2185 3278 2255 κατακριθῶμεν
3293 2185 3363 2235 ’⁸.
3396 2186 3507 2236 Οὐκ
3537 2185 3665 2236 ἔστιν
3685 2177 3756 2235 οὖν
3776 2183 3834 2234 αὶ-

675 2310 744 2350 ιιο
775 2295 1017 2363 inopiam
1047 2293 1102 2347 in
1132 2293 1421 2348 divinitate
1451 2293 1879 2347 constituamus.
1927 2292 2055 2347 llam
2078 2293 2248 2363 igitur

2347 2275 2590 2343 τιολογία
2631 2276 2792 2328 τοῦτο
2832 2277 2931 2345 τῆς
2977 2276 3307 2339 ὑπερουσίου
3354 2277 3461 2328 τῶν
3499 2277 3652 2328 ὄντων
3694 2274 3835 2333 αἰτίας,

672 2401 783 2441 non
802 2396 930 2440 sunt
963 2385 1240 2454 :etiologia
1274 2384 1343 2438 ad
1376 2398 1601 2438 causam
1633 2384 1780 2437 illam
1821 2383 2242 2452 explanandam,

2348 2370 2462 2424 ἀλλ’
2497 2367 2755 2432 εὐσεϐοῦς
2800 2371 2929 2438 περὶ
2977 2369 3150 2438 αὐτῆς
3192 2368 3353 2438 δόξης
3401 2367 3682 2432 ἀπόδειξις,
3726 2368 3836 2430 εἴπερ

674 2490 797 2544 quae
820 2488 1008 2528 rerum
1049 2473 1296 2528 omnium
1347 2471 1620 2527 cssentias
1667 2471 2103 2542 supergreditur,
2150 2473 2246 2526 sed

2352 2460 2520 2531 μονὰς
2540 2503 2554 2527 ,
2586 2461 2702 2512 ἀλλ’
2731 2461 2790 2514 οὐ
2811 2459 2942 2524 δυὰς
2966 2501 2980 2524 ,
3009 2462 3102 2514 καὶ
3132 2462 3304 2532 Τριᾶς
3324 2501 3340 2525 ,
3377 2461 3488 2513 ἀλλ’
3523 2461 3576 2514 οὐ
3606 2459 3833 2527 πλῆθος.ἡ

676 2565 779 2634 pia:
823 2563 1104 2634 Opinionis
1129 2563 1196 2619 de
1228 2579 1292 2618 ea
1322 2572 1533 2618 tantum
1563 2563 1884 2618 declaratio.
1923 2563 2021 2618 Est
2056 2579 2246 2618 revera

2350 2551 2558 2622 θεότης,
2599 2551 2674 2615 ὡς
2703 2552 2961 2622 ἄναρχος,
2992 2552 3288 2622 ἀσώματος
3323 2571 3384 2606 τε
3416 2555 3506 2606 καὶ
3534 2553 3833 2611 ἀστασίαστος.

675 2651 855 2706 deitas
875 2667 1088 2716 monas,
1125 2659 1182 2705 et
1212 2667 1325 2706 non
1355 2653 1487 2723 dyas
1523 2670 1535 2706 :
1567 2662 1652 2708 est
1675 2653 1840 2706 etiam
1882 2651 2118 2718 trinitas,
2151 2653 2246 2707 sed

2347 2642 2530 2706 Μονὰς
2559 2643 2667 2714 γὰρ
2693 2642 2908 2713 ἀληθῶς
2938 2645 2972 2714 ὴ
3005 2645 3175 2712 μονάς
3197 2661 3211 2673 ο
3245 2645 3308 2696 οὐ
3341 2646 3448 2713 γάρ
3477 2645 3612 2695 ἐστιν
3634 2641 3745 2711 ἀρχὴ
3762 2637 3835 2690 τῶν

676 2759 785 2796 non
850 2741 1168 2796 multitudo.
1215 2743 1312 2797 Est
1361 2743 1508 2797 enim
1556 2745 1675 2798 sine
1718 2743 2015 2814 principio,
2053 2759 2248 2812 expers

2352 2733 2470 2804 μετ’
2500 2734 2694 2804 αὐτὴν,
2735 2735 2876 2787 κατὰ
2901 2735 3195 2805 διαστολῆς
3225 2735 3509 2806 συστολὴν,
3539 2736 3616 2788 ἵνα
3644 2735 3746 2800 χεθῇ
3770 2747 3835 2799 99'

673 2832 945 2902 corporis,
983 2840 1041 2886 et
1085 2833 1234 2886 omni
1283 2833 1557 2888 seditione
1597 2849 1790 2889 vacua.
1837 2834 1905 2888 Et
1952 2850 2144 2888 monas
2188 2848 2247 2886 re

2351 2827 2518 2890 σικῶς
2561 2829 2642 2889 είς
2669 2827 2873 2895 πλῆθος
2897 2827 3081 2880 ὀδεύου
3093 2845 3158 2881 σα
3182 2866 3197 2889 ,
3232 2827 3350 2880 ἀλλ’
3385 2827 3712 2885 ὲνυπόστατος
3731 2820 3833 2872 ὀπύ-

573 2998 577 3001 .
676 2922 792 2992 ipsa
825 2937 1018 2977 manas
1047 2932 1131 2977 est
1161 2923 1364 2994 (neque
1397 2925 1547 2978 enim
1575 2931 1662 2980 est
1682 2925 2016 2996 principium
2051 2941 2158 2980 cori

2347 2936 2448 2988 της
2475 2919 2764 2988 ὁμοουσίου
2781 2921 2828 2951 ⁸³
2848 2919 3097 2989 Τριάδος.
3116 2921 3224 2972 Καὶ
3247 2919 3423 2990 Τριὰς
3444 2917 3640 2988 ἀληθῶς
3655 2919 3682 2984 ὴ
3699 2913 3832 2985 Τριᾶς.

675 3028 798 3082 quae
821 3021 951 3066 sunt
973 3021 1099 3082 post
1120 3028 1200 3079 se,
1235 3030 1333 3083 per
1367 3016 1804 3070 contractionem
1833 3015 2143 3080 divisionis,
2181 3030 2244 3069 ac

2349 3011 2448 3062 οὐκ
2477 3009 2696 3080 ἀριθμῷ
2719 3009 2965 3080 λυομένῳ
3001 3011 3474 3082 συμπληρουμένη
3503 3011 3577 3080 (οὐ
3599 3009 3690 3075 γάρ
3709 3004 3834 3058 ἐστι⁸⁶

674 3105 719 3158 si
739 3104 1072 3159 naturaliter
1099 3105 1354 3161 tenderet
1399 3115 1455 3160 et
1489 3106 1827 3161 dill‘underct
1857 3123 1915 3162 se
1964 3107 2018 3160 in
2053 3107 2243 3160 ηιιιιιὶ-

2275 3129 2316 3187 C
2353 3100 2595 3170 μονάδων
2633 3100 2880 3164 σύνθεσις
2909 3141 2925 3165 ,
2959 3101 3043 3154 ἵνα
3077 3101 3224 3174 πάθῃ
3253 3104 3586 3174 διαίρεσιν),
3616 3095 3835 3155 ἁλλ’ὲνού-

674 3197 944 3260 tudinem,
969 3197 1064 3252 sed
1102 3207 1186 3252 est
1213 3199 1347 3252 illud
1376 3199 1522 3268 quod
1553 3199 1715 3254 unice
1743 3199 1997 3253 subsistit
2053 3199 2107 3252 in
2144 3201 2244 3253 tri-

2355 3207 2466 3254 σιος
2487 3193 2528 3223 ³⁸
2575 3189 2809 3260 ὕπαρξις
2851 3193 3288 3262 τρισυποστάτου
3325 3193 3564 3262 μονάδος.
3593 3190 3738 3250 Μονὰς
3763 3188 3835 3252 τᾶρ

675 3289 846 3343 nitate
880 3289 1396 3361 consubstantiali):
1436 3299 1492 3344 et
1520 3290 1764 3345 Trinitas
1804 3306 1861 3344 re
1910 3291 2028 3360 ipsa
2058 3290 2245 3344 Trini-

2347 3282 2562 3353 ἀληθῶς
2593 3285 2624 3351 ἡ
2653 3283 2826 3353 Τριὰς
2851 3326 2863 3347 ,
2896 3283 2976 3336 ὅτι
3008 3282 3182 3346 οὕτως
3223 3285 3344 3336 ἐστὶ
3360 3286 3427 3348 ³¹,
3459 3285 3547 3336 καὶ
3579 3282 3719 3350 Τριάς
3748 3278 3838 3340 ἀλη-

675 3387 758 3433 tas
783 3387 886 3444 est,
911 3393 1022 3434 non
1048 3380 1270 3450 quidem
1307 3381 1610 3450 composita
1643 3397 1709 3435 ex
1735 3397 1966 3435 numero
1984 3381 2242 3445 discreto,

2347 3374 2456 3439 θῶς
2501 3377 2534 3444 ἢ
2573 3376 2741 3444 μονὰς
2777 3375 2842 3437 ³³.
2885 3376 2970 3428 ὅτι
3021 3374 3198 3438 οὕτως
3231 3377 3573 3448 ὑφέστηκεν·
3602 3372 3751 3438 ἐπειδὴ
3773 3368 3835 3418 nl

673 3485 738 3524 ac
759 3469 806 3524 si
841 3478 990 3525 esset
1020 3470 1295 3525 unitatum
1324 3471 1602 3534 collectio,
1639 3487 1760 3541 quae
1806 3471 2065 3526 divisioni
2098 3479 2246 3526 esset

2351 3467 2448 3537 μία
2504 3466 2695 3535 θεότης
2747 3462 2883 3520 οὖσά
2945 3484 3004 3520 τε
3055 3468 3390 3537 μοναδικῶς,
3447 3470 3535 3520 καὶ
3576 3462 3835 3534 ὑσισταμένη

673 3561 934 3626 obnoxia,
983 3561 1078 3617 sed
1114 3572 1199 3618 est
1232 3564 1673 3618 uni-essentialis
1720 3563 2028 3618 substantia
2059 3564 2243 3618 unita-

2345 3556 2656 3626 τριαδικῶς.
2710 3557 2769 3609 El
2815 3558 2873 3609 δὲ
2919 3557 3135 3627 κίνησιν
3169 3558 3412 3622 ἀκούσας
3453 3550 3833 3626 ἐθαύμασας

675 3651 766 3714 tis,
799 3650 853 3704 in
883 3667 988 3721 qua
1039 3662 1150 3706 tres
1179 3662 1308 3707 sunt
1350 3655 1705 3724 hypostases;
1755 3653 1938 3706 unitas
1967 3653 2112 3706 enim
2161 3662 2245 3706 est

2347 3649 2715 3719 ὐπεράπειρος
2737 3651 2968 3702 κινεῖται
3000 3649 3190 3720 θεότης
3211 3689 3226 3712 ,
3261 3652 3443 3719 ἡμῶν,
3471 3650 3561 3702 οὐκ
3586 3647 3760 3712 ἐκείνης
3793 3640 3833 3690 ιδ

675 3741 944 3808 Trinitas,
977 3745 1237 3814 quoniam
1269 3745 1397 3800 talis
1431 3753 1512 3798 cst
1538 3745 1656 3814 ejus
1686 3745 1943 3808 essentia,
1975 3752 2031 3798 et
2057 3743 2241 3797 Trini-

2347 3739 2537 3800 πάθος,
2577 3737 2792 3808 πρῶτον
2821 3739 2910 3791 τὸν
2944 3739 3040 3790 τοῦ
3084 3735 3223 3792 εἶναι
3255 3740 3417 3807 λόγον
3449 3739 3605 3808 αὐτῆς
3629 3734 3832 3801 ὲλλαμπο·

677 3838 758 3884 tas
793 3831 980 3897 etiam,
1021 3833 1285 3902 quoniam
1323 3834 1413 3888 tali
1463 3834 1628 3888 modo
1669 3834 1939 3897 subsistit,
1995 3833 2243 3903 quando-

2351 3829 2547 3899 μένων,
2575 3830 2668 3882 καὶ
2698 3829 2842 3882 οὕτω
2873 3829 2963 3882 τὸν
2991 3829 3084 3883 τοῦ
3117 3831 3233 3893 πῶς
3259 3831 3430 3899 αυτὴν
3461 3828 3718 3896 ὑφεστάναι
3743 3820 3831 3887 τρό-

672 3921 894 3991 quidem
937 3922 1116 3978 deitas
1143 3923 1197 3976 in
1235 3924 1448 3978 unitate
1479 3925 1732 3978 essentize
1781 3933 1837 3979 et
1882 3925 1936 3978 in
1967 3925 2239 3978 Trinitate

2349 3937 2448 3972 πον
2503 3920 2909 3990 φωτιζομένων,
2961 3920 3121 3992 εἴπερ
3176 3921 3237 3973 τὸ
3280 3915 3423 3973 εἶναι
3466 3919 3552 3973 τοῦ
3597 3915 3693 3977 πῶς
3734 3905 3834 4000 εἷναὶ

673 4011 1044 4067 subsistentia:
1069 4029 1176 4066 una
1199 4023 1300 4069 est.
1339 4014 1394 4068 Si
1420 4030 1552 4067 vero
1587 4025 1794 4069 motum
1826 4015 2058 4069 audiens
2081 4015 2246 4068 mira-

2236 4043 2246 4052 -
2343 4011 2558 4074 πάντως
2607 4015 3031 4081 προεπινοείται.
3081 4012 3308 4084 Κίνησις
3359 4010 3451 4068 οὖν
3497 4010 3716 4077 θεότητος
3743 4001 3821 4070 ἡδί

676 4111 766 4156 tus
793 4103 966 4158 fueris
999 4103 1093 4172 qui
1123 4105 1332 4159 moveri
1354 4106 1529 4174 possit
1561 4105 1761 4170 deitas,
1787 4122 1908 4175 qua:
1939 4105 2107 4159 nullis
2133 4113 2245 4159 ter-

2345 4104 2662 4171 ὲκῬάνσεωῖ
2713 4107 2973 4178 γινομένη
3022 4108 3152 4178 περί
3199 4125 3260 4160 τε
3311 4107 3410 4160 τοῦ
3455 4103 3583 4159 εἶναι
3611 4094 3830 4168 αὐτὴνκαὶ

675 4190 840 4244 minis
867 4191 1203 4256 continetur,
1233 4193 1518 4247 sciendum
1562 4204 1648 4247 est
1688 4209 1814 4248 eum
1843 4193 2102 4248 aﬂ‘ectum
2137 4208 2245 4248 non

2244 4243 2245 4246 η
2344 4195 2440 4248 τοῦ
2460 4197 2505 4227 ³⁸
2551 4196 2667 4261 πῶς
2715 4197 2885 4268 αὐτὴν
2931 4198 3232 4268 ὑφεστάναι
3279 4202 3397 4264 τοῖς
3444 4198 3598 4266 αὐτῆς
3633 4187 3829 4246 δεκτικοῖς

675 4280 744 4334 ab
768 4279 884 4349 ipsa
925 4281 1300 4363 essedeitate,
1352 4283 1449 4338 sed
1487 4300 1516 4338 a
1548 4285 1726 4339 nobis.
1760 4285 1834 4339 lla
1877 4285 2024 4339 enim
2060 4286 2250 4355 prima:

1352 4283 1449 4338 sed
1487 4300 1516 4338 a
1548 4285 1726 4339 nobis.
1760 4285 1834 4339 lla
1877 4285 2024 4339 enim
2060 4286 2250 4355 primm
2350 4287 2654 4358 καθέστηκε
2687 4288 2909 4356 γνῶσις.

677 4373 930 4428 essentia:
951 4375 1072 4445 ejus
1111 4376 1251 4429 ratio
1281 4377 1440 4431 nobis
1481 4392 1537 4431 sc
1563 4377 1900 4439 manifestat,
1940 4377 2128 4446 itaque
2173 4379 2240 4434 de
2283 4381 2467 4444 modo,
2492 4395 2601 4448 quo
2666 4379 2783 4450 ipsa
2813 4380 3086 4444 subsistit,
3148 4367 3828 4438 illuminamur.Priussiqui-

677 4460 800 4517 dem
828 4473 912 4518 est
943 4465 998 4518 in
1026 4465 1340 4536 cognitione
1365 4467 1425 4518 τδ
1449 4481 1570 4520 esse
1593 4482 1756 4536 quam
1785 4467 1888 4521 hoc
1947 4467 2112 4520 modo
2127 4481 2267 4520 esse.
2317 4467 2543 4521 Deitatis
2589 4468 2759 4538 igitur
2833 4479 3016 4526 motus
3045 4480 3130 4526 est
3171 4472 3292 4541 ejus
3328 4469 3581 4542 cognitio,
3611 4479 3692 4535 per
3716 4466 3830 4527 quam

679 4559 746 4613 iis
775 4558 869 4629 qui
889 4573 1118 4630 capaces
1151 4570 1282 4614 sunt
1319 4569 1377 4613 et
1406 4575 1528 4615 esse
1557 4562 1676 4632 ejus
1717 4568 1774 4614 et
1821 4558 2020 4614 modus
2044 4559 2390 4615 subsistendi
2422 4561 2755 4616 declaratur.

677 4782 819 4838 Idem
848 4785 902 4836 in
931 4785 1103 4854 prima
1149 4787 1386 4838 oratione
1413 4785 1475 4838 de
1511 4783 1642 4840 Filio
1678 4787 1734 4839 in
1774 4787 1848 4850 id,
1889 4807 1906 4836 ι
1941 4786 2005 4841 Ut
2044 4803 2153 4840 rem
2188 4789 2243 4840 in

2242 4831 2243 4834 η
2280 4792 2320 4845 D
2356 4785 2463 4840 Τοῦ
2483 4784 2668 4838 αὑτοῦ
2684 4785 2749 4836 ἐκ
2775 4785 2880 4839 τοῦ
2901 4773 3827 4853 αἰιτοῦ’³ο¹⁷πρώτουιιοθα)λότ⁰ν

747 4891 916 4945 pauca
942 4876 1271 4940 contra/mm,
1306 4878 1399 4929 hoc
1439 4878 1527 4930 tibi
1567 4877 1865 4946 faciendum
1894 4887 1990 4944 est,
2028 4878 2243 4933 altiores

2242 4901 2243 4907 η
2421 4879 2508 4942 είς
2541 4879 2628 4929 τό·
2669 4895 2688 4925 ι
2722 4876 2844 4930 Ἐνί
2879 4877 2944 4929 δὲ
2981 4877 3306 4944 κεφαλαίῳ,
3335 4877 3405 4930 τὰ
3431 4877 3535 4939 μὲν
3566 4864 3827 4937 amittet“

746 4979 890 5018 voces
935 4963 1120 5018 deitati
1164 4972 1213 5018 et
1255 4974 1468 5019 natura:
1522 4965 1604 5019 illi
1643 4983 1762 5037 qute
1813 4968 2142 5038 passionibus
2194 4977 2244 5020 et

2235 4977 2244 5020 ι
2423 4967 2692 5036 πρόσαγε
2741 4964 2816 5035 τῇ
2871 4969 3102 5036 θεότητι
3140 4967 3240 5020 καὶ
3287 4967 3364 5036 τῇ
3407 4966 3663 5036 κρείττονι
3695 4953 3820 5022 φύσει

1986 5125 2216 5214 ΥᾼΒΙᾹΞ
2251 5124 2656 5182 LECTIONES.

752 5285 810 5360 "_
839 5285 930 5338 διὰ
979 5285 1214 5360 τὴν-ω.
1256 5287 1376 5360 Gal.
1450 5289 1496 5318 "
1517 5290 1786 5360 σκοπίσας
1835 5288 2093 5360 cd._Gal.
2164 5291 2211 5322 "
2236 5289 2382 5342 ἐστὶν
2411 5288 2500 5360 ed.
2533 5287 2650 5360 Gal.
2733 5288 2778 5322 “
2800 5287 3212 5360 evrortstépav
3245 5287 3368 5342 cod.
3613 5278 3650 5308 ”

619 5363 621 5365 '
681 5355 879 5428 αρχίαν
928 5343 1046 5428 cd.'
1078 5355 1195 5412 Gal.
1285 5358 1330 5388 ²⁶
1359 5343 1869 5428 πρεσϐεύίυμενόιὶ.
1927 5343 2048 5413 Gal.
2127 5360 2171 5390 ³⁷
2197 5358 2468 5428 συμφυεία
2494 5343 2584 5412 ed.
2619 5359 2737 5414 Gal.
2841 5357 2886 5428 ’9
2913 5343 3332 5428 κέατακρίνιιψεν
3363 5343 3823 5428 (ζάχίῖβΙ-,τ-,Ῡῗτξί

684 5415 989 5498 ιιὲςᾟςίζαιὶσ
1018 5427 1207 5498 inopia:
1237 5415 1663 5498 condemnemur:
1742 5431 1784 5460 ’9
1813 5430 2174 5481 ἐνυπόστατον
2194 5415 2342 5481 δυ’τὲ)
2372 5430 2467 5498 τῆς
2491 5431 2771 5498 ομοουσίου
2807 5427 2896 5482 ed.
2928 5427 3064 5498 Gal._
3097 5415 3151 5498 3t
3167 5415 3312 5498 ἐστιν
3334 5424 3542 5498 ed.Gt_tl.
3569 5418 3629 5497 v"

682 5493 772 5618 c3.
965 5496 1007 5525 ⁸³
1034 5481 1178 5549 ἔστιν
1203 5497 1292 5551 ed.
1331 5496 1448 5551 Gal.
1512 5499 1557 5530 ³³
1578 5502 1610 5568 ή
1646 5481 1812 5568 μονὰς
1847 5501 2112 5554 omissum
2134 5509 2216 5554 est
2249 5499 2304 5552 in
2333 5481 2467 5554 edi't'.
2490 5481 2608 5553 Gal.
2672 5500 2715 5530 ”
2742 5481 2835 5553 τοῦ
2862 5481 2973 5552 om.
3001 5496 3092 5552 ed.
3115 5496 3234 5551 Gal.
3303 5497 3416 5529 ³⁸·²⁷
3446 5487 3590 5547 αὐτοῦ
3607 5497 3695 5539 non
3711 5481 3819 5531 θείω

682 5580 710 5618 e
760 5606 772 5618 .
867 5581 896 5618 a
923 5605 937 5618 .

682 5580 772 5620 tu.
821 5580 937 5619 bal.

757 5708 833 5778 (l)
863 5707 1088 5778 Gregor.
1117 5708 1249 5762 Naz.
1281 5707 1436 5762 Orat.
1468 5709 1491 5762 l
1518 5709 1580 5762 de
1617 5705 1770 5775 Filio,
1804 5727 1922 5782 cap.
1961 5713 2015 5779 2,
2049 5730 2101 5782 p.
2123 5714 2260 5779 524;
2297 5716 2436 5783 Opp.
2477 5721 2611 5767 tom.
2648 5712 2667 5766 l
2699 5712 2790 5766 ed.
2811 5712 3049 5780 Bened;
3078 5721 3219 5767 orat.
3245 5712 3278 5766 '5
3299 5711 3378 5765 De
3399 5724 3512 5780 pare
3549 5699 3699 5763 ibid.P
3733 5677 3817 5740 m’
