4014 6284
185 266 323 332 1ὀ37

1426 262 1946 325 AMBIGUORUM
1987 268 2236 328 LIBER.

3306 268 3442 332 1038

257 378 468 433 παθῶν
528 376 629 431 καὶ
692 374 987 444 σώματος,
1042 375 1113 429 τὰ
1148 375 1219 428 δὲ
1266 376 1652 442 ταπεινότερα
1684 373 1762 438 τῷ

1938 394 2154 447 corpore
2182 377 2461 433 sublimior
2490 385 2565 431 est
2610 379 2897 445 attribuas,
2929 383 3233 437 humiliores
3264 395 3441 438 autem

254 468 531 532 συνθέτῳ
559 466 657 521 καὶ
688 466 787 520 διὰ
809 466 884 519 σὲ
909 466 1223 521 κενωθέντι
1244 465 1341 519 καὶ
1372 465 1761 533 σαρκωθέντι,

252 557 438 611 οὐδὲν
459 555 528 609 δὲ
553 556 759 625 χεῖρον
775 554 968 609 εἰπεῖν
999 556 1098 609 καὶ
1129 552 1603 622 ἀνθρωπισθέντι
1630 552 1759 623 ((2).)

264 754 324 806 '0
358 752 456 805 τοῦ
495 751 632 805 Θεοῦ
673 751 843 819 Λόγος
888 751 1008 813 ὅλος
1042 750 1203 804 οὐσία
1234 751 1445 821 πλήρης
1478 750 1765 819 ὑπάρχων,

178 846 316 908 Θεὸς
366 849 501 914 γὰρ,
546 842 643 896 καὶ
691 842 990 905 ὑπόστασις
1036 841 1158 904 ὅλος
1202 840 1499 912 ἀνελλιπὴς
1537 839 1605 905 ’⁸,
1639 839 1768 902 Υἱὸς

179 938 312 1008 γὰρ,
340 935 605 995 κενωθεὶς
633 933 733 1002 μὲν
760 933 937 1002 σπορὰ
958 933 1150 1001 γέγονε
1175 934 1274 1003 τῆς
1300 933 1508 995 οἰκείας
1539 931 1764 1002 σαρκὸς,

181 1026 412 1099 ἀρρήτῳ
443 1025 501 1078 δὲ
534 1023 797 1093 συλλήψει
821 1024 1095 1085 συντεθεὶς
1135 1023 1307 1093 αὑτῆς
1338 1023 1637 1084 ὑπόστασις
1676 1023 1769 1089 γέ-

179 1137 309 1189 γονε
330 1121 378 1151 ³⁸
412 1119 513 1189 τῆς
544 1116 990 1189 προσληφθείσης
1036 1117 1260 1187 σαρκός.
1300 1116 1412 1169 Καὶ
1471 1116 1647 1186 τούτῳ
1692 1113 1768 1184 τῷ

181 1214 361 1285 καινῷ
394 1212 679 1283 μυστηρίῳ
696 1211 817 1263 κατ’
841 1207 1099 1278 ἀλήθειαν
1137 1205 1423 1276 ἀτρέπτως
1460 1205 1580 1267 ὅλος
1618 1204 1771 1271 γενό-

182 1324 348 1377 μενος
398 1305 707 1375 ἄνθρωπος,
735 1302 829 1355 δύο
862 1300 1076 1369 φύσεων
1126 1299 1385 1352 άκτίστου
1424 1314 1483 1350 τε
1530 1298 1625 1349 καὶ
1656 1314 1772 1350 κτι-

180 1399 337 1466 στῆς,
375 1396 618 1458 ἀπαθοῦς
661 1411 721 1447 τε
772 1395 867 1446 καὶ
911 1391 1183 1462 παθητῆς,
1216 1394 1244 1443 6
1271 1390 1432 1453 αὑτὸς
1469 1390 1769 1452 ὑπόστασις

177 1484 271 1558 ἦν,
298 1488 514 1549 πάντας
547 1483 851 1545 ἀνελλιπῶς
871 1483 914 1514 ³ο
944 1482 1072 1544 τοὺς
1108 1481 1395 1550 φυσικοὺς,
1429 1473 1505 1532 ὧν
1532 1479 1769 1532 ὑπόστα-

181 1596 287 1643 σις,
323 1575 396 1647 ἦν
425 1577 620 1645 λόγους
644 1576 1050 1645 ἐπιδεχόμενος.
1086 1573 1145 1626 Ei
1168 1573 1223 1625 δὲ
1257 1574 1467 1634 πάντας
1491 1571 1768 1635 ούσιωδῶς

179 1663 257 1722 ὧν
293 1669 600 1732 ὑπόστασις
633 1663 700 1738 ἦν
744 1669 869 1728 τοὺς
909 1666 1175 1735 φυσικοὺς
1222 1664 1511 1734 ἐπεδέχετο
1549 1664 1765 1731 λόγους,

180 1762 333 1832 αὐτῷ
386 1760 628 1829 συνθέτῳ
672 1758 955 1829 γενομένῳ
1002 1760 1070 1827 τῇ
1111 1754 1473 1826 προσλήψει³¹
1512 1754 1610 1825 τῆς
1643 1772 1772 1825 σαρ-

179 1854 279 1918 κὸς
315 1852 462 1906 κατὰ
491 1853 590 1922 τὴν
623 1852 924 1904 ὑπόστασιν
963 1849 1103 1901 πάνυ
1144 1847 1321 1915 σοφῶς
1367 1849 1395 1900 6
1431 1846 1773 1910 διδάσκαλος,

182 1948 271 1999 ἵνα
313 1948 393 2016 μὴ
427 1944 559 2014 ψιλὰ
589 1945 842 2014 νομισθῇ,
880 1944 947 1995 τά
979 1942 1079 2010 τῆς
1108 1941 1318 2004 οἰκείας
1369 1939 1574 2012 σαρκὸς
1621 1939 1770 2008 πάθη

180 2038 578 2110 προσένειμεν.
614 2034 784 2090 αὑτοῦ
820 2051 879 2087 τε
903 2035 1003 2102 τῆς
1048 2033 1251 2103 σαρκὸς
1283 2032 1641 2103 ὑπαρχούσης
1679 2032 1773 2084 καὶ

179 2129 308 2182 κατ’
340 2130 514 2196 αὐτὴν
542 2126 757 2197 ἀληθῶς
782 2125 896 2178 ὄντι
920 2123 1039 2194 Θεῴ
1057 2123 1285 2194 παθητῴ
1308 2124 1453 2175 κατὰ
1476 2123 1572 2193 τῆς
1594 2124 1773 2191 ἁμαρ-

178 2224 328 2283 τίας.
376 2219 578 2282 Ούσίας
604 2218 810 2278 τοίνυν,
848 2215 972 2269 καθ’
1003 2214 1071 2285 ἢν
1100 2216 1196 2268 καὶ
1230 2214 1534 2285 σαρκωθεὶς
1569 2212 1772 2275 ἁπλοῦς

180 2316 209 2366 6
237 2312 414 2380 Λόγος
434 2310 712 2382 μεμένηκε
737 2311 805 2373 ³⁸,
829 2310 922 2361 καὶ
952 2308 1326 2372 ὑποστάσεως,
1363 2307 1484 2359 καθ’
1507 2307 1573 2377 ἧν
1604 2323 1773 2376 προσ-

179 2404 356 2474 λήψει
407 2401 607 2473 σαρκὸς
656 2401 845 2469 γέγονε
894 2398 1170 2461 σύνθετος,
1204 2398 1300 2451 καὶ
1347 2397 1480 2461 Θεὸς
1530 2396 1775 2467 παθητὸς

178 2493 554 2563 οἰκονομικῶς
603 2493 965 2563 ἐχρημάτισε,
1017 2490 1231 2553 δεικνὺς
1281 2488 1380 2559 τὴν
1444 2489 1706 2559 διαφορὰν
1747 2489 1775 2540 6

181 2584 509 2646 διδάσκαλος
526 2582 698 2637 ταῦτά
714 2599 875 2652 φησιν
898 2598 911 2611 ·
936 2582 1084 2633 ι”ινα
1104 2579 1178 2650 μὴ
1211 2578 1279 2631 τά
1308 2577 1405 2647 τῆς
1429 2576 1776 2639 ὑποστάσεως

181 2676 629 2747 κατηγοροῦντες
652 2676 697 2707 ³³
725 2674 782 2740 ἐξ
811 2673 1032 2742 ἀγνοίας
1065 2671 1167 2742 τῆς
1191 2670 1408 2739 φύσεως
1429 2668 1473 2701 ³⁸
1512 2668 1767 2739 λάθωμεν

182 2769 335 2821 κατὰ
355 2768 481 2831 τοὺς
508 2766 817 2834 Ἀρειανοὺς
839 2762 958 2833 Θεῷ
979 2761 1139 2831 φύσει
1165 2758 1394 2830 παθητῷ
1412 2758 1775 2829 προσκυνούν-

1941 466 2297 519 accommodes
2331 466 2412 520 illi
2440 468 2530 536 qui
2555 467 2632 523 tui
2677 470 2857 538 gratia
2897 474 3135 539 componi
3175 481 3223 525 et
3254 475 3445 527 exina-

1941 560 2067 622 niri,
2095 560 2373 611 incarnari
2404 568 2454 611 et
2496 558 2644 629 (quid
2670 561 2822 629 enim
2853 570 2991 614 vetat
3014 564 3088 615 sic
3118 563 3257 634 loqui
3285 566 3330 636 Ρ)
3365 567 3448 619 in-

1941 650 2227 702 ltumanari
2253 652 2524 703 sustinuit.
2571 670 2588 700 ι

1941 762 2037 815 Dei
2073 764 2319 816 Verbum
2354 773 2530 817 totum
2562 766 2786 834 quidem
2834 774 2953 820 erat
3005 768 3323 836 plenissima
3357 786 3449 825 es-

1870 853 2069 917 sentia,
2106 862 2294 923 utpote
2321 856 2486 919 Deus,
2514 863 2572 909 et
2606 864 2779 909 totum
2811 868 2931 911 erat
2981 859 3231 927 perfecta
3273 862 3447 932 hypo-

1870 944 2055 1009 stasis,
2090 954 2277 1013 utpote
2308 946 2501 1009 Filius,
2533 963 2656 1001 cum
2689 963 2747 1002 se
2775 949 3104 1013 exinaniret,
3156 967 3309 1005 suam
3346 954 3449 1008 sibi

1871 1050 2092 1089 carnem
2142 1038 2463 1103 seminavit;
2513 1039 2779 1094 inetl'abili
2834 1041 3036 1097 deinde
3088 1045 3450 1113 conceptione

1870 1128 2187 1183 coalescens
2246 1130 2397 1183 carni
2447 1147 2610 1199 quam
2665 1142 3040 1202 assumpserat
3084 1134 3229 1189 idem
3282 1136 3453 1206 hypo-

1872 1217 2042 1271 stasin
2107 1218 2384 1287 praestitit.
2450 1222 2631 1289 Atque
2663 1220 2761 1283 ita,
2814 1237 2959 1277 novo
3012 1223 3118 1277 hoc
3164 1225 3449 1295 mysterio,

1872 1314 2046 1359 totum
2098 1307 2335 1362 Verbum
2385 1308 2505 1362 sine
2554 1309 2660 1363 ulla
2703 1311 3064 1365 conversione
3110 1311 3315 1366 factum
3367 1323 3454 1367 est

1875 1394 2061 1457 homo,
2127 1395 2383 1466 idemque
2439 1397 2751 1468 hypostasis
2812 1399 3047 1453 duarum
3103 1409 3451 1466 naturarum,

1872 1484 2129 1538 increata:
2155 1493 2211 1538 et
2237 1494 2458 1549 creatae,
2506 1486 2864 1556 impassibilis
2897 1498 2953 1543 et
3015 1490 3311 1558 passibilis,
3376 1491 3451 1546 ita

1874 1584 1935 1628 ιιι
1960 1590 2150 1629 omnes
2183 1576 2408 1631 omnino
2427 1594 2616 1631 earum
2651 1588 2973 1635 naturarum
2999 1582 3244 1637 rationes
3273 1584 3453 1638 5118οί-

1876 1674 2035 1733 peret
2066 1666 2411 1730 essentiales,
2443 1682 2677 1736 quarum
2714 1679 2837 1723 erat
2882 1670 3211 1740 hypostasis.
3264 1674 3381 1729 Jam
3407 1675 3453 1729 si

1876 1770 2092 1820 omnes,
2128 1765 2189 1809 ut
2218 1756 2353 1821 dixi,
2407 1759 2654 1814 rationes
2701 1768 3049 1826 naturarum,
3095 1779 3330 1832 quarum
3369 1774 3458 1820 est

1876 1846 2207 1917 hypostasis,
2228 1849 2600 1904 essentialiter
2626 1851 2874 1921 suscepit
2902 1853 2956 1906 in
2983 1855 3290 1922 composito
3311 1854 3457 1909 facto

1873 1953 1972 2006 per
2024 1940 2436 2009 susceptionem
2489 1942 2692 2009 carnis,
2754 1945 3059 1998 secundum
3109 1946 3454 2018 hypostasin,

1873 2029 2277 2099 sapientissime
2308 2032 2467 2087 hicce
2500 2034 2786 2103 magister.
2834 2052 2903 2090 ne
2935 2052 3062 2090 cum
3095 2038 3202 2093 illis
3249 2039 3458 2094 faceret

1874 2123 1967 2192 qui
2017 2123 2298 2179 Christum
2351 2126 2560 2181 nudum
2613 2128 2899 2182 hominem
2949 2129 3168 2196 docent,
3220 2133 3457 2201 proprias

1874 2216 2057 2270 carnis
2091 2218 2375 2286 passiones
2399 2220 2675 2283 attribuit,
2723 2220 2981 2289 quoniam
3010 2229 3067 2276 et
3123 2223 3297 2291 ipsius
3338 2234 3459 2280 erat

1875 2320 2026 2369 caro,
2063 2316 2119 2360 et
2158 2324 2255 2375 per
2304 2308 2479 2378 ipsam
2506 2310 2652 2363 Deus
2688 2326 2816 2365 vere
2866 2311 3144 2395 passibilis
3200 2312 3305 2369 fuit
3354 2329 3457 2384 pro

1877 2408 2125 2467 peccato.
2153 2397 2287 2453 Cum
2321 2400 2497 2469 igitur
2532 2402 2797 2472 magister
2845 2404 2991 2458 inter
3020 2406 3339 2473 essentiam,
3365 2422 3457 2463 se-

1876 2491 2118 2545 cundum
2151 2508 2316 2561 quam
2339 2493 2502 2547 etiam
2535 2493 2858 2549 incarnatus
2884 2497 3189 2565 permansit
3223 2498 3458 2569 simplex

1877 2581 2021 2635 Deus
2050 2581 2318 2646 Verbum,
2352 2590 2406 2636 et
2440 2583 2783 2653 hypostasin,
2814 2588 3118 2642 secundum
3149 2605 3311 2658 quam
3339 2605 3458 2643 car-

1876 2673 1961 2726 nis
1990 2673 2367 2742 assumptione
2399 2676 2743 2744 compositus
2769 2677 2948 2732 factus
2979 2687 3064 2733 est
3091 2689 3148 2735 et
3174 2680 3319 2735 Deus
3345 2680 3459 2736 dis-

1877 2766 2200 2833 pensatione
2239 2766 2517 2836 passibilis
2538 2768 2735 2832 audiit,
2776 2768 3147 2825 differentiam
3181 2775 3459 2829 ostendis:-

183 2877 300 2922 τες.
328 2878 348 2909 ι
371 2887 439 2898 -
459 2876 477 2907 ι
502 2856 666 2909 Οὐδὲν
681 2855 735 2909 δὲ
758 2858 935 2925 χεῖρον
957 2854 1128 2905 εἰπεῖν
1154 2851 1247 2904 καὶ
1262 2847 1715 2921 άνθρωπισθέντι,
1752 2868 1773 2909 η

1879 2864 1979 2919 set,
2018 2855 2135 2912 haec
2174 2855 2351 2911 dicit:
2386 2876 2404 2907 ι
2442 2857 2521 2911 Ne
2572 2873 2693 2926 quae
2726 2859 3005 2929 hypostasi
3054 2863 3273 2931 propria
3327 2875 3460 2918 sunt

185 2954 557 3024 προσέθηκεν,
584 2950 645 3001 οὑ
676 2948 834 3017 μόνον
864 2945 952 2999 διὰ
997 2945 1123 3007 τοὺς
1157 2945 1469 3016 Ἀρειανοὺς
1513 2942 1632 2995 ἀντὶ
1671 2942 1775 3011 ψυ-

184 3046 293 3114 χῆς
326 3042 513 3113 (106
545 3040 597 3105 b)
643 3039 743 3109 τὴν
784 3037 1038 3109 θεότητα,
1087 3037 1180 3090 καὶ
1248 3036 1375 3097 τοὺς
1434 3033 1772 3104 Ἀπολιναρι-

188 3134 327 3195 στας
358 3132 518 3184 ἄνουν
548 3130 647 3199 τὴν
680 3127 858 3198 ψυχὴν
890 3125 1338 3195 δογματίζοντας,
1373 3126 1466 3178 καὶ
1498 3124 1671 3195 τούτῳ
1700 3124 1775 3195 τῷ

184 3222 385 3293 τρόπῳ
418 3221 479 3274 τὸ
502 3220 705 3273 τέλειον
748 3220 845 3289 τῆς
880 3218 1005 3271 καθ’
1035 3219 1184 3288 ἡμᾶς
1232 3216 1326 3270 τοῦ
1354 3217 1528 3284 Λόγου
1563 3216 1779 3285 περιτέ-

191 3332 432 3386 μνοντας
469 3313 701 3382 φύσεως,
731 3311 820 3363 καὶ
860 3310 1020 3380 φύσει
1060 3309 1313 3379 θεότητος
1338 3308 1577 3377 παθητὸν
1612 3309 1775 3359 αὑτὸν

187 3406 587 3475 ποιουμένους,
630 3402 742 3457 ἀλλ’
774 3403 861 3455 ἵνα
886 3404 981 3455 καὶ
1009 3401 1193 3471 δειχθῇ
1237 3401 1439 3462 τέλειος
1465 3402 1593 3470 ἡμῖν
1632 3416 1782 3467 γεγοο

187 3497 303 3559 νὼς
330 3495 472 3549 κατὰ
509 3494 766 3565 ἀλήθειαν
783 3495 829 3526 ³⁵
880 3492 1168 3563 ἅνθρωπος
1214 3494 1242 3544 6
1292 3490 1587 3561 μονογενὴς
1622 3491 1776 3554 Θεὸς,

190 3584 277 3645 ὡς
310 3583 382 3635 δι’
415 3582 669 3653 ἐνεργοῦς
700 3581 858 3649 φύσει
896 3581 1097 3651 σαρκὸς
1142 3580 1343 3651 νοερῶς
1389 3597 1448 3632 τε
1492 3582 1583 3632 καὶ
1636 3579 1781 3648 λογι-

188 3674 314 3737 κῶς
355 3674 732 3744 ἐψυχωμένης,
783 3671 1098 3743 αὑτουργῶν
1142 3672 1242 3742 τὴν
1277 3672 1433 3742 ἡμῶν
1482 3672 1778 3742 σωτηρίαν,

189 3767 363 3835 εἰπερ
410 3766 552 3818 κατὰ
594 3765 772 3817 πάντα
820 3764 988 3833 χωρὶς
1040 3763 1207 3832 μόνης
1254 3762 1551 3833 ἁμαρτίας,
1592 3757 1659 3831 ἧς
1692 3761 1780 3813 ού-

187 3860 308 3919 δεὶς
342 3861 406 3929 τῇ
447 3859 608 3925 φύσει
642 3854 921 3917 παντελῶς
971 3854 1304 3924 ὲνέσπαρται
1341 3854 1518 3921 λόγος,
1565 3852 1676 3906 ἀλλ’
1719 3853 1777 3905 ού

188 3950 372 4021 χωρὶς
421 3949 655 4018 φυσικῆς
692 3947 993 4017 ἐνεργείας,
1042 3946 1259 4017 ἀληθῶς
1304 3947 1528 4015 γέγονεν
1579 3948 1783 4018 ἀνθρω-

190 4059 325 4105 ττος,
352 4038 422 4113 ἧς
450 4044 477 4095 6
497 4041 675 4108 λόγος,
702 4041 827 4111 ὄρος
854 4038 954 4108 τῆς
980 4038 1168 4100 οὑσίας
1202 4039 1319 4091 ἐστὶ
1340 4040 1410 4105 ³⁸,
1438 4041 1646 4103 πάντας
1677 4058 1778 4111 χα-

204 4133 561 4203 ρακτηρίζων
599 4130 843 4201 φυσικῶς
881 4128 961 4192 οἷς
996 4129 1112 4183 κατ’
1149 4130 1337 4184 οὐσίαν
1362 4132 1669 4201 ἐμπέφυκε.
1710 4134 1781 4185 Τὸ

189 4225 309 4295 γὰρ
357 4223 551 4286 κοινῶς
592 4240 651 4276 τε
687 4223 785 4276 καὶ
827 4222 1059 4292 γενικῶς
1108 4239 1269 4276 τινων
1303 4224 1781 4294 κατηγορούμενον

188 4316 325 4385 ὄρος
354 4315 454 4384 τῆς
496 4316 673 4368 αὐτῶν
700 4316 887 4379 οὐσίας
916 4317 1087 4379 ἐστὶν,
1119 4309 1180 4369 οὗ
1214 4316 1432 4379 πάντως
1458 4318 1495 4389 ἡ
1524 4317 1781 4388 στέρησις

1877 2944 2212 3001 allirmantes
2254 2961 2379 2999 cum
2414 2945 2635 3000 Arianis
2664 2947 2835 3001 Deum
2898 2959 3092 3003 natura
3140 2952 3458 3019 passibilem

1805 3068 1846 3124 ο
1880 3035 2199 3105 ignoranter
2248 3037 2522 3092 colamus.
2562 3056 2579 3088 ι
2621 3038 2714 3091 Illa
2763 3046 2944 3093 autem
2987 3040 3154 3095 verba
3206 3042 3458 3098 addidit:

1893 3144 1910 3174 ι
1954 3125 2098 3178 Nihil
2120 3126 2307 3180 obstat
2360 3127 2571 3191 dicere,
2620 3130 2787 3184 etiam
2842 3130 3211 3187 inhumanato
3244 3154 3289 3198 ι,
3347 3150 3461 3189 non

1882 3214 2057 3267 solum
2088 3227 2312 3285 propter
2335 3218 2589 3283 Arianos,
2622 3222 2717 3289 qui
2745 3221 3011 3277 deitatem
3039 3240 3138 3293 pro
3168 3226 3348 3280 anima
3364 3243 3463 3297 po-

1882 3314 2042 3368 nunt,
2075 3308 2158 3360 vel
2189 3309 2637 3376 Apollinaristas,
2672 3312 2766 3381 qui
2789 3314 3027 3368 animam
3052 3314 3277 3371 Christo
3297 3318 3461 3372 άνουν

1882 3398 2189 3454 attribuunt
2235 3401 2367 3472 (quo
2414 3418 2547 3457 sane
2598 3414 2760 3473 pacto
2806 3407 3112 3475 perfectam
3149 3410 3304 3479 juxta
3358 3428 3462 3466 nos

1882 3490 1979 3543 Dei
2012 3491 2164 3545 verbi
2194 3502 2451 3546 naturam
2492 3495 2771 3561 mutilant,
2826 3497 3119 3569 ipsumque
3151 3502 3205 3555 in
3254 3502 3461 3557 deitate

1884 3581 2198 3649 passibilem
2268 3583 2591 3649 coniiciunt,
2649 3596 2705 3640 et
2767 3587 2990 3656 quidem
3064 3593 3457 3659 naturaliter),

1883 3684 2074 3722 verum
2102 3669 2266 3723 etiam
2298 3678 2357 3723 ut
2379 3672 2701 3727 ostendatur
2720 3675 2881 3729 nobis
2910 3678 3253 3747 unigenitum
3283 3682 3454 3735 Deum

1885 3776 1941 3815 re
1978 3760 2090 3829 ipsa
2124 3761 2325 3815 factum
2357 3778 2477 3817 esse
2511 3763 2793 3819 hominem
2820 3768 3151 3836 perfectum,
3186 3783 3460 3827 nostram-

1883 3867 1989 3922 que
2026 3868 2122 3921 per
2157 3869 2214 3907 se
2245 3864 2539 3923 operatum
2573 3872 2694 3911 esse
2734 3859 2966 3914 salutem
3019 3862 3073 3914 in
3104 3878 3292 3927 carne,
3340 3880 3461 3933 quae

1884 3945 2208 4001 naturaliter
2244 3956 2454 4016 ageret,
2485 3957 2541 4000 et
2576 3947 2813 4002 animam
2863 3950 3096 4006 haberet
3139 3954 3339 4006 mentis
3371 3970 3461 4007 ra-

1886 4037 2161 4107 tionisque
2195 4048 2532 4109 compotem.
2588 4039 3046 4111 Quandoquidem
3105 4059 3234 4098 vere
3283 4043 3462 4097 factus

1882 4140 1965 4186 est
1996 4131 2161 4185 homo
2187 4147 2285 4201 per
2314 4132 2520 4195 omnia,
2560 4133 2679 4186 solo
2725 4141 2954 4201 peccato
2993 4144 3245 4205 excepto,
3301 4137 3463 4207 cujus

1885 4222 2033 4275 nulla
2063 4220 2116 4275 in
2138 4231 2333 4275 natura
2361 4221 2618 4275 radiealis
2647 4223 2787 4275 ratio
2812 4225 3109 4291 reperitur,
3138 4241 3248 4279 non
3275 4236 3459 4280 autem

1883 4324 2111 4384 excepta
2136 4313 2461 4384 operatione
2497 4315 2776 4382 naturali;
2829 4332 2956 4370 nam
2999 4333 3097 4387 per
3149 4334 3271 4373 eam
3319 4319 3460 4372 ratio

188 4410 409 4481 ερθοράν
453 4408 747 4480 ἐργάζεται
791 4408 1028 4479 φύσεως,
1074 4409 1231 4479 εἴπερ
1280 4408 1432 4461 οὐδὲν
1466 4408 1575 4463 τῶν
1608 4410 1773 4462 όντων

1882 4407 2140 4462 essentia:
2173 4407 2251 4460 rei
2283 4408 2574 4476 cujusque,
2610 4409 2698 4461 cui
2747 4408 2914 4471 inest,
2963 4412 3294 4465 naturaliter
3327 4409 3464 4464 deti-

187 4499 292 4551 ιτοῦ
362 4498 519 4568 φύσει
568 4499 867 4569 πεφυκότος
920 4499 1277 4569 στερούμενον
1331 4499 1467 4568 ὅπερ
1516 4496 1585 4569 ἦν
1631 4500 1780 4569 μένει

193 4591 531 4661 σωζόμενον.

1883 4503 2053 4556 nitur.
2080 4501 2360 4569 Quidquid
2402 4501 2551 4554 enim
2582 4505 2950 4557 communiter
2992 4513 3047 4559 et
3082 4505 3340 4575 generice
3394 4504 3463 4558 de

1887 4595 2240 4665 quibuslibet
2269 4593 2597 4657 afﬁrmatur,
2624 4609 2815 4648 eorum
2836 4597 3133 4651 essentiam
3160 4597 3379 4659 deﬂuit,
3405 4604 3462 4647 et

197 4682 439 4752 proinde
481 4697 676 4738 eorum
708 4682 949 4737 essentia
977 4683 1310 4747 destruitur,
1344 4682 1389 4736 si
1425 4683 1518 4736 illo
1557 4688 1783 4743 omnino
1821 4697 2063 4744 careant.
2097 4685 2243 4740 Nihil
2300 4685 2447 4739 enim
2510 4684 2625 4738 suis
2660 4685 2935 4753 privatum
2960 4688 3299 4742 naturalibus
3337 4700 3468 4755 per-

196 4777 539 4833 tectionibus
575 4786 784 4849 perstat
817 4777 871 4831 id
906 4792 1026 4831 esse
1059 4776 1204 4846 quod
1232 4786 1370 4832 erat.

207 4960 323 5015 Τοῦ
352 4958 542 5014 αὐτοῦ
573 4959 644 5013 ἐκ
668 4959 775 5014 τοῦ
809 4958 996 5014 αὐτοῦ
1021 4961 1208 5030 λόγου
1230 4961 1317 5025 εἰς
1344 4960 1471 5012 τό³⁷
1498 4975 1510 4988 ·
1544 4978 1561 5009 ι
1594 4958 1781 5030 Οὗτος

271 5053 383 5122 γὰρ
426 5054 459 5104 ὁ
503 5050 619 5104 νῦν
664 5066 763 5105 σοι
801 5053 1362 5122 καταφρονούμενος
1400 5049 1478 5122 ἦν
1532 5053 1630 5107 ὅτε
1682 5059 1779 5110 καὶ

1817 4905 1885 4915 σε...

1894 4961 2143 5033 Ejusdem
2173 4974 2235 5011 ca:
2260 4959 2442 5011 eadem
2460 4960 2700 5011 oratione
2732 4960 2783 5010 iu
2822 4959 2875 5009 id
2900 4974 2917 5010 :
2947 4977 2963 5006 ι
2998 4958 3097 5010 llic
3126 4959 3286 5020 enim,
3309 4974 3463 5028 quem

1962 5069 2097 5105 nunc
2126 5050 2452 5120 asperneris,
2474 5050 2739 5112 quondam
2758 5066 2921 5117 supra
2947 5058 2996 5100 te
3024 5059 3138 5102 erat
3162 5066 3179 5102 :
3213 5052 3302 5119 qui
3326 5067 3465 5103 nunc

1481 5213 1714 5266 VARUE
1756 5211 2158 5266 LECTlONES.

274 5377 323 5407 ’⁸
380 5371 705 5458 ἀνελλτξπὴς
748 5371 852 5458 ed;
886 5370 1003 5458 Gal.

210 5444 449 5515 μένηκεν
586 5441 740 5508 λόγος
786 5440 874 5495 ed.
934 5440 1051 5493 Gal.
1163 5441 1207 5471 ³³
1226 5443 1630 5509 καταγοροῦντε

204 5515 475 5568 (terantur
499 5526 553 5564 tn
578 5511 666 5564 ed.
693 5510 811 5565 Gal.
872 5510 916 5541 ³⁵
945 5510 1065 5563 κατ’
1106 5509 1362 5580 ἀλήθειαν
1392 5512 1479 5565 ed.
1514 5511 1631 5565 Gal.

1109 5371 1154 5399 "
1188 5372 1409 5437 γέγονεν
1447 5373 1534 5426 ed.
1569 5372 1689 5427 Gal.

1775 5374 1816 5404 ³⁰
1838 5371 2164 5431 ἀνελλειπῶς
2194 5368 2285 5423 ed.
2332 5367 2449 5451 Gai.
2511 5367 2574 5451 l"
2605 5367 2875 5451 Ξρςξλὴψξι
2929 5369 3017 5450 eq.
3082 5368 3201 5451 δἐι.
3285 5370 3429 5451 sum.

1163 5434 1208 5471 ³³
1226 5434 1662 5509 καταγοροῦντες
1683 5442 1771 5495 ed.
1809 5441 1951 5506 Gal.,
1980 5440 2260 5495 mendose.
2331 5438 2375 5469 ³⁵
2402 5434 2580 5489 Verba
2603 5435 2662 5499 ἒξ
2691 5434 2913 5504 ἀγνοίας
2938 5440 3033 5506 τῆς
3068 5439 3283 5506 φύσεως
3308 5434 3465 5496 desi-

1163 5510 1362 5565 u’aOsmv
1392 5512 1479 5565 ed.
1514 5511 1631 5565 Gal.
1734 5512 1777 5541 ³⁸
1800 5513 1946 5564 ἐστὶν
1974 5511 2064 5565 ed.
2088 5510 2206 5564 Gal.
2287 5509 2331 5539 ³⁷
2356 5508 2435 5565 εἰς
2464 5506 2522 5557 τὸ
2556 5520 2666 5560 non
2698 5516 2875 5561 exstat
2898 5508 2953 5563 in
2979 5508 3104 5563 cod.
3131 5508 3273 5564 Gud.

1864 5529 1946 5564 τιν
1974 5529 2064 5564 eu.
2088 5529 2206 5564 bal.

2536 5365 2875 5439 ’Ἃρεξλήψξι
2929 5369 3017 5423 ed.
3082 5368 3201 5423 Gal.
3285 5370 3330 5400 ει
3364 5384 3465 5439 με-

2287 5509 2331 5539 ³⁷
2356 5508 2435 5567 εἰς
2464 5506 2522 5557 τὸ
2556 5520 2666 5560 non
2698 5516 2875 5561 exstat
2898 5508 2953 5563 in
2979 5508 3104 5563 cod.
3131 5508 3273 5564 Gud.

284 5668 359 5736 (ἓ)
391 5665 557 5737 Greg.
600 5664 728 5720 Naz.
757 5664 851 5720 0r.
888 5663 1060 5718 theol.
1085 5663 1141 5729 '5,
1169 5662 1242 5715 De
1272 5662 1429 5731 Filio,
1460 5680 1581 5739 cap.
1616 5664 1703 5730 18,
1738 5680 1793 5733 p.
1835 5664 1968 5729 557;
1999 5674 2132 5718 tom.
2163 5661 2343 5733 lOpp.
2377 5664 2466 5721 ed.
2496 5664 2701 5719 Bened.
