4014 6284
214 313 365 378 ’Σοὶὸ

1456 331 1691 392 AMBIG
1704 335 1974 396 UORUM
2014 340 2265 400 LIBER.

3339 358 3477 428 1046

211 427 332 478 οὐδ’
361 426 524 481 αὑτοῦ
558 428 718 481 πάλιν
748 428 855 482 τῶν
886 431 1080 485 ἑαυτοῦ
1111 434 1389 499 παντελῶς
1417 436 1740 509 ἑνικῶτερον
1771 440 1798 510 ἢ

1912 443 1959 496 in
1992 454 2238 501 terrenas
2258 451 2451 506 sordes
2482 454 2641 522 plane
2694 456 3145 528 degeneraverat.
3180 466 3292 521 liae
3328 470 3477 523 enim

212 517 654 589 σωστικώτερον.
688 520 786 571 Διὰ
808 520 967 574 τοῦτο
1002 523 1097 575 καὶ
1127 524 1352 594 πάσχων
1391 526 1523 590 Θεὸς
1567 524 1633 599 ἦν
1666 530 1799 601 άλη-

209 612 349 674 θῶς,
388 612 484 664 καὶ
513 612 945 684 θανματουργῶν
983 615 1271 685 ἄνθρωπος
1303 614 1372 689 ἦν
1401 621 1429 672 ὀ
1458 622 1623 684 αὐτὸς
1672 623 1802 694 άλη-

206 703 348 767 θῶς,
382 705 467 756 δτι
512 706 605 757 καὶ
659 705 878 773 φύσεων
913 707 1130 777 ἀληθῶν
1165 711 1288 763 καθ’
1329 712 1527 766 ἕνωσιν
1564 714 1801 786 ἄρρητον

211 797 520 862 ΰπόστασις
545 794 614 867 ἦν
646 799 871 871 ἀληθής.
901 796 998 863 Ai;
1027 803 1380 874 καταλλήλως
1410 823 1468 858 τε
1503 807 1597 859 καὶ
1633 825 1801 877 προσ-

210 885 369 952 φυῶς
394 887 632 955 ἐνεργῶν
658 888 932 943 ἐδείκνυτο
966 889 1154 955 σώζων
1185 894 1358 957 αὐτὰς
1381 895 1603 965 άληθῶς
1629 898 1798 965 άσυγ-

210 975 422 1045 χύτους
457 980 499 1009 ⁶¹
538 979 844 1051 σωζόμενος
874 998 888 1012 ⁸
940 983 1099 1053 εἴπερ
1128 985 1346 1056 ἀπαθὴς
1382 988 1658 1059 μεμένηκε
1696 989 1799 1057 φύ-

213 1086 299 1121 σει
338 1071 435 1123 καὶ
468 1072 729 1141 παθητὸς,
780 1074 1045 1139 ἀθάνατος
1089 1079 1183 1131 καὶ
1217 1078 1428 1148 θνητὸς,
1465 1081 1659 1151 opm;
1708 1082 1799 1135 καὶ

210 1160 530 1231 νοούμενος,
559 1165 635 1226 ὡς
667 1166 829 1234 φύσει
856 1167 990 1230 Θεὸς
1025 1170 1118 1222 καὶ
1147 1169 1305 1239 φύσει
1332 1172 1617 1243 ἄνθρωπος
1650 1177 1677 1227 ὁ
1703 1177 1801 1229 αὐ-

210 1253 326 1314 τός.
361 1253 519 1307 Οὕτω
543 1256 588 1287 ⁶¹
621 1257 720 1326 μὲν
749 1253 861 1321 οὗν,
901 1262 1021 1311 κατ’
1053 1260 1152 1330 ἐμὲ
1199 1263 1386 1330 φάναι,
1410 1266 1547 1335 τιμᾷ
1575 1265 1673 1335 τὴν
1702 1266 1799 1319 ὐπ-

212 1346 391 1413 ακοὴν
411 1348 439 1397 ὁ
472 1348 631 1413 φύσει
658 1349 953 1422 Δεσπότης,
973 1353 1065 1405 καὶ
1098 1355 1353 1422 πειρᾶται
1386 1353 1591 1425 ταύτης
1613 1357 1676 1409 ὲκ
1704 1356 1799 1410 τοῦ

213 1437 443 1500 παθεῖν,
477 1440 573 1508 οὐχ
603 1441 691 1492 ἵνα
722 1440 868 1513 σώσῃ
893 1442 940 1474 ⁸³
974 1444 1136 1513 μόνον
1169 1446 1283 1507 τοῖς
1310 1446 1505 1498 ἑαυτοῦ
1534 1447 1630 1515 τὴν
1658 1447 1800 1502 am.

215 1546 319 1579 σαν
354 1529 517 1597 φύσιν
547 1532 906 1604 άποκαθάρας
943 1534 988 1567 ⁸³
1020 1536 1117 1589 τοῦ
1152 1537 1416 1609 χείρονος,
1447 1538 1562 1591 ἀλλ’
1592 1539 1678 1593 ἵνα
1709 1543 1799 1592 καὶ

211 1621 312 1689 τὴν
338 1624 619 1693 ἡμετέραν
650 1625 893 1697 ὑπακοὴν
918 1627 1212 1698 δοκιμάσῃ,
1240 1630 1524 1699 μανθάνων
1545 1634 1609 1701 τῇ
1637 1631 1799 1703 πείρᾳ

210 1711 325 1763 τῶν
362 1714 649 1785 ἡμετέρων
678 1716 746 1769 τά
789 1718 914 1771 καθ’
949 1719 1117 1789 ἡμᾶς,
1160 1722 1187 1773 ό
1215 1724 1396 1775 πᾶσαν
1426 1724 1627 1790 γνῶσιν
1657 1726 1722 1793 τῇ
1754 1724 1798 1753 ⁸⁸

1904 539 2403 629 communicatione
2427 546 2828 614 proprietatum
2853 563 3073 609 constat
3111 574 3235 611 eum
3274 570 3329 615 et
3356 577 3481 629 pos-

1903 627 2110 683 sedisse
2145 638 2391 699 naturas,
2422 651 2651 704 quaram
2699 642 3010 712 hypostasis
3058 658 3177 702 erat
3230 627 3370 720 ipse,
3422 662 3479 707 et

1901 721 2219 776 earumdem
2245 728 2571 784 essentiales
2616 734 2970 801 operationes
3000 750 3317 809 motusque,
3344 760 3481 811 quo-

1906 827 2025 865 rum
2058 812 2192 881 ipse,
2224 815 2711 886 sine-confusione,
2756 834 2878 880 erat
2918 827 3114 893 unitio,
3144 838 3201 884 et
3253 832 3477 899 quidem

1908 904 2031 957 talis
2072 920 2193 974 quae
2244 910 2549 964 secundum
2621 923 2847 970 naturas
2902 918 2956 971 in
3013 935 3081 973 eo
3141 920 3483 990 hypostatice

1902 994 2232 1051 exsistentes
2258 1000 2461 1055 nullam
2498 1014 2721 1072 caperet
2770 1007 3122 1064 divisionem.
3152 1012 3314 1067 Certe
3348 1028 3482 1082 ope-

1902 1096 2054 1143 ratus
2078 1099 2162 1143 est
2186 1103 2555 1160 congruenter
2586 1096 2690 1150 sibi
2746 1098 2871 1167 ipsi,
2936 1118 3041 1155 una
3074 1110 3130 1156 et
3190 1104 3485 1158 uniformis

1900 1186 2019 1231 erat
2049 1180 2230 1233 omnis
2255 1183 2376 1251 ejus
2400 1185 2543 1238 actio
2566 1202 2583 1250 ;
2607 1186 2663 1241 in
2696 1204 3028 1259 unoquoque
3050 1209 3145 1261 per
3168 1210 3293 1247 eum
3316 1210 3483 1263 opere

1900 1270 2050 1325 edito
2091 1288 2198 1327 una
2232 1290 2355 1327 cum
2394 1275 2617 1331 deitatis
2674 1281 2920 1347 potentia
2952 1283 3113 1337 simul
3166 1284 3484 1339 declarabat

1901 1363 2138 1432 propria:
2161 1364 2343 1420 carnis
2373 1368 2792 1436 operationem;
2832 1388 2973 1427 unus
2996 1374 3203 1443 quippe
3236 1385 3375 1439 erat,
3426 1386 3483 1431 et

1900 1468 1968 1506 eo
1996 1469 2105 1507 uno
2130 1455 2266 1508 nihil
2303 1458 2482 1526 potuit
2524 1460 2697 1529 magis
2725 1477 2847 1515 esse
2904 1479 3097 1526 unum,
3154 1480 3256 1518 nec
3289 1480 3481 1519 eorum

1900 1561 2021 1615 quae
2048 1544 2116 1598 ad
2146 1561 2272 1599 eum
2301 1549 2653 1617 pertinebant
2684 1552 2855 1622 magis
2880 1553 3149 1607 unitivum
3176 1561 3231 1608 et
3255 1570 3480 1609 conser—

1900 1638 2170 1702 vativum,
2210 1638 2443 1707 ideoque
2472 1651 2527 1694 et
2558 1643 2650 1711 qui
2701 1643 3015 1713 patiebatur
3062 1646 3207 1699 Deus
3236 1655 3355 1699 erat
3388 1662 3476 1700 re-

1903 1742 2052 1790 vera,
2081 1736 2136 1781 ct
2173 1729 2266 1796 qui
2314 1732 2579 1793 miracula
2634 1734 2885 1802 patrabat
2941 1752 3050 1789 non
3110 1736 3294 1790 minus
3353 1750 3482 1789 vero

213 1803 384 1871 φύσει
418 1809 797 1877 περιγράφων,
833 1811 1017 1882 (109
1057 1811 1105 1881 b)
1164 1814 1331 1866 πόσον
1383 1815 1483 1885 μὲν
1538 1816 1797 1869 ἀπαιτού-

1912 1816 2047 1870 idem
2077 1818 2244 1871 homo
2270 1818 2396 1885 fuit,
2433 1822 2692 1890 quoniam
2746 1823 2802 1878 in
2848 1841 2916 1879 eo
2968 1833 3181 1879 naturae
3208 1841 3349 1879 verm
3384 1841 3482 1895 per

217 1897 387 1964 μεθα,
412 1898 577 1950 πόσον
604 1899 659 1951 δὲ
691 1903 1125 1973 συγχωρούμεθα
1152 1905 1289 1975 πρὸς
1304 1906 1403 1977 τὴν
1432 1907 1644 1959 τελείαν
1675 1909 1799 1961 ὕπο-

212 1990 417 2057 ταγὴν,
457 1991 523 2042 δι’
554 1988 621 2064 ἦς
654 1996 953 2064 προσάγειν
990 1996 1202 2064 πέφυκε
1236 1997 1314 2068 τῷ
1340 1999 1513 2069 Πατρὶ
1536 1999 1662 2062 τοὺς
1695 2017 1798 2053 σω-

214 2079 506 2149 ζομένους,
537 2084 657 2135 κατ’
686 2084 848 2137 αὐτὸν
874 2088 1146 2155 φανέντας
1170 2092 1235 2159 τῇ
1261 2090 1489 2160 δυνάμει
1522 2092 1618 2161 τῆς
1652 2094 1798 2164 χάρι-

212 2190 329 2235 τος.
368 2175 456 2237 ὀς
491 2176 631 2245 μέγα
672 2178 765 2230 καὶ
818 2181 1045 2249 φρικτὸν
1094 2182 1263 2245 ὅντως
1288 2182 1350 2235 τὸ
1381 2184 1479 2253 τῆς
1509 2183 1664 2254 ήμῶν
1695 2203 1799 2237 σω-

213 2264 417 2333 τηρίας
452 2269 774 2338 μυστήριον.
820 2270 1226 2341 Ἀπαιτούμεθα
1261 2275 1369 2344 γάρ
1422 2276 1543 2328 ὅσον
1592 2277 1798 2340 ἐκεῖνος

214 2356 385 2423 φύσει
411 2358 471 2410 τὸ
494 2360 539 2390 ⁶⁶
565 2360 686 2412 καθ’
715 2362 879 2432 ἡμᾶς,
917 2366 1351 2435 συγχωρούμεθα
1384 2367 1437 2419 δὲ
1470 2369 1593 2421 ὅσον
1636 2369 1797 2434 αὐτὸς

213 2448 364 2518 ὑπὲρ
389 2450 534 2519 ἡμᾶς
561 2451 748 2505 ὲνὼσει
774 2454 834 2507 τὸ
859 2455 980 2509 καθ’
1013 2457 1158 2526 ἡμᾶς
1179 2458 1244 2509 ⁸⁷.
1276 2459 1337 2510 Εἰ
1364 2460 1544 2529 μήπου
1574 2460 1799 2531 γνώμης

213 2540 709 2613 φιλαμαρτήμονος
738 2544 851 2610 ἕξις
892 2550 1125 2601 ποιεῖται
1164 2550 1362 2613 κακίας
1410 2549 1541 2620 ὓλην
1571 2551 1668 2619 τῆς
1700 2552 1800 2619 φύ-

212 2648 361 2695 σεως
383 2634 484 2703 τὴν
503 2635 809 2693 ἀσθένειαν.
835 2638 945 2692 Καὶ
971 2638 1130 2709 δῆλός
1169 2641 1285 2693 ἐστι
1316 2640 1517 2710 ταύτης
1538 2641 1797 2712 ὑπάρχων

211 2722 315 2791 τῆς
346 2723 557 2788 ἐννοίας
582 2724 612 2776 ὁ
640 2726 807 2789 πολὺς
838 2721 993 2790 οὗτος
1017 2728 1360 2793 διδάσκαλος,
1394 2732 1505 2792 τοῖς
1535 2730 1664 2799 ἑξῆς
1697 2731 1796 2783 αὑ-

211 2813 313 2883 τὴν
344 2813 602 2883 βεϐαιῶν.
648 2818 786 2887 Φησὶ
817 2818 927 2889 γάρ
956 2836 969 2848 °
1007 2840 1023 2869 ι
1066 2820 1126 2872 Et
1167 2820 1276 2891 γάρ
1305 2820 1367 2873 τὸ
1406 2820 1521 2889 φῶς
1568 2820 1797 2893 ἐδιώχθη

209 2904 301 2958 διὰ
328 2906 393 2958 τὸ
423 2908 738 2979 πρόϐλημα,
776 2915 968 2979 φαῖνον
996 2913 1053 2966 ὲν
1082 2915 1147 2982 τῇ
1183 2913 1395 2984 σκοτίᾳ,
1431 2914 1509 2984 τῷ
1541 2914 1641 2985 βίῳ
1676 2914 1798 2968 τού-

209 3014 312 3068 τῳ,
352 2999 459 3051 ὑπὸ
503 3002 604 3070 τῆς
639 3002 806 3073 ἄλλης
841 3004 1064 3068 σκοτίας
1107 3004 1174 3069 ⁵⁸,
1226 3003 1321 3069 τοῦ
1368 3003 1608 3075 πονηροῦ
1654 3004 1799 3073 λέγω

1900 1908 2162 1964 unionem
2191 1911 2528 1966 ineffabilem
2558 1914 2961 1985 hypostaticam
3016 1932 3147 1970 vere
3209 1917 3480 1971 unieban-

1902 2008 2009 2054 tur.
2044 2001 2158 2065 llis,
2188 2002 2437 2072 inquam,
2483 2007 2731 2075 apposite
2784 2017 2838 2061 et
2886 2017 3258 2078 congruenter
3290 2024 3482 2077 opera-

1900 2101 1988 2147 tus
2020 2092 2168 2161 ipsas
2195 2110 2326 2148 vere
2358 2098 2734 2161 conservabit,
2764 2099 2879 2168 ipse
2915 2100 3137 2153 interim
3187 2100 3306 2153 sine
3344 2115 3480 2153 con-

1901 2184 2115 2239 fusione
2153 2201 2505 2254 permanens.
2538 2188 2669 2242 Erat
2692 2190 2841 2244 enim
2891 2199 2946 2245 et
2998 2199 3192 2244 natura
3225 2190 3481 2259 itnpassi~

1900 2274 2029 2328 bilis
2057 2284 2112 2329 et
2138 2276 2436 2345 passibilis,
2479 2278 2812 2335 immortalis
2842 2290 2893 2335 et
2944 2282 3214 2346 mortalis,
3243 2281 3482 2336 visibilis

1899 2375 1955 2419 et
1996 2366 2383 2438 intelligibilis,
2414 2379 2609 2423 natura
2633 2371 2777 2425 Deus
2808 2379 2863 2426 et~
2883 2372 3027 2427 idem
3065 2380 3263 2426 natura
3292 2372 3477 2426 homo.

1901 2457 2015 2512 Hoc
2049 2459 2232 2526 modo,
2265 2469 2322 2513 ut
2344 2461 2492 2530 quod
2527 2477 2627 2532 ego
2656 2463 2836 2517 sentio
2860 2464 3075 2533 loquar,
3105 2462 3480 2519 obedientiam

1900 2551 1954 2604 in
1981 2551 2191 2606 honore
2226 2551 2393 2605 allicit
2444 2553 2731 2618 Dominus,
2790 2563 2846 2609 et
2894 2557 3015 2627 ejus
3077 2554 3481 2624 experientiam

1900 2643 2275 2712 perpetiendis
2300 2645 2459 2699 malis
2488 2645 2658 2715 capit,
2695 2662 2805 2701 non
2833 2656 3045 2702 tantum
3079 2656 3140 2700 ut
3168 2647 3477 2708 salvetnos.

1902 2742 2069 2788 totam
2105 2749 2135 2787 a
2164 2734 2297 2788 vitio
2329 2736 2617 2805 purgando
2646 2744 2925 2801 naturam,
2966 2752 3157 2791 verum
3210 2736 3374 2791 etiam
3419 2744 3480 2789 ut

1899 2822 2147 2887 exploret
2180 2831 2424 2877 nostram
2453 2823 2851 2888 obedientiam,
2882 2834 2941 2878 et
2961 2833 3150 2878 nostra
3187 2824 3370 2878 omnia
3390 2823 3474 2876 in-

1900 2915 2109 2987 telligat
2132 2914 2492 2984 experiendo,
2526 2916 2619 2984 qui
2656 2915 2792 2969 alias
2841 2931 3059 2969 omnem
3105 2915 3475 2985 cognitionem

1900 3020 1998 3060 sua
2046 3011 2246 3065 natura
2284 3005 2709 3075 complectitur;
2749 3006 2823 3060 ita
2863 3007 3127 3061 nimirum
3178 3006 3477 3087 di‘spiceret

210 3091 309 3144 καὶ
352 3091 446 3143 τοῦ
475 3094 796 3163 πειραστοῦ,
833 3096 893 3149 τὸ
922 3097 1115 3161 σκότος
1158 3096 1344 3161 πόσον,
1372 3095 1447 3160 ὡς
1477 3097 1798 3150 ἀσθενέστε-

1912 3105 2168 3167 quantum
2192 3104 2247 3152 et
2273 3112 2303 3151 a
2337 3097 2503 3154 nobis.
2519 3098 2662 3168 exigi
2700 3114 2921 3169 aequum
2948 3097 3109 3161 foret,
3131 3108 3187 3152 et
3208 3104 3473 3167 quantum

212 3202 342 3254 pov;
385 3188 493 3240 Καὶ
521 3188 573 3240 τί
602 3188 937 3260 θαυμαστὸν,
965 3192 1014 3243 εἰ
1044 3192 1255 3244 ἐκείνου
1285 3191 1641 3259 διαφυγόντος
1664 3208 1797 3243 παν-

1912 3189 2226 3255 condonari,
2270 3189 2337 3244 ad
2385 3189 2686 3259 perfectam
2737 3190 3151 3255 obedientiam;
3199 3204 3294 3258 per
3334 3189 3477 3242 hanc

208 3276 459 3329 τάπασιν
492 3281 653 3349 ἡμεῖς
702 3282 882 3345 ποσῶς
932 3282 1414 3351 καταληφθείημεν
1460 3283 1545 3347 “;
1595 3280 1797 3343 Μεῖζον

1912 3281 2049 3335 enim
2077 3296 2174 3335 eos
2205 3296 2307 3335 suo
2344 3281 2490 3335 Patri
2516 3280 2791 3335 adducere
2818 3282 2956 3336 solet
2995 3281 3088 3351 qui
3122 3280 3299 3334 salute
3323 3278 3477 3348 digni

208 3369 325 3438 γὰρ
355 3370 550 3439 ἐκείνῳ
576 3372 637 3424 τὺ
664 3372 963 3443 διωχθῆναι
988 3374 1054 3436 ⁷⁸,
1088 3374 1233 3444 ἥπερ
1264 3374 1396 3443 ἡμῖν
1445 3372 1507 3424 τδ
1551 3372 1796 3441 καταλη-

1912 3370 2258 3425 videbantur.
2291 3372 2463 3437 Quam
2514 3388 2795 3443 maguum,
2841 3387 3005 3442 quam
3064 3386 3195 3427 vere
3231 3381 3480 3425 tremen-

208 3460 443 3528 φθῆναι,
480 3464 627 3532 παρὰ
656 3467 769 3528 τοῖς
808 3465 983 3536 ὀρθῶς
1016 3465 1201 3519 ταῦτα
1223 3465 1646 3535 λογιζομένοις.»

1912 3462 2034 3517 dum
2072 3471 2158 3516 est
2187 3472 2388 3517 nostra:
2441 3463 2634 3517 salutis
2666 3463 3026 3535 mysterium!
3060 3462 3297 3517 Tantum
3327 3476 3358 3517 a
3379 3476 3480 3515 no-

210 3554 299 3608 bis
364 3554 606 3625 exigitur
666 3569 934 3626 quantum
982 3558 1050 3612 ab
1100 3558 1219 3628 ipso
1280 3559 1333 3611 in
1374 3565 1563 3611 nostra
1587 3567 1787 3611 natura
1825 3555 2152 3611 constituto.
2215 3554 2331 3609 Nisi
2386 3555 2528 3611 forte
2567 3557 2661 3611 ubi
2708 3557 3011 3611 voluntatis
3070 3555 3138 3610 ad
3188 3562 3478 3628 peccatum

211 3660 410 3715 prona:
442 3645 726 3703 inclinatio
766 3658 974 3705 naturae
1022 3648 1399 3705 imbecillitate
1433 3649 1500 3702 ad
1557 3650 1685 3703 mali
1747 3647 2096 3702 occasionem
2154 3646 2439 3701 abutatur.
2507 3649 2680 3719 llujus
2722 3650 2999 3719 opinionis
3050 3648 3343 3703 manifesto
3394 3654 3479 3703 est

211 3755 453 3809 magnus
482 3740 574 3795 hic
604 3742 887 3813 magister,
924 3758 1158 3812 eamque
1227 3742 1282 3795 in
1343 3741 1707 3811 sequentibus
1743 3738 2053 3793 conﬁrmat.
2086 3758 2103 3790 ι
2141 3739 2275 3793 Nam
2314 3756 2439 3794 eum
2491 3740 2672 3794 lucem
2733 3740 2878 3796 illam
2930 3749 3159 3813 propter
3228 3738 3479 3809 corporis

212 3838 601 3901 tegumentum
635 3833 689 3887 in
717 3835 984 3899 tenebris,
1035 3834 1141 3889 hoc
1190 3844 1274 3889 est
1322 3834 1376 3887 in
1412 3834 1516 3887 hac
1544 3832 1679 3894 vita,
1723 3833 1937 3892 lucens,
1969 3831 2213 3885 tenebrae
2276 3831 2419 3897 aliae,
2486 3831 2593 3886 hoc
2642 3840 2727 3887 est
2787 3848 2989 3904 pravus
3020 3832 3110 3885 ille
3136 3840 3192 3885 et
3230 3838 3471 3885 tentator

212 3926 524 3979 insectatus
555 3927 648 3990 sit,
681 3935 890 3996 quanto
927 3926 1101 3997 magis
1127 3927 1385 3981 tenebras
1411 3926 1576 3994 ipsas,
1603 3931 1799 3993 utpote
1841 3919 2214 3976 inﬁrmiores?
2276 3922 2343 3981 Et
2378 3921 2511 3992 quid
2551 3922 2776 3987 mirum,
2820 3922 2864 3978 si
2918 3938 3044 3977 cum
3098 3922 3187 3975 ille
3245 3921 3476 3976 hostiles

211 4021 449 4089 laqueos
480 4020 705 4075 omnino
734 4020 1011 4092 eﬂ‘ugerit,
1073 4036 1176 4075 nos
1209 4020 1615 4090 quadamtenus
1679 4015 2252 4087 comprehendamur?
2302 4016 2474 4086 Majas
2538 4017 2741 4092 quippe
2788 4016 2871 4070 illi
2924 4023 3029 4079 est,
3091 4014 3237 4084 quod
3304 4014 3477 4069 hostis

212 4124 344 4163 eum
378 4117 707 4178 persecutus
744 4109 837 4170 sit.
882 4125 1046 4179 quam
1085 4109 1270 4176 nobis,
1333 4108 1482 4180 quod
1518 4124 1618 4164 nos
1652 4113 1981 4178 assequatur
2050 4113 2214 4178 atque
2265 4106 2721 4178 comprehendat,
2764 4105 2923 4179 apud,
2973 4121 3069 4167 eos
3129 4106 3320 4178 utique
3379 4104 3477 4176 qui

214 4199 337 4252 haec
363 4205 517 4252 recta
544 4198 757 4252 ratione
788 4199 1157 4269 perpendunt.
1191 4218 1208 4251 ι

213 4380 325 4443 Εὶς
357 4375 474 4441 τὴν
510 4375 658 4444 πρὸς
697 4376 883 4429 Γάϊον
911 4375 1019 4429 τὸν
1047 4375 1422 4445 θεραπευτὴν
1464 4378 1798 4445 ἐπιστολὴν

1912 4378 1960 4431 ⁷η
2015 4377 2291 4448 epistolam
2345 4377 2400 4431 S.
2464 4350 2703 4447 Dionysii
2766 4376 3088 4446 4re0pagit¢e
3146 4375 3476 4430 Athenarum

288 4467 400 4521 τοῦ
429 4467 471 4497 ⁷³
515 4467 834 4521 Διονυσίου
855 4466 959 4521 τοῦ
988 4468 1430 4537 Ἀρεοπαγίτου,
1457 4469 1797 4521 ἐπισκόπου

304 4557 589 4625 Ἀθηνῶν·
631 4578 647 4609 ι
696 4557 846 4624 Πῶς,
878 4558 1020 4628 φὴς.
1058 4559 1310 4627 Ἰησοῦς,
1352 4562 1383 4613 ό
1419 4556 1661 4611 πάντων
1696 4558 1799 4611 ἐπ-

289 4652 521 4713 έκεινα,
570 4648 763 4706 πᾶσιν
799 4650 1130 4717 ἀνθρώποις
1169 4643 1342 4705 ἐστὶν
1394 4651 1443 4681 ⁷⁸
1493 4648 1799 4714 οὐσιωδῶς

291 4743 810 4812 συντεταγμένος
864 4742 1017 4797 Οὐδὲ
1054 4748 1163 4812 γὰρ
1215 4743 1296 4808 ὡς
1338 4740 1527 4807 αἴτιος
1576 4740 1798 4809 ἀνθρώ-

294 4850 426 4887 πων
456 4833 669 4888 ἐνθάδε
697 4833 935 4904 λέγεται
972 4834 1302 4901 ἅνθρωπος,
1335 4832 1473 4886 ἀλλ’
1505 4832 1584 4897 ὡς
1618 4833 1801 4897 αὐτὸς

281 4923 425 4977 ’κατ’
453 4925 674 4976 οὐσίαν
694 4924 850 4991 ὅλην
882 4922 1125 4991 ἀληθῶς
1163 4921 1463 4990 ἄνθρωπος
1500 4921 1602 4976 ῶν.
1637 4941 1655 4973 ι

306 5033 524 5103 Ἐπειδὴ
550 5035 825 5125 κατὰοτὴν
862 5034 1042 5103 ἁπλῆν
1074 5031 1301 5103 ἐκδοχὴν
1336 5033 1435 5101 τῆς
1470 5033 1637 5100 ἁγίας
1664 5034 1801 5103 Γρα-

223 5123 353 5194 φῆς,
389 5124 463 5188 ῶς
496 5123 714 5178 πάντων
738 5126 911 5189 αῐτιος
937 5128 966 5178 ὁ
1004 5124 1136 5189 Θεὸς
1168 5126 1301 5178 πᾶσι
1330 5124 1658 5193 σημαίνεται
1687 5129 1802 5188 τοῖς

1964 4468 2189 4537 episcopi
2216 4467 2285 4520 ad
2309 4466 2499 4521 Caium
2536 4468 2867 4520 monac/tum.
2903 4484 2921 4516 ι
2959 4464 3248 4531 Quomodo,
3279 4466 3474 4535 inquis,

1963 4559 2135 4621 Iesus,
2165 4560 2254 4628 qui
2294 4567 2369 4611 est
2413 4558 2650 4611 omnibus
2698 4559 2957 4628 superior,
2993 4557 3047 4610 in
3094 4557 3328 4611 eumdem
3358 4574 3476 4610 cum

1967 4651 2165 4704 ca’teris
2198 4648 2491 4702 hominibus
2538 4650 2775 4702 essentia:
2808 4649 3045 4701 ordinem
3080 4648 3319 4701 redactus
3354 4650 3478 4703 est?

1967 4739 2145 4809 Neque
2178 4738 2315 4791 enim
2358 4739 2451 4791 hoc
2483 4738 2536 4790 in
2580 4736 2691 4790 loco
2725 4745 2981 4807 tanquam
3011 4753 3174 4790 causa
3206 4738 3477 4791 hominum

1969 4830 2350 4895 consideratur,
2387 4830 2476 4883 sed
2518 4837 2575 4882 ut
2610 4846 2702 4900 per
2742 4830 3019 4883 essentiam
3057 4837 3220 4882 totam
3260 4844 3316 4882 re
3360 4830 3476 4900 ipsa

1964 4926 2139 4979 homo.
2172 4944 2190 4973 ι

1968 5035 2423 5105 Quandoquidem
2457 5035 2760 5091 secundum
2792 5033 3094 5103 simplicem
3130 5048 3297 5086 sacra:
3334 5030 3480 5086 Scri-

1900 5135 2072 5196 ptura:
2101 5126 2464 5194 intellectum,
2485 5127 2631 5181 Deus
2656 5127 2821 5181 etiam
2852 5124 3238 5179 denominatus
3263 5123 3331 5177 ab
3356 5138 3476 5177 om-

1493 5279 1722 5335 VAlil/E
1763 5280 2162 5337 LECTIONES.

296 5394 339 5474 ‘_‘
375 5392 678 5474 άσιξγχυτος
697 5394 787 5474 ed.
804 5396 930 5474 _Gal.

224 5462 345 5517 Gal.
424 5463 471 5494 “
494 5462 573 5533 τῷ
602 5464 692 5533 ed.
724 5464 843 5519 Gal.
944 5465 987 5497 "’
1044 5466 1222 5519 Verba

227 5533 312 5586 sui
338 5549 407 5586 ex
437 5534 559 5587 cod.
596 5532 738 5588 Gud.
816 5536 860 5567 ⁸⁸
890 5535 1137 5596 σκοτείας
1171 5535 1260 5590 ed.
1308 5535 1383 5589 Ga

228 5602 385 5656 addit
407 5602 495 5657 ed.
528 5604 646 5657 Gal.
744 5606 790 5636 ⁷³
821 5606 967 5657 ἐστὶν
997 5604 1303 5674 ἀνθρώποις
1327 5605 1417 5658 ed.
1445 5602 1561 5658 Gal.

1022 5397 1065 5427 ⁶¹
1097 5395 1281 5458 Οὕτως
1312 5395 1399 5450 ed.
1433 5395 1559 5465 Gal.
1629 5396 1673 5465 °_’
1708 5394 1854 5465 σώζῃ
1883 5394 1973 5448 ed.
2008 5395 2126 5465 Gal.

2220 5395 2263 5427 “
2300 5397 2669 5465 ἀποκαθεερας
2701 5396 2790 5451 ed.
2827 5396 2945 5451 Gal.
3037 5396 3078 5427 "
3110 5398 3177 5465 τῇ
3226 5410 3336 5449 om.
3380 5394 3473 5448 ed.

1280 5463 1710 5587 συγχωρούμεθα
1736 5494 1804 5505 --
1828 5463 1899 5503 L—
1926 5465 1987 5515 τὸ
2016 5464 2135 5516 καθ’
2166 5466 2333 5533 ἡμᾶς.
2364 5482 2484 5531 quze
2512 5463 2896 5520 desiderantur
2939 5467 2990 5519 in
3026 5466 3113 5521 ed.
3153 5464 3292 5524 Gal..
3324 5478 3479 5533 repo-

1308 5535 1383 5587 Ga
1415 5576 1426 5587 .
1525 5535 1567 5565 ⁶⁹
1592 5534 1684 5585 καὶ
1728 5532 2209 5587 καταληφθείημεν
2238 5534 2326 5587 ed.
2373 5534 2490 5587 Gal.
2574 5536 2617 5565 ⁷ο
2653 5536 2905 5587 δονθῆναι
2939 5535 3026 5587 ed.
3058 5534 3176 5587 Gal.
3248 5535 3291 5565 '“
3324 5532 3478 5587 ἁγίου

1415 5532 1426 5587 .
1461 5532 1479 5604 ,⁷
1525 5534 1684 5585 “xui
1728 5532 2217 5604 καταληφθεὶημεν
2238 5534 2326 5587 ed.
2373 5534 2490 5588 Gal.

2574 5536 2617 5565 ⁷ο
2653 5536 2905 5607 δοχθῆναι
2939 5535 3026 5591 cd.
3058 5534 3176 5591 Gal.
3248 5535 3291 5565 '“
3324 5532 3478 5602 ἁγίου

304 5725 387 5798 (5)
416 5725 637 5798 Dinnys.
665 5731 866 5797 Arcop.
899 5729 1070 5799 Epist.
1126 5727 1191 5780 ad
1220 5726 1436 5789 Gaium,
1471 5737 1602 5781 tum.
1643 5727 1683 5789 Ι,
1721 5742 1775 5797 p.
1821 5725 1944 5781 593.
1974 5722 2109 5796 Opp.
2146 5726 2235 5778 ed.
2279 5695 2469 5780 Venet.
