4014 6284
252 289 395 358 105.9

1488 308 2008 373 AMBIGUORUM
2046 315 2301 376 LIBER.

3363 317 3501 386 1050

240 401 382 471 ἦρεν
408 402 454 433 ⁸⁸
491 401 667 471 ἑαυτῷ
697 402 796 468 τὴν
827 403 1009 473 φύσιν,
1038 407 1225 478 ἕτερον
1252 408 1419 482 αὐτὴν
1456 415 1688 484 ποιήσας
1710 434 1815 487 μυ-

1924 421 2202 493 subjectus
2230 424 2356 490 fuit,
2382 425 2480 480 sed
2514 426 2698 496 potius
2722 427 2845 483 vice
2869 444 3028 487 versa
3052 429 3119 487 ad
3152 446 3211 495 se
3236 432 3502 493 sublima-

244 495 490 563 στήριονο
528 495 687 558 αὐτὸς
726 495 782 549 δὲ
809 495 855 529 ³⁸
905 500 1097 569 μείνας
1156 503 1505 559 παντάπασιν
1557 506 1820 578 ἄληπτος,

240 587 340 638 καὶ
368 588 468 661 τὴν
493 586 703 640 οἰκείαν
731 587 1007 659 σάρκωσιν
1037 590 1309 663 λαχοῦσαν
1337 596 1556 664 γένεσιν
1582 600 1823 672 ὑπερού-

241 693 361 730 σιον
391 678 692 749 μυστηρίου
723 682 922 745 παντὸς
944 683 1122 749 δείξας
1143 686 1539 761 άληπτοτέραν,
1567 692 1825 746 τοσοῦτον

239 767 595 836 καταληπτὸς
616 770 681 823 δι’
710 771 880 843 αὐτὴν
902 775 1138 843 γεγονὼς
1163 778 1287 831 ὅσον
1310 780 1355 810 ⁸⁷
1382 781 1544 835 πλέον
1574 783 1821 855 ἐγνώσθη

237 859 514 930 διἀὑτῆς
572 862 963 941 ἀληπτότερος.
1001 887 1019 919 ι
1091 870 1336 941 Κρύφιος
1397 874 1510 947 γάρ
1571 877 1687 930 ἐστι
1729 879 1824 932 καὶ

240 950 387 1020 μετά
418 952 516 1021 τὴν
548 952 832 1023 ἔκφανσιν,
876 975 896 1007 ι
926 961 1090 1029 φησὶν
1118 964 1145 1015 ὁ
1196 964 1541 1030 διδάσκαλος,
1583 988 1601 1021 ι
1637 969 1695 1039 ἢ,
1731 969 1823 1026 ἵνα

138 1120 141 1127 Ι
236 1042 305 1095 τὸ
352 1042 624 1113 θειότερον
672 1046 833 1111 εἴπω,
870 1051 965 1102 καὶ
994 1052 1052 1103 ὲν
1082 1056 1149 1125 τῇ
1193 1057 1475 1126 ὲκφάνσει.
1505 1062 1616 1113 Καὶ
1663 1060 1823 1121 τοῦτο

238 1131 354 1202 γάρ
395 1133 572 1203 Ἰησοῦ
606 1135 934 1207 κέκρυπται,
966 1143 1059 1197 καὶ
1099 1145 1275 1199 οὐδενὶ
1325 1149 1489 1219 λόγῳ,
1525 1151 1644 1203 οὑδὲ
1670 1152 1746 1221 νῷ
1775 1153 1822 1186 ⁸⁸

236 1221 303 1274 τὸ
336 1225 458 1275 κατ’
480 1224 643 1277 αὐτὸν
675 1226 899 1296 ἑξῆκται
935 1234 1256 1303 μυστήριον,
1289 1238 1424 1293 ἀλλά
1456 1242 1548 1292 καὶ
1591 1241 1822 1311 λεγόμε-

238 1328 335 1363 νον
380 1313 624 1384 ἄρρητον
669 1317 860 1385 μένει,
890 1321 985 1374 καὶ
1029 1325 1337 1395 νοούμενον,
1371 1329 1665 1397 ἄγνωστον,
1701 1351 1719 1383 ι
1758 1333 1823 1387 Τί

235 1402 436 1456 τούτου
470 1406 605 1475 πρὸς
638 1407 911 1484 ἀπόδειξιν
943 1410 1095 1477 Θείας
1118 1416 1573 1489 ὑπερουσιότητος
1621 1422 1824 1489 γένοιτ’

237 1492 311 1547 ἂν
366 1495 914 1571 ἀποδεικτικιίηερον,
954 1504 1211 1573 ὲκφάνσει
1261 1510 1442 1579 (ιιι
1471 1511 1526 1581 (ι)
1586 1511 1646 1565 τὸ
1691 1512 1824 1582 κρύ-

239 1603 373 1654 φιον
434 1591 529 1639 καὶ
572 1589 715 1661 λόγῳ
756 1591 857 1661 τὴν
897 1595 1135 1661 ἀφασίαν
1169 1598 1263 1650 καὶ
1310 1599 1384 1670 νῷ
1424 1600 1691 1673 δηλούσης
1724 1602 1821 1672 τὴν

244 1675 376 1728 καθ’
418 1677 691 1749 ὑπεροχὴν
722 1680 1022 1749 ἀγνωσίαν,
1055 1685 1149 1737 καὶ
1183 1687 1241 1739 τὸ
1275 1688 1338 1759 δὴ
1380 1689 1565 1757 μεῖζον
1620 1693 1818 1755 εἰπεῖν,

236 1766 578 1831 οὐσιὼσειτῤ
603 1770 927 1840 ὑπερούσιον
952 1789 966 1838 ;
994 1775 1252 1845 ιἈμέλει
1279 1753 1345 1849 τῇ
1367 1753 1571 1851 ταύτης
1600 1753 1822 1853 ττεριουὲ
1860 1753 1900 1809 Β

241 1856 338 1924 σία
363 1857 410 1888 ⁸⁸
435 1859 529 1910 καὶ⁵
553 1860 633 1921 είς
662 1861 849 1915 οὐσίαν
878 1863 1093 1933 ἀληθῶς
1126 1865 1297 1922 ἐλθὼν
1322 1869 1465 1940 ὑπὲρ
1512 1872 1703 1925 οὐσίαν
1730 1875 1822 1927 ού-

241 1947 421 2018 σιώθη
448 1964 462 1977 ·
496 1968 515 2000 ›
548 1952 673 2015 τοὺς
696 1953 891 2024 νόμους
913 1955 1112 2027 δηλαδὴ
1137 1961 1540 2031 καινοτομήσας
1554 1962 1653 2031 τῆς
1679 1965 1823 2018 κατὰ

240 2038 412 2107 φύσιν
461 2042 751 2109 γενέσεως,
788 2047 881 2097 καί⁵
928 2046 1053 2115 δίχα
1085 2048 1186 2117 τῆς
1239 2049 1297 2115 ἐξ
1340 2050 1537 2122 ἀνδρὸς
1574 2054 1631 2106 ἐν
1692 2054 1821 2107 εῖδει

239 2129 462 2198 σπορᾶς
516 2130 733 2199 ἀληθῶς
793 2134 1084 2205 γενόμενος
1141 2137 1446 2209 ἄνθρωπος.
1510 2142 1618 2194 Καὶ
1667 2142 1822 2213 δηλοῖ

236 2221 525 2287 Παρθένος
558 2225 719 2278 αὑτὸν
749 2226 1050 2297 ὑπερφυῶς
1078 2229 1283 2287 κύουσα
1311 2233 1403 2285 τὸν
1424 2234 1471 2267 ⁹⁰
1499 2236 1823 2306 ὑπερούσιον

236 2313 421 2381 Λόγον
451 2315 621 2385 χωρὶς
649 2317 840 2387 ἀνδρὸς
867 2319 929 2380 ὲκ
951 2320 1060 2371 τῶν
1091 2322 1259 2392 αὐτῆς
1290 2324 1635 2395 παρθενικῶν
1658 2329 1824 2398 αἱμά-

232 2421 355 2457 των
408 2405 792 2477 ἀνθρωπικῶς,
851 2409 987 2480 ξένῳ
1040 2413 1191 2484 παρά
1246 2416 1345 2485 τὴν
1402 2417 1564 2485 φύσιν
1610 2419 1817 2490 θεσμῷ.

232 2496 723 2568 διαπλαττόμενον.
758 2520 775 2552 ι
826 2502 938 2555 Kal.
991 2503 1132 2579 ὑπὲρ
1180 2505 1467 2577 ἄνθρωπον
1525 2511 1745 2581 ἐνήργει
1776 2513 1816 2542 ⁹¹

235 2587 307 2640 τὰ
330 2588 623 2659 ἀνθρώπου
657 2593 703 2623 ⁹²
724 2610 736 2622 ο
770 2611 789 2642 ›
813 2592 912 2664 τὴν
942 2596 1053 2647 τῶν
1083 2599 1362 2668 στοιχείων
1391 2602 1614 2664 ἀπαθῶς
1642 2621 1822 2656 καινο-

234 2683 496 2751 τομήσας
531 2682 695 2750 φύσιν
716 2687 838 2748 ταῖς
868 2684 1081 2755 βάσεσι.
1122 2691 1235 2742 Καὶ
1264 2690 1416 2761 δηλοί
1451 2693 1637 2762 σαφῶς
1677 2695 1821 2765 ὕδωρ

234 2772 499 2837 ἄστατον,
534 2774 736 2827 ὑλικῶν
771 2777 866 2829 καὶ
892 2778 1109 2849 γεηρῶν
1139 2780 1184 2812 ’³
1224 2781 1401 2833 ποδῶν
1439 2784 1630 2854 ἀνέχον
1654 2785 1820 2857 βάρος

236 2863 337 2916 καὶ
382 2863 459 2935 μὴ
506 2866 751 2929 ὑπεῖκον,
793 2867 910 2921 ἀλλ’
962 2870 1235 2939 ὑπερφυεῖ
1285 2873 1513 2944 δυνάμει
1573 2877 1711 2946 πρὸς
1763 2879 1823 2931 τὸ

233 2954 530 3023 ἀδιάχυτον
591 2958 986 3027 συνιστάμενον
1012 2977 1027 2990 σ
1076 2962 1237 3033 εἴπερ
1287 2963 1502 3037 ἀληθῶς
1565 2967 1822 3039 ἀῦρόχοις

1926 516 2006 569 vit
2050 524 2322 582 naturam,
2352 516 2406 571 in
2434 533 2499 572 ea
2536 518 2684 573 aliud
2713 522 3032 590 mysterium
3076 522 3350 591 efﬁciens;
3384 526 3500 595 ipse

1924 608 2072 662 enim
2097 609 2670 679 incomprehensibilis
2694 614 3015 681 permansit,
3044 623 3102 670 ct
3133 631 3287 679 suam
3318 618 3499 677 incar—

1925 695 2204 753 nationem
2228 699 2377 753 omni
2402 701 2662 771 mysterio
2686 702 2856 772 magis
2884 702 3499 774 ineomprehensibilem

1925 789 2188 851 ostendit.
2214 807 2313 861 per
2354 795 2762 862 generationem
2797 810 2961 865 supra
2992 813 3211 853 omnem
3242 800 3499 859 substan-

1928 880 2079 947 tiam,
2125 890 2277 936 tanto
2310 883 2532 954 quidem
2568 900 2666 954 per
2706 884 2855 940 illam
2881 886 3059 942 factus
3083 887 3499 956 comprehensi.

1925 972 2074 1038 bilis,
2104 985 2312 1045 quanto
2338 991 2436 1044 per
2463 976 2609 1030 illam
2654 977 2998 1047 dignoscitur
3035 994 3155 1034 esse
3202 979 3373 1048 magis
3412 980 3500 1039 ius

1927 1066 2463 1136 comprehensibilis.
2500 1088 2517 1119 ι
2552 1069 2924 1125 Absconditus
2946 1072 3093 1129 enim
3122 1083 3307 1133 manet
3331 1074 3499 1135 etiam

1925 1164 2050 1225 post
2097 1157 2625 1225 manifestationem,
2678 1180 2696 1210 ›
2750 1170 2811 1215 ιιι
2859 1161 2994 1215 dicit
3048 1164 3306 1233 magister
3374 1163 3499 1228 ille,

1933 1266 1951 1300 ι
1992 1256 2107 1314 aut,
2154 1257 2213 1301 ut
2253 1248 2496 1305 divinius
2538 1251 2751 1320 loquar,
2784 1251 2838 1305 in
2884 1252 2999 1321 ipsa
3035 1253 3499 1318 manifestatione,

1925 1340 2129 1395 ctenim
2153 1339 2258 1392 hoc
2280 1339 2442 1394 etiam
2475 1342 2648 1411 ipsius
2672 1343 2799 1398 Jesu
2822 1346 3130 1398 occultatur
3153 1347 3497 1416 mysterium.

1923 1446 2028 1484 nec
2068 1430 2181 1483 ullo
2223 1446 2478 1485 sermone
2519 1433 2606 1487 vel
2631 1434 2909 1488 intellectu
2950 1435 3297 1504 exprimitur.
3338 1438 3501 1506 quinr

1925 1521 2038 1575 imo
2067 1520 2198 1575 dum
2231 1522 2526 1590 profertur,
2562 1540 2847 1589 arcanum,
2894 1534 2950 1581 et
2988 1526 3118 1580 dum
3153 1527 3496 1596 intelligitur,

1923 1623 2109 1669 manet
2144 1613 2413 1683 ignotum.
2456 1634 2473 1664 ι
2507 1613 2646 1680 Quid
2690 1624 2775 1670 est
2815 1616 2962 1685 quod
3013 1617 3255 1675 divinam
3298 1633 3494 1687 super-

1925 1703 2442 1758 substantialitatem
2490 1705 2706 1775 plenius
2756 1706 2858 1760 hoc
2892 1707 3269 1762 demonstrare
3308 1716 3497 1776 quem.

1926 1794 2047 1863 quae
2072 1810 2171 1864 per
2199 1809 2354 1847 suam
2386 1794 2883 1851 manifestationem
2916 1812 2974 1852 se
3014 1799 3273 1863 occultat,
3306 1807 3363 1855 et
3401 1816 3501 1869 per

1924 1901 2235 1940 sermonem
2270 1901 2328 1941 se
2373 1885 2703 1941 ineﬂ‘abilem
2749 1886 3013 1954 declarat,
3037 1897 3093 1944 et
3134 1904 3233 1959 per
3258 1898 3499 1947 mentem

1923 1975 2359 2031 eminentissime
2410 1991 2469 2031 se
2514 1975 2997 2047 incognoscibilcm
3045 1978 3261 2047 probat,
3307 1987 3383 2043 et,
3439 1988 3502 2039 ut

1922 2068 2101 2138 majus
2120 2066 2326 2137 aliquid
2358 2067 2575 2134 addam,
2604 2084 2701 2137 per
2721 2068 3042 2125 substantiae
3068 2071 3498 2139 assumptionem

1923 2174 1981 2213 se
2009 2174 2127 2214 esse
2168 2176 2333 2229 supra
2364 2176 2581 2215 omnem
2617 2161 2979 2217 substantiam
3014 2161 3293 2218 ostendit?
3321 2180 3339 2215 ι
3370 2161 3501 2216 Pro-

1923 2249 2065 2304 fecto
2114 2252 2281 2322 hujus
2326 2254 2681 2323 praerogativa
2713 2252 2879 2308 etiam
2931 2269 3057 2308 cum
3102 2270 3233 2313 vere
3269 2253 3324 2308 in
3364 2254 3500 2309 sub-

1923 2343 2181 2399 stantiam
2220 2344 2456 2408 veniret,
2494 2359 2659 2410 supra
2698 2344 3063 2399 substantiam
3104 2344 3505 2403 substantiatus

1920 2444 2023 2489 est.
2057 2453 2075 2486 ι
2105 2435 2373 2488 Nimirum
2403 2434 2771 2505 generationis
2796 2435 3063 2490 naturalis
3094 2435 3268 2505 legem
3303 2435 3503 2493 immu-

1924 2525 2077 2588 tavit,
2113 2535 2167 2579 et
2208 2525 2415 2594 absque
2449 2525 2591 2579 virili
2630 2526 2837 2580 semine
2874 2524 2928 2579 in
2966 2526 3149 2594 specie
3177 2526 3341 2581 homo
3370 2540 3501 2581 vere

1922 2614 2097 2668 factus
2129 2623 2243 2679 est;
2274 2615 2325 2668 id
2353 2615 2501 2683 quod
2545 2614 2789 2668 declarat
2813 2614 2977 2685 Virgo
3006 2628 3127 2683 qua:
3155 2614 3305 2667 illum
3339 2612 3503 2673 modo

1923 2705 2322 2773 supernaturali
2369 2705 2513 2774 parit
2554 2704 2798 2759 Verbum
2842 2704 3403 2774 supersubstantiale,
3446 2710 3505 2763 et

1923 2796 2145 2866 quidem
2184 2794 2393 2865 absque
2422 2810 2525 2865 ope
2562 2794 2665 2848 viri
2699 2811 2765 2849 ex
2804 2810 2905 2849 suo
2937 2794 3194 2866 virginali
3237 2795 3503 2865 sanguine

1922 2895 2264 2951 concretum,
2300 2901 2366 2940 eo
2412 2884 2576 2939 modo
2615 2900 2725 2954 quo
2772 2885 2955 2940 caeteri
3007 2885 3265 2940 homines
3293 2884 3503 2954 produ-

1924 2987 2147 3043 cuntur,
2178 2978 2297 3049 lege
2324 2986 2505 3031 tamen
2534 2976 2798 3031 nascendi
2840 2993 2950 3031 non
2977 2984 3213 3031 servata.
3243 2976 3312 3035 Et
3340 2991 3504 3043 supra

234 3045 394 3107 ποσὶ,
430 3047 745 3115 σωματικὸν
780 3049 943 3117 ὄγκον
972 3050 1178 3121 ἔχουσι.
1209 3054 1303 3111 καὶ
1331 3055 1461 3126 ὕλης
1504 3056 1691 3129 βάρος,
1721 3060 1821 3131 τὴν

1925 3070 2211 3124 hominum
2242 3069 2617 3124 conditionem
2644 3068 2813 3138 gessit
2839 3082 2903 3123 ea
2928 3084 3049 3137 quae
3075 3067 3312 3122 hominis
3341 3074 3502 3133 sunt;

233 3138 421 3207 ὑγράν
473 3140 567 3191 καὶ
616 3139 850 3195 ἄστατον
899 3143 1087 3196 οὐσίαν
1109 3144 1155 3178 ⁸⁸
1180 3148 1562 3215 μεταϐατικῶς
1608 3154 1811 3207 ἐπεπό-

234 3245 402 3301 ρευτο
430 3230 496 3294 ⁸⁵,
521 3232 841 3301 περιπατῶν
865 3234 957 3285 ἐπὶ
980 3234 1256 3308 Θαλάσσης
1284 3237 1360 3302 ὡς
1382 3241 1468 3295 ἐπ’
1492 3243 1539 3273 ⁹⁶
1568 3244 1820 3315 ἐδάφους,

232 3319 334 3371 καὶ
360 3321 430 3389 τῇ
462 3319 686 3389 δυνάμει
711 3322 812 3391 τῆς
834 3324 1030 3377 ἑαυτοῦ
1065 3326 1324 3398 θεότητος
1368 3331 1691 3403 ἀχωρίστως
1733 3337 1823 3391 διὰ

232 3410 338 3479 τῆς
360 3410 408 3441 ’⁷
450 3411 804 3479 μεταϐάσεως
847 3418 1223 3484 συνεκφαίνων
1255 3422 1354 3491 τῆς
1377 3424 1581 3488 οἰκείας
1623 3429 1824 3495 σαρκὸς

231 3499 339 3570 τὴν
372 3502 517 3553 κατά
558 3502 723 3575 φύσιν
766 3504 1053 3573 ἐνέργειαν
1090 3524 1103 3537 ·
1141 3508 1301 3580 εἴπερ
1336 3512 1499 3579 φύσει
1548 3515 1752 3586 ταύτης
1785 3520 1817 3589 ’θ

236 3591 585 3664 μεταϐατικὴ
613 3595 922 3666 καθέστηκε
947 3598 1189 3667 κίνησις,
1218 3600 1334 3653 ἀλλ’
1364 3604 1424 3655 οὐ
1465 3605 1564 3675 τῆς
1602 3608 1821 3678 ἡνωμέ-

232 3698 339 3753 vn;
359 3683 502 3754 αὐτῇ
541 3686 662 3749 καθ’
698 3688 997 3741 ὑπόστασιν
1027 3691 1403 3765 ύπεραπείρου
1454 3698 1551 3749 καὶ
1585 3699 1824 3770 ὑπερου-

236 3774 361 3827 σίου
413 3774 684 3846 θεότητος.
720 3779 901 3844 Ἀπαξ
930 3781 1037 3852 γάρ
1079 3783 1446 3854 ἀνθρωπικῶς
1485 3790 1767 3855 οὐσιωθεὶς
1795 3794 1825 3845 ὁ

237 3863 574 3936 ὑπερούσιος
630 3868 803 3947 Λόγος
873 3870 1010 3938 μετά
1057 3873 1156 3941 τῆς
1222 3874 1569 3948 ἀνθρωπίνης
1633 3881 1823 3949 οὐσίας

237 3958 521 4028 ἀμείωτον
551 3954 716 4029 εἶχεν,
747 3960 823 4024 ὡς
865 3962 1001 4015 ἰδίαν
1034 3964 1200 4017 αὐτοῦ
1230 4005 1245 4031 ,
1303 3968 1397 4021 καὶ
1647 3972 1696 4043 b)
1727 3974 1823 4044 τὴν

236 4050 478 4117 γενικῶς
512 4050 672 4102 αὐτὸν
714 4052 788 4114 ὡς
834 4051 1125 4123 ἄνθρωπον
1168 4063 1680 4131 χαρακτηρίζουσαν
1724 4068 1823 4134 τῆς

236 4141 435 4202 οὖσίας
482 4141 696 4211 κίνησιν
744 4145 910 4197 πᾶσιν
963 4141 1044 4210 οἷς
1092 4147 1167 4207 ὡς
1213 4148 1501 4222 ἅνθρωπος
1527 4154 1749 4227 ἐνήργει
1776 4157 1822 4189 ’⁸

238 4234 493 4303 φυσικῶς
542 4236 987 4308 είδοποιουμένην
1022 4256 1036 4270 ο
1089 4241 1250 4313 εἴπερ
1304 4244 1522 4316 ἀληθῶς
1590 4250 1816 4318 γέγονεν

238 4327 553 4399 ἄνθρωπος,
580 4329 885 4398 ἀναπνέων,
909 4331 1105 4400 λαλῶν,
1131 4334 1386 4409 βαδίζων,
1420 4342 1607 4410 χεῖρας
1634 4344 1818 4409 κινῶν,

1922 3160 2323 3214 elementorum
2373 3157 2520 3211 enim
2568 3166 2822 3213 naturam
2855 3157 3186 3221 immutavit,
3218 3157 3355 3211 nihil
3389 3158 3506 3227 ipse

1925 3252 2246 3307 immutatus
2294 3251 2409 3306 suis
2457 3250 2757 3321 gressibus.
2808 3250 2925 3305 Hoc
2976 3250 3121 3304 clare
3166 3248 3509 3309 demonstrat

1923 3358 2062 3411 aqua
2107 3358 2205 3412 per
2248 3358 2308 3397 se
2354 3341 2652 3405 instabilis,
2691 3357 2813 3412 qum
2844 3341 3045 3413 pedum
3090 3358 3156 3397 ex
3187 3340 3417 3395 materia
3448 3348 3507 3403 et

1923 3443 2069 3489 terra
2094 3441 2481 3491 concretorum
2505 3432 2826 3503 gravitatem
2845 3431 3101 3494 sustinet,
3120 3446 3295 3501 neque
3322 3438 3503 3491 tamen

1923 3527 2090 3590 cedit,
2123 3526 2219 3583 sed
2248 3526 2452 3579 virtute
2480 3524 2887 3595 supernaturali
2914 3525 3032 3579 sine
3058 3522 3351 3577 diﬂusione
3376 3521 3508 3577 sub.-

1924 3616 2089 3670 sistit.
2117 3616 2255 3671 Vere
2292 3615 2481 3685 utique
2517 3616 2681 3671 siccis
2721 3616 2977 3686 pedibus,
3005 3614 3171 3679 mole,
3217 3628 3448 3685 corpore
3474 3626 3507 3675 a

1924 3708 2176 3771 materia,
2212 3716 2269 3762 et
2315 3707 2557 3778 pondere
2605 3708 2872 3777 prmditis,
2912 3707 3086 3761 ﬂuxas
3117 3714 3173 3761 et
3225 3704 3509 3761 instabiles

1923 3815 2094 3873 aquas
2122 3800 2499 3869 pertransiens
2522 3800 2935 3865 obambulabat,
2968 3799 3322 3868 caleabatque
3356 3813 3507 3861 more

1926 3899 2186 3959 tanquam
2218 3890 2619 3960 pavimentum,
2653 3890 2817 3947 simul
2851 3905 2977 3944 cum
3011 3888 3257 3960 potentia
3289 3888 3510 3947 deitatis

1924 3998 2037 4038 suae
2065 3981 2512 4052 inseparabiliter
2536 3998 2635 4052 per
2662 3998 2783 4036 eam
2811 3980 3300 4035 inambulationem
3327 3979 3513 4035 carnis

1925 4075 2162 4145 propriae
2205 4075 2584 4143 operationem
2630 4082 3090 4129 commonstrans.
3121 4073 3296 4143 Ilujns
3339 4073 3516 4143 siqui—

1927 4166 2049 4224 dem
2086 4168 2268 4221 carnis
2316 4167 2574 4237 proprius
2626 4175 2745 4220 erat
2794 4166 2885 4227 ille
2934 4164 3255 4237 ambulandi
3304 4172 3513 4230 motus,

1927 4274 2278 4329 nequaquam
2322 4266 2506 4312 autem
2546 4260 2830 4313 immensae
2877 4265 2935 4313 et
2965 4253 3513 4327 supersubstantialis

1928 4350 2148 4407 deitatis
2195 4350 2246 4404 ei
2295 4366 2394 4419 per
2434 4348 2754 4421 bypostasin
2790 4348 3050 4405 adunitaa.
3083 4347 3325 4402 Verbum
3361 4345 3511 4401 enim

239 4417 546 4488 προσφυῶς
595 4421 713 4484 ταῖς
766 4422 1053 4493 αἰσθήσεσι
1098 4425 1379 4497 χρώμενος
1424 4431 1504 4493 είς
1536 4432 1822 4503 ἀντίληψιν

1924 4442 2386 4512 superessentiale
2436 4441 2530 4495 ubi
2565 4441 2733 4496 semel
2785 4440 3030 4494 hominis
3078 4438 3377 4493 essentiam
3421 4452 3510 4497 as-

237 4509 356 4562 τῶν
407 4509 702 4581 αἰσθητῶν,
734 4514 956 4581 πεινῶν,
987 4515 1178 4584 διψῶν,
1210 4517 1429 4585 ἐσθίων,
1480 4521 1685 4589 ὑπνῶν,
1745 4542 1829 4577 κο-

241 4602 411 4661 πιῶν,
438 4602 713 4673 δακρύων,
772 4606 1045 4675 ἀγωνιῶν,
1078 4611 1256 4665 καίτοι
1296 4611 1524 4683 δύναμις
1564 4612 1641 4668 ὢν
1693 4616 1828 4668 αὐθ-

243 4696 573 4761 υπόστατος,
635 4697 731 4750 καῖ⁹
777 4697 846 4752 τά
902 4700 1062 4761 λοιπά
1117 4704 1296 4758 πάντα
1326 4699 1405 4767 οἷς
1450 4706 1829 4778 αὐτουργικῶς

240 4785 427 4856 ψυχῆς
454 4787 613 4857 δίκην
643 4789 887 4858 φυσικῶς
913 4791 973 4844 τὸ
1020 4794 1266 4865 συμφυὲς
1325 4794 1487 4865 σῶμα
1546 4796 1826 4868 κινούσης,

243 4879 346 4948 τὴν
386 4879 834 4949 προσληφθεῖσαν
886 4883 1049 4952 φύσιν
1084 4886 1253 4940 κινῶν
1281 4888 1357 4952 ὡς
1397 4886 1566 4941 αὑτοῦ
1610 4890 1706 4942 καὶΙ
1736 4907 1829 4959 γε·

244 4969 485 5040 νομένην
528 4971 744 5043 ἀληθῶς
786 4975 880 5027 καὶ
925 4975 1247 5048 λεγομένην,
1273 4978 1307 5048 ἢ
1364 4980 1571 5052 κυρίως
1623 4984 1824 5051 εἰπεῖν,

248 5062 415 5123 αὐτὸς
468 5062 595 5137 δίχα
643 5065 857 5135 τροπῆς
896 5066 1209 5139 τοῦθ’ὅπερ
1265 5071 1381 5124 ἐστὶ
1422 5075 1830 5143 πραγματικῶς

247 5155 283 5222 ὴ
308 5153 474 5223 φύσις
495 5156 785 5225 γενόμενος
814 5157 1176 5229 ἁφαντάστως
1199 5163 1243 5195 '9
1264 5161 1363 5233 τὴν
1392 5164 1535 5236 ὑπὲρ
1572 5166 1728 5236 ἡμῶν
1755 5170 1829 5223 ol-

252 5245 513 5315 κονομίαν
540 5246 922 5318 πεπλήρωκεν.
962 5251 1073 5303 Οὐκ
1112 5252 1318 5304 ἀνεῖλεν
1348 5249 1440 5306 οὖν
1484 5257 1581 5325 τὴν
1629 5274 1829 5309 συστα-

1927 4534 2181 4603 sumpsit,
2215 4532 2378 4587 simul
2408 4549 2532 4588 cum
2561 4548 2626 4587 ea
2659 4532 2855 4586 habuit
2882 4542 2939 4586 et
2968 4538 3177 4586 motum
3209 4531 3390 4599 plene.
3414 4530 3512 4601 qui

1927 4622 2136 4678 homini
2166 4623 2425 4693 preprius
2448 4634 2553 4687 est,
2583 4623 2789 4694 quique
2812 4623 2931 4691 ejus
2954 4621 3250 4677 essentiam
3277 4635 3511 4691 genera-

1927 4714 2053 4769 liter
2101 4714 2518 4779 characterizat,
2574 4715 2740 4783 inque
2777 4714 2846 4768 iis
2886 4713 3143 4771 omnibus
3186 4712 3515 4774 naturaliter

1928 4804 2278 4876 speciﬁcatur
2315 4805 2369 4859 in
2401 4804 2602 4874 quibus
2636 4814 2697 4865 ut
2731 4805 2896 4859 homo
2929 4803 3297 4874 operabatur;
3331 4817 3510 4872 quan.-

1927 4896 2222 4966 doquidem
2262 4912 2392 4953 vere
2417 4896 2597 4952 factus
2620 4904 2705 4953 est
2734 4897 2920 4961 homo,
2955 4895 3281 4965 respirabat,
3315 4893 3509 4962 loquea-

1926 4991 2111 5055 batur,
2140 4991 2474 5056 ambulabat,
2507 5006 2703 5047 manus
2729 4991 3004 5053 movebat,
3035 4987 3290 5043 sensibus
3318 4985 3516 5041 utebav

1929 5089 2018 5136 tur
2066 5091 2435 5153 congruenter
2481 5082 2552 5136 ad
2618 5098 2707 5137 res
2753 5074 3045 5135 sensibiles
3089 5076 3504 5148 percipiendas,

1926 5172 2228 5238 esuriebat,
2270 5172 2511 5237 sitiebat,
2537 5171 2759 5235 edebat,
2794 5167 3122 5232 dormiebat,
3154 5166 3506 5238 fatigabatur,

1927 5261 2351 5331 lacrymabatur,
2386 5260 2833 5315 eontristabatur.
2868 5257 3129 5333 Quamvis
3158 5258 3379 5317 interim
3418 5273 3507 5314 es,

1521 5393 1747 5446 \‘Alil/E
1791 5395 2193 5451 LECTIONES.

338 5472 389 5505 ⁸⁸
414 5476 734 5543 συνέπειρεν
783 5480 871 5533 ed.
906 5480 1023 5536 Gal.

257 5544 303 5577 ”
350 5544 443 5599 τὸν
501 5560 609 5599 om.
662 5548 754 5602 ed.
802 5548 919 5605 Gal.

256 5613 378 5668 Gal.
468 5615 515 5645 9'
570 5617 932 5682 ἐπεπορεύετο
986 5621 1075 5675 ed.
1122 5613 1241 5679 (:51:
1319 5627 1363 5659 9'
1406 5629 1495 5680 ἐπὶ
1518 5627 1604 5683 ed.
1640 5627 1756 5684 Gal.

257 5685 565 5747 τασιαστῶς
590 5685 675 5741 ed.
710 5687 827 5741 Gal.

1106 5484 1150 5515 ⁸⁸
1195 5503 1251 5537 τε
1291 5487 1377 5539 ed.
1416 5487 1533 5541 Gal.

1620 5489 1663 5519 81
1689 5490 1796 5522 2n...
1826 5491 1891 5522 nrl
1949 5491 2006 5522 Ρ.

1011 5524 1023 5535 .
1106 5491 1150 5515 ⁸⁸
1195 5503 1251 5537 τε
1291 5491 1377 5539 ed.
1416 5491 1533 5541 Gal.
1620 5491 1663 5519 ⁸⁷
1688 5491 1797 5558 ὅσῳ
1825 5491 1913 5544 ed.
1949 5491 2068 5545 Gal.
2152 5492 2196 5522 ⁸⁸
2226 5491 2380 5543 οὐδὲν
2412 5491 2568 5558 ᾧρᾱ.
2617 5491 2734 5544 Gal.
2780 5491 2826 5522 ⁸⁸
2872 5491 3190 5561 περιουσίας
3238 5491 3328 5545 ed.
3383 5491 3502 5548 Gal.

1001 5554 1052 5631 θ’·
1070 5554 1303 5631 ἐνείργει
1321 5556 1420 5631 ed.
1459 5557 1583 5631 Gal.
1650 5560 1695 5631 ξ’
1722 5559 2039 5631 ἀνθρώπινα
2064 5561 2154 5631 ed.
2177 5560 2306 5631 ϐαίη
2364 5562 2409 5593 ⁸³
2438 5560 2669 5631 γειερῶν
2690 5559 2779 5631 ed.
2810 5559 2929 5615 Gal.
2970 5560 3027 5631 _“
3054 5560 3243 5631 οὐσίαν
3272 5575 3383 5631 om.
3412 5561 3502 5616 ed.

1849 5630 1892 5662 ⁸⁷
1921 5629 1989 5683 δι’
2020 5630 2190 5699 αὐτῆς
2243 5629 2330 5685 ed.
2388 5631 2505 5686 Gal.
2564 5628 2631 5663 ’⁸⁸
2654 5630 2890 5703 ὲνείργει
2919 5629 3009 5687 ed.
3050 5628 3165 5685 Gal.

2152 5492 2203 5561 "7
2226 5491 2380 5543 οὐδὲν
2412 5484 2456 5558 ᾧ
2481 5491 2568 5545 ed.
2606 5490 2753 5561 Gala
2780 5490 2847 5561 3’;
2872 5490 3190 5561 περιουσίας
3238 5490 3328 5545 ed.
3383 5490 3504 5548 Gal.

3258 5628 3302 5663 ⁸⁸
3328 5631 3504 5698 ἀφαν-
