4014 6284
558 305 691 378 1351

1713 312 1776 372 S.
1814 311 2104 373 MAXIM!
2143 309 2656 372 CONFESSORIS

3669 310 3777 377 1052

554 439 643 487 set
673 429 921 501 potentia
954 442 1053 499 pc;
1079 443 1139 484 se
1170 427 1496 492 subsistens,
1531 435 1588 483 et
1612 442 1677 482 ca
1704 428 1759 483 in
1791 443 1849 483 se
1884 427 2137 483 contine-

2254 426 2401 498 τικὴν
2423 426 2524 496 τῆς
2552 426 2569 457 ¹
2604 421 3046 497 προσληφθείσης
3074 422 3270 485 οὑσὶας
3300 420 3599 491 ἐνέργειαν,
3625 423 3779 499 ὥσπερ

557 529 643 577 ret
669 520 856 575 omnia
889 535 989 590 per
1023 535 1146 589 quae
1191 518 1355 574 modo
1388 518 1693 584 liberrimo,
1726 535 1836 574 non
1881 534 2038 575 secus
2070 533 2137 573 ac

558 613 740 669 anima
769 627 972 683 corpus
1004 612 1111 667 sibi
1153 611 1414 667 adnatum
1449 611 1778 671 naturaliter
1805 621 2010 676 movet,
2049 627 2139 666 as-

558 714 831 775 sumptam
864 711 1113 758 naturam
1146 703 1378 775 agitans,
1409 712 1468 758 ut
1493 719 1648 758 suam
1678 713 1734 758 et
1767 718 1897 760 vere
1937 703 2137 759 factam

560 805 619 853 et
647 810 779 851 vere
797 796 1024 860 dictam,
1057 795 1168 858 vel,
1216 802 1277 848 ut
1318 795 1542 865 proprie
1592 795 1808 865 loquar,
1855 795 1972 864 ipse
2021 794 2141 850 sine

560 888 863 945 mutatione
890 888 945 943 id
973 889 1153 958 ipsum
1197 888 1375 957 reipsa
1409 886 1585 941 factus
1639 896 1725 940 est
1770 886 1920 956 quod
1948 895 2142 941 natura

562 989 681 1036 erat
709 996 812 1051 pro
835 980 996 1037 nobis
1021 980 1512 1051 dispensationem,
1539 994 1647 1033 non
1673 987 1854 1032 tamen
1885 978 1938 1032 iu
1970 978 2143 1048 phan-

565 1068 815 1134 tasmate,
853 1069 1194 1139 adimplevit.
1230 1070 1345 1123 Non
1381 1068 1547 1138 igitur
1583 1066 1823 1140 abolevit
1863 1067 2142 1137 operatio-

563 1175 711 1226 nem,
740 1176 862 1231 quae
901 1171 1020 1216 erat
1047 1161 1402 1216 constitutiva
1434 1159 1574 1214 ratio
1617 1171 1911 1229 assumptae
1950 1174 2145 1215 essen-

567 1251 676 1317 tize,
720 1252 1183 1322 quemadmodum
1208 1268 1308 1308 nec
1353 1252 1525 1322 ipsam
1559 1250 1888 1306 sententiam
1924 1251 2147 1307 sustulit

568 1342 826 1412 magister
871 1357 997 1397 cum
1041 1342 1288 1400 diceret:
1326 1362 1344 1393 ι
1386 1342 1562 1412 Super
1602 1342 1963 1397 substantiam
2011 1342 2146 1398 sub-

570 1431 863 1486 stantiatus
897 1441 1017 1499 est,
1056 1440 1112 1486 et
1160 1448 1325 1502 supra
1374 1431 1746 1487 conditionem
1797 1433 2037 1488 hominis
2081 1449 2143 1489 ea

569 1536 691 1591 qua:
734 1521 975 1578 hominis
1008 1533 1138 1578 sunt
1168 1524 1522 1593 operabatur,
1564 1543 1581 1575 ι
1619 1524 1717 1578 sed
1760 1525 2018 1594 utrinque
2055 1541 2146 1581 os-

570 1610 748 1666 tendit
773 1612 1064 1681 quamdam
1097 1614 1384 1668 modorum
1410 1614 1729 1677 novitatcm,
1757 1616 1923 1671 salvis
1953 1615 2146 1670 iisdem

570 1703 878 1758 rationibus
906 1705 1274 1771 naturalibus,
1318 1706 1522 1775 quibus
1561 1707 1759 1761 ablatis
1802 1708 1940 1762 nihil
1971 1715 2057 1764 est
2089 1708 2145 1763 id

569 1793 717 1865 quod
745 1810 869 1851 esse
896 1807 1084 1851 natum
1119 1805 1257 1851 erat.
1290 1798 1345 1851 Si
1380 1813 1513 1853 vero
1551 1798 1853 1855 dixerimus
1882 1800 2028 1870 quod
2059 1816 2148 1855 as-
2179 1773 2222 1827 Β

570 1892 801 1953 sumptae
846 1886 1166 1941 substantiae
1208 1888 1540 1957 positionem
1586 1889 1827 1961 itemque
1870 1892 2150 1962 operatio-

568 1973 659 2029 nis
686 1989 811 2029 eam
859 1976 1250 2033 constituentis
1297 1978 1628 2035 ablationem
1660 1982 1939 2036 contineat
1986 1983 2041 2037 in
2090 1997 2151 2037 se

570 2065 989 2134 supereminens
1011 2068 1251 2138 negatio,
1269 2084 1376 2138 qua
1402 2069 1619 2124 tandem
1643 2070 1854 2126 ratione
1875 2072 2147 2134 eamdem,

570 2154 794 2226 utrique
826 2158 1113 2226 aqualiter
1149 2160 1494 2225 attributam,
1529 2161 1689 2216 istius
1720 2172 1970 2232 respectu
2002 2165 2146 2221 exsi-

569 2248 848 2313 stentiam,
877 2248 1044 2319 hujus
1081 2265 1214 2305 vero
1246 2250 1612 2306 sublationem
1641 2252 1927 2323 designare
1962 2266 2149 2311 osten-

567 2337 803 2392 demus?
846 2338 902 2393 Si
934 2354 1148 2404 rursus,
1181 2342 1511 2411 quandoque
1540 2332 1650 2397 non
1689 2352 1773 2399 est
1805 2362 1903 2415 per
1931 2362 1989 2402 se
2030 2364 2151 2403 mo-

569 2427 699 2482 bilis
737 2440 1018 2499 assumpta
1060 2439 1280 2495 natura,
1312 2433 1408 2487 sed
1444 2443 1697 2488 movetur
1739 2451 1769 2489 a
1808 2437 2011 2493 deitate
2047 2439 2153 2494 sibi

569 2533 671 2588 per
694 2518 1015 2591 hypostasin
1048 2537 1177 2577 vere
1214 2524 1390 2587 unita,
1421 2532 1630 2579 motum
1658 2527 1750 2596 qui
1787 2543 1906 2582 eam
1946 2531 2153 2586 consti-

571 2612 680 2667 tuit
709 2613 1032 2680 auferimus,
1063 2632 1168 2672 nec
1201 2616 1371 2687 ipsam
1400 2618 1784 2687 substantiam,
1815 2623 1929 2678 sive
1962 2639 2155 2680 essen-

571 2704 726 2770 tiam,
758 2708 1294 2773 conservaverimus,
1345 2719 1406 2764 ut
1452 2727 1574 2780 qua:
1613 2729 1720 2768 non
1757 2714 1926 2770 fuerit
1969 2732 2068 2787 per
2095 2732 2156 2774 se

571 2795 903 2864 subsistens,
936 2799 1032 2854 sed
1083 2799 1138 2854 in
1179 2800 1361 2855 Verbo
1404 2801 1518 2856 Deo
1560 2818 1687 2859 vere
1713 2805 1763 2859 ei
1790 2807 2156 2863 consubstan-

572 2886 709 2941 tfato
759 2903 921 2943 suum
963 2905 1085 2946 esse
1131 2891 1401 2957 obtineat,
1438 2893 1565 2963 quia
1617 2910 1717 2964 par
1763 2906 1848 2952 est
1896 2899 2157 2969 utrinque

573 2978 715 3032 ratio
745 2979 815 3033 ad
862 2981 1283 3050 postulandum,
1326 2985 1494 3039 etiam
1541 2996 1749 3041 motum
1802 3003 1926 3043 cum
1962 2997 2155 3046 natura

572 3068 954 3136 contiteamur,
989 3072 1109 3128 sine
1150 3089 1258 3144 qua
1306 3090 1375 3129 ne
1409 3086 1556 3131 stare
1592 3078 1814 3147 quidem
1846 3088 2027 3149 potest
2056 3096 2155 3137 na-
2184 3106 2226 3163 ο

576 3169 721 3228 tura,
754 3163 889 3219 illud
928 3173 1198 3232 tenentes,
1237 3167 1387 3237 quod
1431 3168 1537 3223 alia
1584 3170 1655 3225 sit
1681 3173 1902 3226 essendi
1944 3174 2157 3245 simpli-

573 3254 734 3318 citer,
766 3254 870 3310 alia
900 3264 1081 3311 autem
1113 3259 1217 3314 hoc
1251 3259 1418 3315 modo
1461 3261 1683 3316 essendi
1733 3264 1894 3328 ratio,
1926 3281 2160 3335 quarum

575 3344 655 3400 illi
692 3352 908 3412 natura,
946 3347 1077 3402 huic
1105 3347 1444 3419 dispensatio
1483 3350 1758 3407 innititur.
1784 3352 1984 3407 Harum
2024 3370 2160 3409 con-

574 3450 773 3492 oursus
799 3452 1057 3508 magnum
1092 3439 1228 3495 illud
1255 3440 1386 3497 Jesu
1420 3443 1857 3512 supernaturalis
1879 3445 2162 3516 physiolo-

576 3527 679 3599 gia:
703 3530 1022 3599 mysterium
1057 3531 1351 3601 perliciens
1385 3533 1442 3588 in
1484 3550 1551 3589 eo
1575 3534 1816 3589 ostendit
1845 3537 2160 3592 conservari

576 3621 960 3691 operationum
981 3621 1392 3680 distinctionem
1418 3626 1581 3681 simul
1602 3635 1659 3681 et
1678 3627 2006 3693 unitionem,
2028 3628 2159 3683 dum

577 3710 695 3767 hac
737 3712 985 3767 cernitur
1029 3713 1307 3770 indivisim
1363 3716 1419 3770 in
1470 3716 1708 3773 naturali
1751 3703 2031 3773 unitorum
2070 3734 2161 3773 ra-

580 3803 752 3871 tione,
789 3803 880 3860 illa
912 3821 1046 3861 vero
1078 3806 1407 3862 inconfusim
1438 3806 1782 3877 dignoscitur
1827 3806 1884 3860 in
1925 3806 2161 3877 simplici

576 3894 958 3963 operationum
989 3897 1175 3952 modo.
1221 3898 1353 3964 Quae
1391 3897 1539 3951 enim
1572 3906 1665 3951 aut
1701 3897 1899 3968 qualis,
1930 3898 2022 3954 ubi
2068 3907 2163 3954 aut

578 3985 856 4053 quomodo
885 3995 1082 4042 natura
1105 3988 1215 4043 erit
1256 3987 1612 4043 constitutiva
1639 3988 1856 4057 privata
1880 3990 2163 4058 potentia?

579 4075 713 4130 Nam
741 4078 888 4146 quod
927 4079 1155 4134 omnino
1188 4079 1396 4134 nullam
1436 4078 1605 4133 habet
1634 4080 1956 4147 potentiam,
1983 4095 2161 4150 neque

583 4170 759 4240 ipsum
791 4181 894 4237 est,
923 4189 1100 4244 neque
1144 4175 1318 4245 ipsius
1348 4175 1458 4229 ulla
1490 4174 1715 4230 omnino
1739 4184 1823 4230 est
1853 4177 2073 4247 positio,
2100 4186 2163 4232 ut

583 4263 662 4318 ait
688 4264 820 4318 alibi
870 4280 1097 4335 magnus
1137 4265 1227 4321 hic
1274 4265 1554 4337 magister.
1604 4267 1723 4323 Jam
1766 4268 1812 4323 si
1848 4266 1970 4324 haec
2010 4270 2161 4325 nullo

585 4353 747 4408 modo
769 4353 886 4409 ﬁeri
920 4354 1154 4424 possint,
1189 4364 1407 4425 oportet
1434 4358 1524 4426 pie
1549 4355 1801 4411 conﬁteri
1835 4373 1961 4411 cum
1995 4366 2160 4413 natu-

2238 517 2348 572 οὐδ’
2373 515 2543 587 αὑτὴν
2570 516 2672 587 τὴν
2708 515 2898 568 οὑσίαν
2922 516 2950 568 ό
2977 514 3327 577 διδάσκαλος,
3362 512 3549 566 είτιών·
3578 533 3597 565 ι
3638 516 3781 589 ’Υπὲρ

2238 609 2428 663 οὐσίαν
2458 609 2480 639 ²
2508 605 2773 678 οὑσιώθη.
2806 606 2904 660 καὶ
2943 606 3087 675 ὑπὲρ
3123 605 3421 677 ἄνθρωπον
3450 606 3658 678 ἐνήργει
3691 607 3710 639 ³
3730 611 3783 664 τὰ

2240 700 2531 772 ἀνθρώπου
2558 717 2572 730 ·
2618 719 2636 751 ι
2666 698 2781 753 ἀλλ’
2811 698 3014 765 ἔδειξεν
3045 698 3132 750 ἐπ’
3163 699 3378 769 ἀμφοῖν
3407 699 3506 765 τὴν
3532 701 3785 769 καινότητα

2239 791 2346 846 τῶν
2364 792 2586 862 τρόπων
2618 794 2675 845 ἐν
2696 793 2763 862 τῇ
2791 791 3119 862 μονιμότητι
3151 791 3263 842 τῶν
3301 792 3549 859 φυσικῶν
3573 790 3783 862 σωζομὲ-

2248 899 2344 953 νην
2373 881 2569 951 λόγων,
2615 875 2690 935 ὧν
2720 882 2890 953 χωρὶς
2935 881 3089 935 οὐδὲν
3133 882 3245 935 τῶν
3293 880 3466 934 ὄντων
3502 883 3640 936 ἐστὶν
3674 885 3784 954 ὅπερ

2241 974 2409 1029 ἐστίν.
2439 975 2498 1028 Et
2531 975 2587 1029 δὲ
2608 974 2820 1044 φῶμεν,
2856 974 2933 1039 ὼς
2964 974 3064 1044 τῆς
3100 958 3197 1045 μὲν
3238 973 3676 1044 προσληφθείσης
3720 976 3786 1034 οι.

2245 1066 2365 1130 σίας
2394 1066 2562 1130 θέσις,
2587 1066 2689 1136 τῆς
2713 1066 2767 1120 δὲ
2793 1068 3125 1137 συστατικῆς
3156 1068 3337 1134 αὑτῆς
3366 1066 3636 1136 ἐνεργείας
3656 1069 3787 1137 ἀφαί-

2247 1176 2415 1230 ρεσις,
2448 1160 2481 1228 ή
2522 1158 2700 1237 καθ’,⁵
2720 1158 2997 1229 ὑπεροχήν
3023 1161 3171 1212 ἐστιν
3197 1158 3512 1228 ἀπόφασις,
3537 1159 3638 1211 τίνι
3661 1159 3779 1230 λόγῳ

2243 1251 2341 1322 τὴν
2369 1251 2537 1322 αὑτὴν
2564 1250 2654 1304 ἐπ’
2690 1251 2894 1320 ἀμφοῖν
2925 1252 3059 1314 ῖσως
3091 1252 3373 1315 τεθεῖσαν,
3401 1251 3503 1321 τῆς
3536 1252 3625 1321 μὲν
3645 1252 3787 1323 ὑπαρ-

2246 1340 2350 1408 ξιν,
2379 1342 2478 1411 τῆς
2509 1339 2566 1393 δὲ
2590 1340 2811 1402 πάντως
2838 1339 3124 1412 ἀναίρεσιν
3141 1341 3529 1412 σημαίνουσαν
3559 1339 3785 1408 δείξομεν;

2250 1431 2321 1483 Ἦ
2351 1428 2513 1482 πάλιν
2542 1428 2778 1499 ἐπείπερ
2801 1428 2905 1482 οὑκ
2937 1428 3301 1499 αὑτοκίνητος
3339 1430 3374 1498 ὴ
3426 1426 3785 1499 προσληφθεῖσα

2249 1520 2409 1590 φύσις
2437 1520 2604 1584 ἐστὶν,
2638 1521 2742 1574 ὑπὸ
2775 1520 2877 1591 τῆς
2909 1520 3195 1592 ήνωμένης
3218 1519 3415 1590 (112
3439 1521 3495 1587 α)
3525 1519 3651 1589 αὑτῇ
3691 1519 3789 1572 καθ’

2250 1608 2544 1662 ὑπόστασιν
2572 1607 2789 1679 ἀληθῶς
2819 1609 3114 1681 κινουμένῃ
3134 1610 3156 1640 ⁸
3186 1608 3472 1679 θεότητος,
3496 1608 3586 1661 καὶ
3612 1609 3698 1676 τήν
3715 1624 3787 1660 σν-

2252 1699 2514 1768 στατικὴν
2566 1698 2738 1768 αὑτῆς
2778 1699 3168 1769 ἀφαιρούμεθα
3212 1699 3461 1770 κίνησιν,
3492 1699 3608 1768 μηδ’
3654 1698 3789 1767 αὑτήν

2252 1788 2349 1858 τὴν
2372 1790 2559 1843 οὑσίαν
2604 1790 3015 1861 ὁμολογήσομεν
3048 1790 3090 1856 ⁸,
3124 1792 3224 1845 οὑκ
3274 1790 3676 1844 αὑθυπόστατον
3711 1808 3787 1859 φα-

2250 1886 2453 1947 νεῖσαν,
2484 1883 2739 1936 τουτέστι
2763 1882 2887 1937 καθ’
2921 1884 3144 1953 ἑαυτὴν,
3170 1882 3291 1936 ἀλλ’
3327 1885 3391 1935 ἐν
3414 1880 3562 1951 αὑτῷ
3593 1880 3661 1951 τῷ
3694 1881 3786 1933 κατ’

2250 1974 2511 2046 ἀλήθειαν
2534 1975 2707 2046 αὑτὴν
2733 1974 3051 2030 οὑσιωθέντι
3079 1974 3199 2045 Θεῷ
3246 1974 3413 2045 Λόγῳ
3464 1973 3526 2026 τὸ
3567 1968 3692 2027 εἶναι
3722 1972 3789 2025 λσ-

2253 2065 2475 2132 6οὑσαν,
2503 2066 2625 2136 ῖσην
2642 2066 2729 2118 ἐπ’
2746 2067 2949 2136 ἀμφοῖν
2972 2066 3072 2135 τὴν
3102 2064 3285 2118 αἱτῖαν
3314 2063 3534 2134 ἔχοντες
3559 2064 3650 2132 τῆς
3671 2078 3783 2131 παρ-

2252 2161 2543 2230 αιτήσεως,
2575 2158 2610 2231 ἢ
2637 2157 2658 2188 ⁷
2697 2158 2793 2211 καὶ
2826 2158 2928 2227 τὴν
2959 2157 3175 2229 κίνησιν
3222 2159 3295 2227 τῇ
3341 2157 3505 2224 φύσει
3543 2152 3786 2225 συνομολοι

2252 2253 2519 2323 γήσομεν,
2540 2246 2609 2322 ἧς
2628 2250 2799 2320 χωρὶς
2822 2236 2954 2302 οὑδὲ
2978 2248 3141 2317 φύσις
3170 2248 3315 2314 ἐστὶ,
3352 2247 3694 2315 γινώσκοντες
3728 2243 3784 2304 ὡς

2253 2342 2440 2414 ἕτερος
2465 2340 2564 2412 μὲν
2602 2342 2630 2394 ὁ
2659 2339 2752 2393 τοῦ
2781 2335 2922 2392 εἶναι
2944 2338 3099 2407 λόγος
3138 2339 3315 2405 ἐστὶν,
3353 2337 3545 2407 ἔτερος
3566 2335 3618 2388 δὲ
3656 2336 3681 2386 ό
3712 2331 3787 2384 τοῦ

2256 2432 2373 2496 πῶς
2395 2428 2533 2487 εἶναι
2567 2430 2792 2502 τρόπος,
2815 2432 2842 2483 ὁ
2870 2430 2970 2501 μὲν
2996 2428 3095 2500 τὴν
3127 2428 3319 2498 φύσιν,
3347 2429 3379 2481 ό
3415 2428 3473 2480 δὲ
3503 2427 3596 2487 τὴν
3621 2426 3784 2477 οἰκονο-

2258 2527 2387 2598 μίαν
2420 2525 2802 2595 πιστούμενος.
2831 2517 2933 2576 Ὧν
2957 2525 2991 2593 ή
3018 2522 3232 2586 σύνοδος
3256 2524 3323 2576 τὸ
3365 2522 3510 2592 μέγα
3540 2519 3630 2588 τῆς
3655 2518 3787 2584 imp-

2256 2619 2428 2692 φυοῦς
2479 2618 2658 2691 Ἰησοῦ
2718 2617 3067 2687 φυσιολογίας
3129 2613 3489 2686 ποιησαμένη
3534 2611 3783 2683 μυστήριον

2257 2711 2574 2783 σωζομένην
2607 2710 2810 2776 ἔδειξεν
2836 2710 2895 2765 ἐν
2919 2709 3102 2779 ταυτῷ
3122 2709 3221 2780 τὴν
3250 2707 3525 2779 διαφορὰν
3545 2704 3643 2758 τῶν
3667 2704 3785 2772 ἐνερο

2255 2803 2422 2871 γειῶν
2464 2802 2559 2857 καὶ
2590 2804 2688 2874 τὴν
2735 2800 2956 2864 ἕνωσιν,
2995 2800 3094 2871 τὴν
3133 2801 3231 2871 μὲν
3278 2798 3597 2869 ἀδιαιρέτως
3634 2795 3684 2847 ἐν
3723 2790 3782 2861 τῷ

2258 2894 2471 2966 φυσικῷ
2525 2892 2912 2965 θεωρουμένην
2962 2892 3110 2962 λόγῳ
3143 2889 3252 2944 τῶν
3297 2887 3616 2961 ήνωμένων,
3640 2881 3782 2952 τὴνῆ

2257 2986 2579 3058 ἀσυγχύτως
2629 2987 2688 3038 ὲν
2734 2984 2813 3056 τῷ
2861 2981 3135 3056 μοναδικῷ
3177 2978 3590 3052 γνωριζομένην
3635 2972 3781 3044 τρόπῳ

2258 3080 2366 3134 τῶν
2394 3078 2719 3150 γινομένων.
2759 3079 2826 3131 Τί
2854 3074 2965 3148 γὰρ
2995 3078 3089 3130 καὶ
3116 3075 3223 3141 τίς,
3249 3074 3360 3130 ποῦ
3389 3089 3450 3126 τε
3471 3072 3560 3126 καὶ
3582 3068 3683 3130 πῶς
3706 3064 3782 3133 Q5-

2263 3187 2347 3234 σις
2383 3168 2535 3224 ἔσται
2577 3166 2912 3237 συστατικῆς
2952 3165 3160 3237 ἔρημος
3192 3167 3473 3238 γενομένη,
3505 3158 3779 3226 δυνάμεωςῖ

2261 3261 2335 3314 Τὸ
2372 3259 2480 3331 γὰρ
2542 3258 2774 3312 καθόλου
2846 3258 2981 3330 μηδὲ
3057 3258 3188 3328 μίαν
3236 3258 3367 3328 ἔχον
3421 3256 3633 3324 δύναμιν
3686 3246 3782 3300 οὔτε

2262 3348 2409 3403 ἔστιν
2435 3350 2479 3414 ⁸,
2506 3347 2631 3402 οὔτε
2658 3349 2712 3400 τί
2738 3348 2885 3400 ἐστιν
2918 3347 2965 3412 ³,
2986 3344 3109 3400 οὑτε
3144 3344 3262 3399 ἐστι
3297 3364 3388 3411 τις
3434 3340 3590 3399 αὑτοῦ
3629 3348 3781 3390 παντε-

2260 3440 2368 3503 λῶς
2423 3439 2593 3503 θέσις,
2633 3438 2802 3509 φησὶν
2840 3439 2869 3491 ό
2916 3436 3087 3500 πολὺς
3122 3429 3279 3501 οὗτος
3321 3433 3646 3493 διδάσκαλος.
3667 3424 3781 3480 Ειδι

2260 3531 2465 3585 τούτων
2487 3532 2644 3600 λόγος
2677 3530 2873 3595 οὐδεὶς,
2908 3526 3150 3591 εὐσεϐῶς
3182 3525 3565 3599 ὁμολογεῖσθαι
3589 3518 3680 3591 χρὴ
3703 3514 3781 3576 τάς

2260 3640 2317 3678 τε
2341 3621 2431 3691 τοῦ
2465 3621 2703 3693 Χριστοῦ
2726 3620 2921 3691 φύσεις
2953 3613 3028 3673 ὧν
3069 3618 3231 3683 αὐτὸς
3275 3619 3569 3677 ὑπόστασις
3608 3607 3683 3681 ἦν,
3706 3603 3779 3693 καὶ

2260 3714 2360 3778 τὰς
2406 3691 2572 3768 αὑτοῦ
2628 3712 2868 3782 φυσικὰς
2920 3709 3225 3781 ἐνεργείας,
3254 3702 3332 3762 ὧν
3371 3707 3529 3770 αὐτὸς
3546 3691 3782 3765 ἒνωσῑςῆ*

2261 3805 2495 3877 ἀληθὴς,
2528 3806 2649 3859 κατ’
2671 3803 2841 3876 ἄμφω
2864 3802 2965 3866 τὰς
2996 3802 3191 3871 φύσεις
3221 3816 3234 3830 ·
3264 3799 3431 3871 εἴπερ
3458 3793 3622 3864 ἑαυτῷ
3647 3802 3778 3877 πρωΐ

2262 3873 2440 3966 φυῶς,
2471 3873 2793 3967 μοναδικῶς,
2823 3894 2993 3966 ἤγουν
3032 3891 3303 3956 ὲνοειδῶς,
3341 3887 3593 3961 ἐνεργῶν,
3618 3882 3696 3934 καὶ
3710 3873 3780 3930 διὰ

2262 3987 2482 4042 πάντων
2526 3985 2850 4057 ἀχωρίστως
2898 3986 2965 4056 τῇ
3018 3983 3174 4055 θεῖκῇ
3202 3983 3435 4054 δυνάμει
3469 3970 3777 4043 συνεκφαίνων

2260 4081 2361 4151 τῆς
2408 4079 2619 4141 οἰκείας
2663 4078 2867 4148 σαρκὸς
2905 4077 3005 4149 τὴν
3054 4076 3361 4147 ἐνέργειαν.
3392 4071 3566 4144 (112
3594 4066 3639 4134 δ)

2261 4148 2371 4242 γάρ
2409 4169 2562 4225 ἔσται
2594 4169 2755 4238 φύσει
2778 4169 2939 4236 Θεὸς,
2964 4148 3069 4223 καὶ
3096 4167 3259 4237 φύσει
3292 4165 3456 4220 πάλιν
3489 4148 3775 4230 ἄνθρωποςό

2261 4262 2442 4329 αὑτὸς,
2471 4261 2571 4315 οὑκ
2624 4260 2763 4331 ἔχων
2809 4259 3115 4323 ἀνελλιπῶς
3145 4260 3190 4291 ¹⁶
3218 4258 3281 4313 τὺ
3314 4257 3476 4329 φύσει
3518 4249 3626 4307 κατ’
3647 4244 3776 4331 ᾶμφφ

2263 4354 2505 4423 πεφυκός
2541 4371 2557 4420 ς
2595 4330 2660 4407 Τί
2678 4330 2749 4407 τε
2780 4354 2878 4407 καὶ
2904 4352 2991 4417 τίς
3024 4352 3288 4423 ὑπάρχων
3324 4347 3686 4420 γνωσθήσεται,
3716 4330 3772 4423 μὴ

587 4459 673 4500 ras
697 4422 937 4512 Christi,
959 4462 1190 4515 quarum
1221 4422 1337 4517 ipse
1371 4422 1448 4502 sit
1482 4447 1814 4519 hypostasis,
1844 4456 1959 4503 tum
1991 4449 2156 4505 etiam

2262 4422 2627 4517 πιστούμενος
2685 4439 2769 4510 οἷς
2818 4445 3044 4516 ἐνήργει
3105 4422 3353 4515 φυσικῶς
3406 4444 3536 4510 ὅπερ
3590 4431 3684 4487 ἐστὶ
3716 4422 3775 4519 ph

584 4536 862 4592 naturales
886 4538 1253 4607 operationes,
1288 4553 1519 4608 quarum
1548 4553 1673 4593 vera
1705 4538 1820 4609 ipse
1845 4546 1928 4594 est
1955 4539 2157 4606 unilio,

586 4627 886 4684 secundum
931 4636 1223 4699 utramque
1268 4637 1542 4689 naturam.
1587 4629 1632 4684 si
1679 4645 1870 4684 verum
1909 4631 2041 4685 illud
2090 4632 2163 4687 sit

584 4717 730 4788 quod
774 4718 881 4775 sibi
920 4719 1025 4789 ipsi
1069 4729 1455 4790 congruenter,
1501 4720 1828 4790 simpliciter
1860 4728 1917 4775 et
1954 4722 2163 4778 unifor-

586 4810 748 4865 miter
780 4812 1133 4881 operabatur,
1167 4827 1376 4881 perque
1423 4815 1606 4866 omnia
1638 4813 1800 4873 simul
1844 4823 1899 4869 et
1942 4814 2163 4885 insepa-

582 4901 834 4959 rabiliter
857 4904 1256 4960 demonstravit
1290 4920 1399 4959 una
1434 4919 1559 4958 cum
1600 4904 1785 4959 divina
1812 4906 2017 4962 virtute
2050 4923 2164 4963 sum

584 4994 766 5049 carnis
802 4996 1199 5065 operationem.
1244 4993 1348 5062 Qui
1379 4995 1525 5050 enim
1566 5009 1696 5049 vere
1728 4995 1894 5061 Deus,
1942 5004 1998 5050 ot
2031 5012 2162 5052 vere

586 5083 752 5137 homo
784 5099 906 5141 esse
933 5095 1138 5156 posset,
1165 5087 1210 5142 si
1239 5094 1455 5143 careret
1482 5102 1549 5143 eo
1575 5086 1723 5157 quod
1753 5095 2044 5159 utramque
2069 5104 2162 5143 na-

588 5181 764 5227 turam
792 5190 921 5231 vere
949 5177 1271 5233 constituit?
1298 5180 1470 5234 Porro
1496 5178 1651 5249 quid,
1684 5194 1890 5249 quasso,
1919 5187 2016 5234 aut
2038 5179 2164 5249 quis

570 5276 709 5318 esse
755 5267 1195 5335 existimabitur,
1245 5269 1290 5323 si
1342 5285 1441 5340 per
1488 5269 1767 5325 naturales
1815 5270 2163 5341 operationes

2267 4538 2606 4610 τρεπόμενον
2636 4554 2651 4603 ;
2683 4536 2800 4602 πῶς
2845 4536 2901 4591 δὲ
2953 4537 3289 4591 πιστῶσεται
3317 4537 3361 4567 ¹¹
3389 4532 3508 4589 καθ’
3529 4529 3581 4583 έν
3619 4521 3708 4578 τῶν
3727 4514 3772 4610 ἐξ

2264 4605 2364 4694 ὧν,
2403 4605 2463 4683 εν
2501 4626 2582 4693 οἷς
2627 4646 2687 4684 τε
2727 4629 2824 4682 καὶ
2868 4626 3014 4700 άπερ
3052 4628 3202 4681 ἐστὶν
3230 4626 3485 4699 ἀκίνητος
3518 4619 3668 4693 μένων
3702 4605 3771 4661 καί

2265 4721 2624 4793 ἀνενέργητος
2653 4737 2667 4785 ;
2715 4719 2890 4791 Ὑπὲρ
2932 4719 3122 4774 οὑσίαν
3161 4719 3256 4773 οὖν
3284 4716 3537 4785 οὑσιώθη,
3564 4705 3769 4779 γενέσεως

2264 4812 2439 4885 ἀρχὴν
2461 4814 2556 4865 καὶ
2578 4812 2886 4883 γεννήσεως
2908 4810 3101 4882 ἑτέραν
3127 4813 3194 4881 τῇ
3225 4794 3768 4885 φύσειδημιρυργήσας,

2270 4878 2601 4974 σὺδίληφθεὶς
2636 4878 2742 4973 μὲν
2768 4904 2945 4973 σπορᾷ
2982 4878 3083 4975 τῆς
3126 4878 3338 4964 οῖκείας
3382 4878 3586 4970 σαρκὸς,
3606 4878 3767 4975 τεχθεὶς

2267 4995 2323 5048 δὲ
2353 4968 2590 5066 σφραγὶς
2611 4968 2711 5064 τῆς
2740 4968 3048 5066 παρθενίας.
3063 4996 3130 5065 τῇ
3150 4992 3385 5065 τεκούσῃ
3408 4968 3679 5061 γενόμενος’
3698 4968 3765 5066 ξαὶ

2267 5061 2683 5156 τῶν-’ἀμίκτων
2734 5061 3023 5156 ἐπ”αύτῆς
3064 5061 3129 5117 “vi
3165 5085 3267 5154 τὴν
3320 5061 3591 5152 ἀντίφασιν
3631 5061 3767 5156 δείξξε

2271 5152 2765 5246 συναληθεύουσαν.
2797 5176 2863 5229 Ἡ
2884 5152 2994 5246 γὰρ
3019 5175 3158 5248 αὑτὴ
3185 5152 3278 5229 καὶ
3306 5173 3563 5246 παρθένος
3588 5160 3665 5218 κιὶ
3689 5152 3764 5227 μέν

2267 5286 2395 5340 τηρ,
2426 5268 2823 5339 καινοτομοῦσα
2853 5268 2953 5339 τὴν
2988 5267 3149 5337 φύσιν
3197 5269 3265 5339 τῇ
3298 5268 3499 5322 συνόδω
3524 5258 3616 5315 τῶν
3656 5251 3763 5304 ἀνθ’

1890 5428 2124 5484 ἾΑΙῖΙᾸΞ
2162 5427 2570 5484 LECTIONES.

662 5555 679 5587 ⁸
735 5558 835 5631 τὴν
877 5558 1000 5631 cod.
1040 5559 1182 5631 Gud.
1311 5562 1645 5631 ὑπερουσῖαν
1666 5562 1792 5616 cod.
1828 5561 1969 5619 Gud.

590 5624 680 5711 99-
720 5624 856 5711 .021-
914 5624 1495 5711 ΐ.⁶.μοέρτήσεμενέά;
1516 5631 1632 5711 (ξηι-

2058 5565 2339 5635 ³Ῠὲνείργει
2383 5564 2473 5635 ed.
2498 5564 2631 5635 Gal.
2697 5565 2717 5596 ‘
2743 5565 2795 5635 τί
2824 5564 2946 5618 καθ’
2981 5564 3069 5620 ed.
3116 5565 3236 5622 Gal.

1743 5632 1777 5701 ἢ
1805 5609 1915 5687 οἴη.
1939 5634 2030 5689 ed.
2059 5634 2178 5691 Gal.
2218 5609 2405 5687 ιῖ⁸ὀῧτε
2426 5609 2574 5686 ἔστιν
2602 5634 2949 5690 desideratur
2979 5635 3034 5689 in
3054 5609 3288 5693 chGal.
3367 5637 3388 5669 ⁹
3432 5630 3538 5689 οὔτ’
3563 5609 3757 5680 ἔτι-εστὶν

591 5691 683 5750 ed.
718 5693 836 5751 Gal.
914 5697 956 5730 ¹⁰
982 5691 1315 5763 ἀνελλείπῶς
1345 5699 1431 5755 ed.
1456 5700 1574 5756 Gal.
1651 5703 1689 5734 “
1721 5691 2059 5774 πιστώσηται
2090 5704 2179 5760 ed.
2215 5703 2333 5759 Gal.

3324 5567 3345 5596 ⁸
3396 5564 3487 5618 καὶ
3535 5543 3756 5618 κινουμέΥη

2423 5706 2468 5736 ¹²
2498 5703 2677 5769 αὑτοῖς
2699 5704 2787 5760 cd.
2820 5703 2936 5760 Gal.
