4014 6284
302 362 458 427 1053
1545 362 2063 423 AMBIGUORUM
2105 362 2355 423 LIBER.
3425 369 3563 435 1054

296 477 599 546 κειμένων,
619 474 779 546 εἴπερ
802 475 910 528 τῶν
934 475 1324 544 ἀντικειμένων
1353 473 1619 553 παρθενία
1642 475 1735 528 καὶ
1760 474 1855 543 γὲν

1989 487 2115 527 suas
2145 488 2255 526 non
2298 472 2461 527 faciat
2496 472 2656 528 {idem
2691 475 2897 530 nullam
2928 493 2987 534 se
3020 481 3438 537 conversionem
3465 500 3561 540 su-

292 585 486 633 νησις,
523 562 597 622 ὧν
627 569 691 621 ὲκ
719 567 934 636 φύσεως
974 568 1073 621 οὐκ
1106 568 1172 621 ἄν
1199 585 1278 630 τις
1305 567 1722 637 ἐπινοηθήσεται
1748 566 1872 636 σύμ-

1987 563 2193 618 biisse?
2235 564 2512 633 quomodo
2542 564 2709 619 etiam
2756 565 2918 621 tidem
2950 568 3113 625 faciet
3153 586 3212 627 se
3241 588 3411 627 unum
3441 590 3563 631 esse

292 657 489 721 ϐασις.
520 658 611 710 Διὸ
650 660 745 712 καὶ
792 658 1051 721 Θεοτόκος
1075 657 1289 725 ἀληθῶς
1322 660 1357 728 ἠ
1388 657 1683 728 Παρθένος,
1716 658 1872 727 ὑπερη

1985 669 2053 707 ex
2096 653 2311 707 duabus
2344 654 2578 717 naturis,
2613 655 2658 709 si
2703 656 2826 710 talis
2865 672 2991 711 cum
3023 659 3115 725 sit,
3145 669 3203 714 et
3228 677 3295 716 ex
3339 663 3561 728 talibus,

292 750 462 816 φυῶς
490 750 644 821 δίκην
686 751 893 820 σπορᾶς
923 748 1263 803 συλλαϐοῦσά
1302 766 1359 801 τε
1406 749 1501 802 καὶ
1530 748 1763 800 τεκοῦσα
1793 748 1872 800 τοι

1984 745 2347 800 nihilominus
2376 755 2432 801 ct
2458 747 2577 801 sine
2602 757 2752 801 motu
2779 758 2835 802 et
2858 748 2975 803 sine
3006 751 3325 819 operatione
3348 769 3565 823 perma-

293 841 637 910 ὑπερούσιον
670 842 843 908 Λόγον
875 856 890 870 ⁸
926 842 1159 909 ἐπείπερ
1216 838 1311 892 τοῦ
1353 839 1655 910 σπαρέντος
1698 856 1756 892 τε
1788 838 1872 893 xui

1983 838 2147 890 neat?
2197 836 2375 906 Super
2406 838 2767 892 substantiam
2817 840 2985 911 igitur
3027 842 3424 901 substantiatus
3453 856 3562 911 est,

296 931 708 1001 συλληφθέντος
744 929 947 1001 κυρίως
979 931 1011 1000 ἡ
1043 930 1301 983 τίκτουσα
1327 930 1531 999 μήτηρ.

1984 928 2260 982 fabricans
2293 929 2349 982 in
2392 938 2589 984 natura
2619 947 2823 987 novum
2866 934 3239 1003 generationis
3261 947 3317 991 et
3358 939 3563 992 nativi-

295 1024 437 1078 tatis
467 1022 819 1093 principium.
854 1022 1295 1091 Coneipiehatur,
1330 1029 1385 1075 et
1425 1035 1536 1075 suae
1569 1020 1751 1074 carnis
1798 1019 1912 1089 ipse
1951 1020 2324 1078 rudimentum
2370 1020 2502 1087 fuit;
2561 1022 2909 1088 nascebatur,
2953 1034 3010 1079 et
3059 1026 3298 1096 sigillum
3346 1031 3563 1099 parenti

294 1112 487 1168 factus
516 1122 620 1176 est,
649 1111 998 1181 ostenditque
1034 1127 1097 1166 ea
1129 1112 1293 1165 simul
1316 1127 1445 1166 vera
1469 1126 1590 1165 esse
1621 1127 1742 1181 quae
1801 1120 2028 1181 propter
2089 1112 2586 1167 contradictionem
2632 1114 2775 1169 inter
2843 1130 2903 1170 se
2946 1117 3098 1170 nullo
3133 1117 3298 1172 modo
3327 1134 3561 1177 concor-

293 1209 437 1263 dare
464 1224 625 1278 posse
653 1207 1001 1262 videbantur.
1033 1207 1108 1261 Ea
1150 1207 1266 1277 ipsa
1297 1215 1354 1261 et
1380 1208 1538 1276 virgo
1566 1208 1671 1261 fuit
1694 1216 1751 1261 et
1774 1217 1978 1273 mater;
2015 1208 2271 1262 innovata
2303 1218 2423 1264 erat
2451 1217 2669 1273 natura,
2696 1219 2757 1262 ut
2784 1210 3033 1279 opposita
3102 1210 3247 1266 inter
3306 1228 3366 1267 se
3424 1229 3563 1269 con-

293 1301 636 1365 cordarent;
674 1317 799 1354 nam
834 1300 1085 1370 opposita
1127 1307 1255 1354 sunt
1284 1300 1573 1369 virginitas
1600 1309 1655 1354 et
1682 1309 1893 1370 partus,
1937 1300 1993 1353 in
2023 1309 2220 1354 natura
2288 1300 2485 1355 horum
2522 1301 2707 1354 nullus
2734 1310 2917 1370 potest
2961 1302 3190 1373 intelligi
3233 1318 3559 1360 concursus.

292 1392 651 1461 Quapropter
693 1392 859 1445 etiam
889 1390 1121 1459 Deipara
1152 1405 1281 1445 vere
1328 1390 1433 1444 fuit
1461 1390 1660 1459 Virgo;
1691 1391 2094 1459 supernaturali
2130 1390 2295 1444 modo
2328 1391 2395 1445 ad
2472 1391 2698 1445 seminis
2722 1392 2889 1445 ritum
2950 1393 3205 1462 concepit
3261 1404 3319 1449 et
3348 1397 3565 1466 peperit

292 1483 772 1553 superessentiale
814 1482 1057 1537 Verbum
1101 1502 1115 1535 :
1164 1497 1291 1536 nam
1335 1497 1457 1552 quae
1491 1481 1707 1552 peperit
1749 1480 1897 1536 haud
1936 1481 2105 1537 dubie
2153 1491 2329 1537 mater
2373 1494 2460 1537 est
2492 1484 2612 1555 ejus
2656 1482 2751 1553 qui
2786 1483 2842 1537 in
2908 1498 2972 1538 ea
3018 1493 3171 1539 satus
3204 1486 3309 1540 fuit
3338 1495 3395 1542 et
3423 1504 3560 1543 con-

292 1589 519 1649 ceptus.

372 1671 487 1723 Καὶ
550 1668 690 1738 ὑπὲρ
752 1667 1037 1738 ἄνθρωπον
1088 1668 1312 1737 ὲνήργει
1346 1668 1391 1702 ¹³
1441 1666 1510 1720 τὰ
1559 1665 1872 1737 ἀνθρώπου,

2048 1665 2115 1719 Ει
2144 1681 2308 1735 supra
2336 1666 2709 1721 conditionem
2736 1667 2977 1723 hominis
3001 1684 3064 1724 ea
3088 1685 3210 1739 quae
3233 1680 3363 1724 sunt
3386 1671 3564 1725 homi-

291 1762 418 1815 κατ’
445 1760 623 1829 ἄκραν
662 1759 856 1812 ἕνωσιν
882 1759 1005 1831 δίχα
1039 1759 1244 1829 τροπῆς
1281 1763 1622 1829 συμφυεῐσαν
1665 1760 1880 1819 δεικνὺς

292 1856 367 1924 τῇ
404 1852 563 1923 θεῖκῇ
591 1850 817 1919 δυνάμει
848 1850 947 1921 τὴν
970 1850 1315 1922 ἀνθρωπίνην
1336 1851 1618 1921 ἐνέργειαν
1646 1866 1660 1880 ⁸
1690 1849 1880 1919 ἐπειδὴ

291 1946 392 1999 καὶ
422 1947 460 2015 ἡ
512 1946 674 2013 φύσις
726 1942 1049 2013 ἀσυγχύτως
1096 1942 1357 1995 ὲνωθεῖσα
1377 1946 1442 2013 τῇ
1476 1943 1637 2012 φύσει
1660 1940 1730 1996 δι’
1757 1942 1879 2007 ὅλου

293 2034 747 2108 περικεχώρηκε,
782 2034 947 2104 μηδὲν
974 2033 1240 2087 ἀπόλυτον
1272 2033 1623 2086 παντάπασιν
1653 2031 1875 2101 ἔχουσα,

294 2130 394 2183 καὶ
425 2128 530 2196 τῆς
562 2127 845 2198 ήνωμένης
872 2127 1008 2196 αὐτῇ
1038 2125 1162 2180 καθ’
1190 2124 1492 2177 ὑπόστασιν
1528 2121 1877 2193 κεχωρισμέ-

293 2239 387 2275 νον
435 2219 711 2289 θεότητος.
749 2218 921 2289 ’Υπὲρ
976 2219 1127 2289 ἡμᾶς
1179 2218 1288 2287 γὰρ
1318 2214 1535 2285 ἀληθῶς
1586 2213 1684 2285 τὴν
1718 2213 1878 2283 ἡμῶν

291 2312 493 2365 οὐσίαν
522 2310 805 2373 οὑσιωθεὶς
834 2310 861 2362 6
884 2308 1207 2380 ὐπερούσιος
1234 2307 1407 2375 Λόγος
1438 2305 1644 2375 συνῆψε
1672 2307 1735 2375 τῇ
1764 2321 1877 2357 κα·-

290 2403 531 2469 ταφάσει
552 2401 651 2469 τῆς
673 2401 886 2469 φύσεως
907 2401 1001 2454 καὶ
1026 2399 1134 2453 τῶν
1153 2399 1323 2469 αὐτῆς
1343 2398 1588 2468 φυσικῶν
1612 2396 1792 2467 (113
1819 2396 1872 2464 a)

293 2494 423 2547 καθ’
449 2493 722 2565 ὑπεροχὴν
771 2492 869 2563 τὴν
912 2493 1209 2561 ἀπόφασιν,
1238 2491 1332 2544 καὶ
1388 2490 1611 2559 γέγονεν
1662 2489 1872 2558 ἄνθρω-

293 2603 420 2652 πος,
453 2586 542 2638 τὸν
604 2585 743 2655 ὑπὲρ
809 2584 969 2653 φύσιν
1016 2584 1110 2637 τοῦ
1164 2584 1281 2647 πῶς
1331 2577 1471 2637 εἶναι
1516 2582 1716 2653 τρόπον
1756 2581 1875 2652 ἕχον

294 2677 650 2749 συνημμένον
716 2676 795 2747 τῷ
860 2676 951 2731 τοῦ
1021 2674 1161 2729 εἶναι
1221 2676 1365 2747 λόγῳ
1447 2674 1550 2744 τῆς
1613 2674 1826 2742 φύσεως
1860 2714 1875 2736 ,

293 2772 385 2824 ἴνα
449 2771 545 2825 καὶ
602 2771 698 2841 τὴν
763 2769 923 2837 φύσιν
982 2768 1325 2839 πιστώσηται
1372 2770 1438 2838 τῇ
1495 2766 1601 2820 τῶν
1658 2766 1877 2837 τρόπων

293 2863 604 2931 καινότητι,
640 2862 714 2932 μὴ
760 2861 1060 2933 δεχομένην
1087 2862 1228 2915 κατά
1257 2861 1347 2913 τὸν
1370 2860 1530 2928 λόγον
1561 2858 1867 2923 ἀλλοίωσιν,

294 2958 396 3010 καὶ
426 2955 576 3026 δείξῃ
605 2953 702 3026 τὴν
728 2954 1095 3026 ὑπεράπειρον
1118 2954 1347 3024 δύναμιν
1376 2951 1639 3016 ὡσαύτως
1674 2952 1780 3004 κάν
1807 2953 1871 3023 τῇ

1982 1756 2069 1811 nis
2107 1757 2456 1825 operabatur,
2493 1774 2593 1827 per
2629 1760 3031 1814 exactissimam
3077 1761 3404 1827 unitionem,
3441 1762 3561 1819 sine

1981 1847 2131 1901 omni
2171 1848 2561 1913 conversione,
2598 1864 2698 1917 per
2734 1849 2976 1904 divinam
3022 1851 3327 1920 potentiam
3371 1863 3561 1907 osten-

1981 1938 2118 1992 dens
2145 1938 2441 1993 humanam
2472 1940 2869 2008 operationem.
2894 1941 3353 2011 Quandoquidem
3386 1952 3441 1998 et
3467 1960 3563 1998 na-

1980 2038 2102 2083 tura
2128 2030 2369 2084 humana
2394 2030 2725 2085 inconfusim
2753 2032 2905 2086 unita
2933 2043 3140 2088 natura:
3164 2034 3364 2090 divinae
3391 2043 3561 2091 totam

1980 2124 2448 2189 circumiacessit,
2482 2126 2722 2180 solutum
2770 2126 2907 2180 nihil
2954 2135 3049 2181 aut
3093 2128 3329 2183 divisum
3380 2131 3560 2200 possi-

1979 2218 2117 2273 dens
2157 2234 2189 2272 a
2225 2219 2448 2282 deitate,
2487 2234 2608 2287 quae
2642 2218 2691 2272 ei
2738 2234 2836 2287 per
2879 2218 3198 2289 hypostasin
3242 2222 3395 2275 unita
3433 2221 3557 2275 fuit.

1977 2311 2112 2365 Nam
2141 2326 2243 2380 pro
2272 2311 2433 2365 nobis
2457 2326 2587 2365 vere
2616 2317 2973 2380 nostramque
3000 2312 3364 2366 substantiam
3389 2314 3563 2367 susci-

1978 2401 2139 2471 piens
2170 2402 2409 2457 Verbum
2446 2402 2976 2472 supersnbstantialc
3014 2403 3314 2457 connexuit
3342 2419 3405 2457 ea
3440 2420 3561 2473 quae

1979 2493 2047 2547 de
2088 2503 2285 2548 natura
2327 2494 2690 2558 aﬁirmantur,
2723 2502 2781 2548 et
2817 2510 2881 2548 ea
2924 2511 3044 2563 quze
3082 2510 3179 2563 per
3206 2496 3561 2550 eminentiam

1978 2586 2311 2639 naturalium
2340 2586 2585 2656 ejusdem
2617 2586 2987 2655 potentiarum
3013 2586 3298 2640 continent
3319 2586 3563 2657 negatio-

1979 2691 2126 2730 nem.
2156 2676 2352 2731 Factus
2382 2686 2465 2731 cst
2493 2677 2677 2741 homo,
2708 2678 2802 2731 sed
2834 2678 3056 2731 modum
3086 2678 3307 2733 essendi
3340 2678 3556 2743 habuit,

1978 2769 2072 2837 qui
2095 2776 2348 2822 naturam
2370 2768 2836 2837 supereminebat,
2856 2783 3163 2822 connexum
3188 2784 3313 2822 cum
3339 2767 3559 2824 essendi

1978 2859 2204 2915 modum
2258 2859 2562 2914 secundum
2614 2867 2895 2925 naturam;
2952 2867 3009 2912 ut
3061 2868 3116 2913 et
3163 2867 3450 2925 naturam,
3491 2876 3557 2915 ex

1980 2954 2224 3007 novitate
2249 2952 2479 3007 istorum
2504 2950 2814 3014 modorum,
2839 2966 2947 3004 non
2974 2950 3262 3006 admisisse
3290 2951 3343 3004 in
3369 2967 3559 3007 essen-

291 3050 408 3103 τῶν
440 3018 697 3101 ἐναντίων
731 3018 943 3116 γενέσει
977 3018 1390 3118 γνωριζομένην
1421 3062 1434 3077 ·
1476 3045 1669 3115 ἀμέλει
1720 3018 1871 3110 tam:

1980 3044 2053 3098 tia
2099 3044 2483 3098 alterationem
2531 3042 2883 3104 ostenderet,
2920 3041 3193 3111 simulque
3236 3056 3402 3111 super
3449 3042 3554 3095 im-

293 3146 390 3215 σίᾳ
441 3141 666 3213 γνώμης
716 3141 853 3209 ἔργα
886 3140 927 3173 ⁸⁸
954 3139 1268 3211 πεποιηκὼς
1307 3139 1379 3191 τά
1424 3139 1570 3210 πάθη
1610 3138 1712 3207 τῆς
1769 3136 1871 3206 φύ-

293 3253 462 3298 σεως,
506 3234 621 3287 ἀλλ’
668 3232 767 3304 οὐχ
816 3233 891 3296 ὡς
948 3233 1108 3301 ἡμεῖς
1148 3230 1393 3301 ἀνάγκης
1454 3230 1871 3298 ἀποτελέσματα

292 3326 560 3397 φυσικῆς,
594 3325 829 3394 ἔμπαλιν
856 3324 889 3393 ἢ
920 3325 961 3355 ¹⁸
994 3322 1078 3390 ἐφ’
1108 3322 1265 3392 ἡμῶν
1317 3322 1452 3392 ἔχει,
1482 3321 1541 3374 τὸ
1575 3320 1697 3372 καθ’
1721 3320 1868 3391 ἡμᾶς

291 3417 464 3487 φύσει
497 3414 738 3484 παθητὸν
764 3414 1063 3484 διεξῆλθεν,
1098 3413 1320 3485 ἐξουσίᾳ
1343 3412 1536 3483 γνώμῃ
1572 3412 1617 3443 ⁸³
1649 3410 1872 3481 κινητὸν

291 3508 485 3573 δείξας
508 3509 596 3577 ἐφ’
627 3506 819 3560 ἑαυτοῦ
856 3505 919 3559 τὸ
961 3505 1203 3574 πεφυκὸς
1234 3504 1318 3573 ἐφ’
1354 3502 1513 3573 ἡμῶν
1559 3496 1699 3554 εῖναι
1732 3500 1875 3569 γνώ-

293 3615 412 3669 μης
463 3598 761 3668 κινητικόν.
787 3594 966 3664 Ὅπερ
1001 3596 1112 3656 τοῖς
1144 3592 1269 3661 ἑξῆς
1311 3589 1622 3661 σαφηνίζων
1654 3589 1818 3659 φησὶν
1843 3588 1873 3640 6

290 3690 619 3753 διδάσκαλος
643 3706 657 3721 ο
699 3708 718 3741 ι
764 3689 830 3742 Τί
868 3688 932 3741 ἄν
960 3705 1041 3751 τις
1070 3687 1140 3739 τὰ
1190 3685 1351 3738 λοιπά
1393 3683 1687 3754 πάμπολλα
1742 3682 1872 3737 ὄντα

288 3782 624 3846 διέλθοι;δι’
662 3776 737 3835 ὧν
764 3780 793 3832 6
847 3778 1003 3841 θείως
1053 3775 1194 3847 ὁρῶν
1241 3776 1381 3846 ὑπὲρ
1423 3775 1547 3827 νοῦν
1603 3772 1871 3842 γνώσεται

290 3873 395 3926 καὶ
454 3870 526 3923 τὰ
577 3870 670 3923 ἐπὶ
727 3871 793 3939 τῇ
861 3864 1240 3937 φιλανθρωπίᾳ
1303 3863 1398 3917 τοῦ
1465 3863 1640 3933 Ἰησοῦ
1702 3878 1872 3915 κατα-

292 3963 643 4035 φασκόμενα,
676 3960 904 4030 δύναμιν
961 3957 1298 4029 ὑπεροχικῆς
1356 3956 1687 4026 ἀποφάσεως
1716 3954 1869 4025 ἕχον-

290 4072 388 4109 τα.
430 4073 449 4106 ι
489 4053 571 4106 Τά
598 4053 705 4123 γὰρ
749 4050 850 4119 τῆς
888 4049 1103 4119 φύσεως
1150 4047 1330 4102 πάντα
1362 4048 1499 4119 μετά
1530 4048 1628 4117 τῆς
1654 4045 1871 4116 φύσεως

292 4144 439 4199 κατὰ
474 4143 733 4213 σύλληψιν
763 4141 1001 4213 ἄρρητον
1031 4138 1229 4202 ὑποδὺς
1277 4138 1307 4190 6
1343 4136 1665 4208 ὑπερούσιος
1701 4137 1871 4206 Λόγος

291 4237 450 4290 οὐδὲν
495 4232 641 4304 εἶχεν
686 4231 1023 4302 ἀνθρώπινον
1073 4229 1289 4300 φυσικῷ
1341 4230 1485 4299 λόγῳ
1529 4227 1872 4296 καταφασκόο

1977 3148 2221 3187 mensam
2250 3131 2551 3203 potentiam
2584 3132 2639 3185 in
2671 3130 3076 3185 contrariorum
3106 3130 3397 3185 effectione
3424 3145 3557 3185 eon-

1975 3222 2220 3290 spicuam
2264 3221 2439 3275 daret.
2480 3218 2693 3289 Quippe
2742 3217 2892 3287 quod
2942 3227 3154 3273 natura:
3202 3218 3556 3274 inﬁrmitates

1976 3328 2087 3367 suae
2119 3312 2248 3367 fecit
2281 3311 2484 3366 indicia
2522 3310 2831 3381 potestatis,
2864 3324 2975 3362 non
3008 3310 3357 3364 necessitatis
3391 3320 3555 3364 natu-

1976 3404 2126 3468 ralis,
2160 3412 2220 3457 ut
2256 3411 2385 3457 sunt
2424 3419 2546 3472 qua:
2584 3417 2691 3455 non
2738 3402 3000 3472 gerimus,
3032 3401 3249 3465 eﬂ'ecta,
3285 3416 3555 3471 secusque

1974 3509 2136 3564 quam
2174 3508 2232 3547 se
2267 3493 2432 3547 habet
2466 3492 2521 3546 in
2556 3492 2718 3546 nobis
2753 3500 2964 3545 naturae
2996 3491 3413 3561 passibilitatem
3456 3493 3555 3547 ad—

1975 3583 2330 3639 ministravit.
2361 3583 2517 3650 Quod
2552 3583 2701 3638 enim
2738 3583 2793 3636 in
2829 3582 2991 3637 nobis
3024 3591 3264 3637 nostram
3302 3585 3554 3639 volunta-

1973 3689 2084 3728 tem
2135 3673 2274 3728 solet
2314 3687 2683 3736 commovere,
2722 3671 2813 3725 ille
2861 3672 2916 3725 in
2964 3686 3023 3725 se
3069 3671 3291 3726 nonnisi
3335 3686 3402 3726 ex
3450 3688 3553 3727 suo

1974 3765 2205 3820 arbitrio
2233 3764 2441 3819 moveri
2473 3762 2683 3818 docuit.
2706 3761 2849 3829 Quid
2875 3762 3023 3817 aliud
3052 3763 3188 3817 dicit
3211 3763 3470 3832 magister
3493 3763 3550 3818 in

1973 3855 2364 3926 sequentibus?
2394 3854 2489 3909 ubi
2522 3855 2627 3909 hoc
2656 3855 2836 3924 ipsum
2865 3854 3121 3924 explanat
3146 3872 3160 3908 :
3195 3872 3213 3903 ι
3242 3854 3384 3919 Quid
3418 3870 3551 3909 vero

1974 3956 2168 4002 caatera
2197 3962 2320 4016 qua:
2344 3946 2501 3999 valde
2530 3945 2701 3999 multa
2730 3945 2856 4015 quis
2885 3946 3317 4000 commemoret?
3345 3945 3400 3998 in
3427 3960 3551 4015 qua:

1972 4038 2017 4093 si
2060 4038 2285 4093 divinus
2328 4037 2602 4107 quispiam
2649 4037 2959 4101 intueatur,
2994 4052 3162 4106 supra
3209 4036 3549 4092 intellectum

1973 4129 2244 4200 intelliget
2277 4129 2442 4184 etiam
2480 4143 2544 4183 ea
2583 4144 2705 4198 quae
2740 4127 2810 4182 de
2845 4128 2975 4182 Jesu
3016 4127 3362 4181 humanitate
3399 4126 3548 4183 aﬂir-

1972 4232 2194 4278 mantur
2214 4222 2475 4277 virtutem
2502 4221 2822 4277 excellentis
2847 4221 3155 4291 negationis
3178 4218 3488 4274 continere.
3522 4238 3541 4271 ι

297 4345 486 4397 μενον,
510 4327 537 4379 ὃ
569 4326 643 4396 μὴ
672 4324 764 4377 καὶ
794 4322 936 4375 θεῖον
956 4318 1047 4392 ἦν,
1074 4322 1260 4392 τρόπῳ
1277 4320 1354 4391 τῷ
1379 4320 1518 4390 ὑπὲρ
1549 4320 1711 4388 φύσιν
1735 4320 1870 4373 ἀπο-

1975 4312 2513 4383 Supersubstantiale
2544 4312 2692 4367 enim
2719 4311 2960 4367 Verbum
2986 4311 3171 4365 omnia
3202 4326 3325 4380 quae
3354 4309 3423 4365 ad
3452 4324 3551 4365 na-

294 4419 664 4491 φασκόμενον.
697 4409 799 4472 Ὧν
836 4414 976 4484 ὑπὲρ
1006 4411 1131 4465 νοῦν
1161 4412 1235 4474 ὡς
1265 4410 1653 4471 ἀναπόδεικτος
1692 4409 1869 4479 ὑπῆρ-

293 4527 391 4579 χεν
427 4511 462 4580 ἡ
494 4508 716 4576 γνῶσις,
775 4506 942 4576 μόνην
972 4502 1276 4572 κατάληψιν
1304 4501 1501 4571 ἔχουσα
1548 4501 1647 4570 τὴν
1689 4500 1872 4552 πίστιν

292 4602 405 4654 τῶν
439 4599 679 4670 γνησίως
728 4598 788 4650 τὸ
817 4596 909 4650 τοῦ
957 4592 1194 4664 Χριστοῦ
1246 4590 1625 4660 σεῢαζομένων
1667 4590 1873 4660 μυστή-

296 4710 435 4763 ριον.
468 4685 689 4753 Οὖτινος
718 4689 908 4757 ὥσπερ
935 4684 1255 4738 συνοπτικὸν
1284 4683 1377 4734 τὸν
1399 4681 1555 4748 λόγον
1586 4678 1871 4741 ἀποδιδούς

292 4800 461 4853 φησι-
503 4802 521 4833 ι
560 4780 667 4833 Καὶ
691 4778 819 4848 γάρ,
856 4777 941 4829 ἵνα
973 4775 1283 4836 συνελόντες
1327 4772 1591 4842 εἴπωμεν,
1622 4769 1743 4822 οὐδὲ
1772 4768 1869 4822 ἀν-

294 4880 517 4949 θρωπος
559 4869 647 4943 ἦν,
692 4891 710 4922 ›
744 4872 827 4923 ὅτι
880 4868 1040 4937 φύσει
1088 4868 1187 4936 τῆς
1234 4864 1376 4918 κατά
1418 4864 1579 4932 φύσιν
1624 4863 1869 4929 ἀνάγκης

294 4971 482 5029 ἄνετος
519 4966 559 4996 ’⁷
602 4959 690 5033 ἦν,
729 4961 806 5032 τῷ
837 4961 881 4992 ¹⁸
913 4958 1033 5011 καθ’
1067 4958 1211 5028 ἡμᾶς
1243 4954 1423 5025 (113
1465 4955 1521 5021 ὁ)
1548 4953 1646 5023 οὐχ
1698 4953 1870 5021 ὑπαχι-

294 5060 406 5121 Οεὶς
426 5054 613 5125 θεσμῷ
639 5055 733 5121 τῆς
756 5049 1193 5120 γενέσεως.ιοὑχ
1210 5047 1284 5109 ὼς
1304 5048 1378 5115 μὴ
1400 5044 1702 5114 ἄνθρωπος,
1730 5062 1748 5094 ι
1787 5044 1869 5096 ὄτι

295 5150 418 5203 κατ’
446 5148 632 5201 οὐσίαν
670 5147 797 5214 ὅλην
832 5140 1049 5214 ἀληθῶς
1085 5140 1367 5209 ἄνθρωπος
1416 5133 1505 5206 ἦν,
1553 5136 1713 5205 φύσει
1757 5135 1868 5189 τῶν

297 5242 418 5295 καθ’
441 5241 587 5311 ἡμᾶς
612 5237 855 5306 φυσικῶν
886 5235 1233 5303 ἀνεχόμενος,
1269 5249 1287 5281 ι
1322 5228 1436 5282 ἀλλ’
1468 5228 1543 5289 ὡς
1565 5228 1623 5293 ἐξ
1655 5226 1863 5297 ἀνθρώο

296 5347 434 5385 πων·
481 5348 499 5380 ι
527 5330 759 5395 ἐπείπερ
790 5327 919 5395 ἡμῖν
943 5321 1224 5393 όμοούσιος
1250 5315 1341 5389 ἢν,
1369 5318 1507 5388 ὅπερ
1536 5318 1697 5387 ἡμεῖς
1724 5317 1866 5369 κατὰ

298 5423 460 5491 φύσιν
484 5420 764 5490 ἄνθρωπος
797 5416 892 5479 ὢν,
932 5433 948 5465 ι
978 5412 1283 5483 ἀνθρώπων
1313 5409 1591 5467 ἐπέκεινα,
1632 5427 1649 5458 ι
1688 5407 1867 5460 καινό-

1977 4415 2155 4460 turam
2200 4404 2480 4475 pertinent
2521 4420 2627 4457 una
2672 4418 2797 4458 cum
2843 4410 3040 4456 natura
3085 4400 3141 4454 in
3186 4401 3547 4470 conceptione

1968 4494 2060 4549 illa
2093 4493 2364 4547 ineffabili
2397 4492 2727 4561 suscipiens,
2756 4491 2895 4544 nihil
2926 4490 3119 4544 habuit
3146 4489 3450 4545 humanum
3480 4491 3548 4545 de

1966 4600 2025 4642 se
2071 4583 2429 4647 atlirmatum,
2475 4582 2713 4636 naturali
2763 4582 3005 4645 ratione,
3046 4582 3183 4650 quin
3232 4582 3377 4636 idem
3426 4590 3548 4635 erat

1966 4675 2250 4738 divinum,
2287 4674 2557 4743 modoque
2598 4689 2763 4743 supra
2814 4681 3063 4726 naturam
3110 4674 3298 4741 negari
3342 4673 3543 4741 potuit.

1973 4766 2179 4821 llorum
2205 4766 2450 4819 omnium
2478 4766 2741 4836 cognitio,
2765 4773 2957 4834 utpote
2986 4780 3150 4834 supra
3180 4764 3541 4828 intellectum,

1972 4865 2094 4911 erat
2143 4857 2309 4912 etiam
2360 4873 2525 4927 supra
2577 4856 3136 4919 demonstrationem,
3185 4855 3412 4923 solaque
3458 4861 3545 4908 est

1974 4950 2349 5019 perceptibilis
2376 4948 2480 5003 ﬁde
2508 4964 2697 5003 eorum
2726 4948 2821 5018 qui
2842 4948 3045 5003 Christi
3077 4944 3398 5016 mysterium
3430 4944 3543 4999 sin-

1973 5056 2099 5095 cere
2141 5050 2492 5095 venerantur.
2526 5039 2699 5110 Hujus
2740 5038 2986 5109 mysterii
3034 5037 3303 5090 rationem
3345 5051 3540 5105 quam-

1974 5132 2097 5187 dam
2131 5142 2465 5187 contractam
2495 5132 2720 5186 exhibet
2744 5129 3062 5198 conspectui
3095 5128 3383 5198 Dionysius
3413 5142 3541 5181 cum

1971 5223 2103 5278 dicit
2133 5242 2145 5276 :
2188 5243 2205 5273 ι
2241 5224 2399 5288 Nam,
2429 5231 2489 5277 ut
2513 5223 2827 5276 summatim
2856 5221 3209 5285 dicamus,ne
3227 5220 3391 5274 homo
3419 5218 3541 5289 qui-

1971 5315 2093 5369 dem
2127 5324 2243 5368 erat
2276 5334 2293 5365 ι
2335 5314 2593 5384 quoniam
2622 5329 2688 5368 ex
2720 5322 2917 5367 natura
2944 5328 3040 5367 sua
3069 5313 3251 5367 omnis
3272 5310 3541 5366 naturalis

1972 5407 2313 5461 necessitatis
2351 5421 2544 5473 expers
2584 5414 2729 5470 erat,
2761 5412 2817 5458 et
2852 5420 3018 5474 supra
3060 5405 3232 5475 legem
3275 5400 3537 5457 nascendi

1595 5568 1827 5623 VAltl/E
1859 5566 2261 5624 LECTIONI‘.S.

372 5698 413 5728 "
461 5696 695 5764 ὲνείργει
744 5693 831 5747 ed.
886 5690 1027 5751 Ga‘l.,
1068 5703 1165 5760 pro
1216 5704 1384 5743 more.
1462 5687 1503 5719 "
1538 5686 1784 5751 ἐξουσίας
1837 5684 1968 5753 ἔργα
2000 5682 2089 5735 ed.
2121 5682 2237 5735 Gal.
2274 5681 2427 5762 Unde
2480 5681 2798 5751 corrigenda
2830 5680 2948 5748 ejus
2986 5679 3184 5732 versin.

372 5767 439 5818 id.
486 5766 555 5798 »ι’
587 5764 776 5818 γνώςιη
807 5778 914 5816 non
950 5770 1123 5815 exstat
1176 5760 1230 5813 in
1279 5758 1365 5813 ed.
1401 5757 1517 5813 Gal.
1600 5758 1641 5789 ¹⁷
1667 5754 1905 5818 ἀναίτιος
1926 5752 2017 5807 ed.
2048 5752 2163 5807 Gal.
2250 5752 2291 5783 ⁸⁸
2321 5750 2514 5818 πῳεά.
2544 5750 2685 5815 Gal.,
2718 5752 2861 5818 quod
2902 5748 3158 5803 mendum

1704 5771 1905 5807 ναιτιος
1926 5771 1994 5807 ΘΠ
2006 5793 2017 5804 .
2048 5771 2163 5807 bal.

296 5767 439 5824 Gud.
486 5757 777 5835 »ινγνώμη
807 5778 914 5816 non
950 5757 1123 5815 exstat
1176 5760 1230 5813 in
1279 5758 1365 5813 ed.
1401 5757 1517 5813 Gal.

3281 5675 3325 5706 ιι
3349 5676 3379 5706 ἃ
3408 5675 3483 5706 An;

2274 5681 2427 5736 Unde
2480 5681 2798 5751 corrigenda
2830 5680 2948 5748 ejus
2986 5679 3184 5732 versio.
3281 5675 3325 5706 ”
3349 5676 3381 5745 ἡ
3408 5672 3531 5729 cod.

2250 5752 2291 5783 ’δ
2321 5750 2514 5821 raised.
2544 5750 2685 5815 Gal.,
2718 5752 2861 5820 quod
2902 5748 3158 5803 mendum
3184 5752 3287 5802 est.
