4014 6284
228 330 360 398 1057

1468 324 1989 389 AMBIGUORUM
2030 324 2279 391 LIBER.

3337 334 3476 401 1058

225 449 320 513 τῆς
342 439 624 512 συμφυΐας
656 437 722 493 ‘9.
752 440 845 504 Τίς
870 439 978 509 γὰρ
1002 440 1141 507 ἔγνω
1173 436 1290 500 πῶς
1324 435 1618 507 σαρκοῦται
1650 435 1799 499 Θεὸς,

1906 438 2062 491 novit
2101 439 2379 507 quomodo
2416 440 2561 493 Deus
2601 439 2937 506 incarnatur,
2973 448 3028 495 et
3067 451 3248 496 tamen
3294 454 3480 501 manet

226 536 317 588 καὶ
344 533 501 602 μένει
521 532 690 594 θεόςς
727 531 844 597 πῶς
880 532 1053 601 μένων
1081 530 1216 592 Θεὸς
1249 529 1478 600 ἀληθὴς,
1514 527 1799 598 ἄνθρωπός

228 622 426 695 (ιιι
459 624 521 693 b)
584 624 733 676 ἐστιν
781 622 1034 692 ἀληθήςς
1100 621 1267 690 ἄμφω
1339 620 1553 680 δεικνὺς
1609 619 1799 670 ἑαυτὸν

228 713 443 781 άληθῶς
486 710 721 780 ὑπάρξει
763 714 991 780 φυσικῇ,
1032 710 1126 763 καὶ
1155 709 1221 762 δι’
1256 708 1523 779 ἑκατέρου
1549 708 1798 778 θάτερον,

230 805 320 857 καὶ
355 803 642 874 μηδετέρῳ
684 803 1043 873 τρεπόμενος.
1080 800 1264 854 Ταῦτα
1306 801 1441 870 μόνη
1479 800 1659 861 πίστις
1690 815 1800 867 χω-

231 900 330 968 ρεῖ,
380 898 509 965 σιγῇ
550 895 767 966 τιμῶσα
798 895 890 947 τὸν
922 896 1116 961 Λόγον,
1153 888 1361 955 οὗτινος
1393 895 1459 962 τῇ
1503 890 1664 960 φύσει
1692 890 1800 942 τῶν

226 990 389 1043 όντων
422 988 715 1058 ἐμπέφυκε
769 987 925 1055 λόγος
977 987 1175 1048 οὐδείς.
1211 1005 1229 1036 ι
1266 983 1603 1054 Θεανδρικὴν
1661 1004 1679 1035 ι
1719 983 1799 1045 δὲ,

227 1084 319 1150 οὐχ
344 1080 418 1143 ὡς
459 1079 665 1149 ἁπλῆν,
698 1078 821 1133 οὐδὲ
866 1080 1100 1149 πρᾶγμά
1142 1095 1193 1131 τι
1227 1076 1501 1141 σύνθετον,
1528 1076 1622 1128 καὶ
1649 1075 1682 1147 ἢ
1706 1076 1802 1145 μό-

227 1190 317 1241 νης
358 1171 579 1241 γυμνῆς
629 1171 773 1224 κατὰ
816 1171 976 1239 φύσιν
1023 1170 1313 1239 θεότητος,
1348 1168 1381 1238 η
1431 1168 1597 1237 μόνης
1639 1168 1800 1238 ψιλῆς

229 1267 582 1335 ὑπάρχουσαν
611 1264 1032 1333 ἀνθρωπότητος
1055 1303 1069 1326 ,
1099 1262 1132 1332 ἢ
1171 1260 1410 1329 συνθέτῳ
1444 1258 1605 1329 φύσει
1638 1259 1800 1312 τινῶν

227 1359 400 1426 ἄκρων
451 1356 767 1426 μεταιχμὶῳ
823 1356 1249 1436 προσήκουσαν,
1304 1352 1419 1405 ἀλλ’
1473 1350 1798 1421 ἀνδρωθέντι

227 1448 357 1516 Θεῷ.
394 1448 651 1500 τουτέστι
684 1445 909 1510 τελείως
958 1446 1467 1516 ἑνανθρωπήσαντι,
1525 1456 1799 1514 προσφυε-

231 1541 440 1606 στάτην.
477 1539 604 1591 Οὐδ’
656 1534 724 1591 αὖ
782 1538 944 1591 πάλιν
986 1538 1135 1607 μίαν,
1184 1535 1263 1599 ὡς
1310 1536 1411 1588 οὐκ
1442 1534 1507 1588 ἂν
1540 1534 1584 1566 ⁸⁸
1626 1533 1799 1597 ἄλλως

229 1632 475 1702 νοηθῆναι
526 1650 546 1682 ι
582 1632 680 1701 τῆς
714 1633 910 1700 καινῆς
944 1650 961 1681 ι
1001 1628 1145 1682 καθά
1176 1642 1318 1680 τισιν
1342 1626 1541 1690 ἔδοξεν,
1569 1626 1600 1687 ἣ
1630 1643 1646 1675 ι
1672 1628 1799 1695 μιᾶς

229 1722 545 1793 δυναμένης*
585 1742 606 1774 ι
637 1723 923 1791 ποιότητος
973 1720 1103 1789 γὰρ,
1150 1717 1266 1771 ἀλλ’
1317 1718 1377 1769 οὔ
1425 1717 1719 1785 ποσότητος
1764 1716 1797 1784 η

235 1832 252 1865 ι
295 1813 579 1884 καινότηςο
642 1830 660 1863 ι
717 1812 841 1865 ἐπεὶ
891 1812 986 1864 καὶ
1024 1810 1188 1880 φύσιν
1223 1809 1281 1875 ἐξ
1338 1808 1583 1878 ἀνάγκης
1630 1808 1795 1876 ἑαυτῇ

232 1902 522 1969 συνεισάξει
556 1904 817 1974 τοιαύτην
840 1920 854 1934 ·
916 1901 1078 1973 εἰπερ
1110 1900 1291 1969 πάσης
1348 1898 1565 1968 φύσεως
1614 1899 1740 1968 ὅρος
1770 1899 1799 1949 ό

229 1992 317 2063 τῆς
346 1992 645 2055 οὐσιώδους
680 1991 847 2061 αὐτῆς
874 1989 1155 2059 ἐνεργείας
1188 1986 1495 2055 καθέστηκε
1523 1985 1700 2051 λόγος,
1731 1983 1800 2054 ἣν

231 2081 500 2149 οὔδιπλῆν
542 2080 588 2112 ³⁸
624 2080 768 2133 εἴποι
823 2080 869 2110 ³¹
922 2077 1040 2131 ποτ’
1088 2076 1154 2130 ἂν
1202 2074 1563 2146 τραγελάφων
1608 2072 1800 2141 μύθοις

232 2171 693 2242 φιλοτιμούμενος.
762 2168 888 2232 Πῶς
947 2169 1002 2221 δὲ
1061 2168 1155 2221 καὶ
1210 2166 1402 2220 τούτου
1465 2164 1710 2226 δοθέντος
1771 2166 1799 2215 ό

233 2261 376 2315 τοῦτο
415 2259 686 2331 πεφυκὼς
737 2260 871 2329 μίαν
919 2258 1059 2329 ἔχων
1105 2258 1409 2327 ἐνέργειαν,
1440 2254 1535 2309 καὶ
1591 2252 1799 2324 ταύτην

233 2352 484 2422 φυσικὴν,
532 2352 842 2406 smst
891 2354 958 2420 τῇ
1004 2350 1141 2420 αὐτῇ
1174 2348 1244 2402 τὰ
1293 2346 1547 2417 θαύματα
1588 2345 1684 2398 καὶ
1729 2344 1797 2397 τά

234 2443 388 2515 πάθη,
416 2443 565 2513 λόγῳ
602 2443 822 2512 φύσεως
861 2441 1106 2511 ἀλλήλων
1136 2439 1483 2509 διαφέροντα,
1512 2437 1635 2506 δίχα
1678 2452 1799 2488 στε-

236 2537 426 2606 ρήσεως
453 2533 976 2605 ἐπισυμὸαινούσης
1013 2535 1078 2603 τῇ
1107 2530 1429 2598 ἁπογενέσει
1464 2527 1564 2597 τῆς
1589 2527 1754 2594 ἕξεως
1778 2540 1795 2593 ;

235 2625 384 2680 Οὐδὲν
404 2628 513 2696 γὰρ
557 2625 673 2680 τῶν
701 2625 871 2678 ὄντων
904 2624 1001 2695 μιᾷ
1035 2623 1128 2676 καὶ
1152 2624 1218 2692 τῇ
1251 2621 1389 2691 αὑτῇ
1423 2620 1673 2689 ἐνεργείᾳ
1701 2618 1798 2671 τά-

236 2718 404 2771 ναντεα
433 2718 657 2787 πέφυκε
701 2716 854 2787 δρᾷν,
890 2716 1001 2786 ὅρῳ
1034 2731 1093 2767 τε
1142 2714 1239 2766 καὶ
1266 2712 1409 2781 λόγῳ
1442 2710 1798 2779 συνεχόμενον

237 2810 448 2874 φύσεως.
494 2810 595 2863 Διὸ
647 2810 777 2879 μίαν
828 2806 1013 2869 ἁπλῶς
1058 2805 1091 2875 ἢ
1136 2803 1372 2875 φυσικὴν
1420 2802 1512 2855 ἐπὶ
1561 2799 1797 2872 Χριστοῦ

238 2903 469 2973 θεότητος
500 2903 602 2957 καὶ
633 2901 837 2972 σαρκὸς
868 2899 1156 2969 ἐνέργειαν
1182 2897 1363 2965 λέγειν
1400 2895 1460 2948 οὐ
1506 2894 1686 2964 θέμις,
1718 2893 1797 2945 εἰ·

238 3012 330 3066 περ
344 2998 415 3065 μὴ
437 2995 639 3050 ταυτὸν
666 2995 913 3065 ποιότητι
935 2993 1138 3061 φυσικῇ
1170 2990 1361 3059 θεότης
1379 2988 1472 3041 καὶ
1498 2986 1655 3057 σὰρξ,
1676 2984 1798 3038 ἐπεὶ

1902 528 2081 583 Deus?
2101 531 2382 599 quomodo
2407 539 2625 585 maneat
2649 532 2793 585 Deus
2817 547 2995 595 verus,
3017 543 3071 587 et
3096 550 3258 589 verus
3280 536 3473 601 homo,

1901 622 2198 678 ostendens
2225 638 2283 677 se
2308 639 2437 677 vere
2467 639 2588 678 esse
2616 632 2912 693 utrumque
2944 627 3180 679 naturali
3210 629 3477 684 exsisten—

1903 714 1998 777 tia,
2015 723 2073 768 et
2096 729 2192 783 per
2212 716 2535 769 alterutrum
2561 725 2852 786 utrumque
2880 717 2933 769 in
2960 726 3157 770 neutro
3178 718 3479 774 alteratus?

1904 801 2029 858 Haec
2076 805 2210 859 ﬁdes
2257 808 2371 861 sola
2422 808 2595 876 capit,
2634 808 2854 862 silentio
2894 825 3164 862 venerans
3205 809 3475 878 Verbum,

1901 896 2061 965 cujus
2090 909 2300 952 natura:
2331 900 2481 953 nulla
2517 900 2571 952 in
2605 900 2771 954 rebus
2806 900 3007 954 creatis
3040 902 3219 954 oratio
3254 916 3480 972 respon-

1902 980 2014 1040 det.
2042 987 2399 1059 Θεανδρικὴν,
2434 1014 2449 1037 σ
2489 990 2850 1053 dei-virilem,
2881 1010 2899 1041 ι
2933 990 3163 1055 addidit,
3191 1007 3301 1045 non
3332 987 3478 1062 quod

1902 1078 2171 1149 intelligat
2212 1080 2295 1134 vel
2340 1080 2644 1149 simplicem
2704 1082 3110 1151 operationem,
3172 1085 3256 1135 vel
3300 1084 3479 1152 reipsa

1900 1169 2284 1236 compositam,
2315 1185 2417 1223 nec
2458 1170 2637 1223 adhuc
2684 1185 2805 1224 eam
2845 1187 2965 1239 qum
3006 1170 3175 1225 solius
3211 1173 3480 1241 nudaeque

1900 1262 2046 1311 esset
2080 1257 2329 1323 deitatis,
2358 1270 2452 1315 aut
2486 1261 2657 1315 solius
2689 1270 2745 1315 et
2775 1277 2938 1315 mera:
2971 1263 3357 1331 humanitatis,
3386 1272 3481 1318 aut

1901 1358 2179 1417 postremo
2214 1360 2424 1406 natura:
2456 1354 2744 1424 cujusdam
2779 1356 3116 1423 compositae,
3145 1371 3266 1425 qua:
3300 1356 3480 1410 media

1898 1450 2046 1494 esset
2082 1440 2225 1495 inter
2256 1441 2369 1498 duo
2407 1454 2652 1499 extrema
2690 1463 2703 1499 :
2740 1447 2835 1500 sed
2874 1462 2994 1500 eam
3028 1463 3149 1516 qum
3184 1448 3479 1503 naturalis-

1900 1530 2035 1584 sime
2062 1542 2401 1602 competeret
2428 1536 2542 1590 Deo
2574 1537 2951 1601 inlmmanato,
2979 1536 3082 1592 hoc
3116 1547 3200 1591 est
3228 1538 3323 1607 qui
3355 1554 3480 1610 per-

1898 1619 2041 1674 fecte
2066 1620 2245 1677 factus
2299 1633 2384 1678 cst
2438 1626 2624 1680 homo.
2667 1629 2881 1681 Rursus
2940 1643 3104 1681 unam
3157 1627 3326 1692 dixit,
3367 1640 3479 1682 non

1900 1714 2189 1773 tamen.ita
2219 1728 2281 1769 ac
2308 1716 2353 1769 si
2407 1732 2547 1771 nova
2581 1738 2598 1768 ι
2630 1721 2879 1789 operatio
2903 1735 3009 1774 non
3040 1729 3225 1789 posset
3246 1718 3478 1789 intelligi

1834 1774 1875 1840 Β
1904 1804 2009 1857 nisi
2039 1820 2159 1874 per,
2187 1820 2375 1872 unam,
2411 1829 2428 1859 ι
2463 1819 2522 1863 ιιι
2549 1812 2831 1866 nonnullis
2860 1812 3068 1881 placet;
3103 1828 3228 1867 nam
3255 1811 3322 1867 ad
3346 1827 3480 1882 quae

1903 1892 2132 1959 litatem,
2158 1912 2268 1951 non
2296 1914 2427 1953 vero
2462 1901 2528 1953 ad
2561 1902 2923 1969 quantitatem
2961 1904 3235 1973 καινότης,
3267 1920 3285 1956 ι
3323 1903 3481 1959 inno-

1900 1984 2080 2049 vatio,
2114 2005 2132 2037 ι
2169 1989 2439 2056 pertinet,
2465 1992 2725 2059 quoniam
2762 2002 3015 2047 naturam
3050 1996 3363 2050 necessario
3397 1995 3480 2050 ilo

1901 2075 2056 2131 ducit
2082 2078 2281 2143 talem;
2313 2095 2437 2133 nam
2464 2082 2645 2136 omnis
2676 2090 2884 2137 natura:
2906 2083 3155 2139 deﬁnitio
3180 2087 3387 2155 petitur
3409 2086 3479 2141 ab

1898 2170 2021 2238 ejus
2047 2170 2358 2225 essentialis
2383 2172 2723 2239 operationis
2751 2175 2983 2237 ratione,
3011 2190 3172 2244 quam
3200 2176 3479 2246 duplicem

1898 2272 2020 2313 esse
2053 2275 2121 2314 ne
2157 2260 2203 2314 is
2230 2260 2452 2329 quidem
2487 2263 2686 2317 dixerit
2715 2265 2807 2333 qui
2844 2265 3290 2335 tragelaphorum
3323 2265 3481 2321 fabue

1900 2348 1981 2405 las
2010 2353 2376 2421 amplectitur.
2407 2354 2543 2416 lmo,
2572 2354 2676 2408 hoc
2702 2355 2853 2420 dato,
2885 2357 3009 2411 talis
3032 2358 3125 2427 qui
3157 2358 3342 2423 fuerit,
3372 2374 3479 2413 una

1902 2450 2112 2496 tantum
2154 2445 2497 2513 operatione,
2528 2461 2703 2515 eaque
2746 2448 2983 2501 naturali
3026 2448 3307 2517 praeditus,
3338 2465 3479 2518 quod

1900 2533 2066 2586 modo
2108 2549 2207 2603 per
2240 2550 2363 2589 eam
2406 2542 2462 2590 et
2504 2536 2765 2593 miracula
2803 2548 2859 2592 et
2896 2540 3177 2608 passiones
3213 2540 3477 2606 ostendit,

1901 2640 2137 2694 quorum
2165 2628 2308 2682 ratio
2338 2628 2667 2683 naturaliter
2696 2629 2928 2683 multum
2962 2630 3179 2686 diversa
3213 2641 3317 2696 est,
3346 2633 3478 2701 quin

1902 2714 2122 2769 habitus
2166 2716 2580 2785 corruptionem
2626 2718 2863 2786 privatio
2904 2729 3295 2788 consequatur.
3330 2721 3477 2775 Nihil

1899 2806 2047 2859 enim
2079 2816 2166 2860 est
2196 2806 2344 2876 quod
2378 2822 2485 2861 una
2517 2808 2823 2877 eademque
2851 2811 3171 2878 operatione
3202 2812 3480 2867 contraria

1901 2907 2082 2969 potest
2109 2898 2347 2964 edicere,
2381 2900 2427 2954 si
2467 2910 2685 2953 maneat
2715 2901 2857 2954 intra
2896 2916 3009 2955 suae
3044 2912 3252 2959 natum
3290 2907 3479 2959 termi-

1902 3005 2033 3045 num
2068 3000 2124 3045 et
2152 2990 2440 3045 rationem.
2469 2990 2817 3060 Quapropter
2846 3007 2955 3045 non
2986 3000 3070 3047 est
3101 2993 3180 3047 l'as
3208 2993 3478 3050 allirmare

238 3088 321 3139 καὶ
342 3087 516 3155 φύσιν,
546 3088 651 3141 καὶ
675 3089 965 3157 γενήσεται
993 3082 1191 3152 τετρὰς
1243 3084 1275 3151 ἠ
1306 3079 1491 3151 (115
1525 3080 1580 3179 ιι)
1613 3077 1795 3179 τριάςί

1902 3079 1970 3134 de
2000 3080 2205 3135 Christi
2238 3080 2442 3135 deitate
2473 3090 2528 3134 et
2558 3095 2723 3135 carne
2755 3096 2918 3136 unam
2949 3082 3272 3152 simpliciter
3295 3094 3349 3138 et
3377 3101 3475 3139 tta-

239 3176 357 3229 οὔτε
388 3178 492 3248 γὰρ
514 3178 663 3231 κατά
694 3176 876 3245 φύσιν,
907 3172 1033 3228 οὔτε
1063 3172 1205 3226 κατὰ
1233 3171 1486 3239 δύναμιν,
1520 3168 1644 3223 οὔτε
1675 3169 1795 3222 κατ’

238 3268 517 3339 ἐνέργειαν,
547 3268 748 3337 γέγονε
780 3265 1003 3326 ταυτὸν,
1036 3264 1191 3333 φησι,
1218 3265 1284 3333 τῇ
1317 3262 1480 3331 σαρκί
1508 3261 1574 3315 ³⁸.
1609 3260 1798 3313 Οὑδενὶ

241 3356 331 3428 γὰρ
366 3352 408 3425 ᾧ
465 3358 716 3429 πέιρυκεν
770 3353 911 3409 εἶναι
950 3355 1041 3408 διὰ
1084 3355 1185 3423 τὴν
1237 3352 1368 3421 μίαν
1401 3352 1589 3405 οὐσίαν
1622 3350 1798 3421 Πατρὶ

243 3448 323 3499 καὶ
339 3446 613 3519 Πνεύματι
636 3447 832 3500 ταυτὸν
863 3446 891 3497 ό
928 3444 1075 3504 Υἱὸς,
1104 3442 1293 3511 γέγονε
1322 3440 1517 3492 ταυτὸν
1541 3442 1607 3509 τῇ
1637 3437 1799 3508 σαρκὶ

242 3540 316 3594 διὰ
341 3541 431 3613 τὴν
453 3542 678 3604 ἕνωσιν,
713 3536 817 3592 κᾶν
848 3536 1150 3606 πεποίηκεν
1177 3532 1349 3603 αὐτὴν
1369 3530 1633 3595 ζωοποιὸν
1665 3528 1796 3581 ὲνώο

246 3645 317 3683 σει
339 3634 401 3701 τῇ
431 3631 566 3703 πρὸς
611 3629 796 3695 αὑτὸν,
821 3627 1053 3698 ἔχουσαν
1090 3624 1152 3676 τὸ
1185 3621 1345 3692 φύσει
1384 3621 1599 3693 θνητόν.
1647 3620 1799 3672 Ἐπεὶ

245 3722 325 3773 καὶ
357 3724 595 3793 τρεπτῆς
634 3721 897 3791 ὑπάρχων
934 3715 1277 3786 δειχθήσεται
1311 3712 1548 3783 φύσεως,
1584 3711 1676 3764 καὶ
1700 3711 1799 3782 τὴν

245 3813 409 3866 οὐσίαν
444 3814 539 3886 τῆς
590 3812 792 3883 σαρκὸς
833 3812 913 3873 εἰς
958 3810 1095 3878 ὅπερ
1123 3807 1223 3859 οὐκ
1251 3800 1319 3876 ἧν
1348 3803 1669 3867 ἀλλοιώσας,
1705 3806 1799 3856 καὶ

253 3905 427 3957 ταυτὸν
457 3902 779 3973 πεποιηκὼς
835 3905 900 3973 τῇ
951 3900 1109 3969 φύσει
1154 3898 1253 3968 τὴν
1300 3896 1515 3949 ἕνωσιν.
1548 3895 1659 3965 Τὴν
1690 3894 1798 3965 γάρ

250 3989 543 4066 θεανδρικὴν
601 3993 905 4062 ἐνέργειαν,
942 3990 1016 4051 ὡς
1067 3986 1308 4057 ἀπεδόθη
1372 3986 1677 4055 νοήσωμεν·
1732 3985 1799 4053 ἢν

248 4091 361 4155 ἡμῖν
388 4092 483 4161 οὐχ
517 4089 697 4159 ἑαυτῴ
719 4084 1182 4154 πολιτευσάμενος
1213 4083 1311 4151 τὴν
1335 4080 1497 4149 φύσιν
1530 4082 1639 4141 τοῖς
1658 4078 1798 4148 ὑπὲρ

252 4178 393 4246 φύσιν
428 4184 668 4237 ἐκαίνισε
691 4181 758 4234 ³⁸.
796 4178 1047 4233 Πολιτεία
1088 4177 1197 4245 γάρ
1239 4177 1355 4227 ἐστι
1391 4173 1504 4244 βίος
1539 4171 1681 4225 κατὰ
1710 4171 1799 4224 νό-

255 4285 339 4335 μον
394 4271 605 4339 φύσεως
659 4269 1063 4338 διεξαγόμενος.
1136 4265 1369 4327 Διπλοῦς
1420 4265 1473 4316 δὲ
1512 4261 1587 4315 ὢν
1623 4263 1667 4293 ⁸⁸
1694 4262 1792 4331 τὴν

254 4358 392 4423 φύσιν
417 4363 443 4414 ὁ
470 4362 694 4434 Κύριος,
728 4361 952 4423 εἰκότως
987 4358 1100 4429 βίον
1142 4358 1280 4427 ἔχων
1329 4356 1504 4425 ἐφάνη
1530 4353 1797 4423 κατάλληα

1902 3174 2135 3227 turalem
2166 3173 2566 3242 operationem,
2599 3174 2645 3228 si
2682 3174 2846 3228 modo
2882 3174 3023 3229 idem
3060 3191 3169 3229 non
3206 3177 3273 3230 sit
3308 3192 3477 3246 penes

1900 3264 2219 3333 qualitatem
2273 3268 2578 3320 naturalem
2629 3264 2807 3319 deitas
2858 3274 2912 3320 et
2965 3282 3111 3321 caro.
3165 3266 3278 3322 Hoc
3328 3271 3474 3322 enim

1899 3364 2057 3424 pacto
2080 3363 2137 3408 et
2158 3370 2320 3409 unam
2348 3364 2600 3410 naturam
2626 3354 3038 3421 aﬂirmabimus,
3060 3366 3117 3411 et
3142 3358 3359 3411 trinitas
3386 3357 3479 3413 lict

1899 3445 2260 3514 quaternitas.
2287 3446 2457 3501 Filius
2485 3446 2631 3501 enim
2667 3446 2810 3502 idem
2844 3455 2964 3502 erat
2992 3448 3135 3502 Patri
3167 3457 3222 3502 et
3248 3448 3478 3517 Spiritui

1900 3552 1999 3607 per
2022 3538 2289 3592 unitatem
2320 3539 2594 3603 essentiaa,
2623 3538 2717 3594 sed
2748 3552 2856 3593 non
2888 3540 2992 3593 fuit
3023 3539 3167 3595 idem
3198 3539 3349 3593 carni
3380 3554 3483 3609 per

1900 3629 2182 3695 unionem,
2208 3631 2424 3685 etiamsi
2446 3630 2720 3686 vivilicam
2750 3648 2869 3687 eam
2895 3632 3043 3694 fecit,
3071 3647 3195 3686 cum
3225 3646 3344 3685 eam
3372 3631 3479 3686 sibi

1900 3721 2109 3786 uniret;
2147 3722 2340 3776 habuit
2369 3723 2518 3776 enim
2550 3737 2615 3777 ea
2650 3722 2706 3777 in
2740 3738 2798 3778 se
2830 3724 3008 3777 adhuc
3042 3724 3325 3776 mortalem
3362 3738 3481 3777 sor-

1900 3821 2030 3865 tem.
2059 3812 2125 3865 Et
2149 3812 2264 3880 ipse
2294 3812 2552 3867 Christus
2584 3822 2793 3867 naturae
2823 3812 3102 3867 mutabilis
3126 3812 3294 3867 fuisse
3324 3826 3481 3881 repe

1901 3902 2104 3966 rietur;
2139 3902 2305 3957 etiam
2334 3904 2518 3957 carnis
2547 3904 2844 3959 essentiam
2870 3905 2931 3958 in
2961 3904 3014 3957 id
3044 3904 3192 3973 quod
3220 3918 3329 3958 non
3358 3913 3480 3959 erat

1901 3995 2156 4059 mutavit,
2182 4005 2240 4050 et
2269 3995 2530 4051 unionem
2564 4012 2686 4050 cum
2723 4007 2922 4051 natura
2960 3995 3260 4050 identidem
3297 3995 3482 4050 conci-

1902 4085 2073 4139 liavit.
2096 4085 2527 4141 Consideremus
2548 4088 2696 4141 enim
2722 4086 3051 4141 dei-virilem
3080 4086 3478 4154 operationem,

1901 4175 2079 4243 qualis
2122 4176 2405 4245 apparuit;
2450 4185 2599 4229 certe
2634 4191 2753 4233 nou
2796 4176 2914 4240 sui,
2948 4175 3042 4229 sed
3089 4174 3262 4229 nostri
3304 4176 3483 4244 gratia

1902 4264 1991 4319 hic
2031 4274 2285 4320 versatus
2324 4276 2438 4329 est,
2478 4274 2840 4335 naturamque
2892 4264 2957 4319 ad
3010 4266 3485 4334 supernaturalem

1902 4354 2275 4410 conditionem
2310 4357 2512 4412 evexit.
2542 4357 2659 4412 Jam
2697 4356 2889 4426 politia
2923 4366 3008 4410 est
3040 4357 3147 4409 vita
3177 4354 3484 4411 secundum

252 4447 345 4513 λον,
379 4454 520 4523 νόμῳ
548 4471 609 4507 τε
641 4453 771 4523 θείῳ
814 4454 908 4505 καὶ
954 4448 1303 4520 ἀνθρωπίνῳ,
1347 4447 1487 4500 κατὰ
1524 4445 1720 4498 ταυτὸν
1753 4446 1797 4476 ³⁸

1903 4456 2115 4502 naturae
2149 4448 2299 4517 leges
2334 4448 2618 4513 traducta;
2656 4457 2712 4502 et
2743 4447 2999 4502 Christus
3034 4436 3227 4500 natura
3262 4454 3348 4501 est
3376 4446 3485 4500 du-

254 4538 544 4609 ἀσυγχύτως
573 4542 1108 4613 συγκεκροτημένον·
1143 4539 1327 4592 καινὸν
1366 4538 1460 4590 καὶ
1478 4536 1663 4597 αὑτὸν,
1699 4535 1799 4605 οὐχ

256 4627 319 4689 ὡς
350 4632 498 4699 μόνον
550 4634 699 4700 ξένον
744 4636 857 4695 τοῖς
909 4632 1002 4684 ἐπὶ
1052 4630 1156 4700 γῆς
1211 4630 1305 4682 καὶ
1340 4626 1663 4698 παράδοξον,
1707 4626 1799 4679 καὶ

257 4713 388 4768 οὔπω
427 4724 487 4791 τῇ
526 4721 685 4791 φύσει
741 4720 848 4773 τῶν
882 4720 1055 4773 ὄντων
1084 4717 1503 4786 διεγνωσμένον,
1533 4715 1670 4767 ἀλλὰ
1708 4717 1801 4768 καὶ⁸

259 4811 553 4881 χαρακτῆρα
581 4814 771 4882 καινῆς
797 4812 891 4865 τοῦ
922 4810 1126 4873 καινῶς
1158 4809 1455 4880 βιώσαντος
1496 4805 1798 4877 ὲνεργείιςο

264 4894 351 4948 Ἦν
381 4897 689 4975 θεανδρικὴν
736 4905 893 4973 τυχὸν
927 4903 1366 4973 προσηγόρευσεν
1402 4901 1430 4953 ό
1482 4898 1559 4968 τῷ
1600 4915 1804 4969 μυστη-

262 4985 349 5056 ι-’ίφ
378 4992 540 5065 τούτῳ
579 4998 774 5065 κλῆσιν
830 5000 1121 5065 ἐπινοήσας
1176 4992 1455 5063 ἁρμόδιον,
1507 4992 1591 5043 ἵνα
1655 4989 1806 5060 δείξῃ

261 5076 338 5130 νὺν
367 5085 495 5138 κατὰ
520 5087 614 5158 τὴν
637 5088 948 5160 ἀπόρρητον
978 5086 1174 5139 ἕνωσιν
1206 5084 1302 5151 τῆς
1329 5081 1653 5144 ἀντιδόσεως
1681 5081 1807 5152 τρό-

265 5182 368 5236 πον,
422 5177 534 5231 κατ’
572 5177 888 5251 ἐπαλλαγὴν
931 5179 1003 5231 τὰ
1055 5175 1300 5247 φυσικῶς
1345 5174 1590 5245 ἑκατέρῳ
1651 5174 1808 5244 μέρει

263 5262 343 5313 τοῦ
377 5268 599 5339 Χριστοῦ
651 5272 923 5344 προσόντα
953 5271 1167 5340 θατέρῳ
1196 5266 1587 5337 πεποιημένον.
1633 5266 1805 5335 Χωρῖς

265 5351 349 5423 τῆς
384 5360 631 5431 ἐκατέρου
666 5363 864 5434 μέρους
903 5361 1036 5431 πρὸς
1081 5359 1314 5430 θάτερον
1349 5354 1493 5410 κατὰ
1526 5355 1616 5407 τὸν
1644 5354 1803 5423 φύσει

1904 4540 2029 4608 plex
2058 4555 2072 4592 :
2099 4539 2299 4593 merito
2323 4540 2491 4608 igitur
2514 4540 2681 4593 vitam
2707 4555 2861 4594 suam
2889 4538 3129 4593 ostendit
3153 4536 3257 4606 legi
3284 4536 3487 4591 divina:

1907 4639 1962 4683 et
1989 4630 2095 4700 legi
2128 4630 2380 4684 humanae
2409 4638 2826 4701 congruentem,
2856 4639 2912 4683 et
2940 4629 3007 4683 ad
3041 4638 3332 4695 utramque
3365 4628 3486 4682 sine

1908 4721 2234 4775 confusione
2259 4729 2744 4790 contemperatam.
2770 4721 2918 4775 Nova
2944 4720 3052 4773 vita
3081 4718 3203 4775 fuit,
3226 4734 3337 4771 non
3368 4727 3486 4771 tan-

1910 4821 2029 4866 tum
2059 4812 2334 4882 incognita
2360 4821 2416 4867 et
2439 4814 2579 4867 mira
2604 4828 2797 4868 eorum
2829 4819 3082 4882 respectu
3113 4808 3204 4878 qui
3238 4809 3291 4861 in
3325 4808 3487 4862 terris

1913 4912 2042 4958 tunc
2090 4913 2249 4958 erant
2294 4913 2351 4958 et
2396 4902 2579 4959 adhuc
2630 4920 2814 4959 rerum
2863 4911 3061 4955 natura
3113 4900 3491 4967 incomperta,

1908 5009 2102 5049 verum
2138 4994 2304 5049 etiam
2342 4996 2606 5064 quoniam
2644 4996 2930 5049 character
2959 5002 3079 5047 erat
3112 5006 3266 5045 nova:
3297 4992 3486 5061 cujus-

1908 5083 2036 5138 dam
2070 5085 2430 5154 Operationis,
2463 5088 2582 5157 ejus
2613 5085 2707 5155 qui
2744 5101 2885 5139 novo
2921 5085 3028 5138 ritu
3062 5082 3301 5138 vivebat.
3338 5081 3487 5137 Hanc

1907 5173 2047 5229 forte
2078 5173 2169 5244 qui
2206 5175 2417 5243 primus
2448 5175 2576 5229 huic
2611 5176 2869 5246 mysterio
2902 5173 3323 5245 appellationem
3359 5187 3491 5228 con-

1905 5266 2219 5321 venientem
2240 5267 2587 5337 excogitavit,
2610 5286 2626 5316 ι
2651 5267 2983 5321 dei-virilem
3006 5286 3024 5318 ι
3053 5265 3211 5329 dixit,
3227 5274 3285 5319 ut
3304 5272 3461 5320 osten

1906 5356 2065 5411 deret
2108 5357 2333 5411 modum
2378 5358 2531 5410 illum
2569 5357 3082 5413 communicationis
3127 5357 3181 5410 in
3221 5355 3485 5410 ineffabili

1497 5486 1734 5542 VARle
1776 5488 2179 5546 LECTIONES.

417 5590 707 5654 συμφυειας
754 5588 842 5643 ed.
907 5587 1024 5642 Gal.
1084 5586 1175 5641 Uti
1225 5594 1561 5654 constanter.
1629 5582 1691 5654 _'°
1742 5582 1817 5644 ὡς
1876 5581 1979 5635 κᾶν
2020 5582 2107 5635 ed.
2161 5582 2278 5637 Gal.

2392 5583 2433 5613 ⁸¹
2473 5583 2532 5635 οὐ
2560 5583 2757 5652 διπλῆν
2796 5583 2884 5638 ed.
2921 5582 3036 5636 Gal.
3071 5580 3189 5652 οὐδὲ
3236 5577 3487 5652 πλάστης

273 5648 543 5727 ﬂii-“Gud;
589 5658 629 5688 “
653 5648 784 5727 sirm
812 5656 1058 5727 θάμϐει.
1086 5725 1095 5727 _
1142 5657 1187 5687 ³³
1211 5651 1557 5727 VVerhaODfrs
1580 5652 1688 5727 γὰρ
1705 5682 1877 5727 -_—_—
1909 5678 1982 5690 ——
2008 5655 2070 5723 τῇ
2100 5654 2265 5722 σαρκὶ
2299 5668 2409 5708 non
2439 5648 2760 5722 comparent
2791 5653 2843 5706 in
2868 5653 2955 5708 ed.
2983 5652 3099 5704 Gal.
3157 5650 3201 5681 ”
3230 5648 3485 5715 ὲκαίνησε

277 5714 349 5771 ed.
378 5718 480 5777 Gal.
574 5728 616 5758 ³⁸
636 5729 711 5783 ὢν
743 5714 853 5781 ὀίιι.
884 5727 971 5782 ed.
1004 5725 1122 5781 Gal.

1210 5726 1256 5758 ⁸⁸
1287 5725 1405 5778 κατ’
1438 5723 1601 5775 αὑτὸν
1624 5721 1715 5775 ed.
1758 5720 1877 5777 Gal.
