4014 6284
240 316 401 382 1061
1501 321 2022 383 AMBIGUORUM
2067 323 2318 381 LIBER.
3373 321 3508 386 1062

462 511 701 555 DOMINO
751 512 1216 557 GLORIOSISSIMO
1267 510 1663 563 PIISSIMOQUE
1712 512 1921 556 DIVINA
1974 511 2375 556 PROVIDENTE
2427 510 2625 562 ATQUE
2675 508 3041 551 ΑωυνΑΝτιι
3085 508 3307 554 ϐῐιΑΤῙΛ

1695 655 1838 698 REGI
1874 657 2120 700 KAROLO

578 795 856 840 JOANNES
889 795 1224 838 EXTREMUS
1257 794 1599 837 SERVORUM
1634 796 2011 840 \‘ESTRORUM
2038 795 2414 838 PERI’ETUADI
2444 794 2508 841 ΙΝ
2539 792 2799 837 CHRISTO
2831 791 3110 835 SALUTEM
3131 774 3184 832 ⁸.

318 949 442 1004 Hoc
480 967 608 1021 Opus
641 951 859 1005 Maximi
889 953 1128 1005 monachi
1161 961 1209 1004 et
1234 952 1458 1016 abbatis,
1479 954 1640 1022 quod,
1668 953 2003 1007 sanctissimo
2033 963 2193 1025 atque
2220 955 2520 1008 beatissimo
2551 949 2945 1022 arcliiepiscOpo
2970 948 3164 1019 ngico
3193 945 3270 1017 (a)
3293 947 3500 1000 Joanne

241 1037 590 1108 postulante,
621 1039 685 1092 de
726 1041 1078 1110 quorumdam
1132 1041 1184 1092 in
1241 1041 1569 1094 sermonibus
1627 1041 1912 1094 beatissimi
1945 1042 2181 1112 Gregorii
2212 1042 2438 1112 theologi
2467 1041 2868 1109 Ambiguorum,
2899 1041 2991 1090 hoc
3035 1034 3106 1103 (b)
3135 1042 3210 1087 est
3244 1033 3510 1086 intellectu

236 1127 582 1197 difﬁcilium,
627 1127 1088 1197 explanationibus
1117 1129 1426 1198 composuit,
1473 1129 1537 1181 de
1566 1129 1748 1184 Graeco
1785 1131 1839 1183 in
1861 1130 2111 1182 Latinum
2142 1129 2282 1183 vobis
2317 1128 2614 1198 iubentibus
2637 1127 2810 1188 edidi;
2855 1121 3225 1191 difﬁcillimum
3271 1136 3508 1190 prorsus,

236 1216 702 1269 arthodoxissime
739 1231 942 1286 regum,
979 1215 1186 1270 servulo
1216 1227 1404 1280 vestro,
1433 1215 1685 1270 imbecilli
1717 1217 1870 1270 valde
1893 1219 2052 1270 etiam
2085 1218 2140 1270 in
2178 1213 2405 1279 Latinis,
2436 1213 2602 1267 multo
2629 1214 2796 1282 magis
2833 1213 2886 1264 in
2927 1210 3138 1272 Crtecis,
3166 1208 3396 1261 laborem
3426 1209 3510 1260 in-

231 1303 528 1372 iunxistis.
549 1302 781 1372 Insuper
807 1304 967 1356 etiam
1007 1301 1304 1356 accelerare
1324 1302 1486 1356 veluti
1511 1303 1720 1356 erudito
1746 1304 2016 1374 utriusque
2033 1304 2226 1374 lingua:
2245 1306 2448 1371 citoque
2472 1301 2722 1373 perﬁcere
2737 1299 3058 1368 imperastis.
3088 1295 3189 1350 Sed
3207 1312 3302 1366 pro
3320 1296 3510 1349 viribus
3557 1366 3559 1374 Ι

235 1390 513 1458 ingenioli
552 1393 658 1444 mei
690 1399 736 1443 et
769 1390 1060 1444 acceleravi
1078 1430 1092 1454 ,
1118 1400 1164 1443 et
1195 1391 1370 1444 divina
1419 1391 1639 1444 ducente
1669 1407 1732 1443 ac
1779 1389 2038 1460 largiente
2060 1393 2258 1460 gratia,
2299 1391 2367 1443 ad
2395 1389 2556 1458 ﬁnem
2593 1404 2755 1457 usque.
2780 1386 3019 1457 perduxi.
3041 1383 3301 1437 Fortassis
3331 1390 3510 1436 autem

239 1477 625 1547 qualicunque
645 1479 892 1549 apologia
922 1479 1186 1548 defensus,
1221 1495 1326 1532 non
1358 1488 1467 1532 tam
1497 1480 1685 1532 densas
1707 1478 1956 1532 subierim
1979 1478 2249 1548 caligines,
2280 1479 2381 1532 nisi
2401 1477 2628 1531 viderem
2657 1475 2939 1544 prtefatum
2963 1473 3319 1526 beatissimum
3340 1470 3513 1526 Maxi-

242 1583 405 1619 mum
433 1569 724 1637 stepissime
752 1569 808 1622 in
837 1584 1077 1638 processu
1109 1569 1192 1622 sui
1218 1569 1389 1638 operis
1420 1569 1818 1622 obscurissimas
1849 1567 2168 1620 sanctissimi
2194 1565 2422 1634 theologi
2450 1564 2687 1635 Dionysii
2705 1561 3038 1631 AreOpagita:
3069 1559 3376 1622 sententias,
3415 1575 3510 1612 cu-

234 1653 338 1722 jus
381 1654 696 1723 symbolicos
729 1653 1146 1725 theologicosque
1168 1672 1350 1708 sensus
1373 1672 1540 1725 nuper
1566 1657 1705 1710 vobis
1724 1654 1966 1709 similiter
1973 1654 2277 1724 jubentibus
2299 1651 2573 1713 transtuli,
2598 1651 2977 1713 introduxisse,
3003 1647 3335 1718 mirabilique
3358 1650 3514 1704 modo

241 1739 596 1805 dilucidasse,
622 1743 676 1794 iu
709 1751 917 1796 tantum
939 1750 993 1794 ut
1028 1741 1174 1796 nullo
1213 1743 1364 1796 modo
1399 1744 1693 1797 dubitarem
1720 1744 1952 1797 divinam
1969 1741 2324 1804 clementiam,
2352 1755 2468 1810 quw
2498 1739 2771 1792 illuminat
2807 1736 3112 1791 abscondita
3151 1736 3508 1799 tenebrarum,

241 1843 346 1880 sua
384 1827 640 1896 ineﬁ'abili
668 1829 1002 1897 providentia
1015 1830 1110 1882 hoc
1138 1829 1474 1898 disposuisse,
1503 1839 1559 1883 ut
1586 1845 1647 1882 ea
1673 1829 1887 1899 quidem
1925 1845 2040 1900 qua:
2068 1829 2210 1882 nobis
2238 1827 2467 1881 maxime
2491 1825 2728 1880 obstrusa
2761 1827 2816 1879 in
2852 1824 3116 1895 praedictis
3149 1824 3284 1877 beati
3313 1823 3512 1894 Diony-

241 1914 313 1966 sii
347 1914 523 1978 libris,
559 1924 649 1967 aut
673 1914 770 1968 vix
817 1918 1016 1986 pervia,
1043 1933 1329 1988 sensusque
1350 1926 1554 1970 nostros
1576 1916 1752 1986 fugere
1781 1915 2110 1979 videbantur,
2137 1916 2387 1985 aperiret,
2416 1915 2805 1984 sapientissimo
2828 1913 3050 1983 prwfato
3096 1911 3328 1965 Maximo
3374 1910 3508 1966 luci-

244 2001 474 2054 dissime
509 2002 852 2072 explanante.
883 2004 1127 2075 Exempli
1151 2006 1350 2075 gratia,
1381 2012 1436 2056 ut
1462 2020 1630 2074 pauca
1663 2003 1726 2056 de
1743 2002 1978 2072 pluribus
2007 2002 2198 2066 dicam,
2229 2001 2483 2069 quomodo
2505 2016 2667 2053 causa
2687 1999 2941 2062 omnium,
2960 2011 3077 2068 qua:
3105 1995 3242 2049 Deus
3270 2003 3366 2060 est,
3397 2011 3511 2050 una

245 2089 318 2141 sit
356 2089 592 2159 simplex
619 2107 681 2143 ac
741 2090 1056 2161 multiplex;
1104 2091 1280 2162 qualis
1336 2093 1400 2146 sit
1435 2093 1716 2161 processio,
1744 2091 1800 2144 id
1820 2099 1894 2142 est
1934 2087 2300 2158 multiplicatio
2326 2087 2516 2140 divina:
2545 2087 2794 2139 bonitatis
2838 2101 2930 2154 per
2958 2084 3133 2137 omnia
3167 2098 3283 2153 qua:
3311 2091 3451 2146 sunt,
3475 2100 3509 2137 α

243 2191 467 2229 summa
494 2193 657 2248 usque
686 2177 959 2240 deorsum,
993 2195 1088 2249 per
1122 2179 1422 2250 generalem
1450 2180 1684 2232 omnium
1712 2178 1990 2232 essentiam
2027 2177 2217 2246 primo,
2245 2176 2484 2244 deinceps
2529 2191 2620 2244 per
2643 2189 2838 2243 genera
2873 2170 3294 2243 generalissima,
3325 2170 3509 2223 deinde

246 2277 346 2331 per
382 2279 583 2332 genera
611 2264 966 2334 generaliora,
989 2266 1111 2318 inde
1143 2283 1236 2336 per
1262 2266 1454 2335 species
1473 2264 1806 2336 specialiores
1836 2279 1998 2334 usque
2024 2263 2092 2315 ad
2119 2263 2310 2332 species
2327 2260 2733 2330 specialissimas
2757 2276 2848 2330 per
2868 2259 3185 2329 diﬂ'erentias
3216 2259 3510 2328 praprieta-

245 2358 436 2417 tesque
454 2349 785 2402 descendens.
817 2349 881 2403 Et
914 2353 1127 2415 iterum,
1151 2352 1408 2421 ejusdem.
1441 2352 1629 2406 divina:
1653 2351 1886 2406 videlicet
1927 2350 2195 2412 bonitatis,
2233 2349 2408 2416 qualis
2444 2349 2510 2401 sit
2540 2348 2786 2411 reversio,
2827 2348 2880 2400 id
2913 2354 2988 2399 est
3026 2345 3382 2414 congregatio,
3417 2361 3510 2414 per

244 2436 463 2488 eosdem
495 2435 694 2505 gradus
714 2435 776 2489 ab
805 2435 1016 2503 inﬁnita
1054 2453 1235 2490 eorum
1261 2453 1378 2507 qua:
1399 2445 1522 2491 sunt
1561 2439 1813 2508 variaque
1839 2436 2278 2507 multiplicatione
2304 2450 2466 2499 usque
2495 2434 2564 2487 ad
2593 2432 3039 2502 simplicissimum
3061 2432 3295 2484 omnium
3333 2432 3511 2483 unita-

245 2530 377 2585 tem,
403 2538 524 2591 qua:
550 2523 602 2574 in
638 2523 744 2576 Deo
774 2531 848 2575 est
877 2531 924 2575 et
947 2523 1088 2576 Deus
1111 2532 1207 2588 est,
1236 2526 1311 2578 ita
1339 2533 1394 2577 ut
1419 2535 1469 2578 et
1509 2525 1644 2578 Deus
1677 2526 1855 2578 omnia
1881 2526 1948 2578 sit
1977 2532 2024 2576 et
2063 2523 2239 2574 omnia
2269 2521 2408 2573 Deus
2454 2523 2581 2574 sint.
2621 2520 2690 2574 Et
2720 2519 2978 2590 quomodo
3020 2517 3272 2588 prcedicta
3302 2517 3510 2587 quidem

246 2609 435 2662 divina
474 2609 527 2661 in
554 2611 731 2662 omnia
765 2612 1024 2680 processio
1052 2612 1350 2679 ἀναλυτικὴ
1392 2611 1604 2676 dicitur,
1649 2613 1742 2665 hoc
1769 2620 1843 2663 est
1875 2609 2144 2672 resolutio,
2200 2611 2425 2661 reversio
2454 2624 2576 2662 vero
2613 2607 2826 2671 θέωσις,
2866 2608 2960 2660 hoc
3015 2613 3089 2659 est
3129 2605 3410 2673 deiﬁcatio.
3440 2603 3512 2658 Et

246 2713 350 2765 qua
380 2698 590 2749 ratione
620 2713 738 2767 qua:
797 2706 920 2751 sunt
948 2700 1183 2752 maxima
1208 2697 1670 2769 multiplicatione,
1712 2698 1932 2751 minima
1957 2704 2079 2750 sunt
2102 2696 2325 2760 virtute;
2359 2711 2476 2764 qua:
2505 2711 2623 2748 vero
2647 2697 2865 2749 minima
2895 2692 3350 2763 multiplicatione,
3391 2709 3510 2746 ma-

245 2783 394 2836 xima
429 2783 644 2836 virtute.
674 2781 813 2849 Quid
864 2786 1242 2853 καταφατικὴν
1281 2793 1336 2839 et
1367 2783 1708 2854 ἀποφατικὴν
1733 2785 1829 2837 ἀίει

1929 2783 2227 2851 θεολογίαν,
2257 2784 2312 2835 in
2358 2782 2543 2852 quibus
2587 2783 2817 2835 maxime
2865 2781 3104 2850 praedicti
3135 2779 3273 2834 beati
3307 2779 3508 2851 Diony-

245 2874 311 2925 sii
334 2873 679 2942 Areopagin
715 2873 1126 2943 profundissima
1156 2873 1583 2942 divinissimaque
1621 2871 1941 2924 admiranda
1980 2880 2055 2925 est
2085 2872 2372 2943 disputatio
2398 2872 2423 2924 ?
2453 2870 2626 2936 Quam
2653 2870 2797 2924 clare
2823 2870 3135 2941 pulchreque
3155 2873 3353 2941 aperit,
3377 2887 3508 2941 quo-

245 2959 436 3021 modo,
461 2975 580 3012 cum
601 2959 742 3012 inter
767 2976 824 3015 se
859 2962 1110 3031 apposita:
1132 2959 1384 3030 valdeque
1409 2959 1690 3014 contraria:
1718 2958 2016 3023 videantur,
2046 2959 2115 3012 ad
2151 2977 2317 3012 unum
2348 2969 2527 3013 tamen
2573 2975 2881 3012 consensum
2923 2960 3263 3028 perveniunt,
3297 2967 3354 3011 ut
3385 2959 3509 3012 dum

247 3061 358 3098 una
394 3055 572 3115 neget,
600 3046 772 3100 altera
821 3046 1116 3114 conﬁrmet,
1154 3055 1438 3117 utrumque
1484 3049 1538 3100 in
1575 3057 1803 3116 utraque
1845 3048 2212 3111 contineatur;
2267 3049 2342 3100 ita
2378 3047 2439 3115 ﬁt
2487 3056 2546 3100 ut
2598 3056 2646 3100 et
2685 3046 3030 3117 καταφατικὴ
3081 3063 3183 3100 non
3238 3046 3511 3114 conﬁrmet

249 3133 398 3195 quod
437 3134 750 3202 ἁποφατικὴ
781 3133 1028 3204 abnegat,
1056 3149 1222 3203 neque
1248 3134 1559 3204 ἀποζατικὴ
1583 3134 1800 3203 abneget

1928 3134 1990 3186 od
2035 3135 2379 3204 καταφατικὴ
2414 3135 2664 3204 afﬁrmat.
2693 3132 2761 3187 Et
2785 3149 2888 3188 non
2913 3132 3085 3187 solum
3112 3134 3206 3187 has
3236 3133 3367 3188 duas
3396 3151 3512 3188 ma-

247 3220 430 3274 ximas
460 3219 733 3289 theologia:
766 3228 946 3291 partes
976 3221 1030 3273 in
1067 3220 1194 3282 Deo,
1227 3221 1319 3273 sed
1342 3223 1501 3274 etiam
1533 3222 1588 3274 in
1625 3223 1767 3273 omni
1813 3229 2060 3274 creatura
2097 3239 2208 3275 esse
2250 3223 2693 3292 manifestissimis
2734 3222 2972 3276 declarat
3004 3221 3288 3291 exemplis;
3315 3238 3406 3292 per
3419 3238 3510 3276 eas

250 3322 491 3376 namque
521 3307 730 3360 ordines
757 3307 1042 3361 ctelestium
1076 3307 1422 3360 essentiarum
1449 3316 1495 3360 et
1521 3308 1894 3360 discernuntur
1928 3321 1978 3359 et
2007 3309 2346 3361 ordinantur.
2388 3309 2454 3362 Et
2481 3327 2587 3380 qua
2614 3312 2819 3364 ratione
2852 3309 2993 3363 Deus
3014 3309 3206 3363 dicitur
3230 3325 3433 3362 movere
3461 3317 3512 3364 et

249 3395 473 3456 moueri,
505 3394 630 3446 dum
667 3394 733 3447 sit
754 3395 1096 3448 immutabilis
1124 3411 1140 3456 ;
1173 3404 1219 3447 et
1246 3393 1384 3464 quod
1411 3409 1502 3447 nec
1547 3393 1814 3448 sensibilia
1866 3412 1958 3467 per
1985 3412 2195 3449 sensum
2246 3397 2383 3450 Deus
2416 3400 2631 3456 sentiat,
2673 3414 2765 3451 nec
2817 3396 3168 3466 iutelligibilia
3192 3413 3285 3466 per
3308 3397 3512 3450 intelle-

248 3488 419 3541 ctum,
456 3495 547 3532 nec
567 3479 833 3534 sensibilia
859 3497 953 3550 per
981 3480 1327 3545 intellectum,
1361 3498 1454 3534 nec
1478 3480 1830 3552 iutelligibilia
1879 3500 1971 3552 per
2010 3499 2222 3537 sensum
2241 3524 2255 3547 ,
2283 3484 2373 3537 sed
2409 3486 2585 3537 omnia
2608 3486 2663 3538 in
2683 3485 2893 3538 cateruis
2917 3485 3025 3537 suis
3066 3484 3354 3536 rationibus
3388 3501 3511 3537 con-

252 3565 569 3636 templatur.
603 3567 680 3620 De
700 3569 906 3620 unitate
929 3584 1135 3637 quoque
1163 3570 1326 3621 trium
1362 3569 1668 3624 divinarum
1718 3571 2164 3636 substantiarum,
2208 3571 2373 3642 deque
2421 3573 2582 3625 tribus
2620 3571 2925 3625 substantiis
2959 3571 3148 3624 divina:
3175 3572 3395 3624 unitatis
3423 3589 3510 3625 ve-

253 3651 348 3706 luti
406 3654 772 3722 mystici-mimo
805 3653 1122 3708 mirabiliter
1156 3655 1395 3725 disputat
1424 3658 1677 3721 senario;
1710 3666 1757 3710 et
1801 3658 1970 3712 multa
2019 3660 2148 3722 alia,
2192 3676 2308 3730 qua:
2342 3661 2603 3714 studiosus
2633 3659 2902 3723 prwsentis
2953 3659 3124 3729 operis
3181 3656 3342 3711 lector
3365 3659 3508 3713 inve-

248 3740 380 3792 niet.
419 3739 760 3794 Eusebestate
792 3739 859 3810 (c)
887 3743 1050 3812 igitur
1082 3731 1317 3811 regum,‘
1347 3758 1476 3812 opus
1510 3743 1648 3813 quod
1697 3745 1766 3796 ad
1795 3761 2122 3800 communem
2164 3747 2432 3800 catholica:
2465 3746 2589 3814 ﬁdei
2617 3746 3059 3800 illuminationem
3099 3745 3334 3816 jussistis
3362 3743 3504 3813 ﬁeri,

249 3823 530 3878 altissima:
573 3828 902 3880 auctoritatis
935 3836 1118 3882 vestrae
1144 3828 1338 3892 iudicio
1367 3845 1470 3881 non
1509 3832 1766 3899 respuatis
1791 3831 2027 3885 roborari
2047 3872 2061 3896 ,
2099 3842 2148 3885 et
2181 3834 2319 3885 inter
2357 3833 2553 3886 similia
2581 3849 2728 3898 sonte
2752 3833 3002 3886 doctrina:
3029 3833 3381 3885 instrumenta
3415 3847 3505 3886 re-

246 3913 370 3980 cipi,
401 3930 522 3966 cum
550 3930 612 3966 ex
638 3913 1065 3983 praeclarissimis
1095 3914 1400 3970 ercorum
1432 3916 1657 3985 fontibus
1681 3932 1784 3970 non
1813 3917 2052 3970 dubitetis
2074 3918 2335 3983 derivari;
2367 3919 2422 3971 in
2457 3919 2638 3988 quibus
2662 3919 2707 3971 si
2729 3917 2853 3987 quid
2874 3918 3150 3986 incognitae
3168 3917 3336 3970 adhuc
3357 3917 3501 3971 nobis

249 3997 509 4054 doctrinm
534 4001 855 4065 inveniatur,
886 4001 1188 4054 auctoribus
1211 4002 1334 4071 ipsis
1375 4011 1449 4056 est
1471 4003 1850 4073 deputandum,
1874 4005 1996 4076 quia
2021 4020 2174 4058 nemo
2197 4004 2344 4058 aliud
2376 4005 2432 4059 in
2463 4006 2557 4059 hoc
2586 4021 2740 4074 opere
2763 4012 2897 4057 recte
2929 4003 3056 4057 mihi
3081 4003 3222 4056 debet
3252 4004 3499 4071 tribuere,

249 4087 348 4139 nisi
375 4085 711 4140 solummodo
742 4087 1052 4159 simpliciter
1080 4087 1430 4142 transtulisse.

751 4227 850 4277 ΕΚ
881 4225 1024 4277 ΤΟΥ
1049 4229 1093 4278 Α
1110 4226 1241 4277 ΥΤο
1259 4227 1312 4279 Υ.

2786 4115 2826 4132 υ

2515 4225 2618 4282 EX
2653 4227 2914 4283 EODEM.

250 4331 408 4400 Πρὸς
448 4333 725 4402 Ἰωάννην
747 4333 1234 4404 ἁρχιεπίσκοπον
1266 4335 1524 4398 Κυζίκου
1561 4325 1829 4410 Μάξιμος

1933 4340 2274 4396 Sanctissimo
2299 4359 2358 4394 ac
2380 4341 2678 4395 beatissimo
2703 4343 3088 4412 archiepiscopo
3115 4340 3286 4412 Cyzici
3303 4341 3500 4398 Joanni

748 4424 818 4476 ἐν
841 4426 1033 4493 Κυρίῳ
1062 4427 1314 4494 χαίρειν.

323 4519 713 4576 Ἐπαινοῦνται
751 4524 870 4594 μὲν,
908 4524 999 4578 καὶ
1032 4525 1193 4596 τυχὸν
1217 4525 1440 4589 δικαίως
1462 4565 1479 4591 ,
1512 4527 1663 4597 παρὰ
1690 4529 1825 4582 πάν-

246 4625 352 4663 των
399 4612 505 4680 τῆς
546 4614 902 4685 φιλομαθείας
947 4615 1134 4669 ἕνεκεν
1173 4618 1221 4670 οἱ
1265 4617 1663 4690 προθυμότεροι
1715 4619 1824 4672 τῶν

250 4703 434 4755 καλῶν
463 4703 690 4774 ἐρασταὶ
717 4707 812 4758 καὶ
833 4705 932 4776 τῆς
959 4708 1044 4760 ἐπ’
1072 4707 1258 4772 αὐτοῖς
1283 4708 1594 4780 ἐπιστήμης
1623 4711 1822 4780 ὲπιμε-
1873 4709 1876 4713 ’

247 4788 408 4860 insui.
437 4796 846 4869 σπουδαιότεροι
873 4801 988 4862 τοῖς
1015 4798 1293 4868 κρείττοσι
1323 4799 1418 4854 καὶ
1440 4799 1549 4853 τῶν
1580 4801 1822 4872 κρειττό-

251 4897 352 4936 νων
383 4883 728 4951 διδασκάλοις
762 4887 1079 4959 προσιόντες
1099 4931 1112 4953 ,
1147 4889 1230 4941 ὅτι
1259 4889 1327 4942 δι’
1357 4891 1680 4962 ἐρωτήσεως
1722 4890 1822 4962 τὴν

251 4971 448 5036 γνῶσιν
474 4973 583 5026 τῶν
610 4976 962 5048 ἠγνοημένων
1010 4980 1105 5031 καὶ
1128 4979 1228 5049 τὴν
1257 4979 1567 5051 ἐπιστήμην
1600 4982 1823 5034 ἀνεπαι-

254 5064 495 5133 σχύντως
550 5066 918 5137 λαμϐάνοντες
981 5072 1121 5142 σφᾶς
1193 5072 1388 5135 αὐτοὺς
1447 5071 1669 5140 ἀγνοίας
1729 5073 1823 5124 καὶ

421 5199 598 5357 ἓξ
614 5201 1236 5357 [ἓξῗὲοιξξιῖἒθίέξυιυε.
1261 5275 1637 5357 NgthScholia
1667 5277 1818 5357 aliud

256 5340 709 5417 opus_est_liujus
750 5340 994 5417 Maiimi.
1037 5345 1259 5417 Horum!
1293 5346 1670 5417 Ambiguorum
1703 5347 1820 5415 ipse

256 5410 504 5463 meminit
530 5410 803 5467 Maximus
838 5429 895 5484 p.
931 5413 998 5468 15
1048 5415 1185 5470 tomi
1219 5415 1261 5470 II
1312 5410 1468 5488 Opp:
1508 5410 1822 5482 editorum;

2142 4431 2410 4484 Maximus
2435 4430 2644 4484 humilis
2675 4433 2958 4484 monachus
2982 4430 3208 4484 salutem
3225 4433 3284 4484 “.

1999 4528 2319 4584 Laudantur
2342 4528 2588 4598 quidem,
2615 4537 2670 4583 et
2689 4528 2943 4582 fortassis
2964 4529 3132 4598 juste,
3152 4529 3222 4582 ab
3243 4530 3500 4585 omnibus

1927 4617 2021 4687 qui
2069 4617 2211 4672 bona
2258 4626 2487 4688 propter
2534 4618 2776 4672 studium
2821 4617 3090 4672 doctrina:
3133 4621 3499 4688 promptiores

1929 4716 2132 4773 amant,
2157 4718 2214 4762 et
2250 4706 2616 4776 disciplinam,
2649 4722 2770 4776 quae
2805 4707 2861 4760 in
2896 4707 2980 4761 eis
3011 4716 3116 4771 est,
3146 4707 3501 4764 sollicitiores

1927 4799 2193 4870 cogitant,
2223 4799 2290 4853 ad
2325 4797 2584 4852 meliores
2609 4806 2666 4852 et
2697 4796 2986 4852 meliorum
3017 4797 3308 4867 magistros
3342 4813 3498 4852 acce-

1929 4891 2143 4953 dentes,
2173 4891 2302 4960 quia
2337 4905 2437 4960 per
2467 4890 2952 4959 interrogationem
2989 4889 3294 4958 sapientum
3328 4888 3495 4944 disci-

1929 4981 2132 5052 plinam
2161 4990 2482 5036 reverenter
2505 4980 2861 5049 accipientes,
2887 4993 2946 5032 se
2975 4978 3122 5046 ipsos
3150 4977 3217 5032 ab
3242 4978 3498 5048 ignoran-

1929 5073 2004 5126 tia
2045 5080 2102 5128 et
2140 5073 2414 5143 imperitia
2451 5081 2508 5128 et
2547 5087 2735 5127 earum
2775 5070 3073 5142 opprobrio
3107 5069 3362 5126 liberant.
3389 5071 3498 5127 Vos

1927 5207 2181 5262 meminit
2204 5208 2455 5270 Photius,
2488 5207 2744 5262 meminit
2762 5205 3032 5261 Baronius
3058 5216 3112 5262 et
3139 5206 3193 5261 in
3209 5207 3497 5264 codicibus

1928 5278 2213 5333 Vaticanis
2243 5278 2454 5334 servari
2493 5285 2749 5330 testatur.
2785 5274 2984 5344 (Gale.)

2001 5347 2070 5419 (c)
2100 5347 2341 5419 |Ead_em_
2363 5362 2528 5400 manu
2569 5346 2621 5419 i_n
2655 5346 3122 5419 marg._scriptum
3149 5347 3327 5419 reperi
3347 5346 3493 5419 APiis-

1927 5415 2077 5470 sime.
2104 5417 2285 5472 Credo
2310 5416 2532 5471 Scotum
2564 5415 2750 5471 Graeca
2785 5415 3093 5481 affectasse,
3134 5426 3192 5470 ut
3227 5415 3380 5470 alibi.
3412 5415 3490 5470 Id.

309 5519 329 5537 ⁶
357 5521 527 5592 Exstat
558 5523 664 5592 lnge
694 5523 903 5592 epistola
944 5525 1077 5592 inter
1113 5509 1276 5591 opera
1315 5527 1516 5592 Joannis
1556 5526 1690 5592 Scoti
1715 5529 1922 5592 (nostra;
1946 5527 2268 5592 ‘Patrologia:
2304 5527 2484 5592 Latina;
2525 5536 2640 5578 tom.
2667 5527 2854 5588 CXX",
2882 5540 2941 5577 ex
2972 5527 3501 5592 recensionetoannts

253 5577 398 5653 Henr.
429 5582 589 5653 Floss,
610 5577 928 5653 Bon‘nensis).
965 5577 1215 5653 prrroiés
1241 5577 1498 5653 utriusque
1523 5577 1755 5641 editionis
1786 5577 2073 5641 collatione
2091 5577 2256 5640 multa
2280 5577 2591 5640 restituimus
2617 5577 2734 5652 qua:
2751 5577 3052 5642 correctoris
3087 5589 3316 5639 Ha'ensis
3339 5600 3490 5638 caecw

257 5648 456 5710 uentum
482 5647 678 5710 oculum
703 5647 948 5710 fugerant.
976 5648 1110 5699 Enn.

307 5703 330 5724 '
371 5706 559 5755 Joanne
583 5709 730 5761 Scoto
751 5703 1047 5772 interprete.

3293 5835 3302 5862 Ι
