4014 6284
488 345 623 415 i083

1655 343 1719 403 S.
1754 341 2039 403 MAXIM]
2078 340 2588 404 CONFESSOBIS

3608 338 3745 404 1064

486 473 672 519 autem
704 462 833 534 quis
864 463 1030 535 digne
1065 460 1305 518 laudarit
1338 459 1555 515 sermo?
1587 468 1686 513 aut
1716 458 1841 528 quis
1878 457 2060 512 homi-

2169 458 2418 529 ἀπειρίας
2444 460 2540 513 καὶ
2567 459 2662 514 τοῦ
2697 462 2819 515 κατ’
2851 458 3023 524 αὑτὰς
3052 458 3287 523 ὀνείδους
3333 456 3746 529 ἐλευθεροῦσα.

488 573 620 611 num
642 596 658 622 ,
688 556 792 614 etsi
825 554 1126 627 diligentiae
1154 554 1594 624 experimentum
1626 550 1936 620 accipiens.
1962 564 2059 603 ve-

487 657 614 705 stra:
636 647 864 702 virtutis
894 644 1328 717 magnitudinem
1358 643 1595 697 idoneus
1621 641 1898 696 inveniet?
1922 638 2060 705 Quia

488 739 812 812 probabiles
834 738 1020 793 ovium
1046 736 1456 791 rationabilium
1481 742 1731 804 pastores
1755 732 1885 786 dum
1917 730 2056 793 sitis,

488 842 548 888 et
570 831 638 886 ad
667 845 973 900 supernum
999 829 1143 883 ovile
1170 827 1397 882 vocibus
1424 825 1620 881 ﬁstulae
1645 821 1944 894 spiritualis
1968 835 2061 875 eas

489 926 696 982 ducere
736 931 793 979 et
831 923 1185 979 introducere
1228 918 1435 981 nostis,
1471 917 1836 987 singularem,
1872 912 2061 969 multis

490 1015 909 1087 impossibilem,
940 1013 1182 1084 mysticae
1215 1008 1530 1065 divinorum
1564 1007 1808 1063 scientia:
1838 1005 2061 1060 habitu-

489 1108 675 1164 dinem
715 1104 1168 1176 praeoccupastis,
1208 1118 1308 1173 per
1347 1115 1513 1172 quam
1552 1097 1758 1154 Christi
1797 1097 2061 1153 Ecclesia

490 1200 642 1270 digni
694 1198 992 1266 ﬁdelesque
1042 1193 1444 1264 gubernacula,
1489 1190 1646 1245 navis
1694 1189 1751 1243 in
1800 1187 2057 1251 modum,

488 1291 834 1361 disciplinate
878 1287 1146 1357 dirigitis,
1178 1302 1306 1341 cum
1351 1298 1520 1339 onere
1564 1282 1719 1346 ﬁdei,
1751 1280 2064 1349 divinisque

489 1379 922 1437 conversationis
946 1379 1144 1432 decore
1170 1376 1238 1431 ad
1269 1385 1489 1445 portum
1514 1374 1716 1429 divinae
1740 1369 2056 1434 voluntatis,

488 1487 589 1542 per
617 1482 771 1525 mare
801 1468 986 1525 Βαθουιί
1016 1466 1416 1523 tentationibus
1447 1466 1697 1519 illaesam.
1735 1464 1809 1517 De
1841 1461 1931 1515 bis
1963 1476 2062 1514 au-

486 1568 621 1624 tem,
653 1572 774 1628 quae
802 1557 962 1612 vobis
989 1555 1210 1626 cognita
1239 1562 1389 1618 sunt,
1417 1567 1655 1623 quorum
1693 1551 1858 1607 etiam
1893 1550 2062 1620 magi-

488 1660 632 1707 stros
653 1660 752 1705 vos
783 1648 1076 1705 conatituit
1098 1647 1385 1710 Dominus,
1414 1661 1525 1700 non
1559 1644 1737 1700 solum
1769 1640 2063 1713 sapientio-

488 1750 612 1805 res,
644 1741 691 1796 si
737 1741 863 1810 quis
916 1737 993 1811 (ά)
1045 1746 1288 1795 vestrum
1343 1744 1428 1792 est
1482 1735 1708 1790 omnino
1758 1732 2061 1789 secundum

2178 549 2353 618 Ὑμᾶς
2388 550 2447 603 δὲ
2484 550 2570 613 τίς
2601 549 2668 604 ἂν
2697 550 2864 618 ἀξίως
2893 548 3201 604 ἐπαινέσειε
3241 549 3431 617 λόγος;
3460 549 3496 620 ἢ
3526 547 3619 607 τίς
3651 548 3749 599 ἁν-

2166 641 2400 713 θρὼπων
2429 643 2533 697 κᾶν
2556 642 2768 716 διανοίᾳ
2796 643 3112 715 περιλαϐεῖν
3141 641 3295 713 ὑμῶν
3306 641 3353 673 ⁸⁸
3379 640 3443 694 τὸ
3484 640 3587 709 τῆς
3614 639 3755 708 ἀρε-

2164 734 2264 802 τῆς
2296 734 2525 805 μέγεθος
2561 735 2746 798 ίκανδς
2776 734 3168 806 εὑρεθήσεται;
3193 734 3316 787 Ὅτι
3340 732 3560 800 δόκιμοι
3590 730 3751 795 101':—

2165 823 2278 879 κῶν
2307 825 2597 895 προϐάτων
2641 825 2897 896 ποιμένες
2927 824 3299 896 ὑπάρχοντες,
3334 821 3434 876 καὶ
3474 822 3617 891 πρὸς
3647 817 3748 888 τὴν

2165 916 2280 971 ἄνω
2311 915 2552 987 μάνδραν
2580 919 2789 985 φωναῖς
2813 914 3073 987 σύριγγος
3098 914 3481 985 πνευματικῆς
3513 912 3755 978 ἀνάγειν

2164 1024 2225 1060 τε
2271 1008 2368 1061 καὶ
2407 1008 2694 1076 ἐπάγειν⁸⁹
2727 1009 2951 1074 εἰδότες,
2992 1004 3080 1061 οἷα
3096 1009 3141 1040 ⁸⁸
3186 1007 3252 1078 δὴ
3297 1006 3399 1075 τῆς
3447 1003 3752 1071 ἀνεφίκτου

2164 1099 2278 1161 τοῖς
2307 1095 2487 1161 ἄλλοις
2517 1099 2631 1152 τῶν
2660 1098 2818 1151 θείων
2862 1096 3133 1168 μυστικῆς
3180 1093 3437 1164 γνώσεως
3482 1091 3586 1161 τὴν
3631 1090 3755 1155 ἕξιν

2167 1187 2592 1259 προειληφότες’
2643 1187 2767 1243 καθ’
2826 1188 2893 1258 ἢν
2951 1190 3051 1257 τῆς
3105 1183 3361 1255 Χριστοῦ
3410 1180 3755 1249 Ἐκκλησὶας

2166 1277 2337 1345 ἀξίως
2371 1278 2779 1349 πεπιστωμένοι
2809 1277 2997 1349 (116
3021 1277 3073 1345 ὁ)
3099 1276 3226 1339 τοὺς
3247 1275 3445 1336 οἴακας
3463 1272 3597 1342 νηὸς
3619 1272 3755 1342 τρό-

2169 1382 2270 1422 πον
2300 1369 2682 1440 ἐπιστημόνως
2724 1369 2957 1430 ίθὺνετε.
3003 1367 3144 1436 μετὰ
3167 1366 3262 1420 τοῦ
3288 1366 3492 1437 φόρτου
3523 1365 3626 1434 τῆς
3656 1363 3754 1417 πί·-

2169 1470 2342 1523 στεως
2366 1459 2586 1530 καὶτῆς
2606 1459 2703 1513 τοῦ
2735 1459 2880 1514 κατὰ
2902 1459 3038 1514 Θεὸν
3070 1459 3187 1529 βίου
3212 1459 3578 1529 εὐπρεπείας,
3611 1456 3754 1527 «pia;

2167 1551 2261 1605 τὸν
2303 1551 2499 1622 λιμένα
2545 1551 2640 1606 τοῦ
2678 1551 2825 1606 θείου
2855 1552 3164 1624 θελήματος
3185 1593 3202 1619 ,
3247 1552 3418 1622 μηδὲν
3456 1550 3575 1604 τῶν
3605 1550 3752 1603 κατὰ

2167 1642 2271 1714 τὴν
2302 1643 2582 1697 θάλασσαν
2611 1643 2704 1697 τοῦ
2740 1642 2854 1713 βίου
2900 1642 3227 1715 πειρασμῶν
3269 1641 3748 1713 παραὸλασεῖσαν.

2169 1729 2306 1801 Περὶ
2332 1728 2441 1783 τῶν
2469 1731 2827 1802 ἐγνωσμένων
2866 1732 3017 1802 ὑμῖν,
3057 1725 3134 1785 ὧν
3173 1730 3269 1785 καὶ
3296 1730 3579 1801 ἐξηγητὰς
3604 1731 3751 1801 ὑμᾶς

491 1824 776 1886 scientiam
812 1828 1089 1898 superior,
1116 1826 1211 1882 sed
1246 1836 1304 1881 et
1333 1826 1488 1879 nullo
1519 1825 1737 1895 dignos,
1761 1833 1819 1877 et
1847 1821 2066 1892 penitus

2169 1821 2505 1891 κατέστησεν
2532 1824 2560 1875 ὁ
2600 1822 2734 1886 Θεὸς
2754 1863 2770 1889 ,
2800 1822 2864 1876 οὑ
2897 1822 3059 1893 μόνον
3086 1822 3214 1886 τοὺς
3241 1821 3594 1894 σοφωτέρως
3611 1860 3629 1887 ,
3668 1826 3749 1878 εἰ·

489 1921 671 1978 omnis
724 1920 1012 1991 imperitos
1054 1918 1353 1981 doctrinae,
1404 1916 1512 1971 ﬁde
1569 1914 1886 1970 inveniendi
1932 1911 2068 1984 quid

490 2014 678 2070 nobile
708 2013 872 2069 etiam
904 2010 1047 2082 apud
1084 2009 1153 2083 (e)
1192 2008 1527 2074 immundos,
1553 2008 1697 2063 sicut
1724 2005 1873 2061 soliti
1906 2004 2065 2069 estis,

495 2104 781 2176 indignum
808 2098 1152 2173 interrogare
1183 2117 1296 2156 non
1321 2099 1544 2155 ducitis.
1567 2098 1645 2154 Ac
1674 2112 1774 2168 per
1795 2097 1903 2151 hoc
1926 2094 2070 2150 acci-

492 2192 652 2263 piens
689 2200 746 2247 et
775 2207 879 2263 ego
907 2186 1281 2246 venerabilem
1312 2197 1552 2245 vestram
1590 2187 1902 2258 epistolam,
1930 2184 2067 2240 scri-

492 2282 623 2340 bere
661 2283 820 2339 vobis
856 2283 1141 2355 iubentem
1180 2282 1248 2337 de
1291 2291 1629 2351 unoquoque
1666 2276 1960 2333 dubiorum
2002 2274 2067 2348 (ο

490 2372 649 2428 vobis
685 2372 1053 2443 capitulorum
1087 2370 1144 2426 in
1177 2369 1356 2426 sancti
1392 2368 1631 2439 theologi
1665 2366 1914 2438 Gregorii
1949 2380 2068 2420 ser-

490 2463 781 2532 monibus,
825 2463 895 2519 de
945 2461 1150 2534 quibus
1203 2460 1449 2517 studium
1497 2461 1801 2523 habebam,
1847 2456 2069 2528 quando

490 2571 617 2612 cum
649 2552 1105 2611 convenientibus
1135 2568 1309 2617 eram,
1337 2551 1606 2608 redditam
1639 2560 1771 2605 tunc
1797 2549 2069 2605 rationem

491 2648 779 2719 scripturae
816 2642 1162 2701 commendo.
1193 2642 1303 2700 Vos
1343 2644 1568 2715 quidem
1610 2641 1810 2697 merito
1845 2637 2071 2694 virtutis

491 2739 724 2795 miratus
771 2753 926 2802 sum,
962 2744 1019 2791 et
1058 2734 1115 2789 in
1162 2728 1276 2806 ipsa
1329 2735 1531 2790 claram
1582 2739 1746 2801 atque
1791 2724 2068 2786 excelsam

490 2829 713 2887 Christo
741 2829 1045 2900 placentem
1080 2835 1318 2881 vestram
1356 2822 1786 2894 hospitalitatem
1819 2818 2065 2885 laudavi,

490 2922 666 2994 magis
694 2936 826 2976 vero
856 2936 955 2991 per
976 2934 1197 2974 omnem
1228 2918 1450 2972 modum
1487 2931 1584 2986 per
1612 2931 1708 2970 vos
1739 2923 1795 2971 et
1823 2908 1880 2968 in
1910 2910 2069 2966 vobis

491 3010 853 3083 gloriﬁcatum
880 3009 1194 3072 Dominum,
1221 3007 1317 3078 qui
1347 3007 1475 3062 fecit
1505 3022 1606 3061 vos
1637 3006 1706 3060 ad
1740 3006 1847 3060 hoc
1875 3003 2070 3074 dignos

491 3103 633 3168 ﬁeri,
658 3103 1025 3171 domitamque
1045 3101 1116 3155 ab
1143 3101 1263 3170 ipso
1282 3100 1564 3165 virtutem,
1590 3098 1684 3168 qui
1711 3100 1827 3152 suis
1854 3094 1928 3167 (g)
1953 3109 2070 3149 ser-

2170 1924 2278 1982 περ
2297 1927 2382 1976 τις
2405 1912 2561 1983 ὑμῶν
2593 1914 2741 1967 ἐστιν
2761 1914 2900 1978 ὅλως
2928 1910 3071 1968 κατὰ
3096 1913 3195 1985 τὴν
3225 1915 3434 1982 γνῶσιν
3452 1914 3745 1987 ἀνώτερος,

2168 1996 2305 2057 ἀλλὰ
2333 2004 2430 2057 καὶ
2458 2005 2586 2068 τοὺς
2626 2005 2854 2075 μηδενὸς
2892 2005 3080 2071 ἀξίους
3107 2006 3203 2060 καὶ
3230 2006 3521 2070 παντελῶς
3549 2008 3749 2072 παντὺς

2167 2095 2432 2167 ἀπείρους
2484 2095 2807 2167 μαθήματος
2830 2136 2846 2159 ,
2879 2098 3064 2151 πίστει
3108 2097 3202 2152 τοῦ
3242 2099 3433 2170 εὑρεῖν
3455 2115 3536 2167 τι,
3568 2097 3747 2163 καθὼς

2168 2187 2396 2242 εἰώθατε
2420 2231 2434 2255 ,
2473 2191 2572 2243 καὶ
2618 2188 2779 2259 παρὰ
2805 2191 2919 2253 τοῖς
2953 2190 3189 2259 ἀσήμοις
3230 2188 3510 2261 ἐπίσημον
3539 2192 3747 2262 ἐρωτᾷν

2166 2274 2267 2349 οὑχ
2293 2280 2512 2350 ἡγεῖσθε
2546 2276 2782 2346 ἀνάξιον.
2806 2278 2898 2332 Διὸ
2925 2280 3082 2347 κάγὼ
3107 2280 3405 2351 δεξάμενος
3431 2282 3537 2354 τὴν
3559 2282 3746 2352 τιμίαν

2169 2366 2323 2439 ὑμῶν
2348 2369 2639 2442 ἐπιστολὴν
2664 2371 2756 2423 τὸν
2790 2370 2920 2442 περὶ
2954 2370 3188 2426 ἑκάστου
3216 2372 3326 2426 τῶν
3354 2373 3745 2444 ἁπορηθέντων

2169 2460 2355 2534 ὑμῖν⁶¹
2391 2461 2702 2530 κεφαλαίων
2732 2458 2790 2515 ἐν
2818 2464 2932 2523 τοῖς
2979 2461 3075 2516 τοῦ
3121 2462 3277 2531 ἁγίου
3322 2460 3632 2535 Γρηγορίου
3656 2463 3744 2518 τοῦ

2170 2550 2431 2623 Θεολόγου
2443 2556 2493 2587 ⁸⁸
2539 2554 2754 2621 λόγοις,
2801 2554 2931 2624 περὶ
2979 2547 3055 2610 ὧν
3101 2552 3537 2627 ἐφιλοπονοῦμεν
3590 2557 3745 2627 ἡνίκα

2171 2648 2268 2699 σὺν
2298 2640 2549 2717 ἀλλήλοις
2577 2640 2722 2716 ἦμεν
2741 2687 2756 2710 ,
2790 2645 3126 2716 ᾀποδοθέντα
3158 2642 3220 2699 τὸ
3247 2645 3562 2717 τηνικαῦτα
3589 2646 3743 2715 λόγου

2170 2732 2358 2807 γραφῇ
2402 2732 2760 2806 καταθεμένῳ
2789 2734 2993 2790 στεῖλαι
3036 2734 3167 2807 ὑμῖν
3212 2735 3575 2801 κελεύουσαν,
3608 2737 3745 2806 ὑμᾶς

2174 2827 2272 2896 μὲν
2301 2826 2529 2891 εἰκότως
2561 2826 2660 2897 τῆς
2694 2825 2897 2897 ἀρετῆς
2928 2825 3219 2898 ἐθαύμασα
3246 2826 3341 2881 καὶ
3366 2827 3471 2896 τῆς
3502 2827 3624 2882 κατ’
3652 2828 3742 2880 αὑ·

2168 2919 2268 2990 τὴν
2316 2917 2752 2992 χριστοπρεποῦς
2798 2917 2954 2989 ὑμῶν
3002 2918 3338 2989 πτωχείας⁸³
3379 2918 3444 2972 τὸ
3495 2920 3743 2990 παμφαὲς

2170 3009 2268 3084 καὶ
2302 3008 2509 3078 ὑψηλὸν
2556 3008 2848 3080 ἁνύμνησα
2870 3049 2885 3074 ,
2937 3009 3138 3079 μᾶλλον
3171 3009 3229 3062 δέ
3273 3010 3368 3062 τὸν
3403 3009 3551 3064 κατὰ
3579 3009 3743 3063 πάντα

2170 3102 2371 3173 τρόπον
2405 3101 2474 3155 δι’
2506 3101 2661 3171 ὑμῶν
2690 3118 2751 3154 τε
2779 3103 2874 3155 καὶ
2899 3102 2956 3154 ἐν
2985 3100 3111 3172 ὑμῖν
3130 3100 3494 3172 δοξαζόμενον
3525 3102 3740 3174 Κύριον,

490 3192 576 3247 vis
600 3165 707 3263 per
719 3202 901 3247 vestra
923 3162 1091 3262 opera
1111 3162 1358 3247 veritatis
1380 3162 1569 3260 aperte
1592 3162 2063 3259 pulchritudinem

2169 3162 2262 3246 τδν
2294 3191 2390 3245 καὶ
2422 3162 2731 3263 ποιήυσαντα
2758 3191 2907 3261 ὑμᾶς
2935 3162 3036 3244 καί
3056 3191 3159 3261 τὴν
3183 3162 3412 3262 τὲρδξτδ
3447 3162 3632 3258 ἀξίους
3661 3162 3745 3244 ab;

492 3284 829 3349 manifestat,
854 3298 1030 3353 usque
1061 3283 1132 3338 ad
1161 3298 1249 3339 me
1282 3296 1535 3352 parvum,
1560 3289 1619 3337 et
1642 3281 1792 3335 nullo
1817 3279 2066 3349 dignum,

491 3383 550 3429 et
594 3373 908 3439 indoctum,
950 3381 1009 3428 et
1048 3373 1199 3428 omni
1251 3372 1461 3427 nudum
1503 3372 1731 3427 omnino
1767 3372 1973 3426 virtute
2014 3379 2074 3425 et

491 3465 747 3519 scientia.
784 3464 863 3519 Ac
906 3480 1006 3534 per
1044 3464 1151 3518 hoc
1196 3464 1517 3520 humiliatos
1560 3461 1950 3526 considerans,
1984 3475 2073 3516 me

495 3556 677 3626 ipsum
705 3555 961 3624 accipere
991 3563 1237 3610 vestrum
1270 3564 1603 3626 praeceptum
1634 3553 1936 3609 secundum
1962 3553 2074 3607 viro

492 3656 668 3701 tutem
704 3646 1102 3716 compuleram,
1129 3645 1261 3700 dum
1294 3646 1351 3700 in
1384 3646 1537 3700 nullo
1571 3644 1899 3700 temerarius
1924 3644 2074 3698 aesti-

495 3738 689 3793 mabor
718 3737 908 3791 multis
937 3737 1107 3791 vestri
1150 3737 1323 3804 gratia
1363 3736 1571 3791 faciens
1608 3750 1943 3798 sermonem,
1975 3733 2072 3788 sed

494 3839 551 3884 et
577 3844 677 3884 vos
704 3835 912 3898 gratam
947 3834 1004 3899 et
1034 3826 1325 3882 amabilem
1357 3826 1727 3882 obaudientia:
1759 3825 2070 3880 mercedem

496 3921 750 3991 accipere
778 3920 1119 3990 exspectanti
1149 3928 1364 3974 vestras
1388 3918 1648 3973 videlicet
1679 3917 1960 3972 orationes
1988 3916 2075 3969 in-

497 4020 676 4067 tentas
700 4018 966 4067 consuete
989 4009 1287 4073 donabitis,
1310 4016 1371 4063 ut
1389 4007 1646 4063 Christus
1668 4006 1954 4070 Dominus,
1977 4003 2072 4075 qui

496 4113 584 4158 est
611 4111 861 4173 paratum
895 4100 1205 4155 timentium
1239 4114 1299 4154 se
1331 4098 1687 4170 adiutorium,
1719 4097 1905 4151 veniat
1935 4095 2071 4149 mihi

498 4194 772 4249 sermonis
797 4193 1047 4264 adjutor;
1081 4191 1253 4263 magis
1279 4200 1460 4247 autem
1485 4190 1720 4245 dicendo
1752 4197 1928 4243 totum
1958 4189 2070 4258 pie,

501 4295 562 4339 ut
605 4285 847 4339 Verbum
898 4283 1165 4353 largiatur
1211 4284 1463 4337 verbum.
1508 4282 1681 4335 Posco
1739 4286 1922 4334 autem
1971 4292 2071 4332 vos

500 4376 866 4448 postulantes,
893 4390 962 4431 ne
992 4387 1239 4431 ornatam
1273 4374 1532 4445 qumratis
1566 4389 1594 4427 a
1631 4388 1717 4427 me
1748 4371 2070 4434 dictionem,

2170 3283 2264 3339 τοῦ
2303 3282 2560 3351 γενέσθαι
2599 3281 2951 3353 χαρισθεῖσαν
2983 3282 3112 3353 ὑμῖν
3141 3282 3377 3352 δύναμιν
3400 3284 3527 3346 ’τοῖς
3557 3282 3745 3338 ἐαυτοῦ

2143 3388 2149 3393 '
2176 3374 2429 3443 ίδιώμασι
2454 3373 2521 3427 δι’
2551 3373 2734 3427 αὑτῶν
2764 3372 2875 3426 τῶν
2888 3374 2934 3405 ⁸⁸
2981 3373 3159 3445 ἔργων
3199 3374 3296 3429 καὶ
3339 3375 3443 3445 τῆς
3493 3374 3748 3444 ἀληθείας

2172 3466 2443 3537 ἀριδήλως
2475 3464 2827 3536 ὼραῖσμένην
2860 3465 3208 3534 ἐκφαίνοντα,
3242 3467 3439 3536 μέχρις
3483 3465 3627 3535 ἐμοῦ
3655 3463 3746 3518 τοῦ

2176 3556 2377 3630 μικροῦ
2408 3556 2502 3610 καὶ
2537 3556 2767 3628 μηδενὸς
2811 3554 2969 3621 ἀξίου
3010 3556 3108 3611 καὶ
3136 3556 3386 3627 ἀμαθοῦς
3428 3559 3531 3611 καὶ
3574 3558 3747 3624 πάσης

2172 3647 2385 3719 γυμνοῦ
2420 3647 2770 3702 παντάπασιν
2797 3648 3002 3718 ἀρετῆς
3025 3649 3122 3701 καὶ
3149 3649 3430 3717 γνώσεως.
3462 3649 3603 3718 Περὶ
3627 3649 3745 3702 τού-

2171 3756 2269 3794 του
2294 3724 2732 3802 ταπεινωθέντας
2764 3738 3039 3809 θεώμενος
3067 3741 3305 3810 ἐμαυτὸν
3328 3739 3387 3794 δὲ
3439 3743 3459 3811 (
3486 3743 3645 3811 117
3673 3739 3743 3810 α)

2174 3830 2576 3896 καταδέξασθαι
2602 3824 2757 3901 ὑμῶν
2780 3830 2844 3884 τδ
2874 3832 3157 3901 ἐπίταγμα
3178 3831 3319 3913 κατὰ
3339 3831 3581 3903 δύναμιν
3605 3831 3746 3885 ἐδια-

2175 3918 2379 3989 σὰμην,
2418 3918 2623 3989 μηδένα
2662 3918 2760 3972 τοῦ
2811 3921 3094 3991 προπετὴς
3122 3919 3443 3990 νομισθῆναι
3471 3922 3592 3984 τοῖς
3620 3919 3747 3972 πολ-

2173 4011 2287 4075 λοῖς
2345 4010 2498 4081 ὑμῶν
2558 4009 2720 4082 χάριν
2780 4011 3153 4082 ποιησάμενος
3211 4010 3405 4080 λόγον’
3468 4008 3611 4064 ἀλλὰ
3657 4010 3749 4063 καὶ

2175 4102 2333 4172 ὑμεῖς
2359 4103 2451 4156 τὸν
2479 4102 2752 4173 προσφιλῆ
2783 4102 2878 4157 καὶ
2899 4104 3169 4174 ἐράσμιον
3194 4102 3292 4172 τῆς
3322 4102 3640 4166 εὐπειθείας
3659 4118 3747 4173 μι-

2177 4194 2303 4247 σθὸν
2343 4194 2653 4248 ἀντιλαόεῖν
2690 4192 3032 4264 ἐκδεχομένῳ
3063 4193 3165 4257 τὰς
3194 4192 3476 4263 ὑμετέρας
3510 4195 3748 4253 ἐκτενεῖς

2176 4287 2341 4356 εὑχὰς
2370 4285 2617 4358 συνήθως
2647 4285 2970 4357 χαρίσασθε,
2995 4285 3145 4348 ὃπως
3186 4284 3426 4356 Χριστὸς
3454 4286 3485 4338 ὁ
3512 4285 3680 4348 Θεὸς.
3716 4285 3749 4352 ἠ

2176 4374 2365 4446 ἑτοίμη
2398 4375 2508 4428 τῶν
2536 4374 2888 4446 φοϐουμένων
2920 4375 3081 4428 αὑτὸν
3115 4375 3370 4444 βοήθεια,
3408 4376 3557 4430 ἔλθοι
3588 4375 3633 4408 ⁸⁸
3665 4393 3751 4446 μοι

497 4469 595 4540 qui
647 4476 909 4522 ornantes
960 4462 1207 4521 auditum
1260 4482 1542 4521 sermones
1591 4480 1705 4520 non
1759 4462 1967 4526 habeo,
2017 4468 2066 4517 el

2175 4465 2253 4537 τῷ
2294 4465 2439 4536 λόγῳ
2471 4465 2789 4537 σύμμαχος,
2825 4465 3027 4535 μᾶλλον
3054 4464 3110 4518 δὲ
3144 4466 3235 4518 τὸν
3274 4465 3369 4518 τοῦ
3414 4465 3604 4534 λέγειν
3636 4468 3752 4521 ὅλον

500 4561 738 4617 curiosis
776 4558 849 4631 (Ii)
885 4558 1103 4614 bombis
1132 4558 1373 4613 ambitus
1407 4557 1585 4612 facere
1620 4556 1832 4628 ignoro.
1859 4554 2066 4610 Talium

2178 4556 2422 4631 εὐσεϐῶς
2454 4556 2530 4621 ὡς
2579 4557 2751 4626 Λόγος
2784 4558 3082 4629 χορηγήσοι
3116 4555 3294 4625 λόγον.
3339 4556 3499 4624 Ἀξιῶ
3530 4554 3591 4612 δὲ
3615 4559 3755 4630 ὑμᾶς

501 4654 652 4709 enim
680 4653 1056 4709 doctrinarum
1090 4651 1221 4706 dum
1253 4652 1357 4705 sim
1392 4648 1630 4714 inscius,
1656 4658 1713 4705 et
1752 4664 1929 4714 curae,
1954 4662 2066 4718 qua

2176 4648 2643 4719 ἐντυγχάνοντας,
2691 4648 2768 4720 μὴ
2817 4649 2916 4718 τὴν
2971 4646 3425 4719 κεκομψευμένην
3475 4648 3755 4722 ἐπιζητεῖν

502 4743 558 4797 in
591 4741 672 4797 eis
704 4750 809 4807 est,
837 4740 1273 4813 magnitudinem
1303 4756 1413 4796 non
1442 4740 1807 4805 constituens,
1836 4739 2066 4795 dilectis-

2180 4740 2315 4813 πρὸς
2364 4739 2499 4813 ἐμοῦ
2545 4740 2712 4806 λέξιν,
2758 4741 2884 4801 τοὺς
2915 4738 3397 4812 περικομποῦντας
3437 4739 3542 4810 τὴν
3590 4743 3756 4811 ἀκοὴν

501 4835 701 4889 simum
732 4850 858 4889 reor
882 4845 1051 4903 atque
1081 4830 1348 4903 optabile,
1369 4831 1417 4885 si
1444 4846 1667 4885 sensum
1699 4826 1881 4900 magni
1912 4828 2066 4899 hujus

2177 4832 2372 4900 λόγους
2428 4829 2530 4886 οὑκ
2585 4830 2820 4902 ἔχοντος,
2858 4830 2952 4884 καὶ
3014 4831 3132 4894 ταῖς
3193 4814 3513 4903 περιέργοις
3569 4833 3758 4901 τομαῖς

499 4933 557 4980 et
582 4925 756 4981 sancti
783 4922 1053 4997 magistri,
1075 4923 1180 4979 etsi
1209 4922 1440 4978 confusa
1468 4921 1871 4991 explanatione,
1890 4928 1949 4975 et
1973 4921 2066 4977 hoc

2179 4921 2627 4993 ἐμπεριηχήτους
2655 4920 2831 4973 ποιεῖν
2860 4917 3204 4988 ἀγνοοῦντος.
3250 4915 3507 4994 Ἀτριόὴς
3533 4919 3645 4991 γὰρ
3687 4918 3759 4974 ὢν

502 5014 904 5085 aliquantulum
946 5012 1373 5076 considerarim,
1410 5028 1519 5066 non
1563 5020 1746 5078 tamen
1785 5011 2066 5082 multiplici

2182 5013 2291 5066 τῶν
2323 5010 2581 5065 τοιούτων
2615 5009 2980 5082 μαθημάτων,
3005 5010 3101 5064 καὶ
3133 5009 3232 5081 τῆς
3271 5010 3358 5064 ἐπ’
3388 5013 3573 5076 αὑτοῖς
3604 5012 3758 5083 μελέ-

503 5120 668 5161 versu
699 5107 1099 5176 expositionem
1130 5103 1563 5161 honoriﬁcando.
1588 5102 1900 5175 Theologus
1929 5103 2066 5159 enim

2184 5121 2284 5176 της
2329 5103 2557 5174 ἄπειρος
2587 5103 2897 5174 τυγχάνων,
2927 5100 3212 5173 ἀγαπητὸν
3238 5100 3483 5174 ἡγοῦμαι
3524 5105 3624 5157 καὶ
3664 5098 3758 5157 ἐπ·-

1814 5214 2051 5273 VARIE
2093 5217 2497 5275 LECTIONES.

559 5308 608 5342 ⁸⁸
630 5308 756 5383 Haec
782 5310 1037 5383 imperite
1064 5313 1232 5369 vertit
1255 5312 1475 5383 Scotus.
1511 5312 1657 5383 quod
1690 5312 1912 5383 cuilibet
1943 5319 2114 5383 patet.
2142 5310 2336 5383 (Cale).
2399 5311 2764 5383 ’δὲ-ιτέινᾶγειν
2804 5311 2894 5366 ed.
2936 5278 3087 5383 Cale
3142 5311 3199 5383 “7
3224 5308 3422 5383 Scottis
3454 5310 3599 5383 male
3636 5309 3761 5381 legit

506 5379 645 5465 οἷαν.
695 5377 906 5465 (Caici).
970 5382 1028 5461 ξι
1078 5385 1212 5453 ἡμῖν
1258 5382 1360 5465 βά.
1651 5384 1701 5465 ἶ
1753 5377 2009 5465 ίξυεολόγὶιυΔ
2054 5377 2355 5465 Ῑξρηγορέου
2395 5380 2498 5465 eti;
2519 5377 2670 5465 ξεί(
2721 5382 2768 5465 ξ⁸
2791 5377 2964 5465 καὶτὸ
2986 5382 3251 5453 παμφαὲς
3287 5380 3407 5437 κατ’
3438 5382 3614 5450 αὑτὴν
3643 5377 3760 5455 χρι-

507 5449 850 5519 στοπρεποὺς
885 5448 1038 5521 ὑμῶν
1066 5448 1339 5523 πτωχείας
1362 5450 1451 5507 ed.
1482 5449 1599 5508 Gal.
1663 5450 1707 5485 “
1728 5450 1832 5506 τῶν
1859 5448 2017 5507 abest
2045 5448 2114 5505 ab
2143 5448 2376 5507 ed.'Gal.
2452 5450 2498 5483 ”
2521 5451 2649 5523 ἔλθῃ
2670 5451 2760 5507 ed.
2794 5448 2912 5506 Gal.

1982 5546 2024 5601 Ν
2079 5542 2214 5601 TE.

689 5629 858 5708 γει-ιο
885 5626 1044 5708 pubis.
1079 5631 1278 5708 (Cale)
1463 5704 1511 5708 _
1555 5705 1566 5708 _
1633 5706 1640 5708 _
2028 5544 2076 5603 Ὁ
2258 5635 2333 5708 (g)
2352 5637 2768 5708 Scotuslegisse
2786 5638 3010 5694 videtur
3027 5639 3201 5700 ἰδίοις,
3219 5637 3368 5707 quod
3389 5636 3755 5708 ineptnde,

600 5628 655 5767 όξ
689 5629 858 5684 Verte
885 5626 1044 5686 vobis.
1079 5631 1278 5705 (Gale.)
2100 5648 2103 5649 '
2258 5638 2310 5706 (g
2352 5637 2768 5707 Scotuslegisse
2786 5638 3010 5694 videtur
3027 5639 3201 5700 ἰδίοις,
3219 5637 3368 5707 quod
3389 5636 3754 5708 ineptude.

578 5626 629 5837 ge
679 5697 861 5754 Credo
886 5700 1093 5783 legerat
1122 5703 1415 5773 ἀσέμνους.
1453 5704 1652 5777 (Gale.)
2209 5779 2221 5790 θ
2256 5635 2333 5777 (In;
2363 5707 2507 5788 Quid
2533 5708 2625 5762 hic
2644 5709 2847 5764 Scotus
2870 5708 3069 5779 legerit
3094 5708 3393 5762 incertum.
3429 5709 3611 5777 Τομαὶ
3628 5705 3754 5775 quid

603 5768 646 5837 ί)
677 5767 820 5837 Lege
843 5770 1009 5825 nobis.
1042 5768 1242 5837 (Gale.)
2178 5786 2290 5833 smt
2323 5778 2563 5837 exnltcat
2595 5776 2974 5837 Hermogenes
3002 5778 3040 5833 Ι.
3092 5793 3153 5837 ιι.
3185 5778 3253 5834 de
3291 5777 3532 5834 Formis.
3560 5775 3751 5837 (Cale).

603 5768 646 5837 ί)
677 5767 820 5840 Ῐδθθε
843 5767 1009 5825 "05'5-
1042 5767 1242 5842 (δεύει)
1381 5767 1384 5768 ν
1461 5767 1471 5777 ’
1632 5767 1645 5776 ’
2178 5767 2290 5833 sint
2311 5767 2563 5848 'exwplicat
2595 5767 2974 5851 HermogenEs
3002 5778 3040 5833 Ι.
3092 5793 3153 5844 ιι,
3185 5778 3253 5834 de
3291 5767 3532 5834 Formis'.
3560 5767 3751 5849 (Cale).
