4014 6284
217 276 381 345 I365

1433 275 2241 343 AMBIGUORUM'LIBER.

3350 280 3487 347 i066

214 391 452 453 ευκτὺν,
477 388 526 442 εί
548 388 648 459 τῆς
668 386 907 449 διανοίας
929 385 1022 441 τοῦ
1048 385 1205 457 ἀγίου
1222 385 1414 439 τούτου
1445 386 1541 440 καὶ
1565 385 1801 457 μεγάλου

1911 389 2009 443 iste
2040 367 2161 451 vir:
2174 386 2316 440 sicut
2347 387 2523 451 scitis,
2550 388 2738 445 brevis
2767 388 3117 445 sermonibus
3145 388 3276 444 dum
3308 389 3402 457 sit,
3427 400 3488 446 et

210 480 582 547 διδασκάλου,
614 478 717 533 κᾶν
745 480 804 531 ὲν
834 477 1029 549 χυδαίᾳ
1054 477 1273 547 φράσει,
1294 476 1570 530 καὶτοῦτο
1598 476 1803 541 ποσῶς,

213 572 737 643 καταστοχάσαιμι,
763 571 896 641 μήτι
920 570 979 623 δὲ
997 569 1043 601 ⁸⁸
1057 567 1134 639 τῷ
1159 569 1467 639 πολυστίχῳ
1486 568 1595 621 τῶν
1613 568 1808 640 ἐξηγή-

212 681 381 718 σεων
406 664 788 734 ἐπισκήπτειν.
828 661 887 714 '0
911 660 1175 730 θεολόγος
1212 659 1321 731 γὰρ
1346 652 1503 723 οὗτος
1529 659 1669 730 ἀνὴρ
1685 702 1700 724 ,
1729 658 1804 723 ὡς

212 754 352 807 τστε
382 794 397 819 ,
436 753 773 827 βραχυλόγος
814 751 1078 823 ὑπάρχων
1121 749 1220 803 καὶ
1255 749 1519 813 πολύνους
1559 750 1806 819 ἀνάγκην

211 846 419 901 δίδωσι
452 845 533 917 τῷ
572 843 839 910 ὲξαπλοῦν
871 842 1181 915 βουλομένῳ
1228 842 1320 895 τὸν
1362 841 1527 895 αὐτοῦ
1578 840 1802 905 σκοπὸν,

214 938 332 990 κᾶν
389 938 419 991 δ
472 934 905 1008 ῥητορικώτατος
964 931 999 1006 ᾗ
1061 933 1159 988 καὶ
1207 933 1666 1004 φιλοσοφώτατος,
1716 932 1806 986 διά

214 1027 445 1081 πολλῶν
490 1027 669 1092 ίέναι,
719 1026 814 1080 καὶ
844 1024 1082 1097 μάλιστα
1121 1024 1247 1095 ἐμοὶ
1284 1023 1364 1095 τῷ
1413 1022 1624 1095 ίδιιίιτῃο
1661 1023 1710 1076 εί
1758 1023 1804 1076 δ’

215 1115 379 1185 ὑμᾶς
408 1114 655 1186 συνήθως
681 1117 710 1169 ὁ
743 1114 994 1185 θεοφιλὴς
1023 1114 1343 1186 άνακινὴσοι
1387 1111 1549 1184 ζῆλος
1578 1113 1717 1183 πρὸς
1744 1112 1806 1166 τὸ

212 1206 501 1278 σύντομον
549 1206 667 1276 ἀμα
707 1207 804 1261 καὶ
846 1206 1115 1278 εὐφραδὲς
1154 1205 1225 1261 τά
1267 1205 1592 1276 γραφόμενα
1638 1220 1805 1275 μετα-

212 1298 482 1370 κομίσαι,
510 1299 543 1370 ἧ
575 1299 669 1353 καὶ
701 1293 808 1352 τὸν
825 1297 950 1353 νοῦν
981 1298 1103 1354 ὅλον
1138 1296 1539 1368 διορθώσασθαι
1582 1297 1719 1369 πρὸς
1742 1295 1807 1350 τὸ

207 1390 587 1461 ὑψηλότερον,
617 1390 809 1461 μισθὸν
849 1389 1115 1460 αὐτοτελῆ
1144 1387 1402 1460 λήψεσθε,
1432 1388 1532 1452 τὰς
1555 1386 1650 1441 τοῦ
1684 1387 1805 1441 θεο-

216 1481 398 1550 φόρου
432 1483 571 1555 πρὸς
599 1482 693 1536 τὸν
721 1481 1004 1553 Δεσπότην
1030 1481 1141 1533 τῶν
1187 1480 1326 1534 ὅλων
1356 1480 1527 1550 εὖχάς
1549 1520 1566 1545 ,
1598 1479 1695 1534 ἅτε
1728 1478 1805 1550 μὴ

213 1575 692 1646 συγχωρήσαντες
720 1574 741 1645 (
767 1573 927 1644 ιιῚ
954 1571 1021 1643 b)
1052 1571 1222 1626 αὐτοῦ
1256 1572 1326 1626 τά
1362 1571 1483 1627 θεῖα
1509 1573 1605 1625 καὶ
1635 1572 1806 1641 ὑπερ-

210 1664 334 1735 φυῆ
367 1668 619 1738 νοήματα
661 1668 782 1730 ταῖς
812 1663 1167 1727 ἀποτεύκτοις
1183 1664 1226 1696 ⁸⁷
1262 1664 1358 1719 κα)⁵
1402 1662 1804 1735 χαμαιπετέσιν

1908 477 2114 532 multus
2154 478 2475 544 intellectu,
2506 480 2887 535 necessitatem
2928 480 3022 535 dat
3060 482 3353 551 explanare
3391 498 3489 537 vo-

1905 567 2040 622 lenti
2064 568 2186 639 ejus
2212 568 2600 635 intentionem,
2619 572 2723 625 etsi
2748 571 3172 629 facundissimus
3192 583 3250 629 et
3271 575 3489 645 sapien-

1908 660 2160 716 tissimus
2187 661 2248 732 (i)
2281 662 2337 716 in
2370 662 2556 716 multis
2588 664 2681 727 sit,
2706 670 2763 717 et
2790 665 2961 735 magis
2989 666 3122 720 mihi
3156 667 3398 722 indocto.
3428 666 3486 721 Si

1906 766 2044 805 vero
2073 767 2171 807 vos
2194 765 2460 808 consuete
2488 753 2601 807 Deo
2621 754 2872 809 amabilis
2895 756 3129 811 moverit
3156 758 3329 820 zelus,
3354 757 3486 810 dum

1902 842 1973 897 ad
2023 842 2193 898 breve
2235 843 2399 898 simul
2442 860 2509 898 ac
2550 844 2775 914 planum
2814 861 2899 911 ea,
2929 862 3053 917 qua:
3090 848 3296 918 scripta
3334 857 3484 911 sunt,

1905 935 2228 1000 deferimus,
2258 951 2360 991 nos
2391 936 2564 1007 magis
2598 953 2762 1008 quam
2796 948 2969 994 totum
3005 939 3347 994 intellectum
3377 940 3487 994 eri-

1903 1027 2085 1097 gimus
2114 1027 2186 1083 ad
2221 1027 2280 1083 id
2312 1029 2460 1098 quod
2492 1031 2767 1086 excelsius
2800 1040 2917 1097 est,
2945 1033 3257 1089 mercedem
3295 1048 3394 1102 per
3426 1049 3486 1088 se

1905 1118 2203 1187 perfectam
2228 1121 2538 1191 accipietis,
2562 1122 2762 1177 Deiferi
2787 1123 2937 1180 illius
2963 1124 3176 1181 scilicet
3204 1126 3272 1181 ad
3303 1114 3489 1182 Domi-

1904 1226 2040 1266 num
2085 1213 2341 1267 omnium
2390 1215 2699 1281 orationes,
2731 1226 2921 1287 utpote
2962 1232 3074 1272 non
3118 1218 3487 1275 concedentes

1906 1302 2030 1372 ejus
2052 1301 2273 1359 divinos
2299 1313 2356 1360 et
2380 1309 2831 1377 supernaturales
2856 1309 3169 1365 intellectus
3197 1311 3399 1380 spretis
3421 1328 3488 1367 ac

1908 1393 2114 1449 vilibus
2167 1396 2395 1451 tractari
2448 1399 3024 1469 contemplationibus.
3070 1400 3488 1472 Consequenter

1904 1495 2089 1541 autem
2123 1498 2322 1543 vestra:
2356 1490 2609 1561 epistolae
2644 1508 2747 1562 per
2780 1493 2997 1563 singula
3035 1492 3214 1562 capita
3251 1492 3486 1563 inquisi~

1906 1576 2117 1630 tionem
2161 1576 2289 1642 feci,
2322 1588 2379 1634 et
2420 1580 2620 1636 litteris
2665 1582 3068 1647 commendavi,
3098 1576 3279 1640 bonos
3319 1593 3487 1655 atque

1908 1666 2304 1724 misericordes
2323 1685 2422 1726 vos
2444 1686 2638 1726 eorum
2663 1687 2788 1742 qua:
2810 1673 2958 1728 dicta
2986 1674 3345 1745 suntjudices
3366 1674 3486 1730 fieri

208 1759 508 1822 ἐπιϐολαῖς
540 1756 979 1829 παρασύρεσθαι.
1019 1755 1358 1821 ’Λκολούθως
1381 1757 1439 1811 δὲ
1471 1759 1536 1826 τῇ
1561 1756 1805 1827 ὑμετέρᾳ
1837 1742 1877 1796 Β
1907 1754 2232 1826 deprecans.
2588 1798 2593 1803 -

209 1852 487 1923 ἐπιστολῇ
551 1852 650 1925 τὴν
717 1853 848 1924 περὶ
875 1852 1113 1907 ἑκάστου
1155 1851 1456 1921 κεφαλαίου
1503 1850 1875 1921 ποιησάμενος
1912 1851 2143 1922 ζήτησιν
2195 1855 2508 1927 κατεθέμην
2561 1856 2641 1927 τῷ
2698 1858 3013 1929 γράμματι,
3063 1862 3337 1931 χρηστοὺς
3391 1863 3488 1915 καὶ

210 1945 645 2018 φιλανθρώπους
669 1946 815 2017 ὑμᾶς
844 1945 955 1999 τῶν
983 1943 1294 2016 λεγομένων
1319 1942 1512 2015 κριτάς
1545 1940 1802 2012 γενέσθαι
1838 1943 2194 2014 παρακαλῶν.

226 2129 336 2185 Ἕκ
362 2130 476 2186 τοῦ
507 2130 643 2199 περὶ
678 2129 1091 2200 φιλοπτωχίας
1116 2127 1327 2197 λόγου,
1365 2128 1454 2193 εις
1479 2124 1568 2189 τὸ,
1619 2143 1638 2177 ι
1669 2125 1801 2179 Φεί-

287 2224 477 2292 δομαι
514 2223 596 2287 ὡς
635 2220 976 2290 συνεργοῦ,
1020 2220 1121 2274 καί
1171 2220 1284 2273 οὐκ
1314 2216 1433 2288 ἔχω
1469 2215 1597 2281 πῶς
1635 2217 1803 2287 φύγω

288 2318 414 2385 τὴν
447 2315 889 2375 ἐπανάστασιν,
926 2313 965 2382 ἢ
998 2310 1129 2379 πῶς
1166 2311 1254 2381 μὴ
1286 2310 1406 2366 ἀπὸ
1437 2309 1585 2365 Θεοῦ
1635 2307 1803 2362 ,πέσω

271 2407 584 2477 ,βαρηθεὶς
628 2404 759 2472 ταῖς
818 2404 1032 2471 πέδαις
1090 2402 1522 2470 κατασπώσαις
1571 2402 1610 2469 ἢ
1669 2418 1803 2454 κατε

280 2504 587 2573 εχούσαις
612 2503 700 2567 είς
726 2499 952 2569 ἔδαφος
992 2498 1092 2569 (l).
1141 2514 1161 2549 ι

286 2596 369 2649 Οὐ
404 2593 602 2647 ταυτὸν
617 2591 693 2663 τῷ
713 2588 1139 2647 κατασπᾶσθαι
1158 2587 1218 2642 τδ
1234 2588 1595 2658 κατέχεσθαι
1612 2586 1800 2658 νενόη-

216 2704 308 2743 ται
336 2685 424 2757 τῷ
457 2683 716 2755 μακαρίῳ
740 2681 916 2753 τούτῳ
942 2680 1127 2751 ἀνδρὶ,
1157 2678 1233 2751 μὴ
1258 2678 1400 2732 οὔτω
1423 2678 1675 2750 νομίσῃς,
1711 2678 1801 2732 δο-

216 2779 530 2851 κιμώτατε,
563 2778 723 2846 εἴπερ
749 2776 803 2829 τί
836 2792 918 2829 σοι
950 2776 1093 2827 νοεῖν
1123 2774 1225 2843 τῆς
1248 2772 1416 2826 αὑτοῦ
1445 2770 1803 2843 μεγαλονοίας

217 2873 374 2937 ἄξιον
404 2868 827 2925 διεσπούδασται
844 2883 861 2896 ο
891 2865 1016 2921 ἐπεὶ
1043 2869 1296 2937 περιττὸς
1315 2863 1465 2918 οὕτω
1486 2866 1598 2927 τοῖς
1623 2863 1803 2933 λόγοις

220 2966 314 3018 καὶ
346 2962 448 3017 τὸν
474 2959 603 3016 νοῦν
627 2959 706 3031 τῷ
734 2959 881 3031 λόγῳ
912 2958 989 3030 μὴ
1021 2958 1383 3029 ἐφιστάμενον
1409 2958 1550 3030 ἔχων
1588 2959 1802 3027 ἀναφαο

1904 2124 1991 2180 Ex
2035 2144 2277 2183 sermone
2324 2130 2387 2183 de
2423 2131 2815 2203 hospitalitate,
2842 2133 2902 2188 in
2946 2136 3041 2189 hoc
3082 2152 3104 2190 :
3152 2153 3171 2187 ι
3216 2135 3387 2191 Parce
3428 2146 3487 2191 ut

1974 2222 2335 2290 cooperatori,
2366 2231 2417 2275 et
2449 2240 2552 2277 non
2584 2224 2749 2278 habeo
2778 2227 3038 2296 quomodo
3070 2228 3274 2297 fugiam
3304 2245 3490 2300 super-

1975 2319 2206 2377 veniunt,
2244 2322 2339 2367 aut
2379 2316 2639 2383 quomodo
2681 2332 2786 2369 non
2829 2334 2862 2370 a
2900 2315 3012 2369 Deo
3043 2317 3258 2382 cadam,
3290 2335 3483 2389 grava-

1976 2412 2057 2458 tus
2111 2404 2181 2475 (j)
2230 2405 2409 2475 pueris
2457 2405 2829 2477 deripientibus
2887 2414 2981 2461 aut
3030 2407 3379 2464 deﬂuentibus
3430 2411 3487 2466 in

1972 2501 2194 2547 terram.
2231 2512 2249 2545 ι

1974 2584 2093 2639 Non
2124 2585 2179 2640 id
2210 2586 2391 2656 ipsum
2430 2587 2603 2660 deripi
2634 2588 2784 2659 quod
2810 2599 2897 2645 est
2924 2592 3151 2647 detineri
3180 2593 3361 2650 visum
3402 2605 3490 2653 est

1903 2672 2065 2728 beato
2098 2674 2228 2729 huic
2249 2676 2401 2742 viro;
2422 2693 2601 2747 neque
2622 2677 2703 2733 sic
2718 2679 3032 2746 arbitreris,
3066 2683 3487 2752 probatissimo.

1902 2762 1946 2817 si
1972 2763 2107 2832 quid
2148 2765 2247 2819 tibi
2272 2767 2581 2838 Intelligere
2599 2769 2775 2838 ipsius
2792 2773 3245 2842 magnanimitate
3260 2777 3487 2848 dignum

1902 2855 2269 2912 sollicitudini
2315 2858 2409 2912 sit.
2441 2859 2579 2914 Nam
2619 2861 2937 2931 superﬂuus
2986 2866 3177 2921 verbis
3226 2877 3285 2923 et
3324 2868 3487 2924 intel-

1903 2944 2108 3000 lectum
2136 2960 2426 3002 sermones
2443 2949 2950 3019 supereminentem
2979 2968 3089 3008 non
3121 2955 3335 3012 habens
3366 2974 3487 3015 ma-

218 3058 454 3127 νήσεται
476 3098 491 3117 ,
522 3030 687 3125 εἰπερ
715 3052 790 3124 μὴ
824 3051 976 3125 πάσῃ
1021 3050 1259 3122 συλλασῇ
1309 3050 1495 3122 σχεδὸν
1535 3049 1635 3122 τὴν
1668 3049 1803 3121 πρέ-

1911 3036 2284 3105 nifestaretur,
2320 3037 2368 3093 si
2399 3055 2513 3096 non
2559 3041 2711 3096 omni
2757 3042 2876 3099 fere
2922 3046 3150 3115 syllabas
3194 3048 3486 3107 decentem

218 3164 440 3201 πουσαν
468 3145 759 3216 ἐνθέμενος
789 3142 1000 3197 ἔννοιαν
1035 3142 1175 3213 πρὸς
1203 3142 1273 3196 τά
1310 3141 1579 3197 κάλλιστά
1609 3159 1672 3196 τε
1710 3142 1804 3197 καὶ

222 3241 484 3312 χρήσιμα
509 3240 637 3302 τοὺς
661 3237 894 3300 ὀπαδοὺς
920 3235 1135 3308 ὁδηγεῖν
1166 3235 1330 3289 παντὶ¹
1359 3234 1544 3305 τρόπῳ
1578 3234 1804 3303 διεγνω-

218 3335 377 3387 κέναι
410 3331 724 3403 ὖποληφθῇ.
774 3331 888 3400 Οὐχ
926 3328 1072 3382 οὕτω
1123 3328 1182 3381 δὲ
1219 3327 1374 3383 ταῦτ’
1421 3327 1557 3399 ἔχει,
1602 3327 1801 3393 πόθεν;

218 3426 358 3480 ἀλλά
391 3425 489 3479 καὶ
511 3423 587 3495 νῷ
615 3424 773 3491 λόγον
814 3420 963 3493 σοφῷ
986 3420 1290 3489 συνίστησι,
1326 3419 1421 3473 καὶ
1444 3418 1587 3488 λόγῳ
1613 3415 1805 3488 ὑψηλῷ

217 3519 343 3574 νοῦν
377 3518 669 3589 ἰφίστησιν
699 3515 1052 3588 ὑψηλότερον,
1083 3514 1152 3567 ἶν’
1180 3512 1387 3584 ὑψηλὸς
1428 3510 1618 3583 ὑψηλῷ
1644 3511 1803 3579 διαγ-

219 3612 488 3682 γέλληται
512 3653 526 3675 ,
564 3609 659 3663 καὶ
708 3609 808 3678 τῆς
856 3607 1118 3679 ἀληθείας
1165 3606 1351 3670 ποσῶς
1389 3605 1457 3659 δι’
1490 3605 1694 3677 ἀμφοῖν
1742 3604 1804 3658 τὸ

221 3703 359 3766 τὲως
412 3703 526 3764 τοῖς
574 3699 791 3762 πολλοῖς
823 3698 856 3772 ἢ
888 3699 984 3754 καὶ
1016 3700 1185 3753 πᾶσιν
1211 3698 1542 3753 ἀνεπίϐατον
1572 3697 1804 3768 μέγεθος

218 3791 584 3864 eamea“.
620 3791 737 3844 Ἵνα
759 3790 815 3843 δὲ
845 3790 1077 3861 φανερὸν
1104 3790 1252 3843 ἅπαν
1281 3790 1413 3860 ἡμῖν
1437 3788 1663 3859 γένηται
1695 3787 1804 3841 τῶν

221 3884 538 3955 λεγομένων
561 3884 623 3938 τὸ
647 3884 896 3952 αἴνιγμα,
940 3880 1081 3936 αὐτὰ
1107 3882 1184 3945 ὠς
1225 3880 1341 3952 ἔχει
1388 3880 1478 3934 τοῦ
1527 3880 1803 3952 μακαρίου

223 3976 598 4046 σκοπήσωμεν
656 3974 726 4030 τὰ
772 3974 933 4046 ῥητά.
969 3973 1253 4044 ⁴Ινείδομαι,
1306 3972 1495 4043 φησὶν,
1548 3972 1626 4036 ὡς
1678 3990 1804 4025 συν-

222 4068 416 4140 εργοῦ,
446 4070 540 4122 καὶ
569 4068 671 4121 οὐκ
714 4065 823 4137 ἔχω
862 4066 980 4129 πῶς
1010 4064 1169 4134 φύγω
1211 4065 1309 4137 τὴν
1342 4064 1734 4127 ἐπανάστασιν,
1768 4063 1801 4134 ἢ

224 4164 338 4227 πῶς
405 4160 481 4232 μὴ
525 4160 636 4216 ἀπὸ
683 4158 817 4213 Θεοῦ
874 4158 1046 4223 πέσω,
1104 4157 1366 4229 βαρηθεὶς
1418 4158 1539 4222 ταῖς
1591 4157 1803 4222 πέδαις,

224 4251 625 4315 κατασπώσαις
643 4251 680 4323 ἦ
712 4250 1071 4321 κατεχούσαις
1101 4251 1182 4314 εἰς
1204 4250 1422 4319 ἔδαφος.
1448 4248 1614 4303 Ταῦτ’
1636 4248 1805 4303 εἰπὼν

1902 3129 2161 3187 inserens
2187 3131 2441 3191 notitiam
2470 3173 2487 3199 ,
2529 3133 2601 3189 ad
2661 3136 3039 3205 pulcherrima
3084 3148 3144 3195 et
3198 3143 3356 3199 utilia
3401 3160 3487 3200 se-

1902 3231 2139 3292 quentes
2212 3223 2509 3292 ducendo,
2590 3228 2703 3281 ullo
2764 3230 2931 3285 modo
2997 3231 3343 3303 disceptandi
3393 3250 3487 3293 re-

1902 3312 2273 3383 linqueretur.
2335 3315 2454 3371 Non
2504 3316 2587 3373 sic
2644 3317 2764 3374 haec
2814 3320 3026 3379 habent
3069 3339 3128 3379 se
3158 3325 3342 3397 longe,
3388 3329 3486 3385 sed

1903 3414 1961 3461 et
2018 3404 2329 3464 intellectui
2393 3425 2710 3467 Sermonem
2767 3414 3049 3483 sapienter
3106 3420 3484 3490 constituunt,

1903 3505 1960 3553 et
1986 3514 2298 3556 sermonem
2352 3503 2634 3559 excelsum
2687 3507 2941 3563 excelsus
2985 3512 3367 3580 supereminet
3397 3515 3486 3570 in-

1906 3589 2194 3657 tellectus,
2260 3601 2324 3647 ut
2387 3597 2642 3653 excelsus
2693 3599 2914 3655 excelso
2966 3604 3332 3661 annuntietur
3360 3646 3376 3671 ,
3427 3616 3487 3663 et

1904 3680 2153 3737 veritatis
2175 3682 2580 3755 aliquantulum
2611 3705 2679 3743 ex
2704 3691 2978 3749 ambobus
3019 3693 3243 3752 interim
3268 3699 3482 3765 multis,

1902 3781 2002 3827 aut
2043 3774 2211 3829 etiam
2247 3776 2507 3834 omnibus
2552 3778 2701 3836 invia
2751 3783 3073 3853 magnitudo
3131 3788 3481 3845 ostendatur.

1904 3864 1976 3920 Ut
2010 3881 2140 3921 vero
2162 3868 2454 3925 manifesta
2494 3871 2659 3928 nobis
2686 3874 2760 3928 sit
2782 3875 2967 3932 omnis
2988 3892 3184 3935 eorum
3215 3897 3338 3952 qua:
3398 3882 3484 3937 di-

1906 3965 1997 4012 cta
2024 3966 2159 4013 sunt
2184 3958 2519 4030 obscuritas,
2560 3964 2678 4034 ipsa
2714 3974 2853 4023 utse
2884 3967 3090 4023 habent
3129 3970 3275 4027 beati
3296 3974 3483 4029 cousi-

1904 4046 2223 4103 derahimus
2261 4050 2422 4105 verba
2461 4069 2475 4104 :
2514 4071 2532 4103 ‹
2558 4054 2753 4120 Pareo,
2788 4056 2990 4127 inquit,
3010 4068 3071 4113 ut
3096 4064 3480 4132 cooperaturi,

1901 4146 1962 4194 et
1988 4154 2100 4195 non
2138 4142 2319 4198 habeo
2361 4146 2646 4214 quomodo
2681 4148 2890 4219 fugiam
2913 4162 3350 4221 superventum,
3386 4164 3485 4211 aut

1902 4235 2185 4304 quomodo
2227 4254 2337 4294 non
2363 4255 2397 4293 a
2429 4240 2539 4296 Deo
2560 4241 2773 4308 cadam,
2802 4254 3061 4314 gravatus
3093 4247 3286 4316 pueris
3334 4248 3483 4306 deri-

222 4347 319 4417 οὐχ
352 4344 540 4414 ἑαυτῷ
583 4342 834 4408 πάντως,
878 4340 1018 4401 ἀλλά
1050 4340 1072 4412 (
1099 4341 1356 4412 118a)
1396 4339 1464 4394 δι’
1507 4337 1699 4393 ἑαυτοῦ
1726 4338 1803 4409 τῷ

1911 4327 2189 4397 pientibus
2203 4341 2302 4387 aut
2323 4332 2704 4391 detinentibus
2732 4336 2789 4391 in
2820 4344 3049 4395 terram.
3080 4358 3098 4391 ι
3139 4339 3265 4395 Hac
3292 4341 3485 4401 dicens

226 4438 391 4509 κοινῷ
418 4437 517 4508 τῆς
532 4434 629 4490 ἀνθ
637 4434 951 4507 ρωπότητος
969 4432 1300 4501 διαλέγεται,
1317 4430 1472 4496 εἰδὼς
1494 4431 1579 4485 ὅτι
1598 4432 1703 4494 πᾶς
1719 4447 1802 4492 τις

1911 4436 2023 4477 non
2055 4422 2125 4478 de
2183 4425 2369 4494 seipse
2400 4426 2650 4493 omnino,
2674 4428 2772 4484 sed
2805 4445 2905 4499 per
2934 4430 3181 4504 seipntm
3212 4432 3283 4488 de
3333 4448 3488 4489 com.

226 4532 258 4585 ὁ
284 4532 567 4603 σωτηρίας
595 4530 736 4602 ἐρῶν
772 4530 806 4601 ἢ
853 4527 1050 4600 πράξει
1079 4528 1112 4598 ἢ
1138 4526 1343 4598 θεωρίᾳ
1374 4525 1595 4588 πάντως
1633 4539 1805 4594 προσ-

226 4625 435 4695 ανέχει.
486 4623 713 4695 ’Λρετῆς
757 4621 867 4693 γὰρ
899 4621 995 4674 καὶ
1044 4624 1302 4689 γνώσεως
1342 4619 1514 4689 χωρὶς
1551 4615 1803 4686 οὐδαμῶς

226 4714 401 4777 οὐδεὶς
449 4712 671 4766 πώποτε
718 4714 902 4783 τυχεῖν
949 4711 1225 4779 σωτηρίας
1273 4707 1577 4778 δεδύνηται.
1633 4706 1806 4776 Εἴπερ

226 4802 317 4859 οὖν
340 4803 459 4858 τῶν
484 4804 573 4857 διὰ
602 4803 857 4873 θεωρίας,
884 4801 1041 4872 φησὶ,
1071 4800 1189 4871 Θεῷ
1220 4798 1690 4870 προσεδρευόντων
1712 4798 1806 4852 καὶ

229 4896 322 4951 τοῦ
374 4896 649 4968 μακαρίου
696 4894 929 4957 κάλλους
971 4891 1443 4963 κατατρυφῶντων
1488 4889 1805 4962 καθέστηκα

231 4984 343 5058 εἷς,
381 4990 605 5061 είρήνην
635 4988 775 5059 ἔχων
806 4986 1124 5042 παντάπασι
1151 4986 1245 5039 καὶ
1284 4984 1574 5054 άγιασμὸν,
1602 4984 1677 5047 ὡς
1704 4985 1801 5054 ἐμ-

1912 4514 2065 4568 muni
2097 4514 2439 4571 humanitate
2471 4517 2720 4589 disputat
2741 4560 2756 4585 ,
2790 4521 2987 4578 videns
3009 4523 3139 4594 quia
3180 4526 3366 4582 omnis
3388 4526 3484 4596 qui

1908 4605 2142 4662 salutem
2179 4616 2346 4669 amat,
2373 4617 2470 4663 aut
2496 4611 2701 4666 actioni
2744 4614 2967 4683 penitus
3012 4624 3109 4669 aut
3145 4619 3486 4689 contempla-

1911 4694 2048 4750 tioni
2090 4696 2348 4751 attendit.
2399 4698 2622 4769 Absque
2676 4701 2825 4757 enim
2890 4704 3099 4761 virtute
3147 4715 3206 4761 et
3251 4706 3483 4763 scientia

1918 4787 2110 4844 nullus
2138 4788 2252 4844 ullo
2285 4790 2451 4845 modo
2474 4791 2774 4863 aliquando
2799 4796 3067 4866 consequi
3099 4797 3331 4854 salutem
3381 4814 3486 4871 po-

1909 4876 2038 4932 tuit.
2104 4876 2162 4933 Si
2194 4894 2327 4950 ergo
2353 4895 2451 4951 per
2499 4885 3048 4956 contemplationem,
3082 4887 3281 4958 inquit,
3314 4889 3488 4957 collo-

1908 4976 2163 5024 catorum
2209 4971 2324 5028 Deo
2387 4982 2444 5028 et
2492 4974 2653 5031 beata
2703 4978 3121 5048 pulchritudine
3180 4980 3482 5038 fruentium

1539 5077 1775 5134 VARUS
1806 5081 2210 5141 LECTIONES.

318 5172 368 5204 “
389 5171 669 5254 Rescripsi
697 5174 828 5245 μήτι
855 5172 913 5226 δὲ
946 5172 1207 5254 proauita
1231 5170 1311 5232 δὲ,
1345 5170 1493 5254 quod
1531 5170 1657 5226 cod.
1710 5171 1878 5254 Qud,
1920 5176 2008 5254 vel
2054 5178 2247 5254 pﬁee,_
2268 5180 2433 5254 quod
2461 5179 2564 5254 ed.
2610 5180 2731 5254 βαι.
2763 5182 2971 5254 habet.
3042 5184 3084 5215 "’
3119 5183 3318 5239 Eadem
3343 5186 3485 5241 anti-

231 5256 339 5313 qua
366 5258 565 5298 manus
582 5240 640 5298 in
668 5240 839 5314 marg.
871 5240 995 5298 cod.
1031 5240 1174 5297 Gud.
1205 5240 1646 5296 emendationem
1666 5242 1961 5315 adscripsit
1983 5240 2297 5313 ἀπευκτοίςζ

2392 5250 2436 5281 ⁵⁸
2452 5250 2678 5335 διδαχθῇ
2706 5252 2797 5307 ed.
2834 5252 2953 5309 Gal.

1815 5360 2046 5418 NOTAE.

323 5451 363 5523 ί)
397 5451 462 5523 in
488 5450 690 5523 multis,
732 5460 896 5523 verte
924 5451 1091 5523 fusius
1132 5453 1445 5523 exspatiari.
1474 5451 1670 5523 (Gaio)

300 5449 363 5593 gl
397 5451 462 5506 In
488 5450 690 5534 multis,
732 5460 898 5534 verte.
924 5451 1090 5522 fusius
1132 5451 1673 5577 exspatiari..$’Gale.).

353 5522 373 5592 )
394 5521 1015 5593 Pueristtnsctttssrme.
1058 5522 1221 5578 Verte
1238 5524 1473 5593 compecti
1512 5540 1592 5587 us,
1624 5540 1808 5577 mucu-

246 5590 335 5647 ίὶιῖ
355 5590 558 5664 male.)
590 5592 706 5647 Nisi
738 5592 880 5647 infra
906 5592 1054 5647 idem
1071 5593 1267 5648 vitium
1290 5590 1633 5658 occurreret,
1660 5594 1802 5648 scri-

1907 5465 2127 5595 gzgram
2180 5469 2433 5529 putarem
2483 5473 2827 5534 corruptam,
2876 5468 3225 5542 vertisscque
3254 5469 3483 5527 Scotum

2009 5545 2123 5582 iL’iS.

2009 5545 2123 5582 τετε.

309 5683 384 5755 (l)
416 5684 579 5753 (ἶνες.
613 5684 742 5738 Ναι.
777 5682 871 5738 0r.
902 5685 969 5738 de
993 5684 1166 5757 Paup.
1201 5702 1380 5740 amore
1412 5701 1531 5756 cap.
1570 5686 1623 5751 7,
1663 5701 1714 5755 p.
1746 5686 1869 5754 261,
1906 5696 2036 5743 tom.
2071 5690 2113 5757 l,
2147 5689 2283 5762 Opp.
2319 5694 2407 5750 ed.
2442 5695 2647 5754 Bened.
2686 5744 2689 5745 ν

474 5778 746 5837 ΡΑτιιοι..
781 5776 897 5839 Gn.
932 5777 1093 5839 XCI.

3093 5795 3172 5857 35
