4014 6284
304 269 457 335 1689

1548 269 2066 354 AMBIGUORUM
2108 269 2354 330 LIBER.

3433 270 3570 336 1070

385 380 555 450 μάχη
607 379 757 450 πρὸς
783 377 971 434 αὐτὸν·
1013 377 1103 434 ἀεὶ
1129 376 1386 444 βλέπειν
1408 416 1423 441 ,
1476 379 1573 432 καὶ
1603 378 1718 445 τὴν
1742 393 1895 432 o'vr-

2065 380 2341 443 ciendum,
2397 388 2446 431 et
2477 378 2812 449 conjunctam
2850 380 3210 448 inﬁrmitatem
3243 381 3567 436 natrituram

380 475 743 545 εζευγμένην
796 472 1114 528 ἀσθένειαν
1160 472 1562 542 παιδαγωγίαν
1596 468 1746 526 εἶναι
1786 471 1894 526 τοῦ

384 567 715 637 ἀξιώματος
739 566 851 638 (²);
887 583 906 616 ο

388 678 617 744 Τούτοις
652 680 799 744 τινὲς
831 679 1252 751 ἐντυγχάνοντες
1280 680 1391 743 τοῖς
1418 677 1626 748 λόγοις,
1671 676 1894 749 μηδένα,

308 769 392 834 ὡς
443 769 660 836 ιοικεν,
713 769 857 842 ὑπὲρ
902 768 998 823 τοῦ
1041 773 1227 824 πονεῖν
1268 768 1371 840 τῆς
1398 767 1679 841 ζητήσεως
1711 768 1898 823 ἕνεκεν

311 859 416 914 τοῦ
459 858 697 929 ἀληθοῦς
742 858 935 929 μισθὸν
975 858 1321 931 ἐκδεχόμενοι
1347 898 1364 925 ,
1425 859 1563 931 πρὸς
1589 861 1653 912 τὸ
1676 858 1898 913 εὔκολον

312 949 416 1002 καὶ
459 947 662 1013 πολλὰς
704 948 826 1019 ἔχον
868 948 970 1020 ήδη
1009 950 1079 1003 ἐκ
1114 948 1225 1003 τῶν
1251 949 1578 1020 Ἑλληνικῶν
1612 949 1898 1021 δογμάτων

310 1039 418 1101 τὰς
445 1038 703 1111 ἀφορμὰς
730 1039 1139 1110 καταφεύγουσι
1155 1081 1172 1104 ,
1221 1042 1523 1111 φάσκοντες
1551 1042 1653 1114 τήν
1676 1042 1737 1096 τέ
1766 1058 1897 1096 ποτε

311 1126 487 1185 οὖσαν
543 1131 695 1187 κατὰ
738 1132 801 1187 τὸ
845 1132 1004 1198 δόξαν
1058 1133 1242 1198 αὐτοῖς
1288 1134 1397 1189 τῶν
1448 1135 1682 1204 λογικῶν
1735 1136 1898 1191 ένάδα

315 1226 445 1279 καθ’
483 1226 552 1295 ἣν
613 1229 874 1295 συμφυεῖς
923 1227 1078 1290 ὄντες
1121 1228 1243 1299 Θεῷ
1287 1228 1387 1301 τήν
1432 1231 1489 1283 ὲν
1539 1231 1687 1301 αύτῷ
1729 1232 1898 1304 μόνην

314 1317 580 1387 ἐχομενη
613 1318 709 1373 καὶ
737 1319 964 1388 ῖδρυσιν,
1000 1322 1227 1392 προσέτι
1254 1338 1318 1391 γε
1350 1323 1443 1377 καὶ
1473 1324 1574 1396 τὴν
1601 1327 1897 1399 γενομένην

314 1408 579 1479 κίνησιν,
635 1409 695 1477 ιξ
743 1404 813 1483 ἦς
869 1410 1236 1466 σκεδασθέντα
1282 1412 1555 1486 διαφόρως
1608 1415 1677 1468 τὰ
1704 1415 1899 1485 λογικὰ

314 1501 455 1571 πρὸς
514 1501 731 1568 γένεσιν
778 1501 874 1557 τοῦ
925 1503 1241 1574 σωματικοῦ
1296 1504 1489 1560 τούτου
1538 1508 1749 1578 κόσμου
1806 1509 1898 1562 τὸν

312 1592 453 1647 Θεὸν
506 1594 636 1648 ἰδεῖν
681 1594 1104 1666 παρεσκεύασαν
1128 1636 1144 1662 ,
1197 1596 1360 1670 χάριν
1389 1598 1483 1652 τοῦ
1514 1599 1734 1669 ἐνδῆσαι
1759 1600 1899 1653 αὐτὰ

316 1684 571 1756 σώμασιν
601 1686 694 1739 ἐπὶ
717 1688 957 1760 τιμωρίᾳ
977 1688 1087 1742 τῶν
1109 1690 1649 1763 προημαρτημένων.
1674 1691 1763 1746 διὰ
1782 1691 1898 1746 τού-

313 1792 430 1830 των
484 1777 818 1833 αἰνίττεσθαι
866 1779 976 1833 τῶν
1020 1779 1193 1851 λόγων
1246 1781 1560 1852 νομίζοντες
1605 1783 1699 1837 τὸν
1749 1785 1899 1840 διδά-

315 1866 540 1921 σκαλον.
596 1867 743 1920 Ἀλλ’
790 1868 1066 1939 ἠγνόησαν
1124 1870 1202 1933 ὡς
1250 1868 1493 1925 ἀδύνατα
1551 1870 1899 1925 ὑποτίθενται

313 1959 415 2012 καὶ
442 1959 554 2012 τῶν
583 1959 881 2030 ἀμηχάνων
911 1960 1408 2032 καταστοχάζονται
1429 2000 1445 2024 ,
1480 1962 1663 2027 καθὼς
1691 1962 1901 2034 προῖὼν

315 2051 461 2120 μετὰ
501 2050 596 2105 τοῦ
635 2052 842 2115 εἰκότος
879 2053 909 2105 ό
937 2052 1145 2123 ἀληθής
1172 2052 1447 2118 ἀποδείξει
1474 2053 1655 2122 λόγος.
1693 2055 1757 2109 El
1788 2054 1900 2127 γάρ

313 2144 377 2195 τὸ
407 2143 548 2196 θεῶν
591 2143 717 2215 [leg.
759 2143 923 2215 θεῖον]
959 2144 1215 2214 ἀκίνητον
1238 2184 1254 2209 ,
1306 2145 1383 2210 ὡς
1423 2146 1642 2200 πάντων
1676 2148 1899 2218 πληρω-

310 2234 493 2297 τικὺν,
523 2236 634 2288 πᾶν
660 2233 717 2287 δὲ
748 2235 811 2287 τὸ
838 2236 901 2288 ἐκ
936 2234 1011 2306 μή
1036 2235 1206 2288 ὄντων
1238 2234 1299 2290 τὸ
1326 2231 1468 2291 εῖναι
1494 2236 1661 2291 λαὸὸν
1690 2237 1787 2292 καὶ
1811 2254 1898 2291 κι-

311 2325 481 2395 νητὸν
504 2365 520 2391 ,
568 2325 643 2389 ὠς
676 2326 815 2396 πρός
842 2343 966 2381 τινα
995 2326 1211 2392 πάντως
1237 2328 1541 2399 φερόμενον
1568 2329 1770 2395 αἰτίαν,
1804 2328 1897 2383 οὔ·

312 2435 407 2471 πω
449 2418 507 2471 δὲ
555 2416 709 2472 οὐδὲν
758 2417 1076 2489 κινούμενον
1121 2419 1273 2489 ἔστη,
1322 2420 1398 2484 ὡς
1435 2422 1534 2492 τῆς
1569 2421 1690 2477 κατ’
1713 2422 1900 2491 ἔφεσιν

311 2510 589 2580 κινήσεως
612 2509 712 2581 τήν
733 2508 964 2581 δύναμιν
993 2511 1159 2582 μήπω
1177 2511 1258 2583 τῷ
1278 2511 1494 2583 ἐσχάτῳ
1518 2512 1899 2583 προσαναπαῦ·

313 2617 422 2653 σαν
468 2600 679 2673 ὀρεκτῷ
730 2600 928 2672 (οὐδὲν
971 2602 1081 2673 γάρ
1137 2604 1290 2674 ῖστᾷν
1339 2602 1469 2658 ἄλλο
1509 2602 1571 2657 τὸ
1599 2603 1901 2682 φερόμενον

311 2693 461 2745 κατὰ
482 2694 646 2761 φύσιν
672 2694 915 2765 πέφυκεν
944 2694 977 2765 ἢ
1006 2695 1185 2748 ἐκεῖνο
1208 2694 1601 2766 δεικνύμενον),
1616 2696 1770 2750 οὐδὲν
1792 2696 1902 2768 ἄρα

311 2783 640 2854 κινούμενον
704 2785 875 2857 ἔστη,
951 2785 1029 2850 ὡς
1089 2785 1183 2839 τοῦ
1236 2787 1467 2856 ἐσχάτου
1522 2789 1689 2859 μήπω
1738 2788 1902 2859 τυχὸν

310 2875 549 2947 ὀρεκτοῦ
574 2892 589 2909 ο
648 2877 774 2931 ἐπεὶ
805 2877 930 2948 μηδ’
954 2877 1135 2932 ἐκεῖνό
1163 2895 1251 2932 πω
1276 2878 1441 2947 φανὲν
1472 2880 1581 2933 τῶν
1611 2880 1742 2951 περὶ
1770 2879 1902 2935 αὐτὸ

311 2969 638 3039 φερομένων
659 2969 758 3041 τήν
783 2971 998 3041 κίνησιν
1025 2970 1274 3042 ἔστησεν.
1305 2972 1367 3025 Et
1386 2972 1447 3025 δὲ
1468 2971 1626 3025 τοῦτό
1646 2972 1835 3044 (119
1848 2972 1900 3043 b)

2064 485 2178 525 esse
2207 472 2481 541 dignitatis
2506 472 2530 523 ?
2558 490 2577 523 ι

2066 697 2195 755 Haec
2219 698 2445 770 quidam
2473 706 2884 769 consequentes
2910 698 3102 763 verba,
3130 698 3478 767 nullamque,
3507 704 3570 751 ut

1996 801 2239 863 oportet,
2267 808 2371 862 pro
2402 792 2594 848 labore
2609 791 2956 862 inquirendae
2977 791 3229 846 veritatis
3256 790 3569 845 mercedem

1996 886 2354 956 accipientes,
2384 885 2453 939 ad
2477 885 2532 939 id
2569 885 2715 955 quod
2744 884 2906 940 facile
2944 892 3029 940 est
3064 893 3121 939 et
3159 884 3361 938 multas
3407 883 3574 937 habet

1991 978 2103 1049 jam
2130 991 2196 1031 ex
2228 975 2545 1031 Graecorum
2568 975 2837 1031 doctrinis
2858 976 3199 1042 occasiones,
3225 974 3572 1045 confugiunt,

1997 1067 2248 1122 dicentes
2282 1066 2578 1137 quamdam
2617 1067 2935 1131 exstitisse,
2985 1076 3046 1121 ut
3086 1067 3169 1123 eis
3220 1066 3401 1122 visum
3448 1073 3571 1128 est,

1997 1158 2411 1214 rationabilium
2441 1159 2709 1214 unitatem
2738 1198 2754 1222 ,
2798 1172 2899 1227 per
2925 1174 3090 1228 quam
3127 1157 3344 1229 cognati
3383 1171 3576 1212 sumus

1996 1250 2130 1314 Deo,
2162 1250 2620 1321 mansionemque
2641 1249 2697 1304 in
2735 1250 2856 1320 ipso
2894 1250 3236 1305 habebamus
3305 1257 3363 1304 et
3400 1249 3576 1304 collo-

1997 1341 2289 1396 cationem.
2342 1339 2537 1396 Adhuc
2582 1354 2716 1395 vero
2748 1347 2805 1394 et
2842 1338 3046 1394 factum
3098 1346 3330 1399 motum,
3362 1353 3433 1392 ex
3465 1353 3577 1407 quo

1997 1432 2246 1502 dispersa
2271 1437 2401 1487 sunt
2416 1430 2741 1485 differenter
2768 1428 3056 1484 rationalia
3073 1427 3141 1482 ad
3162 1427 3576 1497 generationem

1996 1525 2303 1597 corporalis
2329 1525 2497 1596 hujus
2531 1522 2746 1586 mundi,
2780 1521 2844 1593 (ι)
2874 1522 3157 1591 Deumque
3183 1533 3419 1574 noscens
3438 1534 3578 1588 pra-

1997 1625 2243 1686 paratam
2271 1615 2524 1686 gratiam,
2563 1614 2735 1684 ligare
2762 1628 2825 1667 ea
2865 1611 3193 1682 corporibus
3225 1610 3280 1663 in
3310 1608 3575 1663 ultionem

1998 1722 2190 1764 eorum
2226 1723 2349 1778 quae
2390 1716 2518 1762 ante
2564 1705 2856 1761 commissa
2892 1713 3041 1769 sunt,
3079 1709 3137 1759 et
3189 1703 3295 1758 hoc
3319 1717 3419 1772 per
3461 1700 3579 1755 han:

2001 1800 2313 1855 insinuasse
2332 1798 2501 1854 verba
2534 1797 2877 1853 arbitrantur
2905 1797 3250 1865 magistrum.
3281 1793 3389 1849 Sed
3419 1792 3576 1862 igno-

2001 1900 2126 1947 rant
2158 1890 2437 1963 quomodo
2463 1888 2825 1959 impossibilia
2854 1895 3166 1958 sequuntur
3208 1896 3266 1940 et
3318 1884 3579 1953 inoppor-

2000 1994 2134 2039 tnna
2155 1983 2601 2046 considerantur,
2646 1980 2791 2035 sicut
2818 1979 3127 2050 procedens
3173 1977 3424 2047 posthac,
3477 1974 3576 2043 (ιιι)

1999 2090 2452 2147 consequensque
2483 2089 2547 2129 ac
2600 2089 2735 2129 vera
2790 2071 3121 2143 approbabit
3151 2070 3310 2124 ratio.
3347 2067 3403 2122 Si
3428 2068 3576 2121 enim

1999 2167 2147 2222 Deus
2202 2165 2565 2221 immutabilis
2596 2173 2700 2227 est,
2749 2171 2946 2233 utputa
2973 2162 3222 2216 omnium
3266 2158 3575 2229 plenitudo,

2001 2274 2164 2314 omne
2194 2268 2379 2314 autem
2400 2257 2549 2328 quod
2573 2272 2643 2312 ex
2669 2272 2779 2310 non
2806 2253 3204 2310 exsistentibus
3218 2268 3341 2308 csse
3374 2251 3580 2321 accipit

2000 2360 2278 2419 movetur,
2317 2350 2521 2407 merito
2557 2349 2627 2405 ad
2672 2347 2967 2419 quamdam
2993 2346 3221 2401 omnino
3247 2345 3424 2400 fertur
3447 2360 3580 2399 cau-

2000 2459 2115 2500 sam
2134 2462 2150 2512 ;
2181 2444 2426 2500 nondum
2444 2458 2579 2499 vero
2600 2441 2747 2513 quod
2767 2448 3021 2496 movetur
3036 2447 3165 2503 stat,
3186 2439 3310 2509 jure
3328 2444 3579 2492 extremo

2002 2535 2071 2591 ad
2099 2534 2343 2605 quietem
2370 2533 2596 2589 virtutis
2636 2539 2817 2597 moue,
2869 2545 2994 2600 quae
3024 2527 3329 2585 secundum
3364 2526 3581 2580 deside-

2001 2626 2145 2680 rium
2176 2634 2283 2690 est,
2317 2623 2561 2679 nondum
2581 2623 2779 2694 largito
2808 2636 2823 2674 :
2854 2620 2991 2675 nihil
3021 2620 3168 2675 enim
3190 2616 3339 2672 aliud
3361 2616 3579 2679 sistere,

2001 2715 2149 2788 quod
2181 2715 2359 2770 fertur
2387 2714 2694 2770 secundum
2749 2721 3003 2767 naturam
3027 2750 3045 2775 ,
3069 2708 3383 2772 consuevit,
3416 2723 3581 2777 quam

2002 2807 2139 2865 illud
2164 2816 2451 2863 ostensum
2477 2825 2492 2861 :
2527 2805 2741 2861 nullum
2765 2804 2953 2872 itaque
2988 2810 3201 2857 motum
3227 2808 3356 2865 stat,
3388 2807 3583 2869 utpote

2004 2899 2311 2955 novissimo
2346 2897 2596 2953 nondum
2620 2894 2874 2951 fortassis
2901 2892 3053 2957 viso,
3102 2891 3364 2962 quoniam
3400 2903 3583 2959 neque

2003 2990 2140 3046 illud
2166 2990 2368 3046 alicubi
2391 3003 2664 3060 apparens
2688 3001 2882 3041 eorum
2907 3001 3031 3056 quae
3058 2986 3208 3039 circa
3235 2999 3294 3039 se
3326 2984 3585 3039 feruntur

313 3077 454 3113 ποτε
488 3061 818 3131 γεγενῆσθαι
850 3063 908 3130 ἐξ
940 3064 1311 3134 ἐπιτάγματος
1335 3062 1642 3128 κελεύουσι,
1675 3064 1772 3118 καὶ
1799 3064 1898 3134 τῆς

2005 3093 2217 3138 motum
2243 3080 2588 3138 stabilitavit.
2621 3079 2679 3135 Si
2715 3086 2900 3134 autem
2939 3077 3047 3132 hoc
3081 3075 3380 3146 aliquando
3411 3075 3586 3130 fuisse

316 3157 384 3207 ὲν
425 3154 504 3225 τῷ
552 3155 768 3227 ἐσχάτῳ
816 3157 912 3211 καὶ
963 3157 1110 3229 μόνῳ
1153 3156 1367 3229 όρεκτῴ
1420 3156 1682 3232 ἱδρύσεως
1711 3173 1771 3209 τε
1805 3158 1901 3211 καὶ

315 3246 493 3317 μονῆς
539 3247 1043 3319 παρακινηθέντα⁷³
1090 3248 1159 3302 τὰ
1205 3248 1398 3318 λογικὰ
1450 3249 1542 3302 τὸν
1595 3247 1902 3315 σκεδασμὸν

311 3334 535 3400 ἐλαϐεν,
594 3336 683 3389 ἵνα
736 3337 810 3407 μὴ
856 3338 1030 3406 λέγων
1079 3338 1373 3409 ὲρεσχελῶ,
1427 3335 1511 3401 τίς
1540 3338 1574 3407 ἡ
1605 3334 1901 3404 ἀπόδειξις,

311 3428 423 3491 τὰς
451 3426 620 3493 αύτάς
652 3429 746 3483 ἐπὶ
772 3431 887 3493 τοῖς
911 3432 1096 3494 αὐτοῖς
1128 3430 1215 3484 ἐπ’
1238 3430 1468 3501 ἄπειρον
1500 3428 1641 3494 ἕξειν
1658 3428 1706 3461 ⁷⁸
1725 3429 1795 3482 τά
1814 3429 1903 3482 λο-

313 3520 460 3591 γικὰ
483 3520 897 3592 μετεμπτὼσεις
919 3522 979 3589 ἐξ
996 3523 1243 3594 ἀνάγκης
1264 3523 1490 3587 εἰκότως
1513 3522 1899 3594 ύποθήσονται.

313 3606 551 3678 Οὖτινος
576 3614 684 3686 γὰρ
714 3614 802 3669 διὰ
830 3614 933 3685 τῆς
962 3615 1162 3687 πείρας
1191 3618 1557 3687 καταφρονεῖν
1584 3614 1731 3682 ἅπαξ
1752 3613 1902 3668 δεδύ-

314 3722 557 3775 νηνται,
608 3707 704 3761 καὶ
753 3708 835 3770 είς
878 3707 968 3760 ἀεὶ
1009 3706 1336 3778 δυνήσεσθαι
1377 3709 1554 3772 οὐδεὶς
1583 3710 1613 3763 ό
1640 3707 1902 3762 κωλύσων

317 3797 482 3850 ἔσται
527 3797 705 3867 λόγος.
764 3796 873 3852 Τοῦ
911 3797 970 3851 δὲ
1007 3797 1151 3852 οὕτω
1176 3798 1441 3870 φέρεσθαι
1476 3800 1548 3853 τὰ
1578 3798 1773 3868 λογικὰ
1805 3798 1902 3852 καὶ

321 3888 600 3959 μηδεμίαν
645 3891 789 3961 ἔχειν
844 3890 879 3962 ἢ
929 3889 1173 3956 ἐλπίζειν
1220 3890 1379 3960 βάσιν
1420 3889 1759 3961 ἀμετάθετον
1802 3888 1902 3960 τῆς

316 3983 385 4033 ιν
410 3980 491 4051 τῷ
519 3981 670 4051 καλῷ
697 3982 1029 4052 παγιότητος
1050 4023 1066 4046 ,
1112 3982 1168 4036 τί
1199 3981 1328 4036 ἄλλο
1357 3981 1559 4051 γένοιτ’
1580 3981 1647 4036 ἂν
1670 3980 1902 4035 ἐλεεινό-

316 4086 510 4140 τερον;
570 4072 635 4124 Ei
660 4070 719 4123 δὲ
746 4071 1006 4125 δύνασθαι
1034 4072 1134 4141 μὲν
1168 4074 1355 4141 φαῖεν,
1410 4072 1485 4143 μὴ
1512 4072 1795 4143 βούλεσθαι
1819 4072 1899 4136 δὲ,

317 4160 417 4215 διὰ
462 4161 562 4232 τὴν
598 4162 900 4234 γενομένην
943 4164 1140 4234 πεῖραν
1186 4164 1282 4217 τοῦ
1309 4164 1574 4231 ἐναντίου,
1609 4164 1704 4219 καὶ
1729 4164 1903 4227 οὕτως

318 4255 389 4308 ού
440 4253 507 4306 δι’
537 4254 739 4319 ἑαυτὸ,
797 4253 873 4311 ὡς
921 4253 1086 4307 καλὸν
1104 4256 1191 4319 ⁷⁸,
1248 4255 1382 4309 ἀλλὰ
1431 4255 1518 4310 διὰ
1563 4256 1624 4310 τὸ
1664 4256 1903 4311 ἐναντίον

317 4348 388 4402 τὸ
416 4347 581 4401 καλὸν
615 4350 801 4411 αὐτοῖς
829 4348 983 4403 εσται
1019 4348 1078 4415 ἐξ
1103 4348 1353 4420 ἀνάγκης
1381 4349 1742 4421 στεργόμενον
1761 4391 1775 4413 ,
1825 4349 1902 4413 ὡς

2001 3189 2070 3229 ex
2102 3181 2382 3244 praecepto
2409 3171 2611 3243 iubent
2638 3210 2653 3235 ,
2688 3178 2747 3225 et
2772 3185 2859 3236 ex,
2890 3167 2947 3223 in
2992 3166 3294 3223 novissimo
3324 3165 3587 3220 videlicet

2000 3275 2058 3322 et
2114 3262 2465 3336 permanenti
2538 3262 2705 3327 dato,
2760 3260 3126 3316 collocatione
3177 3266 3236 3313 et
3296 3256 3584 3312 mansione

2001 3363 2308 3428 permotata
2327 3354 2406 3425 (η)
2431 3352 2780 3409 rationabilia
2797 3352 3201 3422 dispersionem
3223 3358 3584 3419 acceperunt,

2002 3460 2064 3507 ut
2089 3465 2199 3504 non
2220 3448 2500 3519 superflua
2531 3447 2733 3509 dicam,
2763 3445 2942 3515 qualis
2972 3443 3322 3515 approbatio,
3358 3441 3583 3497 eosdem

2004 3541 2061 3597 in
2093 3556 2151 3597 se
2186 3539 2320 3609 ipsis
2342 3538 2398 3593 in
2421 3538 2699 3593 infinitum
2728 3536 2979 3591 habitum
3017 3534 3372 3589 rationabilia
3395 3533 3587 3602 lapsus

2005 3647 2075 3686 ex
2105 3629 2437 3685 necessitate
2466 3628 2615 3700 juste
2644 3627 3026 3682 sustinebunt.
3066 3627 3112 3681 Α
3143 3625 3296 3681 nullo
3318 3624 3465 3679 enim
3484 3638 3587 3693 per

2002 3720 2444 3790 experimentum
2468 3717 2768 3788 spernendi
2800 3720 2973 3773 semel
2998 3716 3452 3777 corroborantur,
3485 3730 3587 3768 ne-

2004 3826 2113 3881 que
2154 3810 2211 3864 in
2258 3818 2529 3865 aeternum
2568 3807 2987 3863 corroboratum
3040 3806 3107 3861 iri
3143 3806 3254 3860 ulla
3283 3804 3586 3876 prohibens

2003 3903 2112 3957 erit
2142 3901 2305 3957 ratio.
2340 3899 2493 3955 Ferri
2548 3913 2682 3955 vero
2729 3894 2812 3954 sic
2852 3896 3206 3953 rationabilia
3232 3936 3247 3960 ,
3285 3904 3343 3951 et
3373 3895 3585 3950 nullam

2006 3991 2212 4047 habere
2258 3990 2348 4045 vel
2395 3990 2671 4061 sperando
2702 3989 2879 4046 basim
2926 3988 3270 4044 immobilem
3329 3987 3387 4041 in
3437 3987 3587 4042 bono

2005 4083 2219 4150 ﬁxum,
2267 4083 2400 4154 quid
2450 4083 2600 4139 aliud
2646 4082 2804 4138 fieret
2854 4080 3286 4136 miserabilius?
3336 4078 3394 4134 Si
3452 4094 3586 4133 vero

2004 4191 2165 4246 posse
2187 4176 2413 4245 quidem
2448 4174 2711 4238 dixerint,
2749 4172 2897 4229 nolle
2919 4188 3078 4235 vero,
3115 4171 3223 4227 nisi
3258 4187 3357 4241 per
3378 4170 3583 4225 factum

2005 4268 2269 4322 contrarii
2295 4266 2763 4337 experimentum,
2799 4274 2857 4320 et
2884 4264 2965 4320 sic
3002 4280 3115 4319 non
3158 4280 3259 4334 per
3298 4279 3359 4318 se
3403 4265 3583 4332 ipsum

2005 4371 2067 4415 ut
2101 4359 2329 4424 bonum,
2357 4359 2453 4414 sed
2486 4374 2585 4428 per
2621 4356 2988 4420 contrarium,
3013 4356 3123 4412 erit
3154 4357 3237 4411 eis
3264 4356 3474 4410 bonum
3517 4370 3585 4409 ex

319 4441 387 4494 οὐ
411 4441 572 4510 φύσει
600 4440 635 4512 ἧ
661 4441 865 4512 κυρίως
892 4441 952 4494 ὃν
976 4439 1227 4513 ἐραστόν.
1256 4443 1369 4496 Πᾶν
1389 4442 1497 4512 γὰρ
1523 4440 1552 4494 ὃ
1574 4441 1650 4512 μὴ
1664 4440 1900 4496 δι’ὲαυτδ

2011 4451 2341 4506 necessitate
2377 4450 2637 4515 amabile,
2681 4449 2961 4519 quomodo
2998 4465 3109 4503 non
3144 4465 3213 4504 ex
3246 4458 3443 4503 natura
3492 4457 3586 4503 aut

320 4534 533 4602 ἀγαθόν
572 4535 687 4588 ἐστι
738 4535 833 4588 καὶ
876 4535 1108 4605 ὲραστὺν
1139 4536 1236 4589 καὶ
1262 4535 1443 4606 πάσης
1472 4534 1721 4589 ἑλκτικὸν
1747 4536 1906 4606 κινή-

324 4640 465 4686 σεως
515 4622 579 4676 οὐ
614 4624 821 4695 κυρίως
871 4626 1054 4680 καλόν.
1110 4626 1221 4680 Καὶ
1271 4625 1360 4679 διὰ
1403 4624 1560 4680 τοῦτο
1610 4625 1732 4679 οὐδὲ
1776 4625 1910 4679 καο-

322 4718 546 4771 ικτικδν
574 4717 802 4781 εἰκότως
824 4718 922 4789 τῆς
945 4718 1053 4772 τῶν
1078 4718 1167 4772 ἐπ’
1183 4718 1334 4789 αύτῷ
1352 4718 1626 4788 ἡδομένων
1646 4718 1907 4785 ἐφέσεως,

320 4805 464 4861 ἀλλά
515 4809 612 4861 καὶ
662 4808 824 4880 χάριν
868 4808 1055 4864 λοιπὸν
1106 4809 1502 4881 ὁμολογήσαιεν
1539 4807 1606 4864 ἂν
1634 4809 1712 4881 τῷ
1753 4808 1909 4880 κακῷ

2007 4542 2249 4611 proprie,
2292 4540 2442 4611 quod
2478 4549 2565 4595 est
2599 4540 2856 4604 amabile,
2890 4546 2995 4594 est.
3038 4538 3217 4594 Omne
3257 4540 3404 4593 enim
3439 4536 3584 4606 quod

2005 4646 2116 4687 non
2144 4645 2243 4700 per
2261 4646 2323 4685 se
2354 4630 2535 4699 ipsum
2560 4630 2768 4683 bonum
2792 4636 2878 4683 est
2902 4636 2959 4683 et
2987 4628 3250 4691 amabile,
3273 4636 3330 4683 et
3362 4643 3583 4681 onmem

2004 4720 2074 4774 ad
2100 4735 2159 4775 se
2184 4736 2294 4775 non
2321 4719 2606 4775 attrahens
2622 4726 2855 4782 motum,
2875 4732 2983 4772 non
3005 4726 3090 4773 est
3109 4720 3333 4788 proprie
3355 4718 3584 4773 bonum.

2006 4812 2084 4866 Ac
2100 4826 2199 4882 per
2217 4811 2326 4867 hoc
2342 4827 2523 4883 neque
2539 4812 2935 4883 attrahetjuste
2952 4811 3344 4870 delectantium
3362 4827 3420 4867 se
3442 4810 3590 4866 desi-

1607 4945 1840 5002 VARIAE
1890 4947 2296 5006 LECTIONES.

402 5036 451 5070 τ’
478 5036 702 5109 εἴχομεν
722 5039 810 5093 ed.
846 5038 964 5096 Gal.

1061 5032 1556 5111 ⁷³περικινηθέντα
1586 5039 1676 5095 ed.
1706 5039 1824 5097 Gal.
1907 5044 1955 5075 7“
1987 5043 2099 5112 ἕξιν
2130 5044 2221 5101 ed.
2256 5044 2376 5100 Gal.
2456 5045 2502 5078 ⁷⁸
2537 5045 2698 5099 ἑαυτὸ
2727 5044 2785 5098 τὸ
2812 5045 2887 5108 ὡς
2934 5042 3095 5097 καλὸν
3142 5042 3231 5096 ed.
3268 5041 3385 5096 Gal.

1810 5175 2045 5233 NOT/E.

401 5262 467 5333 (ι)
500 5263 627 5337 “(ec
652 5279 761 5318 non
793 5274 901 5337 tam
925 5276 1183 5337 corrupta
1205 5282 1370 5336 quam
1405 5282 1514 5320 non
1552 5266 1693 5322 bene
1745 5267 1910 5322 intel-

326 5334 472 5407 lecta
507 5349 537 5387 a
565 5334 751 5407 Scoto,
789 5335 1036 5407 adeoque
1062 5334 1201 5391 male
1225 5334 1497 5391 conversa
1526 5336 1597 5391 ita
1627 5337 1864 5407 relingas
1892 5354 1906 5391 :

328 5404 416 5477 Ea:
440 5420 544 5477 quo
564 5404 865 5474 diﬂ'erenter
882 5404 1125 5477 dispersa
1154 5407 1468 5470 rationalia,
1505 5408 1574 5460 ad
1614 5404 1907 5477 procrean-

328 5474 456 5526 dum
486 5476 624 5527 hunc
643 5474 975 5545 corporalem
1003 5477 1279 5537 mundam,
1308 5479 1473 5531 Deum
1500 5474 1677 5531 videre
1713 5486 1907 5530 conata

326 5553 475 5605 sunt,
504 5560 565 5597 ea
591 5549 653 5598 de
687 5563 851 5600 causa
896 5547 1034 5618 quod
1074 5548 1189 5617 ipsa
1232 5549 1532 5617 corporibus
1574 5548 1809 5618 ligasset,
1854 5549 1907 5599 in

329 5630 517 5668 eorum
551 5632 668 5685 qua:
703 5626 860 5670 antea
892 5628 1238 5687 peccaverant
1275 5618 1700 5672 vindicationem.

2084 5267 2180 5337 (ιη)
2212 5268 2396 5339 Verte
2427 5283 2543 5339 eam
2577 5265 3055 5319 verisimilitudine.
3102 5266 3338 5339 Legerat
3386 5269 3588 5328 Scottis

2010 5336 2255 5391 ἐπόντος.
2283 5336 2484 5406 (Gale.)

2090 5409 2167 5471 (η)
2192 5405 2524 5469 Permotata,
2549 5405 2693 5460 forte
2716 5406 3133 5477 προκινηθέντα.
3154 5408 3252 5462 llic
3281 5409 3417 5465 nihil
3447 5412 3587 5468 vidit

2012 5477 2268 5545 Erigena.
2302 5477 2370 5530 Et
2412 5492 2550 5545 pene
2575 5477 2761 5548 omnia
2802 5479 2854 5530 in
2900 5477 3003 5531 hoc
3048 5481 3226 5547 capite
3271 5483 3581 5548 pervertit;

2009 5548 2215 5619 quibus
2248 5547 2723 5619 tamennotandis
2747 5589 2761 5613 ,
2797 5549 3061 5618 quoniam
3097 5547 3439 5619 plurasunt,
3496 5568 3589 5607 sn-

2012 5617 2302 5686 pcrsedco.
2337 5617 2532 5688 (Galen)

403 5728 484 5799 (Ξ)
522 5728 667 5785 Idem
701 5730 832 5787 ibid.
867 5749 989 5803 cap.
1022 5734 1072 5799 7,
1107 5749 1158 5802 p.
1201 5734 1327 5801 261,
1361 5744 1493 5792 tom.
1532 5735 1574 5802 l,
1616 5736 1755 5806 ()pp.
1790 5734 1879 5789 ed.
1913 5731 2134 5787 Bened.-
2228 5760 2231 5761 ν
