4014 6284
453 262 584 330 1071

1616 258 1679 319 S.
1715 250 2003 318 MAXIMI
2043 251 2555 314 CONFESSORlS

3579 256 3722 322 1072

450 378 690 442 der-iam,
725 375 825 433 sed
844 386 901 431 et
930 373 1135 447 gratias
1151 380 1328 429 restat
1356 356 1606 428 conﬁteri
1639 384 1737 426 eos
1756 369 1899 425 malo
1926 368 2023 439 qui

2133 366 2182 419 ei
2232 365 2391 420 τοῦτο
2442 365 2800 437 περιέποντες
2852 366 2915 420 τὸ
2961 367 3261 441 φρόνημα,
3314 368 3394 435 ὡς
3444 369 3514 423 δι’
3552 371 3722 425 αὑτοῦ

451 473 617 526 talem
635 474 945 539 sequuntur
960 464 1311 537 sapientiam,
1328 462 1527 518 merito
1539 476 1641 533 per
1658 460 1860 532 ipsum,
1880 458 2029 531 quod

451 562 797 631 necessezest,
816 557 1119 621 discentes,
1142 557 1200 612 in
1216 555 1365 611 bono
1387 552 1602 610 scilicet
1622 552 1858 607 ﬁxuram
1887 564 2028 621 quo-

448 653 729 726 quomodo
747 652 952 708 habere
976 649 1331 721 paenitentes,
1356 654 1414 703 et
1437 645 1853 719 generationem
1869 643 1939 698 ab
1961 657 2031 697 eo

450 746 766 804 necessario
788 743 1054 808 dixerint,
1072 739 1347 812 siquidem
1379 739 1607 796 sibimet
1621 736 2027 809 generationem

448 848 704 897 astruere
722 843 1024 897 noverunt.
1057 842 1259 889 natura
1282 832 1400 903 ipsa
1429 831 1731 896 utiliorem,
1747 829 1873 900 jure
1897 826 2027 884 dum

449 935 523 989 sit
546 931 795 1005 proficua
816 926 1119 985 secundum
1144 942 1341 983 eorum
1363 924 1670 980 doctrinam
1700 931 1758 978 et
1778 923 2028 979 omnium

450 1024 746 1097 pretiosior
761 1020 1060 1095 possessio.
1074 1019 1153 1075 Ex
1163 1018 1437 1075 charitate
1448 1017 1574 1074 dico
1586 1016 2026 1088 generationem,

449 1132 548 1186 per
574 1130 741 1185 quam
772 1111 1100 1168 naturaliter
1134 1111 1302 1178 inest,
1341 1108 1528 1165 omnia
1546 1123 1613 1164 ex
1648 1108 1763 1164 Deo
1794 1107 1938 1163 facta
1970 1106 2028 1162 in

448 1208 620 1261 Deum
651 1202 974 1275 congregari
999 1208 1273 1271 perpetuo
1315 1207 1483 1270 atque
1503 1197 2026 1255 inconversibiliter.

518 1294 589 1352 Et
615 1294 837 1358 iterum,
890 1306 1084 1346 eorum
1129 1305 1256 1360 quae
1314 1305 1384 1345 ex
1411 1290 1527 1345 Deo
1568 1288 1714 1344 facta
1766 1297 1937 1355 sunt,
1970 1297 2029 1344 et

448 1385 881 1457 intelligibilium
914 1394 972 1439 et
1006 1382 1359 1439 sensibilium
1382 1423 1397 1448 ,
1429 1382 1721 1455 generatio
1758 1390 1888 1438 ante
1912 1396 2029 1438 mo-

448 1490 564 1535 tum
592 1477 944 1549 intelligitur.
973 1476 1097 1533 Non
1120 1475 1269 1531 enim
1319 1482 1507 1546 potest
1538 1483 1665 1530 ante
1713 1473 2026 1546 generatio-

447 1587 572 1628 nem
596 1580 781 1627 motus
820 1585 981 1637 esse;
1018 1584 1215 1625 eorum
1249 1568 1398 1624 enim
1428 1584 1552 1638 quae
1583 1567 1727 1623 facta
1768 1575 1901 1623 sunt
1942 1576 2028 1623 est

445 1674 651 1730 motus,
676 1665 793 1720 sive
837 1664 1277 1735 intelligibilium
1324 1661 1715 1735 intelligibilis,
1747 1662 1868 1718 sive
1892 1677 2026 1717 sen-

2131 456 2193 510 τὸ
2242 458 2363 511 δέον
2415 456 2761 528 διδαχθέντες
2820 460 2918 513 καὶ
2963 461 3063 531 τὴν
3116 462 3177 516 ὲν
3225 461 3305 532 τῷ
3350 462 3502 535 καλῷ
3554 463 3725 534 πῆξιν

2132 550 2251 615 πῶς
2274 551 2421 622 ἔχειν
2450 551 2863 622 μεταμαθόντες
2890 553 2987 607 καὶ
3008 554 3225 623 γένεσιν
3246 531 3382 609 αὐτὸ

2131 644 2338 702 εἴποιεν
2366 644 2434 698 ἂν
2456 685 2473 711 ,
2528 644 2691 716 εῐπερ
2722 646 2939 710 ἑαυτοῖς
2967 650 3202 718 στοιχεῖν
3232 647 3537 718 διέγνωσαν
3556 690 3575 716 ,
3624 651 3731 704 καὶ

2131 736 2231 808 τῆς
2275 736 2494 805 φύσεως
2536 736 2709 808 αὐτῆς
2749 739 3173 810 χρησιμωτέραν
3196 777 3215 805 ,
3264 739 3345 804 ὡς
3378 740 3475 795 τοῦ
3505 738 3730 811 συμφέ-

2134 844 2324 899 ροντος
2361 829 2487 882 κατ’
2507 828 2707 892 αὐτοὺς
2736 824 2903 884 οὖσαν
2928 829 3279 902 διδακτικὴν,
3327 831 3424 886 καὶ
3454 831 3549 885 τοῦ
3582 833 3733 887 πάν-

2129 936 2240 975 των
2266 920 2599 993 τιμιωτέρου
2631 923 2934 993 κτήματος,
2962 923 3064 993 τῆς
3088 924 3315 996 ἀγάπης
3338 924 3501 992 λέγω,
3524 919 3731 996 γίνντδι

2129 1011 2288 1084 τικὴν
2307 1054 2324 1079 ,
2373 1013 2495 1067 καθ’
2521 1014 2590 1084 ἢν
2632 1012 2845 1082 πέφυκε
2891 1015 3072 1069 πάντα
3102 1014 3173 1068 τὰ
3200 1015 3266 1069 ἐκ
3290 1013 3430 1069 Θεοῦ
3455 1011 3733 1086 γιὶιόμενσ

2130 1105 2212 1169 εις
2262 1103 2395 1159 Θεὸν
2468 1105 2808 1175 συνάγεσθαι
2884 1106 3134 1177 μονιμως
3207 1124 3270 1161 τε
3338 1107 3436 1163 καὶ
3492 1109 3727 1181 dupe:-

2128 1195 2402 1270 τρέπτως.

2200 1290 2313 1343 Καὶ
2360 1288 2524 1343 πάλιν
2544 1329 2564 1357 ,
2620 1288 2731 1343 τῶν
2780 1289 2845 1343 ὲκ
2885 1290 3024 1346 Θεοῦ
3068 1292 3379 1364 γενομένων
3414 1294 3630 1367 νοητῶν
3656 1312 3728 1349 τε

2130 1380 2319 1453 (120
2334 1388 2389 1452 a)
2426 1381 2523 1435 καὶ
2551 1380 2829 1452 αἰσθητῶν
2859 1383 2896 1454 η
2920 1383 3135 1452 γένεσις
3161 1385 3262 1454 τῆς
3282 1386 3560 1455 κινήσεως
3585 1404 3726 1458 προ-

2129 1476 2446 1528 επινοείται.
2482 1474 2561 1527 Οὐ
2602 1474 2712 1546 7&9
2762 1469 2875 1529 οἷόν
2907 1492 2969 1529 τε
3018 1476 3127 1545 πρὸ
3154 1477 3423 1545 γενέσεως
3456 1474 3602 1534 εἶναι
3629 1482 3724 1533 κί-

2127 1581 2307 1637 νησιν.
2364 1564 2486 1619 Τῶν
2523 1565 2637 1637 γὰρ
2673 1566 2987 1637 γενομένων
3019 1567 3053 1638 ἠ
3079 1566 3317 1638 κίνησις,
3349 1568 3451 1640 ἦτε
3480 1570 3722 1641 νοητῶύ,

2128 1657 2294 1729 νοητὴ
2314 1697 2331 1722 ,
2355 1658 2393 1728 ἣ
2430 1673 2489 1711 τε
2517 1656 2829 1729 αἰσθητῶν,
2861 1658 3114 1730 αἰσθητή.
3153 1659 3320 1714 Οὐδὲν
3344 1660 3457 1732 7&9
3485 1661 3600 1716 τῶν
3624 1681 3724 1731 γε-

445 1757 690 1813 sibilium
719 1756 1002 1815 sensibilis
1032 1734 1053 1810 ξ
1084 1755 1297 1811 nullum
1319 1755 1471 1811 enim
1499 1734 1695 1811 eorum
1738 1769 1861 1824 quae
1881 1753 2025 1811 facta

2130 1748 2371 1821 νομένων
2413 1749 2592 1802 tori."
2638 1748 2702 1801 τὸ
2741 1749 3008 1821 παράπαν
3055 1748 3135 1821 τῷ
3179 1749 3300 1805 καθ’
3329 1751 3530 1805 usus”
3576 1753 3728 1825 λόγῳ

446 1856 576 1903 sunt
608 1844 953 1905 est'omnino
985 1848 1179 1903 eadem
1201 1846 1418 1904 ratione
1475 1847 1763 1903 immobile
1790 1887 1810 1913 ,
1843 1861 2026 1917 neque

444 1954 640 1996 eorum
669 1940 854 1997 anima
898 1939 1211 1996 carentium
1241 1947 1298 1995 et
1327 1938 1701 2003 sensibilium,
1732 1939 1876 1995 sicut
1903 1947 2026 1994 stu-

444 2030 786 2089 diosioribus
806 2047 1001 2087 eorum
1031 2047 1156 2101 quae
1176 2039 1309 2087 sunt
1358 2031 1893 2101 contemplatoribus
1944 2030 2027 2086 vi-

445 2138 568 2177 sum
610 2130 734 2189 est;
775 2122 989 2178 moveri
1043 2122 1195 2177 enim
1240 2120 1429 2177 omnia
1466 2121 1730 2177 dixerunt
1770 2131 1868 2177 aut
1925 2137 2026 2193 per

450 2224 656 2270 rectam
702 2214 930 2280 lineam,
968 2222 1072 2275 aut
1124 2231 1226 2286 per
1269 2214 1569 2280 circulum,
1626 2222 1724 2269 aut
1774 2215 2024 2286 oblique.

442 2305 640 2360 Omnis
662 2305 812 2360 enim
859 2313 1047 2360 motus
1096 2304 1340 2375 simplici
1388 2313 1447 2360 et
1504 2305 1813 2376 composito
1845 2305 2025 2361 couti-

449 2407 615 2453 netur
657 2396 845 2452 modo.
895 2396 953 2452 Si
1013 2412 1148 2468 ergo
1187 2396 1512 2468 intelligitur
1562 2398 1847 2468 generatio
1896 2406 2025 2454 ante

447 2496 657 2544 motum
698 2504 895 2545 eorum
954 2504 1195 2559 quorum
1241 2498 1369 2554 est,
1418 2489 1717 2560 inspicitur
1776 2490 2026 2560 profecto

444 2595 640 2636 eorum
668 2594 906 2651 quorum
931 2590 1017 2636 est
1039 2590 1224 2637 motus
1243 2596 1343 2651 per
1367 2581 1809 2659 generationem,
1832 2591 2026 2652 utpote

446 2673 580 2727 dum
632 2673 705 2728 sit
763 2681 889 2744 post
958 2688 1081 2728 eam
1139 2673 1448 2730 secundum
1501 2672 1781 2730 notitiam.
1835 2674 2027 2731 Talem

445 2775 632 2822 autem
682 2775 892 2822 motum
958 2765 1221 2820 virtutem
1300 2773 1503 2821 vocant
1568 2766 1879 2822 naturalem
1956 2766 2026 2822 ad

445 2874 610 2914 suum
644 2857 807 2913 finem
837 2857 1210 2922 festinantem,
1234 2855 1309 2927 (ο)
1340 2858 1433 2928 qui
1464 2872 1677 2914 sacram
1708 2857 2026 2913 divinorum

444 2949 608 3006 nobis
663 2949 1054 3022 mysteriorum
1118 2950 1409 3005 scientiam
1478 2964 1636 3005 sacre
1700 2949 2026 3006 introduxe-

446 3050 625 3107 runt;
676 3052 772 3095 aut
821 3041 1159 3111 passionem,
1214 3041 1271 3097 id
1321 3049 1406 3097 est
1458 3049 1669 3097 motum
1725 3057 1795 3098 ex
1848 3043 2026 3099 altero
2053 3083 2098 3144 ε

442 3135 757 3190 venientem
805 3134 875 3190 ad
906 3135 1145 3190 alterum
1187 3136 1346 3205 cuius
1392 3133 1517 3190 linis
1569 3143 1656 3190 est
1713 3135 2026 3206 impassibi-

443 3224 593 3290 litae,
629 3233 727 3279 aut
758 3225 1140 3295 operationem
1168 3224 1427 3288 activam.
1464 3226 1624 3297 cujus
1658 3225 1784 3282 ﬁnis
1818 3236 1904 3283 est
1925 3243 2027 3298 per

444 3318 687 3385 seipsum
732 3315 1024 3387 perfectio.
1076 3316 1303 3372 Nullum
1338 3331 1475 3373 vero
1509 3332 1707 3373 eorum
1736 3333 1860 3387 qua:
1880 3318 2027 3374 facta

446 3417 580 3463 sunt
594 3407 799 3464 suimet
823 3406 952 3465 linis
980 3416 1087 3476 est,
1108 3408 1374 3479 quoniam
1395 3424 1577 3480 neque
1605 3409 1693 3464 sui
1716 3424 1885 3464 causa
1910 3420 2024 3477 est;

445 3497 696 3569 alioquin
727 3509 797 3554 et
828 3498 1139 3570 ingenitum
1187 3508 1245 3555 et
1298 3514 1498 3555 carens
1534 3498 1814 3570 principio
1853 3508 1911 3555 et
1942 3499 2027 3554 in-

446 3590 835 3647 commotabile
858 3600 1045 3657 esset,
1070 3591 1274 3647 merito
1297 3591 1368 3647 ad
1395 3591 1611 3646 nullum
1633 3591 2026 3662 quoquomodo

447 3679 659 3736 habens
694 3681 948 3747 moveri;
993 3680 1418 3738 transcenderet
1468 3681 1618 3736 enim
1649 3697 1848 3737 eorum
1895 3697 2019 3752 qua:

447 3782 580 3830 sunt
628 3782 905 3840 naturam,
939 3782 1133 3845 utpote
1175 3788 1278 3845 pro
1309 3774 1465 3830 nullo
1508 3782 1696 3841 esset;
1742 3773 2020 3844 siquidem

450 3881 582 3921 vera
607 3866 676 3922 de
706 3867 827 3937 ipso
854 3865 1130 3933 deﬁnitio,
1153 3867 1406 3937 quamvis
1434 3866 1636 3934 aliena,
1690 3883 1813 3937 quae
1838 3866 1977 3923 dicit
2010 3883 2024 3920 :

451 3958 602 4014 Finis
627 3968 713 4015 est
747 3974 849 4031 pro
878 3974 991 4029 quo
1021 3959 1229 4023 omnia,
1264 3960 1385 4030 ipse
1415 3975 1552 4015 vero
1588 3975 1690 4031 pro
1714 3960 1887 4014 nullo.
1920 3958 2026 4014 Ne-

446 4066 557 4119 que
592 4066 691 4120 per
714 4066 773 4107 se
798 4051 1064 4121 perfectio
1085 4093 1100 4119 ,
1133 4052 1383 4123 alioquin
1415 4068 1527 4107 non
1561 4052 1875 4108 elliceretur
1899 4051 2026 4121 jure

450 4142 713 4210 plenum;
750 4149 808 4197 et
836 4142 1095 4197 similiter
1115 4153 1174 4198 et
1198 4158 1229 4197 a
1263 4143 1418 4198 nullo
1440 4157 1565 4199 esse
1604 4142 1876 4208 haberet;
1928 4156 2029 4212 per

450 4247 510 4287 se
548 4232 698 4299 enim
738 4232 1064 4302 perfectum,
1106 4233 1575 4304 quemadmodum
1615 4242 1674 4288 et
1718 4231 2023 4288 incausale.

450 4323 643 4393 Neque
676 4323 1113 4394 impassibilitas,
1145 4326 1352 4396 alioqui
1390 4336 1448 4382 et
1482 4324 1561 4397 (ρ)
1591 4340 1825 4381 manens
1853 4334 1910 4382 et
1943 4324 2026 4379 in.

2126 1840 2410 1910 ἀκίνητον,
2447 1838 2558 1892 οὐδ’
2580 1837 2765 1893 αὐτῶν
2791 1837 2899 1893 τῶν
2926 1838 3151 1910 ἀψύχων
3185 1839 3280 1894 καὶ
3308 1842 3615 1912 αἰσθητῶν,
3644 1845 3726 1908 ὡς

2123 1934 2239 1996 τοῖς
2258 1925 2707 2004 ἐπιμελεστέρως
2727 1929 2835 1985 τῶν
2856 1930 3029 1987 ὅντων
3056 1931 3319 2003 θεάμοσιν
3338 1933 3516 2000 εδοξε.
3543 1936 3724 1991 Kurd-

2126 2025 2253 2081 σθαι
2274 2025 2384 2097 7&9
2413 2025 2591 2079 πάντα
2614 2025 2847 2096 ἔφασαν,
2879 2024 2916 2097 ἦ
2946 2024 3075 2079 κατ’
3095 2026 3335 2091 εὐθεῖαν,
3369 2027 3405 2100 ἢ
3439 2028 3587 2082 κατὰ
3616 2028 3723 2082 2-5-

2125 2118 2275 2185 κλον,
2308 2118 2343 2190 ἢ
2375 2118 2708 2183 ὲλικοειδῶς.
2744 2119 2905 2173 Πᾶσα
2931 2117 3044 2191 γὰρ
3072 2118 3290 2191 κίνησις
3317 2120 3400 2192 τῷ
3426 2120 3592 2193 ἁπλῷ
3622 2121 3724 2177 καὶ

2123 2208 2204 2281 τῷ
2248 2209 2492 2281 συνθέτῳ
2538 2210 2863 2281 περιέχεται
2898 2211 3108 2284 τρόπῳ.
3168 2214 3232 2267 El
3263 2212 3448 2268 τοίνυν
3481 2232 3721 2287 προεπι-

2125 2305 2328 2357 νοεῖται
2361 2302 2463 2373 τῆς
2496 2295 2573 2357 ῶν
2614 2303 2731 2357 εστι
2769 2305 3040 2376 κινήσεως
3066 2306 3100 2376 ἡ
3123 2306 3363 2375 γένεσις,
3393 2306 3721 2378 ἐπιθεωρεῐ-

2124 2414 2216 2452 ται
2257 2394 2458 2468 δὴηοη
2508 2395 2610 2465 τῆς
2656 2388 2732 2449 ὧν
2779 2398 2901 2450 ἐστι
2944 2397 3217 2466 γενέσεως
3256 2400 3293 2471 η
3334 2399 3554 2469 κίνησις
3579 2442 3595 2466 ,
3643 2399 3725 2463 ὥς

2126 2488 2248 2561 μετ’
2267 2488 2440 2559 αὐτὴν
2464 2487 2821 2542 κατεπινοιαν
2852 2484 3009 2543 οὖσα.
3043 2489 3264 2561 Ταύτην
3286 2490 3344 2544 δὲ
3372 2490 3474 2563 τὴν
3502 2492 3723 2560 κίνησιν

2125 2579 2356 2649 δύναμιν
2385 2576 2643 2634 καλοῦσιν
2668 2579 2933 2650 φυσικὴν,
2966 2580 3109 2652 πρὸς
3133 2581 3197 2635 τὸ
3222 2582 3343 2635 κατ’
3366 2580 3543 2652 αὐτὴν
3563 2581 3723 2645 τέλος

2128 2670 2517 2741 ἔπειγομένην,
2552 2668 2588 2741 ἢ
2620 2669 2819 2736 πάθος,
2850 2671 2972 2741 ἤτοι
2996 2672 3235 2744 κίνησιν,
3270 2671 3332 2738 ἑξ
3353 2673 3548 2745 ἑτέρου
3575 2674 3722 2745 πρὸς

2126 2761 2313 2832 ἕτερον
2336 2759 2656 2831 γινομένην,
2689 2758 2844 2825 τέλος
2871 2761 3102 2833 ἔχουσαν
3134 2764 3197 2816 τὸ
3224 2763 3458 2828 ἀπαθὲς,
3498 2766 3532 2837 ἢ
3562 2766 3721 2837 ἐνέρ-

2129 2876 2286 2929 γειαν
2311 2858 2635 2931 δραστικὴν,
2665 2858 2820 2922 τέλος
2846 2857 3079 2928 ἔχουσαν
3112 2856 3175 2911 se
3197 2856 3512 2920 αὐτοτελές.
3548 2858 3721 2911 Οὐδὲν

2127 2951 2185 3008 δὲ
2216 2950 2329 3005 τῶν
2354 2950 2599 3022 γενητῶν
2613 2950 2662 2982 ⁸⁸
2701 2948 2896 3004 ἑαυτοῦ
2942 2948 3098 3013 τέλος
3124 2948 3272 3002 ἐστὶν
3298 2985 3315 3011 ,
3367 2947 3561 3017 ἐπειδὴ
3593 2948 3719 3001 οὔτε

2129 3042 2405 3097 αύταίτιον
2426 3080 2445 3109 ,
2498 3042 2624 3096 ἐπεὶ
2653 3043 2745 3096 καὶ
2775 3042 3040 3111 ἀγένητον
3070 3040 3166 3094 καὶ
3194 3039 3432 3110 ἄναρχον
3464 3041 3563 3092 καὶ
3591 3041 3719 3092 dxi-

2128 3152 2322 3207 νητον,
2358 3134 2435 3199 ῶς
2468 3135 2609 3205 πρὸς
2644 3134 2815 3205 μηδὲν
2842 3132 2962 3197 πῶς
2987 3132 3110 3202 ἔχον
3139 3132 3457 3202 κινηθῆναι.
3492 3130 3717 3185 Ἐχϐαἰ-

2124 3242 2207 3279 νει
2234 3225 2345 3298 γὰρ
2376 3225 2484 3280 τῶν
2508 3226 2680 3280 ὄντων
2706 3225 2808 3297 τὴν
2837 3225 3023 3295 φύσιν,
3057 3225 3137 3288 ὡς
3159 3224 3373 3285 οὐδενὸς
3404 3224 3599 3277 ἕνεκεν
3630 3224 3717 3287 ὃν,

2126 3320 2288 3389 ειπερ
2318 3317 2528 3389 ἀληθὴς
2568 3320 2598 3373 ὁ
2620 3312 2762 3390 περὶ
2786 3316 2955 3373 αὐτοῦ
2984 3316 3214 3389 ὁρισμὸς
3233 3356 3248 3381 ,
3296 3315 3400 3369 κᾶν
3430 3314 3721 3385 ἀλλότριος

2126 3406 2162 3483 ᾖ
2189 3412 2219 3465 ὁ
2242 3409 2444 3479 λέγων.
2479 3409 2647 3474 Τέλος
2671 3412 2822 3465 ἐστὶν
2854 3403 2922 3464 οῦ
2948 3410 3139 3463 ἕνεκεν
3167 3408 3241 3461 τὰ
3261 3407 3466 3472 πάντα,
3501 3408 3639 3461 αὐτὸ
3663 3408 3721 3461 δὴ

2125 3502 2343 3568 οὐδενὸς
2387 3502 2600 3558 ἕνεκεν.
2662 3502 2799 3557 οὐδὲ
2845 3500 3167 3566 αὐτοτελὲς,
3217 3501 3340 3555 ἐπεὶ
3365 3501 3462 3554 καὶ
3489 3501 3721 3570 ἁνενέρε

2125 3607 2294 3661 γητον
2316 3630 2332 3655 ,
2387 3590 2464 3653 ὡς
2514 3590 2757 3662 πλῆρες,
2810 3593 2907 3647 καὶ
2950 3590 3213 3655 ὡσαύτως
3256 3590 3353 3645 καὶ
3394 3590 3723 3660 μηδαμόθεν

2125 3681 2187 3734 τὸ
2236 3675 2389 3735 εἶναι
2419 3679 2562 3751 ἔχον.
2617 3681 2692 3735 Τὸ
2720 3681 3009 3745 αὐτοτελὲς
3032 3681 3146 3752 γάρ
3171 3698 3289 3744 πως
3320 3681 3416 3734 καὶ
3442 3680 3717 3734 ἀναίτιον.

2127 3771 2250 3825 οὐδ’
2272 3770 2504 3837 ἀπαθὲς,
2538 3772 2665 3825 ἐπεὶ
2697 3772 2796 3826 καὶ
2824 3773 2987 3844 μόνον
3019 3772 3116 3827 καὶ
3142 3771 3371 3842 ἄπειρον
3401 3771 3500 3825 καὶ
3518 3770 3720 3841 ἀπειῦ

2126 3877 2359 3933 γραφον.
2396 3862 2473 3915 Οὐ
2503 3862 2612 3934 γὰρ
2636 3862 2870 3932 πάσχειν
2895 3861 3106 3931 πέφυκε
3133 3861 3364 3917 καθόλου
3390 3860 3455 3915 τδ
3475 3862 3719 3928 ἀπαθὲς,

2126 3953 2206 4024 τῷ
2238 3954 2365 4025 μήτ’
2388 3954 2520 4024 ερᾷν
2546 3953 2741 4017 ἄλλου,
2777 3952 2811 4023 ἦ
2839 3954 3109 4009 κινεῖσθαι
3142 3954 3281 4027 πρὸς
3304 3954 3503 4025 (120
3524 3954 3587 4025 lu)
3616 3956 3719 4008 ὀλο

2126 4044 2190 4099 λο
2214 4061 2266 4098 τι
2300 4046 2421 4098 κατ’
2442 4044 2650 4114 ἔφεσιν.
2707 4044 2875 4099 Οὐδὲν
2902 4044 3013 4117 ἄρα
3053 4045 3164 4100 τῶν
3191 4045 3501 4116 γενητῶν⁸⁶
3531 4045 3720 4098 κινού-

2131 4153 2295 4207 μενον
2321 4136 2474 4207 ἔστη,
2507 4136 2586 4199 ὡς
2616 4135 2721 4209 τῆς
2746 4135 2975 4209 πρώτης
3008 4138 3105 4192 καὶ
3135 4138 3303 4208 μόνης
3332 4137 3542 4201 αἰτίας,
3567 4136 3630 4201 ἐξ
3649 4131 3719 4207 ἧς

2125 4229 2190 4284 τὸ
2209 4225 2352 4285 εἶναι
2377 4232 2491 4294 τοῖς
2514 4225 2635 4284 οὖσι
2659 4232 2934 4302 περίεστι,
2965 4231 3133 4303 μήπω
3156 4231 3339 4300 τυχὸν,
3369 4230 3402 4300 ἢ
3432 4228 3530 4283 τοῦ
3552 4230 3721 4299 ἐσχά-

2127 4340 2222 4378 του
2256 4323 2409 4387 ὲντδς
2436 4323 2730 4395 γενόμενον
2756 4323 3009 4396 ὸρεκτοῦ,
3044 4324 3111 4377 ἵν’
3135 4326 3200 4378 ἐκ
3223 4323 3721 4395 προγεγενημένης

453 4413 675 4471 ﬁnitum
697 4424 756 4471 et
795 4416 1339 4488 incircumscriptum
1378 4427 1547 4474 esset.
1595 4417 1715 4473 Non
1736 4416 1887 4473 enim
1910 4416 2023 4487 pati

2129 4414 2315 4480 ἐνὰδος
2364 4417 2394 4470 ὁ
2435 4416 2545 4470 τῶν
2592 4415 2831 4484 λογικῶν
2887 4414 3195 4487 σκεδασμὸς
3244 4414 3429 4486 ἑαυτῷ
3470 4413 3576 4486 τὴν
3606 4415 3719 4467 τῶν

394 4572 403 4582 ,
454 4506 782 4563 naturaliter
827 4508 975 4564 inest
1000 4551 1014 4574 ,
1038 4509 1206 4580 .quod
1254 4509 1643 4565 universaliter
1688 4508 2027 4579 impassibile

450 4609 560 4665 est,
597 4601 746 4671 quod
795 4618 976 4673 neque
1008 4613 1227 4658 amatur
1273 4602 1344 4657 ab
1375 4603 1485 4658 alio
1520 4611 1618 4659 aut
1661 4612 1915 4659 movetur
1957 4601 2027 4658 ad

2130 4508 2401 4578 σωμάτων
2429 4508 2646 4577 γένεσιν
2670 4506 2985 4571 ἀκολούθως
3007 4508 3428 4577 συνεισκομίσας
3455 4507 3715 4578 ωμισθῇ.

2126 4598 2237 4653 Καὶ
2300 4598 2640 4672 μαρτυροῦσι
2692 4599 2939 4669 Μωῦσῆς
2997 4600 3095 4655 καὶ
3147 4599 3315 4654 Δασὶδ
3364 4598 3462 4652 καὶ
3500 4598 3717 4661 Παῦλος

447 4691 605 4748 aliud
626 4693 760 4764 quid
783 4710 885 4765 per
909 4710 1179 4750 amorem.
1210 4694 1442 4750 Nullum
1479 4695 1651 4766 igitur
1685 4710 1881 4751 eorum
1905 4711 2027 4766 qua:

2129 4690 2177 4743 οἱ
2197 4689 2366 4759 ἅγιοι,
2399 4693 2497 4745 καὶ
2522 4693 2552 4745 ὁ
2579 4690 2788 4746 τούτων
2810 4692 3094 4764 Δεσπότης
3115 4689 3372 4763 Χριστὸς,
3398 4691 3427 4743 ὸ
3450 4689 3579 4760 μὲν,
3619 4690 3715 4757 Μὴ

451 4795 712 4855 generata
736 4796 869 4843 sunt
901 4795 1113 4841 motum
1141 4794 1272 4851 stat,
1304 4793 1496 4856 utpote
1535 4787 1770 4857 primam
1810 4794 1870 4841 et
1909 4802 2030 4841 ma-

453 4886 675 4933 nentem
697 4892 944 4943 causam,
987 4893 1057 4933 ex
1079 4893 1189 4948 qua
1220 4892 1342 4932 esse
1387 4877 1474 4931 bis
1518 4892 1642 4946 quae
1689 4884 1822 4931 sunt
1858 4877 2026 4941 inest,

452 4968 700 5023 nondum
728 4968 1229 5040 comprehendens,
1259 4976 1354 5023 aut
1378 4967 1521 5023 intra
1546 4966 1912 5023 novissimum
1943 4967 2029 5024 fa-

453 5066 601 5113 ctum
624 5069 710 5115 est
747 5061 974 5127 datum,
1022 5070 1119 5117 aut
1163 5077 1230 5116 ex
1275 5058 1644 5132 primogenita
1682 5058 1895 5119 unitate
1936 5076 2027 5115 ra-

2126 4784 2461 4854 γεύσασθαι
2510 4784 2623 4838 τοῦ
2662 4785 2858 4850 ξύλου
2893 4784 3007 4853 τῆς
3060 4782 3211 4851 ζωῆς
3250 4783 3345 4838 τὸν
3386 4781 3716 4853 προπάτορα

2137 4876 2450 4947 ἱστορήσας,
2486 4876 2580 4929 καὶ
2619 4876 2804 4931 ἄλλοθι
2848 4877 3052 4942 εἰπὼν,
3092 4878 3177 4931 Οὐ
3229 4876 3340 4946 τὰρ
3386 4874 3579 4943 ﬁxura
3606 4876 3717 4940 ἕως

2135 4966 2241 5021 τοῦ
2262 4967 2479 5034 νῦνεις
2499 4968 2617 5038 τὴν
2640 4969 3027 5026 κατάπαυσιν
3042 4971 3139 5024 καὶ
3168 4972 3255 5035 εις
3276 4968 3392 5036 τὴν
3419 4972 3714 5038 κληρονο-

2130 5062 2298 5131 μίαν,
2323 5058 2404 5127 ἣν
2426 5061 2643 5129 Κύριος
2665 5062 2699 5116 δ
2720 5060 2867 5127 Θεὸς
2884 5061 3054 5132 ἡμῶν
3069 5060 3320 5115 δίδωσιν
3350 5059 3516 5131 ὑμῖν.
3549 5061 3612 5113 '0
3636 5060 3716 5123 δὲ,

1740 5174 1970 5232 νΑιιιΑε
2003 5173 2411 5231 LECTIONES.

551 5264 596 5341 ’ξ
616 5266 732 5341 ἐστ)
771 5267 868 5341 ed.
885 5268 1003 5323 Gal.
1068 5270 1111 5301 "
1143 5267 1292 5340 αύτῷ
1317 5267 1406 5325 ed.
1432 5268 1552 5324 Gal.
1621 5268 1739 5301 7""
1770 5268 1974 5338 Scripsi
2005 5268 2070 5341 δὴ
2099 5284 2198 5339 pro
2225 5267 2302 5333 δὲ,
2338 5267 2485 5339 quod
2513 5278 2598 5324 est
2631 5269 2684 5324 in
2709 5268 2832 5324 cod.
2866 5269 3008 5326 Gud.
3042 5278 3096 5326 et
3126 5268 3181 5325 in
3213 5268 3305 5324 ed.
3327 5268 3445 5325 Gal.
3514 5267 3563 5300 “
3592 5284 3698 5337 γιν-

460 5335 633 5404 νητὼν
651 5336 740 5389 ed.
774 5336 896 5393 Gal.

1931 5450 2159 5508 ΝΟΤᾸΞ.

532 5549 604 5617 (ο)
635 5546 738 5613 Qui
760 5562 1143 5617 :acramﬁ—i—
1174 5546 1584 5601 introduxerunt
1635 5545 2029 5601 desiderantur

462 5617 518 5672 in
544 5618 751 5673 Graecis
784 5626 891 5672 tam
916 5616 1004 5672 ed.
1038 5616 1157 5671 Gal.
1194 5631 1359 5673 uuam
1384 5617 1508 5670 cod.
1533 5617 1678 5670 Gud.

536 5697 609 5757 (μ)
633 5687 748 5744 lmo
774 5704 937 5743 unum
974 5688 1165 5742 solum.
1200 5685 1267 5743 Et
1314 5702 1440 5741 mox
1481 5689 1710 5757 primam
1757 5696 1808 5740 et
1837 5685 2028 5755 solam.

2137 5543 2270 5611 Quae
2295 5554 2606 5615 sequuntur
2645 5552 2777 5599 sunt
2810 5544 3135 5599 obscuriora
3180 5544 3235 5600 in
3291 5543 3505 5599 Latinis
3551 5556 3708 5615 quam

2140 5615 2196 5669 in
2226 5614 2451 5671 Graecis.
2489 5614 2687 5686 (Gale.)
