4014 6284
452 362 593 432 1075

1615 383 1674 442 S.
1713 380 1994 443 ΜΑΧΙΜΙ
2036 384 2544 450 CONFESSORIS

3580 393 3714 458 1876

454 481 904 543 intellectualiter
933 487 1330 555 intellectualc,
1363 490 1590 546 omnino
1608 490 1775 546 etiam
1823 490 2031 546 intelli-

2132 493 2227 547 τοῦ
2289 495 2422 550 αύτδ
2477 499 2658 552 ἐκεῖνο
2711 498 2834 554 610v
2890 499 3254 574 γνωρίζεσθαι
3314 500 3582 556 δύνασθαι
3657 505 3717 556 τὸ

449 579 570 651 git:
603 580 650 636 si
703 591 889 638 autem
936 583 1226 655 intelligit,
1277 586 1504 641 omnino
1547 593 1696 641 amat
1737 585 1886 656 quod
1945 584 2028 638 in-

451 669 674 740 telligit;
693 671 739 727 si
759 681 928 741 amat,
949 675 1156 746 patitur
1179 677 1405 732 omnino
1423 677 1491 732 ad
1520 677 1697 748 ipsum
1716 687 1776 732 ut
1791 676 2028 732 amabile

448 778 771 831 excessum;
807 765 854 820 si
889 776 1075 822 autem
1100 768 1330 838 patitur,
1360 769 1610 840 profecto
1657 769 1822 824 etiam
1870 767 2026 823 festi-

448 859 546 906 nat
594 869 609 906 :
662 853 710 908 si
766 854 1011 923 festinat,
1049 859 1277 915 omnino
1299 858 1466 914 etiam
1504 859 1744 914 intendit
1782 857 2025 913 validum

450 951 660 998 motum
681 961 697 1010 ;
722 946 768 1000 si
791 958 976 1004 autem
1002 949 1240 1006 intendit
1260 951 1505 1006 validum
1530 959 1764 1016 motum,
1789 965 1900 1006 non
1917 958 2029 1006 stat

449 1051 742 1108 quousque
777 1039 872 1096 ﬁat
901 1049 1075 1097 totum
1103 1042 1159 1098 in
1188 1053 1304 1098 toto
1341 1054 1546 1109 amato,
1571 1051 1628 1101 et
1672 1059 1704 1100 a
1731 1051 1848 1099 toto
1870 1058 2026 1098 com-

452 1129 836 1197 prehendatur
856 1149 872 1200 ;
891 1133 1134 1189 libenter
1155 1143 1330 1190 totum
1347 1133 1657 1190 secundum
1680 1133 2025 1190 voluntatem

451 1219 749 1276 salutarem
771 1221 1052 1293 accipiens
1080 1224 1675 1296 circumscriptionem,
1731 1233 1794 1280 ut
1849 1233 2026 1280 totum

449 1310 722 1368 amciatur
752 1313 1267 1376 circumscribente.
1315 1324 1379 1372 ut
1409 1315 1550 1372 nihil
1585 1316 1814 1372 omnino
1854 1324 2026 1372 restet

448 1403 590 1459 velle
610 1419 678 1459 ex
703 1421 762 1461 se
790 1406 930 1476 ipso,
948 1421 1008 1462 se
1033 1406 1213 1477 ipsum
1234 1416 1410 1463 totum
1437 1423 1774 1480 cognoscere
1792 1407 2029 1464 valendo

447 1497 952 1570 circumscriptum,
986 1501 1082 1557 sed
1111 1517 1181 1557 ex
1209 1501 1735 1569 circumscribente;
1765 1500 1911 1557 sicut
1933 1516 2030 1556 aer

448 1605 549 1660 per
568 1598 740 1645 totum
774 1591 1121 1650 illuminatns
1136 1594 1368 1662 lumine,
1387 1603 1446 1650 et
1469 1595 1592 1666 igne
1623 1592 1832 1650 ferrum
1846 1601 2027 1649 totum

448 1688 566 1736 toto
597 1681 978 1752 liquefactum,
1011 1685 1120 1753 {aut
1147 1685 1193 1741 si
1223 1685 1358 1756 quid
1385 1686 1537 1742 aliud
1573 1685 1766 1741 talium
1800 1693 1905 1742 est.
1947 1685 2027 1741 Ex

448 1775 656 1845 quibus
703 1777 1043 1846 speculative
1071 1777 1338 1844 futuram,
1397 1777 1493 1834 sed
1524 1793 1636 1834 non
1681 1779 1792 1850 jam
1825 1777 2024 1834 factam

2132 589 2634 660 περιγραφόμενον,
2683 591 2802 645 ἀλλ’
2849 591 2917 648 ἐκ
2969 593 3065 648 τοῦ
3124 595 3610 668 περιγράφοντοςο
3642 595 3719 660 ὡς

2127 678 2238 750 ἀὴρ
2274 680 2344 735 δι’
2381 681 2506 736 ὅλου
2538 684 2956 756 πεφωτισμένος
2979 673 3147 756 φωτὶ,
3178 687 3273 741 καὶ
3301 686 3440 758 πυρὶ
3471 685 3716 756 σίδηρος.

2129 772 2250 837 ὅλος
2277 773 2382 846 ὅλῳ
2405 777 2930 848 πεπυρακτωμένος,
2960 779 2994 850 ἢ
3023 780 3075 833 εί
3100 796 3156 833 τι
3207 779 3336 834 ἄλλο
3373 777 3488 832 τῶν
3537 777 3718 831 τοιούο

2127 879 2238 917 των
2266 863 2434 920 ἐστίν.
2472 865 2564 931 Ἐξ
2582 863 2658 921 ὧν
2682 869 3053 939 ποχαστικιῦς
3076 869 3176 942 τὴν
3198 869 3489 940 ἐσομένην,
3511 868 3631 922 ἀλλ’
3654 867 3716 921 ού

2127 954 2228 1026 τὴν
2277 958 2654 1030 γεγενημένην
2709 961 2804 1014 καὶ
2863 961 3348 1034 παραφθαρεῖσαν,
3373 964 3490 1026 τοῖς
3543 960 3719 1028 ἀξίοις

2127 1045 2230 1116 τῆς
2249 1047 2583 1120 άγαθότητος
2615 1051 2909 1122 μετουσίαν
2935 1055 3056 1107 κατ’
3089 1053 3338 1108 εἰκασίαν
3370 1053 3541 1124 μόνον
3566 1051 3716 1122 λαμ-

2130 1137 2388 1210 ϐάνομεν,
2415 1139 2606 1213 ἐπειδὴ
2630 1143 2726 1196 καὶ
2751 1143 2892 1214 ὑπὲρ
2921 1143 3094 1199 ταῦτα
3141 1145 3319 1199 πάντα
3370 1143 3444 1197 τά
3495 1141 3716 1207 ἐλπιζό-

2132 1231 2271 1302 μενά
2327 1231 2497 1300 ἐστιν,
2543 1231 2621 1296 ὡς
2665 1233 2844 1303 ὅψεως
2879 1234 3008 1288 ὅντα
3038 1235 3180 1290 κατά
3206 1236 3270 1290 τδ
3297 1235 3715 1308 γεγραμμένον,

2130 1323 2226 1378 καὶ
2253 1311 2422 1390 ἀκδῆς
2455 1325 2551 1379 καὶ
2581 1324 2820 1389 διανοίας
2867 1325 3145 1379 ἐπέκεινα.
3195 1326 3304 1381 Καὶ
3352 1325 3515 1380 τοῦτό
3562 1326 3720 1377 ἐστιν

2130 1418 2260 1483 ἴσως
2288 1418 2322 1490 ἠ
2354 1416 2602 1489 ὑποταγὴ
2657 1419 2725 1490 ἢν
2771 1420 2801 1472 6
2852 1417 2996 1484 θεῖος
3053 1417 3376 1483 ’Δπόστολός
3439 1435 3579 1489 φησι
3635 1415 3718 1487 τῷ

2130 1509 2308 1582 Πατρὶ
2349 1509 2443 1564 τὸν
2497 1509 2631 1564 Υίὸν
2678 1509 3028 1573 ὑποτάσσειν,
3078 1509 3207 1575 τοὺς
3259 1510 3528 1574 ἑκουσίως
3557 1509 3717 1579 δεχο-

2131 1600 2329 1671 μένους
2351 1599 2414 1653 τὺ
2444 1599 2870 1666 ὑποτάσσεσθαι,
2901 1600 3022 1673 μεθ’
3047 1601 3133 1672 ῆν,
3164 1601 3198 1673 ἢ
3227 1599 3294 1654 δι’
3319 1601 3406 1672 ἣν,
3439 1601 3498 1653 '0
3521 1601 3717 1670 ἐσχα-

2129 1705 2233 1756 τος
2263 1689 2480 1759 ἐχθρὸς
2515 1689 2891 1760 καταργεῖται
2947 1693 2983 1747 ὁ
3034 1689 3310 1760 θάνατος,
3361 1691 3439 1754 ὡς
3485 1689 3584 1744 τοῦ
3629 1692 3717 1760 ἐφ’

2129 1781 2284 1852 ἡμῖν,
2303 1780 2469 1851 ἢγουν
2491 1778 2588 1835 τοῦ
2609 1779 2980 1847 αὐτεξουσίου,
3006 1779 3076 1836 δι’
3095 1772 3157 1834 οῦ
3186 1780 3321 1852 πρὸς
3346 1781 3497 1852 ἡμᾶς
3525 1781 3717 1834 ποιού-

449 1875 508 1922 et
526 1869 593 1938 (ε)
625 1867 1000 1940 incorruptam
1026 1869 1207 1942 dignis
1227 1870 1496 1927 bonitatis
1545 1870 2025 1942 participationem

2133 1888 2292 1943 μενος
2315 1870 2414 1943 τὴν
2441 1869 2648 1925 εἴσοδον
2683 1871 2954 1944 ἐπεκύρου
2985 1871 3108 1926 καθ’
3138 1869 3298 1942 ἡμῶν
3340 1871 3403 1925 τδ
3436 1872 3537 1943 τῆς
3581 1872 3716 1941 900-

449 1969 550 2026 per
569 1956 994 2015 similitudinem
1015 1960 1364 2016 solummodo
1397 1959 1702 2032 accipimus
1724 1977 1739 2027 ;
1760 1961 2023 2032 quoniam

447 2057 504 2104 et
531 2065 698 2120 super
723 2052 909 2108 omnia
926 2052 1042 2110 haec
1059 2062 1189 2110 sunt
1216 2069 1340 2125 qua:
1355 2054 1625 2125 speranda
1645 2063 1796 2121 sunt,
1824 2053 2028 2109 merito

448 2141 581 2197 dum
612 2143 724 2198 sint
741 2159 952 2200 summa
975 2144 1230 2210 visionis,
1262 2146 1406 2203 sicut
1427 2147 1694 2218 scriptum
1717 2153 1822 2213 est,
1848 2154 1906 2201 et
1926 2161 2028 2200 au-

447 2232 598 2290 ditus
630 2244 688 2291 et
745 2235 1090 2305 intellectus;
1121 2247 1180 2294 et
1203 2238 1310 2295 hoc
1334 2239 1527 2309 utique
1562 2248 1646 2294 est
1670 2239 1788 2309 ipsa
1819 2237 2030 2308 subjec-

451 2326 549 2393 tio,
568 2325 630 2397 (t)
652 2344 819 2398 quam
843 2328 1068 2386 divinus
1098 2330 1392 2400 Apostolus
1411 2331 1488 2387 ait
1505 2329 1653 2385 Patri
1673 2328 1873 2384 Filium
1898 2329 2028 2384 sub—

448 2418 722 2490 tecturum
745 2419 885 2488 fore,
915 2422 1224 2479 voluntarie
1256 2422 1532 2494 accepturi
1563 2421 1842 2494 subjectos
1880 2436 2025 2488 esse,

449 2517 576 2580 post
597 2525 764 2582 quam
788 2518 845 2566 et
873 2525 974 2582 per
991 2527 1155 2584 quam
1178 2514 1460 2569 novissima
1485 2513 1700 2568 inimica
1727 2512 2031 2568 destruetur

451 2619 592 2658 utan
618 2604 662 2669 θ,
698 2613 890 2675 utpote
914 2605 1289 2677 corruptionis
1337 2605 1608 2676 potentia,
1639 2622 1737 2677 per
1761 2621 1924 2677 quam
1957 2605 2026 2661 ad

447 2710 553 2751 nos
585 2695 716 2752 fecit
764 2695 1056 2752 introitum
1108 2697 1254 2768 (ipso
1285 2697 1345 2753 in
1370 2696 1552 2763 nobis,
1579 2699 1674 2768 qui
1705 2712 1804 2768 per
1832 2713 1891 2753 se
1923 2712 2027 2768 po-

447 2794 573 2844 tens
586 2797 691 2853 est,
707 2788 998 2859 adiuvante
1011 2788 1313 2854 secundum
1326 2788 1470 2861 nos),
1481 2789 1792 2846 voluntarie
1809 2790 2028 2846 univer-

448 2880 640 2935 saliter
654 2881 767 2936 Deo
789 2880 867 2952 (ιι)
887 2880 1152 2952 implente
1171 2891 1229 2937 et
1244 2881 1386 2938 bene
1406 2891 1669 2955 regnante
1685 2883 1832 2954 quod
1849 2883 1920 2955 (υ)
1942 2898 2028 2939 re-

447 2969 546 3040 git,
579 2971 752 3026 otium
795 2971 1026 3043 agendo,
1064 2987 1134 3026 ne
1169 2971 1302 3042 quid
1331 2973 1465 3028 velit
1497 2982 1699 3044 praeter
1726 2973 1876 3045 quod
1909 2975 2028 3030 vult

447 3063 622 3132 Deus;
650 3064 794 3121 sicut
809 3065 939 3121 alibi
959 3065 1037 3121 ait
1055 3065 1173 3136 ipse
1194 3065 1250 3120 in
1267 3081 1327 3121 se
1345 3065 1466 3136 ipso
1490 3065 1734 3123 formans
1755 3067 1903 3138 quod
1922 3081 2027 3122 no-

447 3163 623 3210 strum
651 3164 735 3212 est
751 3156 1000 3212 Salvator
1019 3157 1088 3213 ad
1119 3157 1366 3213 Patrem:
1391 3157 1757 3215 Verumtamen
1776 3175 1879 3214 non
1894 3159 2028 3213 sicut
2052 3193 2098 3254 ϐ

447 3263 542 3319 ego
561 3249 697 3316 uolo,
725 3250 814 3306 sed
843 3251 977 3305 sicut
1007 3248 1101 3304 tui
1134 3265 1153 3306 :
1182 3257 1238 3307 et
1259 3259 1383 3321 post
1406 3265 1535 3307 eum
1563 3251 1787 3308 divinus
1829 3267 1894 3308 ac
1921 3251 2028 3306 mi-

447 3341 640 3398 rabilis
664 3342 867 3399 Paulus
899 3343 1070 3399 veluti
1108 3358 1168 3400 se
1205 3344 1384 3415 ipsum
1414 3358 1624 3416 negans
1658 3352 1716 3400 et
1748 3345 2027 3416 propriam

445 3432 650 3490 habere
696 3435 808 3506 jam
865 3434 1032 3492 vitam
1076 3435 1368 3492 nesciens:
1399 3435 1521 3492 Vivo
1555 3446 1732 3492 autem
1747 3437 1870 3508 jam
1922 3453 2029 3492 non

446 3537 560 3594 ego,
587 3524 711 3578 vivit
739 3540 860 3579 vero
889 3525 946 3579 in
979 3540 1061 3579 me
1092 3522 1329 3579 Christus
1364 3523 1413 3578 Ιι.
1448 3523 1570 3580 Non
1606 3523 1903 3580 conturbet
1930 3539 2030 3580 vos

446 3614 595 3686 quod
628 3614 837 3672 dictum
866 3625 953 3672 est
986 3633 1001 3670 :
1040 3630 1151 3672 non
1205 3616 1356 3672 enim
1407 3616 1740 3672 ablationem
1791 3617 2030 3688 propria:

447 3707 709 3778 potentia:
744 3708 862 3764 tieri
898 3706 1047 3774 dico,
1097 3707 1194 3764 sed
1242 3707 1573 3780 positionem
1609 3709 1783 3780 magis
1825 3725 2028 3767 secun-

448 3797 582 3854 dum
617 3807 871 3856 naturam
903 3799 1064 3855 ﬁxam
1093 3808 1151 3856 et
1183 3799 1605 3864 immutabilem,
1637 3799 1692 3856 id
1720 3809 1804 3857 est
1835 3817 2028 3860 exces-

447 3905 571 3945 sum
603 3890 1054 3958 intellectualem,
1076 3899 1138 3946 ut
1164 3891 1311 3947 unde
1334 3891 1496 3948 nobis
1524 3890 1776 3947 subsistit
1799 3908 1944 3960 esse,
1972 3904 2031 3951 et

450 3983 659 4040 moveri
711 3983 963 4054 accipere
1010 3984 1414 4050 desideremus,
1458 3985 1609 4040 velut
1652 3984 1889 4056 imagine
1937 4001 2028 4042 re-

448 4075 656 4131 deunte
680 4075 748 4130 ad
779 4075 1086 4146 principale
1117 4077 1430 4146 exemplum
1457 4085 1514 4131 et
1549 4075 1692 4148 signi
1732 4076 1906 4133 instar
1929 4093 2032 4147 per

363 4219 366 4222 .
450 4168 680 4238 tlgnram
715 4168 862 4223 bene
893 4168 1164 4239 compacti
1200 4168 1489 4240 principali
1529 4168 1739 4237 formae,
1770 4179 1827 4226 et
1859 4170 2028 4226 alior-

451 4273 575 4313 sum
609 4259 742 4313 ferri
774 4275 955 4330 neque
979 4259 1218 4316 habente
1240 4259 1309 4316 de
1336 4269 1536 4316 caetero
1558 4277 1741 4333 neque
1767 4261 1984 4317 valente
2010 4278 2028 4318 :

448 4364 520 4405 an
553 4349 799 4420 apertius
833 4350 1130 4408 dicendum
1179 4361 1238 4410 et
1268 4354 1476 4419 verius,
1524 4369 1705 4426 neque
1738 4369 1899 4426 posse
1931 4369 2030 4410 vo-

453 4442 620 4509 lente,
654 4442 854 4499 merito
885 4443 1074 4500 divina
1106 4453 1333 4518 accepta
1359 4445 1706 4518 operatione,
1739 4445 1912 4518 magis
1935 4462 2032 4501 au-

2130 1965 2230 2034 ρᾶς
2261 1962 2486 2035 κράτος,
2521 1963 2782 2028 ἑκουσίως
2816 1963 2939 2017 καθ’
2969 1962 3093 2017 ὅλου
3139 1962 3553 2036 ἐκχωρηθέντος
3595 1963 3717 2034 Θεῷ

2127 2054 2224 2110 καὶ
2256 2053 2435 2119 καλῶς
2460 2052 2839 2125 βασιλεύοντος
2871 2053 2934 2107 τὸ
2973 2053 3375 2125 βασιλεύεσθαι,
3409 2053 3491 2124 τῷ
3518 2055 3718 2123 ἀργεῖν

2127 2146 2223 2202 τοῦ
2252 2165 2306 2201 τι
2361 2147 2567 2202 ἐθέλειν
2613 2147 2747 2220 παρ’
2795 2147 2826 2201 6
2882 2147 3027 2202 θέλει
3085 2147 3257 2212 Θεός·
3304 2146 3497 2217 ὥσπερ
3544 2146 3716 2216 φησιν

2128 2240 2290 2304 αὐτὸς
2315 2241 2373 2293 ἐν
2409 2237 2588 2310 ἐαυτῷ
2616 2238 2805 2294 τυπῶν
2830 2239 2895 2293 τὸ
2938 2239 3215 2311 ἡμέτερον
3254 2238 3284 2292 6
3336 2238 3528 2309 Σωτὴρ
3575 2237 3716 2310 πρὸς

2126 2333 2220 2386 τὸν
2247 2331 2466 2403 Πατέρα
2483 2347 2498 2362 ο
2525 2330 2701 2398 Πλὴν
2726 2333 2840 2401 οὐχ
2865 2330 2948 2398 ὡς
2971 2329 3086 2400 ἐγὼ
3105 2329 3277 2394 θέλω,
3304 2327 3443 2384 ἀλλ’
3472 2329 3554 2395 ὡς
3608 2330 3712 2382 σύ.

2127 2423 2240 2478 Καὶ
2287 2421 2403 2494 μετ’
2437 2420 2599 2476 αὑτὸν
2629 2423 2658 2475 ό
2688 2420 2979 2485 θεσπέσιος
3018 2418 3251 2485 Παῦλος,
3288 2417 3479 2491 ὥσπερ
3518 2419 3718 2473 ἑαυτὸν

2127 2513 2508 2586 ἀρνησάμενος
2539 2512 2635 2566 καὶ
2683 2511 2824 2566 ίδίαν
2873 2510 3020 2582 ἐχειν
3060 2509 3142 2564 ἐτι
3198 2510 3344 2582 ζωὴν
3397 2510 3474 2581 μὴ
3519 2509 3712 2574 εἰδώς·

2127 2605 2221 2662 Ζῶ
2244 2605 2356 2677 γὰρ
2383 2607 2495 2660 οὐκ
2522 2604 2612 2659 ἔτι
2809 2603 2878 2674 ζῇ
2907 2603 3019 2675 γὰρ
3047 2604 3118 2659 ἐν
3143 2604 3275 2674 ἐμοὶ
3310 2605 3588 2673 Χριστός.
3620 2603 3714 2672 Μὴ

2127 2699 2440 2770 ταραττέτω
2469 2697 2518 2730 ⁸³
2543 2697 2600 2752 δέ
2628 2697 2774 2768 ὑμᾶς
2801 2695 2864 2750 τὸ
2887 2695 3203 2767 λεγόμενον.
3258 2694 3334 2748 Ού
3390 2694 3498 2765 γάρ
3553 2693 3713 2747 ἀναί-

2131 2810 2280 2865 ρεσιν
2302 2791 2396 2848 τοῦ
2449 2788 2798 2856 αύτεξουσίου
2844 2787 3092 2860 γίνεσθαί
3146 2805 3312 2859 φημι,
3367 2786 3510 2840 άλλά
3562 2786 3716 2840 θέσιν

2130 2885 2332 2957 μᾶλλον
2359 2885 2460 2958 τὴν
2500 2884 2644 2939 κατά
2695 2880 2860 2953 φύσιν
2920 2879 3126 2952 παγίαν
3171 2897 3232 2935 τε
3286 2879 3473 2951 (122
3511 2878 3568 2951 a)
3619 2878 3716 2932 καὶ

2127 2973 2480 3047 ἀμετάθετον,
2512 2972 2682 3044 ἤγουν
2740 2969 3052 3043 ἐκχώρησιν
3099 2969 3407 3042 γνωμικὴν,
3466 2970 3536 3022 ἶν’
3589 2967 3715 3022 ὅθεν

2127 3067 2261 3139 ἡμῖν
2293 3065 2533 3138 ὑπάρχει
2557 3065 2605 3098 ⁸³
2657 3062 2721 3118 τδ
2759 3057 2899 3116 εἶναι
2957 3063 3052 3116 καὶ
3095 3059 3158 3114 τὸ
3210 3058 3482 3114 κινεῖσθαι
3524 3058 3716 3112 λαϐεῖν

2129 3158 2479 3230 ποθήσωμεν,
2532 3155 2610 3222 ὡς
2657 3156 2762 3227 τῆς
2817 3154 3030 3220 εἰκόνος
3081 3151 3414 3224 ἀνελθούσης
3461 3152 3599 3224 πρὸς
3653 3151 3717 3205 τὸ

2128 3248 2460 3320 ἀρχέτυπον,
2493 3249 2591 3303 καὶ
2630 3245 2927 3318 σφραγίδος
2951 3244 3108 3316 δίκην
3136 3242 3496 3316 ἐκτυπώματι
3528 3242 3715 3307 καλῶς

2127 3339 2486 3414 ἡρμοσμένης
2531 3338 2612 3410 τῷ
2667 3337 2984 3412 ἀρχετύπῳ,
3043 3340 3141 3392 καὶ
3201 3335 3387 3390 ἄλλοθι
3443 3336 3715 3409 φέρεσθαι

2131 3433 2258 3505 μήτ’
2287 3431 2520 3504 ἐχούσης
2536 3430 2726 3485 λοιπὸν
2757 3430 2896 3502 μήτε
2924 3428 3256 3500 δυναμένης,
3290 3428 3325 3499 ἢ
3367 3429 3715 3500 σαφέστερον

2128 3525 2303 3578 εἰπεῖν
2331 3523 2427 3578 καὶ⁵
2455 3519 2840 3592 ἀληθέστερον,
2873 3521 3009 3592 μήτε
3041 3518 3326 3589 βούλεσθαι
3371 3517 3714 3589 δυναμένης,

2128 3618 2205 3683 ὼς
2242 3615 2344 3688 τῆς
2387 3615 2538 3680 θείας
2584 3613 2997 3686 ἐπειλημμένηε
3048 3612 3353 3683 ἐνεργείας,
3407 3611 3613 3682 μᾶλλον
3655 3612 3716 3668 δὲ

2128 3712 2260 3778 Θεὸς
2281 3714 2348 3783 τῇ
2393 3708 2587 3764 θεώσει
2619 3705 3015 3779 γεγενημένης,
3075 3706 3174 3761 καὶ
3218 3704 3382 3759 πλέον
3435 3705 3717 3776 ἡδομένης

2127 3808 2195 3878 τῇ
2254 3801 2511 3859 ἐκστάσει
2563 3801 2674 3855 τῶν
2727 3798 2975 3870 φυσικῶς
3022 3799 3110 3852 ἐπ’
3165 3797 3340 3869 αὐτῆς
3396 3797 3497 3851 καὶ
3540 3795 3718 3850 ὅντων

2128 3898 2224 3954 καὶ
2255 3895 2583 3968 νοουμένων,
2637 3894 2728 3949 διά
2776 3892 2875 3964 τὴν
2898 3891 3266 3964 ἐκνικήσασαν
3311 3889 3486 3961 αὐτὴν
3549 3888 3719 3961 χάριν

2127 3990 2224 4047 τοῦ
2252 3990 2588 4061 ῐῐνεύματος,
2619 3987 2717 4042 καλ⁵
2750 3985 2912 4058 μόνον
2962 3984 3194 4056 ἔχουσαν
3246 3981 3580 4054 ἐνεργοῦντα
3619 3980 3719 4033 τὸν

2129 4084 2263 4139 Θεὸν
2296 4083 2572 4150 δείξασαν,
2625 4081 2769 4134 ὥστε
2814 4073 2954 4132 εἶναι
2989 4078 3120 4149 μίαν
3148 4078 3243 4131 καὶ
3266 4076 3438 4148 μόνην
3463 4075 3556 4129 διὰ
3583 4074 3717 4127 xiv-

2127 4194 2238 4231 των
2267 4174 2570 4247 ἐνέργειαν,
2589 4172 2685 4226 τοῦ
2703 4170 2843 4226 Θεοῦ
2871 4170 2967 4225 καὶ
2990 4169 3101 4224 τῶν
3124 4169 3292 4238 ἀξίων
3316 4165 3479 4228 Θεοῦ.
3507 4165 3716 4237 μᾶλλον

2129 4270 2187 4324 δὲ
2221 4269 2387 4339 μόνου
2411 4265 2570 4332 Θεοῦ,
2602 4265 2679 4329 ὡς
2705 4264 2829 4317 ὅλον
2849 4263 2994 4326 ὅλοις
3015 4261 3129 4324 τοῖς
3169 4259 3343 4325 ἀξίοις
3389 4257 3712 4330 ἀγαθοπρε·

2130 4358 2252 4424 πῶς
2287 4357 2792 4430 περιχωρήσαντος.
2833 4351 3077 4424 ⁹Ανάγκη
3125 4350 3236 4422 γὰρ
3265 4351 3420 4404 πᾶσα
3451 4349 3556 4419 τῆς
3589 4344 3718 4403 κατ’

2135 4450 2322 4520 ἔφεσιν
2350 4449 2423 4504 τά
2451 4448 2629 4503 πάντα
2661 4445 2790 4518 περί
2819 4462 2877 4500 τι
2925 4443 3056 4499 ἀλλο
3107 4441 3422 4500 παύσασθαι
3475 4443 3716 4508 ἐξουσια·

451 4542 563 4590 tem
593 4535 739 4591 Deus
771 4552 872 4608 per
903 4536 1308 4595 deitlcationem
1342 4538 1505 4605 facta,
1537 4547 1593 4594 et
1617 4539 1742 4610 plus
1773 4538 2030 4595 dilectata

2142 4541 2333 4612 στικῆς
2379 4541 2670 4612 κινήσεως,
2727 4535 2822 4592 τοῦ
2875 4535 3106 4608 ἐσχάτου
3159 4535 3420 4603 φανέντος
3481 4531 3716 4607 ὀρεκτοῦ

449 4644 679 4685 excessu
706 4630 776 4686 ab
800 4631 887 4687 his
909 4647 1032 4703 qua:
1061 4632 1390 4689 naturaliter
1418 4633 1473 4687 in
1501 4648 1567 4688 ea
1603 4641 1734 4688 sunt
1762 4639 1820 4687 et
1848 4631 1918 4687 ab
1946 4632 2035 4688 his

451 4738 575 4794 qnte
607 4732 740 4780 sunt
787 4733 844 4781 et
876 4725 1259 4796 intelliguntur
1290 4741 1389 4797 per
1418 4734 1772 4796 superantem
1805 4740 1864 4780 se
1907 4741 2035 4797 gra-

454 4817 584 4872 tiam
622 4817 863 4887 Spiritus
891 4825 948 4874 et
977 4817 1324 4872 solummodo
1358 4815 1653 4872 habentem
1685 4825 2032 4888 operatorem

450 4908 638 4964 .lesum
670 4917 729 4965 et
756 4907 1145 4980 accipientem,
1176 4907 1251 4963 ita
1301 4917 1363 4962 ut
1406 4907 1480 4964 sit
1527 4923 1639 4964 una
1671 4918 1728 4964 et
1776 4910 1893 4965 sola
1935 4926 2035 4981 per

453 5000 638 5054 omnia
662 5001 913 5071 operatio
938 5000 1035 5056 Dei
1066 5007 1124 5056 et
1146 4998 1436 5072 dignorum
1471 4999 1612 5066 Deo;
1649 5001 1824 5073 magis
1847 5010 2032 5056 autem

2131 4635 2227 4690 καὶ
2256 4632 2646 4706 μετεχομένου,
2678 4631 2776 4686 καὶ
2813 4629 3095 4699 ἀναλόγως
3125 4631 3192 4700 τῇ
3229 4627 3337 4682 τῶν
3373 4629 3719 4700 μετεχόντων

2130 4725 2360 4797 δυνάμει
2391 4723 2711 4796 ἀχωρήτως,
2748 4721 2817 4776 ἵν’
2870 4719 3044 4786 οῦτως
3092 4720 3254 4784 εἴπω,
3313 4719 3668 4791 χωρουμένου
3694 4732 3712 4748 ·

2131 4819 2269 4891 πρὸς
2294 4818 2324 4872 6
2350 4819 2501 4872 πᾶσα
2529 4815 2748 4870 σπεύδει
2772 4813 3019 4869 πολιτεία
3039 4812 3134 4867 τοῦ
3154 4813 3200 4845 ’⁸
3231 4811 3437 4884 ὑψηλοῦ
3473 4814 3569 4866 καὶ
3598 4811 3714 4867 διά·

2130 4927 2270 4976 νοια,
2307 4929 2327 4964 ι
2366 4910 2462 4964 καὶ
2492 4910 2573 4973 είς
2601 4908 2631 4962 6
2675 4909 2829 4962 πᾶσα
2879 4905 3067 4976 ἔφεσις
3111 4905 3348 4968 ἵσταται,
3387 4905 3482 4958 καὶ
3514 4903 3656 4975 ὑπὲρ
3686 4902 3715 4956 6

2137 5001 2388 5073 οὐδαμῶς
2415 5000 2665 5073 φέρεται’
2691 4999 2816 5054 οῦτε
2845 4998 2957 5069 γάρ
2988 4997 3126 5069 ἔχει,
3150 4996 3244 5050 καὶ
3282 4995 3419 5067 πρὸς
3476 4996 3508 5049 6
3549 4996 3715 5049 τείνει

455 5089 625 5145 solius
647 5090 766 5157 Dei,
797 5099 985 5164 utpote
1011 5099 1126 5148 toto
1155 5098 1299 5150 totos
1320 5091 1515 5164 dignos
1539 5092 1682 5148 bene
1711 5108 1776 5148 ac
1803 5092 2032 5162 pulchre

2139 5095 2288 5149 πᾶσα
2325 5091 2618 5148 σπουδαίου
2653 5091 2889 5162 κίνησις,
2932 5089 3030 5143 καὶ
3079 5083 3141 5143 οῦ
3169 5086 3486 5158 γενομένοις
3534 5085 3715 5156 πάσης

454 5181 752 5238 ambientc.
787 5183 950 5240 Omni
983 5184 1132 5241 enim
1164 5185 1496 5242 necessitate
1533 5201 1632 5258 per
1664 5185 1848 5241 omnia
1883 5184 2030 5240 circa

2137 5183 2372 5256 θεωρίας
2397 5183 2725 5247 ἀνάπαυσις,
2748 5199 2768 5234 ι
2795 5179 2960 5252 φησιν
2985 5179 3014 5232 6
3035 5177 3306 5250 μακάριος
3336 5169 3550 5240 οῦτος⁹¹
3572 5173 3715 5229 διδά-

534 5299 549 5338 ί
587 5296 607 5353 1
639 5297 766 5355 Cor.
799 5316 888 5367 xv,
916 5301 1006 5359 26.
1086 5301 1100 5353 i
1134 5303 1326 5370 Matth,
1351 5320 1501 5372 nvi,
1526 5304 1616 5361 59.
1697 5305 1723 5344 ι
1751 5303 1930 5360 Galat.
1965 5321 2022 5371 ι,
2049 5305 2140 5361 9.0.

1738 5414 1974 5474 VARUS
2011 5415 2414 5476 LECTIONES.

526 5551 578 5586 ⁸⁸
623 5553 941 5625 ταρασσέτω
968 5552 1058 5611 ed.
1117 5554 1238 5611 Gal.
1321 5556 1368 5589 "
1421 5558 1641 5632 ὑπάρχῃ
1673 5560 1762 5616 ed.
1793 5559 1911 5615 Gal.
2003 5561 2050 5592 ’°
2072 5557 2166 5613 τοῦ
2201 5559 2355 5614 abest
2381 5559 2451 5612 ab
2479 5556 2570 5612 cd.
2596 5554 2717 5611 Gal.
2804 5555 2847 5585 ἰ
2872 5544 3028 5616 οὗτος
3049 5566 3159 5607 non
3187 5549 3356 5606 habet
3374 5548 3464 5605 ed.
3487 5546 3606 5606 Gal.

1988 5679 2078 5737 ΝΟ
2098 5678 2212 5736 MS.

2212 5769 2292 5835 (κ)
2329 5768 2469 5838 Lege
2503 5770 2735 5822 cedente.
2771 5765 2969 5836 (Gaio)

549 5770 597 5829 ε)
639 5767 779 5836 Lege
807 5785 958 5821 (οι-νει
983 5777 1110 5821 ιιαηι
1137 5768 1337 5836 (ϐιαιο.)

526 5766 597 5910 Et)
632 5836 772 5907 Lege
805 5855 931 5906 qua,
1029 5839 1227 5910 (ϐαιοὶ.)

2212 5841 2283 5909 (e)
2314 5838 2456 5911 Lege
2489 5840 2707 5910 rrgimr.
2745 5839 2944 5908 (Cale)

555 5839 597 5906 ι)
632 5836 772 5907 Lege
805 5855 931 5906 qua,
1029 5839 1227 5912 (Galam)
