4014 6284
195 311 335 425 tam

1426 359 1945 422 AMBIGUORUM
1984 362 2235 422 LIBER.

3324 363 3461 430 1082

188 474 329 544 περὶ
353 470 454 541 τὴν
488 468 827 525 κατάστασιν
856 468 1077 540 εκείνην
1124 468 1480 542 ὑπαρχούσης
1500 487 1515 501 ·
1551 470 1775 526 πάντων

1880 471 2035 526 nium
2068 470 2241 543 igitur
2276 471 2432 527 locus
2473 472 2766 544 dignorum
2794 471 2890 529 tali
2933 472 3277 529 beatitudine
3312 474 3459 530 Deus

184 562 292 619 οὖν
320 563 486 625 τόπος
520 560 629 614 τῶν
654 559 995 631 ἀξιουμένων
1022 560 1127 631 τῆς
1151 561 1412 632 τοιαύτης
1440 562 1778 632 μακαριότη-

183 655 289 717 τός
325 657 477 709 ἐστιν
507 654 538 707 δ
566 652 698 716 Θεὸς
730 652 876 707 κατά
906 652 967 707 τὸ
999 654 1389 726 γεγραμμένον
1411 670 1425 685 ο
1456 653 1652 708 Γενοῦ
1672 672 1778 723 μοι

182 749 285 811 αις
347 745 499 800 Θεὸν
538 744 1014 814 ὐπερασπιστὴν
1046 745 1147 800 καὶ
1182 747 1272 812 είς
1320 747 1511 801 τόπον
1551 746 1781 815 ὀχυρὸν

181 837 305 892 τοῦ
343 836 543 892 σῶσαι
568 853 666 907 με.
693 854 714 888 ι
752 836 892 908 Παρ’
919 829 965 906 ᾧ
1003 836 1238 907 βεϐαίως
1272 838 1490 891 πάντων
1538 838 1587 891 οί
1630 837 1779 905 λόγοι

185 932 483 1000 ⁸επτεείιγιιίιγασι
526 928 650 983 καθ’
688 927 783 993 οὓς
829 930 926 984 καὶ
959 929 1251 997 γινώσκειν
1301 930 1372 985 τά
1428 931 1605 985 πάντα
1647 932 1780 1000 πρὶν

186 1023 469 1089 γενέσεως
498 1023 679 1076 αὐτῶν
708 1022 951 1091 λέγεται,
978 1022 1054 1087 ὡς
1080 1022 1140 1077 ὲν
1182 1022 1332 1094 αότῷ
1357 1026 1452 1077 καί⁵
1480 1023 1612 1095 παρ’
1631 1022 1781 1094 αὐτῷ

186 1113 393 1176 ὅντων,
421 1113 558 1184 αὐτῇ
603 1115 671 1185 τῇ
716 1112 950 1185 ἀληθείᾳ
988 1112 1101 1168 τῶν
1127 1114 1367 1169 πάντων.
1399 1113 1520 1169 Κᾶν
1551 1116 1601 1169 εί
1634 1115 1780 1170 αὐτὰ

184 1206 263 1260 τά
302 1207 503 1268 πάντα,
540 1206 613 1261 τά
637 1222 698 1259 τε
726 1205 859 1261 ὄντα
887 1206 983 1260 καὶ
1008 1206 1075 1261 τά
1109 1206 1365 1278 ἐσόμενα,
1397 1207 1495 1278 οὐχ
1520 1208 1645 1279 ἅμα·
1666 1209 1780 1271 τοῖς

186 1298 415 1351 ἑαυτῶν
464 1297 665 1367 λόγοις,
694 1296 729 1369 ἢ
761 1297 841 1368 τῷ
873 1298 1188 1369 γνωσθῆναι
1234 1297 1342 1353 ὑπὸ
1386 1299 1544 1362 Θεοῦ,
1591 1300 1674 1364 είς
1720 1299 1782 1352 τὸ

185 1384 340 1444 εῖναι
361 1390 749 1463 παρήχθησαν,
783 1389 902 1445 ἀλλ’
932 1390 1140 1446 ἕκαστα
1178 1389 1257 1462 τῷ
1289 1391 1581 1462 ἐπιτηδείῳ
1602 1389 1782 1461 καιρῷ

188 1483 345 1538 κατά
357 1482 458 1554 τὴν
472 1483 565 1538 τοῦ
584 1482 930 1555 Δημιουργοῦ
949 1482 1143 1554 σοφίαν
1163 1484 1482 1555 πρεπόντως
1493 1484 1634 1537 κατά
1655 1484 1782 1548 τοὺς

187 1572 413 1627 ἑαυτῶν
444 1572 634 1641 λόγους
661 1571 1143 1643 δημιουργούμενα
1170 1573 1266 1628 καὶ
1286 1570 1412 1628 καθ’
1444 1572 1614 1627 ιαυτά
1638 1568 1781 1626 εἶναι

185 1666 259 1735 τῇ
274 1663 532 1735 ἐνεργείᾳ
544 1663 611 1717 λα
619 1662 817 1735 μϐἀνῃ.
837 1662 1056 1735 Ἐπειδὴ
1074 1665 1104 1718 ό
1122 1664 1222 1735 μιν
1236 1663 1326 1719 ἀεὶ
1352 1663 1475 1718 κατ’
1497 1664 1782 1736 ἐνέργειάν

186 1753 314 1804 ἐστι
342 1752 706 1824 Δημιουργδς,
743 1753 815 1807 τά
841 1752 900 1805 δὲ
931 1753 1159 1824 δυνάμει
1199 1754 1299 1825 μιν
1326 1755 1494 1821 ἐστιν,
1526 1755 1780 1826 ἐνεργείᾳ

185 1843 249 1897 δὲ
278 1844 387 1898 οὐκ
408 1822 497 1898 ἔτι
515 1859 530 1875 ⁸
556 1822 648 1898 ότι
676 1844 814 1915 μηδὲ
839 1839 953 1899 οἶόν
987 1863 1047 1899 τε
1070 1822 1182 1901 τῶν
1202 1822 1337 1916 Ἵᾶμα
1358 1842 1497 1900 εἶναι
1519 1846 1581 1900 τὸ
1613 1822 1777 1902 ditat;-
1810 1822 1854 1882 Β

189 1951 291 2005 ρον
322 1934 421 1990 καὶ
450 1934 523 1989 τὰ
549 1935 965 2006 πεπερασμένα,
998 1934 1122 1989 οὐδέ
1150 1952 1237 1999 τις
1268 1934 1436 2001 δεῖξαι
1466 1934 1622 2005 λόγος
1643 1936 1778 1991 ἀνα-

188 2027 501 2098 φανήσεται
542 2026 654 2081 τῶν
696 2026 815 2097 ἅμα
865 2022 1007 2081 εἶναι
1034 2025 1297 2081 δύνασθαι
1330 2027 1430 2098 τὴν
1466 2027 1659 2082 οὐσίαν
1683 2029 1779 2082 καὶ

185 2118 255 2172 τὸ
302 2117 653 2189 ὕπερούσιον,
702 2118 800 2173 καὶ
839 2120 922 2183 είς
964 2119 1165 2174 ταυτὸν
1209 2120 1438 2188 ἀγαγεῖν
1477 2118 1555 2190 τῷ
1587 2120 1647 2173 ὲν
1681 2119 1780 2189 μέε-

183 2226 312 2281 τρῳ
331 2209 393 2263 τὸ
421 2209 660 2281 ἄμετρον
677 2210 746 2276 ”,
775 2210 971 2281 καὶτῷ
996 2212 1055 2265 ὲν
1088 2211 1274 2283 σχέσει
1309 2211 1372 2267 τὸ
1403 2211 1655 2283 ἄσχετον,
1684 2214 1780 2268 καὶ

185 2300 250 2355 τὸ
287 2301 459 2373 μηδὲν
491 2300 616 2373 ἔχον
646 2303 733 2356 ἐπ’
763 2302 931 2358 αὑτοῦ
973 2304 1314 2375 κατηγορίας
1354 2299 1495 2367 εἶδος
1526 2322 1778 2375 καταφα-

188 2391 466 2464 σκόμενον
492 2392 574 2465 τῷ
601 2393 691 2447 διά
720 2393 943 2448 πάντων
982 2394 1194 2449 τούτων
1225 2395 1412 2467 (124
1439 2396 1489 2466 b)
1524 2413 1778 2451 συνιστα-

193 2484 374 2559 μὲνῳ.
409 2486 597 2541 Πάντα
642 2487 751 2558 γὰρ
778 2488 848 2540 τὰ
887 2486 1082 2541 κτιστά
1124 2489 1246 2541 κατ’
1267 2488 1458 2542 οὐσίαν
1481 2505 1540 2542 τε
1564 2490 1660 2543 καὶ
1685 2489 1782 2557 γι-

187 2594 343 2631 νεσιν
372 2578 693 2633 παντάπασι
728 2578 1143 2647 καταφάσκεται
1188 2581 1303 2641 τοῖς
1336 2578 1491 2643 ίδίοις
1528 2579 1624 2633 καὶ
1664 2582 1781 2643 τοῖς

188 2670 327 2743 περὶ
354 2670 497 2725 αῠτά
519 2666 639 2724 οὖσι
668 2668 775 2723 τῶν
806 2669 963 2733 ἐκτὸς
1002 2668 1183 2739 λόγοις
1239 2670 1623 2741 περιεχόμενα.
1650 2669 1783 2725 Ὑπ-

186 2759 541 2833 εξῃρημὲνης
564 2755 659 2815 οὗν
688 2761 787 2831 τῆς
811 2760 989 2832 ἄκρας
1007 2760 1103 2815 καὶ
1123 2761 1468 2831 ἀποφατικῆς
1495 2761 1589 2814 τοῦ
1617 2761 1780 2831 λόγου

188 2853 501 2921 Θεολογίας,
535 2854 659 2907 καθ’
688 2854 756 2924 ἢν
779 2851 905 2907 οὔτε
939 2852 1183 2922 λέγεται,
1212 2852 1339 2907 οὔτε
1364 2855 1569 2907 νοεῖται
1587 2854 1628 2917 ί,
1656 2852 1781 2908 οὔτε

188 2945 313 3001 εστι
342 2944 408 2999 τὸ
451 2943 672 2999 σύνολόν
703 2962 758 2999 τι
784 2943 895 2998 τῶν
939 2943 1087 3015 ἄλλῳ
1109 2946 1130 2976 ⁸
1180 2945 1672 3017 συνεγνωσμὲνων,
1704 2945 1781 3012 ὡς

187 3035 543 3110 ὕπερούσιος,
569 3036 690 3091 οὐδὲ
720 3037 825 3092 ὑπό
853 3053 998 3099 τινος
1017 3036 1269 3107 οὐδαμῶς
1291 3036 1417 3091 καθ’
1443 3037 1621 3092 ὁτιοῦν
1652 3055 1775 3108 μετα

186 3130 403 3201 όχεται,
447 3128 635 3184 πολλοὶ
687 3129 838 3198 λόγοι
881 3132 910 3184 δ
958 3124 1041 3192 εἷς
1095 3128 1254 3199 λόγος
1288 3130 1429 3195 ἔστι,
1475 3131 1570 3185 καὶ
1608 3127 1689 3195 εἷς
1727 3132 1776 3185 oi

186 3219 384 3275 πολλοί
407 3238 423 3253 ο
448 3219 590 3276 κατά
634 3220 735 3292 μὲν
766 3222 867 3292 τήν
906 3221 1268 3293 ἀγαθοπρεπῆ
1311 3224 1391 3287 είς
1418 3223 1485 3278 τά
1510 3222 1645 3279 ὄντα
1682 3222 1776 3278 τοῦ

186 3310 315 3375 ἑνὸς
356 3310 655 3382 ποιητικήν
700 3328 761 3364 τε
788 3311 883 3365 καὶ
913 3312 1242 3383 συνεκτικὴν
1271 3312 1502 3384 πρόοδον
1531 3312 1719 3368 πολλοὶ
1749 3316 1779 3368 ό

186 3398 301 3469 εἷς,
336 3402 488 3457 κατά
514 3400 573 3455 δι
601 3400 702 3474 τὴν
741 3403 825 3465 είς
864 3401 957 3455 τὸν
994 3401 1095 3456 ἕνα
1125 3402 1235 3456 τῶν
1267 3402 1483 3457 πολλῶν
1516 3404 1779 3476 ιπιστρε-

185 3492 403 3563 πτικήν
441 3509 501 3546 τε
526 3492 622 3547 καὶ
649 3492 1062 3565 χειραγειδγικὴν
1094 3495 1383 3566 ἀναφοράν
1411 3511 1472 3550 τε
1508 3496 1604 3550 καὶ
1646 3496 1781 3566 πρό-

185 3601 370 3648 νοιαν,
406 3584 598 3656 ὥσπερ
626 3586 709 3649 είς
740 3584 917 3657 ἀρχὴν
943 3585 1515 3661 παντοκρατορικὴνῆ
1552 3587 1781 3659 κέντρον

182 3679 302 3732 τῶν
333 3677 397 3742 ἐξ
440 3678 608 3732 αὐτοῦ
655 3677 885 3731 εὐθειῶν
928 3677 1030 3741 τάς
1078 3678 1255 3750 ἀρχάς
1280 3678 1656 3751 προειλησρδς³
1685 3682 1781 3735 καὶ

181 3769 262 3833 ὡς
309 3769 534 3824 πάντων
588 3768 928 3837 συναγωγδς,
962 3763 1045 3832 εἷς
1094 3770 1147 3823 οἱ
1193 3769 1401 3824 πολλοί.
1449 3771 1629 3843 Μοῖρα
1684 3768 1781 3824 οὖν

182 3860 363 3931 ἔσμεν
387 3861 484 3914 καὶ
506 3858 781 3930 λεγόμεοα
805 3858 942 3913 Θεοῦ
968 3858 1059 3914 διὰ
1083 3859 1143 3912 τό
1171 3861 1297 3923 τοὺς
1332 3859 1427 3913 τοῦ
1455 3854 1595 3913 εἶναι
1622 3861 1781 3930 ἡμῶν

182 3951 388 4025 λόγους
419 3955 480 4007 ἑν
502 3952 580 4024 τῷ
608 3952 729 4023 Θεῷ
762 3952 1173 4023 προϋφεστάναι
1191 3970 1206 3985 ο
1230 3952 1529 4024 ῥεύσαντες
1555 3952 1612 4007 δι
1639 3954 1780 4007 ἄνω-

184 4047 284 4104 θεν
330 4046 499 4102 πάλιν
541 4044 817 4115 λεγόμεθα
860 4045 997 4099 διότι
1041 4045 1117 4116 μὴ
1156 4046 1280 4100 καθ’
1324 4046 1386 4100 ὃν
1431 4045 1782 4117 γεγενήμεθα

185 4140 351 4211 λόγον
380 4139 476 4193 τὸν
499 4141 560 4193 εν
580 4137 660 4210 τῷ
689 4136 812 4208 Θεῷ
854 4137 1097 4210 προόντα
1127 4138 1491 4209 κεκινήμεθα.
1521 4139 1630 4192 Καὶ
1656 4138 1799 4193 καθ”

183 4230 382 4304 ἓτερον
404 4230 467 4285 δὲ
494 4229 696 4302 τρόπον
726 4229 878 4283 ἐστὶν
902 4228 1146 4300 εὐμαρὲς
1176 4228 1257 4298 τῷ
1279 4228 1519 4293 εὐσεϐῶς
1555 4228 1783 4283 ὲπιδάλ-

184 4324 306 4380 λειν
338 4326 456 4387 τοῖς
496 4322 607 4375 τῶν
654 4320 825 4375 ὅντων
862 4320 1046 4389 λόγοις
1091 4320 1463 4391 δεδιδαγμένῳ
1506 4320 1603 4375 τὸν
1652 4322 1783 4393 περὶ

185 4417 386 4473 τούτου
413 4415 574 4484 λόγον
594 4413 915 4479 διεξελθεῖν.
947 4414 1010 4467 Εἰ
1036 4414 1146 4485 γάρ
1175 4414 1334 4467 οὐσία
1355 4414 1455 4485 τῆς
1481 4415 1541 4466 ὲν
1568 4412 1785 4484 ἑκάστῳ

1877 572 1983 627 est,
2017 562 2324 618 secundum
2372 561 2519 632 quod
2571 561 2841 631 scriptum
2883 572 2968 616 est
3005 577 3022 615 :
3063 561 3194 615 Esto
3240 562 3366 616 mihi
3402 564 3457 616 in

1876 654 2048 709 Deam
2099 663 2448 726 protectorem
2488 663 2538 708 et
2588 657 2643 708 in
2698 654 2872 707 locum
2912 655 3176 707 munitum
3214 654 3459 709 solvendi

1880 756 2041 801 mei.
2080 766 2100 800 ι
2135 746 2294 817 Apud
2334 760 2500 817 quem
2532 745 2767 801 ﬁrmiter
2792 745 3040 800 omnium
3071 745 3315 801 rationes
3341 745 3459 802 ﬁne

1879 846 2031 900 sunt,
2061 851 2163 907 per
2190 850 2329 906 quas
2363 835 2531 891 etiam
2562 850 2899 906 cognoscere
2934 833 3121 889 omnia
3146 842 3272 889 ante
3297 851 3461 905 gene-

1879 928 2150 984 rationem
2184 943 2376 983 eorum
2416 927 2623 982 dicitur
2647 926 2848 981 merito
2872 926 2928 981 in
2953 926 3074 997 ipso
3106 936 3164 981 et
3201 926 3345 997 apud
3372 927 3457 998 ip-

1880 1038 2005 1079 sum
2038 1022 2436 1078 exsistentibus
2491 1036 2589 1091 per
2614 1020 2787 1091 ipsam
2833 1020 3125 1074 veritatem
3180 1018 3458 1085 omnibus,

1880 1115 1987 1171 etsi
2009 1131 2076 1170 ea
2098 1114 2285 1170 omnia
2316 1122 2375 1169 et
2400 1128 2525 1184 qua:
2556 1121 2686 1168 sunt
2714 1122 2771 1167 et
2794 1128 2916 1182 qua:
2946 1111 3129 1166 futura
3163 1119 3313 1173 sunt.
3348 1127 3458 1165 non

1882 1208 2046 1264 simul
2081 1207 2199 1263 suis
2226 1206 2410 1261 causis
2436 1216 2496 1261 ut
2520 1206 2739 1276 cognita
2787 1215 2918 1260 sunt
2945 1219 2975 1258 a
3008 1204 3142 1268 Deo,
3186 1204 3241 1258 in
3266 1219 3459 1258 essen-

1882 1299 2017 1355 tiam
2059 1298 2298 1353 adducta
2324 1306 2475 1363 sunt,
2502 1296 2599 1352 sed
2635 1296 2852 1367 singula
2878 1310 3112 1366 quisque
3149 1304 3453 1365 opportun;

1882 1401 2129 1461 tempore
2178 1390 2485 1446 secundum
2527 1388 2803 1445 Creatoris
2847 1388 3169 1457 sapientiam
3228 1388 3459 1458 pulchre

1874 1481 2031 1552 juxta
2053 1494 2246 1535 eorum
2276 1494 2471 1534 causas
2493 1486 2674 1534 creata
2698 1486 2849 1541 sunt,
2878 1485 2933 1532 et
2963 1493 3062 1548 per
3085 1491 3144 1531 se
3179 1491 3301 1531 esse
3330 1492 3461 1546 ope—

1882 1574 2098 1629 ratione
2141 1573 2452 1644 accipiunt;
2486 1572 2748 1643 quoniam
2797 1572 2916 1641 ipse
2965 1570 3189 1641 quidem
3243 1584 3462 1639 semper

1881 1665 2189 1721 secundum
2225 1664 2602 1736 operationem
2634 1672 2720 1719 est
2739 1662 2987 1728 Creator,
3012 1678 3075 1717 ea
3103 1676 3235 1717 vero
3264 1670 3462 1730 poten-

1882 1759 1959 1816 tia
1983 1758 2210 1829 quidem
2242 1766 2408 1821 sunt,
2441 1757 2764 1828 Operatione
2786 1764 2971 1810 autem
3009 1754 3291 1815 nondum;
3330 1753 3461 1824 quia

1880 1865 2062 1920 neque
2083 1861 2316 1921 possunt
2336 1850 2534 1905 horum
2564 1847 2728 1904 simul
2750 1862 2872 1902 esse
2898 1846 3175 1901 inﬁnitum
3198 1855 3255 1901 et
3284 1844 3459 1909 ﬁnita.

1880 1958 2064 2014 neque
2097 1944 2208 1998 ulla
2256 1942 2399 2000 ratio
2428 1942 2735 2014 approbare
2778 1938 3221 1996 manifestabitur
3262 1939 3460 1994 horum

1879 2035 2044 2090 simul
2069 2050 2193 2091 esse
2234 2036 2427 2091 valens
2465 2033 2766 2091 essentiam
2802 2041 2857 2089 et
2887 2030 3379 2102 superessentiale,
3406 2040 3463 2086 et

1878 2124 1938 2181 in
1974 2124 2029 2181 id
2056 2125 2235 2195 ipsum
2266 2125 2469 2181 dueere
2503 2138 2695 2179 menso
2736 2122 3104 2188 immensum,
3137 2130 3195 2177 et
3228 2122 3279 2177 ei
3313 2120 3462 2193 quod

1880 2216 1940 2273 in
1977 2217 2173 2273 habitu
2212 2227 2300 2272 est
2332 2216 2480 2287 quod
2515 2224 2667 2272 caret
2694 2213 3045 2279 habitudine,
3073 2222 3129 2269 et
3156 2212 3305 2284 quod
3336 2212 3463 2267 nul-

1880 2309 1988 2364 lam
2034 2310 2207 2365 habet
2251 2309 2309 2364 in
2338 2324 2399 2364 se
2428 2308 2721 2379 categoria:
2764 2306 3009 2377 speciem
3038 2304 3361 2360 aﬁlrmatam
3408 2313 3466 2359 et

1880 2417 1981 2471 per
1996 2417 2190 2459 omnes
2213 2417 2331 2465 eas,
2357 2400 2760 2472 categoriarum
2786 2398 3068 2463 videlicet,
3093 2397 3310 2468 species
3327 2413 3464 2452 con-

1879 2492 2097 2549 stituto.
2162 2494 2361 2550 Omnia
2409 2494 2559 2548 enim
2600 2508 2724 2563 qua:
2753 2499 2939 2546 creata
2984 2499 3113 2544 sunt
3159 2488 3466 2544 secundum

1877 2588 2177 2642 essentiam
2196 2597 2254 2642 et
2278 2586 2692 2657 generationem
2716 2584 2942 2641 omnino
2966 2583 3021 2638 in
3047 2582 3304 2638 omnibus
3324 2582 3469 2636 allir-

1880 2686 2104 2733 mantur
2151 2694 2252 2748 per
2306 2677 2541 2743 formas,
2585 2686 2642 2732 et
2663 2676 3063 2732 exsistentibus
3102 2690 3295 2729 eorum
3342 2689 3467 2745 qua

1878 2770 2228 2826 extrinsecus
2250 2779 2383 2823 sunt
2416 2768 2565 2823 circa
2596 2783 2717 2823 eam
2746 2766 3053 2821 rationibus
3091 2765 3466 2819 continentur.

1882 2859 2110 2915 Sublata
2133 2859 2319 2928 itaque
2338 2872 2550 2913 summa
2573 2863 2629 2911 et
2646 2854 2957 2910 abdicativa
2978 2854 3145 2909 Verbi
3167 2853 3467 2923 theologia,

1881 2951 2187 3007 secundum
2217 2964 2384 3020 quam
2432 2962 2614 3017 neque
2659 2946 2867 3001 dicitur
2906 2960 3086 3015 neque
3118 2944 3467 3015 intelligitur,

1880 3057 2063 3114 neque
2111 3050 2198 3098 est
2234 3040 2465 3097 omnino
2495 3038 2628 3110 quid
2679 3038 2843 3093 alicui
2872 3038 3221 3108 cognitorum
3266 3038 3468 3092 merito

1880 3134 2394 3208 superessentiale,
2428 3147 2610 3203 neque
2667 3146 2697 3185 a
2748 3130 2986 3200 quodam
3029 3130 3141 3184 ullo
3193 3129 3359 3184 modo
3409 3129 3469 3185 in

1880 3225 2068 3295 aliquo
2097 3222 2488 3294 participatur,
2521 3220 2707 3276 multae
2731 3235 2910 3275 causa:
2937 3235 3046 3274 una
3078 3232 3243 3274 causa
3265 3225 3371 3283 est,
3410 3226 3471 3274 et

1884 3333 1994 3372 una
2019 3315 2227 3371 multae.
2257 3314 2393 3370 Nam
2424 3313 2733 3369 secundum
2771 3312 2973 3367 bonam
3001 3328 3066 3367 ac
3094 3311 3381 3383 pulchram
3410 3311 3468 3367 in

1879 3423 1945 3464 ea
1972 3423 2096 3478 qua:
2135 3416 2265 3461 sunt
2295 3405 2465 3461 unius
2506 3414 2565 3461 et
2592 3404 2876 3460 factricem
2920 3412 2977 3459 ct
3007 3404 3468 3460 continuatricem

1880 3497 2295 3571 processionem
2321 3497 2513 3553 multae
2551 3511 2694 3561 una;
2730 3510 2832 3566 per
2849 3509 2983 3549 vero
3026 3493 3082 3548 in
3116 3509 3288 3548 unum
3322 3494 3469 3549 mul-

1880 3598 2072 3646 torum
2107 3589 2525 3645 conversoriam
2553 3597 2611 3645 et
2636 3586 3110 3644 manuductricem
3144 3588 3470 3643 relationem

1880 3690 1938 3738 et
1963 3681 2368 3753 providentiam
2388 3722 2403 3746 ,
2450 3681 2605 3737 velut
2640 3680 2697 3735 in
2743 3678 3086 3750 principium
3116 3677 3471 3749 omnipotens

1881 3784 1979 3832 aut
2037 3784 2289 3831 centrum
2341 3782 2619 3828 rectarum
2670 3787 2737 3827 ex
2780 3787 2849 3826 eo
2879 3770 3154 3825 linearum
3197 3770 3467 3841 principia

1881 3867 2257 3941 perambiens,
2289 3874 2346 3922 et
2377 3866 2457 3921 sic
2480 3880 2675 3920 omnes
2709 3878 3071 3935 congregans,
3115 3877 3224 3917 una
3261 3862 3468 3917 multae.

1882 3962 2018 4017 Pars
2041 3958 2211 4031 igitur
2243 3973 2438 4013 sumus
2454 3966 2512 4013 et
2537 3956 2779 4012 dicimur
2795 3956 2918 4018 Dei.
2948 3970 3018 4011 eo
3043 3954 3192 4025 quod
3217 3953 3472 4028 essentia:

1881 4058 2085 4108 nostrae
2122 4050 2367 4106 rationes
2395 4049 2451 4103 in
2471 4050 2586 4104 Deo
2615 4048 3046 4120 prsesubstituta:
3079 4047 3216 4112 sint;
3239 4046 3473 4103 ﬁuentes

1882 4158 2018 4199 vero
2054 4142 2346 4198 desursum
2403 4142 2605 4197 iterum
2646 4140 2906 4207 dicimur,
2946 4155 3014 4196 eo
3051 4139 3200 4211 quod
3249 4154 3362 4194 non
3388 4154 3476 4195 se-

1882 4234 2130 4292 cundum
2159 4235 2216 4290 in
2254 4235 2367 4290 Deo
2397 4233 2913 4305 praesubsistentem
2935 4244 3157 4289 causam
3184 4248 3286 4303 per
3309 4246 3474 4302 quam

1883 4325 2017 4382 facti
2036 4340 2230 4381 sumus
2249 4326 2383 4380 moti
2402 4325 2628 4380 fuimus.
2654 4322 2976 4381 Secundum
2996 4325 3231 4381 alterum
3252 4338 3475 4395 quoque

1886 4418 2113 4474 modum
2146 4418 2306 4473 facile
2345 4427 2430 4473 est
2455 4418 2546 4488 pie
2585 4433 2770 4473 amare
2794 4433 2989 4473 eorum
3025 4432 3149 4489 qua:
3186 4425 3316 4473 sunt
3340 4431 3475 4472 cau-

187 4510 399 4584 ἀρετῆς
431 4510 462 4563 ό
496 4500 579 4571 εἷς
622 4507 896 4577 ὑπάρχειν
924 4506 1097 4576 Λόγος
1130 4505 1226 4560 τοῦ
1262 4505 1400 4560 Θεοῦ
1430 4505 1506 4576 μὴ
1536 4504 1779 4575 ἀμφιδέ-

1884 4524 2003 4565 sam
2034 4508 2259 4565 erudito
2291 4508 2359 4563 de
2388 4508 2495 4563 hoc
2528 4508 2801 4564 rationem
2828 4523 3181 4579 percurrere.
3217 4506 3277 4563 Si
3322 4506 3474 4561 enim

187 4603 479 4673 ὄληται-
495 4599 656 4655 οὐσία
683 4599 795 4671 γάρ
817 4599 1039 4653 πάντων
1064 4598 1173 4652 τῶν
1196 4598 1409 4670 ἀρετῶν
1437 4598 1600 4661 αὐτός
1629 4598 1779 4652 ἔστιν

186 4698 219 4750 ό
268 4696 480 4765 Κύριος
520 4693 683 4765 ήμῶν
723 4690 932 4764 Ἰησοῦς
983 4690 1261 4763 Χριστὸς,
1309 4687 1386 4754 ὡς
1426 4690 1773 4760 γέγραπται·

194 4791 303 4855 ὀς
351 4785 612 4858 ἐγενήθη
652 4784 799 4855 ἡμῖν
824 4784 948 4840 ἀπὸ
991 4784 1143 4839 Θεοῦ
1178 4783 1389 4853 σοφία,
1413 4782 1773 4850 δικαιοσύνη

189 4893 258 4932 τε
292 4877 393 4931 καὶ
421 4875 717 4947 ἁγιασμὸς
737 4876 837 4931 καὶ
862 4876 1305 4944 ἀπολύτρωσις,
1331 4875 1618 4942 ἁπολύτως
1644 4876 1776 4932 ταῦ-

1884 4601 2182 4657 essentiam
2216 4600 2522 4669 unicuique
2560 4600 2792 4655 virtutis
2821 4615 2995 4654 unum
3033 4599 3339 4654 subsistere
3377 4599 3472 4653 Dei

1884 4691 2128 4747 Verbum
2154 4706 2267 4745 non
2300 4689 2589 4745 dubitatur
2620 4688 2767 4762 (nam
2806 4690 3050 4746 essentia
3087 4690 3334 4744 omnium
3360 4690 3473 4743 vir-

1886 4794 2069 4839 tutum
2097 4782 2216 4855 ipse
2249 4792 2333 4839 est
2360 4781 2629 4839 Dominus
2660 4791 2851 4838 noster
2878 4791 2936 4839 et
2954 4783 3103 4838 Deus
3126 4782 3287 4838 Jesus
3316 4779 3476 4837 Chri-

1883 4889 2026 4945 stus,
2068 4880 2213 4934 sicut
2239 4877 2508 4949 scriptum
2526 4886 2613 4934 est
2645 4895 2659 4930 :
2687 4876 2790 4943 Qui
2820 4877 2991 4948 {actus
3026 4884 3102 4930 est
3125 4874 3271 4929 nobis
3301 4891 3334 4927 a
3366 4872 3476 4928 Deo

188 4986 263 5022 τα
300 4968 488 5040 (125
512 4970 569 5037 a)
600 4968 804 5040 δηλαδὴ
840 4968 928 5022 ἐπ’
961 4968 1128 5022 αὐτοῦ
1166 4968 1437 5040 λεγόμενα
1485 4970 1646 5041 ἔχων,
1698 4970 1775 5035 ὡς

1880 4972 2143 5045 sapientia
2190 4981 2239 5024 et
2269 4971 2487 5042 justitia
2531 4979 2581 5025 et
2624 4968 2976 5039 sanctiﬁcatio
3025 4975 3076 5021 et
3114 4965 3402 5030 redemptio
3418 4972 3470 5031 ³,

190 5061 496 5131 αὐτοσοφία
544 5061 641 5115 καὶ⁸
679 5061 1002 5132 δικαιοσύνη
1043 5062 1139 5115 καὶ
1171 5062 1399 5133 ἀγιότης
1436 5060 1535 5128 ὢν,
1560 5063 1654 5115 καὶ
1673 5063 1781 5134 οὐχ

190 5152 270 5216 ὡς
286 5154 373 5222 ἐφ’
389 5152 548 5223 ἡμῶν
570 5152 1114 5224 προσδιωρισμένως,
1143 5147 1255 5206 οἷον
1282 5152 1357 5215 ὡς
1386 5152 1550 5223 σοφὸς
1576 5152 1786 5226 ἄνθρω·

194 5260 319 5307 τως,
356 5243 623 5313 ῆδίκαιος
653 5243 961 5315 ἄνθρωπος,
984 5270 1052 5282 --
1073 5244 1185 5309 πᾶς
1220 5243 1464 5314 δηλονότι
1492 5243 1589 5299 ἀνθ
1600 5261 1781 5313 ρωπος

193 5335 400 5404 ἀρετῆς
453 5334 576 5388 καθ’
622 5336 738 5402 ἕξιν
784 5335 994 5405 παγίαν
1048 5336 1298 5407 μετέχων
1348 5337 1785 5407 ἀναμφηρίστως

200 5425 336 5479 Θεοῦ
365 5427 585 5498 μετέχει
629 5428 730 5499 τῆς
770 5426 962 5492 οὐσίας
994 5428 1103 5482 τῶν
1132 5428 1365 5499 ἀρετῶν,
1394 5429 1471 5493 ὡς
1512 5430 1613 5500 τὴν
1639 5430 1783 5484 κατά

269 5551 308 5579 ω
338 5540 487 5600 Psal.
530 5558 656 5609 nx,
692 5542 748 5608 3,
823 5553 851 5580 ιι
886 5542 1059 5599 lCor.
1106 5561 1144 5609 ι,
1177 5544 1267 5599 30.

1881 5062 2131 5135 profecto
2150 5063 2268 5119 haec
2294 5078 2415 5133 quae
2442 5062 2589 5118 dicta
2616 5069 2747 5117 sunt
2775 5060 3026 5115 absolute
3053 5059 3108 5113 in
3162 5058 3356 5128 seipso
3379 5058 3477 5112 ha-

1880 5156 2117 5227 betjure
2153 5154 2248 5226 qui
2270 5164 2356 5210 est
2379 5169 2479 5223 per
2511 5168 2572 5209 se
2599 5150 2871 5222 sapientia
2904 5158 2960 5206 et
2995 5148 3211 5220 justitia
3244 5156 3301 5203 et
3342 5164 3473 5203 san-

1883 5249 2069 5314 ctitas,
2101 5257 2160 5304 et
2185 5262 2299 5302 non
2337 5247 2485 5301 sicut
2507 5246 2565 5301 in
2594 5244 2759 5299 nobis
2784 5258 2910 5299 cum
2941 5240 3286 5305 deﬁnitione,
3316 5240 3474 5296 verbi

1884 5340 2085 5411 gratia,
2119 5338 2267 5395 sicut
2292 5338 2515 5409 sapiens
2545 5337 2712 5391 homo
2738 5346 2836 5391 aut
2868 5336 3050 5407 justus
3084 5332 3273 5405 homo)
3316 5348 3476 5388 :om—

1885 5432 1975 5489 nis
2031 5431 2279 5503 profecto
2326 5430 2495 5485 homo
2546 5429 2813 5484 virtutem
2857 5427 3164 5487 secundum
3222 5426 3473 5481 habitum

1515 5616 1748 5673 VARI/8
1778 5616 2181 5675 LECTIONES.

273 5704 319 5781 ξ’
355 5704 617 5778 ἐμμέτρῳ
680 5706 740 5760 τὸ
805 5706 1087 5781 ἄμμετρον
1123 5708 1212 5766 ed.
1245 5710 1364 5766 Gal.
1445 5710 1600 5766 ὀὔτ’
1655 5714 1919 5769 ἑννοεῐται
1984 5713 2073 5769 ed.
2108 5711 2227 5767 Gal.

203 5772 320 5831 Cal.

2312 5714 2330 5743 ’
2356 5712 2531 5768 ἄλλων
2586 5710 2677 5770 ed.
2741 5711 2861 5769 Gal.
2940 5711 2959 5742 ³
3006 5704 3347 5784 προειληφὼς
3377 5703 3469 5763 cd.
