4014 6284
556 316 693 378 1083

1706 334 1766 393 S.
1791 336 2093 400 ΜΑΧΙΜΙ
2133 339 2642 405 CONFESSORIS

3691 350 3816 418 1084

554 433 719 486 ﬁxum
739 435 1094 506 participans,
1119 440 1240 497 sine
1254 443 1801 514 ambiguitateDeum
1821 455 2137 526 participat,

2243 475 2406 528 φυσιν
2442 462 2655 534 σπορὰν
2679 462 2776 517 τοῦ
2805 463 3017 532 ἀγαθοῦ
3050 465 3290 536 γνησίως
3317 465 3461 520 κατά
3499 470 3821 541 προαίρεσιν

551 526 850 581 essentiam
917 529 1184 586 virtutum
1235 533 1408 590 veluti
1443 541 1714 597 naturalis
1765 559 1954 600 semen
2002 547 2132 603 boni

555 616 793 672 ﬁdeliter
825 634 925 688 per
947 621 1293 680 voluntatem
1317 627 1534 695 colens,
1561 641 1620 687 et
1654 633 1708 688 id
1742 635 1921 706 ipsum
1947 648 2135 694 osten-

555 703 693 759 deus
722 706 998 778 principio
1029 709 1190 767 linem
1214 723 1271 768 et
1301 715 1630 788 principium
1653 703 1779 789 ﬁni,
1803 727 1976 796 magis
2003 743 2134 782 vero

558 796 614 850 id
648 798 827 868 ipsum
861 803 1199 873 principium
1231 823 1355 863 esse
1383 817 1440 864 et
1473 812 1667 878 linem,
1701 819 1862 886 quasi
1904 835 2136 877 securus

557 888 730 944 Deum
759 894 1108 951 constituens
1135 899 1527 968 concionator;
1551 905 1827 975 siquidem
1863 911 2134 969 universae

559 981 636 1048 rei
669 983 999 1055 principium
1019 996 1076 1042 et
1099 988 1266 1046 linem
1297 993 1392 1062 qui
1421 994 1474 1048 in
1525 996 1711 1068 seipso
1741 1000 1916 1066 videt,
1952 1004 2135 1061 subsi-

559 1081 708 1128 stere
743 1076 961 1132 credit:
987 1079 1322 1152 principium
1349 1085 1599 1153 quidem,
1629 1091 1786 1159 quasi
1827 1092 1956 1150 inde
1985 1097 2134 1152 acci-

560 1164 720 1233 piens
761 1177 818 1222 et
861 1171 1159 1226 essentiam
1209 1189 1309 1243 per
1355 1177 1834 1250 participationem
1882 1189 2135 1245 naturale

561 1256 794 1325 bonum;
836 1259 999 1314 linem
1040 1277 1172 1318 vero
1214 1267 1385 1321 veluti
1432 1285 1531 1340 per
1561 1275 1931 1344 cognitionem
1962 1279 2135 1349 ipsius

558 1347 815 1419 principii
857 1361 916 1405 et
961 1355 1292 1423 appetitum,
1317 1360 1675 1431 laudabilem,
1707 1367 1775 1421 ad
1807 1347 1999 1439 ipsum
2015 1372 2134 1428 sine

559 1454 750 1498 errore
791 1442 1086 1500 ducentem
1118 1463 1244 1504 cum
1296 1451 1652 1512 festinatione
1682 1459 1977 1528 perﬁciens
2009 1478 2138 1519 cur-

559 1547 705 1597 sum,
735 1548 835 1603 per
875 1551 1041 1604 quem
1088 1536 1150 1592 ﬁt
1191 1540 1357 1607 Deus,
1403 1560 1472 1600 ex
1512 1547 1626 1604 Deo
1653 1549 1798 1605 Deus
1832 1565 1955 1608 esse
1991 1557 2136 1610 acci-

560 1624 751 1693 piens;
795 1628 995 1683 merito
1021 1632 1328 1688 secundum
1368 1635 1662 1708 imaginem
1695 1646 1933 1700 naturali
1963 1646 2132 1716 bono,

2238 550 2566 626 γεωργήσας
2599 555 2695 612 καὶ
2713 557 2912 611 ταυτὸν
2937 557 3118 623 δείξας
3145 560 3212 628 τῇ
3245 559 3384 630 ἀρχῇ
3421 560 3482 612 τὸ
3512 560 3822 626 cacant

2236 644 2336 716 τὴν
2363 649 2543 720 ἀρχὴν
2571 649 2650 720 τῷ
2685 649 2850 714 τέλει,
2885 650 3087 721 μᾶλλον
3116 650 3173 702 δέ
3219 651 3421 704 ταυτὸν
3451 653 3635 723 ἀρχὴν
3660 648 3826 708 οὖσαν

2237 738 2333 792 καὶ
2371 739 2548 805 τέλος,
2579 743 2656 804 ὼς
2685 741 2972 806 ἀνόθευτος
2997 742 3135 796 Θεοῦ
3163 743 3453 814 τυγχάνων
3495 747 3821 815 συνήγορος,

2235 824 2396 899 εἰπερ
2425 830 2628 895 παντὸς
2658 829 2984 902 πράγματος
3009 830 3152 902 ἀρχὴ
3183 832 3278 885 καὶ
3298 833 3453 896 τέλος
3480 835 3513 886 ὁ
3550 833 3643 888 ἐπ’
3675 833 3828 902 αὐτῷ

2237 919 2444 983 σκοπὸς
2471 921 2744 993 ὑπάρχειν
2785 921 3168 987 πεπίστευται,
3201 923 3302 994 τὴν
3333 924 3434 995 μέν
3487 924 3570 988 ὡς
3611 925 3829 978 ἐκεῖθεν

2235 1008 2477 1080 εἰληφὼς
2497 1011 2636 1085 πρὸς
2663 1011 2741 1084 τῷ
2773 1008 2915 1067 εἶναι
2941 1013 3038 1068 καὶ
3063 1013 3162 1067 τὸ⁶
3189 1014 3328 1069 κατά
3355 1014 3580 1086 μέθεξιν
3612 1014 3779 1085 φύσει
3798 1017 3822 1048 ⁵

2235 1099 2465 1168 ἀγαθὸν,
2499 1102 2561 1156 τὸ
2584 1102 2642 1157 δέ
2659 1102 2738 1166 ὡς
2762 1104 2888 1157 κατ’
2917 1103 3090 1175 αὐτὴν
3112 1103 3309 1176 γνώμῃ
3338 1121 3400 1158 τε
3433 1105 3536 1159 καὶ
3559 1106 3829 1176 προαιρέ-

2236 1208 2320 1246 σει
2363 1192 2459 1247 τὸν
2509 1194 2797 1248 ἐπαινετὸν
2826 1195 2922 1249 καὶ
2966 1195 3107 1266 πρὸς
3131 1196 3301 1267 αὐτὴν
3327 1195 3594 1260 ἀπλανῶς
3618 1197 3830 1266 ἄγοντα

2234 1280 2538 1347 ἐξανύσαςθ
2566 1283 2768 1355 δρόμον
2794 1284 2884 1339 διά
2914 1285 3174 1355 σπουδῆς,
3199 1286 3322 1341 καθ’
3342 1288 3402 1342 ὃν
3427 1288 3646 1357 γίνεται
3668 1289 3826 1353 Θεὸς,

2235 1373 2302 1426 ἐκ
2325 1373 2422 1427 τοῦ
2456 1372 2594 1428 Θεοῦ
2631 1375 2695 1428 τὸ
2725 1375 2863 1440 Θεὸς
2907 1371 3053 1431 εἰναι
3099 1378 3419 1449 λαμϐάνων,
3449 1381 3529 1444 ὡς
3554 1380 3679 1451 τῷτ
3703 1381 3830 1435 κατ’

2233 1466 2423 1519 εἰκόνα
2465 1466 2630 1536 φύσει
2681 1466 2835 1539 καλῷ
2863 1469 2960 1522 καὶ
3007 1472 3330 1542 προαιρέσει
3361 1471 3464 1543 τὴν
3499 1472 3573 1526 δι’
3607 1473 3830 1545 ἀρετῶν

2234 1557 2499 1627 προσθεὶς
2529 1557 2877 1629 ἐξομοίωσιν,
2927 1559 3018 1614 διά
3079 1561 3182 1632 τῆς
3225 1563 3475 1634 ἐμφύτου
3529 1565 3677 1635 πρὸς
3727 1564 3829 1635 τὴν

2240 1648 2380 1703 ἰδίαν
2406 1651 2584 1721 ἀρχὴν
2608 1650 2927 1716 ἀναὸἀσεώς
2953 1669 3014 1707 τε
3036 1653 3130 1708 καὶ
3156 1654 3516 1726 οἰκειότητος.
3547 1656 3664 1709 Καὶ
3693 1655 3830 1725 πληο

560 1717 870 1784 voluntate,
911 1736 1010 1791 per
1050 1723 1290 1781 virtutes
1321 1728 1532 1785 addens
1571 1732 1997 1793 similitudinem
2037 1756 2137 1810 per

2241 1739 2429 1808 ροῦται
2449 1717 2642 1794 ⁷λοιπὸν
2663 1742 2758 1795 καὶ
2782 1741 2872 1794 ἐπ’
2901 1741 3052 1813 αὐτῷ
3081 1742 3144 1798 τὸ
3167 1717 3532 1799 ἀποστολικὸν
3564 1745 3738 1817 ῥητὸν

509 1827 515 1833 ·
559 1807 782 1870 insitam
831 1813 898 1868 ad
939 1816 1223 1887 proprium
1279 1820 1615 1894 principium
1633 1829 2035 1902 ascensionem
2080 1843 2137 1889 et

2239 1802 2480 1898 ιράσκον·
2528 1829 2626 1885 Ἐν
2653 1830 2815 1897 αὑτῷ
2845 1833 2955 1904 γὰρ
2988 1802 3175 1904 («byw
3217 1835 3317 1889 καὶ
3363 1802 3699 1905 κινούμεθα
3729 1837 3822 1889 καί

563 1903 1015 1964 familiaritatem.
1044 1911 1114 1966 Et
1146 1911 1410 1984 impletur
1433 1917 1502 1973 de
1535 1929 1735 1977 caetero
1766 1923 1820 1977 in
1852 1924 1972 1995 ipso
2005 1942 2138 1997 apo-

561 1997 791 2055 stolicus
819 2015 1024 2067 sermo,
1046 2003 1239 2061 dicens
1266 2025 1280 2061 :
1314 2006 1376 2062 In
1394 2010 1508 2079 ipso
1538 2014 1678 2067 enim
1697 2016 1920 2072 vivimus
1948 2028 1997 2072 et
2019 2035 2135 2073 mo-

559 2105 746 2144 vemur
767 2100 818 2146 et
850 2111 1030 2150 sumus
1049 2104 1098 2151 ο.
1126 2096 1212 2151 Fit
1239 2099 1388 2155 enim
1407 2101 1465 2157 in
1493 2103 1605 2160 Deo
1631 2121 1730 2176 per
1752 2110 2137 2166 excellentiam

556 2183 1075 2242 ante-exsistentem
1139 2187 1194 2242 in
1228 2189 1341 2244 Deo
1399 2193 1654 2250 essentia:
1705 2196 1974 2254 rationem
2024 2216 2138 2257 non

559 2287 947 2344 corrumpens,
979 2287 1036 2333 et
1060 2289 1314 2336 movetur
1335 2282 1394 2336 in
1438 2284 1550 2340 Deo
1577 2287 1886 2344 secundum
1927 2305 2136 2361 praece-

559 2363 785 2420 dentem
834 2366 888 2420 in
931 2368 1044 2424 Deo
1077 2370 1218 2427 bene
1264 2388 1390 2430 esse
1431 2377 1723 2446 rationem,
1772 2397 1870 2452 per
1900 2383 2138 2442 virtutes

558 2471 816 2526 operans,
847 2467 904 2514 et
927 2461 1061 2516 vivit
1081 2462 1138 2518 in
1165 2463 1277 2520 Deo
1313 2468 1620 2525 secundum
1646 2473 2050 2541 praecedentem
2077 2477 2136 2532 in

529 2576 534 2580 -
560 2547 674 2602 Dco
700 2565 920 2620 semper
953 2568 1072 2609 esse
1103 2555 1392 2612 rationem.
1434 2559 1536 2615 llic
1557 2562 1780 2632 quidem
1801 2566 1912 2637 jam
1938 2583 2138 2624 secun-

553 2635 694 2698 dum
723 2637 1114 2708 impassibilem
1140 2644 1298 2700 valde
1321 2646 1574 2704 habitum
1611 2651 1668 2706 id
1702 2635 1882 2722 ipsum
1915 2655 2139 2714 sibimet

557 2736 616 2786 et
642 2727 1102 2788 incommotabilis
1119 2744 1233 2802 est;
1261 2736 1316 2792 in
1338 2739 1529 2795 futuro
1551 2757 1682 2799 vero
1715 2747 1916 2804 saeculo
1937 2763 2138 2806 secun-

560 2817 692 2873 dum
719 2819 903 2877 datam
938 2823 1178 2891 theosin,
1227 2827 1283 2883 id
1325 2838 1412 2885 est
1441 2831 1878 2903 deificationem,
1933 2842 2137 2909 praedi-

553 2920 681 2970 .ctas
727 2913 785 2966 in
833 2913 946 2970 Deo
999 2919 1394 2980 antecedentes
1439 2940 1675 2993 causas,
1732 2931 1906 3002 magis
1951 2943 2136 2989 autem

560 3003 757 3069 Deum,
803 3005 862 3060 in
891 3023 1004 3076 quo
1045 3025 1227 3068 causa!
1275 3012 1546 3071 bonorum
1577 3019 1811 3088 ιιι-πῆξαι
1863 3032 2023 3089 sunt,
2075 3025 2136 3080 in

555 3096 833 3154 .charitate
859 3115 1052 3156 amans
1071 3109 1129 3157 et
1161 3102 1536 3172 salutaturus;
1569 3115 1627 3162 et
1653 3118 1740 3164 est
1765 3127 1893 3180 pars
1919 3114 2038 3178 Dei,
2075 3122 2136 3169 ut

547 3196 649 3244 .est
674 3205 774 3259 per
794 3190 1048 3248 essentia:
1080 3208 1193 3248 sua:
1223 3193 1276 3248 in
1305 3195 1415 3252 Deo
1450 3197 1720 3254 rationem
1741 3239 1755 3265 ,
1785 3209 1844 3256 et
1875 3211 1937 3257 ut
1957 3203 2138 3260 bonus

561 3296 663 3351 per
696 3281 838 3338 bene
869 3282 1089 3338 essendi
1126 3285 1182 3339 in
1221 3286 1334 3342 Deo
1359 3289 1651 3357 rationem,
1681 3299 1738 3346 et
1766 3301 1825 3346 ut
1856 3294 2002 3350 Deus
2038 3312 2140 3367 per

561 3388 785 3444 semper
806 3375 1028 3431 essendi
1063 3378 1336 3435 rationem
1357 3420 1372 3445 ,
1406 3382 1608 3438 merito
1637 3398 1730 3440 eas
1775 3385 2054 3444 honorans
2083 3398 2141 3444 et

563 3467 870 3522 secundum
908 3485 1004 3526 eas
1041 3485 1302 3541 operans,
1369 3484 1426 3530 et
1457 3491 1559 3546 per
1604 3492 1700 3533 eas
1739 3480 1979 3551 seipsum
2015 3483 2141 3552 qui-

563 3557 691 3614 dem
714 3560 828 3615 Deo
871 3561 972 3615 soli
1017 3577 1116 3632 per
1151 3570 1329 3620 totum
1357 3565 1651 3624 inserens:
1683 3569 1857 3626 Deum
1882 3589 2012 3629 vero
2047 3590 2140 3630 so-

565 3651 680 3706 lum
715 3651 938 3708 sibimet
976 3669 1076 3724 per
1101 3663 1279 3710 totum
1307 3665 1365 3712 et
1411 3661 1718 3732 imaginaris
1766 3673 1823 3719 et
1862 3664 2138 3734 formans,

566 3743 642 3800 ita
675 3754 737 3803 ut
765 3754 822 3800 et
853 3745 972 3816 ipse
1025 3746 1096 3802 sit
1118 3749 1296 3819 gratia
1329 3759 1384 3806 et
1416 3761 1647 3809 vocetur
1687 3754 1853 3822 Deus,
1893 3765 1956 3813 et
1995 3759 2141 3815 Deus

545 3838 641 3892 .sit
669 3838 1138 3897 condescensione
1194 3851 1248 3897 et
1283 3859 1384 3913 per
1430 3860 1490 3900 se
1541 3855 1772 3904 vocetur
1819 3849 2024 3917 homo,
2080 3861 2142 3908 et

565 3939 760 4006 mutuo
808 3930 863 3984 in
903 3930 1008 3986 hoc
1050 3931 1251 3988 all'ectu
1284 3936 1611 4010 ostendatur
1643 3938 1857 4005 virtus,
1912 3959 2038 4015 qua:
2085 3955 2140 4002 et

568 4017 848 4075 hominem
897 4018 1010 4074 Deo
1058 4035 1160 4088 per
1197 4020 1448 4078 divinum
1495 4041 1746 4083 amorem
1793 4029 2040 4099 deificat,
2081 4045 2141 4091 et

542 4109 738 4165 .Deum
768 4110 974 4166 homini
1020 4123 1120 4182 per
1151 4111 1456 4171 humanum
1490 4133 1736 4174 amorem
1787 4119 2137 4191 inhumanat,

564 4209 624 4255 et
665 4199 801 4256 facit
854 4216 952 4271 per
984 4202 1187 4258 bonam
1234 4209 1656 4266 conversionem
1691 4213 1865 4270 Deum
1909 4216 2138 4286 quidem

569 4291 848 4347 hominem
883 4309 983 4364 per
1026 4294 1271 4354 hominis
1307 4299 1734 4373 deificationem,
1769 4315 1826 4362 et
1855 4307 2139 4365 hominem

568 4395 740 4449 Deum
763 4410 862 4466 per
893 4396 988 4452 Dei
1021 4397 1551 4460 inhumanationem.
1577 4405 1706 4460 Vult
1739 4407 1886 4462 enim
1923 4423 2142 4480 semper

2239 1920 2448 1992 ἐσμέν.
2479 1922 2698 1978 Γίνεται
2724 1923 2835 1996 γάρ
2867 1926 2928 1978 ἐν
2953 1925 3030 1995 τῷ
3055 1924 3174 1998 Θεῷ
3195 1926 3284 1980 διά
3316 1928 3623 1999 προσοχῆς,
3643 1928 3745 1982 τὸν
3770 1932 3828 1982 ἐν

2235 2015 2317 2086 τῷ
2347 2015 2469 2087 Θεῷ
2511 2016 2751 2090 προόντα
2789 2016 2885 2071 τοῦ
2934 2013 3076 2072 εἶναι
3113 2018 3271 2088 λόγον
3303 2019 3379 2091 μὴ
3413 2020 3824 2092 παραφθείρας,

2237 2107 2332 2161 καὶ
2353 2109 2585 2163 κινεῖται
2613 2108 2673 2162 ἐν
2702 2108 2782 2181 τῷ
2811 2108 2930 2181 Θεῷ
2954 2109 3101 2165 κατά
3128 2109 3221 2164 τὸν
3247 2111 3494 2183 προόντα
3518 2112 3585 2165 ἐν
3603 2112 3686 2183 τῷ
3710 2112 3830 2183 Θεῷ

2233 2198 2333 2253 τοῦ
2366 2199 2428 2254 εὖ
2461 2195 2603 2256 εἶναι
2641 2201 2820 2268 λόγον,
2855 2202 2944 2257 διά
2990 2201 3099 2256 τῶν
3135 2203 3350 2275 ἀρετῶν
3400 2205 3823 2277 ἐνεργούμενος,

2237 2289 2335 2344 καὶ
2363 2288 2432 2362 ζῇ
2467 2292 2527 2346 ἐν
2561 2290 2642 2364 τῷ
2678 2291 2802 2360 Θεῷ
2832 2292 2977 2347 κατὰ
3001 2292 3096 2346 τὸν
3123 2293 3362 2365 προόντα
3390 2296 3450 2348 ἐν
3474 2293 3555 2366 τῷ
3580 2293 3706 2366 Θεῷ
3733 2294 3830 2348 τοῦ

2236 2381 2328 2436 ἀεὶ
2358 2377 2499 2436 εἰναι
2528 2382 2710 2453 λόγον.
2749 2383 3035 2438 Ἐντεῦθεν
3077 2385 3178 2456 μὲν
3218 2384 3322 2456 ήδη
3357 2385 3503 2440 κατά
3531 2387 3639 2457 τὴν
3683 2388 3827 2440 ἀπα-

2237 2473 2508 2546 θεστάτην
2549 2475 2664 2544 ἐξιν
2689 2475 2888 2532 ταυτὸν
2916 2475 3097 2549 ἐαυτῷ
3129 2477 3224 2531 καὶ
3260 2477 3521 2550 ἀκίνητος
3548 2477 3649 2541 ὢν,
3683 2481 3744 2530 ἐν
3768 2477 3825 2530 δέ

2235 2566 2314 2638 τῷ
2350 2567 2602 2639 μέλλοντι
2641 2569 2798 2624 αἰῶνι
2839 2569 2984 2625 κατά
3012 2570 3111 2642 τὴν
3141 2569 3522 2644 δοθησομένην
3557 2571 3748 2644 (m5
3772 2573 3825 2640 ὁ)

2236 2659 2434 2715 θέωσιν
2479 2661 2607 2726 τοὺς
2648 2661 2981 2733 εἰρημένους
3034 2663 3130 2716 καὶ
3184 2664 3244 2717 ἐν
3282 2663 3362 2735 τῷ
3402 2663 3526 2735 Θεῷ
3552 2665 3828 2735 προόντες

2235 2736 2467 2822 λόγους,
2484 2754 2685 2825 μᾶλλον
2714 2753 2772 2808 δέ
2797 2755 2887 2809 τὸν
2914 2755 3070 2822 Θεὸν,
3101 2757 3160 2809 ἐν
3188 2749 3233 2825 ᾧ
3256 2757 3308 2810 οἰ
3339 2755 3491 2826 λόγοι
3510 2757 3621 2810 τῶν
3641 2757 3828 2810 καλῶν

2237 2846 2576 2917 πεπήγασιν,
2603 2845 2972 2917 ἀγαητικῶς
3003 2848 3251 2919 στέργων
3273 2847 3372 2902 καὶ
3400 2848 3823 2918 ἀσπαζόμενος

2235 2938 2337 2990 καὶ
2365 2936 2482 2991 ἔστι
2527 2940 2693 3010 μοῖρα
2715 2938 2876 3004 Θεοῦ,
2905 2939 2983 3004 ὡς
3007 2938 3106 3006 ὣν,
3134 2939 3224 2994 διὰ
3249 2939 3342 2993 τὸν
3371 2941 3429 2994 ἐν
3467 2940 3547 3012 τῷ
3574 2940 3697 3010 Θεῷ
3727 2938 3828 2994 τοῦ

2237 3023 2379 3083 εἶναι
2436 3029 2604 3083 αὐτοῦ
2658 3030 2840 3100 λόγον,
2875 3031 2972 3086 καὶ
3023 3031 3100 3095 ὡς
3129 3032 3358 3100 ἀγαθὸς,
3392 3030 3486 3086 διὰ
3531 3030 3626 3086 τὸν
3661 3033 3726 3086 ἐν
3747 3031 3830 3103 τῷ

2238 3120 2360 3191 Θεῷ
2396 3119 2492 3174 τοῦ
2518 3115 2578 3174 εὖ
2609 3117 2750 3175 εἰναι
2781 3120 2945 3175 αὐτοῦ
2971 3121 3150 3191 λόγον,
3189 3123 3284 3177 καὶ
3329 3123 3405 3186 ὡς
3434 3122 3592 3187 Θεὸς,
3621 3122 3713 3176 διὰ
3735 3123 3831 3176 τὸν

2239 3213 2299 3267 ἐν
2328 3211 2407 3284 τῷ
2457 3213 2579 3285 Θεῷ
2623 3213 2720 3268 τοῦ
2766 3215 2855 3268 ἀεὶ
2897 3211 3040 3268 εἰναι
3077 3215 3242 3270 αὐτοῦ
3287 3215 3466 3284 λόγον,
3497 3215 3576 3279 ὡς
3601 3216 3830 3278 τούτους

2237 3307 2478 3378 τιμήσας
2523 3306 2618 3360 καὶ
2659 3305 2782 3360 κατ’
2813 3307 3014 3371 αὐτοὺς
3051 3308 3380 3378 ἐνεργήσας,
3411 3308 3511 3362 καὶ
3549 3307 3621 3362 δι’
3647 3307 3833 3361 αὐτῶν

2239 3399 2433 3452 ἐαυτὸν
2466 3398 2568 3469 μὲν
2595 3398 2674 3469 τῷ
2699 3399 2819 3469 Θεῷ
2859 3399 3008 3471 μόνῳ
3038 3399 3105 3453 δι’
3130 3401 3253 3454 ὅλου
3289 3399 3609 3471 ἐνθέμενος,
3635 3401 3732 3454 τὸν
3770 3400 3832 3454 δέ

2238 3487 2372 3542 Θεὸν
2406 3488 2568 3560 μόνον
2616 3489 2800 3560 ἐαυτῷ
2823 3489 2891 3544 δι’
2925 3489 3052 3544 ὅλου
3080 3489 3405 3554 ἐντυπὼσας
3438 3507 3500 3544 τε
3557 3491 3658 3544 καὶ
3692 3508 3833 3563 μορ-

2241 3577 2451 3650 φώσας,
2494 3580 2638 3635 ὥστε
2679 3581 2775 3634 καὶ
2813 3581 2979 3635 αὑτὸν
3023 3575 3166 3635 εῖναί
3195 3599 3256 3635 τε
3286 3582 3472 3652 χάριτι
3500 3583 3598 3635 καὶ
3639 3581 3828 3635 καλεί-

2241 3672 2364 3725 σθαι
2393 3671 2548 3738 Θεὸν,
2574 3672 2672 3725 καὶ
2703 3671 2796 3725 τὸν
2827 3671 2962 3726 Θεὸν
2993 3665 3136 3726 εἰναί
3177 3689 3240 3726 τε
3287 3673 3701 3741 συγκαταὸἀσει
3729 3675 3830 3726 καὶ

2239 3762 2523 3818 καλεῖσθαι
2545 3762 2614 3816 δι’
2646 3763 2811 3816 αὐτὸν
2841 3761 3154 3835 ἄνθρωπον,
3205 3764 3300 3818 καὶ
3337 3764 3441 3833 τῆς
3487 3765 3829 3834 ἀντιδιδομέ-

2239 3870 2339 3923 νης
2366 3853 2458 3906 ἐπὶ
2487 3852 2662 3924 τούτῳ
2678 3851 2974 3916 διαθέσεως
3000 3853 3280 3923 δειχθῆναι
3306 3854 3406 3924 τὴν
3431 3853 3691 3924 δύναμιν,
3723 3854 3829 3924 τὴν

2232 3945 2339 4000 καὶ
2365 3944 2460 3998 τὸν
2493 3944 2784 4016 ἄνθρωπον
2811 3943 2888 4015 τῷ
2911 3944 3032 4014 Θεῷ
3060 3943 3288 3998 θεοῦσαν
3315 3945 3404 3999 διὰ
3442 3946 3506 3998 τὸ
3552 3945 3827 4016 φιλόθεον,

2241 4037 2336 4091 καὶ
2367 4036 2460 4090 τὸν
2495 4035 2627 4089 Θεὸν
2655 4035 2735 4106 τῷ
2763 4034 3037 4107 ἀνθρώπῳ
3080 4036 3168 4090 διὰ
3209 4035 3271 4090 τὸ
3317 4036 3705 4108 φιλάνθρωπον
3732 4039 3828 4090 ἀν-

2241 4127 2627 4200 θρωπίζουσαν
2659 4127 2756 4180 καὶ
2808 4126 3075 4182 ποιοῦσαν
3121 4131 3266 4184 κατά
3316 4130 3415 4200 τὴν
3455 4130 3636 4203 καλὴν
3679 4133 3828 4186 ἀντιο

2242 4218 2504 4292 στροφὴν,
2549 4219 2640 4274 τὸν
2677 4219 2780 4289 μὲν
2811 4219 2948 4272 Θεὸν
2973 4220 3288 4292 ἄνθρωπον,
3321 4223 3411 4277 διὰ
3454 4223 3560 4296 τὴν
3597 4225 3702 4278 τοῦ
3729 4226 3826 4280 ἀν’

2230 4311 2463 4384 νθρὼπου
2505 4310 2728 4377 θέωσιν,
2760 4313 2852 4367 τὸν
2877 4312 2936 4367 δὲ
2979 4313 3271 4385 ἄνθρωπον
3295 4315 3450 4379 Θεὸν,
3475 4317 3571 4372 διά
3605 4318 3713 4389 τὴν
3731 4317 3826 4372 τοῦ

2240 4405 2378 4459 Θεοῦ
2412 4405 2768 4476 ἀνθρὼπησιν
2785 4405 2829 4460 ⁸.
2864 4404 3126 4460 Βούλεται
3149 4406 3261 4476 γὰρ
3287 4408 3376 4461 ἀεὶ
3410 4409 3508 4463 καὶ
3557 4412 3617 4463 ἐν
3658 4413 3822 4464 πᾶσιν

565 4495 625 4541 et
654 4486 709 4540 in
745 4487 1001 4543 omnibus
1040 4489 1136 4543 Dei
1175 4491 1417 4548 Verbum
1453 4502 1508 4550 et
1542 4496 1686 4553 Deus
1729 4514 1827 4554 sua
1876 4499 2137 4571 incorpo-

2239 4499 2270 4552 ό
2301 4496 2395 4550 τοῦ
2426 4495 2562 4550 Θεοῦ
2593 4497 2767 4564 Λόγος
2791 4496 2890 4551 καὶ
2923 4497 3057 4561 Θεὸς
3116 4499 3220 4568 τῆς
3260 4498 3426 4553 αὐτοῦ
3485 4501 3821 4570 ἐνσωματὼο

567 4577 781 4633 ratione
811 4579 1028 4650 operari
1071 4585 1414 4654 mysterium.
1447 4587 1550 4655 Qui
1588 4605 1722 4644 vero
1759 4605 1921 4646 suum
1970 4593 2140 4649 relin-

541 4685 746 4738 quens
787 4671 1120 4742 principium
1171 4690 1298 4745 pars
1343 4678 1440 4733 Dei
1489 4679 1825 4737 constitutus
1869 4697 1968 4752 per
1996 4685 2141 4741 exsi-

569 4767 805 4816 stentem
831 4762 886 4816 in
911 4763 1031 4833 ipso
1065 4765 1289 4822 virtutis
1324 4769 1599 4825 rationem
1624 4772 1928 4828 secundum
1953 4775 2140 4831 reddi-

569 4859 680 4906 tam
712 4867 934 4909 causam
989 4855 1059 4910 ad
1115 4855 1173 4911 id
1202 4858 1351 4928 quod
1397 4875 1506 4914 non
1547 4869 1634 4917 est
1684 4861 2140 4922 irrationabiliter

569 4943 766 5010 fertur,
823 4956 972 5003 recte
1019 4948 1310 5005 desursum
1356 4949 1600 5008 deﬂuere
1638 4953 1868 5020 dicitur,
1917 4971 2025 5011 non
2069 4957 2136 5012 ad

568 5049 730 5088 suum
763 5036 1097 5108 principium
1139 5049 1196 5096 et
1248 5055 1499 5106 causam,
1541 5058 1572 5096 a
1600 5059 1709 5114 qua
1741 5054 1800 5100 et
1833 5046 1887 5100 in
1931 5063 2039 5117 qua
2083 5057 2142 5103 et

569 5139 670 5192 per
693 5141 855 5195 quam
879 5128 1057 5186 factus
1083 5141 1189 5197 est,
1226 5143 1446 5198 motus;
1474 5144 1633 5190 etest
1672 5137 1729 5191 in
1756 5145 1936 5191 meatu
1967 5138 2140 5193 insta-

572 5211 669 5266 bili
717 5224 776 5269 et
811 5215 1212 5277 inordinatione
1257 5223 1427 5278 lluxil‘i
1477 5225 1678 5281 animae
1719 5236 1778 5282 et
1819 5228 2072 5297 corporis
2110 5245 2140 5282 a

571 5317 684 5356 non
715 5315 939 5362 errante
970 5318 1027 5363 et
1053 5311 1311 5368 similiter
1342 5314 1580 5371 habente
1605 5331 1792 5382 causa,
1815 5317 1883 5372 ad
1915 5317 1968 5372 id
1993 5319 2143 5389 quod

641 5448 672 5480 ³
693 5428 824 5498 Ἁοῑ.
878 5462 1007 5512 xvn,
1032 5447 1124 5504 28.

2237 4603 2376 4650 σεως
2407 4585 2749 4658 ἐνεργεῖσθαι
2787 4586 2851 4639 τὸ
2896 4588 3218 4658 μυστήριον.
3253 4588 3440 4652 Ὅστις
3466 4589 3524 4642 δέ
3562 4593 3666 4660 τῆς
3696 4592 3826 4654 ἰδίας

2237 4679 2516 4748 ἀφέμενος
2545 4678 2724 4750 ἀρχῆς
2778 4681 2944 4750 μοῖρα
2986 4679 3276 4750 τυγχάνων
3325 4680 3464 4734 Θεοῦ
3505 4681 3599 4735 διά
3633 4683 3732 4736 τὸν
3769 4685 3828 4736 ἐν

2236 4769 2386 4840 αὐτῷ
2419 4769 2521 4838 τῆς
2551 4768 2758 4840 ἀρετῆς
2783 4769 2916 4823 ὄντα
2962 4768 3125 4838 λόγον
3170 4769 3315 4825 κατά
3336 4771 3437 4842 τὴν
3463 4772 3828 4827 ἀποδοθεῖσαν

2236 4859 2416 4914 αἰτίαν
2448 4858 2589 4928 πρὸς
2618 4858 2681 4913 τὸ
2709 4859 2790 4930 ,μὴ
2828 4858 2890 4912 ὂν
2919 4859 3251 4930 παραλόγως
3301 4861 3556 4932 φέρεται,
3599 4863 3829 4926 εἰκότως

2234 4950 2442 5006 ἀνωθεν
2468 4951 2662 5023 ῥεῦσαι
2700 4952 2948 5020 λέγεται,
2977 4952 3054 5023 μὴ
3079 4953 3222 5024 πρὸς
3247 4953 3348 5024 τὴν
3379 4953 3518 5009 ἰδίαν
3559 4955 3744 5026 ἀρχήν
3769 4973 3825 5009 τε

2239 5043 2340 5096 καὶ
2393 5043 2578 5098 αἰτίαν
2617 5043 2741 5096 καθ’
2791 5045 2859 5116 ἣν
2903 5043 2999 5097 καί
3027 5044 3115 5112 ἐφ’
3147 5058 3182 5118 ῃ
3217 5046 3314 5099 καὶ
3343 5046 3410 5100 δι’
3439 5047 3509 5117 ἢν
3531 5049 3826 5119 γεγένηται

2238 5133 2500 5205 κινηθεὶς,
2532 5134 2630 5190 καὶ
2662 5134 2812 5190 ἐστιν
2844 5137 2904 5190 ἐν
2933 5137 3154 5208 ἀστάτῳ
3194 5141 3471 5210 περιφορᾷ
3498 5141 3597 5193 καὶ
3629 5141 3823 5209 ἀταξίᾳ

2237 5227 2383 5298 δεινῇ
2430 5227 2611 5299 ψυχῆς
2661 5245 2721 5282 τε
2770 5230 2867 5283 καὶ
2929 5227 3203 5301 σώματος,
3252 5231 3356 5300 τῆς
3404 5232 3690 5296 ἀπλανοῦς
3732 5234 3822 5286 καὶ

2239 5321 2501 5385 ὡσαύτως
2523 5321 2754 5393 ἐχούσης
2787 5321 2967 5387 αἰτίας
2990 5324 3057 5394 τῇ
3093 5323 3231 5394 πρὸς
3259 5324 3323 5377 τὸ
3346 5323 3535 5395 (126
3554 5325 3616 5395 α)
3641 5328 3821 5396 χεῖρον

1877 5570 2109 5628 VARI/8
2151 5572 2560 5632 LECTIONES.

643 5685 682 5772 δ’
708 5689 770 5743 τὸ
818 5695 1129 5772 non-habet
1161 5697 1250 5754 cd.
1291 5700 1408 5755 Gal.
1484 5701 1506 5732 '
1537 5701 1694 5772 φύσει
1746 5719 1852 5760 non
1911 5703 2076 5762 habet
2108 5705 2197 5762 cd.
2234 5706 2348 5762 Gal.

577 5755 866 5833 θρὼπησιν
887 5763 976 5820 ed.
1010 5766 1128 5821 Gal.

2467 5707 2486 5737 ⁸
2510 5705 2766 5772 διανύσας
2791 5707 2876 5765 ed.
2903 5709 3019 5765 Gal.
3106 5711 3130 5744 "
3161 5709 3221 5765 τὸ
3278 5710 3366 5768 ed.
3395 5710 3516 5769 Gal.
3611 5713 3631 5746 '
3661 5714 3817 5770 ἀναν·
