4014 6284
220 340 378 407 1085

1387 351 1394 359 ’
1438 354 1441 357 ⁷
1478 353 1997 415 AMBIGUORUM
2038 357 2287 419 LIBER.

218 455 474 526 ἑκουσίῳ
518 457 656 526 ῥοπῇ
694 456 794 527 τὴν
822 458 1126 530 ἀποτυχίαν
1151 459 1345 516 ἑαυτοῦ
1387 464 1810 535 καταπραξάμες

1926 467 2130 521 malum
2159 477 2245 524 est
2282 470 2594 527 voluntario
2633 484 2911 530 momento
2939 478 3314 547 expulsionem
3345 497 3499 537 suam

210 562 344 610 νις.
395 548 514 615 Ἐφ’
540 542 603 602 οῦ
628 549 721 601 καὶ
748 548 809 602 τὸ
848 550 1038 620 ῥεῦσαι
1088 554 1295 625 κυρίως
1340 555 1558 628 λεχθείη
1588 554 1659 609 ἀν
1690 557 1770 610 ὅτι
1793 559 1814 589 ’

216 640 325 693 ὄπ’
362 642 518 713 αὐτῷ
549 645 814 716 κειμένης
841 647 939 716 τῆς
967 648 1103 719 πρὸς
1128 649 1262 703 Θεὸν
1287 650 1561 722 ἀδηρίτως
1585 652 1691 715 τὰς
1717 655 1817 723 τῆς

208 732 420 804 ψυχῆς
450 734 636 804 βάσεις
668 738 938 792 ποιεῖσθαι
966 739 1274 813 δυναμένης
1303 742 1572 809 ἐξουσίας,
1609 742 1674 798 τὸ
1703 747 1817 815 χεῖ-

220 838 331 890 ρον
360 825 458 878 καὶ
497 825 574 897 μὴ
605 826 666 880 ὂν
689 827 785 882 τοῦ
815 828 1124 901 κρείττονος
1160 833 1254 886 καὶ
1272 832 1424 898 ὸντος
1452 837 1590 892 ἑκὼν
1616 835 1817 908 ἀντηλο

216 912 458 979 nam.

306 1008 547 1072 Τούτους
575 1009 634 1063 δὲ
662 1010 760 1075 οὓς
796 1011 935 1083 ἔφην
967 1014 1099 1078 τοὺς
1120 1014 1314 1083 λόγους
1340 1017 1372 1071 ὁ
1408 1014 1510 1088 μὶν
1548 1017 1818 1088 Ἀρεοπα-

221 1102 402 1172 γίτης
435 1101 592 1170 ἅγιος
632 1103 911 1168 Διονύσιος
954 1109 1331 1179 προορισμοὺς
1363 1111 1460 1163 καὶ
1502 1109 1620 1164 θεῖα
1654 1111 1817 1181 θελή-

228 1211 387 1263 ματα
420 1193 706 1248 καλεῖσθαι
749 1195 855 1249 ὑπὸ
887 1197 986 1269 τῆς
1022 1199 1063 1251 Γ
1075 1200 1257 1271 ραφῆς
1297 1202 1449 1272 ἡμᾶς
1480 1202 1817 1259 ἐκδιδάσκει.

240 1286 485 1356 Ὁμοίως
520 1287 581 1340 δὲ
620 1288 716 1341 καὶ
758 1289 810 1341 oi
852 1290 984 1361 περὶ
1028 1291 1332 1347 Πάνταινον
1378 1295 1471 1347 τὸν
1521 1294 1818 1365 γενόμενον

226 1381 562 1451 καθηγητὴν
616 1380 710 1434 τοῦ
766 1381 1139 1453 Σκιρωματέως
1207 1386 1447 1457 μεγάλου
1493 1387 1816 1459 Κλήμεντος

230 1470 359 1524 θεῖα
411 1471 695 1542 θελήματα
746 1474 814 1544 τῇ
862 1473 1053 1546 Γραφῇ
1105 1476 1265 1545 φίλον
1313 1476 1602 1531 καλεῖσθαί
1658 1494 1815 1548 φασι.

228 1560 407 1616 Ὅθεν
459 1562 831 1634 ἐρωτηθέντες
869 1565 975 1620 ὑπό
1018 1583 1181 1623 τινων
1220 1568 1331 1623 τῶν
1380 1568 1488 1634 ἔξω
1532 1569 1817 1625 παίδευσιν

202 1654 485 1725 κγαύρων,
513 1654 632 1718 πῶς
662 1655 958 1725 γινώσκειν
988 1657 1059 1713 τὰ
1088 1659 1220 1715 ὄντα
1267 1660 1361 1715 τὸν
1395 1660 1529 1716 Θεὸν
1565 1661 1818 1727 δοξάζου-

228 1763 323 1800 σιν
356 1747 409 1800 οί
441 1748 784 1820 Χριστιανοὶ,
819 1750 1199 1823 ὕπειληφὸτων
1230 1753 1482 1819 δκείνων,
1519 1755 1721 1827 vespm;
1747 1756 1815 1811 τά

225 1840 428 1909 νοητὰ,
479 1839 575 1893 καὶ
624 1840 961 1912 αίσθητικῶς
997 1842 1067 1897 τὰ
1108 1843 1365 1917 αίσθητὰ,
1396 1846 1688 1915 γινώσκειν
1723 1848 1818 1902 αὑ·

223 1933 327 1986 τὸν
372 1934 443 1986 τά
486 1932 618 1986 ὄντα
659 1934 1048 2005 ἀπεκρίναντο,
1086 1939 1226 2007 μήτε
1275 1929 1616 2009 αἰσθητικῶς
1638 1941 1707 1995 τὰ
1730 1944 1817 1996 αί-

226 2026 434 2099 σθητὰ,
467 2029 607 2099 μήτε
630 2028 833 2101 νοερῶς
868 2029 940 2083 τὰ
965 2031 1152 2101 νοητά.
1184 2032 1261 2087 Οὐ
1289 2033 1399 2104 γὰρ
1420 2028 1559 2090 εἷναι
1580 2034 1815 2092 δυνατὸν

222 2119 324 2172 τὸν
357 2120 504 2189 ὑπὲρ
532 2121 601 2175 τά
624 2119 756 2175 ὄντα
785 2122 931 2176 κατά
967 2121 1037 2177 τὰ
1067 2122 1199 2178 ὄντα
1226 2125 1336 2180 τῶν
1361 2127 1533 2181 ὄντων
1553 2128 1815 2200 ἀντιλαμ-

200 2211 496 2268 ϐάνεσθαι
516 2213 591 2245 ⁸⁸·
623 2213 741 2270 ἀλλ’
774 2215 851 2279 ώς
881 2215 989 2271 tam
1012 2216 1296 2289 θελήματα
1328 2219 1622 2288 γινώσκειν
1651 2220 1815 2276 αὺτὸν

216 2304 295 2357 τὰ
329 2304 464 2360 ὂντα
502 2307 702 2377 φαμὲν,
745 2308 1079 2380 προσθέντες
1108 2310 1207 2364 καὶ
1250 2311 1345 2365 τοῦ
1379 2312 1541 2382 λόγου
1573 2312 1635 2367 τὸ
1663 2313 1816 2368 εὔλο-

220 2415 345 2465 γον.
383 2399 447 2454 Εἰ
472 2399 582 2471 γὰρ
608 2398 875 2473 θελήματι
894 2402 964 2456 τά
991 2402 1174 2457 πάντα
1197 2405 1490 2476 πεποίηκε,
1518 2406 1613 2459 καὶ
1635 2406 1815 2470 οὐδεὶς

223 2494 457 2563 ἀντερεῖ
481 2492 655 2561 λόγος,
683 2494 975 2563 γινώσκειν
1003 2494 1063 2550 δὲ
1084 2495 1146 2548 τὸ
1171 2495 1304 2549 ίδιον
1334 2496 1548 2568 θέλημα
1567 2496 1661 2551 τὸν
1681 2497 1814 2551 Θεὸν

224 2583 458 2648 εὐσεϐές
496 2602 556 2638 τε
590 2585 772 2653 λέγειν
814 2587 902 2641 ἀεὶ
929 2586 1025 2640 καλ⁵
1051 2586 1261 2641 δίκαιόν
1291 2589 1461 2655 ἐστιν,
1499 2588 1728 2642 ἕκαστον
1755 2588 1813 2642 δὲ

221 2677 339 2730 τῶν
368 2678 671 2747 γεγονότων
701 2678 872 2733 θέλων
903 2679 1230 2751 πεποίηκεν,
1262 2682 1370 2753 ἄρα
1389 2679 1465 2744 ὡς
1504 2681 1613 2735 ἴδια
1650 2679 1810 2751 θελή-

227 2786 378 2838 ματα
414 2770 444 2822 ὸ
473 2770 607 2835 Θεὸς
639 2770 708 2825 τὰ
738 2771 867 2826 ὄντα
903 2770 1188 2840 γινώσκει,
1208 2772 1395 2844 ἐπειδὴ
1425 2771 1521 2827 καλ⁸
1543 2771 1715 2827 θέλων
1743 2772 1811 2826 τὰ

220 2859 360 2915 ὄντα
387 2861 731 2931 ιπεποίηκεν.
786 2861 1068 2917 Ἐντεῦθεν
1132 2863 1191 2917 δὲ
1250 2862 1573 2935 ὁρμώμενος
1635 2861 1810 2932 ἔγωγε

220 2949 382 3026 οἶμαι
411 2954 554 3009 κατά
586 2954 806 3019 τούτους
836 2955 1087 3027 είρῆσθαι
1109 2958 1177 3028 τῇ
1200 2957 1393 3029 Γραφῇ
1426 2958 1564 3021 τοὺς
1590 2957 1807 3025 λόγους.

218 3047 304 3111 τὸ,
347 3048 584 3115 Ἕγνων
621 3063 696 3103 σε
738 3047 899 3116 παρὰ
940 3046 1193 3114 πάντας,
1233 3047 1372 3119 πρὸς
1413 3048 1678 3120 Μωῦσῆν,
1712 3048 1809 3103 καὶ

1847 1813 1889 1869 Β

1920 569 2209 628 peragens.
2242 559 2321 613 Ex
2340 576 2452 629 quo
2480 569 2537 616 et
2569 560 2982 634 ﬂuereproprie
3003 568 3228 635 dicitur,
3260 585 3328 624 eo
3351 572 3497 641 quod

1916 646 1975 701 in
2016 652 2257 713 sejmotaa
2285 651 2351 705 ad
2373 652 2543 707 Deum
2560 654 2637 725 (ά)
2655 655 3095 725 inseparabiliter
3126 660 3321 715 animae
3346 678 3499 731 gres-

1918 754 2014 794 sus
2042 740 2295 797 faciendo
2320 744 2503 799 valido
2540 747 2819 815 potentiae,
2857 751 3002 819 quod
3048 751 3292 807 deterius
3332 762 3416 808 est
3442 763 3499 810 et

1920 830 2071 901 quod
2095 847 2207 887 non
2242 842 2329 889 est
2360 850 2462 905 pro
2496 837 2714 893 meliori
2746 840 2940 895 volens
2961 843 3216 897 mutavit.

1992 1008 2109 1064 Has
2157 1016 2340 1066 autem
2383 1028 2522 1081 quas
2550 1013 2797 1070 dixeram
2829 1018 3071 1075 rationes
3115 1019 3232 1089 ipse
3271 1022 3495 1091 quidem

1917 1100 2250 1175 Aeropagita
2296 1114 2523 1161 sanctus
2550 1107 2845 1180 Dionysius
2877 1112 3393 1181 praedestinationes
3439 1124 3497 1171 et

1918 1192 2139 1250 divinas
2182 1195 2499 1253 voluntates
2530 1201 2714 1255 vocari
2763 1217 2793 1256 a
2835 1201 3023 1259 divina
3072 1204 3355 1276 Scriptura
3394 1224 3496 1264 nos

1916 1282 2135 1340 edocet.
2166 1284 2545 1357 Similiterque
2561 1298 2618 1343 et
2650 1289 2721 1361 (ε)
2748 1290 2844 1360 qui
2868 1292 2981 1347 sint
3009 1293 3157 1348 circa
3174 1294 3493 1350 Pantamum

1916 1374 2103 1446 magni
2134 1376 2438 1434 Clementis
2481 1379 2743 1446 amicum,
2767 1383 2863 1452 qui
2915 1383 3092 1439 factus
3120 1394 3205 1441 est
3234 1386 3495 1457 magister

1917 1466 2238 1535 Stromatei,
2268 1469 2489 1526 divinas
2529 1471 2846 1530 voluntates
2887 1490 2921 1531 a
2965 1476 3249 1547 Scriptura
3307 1478 3492 1532 vocari

1915 1559 2132 1626 dicunt,
2162 1560 2291 1617 inde
2340 1563 2661 1636 interrogati
2698 1581 2730 1621 a
2757 1567 3088 1638 quibusdam
3132 1570 3389 1641 superbis
3435 1570 3491 1624 in

1915 1668 2111 1708 eorum
2140 1653 2457 1711 eruditione
2495 1672 2618 1726 qua:
2644 1659 2993 1717 extrinsecus
3018 1672 3174 1728 sunt,
3214 1661 3492 1732 quomodo

1917 1765 2254 1821 cognoscere
2272 1769 2337 1808 ea
2363 1769 2486 1823 qua:
2508 1763 2639 1810 sunt
2666 1756 2839 1811 Deum
2862 1757 3136 1812 :estimant
3165 1754 3489 1819 Christiani,

1918 1844 2355 1914 suscipientibus
2386 1844 2498 1901 illis
2548 1847 2999 1904 intellectualiter
3041 1848 3406 1920 intelligibilia
3433 1860 3493 1906 et

1916 1933 2246 1989 sensualiter
2274 1934 2560 1990 sensibilia
2586 1951 2714 1991 eum
2742 1952 3081 2009 cognoscere
3098 1954 3163 1994 ea
3189 1956 3312 2010 quae
3336 1951 3488 1997 sunt.

1916 2024 2338 2095 Respondemus
2361 2042 2543 2098 neque
2574 2030 2910 2086 sensualiter
2947 2031 3229 2086 sensibilia
3258 2072 3273 2097 ,
3307 2048 3487 2104 neque

1915 2116 2365 2174 intellectualiter
2393 2119 2810 2177 intellectualia.
2838 2121 2958 2177 Non
2985 2123 3134 2178 enim
3168 2138 3290 2178 esse
3315 2124 3492 2195 possi-

1913 2208 2027 2265 bile
2051 2218 2156 2275 est,
2206 2220 2268 2266 ut
2298 2211 2545 2268 ostendit
2586 2214 2751 2281 ratio,
2800 2231 2928 2271 eum
2970 2216 3065 2286 qui
3118 2225 3205 2272 est
3232 2233 3399 2287 super
3422 2232 3489 2273 ea

1913 2316 2037 2372 qua:
2057 2311 2207 2369 sunt,
2232 2319 2334 2373 per
2354 2320 2418 2360 ea
2448 2321 2571 2375 qua:
2608 2316 2757 2373 sunt,
2785 2323 2849 2363 ea
2875 2317 2997 2378 qua:
3033 2316 3167 2363 sunt
3194 2310 3486 2381 accipere;

1913 2392 2011 2449 sed
2039 2394 2186 2449 sicut
2220 2410 2349 2451 suas
2377 2396 2692 2453 voluntates
2719 2413 3049 2469 cognoscere
3085 2414 3213 2454 eum
3250 2399 3490 2457 dicimus

1912 2506 1977 2545 ea
1997 2507 2122 2561 quae
2151 2499 2301 2559 sunt,
2328 2492 2597 2549 addentes
2625 2494 2795 2550 etiam
2817 2510 2883 2550 ex
2905 2511 3069 2550 causa
3106 2496 3488 2553 ratiocinatio-

1913 2597 2075 2647 nem;
2106 2582 2154 2637 si
2182 2583 2333 2638 enim
2357 2583 2640 2640 voluntate
2667 2585 2852 2641 omnia
2883 2585 3033 2652 fecit,
3070 2592 3129 2642 et
3166 2588 3315 2642 nulla
3349 2602 3487 2642 con-

1916 2673 2164 2739 tradicit,
2198 2675 2343 2730 ratio
2369 2691 2703 2747 cognoscere
2746 2687 2928 2733 autem
2960 2694 3114 2733 suam
3143 2680 3485 2736 voluntatem

1912 2764 2108 2831 Deum,
2140 2780 2359 2835 semper
2385 2766 2539 2836 pium
2589 2766 2776 2822 dicere
2809 2776 2866 2823 et
2902 2769 3111 2839 justum
3144 2777 3247 2835 est,
3282 2784 3485 2823 unum-

1910 2856 2168 2927 quodque
2199 2873 2332 2913 vero
2363 2873 2559 2914 eorum
2585 2875 2708 2929 qua:
2738 2859 2882 2915 facta
2912 2868 3042 2916 sunt
3076 2861 3270 2916 volens
3311 2860 3484 2928 fecit;

1911 2949 2082 3021 igitur
2123 2958 2186 3006 ut
2216 2966 2345 3008 suas
2393 2951 2708 3008 voluntates
2734 2953 2881 3008 Deus
2926 2952 3212 3023 cognoscit
3261 2970 3324 3007 ea
3361 2966 3485 3021 qua:

1911 3050 2065 3109 sunt,
2093 3042 2354 3112 quoniam
2396 3052 2455 3103 et
2484 3043 2676 3100 volens
2714 3059 2778 3099 ea
2810 3059 2934 3114 qua:
2964 3051 3097 3100 sunt
3149 3043 3301 3098 fecit.
3344 3043 3483 3099 Hinc

220 3139 359 3211 ⁴ιιερί
383 3158 547 3193 τινων
585 3139 668 3206 τὸ,
708 3141 899 3209 Ἔγνω
927 3141 1144 3210 Κύριος
1378 3140 1437 3209 b)
1462 3140 1604 3208 τοὺς
1626 3140 1806 3208 ὄντας

1912 3142 1965 3190 et
1999 3149 2101 3205 ego
2124 3133 2399 3204 aspiciens
2423 3149 2623 3190 censeo
2653 3134 2958 3190 secundum
2986 3134 3088 3189 bas
3116 3133 3319 3189 dixisse
3336 3133 3483 3189 Scri-

220 3234 439 3295 αὑτοῦ.
480 3253 497 3285 ι
517 3233 613 3286 καὶ
644 3232 806 3287 πάλιν
833 3233 974 3302 πρός
999 3228 1155 3298 τινας
1181 3234 1263 3298 τὸ,
1303 3236 1424 3289 Οὐκ
1452 3228 1587 3288 οἶδα
1613 3232 1801 3303 ὑμᾶς’

1908 3232 2125 3295 pturam
2164 3224 2408 3281 rationes
2448 3225 2594 3281 hoc:
2629 3225 3014 3298 Cognoscebam
3051 3234 3101 3279 te
3155 3241 3315 3295 super
3365 3242 3480 3280 om-

218 3323 298 3386 ώς
331 3322 567 3376 ἕκαστον
601 3321 846 3393 δηλονότι
877 3322 910 3393 ἢ
943 3322 1087 3378 κατά
1120 3323 1182 3377 τὸ
1220 3323 1433 3395 θέλημα
1461 3324 1558 3378 καὶ
1594 3323 1687 3377 τὸν
1713 3323 1805 3376 λό-

1912 3334 1999 3372 ne;
2021 3328 2068 3383 ι),
2095 3318 2161 3373 ad
2190 3318 2463 3390 Moysem;
2496 3325 2554 3375 et
2579 3318 2648 3375 de
2677 3318 3009 3391 quibusdam
3048 3318 3155 3373 hoc
3179 3335 3193 3372 :
3229 3317 3481 3388 Cognovit

218 3429 344 3481 γον,
376 3413 409 3483 ἢ
452 3413 605 3481 παρὰ
629 3412 691 3466 τὸ
714 3411 925 3484 θέλημα
951 3415 1048 3467 καὶ
1072 3413 1165 3468 τὸν
1187 3413 1348 3482 λόγον
1372 3412 1468 3467 τοῦ
1496 3413 1633 3467 Θεοῦ
1668 3431 1800 3486 προσ

220 3504 543 3575 αιρετικὴ¹⁸
569 3503 783 3577 κίνησις
813 3504 913 3575 τῆς
958 3502 1110 3569 θείας
1153 3503 1385 3559 ἀκοῦσαι
1433 3504 1617 3576 φωνῆς
1661 3521 1805 3576 παρ-

219 3612 516 3654 εσκευασε.

286 3863 483 3919 Ταῦτα
514 3864 609 3919 καὶ
640 3863 712 3920 τά
729 3863 958 3920 τοιαῦτα
996 3865 1091 3920 τὸν
1114 3864 1375 3937 θεοφόρον
1415 3863 1605 3919 τοῦτον
1632 3864 1804 3935 ἄνδρα

207 3954 373 4028 οἶμαι
420 3958 697 4028 νοήσαντα
751 3958 947 4025 είπείν,
981 3977 1001 4011 ι
1024 3958 1248 4013 ὲπειδάν
1278 3958 1340 4013 τὸ
1370 3956 1605 4023 θεοειδὲς
1641 3957 1804 4013 τοῦτο

210 4050 312 4104 καὶ
349 4049 515 4116 θεῖον,
546 4049 640 4105 τὸν
659 4050 944 4122 ἡμέτερονῖ
960 4050 1086 4105 νοῦν
1114 4067 1175 4105 τε
1204 4052 1302 4104 καὶ⁵
1316 4050 1496 4119 λόγον,
1517 4050 1595 4123 τῷ
1615 4050 1803 4121 οίκείῳ

194 4141 638 4213 προσμίξωμεν,
672 4143 770 4198 καὶ
791 4144 826 4213 ή
863 4141 1032 4197 εἰκὼν
1066 4142 1266 4215 ἀνέλθῃ
1299 4142 1437 4213 πρὸς
1471 4144 1533 4196 τὸ
1574 4143 1804 4215 ἀρχέτυ-

211 4247 345 4292 πον,
366 4223 430 4284 οῦ
448 4230 545 4284 νῦν
567 4230 682 4301 ἔχει
707 4232 806 4304 τὴν
830 4231 1021 4303 ἔφεσιν
1046 4248 1061 4264 ·
1095 4251 1114 4286 ι
1140 4232 1276 4303 ὁμοῦ
1297 4250 1359 4287 τε
1385 4234 1482 4287 καὶ
1504 4234 1647 4288 κατά
1667 4251 1804 4288 ταυ-

210 4321 419 4375 τὸνδιά
440 4322 551 4377 τῶν
580 4324 795 4395 μικρῶν
826 4323 1033 4379 τούτων
1068 4324 1332 4396 ῥημάτων
1363 4324 1458 4379 τοῦ
1491 4342 1621 4379 ποτε
1642 4324 1803 4381 τοῦτό

188 4430 270 4467 ›τι
302 4414 416 4469 τῶν
448 4416 618 4469 ὅντων
649 4414 949 4485 ἐφθακέναι
977 4414 1038 4469 τὸ
1071 4416 1268 4487 μέτρον
1304 4416 1514 4471 οἴεσθαι
1542 4416 1800 4471 διδασκα-

1906 3410 2163 3466 Dominus
2182 3411 2272 3481 qui
2294 3419 2418 3466 sunt
2449 3412 2533 3465 sui
2553 3421 2616 3477 εις
2645 3420 2703 3466 et
2726 3411 2929 3466 iterum
2962 3411 3067 3465 hoc
3081 3410 3147 3465 ad
3177 3408 3479 3480 quosdam:

1904 3500 2025 3557 Non
2048 3504 2167 3557 novi
2199 3519 2287 3558 vos
2313 3512 2357 3558 τ.
2390 3503 2482 3559 Sic
2507 3503 2755 3575 profecto
2785 3517 3231 3573 unumquemque
3269 3510 3364 3556 aut
3397 3516 3482 3557 se-

1905 3594 2149 3650 cundum
2184 3594 2526 3650 voluntatem
2552 3603 2609 3650 et
2636 3594 2927 3659 rationem,
2951 3600 3047 3647 aut
3067 3599 3255 3648 contra
3284 3591 3481 3645 volun-

1908 3694 2074 3741 tatem
2104 3696 2164 3740 et
2190 3685 2462 3741 rationem
2509 3685 2608 3741 Dei
2629 3684 2978 3741 voluntarius
3013 3691 3197 3738 motus
3237 3681 3480 3737 divinam

1904 3775 2099 3832 audire
2128 3792 2321 3832 vocem
2342 3777 2694 3847 praeparavit.

1976 3867 2101 3925 llaec
2121 3877 2178 3926 et
2200 3869 2519 3940 huiusmodi
2553 3868 2827 3924 deiferum
2848 3883 3000 3923 nunc
3028 3867 3210 3921 virum
3235 3864 3483 3920 arbitror

1905 3960 2305 4030 intelligentem
2324 3960 2534 4026 dicere,
2558 3979 2576 4011 ι
2597 3975 2722 4015 cum
2739 3959 3011 4015 deiforme
3028 3958 3134 4013 hoc
3158 3965 3214 4011 et
3229 3956 3478 4010 divinum

1903 4062 2158 4109 nostrum
2189 4052 2434 4107 animum
2462 4058 2521 4106 et
2574 4050 2851 4105 rationem
2882 4049 3110 4119 proprio
3152 4047 3481 4102 admiscebi-

1904 4161 2049 4211 mus,
2083 4153 2141 4200 et
2171 4145 2351 4214 imago
2381 4151 2699 4200 revertetur
2737 4143 2806 4198 ad
2842 4142 3147 4213 principale
3175 4140 3477 4210 exemplar,

1903 4239 2064 4310 cujus
2092 4252 2204 4292 non
2235 4237 2401 4292 habet
2427 4235 2756 4306 appetitum.
2782 4254 2800 4287 ι
2832 4234 2911 4290 Ac
2939 4250 3040 4303 per
3066 4234 3172 4288 hoc
3201 4233 3478 4300 similiter,

1903 4344 2005 4400 per
2029 4344 2205 4399 pauca
2232 4329 2351 4384 haec
2377 4329 2569 4395 verba,
2621 4327 2994 4397 quodcunque
3027 4325 3347 4394 aliquando,
3381 4340 3479 4380 eo-

1904 4438 2029 4477 rum
2056 4437 2181 4492 qua:
2212 4430 2342 4489 sunt
2368 4422 2610 4493 tetigisse
2637 4436 2950 4476 mensuram
2976 4420 3314 4476 arbitrantes
3332 4420 3480 4474 aesti-

210 4506 388 4570 λικῶς
422 4508 711 4577 ἀπάγοντα
739 4507 868 4570 τοὺς
912 4506 1258 4578 νομίζοντας,
1290 4508 1387 4561 καὶ
1424 4507 1517 4562 τὸν
1554 4507 1650 4561 τοῦ
1682 4507 1801 4573 πῶς

1912 4487 2169 4568 mandum
2197 4487 2583 4567 doctrinaliter
2610 4513 2915 4577 retrahere,
2935 4521 2994 4566 et
3013 4513 3304 4576 rationem,
3335 4527 3477 4582 quo-

215 4597 387 4668 μοῖρά
434 4599 605 4667 ἔσμεν
652 4597 791 4652 Θεοῦ
855 4596 1017 4665 λόγον
1074 4596 1520 4667 παραδηλοῦντα,
1568 4599 1667 4659 καὶ
1709 4598 1808 4669 τὴν

213 4686 532 4758 μέλλουσαν
577 4685 682 4757 τῆς
730 4687 1010 4757 μακαρίας
1039 4686 1249 4759 λήξεως
1294 4688 1535 4759 ἰδιότητα
1571 4689 1808 4743 αίνιττό-

214 4795 401 4849 μενον,
432 4779 692 4849 καὶπρὸς
731 4778 830 4850 τὴν
874 4778 1127 4834 ἄσειστον
1166 4779 1340 4850 αὐτῆς
1377 4781 1476 4834 καὶ
1502 4780 1804 4853 ἀκλόνητον

210 4872 314 4924 καὶ
336 4870 576 4943 οὐδαμοῦ
610 4871 1060 4943 μεταπίπτουσαν
1085 4872 1389 4928 ἀπόλαυσιν
1414 4890 1561 4947 παρο
1578 4875 1807 4947 ρμῶντα

211 4964 343 5025 τοὺς
374 4964 469 5017 ἐπὶ
496 4963 671 5035 τούτῳ
695 4964 763 5019 δι’
786 4965 1001 5030 ἐλπίδος
1030 4965 1465 5037 καθαιρομένους
1501 4968 1596 5022 καὶ
1635 4969 1796 5023 σπεύο

212 5052 428 5117 δοντας.
462 5055 616 5125 ᾜδει
666 5056 798 5128 γὰρ,
827 5056 962 5110 ὡσεί¹
991 5056 1131 5125 πρὸς
1158 5056 1187 5110 ὃ
1214 5056 1414 5128 ἔχομεν
1440 5058 1600 5129 οὐσίᾳ
1621 5076 1679 5113 τε
1707 5060 1803 5115 καὶ

212 5143 361 5215 λόγῳ
390 5146 484 5210 τὰς
513 5147 783 5218 ἐμφάσεις
816 5148 961 5204 κατά
991 5148 1150 5219 λόγον
1183 5149 1279 5207 καὶ
1307 5148 1472 5220 φύσιν
1496 5150 1799 5224 εὐθυπορή-

1904 4603 2070 4659 modo
2098 4619 2227 4673 pars
2254 4602 2355 4657 Dei
2381 4619 2593 4667 sumus,
2621 4602 2924 4667 declarare,
2953 4614 3009 4658 et
3036 4604 3275 4659 futuram
3304 4605 3479 4661 beata:

1904 4695 2113 4768 quietis
2141 4695 2538 4767 proprietatem
2562 4694 2893 4760 insinuasse,
2936 4704 2993 4750 et
3034 4696 3102 4750 ad
3137 4695 3475 4751 immobilem

1902 4788 2104 4861 ipsius,
2133 4797 2192 4845 et
2217 4787 2484 4858 quietem,
2534 4795 2591 4842 et
2630 4788 2783 4843 nullo
2835 4787 3001 4843 modo
3035 4788 3323 4843 cadentem
3356 4788 3474 4841 fru-

1902 4887 2053 4935 ctum
2087 4879 2345 4935 incitasse
2372 4878 2429 4933 in
2462 4893 2527 4933 ea
2564 4894 2686 4949 qua:
2739 4879 2796 4934 in
2843 4879 2949 4934 hoc
2974 4888 3058 4934 est
3088 4894 3184 4948 spe
3215 4885 3477 4947 purgatos

1904 4981 1962 5029 et
1992 4972 2335 5028 festinantes.
2369 4969 2671 5041 Oportebat
2711 4970 2882 5034 enim,
2908 4967 3371 5039 quemadmodum
3404 4967 3474 5022 ad

1903 5063 2010 5118 hoc
2030 5062 2297 5117 habemus
2318 5067 2375 5116 et
2405 5061 2462 5115 in
2483 5060 2726 5116 essentia
2747 5066 2803 5114 et
2832 5059 3044 5113 ratione
3067 5057 3343 5122 notiones,
3372 5073 3473 5128 per

1912 5153 2183 5209 rationem
2206 5160 2265 5208 et
2306 5160 2561 5208 naturam
2592 5158 2739 5207 recte
2770 5149 2996 5221 quidem
3032 5147 3248 5221 ingredi
3275 5147 3472 5220 simple

288 5294 316 5334 ν
347 5283 522 5340 Exod.
556 5300 716 5352 xxui,
751 5285 837 5342 l7.
908 5294 937 5339 (ι
962 5286 1008 5343 ιι
1036 5286 1181 5343 Tim.
1206 5303 1267 5354 ιι,
1310 5288 1397 5346 l9.
1476 5298 1500 5330 ν
1528 5291 1723 5347 Matth.
1770 5311 1867 5361 vn,
1900 5295 1989 5350 25.

1489 5418 1725 5478 νΑιιιιΕ
1764 5421 2165 5480 LECTIONES.

294 5510 317 5543 ⁸
348 5508 484 5563 διότι
515 5510 730 5567 ed.Gal.
813 5511 858 5543 ¹⁰
880 5510 1251 5582 λαμϐάνεσθαι
1273 5513 1362 5569 ed.
1392 5514 1510 5571 Gal.

1607 5518 1648 5548 ”
1684 5516 2082 5589 προαιρετικῶς
2111 5515 2199 5571 ed.
2227 5517 2351 5572 Gal.

1730 5632 1959 5691 NOTAE.

284 5719 365 5789 (ά)
393 5721 557 5794 Ycrte
585 5722 700 5794 sine
721 5724 1022 5793 oﬂ'ensionc.
1068 5726 1265 5794 Male.)

284 5794 358 5857 (ε)
392 5792 553 5848 Verte
578 5804 624 5847 et
654 5792 962 5862 Puu’tamus,
994 5797 1080 5866 qui
1109 5792 1353 5867 magister
1378 5800 1475 5871 fuit
1505 5797 1783 5861 Clementis
1828 5802 2005 5873 magni
2046 5800 2350 5856 Stromatci.
2380 5799 2579 5874 (Cale)

3366 368 3502 435 1086
3584 444 3585 447 η
