4014 6284
455 341 696 438 ,ποετ

1734 342 1798 402 S.
1837 339 2124 402 MAXJMI
2161 336 2669 400 CONFESSORIS

3700 325 3825 392 ωδε

554 453 777 520 ordine,
811 461 870 510 et
897 469 1000 510 nos
1051 455 1172 511 sine
1196 455 1351 512 omni
1411 454 1787 527 qualicunque
1811 454 2139 526 quaestione,

2256 469 2445 525 σαιμεν
2465 453 2508 485 ¹¹
2562 450 2711 524 ἀτιλῇ
2769 449 3070 524 προσϐολῇ,
3111 449 3207 504 καὶ
3261 447 3447 519 ἡμεῖς,
3498 443 3687 515 πάσης
3737 443 3829 514 τῆς

557 547 704 603 circa
744 561 910 616 quam
935 549 1108 602 solam
1135 556 1191 602 et
1216 563 1450 618 peccare
1477 559 1563 603 est
1588 558 1646 602 et
1673 548 1810 612 falli,
1847 546 2138 603 deiformi-

557 648 664 704 ter,
705 646 975 710 quantum
1026 639 1287 710 possibile
1339 649 1445 706 cst,
1477 641 1664 696 omnia
1719 653 2136 711 cognoscemus.

558 729 680 808 Non
697 731 812 801 jam
838 746 940 800 per
972 730 1338 802 ignorantiam
1369 731 1440 786 ab
1478 747 1568 796 eo,
1617 731 1712 802 qui
1743 730 1894 787 circa
1939 745 2004 786 ea
2032 737 2138 796 est,

561 832 716 877 motu
747 823 983 889 detenti,
1040 824 1241 880 merito
1283 839 1482 895 magno
1523 823 1712 879 animo
1743 832 1800 879 et
1828 823 2055 889 rationi,
2085 830 2143 878 et

563 915 788 985 spiritui
818 923 1073 971 nostrum
1109 917 1355 970 animum
1381 923 1439 970 et
1472 915 1744 971 rationem
1774 923 1834 970 et
1859 915 2139 986 spiritum,

567 1009 742 1080 magis
797 1018 984 1064 autem
1042 1010 1143 1064 toti
1179 1009 1294 1064 Deo
1329 1017 1474 1066 totos
1507 1025 1611 1064 nos
1655 1009 1826 1081 ipsos,
1875 1007 2047 1065 veluti
2077 1009 2140 1081 (f)

565 1102 858 1174 principali
888 1103 1143 1174 exemplo
1169 1103 1372 1174 imago,
1418 1102 1767 1169 accedentes,
1808 1103 1952 1160 sicut
1972 1105 2141 1160 etiam

568 1193 628 1250 in
654 1209 913 1249 sermone
943 1194 1038 1264 qui
1071 1204 1158 1249 est
1183 1193 1254 1250 de
1278 1193 1548 1265 grandine
1567 1194 1786 1260 edocet,
1807 1194 1889 1250 sic
1908 1194 2101 1250 dicens
2125 1211 2141 1249 :

576 1305 596 1337 ε
620 1286 688 1341 Ει
709 1301 812 1342 nos
825 1286 1051 1358 quidem
1071 1286 1366 1342 ineﬂ‘abilis
1390 1287 1486 1342 lux
1504 1287 1761 1356 accipiet,
1783 1296 1840 1342 et
1859 1296 2066 1344 sanctae
2082 1303 2146 1343 ac

567 1379 769 1450 regalis
799 1379 1196 1450 contemplatio
1239 1379 1911 1435 Trinitatisilluminantis
1929 1380 2148 1450 planius

567 1480 626 1527 et
661 1472 856 1542 purius
879 1480 938 1527 et
978 1472 1152 1527 totius
1196 1471 1297 1527 toti
1335 1472 1521 1526 animo
1548 1472 1744 1537 mistae,
1783 1487 1949 1544 quam
1977 1473 2147 1529 etiam

567 1563 739 1618 solam
756 1579 986 1635 regnum
1001 1565 1271 1620 caelorum
1293 1579 1397 1635 ego
1410 1579 1575 1634 pono,
1595 1583 1615 1616 ι
1642 1579 1768 1619 cum
1781 1564 2149 1621 delectatione

567 1655 877 1711 delectatur
907 1665 966 1713 et
997 1657 1236 1724 laetatur,
1271 1666 1332 1712 ut
1362 1657 1450 1714 his
1473 1673 1598 1729 qua:
1628 1664 1758 1713 sunt
1781 1659 1957 1729 ipsius
1971 1659 2149 1715 audax

569 1750 901 1820 conjuugam
931 1767 1057 1821 quae
1085 1766 1206 1807 mea
1230 1762 1382 1816 sunt,
1404 1753 1586 1808 omnis
1614 1761 1868 1808 creatura
1909 1754 2146 1808 rationa-

569 1838 640 1894 lis
655 1839 980 1910 angelorum
1010 1851 1068 1896 et
1093 1841 1404 1906 hominum,
1459 1842 1780 1913 quicunque
1824 1842 2031 1899 nullam
2067 1858 2153 1898 se-

569 1930 812 1987 cundum
839 1943 1048 1989 motum
1085 1934 1180 2004 qui
1225 1933 1295 1989 ad
1329 1933 1492 1990 linem
1522 1943 1610 1991 est
1639 1935 1968 1992 naturaliter
1998 1951 2153 1992 com-

571 2031 857 2093 pactarum
890 2025 974 2081 eis
1003 2025 1315 2082 divinarum
1347 2027 1623 2082 rationum
1649 2027 1720 2083 ab
1754 2027 1875 2099 ipso
1889 2029 2153 2085 Creatore

571 2132 673 2188 per
726 2117 1117 2190 negligentiam
1162 2125 1568 2191 corruperunt,
1618 2119 1794 2192 magis
1853 2129 2036 2176 autem
2069 2136 2154 2176 se-

573 2211 725 2281 ipsos
750 2217 1127 2281 temperanter
1150 2213 1524 2279 salvaverunt,
1569 2222 1716 2269 totos
1749 2211 2154 2268 inconversibi-

572 2303 720 2364 liter.
757 2312 949 2374 utpote
978 2303 1180 2360 divinae
1220 2321 1426 2377 organa
1457 2313 1692 2371 naturae,
1729 2315 1787 2361 et
1836 2320 1959 2361 esse
1988 2313 2044 2361 et
2069 2303 2155 2359 l'u-

575 2402 733 2448 turos
755 2409 878 2450 esse
905 2395 1146 2452 scientes
1177 2437 1192 2461 ,
1237 2413 1378 2467 quos
1427 2413 1529 2468 per
1559 2404 1735 2454 totum
1767 2407 1918 2454 totus
1943 2397 2018 2470 (g)
2043 2397 2155 2452 cir-

573 2483 927 2555 cumspirans
948 2485 1095 2540 Deus
1119 2487 1174 2541 in
1203 2486 1426 2543 modum
1455 2487 1674 2554 animm,
1703 2487 1875 2543 veluti
1909 2489 2157 2544 membra

575 2573 828 2644 corporis
887 2585 1174 2647 compacta
1233 2584 1290 2632 et
1340 2578 1548 2650 optima
1603 2579 1837 2635 Domino
1868 2579 2043 2636 factos
2085 2580 2154 2635 ad

577 2667 922 2724 voluntatem
950 2678 1165 2734 tractat,
1189 2681 1245 2727 et
1263 2673 1489 2743 propria
1517 2673 1713 2744 implet
1746 2674 1921 2745 gloria
1949 2682 2005 2730 et
2022 2674 2156 2730 bea-

578 2760 838 2828 titudine,
897 2762 1066 2817 vitam
1121 2763 1261 2821 dans
1307 2773 1364 2821 et
1406 2765 1620 2822 donans
1663 2775 1928 2822 aeternam
1991 2774 2156 2838 atque

579 2853 939 2918 ineffabilem,
974 2863 1031 2911 et
1063 2857 1324 2922 omnibus
1375 2859 1556 2915 modis
1606 2859 1865 2916 universa
1921 2859 2154 2916 liberam

576 2945 890 3015 cognitione
917 2950 1234 3005 constituta:
1269 2951 1633 3022 proprietatis
1653 2953 1963 3023 praesentis,
1983 2960 2040 3008 et
2057 2969 2158 3024 per

577 3039 990 3108 corruptionem
1014 3042 1329 3098 constitutae
1351 3043 1497 3099 vitae.
1519 3043 1693 3110 Quam
1714 3043 1974 3099 videlicet
1988 3044 2156 3099 vitam

2237 547 2460 602 οίασοῦν
2524 547 2807 620 ζητήσεως
2847 546 3042 619 χωρὶς,
3089 544 3216 615 περὶ
3261 545 3330 615 ἢν
3377 543 3555 612 μόνην
3620 539 3740 592 εστὶ
3774 539 3833 591 τι

2241 644 2460 700 πταίειν
2504 643 2601 698 καὶ
2641 642 3003 715 σφάλλεσθαι,
3051 639 3310 704 θεοειδῶς
3341 638 3491 693 κατά
3520 635 3584 690 τὸ
3615 633 3832 702 ἐφικτὸν

2239 737 2312 792 τὰ
2335 736 2514 792 πάντα
2537 735 2818 808 εἰσόμεθα,
2847 734 3047 807 μηκέτι
3075 734 3146 787 δι’
3171 734 3396 802 ἄγνοιαν
3416 731 3522 803 τῆς
3545 730 3683 801 περὶ
3704 727 3838 782 αύτά

2242 828 2514 898 κινήσεως
2545 827 2924 900 ἀντεχόμενοι,
2951 825 3028 890 ὡς
3054 823 3138 881 νοτ
3161 825 3244 896 τῷ
3279 823 3514 895 μεγάλῳ
3549 821 3653 876 καὶ
3697 821 3839 891 λόγῳ

2243 918 2340 973 καὶ
2378 916 2656 991 πνεύματι
2698 918 2794 972 τὸν
2842 918 3116 989 ἡμέτερον
3155 916 3284 969 νοῦν
3323 932 3389 969 τε
3420 914 3522 968 καὶ
3555 912 3722 980 λόγων
3750 912 3841 964 καὶ

2244 1010 2488 1083 πνεῦμα,
2519 1009 2720 1083 μᾶλλον
2750 1009 2809 1064 δὲ
2839 1008 2948 1081 ὅλῳ
2971 1006 3095 1079 Θεῷ
3122 1007 3284 1070 ὅλους
3307 1005 3546 1067 ἑαυτοὺς
3570 1003 3654 1066 ὡς
3678 1003 3842 1073 ἀρχε-

2243 1103 2402 1174 τύπῳ
2447 1102 2619 1156 είκόνι
2665 1101 3187 1172 προσχωρήσαντες.
3246 1094 3451 1159 Καθὼς
3495 1095 3597 1147 καὶ
3650 1095 3715 1160 ἐν
3769 1089 3843 1160 τῷ

2245 1195 2378 1267 περὶ
2399 1193 2647 1266 χαλάζης
2671 1194 2820 1264 λόγῳ
2854 1191 3132 1258 διέξεισιν,
3153 1189 3356 1244 οὑτωσὶ
3384 1187 3622 1256 φάσκων
3644 1201 3659 1214 ο
3691 1205 3712 1236 ε
3731 1184 3841 1238 Καὶ

2244 1288 2370 1350 τοὺς
2393 1287 2495 1358 μὲν
2525 1285 2707 1357 (127
2736 1287 2792 1349 a)
2830 1283 2893 1338 τδ
2918 1283 3200 1354 ἄφραστον
3220 1280 3338 1350 φῶς
3368 1278 3711 1345 διαδέξεται,
3748 1279 3842 1329 καὶ

2247 1381 2282 1451 ὴ
2307 1379 2407 1451 τῆς
2437 1378 2600 1449 ἁγίας
2637 1377 2735 1432 καὶ
2774 1373 3066 1448 βασιλικῆς
3093 1372 3332 1444 θεωρίας
3359 1369 3606 1442 Τριάδος
3639 1367 3843 1438 ἐλλαμ-

2247 1470 2460 1542 πούσης
2492 1468 2824 1543 τρανότερόν
2859 1484 2921 1522 τε
2961 1466 3061 1521 καὶ
3113 1462 3536 1536 καθαρώτερον,
3570 1460 3673 1515 καὶ
3718 1459 3846 1528 ὅλης

2248 1564 2357 1637 ὅλῳ
2408 1563 2492 1620 νοῒ
2555 1562 2920 1636 μιγνυμένης,
2954 1560 3024 1632 ἢν
3069 1557 3135 1629 δὴ
3179 1559 3274 1611 καὶ
3327 1556 3504 1628 μόνην
3562 1553 3844 1625 βασιλείαν

2249 1657 2498 1731 οὐρανῶν
2520 1656 2633 1726 εγὼ
2661 1655 2878 1726 τίθημι,
2901 1672 2923 1706 ι
2948 1653 3114 1725 ήνίκα
3137 1651 3304 1724 ἡδονῇ
3327 1649 3523 1722 ἥδεται
3543 1648 3648 1702 καὶ
3678 1647 3843 1714 ἀγέλ-

2249 1750 2426 1816 λεται,
2458 1750 2546 1804 ίνα
2579 1749 2694 1813 τοῖς
2719 1745 2887 1802 αὐτοῦ
2910 1745 3192 1816 τολμήσας
3223 1741 3448 1812 συνάψω
3467 1742 3548 1795 τὰ
3575 1740 3840 1812 ἑμαυτοῦ,

2255 1842 2408 1897 πᾶσα
2459 1838 2643 1904 κτίσις
2692 1836 2886 1908 λογικὴ
2939 1834 3195 1904 ἀγγέλων
3244 1849 3307 1888 τε
3357 1832 3456 1887 καὶ
3508 1830 3840 1902 ἀνθρώπων.

2252 1934 2368 1987 ὅσοι
2416 1931 2620 2004 μηδένα
2661 1928 2772 1985 τῶν
2809 1927 2948 2000 πρὸς
2977 1925 3041 1980 τὸ
3074 1925 3235 1990 τέλος
3285 1926 3430 1979 κατά
3467 1924 3576 1995 τὴν
3630 1923 3844 1992 κίνησιν

2255 2025 2502 2096 φυσικῶς
2547 2021 3020 2096 συνηρμοσμένων
3071 2019 3260 2083 αὐτοῖς
3289 2017 3452 2073 θείων
3484 2017 3675 2086 λόγων
3701 2016 3843 2085 παρᾶ

2253 2115 2352 2171 τοῦ
2384 2113 2740 2188 Δημιουργοῦ
2769 2114 2830 2182 ὲξ
2846 2112 3182 2186 ἀπροσεξίας
3211 2109 3622 2183 παρέφθειραν,
3656 2109 3843 2163 διεσώ-

2257 2225 2421 2262 σαντο
2452 2207 2513 2261 δὲ
2543 2205 2750 2278 μᾶλλον
2785 2205 3086 2277 σωφρόνως
3115 2202 3348 2267 ἑαυτοὺς
3383 2201 3552 2265 ὅλους
3582 2204 3688 2256 καὶ
3709 2202 3846 2256 duo

2258 2299 2621 2371 ρατρέπτους,
2643 2297 2722 2362 ὡς
2743 2296 2898 2361 θείας
2928 2295 3141 2368 ὅργανα
3168 2295 3413 2365 φύσεως,
3437 2293 3537 2347 καὶ
3558 2293 3729 2357 ὄντας
3757 2296 3847 2348 ul

2255 2391 2660 2462 γενησομένους
2707 2389 2933 2454 ειδότες,
2970 2387 3068 2453 οὓς
3107 2386 3180 2442 δι’
3219 2387 3345 2441 ὅλου
3391 2386 3518 2450 ὅλος
3550 2387 3798 2456 περιφὺς
3819 2388 3847 2438 6

2255 2481 2394 2546 Θεδς
2419 2480 2622 2553 τρόπον
2643 2479 2844 2552 ψυχῆς,
2867 2479 3056 2551 ὥσπερ
3089 2477 3228 2550 μέλη
3267 2476 3526 2548 σώματος
3555 2477 3727 2547 ἀρτια
3757 2479 3846 2528 καὶ

2256 2573 2534 2648 εὔχρηστα
2597 2573 2677 2645 τῷ
2724 2572 2975 2647 Δεσπότῃ
3065 2571 3498 2644 γενησομένους,
3568 2570 3718 2642 πρὸς
3788 2571 3846 2623 τὸ

2255 2667 2448 2724 δοκοῦν
2523 2666 2992 2739 μεταχειρίζεται,
3055 2667 3151 2720 καὶ
3203 2665 3303 2734 τῆς
3355 2662 3573 2726 οἰκείας
3652 2661 3846 2732 πληροῖ

2255 2762 2416 2835 δόξης
2442 2779 2501 2816 τε
2531 2761 2626 2816 καὶ
2664 2759 3092 2832 μακαριότητος,
3140 2757 3288 2829 ζωὴν
3336 2756 3522 2820 διδοὺς
3565 2755 3666 2809 καὶ
3693 2772 3844 2826 χαριρ

2258 2856 2487 2928 ζόμενος
2531 2854 2634 2925 τὴν
2657 2851 2832 2907 ἀΐδιόν
2857 2868 2918 2905 τε
2956 2850 3055 2906 καὶ
3093 2849 3490 2920 ἀνεκλάλητον,
3519 2849 3622 2903 καὶ
3646 2849 3846 2902 παντά-

2258 2966 2394 3004 πασι
2445 2945 2650 3011 παντὸς
2707 2944 3001 3017 ἐλευθέραν
3059 2942 3454 3016 γνωρίσματος
3500 2945 3844 3013 συστατικῆς

2261 3041 2526 3114 ίδιότητος
2561 3039 2666 3110 τῆς
2693 3038 2983 3111 παρούσης
3013 3037 3108 3091 καὶ
3133 3035 3223 3091 διά
3274 3035 3487 3107 φθορᾶς
3515 3035 3564 3067 ⁸³
3593 3050 3847 3088 συνισταο

577 3138 840 3185 aeternam
869 3147 982 3187 non
1010 3148 1106 3188 aer
1134 3134 1432 3204 inspirans,
1472 3149 1653 3206 neque
1683 3134 1967 3207 sanguinis
1991 3136 2154 3192 rivuli

2263 3134 2432 3206 μένης
2455 3133 2624 3204 ζωῆς,
2649 3132 2718 3204 ἢν
2753 3130 2856 3186 οὐκ
2883 3128 2993 3202 ἀὴρ
3029 3128 3441 3199 εἰσπνεόμενος,
3475 3126 3589 3180 οὐδ’
3616 3126 3849 3196 αεματος

580 3221 778 3292 hepate
807 3223 1042 3282 ﬂuentes
1087 3227 1458 3293 constituunt,
1509 3226 1608 3284 sed
1657 3228 1806 3284 Deus
1845 3235 1994 3283 totus
2024 3227 2158 3285 totis

577 3313 966 3384 participatus,
999 3324 1055 3372 et
1082 3317 1280 3373 animae
1300 3318 1356 3372 in
1379 3318 1605 3374 modum
1641 3318 1709 3374 ad
1733 3333 1936 3390 corpus
1960 3319 2160 3376 animae

579 3411 640 3459 et
663 3420 766 3475 per
781 3407 1018 3462 mediam
1047 3408 1286 3464 animam
1308 3410 1376 3466 ad
1389 3425 1592 3482 corpus
1616 3409 1818 3477 factus,
1839 3411 1987 3468 sicut
2002 3411 2161 3466 novit

583 3495 723 3565 ipse,
755 3506 817 3553 ut
863 3513 928 3553 ea
977 3499 1203 3570 quidem
1249 3501 1840 3558 inconversibilitatem
1897 3502 2158 3573 accipiat,

583 3586 718 3642 illud
747 3603 882 3643 vero
920 3589 1414 3656 immortalitatem,
1441 3602 1499 3647 et
1537 3600 1687 3648 totus
1730 3592 1900 3648 homo
1932 3591 2161 3648 deiﬁce-

584 3685 679 3730 tur
707 3693 806 3748 per
842 3677 1183 3736 inhumanati
1246 3682 1345 3737 Dei
1389 3683 1620 3754 gratiam
1644 3683 1989 3752 deiﬁcantis;
2012 3693 2162 3741 totus

583 3770 808 3841 quidem
835 3772 1001 3829 homo
1024 3791 1253 3832 manens
1275 3777 1578 3833 secundum
1612 3778 1851 3834 animam
1879 3786 1936 3834 et
1959 3794 2163 3850 corpus

583 3877 685 3934 per
713 3873 990 3930 naturam,
1018 3875 1076 3922 et
1105 3875 1255 3923 totus
1287 3869 1467 3927 factus
1513 3872 1661 3928 Deus
1705 3872 2014 3928 secundum
2044 3873 2164 3927 ani-

586 3968 730 4008 mam
761 3963 818 4010 et
845 3970 1045 4026 corpus
1075 3973 1175 4028 per
1201 3962 1464 4030 gratiam,
1498 3971 1555 4018 et
1604 3958 2028 4030 Convenientem
2054 3963 2160 4020 sibi

584 4059 687 4112 per
713 4052 890 4099 totum
926 4047 1169 4104 divinam
1200 4051 1377 4107 beata:
1424 4052 1613 4124 gloria:
1659 4053 1988 4116 claritatem,
2037 4062 2164 4124 post

586 4150 751 4206 quam
778 4137 917 4192 nihil
940 4148 1024 4194 est
1071 4142 1138 4196 ad
1198 4144 1615 4217 intelligendum
1664 4145 1907 4202 lucidius
1939 4156 2036 4203 aut
2068 4164 2160 4203 ex-

587 4224 813 4282 celsius.
849 4227 994 4295 Quid
1025 4231 1172 4286 enim
1205 4233 1474 4300 θεὼσεως,
1505 4235 1562 4290 id
1589 4244 1675 4291 est
1702 4235 2053 4292 dciﬁcatione
2073 4236 2163 4293 di-

588 4316 711 4387 gnis
738 4319 1053 4386 amabilius,
1083 4339 1182 4393 per
1207 4341 1373 4396 quam
1407 4327 1555 4382 Deus
1602 4327 1712 4383 diis
1764 4328 1927 4384 factis
1970 4330 2166 4386 unitus

589 4409 818 4465 omnino
850 4412 1268 4472 universitatem
1293 4433 1450 4473 suam
1507 4419 1638 4475 facit
1668 4436 1770 4491 per
1817 4419 2166 4478 bonitatem?

2260 3227 2443 3299 ὀχετοὶ
2487 3223 2583 3281 τοῦ
2645 3225 2857 3297 ἥπατος
2897 3221 3270 3294 ἀπορρέοντες
3313 3218 3669 3284 ωνιστῶσιν,
3716 3218 3852 3272 ἀλλά

2259 3319 2394 3385 Θεδς
2411 3318 2532 3382 ὅλος
2555 3317 2698 3381 ὅλοις
2731 3315 3117 3390 μετεχόμενος,
3149 3312 3246 3368 καὶ
3269 3311 3455 3384 ψυχῆς
3483 3311 3694 3382 τρόπον
3715 3311 3851 3382 πρὸς

2263 3412 2424 3484 σῶμα
2452 3413 2520 3483 τῇ
2552 3410 2723 3482 ψυχῇ,
2757 3410 2852 3463 καὶ
2874 3407 2964 3462 διά
2991 3407 3170 3480 μέσης
3201 3405 3382 3477 ψυχῆς
3408 3403 3552 3474 πρὸς
3583 3402 3751 3473 σῶμα
3775 3420 3852 3470 γι-

2261 3505 2509 3576 νόμενος,
2533 3503 2610 3568 ὡς
2647 3501 2790 3557 οἶδεν
2817 3500 3004 3566 αὐτὸς,
3036 3499 3155 3570 ἶν’ή
3183 3499 3284 3571 μὲν
3313 3496 3584 3570 ἀτρεψίαν
3611 3495 3849 3566 δέξηται.

2262 3597 2323 3651 τὸ
2366 3596 2425 3651 δὲ
2454 3594 2775 3660 ἀθανασίαν,
2807 3593 2904 3648 καὶ
2940 3593 3061 3658 ὅλος
3099 3590 3392 3663 ἄνθρωπος
3441 3587 3631 3660 θεωθῇ
3657 3591 3728 3660 τῇ
3760 3586 3849 3641 τοῦ

2261 3687 2794 3760 ὲνανθρωπήσαντος
2823 3683 2961 3740 Θεοῦ
3005 3685 3190 3757 χάριτι
3223 3681 3702 3756 θεουργούμενος,
3732 3679 3851 3741 ὅλος

2266 3780 2366 3852 μὲν
2395 3778 2684 3850 ἄνθρωπος
2717 3777 2896 3848 μένων
2924 3775 3069 3830 κατά
3106 3772 3287 3844 ψυχὴν
3314 3773 3413 3826 καὶ
3443 3771 3612 3842 σῶμα
3641 3770 3736 3826 διὰ
3755 3770 3854 3840 τὴν

2263 3871 2449 3944 φύσιν.
2475 3870 2572 3925 καὶ
2593 3870 2714 3933 ὅλος
2742 3861 2926 3940 (12⁸1
2953 3869 3006 3934 by
3061 3866 3351 3938 γινόμενος
3380 3863 3521 3929 Θεὸς
3555 3863 3704 3918 κατά
3751 3863 3854 3934 ψυι

2262 3960 2366 4034 χὴν
2389 3959 2486 4014 καὶ
2515 3958 2680 4032 σῶμα
2699 3959 2790 4013 διὰ
2810 3958 2908 4031 τὴν
2945 3959 3111 4030 χάριν
3153 3957 3250 4012 καὶ
3295 3955 3399 4028 τὴν
3451 3954 3856 4028 δμπρέπουσαν

2264 4051 2415 4123 αὐτῷ
2440 4051 2616 4107 διόλου
2649 4051 2804 4106 θείαν
2835 4053 2936 4123 τῆς
2967 4050 3245 4123 μακαρίας
3269 4048 3430 4121 δόξης
3455 4048 3853 4120 λαμπρότητα,

2267 4145 2390 4217 μεθ’
2404 4145 2471 4216 ἢν
2491 4145 2592 4199 οὐκ
2612 4144 2726 4198 ἔστι
2751 4161 2805 4197 τι
2825 4143 3113 4214 ἐπινοῆσαι
3127 4141 3508 4214 λαμπρότερον
3529 4140 3564 4212 ἦ
3585 4139 3854 4213 ὑψηλότε-

2267 4249 2381 4306 ρον.
2416 4232 2482 4286 Τί
2503 4235 2612 4306 γὰρ
2629 4232 2878 4296 θεώσεως
2907 4233 3023 4296 τοῖς
3052 4231 3230 4299 ἀξίοις
3250 4227 3694 4302 ἐρασμιώτερον,
3723 4229 3848 4282 καθ’

2265 4325 2334 4398 ἢν
2369 4327 2400 4380 ό
2429 4324 2562 4389 Θεὸς
2583 4323 2726 4389 θεοῖς
2757 4322 3073 4397 γενομένοις
3097 4321 3388 4394 ένούμενος
3417 4319 3481 4374 τὸ
3516 4320 3631 4374 πᾶν
3653 4317 3854 4374 ἑαυτοῦ

2267 4414 2502 4472 ποιεῖται
2530 4417 2600 4472 δι’
2626 4415 2942 4489 ἀγαθότητα
2972 4433 2989 4483 ;
3018 4415 3112 4470 Διδ
3131 4414 3228 4470 καὶ
3278 4413 3480 4487 ἡδονὴν
3523 4411 3625 4468 καὶ
3674 4413 3854 4466 πεῖσιν

589 4501 668 4556 Ac
690 4517 790 4574 per
809 4503 915 4559 hoc
943 4505 1366 4566 delectationem
1394 4520 1451 4567 et
1467 4514 1782 4582 passionem
1815 4525 1873 4570 et
1900 4515 2154 4587 gaudium

2267 4509 2365 4563 καὶ
2389 4507 2568 4581 χαρὰν
2602 4508 2786 4573 καλῶς
2808 4508 3102 4579 ὠνόμασαν
3141 4506 3242 4581 τὴν
3262 4505 3528 4577 τοιαύτην
3573 4506 3852 4560 κατάστα-

590 4593 732 4650 bene
766 4598 1168 4655 nominaverint
1192 4603 1354 4657 talem
1383 4612 1586 4658 statum
1628 4605 1725 4676 qui
1768 4615 1854 4662 est
1883 4622 1984 4676 per
2017 4606 2162 4662 divi-

589 4704 717 4744 nam
747 4691 1003 4746 notitiam
1033 4703 1090 4748 et
1113 4705 1544 4764 consequentem
1575 4712 1634 4752 se
1655 4698 1858 4754 laetitiae
1887 4698 2159 4755 fructum:

587 4779 1012 4838 delectationem
1038 4786 1262 4854 quidem
1299 4788 1520 4853 merito,
1565 4790 1696 4844 dum
1727 4791 1801 4844 sit
1829 4789 1953 4846 linis
1997 4801 2163 4847 natu-

589 4873 788 4930 ralium
809 4875 1216 4944 operationum.
1252 4876 1343 4932 Sic
1373 4877 1523 4932 enim
1573 4879 1998 4936 delectationem
2023 4880 2163 4938 deli-

588 4965 788 5031 niunt;
835 4966 1147 5035 passionem
1209 4983 1344 5024 vero
1394 4967 1566 5023 veluti
1617 4969 2008 5027 cxtendentem
2044 4973 2162 5038 vir-

589 5059 763 5107 tutem
791 5061 849 5108 et
881 5053 948 5108 ad
978 5053 1031 5109 id
1057 5055 1206 5126 quod
1239 5055 1369 5112 facit
1390 5055 1446 5110 id
1465 5055 1612 5127 quod
1641 5057 1852 5127 patitur
1889 5058 2162 5116 inducen-

591 5152 724 5208 te,
742 5145 1044 5201 secundum
1069 5147 1340 5205 redditam
1357 5151 1503 5205 aeris
1526 5150 1595 5206 ad
1611 5151 1792 5207 lucem
1817 5153 1954 5208 etad
1979 5153 2162 5226 ignem

591 5232 726 5288 ferri
766 5236 1256 5308 paradigmaticam
1284 5257 1530 5308 causam,
1562 5251 1617 5299 et
1643 5243 1969 5300 credibilem
1995 5253 2160 5299 natu-

2269 4619 2378 4671 σιν,
2410 4601 2510 4676 τὴν
2541 4605 2609 4676 τῇ
2657 4601 2782 4675 θείᾳ
2825 4601 3156 4673 κατανοήσει
3201 4599 3299 4654 καὶ
3329 4601 3398 4671 τῇ
3429 4598 3684 4671 ἑπομένῃ
3717 4598 3850 4669 αὐτῇ

2268 4694 2368 4765 τῆς
2418 4693 2761 4767 εὐφροσύνης
2799 4693 3122 4760 ἀπολαύσει,
3155 4678 3352 4764 ἠδονῆν
3409 4691 3530 4763 μὲν,
3572 4690 3656 4755 ὡς
3705 4690 3851 4753 τέλος

2268 4781 2437 4839 οὖσαν
2485 4784 2596 4838 τῶν
2639 4785 2783 4840 κατά
2834 4783 3001 4853 φύσιν
3053 4783 3347 4854 ἐνεργειῶν
3372 4780 3540 4853 (οὓτω
3584 4781 3702 4852 γὰρ
3757 4779 3851 4850 τὴν

2269 4878 2463 4951 ἡδονὴν
2497 4877 2818 4950 ὁρίζονται).
2859 4878 3043 4932 πεῖσιν
3075 4876 3134 4931 δὲ
3173 4876 3252 4940 ὡς
3305 4873 3643 4946 ἐκστατικὴν
3698 4873 3851 4928 δύνα·

2274 4987 2390 5043 μιν,
2415 4971 2550 5042 πρὸς
2573 4970 2637 5025 τὸ
2659 4969 2849 5024 ποιοῦν
2876 4969 2937 5024 τὸ
2958 4969 3170 5042 πάσχον
3199 4969 3506 5038 ινάγουσαν
3529 5005 3547 5030 ,
3578 4965 3732 5021 κατά
3758 4964 3849 5036 τὴν

2268 5061 2623 5116 ἀποδοθεῖσαν
2647 5061 2746 5115 τοῦ
2783 5060 2947 5133 ἀέρος
2977 5060 3119 5133 πρὸς
3159 5060 3222 5114 τὺ
3253 5058 3373 5129 φῶς
3417 5059 3516 5113 καὶ
3543 5057 3646 5112 τοῦ
3681 5055 3846 5128 πυρὸς

2270 5155 2407 5226 πρὸς
2452 5155 2545 5209 τὸν
2603 5155 2824 5226 σίδηρον
2853 5154 2899 5186 ⁸⁵
2929 5153 3447 5226 παραδειγματικὴν
3499 5151 3690 5206 αἰτίαν
3713 5191 3732 5218 ,
3761 5147 3847 5203 καὶ

2268 5247 2566 5304 πείθουσαν
2617 5248 2864 5318 φυσικῶς
2913 5248 3010 5302 καὶ
3056 5246 3274 5318 ἀληθῶς
3330 5246 3408 5318 μὴ
3452 5245 3586 5302 ἀλλο
3630 5263 3686 5299 τι
3714 5237 3844 5298 εἶναι

1881 5355 2112 5413 VARle
2151 5355 2556 5415 LECTIONES.

684 5439 1118 5528 ξ’ξῦθντξοεῂςαι
1147 5445 1247 5518 μὲν
1266 5447 1355 5504 ed.
1385 5448 1504 5508 Gal.
1529 5451 1612 5506 Ab
1639 5453 1832 5509 eadem
1854 5453 2056 5510 absunt
2083 5454 2252 5511 verba
2274 5456 2414 5511 κατά
2445 5455 2627 5526 φύσιν.
2701 5458 2744 5491 ¹³
2769 5456 3064 5528 διαφθορᾶς
3094 5454 3218 5510 cod.
3245 5453 3387 5511 Gud.
3470 5453 3512 5486 “
3541 5453 3602 5508 τὸ
3621 5452 3730 5524 πῦρ
3755 5449 3840 5505 τοῦ

598 5509 818 5581 σιδήρου
845 5512 934 5566 ed.
954 5509 1082 5568 'G'al.

2091 5618 2319 5677 NOTAE.

749 5697 911 5783 γεγρα
933 5704 1213 5783 principali
1242 5709 1531 5780 exemplari
1558 5713 1777 5778 ironcm,
1807 5714 2160 5783 permittant:

601 5773 734 5830 cett.
768 5764 964 5843 (Calai)

2341 5716 2415 5788 (9)
2455 5717 2616 5774 Verte
2655 5717 3019 5790 complectens.
3053 5710 3250 5818 diale.)
