4014 6284
120 263 269 327 1089

1285 276 1291 280 '
1381 258 1902 321 AMBIGUORUM
1942 263 2195 325 LIBER.

3245 274 3395 342 1090

109 378 275 449 παρὰ
294 374 521 430 τοῦτοη
552 372 662 429 τῶν
712 373 884 428 όντων
937 366 1318 445 κεφάλαιον,ᾖ
1370 372 1433 425 τὺ
1493 372 1704 435 ἀπαθὲς

1813 377 2005 431 raliter
2038 395 2103 434 ac
2137 394 2292 445 vere,
2321 398 2502 452 neque
2526 383 2678 439 aliud
2714 384 2847 456 quid
2887 401 3032 454 esse,
3064 398 3266 459 pmter
3292 392 3394 446 huc

104 473 347 535 δεόντως
407 469 717 533 ἀκολουθεῖ,
781 468 961 543 χαράν
1004 469 1063 520 δὲ
1117 467 1193 529 ὼς
1250 466 1419 537 μηδὲν
1469 466 1703 537 ἔχουσαν

102 564 499 635 ἀντικείμενον
525 562 665 634 μήτε
691 559 963 631 παρελθὸν
988 560 1127 631 μήτε
1154 558 1369 630 μέλλον.
1394 558 1507 629 Τὴν
1527 557 1703 629 χαράν

102 660 226 727 γάρ
268 672 408 725 φασι
439 655 483 686 ⁸⁸
518 655 658 726 μήτε
702 653 884 724 λύπην
944 652 1275 706 ἐπίστασθαι
1300 651 1700 723 παρελθοῦσαν,

107 752 258 821 μήτε
285 749 380 802 τὸν
403 750 469 802 ἐκ
493 747 663 817 φόϐου
706 746 867 817 κόρον
909 743 1266 815 ἐπιδέχεσθαι
1309 742 1703 816 προσδοκώμε-

100 860 225 907 νον,
247 842 445 913 ῶσπερ
473 844 508 913 ὴ
539 839 895 913 ἠδονή.”υθεν
925 841 1023 893 καὶ
1045 839 1122 903 ὡς
1152 838 1498 910 ὲνδεικτικὴν
1531 853 1703 908 προσ-

100 936 352 1008 ηγορίαν
392 935 495 1006 τῆς
536 931 842 1005 μελλούσης
888 931 1152 1003 ἀληθείας
1200 930 1557 1001 ὑπάρχουσαν
1605 928 1701 999 τὴν

102 1029 295 1101 χαρὰν
330 1027 618 1099 ἐκύρωσαν
645 1023 929 1095 πανταχοῦ
970 1023 1025 1076 οἱ
1062 1039 1123 1076 τε
1153 1021 1506 1076 θεόπνευστοι
1550 1018 1701 1087 λόγοι

103 1125 209 1179 καὶ
246 1124 301 1177 οί
333 1122 395 1187 ἐξ
417 1121 599 1176 αὐτῶν
625 1120 696 1175 τά
729 1119 849 1172 θεῖα
880 1116 1233 1188 σοφισθὲντες
1282 1115 1563 1186 μυστήρια
1589 1113 1698 1165 Πα-

103 1218 275 1289 τὲρες
338 1214 608 1286 ήμῶνΛΞί
651 1211 834 1266 τοίνυν
855 1210 932 1275 ὡς
986 1211 1045 1263 ἐν
1096 1209 1396 1281 ἐπιδρομῇ,
1424 1207 1548 1260 κατ’
1597 1205 1701 1276 ἐμὲ

106 1313 284 1379 φάναι
316 1306 413 1360 τὸν
453 1304 671 1376 μικρὸν,
704 1302 949 1373 φυσικῶς
970 1317 1033 1354 τε
1071 1299 1171 1356 καὶ
1198 1298 1493 1373 Γραφικῶς
1529 1296 1571 1328 "
1606 1297 1703 1349 καὶ

108 1398 414 1470 Πατρικῶς
440 1397 732 1462 δέδεικται,
769 1394 849 1458 ὡς
876 1393 1032 1447 οὐδὲν
1063 1392 1175 1447 τῶν
1221 1389 1467 1462 γενητῶν
1501 1386 1545 1419 ⁸⁸
1580 1386 1698 1439 πώ-

111 1507 253 1544 ¹ποτε
286 1488 614 1559 κινούμενον
655 1485 810 1554 ἔστη,
835 1483 956 1537 οὐδὲ
985 1482 1087 1552 τῆς
1116 1480 1308 1551 (ικε
1339 1480 1397 1551 a)
1451 1477 1538 1531 ἐπ’
1569 1475 1702 1531 αὐτὸ

109 1584 260 1638 κατὰ
307 1583 400 1637 τὸν
452 1581 595 1634 θεῖον
643 1579 845 1633 σκοπὸν
879 1576 1185 1631 ἐπελάθετο
1224 1575 1455 1645 λήξεως,
1488 1572 1625 1641 πρὸς
1645 1570 1703 1622 δὲ

110 1677 332 1739 τούτοις
359 1676 455 1728 καὶ
474 1673 549 1738 ὡς
584 1673 869 1743 ἀμήχανον
893 1671 991 1741 τῆς
1017 1670 1076 1722 ὲν
1096 1666 1175 1739 τῷ
1197 1666 1318 1737 Θεῷ
1342 1664 1703 1735 μονιμότητος

1808 485 2007 524 eorum
2032 487 2157 541 qua
2177 483 2308 527 sunt
2332 476 2638 544 capitulum
2684 478 2814 547 (hoc
2841 489 2929 532 est
2960 483 3399 536 consummatio-

1810 572 1988 631 nem),
2043 581 2211 634 quam
2286 567 2709 636 impassibilitas
2755 580 3067 639 opportune
3114 573 3399 642 sequitur;

1806 656 2071 724 gandium
2098 674 2322 730 quoque
2342 663 2487 732 jure,
2526 663 2660 717 dum
2692 664 2833 719 nihil
2874 665 3076 719 habeat
3104 673 3404 734 contrapo-

1805 748 1995 813 situm,
2019 765 2199 820 neque
2233 754 2577 823 praeteritum
2601 770 2781 826 neque
2814 756 3105 821 futurum;
3137 755 3402 824 gaudium

1805 839 1956 894 enim
2006 841 2204 896 dicunt
2245 860 2429 915 neque
2484 847 2766 902 tristitiam
2822 862 2988 902 nosse
3020 848 3398 917 praeteritam,

1804 946 1987 1002 neque
2007 948 2077 987 ex
2100 935 2295 991 timore
2320 938 2632 993 satietatem
2649 949 3008 1010 accepturum
3035 938 3104 993 iri
3148 946 3404 1009 spectan-

1806 1023 1958 1089 dam,
1986 1026 2134 1081 sicut
2165 1028 2489 1085 delectatio.
2538 1030 2694 1087 Unde
2749 1032 2916 1087 etiam
2960 1031 3134 1087 veluti
3163 1031 3400 1085 demon-

1806 1118 2092 1174 strativam
2110 1122 2542 1192 appellationem
2574 1124 2776 1180 futura:
2797 1125 3053 1181 veritatis
3083 1124 3401 1179 subsisten-

1804 1219 1915 1266 tem
1934 1212 2306 1269 decreverunt
2326 1214 2534 1285 ubique
2557 1223 2615 1269 et
2644 1231 2676 1269 a
2694 1215 2809 1269 Deo
2831 1215 3088 1286 inspirati
3106 1231 3397 1271 sermones

1801 1313 1859 1357 et
1889 1320 1958 1359 ex
1982 1306 2064 1361 eis
2092 1306 2282 1361 divina
2305 1309 2586 1378 sapientes
2642 1307 2902 1379 mysteria
2958 1309 3149 1364 Patres
3192 1308 3395 1367 nostri.
3464 1332 3469 1339 ί

1802 1397 1993 1468 itaque
2018 1401 2488 1470 quemadmodum
2515 1402 2574 1457 in
2624 1403 2861 1457 transitu
2910 1411 3143 1473 apparet
3169 1419 3268 1474 per
3299 1420 3387 1458 me

1810 1492 2116 1561 paululum,
2146 1501 2203 1548 et
2224 1494 2555 1549 naturaliter
2583 1503 2642 1550 et
2684 1509 2784 1566 per
2836 1495 3177 1565 Scripturam
3229 1497 3304 1567 (Ιι)
3338 1504 3397 1549 et

1811 1583 2002 1638 Patres
2022 1592 2309 1639 ostensum
2338 1595 2444 1652 est,
2473 1588 2753 1656 quomodo
2782 1588 2996 1641 nullum
3051 1604 3246 1643 eorum
3275 1604 3399 1659 qua:

1810 1677 1955 1731 facta
1982 1687 2135 1744 sunt,
2177 1695 2419 1749 unquam
2451 1679 2598 1734 sistit
2624 1689 2802 1748 motu,
2835 1697 3018 1751 neque
3041 1681 3096 1736 in
3119 1698 3178 1737 se
3208 1698 3400 1738 secuno

110 1770 221 1824 τῶν
248 1769 595 1840 ἀξιουμένων
615 1764 1053 1839 παριγκλιθῆναι
1076 1762 1140 1818 τὸ
1170 1760 1423 1833 βάσιμον.
1448 1757 1573 1823 [ιῶς
1595 1758 1704 1827 γάρ

1810 1770 1943 1824 dum
1968 1770 2214 1826 divinam
2245 1773 2683 1843 speculationem
2706 1774 2921 1845 accepit
2952 1775 3216 1844 quietem,
3272 1790 3398 1829 cum

113 1866 232 1916 itm
260 1862 515 1929 δυνατὸν,
556 1861 646 1915 ἵνα
674 1862 789 1924 τοῖς
824 1857 1141 1930 εἰρημένοις
1170 1855 1377 1927 μικράν
1410 1869 1534 1907 τινα
1561 1850 1699 1923 πρὸς

115 1957 415 2029 βεϐαίωσιν
460 1956 559 2028 τὴν
607 1957 673 2008 ἐκ
712 1953 993 2022 λογισμῶν
1028 1951 1214 2021 δῶμεν
1261 1947 1543 2020 βοήθειαν,
1573 1946 1701 2009 τοὺς

114 2051 274 2116 ἅπαξ
324 2052 382 2104 ιν
418 2049 496 2121 τῷ
517 2047 640 2119 Θεῷ
674 2044 1031 2116 ὑπαρκτικῶς
1065 2042 1394 2112 γενομένους
1419 2041 1513 2094 τὸν
1541 2039 1701 2109 ὑϐρι-

116 2146 252 2216 στὴν
312 2142 459 2197 κατά
494 2142 595 2213 τὴν
632 2142 819 2211 ιφεσιν
861 2135 1230 2201 ὑποδέξασθαι
1278 2134 1463 2205 κόρον,
1496 2130 1703 2193 παντὸς

115 2237 286 2307 κόρου
313 2234 455 2289 κατὰ
471 2234 563 2288 τὸν
587 2234 716 2287 [διον
745 2231 903 2299 λόγον
930 2244 990 2283 τι
1021 2228 1120 2283 καὶ
1151 2229 1279 2299 ὅρον
1306 2225 1543 2299 ὀρέξεως
1573 2238 1705 2291 τυγ-

115 2330 377 2400 χάνοντος
428 2325 740 2389 σϐεστικοῦ,
766 2324 861 2378 καὶ
907 2321 1050 2375 κατὰ
1082 2319 1178 2373 δύο
1228 2314 1627 2385 συνισταμένου
1655 2313 1703 2344 ⁸⁸

114 2424 379 2495 τρόπους.
414 2422 482 2475 Ἦ
502 2406 626 2492 ’γὰρ
656 2419 729 2473 τὰ
757 2417 1098 2488 ὑποκείμενα
1119 2413 1196 2478 ὡς
1230 2410 1407 2484 μικρά
1427 2408 1703 2481 περιτρά-

117 2534 303 2587 φουσα
333 2519 368 2588 ἡ
397 2515 578 2589 δρεξις
613 2514 923 2576 σϐέννυται,
954 2512 990 2582 ἢ
1020 2508 1364 2580 άτιμάζουσα
1392 2504 1469 2569 ὡς
1497 2502 1704 2575 αίσχρά

116 2628 178 2665 τε
212 2611 317 2664 καὶ
361 2608 578 2679 είδεχθῆ
633 2606 1006 2677 βδελύσσεται,
1034 2603 1127 2672 ὑφ’
1153 2594 1230 2655 ῶν
1278 2600 1309 2651 ό
1357 2598 1519 2668 κόρος
1557 2595 1705 2665 γίνε-

122 2704 250 2756 σθαι
279 2703 547 2770 πέιρυκεν.
585 2700 644 2752 ’0
675 2699 731 2753 δὲ
757 2699 891 2761 Θεὸς
916 2695 1077 2766 φύσει
1110 2692 1375 2764 ὑπάρχων
1394 2688 1621 2761 ἄπειρός
1642 2704 1705 2740 τε

121 2797 211 2850 καὶ
232 2794 422 2864 τίμιος
446 2793 741 2846 ἐπιτείνειν
764 2792 969 2861 μᾶλλον
993 2788 1104 2841 τῶν
1129 2784 1514 2840 ἀπολαυόντων
1537 2780 1703 2835 αὐτοῦ

120 2891 203 2942 διὰ
227 2889 334 2957 τῆς
370 2887 610 2958 μετοχῆς
637 2886 775 2955 πρὸς
805 2884 866 2936 τὸ
887 2883 1142 2954 ἀόριστον
1169 2878 1269 2949 τὴν
1301 2874 1481 2947 δρεξιν
1528 2873 1705 2941 πέφυ-

122 2996 238 3033 κεν.
275 2980 340 3031 Εἰ
372 2979 432 3032 δὲ
464 2978 613 3031 τοῦτ’
644 2976 844 3047 ἀληθὲς
868 3017 884 3041 ,
918 2974 1113 3045 ὥσπερ
1150 2967 1244 3024 οὖν
1281 2971 1380 3022 καὶ
1412 2970 1579 3033 ἐστιν,
1606 2966 1708 3019 οὐκ

120 3070 187 3144 ἡν
219 3072 338 3141 ἄρα
365 3073 402 3141 ὴ
439 3069 709 3140 λεγομένη
744 3069 869 3131 sva;
892 3067 1002 3119 τῶν
1025 3064 1260 3133 λογικῶν
1288 3063 1331 3094 ³⁸
1356 3101 1371 3127 ,
1399 3060 1522 3130 ἣτις
1546 3055 1707 3126 κόρον

1811 1859 1897 1914 his
1927 1875 2171 1931 quoque,
2205 1863 2487 1932 quomodo
2509 1863 2855 1935 impossibile
2885 1872 2969 1920 est
3021 1865 3077 1918 in
3120 1865 3233 1920 Deo
3268 1881 3399 1936 per-

1809 1954 2115 2010 mansionis
2135 1955 2431 2027 dignorum
2471 1956 2810 2029 reprehendi
2856 1956 3196 2015 ﬁrmitatem.
3247 1960 3399 2026 Quo-

1810 2047 1978 2101 modo
1999 2048 2147 2102 enim
2191 2058 2277 2104 est
2330 2051 2619 2120 possibile,
2677 2061 2740 2106 ut
2789 2050 2877 2107 his
2918 2066 3041 2122 quae
3090 2052 3236 2108 dicta
3266 2064 3401 2112 sunt

1809 2154 2039 2210 parvum
2070 2142 2349 2212 quoddam
2373 2143 2443 2197 ad
2479 2144 2962 2200 conﬁrmationem
3001 2160 3070 2199 ex
3099 2145 3399 2201 ratiocina-

1814 2232 2063 2289 tionibus
2090 2235 2284 2291 demus
2325 2236 2689 2308 adiutorium,
2717 2238 2885 2292 semel
2920 2236 2978 2292 in
3000 2238 3115 2293 Deo
3144 2238 3401 2293 substan-

1810 2325 2018 2380 tialiter
2045 2326 2220 2382 factos
2248 2328 2522 2400 ingratam
2561 2344 2662 2400 per
2719 2328 3067 2385 desiderium
3118 2332 3400 2403 accepisse

1810 2417 2143 2483 satietatem,
2181 2420 2313 2474 dum
2359 2421 2542 2476 omnis
2597 2421 2844 2485 satietas,
2890 2424 3198 2477 secundum
3241 2438 3396 2478 suam

1813 2508 2083 2565 rationem
2136 2521 2194 2567 et
2245 2510 2629 2569 deﬁnitionem
2694 2514 2998 2569 constituta
3058 2515 3397 2571 desiderium

1810 2602 2148 2673 exstinguat,
2174 2612 2231 2659 et
2254 2604 2562 2659 secundum
2594 2604 2738 2661 duos
2771 2606 3145 2661 constituatur
3183 2607 3397 2663 modos.

1813 2693 1924 2746 Aut
1962 2693 2119 2748 enim
2154 2709 2276 2765 qua:
2298 2696 2543 2767 subjecta
2575 2706 2706 2751 sunt
2743 2698 2913 2754 veluti
2943 2714 3111 2769 parva
3156 2700 3398 2755 circum-

1812 2784 2066 2841 scribens
2096 2786 2436 2841 desiderium
2469 2790 2791 2860 exstinguit,
2822 2800 2919 2844 aut
2936 2806 3203 2861 spernens
3226 2794 3398 2847 veluti

1816 2876 2003 2947 turpia
2029 2893 2095 2932 ac
2124 2878 2397 2934 deformia
2429 2880 2805 2947 abominatur,
2825 2898 2893 2936 ex
2924 2883 3011 2936 his
3034 2884 3260 2939 satietas
3276 2884 3401 2940 fieri

1815 2970 2123 3025 consuevit.
2146 2970 2295 3025 Deus
2316 2986 2448 3027 vero
2480 2980 2679 3026 natura
2716 2973 3029 3028 subsistens
3062 2975 3311 3029 inﬁnitus
3334 2991 3399 3030 ac

1816 3061 2095 3131 pretiosus
2116 3063 2417 3119 extendere
2452 3065 2625 3136 magis
2653 3066 2957 3120 [ruentium
2989 3082 3046 3122 se
3081 3083 3181 3136 per
3222 3068 3399 3139 parti-

122 3162 372 3216 λαδοῦσα
398 3162 495 3233 τῆς
525 3164 582 3214 ὲν
612 3162 689 3232 τῷ
720 3160 840 3231 Θεῷ
872 3159 1236 3231 μονιμότητος
1280 3154 1578 3224 ἐμερίσθη,
1608 3149 1705 3201 καὶ

1812 3153 2145 3225 cipationem
2177 3155 2246 3211 ad
2299 3156 2352 3211 id
2395 3157 2546 3228 quod
2593 3157 2875 3213 inﬁnitum
2905 3166 3012 3225 est,
3060 3159 3397 3215 desiderium

121 3255 197 3327 τῷ
228 3254 425 3325 οἰκείῳ
452 3252 746 3324 σκεδασμῴ
781 3252 879 3324 τὴν
911 3250 1008 3304 τοῦ
1050 3249 1261 3318 κόσμου
1307 3244 1501 3299 τούτου
1549 3241 1706 3309 γένε-

125 3364 208 3400 σιν
240 3346 666 3416 συνεισήγαγεν,
693 3344 781 3397 ἵνα
808 3342 887 3416 μὴ
920 3341 981 3395 τὺ
1009 3339 1227 3410 ,ἀγαθὸν
1256 3335 1707 3407 ὲμπερίγραπτον

123 3437 421 3508 ποιώμεθα
455 3436 552 3490 καὶ
576 3436 797 3507 άτιμον,
828 3435 904 3498 ὡς
933 3433 1081 3503 κόρῳ
1105 3432 1213 3484 τινὶ
1254 3425 1707 3499 περιοριζόμενον

125 3534 215 3584 καὶ
240 3532 494 3593 στάσεως
524 3528 696 3584 αἴτιον
728 3526 1010 3597 γινόμενον
1039 3523 1291 3588 ἐκείνοις,
1320 3520 1395 3575 ὡν
1423 3520 1525 3588 τὴν
1573 3517 1707 3585 ἐφε-

127 3643 207 3683 σιν
249 3626 517 3695 ἀκίνητον
568 3625 791 3694 κρατεῖν
840 3619 903 3673 οὐ
953 3617 1239 3688 δεδύνηται
1271 3615 1341 3668 ’³.
1370 3613 1482 3667 Καὶ
1528 3610 1707 3680 μάτην

125 3718 321 3773 λοιπόν
370 3733 518 3781 τινες
558 3715 767 3786 ταύτην
813 3712 1188 3777 θεσπίζουσιν,
1221 3708 1297 3768 ὡς
1324 3706 1517 3777 ἔμοιγε
1538 3703 1709 3766 δοκεῖ,

125 3814 190 3867 τά
232 3812 318 3884 μὴ
346 3810 478 3865 ὅντα
503 3809 862 3880 πλαττόμενοι
881 3845 897 3873 ,
925 3806 1023 3860 καὶ
1051 3803 1114 3857 τὸ
1156 3803 1224 3873 δὴ
1253 3800 1447 3854 τούτου
1480 3795 1712 3869 βαρύτε-

129 3922 247 3975 ρον,
283 3903 382 3956 καὶ
398 3901 492 3955 τοῦ
527 3901 800 3973 μακαρίου
825 3900 1016 3954 τούτου
1043 3895 1249 3966 πατρὸς
1273 3894 1348 3956 ὡς
1380 3891 1554 3943 ταυτα
1576 3904 1711 3959 φρο-

128 3998 355 4060 νοῦντος
386 3993 873 4065 καταψευδόμενοι,
910 3984 1058 4062 ὲφ⁹ᾧ
1098 3990 1176 4062 μὴ
1204 3988 1364 4059 μόνον
1396 3986 1596 4046 αὐτοὺς
1646 3983 1712 4034 ἐκ

131 4088 407 4163 προτέρου
457 4088 631 4149 εἰδους
659 4087 803 4157 ζωῆς
827 4089 924 4149 τάς
954 4084 1132 4154 ψυχάς
1158 4083 1237 4144 εἰς
1275 4079 1504 4149 σώματα
1538 4072 1713 4127 ὲλθεῐν

130 4182 223 4235 litt
264 4179 513 4252 τιμωρίᾳ
568 4179 679 4233 τῶν
728 4176 1142 4250 προγεγονότων
1202 4172 1390 4246 (128
1423 4170 1477 4241 b)
1524 4165 1714 4221 κακῶν

133 4276 359 4346 φρονεῖν
392 4274 439 4305 ⁸³
489 4274 575 4326 ἐπ’
607 4271 791 4335 ἁδείας
845 4267 1126 4334 δύνασθαι,
1184 4268 1326 4321 ἀλλὰ
1372 4266 1468 4317 καὶ
1521 4262 1714 4325 ἄλλους

131 4368 353 4437 άπατᾷν
374 4365 551 4430 οὕτως
581 4365 727 4438 ἔχειν
756 4363 996 4434 εὐλόγως
1030 4360 1335 4432 ὶπιχειρεῖν
1360 4357 1451 4411 διὰ
1480 4359 1582 4427 τῆς
1602 4354 1713 4407 τῶν

1809 3248 2120 3304 consuevit.
2153 3249 2211 3305 Si
2241 3257 2428 3304 autem
2454 3251 2559 3305 hoc
2581 3266 2800 3318 verum,
2856 3250 3005 3307 sicut
3047 3261 3104 3307 et
3139 3261 3245 3319 est,
3286 3269 3399 3309 non

1808 3349 1926 3394 erat
1955 3340 2125 3411 igitur
2152 3341 2267 3407 illa,
2311 3357 2436 3413 qua:
2473 3344 2620 3397 dicta
2678 3353 2787 3408 est,
2850 3344 3034 3399 unitas
3091 3344 3400 3400 rationabi-

1808 3432 2121 3504 lium,-quaa
2153 3436 2464 3489 satietatem
2487 3434 2770 3505 accipiens
2791 3437 3243 3507 perseverantiae,
3277 3454 3401 3508 qua:

1811 3526 1867 3581 in
1892 3527 2025 3594 Deo,
2057 3527 2261 3598 partita
2282 3536 2388 3595 est,
2408 3537 2465 3583 et
2493 3544 2562 3584 ex
2594 3529 2819 3599 propria
2848 3529 3181 3585 discissione
3208 3532 3399 3587 mundi

1810 3620 1976 3690 hujus
2032 3619 2450 3690 generationem
2509 3619 2939 3686 cointroduxit;
2994 3636 3066 3675 ne
3127 3621 3400 3691 Optimum

1811 3712 2019 3767 bonum
2049 3712 2539 3783 circumscriptum
2580 3712 2849 3768 faciamus
2869 3721 2927 3768 et
2950 3714 3084 3780 vile,
3109 3715 3283 3770 veluti
3308 3730 3403 3770 sa-

1814 3806 2001 3858 tietate
2027 3802 2268 3874 quadam
2292 3804 2749 3869 circumlinitum,
2773 3811 2830 3859 et
2857 3804 3154 3859 seditionis
3177 3821 3400 3860 causam

1811 3895 2010 3949 factam
2041 3894 2170 3959 illis,
2197 3910 2437 3965 quorum
2490 3894 2852 3961 desiderium,
2902 3896 2958 3950 id
3010 3896 3159 3967 quod
3190 3898 3402 3953 incont-

1813 3987 2081 4042 mutabile
2113 3996 2218 4052 est,
2246 3996 2434 4043 tenere
2463 4004 2575 4043 non
2597 3988 2777 4058 potuit
2806 3987 2889 4060 (ἕ).
2916 3987 3073 4043 Etne
3100 3988 3400 4043 vanitatem

1816 4083 1980 4137 talem
2005 4081 2231 4153 quidam
2261 4081 2332 4136 de
2358 4090 2558 4136 caetero
2590 4080 2846 4147 adorent,
2897 4091 2960 4135 ut
2994 4080 3132 4135 mihi
3157 4080 3398 4146 videtur,

1813 4189 1878 4227 ea
1899 4189 2023 4245 quae
2048 4189 2159 4229 non
2185 4183 2315 4229 sunt
2338 4172 2627 4244 ﬁngentes,
2659 4180 2716 4227 et
2740 4172 2890 4242 quod
2910 4188 2978 4228 eo
3000 4174 3245 4245 gravius,
3267 4174 3369 4230 bea
3384 4203 3401 4213 -

1818 4275 1934 4320 tum
1967 4265 2117 4320 hunc
2138 4266 2381 4331 Patrem,
2426 4265 2599 4320 veluti
2646 4264 2777 4319 talia
2810 4264 3137 4335 sapientem,
3195 4269 3403 4320 calum-

1816 4358 2066 4424 nicntur,
2131 4358 2187 4412 in
2226 4373 2337 4429 quo
2391 4373 2506 4413 non
2556 4358 2735 4413 solum
2799 4372 2861 4413 se
2899 4371 2969 4412 ex
3015 4357 3186 4427 priori
3217 4352 3417 4426 specie

133 4459 447 4532 προσώπων
492 4458 857 4526 ἀξιοπιστίας,
884 4458 946 4509 οὐ
980 4452 1163 4516 καλῶς
1205 4451 1311 4506 οὐδ’
1341 4449 1505 4512 ὁσίως
1538 4447 1705 4518 πράτ-

1819 4450 1945 4505 vine
1974 4456 2188 4504 animas
2217 4449 2275 4503 in
2326 4464 2563 4519 corpora
2602 4448 2795 4503 venire
2826 4447 2882 4502 in
2914 4449 3181 4503 ultionem
3207 4462 3401 4503 eorum

132 4566 349 4615 τοντας,
398 4550 514 4603 ἀλλ’
549 4550 790 4613 ἐκείνους
840 4548 1061 4619 ἱχοντας
1110 4543 1342 4615 ἀφέντες
1389 4541 1464 4604 ὡς
1496 4540 1705 4609 ἔχουσιν

1821 4556 1944 4611 quas
1966 4551 2093 4595 ante
2127 4547 2445 4610 perpetrata
2472 4549 2601 4594 sunt
2632 4539 2903 4593 malorum
2930 4537 3181 4594 dicentes
3207 4553 3401 4593 conse-

135 4642 291 4694 αὑτοί
325 4641 569 4706 εὐσεϐῶς
598 4644 759 4715 ἡμεῖς
780 4639 874 4694 τὸν
914 4638 1041 4693 νοῦν
1064 4635 1161 4689 τοῦ
1189 4632 1515 4688 διδασκάλου
1572 4627 1712 4700 πρὸς

134 4736 247 4797 τοῖς
277 4737 591 4806 εἰρημένοις
614 4736 707 4788 καὶ
725 4732 844 4788 κατ’
876 4730 1033 4784 ἄλλον
1064 4725 1473 4799 σκοπήσομεν²⁵
1490 4724 1712 4794 τρόπον.

1819 4642 2059 4702 quenter
2093 4640 2349 4702 possunt,
2381 4629 2478 4684 sed
2503 4638 2560 4685 et
2583 4628 3027 4684 alios'seducere
3081 4629 3161 4683 sic
3192 4627 3399 4681 habere

1822 4723 2229 4779 rationabiliter
2256 4722 2511 4777 conando
2542 4737 2641 4792 per
2659 4735 3019 4792 personarum
3042 4719 3395 4790 probitatem,

138 4841 320 4896 neque
348 4826 492 4880 bene
520 4840 700 4895 neque
732 4830 920 4878 sancte
943 4829 1190 4894 agentes,
1238 4818 1335 4873 sed
1364 4818 1486 4872 illos
1513 4817 1609 4886 qui
1635 4816 1716 4872 sic
1752 4817 1960 4873 habent
2012 4815 2219 4870 habere
2271 4814 2636 4880 dimittentes,
2674 4827 2777 4868 nos
2809 4811 2912 4884 ipsi
2940 4813 3029 4883 pie
3060 4811 3399 4867 intellectum

139 4923 390 4995 magistri
416 4938 546 4978 cum
570 4922 657 4977 his
685 4937 807 4993 qua:
835 4920 982 4976 dicta
1029 4928 1162 4975 sunt
1200 4918 1369 4975 etiam
1414 4930 1513 4986 per
1547 4914 1716 4967 alium
1752 4910 2251 4983 contemplabimur
2282 4910 2528 4965 modum.

212 5020 329 5072 υὺκ
358 5012 514 5088 οἶμαι
545 5015 645 5087 τῆς
673 5012 1021 5085 ἀνθρωπίνης
1048 5010 1214 5067 αὑτὸν
1240 5008 1505 5081 γενέσεως
1532 5004 1725 5060 ενταῦ-

1902 5003 2024 5059 Non
2056 5002 2298 5058 arbitror
2362 5003 2529 5075 igitur
2576 5003 2830 5058 humanae
2861 5016 2989 5055 eum
3028 4998 3404 5071 generationis

1459 5159 1697 5219 VARUE
1737 5158 2147 5218 LECTIONES.

232 5324 279 5357 "
298 5322 397 5378 τοῦ
420 5321 480 5376 τὸ
503 5321 592 5378 ed.
614 5321 733 5378 Gal.
752 5391 769 5398 Α
810 5319 855 5352 ⁸⁵
878 5318 1058 5398 φαμεν
1082 5317 1175 5375 ed.
1196 5315 1315 5398 Gal_.
1353 5315 1442 5398 ﬁ".
1494 5312 1707 5398 τεῃκαίἱ
1734 5310 2041 5398 Γραφικιῖκ.
2070 5330 2181 5398 non
2199 5384 2214 5398 _
2235 5311 2401 5398 habet
2423 5311 2568 5398 ἐξά..
2586 5310 2713 5397 'Gal.
2791 5309 3250 5398 ‘ijsvvqrév_ed.
3279 5310 3401 5398 Gai.

148 5397 189 5430 ¹⁹
217 5394 371 5465 αὐτῷ
402 5394 491 5449 ed.
530 5393 648 5448 Gal.
724 5391 772 5424 ¹⁶
812 5379 1205 5465 συνιστάμενον
1232 5389 1323 5443 ed.
1348 5385 1467 5441 Gal.
1546 5387 1590 5417 "
1619 5379 1913 5437 πολιτικῶν
1942 5383 2068 5439 cod.
2095 5384 2237 5439 Gud.
2312 5384 2356 5414 "
2382 5385 2502 5436 οὐδε
2538 5382 2767 5454 δύνηται
2794 5379 2884 5438 ed.
2915 5379 3034 5440 Gal.
3112 5385 3159 5416 ³³
3205 5387 3403 5454 φωνεῖν

144 5468 233 5523 ω.
287 5458 411 5521 Gal.
488 5466 534 5497 ⁸⁸
583 5464 946 5533 σκοπήσωμεν
972 5458 1061 5515 ed.
1088 5458 1207 5515 Gal.

1677 5546 1911 5606 NOTAE.

218 5672 300 5747 (ἡ)
323 5668 554 5747 __V'ocu|a
580 5678 629 5747 et
655 5665 1005 5747 desideratur
1028 5661 1201 5747 ined.
1234 5661 1387 5747 Gale.

219 5728 296 5814 (ἀί
322 5742 484 5798 Verte
516 5749 564 5794 et
590 5740 791 5811 [rustra
820 5752 937 5790 eam
970 5734 1284 5806 (unitatem)
1315 5734 1555 5803 deinceps
1584 5732 1873 5802 prmdicant
1898 5728 2125 5802 (Gate)-
