4014 6284
174 264 318 332 1093

1422 259 1942 323 AMBIGUORUM
1980 259 2235 321 LIBER.

3306 268 3442 334 1094

90 426 101 435 ,
174 380 368 453 (129
389 379 445 450 ι)
496 377 593 432 καὶ
622 379 691 450 τῇ
726 376 894 432 αὑτοῦ
924 378 1247 449 πρεπόντως
1277 378 1574 451 ἁγαθότητι
1604 379 1632 430 ὁ
1664 375 1764 446 τὴν

1868 390 1981 429 suae
2008 374 2409 428 convenienter
2437 373 2673 429 bonitati
2734 382 2937 430 nostra
2988 376 3183 433 salutis
3213 379 3443 451 dispen-

171 473 457 545 ἡμετέραν
502 471 782 543 σωτηρίαν
827 472 1129 542 οἰκονομῶν
1182 472 1317 537 Θεὸς
1343 475 1410 545 τῇ
1456 471 1756 543 παραλόγῳ

171 568 391 637 κινήσει
414 568 518 636 τῆς
545 566 606 619 έν
635 565 769 635 ἡμίν
810 566 1007 633 νοερᾶς
1042 566 1329 637 δυνάμεως
1367 564 1757 636 παρεπομένην

170 658 409 719 δεόντως
454 655 556 726 τὴν
600 657 883 726 τιμωρίαν
906 655 1249 727 παρέπηξεν,
1283 654 1418 711 αὐτὸ
1447 657 1628 709 ὲκείνο
1658 672 1758 709 τυ-

169 750 269 819 χὸν
301 747 447 802 κατά
493 746 589 801 τὸν
626 747 816 801 εἰκότα
853 748 1011 815 λόγον
1041 748 1278 811 κολάσας
1300 748 1540 819 θανάτῳ,
1569 748 1701 819 περὶ
1726 745 1755 801 ὃ

168 841 276 912 τὴν
303 842 449 897 κατά
475 840 600 895 νοῦν
625 841 775 911 μόνῳ
796 842 843 873 ²⁹
874 839 997 910 Θεῷ
1015 839 1472 911 χρεωστουμένην
1494 840 1597 911 τῆς
1622 840 1761 909 ἀγά-

171 949 293 1005 πης
319 933 550 1005 δύναμιν
575 932 1019 1005 κατερῤήξαμεν,
1055 932 1143 985 ἶνα
1168 931 1266 985 τοῦ
1297 932 1532 1003 μηδενὸς
1580 933 1756 1004 ἐρῶν-

170 1043 266 1091 τες
295 1026 386 1080 διά
407 1026 502 1080 τοῦ
536 1028 772 1098 πάσχειν
801 1029 931 1081 ποτε
972 1026 1237 1096 μαθόντες
1258 1026 1397 1097 πρὸς
1420 1026 1482 1080 τὸ
1509 1025 1569 1079 ὃν
1593 1024 1757 1079 πάλιν

170 1118 385 1189 ταύτην
432 1120 731 1188 έπανάγειν
772 1120 1116 1191 διδαχθῶμεν
1150 1117 1252 1191 τὴν
1296 1119 1548 1189 δύναμιν.
1576 1117 1757 1189 Ὅπερ

170 1207 389 1277 προῖὼν
435 1208 847 1278 έμφανέστερον
871 1210 1113 1261 ποιεῖται
1152 1207 1352 1275 λέγων,
1388 1226 1408 1259 ι
1457 1206 1602 1261 Ἀλλ’
1631 1206 1756 1278 ἐμοὶ

173 1296 280 1365 μέν
308 1296 406 1349 καί
437 1294 529 1349 διά
552 1294 717 1348 τοῦτο
753 1295 903 1348 δοκεῖ
930 1295 1100 1366 μηδὲν
1130 1294 1239 1348 τῶν
1268 1292 1504 1348 ἐνταῦθα
1530 1293 1756 1363 ἀγαθῶν

169 1386 321 1442 εἶναι
390 1388 585 1441 πιστὸν
632 1390 750 1452 τοῖς
794 1387 1129 1459 ἀνθρώποις,
1164 1388 1304 1457 μηδὲ
1347 1386 1706 1458 πολυχρόνιον
1736 1427 1753 1451 ,

171 1480 291 1533 ἀλλ’
324 1481 484 1550 εἰπερ
507 1496 558 1532 τι
577 1478 727 1540 ἄλλο.
760 1480 852 1533 καὶ
874 1478 1034 1532 τοῦτο
1060 1477 1242 1541 καλῶς
1266 1475 1344 1538 τῷ
1364 1477 1588 1550 τεχνίτῃ
1613 1475 1758 1547 λόγῳ

172 1574 272 1629 καὶ
311 1577 381 1645 τῇ
429 1573 609 1626 πάντα
655 1571 783 1627 νοῦν
829 1570 1175 1643 ύπερεχούσῃ
1219 1570 1383 1640 σοφίᾳ
1429 1569 1755 1641 μεμηχανῆ-

172 1664 668 1731 σθαι,⁶παίζεσθαι
707 1666 856 1737 ἡμᾶς
911 1665 975 1719 έν
1020 1667 1137 1729 τοῖς
1179 1664 1505 1734 ὁρωμένοις,
1560 1662 1752 1717 ἄλλοτε

169 1757 351 1821 ἄλλως
376 1756 872 1829 μεταϐαλλομένοις
897 1756 994 1810 καὶ
1037 1756 1459 1827 μεταϐάλλουσι,
1493 1755 1589 1809 καὶ
1642 1756 1756 1810 ἀνω

170 1847 269 1901 καὶ
308 1848 463 1901 κάτω
512 1846 837 1918 φερομένοις
878 1862 936 1899 τε
983 1847 1078 1899 καὶ
1116 1846 1630 1918 περιτρεπομένοις,
1661 1848 1758 1900 καὶ

169 1941 308 2013 πρὶν
356 1940 633 2012 ληφθῆναι
691 1938 918 1995 ἀπιοῦσι
975 1940 1073 1995 καὶ
1134 1940 1447 2011 φεύγουσιν,
1480 1941 1566 1995 ἵνα
1596 1940 1658 1995 τὸ
1699 1942 1756 1993 ἰν

168 2035 390 2098 τούτοις
437 2033 676 2088 ἄστατον
728 2034 826 2087 καὶ
876 2032 1167 2103 ἀνώμαλον
1199 2033 1581 2104 θεωρήσαντες
1619 2033 1757 2105 πρὸς

170 2128 232 2181 τὸ
260 2128 459 2198 μέλλον
513 2125 1000 2198 μεθορμισώμεθα.
1038 2127 1105 2180 Τί
1158 2128 1268 2196 γάρ
1296 2126 1364 2181 ἂν
1417 2127 1757 2197 ἐποιήσαμεν

171 2217 415 2281 ἑστῶτος
472 2216 568 2270 τοῦ
614 2212 676 2271 εὖ
730 2218 997 2289 πράττειν
1021 2219 1177 2290 ἡμῖν,
1202 2219 1367 2272 ὁπότε
1405 2219 1469 2271 ού
1503 2218 1757 2290 μένοντος

169 2310 430 2364 τοσοῦτον
498 2309 648 2380 αύτῷ
699 2310 1129 2381 προσδεδέμεθα,
1171 2310 1267 2365 καὶ
1318 2311 1495 2375 οὕτως
1539 2312 1685 2383 ἡμᾶς
1723 2312 1755 2382 ἡ

170 2402 303 2471 περὶ
332 2400 494 2456 τοῦτο
532 2400 695 2472 ἡδονὴ
728 2400 828 2454 καὶ
874 2401 1062 2473 ἀπάτη
1088 2402 1203 2473 εχει
1240 2401 1582 2467 δουλώσασα,
1612 2402 1756 2456 ὥστε

175 2495 350 2566 μηδὲν
379 2496 633 2566 κρεῖττον
663 2493 801 2564 μηδὲ
825 2493 1163 2567 ὑψηλότερον
1196 2495 1307 2548 τῶν
1325 2496 1615 2567 παρόντων
1641 2495 1759 2549 δια-

171 2586 416 2642 νοεῖσθαι
435 2584 721 2651 δύνασθαι,
744 2585 1031 2641 καὶταῦτα
1060 2585 1184 2641 κατ’
1216 2586 1403 2640 εἰκόνα
1439 2586 1579 2640 Θεοῦ
1599 2602 1759 2655 γεγο-

170 2680 349 2744 νέναι,
366 2678 461 2733 καί
476 2676 778 2741 ἀκούοντας
792 2678 886 2731 καί
902 2676 1258 2742 πιστεύοντας
1272 2679 1374 2749 τὴν
1392 2678 1507 2732 ἀνω
1515 2694 1575 2731 τε
1592 2676 1758 2732 οὖσαν

171 2770 269 2825 καὶ
280 2768 423 2840 πρὸς
438 2766 642 2839 ἑαυτὴν
653 2766 940 2833 ῑλκουσανς
965 2788 982 2821 ι
1010 2770 1121 2825 Καὶ
1135 2769 1299 2824 πάλιν
1313 2770 1373 2822 ὲν
1386 2768 1466 2841 τῷ
1482 2769 1622 2840 πρὸς
1632 2767 1759 2831 τοὺς

172 2857 631 2930 πολιτευομένους
645 2857 792 2929 λόγῳ
820 2858 1209 2928 φάσκων,‹¹⁸1ν⁹
1230 2860 1468 2932 εἰδῶμεν
1496 2860 1559 2914 τὸ
1587 2860 1758 2932 μηδὲν

171 2953 329 3018 οντες
370 2952 511 3024 πρὸς
534 2950 634 3022 τὴν
663 2950 925 3023 ἀληθινὴν
947 2952 1138 3022 σοφίαν
1173 2953 1359 3024 (130
1380 2952 1435 3023 a)
1471 2952 1567 3007 και
1611 2951 1763 3023 πρώι-

170 3062 294 3117 την,
319 3042 456 3098 ἀλλά
475 3041 613 3113 πρὸς
629 3040 793 3095 αὑτὸν
807 3043 894 3097 ἀεὶ
913 3042 1158 3116 νεύωμιν
1177 3044 1358 3114 μόνον,
1383 3044 1478 3099 καὶ⁵
1506 3044 1762 3116 ζητῶμεν
1789 3075 1831 3135 c

171 3141 297 3202 ταῖς
355 3135 568 3190 ἐκεῖθεν
611 3134 808 3203 αύγαίς
836 3135 1351 3207 ὲναστράπτεσθαι,
1401 3137 1511 3190 είτε
1552 3136 1763 3209 διάλτῆς

172 3230 496 3302 ἀνωμαλίας
521 3227 630 3283 τῶν
653 3228 946 3299 ὁρωμένων
973 3229 1069 3282 καὶ
1104 3232 1607 3305 περιτρεπομένων,
1633 3248 1767 3302 μετ-

172 3324 406 3393 ἀγοντος
437 3324 584 3395 ἡμᾶς
616 3322 709 3378 ἐπὶ
731 3321 800 3375 τά
825 3321 1034 3376 ἑστῶτα
1059 3323 1155 3376 καὶ
1179 3321 1428 3394 μένοντα.
1464 3324 1540 3377 Ού
1564 3323 1763 3389 τοίνυν,

170 3416 251 3480 ὡς
292 3412 454 3487 οἶμαι
480 3457 496 3481 ,
532 3417 634 3487 τῆς
668 3417 811 3471 κατά
838 3415 939 3489 τὴν
967 3416 1183 3485 γένεσιν
1222 3415 1322 3487 τῆς
1346 3415 1767 3489 ἀνθρωπότητος

172 3506 359 3570 αἰτίας
375 3507 422 3538 ’θ
452 3507 511 3559 ὲν
535 3506 768 3573 τούτοις,
803 3508 879 3572 ὡς
907 3508 1151 3578 εἴρηται,
1186 3508 1216 3561 ό
1246 3505 1570 3569 διδάσκαλος
1595 3507 1769 3559 ποιεί-

172 3614 267 3651 ται
295 3595 398 3669 τὴν
425 3595 691 3666 δήλωσιν,
742 3596 878 3652 ἀλλά
907 3596 1010 3666 τῆς
1036 3593 1179 3648 κατά
1203 3592 1306 3665 τὴν
1330 3592 1548 3663 γένεσιν
1574 3581 1768 3646 ἑπείσ-

174 3687 445 3759 αχθείσης
474 3689 543 3760 τῇ
574 3687 823 3759 ἡμετέρᾳ
852 3686 964 3757 ζωῇ
999 3684 1089 3739 διά
1112 3684 1213 3756 τὴν
1238 3683 1552 3755 παράσασιν
1576 3682 1766 3737 ταλαι-

176 3778 396 3851 πωρίας
420 3820 436 3846 ,
486 3779 563 3843 ὡς
602 3782 716 3845 τοῖς
756 3777 1190 3850 σπουδαιοτέρως
1221 3776 1317 3831 καὶ
1345 3775 1766 3847 ὲμμελεστέρως

174 3871 294 3937 τοῖς
324 3871 495 3935 θείοις
521 3872 687 3926 αὑτοῦ
712 3872 1037 3945 γράμμασιν
1060 3868 1437 3942 έμμελετῶσίν
1457 3870 1575 3923 ἰστι
1595 3884 1767 3923 κατα-

176 3968 355 4036 φανές
408 3965 628 4037 Ταύτης
656 3966 755 4037 μὲν
780 3965 886 4037 γάρ
907 3964 1009 4035 τὴν
1028 3964 1175 4028 ὅθεν,
1200 3964 1297 4018 καὶ
1321 3962 1390 4016 δι’
1406 3961 1455 4027 ὃ,
1481 3962 1576 4017 καὶ
1599 3954 1761 4030 ἐφ’ᾧ,

175 4059 277 4111 καὶ
305 4051 369 4112 οῦ
399 4056 589 4111 ἕνεκεν
622 4058 803 4112 αίτίαν
830 4097 844 4121 ,
890 4055 978 4109 διά
1003 4055 1209 4109 τούτων
1238 4056 1372 4126 ἡμῖν
1399 4053 1765 4123 παρατίθεται

179 4150 291 4205 τῶν
318 4150 499 4219 λόγων
525 4150 595 4204 δι’
611 4150 780 4221 αὐτῆς
803 4150 904 4220 τὴν
925 4150 1385 4220 οἰκονομουμένην
1406 4147 1560 4219 ἡμῶν
1585 4147 1766 4217 σοφῶς

179 4242 399 4315 napi“
443 4241 539 4296 τοῦ
572 4242 714 4295 Θεοῦ
758 4243 1034 4314 σωτηρίαν
1065 4241 1276 4313 δηλῶνο
1329 4242 1544 4313 ἐκείνης
1572 4239 1630 4293 δὲ
1662 4241 1767 4313 τὴν

179 4336 269 4404 ἐφ’
308 4328 356 4403 ᾧ
416 4334 713 4405 γεγένηται
780 4332 1066 4405 μυστηρίῳ
1120 4332 1479 4403 ύπεμφαίνων
1531 4331 1766 4403 δύναμιν

1857 476 2012 520 sator
2035 466 2201 529 Deus,
2260 464 2636 519 irrationabili
2679 465 2856 521 motui
2902 468 3298 528 intellectualis
3325 490 3444 528 vir-

1861 560 2017 623 tutis,
2051 574 2177 629 qua
2216 559 2273 613 in
2306 558 2470 614 nobis
2496 567 2603 623 est,
2648 570 3085 629 consequentem
3129 577 3444 633 opportune

1858 652 2031 707 allixit
2056 652 2390 719 vindictam,
2419 652 2557 707 illud
2591 653 2771 724 ipsum
2808 655 3061 711 fortassis
3082 658 3237 728 juxta
3270 663 3444 716 ratio-

1859 759 1985 799 nem
2046 745 2289 814 puniens
2341 753 2521 800 morte
2564 761 2668 815 pro
2709 762 2821 816 quo
2850 749 3156 804 secundum
3192 752 3438 807 animum

1862 834 1965 889 soli
1997 835 2111 890 Deo
2145 834 2393 890 debitam
2424 837 2720 892 cbaritatis
2747 839 3090 908 projecimus
3134 842 3436 908 virtutem;

1860 937 1921 982 ut
1946 929 2088 983 nihil
2117 940 2372 985 amantes
2405 945 2506 999 per
2541 931 2861 1000 passionem
2900 934 3235 1004 quandoque
3267 938 3446 1006 pinni-

1859 1020 2089 1074 tentiam
2116 1029 2365 1091 agentes,
2401 1019 2468 1073 ad
2529 1020 2582 1074 id
2616 1021 2765 1090 quod
2797 1031 2884 1077 est
2944 1022 3145 1076 iterum
3190 1025 3443 1078 eamdem

1859 1113 2127 1169 reducere
2163 1114 2510 1169 disceremus
2536 1114 2825 1171 virtutem.
2872 1114 3027 1180 Quod
3062 1117 3286 1185 quidem
3315 1133 3447 1187 pro-

1859 1206 2066 1262 cedens
2096 1207 2449 1263 manifestius
2478 1206 2612 1261 facit
2656 1208 2854 1263 dicens
2884 1228 2897 1263 :
2959 1228 2976 1260 ι
3008 1208 3117 1264 Sed
3150 1211 3284 1264 mibi
3321 1213 3451 1281 qui-

1858 1294 1983 1350 dem
2011 1312 2109 1366 per
2136 1297 2243 1352 hoc
2266 1296 2491 1351 videtur
2511 1298 2652 1351 nihil
2696 1298 2803 1353 hoc
2829 1300 3101 1353 bonorum
3135 1317 3258 1356 esse
3282 1301 3444 1357 ﬁdele

1859 1388 2178 1445 hominibus
2206 1404 2386 1459 neque
2418 1389 2848 1461 longzevitatem,
2874 1400 2930 1445 at
2955 1392 3000 1445 si
3027 1392 3159 1460 quid
3186 1394 3360 1455 aliud,
3386 1405 3445 1449 et

1858 1480 1965 1536 hoc
1990 1482 2132 1536 bene
2160 1481 2361 1535 artiﬁci
2390 1482 2562 1536 verbo
2588 1491 2645 1537 et
2697 1497 2919 1536 omnem
2970 1483 3314 1539 intellectum
3349 1503 3451 1540 su-v

1858 1583 2087 1644 perantc
2117 1573 2388 1644 sapientia
2428 1574 2806 1629 machinatum
2841 1584 2927 1630 est
2983 1576 3301 1631 deludendo
3340 1594 3445 1634 nos

1860 1664 2179 1719 visibilibus
2204 1666 2258 1718 in
2288 1664 2554 1735 aliudque
2572 1666 2738 1721 aliter
2768 1669 3152 1723 transmotatis
3171 1679 3227 1724 et
3259 1679 3442 1726 trans-

1859 1757 2221 1821 motantibus,
2254 1767 2312 1811 et
2359 1771 2582 1811 sursum
2619 1766 2677 1813 et
2710 1758 2973 1813 deorsum
3015 1760 3345 1826 ferentibus,
3385 1771 3444 1817 et

1860 1849 2251 1911 titubantibus.
2266 1858 2323 1903 et
2338 1852 2659 1920 priusquam
2676 1854 3445 1922 comprehendanturabeun-

1861 1942 2013 1997 tibus
2040 1952 2097 1997 et
2121 1942 2485 2013 fugientibus,
2514 1954 2575 1998 ut
2611 1943 2668 1997 in
2719 1944 2807 1998 his
2837 1944 3097 2001 instabile
3132 1955 3190 2001 et
3214 1962 3442 2001 anoma-

1857 2027 1972 2081 lum
2005 2028 2471 2098 contemplantes,
2510 2028 2581 2083 ad
2610 2030 2856 2084 futuram
2887 2040 3257 2087 transeamus.
3297 2032 3441 2098 Quid

1858 2118 2006 2174 enim
2054 2118 2367 2174 faceremus
2422 2120 2477 2174 in
2508 2123 2791 2191 praesenti,
2820 2123 2952 2178 dum
2980 2124 3144 2180 nobis
3188 2126 3256 2180 ad
3298 2126 3443 2182 bene

1857 2210 2131 2281 agendum
2159 2226 2269 2266 non
2295 2223 2640 2282 permaneat,
2666 2222 2881 2270 tantum
2905 2217 2957 2271 ei
2982 2217 3363 2284 attribuimus,
3385 2226 3445 2274 et

1857 2301 1938 2355 sic
1967 2316 2070 2355 nos
2090 2316 2220 2372 erga
2242 2300 2423 2372 ipsum
2448 2301 2749 2359 delectatio
2793 2314 2852 2359 et
2882 2321 3042 2360 error
3070 2308 3238 2362 habet
3262 2309 3443 2365 servi—

1859 2391 1967 2447 tuti
2004 2391 2335 2462 subjiciens,
2361 2392 2437 2445 ita
2462 2400 2523 2445 ut
2558 2392 2699 2448 nihil
2730 2393 2928 2449 melius
2959 2411 3141 2465 neque
3168 2397 3447 2454 excelsius

1857 2484 2228 2554 praesentibus
2286 2484 2603 2555 intelligere
2656 2486 2961 2549 valeamus,
2994 2497 3053 2544 et
3106 2489 3150 2544 si
3190 2489 3307 2546 haec
3343 2507 3445 2545 au-

1857 2576 2076 2632 dientes
2102 2586 2159 2632 et
2203 2577 2499 2633 credentes
2546 2580 2853 2636 secundum
2902 2581 3194 2653 imaginem
3220 2584 3317 2639 Dei
3341 2599 3445 2639 nos

1857 2667 2034 2723 factos
2072 2668 2247 2725 fuisse
2270 2685 2491 2725 sursum
2505 2672 2885 2728 attendentem
2904 2682 2961 2728 et
2979 2674 3047 2730 ad
3076 2676 3317 2746 seipsam
3334 2686 3447 2732 tra-

1861 2762 2107 2817 hentem.
2129 2781 2148 2815 ι
2172 2763 2241 2818 Ει
2262 2762 2464 2818 iterum
2490 2763 2545 2818 in
2562 2780 2821 2821 sermone
2841 2767 2907 2821 ad
2942 2769 3153 2824 urbane
3174 2770 3445 2835 viventes,

1859 2857 2083 2913 dicens:
2111 2876 2129 2909 ι
2152 2859 2223 2916 Ut
2267 2858 2515 2914 sciamus
2544 2860 2682 2914 nihil
2724 2876 2827 2916 nos
2858 2878 2982 2917 esse
3033 2864 3100 2918 ad
3130 2882 3315 2920 veram
3353 2883 3447 2920 sa-

1858 2948 2123 3019 pientiam
2172 2959 2229 3005 et
2261 2949 2519 3019 primam,
2553 2949 2649 3005 sed
2682 2950 2750 3004 ad
2797 2952 2980 3020 ipsum
3016 2968 3235 3024 semper
3259 2956 3447 3010 inteno

1864 3042 2061 3096 damus
2114 3041 2465 3095 solummodo
2517 3052 2574 3097 ct
2617 3058 2930 3112 quaeramus
2988 3046 3083 3115 qui
3133 3045 3261 3100 inde
3314 3055 3446 3101 sunt

1864 3133 2255 3206 splendoribus
2299 3150 2620 3199 coruscare,
2658 3136 2932 3206 siquidem
2972 3151 3073 3208 per
3107 3137 3445 3209 inmqualita-

1864 3239 1977 3285 tem
2026 3228 2332 3285 visibilium
2367 3239 2424 3284 et
2469 3230 2829 3284 titubantium
2882 3229 3192 3285 transdueit
3239 3247 3343 3286 nos
3388 3232 3445 3286 in

1862 3336 1928 3377 ea
1968 3337 2094 3393 qua:
2127 3330 2278 3377 stant
2320 3331 2379 3377 ct
2419 3331 2771 3393 permanent.
2815 3340 2835 3374 ι
2864 3321 2985 3377 Non
3033 3323 3223 3394 igitur,
3261 3333 3322 3377 ut
3357 3339 3446 3378 ar-

1870 3411 2074 3477 bitror,
2127 3413 2323 3483 ipsius,
2374 3425 2499 3484 qua:
2539 3412 2847 3468 secundum
2881 3414 3297 3483 generationem
3339 3414 3448 3468 bu-

1863 3504 2145 3559 manitatis
2167 3513 2275 3567 est,
2306 3521 2488 3560 causa;
2519 3505 2577 3559 in
2607 3504 2831 3572 talibus,
2866 3512 2927 3560 ut
2949 3505 3160 3560 dictum
3197 3514 3305 3570 est,
3332 3520 3450 3560 ma-

1864 3594 2039 3667 gister
2090 3594 2224 3650 facit
2271 3594 2731 3660 declarationem,
2785 3594 2883 3651 sed
2932 3595 3047 3664 ipse
3096 3610 3272 3665 usque
3319 3603 3448 3664 post

1863 3690 2280 3759 generationem
2316 3696 2559 3743 nostram
2601 3699 2864 3761 aggravat
2902 3689 3069 3743 vitam
3106 3688 3447 3745 infelicitatis

1864 3789 2093 3850 pr0pter
2108 3780 2641 3851 praevaricationem.
2675 3780 3137 3851 quemadmodum
3165 3782 3447 3837 curiosius

1863 3879 1921 3927 et
1975 3872 2284 3927 studiosius
2332 3872 2550 3927 divinas
2584 3874 2761 3943 ipsius
2806 3873 3023 3928 litteras
3068 3873 3445 3943 cogitantibus

1863 3974 1949 4021 est
2002 3966 2382 4022 manifestum.
2429 3966 2596 4021 istius
2636 3968 2787 4022 enim
2817 3982 3041 4022 causam
3072 3967 3237 4030 unde,
3266 3976 3323 4022 et
3348 3984 3447 4037 per

1865 4057 2024 4129 quid,
2067 4067 2125 4113 et
2170 4074 2238 4113 ex
2267 4074 2400 4129 quo,
2449 4067 2506 4113 et
2545 4050 2773 4129 propter
2815 4058 2949 4129 quid
2998 4075 3098 4129 per
3139 4059 3257 4114 haec
3286 4059 3447 4114 nobis

1866 4149 2081 4205 addidit
2100 4150 2292 4214 verba,
2315 4159 2544 4221 propter
2571 4166 2692 4204 eam
2722 4151 3159 4205 administratam
3200 4162 3443 4206 nostram

1866 4244 2150 4313 sapienter
2199 4257 2231 4297 a
2286 4242 2399 4297 Deo
2439 4243 2674 4297 salutem
2723 4242 3043 4307 declarans;
3092 4242 3242 4297 illius
3286 4260 3443 4305 vero,

1866 4334 1920 4390 in
1945 4350 2057 4405 quo
2080 4334 2222 4390 facta
2239 4344 2325 4389 est
2347 4335 2614 4407 mysterio
2643 4336 3241 4401 insinuansvirtutem,
3271 4337 3449 4391 altero

181 4421 360 4494 ἑτέρῳ
386 4421 565 4490 λόγων
597 4422 862 4494 κέχρηται
890 4424 1106 4494 τρόπῳ,
1141 4423 1261 4475 ὅλον
1286 4421 1452 4476 αὑτοῦ
1483 4423 1615 4493 περὶ
1638 4421 1764 4475 τού-ι

1872 4428 2173 4482 verborum
2208 4442 2345 4482 usus
2386 4436 2471 4483 est
2498 4428 2686 4493 modo,
2725 4436 2898 4483 totam
2930 4428 3016 4484 sui
3058 4428 3128 4484 de
3155 4429 3270 4484 hoc
3302 4430 3448 4500 piam

180 4530 276 4567 του
306 4513 402 4567 τὸν
428 4513 628 4585 εύσεδῆ
658 4514 861 4567 σκοπὸν
890 4514 1126 4586 φανερὸν
1149 4514 1492 4585 ποιούμενος,
1518 4515 1595 4579 ὡς
1616 4516 1675 4569 έν
1692 4514 1772 4587 τῷ

182 4606 281 4669 Εις
318 4604 394 4658 τά
436 4604 689 4673 γενέθλια
722 4604 866 4677 λόγῳ
898 4606 1173 4660 δείκνυται
1199 4605 1404 4675 λέγων,
1456 4625 1476 4660 ι
1503 4605 1647 4671 Νοῦς
1674 4606 1773 4678 μὲν

181 4694 277 4753 οὖν
303 4698 408 4771 ἤδη
443 4697 539 4751 καὶ
566 4697 822 4770 αἴσθησις
846 4697 1023 4763 οὕτως
1043 4700 1137 4753 ἀπ’
1151 4699 1399 4771 ἀλλήλων
1422 4698 1775 4771 διακριθέντα

182 4791 293 4847 τῶν
321 4792 472 4846 ἰδίων
501 4792 644 4864 ὅρων
671 4792 823 4857 ἔντος
850 4792 1197 4863 εἰστήκεισαν
1214 4833 1228 4857 ,
1267 4792 1363 4845 καὶ
1390 4790 1454 4844 τὸ
1481 4791 1576 4846 τοῦ
1601 4795 1778 4864 Δημι-

182 4886 389 4959 ουργοῦ
426 4886 587 4955 λόγου
634 4887 921 4959 μεγαλεῖον
964 4887 1023 4939 ἐν
1060 4886 1272 4950 ἑαυτοῖς
1306 4884 1531 4957 ἔφερον,
1573 4887 1769 4956 σιγῶν-

184 4996 276 5044 τες
310 4978 598 5032 ιπαινέται
632 4979 730 5050 τῆς
762 4978 1170 5051 μεγαλουργίας
1201 4978 1296 5031 καὶ
1321 4976 1634 5049 διαπρύσιοι
1666 4979 1768 5050 κή-

189 5087 384 5142 ρυκες’
402 5071 557 5126 οῦπω
578 5071 635 5126 δὲ
666 5067 733 5145 ἦν
758 5073 951 5143 κρᾶμα
980 5070 1041 5137 ἑξ
1066 5070 1414 5142 ἀμφοτέρων,
1436 5070 1555 5124 ούδέ
1575 5088 1659 5136 τις
1682 5072 1771 5144 μί-

188 5164 271 5229 ξις
303 5156 418 5218 τῶν
452 5165 750 5229 ἐναντίων,
806 5163 998 5234 σοφίας
1049 5161 1297 5234 μείζονος
1340 5162 1629 5234 γνώρισμα
1680 5164 1775 5217 καὶ

186 5256 288 5328 τῆς
324 5257 455 5329 περί
482 5257 582 5321 τὰς
606 5255 797 5327 φύσεις
820 5254 1195 5321 πολυτελείας,
1225 5254 1347 5308 οὐδὲ
1374 5256 1404 5309 ό
1421 5256 1529 5319 πᾶς
1544 5254 1777 5321 πλοῦτος

190 5352 289 5421 τῆς
304 5350 644 5419 ἀγαθότητος
665 5349 963 5422 γνώριμος.
983 5349 1156 5404 Τοῦτο
1173 5350 1237 5420 δὴ
1259 5349 1542 5421 βουληθεὶς
1560 5353 1588 5405 ό
1602 5352 1778 5421 τεχνί-

188 5459 290 5515 της
325 5442 701 5508 ἐπιδείξασθαι
735 5442 915 5512 λόγος,
953 5441 1048 5496 καὶ
1085 5439 1225 5507 ζῶον
1255 5442 1313 5495 ἓν
1343 5440 1401 5507 ἐξ
1426 5442 1775 5515 ἀμφοτέρων,

1867 4521 2210 4575 voluntatem
2256 4520 2467 4575 faciens
2510 4521 2895 4587 manifestam;
2929 4522 3073 4577 sicut
3118 4522 3174 4576 in
3218 4537 3308 4585 eo,
3354 4521 3453 4592 qui

1868 4620 1957 4664 est
1996 4608 2053 4664 in
2080 4608 2353 4677 γενέθλια,
2386 4609 2439 4663 id
2481 4618 2565 4663 est
2593 4609 2932 4673 nativitates,
2980 4626 3233 4666 sermone
3268 4612 3449 4665 mani-

1871 4702 2056 4767 festat,
2092 4702 2287 4756 dicens
2316 4719 2330 4756 :
2372 4720 2392 4752 ι
2421 4702 2653 4755 Animus
2689 4702 2858 4772 igitur
2887 4703 2999 4772 jam
3021 4713 3079 4758 et
3105 4718 3324 4765 sensus,
3370 4704 3451 4757 sic

1874 4810 1905 4849 a
1935 4810 1994 4850 se
2024 4793 2264 4849 invicem
2301 4792 2529 4848 discreti
2556 4793 2799 4863 propriis
2826 4792 3266 4857 deﬁnitionibus,
3301 4794 3451 4847 intus

1876 4896 2175 4950 steterunt,
2215 4896 2275 4941 et
2301 4886 2572 4941 creatoris
2601 4886 2765 4941 Verbi
2820 4885 3258 4956 magnitudinem
3299 4886 3353 4939 in
3389 4899 3451 4940 se

1878 4978 2016 5050 ipsis
2058 4978 2333 5044 ferebant,
2375 4978 2607 5033 silentes
2645 4976 2943 5032 laudabant
2988 4976 3452 5047 magniﬁcentiam

1876 5072 2186 5143 magnivoci
2237 5070 2654 5142 praedicatores,
2686 5069 2934 5123 nondum
2982 5084 3118 5123 vero
3166 5079 3454 5125 eratcon-

1868 5168 2047 5223 cretio
2079 5181 2147 5220 ex
2181 5165 2455 5235 utrisque,
2505 5177 2687 5233 neque
2733 5161 2986 5232 quaedam
3028 5165 3267 5218 mixtura
3317 5180 3454 5219 cun-

1871 5260 2175 5315 trariorum
2199 5258 2488 5327 sapientiae
2511 5256 2739 5326 majoris
2760 5264 2815 5309 et
2840 5255 2987 5311 circa
3012 5263 3243 5311 naturas
3267 5260 3455 5314 multae

1871 5348 2234 5422 perfectionis
2266 5347 2497 5409 indicia,
2526 5360 2707 5416 neque
2732 5360 2930 5401 omnes
2950 5345 3201 5401 thesauri
3232 5346 3452 5399 bonita-

1876 5443 1946 5498 tis
1996 5438 2231 5509 cogniti;
2291 5438 2394 5492 hoc
2456 5445 2641 5491 autem
2711 5437 2905 5492 volens
2956 5436 3151 5491 artifex
3209 5435 3453 5491 Verbum

1472 5577 1705 5634 VARle
1747 5577 2149 5636 LECTIONES.

261 5695 311 5730 ’ν
342 5694 499 5765 μόνος
528 5693 618 5749 ed.
648 5695 768 5752 Gal.
844 5696 888 5728 ³⁸
912 5696 1090 5759 αίτίας
1123 5695 1470 5751 desideratur
1501 5696 1553 5750 in
1582 5696 1670 5753 ed.
1692 5696 1789 5751 Gal
1897 5697 1936 5728 ³⁸
1974 5692 2101 5761 περὶ
2128 5691 2215 5746 ed.
2245 5691 2361 5747 Gal.
