4014 6284
212 285 356 352 1C97

1458 274 1979 341 AMBIGUORUM
2020 277 2271 337 LIBER.

3353 278 3490 346 1098

205 399 284 451 ἐν
315 393 653 463 πανουργίᾳ
671 433 687 458 ,
738 391 888 459 πρὸς
917 388 1033 458 τὴν
1054 386 1377 459 μεθοδείαν
1406 384 1519 454 τῆς
1545 382 1806 450 πλάνης,

1925 392 2149 436 ruentum
2182 384 2417 453 corporis
2469 385 2597 455 facit
2646 388 2701 439 in
2735 385 3141 455 wdiﬁcationem
3190 391 3380 444 suimet
3432 393 3489 446 in

206 487 620 553 ἀληθεύοντες
654 484 722 538 δὲ
766 484 837 538 ἐν
864 483 1067 553 ἀγάπῃ
1099 478 1464 548 αὐξήσωμεν
1509 479 1598 544 είς
1622 476 1809 530 αὑτὸν

1915 475 2192 530 dilectione
2237 484 2283 529 ν.

204 579 282 633 τὰ
333 577 532 631 πάντα
553 618 569 642 ,
625 576 692 643 ὅς
718 576 891 631 ἐστιν
920 578 957 644 ἡ
986 573 1221 645 κεφαλὴ
1252 577 1285 628 ό
1310 571 1585 641 Χριστὸς,
1622 571 1689 634 ἐξ
1720 564 1791 624 οὗ
1830 566 1953 623 πᾶν
1981 570 2043 623 τὸ
2070 569 2240 640 σῶμα
2265 571 2914 641 συναρμολογούμενον
2942 574 3039 627 καί
3068 570 3496 644 συμσιόαζόμὲ-

204 687 327 724 νον
362 668 460 723 διὰ
488 667 691 736 πάσης
718 667 876 738 ἁφῆς
912 668 1103 739 (131
1128 667 1187 738 ὁ)
1216 665 1327 735 τῆς
1349 663 1735 734 ἐπιχορηγίας
1772 662 1898 714 κατ’
1916 660 2221 731 ἐνέργειαν
2244 661 2384 727 ἑνὸς
2409 660 2670 715 ἑκάστου
2689 660 2917 730 μέλους
2949 663 3063 732 τὴν
3085 664 3351 733 αὔξησιν
3384 664 3497 720 τοῦ

204 760 491 829 σώματος
519 759 766 815 ποιεῖται
794 762 881 821 είς
907 758 1228 829 οἰκοδομὴν
1246 755 1467 811 ἑαυτοῦ
1490 755 1560 809 ἐν
1582 753 1806 823 ἀγάπῃ.

285 855 405 907 Οὐκ
435 848 591 923 οἶμαι
625 850 813 906 λοιπὸν
843 852 1009 924 ἄλλης
1035 850 1343 905 ἐπιδεῖσθαι
1374 848 1683 920 μαρτυρίας
1715 847 1808 901 τὸν

208 945 467 1000 εὐσεϐεῖν
485 944 529 976 ³⁸
560 944 842 1012 ἐγνωκότα
873 943 1011 1015 πρὸς
1042 942 1356 1013 φανέρωσιν
1383 942 1483 1011 τῆς
1509 940 1652 993 κατά
1676 940 1807 1009 Χριο

213 1037 477 1100 στιανοὺς
525 1034 742 1105 ἀληθῶς
790 1033 1241 1105 πεπιστευμένης
1279 1032 1567 1103 ἀληθείας,
1622 1030 1811 1102 σαφῶς

215 1127 487 1198 μαθόντες
508 1125 576 1179 δι’
588 1125 761 1195 αὐτῆς
782 1125 911 1179 Ὀτι
935 1123 1033 1179 καὶ
1049 1124 1208 1202 μέλη
1228 1124 1327 1179 καί
1351 1121 1524 1193 σῶμα
1546 1123 1644 1177 καὶ
1666 1123 1815 1184 πλή-

207 1221 385 1290 ρωμά
410 1221 599 1289 ἐσμεν
638 1217 746 1273 τοῦ
775 1219 847 1272 τὰ
875 1216 1074 1272 πάντα
1101 1217 1171 1271 ἐν
1194 1216 1346 1272 πᾶσι
1384 1214 1808 1285 πληρουμένου

215 1310 485 1377 Χριστοῦ
532 1309 638 1363 τοῦ
687 1308 835 1363 Θεοῦ
865 1350 878 1373 ,
934 1307 1084 1362 κατὰ
1132 1308 1240 1360 τὸν
1279 1306 1393 1374 πρὸ
1433 1305 1553 1359 τῶν
1583 1305 1814 1359 αἰώνων

214 1406 290 1456 ἐν
336 1401 417 1468 τῷ
460 1400 583 1466 Θεῷ
630 1401 727 1455 καὶ
767 1401 951 1467 Πατρὶ
1000 1397 1537 1467 ἀποκεκρυμμένον
1573 1394 1816 1451 σκοπὸν

216 1495 846 1565 ἁνακεφαλαιούμενοι
875 1494 961 1558 είς
988 1492 1177 1546 αὐτὸν
1204 1491 1302 1545 διὰ
1332 1488 1439 1544 τοῦ
1473 1489 1606 1543 Υίοῦ
1626 1486 1815 1543 αὐτοῦ

1980 844 2101 900 Non
2149 845 2371 900 aestimo
2417 844 2485 899 de
2521 853 2725 900 caetero
2761 845 3000 916 alicujus
3046 846 3297 916 indigere
3332 848 3494 904 testi-

1909 937 2080 994 monii
2109 938 2198 1008 pie
2226 938 2415 992 vivere
2438 948 2864 1007 cognoscentem
2891 939 2961 993 ad
2990 939 3498 995 manifestationem

1910 1031 2216 1086 secundum
2234 1029 2587 1085 Christianos
2606 1046 2738 1085 vere
2763 1030 2992 1086 creditae
3008 1031 3287 1097 veritatis,
3306 1041 3499 1103 aperte

1910 1124 2191 1181 discentes
2222 1139 2322 1194 per
2375 1122 2510 1178 illud
2547 1141 2559 1176 :
2597 1122 2731 1188 Quia
2777 1134 2825 1177 et
2862 1125 3093 1179 membra
3139 1134 3187 1179 et
3223 1143 3411 1197 corpus
3449 1135 3501 1181 et

1910 1217 2184 1288 plenitudo
2204 1232 2383 1271 sumus
2421 1216 2599 1270 omnia
2619 1217 2674 1269 in
2700 1216 2939 1269 omnibus
2964 1217 3230 1287 implentia
3254 1228 3277 1256 ι
3304 1218 3501 1275 Christi

1911 1310 2005 1363 Dei
2031 1308 2318 1363 secundum
2360 1317 2482 1361 ante
2512 1307 2711 1361 swcula
2736 1309 2789 1361 in
2828 1306 2933 1361 Deo
2964 1318 3014 1362 et
3053 1308 3216 1363 Patre
3239 1312 3503 1366 occultam

1911 1401 2235 1455 voluntatem
2283 1400 2617 1471 recapitulati
2658 1402 2711 1452 in
2757 1401 2929 1471 ipsum
2971 1417 3066 1471 per
3118 1400 3311 1455 Filium
3348 1420 3504 1457 suum

1914 1504 1962 1548 et
1995 1494 2284 1547 Dominum
2326 1492 2505 1547 Iesum
2547 1492 2815 1548 Christum
2847 1495 3134 1550 Dominum
3167 1507 3407 1554 nostrum
3450 1509 3499 1553 3'.

218 1584 323 1639 καὶ
350 1585 569 1653 Κυρίου
594 1583 798 1653 Ἰησοῦ
822 1584 1079 1653 Χριστοῦ
1107 1584 1212 1639 τοῦ
1239 1583 1388 1638 Θεοῦ
1410 1581 1598 1651 ἡμῶν.
1622 1582 1694 1635 Τὸ
1710 1582 1819 1652 γὰρ

1925 1586 2239 1658 Mysterium
2306 1586 2455 1641 enim
2515 1587 2800 1640 occultum
2851 1596 2976 1643 erat
3024 1604 3056 1642 a
3107 1590 3325 1645 saeculis
3355 1599 3413 1647 et
3472 1607 3505 1646 a

224 1678 530 1749 μυστήριον
576 1676 635 1731 τὸ
666 1676 1161 1748 ἀποκεκρυμμένον
1194 1675 1291 1745 μὲν
1325 1674 1433 1728 ἀπὸ
1464 1674 1573 1727 τῶν
1599 1672 1813 1727 αἰώνων

1925 1654 2395 1749 generationibus,
2420 1692 2569 1732 nunc
2590 1687 2776 1733 autem
2803 1678 3221 1734 manifestatum
3253 1696 3353 1752 per
3376 1681 3503 1737 Filii

220 1771 323 1823 καὶ
354 1771 463 1824 ἀπὸ
490 1769 597 1823 τῶν
623 1769 827 1837 γενεῶν
845 1808 860 1832 ,
911 1767 1008 1823 νῦν
1034 1768 1094 1822 δὲ
1127 1768 1441 1839 φανερωθὲν
1470 1767 1558 1820 διὰ
1585 1767 1689 1836 τῆς
1715 1764 1812 1819 τοῦ

220 1861 426 1915 Tim?”
474 1861 569 1914 καὶ
616 1859 749 1913 Θεοῦ
792 1858 1055 1931 ἀληθινῆς
1100 1858 1194 1912 καὶ
1217 1859 1431 1921 τελείας
1456 1857 1811 1929 ὲνανθρωπή-

225 1970 404 2016 σεως,
438 1951 530 2005 τοῦ
562 1950 863 2015 ὲνώσαντος
896 1948 1074 2020 ἐαυτῷ
1106 1948 1230 2003 καθ’
1254 1948 1551 2003 ὑπόστασιν
1573 1946 1814 2019 ἀδιαιρέ-

223 2063 337 2107 tu);
363 2062 423 2097 τε
453 2044 547 2097 καὶ
571 2042 893 2113 ἀσυγχύτως
922 2042 1020 2114 τὴν
1043 2042 1320 2114 ἡμετέραν
1347 2041 1528 2113 φύσιν,
1555 2043 1649 2096 καὶ
1668 2043 1816 2113 ἡμᾶς

222 2137 317 2190 διὰ
336 2137 437 2208 τῆς
468 2137 528 2201 ἐξ
550 2135 706 2208 ἡμῶν
734 2136 829 2189 καὶ
849 2135 1129 2207 ἡμετέρας
1152 2136 1356 2208 νοερῶς
1377 2153 1438 2190 τε
1463 2137 1561 2190 καὶ⁵
1580 2135 1813 2204 λογικῶς

228 2228 593 2300 ἑψυγωμένης
620 2229 785 2297 ἁγίας
810 2226 977 2283 αὐτοῦ
1004 2229 1226 2300 σαρκὸς,
1253 2228 1446 2300 ὥσπερ
1469 2229 1537 2282 δι’
1560 2230 1673 2282 ἀπα
1683 2228 1816 2299 ρχῆς

230 2320 415 2389 ἑαυτῷ
450 2339 513 2373 συ
522 2320 904 2391 μπηξαμένου,
925 2319 1021 2373 καὶ
1044 2319 1103 2372 ἓν
1134 2321 1229 2374 καὶ
1252 2320 1447 2375 ταύτὸν
1474 2320 1653 2391 ἑαυτῷ
1675 2316 1815 2374 εἶναι

230 2413 376 2466 κατά
407 2411 504 2483 τὴν
534 2413 697 2465 αὑτοῦ
726 2412 1123 2483 ἀνθρωπότητα
1146 2411 1609 2477 καταξιώσαντος,
1635 2411 1817 2476 καθὼς

233 2504 661 2576 προωρίσθημεν
691 2504 798 2574 πρὸ
824 2504 931 2557 τῶν
957 2503 1171 2560 αἰώνων
1198 2505 1254 2556 ὲν
1280 2502 1431 2575 αὑτῷ
1454 2498 1594 2557 εἶναι
1624 2502 1698 2568 ὼς
1724 2503 1818 2574 μέ-

231 2598 296 2668 λη
343 2596 442 2650 τοῦ
491 2596 745 2667 σώματος
788 2597 957 2650 αὐτοῦ
983 2638 998 2664 ,
1050 2596 1458 2667 ψυχῆςτρόπον
1493 2596 1631 2668 πρὸς
1659 2596 1818 2666 σῶμα

232 2692 290 2744 ἐν
321 2689 598 2762 πνεύματι
633 2689 1170 2761 συναρμολογοῦντος
1201 2689 1379 2761 ἑαυτῷ
1422 2689 1515 2744 καὶ
1545 2687 1818 2759 συμϐιϐά-

232 2783 443 2848 ζοντος,
479 2785 577 2838 καὶ
608 2786 688 2848 εἰς
714 2784 911 2855 μέτρον
941 2784 1164 2853 ἄγοντος
1196 2783 1415 2855 ἡλικίας
1444 2781 1820 2853 πνευματικῆς

232 2876 327 2929 τοῦ
351 2875 477 2930 κατ’
496 2877 661 2930 αὑτὸν
683 2874 1071 2947 πληρώματος,
1097 2876 1263 2944 ἔδειξε
1295 2876 1390 2930 καὶ¹
1410 2876 1561 2948 ἡμᾶς
1589 2875 1683 2928 ἐπὶ
1701 2874 1823 2928 τού-

1919 1760 2016 1825 Dei
2051 1785 2241 1825 veram
2277 1776 2334 1825 et
2364 1768 2671 1840 perfectam
2696 1770 3234 1839 inhumanationem,
3269 1775 3366 1844 qui
3396 1775 3504 1830 sibi

1920 1861 2188 1916 adunavit
2218 1861 2527 1917 secundum
2563 1861 2930 1917 substantiam
2972 1863 3419 1934 inseparabiliter
3449 1873 3507 1920 et

1922 1952 2210 2008 inconfuse
2251 1962 2500 2008 nostram
2546 1960 2825 2019 naturam,
2856 1963 2913 2009 et
2951 1969 3053 2009 nos
3089 1969 3188 2024 per
3232 1969 3355 2009 eam
3385 1971 3510 2025 qua:

1919 2064 1985 2102 ex
2029 2047 2193 2102 nobis
2239 2054 2297 2102 et
2337 2054 2527 2100 nostra
2556 2054 2643 2101 est
2691 2045 3151 2103 intellectualiter
3174 2056 3231 2102 et
3261 2048 3508 2104 rationa-

1920 2140 2049 2196 liter
2099 2141 2399 2196 animatam
2440 2149 2686 2195 sanctam
2734 2156 2891 2195 suam
2923 2156 3168 2206 carnem,
3204 2141 3375 2196 veluti
3409 2156 3510 2211 per

1920 2232 2201 2303 primitias
2253 2232 2357 2289 sibi
2404 2232 2710 2303 copulavit,
2740 2240 2797 2288 et
2828 2249 3001 2287 unum
3033 2242 3091 2288 et
3121 2232 3177 2287 id
3216 2233 3394 2303 ipsum
3438 2234 3511 2288 si-

1922 2325 2097 2381 bimct
2135 2339 2257 2380 esse
2301 2340 2402 2395 per
2424 2340 2581 2380 suam
2630 2324 3033 2379 humanitatem
3088 2324 3346 2395 dignatus
3392 2332 3507 2389 est;

1923 2418 2067 2473 sicut
2111 2417 2565 2489 prmdestinatum
2615 2424 2699 2472 est
2728 2424 2858 2472 ante
2892 2416 3097 2472 saecula
3124 2416 3177 2470 in
3226 2416 3347 2486 ipso
3386 2429 3511 2471 esse

1923 2509 2096 2566 veluti
2147 2510 2393 2565 membra
2425 2510 2678 2580 corporis
2709 2508 2818 2573 sui,
2854 2508 2911 2563 in
2950 2508 3174 2563 modum
3216 2506 3414 2562 animae
3441 2506 3511 2561 ad

1924 2618 2153 2672 corpus,
2200 2602 2256 2655 in
2290 2600 2491 2671 spiritu
2544 2601 2956 2672 compaginavit
3000 2600 3131 2665 sibi,
3162 2608 3219 2655 et
3249 2598 3510 2661 contulit,

1926 2694 2061 2748 etin
2092 2708 2351 2748 mensura
2380 2693 2600 2747 induxit
2623 2693 2803 2749 aetatis
2845 2693 3171 2762 spiritualis,
3205 2691 3510 2748 secundum

1928 2787 2111 2858 ipsum
2159 2786 2523 2857 plenitudinis
2570 2805 2583 2841 :
2628 2786 2872 2841 ostendit
2919 2786 3091 2841 etiam
3144 2801 3245 2843 nos
3299 2786 3357 2841 in
3409 2785 3515 2841 hoc

1929 2876 2105 2933 iactos
2162 2876 2335 2932 fuisse
2378 2886 2436 2932 et
2479 2884 2609 2932 ante
2667 2878 2869 2932 saecula
2919 2882 3051 2949 erga
3104 2892 3208 2931 nos
3249 2876 3512 2947 optimam

233 2984 311 3039 τῳ
338 2968 693 3038 γεγενῆσθαι,
732 2970 826 3022 καὶ
883 2969 975 3022 τὸν
1006 2969 1113 3040 πρὸ
1140 2970 1248 3022 τῶν
1271 2969 1484 3023 αίώνων
1518 2968 1645 3040 περὶ
1673 2968 1822 3039 ἡμᾶς

237 3058 654 3084 --..-.ι-...Δ--.κ
687 3060 777 3084 --π
806 3060 938 3084 ﬂ--1'.
981 3062 1174 3084 _____\..
1272 3061 1340 3084 ul.
1380 3058 1669 3084 Β-Ε.ἱμ--.--.
1703 3060 1822 3084 ---οι

1929 2969 2027 3024 Dei
2063 2969 2428 3034 voluntatem,
2464 2983 2575 3022 non
2606 2967 2988 3037 accipiendam
3015 2984 3117 3038 per
3137 2968 3381 3039 aliquam
3412 2983 3513 3023 no.

1930 3061 2152 3084 -.ξιιμ--..η
2234 3060 2535 3084 ..ΑΑ....Λ.-...,.
2594 3061 2872 3084 ..-Α-...ἔρῃ
2931 3076 3060 3084 ﬂ---
3108 3061 3378 3084 ..-εἷα-λ...
3454 3060 3508 3084 ἔ..

234 3058 654 3129 παναιάγαϐον³⁸
686 3060 779 3115 τοῦ
805 3060 941 3114 Θεοῦ
976 3062 1175 3115 σκοπὸν
1199 3103 1215 3128 ,
1269 3061 1345 3134 μὴ
1376 3058 1669 3133 δεξάμενον
1702 3060 1822 3115 καθ’

1930 3061 2180 3126 vitalem,
2232 3060 2540 3117 secundum
2594 3061 2874 3131 propriam
2931 3076 3065 3116 vero
3108 3061 3404 3125 rationem,
3454 3060 3512 3116 in

232 3151 420 3205 ὁτιοῦν
465 3142 753 3223 καίνισμδν
794 3153 936 3206 τατὰ
973 3153 1065 3206 τὸν
1092 3152 1222 3207 ἴδιον
1249 3152 1407 3222 λόγον
1426 3192 1442 3217 ,
1495 3154 1575 3216 είς
1599 3152 1828 3223 πλήρω-

237 3262 326 3297 σιν
371 3242 429 3298 δὲ
482 3245 705 3299 ἐλθόντα
734 3245 802 3298 δι’
828 3245 990 3299 ἄλλου
1020 3244 1223 3316 δηλαδὴ
1257 3243 1676 3315 ἐπεισαχθέντος
1706 3259 1826 3296 και-

234 3338 465 3410 νοτέρου
514 3337 798 3409 (132α)
844 3339 1066 3409 τρόπου.
1118 3338 1266 3393 Ἔδει
1292 3338 1401 3409 γὰρ
1432 3337 1526 3391 τοῦ
1560 3336 1659 3407 μὲν
1689 3334 1826 3389 Θεοῦ

238 3431 421 3501 ἑαυτῷ
448 3431 671 3500 ὁμοίους
700 3433 847 3502 ἡμᾶς
876 3432 1201 3502 ποιήσαντος
1237 3429 1334 3500 (τῷ
1360 3429 1507 3501 ἔχειν
1535 3429 1635 3499 τῆς
1658 3426 1825 3482 αὑτοῦ

241 3521 585 3592 ἀγαθότητος
621 3522 897 3593 μεθεκτῶς
931 3518 1136 3594 ἀκριϐῆ
1168 3522 1527 3593 γνωρίσματα
1552 3564 1569 3585 ,
1626 3520 1722 3575 καὶ
1769 3521 1827 3574 ὲν

242 3614 400 3686 αὐτῷ
442 3609 583 3668 εἶναι
636 3615 741 3687 πρὸ
786 3617 895 3669 τῶν
934 3616 1146 3669 αἰώνων
1177 3616 1579 3685 σκοπήσαντας,
1613 3615 1707 3669 καὶ
1738 3613 1829 3668 τὸν

239 3705 324 3769 εἰς
368 3705 533 3760 τοῦτο
578 3705 639 3760 τὸ
680 3707 1146 3777 παμμακάριστον
1175 3704 1381 3776 ἄγοντα
1408 3706 1597 3770 τέλος,
1647 3705 1828 3769 δόντος

243 3799 383 3868 ἡμῖν
429 3797 631 3868 τρόπον
678 3796 765 3851 διὰ
808 3798 906 3869 τῆς
954 3798 1063 3850 τῶν
1113 3796 1357 3866 φυσικῶν
1407 3795 1693 3866 δυνάμεων
1737 3795 1827 3849 εὐ-

244 3890 548 3962 χρηστίας,
593 3889 686 3942 τοῦ
727 3890 784 3943 δὲ
814 3890 1105 3961 ἀνθρώπου
1139 3890 1402 3953 ἑκουσίως
1444 3888 1634 3943 τοῦτον
1685 3904 1830 3958 παρ-

242 3979 537 4051 ωσαμένου
570 3979 662 4032 τὸν
709 3980 912 4052 τρόπον
957 3983 1022 4052 τῇ
1057 3981 1402 4052 παραχρήσει
1433 3979 1543 4033 τῶν
1583 3976 1829 4046 φυσικῶν

243 4072 582 4144 δυνάμεων),
610 4074 697 4126 ἵνα
731 4072 807 4144 μὴ
836 4074 1023 4145 πόρρω
1048 4073 1141 4127 τοῦ
1166 4073 1302 4127 Θεοῦ
1324 4074 1549 4144 γένηται
1578 4071 1829 4137 ξενωθεὶς

241 4169 273 4220 ό
319 4167 651 4237 ἄνθρωπος,
734 4167 894 4221 ἄλλον
941 4168 1364 4237 ἀντεισαχθῆναι
1416 4165 1510 4220 τοῦ
1561 4167 1830 4237 προτέρου

247 4257 683 4327 παραδοξότερόν
732 4276 793 4311 τε
850 4259 945 4312 καὶ
995 4258 1496 4332 θεοπρεπέστερον,
1560 4260 1682 4313 ὅσον
1737 4257 1831 4312 τοῦ

248 4350 396 4404 κατὰ
427 4350 590 4419 φύσιν
617 4352 733 4406 ἐστὶ
766 4353 827 4406 τὸ
859 4352 1001 4424 ὑπὲρ
1028 4351 1188 4422 φύσιν
1210 4350 1501 4423 ἀνώτερον.
1539 4352 1649 4405 Καὶ
1673 4350 1831 4406 τοῦτό

246 4446 367 4497 ὲστι
418 4446 518 4515 τῆς
568 4446 705 4517 πρὸς
744 4445 1067 4517 ἀνθρώπους
1110 4444 1205 4498 τοῦ
1238 4442 1373 4498 Θεοῦ
1410 4445 1832 4515 μυστικωτάτης

248 4536 582 4607 ἐπιδημίας,
637 4536 712 4603 ὡς
759 4538 958 4602 πάντες
1003 4537 1365 4609 πιστεύομεν,
1416 4537 1477 4588 τὸ
1508 4535 1830 4606 μυστήριον.

250 4629 320 4681 El
346 4628 480 4698 γὰρ,
511 4628 679 4703 φησὶν
703 4631 731 4683 ό
754 4629 900 4695 θεῖος
930 4628 1273 4695 ’Λπόστολος,
1302 4629 1341 4697 ἡ
1362 4626 1559 4697 ⁸πρώτη
1578 4626 1833 4695 διαθήκη

247 4720 489 4788 ἔμεινεν
520 4720 854 4791 ἄμεμπτος,
888 4724 998 4776 οὐκ
1029 4720 1107 4776 ἂν
1134 4720 1419 4789 δευτέρας
1447 4719 1699 4787 ἐζητεῖτο
1742 4720 1837 4773 τό·

246 4824 385 4875 πος.
416 4810 526 4863 Καὶ
551 4810 659 4882 γὰρ
688 4812 820 4864 πᾶσι
845 4810 1145 4880 κατάδηλόν
1170 4811 1337 4869 ἐστιν,
1365 4809 1441 4873 ὡς
1463 4809 1524 4863 τὺ
1541 4808 1834 4881 ὲνΧριστῷ

247 4900 547 4970 γενόμενον
578 4902 671 4955 ἐπὶ
694 4901 836 4954 τέλει
863 4899 957 4955 τοῦ
987 4901 1181 4964 αίῶνος
1207 4902 1505 4973 μυστήριον
1528 4899 1834 4971 ἀναμφιὸό⁹

147 4992 151 4995 ’
246 4988 355 5053 λως
401 4989 498 5043 τοῦ
545 4992 604 5043 ἐν
634 4993 777 5062 ἀρχῇ
812 4991 906 5045 τοῦ
936 4992 1132 5056 αἰῶνος
1164 4992 1221 5043 ἐν
1250 4990 1327 5062 τῷ
1358 4992 1667 5063 προπάτορι
1695 5006 1836 5062 παρ-

248 5082 467 5147 εθέντος
502 5084 778 5151 ἀπόδειξις
809 5087 906 5138 καὶ
934 5085 1329 5156 ἀποπλήρωσίς
1353 5086 1520 5138 ἐστιν.
1543 5084 1664 5155 Ἆρ’
1687 5080 1779 5139 οὖν
1791 5084 1835 5115 ³⁷

248 5177 541 5246 χρησίμως
570 5177 785 5249 εἴρηται
817 5176 892 5247 τῷ
917 5178 1223 5249 διδασκάλῳ
1248 5181 1280 5249 ἡ
1313 5178 1411 5248 τῆς
1436 5177 1632 5249 μοίρας
1659 5175 1833 5247 φωνὴ,

251 5267 395 5320 κατά
442 5270 573 5333 τοὺς
603 5269 967 5333 ἁποδοθέντας
996 5270 1233 5340 τρόπους
1255 5310 1270 5335 ,
1326 5270 1422 5323 καὶ
1468 5273 1572 5333 πᾶς
1602 5268 1831 5340 εὐγενὴς

252 5360 347 5413 καὶ
391 5360 569 5432 ψυχὴν
627 5364 721 5415 καὶ
763 5364 963 5433 τρόπον
1002 5362 1213 5429 δέξαιτο
1262 5364 1327 5418 ἂν
1358 5360 1499 5416 οὕτω
1528 5360 1831 5432 λεγομένην

1928 3155 2327 3225 plenitudinem
2348 3154 2501 3210 venit
2532 3169 2633 3225 per
2655 3153 2825 3209 alium
2854 3153 3103 3224 proiecto
3133 3153 3512 3209 introductum

1930 3247 2336 3321 mirabiliorem
2389 3247 2638 3302 modum.
2662 3246 2975 3317 Oportebat
3002 3248 3151 3303 enim
3190 3246 3361 3302 Deum
3388 3245 3513 3316 qui-

1929 3339 2057 3394 dem
2090 3338 2335 3410 (sibimct
2381 3338 2594 3393 similes
2631 3354 2734 3393 nos
2762 3337 3077 3402 iacientem,
3112 3338 3380 3393 habentes
3412 3337 3513 3392 bo-

1929 3430 2119 3487 nitatis
2152 3430 2328 3500 ipsius
2386 3429 2789 3500 participaliter
2839 3438 3023 3484 acuta-
3055 3429 3314 3499 insignia,
3360 3436 3416 3484 et
3454 3427 3512 3483 in

1930 3538 1989 3578 se
2024 3538 2147 3577 esse
2188 3532 2315 3577 ante
2345 3522 2547 3577 saecula
2578 3521 2885 3587 videntem,
2926 3530 2978 3576 ct
3018 3522 3071 3575 in
3094 3522 3242 3576 hunc
3284 3518 3512 3575 omnino

1928 3614 2311 3671 beatissimum
2356 3613 2521 3669 ﬁnem
2566 3613 2887 3679 ducentem,
2929 3612 3154 3667 modum
3203 3612 3368 3667 nobis
3413 3627 3512 3682 per

1929 3709 2139 3765 bonum
2185 3724 2347 3763 usum
2405 3707 2758 3762 naturalibus
2811 3704 3078 3776 potentiis
3135 3705 3508 3777 largientem;

1929 3800 2159 3857 homine
2206 3816 2340 3856 vero
2383 3798 2699 3855 voluntarie
2748 3798 2897 3852 hunc
2927 3796 3152 3852 modum
3203 3795 3511 3866 expellente

1930 3910 2029 3965 per
2048 3894 2377 3950 abusionem
2403 3893 2745 3949 naturalibus
2774 3890 3086 3961 potentiis),
3116 3900 3180 3946 ut
3214 3906 3321 3945 non
3348 3891 3509 3960 longe

1930 4004 1961 4043 a
1989 3989 2101 4043 Deo
2130 3988 2289 4043 ﬂeret
2329 3987 2689 4058 peregrinam
2731 3986 2918 4049 homo,
2951 3985 3120 4040 alium
3156 3983 3514 4039 introducere

1932 4079 2109 4149 priori
2155 4080 2554 4135 mirabiliorem
2609 4089 2669 4134 et
2713 4078 3070 4141 diviniorem,
3122 4085 3392 4147 quantum
3444 4090 3534 4129 eo

1932 4168 2081 4239 quod
2130 4180 2215 4224 est
2265 4168 2570 4225 secundum
2617 4176 2875 4223 naturam
2929 4166 3077 4238 quod
3132 4182 3301 4237 super
3354 4174 3517 4220 natu-

1936 4273 2055 4312 ram~
2114 4268 2202 4314 est
2256 4260 2536 4331 superius.
2581 4259 2649 4315 Et
2696 4260 2802 4315 hoc
2853 4269 2938 4315 est
2982 4257 3371 4314 secretissimae
3417 4256 3513 4311 Dei

1864 4385 1906 4440 ο
1936 4351 2006 4406 ad
2035 4351 2317 4407 hominem
2342 4352 2827 4423 peregrinationis,
2862 4361 3131 4422 quantum
3162 4366 3358 4405 omnes
3391 4365 3516 4405 cre-

1934 4440 2139 4508 dimus,
2170 4442 2517 4513 mysterium.
2550 4442 2608 4496 Si
2635 4444 2794 4507 enim,
2821 4443 3000 4513 inquit
3030 4443 3257 4497 divinus
3275 4441 3516 4511 Aposto-

1930 4534 2040 4597 lus,
2067 4535 2300 4605 primum
2339 4544 2707 4588 testamentum
2740 4544 2975 4589 maneret
3010 4535 3514 4598 incontaminatum,

1932 4641 2039 4679 non
2080 4635 2407 4693 quwreretur
2447 4627 2663 4681 secundi
2699 4627 2843 4681 locus
2891 4636 2937 4680 ι.
2982 4627 3204 4681 Etenim
3258 4626 3518 4679 omnibus

1932 4719 2258 4789 praeclarum
2282 4725 2387 4783 est,
2412 4719 2693 4787 quomodo
2744 4720 2799 4772 in
2832 4718 3057 4774 Christo
3091 4717 3296 4772 factum
3323 4716 3378 4770 in
3410 4716 3517 4770 line

1934 4810 2122 4865 saeculi
2176 4810 2521 4881 mysterium,
2555 4811 2674 4867 sine
2713 4809 2884 4866 dubio
2924 4810 2979 4864 in
3024 4808 3299 4878 principio
3327 4808 3514 4862 saeculi

1934 4904 1989 4958 in
2040 4904 2220 4974 primo
2274 4913 2504 4974 parente
2542 4902 3015 4973 praevaricationis
3053 4907 3140 4955 est
3186 4898 3518 4969 approbatio

1933 5004 1991 5050 et
2024 4996 2449 5051 consummatio.
2503 4992 2725 5052 Utiliter
2767 5009 2900 5065 ergo
2946 4993 3157 5047 dictum
3191 4999 3279 5045 est
3332 5005 3364 5044 a
3405 5004 3521 5044 ma-

1935 5088 2128 5158 gistro,
2180 5109 2198 5140 ι
2231 5091 2404 5159 partis
2437 5110 2456 5142 ι
2514 5105 2619 5143 vox
2660 5086 2969 5142 secundum
3012 5083 3259 5140 redditos
3298 5082 3516 5147 modos,

1934 5190 1990 5235 ct
2025 5181 2205 5236 omnis
2237 5182 2512 5253 ingenuus
2549 5188 2605 5235 et
2628 5180 2869 5234 animam
2897 5186 2955 5233 et
2990 5176 3368 5232 membrorum
3396 5190 3517 5229 mo-

1938 5270 2069 5328 dum
2128 5274 2404 5344 acceperit
2447 5273 2527 5327 sic
2566 5272 2771 5327 dictam
2800 5286 3012 5336 vocem,
3042 5270 3249 5325 nullam
3281 5270 3388 5325 sibi
3426 5280 3521 5324 co-

1938 5365 2268 5435 gitationum
2320 5364 2620 5434 nequitiam
2677 5364 2935 5425 atterens,
2991 5362 3173 5417 sciens
3228 5362 3285 5416 id
3338 5361 3559 5433 ipsum,

323 5505 349 5535 '
376 5497 582 5567 Ephcs.
614 5514 653 5562 ι,
684 5497 870 5551 ιι-ιθ.
950 5506 974 5533 ι
1011 5498 1169 5562 ibid.,
1206 5500 1295 5553 23.
1372 5508 1400 5547 γ
1432 5497 1565 5551 ibid.
1597 5497 1650 5552 9.
1731 5508 1753 5535 ι
1785 5499 1822 5550 Η

1925 5515 1955 5553 ·.
1988 5515 2068 5558 In.
2112 5501 2161 5553 7.

1494 5631 1729 5687 VARle
1770 5631 2170 5689 LECTIONES.

332 5752 379 5786 ⁸⁸
404 5751 602 5807 εὐσεϐῆ
635 5750 723 5805 ed.
753 5750 872 5805 Gal.
978 5746 1022 5777 ³⁵
1046 5744 1178 5799 Υἱοῦ
1228 5745 1319 5798 τοῦ
1352 5744 1486 5797 Θεοῦ
1513 5744 1601 5799 ed.
1636 5745 1754 5801 Gal.

620 5846 894 5905 Pnnon.
930 5842 1045 5901 Gn.
1084 5839 1236 5899 XCI.

1859 5747 1903 5779 ³⁸
1932 5745 2246 5815 πανάγαθον
2279 5744 2366 5801 ed.
2403 5745 2520 5801 Gal.
2602 5746 2645 5778 ³⁷
2700 5746 2806 5799 licet
2838 5744 2929 5801 οὖν
2960 5746 3051 5801 ed.
3107 5742 3205 5800 Gal

3083 5832 3159 5895 35
