4014 6284
527 313 662 378 1099

1694 310 1754 368 8.
1791 307 2076 370 ΜΑΧΙΜΙ
2115 305 2626 369 CONFESSORIS

3649 314 3773 379 1100

518 437 642 480 esse
692 421 1001 477 membrum
1053 429 1109 476 et
1152 429 1366 492 partem
1432 421 1488 476 in
1545 420 1767 476 talibus.
1831 419 1889 475 Si
1943 418 2090 474 enim

2195 417 2294 490 τὴν
2321 419 2527 491 φωνὴν,
2555 421 2828 492 μηδεμίαν
2851 423 3032 494 ἑαυτῴ
3058 423 3284 478 κυ6είαν
3304 423 3585 496 λογισμῶν
3606 442 3774 498 παρα-

517 515 702 586 portio
753 514 1006 584 corporis
1049 514 1304 570 subsistit
1338 514 1670 578 membrum,
1702 513 1884 584 portio
1908 521 2090 567 autem

518 607 574 661 id
611 608 789 676 ipsum
822 615 907 662 est
955 615 1011 661 et
1041 623 1186 677 pars,
1222 607 1275 662 id
1321 607 1503 678 ipsum
1546 607 1730 676 itaque
1784 603 2091 660 membrum

516 708 572 753 et
603 715 734 769 pars
769 708 875 754 est.
928 699 984 754 Si
1021 708 1206 754 autem
1252 700 1306 754 id
1354 700 1530 769 ipsum
1565 699 1876 752 membrum
1920 704 2005 752 est
2037 706 2093 751 et

517 806 665 861 pars,
712 792 1089 846 membrorum
1135 807 1269 846 vero
1313 793 1614 846 cumulatio
1662 798 1718 844 et
1763 787 2092 858 compositio

518 898 724 954 corpus
761 883 892 938 facit
928 883 1269 955 organicum,
1312 897 1514 951 corpus
1555 890 1739 936 autem
1768 879 2090 951 organicum

517 977 718 1033 anima:
769 977 985 1032 unitum
1031 975 1394 1032 intellectuali
1450 975 1728 1029 hominem
1782 970 2090 1043 perfectum

516 1069 784 1133 ostendit,
821 1069 988 1141 igitur
1024 1075 1236 1138 partem
1268 1066 1509 1122 hominis
1535 1066 1630 1136 qui
1661 1065 1796 1122 dicit
1827 1081 1948 1122 esse
1973 1065 2092 1120 ani-

517 1175 663 1216 mam
693 1177 792 1216 seu
820 1176 1020 1232 corpus
1041 1175 1138 1216 seu
1161 1161 1470 1215 membrum
1497 1160 1638 1232 ejus,
1663 1175 1694 1214 a
1714 1159 1948 1214 veritate
1978 1174 2090 1213 non

515 1252 817 1307 aberrabit.
861 1252 922 1307 Si
961 1262 1143 1307 autem
1207 1252 1601 1307 intellectualis
1641 1251 1856 1315 animat,
1898 1258 2089 1320 utpote

514 1341 1053 1407 hominis,-subsistit
1084 1356 1286 1409 corpus
1308 1356 1601 1412 organum,
1623 1356 1723 1411 per
1750 1347 1926 1396 totum
1957 1354 2091 1394 vero

513 1447 719 1503 corpus
762 1441 873 1488 tota
907 1433 1158 1504 'implens
1207 1433 1393 1487 anima
1439 1432 1627 1488 vivere
1677 1432 1730 1486 ei
1778 1441 1836 1486 et
1879 1430 2090 1486 moveri

513 1526 626 1589 dat,
676 1534 738 1579 ut
777 1526 972 1596 simpla
1009 1541 1107 1597 per
1147 1533 1399 1580 naturam
1441 1534 1498 1580 et
1542 1524 1927 1594 incorporalis,
1978 1539 2089 1578 non

513 1616 909 1686 eondispertita
963 1625 1058 1671 aut
1088 1615 1348 1671 conclusa
1381 1614 1436 1668 in
1462 1629 1560 1679 eo,
1592 1613 1688 1668 sed
1725 1612 1833 1667 toti
1877 1621 1932 1667 et
1962 1612 2089 1666 uni-

513 1707 713 1776 cuique
753 1707 1129 1761 membrorum
1161 1709 1282 1778 ejus
1316 1707 1397 1762 sic
1428 1707 1720 1762 consuevit
1762 1720 1882 1762 eam
1915 1704 2087 1761 susei-

512 1816 645 1870 perc
671 1800 829 1871 juxta
877 1799 1202 1854 naturaliter
1252 1800 1557 1870 subjectam
1606 1798 1713 1854 sibi
1750 1798 2088 1868 acceptivam
2125 1779 2163 1833 Β

512 1889 853 1960 operationis
882 1891 1079 1945 animae
1102 1891 1395 1956 virtutem,
1421 1900 1535 1946 tota
1564 1906 1806 1961 praesens
1822 1890 2088 1946 dilferen-

513 1995 598 2039 ter
639 1999 760 2038 eam
814 1983 1140 2054 accipientia
1178 1985 1425 2039 membra
1480 1982 1978 2054 proportional'iter
2020 1984 2088 2039 ad

513 2077 957 2135 observationem
991 2093 1164 2132 unum
1209 2075 1325 2132 fieri
1355 2091 1560 2146 corpus
1584 2076 1877 2148 adjungit;
1913 2076 2089 2132 intro-

513 2169 741 2224 duetum
766 2167 850 2224 est
873 2169 928 2224 in
952 2185 1210 2240 magnum
1251 2177 1309 2224 et
1334 2169 1614 2224 inetfabile
1645 2168 2088 2224 Christianorum

514 2263 687 2316 beata:
713 2262 831 2332 spei
864 2262 1209 2334 mysterium,
1246 2269 1302 2316 et
1333 2262 1519 2330 parvis
1551 2269 1608 2316 et
1633 2260 1938 2316 secundum
1963 2276 2088 2324 nos,

515 2367 739 2422 magnas
781 2359 838 2405 et
881 2367 1050 2421 supra
1088 2366 1189 2406 nos
1240 2367 1350 2404 non
1387 2351 1597 2406 alienas
1625 2351 1904 2420 accipiens
1933 2351 2089 2406 simi-

514 2445 799 2511 litudines,
851 2446 946 2515 qui
966 2445 1226 2516 quietam
1273 2453 1330 2500 et
1364 2444 1506 2500 bene
1538 2444 1756 2501 facilem
1789 2444 1858 2501 de
1891 2444 2092 2500 talibus

515 2534 698 2590 adhuc
761 2534 1180 2606 intelligentiam
1233 2536 1462 2592 creavit.
1508 2537 1596 2592 'Ac
1638 2537 1707 2594 de
1768 2539 1896 2604 hoc,
1943 2538 2089 2609 quod

515 2627 864 2683 animae-ante
887 2642 1122 2698 corpora
1153 2628 1480 2695 subsistant,
1506 2630 1940 2687 irrationabilem
1968 2632 2089 2702 epi-

517 2718 740 2775 nionem
785 2720 1126 2792 relinquens,
1172 2723 1464 2778 nobiscum
1501 2723 1693 2778 credat
1736 2725 1972 2781 Domino
2009 2726 2094 2781 di—

515 2811 664 2867 centi
698 2811 765 2867 de
816 2812 904 2868 his
951 2813 1047 2883 qui
1096 2813 1152 2868 in
1186 2816 1649 2872 resurrectionem
1686 2830 1935 2890 surgent,
1979 2836 2092 2874 non

515 2911 679 2975 poSse
711 2905 850 2960 mori
890 2914 1116 2976 propter
1159 2907 1333 2977 ipsius
1360 2907 1624 2964 videlicet
1652 2911 2092 2982 purgatissimam

511 2997 637 3068 jure
679 2998 966 3054 novissimi
1015 2999 1128 3054 dati
1168 2999 1672 3056 manifestationem
1699 3012 1755 3058 et
1791 3004 2092 3076 participa-

516 3089 746 3145 tionem.
785 3091 853 3145 Et
880 3089 1079 3145 iterum
1111 3108 1125 3144 :
1159 3089 1337 3146 Omnis
1360 3094 1448 3163 qui
1482 3095 1604 3147 vivit
1636 3104 1685 3148 et
1718 3097 1880 3149 credit
1909 3099 1964 3150 in
1991 3115 2091 3163 me,

518 3197 623 3235 non
670 3182 925 3234 morietur
961 3182 1017 3234 in
1059 3191 1315 3236 teternum
1344 3195 1390 3236 α.
1423 3183 1580 3250 Quod
1623 3186 1847 3255 quidem
1886 3188 1930 3242 si
1966 3200 2094 3246 ante

519 3272 676 3327 ﬁeret
714 3271 1033 3342 aliquando,
1071 3273 1410 3343 impossibile
1457 3283 1626 3342 esset,
1666 3286 1726 3332 ut
1750 3288 1876 3334 ante
1905 3279 2093 3336 datum

517 3374 622 3430 est,
680 3381 779 3434 per
819 3365 1236 3421 conversionem
1299 3368 1597 3438 quamdam
1654 3372 2096 3443 qualemcunque

518 3456 768 3526 recipere
797 3467 1055 3513 mortem.
1098 3458 1170 3513 Et
1200 3469 1354 3514 extra
1388 3462 1672 3518 naturales
1705 3479 1816 3518 non
1846 3465 2097 3535 egredia-

519 3556 612 3601 tur
667 3546 933 3611 rationes,
987 3563 1086 3618 per
1119 3549 1440 3617 vanitatem,
1486 3568 1600 3608 non
1633 3554 1987 3611 exsistentem
2028 3558 2096 3612 de

517 3639 701 3694 anima
753 3639 1072 3709 Opinionem
1137 3641 1407 3699 divinitus
1461 3644 1762 3702 admirans.
1825 3646 1881 3703 Si
1946 3650 2093 3704 enim

520 3730 765 3785 hominis
813 3742 1020 3801 partes,
1061 3733 1207 3789 sicut
1264 3744 1393 3790 ante
1439 3736 1716 3792 redditum
1761 3748 1867 3806 est,
1894 3755 2096 3812 corpus

516 3832 574 3878 et
620 3823 804 3878 anima
842 3824 1277 3891 constituuntur,
1328 3836 1514 3896 partes
1553 3837 1736 3885 autem
1783 3834 2096 3888 necessario

518 3915 843 3971 relationem
873 3915 940 3970 ad
961 3917 1170 3986 aliquid
1194 3919 1512 3988 accipiunt;
1550 3928 1725 3976 totum
1753 3923 1899 3978 enim
1928 3923 2097 3982 habet

517 4007 746 4062 omnino
797 4007 1289 4077 praedicamentum
1323 4026 1337 4062 ε
1372 4026 1494 4080 quae
1535 4027 1668 4067 vero
1714 4014 1793 4068 sic
1832 4014 2096 4072 dicuntur

517 4095 584 4150 ad
615 4097 848 4166 aliquid,
879 4111 1076 4151 eorum
1119 4106 1251 4152 sunt
1287 4113 1412 4168 qua;
1437 4099 1601 4154 simul
1636 4101 1844 4172 ubique
1869 4113 1924 4158 et
1955 4121 2096 4160 sem-

518 4200 620 4260 per
655 4185 960 4241 secundum
1001 4187 1411 4257 generationem
1451 4197 1600 4255 sunt,
1631 4193 2093 4260 quemadmodum

517 4259 705 4346 partes
743 4277 984 4348 speciem
1025 4287 1195 4334 totam
1231 4279 1383 4335 coitu
1425 4259 1741 4350 perﬁciunt,
1777 4286 1891 4342 sola
1937 4287 2096 4359 intel-

517 4369 746 4440 ligentia
791 4369 861 4423 ad
902 4369 1008 4425 hoc
1056 4369 1492 4442 dignoscendum
1519 4373 1652 4443 quid
1687 4375 1760 4430 sit
1790 4379 2093 4436 secundum

2198 510 2427 579 γεννῶν,
2450 510 2606 575 εἰδὼς
2626 513 2824 567 ταύτὸν
2843 507 2982 568 εἷναι
3007 514 3084 585 τῷ
3102 515 3253 586 μέλει
3274 515 3373 586 τὴν
3389 518 3587 587 μοῖραν
3603 519 3659 568 ἐν
3672 521 3776 580 τοῖς

2196 604 2480 668 τοιούτοις.
2517 605 2707 676 Είγὰρ
2741 606 2907 678 μέρος
2931 607 3025 661 τοῦ
3051 608 3304 679 σώματος
3332 610 3571 678 ὑπάρχει
3602 603 3776 678 τό’μὲ-
3823 605 3834 666 ἓ

2196 695 2322 759 λος,
2376 696 2439 749 τὺ
2463 696 2521 750 δὲ
2557 697 2716 768 μέλος
2749 699 2946 752 ταύτόν
2969 701 3086 754 ἐστι
3118 703 3183 772 τῇ
3212 702 3409 771 μοίρᾳ,
3446 703 3646 754 ταύτὸν
3675 704 3775 772 ἄρα

2195 789 2254 842 τὸ
2285 789 2446 858 μέλος
2470 793 2537 862 τῇ
2569 791 2735 862 μοίρᾳ
2763 791 2936 846 ἔσται.
2971 793 3032 846 Εἰ
3056 792 3113 846 δὲ
3139 793 3336 848 ταύτὸν
3359 792 3438 862 τῷ
3463 792 3617 862 μέλει
3640 794 3776 846 ἐστὶν

2195 882 2229 952 ἡ
2264 885 2465 953 μοῖρα,
2532 881 2712 952 μελῶν
2756 881 2813 935 δὲ
2861 883 3161 956 ἀθροισμδς
3194 887 3290 938 καὶ
3320 885 3576 948 σύνθεσις
3628 887 3779 955 σῶμα

2197 976 2342 1026 ποιεῖ
2375 973 2559 1044 (132
2581 974 2631 1045 ὁ)
2665 975 2988 1046 ὀργανικὸν,
3050 977 3210 1046 σῶμα
3232 976 3289 1030 δὲ
3314 977 3612 1047 ὀργανικὸν
3643 977 3777 1048 ψυχῇ

2196 1061 2397 1116 ἑνωθὲν
2425 1065 2590 1135 νοερᾷ
2613 1064 2901 1136 ἄνθρωπον
2927 1065 3133 1119 τέλειον
3153 1066 3449 1131 δείκνυσιν,
3482 1067 3599 1138 ἄρα
3626 1067 3780 1137 μέρος

2194 1153 2485 1226 ἀνθρώπου
2516 1154 2545 1208 ό
2566 1154 2742 1224 λέγων
2774 1151 2911 1209 εἶναι
2943 1157 3044 1228 τὴν
3069 1157 3247 1227 ψυχὴν
3286 1156 3320 1227 ἢ
3350 1157 3410 1210 τὸ
3437 1157 3605 1227 σῶμα
3631 1158 3664 1224 ἢ
3694 1159 3782 1226 μέο

2192 1243 2284 1308 λος
2311 1247 2476 1300 αὑτοῦ
2519 1247 2619 1317 τῆς
2648 1246 2907 1317 ἀληθείας
2932 1247 3032 1318 οὐχ
3056 1249 3459 1320 ἁμαρτήσεται.
3508 1249 3575 1301 Et
3603 1248 3660 1300 δὲ
3690 1248 3781 1318 τῆς

2191 1339 2383 1410 νοερᾶς
2404 1337 2585 1410 ψυχῆς
2606 1338 2681 1402 ὡς
2701 1337 2991 1410 ἀνθρώπου
3016 1340 3252 1410 ὑπάρχει
3268 1340 3329 1392 τὸ
3347 1339 3510 1409 σῶμα
3531 1339 3778 1410 ὄργανον,

2190 1433 2256 1486 δι’
2278 1431 2399 1486 ὅλου
2424 1431 2481 1485 δὲ
2524 1431 2618 1485 τοῦ
2650 1430 2900 1502 σώματος
2929 1431 3028 1503 ὅλη
3053 1430 3310 1504 χωροῦσα
3354 1433 3388 1503 ἡ
3414 1432 3569 1504 ψυχὴ
3600 1431 3662 1484 τὸ
3689 1431 3781 1500 ζῆν

2191 1525 2341 1596 αὐτῷ
2373 1525 2468 1579 καὶ
2493 1523 2762 1578 κινεῖσθαι
2791 1523 3006 1578 δίδωσιν
3027 1564 3041 1586 ,
3076 1523 3152 1588 ὡς
3178 1523 3325 1594 ἀπλῆ
3351 1524 3453 1594 τὴν
3482 1524 3654 1592 φύσιν
3696 1525 3780 1574 καὶ

2190 1615 2482 1687 ἀσώματος
2504 1657 2518 1676 ,
2568 1613 2643 1685 μὴ
2681 1613 3177 1683 συνδιατεμνομένη
3215 1610 3779 1684 ἢσυναποκ).ειομὲνη

2191 1707 2361 1778 αὐτῷ,
2391 1707 2507 1761 ἀλλ’
2528 1707 2636 1778 ὅλῳ
2666 1706 2758 1760 καὶ
2786 1705 3002 1776 ἑκάστῳ
3032 1704 3141 1757 τῶν
3164 1703 3329 1758 αὑτοῦ
3355 1703 3565 1774 μελῶν,
3597 1703 3674 1766 ὡς
3696 1702 3780 1754 πέ·

2197 1818 2369 1871 φυκεν
2385 1800 2557 1871 αὐτὴν
2574 1798 2932 1869 ὑποδέχεσθαι
2946 1797 3089 1851 κατά
3104 1796 3202 1869 τὴν
3220 1794 3472 1866 φυσικῶς
3491 1795 3781 1864 ὑποκειμέ-

2196 1909 2294 1965 νην
2324 1892 2474 1962 αὐτῷ
2501 1891 2755 1962 δεκτικὴν
2778 1891 2879 1960 τῆς
2901 1888 3184 1961 ἐνεργείας
3207 1887 3379 1958 αὐτῆς
3403 1887 3668 1957 δύναμιν,
3693 1887 3778 1957 ὅλη

2200 1987 2451 2059 παροῦσα
2479 1986 2548 2040 τὰ
2578 1986 2849 2056 διαφόρως
2875 1983 3048 2055 αὐτῆς
3074 1983 3302 2036 δεκτικά
3333 1981 3474 2052 μέλη
3507 1979 3782 2048 ἀναλόγως

2198 2081 2336 2150 πρὸς
2365 2080 2464 2152 τὴν
2496 2079 2590 2134 τοῦ
2625 2079 2682 2132 ἓν
2712 2075 2851 2132 εἶναι
2883 2076 3045 2146 σῶμα
3082 2079 3413 2146 συντήρησιν
3438 2073 3776 2142 ὲπισφίγγει.

2196 2171 2501 2243 ὁδηγείσθω
2517 2173 2610 2225 ἐπὶ
2622 2171 2681 2223 τὸ
2697 2169 2838 2240 μέγα
2852 2169 2944 2222 καὶ
2955 2167 3301 2239 ἀρρητοντῆς
3315 2166 3426 2219 τῶν
3438 2163 3780 2236 Χριστιανῶν

2202 2263 2486 2334 μακαρίας
2533 2261 2754 2324 ἐλπίδος
2811 2259 3139 2331 μυστήριον,
3173 2259 3236 2311 ὲκ
3280 2257 3390 2310 τῶν
3430 2257 3653 2326 μικρῶν
3694 2255 3778 2308 καὶ

2199 2355 2323 2409 καθ’
2346 2356 2497 2425 ἡμᾶς
2541 2355 2652 2407 τῶν
2688 2352 2942 2424 μεγάλων
2972 2352 3068 2406 καὶ
3105 2352 3247 2421 ὑπὲρ
3275 2352 3427 2421 ἡμᾶς
3447 2351 3552 2402 οὐκ
3584 2348 3776 2419 ἀγεννῆ

2197 2444 2380 2499 λαϐὼν
2417 2444 2486 2498 τὰ
2517 2444 2850 2514 εἰκάσματα,
2873 2443 3028 2506 ὅστις
3058 2441 3250 2511 άπαγῆ
3283 2442 3378 2494 καὶ
3412 2440 3774 2510 εὐκράδαντον

2198 2537 2329 2612 περὶ
2352 2537 2558 2592 τούτων
2582 2537 2666 2591 ἔτι
2689 2535 2788 2608 τὴν
2811 2536 3052 2590 διάνοιαν
3077 2536 3362 2605 κέκτηται.
3395 2534 3510 2587 Καὶ
3539 2532 3641 2603 τὴν
3662 2532 3775 2602 περὶ

2197 2630 2294 2686 τοῦ
2321 2631 2701 2702 προυπάρχειν
2739 2628 2847 2684 τῶν
2875 2629 3144 2698 στομάτων
3175 2628 3272 2689 τὰς
3293 2627 3478 2698 ψυχὰς
3505 2626 3608 2679 οὒκ
3633 2624 3774 2678 εὔλο-

2198 2741 2294 2792 γον
2329 2723 2488 2788 δόξαν
2532 2723 2691 2791 ἀφεὶς
2725 2721 2842 2792 μεθ’
2873 2721 3029 2791 ἡμῶν
3060 2719 3341 2773 πιστεύσει
3382 2717 3463 2788 τῷ
3495 2718 3672 2788 κυρίῳ
3698 2715 3775 2768 λέ-

2198 2833 2350 2886 γοντι
2380 2815 2511 2887 περὶ
2546 2813 2657 2868 τῶν
2692 2815 2771 2878 εἰς
2809 2813 2906 2882 τὴν
2945 2813 3242 2868 ἀνάστασιν
3292 2813 3667 2882 ἐγειρομένων
3709 2808 3774 2880 μὴ

2200 2906 2462 2963 δύνασθαι
2492 2905 2888 2975 ἀποθνήσκειν,
2925 2905 3015 2959 διὰ
3042 2905 3141 2976 τὴν
3179 2903 3346 2958 αὑτοῦ
3378 2904 3588 2976 δηλαδὴ
3617 2902 3774 2958 καθα-

2202 2999 2449 3072 ρωτέραν
2486 2999 2715 3069 ἐσχάτου
2746 2997 2791 3030 ³⁸
2823 2997 3054 3068 ὀρεκτυῦ
3099 2997 3412 3070 φανέρωσίν
3445 3014 3509 3050 τε
3540 2999 3634 3052 καὶ
3661 3013 3773 3067 μετ-

2201 3095 2411 3146 ουσίαν.
2435 3090 2546 3145 Καὶ
2565 3091 2746 3148 πάλιν,
2766 3089 2893 3156 Πᾶς
2919 3093 2952 3144 ό
2977 3088 3088 3151 ζῶν
3108 3089 3204 3143 καὶ
3220 3091 3531 3144 πιστεύων
3546 3092 3635 3156 εις
3656 3089 3772 3159 ἐμὲ,

2200 3183 2272 3234 οὐ
2298 3178 2387 3248 μὴ
2417 3177 2695 3247 ἀποθάνῃ
2724 3181 2810 3246 εις
2841 3180 2949 3233 τὸν
2979 3177 3183 3234 αἰῶνα.
3205 3177 3390 3249 Ὅπερ
3412 3179 3464 3231 εί
3488 3175 3775 3248 προεγεγό-

2198 3289 2279 3326 νει
2314 3272 2358 3304 “
2389 3270 2543 3336 ποτὲ,
2577 3270 2842 3325 ἀδύνατον
2877 3267 2970 3344 ἦν,
3011 3271 3088 3334 ὼς
3125 3269 3662 3342 προαποδεδεικται,
3687 3268 3772 3322 τὸν

2199 3365 2341 3419 κατά
2369 3365 2580 3437 τροπήν
2613 3383 2738 3419 τινα
2793 3360 2905 3419 οἷον
2953 3365 3159 3436 δήποτε
3209 3363 3467 3429 δέξασθαι
3525 3365 3767 3419 θάνατον.

2197 3457 2309 3511 Καὶ
2340 3457 2448 3512 τῶν
2470 3456 2715 3527 φυσικῶν
2744 3455 2849 3524 ἔξω
2865 3457 2938 3528 μὴ
2963 3455 3196 3528 βαινέτω
3214 3457 3497 3528 λογισμῶν
3524 3457 3702 3528 (133
3718 3458 3769 3524 ο)

2195 3549 2455 3621 διακενῆς
2482 3549 2582 3621 τὴν
2601 3549 2703 3604 οὐκ
2727 3545 2893 3604 οὖσαν
2925 3567 2992 3604 πε
3003 3552 3055 3621 pl
3090 3549 3269 3620 ψυχῆς
3299 3550 3462 3615 δόξαν
3480 3551 3766 3618 Θεσπίζων.

2197 3646 2262 3699 El
2293 3644 2404 3716 γὰρ
2435 3640 2726 3716 ἀνθρώπου
2774 3642 2939 3715 μέρη,
2986 3641 3168 3706 καθὼς
3206 3643 3675 3714 προαποδέόοται,
3711 3644 3770 3696 τὺ

2199 3737 2362 3809 σῶμα
2392 3736 2488 3792 καὶ
2530 3737 2566 3809 ἡ
2620 3735 2766 3808 ψυχὴ
2793 3736 3142 3806 τυγχάνουσι,
3173 3735 3241 3788 τά
3277 3734 3334 3788 δὲ
3367 3735 3518 3808 μέρη
3563 3737 3659 3806 τὴν
3694 3737 3768 3799 είς
3805 3799 3808 3802 ν

2195 3831 2255 3884 τὸ
2282 3830 2419 3902 πρός
2451 3847 2504 3884 τι
2538 3829 2598 3897 ἐξ
2637 3829 2882 3898 ἀνάγκης
2929 3828 3206 3899 ἀναφοράν
3237 3827 3451 3897 δέχεται
3498 3827 3641 3898 (ὅλον
3663 3827 3766 3899 γὰρ

2195 3922 2308 3995 ἔχει
2331 3923 2551 3986 πάντως
2581 3920 3102 3994 κατηγορούμενον),
3131 3921 3201 3975 τά
3232 3921 3288 3973 δὲ
3327 3919 3474 3975 οὕτω
3501 3921 3763 3993 λεγόμενα

2197 4016 2334 4086 πρός
2368 4033 2420 4069 τι
2444 4015 2554 4071 τῶν
2589 4015 2707 4085 ἅμα
2739 4013 2916 4084 πάντη
2957 4029 3018 4066 τε
3041 4013 3137 4067 καὶ
3176 4014 3394 4075 πάντως
3426 4014 3574 4067 κατά
3600 4013 3693 4084 τὴν
3719 4011 3762 4045 δ’

2195 4107 2410 4177 γένεσίν
2441 4107 2608 4168 ἐστιν,
2633 4105 2708 4170 ὡς
2747 4105 2887 4177 μέρη
2919 4100 3059 4169 εἶδος
3083 4105 3206 4158 ὅλον
3233 4107 3298 4175 τῇ
3331 4106 3542 4177 συνόδῳ
3571 4108 3760 4159 ἀποτε-

2195 4198 2412 4265 λοῦντα,
2447 4197 2662 4269 ἐπινοίᾳ
2692 4197 2827 4268 μόνῃ
2855 4199 2921 4268 τῇ
2955 4195 3093 4267 πρὸς
3119 4197 3417 4266 διάγνωσιν
3438 4197 3538 4250 τοῦ
3569 4197 3621 4251 τί
3649 4195 3759 4250 κατ’

2194 4291 2383 4345 οὐσίαν
2408 4291 2642 4344 ἕκαστον
2683 4288 2934 4360 ἀλλήλων
2966 4289 3341 4360 διαιρούμενα,
3367 4319 3436 4328 -
3458 4289 3638 4360 ψυχὴν
3661 4289 3758 4359 ἄρα

2195 4385 2290 4440 καὶ
2325 4366 2507 4456 σῶμα,
2528 4383 2604 4448 ὡς
2631 4383 2770 4454 μέρη
2791 4381 3104 4454 ἀνθρώπου,
3126 4381 3374 4453 ἀλλήλων
3397 4383 3759 4454 προϋπάρχειν

515 4459 811 4516 essentiam
848 4461 1284 4533 unumquodque
1335 4479 1367 4518 a
1417 4478 1475 4519 se
1513 4463 1750 4522 invicem
1802 4480 2089 4539 separata:

2198 4476 2466 4549 χρονικῶς
2494 4475 2528 4548 ἢ
2573 4473 2944 4546 μεθυπάρχειν
2971 4474 3274 4545 ἀμήχανον,
3302 4475 3424 4526 insi
3453 4474 3483 4527 ό
3510 4473 3604 4527 τοῦ
3633 4472 3756 4544 πρός

517 4549 755 4606 animam
804 4552 973 4623 igitur
1023 4561 1080 4609 et
1112 4569 1316 4625 corpus
1365 4556 1566 4612 merito
1615 4567 1799 4627 partes
1847 4560 2090 4620 hominis

516 4644 663 4700 inter
698 4661 758 4702 se
794 4646 1037 4702 invicem
1070 4656 1199 4704 ante
1237 4649 1539 4706 subsistere
1585 4655 1962 4722 temporaliter
1993 4669 2089 4715 aut

513 4746 638 4806 post
669 4738 971 4793 subsistere
1015 4739 1363 4808 impossibile
1407 4750 1512 4806 est,
1561 4743 1767 4814 alioqui
1817 4748 1960 4802 ratio
1993 4750 2084 4805 illa

511 4842 636 4896 qua;
688 4827 770 4882 sic
802 4828 1009 4896 dicitur
1054 4828 1123 4883 ad
1166 4830 1376 4901 aliquid
1421 4833 1690 4890 solvetur.
1743 4835 1811 4891 Et
1859 4837 2080 4907 iterum,

511 4917 558 4972 si
580 4933 681 4988 per
713 4934 772 4974 se
801 4920 1014 4989 species
1036 4928 1164 4975 ante
1186 4935 1388 4991 corpus
1414 4934 1500 4979 est
1528 4925 1709 4981 anima
1738 4936 1836 4982 aut
1858 4945 2081 5002 corpus,

509 5007 752 5077 speciem
795 5025 928 5065 vero
976 5009 1139 5064 aliam
1193 5010 1393 5066 borum
1442 5022 1738 5085 utrumque
1782 5020 2086 5076 secundum

509 5099 707 5156 anime
751 5101 820 5156 ad
864 5117 1068 5172 corpus
1107 5102 1565 5171 compositionem
1603 5115 1698 5160 aut
1733 5111 1985 5180 corporis
2015 5112 2086 5168 ad

507 5192 752 5248 animam
787 5195 1026 5263 perlicit,
1050 5207 1146 5253 aut
1191 5198 1458 5268 patientia
1483 5199 1712 5254 omnino
1741 5201 1847 5256 hoc
1876 5203 2087 5260 faciunt

507 5290 604 5338 aut
633 5286 963 5343 naturaliter
989 5289 1328 5345 exsistentia.
1355 5291 1423 5345 Et
1455 5291 1502 5345 si
1538 5289 1760 5360 quidem
1797 5294 2085 5363 patientia,

506 5376 799 5446 patiuntur
821 5378 876 5433 id
899 5380 1047 5448 quod
1081 5397 1192 5437 non
1224 5390 1382 5444 erant
1414 5382 1700 5446 exsistere,
1749 5396 1805 5438 et
1831 5401 2085 5441 corrum-

574 5546 598 5571 ⁸
667 5537 828 5596 Joan.
863 5555 940 5604 XI,
976 5539 1066 5596 96.

2194 4585 2246 4623 τι
2279 4567 2422 4622 οὕτω
2467 4567 2757 4636 λεγόμενος
2808 4565 3099 4635 λυθήσεται
3141 4564 3320 4633 λόγος.
3355 4565 3466 4618 Καὶ
3493 4563 3668 4619 πάλιν·
3696 4562 3753 4615 Et

2194 4661 2304 4732 γὰρ
2331 4659 2455 4714 καθ’
2486 4658 2618 4712 αὐτὸ
2647 4653 2786 4720 εἶδος
2824 4657 2931 4729 πρὸ
2965 4657 3058 4710 τοῦ
3091 4656 3344 4728 σώματός
3379 4658 3531 4710 ἐστιν
3560 4659 3592 4728 ἡ
3619 4655 3750 4726 ψυχή

2194 4753 2226 4825 ἢ
2263 4751 2325 4805 τὸ
2365 4749 2545 4820 σῶμα,
2589 4745 2728 4812 εἶδος
2751 4749 2808 4802 δὲ
2831 4748 2961 4803 ἄλλο
2991 4747 3199 4802 τούτων
3221 4749 3484 4818 ἑκάτερον
3503 4749 3641 4802 κατὰ
3661 4747 3749 4816 τὴν

2191 4841 2371 4912 ψυχῆς
2404 4838 2541 4908 πρὸς
2561 4837 2622 4891 τὸ
2650 4837 2811 4908 σῶμα
2839 4836 3110 4900 σύνθεσιν,
3147 4835 3179 4906 ἢ
3210 4837 3462 4914 σώματος
3494 4837 3628 4910 πρὸς
3656 4837 3746 4906 diu.

2197 4933 2320 5004 χὴν,
2345 4929 2623 4994 ἀποτελεῖ,
2657 4928 2690 4999 ἦ
2748 4927 3029 4998 πάσχοντα
3055 4927 3273 4990 πάντως
3319 4927 3478 4980 τοῦτο
3526 4929 3681 4991 ποιεῖ,
3709 4925 3741 4999 ἢ

2192 5021 2495 5093 πεφυκότα.
2520 5019 2629 5073 Καὶ
2650 5019 2698 5071 εἰ
2721 5018 2821 5088 μὲν
2847 5017 3144 5088 πάσχοντα,
3172 5018 3506 5072 πεπόνθασιν
3529 5019 3608 5080 είς
3621 5017 3741 5083 ὅπερ

2187 5119 2288 5172 οὐκ
2320 5111 2389 5185 ἦν
2423 5111 2774 5180 ἐξιστάμενα,
2818 5108 2912 5162 καὶ
2941 5109 3244 5181 φθείρεται,
3277 5111 3327 5162 εἰ
3366 5109 3422 5163 δὲ
3456 5108 3738 5179 πεφυκότα,

2185 5211 2273 5264 ἀεὶ⁵
2306 5206 2464 5261 τοῦτο
2496 5205 2584 5260 διὰ
2615 5205 2674 5258 τὸ
2721 5201 2966 5272 πεφυκὸς
3017 5201 3313 5273 ἐργάσεται
3364 5199 3627 5271 δηλονότι,
3657 5198 3738 5251 καὶ

2184 5299 2443 5356 οὐδέποτε
2469 5296 2740 5350 παύσεται
2782 5297 2814 5367 ἡ
2849 5293 2998 5366 ψυχὴ
3043 5293 3136 5348 τοῦ
3183 5291 3734 5366 μετενσωματοῦσθαι,

2185 5391 2306 5445 οὐδὲ
2333 5389 2430 5444 τοῦ
2469 5385 2948 5460 μετεμψυχοῦσθαι
2977 5384 3039 5439 τὸ
3074 5385 3255 5458 σῶμα.
3287 5385 3430 5440 Ἀλλ’
3463 5384 3560 5440 οὐκ
3585 5381 3728 5439 ἔστιν.

1780 5653 2013 5709 νΑιιιΑε
2069 5655 2477 5712 LECTIONES.

577 5763 628 5800 ⁸⁸
656 5765 730 5830 ὡς
761 5765 990 5838 ἐσχάτου
1018 5766 1107 5820 ed.
1131 5765 1249 5820 Gal.
1330 5770 1371 5802 ³³
1406 5767 1724 5840 προγεγὸνει
1746 5771 1841 5827 ed.
1877 5770 1997 5828 Gal,
2073 5774 2118 5806 ιο
2146 5774 2245 5846 τὴν
2270 5789 2380 5829 om.
2407 5773 2496 5829 ed.
2525 5771 2644 5828 Gal.
