4014 6284
300 302 430 369 1101

1522 315 2036 379 AMBIGUOBUM
2079 324 2326 385 LIBER.

3402 340 3537 405 1102

288 417 370 481 ὡς
409 412 585 488 οἶμαι,
631 418 725 471 τοῦ
780 420 984 485 πάθους
1033 423 1067 492 ἢ
1099 422 1199 493 τῆς
1240 423 1348 478 τῶν
1397 427 1580 497 μερῶν
1633 431 1864 499 φυσικῆς

1969 445 2209 504 puntur;
2231 438 2276 491 si
2300 454 2431 493 vero
2451 443 2777 497 naturaliter
2798 446 3143 515 exsistentia,
3171 467 3391 523 semper
3412 456 3538 521 hoc,

286 507 573 578 δυνάμεως
603 510 744 565 κατὰ
773 510 870 581 τὴν
915 511 1053 582 πρὸς
1099 512 1329 587 θάτερον
1363 516 1595 588 θατέρου
1645 520 1863 574 σύνοδον

286 598 327 667 ἠ
381 597 473 650 τοῦ
523 597 644 651 ὅλου
705 601 827 655 κατ’
863 596 1002 665 εἶδος
1059 603 1432 675 ὲκπλήρωσις,
1462 607 1600 661 ἀλλὰ
1628 609 1728 680 τῆς
1776 612 1862 664 ἐπ’

286 689 477 752 αὐτοῖς
510 692 625 760 ἄμα
655 692 775 745 κατ’
801 686 939 757 εἶδος
976 694 1094 747 ὅλον
1122 697 1415 765 γενέσεως.
1452 700 1565 752 Οὐκ
1591 701 1740 754 ἐστιν
1771 702 1864 756 οὖν

283 780 517 836 δύνατον
543 782 672 836 ἄνευ
698 783 905 854 φθορᾶς
940 784 1000 850 ἐξ
1037 786 1210 851 εἴδους
1233 790 1311 852 είς
1338 785 1476 854 εἶδος
1508 792 1864 861 μεταϐάλλειν

284 874 352 927 τὸ
374 876 583 929 οίονοῦν
618 873 775 941 εἶδος.
805 880 865 932 Ei
897 880 955 932 δὲ
979 882 1061 935 ὅτι
1091 884 1228 951 μετὰ
1259 884 1352 938 τὸν
1384 885 1612 941 θάνατον
1642 889 1736 942 καὶ
1766 889 1865 960 τὴν

284 968 447 1021 λύσιν
476 970 570 1022 τοῦ
624 971 876 1042 σώματος
907 973 1055 1028 ἔστιν
1089 978 1123 1046 ἡ
1154 976 1301 1048 ψυχὴ
1330 980 1426 1031 καὶ
1450 979 1725 1052 ὑφέστηκε
1761 983 1867 1054 φής

285 1077 449 1115 σουσι
500 1062 597 1116 καὶ
634 1064 815 1136 (133
853 1066 904 1136 b)
955 1068 1061 1137 πρὸ
1092 1068 1187 1121 τοῦ
1230 1070 1480 1139 σώματος
1524 1068 1660 1125 εἶναι
1695 1073 1865 1146 αὐτὴν

281 1152 555 1208 δύνασθαι
587 1158 682 1209 καὶ
708 1158 1034 1225 ὑφεστάναι,
1066 1160 1167 1213 οὑκ
1188 1162 1605 1233 ὲστοχασμένως
1631 1164 1700 1229 ⁸⁸,
1723 1165 1868 1235 ἐμοι-

282 1262 355 1312 γε
384 1246 552 1306 δοκεῖ.
590 1250 619 1301 ό
653 1248 810 1316 λόγος
858 1250 1044 1315 αὑτοῖς
1100 1252 1449 1325 προέρχεται.
1486 1255 1598 1327 Ούχ
1647 1258 1677 1309 ό
1704 1258 1868 1322 αὐτὸς

280 1335 399 1406 γὰρ
419 1339 688 1403 γενέσεως
719 1340 811 1393 καὶ
834 1340 1022 1405 οὐσίας
1048 1340 1225 1410 λόγος.
1258 1345 1317 1398 Ὀ
1346 1345 1447 1415 μὲν
1472 1346 1581 1417 γὰρ
1609 1347 1704 1401 τοῦ
1734 1367 1867 1403 ποτε

279 1424 383 1479 καί
424 1444 527 1481 που
563 1422 704 1481 εἶναι
745 1431 837 1483 καὶ
873 1432 1011 1500 πρός
1037 1449 1089 1486 τι
1122 1435 1291 1499 ἐστὶν,
1322 1437 1350 1488 ὀ
1374 1437 1432 1490 δὲ
1465 1436 1560 1490 τοῦ
1600 1434 1741 1493 εἶναι
1772 1443 1866 1495 καί

279 1534 338 1571 τι
375 1519 473 1572 καί
511 1537 628 1583 πως
675 1515 814 1575 εἷναί
849 1523 966 1576 ἐστι
995 1524 1317 1594 δηλωτικός.
1351 1528 1414 1581 Ei
1441 1528 1500 1582 δὲ
1534 1529 1716 1596 τοῦτο,
1749 1534 1867 1587 ἐστὶ

281 1609 394 1679 μὲν
429 1611 517 1663 ἀεὶ
542 1612 681 1682 μετὰ
714 1613 774 1666 τὸ
809 1615 1063 1683 γενέσθαι
1114 1617 1204 1671 διὰ
1244 1620 1345 1688 τὴν
1395 1621 1584 1678 οὐσίαν
1623 1625 1658 1693 ἡ
1696 1624 1864 1695 ψυχὴ,

276 1702 389 1755 οὑκ
422 1702 621 1771 ἄφετος
650 1705 711 1758 δὲ
741 1706 830 1761 διὰ
869 1707 968 1778 τὴν
995 1709 1234 1777 γένεσιν,
1269 1711 1407 1766 ἀλλὰ
1447 1714 1586 1783 μετὰ
1610 1718 1710 1787 τῆς
1739 1717 1863 1788 σχέ-

1965 540 2033 578 eo
2069 526 2215 595 quod
2276 531 2528 586 naturale
2583 541 2685 598 est,
2734 537 2984 603 profeCto
3030 544 3429 612 operabuntur,
3485 558 3543 604 et

1966 630 2249 686 nunquam
2290 621 2541 689 quiescet
2612 624 2793 678 anima
2850 628 3296 701 coincorporari,
3363 652 3540 707 neque

1966 707 2325 764 coinanimari
2352 726 2575 783 corpus.
2614 715 2720 770 Sed
2756 733 2865 771 non
2896 729 3000 785 est,
3046 732 3105 777 ut
3131 726 3389 794 arbitror,
3415 745 3542 798 pas-

1967 800 2139 856 sionis
2175 812 2271 857 aut
2318 806 2557 874 partium
2594 811 2863 865 naturalis
2894 815 3173 880 potentiae,
3235 819 3540 875 secundum

1966 890 2196 947 alterius
2240 892 2444 948 coitum
2474 897 2542 949 ad
2590 899 2845 965 alteram,
2880 903 3051 958 totius
3092 907 3397 961 secundum
3420 924 3543 978 spe-

1966 981 2109 1036 ciem
2146 984 2456 1053 plenitudo,
2493 988 2587 1042 sed
2618 990 2672 1043 in
2704 991 2839 1060 ipsis
2864 995 3027 1048 simul
3072 998 3376 1051 secundum
3422 1016 3545 1069 spe—

1969 1073 2107 1128 ciem
2133 1084 2299 1131 totam
2323 1081 2697 1147 generationis
2725 1091 2829 1136 est.
2863 1084 3056 1140 Nonne
3088 1086 3256 1157 igitur
3279 1090 3542 1158 possibile

1969 1165 2089 1220 sine
2111 1169 2465 1239 corruptione
2491 1187 2558 1225 ex
2592 1174 2775 1243 specie
2808 1175 2863 1229 in
2886 1179 3129 1247 speciem
3160 1183 3539 1237 transmittere

1967 1258 2409 1331 qualemcunque
2438 1265 2719 1333 speciem?
2754 1266 2809 1321 Si
2837 1278 3046 1333 autem,
3083 1272 3212 1340 quia
3238 1282 3363 1342 post
3392 1289 3541 1329 mor-

1970 1356 2079 1404 tem
2106 1358 2166 1405 et
2192 1352 2525 1409 solutionem
2562 1358 2810 1427 corporis
2842 1368 2927 1414 est
2972 1362 3153 1417 anima
3182 1373 3237 1418 et
3267 1364 3541 1430 subsistit,

1967 1441 2165 1498 dicunt
2188 1445 2353 1499 etiam
2378 1457 2506 1502 ante
2529 1464 2734 1517 corpus
2762 1466 2888 1506 esse
2924 1468 3045 1507 eam
3076 1471 3234 1524 posse
3277 1466 3333 1511 et
3363 1458 3547 1514 subsi-

1968 1541 2134 1597 stere,
2160 1533 2587 1603 inconsiderate,
2626 1546 2688 1593 ut
2724 1540 2860 1595 mihi
2902 1543 3145 1609 videtur,
3179 1547 3321 1601 ratio
3346 1563 3542 1603 eorum

1967 1622 2237 1690 procedit.
2271 1624 2391 1680 Non
2420 1627 2569 1681 enim
2618 1631 2813 1685 eadem
2856 1644 2939 1688 est
2967 1636 3343 1703 generationis
3377 1648 3431 1694 et
3457 1654 3547 1695 es-

1970 1713 2162 1770 sentia:
2203 1715 2365 1771 ratio.
2403 1718 2479 1772 Ea
2514 1720 2660 1773 enim
2691 1723 2935 1790 quando.
2981 1734 3037 1779 et
3069 1726 3161 1781 ubi
3196 1743 3341 1793 esse,
3393 1737 3446 1785 et
3474 1731 3543 1785 ad

278 1812 428 1860 σεως
454 1795 551 1849 τοῦ
578 1814 707 1851 ποτε
741 1798 833 1852 καί
862 1818 965 1853 που
994 1802 1089 1853 καὶ
1118 1802 1253 1873 πρός
1287 1822 1360 1859 τι.
1395 1781 1506 1876 Οὑχ
1537 1781 1725 1871 ἁπλίὺς

1970 1804 2104 1874 quid
2148 1814 2272 1869 est;
2304 1822 2370 1862 ea
2416 1825 2548 1864 vero
2592 1827 2712 1867 esse
2755 1823 2811 1868 et
2849 1815 2982 1883 quid
3015 1824 3071 1871 et
3114 1819 3391 1886 quomodo
3421 1835 3544 1877 esse

278 1888 508 1958 λέγεται
544 1890 691 1961 ψυχὴ
723 1893 861 1960 μετὰ
896 1894 987 1947 τὸν
1019 1895 1112 1948 τοῦ
1156 1896 1410 1966 σώματος
1444 1899 1673 1954 θάνατον
1708 1903 1742 1972 ἡ
1770 1902 1867 1972 ψυο

278 1980 381 2051 χὴν
422 1982 559 2036 ἀλλὰ
600 1984 643 2014 ⁸⁸
688 1983 982 2055 ἀνθρώπου
1021 1987 1188 2059 ψυχὴ,
1220 1992 1315 2043 καὶ
1345 1993 1441 2045 τοῦ
1476 2010 1621 2057 τινος
1655 1995 1868 2066 ἀνθρώ-

279 2088 396 2125 που
432 2073 603 2145 ψυχή.
633 2075 790 2145 Ἔχει
810 2076 920 2148 γὰρ
954 2077 1050 2132 καὶ
1092 2080 1231 2148 μετὰ
1264 2082 1323 2134 τὸ
1357 2082 1517 2153 σῶμα
1549 2083 1625 2148 ὡς
1656 2086 1702 2118 ’⁸⁸
1727 2082 1867 2151 εἶδος

277 2164 463 2236 αὐτῆς
492 2166 551 2219 τὸ
589 2167 710 2220 ὅλον
752 2172 895 2223 κατὰ
931 2170 1029 2242 τὴν
1058 2171 1245 2242 σχέσιν
1272 2174 1348 2237 ὡς
1397 2176 1599 2247 μέρους
1639 2195 1870 2251 κατηγο-

282 2257 556 2329 ρούμενον
588 2260 649 2314 τὸ
677 2260 1038 2333 ἀνθρώπινον.
1085 2264 1358 2330 Ὡσαύτως
1382 2267 1438 2321 δὲ
1465 2270 1561 2322 καὶ
1586 2270 1648 2324 τὸ
1676 2270 1863 2343 σῶμα,

279 2351 486 2422 θνητὸν
535 2354 637 2423 μὲν
677 2354 768 2427 διὰ
813 2355 913 2426 τὴν
946 2358 1132 2425 φύσιν,
1162 2358 1263 2411 οὐκ
1308 2359 1508 2429 ἄφετον
1547 2362 1605 2416 δὲ
1646 2364 1735 2418 διὰ
1770 2366 1869 2435 τὴν

276 2444 521 2511 γένεσιν.
566 2446 643 2499 Ού
671 2446 781 2518 γὰρ
818 2448 1005 2514 ἁπλῶς
1037 2451 1257 2519 λέγεται
1279 2452 1440 2523 σῶμα
1476 2456 1618 2525 μετὰ
1641 2457 1732 2511 τδν
1755 2476 1869 2528 χω-

279 2536 485 2607 ρισμὸν
511 2538 611 2608 τῆς
634 2536 811 2610 ψυχῆς
833 2541 893 2593 τὸ
919 2542 1101 2611 σῶμα,
1132 2543 1247 2596 ἀλλ’
1269 2544 1559 2615 ἀνθρώπου
1585 2547 1870 2619 σῶμα,καὶ

278 2624 384 2677 τοῦ
427 2643 573 2690 τινος
602 2628 893 2699 ἀνθρώπου
929 2632 1110 2703 σῶμα,
1144 2632 1247 2687 κᾶν
1275 2636 1323 2687 εί
1356 2635 1637 2707 φθείρεται
1667 2641 1761 2692 καὶ
1792 2642 1872 2705 εἰς

278 2715 355 2769 τὰ
399 2716 460 2781 ἐξ
489 2711 564 2772 ὧν
603 2718 752 2772 ἐστιν
777 2721 1107 2777 ἀναλύεσθαι
1135 2707 1374 2796 στοιχεῖα
1410 2728 1676 2797 πέφυκεν.
1713 2730 1870 2801 Ἔχει

280 2808 400 2880 γὰρ
456 2809 551 2863 καὶ
610 2810 781 2876 οὕτως
839 2813 916 2874 ὡς
974 2809 1115 2877 εἶδος
1155 2815 1215 2868 τὸ
1240 2816 1357 2869 ὅλον
1387 2817 1548 2873 αύτοῦ
1598 2822 1738 2874 κατὰ
1774 2822 1871 2891 τὴν

282 2901 479 2970 σχέσιν
520 2900 597 2965 ὼς
636 2902 833 2973 μέρους
885 2906 1358 2977 κατηγορούμενον
1392 2909 1453 2962 τὸ
1506 2910 1865 2980 ἀνθρώπινον.

297 2992 423 3045 Ἐπ’
483 2994 687 3063 ἀμφοῖν
736 2995 1025 3066 τοιγαροῦν
1061 2998 1095 3067 ή
1135 2999 1340 3067 σχέσις,
1368 3000 1550 3071 ψυχῆς
1600 3002 1744 3070 λέγω
1779 3005 1871 3057 καὶ

1967 1905 2057 1951 est
2102 1896 2363 1953 declarat.
2425 1900 2483 1955 Si
2529 1912 2714 1957 autem
2759 1904 2865 1959 hoc
2907 1915 2991 1961 est
3034 1908 3258 1978 quidem
3302 1925 3542 1981 semper,

1966 1999 2259 2057 postquam
2290 1990 2371 2055 fit,
2409 2007 2509 2060 per
2535 1994 2831 2049 essentiam
2874 1996 3079 2063 anima,
3119 2000 3404 2056 enimvero
3434 2017 3545 2057 non

1968 2080 2239 2145 absoluta,
2273 2097 2371 2151 per
2394 2084 2829 2154 generationem,
2868 2088 2963 2142 sed
2995 2104 3120 2143 cum
3155 2091 3544 2161 conjunctione

1968 2171 2234 2239 temporis
2264 2180 2319 2226 et
2361 2172 2468 2227 loci
2494 2183 2550 2228 et
2583 2174 2652 2228 ad
2686 2175 2914 2245 aliquid.
2949 2178 3066 2233 Non
3101 2180 3252 2234 enim
3285 2181 3546 2252 simplici-

1969 2270 2054 2316 ter
2077 2260 2284 2317 dicitur
2305 2265 2488 2320 anima
2514 2276 2887 2336 postmortem
2910 2273 3160 2341 corporis
3194 2274 3310 2343 ipsa
3341 2275 3542 2339 anima,

1969 2353 2065 2408 sed
2101 2353 2343 2411 hominis
2386 2357 2591 2423 anima,
2619 2368 2676 2414 et
2718 2361 3006 2431 cujusdam
3036 2363 3276 2419 hominis
3319 2367 3543 2430 anima;

1969 2443 2138 2499 habet
2168 2446 2316 2501 enim
2345 2458 2402 2502 et
2434 2458 2560 2518 post
2581 2464 2785 2520 corpus
2814 2452 2896 2507 sic
2921 2452 3161 2523 speciem
3196 2471 3349 2512 suam
3374 2465 3545 2513 totam

1970 2537 2273 2592 secundum
2311 2538 2559 2594 habitum
2615 2542 2787 2597 veluti
2827 2546 2998 2614 partis
3030 2546 3381 2615 praedicatam
3440 2548 3547 2603 hu-

1970 2644 2209 2683 manam.
2230 2630 2497 2686 Similiter
2518 2643 2701 2687 autem
2724 2643 2779 2689 ct
2796 2651 2999 2706 corpus
3020 2647 3300 2694 mortuum
3324 2640 3547 2711 quidem

1971 2734 2068 2788 per
2100 2730 2376 2785 naturam,
2424 2737 2533 2776 non
2576 2739 2712 2778 vero
2760 2726 3075 2782 absolutum
3107 2745 3207 2799 per
3240 2731 3551 2801 generatio-

1970 2826 2117 2864 nem.
2186 2811 2305 2865 Non
2361 2812 2511 2866 enim
2560 2813 2887 2883 simpliciter
2936 2817 3143 2874 dicitur
3190 2836 3393 2891 corpus
3426 2832 3551 2892 post

1972 2903 2377 2971 separationem
2422 2905 2491 2961 ab
2522 2906 2704 2960 anima
2731 2924 2955 2979 corpus,
2995 2911 3087 2966 sed
3138 2912 3380 2969 hominis
3426 2929 3551 2969 cor-

1972 3006 2094 3060 pus,
2133 3002 2187 3047 et
2224 2994 2509 3065 cujusdam
2564 2995 2803 3051 hominis
2842 3013 3045 3068 corpus
3080 3000 3184 3054 etsi
3229 3016 3550 3071 corrumpa-

286 3083 578 3153 σώματος,
630 3084 705 3147 ὡς
750 3087 843 3137 καὶ
872 3085 917 3116 ⁸⁵
961 3086 1083 3140 ὅλου
1111 3089 1281 3153 εἴδους
1315 3092 1655 3161 ἀνθρωπίνου
1688 3094 1864 3166 μερῶν

1974 3091 2063 3136 tur
2100 3093 2155 3137 et
2186 3084 2240 3137 in
2293 3101 2354 3139 ea
2405 3101 2469 3140 ex
2522 3086 2725 3156 quibus
2754 3097 2839 3142 est
2878 3089 3079 3144 resolvi
3112 3091 3383 3147 elementa
3417 3108 3549 3147 con-

283 3177 672 3247 ἁναφαιρέτως
684 3194 805 3231 νοου
814 3179 1053 3249 μένη,πα
1061 3180 1215 3252 ρίστη
1224 3201 1274 3235 σι
1292 3185 1386 3236 καὶ
1399 3184 1496 3255 τὴν
1521 3185 1637 3257 ἅμα
1657 3188 1863 3242 τούτων

283 3266 527 3334 γένεσιν,
548 3269 645 3321 καὶ
677 3268 775 3338 τὴν
808 3269 929 3322 κατ’
956 3270 1144 3324 οὐσίαν
1176 3273 1311 3342 πρὸς
1361 3274 1569 3347 ἄλληλα
1598 3277 1863 3349 διαφορὰν

282 3359 690 3421 ἀποδείκνυσιν,
708 3360 860 3412 οὐδὲν
881 3361 1002 3414 καθ’
1020 3356 1132 3416 οἷον
1155 3364 1357 3434 δήποτε
1373 3368 1573 3437 τρόπον
1598 3370 1726 3432 τοὺς
1742 3373 1862 3424 κατ’

281 3447 479 3502 οὐσίαν
517 3450 703 3512 αὐτοῖς
732 3449 1117 3521 ὲμπεφυκότας
1144 3454 1615 3524 παραὸλάπτουσα
1646 3459 1857 3529 λόγους.

282 3539 404 3591 Οὐκ
454 3537 601 3591 ἔστιν
636 3536 730 3593 οὖν
773 3541 908 3605 ὅλως
950 3542 1111 3614 σῶμα
1145 3543 1373 3598 δυνατὸν
1416 3546 1447 3617 ἦ
1483 3547 1661 3619 ψυχὴν
1684 3552 1864 3622 εὑρεῖν

283 3628 317 3697 ἢ
340 3629 529 3697 λέγειν
554 3632 797 3701 ἄσχετον.
845 3634 1069 3706 Θατέρῳ
1095 3636 1202 3708 γὰρ
1236 3638 1352 3707 ἅμα
1384 3640 1760 3709 συνεισάγεται
1803 3647 1861 3697 τό

283 3736 433 3783 τινος
449 3715 589 3774 εἶναι
607 3722 851 3794 θάτερον·
870 3724 1009 3778 ὥστε
1028 3728 1076 3779 εἰ
1100 3730 1444 3800 προῦπάρχει
1465 3730 1693 3802 θατέρου
1717 3732 1866 3789 θάτε-

284 3829 470 3883 τερον,
502 3812 578 3877 ὡς
603 3815 787 3887 (134
809 3818 864 3885 (ι)
912 3818 1057 3881 τινὸς
1092 3822 1724 3888 προσυπακουστέον.ἒἹΙ
1755 3827 1863 3897 γὰρ

287 3902 480 3974 σχέσις
530 3906 807 3977 ἀκίνητος.
841 3910 949 3961 Καὶ
979 3908 1152 3964 ταῦτα
1184 3912 1282 3981 μὲν
1326 3914 1455 3985 περὶ
1487 3916 1715 3972 τούτων.
1754 3918 1865 3971 Καὶ

284 3998 339 4049 εἱ
374 3997 477 4065 μὲν
526 3998 626 4068 τῆς
679 3999 941 4068 ἀληθείας
968 4003 998 4054 ὁ
1027 4002 1180 4070 λόγος
1210 4003 1310 4057 οὐκ
1349 4005 1715 4060 ἀποπέπτωκε
1736 4048 1751 4071 ,
1785 4007 1864 4079 τῷ

283 4084 411 4156 Θεῷ
456 4086 637 4156 χάρις,
689 4087 765 4159 τῷ
797 4089 885 4142 διὰ
934 4090 1043 4142 τῶν
1078 4092 1357 4164 ὑμετέρων
1410 4095 1585 4166 εύχῶν
1630 4097 1767 4167 πρὸς
1803 4098 1865 4150 τὸ

285 4176 473 4255 καλῶς
502 4180 644 4231 νοεῖν
686 4179 1036 4251 ὁδηγήσαντι.
1072 4183 1131 4235 Ei
1159 4183 1215 4236 δέ
1246 4184 1349 4238 πού
1382 4203 1435 4239 τι
1462 4188 1561 4255 τῆς
1605 4187 1862 4257 ἀληθείας

288 4252 624 4335 ἐλλέλοιπεν,
660 4274 818 4342 ὑμεῖς
851 4274 917 4327 ἂν
957 4274 1186 4345 εἰδείητε
1213 4277 1306 4331 τοῦ
1328 4278 1489 4347 λόγου
1517 4252 1586 4333 ⁷τὸ
1614 4252 1859 4351 ἀκριϐὲς,

286 4363 365 4427 ὡς
395 4367 461 4418 ἐκ
497 4364 633 4419 Θεοῦ
661 4367 761 4438 τὴν
783 4367 890 4420 τῶν
912 4369 1171 4423 τοιούτων
1207 4372 1569 4441 ὲμπνεόμενοι
1605 4374 1827 4441 γνῶσιν.

1972 3184 2225 3241 sucscat;
2260 3174 2427 3231 habet
2464 3176 2613 3232 enim
2648 3188 2705 3232 et
2743 3178 2824 3234 sic
2875 3181 3031 3249 quasi
3083 3182 3325 3252 speciem
3376 3192 3546 3239 totam

1970 3280 2126 3319 suam
2151 3267 2456 3322 secundum
2488 3268 2760 3333 habitum,
2791 3272 2961 3326 veluti
2994 3274 3166 3342 partis
3193 3274 3545 3344 praedicatam

1970 3356 2288 3410 humanam.
2332 3359 2390 3413 In
2421 3360 2694 3415 ambobus
2722 3360 2907 3432 itaque
2947 3363 3186 3429 habitus,
3218 3367 3398 3420 anima
3419 3367 3547 3421 dico

1968 3453 2025 3499 et
2060 3461 2325 3514 corpore,
2364 3448 2534 3502 veluti
2592 3450 2760 3505 totius
2800 3451 2993 3508 formae
3040 3453 3296 3509 humanae
3340 3465 3543 3525 partes,

1971 3536 2417 3605 inseparabiliter
2450 3539 2785 3605 intellectus,
2814 3543 3155 3599 demonstrat
3181 3557 3238 3600 ct
3266 3546 3430 3602 simul
3459 3564 3549 3604 e0-

1970 3645 2091 3684 rum
2132 3631 2380 3700 genesin,
2424 3642 2481 3687 ct
2520 3632 2823 3687 secundum
2862 3636 3156 3690 essentiam
3193 3637 3258 3691 ad
3305 3654 3362 3693 se
3400 3638 3543 3693 invi-

1967 3737 2084 3775 cem
2113 3721 2481 3777 dill‘erentiam
2526 3726 2788 3791 ostendit,
2828 3727 2981 3781 nul-lo
3032 3729 3196 3784 modo
3237 3732 3539 3786 secundum

1967 3815 2263 3872 essentiam
2305 3815 2360 3869 in
2389 3817 2472 3871 eis
2508 3817 2699 3873 insitas
2733 3818 3022 3874 oﬂ‘endens
3068 3821 3331 3877 rationes.
3374 3824 3543 3894 Igitur

1968 3906 2192 3961 omnino
2236 3907 2578 3976 impossibile
2609 3924 2813 3979 corpus
2870 3920 2965 3964 aut
3006 3912 3244 3967 animam
3293 3916 3543 3969 invenire

1968 4008 2065 4053 aut
2110 4000 2297 4054 dicere
2345 4001 2465 4055 sine
2517 4002 2741 4069 habitu;
2798 4004 2961 4058 simul
3002 4007 3151 4060 enim
3200 4024 3323 4061 cum
3369 4010 3543 4064 altero

1963 4090 2336 4145 introducitur
2361 4092 2592 4162 alicujus
2638 4108 2760 4147 esse
2818 4094 3076 4149 alterum.
3118 4096 3306 4167 Itaque
3334 4098 3377 4153 si
3412 4101 3546 4155 alte-

1963 4198 2084 4235 rum
2118 4182 2384 4238 subsistat
2416 4193 2545 4237 ante
2576 4184 2833 4246 alterum,
2883 4188 3164 4255 quomodo
3204 4198 3262 4243 ut
3313 4191 3547 4264 alicujus

1962 4276 2441 4331 auscultandum?
2498 4276 2733 4331 Habitus
2796 4280 2946 4332 enim
3004 4279 3369 4337 immutabilis
3438 4299 3541 4339 esr.

1961 4372 2237 4425 Hactenus
2268 4368 2335 4423 de
2382 4368 2491 4424 his.
2538 4370 2604 4423 Et
2652 4370 2697 4424 si
2745 4371 2969 4440 quidem
3009 4389 3038 4427 a
3078 4375 3316 4431 veritate
3364 4392 3546 4431 sermo

288 4473 404 4513 non
450 4458 699 4524 recessit,
733 4460 842 4515 Deo
877 4460 1080 4530 gratias
1109 4478 1211 4532 per
1261 4474 1475 4519 vestras
1519 4466 1802 4520 orationes
1833 4465 1899 4520 ad
1932 4466 2073 4519 bene
2110 4462 2532 4531 intelligendum
2561 4463 2787 4517 ducenti
2814 4480 2828 4527 ;
2874 4465 2917 4517 si
2942 4480 3074 4518 vero
3106 4468 3306 4521 alicubi
3338 4485 3366 4522 a
3397 4469 3544 4522 veri-

291 4559 407 4607 tate
437 4547 647 4617 deﬁcit,
709 4564 806 4604 vos
845 4550 1142 4607 reformate
1182 4553 1414 4608 rationis
1470 4555 1812 4624 diligentiam
1843 4570 1908 4609 ex
1964 4553 2076 4606 Deo
2114 4553 2304 4607 talium
2346 4552 2596 4621 inspirati
2636 4554 2944 4608 scientiam.

303 4732 407 4784 Ἐκ
443 4730 548 4784 τοῦ
588 4731 773 4785 αὐτοῦ
798 4733 1006 4801 λόγου,
1041 4750 1127 4798 εις
1155 4734 1270 4801 τὸ,‹
1304 4735 1457 4799 ’Ἑως
1482 4733 1560 4789 ἂν
1588 4736 1688 4788 καὶ
1729 4740 1861 4806 παρ’

1971 4739 2054 4792 Ea;
2083 4739 2261 4792 eodem
2286 4754 2544 4802 sermone,
2577 4740 2630 4791 in
2672 4741 2765 4793 hoc
2794 4755 2813 4793 :
2843 4757 2863 4793 ι
2904 4741 3040 4795 Dum
3072 4744 3230 4796 etiam
3260 4762 3291 4797 a
3331 4762 3387 4798 se
3429 4749 3541 4817 ipsa

362 4823 587 4892 ἑαυτῆς
624 4826 657 4892 ἡ
694 4825 805 4894 ὕλη
838 4826 987 4895 φέρῃ
1015 4825 1081 4879 τὸ
1111 4826 1370 4879 ἄτακτον
1408 4824 1610 4895 ὥσπερ
1647 4829 1719 4881 ἐν
1740 4829 1872 4896 ῥεύ-

358 4933 502 4984 ματι
536 4917 634 4985 (δ).
675 4936 692 4966 ι

363 5023 536 5095 Οἶμαι
581 5028 673 5079 καὶ
712 5027 803 5079 τὸν
834 5027 1077 5097 παρόντα
1106 5026 1200 5080 τοῦ
1230 5027 1387 5095 λόγου
1423 5030 1623 5081 σκοπὸν
1648 5030 1747 5099 τῆς
1774 5031 1869 5085 τοῦ

294 5122 567 5190 προτέρου
627 5120 865 5182 διανοίας
917 5118 1133 5189 ἔχεσθαι
1183 5119 1502 5189 κεφαλαίου.
1568 5121 1868 5188 Διεξελθὼν

293 5213 402 5283 γὰρ
434 5214 516 5265 ὅτι
548 5213 772 5265 πλεῖστα
801 5211 937 5281 πρὸς
962 5211 1087 5273 τοὺς
1135 5210 1386 5278 φιλύλους
1413 5229 1472 5264 τε
1504 5214 1598 5266 καὶ
1631 5214 1865 5282 φιλοσω-

299 5304 499 5372 μάτους
527 5303 699 5357 ταῦτα
727 5305 942 5371 ἐπάγει,
974 5303 1049 5365 ὡς
1084 5300 1333 5356 ἐντεῦθεν
1361 5301 1621 5357 δύνασθαι
1650 5306 1741 5358 τὸν
1771 5308 1864 5359 εύ-

2080 4832 2322 4885 materies
2375 4831 2472 4883 l"ert
2518 4832 2877 4887 inordinatum
2911 4834 3070 4887 veluti
3105 4836 3384 4905 inﬂuxum.
3414 4856 3431 4888 ο

2037 5032 2288 5087 Arbitror
2335 5051 2553 5104 quoque
2608 5046 2929 5106 praesentem
2974 5039 3247 5092 sermonis
3287 5042 3550 5098 intentio-

1967 5140 2090 5179 nem
2116 5126 2320 5195 prioris
2353 5126 2690 5180 intcllectum
2728 5127 2930 5182 habere
2965 5129 3210 5199 capituli.
3239 5131 3375 5199 Quia
3404 5136 3549 5188 enim

1974 5218 2323 5285 prmtermisit
2365 5219 2598 5286 plurima
2646 5228 2834 5273 contra
2884 5222 3128 5277 materia:
3179 5234 3454 5282 amatores
3498 5242 3555 5284 et

1973 5309 2242 5380 corporis,
2286 5312 2401 5365 haec
2443 5310 2675 5365 addidit.
2728 5320 2787 5365 ut
2822 5312 2949 5369 hinc
2984 5326 3206 5385 possent
3240 5319 3327 5387 pie
3377 5320 3555 5375 inten-

1619 5442 1850 5499 VARUE
1880 5444 2285 5501 LECTIONES.

365 5530 407 5563 "
442 5533 503 5586 ού
558 5530 1059 5601 κατεστοχασμένος
1092 5530 1183 5584 ed.
1242 5530 1359 5587 Gal.
1434 5532 1478 5563 ⁴¹
1508 5531 1622 5585 ἀλλ’
1649 5533 1738 5589 ed.
1761 5534 1882 5589 Gal.
1959 5536 2007 5568 "
2032 5537 2109 5600 ὡς
2134 5552 2246 5591 om.
2278 5536 2367 5591 ed.
2391 5537 2509 5591 Gal.
2587 5540 2629 5571 ⁸⁵
2660 5542 2751 5595 καὶ
2785 5558 2895 5597 om.
2932 5543 3021 5599 ed.
3047 5543 3165 5601 Gal.

1838 5650 2067 5707 ΝΟΤᾹΞ.

371 5747 448 5817 (ὅ)
484 5746 649 5817 Greg.
697 5748 824 5804 Naz.
863 5746 937 5801 De
967 5762 1191 5817 pauper.
1225 5764 1405 5802 amore
1436 5760 1483 5803 c.
1522 5746 1612 5812 30,
1640 5763 1695 5818 p.
1725 5748 1852 5817 279,
1882 5759 2014 5805 tom.
2046 5749 2083 5818 l,
2115 5748 2251 5821 Opp.
2282 5751 2371 5807 ed.
2400 5752 2604 5808 Bened.
