4014 6284
464 324 600 384 1103

1626 319 1688 380 S.
1729 319 2014 379 MAXIMI
2052 315 2558 377 CONFESSORIS

3583 317 3714 384 1104

461 428 666 484 tionem
694 425 868 482 sancti
897 432 1311 496 perscrutantes
1341 424 1612 498 conjicere
1637 425 1738 481 sic.
1771 425 2021 492 Quonian

2149 421 2324 487 σεϐῶς
2348 423 2440 476 τὸν
2475 423 2681 478 σκοπὸν
2713 423 2809 477 τοῦ
2843 423 3002 493 άγίου
3032 424 3462 497 διερευνώμενον
3497 429 3718 483 ἐπιϐάλ-

461 516 1001 588 incorruptibilitatis
1021 525 1078 572 et
1100 516 1532 572 immortalitatis
1563 516 1976 587 pulchritudine
2005 532 2037 572 a

457 609 570 664 Deo
611 606 944 663 clarificatus
980 605 1160 661 factus
1200 617 1286 662 est
1328 607 1516 672 homo,
1560 607 1860 662 materialis
1902 621 2040 663 vero

456 699 604 754 circa
629 715 688 754 se
713 713 926 754 naturae
955 698 1354 769 turpitudinem
1391 699 1750 754 intellectuali
1789 699 2036 770 pulchri-

457 790 639 846 tudini
684 805 1043 862 praeponens,
1093 791 1300 846 oblitus
1348 798 1435 847 est
1485 790 1701 847 decora:
1731 791 2036 847 secundum

455 880 696 934 animam
728 879 1030 951 digni-tatis,
1073 880 1246 950 magis
1288 887 1471 936 autem
1504 880 1602 935 Dei
1637 879 1875 934 animam
1919 880 2038 936 dei-

456 971 707 1026 fortnitcr
734 971 1044 1034 formantis,
1089 986 1252 1027 omne
1283 971 1432 1042 quod
1481 970 1552 1042 (k)
1600 970 1732 1028 fecit
1761 973 2037 1028 sententia

455 1061 704 1133 dignum,
739 1067 1043 1118 secundum
1081 1061 1330 1117 divinum
1355 1061 1625 1133 judicium
1653 1071 1900 1118 nostram
1945 1078 2035 1118 sa-

451 1154 672 1225 pienter
715 1154 1064 1210 administrat
1110 1154 1377 1218 salutem,
1426 1153 1744 1225 colligitque
1794 1154 2036 1211 fructum

451 1257 568 1302 non
602 1246 778 1302 solum
812 1246 986 1316 ipsam
1011 1246 1261 1317 corporis
1281 1247 1692 1317 corruptionem
1717 1257 1776 1304 et
1801 1256 2038 1304 mortem

453 1344 512 1392 et
534 1336 604 1392 ad
629 1353 847 1392 omnem
886 1337 1195 1408 passionem
1240 1338 1714 1408 promptissimum
1741 1349 1952 1395 motum
1979 1349 2037 1397 et

454 1428 944 1498 opportunitatem,
977 1429 1074 1484 sed
1099 1437 1156 1484 et
1179 1437 1334 1484 extra
1361 1436 1416 1484 et
1441 1428 1590 1485 circa
1617 1445 1744 1486 eum
1773 1429 2034 1486 materia-

452 1519 526 1574 lis
555 1518 807 1576 essentiae
839 1519 1095 1576 instabile
1123 1528 1182 1576 et
1222 1522 1538 1576 anomalum
1573 1531 1633 1577 et
1670 1521 1741 1577 ad
1784 1521 2034 1578 alienan-

453 1611 585 1666 dum
627 1610 812 1666 ferens
865 1619 922 1666 et
965 1610 1166 1678 facile,
1210 1613 1327 1668 sive
1370 1623 1502 1669 tunc
1545 1613 1720 1684 ipsam
1765 1613 2032 1685 (videlicet

445 1697 742 1770 animam),
763 1703 875 1758 Deo
891 1710 1116 1774 propter
1147 1703 1658 1773 praevaricationem
1694 1714 1885 1760 nostro
1906 1719 2032 1761 cor-

2143 510 2258 566 λειν
2287 510 2482 577 οὕτως.
2509 513 2750 585 ’Ἐπειδὴ
2773 513 2853 586 τῷ
2891 515 2994 586 τῆς
3020 515 3336 586 ἀφθαρσίας
3367 534 3431 571 τε
3467 521 3563 572 καὶ
3591 521 3718 575 ἀθα-

2143 605 2336 669 νασίας
2365 605 2553 660 κάλλει
2584 607 2738 678 παρὰ
2765 605 2903 662 Θεοῦ
2942 607 3424 678 κατηγλαῖσμένος
3452 611 3481 662 ό
3509 610 3719 682 ἄνθρω-

2137 713 2238 760 πος
2289 696 2508 766 γέγονε,
2556 696 2620 750 τὸ
2669 697 2730 751 δὲ
2777 699 2880 770 τῆς
2922 697 3055 770 περὶ
3083 698 3247 754 αὑτὸν
3277 699 3472 769 ὑλικῆς
3503 700 3722 769 φύσεως

2137 784 2326 858 αἶσχος
2353 788 2451 842 τοῦ
2507 789 2699 862 νοεροῦ
2729 789 2963 856 κάλλους
2993 792 3348 862 προτιμήσας
3395 791 3574 863 λήθην
3624 792 3719 846 τοῦ

2137 881 2278 936 κατὰ
2319 882 2504 953 ψυχὴν
2532 883 2846 954 ἐκπρεποῦς
2875 882 3187 954 ἀξιώματος
3208 925 3225 950 ,
3255 883 3460 955 μᾶλλον
3487 883 3546 938 δὲ
3584 884 3719 939 Θεοῦ

2135 972 2230 1028 τοῦ
2252 973 2349 1029 καὶ
2375 973 2476 1046 τὴν
2505 974 2687 1046 ψυχὴν
2715 974 2965 1040 θεοειδῶς
2993 974 3450 1040 καλλωπίσαντος
3482 977 3717 1048 πάμπαν

2137 1066 2459 1138 ἐπεποίητο,
2491 1067 2593 1138 τῆς
2611 1066 2840 1139 γνώμης
2858 1067 3011 1134 ἄξιον
3041 1068 3182 1124 κατὰ
3230 1067 3380 1122 θείαν
3407 1069 3593 1141 ψῆφον
3620 1069 3721 1140 τὴν

2137 1157 2318 1227 σοφῶς
2348 1158 2449 1230 τὴν
2493 1159 2656 1230 ἡμῶν
2689 1161 2967 1232 σωτηρίαν
3011 1159 3406 1232 οίκονομοῦσαν
3451 1161 3719 1233 ἐδρέψατο

2135 1247 2374 1318 καρπὸν,
2401 1249 2464 1303 οὑ
2497 1250 2659 1319 μόνον
2691 1250 2782 1304 τοῦ
2815 1250 3069 1318 σώματος
3113 1250 3212 1323 τὴν
3257 1252 3468 1325 φθορὰν
3499 1255 3600 1307 καὶ
3626 1253 3719 1307 τὸν

2135 1339 2390 1408 θάνατον,
2429 1342 2524 1397 καὶ
2567 1342 2668 1411 τὴν
2702 1343 2840 1417 ⁸ξτρδς
2876 1344 2988 1399 πᾶν
3019 1344 3194 1409 πάθος
3239 1346 3604 1417 εὐέμπτωτον
3634 1346 3718 1400 κί-

2133 1430 2294 1505 νησίν
2319 1447 2380 1484 τε
2410 1431 2507 1485 καὶ
2550 1431 2985 1504 ἐπιτηδειότητα,
3018 1431 3155 1487 ἀλλὰ
3183 1434 3280 1488 καὶ
3305 1435 3409 1504 τῆς
3439 1435 3604 1498 ἐκτὸς
3627 1437 3720 1489 καὶ

2132 1521 2264 1592 περὶ
2293 1521 2458 1576 αὑτὸν
2487 1522 2680 1594 ὑλικῆς
2702 1524 2895 1588 οὐσίας
2915 1523 2978 1578 τὸ
3006 1523 3242 1579 ἄστατον
3271 1527 3366 1581 καὶ
3396 1527 3715 1598 ἀνώμαλον,

2133 1615 2228 1668 καὶ
2249 1614 2387 1685 πρὸς
2408 1614 2471 1668 τὸ
2491 1613 2835 1670 ἀλλοιοῦσθαι
2860 1615 3092 1688 εὑφορόν
3107 1635 3167 1670 τε
3198 1619 3294 1673 καὶ
3321 1619 3573 1692 εὐχερὲς,
3607 1621 3716 1674 εἴτε

2131 1705 2255 1758 τότε
2284 1705 2456 1777 αὐτὴν
2481 1705 2579 1760 τοῦ
2598 1706 2735 1760 Θεοῦ
2764 1706 2854 1760 διὰ
2881 1701 2982 1778 τὴν
3009 1708 3324 1779 παράϐασιν
3343 1710 3426 1780 τῷ
3455 1711 3716 1782 ἡμετέρῳ

445 1795 572 1865 pori
601 1795 1013 1859 commiscente,
1042 1803 1098 1852 et
1123 1794 1190 1852 ad
1222 1795 1576 1852 alienandum
1607 1812 1750 1863 eam,
1787 1798 1868 1854 sic
1899 1812 2021 1854 cor-

2132 1795 2346 1868 σώματι
2375 1797 2560 1870 (ιθᾶ1
2587 1796 2640 1870 b)
2673 1799 3293 1871 συμμετακεράσαντος,
3327 1779 3421 1856 καὶ
3583 1779 3718 1873 πρὸς

452 1903 588 1958 pore
617 1887 685 1942 ad
713 1888 1024 1957 passionem
1055 1899 1114 1944 et
1147 1889 1560 1960 corruptionem
1599 1900 1656 1946 et
1687 1892 1917 1947 omnino
1940 1905 2030 1948 so-

450 1977 743 2042 lutionem,
779 1975 922 2034 sicut
959 1979 1276 2034 mortalium
1301 1979 1357 2034 in
1385 1980 1639 2050 paradiso
1670 1981 1897 2052 pellium
1928 1980 2028 2037 de-

451 2067 625 2122 clarat
669 2067 922 2133 amictus,
968 2067 1248 2125 inserente
1310 2071 1634 2140 potentiam,
1677 2073 1832 2145 juxta
1877 2071 2028 2143 quod

447 2159 714 2228 scriptum
739 2167 823 2214 est
854 2176 868 2213 :
897 2157 1036 2224 Quia
1068 2169 1116 2214 et
1146 2161 1262 2231 ipsa
1287 2170 1536 2217 creatura
1561 2163 1792 2234 subjecta
1814 2172 1892 2218 est
1914 2180 2030 2218 cor-

447 2250 680 2320 ruptioni
714 2249 915 2315 uolens,
941 2250 1033 2304 sed
1071 2257 1286 2323 prepter
1317 2253 1677 2324 subjicientem
1698 2255 1754 2308 in
1775 2271 1902 2326 spe;
1928 2271 2024 2312 seu

446 2357 513 2396 ex
548 2341 841 2412 principio,
897 2358 996 2413 per
1042 2344 1448 2414 praescientiam
1489 2345 1570 2400 sic
1610 2362 1731 2402 eam
1781 2358 2023 2416 creante,

445 2443 672 2503 propter
706 2435 992 2504 praevisam
1027 2434 1267 2492 hominis
1296 2437 1828 2507 praevaricationem,
1862 2439 1938 2495 ita
1965 2450 2026 2496 ut

447 2525 706 2594 patiendo
734 2535 792 2582 et
817 2525 1061 2582 vitiando
1092 2543 1193 2598 per
1226 2543 1284 2584 se
1322 2527 1378 2583 in
1407 2544 1738 2585 consensum
1770 2530 1943 2602 ipsius
1969 2539 2026 2588 et

445 2617 684 2687 proprias
703 2618 986 2689 dignitatis
1001 2620 1236 2683 veniret,
1256 2628 1312 2674 et
1335 2620 1643 2691 inseparate
1666 2623 1939 2694 reciperet
1955 2623 2024 2678 ad

445 2724 645 2780 corpus
667 2719 724 2766 et
751 2725 810 2766 se
840 2709 1012 2780 ipsam
1046 2710 1244 2766 iterum
1275 2713 1556 2769 affectum.
1579 2713 1848 2771 Concedit
1875 2716 2022 2773 enim

443 2801 880 2871 sapientissimus
910 2802 1034 2858 vita:
1067 2812 1269 2859 nostra-
1297 2805 1550 2874 provisor
1581 2806 1909 2862 naturaliter
1941 2810 2022 2863 uti

441 2904 586 2961 saepe
636 2892 804 2948 rebus
849 2895 1089 2965 propriis
1143 2896 1388 2952 motibus
1431 2896 1503 2953 ad
1535 2907 1779 2954 nostram
1816 2898 2025 2955 utilita-

442 2991 574 3050 tem,
611 2983 891 3039 interdum
921 2984 1110 3042 insane
1136 3001 1232 3043 eas
1260 2993 1578 3052 tractantes,
1598 3005 1669 3046 ex
1699 2991 2022 3048 confusione

440 3083 498 3128 et
544 3075 959 3144 perturbatione
991 3077 1140 3133 circa
1181 3094 1276 3134 eas
1317 3089 1374 3135 et
1421 3096 1489 3136 ex
1521 3081 1622 3147 eis,
1661 3082 1730 3139 ad
1767 3083 1822 3139 id
1870 3085 2018 3156 quod
2046 3117 2092 3175 ο

438 3165 675 3222 amabile
701 3175 788 3223 est
819 3169 1121 3224 secundum
1153 3181 1429 3238 naturam,
1463 3173 1748 3232 adducens
1796 3178 2018 3233 interim

439 3263 690 3310 nostrum
727 3256 1158 3314 irrationabil'em
1202 3262 1272 3318 ad
1302 3279 1367 3319 ea
1399 3280 1521 3334 quae
1553 3268 1843 3336 praesentia
1890 3276 2018 3324 sunt

437 3357 704 3398 amorem.
741 3344 944 3400 Tribus
992 3348 1141 3405 enim
1189 3353 1584 3411 exsistentibus
1615 3356 2019 3414 universalibus

439 3435 638 3501 modis,
675 3451 774 3507 per
801 3453 940 3508 quos
971 3441 1163 3498 dicunt
1186 3444 1402 3502 erudite
1435 3455 1653 3504 nostras
1681 3450 1863 3505 sanari
1891 3465 2016 3522 pas-

437 3523 654 3588 siones,
703 3541 802 3597 per
843 3527 1091 3601 singulos
1133 3533 1328 3590 modos
1377 3537 1656 3607 sapienter
1700 3540 2014 3597 iuordinato

435 3615 698 3682 materiae,
728 3619 981 3678 ordinate
1008 3624 1316 3680 secundum
1341 3642 1508 3698 super
1528 3644 1630 3686 nos
1649 3638 1705 3686 et
1728 3632 2011 3689 meliorem

435 3708 728 3777 rationem,
777 3711 845 3767 ad
891 3715 1167 3786 cognitam
1218 3718 1333 3774 Deo
1377 3719 1578 3776 bonam
1611 3723 2012 3797 pulchramque

433 3800 850 3890 perfectionem,
881 3807 1186 3877 gubernata
1219 3811 1442 3868 malitiae
1469 3815 1788 3885 passionum
1819 3832 2012 3890 grave-

431 3885 581 3953 dine,
607 3889 1070 3950 medicamentum
1109 3899 1354 3968 ponitur.
1387 3901 1497 3957 Aut
1528 3905 1677 3960 enim
1705 3885 1845 3963 ante
1861 3922 2011 3965 com-

431 3987 722 4032 l’lllSSOl'llm
757 3990 1109 4050 peccatorum
1151 4001 1369 4056 poenam
1406 3999 1740 4061 repetentes,
1770 4011 2005 4067 quorum

428 4083 581 4137 aeque
603 4085 782 4140 neque
802 4073 1096 4145 vestigium
1120 4080 1384 4137 memoria
1437 4082 1750 4142 detinemus
1779 4096 2006 4159 propter

429 4159 819 4230 ignorantiam;
835 4165 1081 4225 fortassis
1096 4186 1227 4224 vero
1245 4175 1619 4246 recordantes,
1635 4190 2002 4252 Opportunam

427 4250 646 4308 delictis
678 4257 974 4316 restituere
1015 4266 1413 4323 correctionem
1457 4286 1568 4326 non
1605 4250 1998 4345 sustinuimus,

425 4357 524 4396 seu
541 4344 790 4402 nolentes
812 4363 909 4405 seu
928 4366 1041 4406 non
1061 4355 1306 4413 valentes
1323 4368 1548 4430 propter
1570 4362 1873 4434 ingenitum
1895 4344 2003 4424 mar-

2129 1883 2192 1937 τὸ
2219 1882 2570 1939 ἀλλοιοῦσθαι
2602 1883 2699 1938 καὶ
2740 1885 2901 1956 αὑτῇ,
2931 1883 3126 1959 ῶσπερ
3179 1887 3258 1959 τῷ
3310 1888 3568 1958 σώματι,
3621 1889 3718 1961 τὴν

2129 1977 2267 2048 πρὸς
2295 1977 2358 2052 τὸ
2389 1978 2623 2050 πάσχειν
2651 1994 2713 2032 τε
2763 1979 2856 2032 καί
2906 1977 3225 2050 φθείρεσθαι
3264 1983 3358 2034 καί
3395 1983 3540 2047 ὅλως
3591 1982 3717 2036 λύε·

2130 2069 2275 2124 σθαι⁶
2307 2069 2382 2133 ὡς
2411 2070 2567 2140 δηλοῖ
2597 2070 2630 2141 ἡ
2659 2070 2769 2124 τῶν
2795 2071 3008 2142 νεκρῶν
3039 2072 3311 2144 σωμάτων
3343 2075 3388 2105 ⁸⁵
3419 2075 3714 2147 περιϐολὴ.

2128 2155 2420 2227 ἐνθεμένου
2454 2157 2690 2228 δύναμιν
2723 2157 2865 2212 κατὰ
2896 2157 2960 2210 τὸ
3018 2161 3438 2232 γεγραμμένον,
3468 2163 3555 2216 ὅτι
3601 2164 3712 2218 Kal

2127 2243 2282 2312 αὐτή
2318 2243 2356 2312 ἡ
2393 2245 2592 2310 κτίσις
2643 2243 2912 2314 ὑπετάγη
2949 2244 3022 2314 τῇ
3056 2246 3250 2316 φθορᾷ
3283 2251 3399 2319 οὐχ
3440 2249 3708 2316 ἑκοῦσα,

2125 2336 2264 2390 άλλὰ
2291 2336 2382 2391 διά
2413 2336 2503 2392 τὸν
2534 2335 2886 2402 ὑποτάξαντα
2916 2339 3006 2392 ἐπ’
3045 2339 3239 2406 ἐλπίδι,
3267 2341 3321 2394 εί
3345 2359 3408 2395 τε
3448 2342 3510 2410 ἐξ
3535 2344 3711 2415 ἀρχῆς

2126 2429 2272 2485 κατὰ
2301 2430 2612 2500 πρόγνωσιν
2658 2431 2834 2496 οὑτως
2862 2433 3032 2504 αὐτὴν
3077 2433 3598 2506 δημιουργήσαντος
3622 2438 3709 2492 διὰ

2124 2520 2224 2592 τὴν
2258 2521 2665 2593 προοραθείσαν
2689 2520 3027 2592 παράϐασιν·
3067 2522 3209 2576 ὥστε
3242 2522 3324 2595 τῷ
3353 2525 3596 2597 πάσχειν
3615 2529 3708 2582 καὶ

2125 2611 2432 2668 κακοῦσθαι
2463 2612 2530 2666 δι’
2577 2613 2774 2684 αὐτῆς,
2831 2614 2912 2677 είς
2959 2615 3313 2687 συναίσθησιν
3358 2617 3564 2672 ἑαυτοῦ
3613 2619 3706 2675 καὶ

2123 2702 2219 2758 τοῦ
2249 2703 2452 2758 οἰκείου
2499 2703 2814 2776 ἀξιώματος
2845 2705 3042 2770 ἐλθεῖν,
3078 2707 3175 2760 καὶ
3203 2709 3494 2773 ἀσπασίως
3530 2728 3706 2764 κατα-

2123 2795 2379 2861 δέξασθαι
2407 2796 2508 2868 τὴν
2538 2796 2676 2868 πρὸς
2706 2797 2768 2852 τὸ
2803 2796 2966 2868 σῶμα
2996 2799 3090 2853 καὶ
3127 2799 3702 2870 αὐτὴνάποδιάθεσιν.

2123 2883 2405 2955 Συγχωρεί
2431 2885 2541 2958 γὰρ
2564 2887 2593 2940 ὀ
2625 2886 2905 2956 πάνσοφος
2943 2887 3045 2958 τῆς
3074 2889 3353 2963 ἡμετέρας
3384 2889 3537 2964 ζωῆς
3568 2910 3704 2965 προ-

2123 2974 2323 3047 νοητῆς
2379 2975 2630 3046 φυσικῶς
2680 2977 2920 3049 χρῆσθαι
2963 2977 3225 3045 πολλάκις
3275 2984 3343 3036 τὰ
3395 2988 3704 3055 πράγματα

2123 3067 2244 3131 ταῖς
2285 3066 2518 3132 οἰκείαις
2547 3069 2748 3140 ὁρμαῖς
2773 3070 2910 3141 πρὸς
2951 3073 3334 3143 σωφρονισμὸν
3370 3076 3556 3146 ἡμῶν,
3587 3077 3700 3131 ἐσθ’

2121 3155 2232 3229 ὅπη
2259 3157 2368 3212 τῶν
2403 3159 2666 3230 ὲμμανῶς
2710 3159 2854 3214 αὐτὰ
2907 3163 3444 3236 μεταχειριζομένων
3483 3167 3574 3220 διὰ
3603 3168 3701 3237 τῆς

2121 3249 2252 3322 περὶ
2278 3250 2420 3306 αὑτὰ
2444 3252 2541 3305 καὶ
2565 3251 2624 3319 ἐξ
2651 3251 2833 3308 αὐτῶν
2869 3253 3185 3325 συγχύσεώς
3211 3273 3270 3310 τε
3298 3259 3396 3312 καὶ
3425 3260 3697 3331 ταραχῆς,

2119 3342 2258 3414 πρὸς
2304 3342 2367 3397 τὸ
2407 3343 2551 3398 κατὰ
2589 3344 2753 3414 φύσιν
2791 3345 3023 3416 ἐραστδν
3074 3348 3369 3418 ἐπανάγων
3416 3349 3512 3404 τὸν
3559 3353 3697 3416 τέως

2117 3434 2403 3504 ἀλόγιστον
2429 3433 2588 3506 ἡμῶν
2621 3436 2757 3508 πρὸς
2784 3436 2854 3490 τὰ
2886 3438 3134 3509 παρόντα
3156 3441 3354 3514 ἔρωτα.
3379 3444 3561 3516 Τριῶν
3587 3447 3694 3517 γὰρ

2115 3529 2286 3584 ὄντων
2310 3527 2622 3584 καθολικῶν
2642 3530 2884 3602 τρόπων,
2910 3532 3034 3586 καθ’
3057 3532 3152 3599 οῦς
3172 3552 3308 3604 φασι
3327 3530 3694 3604 παιδευτίκῶς

2112 3623 2184 3677 τὰ
2209 3621 2459 3694 ἡμέτερα
2499 3620 2750 3689 ἐξιᾶσθαι
2795 3623 2969 3694 πάθη,
3011 3624 3080 3679 δι’
3099 3627 3331 3682 ἑκάστου
3358 3631 3566 3702 τρόπον
3601 3650 3690 3687 σο-

2113 3713 2232 3782 φῶς
2255 3713 2317 3767 τδ
2338 3713 2442 3782 τῆς
2463 3712 2599 3785 ῦλης
2649 3712 2890 3769 ἄτακτον
2937 3716 3220 3784 εὐτάκτως
3259 3722 3400 3776 κατὰ
3427 3723 3524 3778 τὸν
3550 3725 3690 3800 ὑπὲρ

2111 3806 2259 3879 ἡμᾶς
2291 3806 2384 3859 καὶ
2418 3805 2709 3877 κρείττονα
2745 3805 2906 3876 λόγον
2937 3809 3076 3880 πρὸς
3120 3809 3183 3864 τὸ
3230 3812 3581 3885 ἐγνωσμένον
3609 3819 3687 3890 τῷ

2109 3895 2230 3967 Θεῷ
2278 3895 2666 3968 άγαθοπρεπές
2716 3897 3069 3970 ἀποτέλεσμα
3111 3901 3540 3978 κυϐερνωμένης
3588 3908 3684 3979 τῆς

2111 3989 2288 4060 κακῆς
2329 3987 2439 4044 τῶν
2467 3988 2661 4043 παθῶν
2689 3988 2985 4061 ἀχθηδόνος
3017 3991 3155 4064 ῐαμα
3195 3995 3428 4052 τίθεται.
3478 4001 3550 4053 Ἦ
3576 4001 3683 4072 γὰρ

2105 4082 2218 4137 τῶν
2245 4081 2660 4154 προγεγονότων
2689 4083 3108 4156 ἁμαρτημάτων
3134 4089 3329 4161 ποινὴν
3348 4091 3682 4165 ἀπαιτούμε-

2106 4191 2210 4240 νοι,
2243 4167 2320 4229 ὧν
2366 4171 2496 4238 ἴσως
2523 4173 2634 4229 οὐδ’
2670 4173 2815 4246 ἴχνος
2857 4178 2926 4248 τῇ
2983 4178 3175 4251 μνήμῃ
3221 4184 3678 4256 παρακατέχομεν

2105 4264 2288 4337 (135
2348 4264 2404 4338 a)
2453 4265 2544 4320 διὰ.
2587 4266 2689 4337 τὴν
2722 4266 2965 4337 ἄγνοιαν,
2998 4269 3162 4342 τυχδν
3213 4272 3274 4326 δὲ
3321 4274 3418 4328 καὶ
3468 4292 3674 4349 μνημο-

2103 4357 2357 4422 νεύοντες
2389 4357 2489 4429 τὴν
2515 4357 2743 4415 δέουσαν
2783 4362 2897 4425 τοῖς
2937 4361 3420 4435 πλημμεληθεῖσιν
3459 4370 3674 4441 ἀντιση-

424 4433 558 4489 litia:
581 4435 826 4493 habitum
846 4457 862 4506 ;
881 4456 981 4498 seu
1003 4442 1378 4504 inﬁrmitatem
1404 4433 1724 4523 purgamur,
1744 4465 1839 4512 aut
1856 4472 2000 4528 pra:-

2121 4449 2283 4505 ιῶσαι
2310 4447 2600 4521 διόρθωσιν
2644 4449 2746 4506 οὑκ
2771 4433 3159 4528 ἀνεχόμεθαήὶ
3197 4433 3272 4530 μὴ
3321 4459 3586 4528 θέλοντες,
3612 4433 3672 4534 ’έν

423 4534 635 4582 sentem
658 4539 715 4585 ct
735 4531 1080 4592 distribulam
1102 4538 1164 4611 (ι)
1186 4542 1450 4597 malitiam
1470 4545 1809 4614 repellimus,
1828 4558 1886 4604 et
1902 4549 1999 4606 itc-

413 4637 541 4676 rum
570 4625 638 4679 ad
668 4625 918 4683 habitum
946 4628 1146 4688 futura:
1165 4635 1292 4689 vitae
1319 4635 1696 4705 prtediscimus
1717 4641 1996 4711 aspicere:

412 4725 515 4772 aut
529 4715 686 4774 firma
709 4720 1002 4779 tolerantia
1019 4734 1076 4780 et
1095 4725 1184 4794 pia
1202 4727 1527 4785 fortitudine
1549 4730 1800 4788 mirabile
1818 4749 2002 4789 exem-

418 4806 567 4876 plum
584 4809 709 4866 aliis
729 4811 1050 4870 hominibus
1074 4815 1218 4871 alius
1238 4818 1498 4887 proponit
1518 4819 1704 4886 homo,
1725 4822 1998 4893 siquidem

414 4897 666 4954 excelsus
699 4910 796 4956 aut
825 4902 1184 4975 intelligentia
1216 4913 1381 4976 atque
1409 4907 1614 4965 virtute
1644 4911 1914 4982 gloriosus
1939 4924 1994 4969 et

419 4988 650 5048 idoneus
666 5008 764 5063 per
781 5010 838 5050 se
857 4995 1034 5067 ipsum
1053 4996 1420 5070 imperterrita
1438 5007 1627 5056 contra
1645 5009 1990 5062 terroresco-

415 5078 503 5148 pia
525 5079 619 5152 (ιη)
643 5083 993 5143 manifestare
1011 5087 1230 5145 interim
1247 5088 1519 5145 occultam
1535 5091 1844 5148 veritatem.
1878 5096 1990 5152 Ad-

488 5215 517 5254 δ
548 5215 710 5272 Rom.
737 5233 850 5283 vm,
887 5219 980 5276 20.

2103 4543 2180 4615 μὴ
2221 4543 2518 4615 ἰσχύοντες,
2545 4543 2634 4598 διὰ
2659 4545 2758 4618 τὴν
2783 4547 3153 4620 ἐγγενομένην
3186 4552 3300 4617 ἕξιν
3323 4555 3424 4627 τῆς
3461 4559 3666 4623 κακίας.

2099 4632 2252 4706 ῆτὴν
2282 4633 2572 4688 ἀσθένειαν
2612 4635 3020 4710 καθαιρόμεθα,
3068 4642 3101 4712 ἢ
3160 4645 3444 4717 παροῦσάν
3481 4667 3542 4703 τε
3585 4651 3670 4704 καὶ

2099 4727 2406 4799 νεμομένην
2430 4727 2631 4782 κακίαν
2656 4729 3103 4803 άποϐαλλόμεθα,
3137 4737 3232 4791 καὶ
3271 4738 3408 4809 πρὸς
3453 4742 3667 4796 ἀναστο-

2097 4821 2194 4893 λὴν
2217 4822 2317 4892 τῆς
2345 4822 2651 4893 μελλούσης
2698 4823 2827 4878 ίδεῐν
2872 4827 3369 4901 προδιδασκόμεθα,
3401 4834 3433 4906 ῆ
3479 4852 3667 4908 καρτο-

2103 4915 2226 4984 ρίας
2252 4916 2486 4989 ἀρίστης
2520 4919 2617 4972 καὶ
2649 4918 2908 4986 εὐσεϐοῦς
2932 4921 3187 4994 ἀνδρείας
3216 4925 3523 5000 ὑπόδειγμα
3553 4929 3666 4984 θαυ-

2101 5010 2306 5079 μαστὸν
2332 5013 2448 5074 τοῖς
2479 5010 2661 5076 ἄλλοις
2689 5011 3005 5084 ἀνθρώποις
3047 5016 3208 5083 ἄλλος
3237 5021 3557 5092 προτίθεται
3581 5024 3663 5079 άν-

2101 5100 2340 5170 θρωπος,
2367 5102 2543 5174 ἄνπερ
2577 5103 2789 5176 ὑψηλῆς
2823 5103 2856 5180 ᾖ
2892 5106 2993 5178 τὴν
3016 5108 3262 5166 διάνοιαν
3289 5114 3385 5169 καὶ
3410 5116 3512 5187 τὴν
3544 5115 3660 5186 ἀρε-

1717 5323 1952 5383 νΑιιυΕ
1987 5329 2394 5390 LECTIONES.

399 5401 869 5508 ‘noz'hpptivwv
909 5406 1032 5462 cod.
1097 5409 1239 5464 Gud.
1286 5411 1393 5470 SLd
1433 5411 1626 5471 eadem
1665 5434 1863 5476 manus
1898 5423 2103 5495 syllaba
2161 5441 2238 5480 σω
2312 5430 2685 5502 superscripta
2747 5434 3015 5506 σωμάτων
3080 5439 3460 5508 reponendum
3521 5439 3650 5498 indi-

413 5471 579 5528 cavit.

1965 5583 2199 5642 ΝΟΤΑΞ.

591 5656 757 5740 Omne
785 5661 924 5732 quod
960 5661 1456 5740 [ecerat‘(sic_Ga|e
1514 5670 1568 5740 in
1599 5671 1812 5740 adnot.,
1864 5692 1976 5732 non

417 5727 559 5799 fecit)
594 5769 608 5784 .
645 5727 807 5786 verte
835 5727 1048 5787 amitino
1073 5727 1261 5789 oblitus
1288 5737 1489 5805 fuerat.
1513 5739 1709 5812 (Gale.)

2159 5680 2222 5763 ᾳ)
2243 5679 2394 5763 ‘Lege
2434 5683 2800 5763 depascentem
2831 5703 2947 5763 nos.
2968 5689 3165 5763 (Gale.;

2165 5751 2258 5821 (ιη)
2292 5751 2434 5824 Lége
2472 5751 2682 5827 copula.
2725 5756 2926 5829 (Gale.)
