4014 6284
330 300 469 367 1105

1550 304 2065 368 AMBIGUOBUM
2105 308 2352 370 LIBER.

3419 307 3554 375 1106

323 412 427 482 τὴν
464 411 734 480 ἐπίδοξος,
785 412 881 465 καὶ
930 410 1115 475 ἱκανὸς
1160 410 1228 465 δι’
1268 410 1465 465 ἑαυτοῦ
1501 416 1568 486 τῇ
1607 413 1894 484 άκλονήτῳ

1995 424 2180 469 monet
2224 414 2409 485 itaque
2438 429 2532 472 eos
2559 415 2652 486 qui
2680 416 2815 472 nihil
2846 432 3010 487 supra
3041 427 3363 488 praesentem
3394 419 3558 472 vitam

324 505 466 577 πρὸς
512 503 580 557 τὰ
613 503 764 558 δεινά
820 504 1106 575 συμπλοκῇ
1155 503 1470 574 φανερῶσαι
1492 505 1593 577 τὴν
1620 506 1760 570 τέως
1803 523 1896 560 κε-

324 597 654 669 κρυμμένην
689 596 967 667 ἀλήθειαν.
1001 599 1266 668 Παραινεϊ
1296 594 1389 653 οὖν
1417 602 1531 662 τοῖς
1559 597 1729 671 μηδὲν
1753 598 1896 670 ὑπὲρ

322 691 424 760 τὴν
452 690 735 761 παροῦσαν
761 689 907 761 ζωὴν
923 690 1255 746 διανοεῖσθαι
1278 691 1619 762 δυναμένοις,
1653 690 1728 762 μὴ
1759 691 1894 762 θαρ-

322 782 482 854 ροῡσι
522 784 589 853 τῇ
614 782 708 837 τοῦ
745 784 999 854 σώματος
1033 783 1215 855 ὑγεία,
1245 784 1341 838 καὶ
1360 784 1448 856 ,τῷ
1475 786 1616 839 κατὰ
1642 783 1771 857 ῥοῦν
1796 800 1893 853 φε-

323 874 542 943 ρομένῳ
570 870 681 924 τῶν
729 872 1075 943 πραγμάτων
1113 873 1300 945 δρόμῳ
1350 874 1491 929 κατὰ
1532 873 1646 927 τῶν
1687 872 1895 927 τούτων

319 964 704 1035 ὲστερημὲνων
748 963 1099 1035 ἐπαίρεσθαι,
1129 964 1233 1029 ἕως
1274 966 1307 1035 ὴ
1343 964 1593 1037 παροῦσα
1631 965 1892 1035 ἐνέστηκε

320 1057 458 1130 ζωὴ.
501 1060 723 1141 καὶκτὴν
770 1058 979 1129 φθοράν
1011 1059 1353 1132 περίκεινται
1398 1060 1626 1131 ταύτην,
1670 1060 1799 1130 περὶ
1825 1060 1893 1131 ἢν

319 1151 354 1220 ή
387 1149 566 1223 τροπὴ
597 1149 693 1205 καὶ
734 1152 770 1220 ή
824 1150 1144 1215 ἀλλοίωσις,
1202 1151 1397 1223 ἀδήλου
1429 1151 1582 1216 ὄντος
1618 1152 1712 1207 τοῦ
1739 1151 1793 1205 τι
1828 1152 1893 1205 ἐκ

318 1241 423 1310 τῆς
449 1240 543 1296 τοῦ
570 1239 821 1312 σώματος
842 1242 936 1296 καὶ⁸
970 1242 1079 1295 τῶν
1106 1242 1264 1307 ἐκτὸς
1298 1244 1638 1313 πραγμάτων
1670 1245 1894 1312 ἀνωμα-

319 1332 443 1397 λίας
490 1349 546 1386 τε
577 1332 675 1389 uel.
711 1334 958 1405 ταραχῆς
983 1334 1078 1389 καὶ
1114 1335 1298 1398 αὐτοῖς
1330 1335 1695 1408 συμϐήσεται.
1721 1335 1893 1389 Τοῦτο

318 1423 429 1496 γὰρ
456 1420 609 1494 οἶμαι
634 1422 815 1493 λέγειν
844 1423 1008 1479 αὐτὸν
1041 1422 1132 1479 διὰ
1157 1424 1274 1490 τοῦ,
1317 1444 1334 1476 ι
1364 1425 1513 1489 Ἕως
1541 1423 1606 1479 ἂν
1632 1425 1728 1478 καὶ
1756 1425 1889 1497 παρ’

320 1516 528 1585 ἑαυτῆς
562 1519 597 1588 η
624 1516 725 1587 ὕλη
753 1516 893 1588 φέρῃ
922 1516 984 1571 τὸ
1016 1516 1276 1581 ἄτακτον,
1309 1534 1329 1570 ι
1364 1516 1486 1570 ἀντὶ
1504 1515 1621 1582 τοῦ,
1654 1516 1800 1579 Ἕως
1823 1516 1892 1571 ἂν

318 1607 429 1662 ὑπὸ
458 1607 663 1678 φθορὰν
692 1608 784 1663 καὶ
816 1606 1109 1663 ἀλλοίωσίν
1135 1608 1253 1661 ἐστι
1282 1607 1439 1661 τοῦτο
1457 1606 1521 1661 τὸ
1541 1609 1673 1674 πᾶν,
1706 1608 1803 1662 καὶ
1828 1608 1891 1662 τὸ

1996 505 2301 577 intelligere
2332 518 2580 577 possunt,
2610 524 2679 564 ne
2724 510 2779 563 in
2819 511 3051 566 sanitate
3088 512 3333 581 corporis
3384 512 3559 567 conti-

1994 597 2146 665 dant,
2176 607 2234 656 et
2258 600 2584 657 destillando
2613 601 2801 657 mobili
2831 618 3015 657 rerum
3043 616 3203 657 cursu
3232 619 3332 673 per
3371 618 3560 659 earum

1992 690 2238 748 defectus
2260 694 2569 751 exaltentur
2598 694 2701 765 (η),
2738 693 2867 749 dum
2910 710 3145 764 praesens
3170 695 3386 751 steterit
3425 696 3558 759 vita,

1992 790 2049 838 et
2087 783 2142 838 in
2195 784 2356 839 talem
2402 785 2815 854 corruptionem
2860 786 3378 849 circumvolvantur,
3416 786 3561 840 circa

1992 889 2155 943 quam
2204 874 2493 930 conversio
2522 885 2607 931 est
2652 886 2709 933 et
2754 877 3123 942 mutabilitas;
3160 876 3291 931 dum
3340 877 3414 930 sit
3457 876 3561 930 hoc

1993 965 2288 1032 incertum,
2318 966 2451 1035 quid
2480 982 2547 1022 ex
2570 984 2800 1040 corpore
2831 979 2888 1026 et
2912 971 3154 1026 exterius
3183 986 3366 1024 rerum
3397 970 3561 1024 dissi-

1994 1060 2303 1117 militudine
2326 1078 2391 1118 ac
2411 1063 2821 1133 perturbatione
2842 1063 2925 1119 eis
2946 1062 3245 1133 contingat.
3274 1060 3390 1115 Hoc
3414 1058 3560 1113 enim

1992 1153 2232 1209 arbitror
2263 1152 2450 1211 dicere
2474 1170 2598 1211 eum
2630 1170 2728 1224 per
2760 1156 2885 1219 hoc,
2919 1174 2937 1206 ι
2977 1155 3115 1208 Dum
3151 1168 3180 1207 a
3212 1167 3271 1207 se
3305 1151 3420 1221 ipsa
3448 1165 3565 1203 ma-

1994 1246 2158 1303 teries
2201 1246 2311 1303 fert
2356 1247 2746 1312 inordinatum,
2786 1267 2804 1299 ι
2858 1262 2958 1316 pro
2989 1262 3057 1300 eo
3101 1243 3249 1315 quod
3293 1251 3395 1306 est,
3431 1241 3561 1297 dum

1992 1342 2095 1397 sub
2140 1344 2493 1413 corruptione
2527 1350 2584 1398 et
2625 1342 2991 1398 mutabilitate
3032 1348 3117 1396 est
3148 1340 3254 1394 hoc
3288 1347 3460 1394 totum
3506 1345 3562 1392 ct

1952 1450 1957 1453 '
1990 1447 2192 1503 corpus
2222 1434 2548 1489 humilitatis
2578 1434 2879 1498 induimur,
2925 1442 2982 1489 et
3022 1446 3177 1502 atque
3204 1446 3272 1486 ex
3317 1428 3435 1500 ipso
3463 1444 3563 1499 per

1992 1528 2211 1584 insitam
2234 1528 2607 1585 inﬁrmitatem
2630 1529 2814 1584 multis
2834 1528 3011 1583 modis
3033 1526 3191 1582 malis
3217 1525 3559 1596 subjicimur.

1989 1636 2059 1675 ne
2094 1618 2165 1675 ab
2206 1618 2440 1676 invicem
2472 1636 2790 1691 separemur
2819 1634 2919 1689 per
2960 1633 3080 1673 eam
3125 1632 3245 1687 qua:
3285 1616 3430 1671 circa
3462 1630 3562 1669 nus

318 1700 483 1771 σῶμα
511 1700 610 1767 τῆς
652 1700 1035 1765 ταπεινώσεως
1067 1698 1455 1773 περικείμεθα.
1490 1699 1585 1754 καὶ
1619 1700 1748 1766 ἴσως
1772 1702 1887 1765 τοῖς

1992 1720 2077 1767 est
2104 1709 2545 1781 ianualitatem,
2602 1711 2697 1767 sed
2737 1710 2909 1781 magis
2936 1708 3194 1780 prudenti
3234 1706 3562 1778 cogitatione

316 1791 377 1855 ἐξ
414 1790 582 1844 αὐτοῦ
634 1791 722 1845 διὰ
775 1793 875 1862 τὴν
908 1792 1151 1863 ἔμφυτον
1192 1790 1480 1847 ἀσθένειαν
1528 1791 1893 1863 πολυτρόποις

316 1884 509 1945 κακοῖς
546 1881 907 1953 ὑποκείμεθαο
954 1882 1029 1955 μὴ
1087 1884 1209 1937 κατ’
1238 1882 1487 1953 ἀλλήλων
1528 1880 1890 1953 ὲπαιρὼμεοα

314 1973 407 2027 διά
432 1973 534 2044 τὴν
554 1973 683 2046 περὶ
713 1975 863 2044 ἡμᾶς
888 1974 1183 2046 ἀνισότητα
1201 1973 1383 2045 (135
1409 1974 1484 2045 b),
1516 1974 1655 2029 ἀλλὰ
1689 1975 1891 2045 μᾶλλον

316 2066 556 2136 σώφρονι
577 2065 822 2137 λογισμῷ
847 2065 946 2137 τὴν
978 2068 1079 2135 τῆς
1117 2065 1377 2137 ὁμοτίμου
1423 2064 1640 2136 φύσεως
1670 2065 1893 2137 ἀνωμα-

312 2157 440 2211 λίαν
499 2157 942 2228 ὲξομαλίσωμεν,
977 2157 1075 2221 τὰς
1103 2158 1212 2211 τῶν
1241 2157 1416 2213 ἄλλων
1453 2156 1723 2228 ἐλλείψεις
1768 2160 1891 2222 ταῖς

313 2248 476 2319 ἡμῶν
521 2248 702 2302 αὐτῶν
739 2247 1179 2320 ἀναπληροῦντες
1206 2249 1555 2321 ὑπερϐολαῖς.
1590 2250 1682 2303 Διὸ
1721 2248 1885 2321 τυχὸν

313 2338 414 2393 καὶ
441 2339 476 2410 ή
506 2337 761 2411 παροῦσα
788 2339 1143 2410 συνεχωρήθη
1170 2339 1552 2393 πολιτεύεσθαι
1577 2340 1885 2412 ἀνωμαλία,

316 2428 410 2483 ἵνα
438 2429 624 2501 δειχθῇ
656 2430 689 2500 ἡ
732 2430 825 2484 τοῦ
867 2431 925 2484 ὲν
953 2431 1086 2501 ἡμῖν
1114 2429 1273 2500 λόγου
1307 2429 1537 2502 δύναμις
1566 2432 1889 2503 προτιμῶσα

312 2522 540 2578 πάντων
568 2522 665 2593 τὴν
702 2524 927 2595 ἀρετήν.
962 2521 1190 2577 Πάντων
1216 2522 1326 2595 γάρ
1355 2522 1657 2595 ἀνθρώπων
1685 2526 1719 2596 ἡ
1750 2524 1887 2597 αὐτη

315 2617 438 2669 ἐστι
471 2615 568 2669 τοῦ
597 2633 656 2669 τε
706 2615 959 2686 σώματος
993 2616 1090 2670 καὶ
1127 2615 1237 2669 τῶν
1263 2617 1420 2681 ἐκτὸς
1454 2615 1632 2687 τροπὴ
1661 2617 1758 2672 καὶ
1789 2618 1886 2671 άλο

1993 1802 2227 1860 naturali
2283 1803 2512 1874 collegio
2565 1802 2987 1872 inaequalitatem
3040 1801 3203 1871 plane
3258 1798 3559 1860 faciamus,

1990 1892 2222 1948 aliorum
2251 1893 2499 1951 defectus
2526 1894 2731 1950 nostris
2760 1893 2892 1964 ipsis
2923 1892 3288 1962 adimplentes
3332 1903 3559 1959 supera-

1990 1983 2330 2043 bundantiis.
2358 1987 2590 2057 Propter
2620 1987 2725 2042 hoc
2757 1984 3007 2041 fortassis
3034 1998 3275 2054 praesens
3302 1995 3575 2038 concessa.

1990 2086 2075 2132 est
2118 2078 2435 2134 conversari
2478 2077 2769 2142 auomalia,
2802 2087 2864 2133 ut
2909 2075 3293 2132 ostenderetur
3332 2073 3560 2128 rationis

1993 2182 2118 2237 qua:
2164 2168 2220 2223 in
2283 2168 2446 2225 nobis
2476 2178 2563 2226 est
2592 2168 2854 2240 potentia,
2890 2166 3281 2238 prashonorans
3308 2163 3585 2219 omnibus.

1989 2259 2270 2315 virtutem.
2302 2259 2557 2317 Omnium
2586 2259 2737 2315 enim
2780 2259 3063 2313 hominum
3102 2256 3291 2313 eadem
3319 2264 3405 2310 est
3436 2268 3561 2308 cor-

1990 2350 2143 2420 poris
2182 2360 2237 2406 et
2263 2367 2454 2408 eorum
2487 2366 2609 2422 quae
2634 2360 2787 2406 extra
2818 2359 2946 2406 sunt
2985 2346 3271 2405 conversio
3300 2355 3358 2401 et
3387 2351 3562 2399 mula-

1990 2440 2195 2507 bilitas,
2227 2459 2348 2514 quae
2378 2443 2484 2500 fert
2524 2452 2580 2499 et
2602 2442 2797 2508 fertur,
2833 2453 2889 2497 ct
2932 2438 3276 2496 solummodo
3317 2437 3425 2492 hoc
3451 2443 3562 2490 sta-
3654 2506 3657 2511 Α

1991 2531 2102 2587 bile
2148 2534 2393 2603 possidet
2422 2550 2486 2591 ac
2518 2534 2733 2589 ﬁrmum
2782 2531 2931 2603 quod
2976 2529 3230 2586 instabile
3258 2536 3343 2584 est
3370 2541 3436 2581 ac
3462 2538 3563 2580 vo-

1994 2621 2186 2677 lubile.

315 2704 562 2769 λοξωσις,
603 2704 846 2778 φέρουσά
874 2723 933 2759 τε
963 2706 1060 2761 καὶ
1088 2704 1387 2777 φερομένη,
1431 2705 1524 2760 καὶ
1555 2706 1714 2776 μόνον
1738 2706 1898 2761 τοῦτο
1934 2714 2249 2795 κεκτημένη
2282 2714 2545 2787 σταθερόν
2577 2732 2633 2768 τε
2666 2715 2759 2767 καὶ
2820 2713 3069 2784 βάσιμον,
3098 2710 3161 2767 τδ
3185 2711 3417 2772 ἄστατον
3472 2707 3565 2765 καὶ

315 2802 639 2871 φερόμενον.

318 2978 434 3035 Τοῦ
471 2976 657 3032 αὐτοῦ
689 2978 757 3031 ἐκ
787 2976 896 3032 τοῦ
925 2980 1013 3046 εις
1036 2977 1142 3033 τὸν
1178 2976 1350 3048 ἅγιον
1393 2978 1753 3035 Ἀθανάσιον
1772 2984 1876 3038 .16-

1990 2986 2240 3061 Ejusdem
2278 3003 2341 3041 ex
2369 3003 2607 3041 sermone
2632 2988 2687 3041 in
2716 2986 3094 3053 Athanasium,
3123 2989 3180 3042 in
3224 2990 3319 3044 hoc
3345 3006 3362 3043 :
3393 3007 3410 3041 ι
3448 2987 3568 3042 Non

390 3089 522 3141 rev.
549 3074 636 3138 εις
686 3072 770 3138 τὸ,
809 3090 828 3124 ι
870 3073 952 3127 Οὐ
993 3072 1101 3143 γὰρ
1159 3072 1284 3141 ἔχει
1334 3084 1387 3125 τι
1436 3073 1883 3146 ὑψηλότερονῆ

2058 3081 2197 3134 enim
2239 3078 2392 3134 habet
2430 3079 2555 3146 quid
2591 3076 2752 3131 altius
2802 3093 2964 3148 quam
3009 3079 3222 3133 omnino
3258 3078 3428 3133 habet.
3467 3097 3484 3128 ο

385 3165 545 3230 ὅλως
576 3164 699 3229 ἔξει
728 3164 825 3235 (ι).
863 3183 881 3215 ι

393 3282 558 3333 Δοκεῖ
587 3296 679 3351 μοι
715 3279 804 3333 διὰ
832 3279 1040 3335 τούτων
1069 3282 1342 3337 ἀπολῦσαι
1378 3284 1561 3355 πάσης
1610 3299 1894 3354 συγκριτι-

2062 3281 2294 3338 Videtur
2321 3280 2453 3336 mihi
2485 3296 2584 3351 per
2614 3280 2731 3335 hmc
2775 3279 3075 3336 absolvisse
3123 3280 3193 3335 ab
3233 3279 3383 3336 omni
3410 3294 3574 3335 com!

309 3374 422 3442 κῆς
473 3390 534 3427 τε
586 3374 681 3426 καὶ¹
711 3372 1058 3444 διακριτικῆς
1106 3375 1201 3428 καὶ
1240 3376 1414 3441 ἄλλως
1444 3394 1560 3441 πως
1588 3376 1891 3447 λεγομένης

1992 3374 2238 3445 parativo
2269 3380 2325 3429 et
2356 3371 2652 3429 discretivo
2698 3380 2755 3425 et
2788 3370 3176 3442 quoquomodo
3217 3371 3380 3426 aliter
3416 3370 3565 3426 dicto

311 3465 557 3535 σχέσεως
582 3463 672 3518 τὸν
698 3464 1084 3535 διδασκόμενον
1105 3466 1134 3518 ὁ
1173 3464 1423 3536 Θεόφρων
1448 3460 1604 3531 οὗτος
1625 3468 1888 3522 διδάσκαο

1992 3463 2185 3520 habitu
2227 3463 2483 3519 edoctum
2512 3463 2613 3518 iste
2643 3462 2828 3518 Deil‘er
2856 3463 3132 3534 magister.
3168 3462 3303 3517 Nam
3333 3462 3564 3517 immen-

306 3557 427 3620 λος.
463 3558 726 3627 ’Δσχετον
754 3555 864 3629 γὰρ
898 3556 960 3608 τὸ
979 3556 1219 3611 τοιοῦτον
1241 3557 1381 3623 εἶδος
1417 3559 1510 3613 τοῦ
1542 3558 1701 3628 λόγου
1730 3560 1893 3629 φασὶν

1998 3570 2115 3613 sam
2164 3569 2285 3612 esse
2336 3555 2500 3610 talem
2545 3554 2811 3611 orationis
2854 3554 3092 3625 speciem
3123 3555 3333 3621 dicunt,
3367 3554 3462 3624 qui
3512 3552 3566 3607 in

307 3651 361 3704 oi
392 3650 520 3719 περὶ
537 3649 708 3702 ταῦτα
735 3648 915 3714 δεινοὶ,
957 3650 1050 3702 καὶ
1080 3651 1276 3704 ταύτὸν
1307 3651 1566 3706 δύνασθαι
1595 3652 1675 3722 τῷ
1722 3652 1893 3720 ἀσυγ-

2001 3648 2200 3705 talibus
2228 3648 2506 3719 sapientes
2537 3655 2687 3713 sunt,
2719 3657 2775 3702 et
2808 3646 2952 3703 hanc
2989 3662 3151 3719 posse
3182 3647 3254 3721 (o)
3286 3648 3536 3715 incompa
3564 3674 3568 3678 -

310 3739 520 3811 κρίτως
551 3740 692 3811 ὑπὲρ
731 3740 909 3794 πάντα
956 3738 1095 3795 εἶναι
1141 3740 1342 3809 λέγειν,
1376 3741 1453 3805 ὡς
1493 3742 1723 3813 δύναμιν
1774 3743 1894 3812 ἔχον

2000 3741 2249 3797 rabiliter
2276 3756 2443 3811 super
2473 3740 2656 3795 omnia
2686 3755 2805 3796 esse
2832 3740 3042 3806 dicere,
3075 3736 3279 3811 quippe
3307 3738 3583 3794 virtutem.

310 3833 651 3903 ὑπεροχικῆς
679 3831 1023 3901 ἀποφάσεως.

2002 3833 2167 3888 habet
2193 3831 2655 3903 supereminentis
2679 3832 3003 3904 negationis.

324 4014 433 4068 Ἐκ
464 4011 574 4067 τοῦ
613 4011 802 4068 αὐτοῦ
835 4012 1046 4082 λόγου,
1100 4015 1187 4079 εὶς
1214 4013 1305 4077 τὸ,
1342 4033 1360 4066 ι
1397 4007 1609 4086 ᾯιτινι
1632 4013 1751 4084 μὲν
1779 4010 1895 4070 οὖν

1998 4014 2250 4082 Ejusdem
2294 4029 2357 4068 ea:
2407 4012 2671 4081 epitaphio
2719 4011 2773 4065 in
2819 4019 3062 4064 sanctum
3097 4006 3478 4069 Athanasium,
3513 4005 3571 4059 in

390 4103 705 4174 ἐξεγένετο
756 4103 854 4159 διὰ
906 4104 1096 4174 λόγου
1144 4104 1245 4158 καὶ
1293 4106 1540 4174 θεωρίας
1582 4105 1895 4176 διασχόντι

2065 4108 2202 4161 hoc:
2233 4124 2252 4157 ι
2285 4103 2382 4160 Cui
2408 4104 2570 4174 igitur
2598 4101 2797 4155 licitum
2830 4100 2928 4170 fuit
2963 4115 3054 4169 per
3080 4098 3342 4153 rationem
3369 4103 3420 4149 et
3444 4111 3570 4149 con-

385 4196 504 4263 τὴν
530 4197 690 4264 ὕλην
712 4195 812 4251 καὶ
840 4196 906 4251 τὸ
939 4196 1229 4265 σαρκικὸν
1259 4197 1304 4230 ⁸⁸
1334 4197 1530 4264 τοῦτο,
1562 4198 1685 4253 εἴτε
1715 4198 1898 4269 νέφος

390 4287 508 4357 χρὴ
558 4289 781 4358 λέγειν,
809 4290 932 4343 εἴτε
964 4288 1363 4359 προκάλυμμα
1396 4331 1409 4355 ,
1447 4289 1570 4356 Θεῷ
1608 4291 1897 4361 συγγενέ-

387 4383 551 4444 σθαι,
592 4380 690 4435 καὶ
722 4380 803 4446 τῷ
846 4382 1338 4451 ἀκραιφνεστάτῳ
1377 4381 1524 4451 φωτὶ
1578 4382 1892 4451 κραθῆναι,
1923 4423 1969 4478 D

390 4475 521 4527 καθ’
551 4472 701 4528 ὅσον
743 4472 994 4544 ἐφικτὸν
1012 4473 1361 4542 ἀνθρωπίνῃ
1382 4474 1583 4543 φύσει,
1602 4473 1893 4543 μακάριος

390 4561 572 4633 οὗτος
598 4564 709 4635 τῆς
735 4565 1018 4622 ἐντεῦθεν
1036 4566 1384 4632 ἀναϐάσεως
1412 4565 1511 4620 καὶ
1545 4564 1656 4634 τῆς
1694 4566 1896 4620 ἐκεῖσε

390 4658 684 4725 θεώσεως,
709 4658 789 4728 ἢν
809 4659 876 4715 τὸ
909 4658 1173 4729 γνησίως
1202 4657 1620 4730 φιλοσοφῆσαι
1666 4655 1895 4728 χαρίᾴ-

390 4769 514 4817 ται,
564 4752 664 4807 καὶ
723 4752 789 4807 τὸ
845 4751 999 4821 ὑπὲρ
1045 4752 1161 4821 τὴν
1212 4751 1437 4821 ὑλικὴν
1479 4750 1673 4805 δυάδα
1733 4750 1897 4821 γενέ-

391 4845 534 4898 σθαι
586 4841 687 4898 διὰ
733 4843 850 4913 τὴν
909 4845 979 4898 ἐν
1035 4843 1226 4913 Τριάδι
1270 4843 1315 4876 ⁸⁷
1371 4842 1710 4913 νοουμένην
1764 4842 1898 4895 ἐνό-

390 4953 543 5004 τητα
567 4937 666 5009 (5).
708 4957 726 4990 ι

405 5052 549 5122 Ἐγὼ
591 5054 688 5125 μὲν
722 5054 822 5109 οὐκ
864 5049 1017 5127 οἶμαι
1048 5051 1286 5116 ἐλλιπῶς
1317 5051 1364 5084 ⁵⁸
1389 5050 1536 5122 ἔχειν
1572 5049 1660 5103 τὸν
1694 5048 1891 5102 ἀποδο-

2071 5046 2184 5115 Ero
2216 5040 2437 5112 quidem
2487 5052 2596 5092 non
2653 5047 2876 5106 possum
2926 5029 3188 5087 deﬁciens
3240 5029 3443 5087 habere
3493 5029 3571 5102 (p)

1596 5156 1824 5213 VARI/E
1863 5152 2157 5212 LECTION
2168 5152 2272 5207 ES.

1112 5253 1157 5287 ’δ’
1202 5257 1267 5326 τῇ
1320 5253 1497 5327 τριάδι
1550 5251 1640 5307 ed.
1672 5250 1794 5306 u’al.
1872 5250 1916 5282 "
1947 5244 2210 5308 ὲλλειπῶς
2235 5242 2324 5299 ed.
2360 5240 2477 5295 Gal.

1850 5358 2075 5416 ΝΟΤὶΕ.

399 5461 479 5534 (n)
507 5461 670 5517 Verte
701 5476 793 5514 nec
824 5470 1036 5534 propter
1070 5475 1241 5534 rerum
1261 5474 1481 5534 suarum
1510 5472 1723 5529 cursum
1748 5453 1885 5523 inof-
2065 5438 3253 5534 (ιοὶὶἾρι-ισοξΫΑἱᾴερξὲυρ-Ιεζεῄίιῖςῖἐιίιςζςϐριιεάξ

326 5505 534 5601 reas";
553 5505 1328 5600 ξδῑᾱέιῖῑεος·ὶιςίενξεέεῖεᾱέενηι
1355 5505 1718 5582 έέέίίιέίίέιῑίξπ
2069 5505 2149 5592 ip)
2186 5519 2349 5575 vene
2369 5513 2734 5587 imperfectam
2766 5505 3087 5566 existimare?
3121 5505 3336 5581 (GM

399 5647 477 5717 (4)
509 5645 891 5717 Gregor.Naz.
922 5643 1073 5717 O_rat.
1104 5643 1185 5717 In
1204 5643 1419 5717 tandem
1448 5644 1623 5711 magni
1656 5638 1953 5706 Athanasii,
1986 5652 2103 5708 cap.
2136 5637 2185 5702 l,
2212 5650 2267 5706 p.
2306 5632 2430 5699 586,
2473 5641 2605 5687 tom.
2644 5630 2684 5695 Ι,
2712 5628 2799 5684 ed.
2829 5624 3028 5682 Bcned.

404 5713 483 5788 (5)
518 5713 685 5771 Idem.
712 5715 838 5771 ibid.
875 5731 924 5771 c.
955 5715 1009 5781 2,
1044 5730 1097 5786 p.
1123 5713 1244 5769 586.

2068 4197 2459 4268 temptationem
2506 4194 2897 4265 pertranseunti
2940 4191 3219 4245 materiam
3260 4197 3310 4244 et
3352 4202 3572 4243 carna.e

2067 4292 2181 4356 hoc,
2201 4290 2309 4343 sive
2330 4287 2563 4342 nimbum
2592 4292 2793 4355 oportet
2815 4283 3005 4348 dicere,
3034 4283 3139 4337 sive
3165 4280 3428 4342 velamen,
3454 4294 3573 4333 cum

2071 4380 2179 4434 Deo
2209 4378 2359 4447 ﬁeri,
2408 4385 2458 4431 et
2498 4375 2778 4446 purissimo
2822 4372 3018 4428 lumine
3067 4372 3263 4435 teneri,
3313 4377 3573 4440 quantum

2069 4470 2307 4542 possibile
2333 4476 2410 4525 est
2437 4470 2682 4522 humana:
2707 4474 2913 4520 naturae
2941 4465 3122 4518 beatus
3144 4464 3240 4517 iste
3271 4462 3574 4516 ascensione

2066 4565 2187 4618 hinc
2220 4570 2269 4615 et
2304 4560 2449 4615 illius
2477 4556 2824 4625 deiﬁcatione,
2866 4556 2931 4608 de
2969 4569 3075 4622 qua
3116 4555 3313 4608 sincere
3344 4550 3572 4621 philoso-

2069 4654 2224 4723 phari
2270 4652 2534 4715 donatur,
2586 4657 2635 4702 et
2684 4661 2841 4717 super
2890 4642 3219 4698 materialem
3257 4640 3585 4696 dualitatem.

2067 4744 2186 4813 ﬁeri
2217 4759 2308 4813 per
2333 4739 2653 4797 intellectam
2680 4738 2735 4791 in
2766 4736 3023 4791 Trinitate
3053 4735 3329 4789 unitatem.
3367 4749 3389 4783 s

395 5255 441 5287 “
479 5255 703 5327 σαρκίον
743 5257 832 5312 ed.
894 5256 1011 5313 Gal.
