4014 6284
505 331 640 405 Ῑῖθη

1656 347 1716 407 S.
1756 345 2041 408 ΜΑΧΙΜΙ
2082 346 2588 409 CONFESSORIS

3617 350 3752 417 1108

502 452 775 510 redditam
814 451 884 508 de
913 452 1119 510 virtute
1152 462 1470 511 sanctorum
1506 457 1753 528 magistri
1784 459 2079 523 rationem,

2189 459 2346 514 θέντα
2399 463 2528 533 περὶ
2578 462 2763 535 (136
2792 462 2849 533 a)
2895 463 2993 535 τῆς
3041 462 3243 536 ἀρετῆς
3291 463 3403 519 τῶν
3450 465 3628 535 ἀγίων
3661 467 3755 521 τοῦ

501 548 605 605 etsi
621 546 868 619 quidam,
887 556 948 604 ut
975 549 1297 619 scripsistis,
1311 551 1417 605 hoc
1436 550 1798 618 arbitrantur,
1819 566 1920 622 per
1947 551 2076 614 hoc,

503 641 718 698 ratione
738 651 798 699 et
819 643 1286 713 contemplatione
1304 644 1671 709 solummodo,
1696 645 1817 701 sine
1837 644 2076 710 actione,

503 741 628 804 post
656 756 661 763 -
685 734 860 789 Deum
896 735 1301 790 transeuntium
1360 736 1535 807 ipsam
1591 736 1776 793 dicere
1830 736 2078 807 philoso-

506 826 720 896 phiam;
751 842 782 883 e
811 828 1089 883 contrario
1119 844 1253 885 vero
1290 834 1632 899 compactam
1663 828 1866 884 actioni
1892 843 2079 885 veram

504 920 650 977 circa
677 937 743 976 ea
781 938 903 992 qua:
941 929 1090 986 sunt,
1119 936 1313 976 eorum
1341 931 1399 977 et
1435 920 1829 993 judicationem
1860 930 1917 979 et
1948 937 2081 993 ope-

506 1014 798 1082 rationem,
839 1029 1001 1084 quam
1027 1013 1430 1085 phil030phiam
1469 1014 1642 1069 solam
1674 1030 1804 1070 vere
1827 1015 2083 1086 planissi-

504 1120 649 1159 mam
673 1119 775 1175 ego
806 1105 1000 1160 saltem
1026 1105 1203 1160 audax
1228 1103 1456 1171 deﬁnio,
1491 1105 1666 1176 magis
1691 1113 1878 1176 aperte
1907 1106 2082 1161 intro-

506 1195 729 1252 duxisse
749 1211 871 1251 eam
898 1194 972 1268 (ᾳ)
996 1196 1260 1267 suscipio,
1287 1197 1503 1253 ratione
1529 1206 1587 1253 et
1616 1198 2081 1269 contemplatione

506 1287 709 1360 corrigi
752 1302 874 1343 eam
912 1287 1269 1344 manifestans
1315 1288 1408 1360 (r).
1441 1289 1657 1360 Quippe
1702 1290 1904 1347 rationi
1947 1307 2079 1348 con-

502 1379 692 1446 juncta
720 1377 947 1433 omnino
973 1377 1192 1433 actione
1236 1386 1292 1433 et
1322 1378 1681 1449 judicatione,
1710 1396 1833 1451 qua:
1875 1380 1930 1436 in
1961 1381 2083 1452 ipsa

505 1478 610 1536 est,
636 1485 735 1539 per
775 1469 1293 1539 contemplationem
1330 1472 1760 1542 comprehensa;
1807 1472 2082 1545 siquidem

508 1561 736 1618 rationis
779 1569 866 1617 est
902 1561 1160 1618 ordinare
1200 1562 1453 1632 corporis
1491 1572 1703 1619 motum
1726 1564 1899 1619 veluti
1925 1565 2084 1622 freno

506 1652 746 1724 quodam
818 1661 968 1709 recta
1010 1652 1430 1710 ratiocinatione
1489 1654 1559 1710 ab
1604 1670 1674 1711 eo
1721 1656 1820 1727 qui
1882 1667 1967 1713 est
2014 1659 2081 1714 ad

508 1747 1014 1815 ineonsequentiam
1038 1745 1105 1818 (δ)
1131 1754 1315 1802 meatu
1338 1747 1758 1819 disciplinaliter
1778 1758 2050 1806 retentum
2067 1793 2085 1818 ,

507 1839 992 1910 contemplationis
1033 1854 1167 1894 vero
1228 1854 1352 1910 qua:
1397 1839 1544 1895 bene
1590 1840 1869 1899 intellecta
1920 1851 2085 1916 atque

507 1929 748 1986 discreta
794 1938 924 1985 sunt
967 1930 1271 2000 prudenter
1296 1930 1564 1987 extollere
1603 1931 1923 2004 iudicando,
1968 1943 2087 1991 tan-

506 2044 671 2100 quam
701 2029 881 2085 lucem
924 2027 1284 2086 clarissimam
1329 2044 1429 2101 per
1458 2044 1647 2085 veram
1676 2028 1963 2084 scientiam
2005 2028 2088 2099 ip-

507 2135 622 2175 sam
648 2122 937 2177 veritatem
967 2122 1269 2178 ostendens
1303 2122 1400 2195 (t);
1430 2122 1519 2178 his
1542 2121 1813 2177 ambobus
1846 2121 2085 2177 maxime

505 2223 731 2271 creatur
755 2215 938 2271 omnis
982 2217 1203 2287 sapiens
1231 2216 1407 2271 virtus
1435 2226 1492 2271 et
1531 2215 1864 2279 custoditur,
1899 2215 1968 2269 ab
1999 2214 2087 2271 his

505 2304 675 2361 etiam
700 2306 1084 2363 manifestatur
1116 2322 1216 2379 per
1239 2322 1460 2378 corpus,
1493 2322 1604 2362 non
1638 2315 1770 2362 tota.
1795 2308 1913 2362 Non
1937 2306 2086 2362 enim

507 2394 726 2465 capitur
754 2411 986 2467 corpore
1017 2398 1148 2453 dum
1174 2397 1245 2452 sit
1267 2398 1555 2454 character
1577 2397 1780 2454 divinae
1803 2397 2085 2468 potentiae,

508 2486 604 2541 sed
627 2486 878 2558 quaedam
909 2502 1102 2544 eorum
1127 2504 1248 2560 quae
1280 2488 1456 2561 ipsius
1486 2497 1617 2545 sunt
1642 2489 1885 2556 umbrat;
1906 2488 2087 2545 ethoc

508 2593 621 2633 non
663 2587 891 2651 propter
931 2595 991 2636 se
1035 2581 1229 2652 ipsam,
1277 2591 1505 2653 propter
1537 2581 1717 2638 nudos
1747 2597 1882 2638 vero
1914 2582 2088 2653 ipsius

509 2671 685 2743 gratia
723 2679 784 2727 ut
814 2672 872 2728 in
900 2672 1266 2730 imitationem
1309 2675 1536 2730 veniant
1580 2674 1869 2731 deiformis
1914 2676 2086 2730 Deum

509 2762 857 2836 diligentium
886 2766 1132 2823 virorum
1171 2766 1650 2835 conversationis;
1681 2775 1742 2823 ut
1774 2782 1875 2838 per
1914 2767 2087 2838 parti-

510 2855 842 2927 cipationem
878 2857 1011 2916 boni
1058 2867 1113 2915 et
1162 2860 1265 2931 ipsi
1311 2859 1534 2917 malitia:
1562 2859 1963 2931 turpitudinem
1993 2859 2090 2915 de-

511 2956 801 3018 ponentes,
827 2949 1119 3021 dignorum
1140 2952 1252 3009 Deo
1277 2960 1461 3025 partes
1488 2952 1639 3020 ﬁant,
1660 2961 1757 3008 aut
1779 2952 2086 3024 deprecan-

510 3048 594 3096 tes
625 3041 958 3112 adiutorium
989 3044 1265 3114 quoddam
1299 3060 1330 3101 a
1363 3045 1683 3116 potentibus
1722 3045 1985 3116 consequi
2027 3053 2088 3100 ut

2178 553 2504 609 διδασκάλου
2527 555 2710 623 λόγον,
2735 555 2838 609 κᾶν
2868 573 3032 621 τινες,
3073 556 3150 618 ὡς
3209 556 3532 627 γεγράφατε
3556 598 3573 620 ,
3598 556 3758 612 τοῦτο

2180 646 2442 716 νομίζωσι
2464 648 2532 713 ⁸³,
2566 647 2656 701 διὰ
2688 648 2785 701 τοῦ
2813 648 2960 718 λόγῳ
2984 649 3080 702 καὶ
3103 648 3308 720 θεωρίᾳ
3334 649 3500 719 μόνον
3529 666 3760 719 πρακτι-

2180 738 2286 808 κῆς
2328 739 2453 811 δίχα
2503 740 2606 812 τὴν
2648 740 2793 794 κατὰ
2836 740 2973 794 Θεὸν
3009 740 3122 795 τῶν
3168 738 3549 813 μετελθόντων
3587 739 3761 811 αὐτὴν

2182 832 2504 904 φιλοσοφίαν
2564 835 2760 898 εἰπεῖν,
2790 833 3108 889 τούναντίον
3156 834 3213 887 δὲ
3267 833 3578 905 διηρμένην
3610 834 3661 865 ⁸⁸
3694 836 3759 903 τῆ

2181 925 2380 997 πράξει
2429 927 2527 997 τὴν
2565 925 2738 999 ἀληθῆ
2784 926 2914 998 περὶ
2954 925 3024 979 τά
3069 926 3201 980 ὅντα
3235 926 3421 998 κρίσιν
3453 924 3644 979 αὐτῶν
3669 924 3763 979 καὶ

2183 1018 2483 1089 ἐνέργειαν,
2529 1019 2596 1089 ἢν
2649 1018 2715 1090 δὴ
2766 1017 3087 1088 φιλοσοφίαν
3145 1018 3315 1082 ὅντως
3370 1016 3764 1087 πληρεστάτην

2179 1108 2359 1180 ἔγωγε
2385 1109 2664 1182 τολμήσας
2699 1108 2869 1182 μόνην
2890 1109 3172 1181 ὁρίζομαι,
3207 1108 3356 1180 μάλα
3402 1107 3604 1176 σαφῶς
3649 1108 3763 1159 εἱσ-

2180 1200 2435 1272 ηγεῖσθαι
2461 1201 2624 1256 αὐτὸν
2645 1200 3039 1273 ὑπολαμϐάνω,
3075 1201 3219 1271 λόγῳ
3251 1201 3349 1256 καὶ
3368 1199 3585 1271 θεωρίᾳ
3635 1215 3765 1251 κιιτ⁸

2182 1292 2477 1363 ορθοῦσθαι
2541 1292 2711 1365 αὐτὴν
2784 1292 3210 1364 ἀποφηνάμενον
3233 1333 3249 1357 ,
3305 1291 3384 1355 ὡς
3470 1290 3552 1361 τῷ
3620 1288 3764 1358 λόγῳ

2186 1386 2539 1459 συνημμένης
2577 1388 2799 1451 πάντως
2828 1386 2929 1457 τῆς
2973 1383 3249 1458 πράξεως,
3281 1384 3379 1439 καὶ
3406 1382 3511 1454 τῆς
3544 1382 3640 1437 ἐπ’
3672 1382 3767 1435 αὐ-

2183 1481 2250 1550 τῇ
2284 1477 2521 1550 κρίσεως
2559 1478 2628 1549 τῇ
2670 1475 2876 1549 θεωρίᾳ
2915 1475 3335 1547 περιεχομένης,
3384 1472 3552 1542 εἴπερ
3604 1470 3763 1539 λόγον

2189 1569 2289 1640 μὲν
2315 1568 2374 1622 τὸ
2395 1567 2617 1622 τάσσειν
2635 1568 2736 1640 τὴν
2767 1567 2862 1621 τοῦ
2885 1566 3142 1638 σώματος
3174 1565 3412 1637 κίνησιν,
3442 1558 3565 1616 οἷον
3608 1561 3763 1632 χαλι-

2186 1657 2262 1730 νῷ
2285 1678 2393 1713 τινι
2436 1658 2515 1730 τῷ
2563 1658 2711 1731 ὀρθῷ
2749 1656 2999 1729 λογισμῷ
3028 1659 3128 1728 τῆς
3157 1655 3293 1726 πρὸς
3321 1652 3562 1708 ἀτοπίαν
3593 1651 3767 1725 φορᾶς

2186 1750 2566 1821 ἐπιστημόνως
2615 1746 3080 1820 ἀναχαιτίζοντος,
3116 1744 3352 1815 θεωρίας
3399 1743 3459 1796 δὲ
3510 1743 3579 1796 τὸ
3616 1742 3687 1796 τὰ
3722 1742 3764 1773 ⁸⁷

2187 1843 2369 1907 καλῶς
2408 1840 2668 1912 νοηθέντα
2702 1857 2764 1894 τε
2800 1840 2897 1894 καὶ
2940 1838 3203 1910 κριθέντα
3244 1837 3544 1909 ἐμφρόνως
3591 1837 3766 1908 αἱρεῖς

2190 1936 2313 1990 σθαι
2340 1930 2696 2005 ψηφίζεσθαι,
2720 1929 2886 1983 οἱονεὶ
2915 1928 3032 1998 φῶς
3054 1926 3492 1998 παμφαέστατον
3523 1926 3602 1979 δι’
3637 1925 3767 1997 ἀλη-

2188 2026 2314 2091 θοῦς
2341 2024 2596 2095 γνώσεως
2610 2021 2709 2093 τὴν
2744 2019 3005 2092 ἀλήθειαν
3042 2019 3214 2088 αὐτὴν
3246 2015 3618 2087 δεικνυούσης
3640 2029 3660 2046 ’
3692 2010 3768 2078 οἷς

2188 2116 2523 2188 ἀμφοτέροις
2559 2113 2796 2185 μάλιστα
2829 2112 2924 2166 καὶ
2946 2111 3369 2182 δημιουργεῖται
3400 2110 3562 2163 πᾶσα
3618 2107 3766 2178 φιλό-

2191 2224 2354 2280 σοφος
2390 2208 2558 2280 ἀρετὴ
2583 2206 2678 2260 καὶ
2707 2203 3059 2274 φυλάττεται,
3085 2201 3173 2271 ὑφ’
3198 2194 3274 2255 ὧν
3296 2201 3389 2254 καὶ
3438 2201 3765 2271 ἱκφαίνεται

2187 2301 2277 2357 διὰ
2328 2298 2580 2371 σώματος
2642 2297 2741 2368 οὐχ
2786 2295 2904 2365 ὅλη.
2950 2294 3026 2349 Οὐ
3060 2294 3170 2366 γὰρ
3214 2296 3478 2366 χωρεῖται
3529 2292 3764 2363 σώματι,

2188 2392 2476 2466 χαρακτὴρ
2525 2392 2848 2461 ὑπάρχουσα
2908 2388 3060 2452 θείας
3109 2387 3417 2457 δυνάμεως,
3449 2385 3596 2439 ἀλλά
3648 2401 3763 2437 τινα

2187 2484 2299 2539 τῶν
2333 2483 2505 2555 αὐτῆς
2538 2481 2888 2552 σκιάσματα,”
2911 2479 3009 2533 καὶ
3037 2476 3196 2533 τοῦτο
3225 2479 3288 2532 οὗ
3335 2476 3405 2531 δι’
3427 2475 3763 2546 ἑαυτὴν,δώ

2187 2577 2246 2631 δὲ
2275 2576 2338 2630 τὸ
2362 2574 2489 2639 τοὺς
2517 2574 2758 2644 γυμνοὺς
2794 2571 2893 2643 τῆς
2924 2571 3053 2625 κατ’
3073 2570 3245 2641 αὐτὴν
3290 2569 3524 2640 χάριτος
3557 2568 3644 2632 είς
3683 2567 3765 2638 μί-

2191 2685 2359 2741 μησιν
2412 2666 2588 2720 ἐλθεῖν
2635 2665 2737 2735 τῆς
2784 2662 3054 2727 θεοαδοῦς
3099 2661 3211 2715 τῶν
3254 2659 3527 2730 φιλοθέων
3556 2657 3765 2731 ἀνδρῶν

2189 2760 2561 2831 ἀναστροφῆς,
2593 2759 2678 2828 ἐφ’
2711 2753 2757 2826 ᾧ
2786 2758 2851 2829 τῇ
2886 2756 3089 2826 μετοχῇ
3119 2747 3221 2806 τοῦ
3244 2751 3413 2806 καλοῦ
3435 2750 3541 2803 καὶ
3572 2749 3766 2813 αὐτοὺς

2188 2852 2251 2907 τὸ
2299 2852 2401 2923 τῆς
2439 2851 2639 2916 κακίας
2667 2847 2857 2920 αἶσχος
2902 2845 3274 2917 ἀποθεμένους
3309 2845 3415 2914 τῆς
3455 2841 3571 2895 τῶν
3608 2839 3764 2907 ἀξίων

2190 2945 2326 3000 Θεοῦ
2357 2943 2613 3015 γενέσθαι
2642 2942 2856 3015 μοίρας,
2891 2940 2925 3013 ἢ
2956 2939 3085 3002 τοὺς
3111 2936 3404 3007 δεομένους
3442 2934 3767 3006 ἐπικουρίας

2188 3035 2332 3101 τινὸς
2360 3035 2546 3107 (136
2571 3034 2623 3105 θ)
2677 3034 2783 3088 ὑπὸ
2834 3031 2943 3086 τῶν
2970 3028 3284 3101 δυναμένων
3331 3029 3550 3097 τυχεῖν,
3600 3028 3684 3095 ἐφ’
3723 3017 3767 3092 ᾧ

509 3131 787 3187 occultum
824 3133 879 3188 in
910 3134 1186 3204 profundo
1225 3115 1425 3192 anima:
1456 3135 1783 3191 eximiorum
1828 3115 2086 3191 aﬂ‘ectum

2190 3128 2291 3199 τὴν
2327 3126 2714 3199 κρυπτομένην
2760 3121 2840 3194 τῷ
2889 3122 3043 3193 βάθει
3078 3120 3179 3191 τῆς
3218 3118 3395 3189 ψυχῆς
3424 3117 3544 3171 τῶν
3584 3115 3767 3187 ἐναρέ-

508 3236 610 3291 per
638 3237 841 3294 corpus
868 3225 1084 3281 actione
1111 3226 1398 3283 manifesta
1428 3226 1783 3297 accipientes,
1818 3225 2002 3281 omnia
2031 3226 2086 3282 in

511 3312 770 3370 omnibus
792 3314 1014 3381 factam,
1044 3324 1099 3372 et
1131 3332 1231 3387 per
1260 3317 1444 3373 omnia
1474 3318 1733 3374 omnibus
1760 3327 2088 3390 praesentem

513 3402 609 3458 Dei
639 3404 1037 3473 providentiam
1067 3415 1124 3463 et
1151 3408 1300 3479 ipsos
1327 3408 1582 3477 laudent;
1606 3418 1665 3465 ut
1687 3411 1733 3466 si
1757 3426 1920 3467 nemo
1942 3422 2089 3469 esset

512 3494 607 3565 qui
643 3495 783 3553 bene
814 3512 977 3568 agere
1007 3499 1422 3571 deprecaretur,
1454 3518 1552 3559 seu
1588 3502 1685 3574 qui
1729 3503 1798 3559 ad
1827 3502 2086 3560 virtutem

512 3587 765 3658 exemplo
793 3588 1019 3647 formari
1046 3592 1266 3659 debeat,
1292 3595 1470 3666 ipsum
1497 3597 1676 3652 solum
1703 3597 1954 3653 suliicere
1980 3596 2087 3653 sibi

512 3679 758 3746 omnino,
809 3698 932 3753 quae
982 3686 1285 3742 secundum
1332 3689 1571 3744 animam
1615 3696 1768 3755 sunt,
1818 3690 2088 3745 virtutum

512 3769 675 3827 donis
705 3772 1000 3830 fruentem.
1033 3777 1101 3833 Et
1139 3779 1259 3835 sine
1299 3795 1491 3835 earnm
1521 3797 1623 3853 per
1650 3797 1851 3854 corpus
1878 3782 1949 3840 ad
1974 3797 2093 3838 mar

516 3862 776 3920 nifestum
806 3869 1202 3938 approbatione
1230 3887 1342 3928 non
1369 3884 1453 3929 est
1482 3874 1847 3947 incongruum
1880 3875 2087 3932 dicere.

512 3952 619 4022 Qui
651 3955 819 4026 igitur
843 3959 934 4030 pie
966 3976 1063 4031 per
1094 3965 1618 4036 contemplationem
1647 3968 1923 4040 intelligit,
1951 3984 2092 4040 quo-

520 4046 687 4103 modo
721 4048 927 4106 habent
953 4068 1017 4108 ea
1054 4070 1177 4124 quae
1202 4064 1349 4123 sunt,
1383 4066 1438 4113 et
1465 4074 1565 4129 per
1591 4060 1917 4116 rationabile
1957 4074 2109 4131 con-7

519 4138 704 4194 silium
745 4143 1089 4201 considerate
1116 4162 1181 4203 ac
1208 4157 1359 4205 recte
1393 4148 1463 4204 de
1496 4150 1630 4221 ipsis
1657 4151 1926 4207 rationem
1952 4151 2094 4207 ditii-

519 4230 620 4297 nit,
660 4242 718 4289 et
749 4235 993 4291 custodit
1043 4238 1267 4294 sibimet
1306 4239 1600 4311 judicium,
1652 4242 1825 4314 magis
1855 4258 1990 4299 vero
2034 4259 2094 4301 se

519 4321 699 4392 ipsum
749 4324 957 4394 judicio
1015 4327 1557 4399 irreprehensibilem
1581 4372 1596 4398 ,
1650 4347 1871 4390 omnem
1929 4334 2093 4390 simul

2190 3236 2299 3274 των
2346 3216 2588 3273 διάθεσιν
2637 3215 2726 3268 διὰ
2785 3214 2882 3269 τοῦ
2930 3211 3187 3283 σώματος
3237 3208 3384 3262 κατὰ
3431 3207 3541 3280 τὴν
3572 3207 3764 3280 πρᾶξιν

2192 3313 2453 3379 φανεῖσαν
2479 3306 2942 3379 ἀποδεξαμένους,
2971 3304 3071 3377 τὴν
3100 3306 3235 3358 πᾶσι
3265 3301 3448 3356 πάντα
3472 3301 3763 3372 γινομένην

2191 3403 2286 3458 καὶ
2313 3402 2403 3458 διά
2423 3403 2641 3457 πάντων
2680 3401 2817 3454 πᾶσι
2843 3396 3126 3469 παροῦσαν
3156 3394 3253 3450 τοῦ
3294 3393 3436 3449 Θεοῦ
3482 3393 3762 3465 πρόνοιαν,

2191 3497 2288 3551 καὶ
2326 3494 2527 3557 αὐτοὺς
2563 3491 2893 3563 ἀνυμνῆσαι.
2942 3489 3031 3553 Ὠς
3060 3487 3175 3558 εἴγε
3209 3486 3400 3559 μηδεὶς
3420 3481 3493 3558 ἦν
3512 3487 3544 3539 δ
3567 3485 3633 3540 εὖ
3662 3501 3762 3539 m-

2192 3587 2307 3643 θεῖν
2333 3586 2610 3658 δεόμενος,
2632 3583 2665 3655 ἢ
2691 3584 2719 3638 ὁ
2741 3581 2876 3655 πρὸς
2903 3579 3106 3652 ἀρετὴν
3134 3577 3554 3651 παραδείγματι
3579 3593 3760 3629 τυπω-

2193 3680 2355 3751 θῆναι
2377 3677 2630 3748 ὀφείλων,
2661 3675 2825 3730 αὐτὸν
2851 3673 3085 3728 ἕκαστον
3110 3673 3302 3744 ἀρκεῖν
3324 3669 3509 3740 ἑαυτῷ
3528 3670 3757 3731 πάντως,

2192 3775 2313 3838 ταῖς
2341 3771 2485 3827 κατά
2509 3769 2688 3842 ψυχὴν
2725 3767 2837 3822 τῶν
2876 3765 3087 3839 ἀρετῶν
3114 3766 3333 3837 χάρισιν
3365 3762 3757 3835 ἀσρυνόμινον.

2192 3865 2307 3920 Καὶ
2349 3864 2474 3935 δίχα
2501 3863 2602 3933 τῆς
2643 3860 2850 3915 τούτων
2893 3858 2984 3912 διά
3007 3857 3103 3912 τοῦ
3135 3856 3389 3929 σώματος
3418 3855 3561 3927 πρὸς
3584 3853 3644 3908 τδ
3666 3853 3761 3922 ἑμ-

2194 3957 2359 4028 φανὲς
2388 3952 2716 4019 ἀποδείξεως
2750 3951 2930 4019 λέγειν
2958 3949 3061 4004 οὐκ
3086 3947 3309 4003 ἄτοπον.
3354 3947 3414 4002 ’0
3442 3946 3627 4000 τοίνυν
3672 3942 3758 3995 eia-

2194 4047 2370 4111 σεδῶς
2397 4046 2490 4100 διὰ
2513 4043 2746 4115 θεωρίας
2782 4042 3128 4113 κατανοήσας
3153 4040 3229 4104 ὡς
3258 4036 3374 4111 ἔχει
3395 4039 3467 4092 τὰ
3488 4037 3641 4102 ὄντα,
3665 4034 3758 4089 καὶ

2192 4139 2285 4196 διά
2314 4136 2509 4211 βουλῆς
2537 4136 2769 4206 λογικῆς
2807 4133 3225 4205 ἐστοχασμένως
3250 4149 3311 4185 τε
3341 4132 3441 4185 καὶ
3468 4128 3645 4201 ὀρθῶς
3665 4127 3757 4179 τὸν

2191 4232 2325 4303 περὶ
2364 4227 2547 4284 αὐτῶν
2602 4226 2932 4300 ὁρισάμενος
2958 4224 3139 4294 λόγον,
3168 4222 3268 4277 καὶ
3300 4220 3593 4292 φυλάττων
3635 4219 3755 4270 ἑαυ-

2194 4320 2272 4391 τῷ
2290 4321 2392 4392 τὴν
2418 4317 2623 4390 κρίσιν,
2656 4316 2859 4389 μᾶλλον
2886 4316 2946 4370 δὲ
2980 4313 3177 4369 ἑαυτὸν
3206 4315 3274 4384 τῇ
3299 4311 3486 4383 κρίσει
3519 4305 3756 4379 ἀπαρέγ-

515 4417 991 4487 comprehendens
1016 4396 1184 4476 habret
1207 4422 1502 4492 virtutem;
1526 4396 1594 4481 ad
1616 4425 1756 4483 nihil
1786 4426 1933 4483 aliud
1969 4435 2087 4499 post

2195 4413 2401 4479 κλιτον,
2433 4412 2614 4465 πᾶσαν
2639 4408 2776 4480 ὁμοῦ
2810 4406 3096 4463 συλλαϐὼν
3118 4406 3232 4478 ἔχει
3258 4404 3358 4476 τὴν
3379 4401 3604 4474 ἀρετὴν,
3626 4396 3756 4505 προς

516 4506 789 4578 cognitam
818 4512 1106 4567 veritatem
1137 4511 1318 4570 adhuc
1348 4524 1550 4583 motus,
1576 4527 1633 4573 et
1654 4518 1837 4575 omnia
1859 4495 2087 4591 praetcr-

2195 4504 2351 4561 οὐδὲν
2375 4502 2504 4557 ἀλλο
2532 4499 2672 4571 μετά
2690 4499 2789 4572 τὴν
2815 4497 3166 4570 ἐγνωσμένην
3184 4495 3449 4567 ἀλήθειαν
3474 4495 3554 4591 ἔτι

519 4597 584 4653 iit
634 4597 959 4659 festinanter
1014 4605 1220 4662 nullius
1287 4608 1512 4664 omnino
1565 4610 1836 4667 rationem
1889 4612 2096 4668 faciens

515 4704 709 4746 eorum
753 4708 1097 4766 quaecunque
1125 4699 1307 4753 carnis
1344 4710 1401 4755 et
1433 4702 1623 4756 mundi
1653 4711 1783 4758 sunt
1810 4712 1865 4758 ct
1897 4704 2095 4760 dicun-

516 4790 640 4848 tur;
675 4782 1023 4840 informatam
1072 4787 1279 4843 habens
1323 4792 1435 4861 jam
1483 4793 1694 4848 ratione
1727 4796 2095 4866 comprehen-

514 4888 651 4937 sam,
680 4874 797 4929 sine
842 4892 1040 4949 pugna,
1077 4879 1381 4947 actionem;
1413 4884 1614 4954 quippe
1657 4901 1850 4943 omnes
1874 4889 2096 4944 sibimet

515 4963 901 5022 intellectualis
946 4969 1122 5023 nostri
1167 4971 1574 5040 potentissimas
1609 4974 1974 5046 impassibilcs
2008 4978 2092 5032 in-

513 5053 699 5110 ferens
733 5057 996 5126 rationes,
1031 5076 1129 5130 per
1174 5078 1323 5132 quas,
1357 5063 1538 5119 otnnis
1572 5064 1750 5122 virtus
1775 5077 1833 5122 et
1864 5067 2094 5124 scientia

515 5154 601 5200 est
632 5155 688 5200 et
732 5149 984 5206 consistit
1010 5153 1155 5222 jure;
1186 5153 1315 5209 dum
1363 5155 1472 5210 sint
1523 5156 1867 5213 rationabilis
1898 5159 2096 5215 animae

517 5233 807 5302 potentiae;
839 5247 900 5293 ut
942 5239 1050 5295 sint
1080 5242 1304 5311 quidem
1336 5243 1560 5298 omnino
1588 5259 1817 5315 corpore
1846 5260 1957 5300 non
2000 5247 2090 5301 in-

517 5322 800 5395 digentes,
849 5339 908 5383 ut
955 5347 1081 5386 vere
1131 5333 1429 5389 manifesta:
1477 5333 1585 5391 sint
1630 5344 1854 5406 propter
1896 5351 2091 5391 causas

2200 4614 2382 4668 μενος,
2417 4594 2513 4648 καὶ
2552 4592 2731 4648 πάντα
2776 4591 3022 4663 παρῆλθε
3041 4589 3130 4643 διὰ
3164 4587 3432 4657 σπουδῆς,
3462 4583 3668 4645 οὐδενὸς
3693 4579 3753 4634 τὸ

2196 4691 2460 4761 παράπαν
2480 4686 2640 4756 λόγον
2667 4683 2993 4754 ποιούμενος
3022 4681 3133 4735 τῶν
3164 4682 3268 4735 ὅσα
3303 4678 3515 4750 σαρκὸς
3547 4674 3638 4730 καὶ
3660 4670 3751 4761 κός

2197 4759 2338 4851 σμου
2386 4779 2504 4832 ἐστὶ
2552 4777 2648 4830 καὶ
2698 4774 2948 4843 λέγεται,
2997 4772 3327 4835 ὲνδιαθέτως
3374 4769 3518 4840 ἔχων
3558 4766 3653 4838 ῆδη
3678 4759 3751 4832 τῷ

2194 4874 2339 4943 λόγῳ
2399 4869 2798 4942 περιεχομένην
2844 4866 3077 4937 ἀμάχως
3119 4864 3219 4935 τὴν
3275 4861 3502 4934 πρᾶξιν,
3543 4852 3628 4914 οἶα
3658 4851 3749 4907 τοῦ

2195 4964 2280 5035 ἐφ’
2307 4965 2442 5034 ἡμῖν
2472 4962 2683 5024 πάντας
2717 4958 2895 5031 ἑαυτῷ
2915 4957 3010 5011 τοῦ
3041 4954 3391 5027 διανοητικοῦ
3421 4954 3551 5016 τοὺς
3575 4943 3749 5021 κρατι-

2198 5075 2355 5121 στους
2412 5054 2644 5118 ἀπαθεῖς
2687 5050 3152 5122 ὲπικομιζομένου
3206 5049 3437 5117 λόγους,
3498 5043 3617 5098 καθ’
3661 5037 3749 5101 οὓς

2197 5152 2348 5206 πᾶσα
2405 5147 2576 5221 ἀρετὴ
2621 5146 2718 5200 καὶ
2767 5136 2973 5216 γνῶσίς
3023 5145 3143 5198 ἐστι
3196 5142 3296 5197 καὶ
3339 5131 3749 5221 ὑφέστηκεναῖκ

2197 5220 2458 5312 δυνάμεις
2504 5240 2666 5303 ὄντας
2707 5238 2891 5309 ψυχῆς
2925 5236 3175 5307 λογικῆς,
3203 5233 3344 5305 πρὸς
3389 5232 3488 5304 μὲν
3519 5229 3579 5283 τὸ
3624 5220 3745 5279 εἶναι

2200 5334 2453 5405 σώματος
2501 5332 2610 5385 οὐδ’
2640 5330 2776 5395 ὅλως
2801 5329 3126 5401 χρῄζοντας,
3157 5326 3293 5400 πρὸς
3337 5326 3398 5381 δὲ
3426 5324 3487 5378 τὸ
3534 5317 3742 5392 φανῆναι

832 5497 837 5503 .
1793 5446 2026 5502 νΑιιιιΕ
2069 5445 2470 5504 LECTIONES.

588 5525 637 5560 δ’
672 5527 1061 5598 νομίζουσιοιι.
1094 5532 1214 5589 Gal.
1287 5538 1332 5568 ⁵ο
1361 5537 1698 5609 διῃρημένην
1729 5539 1820 5595 ed.
1848 5538 1965 5596 Gal.
2042 5542 2081 5571 δι
2116 5539 2183 5593 τὰ
2236 5555 2347 5593 om.
2402 5536 2526 5592 cod.
2586 5535 2730 5591 Gud.

2057 5647 2290 5705 ΝΟΤᾸΞ.

618 5716 672 5786 q)
706 5716 847 5783 Lege
874 5732 1012 5769 eum.
1048 5714 1246 5784 (Cale)

618 5730 651 5786 ᾳ
706 5716 847 5783 Lege
874 5732 1012 5769 eum.
1048 5716 1246 5784 (Cale)

595 5716 672 5858 ir}
701 5787 840 5856 Lege
875 5787 1319 5854 tnanifrstantcm.
1356 5785 1554 5855 (Gale.)

2290 5720 2338 5785 δ)
2370 5714 2598 5770 Rectius
2620 5716 2979 5785 pravitatem._
3000 5711 3201 5785 (Gala)

2290 5720 2338 5785 ε)
2370 5720 2598 5770 Rectius
2620 5720 2957 5784 pravitatem.
3000 5720 3121 5783 (Gal

2271 5720 2333 5859 Et)
2369 5785 2514 5858 Lege
2539 5784 2881 5840 ostendentis.
2920 5781 3122 5857 (Gate)
