4014 6284
262 325 400 388 1109

1472 329 1995 392 AMBIGUORUM
2031 332 2283 393 LIBER.

3372 339 3506 404 1110

263 438 352 491 διὰ
381 440 480 501 τὰς
513 438 816 510 εἰρημένας
838 441 1021 505 αἰτίας
1070 442 1211 497 κατὰ
1258 441 1452 513 καιρὸν
1508 441 1656 512 αὐτῷ
1695 441 1826 513 χρῆ-

1934 443 2242 513 praedictas,
2276 444 2578 499 secundum
2617 454 2850 517 tempus.
2881 464 2948 503 eo
2999 450 3080 505 uti
3127 466 3237 507 non
3288 454 3505 524 vitupe-

262 528 387 582 σθαι
456 531 555 583 οὐκ
602 530 1013 601 ἀναινομένους.
1050 535 1233 606 (137
1299 536 1355 603 a)
1397 536 1536 590 Φασὶ
1580 536 1690 607 γάρ
1734 536 1829 589 τοῦ

258 620 605 691 διανοητικοῦ
640 619 802 688 εἶναι,
839 625 1024 689 ἰδικῶς
1058 626 1159 697 μὲν
1198 626 1299 687 τὰς
1320 630 1536 697 νοήσεις
1568 627 1677 680 τῶν
1705 643 1830 698 νοη-

264 712 391 780 τῶν,
437 712 536 777 τάς
574 716 796 786 ἀρετάς,
829 716 926 780 τάς
959 716 1277 788 ἐπιστήμας
1315 720 1446 782 τοὺς
1478 718 1586 771 τῶν
1625 720 1831 788 τεχνῶν

259 805 477 873 λόγους,
510 807 571 859 τὸ
627 810 1031 878 προαιρετικὴν,
1062 811 1123 863 τδ
1181 810 1528 881 βουλευτικὸν
1549 852 1563 876 ,
1598 811 1833 879 γενικῶς

259 895 316 948 δὲ
346 896 446 957 τάς
476 896 706 967 κρίσεις,
734 899 834 962 τὰς
884 902 1336 969 συγκαταθέσεις,
1368 904 1472 967 τὰς
1511 905 1830 974 ἀποφυγὰς,

261 986 360 1049 τὰς
405 988 603 1059 ὁρμὰς,
637 991 734 1043 καὶ
766 990 866 1054 τὰς
908 992 1009 1062 μὲν
1037 989 1179 1048 εἶναι
1210 995 1380 1065 μόνης
1400 996 1501 1066 τῆς
1531 997 1673 1050 κατά
1705 996 1833 1050 νοῦν

260 1080 499 1150 θεωρίας
520 1120 534 1144 ,
568 1082 667 1145 τὰς
699 1082 755 1136 δὲ
785 1084 884 1153 τῆς
916 1086 1059 1139 κατὰ
1087 1087 1181 1140 τὸν
1208 1088 1367 1157 λόγον
1398 1090 1832 1161 ὲπιστημονικῆς

259 1170 567 1239 δυνάμεως.
604 1174 664 1226 Εἰ
695 1174 751 1226 δὲ
784 1176 999 1240 τούτοις
1028 1181 1451 1250 φρουρουμένην
1473 1181 1523 1233 οἱ
1560 1181 1709 1249 ano:
1733 1181 1832 1252 τὴν

259 1262 469 1313 οἰκείαν
508 1263 551 1293 ⁸⁸
610 1261 754 1335 ζωὴν
804 1268 1213 1337 συνετήρησαν,
1262 1270 1371 1340 ἄρα
1422 1269 1833 1345 περιληπτικῷς

259 1351 348 1403 ὃιά
381 1352 477 1404 τοῦ
510 1352 668 1421 λόγου
700 1356 793 1408 καὶ
823 1356 924 1425 τῆς
949 1357 1184 1427 θεωρίας
1216 1360 1244 1413 6
1290 1361 1565 1431 μακάριος
1600 1362 1647 1393 ⁸³
1676 1356 1833 1427 οὗτος

260 1440 405 1512 ἀνὴρ
456 1443 667 1509 πάντας
696 1448 822 1509 τοὺς
848 1447 967 1500 κατ’
1003 1448 1205 1521 ἀρετὴν
1242 1451 1335 1504 καὶ
1365 1452 1568 1520 γνῶσιν
1602 1455 1831 1525 εἰσηγὴ-

263 1548 397 1583 σατο
428 1534 628 1602 λόγους
650 1538 763 1601 τοῖς
794 1539 970 1607 ἁγίοις
1005 1541 1477 1614 συνειλημμένους
1510 1585 1524 1608 ,
1563 1546 1630 1599 δι’
1656 1539 1730 1600 ὧν
1762 1550 1829 1618 τῇ

262 1627 590 1697 κατανοήσει
661 1627 756 1681 τοῦ
811 1631 946 1683 Θεοῦ
1011 1632 1151 1686 κατά
1222 1632 1456 1705 θεωρίαν
1515 1638 1834 1704 γνωστικιῖκ

262 1718 690 1789 προσανέχοντες
718 1723 999 1794 ἐμφρόνως
1030 1725 1169 1778 κατά
1198 1725 1353 1794 λόγον
1377 1726 1464 1780 διά
1492 1728 1602 1782 τῶν
1622 1729 1833 1800 ἀρετῶν

262 1805 369 1874 τὴν.
417 1806 567 1859 θείαν
604 1810 817 1873 ἑαυτοῖς
876 1813 1090 1885 μορφὴν
1126 1816 1540 1871 ὲνετυπὼσαντο
1565 1859 1580 1884 ,
1610 1822 1830 1885 πάντως

260 1897 365 1949 οὐκ
418 1894 557 1951 εἶναι
607 1901 904 1967 ἀναγκαῖον
950 1905 1158 1975 οἰηθεὶς
1203 1908 1302 1979 τὴν
1330 1908 1421 1963 διὰ
1447 1911 1544 1965 τοῦ
1578 1912 1832 1984 σώματος

261 1986 531 2059 ὀνομάσαι
563 1991 784 2063 πρᾶξιν,
822 1994 1107 2063 γινώσκων
1146 1998 1222 2071 μὴ
1257 2003 1460 2073 ἀρετῆς
1484 2005 1655 2076 αὐτὴν
1687 2004 1829 2060 εἶναι

264 2081 556 2151 ποιητικὴν
576 2123 590 2147 ,
618 2083 731 2135 ἀλλ’
760 2085 1096 2158 ὲκεραντικὴν
1120 2130 1135 2154 ,
1167 2092 1261 2145 καὶ
1312 2094 1489 2162 μόνων
1525 2096 1634 2149 τῶν
1671 2098 1833 2151 θείων

262 2172 554 2239 νοημάτων
576 2189 635 2225 τε
660 2174 756 2227 καὶ
785 2174 1060 2247 λογισμῶν
1103 2179 1397 2251 ὑπουργόν.
1441 2184 1529 2249 Ὠς
1555 2186 1621 2240 ἂν
1654 2188 1711 2241 δὲ
1738 2190 1835 2241 καὶ

262 2259 333 2311 δι’
360 2261 551 2331 ὲτέρου
597 2264 803 2336 τρόπου
846 2269 1079 2339 φανερὸν
1117 2272 1347 2345 γένηται
1391 2276 1451 2328 τὸ
1502 2276 1833 2349 λεγόμενον,

263 2353 432 2421 φασιν
468 2356 516 2406 οἰ
556 2358 664 2409 τῶν
704 2358 827 2412 καθ’
872 2363 1019 2432 ἡμᾶς
1054 2368 1395 2435 πραγμάτων
1442 2370 1511 2423 δι’
1542 2372 1832 2442 ἀκριϐείας

264 2443 618 2511 μετελθόντες
667 2451 795 2515 τοὺς
837 2450 1033 2520 λόγους
1062 2454 1156 2507 τοῦ
1198 2455 1421 2526 λογικοῦ
1458 2460 1518 2514 τὸ
1550 2463 1651 2531 μὲν
1689 2460 1833 2520 εἶναι

261 2534 617 2607 θεωρητικὸν,
635 2543 697 2594 τὸ
726 2543 783 2596 δὲ
835 2549 1140 2616 πρακτικόν
1171 2568 1183 2581 ·
1212 2552 1306 2605 καὶ
1353 2552 1689 2624 θεωρητικὸν
1732 2559 1833 2627 μὲν

260 2628 324 2679 τὸ
368 2632 509 2685 κατά
560 2633 705 2697 νοῦν,
752 2637 828 2701 ὡς
866 2639 979 2710 ἔχει
1023 2642 1092 2695 τὰ
1130 2643 1281 2708 όντα,
1323 2648 1629 2717 πρακτικὸν
1669 2649 1728 2702 δὲ
1773 2651 1834 2703 τὸ

263 2721 626 2791 βουλευτικὸν,
657 2728 717 2781 τὸ
758 2730 941 2800 ὁρίζον
993 2737 1107 2799 τοῖς
1164 2742 1490 2808 πρακτικοῖς
1538 2740 1631 2794 τὸν
1673 2742 1834 2812 ὀρθὸν

260 2812 443 2880 λόγον.
494 2817 603 2871 Καὶ
653 2820 879 2876 καλοῦσι
922 2825 983 2879 τὸ
1032 2828 1131 2897 μὲν
1177 2829 1512 2901 θεωρητικὸν
1558 2833 1726 2899 νοῦν,
1772 2835 1834 2890 τὸ

258 2901 321 2954 δὲ
353 2908 658 2974 πρακτικὸν
689 2910 869 2979 λόγον,
894 2915 1072 2970 καὶτὸ
1102 2917 1202 2988 μὲν
1233 2920 1449 2989 σοφίαν,
1482 2922 1545 2977 τὸ
1596 2923 1653 2977 δὲ
1695 2926 1834 2997 φρό-

260 3011 439 3090 νησιν.
477 2999 537 3051 Εἰ
586 3001 643 3053 δὲ
677 3002 835 3057 τοῦτο
877 3005 1098 3077 ἀληθὲς,
1132 3011 1197 3066 ὲκ
1246 3013 1351 3082 τῆς,
1392 3014 1570 3079 αἰτίας
1602 3017 1714 3089 ἄρα
1734 3019 1831 3090 τὴν

262 3086 633 3181 πρᾶξιν-κατά
659 3094 719 3147 τὸ
750 3096 919 3164 εἰκὸς,
956 3100 1071 3153 ἀλλ’
1090 3103 1188 3156 οὑκ
1222 3106 1284 3157 ὲκ
1312 3106 1409 3175 τῆς
1447 3106 1581 3179 ῦλης
1613 3086 1830 3181 ῶνόμα-

263 3192 357 3228 σεν
602 3183 651 3251 b)
683 3184 711 3236 6
735 3185 1055 3254 διδάσκαλος
1109 3191 1267 3261 λόγον
1292 3236 1306 3255 ,
1338 3197 1436 3267 τὴν
1469 3176 1639 3268 μηδὲν
1674 3176 1826 3271 ἔχου·

262 3285 365 3366 σαν
396 3272 773 3366 ἀντικείμενον
801 3278 913 3343 ἕξιν
943 3286 1417 3357 προσαγορεύσας.
1443 3290 1693 3360 Λογικῶς
1721 3294 1830 3366 γάρ

262 3358 357 3410 καὶ
383 3364 721 3431 γνωστικῶς,
756 3366 870 3420 ἀλλ’
895 3370 953 3423 οῦ
982 3372 1298 3444 πολεμικῶς
1331 3377 1425 3430 καὶ
1451 3378 1830 3447 ἀγωνιστικῶς

259 3450 500 3520 ἑμμέναι
547 3458 659 3520 τοῖς
696 3458 956 3528 ἀληθέσιν
999 3464 1027 3515 6
1054 3465 1527 3537 Oewpqttx6;,xal
1558 3472 1695 3543 πλὴν
1730 3475 1829 3528 αὑ-

258 3543 369 3637 τῶν
414 3544 546 3599 ἄλλο
598 3565 653 3600 τι
698 3553 829 3623 όρᾷν
876 3554 965 3608 διὰ
1006 3558 1104 3627 τὴν
1147 3561 1281 3630 πρὸς
1331 3563 1470 3616 αὐτά
1501 3564 1693 3637 ἡδονὴν
1729 3568 1831 3622 οὐκ

257 3634 532 3705 ἀνέχεται.
566 3640 629 3693 Et
661 3642 716 3695 δὲ
743 3645 849 3717 χρὴ
878 3647 971 3701 καὶ
1007 3650 1184 3715 ἄλλως
1208 3653 1255 3683 ³⁸
1287 3654 1627 3728 σαφέστερον
1650 3634 1830 3713 ’τοῦτο

256 3728 635 3800 ποιήσασθαι”,
669 3736 830 3791 πάλιν
870 3740 919 3793 οἰ
957 3740 1059 3810 τῆς
1098 3744 1222 3797 κατ’
1250 3744 1453 3817 ἀρετὴν
1486 3749 1829 3820 τελειότητος

253 3821 385 3883 τοὺς
427 3822 626 3890 λόγους
681 3830 1063 3900 γυμνάσαντες
1118 3854 1252 3905 φασι
1315 3840 1441 3903 τοὺς
1501 3843 1669 3913 μήπω
1730 3845 1829 3915 τῆς

252 3912 396 3983 πρὸς
444 3916 544 3985 τὴν
594 3916 727 3991 ὓλην
768 3927 910 3980 κατά
947 3927 1045 3999 τὴν
1080 3930 1265 3999 σχέσιν
1316 3912 1604 3999 κοινωνίας
1653 3912 1827 3991 καθα-

251 4004 386 4075 ροὺς
436 4012 729 4077 γεγονότας
776 4017 902 4086 περὶ
946 4019 1013 4072 τά
1064 4022 1348 4092 πρακτικά
1394 4027 1823 4097 καταγίνεσθαι,

252 4097 459 4190 μικτῆς
486 4098 653 4172 οῦσης
689 4106 874 4169 αὐτοῖς
902 4107 982 4162 ἔτι
1015 4111 1115 4179 τῆς
1154 4114 1281 4184 περὶ
1307 4115 1375 4168 τὰ
1408 4115 1538 4170 ὄντα
1562 4119 1819 4190 κρίσεως,

248 4186 349 4282 καὶ
369 4189 485 4282 εἰσὶ
510 4195 757 4261 τρεπτοὶ,
802 4200 874 4270 μή
888 4219 971 4255 πω
991 4204 1090 4273 τὴν
1124 4206 1253 4276 περὶ
1278 4208 1346 4261 τὰ
1380 4186 1615 4280 τρεπτὰ-
1638 4214 1822 4282 σχέσιν

248 4277 584 4371 ἀποθέμενοι
610 4300 625 4315 ·
654 4288 782 4351 τοὺς
814 4289 871 4343 δὲ
905 4291 974 4344 δι’
999 4293 1280 4366 ἀκρότητα
1323 4277 1479 4369 ’τῷ-⁵⁵
1509 4300 1628 4371 Θεῷ
1671 4277 1822 4357 κατά

247 4369 441 4438 σχέσιν
476 4374 900 4445 πλησιάζοντας.
935 4388 1029 4437 καὶ
1074 4387 1138 4455 τῇ
1175 4385 1370 4440 τούτου
1401 4369 1730 4463 κατανοῗὴσει
1760 4394 1821 4446 τὸ

1934 544 2148 593 rantur.
2180 536 2381 591 Dicunt
2408 537 2555 592 enim
2588 538 2972 594 intellectualis
3012 556 3152 608 esse,
3197 546 3509 614 specialiter

1933 627 2185 681 notiones
2214 627 2660 698 intelligibilium,
2695 629 2945 696 virtutes,
2988 632 3268 699 scientias,
3307 635 3506 690 artium

1933 719 2194 783 rationes,
2247 719 2609 790 propositum,
2655 720 2967 785 consilium,
3018 724 3348 790 generaliter
3375 741 3508 779 vero

1926 811 2157 881 judicia,
2183 813 2641 881 comparationes,
2667 811 2840 882 fugas,
2866 814 3161 882 appetitus,
3184 825 3241 870 et
3258 817 3505 884 quaedam

1932 902 2156 972 quidem
2183 918 2302 958 esse
2333 904 2504 958 solius
2544 905 2848 959 secundum
2886 906 3131 961 animum
3173 912 3509 979 contempia-

1935 991 2120 1057 tionis,
2156 992 2402 1063 quaedam
2438 1009 2568 1046 vero
2600 994 2903 1049 secundum
2948 996 3217 1052 rationem
3266 998 3509 1069 discipli-

1932 1085 2383 1156 nalis~potentize.
2432 1087 2488 1141 Si
2524 1100 2708 1143 autem
2756 1090 2953 1147 talibus
3002 1093 3333 1147 custoditam
3377 1111 3507 1165 pro-

1932 1178 2108 1247 priam
2155 1179 2324 1233 vitam
2380 1180 2554 1235 sancti
2605 1193 3093 1251 conservaverunt,
3145 1185 3313 1257 igitur
3356 1202 3508 1241 com-

1932 1271 2248 1341 prehensim
2271 1288 2371 1342 per
2395 1273 2664 1328 rationem
2684 1283 2739 1329 et
2762 1276 3278 1346 contemplationem
3316 1279 3511 1335 beatus

1935 1361 2039 1417 iste
2072 1363 2157 1417 vir
2202 1379 2412 1430 omnes,
2457 1382 2579 1435 qua:
2626 1376 2755 1422 sunt
2796 1368 3097 1423 secundum
3148 1371 3410 1426 virtutem
3454 1382 3511 1428 et

1933 1456 2255 1525 scientiam,
2293 1457 2597 1512 introduxit
2642 1459 2883 1514 rationes
2930 1475 2960 1514 a
3013 1461 3219 1516 sanctis
3260 1476 3511 1532 compre-

1935 1546 2154 1612 hensas,
2180 1563 2279 1617 per
2309 1564 2445 1618 quas
2478 1549 2718 1604 divinam
2755 1551 3004 1606 notitiam
3048 1567 3146 1623 per
3172 1553 3512 1623 contempla-

1934 1637 2140 1692 tionem
2188 1638 2425 1694 scienter
2467 1639 2821 1708 accipientes,
2863 1642 3166 1712 prudenter
3206 1641 3509 1698 secundum

1935 1729 2201 1783 rationem
2232 1746 2331 1799 per
2372 1731 2605 1787 virtutes
2633 1733 2874 1787 divinam
2917 1734 3137 1790 sibimet
3184 1741 3508 1804 coaptavere

1934 1813 2164 1869 formam
2197 1817 2444 1883 omnino,
2469 1834 2579 1873 non
2602 1836 2723 1875 esse
2747 1822 3118 1877 necessarium
3139 1823 3391 1893 judicans
3412 1840 3510 1893 per

1932 1922 2133 1977 corpus
2178 1909 2461 1966 nominare
2513 1912 2809 1978 actionem,
2847 1927 3185 1985 cognoscens
3230 1930 3338 1970 non
3385 1932 3507 1972 eam

1932 2000 2152 2057 virtutis
2178 2017 2298 2057 esse
2329 2002 2635 2068 factricem,
2662 2004 2759 2059 sed
2801 2005 3306 2072 manifestatricem,
3334 2016 3391 2062 et
3418 2024 3508 2063 so-

1932 2091 2211 2147 lummodo
2246 2093 2553 2147 divinarum
2580 2094 3062 2165 intelligentiarum
3092 2102 3148 2149 et
3181 2094 3509 2165 disputatio-

1933 2197 2064 2235 num
2095 2180 2173 2252 (u)
2200 2183 2530 2237 ministrum.
2564 2184 2633 2239 Ut
2661 2192 2842 2239 autem
2874 2193 2929 2239 et
2961 2201 3061 2255 per
3090 2186 3257 2240 alium
3283 2186 3507 2242 modum

1934 2273 2287 2328 manifestum
2325 2274 2417 2329 fiat
2459 2274 2605 2344 quod
2653 2274 2861 2331 dictum
2897 2286 3003 2341 est,
3048 2275 3241 2333 dicunt
3272 2278 3364 2348 qui
3405 2295 3507 2335 no-

1933 2375 2169 2421 strarum
2234 2382 2417 2421 rerum
2487 2367 2781 2439 diligenter
2848 2369 3091 2423 rationes
3150 2381 3505 2440 percurrunt,

1933 2458 2219 2513 rationalis
2247 2459 2469 2528 quidem
2494 2474 2615 2515 esse
2639 2456 3123 2531 ccutemplalivum
3147 2472 3205 2518 et
3236 2464 3504 2531 activum;

1931 2560 1987 2605 et
2020 2551 2505 2621 contemplativum
2534 2551 2754 2621 quidem
2791 2551 3097 2607 secundum
3146 2553 3505 2621 intellectum,

1932 2642 2135 2712 quippe
2165 2643 2330 2698 habet
2350 2659 2413 2699 ea
2438 2660 2560 2714 qua:
2586 2656 2745 2707 sunt;
2774 2646 3012 2700 activum
3042 2660 3175 2701 vero
3204 2646 3507 2702 secundum

1931 2734 2245 2798 consilium,
2265 2735 2408 2804 quod
2436 2735 2635 2791 diflinit
2655 2736 2965 2791 actionibus
2988 2746 3193 2793 rectam
3215 2740 3504 2795 rationem.

1932 2826 2001 2881 Et
2030 2835 2229 2881 vocant
2254 2828 2475 2897 quidem
2510 2829 2992 2898 contemplativum
3024 2829 3385 2898 intellectum,
3413 2848 3507 2887 ac-

1934 2918 2106 2973 tivum
2151 2934 2283 2974 vero
2328 2919 2621 2985 rationem,
2652 2927 2706 2975 et
2740 2920 2876 2975 illud
2907 2921 3130 2991 quidem
3159 2923 3505 2992 sapientiam,

1932 3011 2066 3066 illud
2113 3028 2245 3067 vero
2288 3012 2658 3083 prudentiam.
2696 3011 2751 3067 Si
2799 3019 2981 3067 autem
3026 3013 3132 3068 hoc
3176 3029 3403 3079 verum,
3442 3030 3508 3070 ex

1858 3140 1899 3197 ο
1934 3118 2097 3158 causa
2128 3104 2310 3175 itaque
2344 3105 2637 3171 actionem,
2673 3104 2973 3160 secundum
3007 3104 3137 3177 quid
3165 3121 3508 3178 consequens

1931 3204 2039 3262 est,
2067 3205 2122 3251 at
2152 3214 2263 3253 non
2304 3214 2371 3253 ex
2404 3198 2651 3263 materia,
2685 3198 2989 3252 nominavit
3040 3198 3298 3270 magister
3337 3201 3504 3254 ratio-

1931 3304 2056 3344 nem
2088 3290 2294 3344 nullam
2329 3290 2399 3361 (υ)
2435 3290 2725 3345 habentem
2770 3289 3083 3360 oppositum
3127 3290 3505 3349 habitudinem

1931 3382 2229 3451 appellans.
2281 3382 2699 3437 Rationahiliter
2742 3381 2887 3437 enim
2923 3390 2979 3438 et
3015 3383 3274 3450 scienter,
3310 3394 3366 3443 at
3395 3402 3506 3446 non

1932 3488 2029 3542 per
2059 3473 2401 3528 inimicitiam
2431 3484 2488 3529 et
2514 3474 2922 3529 contentionem
2972 3475 3140 3531 instat
3181 3477 3328 3532 veris
3376 3493 3507 3536 con-

1933 3565 2303 3635 templativus,
2334 3574 2391 3621 et
2417 3574 2614 3636 praeter
2643 3566 2759 3637 ipsa
2800 3568 2950 3623 aliud
2996 3569 3126 3639 quid
3164 3568 3354 3625 videre
3379 3585 3505 3640 pro-

1930 3664 2051 3727 pter
2079 3671 2269 3711 eorum
2298 3657 2718 3713 delectationem
2745 3674 2854 3713 non
2886 3659 3101 3729 recipit.
3126 3659 3182 3716 Si
3209 3676 3343 3716 vero
3365 3675 3504 3731 opus

1929 3758 2013 3803 est
2045 3757 2101 3803 et
2125 3749 2285 3803 aliter
2313 3750 2419 3805 hoc
2445 3751 2689 3820 apertius
2714 3749 2915 3816 facere,
2949 3752 3146 3807 iterum
3181 3753 3273 3824 qui
3306 3769 3503 3811 secun-

1929 3841 2059 3896 dum
2106 3842 2365 3897 virtutem
2410 3841 2765 3912 perfectionis
2793 3844 3063 3901 rationem
3100 3854 3378 3912 exercent,
3412 3846 3497 3905 di-

1927 3940 2060 3985 cunt
2089 3932 2351 4001 quosdam
2381 3932 2624 3987 nondum
2652 3933 2737 3991 ad,
2763 3935 3044 3989 materiam
3070 3936 3373 3991 secundum
3405 3937 3500 3993 ba-

1926 4020 2100 4076 bitum
2138 4023 2524 4078 communione
2558 4032 2834 4095 purgatos,
2876 4025 3019 4081 circa
3065 4028 3308 4083 actiones
3335 4028 3495 4096 cﬂici,

1925 4116 2055 4172 dum
2081 4116 2154 4173 sit
2182 4117 2343 4173 mista
2372 4118 2553 4173 adhuc
2574 4118 2822 4175 eiscirca
2836 4135 2903 4175 ea
2924 4135 3045 4189 qua:
3065 4120 3494 4190 suntjudicatio,

1924 4217 1979 4262 et
2021 4218 2151 4264 sunt
2195 4209 2611 4275 conversibiies,
2652 4211 3073 4267 nondumcirca
3114 4212 3497 4271 cauversihilia

1925 4300 2172 4355 habitum
2219 4301 2575 4371 deponentes.
2626 4302 2897 4372 Quosdam
2952 4317 3080 4357 vero
3131 4318 3230 4373 per
3278 4304 3497 4360 virtutis

1923 4392 2293 4448 summitatem
2310 4394 2422 4449 Deo
2444 4394 2744 4449 secundum
2765 4395 3012 4450 habitum
3033 4397 3492 4467 approximantes,

250 4463 531 4558 μακάριον
571 4474 1004 4543 καρπουμένους,
1034 4477 1169 4547 πρὸς
1193 4480 1419 4543 ἑαυτοὺς
1442 4483 1602 4551 μόνον
1619 4485 1714 4536 καὶ
1734 4485 1823 4539 τὸν

1929 4492 1981 4539 et
2000 4485 2176 4554 ipsius
2194 4487 2496 4543 secundum
2522 4488 2933 4558 intelligentiam
2951 4463 3290 4544 beatitudine
3314 4490 3496 4546 fruen-

247 4554 386 4607 Θεδν
439 4558 850 4632 ἐστραμμένους
886 4565 964 4636 τῷ
995 4567 1156 4638 ῥῆξαι
1199 4570 1439 4641 γνησίως
1481 4574 1582 4643 τῆς
1630 4574 1821 4647 ὑλικῆς

1929 4586 2024 4641 les,
2073 4577 2142 4631 ad
2184 4593 2243 4632 se
2292 4578 2441 4647 ipsos
2482 4579 2827 4634 solummodo
2864 4587 2919 4634 et
2962 4580 3131 4633 Deum
3178 4596 3493 4647 conversos,

248 4648 491 4716 σχέσεως
527 4652 591 4705 τά
617 4652 791 4725 δεσμά
816 4657 922 4710 τῶν
954 4658 1054 4728 μὲν
1082 4661 1405 4731 πρακτικῶν
1428 4663 1524 4717 καὶ
1550 4664 1651 4735 τῆς
1681 4665 1814 4735 ὕλης

1929 4667 2222 4736 rumpendo
2255 4669 2469 4725 sincere
2524 4670 2826 4727 matcrialis
2864 4670 3205 4727 habitudinis
3252 4674 3491 4739 vincula,

245 4740 535 4805 παντελῶς
563 4743 979 4817 ἠλλοτριῶσθαι,
1011 4754 1077 4821 τῇ
1106 4752 1163 4805 δὲ
1193 4752 1401 4824 θεωρία
1438 4754 1536 4808 καὶ
1581 4754 1661 4827 τῷ
1697 4755 1819 4827 Θεῷ

1929 4758 2224 4815 actionibus
2262 4759 2482 4832 quidem
2530 4778 2561 4816 a
2607 4762 2834 4817 materia
2879 4761 3119 4831 perfecte
3160 4763 3491 4832 alienantur,

243 4834 723 4900 προστρκειῶσθαι.
757 4838 868 4903 Διὸ,
907 4842 1062 4909 φασὶ,
1090 4844 1187 4895 καὶ
1237 4844 1497 4912 μένουσιν
1531 4845 1815 4915 ἄτρεπτοι,

1929 4849 2377 4923 :ontcmplatione
2418 4861 2638 4911 veroet
2670 4852 2781 4907 Deo
2814 4852 3112 4913 familiares
3158 4854 3315 4909 fiunt.
3362 4857 3494 4912 Pro.-

247 4921 324 5013 μὴ
354 4921 568 4992 ἔχοντες
591 4925 672 4980 ἔτι
700 4931 799 4996 τὴν
827 4933 959 5000 πρὸς
980 4933 1079 5001 τὴν
1099 4933 1231 5005 ὓλην
1256 4935 1462 5005 σχέσιν,
1499 4934 1622 4989 καθ’
1647 4938 1715 5007 ἢν
1748 4939 1814 5007 τῇ

1929 4946 2127 5007 pterea,
2160 4921 2435 5013 inquiunt,
2471 4957 2712 5006 manent.
2739 4946 3206 5011 incouvcrsibiles,
3238 4962 3348 5002 non
3397 4948 3492 5004 ha-

246 5010 349 5109 ὖξῃ
382 5017 630 5109 audam};
663 5020 1019 5096 ἀλλοιουμένῃ
1054 5026 1203 5096 παρά
1220 5026 1381 5095 φύσιν
1414 5028 1817 5094 συνεξαλλοιοῦ-

1929 5030 2115 5086 bentes
2143 5010 2324 5087 adhuc
2354 5034 2420 5088 ad
2461 5035 2743 5095 materiam
2774 5036 3171 5103 habitudinem,
3201 5053 3300 5107 per
3327 5054 3488 5109 quam

246 5098 436 5152 σθαι⁸⁶
466 5102 525 5168 ἐξ
546 5106 794 5179 ἀνάγκης
815 5112 1061 5180 πέφυκεν
1077 5114 1105 5166 6
1126 5118 1191 5185 τῇ
1217 5114 1319 5187 ὕλῃ
1342 5117 1483 5170 κατά
1498 5118 1597 5187 τὴν
1631 5117 1818 5188 σχέσιν

1929 5134 2048 5177 cum
2096 5123 2325 5178 materia
2378 5127 2703 5182 naturaliter
2752 5127 2941 5182 mobili
2993 5139 3184 5185 contra
3238 5140 3491 5190 naturam

244 5198 681 5268 κεκρατημένος,
705 5204 798 5256 καὶ
830 5206 1096 5277 μεγίστης
1117 5208 1276 5273 εἰδὼς
1307 5209 1515 5263 δεῖσθαι
1533 5209 1817 5279 δυνάμεως

1929 5215 2252 5269 commoveri
2300 5232 2368 5271 ex
2416 5216 2741 5273 necessitate
2785 5220 3070 5275 consuevit
3110 5223 3205 5292 qui
3249 5223 3501 5280 materiae

1528 5348 1760 5404 νΑιιιΑζ
1791 5349 2190 5406 LECTIONES.

315 5446 386 5525 θ’.
419 5445 553 5526 ἰξίαν
590 5448 821 5526 ed._G_al.
872 5454 918 5485 ⁸³
943 5454 1261 5526 όμοκάρδιος
1290 5457 1412 5512 cod.
1441 5458 1583 5513 Gud.
1647 5459 1691 5491 "‘
1721 5458 1814 5513 καὶ
1850 5458 2025 5524 ἄλλως
2062 5476 2169 5516 om.
2230 5461 2318 5516 cd.
2358 5461 2473 5518 Gal.

361 5513 386 5525 -
419 5464 553 5534 ιριαν
590 5464 821 5534 eaz‘ual.
872 5464 918 5485 οδ
943 5464 1261 5526 ομοκαρδιος
1290 5464 1412 5512 cod.
1441 5464 1583 5513 Gud.
1647 5464 1691 5491 ⁵⁷⁵
1721 5464 1814 5513 καὶ
1850 5464 2025 5524 ἄλλως
2062 5476 2169 5516 om.
2230 5464 2318 5516 cd.
2358 5464 2473 5518 Gal.
2569 5465 2613 5496 ⁵⁵
2652 5464 2728 5534 τῷ
2765 5480 2874 5520 om.
2913 5465 3001 5522 cd.
3045 5466 3159 5524 Gal.
3233 5470 3278 5501 "
3300 5470 3493 5524 συναλ-

243 5514 521 5570 λοιοῦσθαι
542 5518 629 5573 ed.
665 5522 782 5575 Gal.

1770 5621 2000 5681 NOTAE.

311 5702 389 5772 (ιι)
423 5701 564 5773 Lege
599 5707 912 5761 ministram.
945 5710 1138 5780 (Cale)
1988 5715 2056 5784 (ι’)
2088 5714 2223 5786 chc
2257 5717 2481 5773 nullum.
2516 5720 2710 5792 (Gule.)
