4014 6284
560 326 687 397 1111
1721 333 1783 391 s.
1823 322 2106 390 MAXlMI
2142 312 2644 389 CONFESSORIS
3653 324 3777 393 1112

559 457 655 511 per
688 443 1067 499 habitudinem
1109 453 1401 500 concretus
1438 449 1541 510 est,
1568 450 1624 498 et
1652 441 1913 497 maximae
1939 438 2133 494 videns

2191 440 2371 512 ιπρδς
2418 438 2680 493 ἀπόθεσιν
2720 438 2822 508 τῆς
2866 437 3059 509 ὑλικῆς
3102 436 3472 510 προπαθείας
3507 436 3598 491 τὸν
3621 438 3776 507 αὐτῆς

558 533 803 605 indigere
831 536 1090 606 potentiae
1113 535 1181 590 ad
1207 535 1604 606 depositionem
1635 531 1930 595 materialis
1959 529 2131 601 passi-

2283 530 2661 603 .wOsptoOﬁvat
2693 530 3213 603 poulépevovtpnotv
3240 532 3270 585 ό
3303 529 3647 597 διδάσκαλος,
3676 549 3697 583 ι
3715 523 3780 600 '9
3866 518 3868 525 ί

557 620 808 690 bilitatis,
859 625 929 681 ab
974 642 1040 681 ea
1084 625 1312 682 liberari
1357 627 1656 690 volentem,
1699 622 1778 677 ait
1819 620 2129 691 magister:

2232 636 2338 674 τινι
2374 622 2475 692 μὲν
2497 621 2592 675 οὖν
2610 620 2894 690 ἐξεγένετο
2933 621 3022 675 διὰ
3065 620 3231 692 λόγου
3271 620 3367 675 καὶ
3409 618 3643 690 θεωρίας
3680 618 3783 672 δια-

570 732 592 767 σ
621 714 722 770 Cui
759 716 926 787 igitur
952 717 1163 772 licitum
1209 717 1312 773 fuit
1344 732 1444 788 per
1474 716 1742 771 rationem
1790 724 1848 769 et
1893 719 2137 767 contem-

2234 713 2419 783 σχόντι
2448 713 2551 782 τὴν
2574 711 2708 783 ὓλην
2736 713 2830 767 καὶ
2871 711 2933 764 τὸ
2961 712 3227 784 σαρκικδν
3255 711 3418 766 τοῦτο
3438 711 3597 777 ,εἴτε
3638 710 3784 778 νέφος

565 806 862 877 plationem
891 809 1300 879 pertranseunti
1333 808 1640 871 materiam,
1669 812 1726 861 et
1750 804 1966 861 carnale
2002 804 2131 869 hoc,

2231 804 2339 877 χρὴ
2365 804 2547 873 λέγειν
2571 804 2681 858 εἴτε
2712 804 3114 877 προκάλυμμα,
3143 803 3266 876 Θεῷ
3288 799 3675 873 συγγενέσθαι,
3701 798 3786 852 καὶ

566 897 684 954 sive
728 899 979 954 nimbum
1023 908 1241 971 oportet
1290 900 1499 963 dicere,
1549 898 1665 953 sive
1699 896 1971 962 velamen,
2008 908 2133 950 cum
2228 897 2303 951 τὰ
2324 897 2471 969 ἑξῆς.
2494 895 2683 969 (138
2706 902 2765 966 α)

566 988 680 1046 Deo
706 989 846 1056 ﬁeri,
873 999 980 1047 etc.
1018 1011 1038 1043 ι
2526 994 2529 997 ’

779 1172 1049 1238 Quomodo
1077 1184 1152 1230 est
1179 1176 1382 1233 mantus
1414 1186 1461 1230 et
1489 1176 1727 1231 oetamen
1757 1191 1904 1231 caro.
2304 1168 2364 1219 Π⁴

2304 1163 2436 1232 Πῶς
2452 1164 2587 1219 ἐστι
2605 1164 2790 1235 νέφος
2816 1166 2919 1221 καί
2943 1163 3345 1234 προκάλυμμα
3369 1163 3413 1232 ἠ
3441 1159 3605 1231 σάρξ
3633 1159 3729 1229 (6).

635 1286 749 1343 Cur
792 1295 976 1343 autem
1033 1290 1281 1346 nimbum
1335 1306 1457 1347 esse
1510 1300 1566 1348 et
1613 1291 1862 1347 velamen
1915 1302 2134 1345 carnem

2305 1275 2404 1329 Διά
2434 1274 2565 1329 τίδὲ
2586 1273 2743 1345 νέφος
2766 1271 2907 1329 εἶναι
2928 1274 3026 1328 καὶ
3048 1272 3430 1344 προκάλυμμα
3474 1271 3578 1340 τὴν
3616 1270 3782 1339 σάρκα

569 1375 703 1431 dicit
732 1376 1030 1449 magister?
1046 1378 1237 1436 videns
1268 1380 1471 1452 quippe
1493 1382 1621 1451 quia
1652 1380 1831 1436 omnis
1860 1380 2137 1434 humanus

2237 1365 2402 1437 φησιν
2413 1367 2440 1418 ό
2453 1363 2774 1430 διδάσκαλος
2792 1382 2807 1434 ;
2831 1365 2909 1429 ὡς
2926 1363 3085 1429 εἰδὼς
3099 1365 3181 1419 ὅτι
3198 1366 3306 1428 πᾶς
3326 1361 3666 1434 ἀνθρώπινος
3682 1361 3792 1424 νοῦς

566 1467 782 1523 animus
814 1483 1005 1524 errans
1034 1481 1091 1525 et
1120 1485 1151 1525 a
1186 1471 1423 1525 naturali
1457 1480 1609 1526 motu
1642 1478 1791 1526 retro
1831 1466 2132 1539 aspiciens,

2236 1453 2610 1525 πλανώμενος,
2648 1453 2747 1509 καὶ
2792 1453 2896 1525 τῆς
2941 1457 3085 1509 κατὰ
3123 1455 3286 1523 φύσιν
3328 1454 3619 1509 ἀπονεύων
3652 1453 3790 1523 κινή-

566 1556 713 1612 circa
759 1557 1069 1628 passionem
1120 1568 1177 1616 et
1217 1576 1436 1617 sensum
1492 1571 1548 1618 et
1594 1560 1871 1618 sensibilia
1926 1567 2134 1615 motum

2240 1563 2399 1613 σεως,
2438 1547 2568 1619 περί
2588 1545 2764 1612 πάθος
2799 1547 2899 1602 καὶ
2933 1546 3193 1626 αἴσθησιν
3214 1548 3312 1600 καὶ
3352 1545 3600 1618 αἰσθητὰ
3641 1544 3794 1598 ποιεῖ·

545 1646 717 1711 iacit,
747 1663 857 1702 non
889 1648 1099 1705 habens
1125 1650 1388 1708 aliorsum
1419 1651 1650 1718 moveri,
1681 1651 1751 1707 ab
1773 1667 1840 1708 eo
1865 1659 2014 1705 motu
2042 1650 2130 1721 qui

2206 1689 2210 1728 ἱ
2237 1654 2328 1692 ται
2359 1639 2404 1671 ⁸⁷
2425 1636 2525 1711 τὴν
2547 1637 2785 1709 κίνησιν,
2813 1639 2913 1692 οὐκ
2955 1637 3096 1709 ἔχων
3127 1638 3311 1694 ἄλλοθί
3341 1655 3434 1692 ποι
3466 1634 3753 1705 κινηθῆναι
3775 1677 3791 1701 ,

568 1740 636 1795 ad
674 1741 848 1796 Deum
891 1742 1222 1798 naturaliter
1252 1743 1361 1799 fert
1391 1743 1683 1807 deﬁciens,
1721 1751 1778 1800 et
1806 1742 1993 1799 divisit
2020 1756 2142 1797 car-

2235 1731 2340 1798 τῆς
2397 1730 2534 1801 πρὸς
2579 1731 2711 1786 Θεδν
2758 1730 3006 1801 φυσικῶς
3064 1730 3346 1803 φερούσης
3373 1730 3653 1800 κινήσεως
3689 1727 3792 1781 δια-

567 1844 694 1885 nem
726 1829 781 1884 in
810 1830 1120 1901 passionem
1146 1840 1478 1909 et‘sensum;
1509 1831 1692 1887 carnis
1717 1830 1866 1887 enim
1890 1828 2140 1884 animata:

2241 1824 2552 1895 μαρτήσας,
2583 1824 2678 1879 καὶ
2704 1824 2866 1879 διεῖλε
2895 1824 2993 1896 τὴν
3037 1824 3217 1896 σάρκα
3258 1823 3343 1889 εἰς
3383 1822 3566 1886 πάθος
3593 1820 3685 1875 καὶ
3716 1819 3790 1874 αῖ-

567 1928 864 1992 utrumquc
896 1932 1003 1991 est,
1040 1939 1144 1994 per
1169 1923 1420 1979 nimbum
1444 1931 1500 1979 et
1522 1923 1773 1979 velamen
1807 1922 1924 1976 haec
1956 1918 2142 1975 decla-

2239 1916 2452 1987 σθησιν,
2511 1916 2722 1989 σαρκὸς
2768 1916 2875 1991 γὰρ
2928 1913 3178 1988 ἐμψύχου
3228 1915 3523 1988 ἀμφότερα
3567 1913 3658 1968 διὰ
3709 1910 3792 1965 τοῦ

568 2013 737 2070 tavit.
758 2013 990 2069 Nimbus
1020 2014 1167 2070 enim
1199 2025 1283 2071 est
1305 2014 1595 2086 principali
1625 2013 1701 2087 (κ)
1733 2012 1928 2069 animae
1953 2026 2145 2082 super-

2237 2007 2433 2075 νέφους
2488 2008 2583 2062 καὶ
2635 2008 2734 2062 τοῦ
2789 2009 3263 2081 προκαλύμματος
3312 2007 3489 2063 ταῦτα
3537 2002 3788 2077 δηλώσας.

567 2100 905 2157 obumbrans
947 2104 1184 2159 carnalis
1225 2105 1433 2175 passio,
1464 2113 1521 2161 et
1561 2103 1811 2159 velamen
1856 2112 1943 2159 est
1979 2115 2137 2158 error

2239 2097 2420 2168 Νέφος
2453 2098 2563 2171 γάρ
2591 2099 2709 2153 ἐστι
2742 2097 2823 2170 τῷ
2851 2097 3168 2170 ἡγεμονικῷ
3211 2100 3311 2170 τῆς
3352 2097 3543 2170 ψυχῆς
3600 2098 3793 2151 ἐπισκο-

568 2191 871 2246 secundum
897 2208 1141 2258 sensum,
1162 2193 1562 2264 superﬁciebus
1589 2192 1932 2250 sensibilium
1957 2185 2138 2263 ipsum

2240 2187 2368 2243 τοῦν
2402 2188 2465 2243 τὸ
2509 2190 2775 2261 σαρκικδν
2812 2190 3005 2255 πάθος,
3042 2189 3139 2244 καὶ
3166 2189 3551 2263 προκάλυμμά
3598 2188 3790 2257 ἐστινὴ

566 2279 815 2347 vincens,
843 2290 900 2337 et
927 2282 995 2337 ad
1025 2283 1394 2354 intelligibilia
1425 2284 1714 2339 transitum
1747 2284 2002 2339 muniens
2035 2279 2139 2355 (ν).

2242 2280 2364 2333 κατ’
2388 2279 2642 2351 αἴσθησιν
2675 2281 2883 2352 ἀπάτη,
2916 2283 3038 2346 ταῖς
3076 2282 3420 2351 ἐπιφανείαις
3468 2280 3581 2334 τῶν
3624 2277 3793 2345 αἰσθη-

569 2369 675 2426 Per
697 2370 819 2429 haec
843 2371 1177 2428 oblivionem
1205 2374 1540 2429 naturalium
1571 2374 1842 2429 bonorum
1866 2373 2144 2444 accipiens

2241 2370 2352 2423 τῶν
2377 2371 2549 2442 αὐτὴν
2575 2372 2933 2443 ἐπερείδουσα
2970 2375 3064 2427 καὶ
3094 2373 3197 2444 τῆς
3231 2371 3369 2446 πρὸς
3393 2372 3465 2426 τά
3497 2368 3664 2442 νοητά
3699 2368 3793 2422 δια-

568 2460 781 2525 anima,
818 2462 966 2518 circa
1015 2462 1301 2520 sensibilia
1348 2472 1515 2520 totam
1567 2480 1721 2520 suam
1760 2464 2141 2536 operationem

2241 2459 2455 2524 ϐάσεως
2501 2460 2949 2532 ἀποτειχίζουσα,
2988 2461 3059 2516 δι’
3085 2454 3161 2516 ὧν
3191 2461 3363 2533 λήθην
3405 2459 3519 2514 τῶν
3560 2458 3793 2530 quam?”

568 2552 865 2618 convertit,
890 2553 1109 2611 furores
1141 2564 1198 2612 et
1228 2556 1702 2628 concupiscentias
1732 2564 1788 2613 et
1817 2555 2142 2613 delectatio-

2239 2551 2461 2622 ἀγαθῶν
2483 2552 2837 2624 λαμϐάνουσα
2859 2555 2988 2626 περὶ
3007 2555 3078 2609 τά
3098 2554 3330 2626 αἰσθητά
3358 2554 3459 2625 τὴν
3480 2553 3613 2623 ὃλην
3640 2549 3790 2619 αὐτῆς

568 2657 673 2701 nos
694 2659 796 2716 per
818 2660 887 2705 ea
909 2662 1033 2717 quae
1061 2647 1208 2707 dicta
1235 2657 1367 2705 sunt
1390 2648 1712 2705 inhonestas
1740 2648 1970 2707 invenit.

2235 2641 2520 2712 ἐνέργειαν
2571 2642 2942 2713 καταστρέφει
2963 2683 2979 2708 ,
3016 2642 3227 2714 θυμοὺς
3258 2642 3357 2697 καὶ
3385 2639 3684 2710 ἐπιθυμίας
3707 2636 3788 2689 καὶ

2238 2732 2430 2804 ἡδονάς
2470 2734 2558 2788 διὰ
2592 2734 2705 2787 τῶν
2746 2733 3055 2805 εἰρημένων
3085 2735 3356 2805 ἀπρεπεῖς
3388 2730 3789 2804 ἐφευρίσκουσα.

1036 2914 1306 2981 Quomodo
1333 2915 1573 2987 voluptas
1599 2915 1679 2985 ﬁt.
2169 2919 2214 2977 ϐ
2326 2963 2337 2971 .

2169 2919 2214 2977 C
2326 2963 2337 2971 .
2699 2915 2833 2985 Πῶς
2879 2917 3073 2988 ἡδονὴ
3107 2918 3345 2989 γίνεται.

636 3025 839 3084 Omnis
852 3025 999 3082 enim
1026 3025 1321 3083 delectatio
1348 3041 1543 3082 eorum
1567 3028 1690 3097 qua:
1716 3024 2143 3091 interdicuntur,

2313 3030 2476 3085 Πᾶσα
2501 3028 2607 3102 γὰρ
2636 3030 2799 3103 ἡδονὴ
2832 3030 2941 3086 τῶν
2969 3029 3434 3103 ἀπηγορευμένων
3484 3028 3552 3083 ἐκ
3605 3025 3791 3087 πάθους

572 3133 640 3175 ea
666 3119 943 3190 passione,
968 3133 1070 3189 per
1096 3118 1344 3174 medium
1378 3132 1600 3174 sensum
1636 3117 1701 3173 ad
1734 3116 1941 3188 aliquid
1974 3117 2148 3174 sensi-

2241 3121 2328 3176 διά
2354 3122 2528 3195 μέσης
2554 3122 2858 3195 αἰσθήσεως
2880 3124 3018 3197 πρός
3063 3141 3114 3179 τι
3149 3123 3364 3185 πάντως
3412 3120 3661 3191 γίνεσθαι
3707 3117 3790 3172 πέ-

568 3208 703 3275 bile,
729 3209 955 3265 omnino
982 3208 1100 3264 ﬁeri
1133 3207 1441 3265 consuevit.
1470 3208 1658 3279 Neque
1691 3208 1843 3264 enim
1870 3205 2020 3261 aliud
2048 3205 2147 3261 ali-

2244 3230 2415 3283 φυκεν
2459 3213 2738 3286 αἰσθητόν.
2770 3214 2903 3270 Οὐδὲ
2945 3213 3056 3287 γὰρ
3106 3214 3235 3271 ἄλλο
3285 3214 3337 3268 τί
3381 3215 3503 3267 ἐστι
3561 3210 3712 3284 ἡδονὴ
3760 3210 3789 3279 ἧ

570 3300 707 3372 quid
729 3309 815 3357 est
838 3300 1152 3367 delectatio,
1178 3316 1342 3372 quam
1377 3300 1590 3372 species
1614 3315 1810 3355 sensus
1836 3300 1893 3354 in
1922 3299 2144 3356 sensivo

2243 3299 2383 3369 είδος
2410 3304 2714 3378 αἰσθήσεως
2742 3306 2802 3360 ἐν
2828 3305 2905 3377 τῷ
2932 3304 3234 3378 αἰσθητικῷ
3262 3305 3351 3360 διά
3382 3321 3532 3368 τινος
3557 3299 3791 3372 αἰσθητοῦ

570 3407 672 3465 per
695 3391 977 3463 quoddam
1001 3392 1262 3449 sensibile
1299 3392 1552 3460 formati;
1579 3391 1669 3449 vel
1696 3392 1893 3453 modus
1916 3391 2148 3448 sensiva:

2248 3396 2655 3470 μορφουμένης.
2689 3397 2723 3469 ἢ
2760 3398 2960 3471 τρόπος
2992 3396 3317 3471 αἰσθητικῆς
3369 3395 3652 3468 ἐνεργείας
3686 3392 3789 3446 κατ’

568 3484 913 3555 operationis
977 3500 1079 3555 per
1137 3482 1573 3540 irrationabilem
1645 3483 2144 3554 concupiscentiam

2244 3487 2539 3560 ἐπιθυμίαν
2608 3488 2802 3558 ἄλογον
2859 3489 3265 3560 συνιστάμενος.
3342 3486 3639 3559 Ἑπιθυμία
3698 3482 3790 3553 γὰρ

572 3575 924 3631 constitutus.
963 3575 1427 3647 Concupiscentia
1469 3576 1619 3631 enim
1668 3576 1857 3632 sensui
1900 3573 2147 3646 apposita

2245 3578 2493 3652 αἰσθήσει
2526 3580 2884 3653 προστεθεῖσα
2917 3581 2999 3644 εἰς
3026 3579 3217 3651 ἡδονὴν
3264 3578 3618 3649 μεταπίπτει,
3671 3571 3789 3636 εἶδος

574 3666 633 3722 in
674 3666 1105 3725 delectationem
1142 3666 1401 3733 vertitur,
1439 3665 1648 3723 addens
1688 3666 1739 3722 ei
1785 3666 2056 3737 speciem,
2092 3673 2149 3721 et

2245 3671 2383 3743 αὐτῇ
2409 3671 2711 3741 ἐπάγουσα,
2753 3673 2849 3726 καὶ
2901 3670 3157 3743 αἴσθησις
3198 3672 3319 3725 κατ’
3372 3669 3668 3740 ἐπιθυμίαν
3716 3683 3786 3718 ιιι-

573 3772 770 3816 οεηειιε
810 3774 909 3828 per
951 3757 1457 3828 concupiscentiam
1500 3767 1684 3813 motus
1723 3757 2149 3814 delectationem

2245 3761 2469 3832 vnflsioa
2514 3761 2708 3834 ἡδονὴν
2758 3760 3131 3834 ἀπεργάζεται
3184 3758 3244 3813 τδ
3297 3757 3554 3830 αἰσθητδν
3573 3756 3788 3828 προσλα-

571 3856 857 3916 oporatur,
887 3845 1150 3916 quiddam
1184 3845 1444 3901 sensibile
1476 3846 1775 3917 accipiens.
1802 3846 2150 3919 Cognoscen-

2246 3855 2434 3912 δοῦσα.
2504 3856 2729 3921 Γνόντες
2775 3851 2869 3910 οὖν
2926 3857 2976 3908 οἱ
3033 3855 3201 3925 ἅγιοι,
3255 3852 3443 3924 (138
3492 3852 3542 3923 ὁ)
3583 3851 3663 3906 ὃτι
3713 3847 3787 3902 αι

573 3950 658 3995 tes
690 3940 1060 4010 igitursancti
1089 3941 1218 4015 quia
1247 3957 1348 4013 per
1370 3941 1606 3997 mediam
1634 3957 1853 3998 carnem
1882 3943 1950 3998 ad
1978 3953 2149 4009 mate-

2250 3948 2419 4020 μέσης
2455 3947 2656 4018 σαρκὸς
2686 3947 2822 4019 πρὸς
2851 3945 2952 4019 τὴν
2977 3944 3111 4017 ὓλην
3161 3946 3195 4016 ἡ
3246 3943 3391 4015 ψυχὴ
3448 3941 3597 4014 παρά
3647 3939 3788 4011 ςύσιν

574 4031 709 4089 riam
734 4033 921 4089 anima
939 4038 1131 4089 contra
1151 4041 1403 4089 naturam
1428 4042 1573 4089 mota
1602 4044 1871 4089 terrenam
1898 4034 2148 4091 induitur

2247 4038 2544 4108 κινουμένη
2566 4037 2666 4110 τὴν
2693 4037 2883 4109 χοῖκὴν
2920 4036 3133 4110 μορφὴν
3160 4034 3473 4098 ὑποδύεται,
3509 4032 3597 4088 διά
3635 4032 3789 4100 μέσης

574 4121 829 4187 formam,
857 4122 960 4192 ipsi
993 4123 1169 4195 magis
1191 4138 1290 4195 per
1316 4125 1549 4179 mediam
1578 4126 1815 4183 animam
1842 4126 2146 4181 secundum

2252 4131 2448 4203 μᾶλλον
2473 4130 2651 4203 ψυχῆς
2681 4129 2822 4185 κατά
2842 4130 3003 4202 φύσιν
3035 4130 3189 4183 αὐτοὶ
3217 4129 3353 4201 πρὸς
3400 4128 3494 4183 τδν
3551 4126 3678 4180 OE)”
3718 4140 3788 4176 κι-

574 4222 830 4269 naturam
868 4214 938 4269 ad
974 4215 1148 4271 Deum
1189 4225 1394 4271 motam
1431 4216 1596 4273 etiam
1618 4233 1858 4273 carnem
1897 4219 2010 4274 Deo
2044 4219 2145 4275 de-

2199 4255 2219 4307 )
2248 4224 2516 4305 νουμένης
2544 4223 2640 4277 καὶ
2662 4221 2761 4295 τὴν
2786 4222 2966 4295 σάρκα
2986 4220 3063 4293 τῷ
3089 4219 3209 4293 Θεῷ
3234 4220 3549 4291 πρεπόντως
3594 4213 3784 4308 οἰκειῶ-

573 4316 765 4363 center
790 4306 1042 4366 famulari
1075 4307 1465 4367 intellexerunt
1495 4308 1588 4381 (z),
1616 4325 1714 4380 per
1743 4309 2143 4367 institutionem

2201 4302 2211 4307 ν
2250 4302 2341 4371 σαι
2375 4314 2752 4387 διενοήθησαν,
2777 4314 2848 4371 δι’
2875 4313 3165 4383 ἀσκήσεως
3199 4311 3412 4383 ἀρετῶν
3450 4306 3786 4380 ἐνδεχομένως

572 4398 841 4453 virtutum
877 4399 1291 4469 acceptabiliter
1322 4401 1499 4477 ipsam
1530 4400 1736 4458 divinis
1766 4409 2029 4459 ornantes
2060 4402 2145 4458 in-

1977 4418 2029 4459 es
2060 4402 2145 4458 in-
2247 4407 2418 4480 αὐτὴν
2444 4408 2566 4470 ταῖς
2593 4405 2767 4471 θείαις
2799 4405 3072 4479 ἐμφάσεσι
3105 4402 3562 4486 καλλωπίσαντες)

575 4488 902 4545 tellectibus.

2149 4611 2217 4623 -

777 4666 1048 4734 Quomodo
1077 4677 1127 4723 et
1152 4671 1338 4742 quanti
1370 4679 1541 4726 motus
1572 4679 1697 4729 sunt
1722 4675 1934 4729 animm.

2418 4668 2547 4741 Πῶς
2581 4667 2678 4739 καί
2712 4668 2895 4722 πόσαι
2940 4665 3213 4734 κινήσεις
3257 4664 3379 4720 εἰσί
3409 4661 3628 4734 ψυχῆς.

642 4779 779 4835 Tres
810 4781 957 4836 enim
994 4783 1337 4849 universales
1368 4793 1553 4841 motus
1582 4786 1785 4841 habere
1817 4786 2055 4841 animam
2088 4785 2144 4842 in

2313 4784 2474 4855 Τρεῖς
2503 4782 2611 4852 γὰρ
2638 4778 2935 4844 καθολικάς
2961 4778 3203 4850 κινήσεις
3236 4776 3467 4848 ἔχουσαν
3501 4774 3598 4847 τὴν
3628 4768 3782 4841 ψυχὴν

571 4887 743 4926 unum
784 4873 1047 4931 collecws
1092 4890 1123 4929 a
1171 4876 1441 4933 cbaritate
1488 4876 1565 4950 (a)
1612 4877 1940 4943 docuerunt,
1974 4891 2146 4930 unum

2242 4876 2323 4937 εἰς
2346 4873 2475 4944 μίαν
2499 4871 2894 4940 συναγομένας,
2924 4870 3033 4924 ὑπὸ
3054 4869 3153 4941 τῆς
3177 4869 3402 4942 χάριτος
3434 4864 3780 4938 φωτισθέντες,

571 4961 875 5020 secundum
920 4965 1193 5031 animam,
1225 4965 1460 5021 alterum
1503 4966 1805 5022 secundum
1846 4965 2148 5032 rationem,

2243 4964 2342 5034 τὴν
2374 4962 2515 5017 κατά
2540 4961 2690 5029 νοῦν,
2724 4961 2824 5034 τὴν
2849 4963 2992 5016 κατὰ
3023 4960 3208 5031 λόγον,
3238 4959 3341 5032 τὴν
3369 4959 3514 5014 κατά
3540 4956 3779 5024 αἴσθησινι

520 5114 535 5135 ο
572 5051 799 5107 tertium
829 5055 1136 5111 secundum
1170 5070 1391 5112 sensum
1428 5076 1441 5112 :
1476 5066 1532 5113 et
1563 5073 1730 5112 unum
1762 5056 1987 5129 quidem
2019 5056 2105 5111 sin

2244 5056 2339 5110 καὶ
2397 5055 2497 5127 τὴν
2556 5053 2665 5126 μὴν
2716 5054 2893 5124 ἀπλῆν
2951 5052 3046 5107 καὶ
3091 5052 3514 5123 ἀνερμήνευτον,
3574 5047 3686 5102 καθ’
3726 5043 3780 5113 ἢν

573 5143 725 5217 plum
759 5153 817 5201 et
848 5146 1304 5220 interpretatione
1339 5158 1642 5219 carentem,
1675 5165 1773 5222 per
1800 5163 1964 5222 quem
1999 5148 2147 5204 inco-

2243 5144 2537 5215 ἀγνώστως
2569 5144 2698 5216 περὶ
2727 5143 2861 5198 Θεὸν
2886 5142 3183 5215 κινουμένη
3227 5141 3349 5196 κατ’
3387 5140 3576 5196 οὐδένα
3610 5136 3781 5210 τρόπον

1846 5279 2081 5339 VARIE
2119 5277 2522 5336 LECTIUNES.

642 5368 690 5402 ⁸⁷
722 5368 940 5440 ποίηται
967 5371 1056 5425 ed.
1089 5372 1208 5428 Gal.

2083 5490 2311 5549 ΝΟΤΛΞ.

643 5582 720 5720 (αἶ
748 5582 889 5653 Lege
917 5584 1262 5655 principalem
1291 5595 1512 5654 partem.
1544 5586 1737 5659 (Gale)
2315 5582 2393 5655 (a)
2421 5582 2582 5637 Verte
2611 5581 2822 5635 eruditi.
2854 5580 3134 5638 Sententia
3187 5579 3391 5651 pendet
3415 5593 3452 5635 α,
3471 5574 3632 5633 verbo
3654 5580 3779 5627 tran-

643 5656 696 5720 (ῃ
745 5653 906 5707 Verte
930 5654 1220 5708 obstruent.
1247 5654 1416 5720 (Gale.
2244 5653 2574 5707 acenderunt.
2602 5650 2805 5720 (Gale.)‘

642 5650 718 5727 (11)
742 5650 1220 5727 Χεθιθόὺεειιὶεηεο
1247 5650 1419 5727 (Cale;
1464 5726 1471 5727 ί
1551 5650 1561 5659 ’
1720 5650 1730 5657 ’
2244 5650 2574 5707 accnderunt.
2602 5650 2805 5723 (Gala);

643 5726 720 5795 (ιι),
742 5722 901 5783 Verte
932 5724 1168 5785 meditati
1192 5722 1335 5779 sunt.
1363 5726 1554 5797 (Galen)
