4014 6284
128 277 136 284 ’
216 310 370 376 1113

1457 317 1975 377 AMBIGUORUM
2016 317 2268 379 LIBER.

3331 311 3472 380 1114

207 419 275 487 ἐξ
303 418 516 483 οὐδενὸς
539 417 649 482 τῶν
679 418 850 475 ὄντων
877 419 1041 475 αὐτὸν
1064 421 1153 476 διά
1199 423 1299 492 τὴν
1349 425 1623 496 ὑπεροχὴν
1670 426 1789 478 ὲπι-

1898 424 2040 498 gnite
2072 425 2216 479 circa
2250 425 2423 480 Deum
2455 434 2623 491 mota,
2651 427 2806 480 nullo
2837 427 2998 482 modo
3031 442 3099 482 ex
3134 427 3244 483 ullo
3275 443 3468 484 eorum

207 511 502 590 γινώσκει,
527 510 624 581 τὴν
648 511 705 566 δὲ
728 512 850 565 κατ’
869 512 1052 566 αἰτίαν
1077 513 1358 585 όριστικὴν
1373 515 1469 568 τοῦ
1485 514 1788 584 ἀγνώστου,

206 600 344 659 καθ’
369 602 439 672 ἢν
464 603 712 670 φυσικῶς
743 604 1036 674 κινουμένη
1076 606 1204 668 τοὺς
1229 607 1320 659 ἐπ’
1351 608 1490 680 αὐτῇ
1525 610 1792 678 φυσικοὺς

204 691 429 756 πάντας
452 693 645 761 λόγους
679 694 773 748 τοῦ
814 694 934 749 κατ’
993 696 1172 750 αἰτίαν
1225 699 1386 768 μόνον
1448 700 1791 771 ἐγνωσμένου

211 787 606 856 μορφωτικοὺς
647 784 810 849 ὄντας
858 788 1026 857 ἑαυτῇ
1057 787 1123 840 δι’
1179 789 1463 860 ἐνεργείας
1499 789 1620 844 κατ’
1669 793 1792 843 επι-

211 880 436 948 στήμην
469 877 772 934 ἐπιτίθεται
829 879 896 945 ⁵⁸,
955 881 1057 952 τὴν
1109 881 1165 934 δὲ
1227 881 1506 948 σύνθετον,
1549 883 1672 938 καθ’
1727 887 1794 954 ἢν

207 969 326 1024 τῶν
354 970 514 1034 ἐκτὸς
536 970 890 1042 ἐφαπτομένη
915 971 992 1036 ὡς
1021 972 1086 1027 ἐκ
1138 992 1300 1028 τινων
1349 975 1637 1046 συμϐόλων
1685 972 1794 1026 τῶν

208 1065 431 1136 ὁρατῶν
498 1066 624 1130 τοὺς
695 1065 886 1134 λόγους
943 1067 1082 1138 πρὸς
1137 1069 1338 1139 ἑαυτὴν
1393 1069 1793 1139 ἀναμάσσεται,

212 1158 584 1227 μεγαλοφυῶς
611 1158 698 1211 διὰ
728 1158 932 1213 τούτων
961 1159 1103 1214 κατὰ
1123 1160 1216 1214 τὸν
1245 1161 1422 1232 ἀληθῆ
1450 1162 1545 1216 καὶ
1600 1162 1796 1215 ἀπται-

212 1263 344 1299 στον
365 1248 463 1316 τῆς
492 1247 636 1300 κατά
662 1246 825 1316 φύσιν
856 1251 1126 1318 κινήσεως
1168 1248 1369 1320 τρόπον
1424 1248 1516 1302 τὸν
1554 1248 1798 1317 παρόντα

209 1339 325 1391 τῶν
349 1340 695 1410 σκαμμάτων
725 1339 901 1394 αἰῶνα
927 1340 1206 1412 διέόησαν,
1232 1341 1332 1413 τὴν
1380 1342 1482 1412 μὲν
1521 1341 1796 1411 αἴσθησιν,

212 1432 428 1495 ἁπλοῦς
465 1434 554 1487 διά
611 1432 778 1504 μέσου
821 1433 916 1487 τοῦ
967 1433 1126 1500 λόγου
1176 1435 1314 1505 πρὸς
1368 1435 1460 1490 τὸν
1502 1434 1627 1489 νοῦν
1673 1435 1798 1498 τοὺς

209 1527 325 1580 τῶν
353 1528 629 1600 αἰσθητῶν
658 1531 1062 1598 πνευματικοὺς
1087 1530 1277 1599 λόγους
1331 1529 1558 1601 ἔχουσαν
1607 1530 1802 1600 μόνους

208 1618 674 1685 ἀναϐιϐάσαντες,
722 1619 812 1673 τὸν
861 1619 918 1672 δὲ
971 1619 1130 1688 λόγον
1185 1619 1434 1684 ὲνοειδῶς
1489 1620 1632 1673 κατὰ
1671 1618 1802 1689 μίαν

210 1709 402 1780 ἀπλῆν
445 1727 504 1764 τε
561 1712 656 1765 κα)⁵
704 1712 1013 1783 ἀδιαίρετον
1068 1711 1330 1784 φρόνησιν
1380 1713 1516 1785 πρὸς
1559 1713 1650 1767 τὸν
1674 1711 1799 1767 νοῦν

208 1803 341 1866 τοὺς
370 1803 559 1874 (139
585 1802 640 1873 a)
672 1802 781 1856 τῶν
809 1804 982 1858 ὄντων
1020 1803 1213 1875 ἔχοντα
1243 1806 1433 1874 λόγους
1471 1805 1795 1874 ἑνώσαντες,

210 1895 306 1950 τὸν
328 1896 392 1950 δὲ
417 1895 542 1950 νοῦν
583 1897 683 1966 τῆς
714 1897 846 1968 περὶ⁹
867 1896 938 1950 τά
969 1897 1102 1952 ὅντα
1152 1899 1332 1954 πάντα
1378 1900 1654 1970 κινήσεως
1701 1916 1799 1953 κα·

211 1989 405 2061 θαρῶς
441 1989 780 2044 ἀπολυθέντα
808 1989 906 2044 καὶ
936 1990 1108 2061 αὐτῆς
1149 1991 1250 2062 τῆς
1308 1990 1432 2046 καθ’
1479 1991 1642 2046 αὐτὸν
1692 2010 1796 2061 φυ-

212 2082 383 2150 σικῆς
410 2081 692 2153 ἐνεργείας
714 2082 1028 2156 ἠρεμοῦντα
1048 2083 1127 2154 τῷ
1155 2082 1274 2154 Θεῷ
1299 2086 1796 2155 προσκομίσαντες,

210 2173 337 2227 καθ’
401 2173 460 2229 ὃν
492 2172 686 2238 ὁλικῶς
734 2173 871 2244 πρὸς
914 2172 1048 2228 Θεὸν
1107 2174 1486 2244 συναχθέντες,
1539 2175 1652 2230 ὅλοι
1691 2176 1798 2248 ὅλῳ

207 2264 329 2337 Θεῷ
390 2265 731 2336 ὲγκραθῆναι
791 2264 880 2322 διὰ
935 2265 1032 2320 τοῦ
1088 2266 1401 2336 πνεύματος
1458 2266 1796 2339 ἠξιώθησαν,

204 2359 340 2431 ὃλην
374 2358 470 2413 τοῦ
535 2358 861 2430 ἐπουρανίου
911 2359 1054 2414 κατά
1098 2359 1159 2413 τὸ
1208 2358 1434 2416 δυνατὸν
1489 2359 1800 2432 ἀνθρώποις

206 2450 309 2522 τὴν
373 2450 562 2504 εἰκόνα
613 2449 966 2521 φορέσαντες,
1024 2451 1120 2506 καὶ⁸
1168 2451 1398 2506 τοσοῦτο
1444 2453 1490 2485 ⁸⁵
1544 2453 1798 2521 ἔλξαντες

205 2544 311 2615 τῆς
353 2543 510 2610 θείας
544 2544 858 2616 ἐμφάσεως,
893 2547 944 2600 εί
991 2545 1153 2618 θέμις
1210 2545 1371 2601 τοῦτο
1421 2549 1618 2614 εἰπεῖν,
1674 2549 1798 2604 ὅσον

208 2635 504 2706 ἑλχθέντες
553 2637 709 2690 αὐτοὶ
765 2636 842 2706 τῷ
887 2636 1008 2708 Θεῷ
1068 2638 1455 2710 συνετέθησαν.
1506 2642 1644 2695 Φασὶ
1691 2642 1800 2713 γάρ

207 2727 464 2798 ἀλλήλων
492 2722 632 2781 εἶναι
661 2728 1088 2800 παραδείγματα
1123 2729 1216 2784 τὸν
1250 2731 1386 2785 Θεὸν
1415 2733 1511 2785 καὶ
1569 2733 1660 2786 τὸν
1703 2733 1802 2787 ἀν-

209 2819 458 2889 θρωπον,
489 2821 584 2875 καὶ
611 2820 868 2876 τοσοῦτον
918 2822 997 2892 τῷ
1055 2822 1332 2895 ἀνθρώπῳ
1394 2825 1486 2878 τὸν
1538 2826 1671 2880 Θεὸν
1714 2827 1802 2882 διὰ

209 2909 638 2982 φιλανθρωπίαν
701 2911 1175 2984 ἀνθρωπίζεσθαι,
1249 2915 1374 2969 ὅσον
1443 2919 1470 2971 ὁ
1512 2917 1804 2989 ἄνθρωπος

211 3000 416 3055 ἑαυτὸν
436 3000 514 3072 τῷ
546 3001 666 3073 Θεῷ
695 3003 765 3055 δι’
789 3003 1012 3074 ἀγάπης
1061 3004 1315 3076 δυνηθεὶς
1357 3006 1665 3073 ἀπεθέωσε,
1709 3011 1804 3064 καὶ

211 3093 474 3149 τοσοῦτον
503 3094 606 3148 ὑπὸ
645 3094 782 3149 Θεοῦ
809 3095 901 3150 τὸν
929 3096 1224 3170 ἄνθρωπον
1257 3099 1400 3152 κατά
1445 3098 1570 3154 νοῦν
1624 3101 1803 3172 ἀρπά-

210 3185 410 3252 ζεσοαι
444 3186 580 3258 πρὸς
605 3186 667 3240 τὸ
700 3188 963 3256 γνωστὸν,
997 3189 1123 3243 ὅσον
1151 3191 1180 3244 ό
1229 3190 1515 3262 ἄνθρωπος
1563 3193 1654 3246 τὸν
1703 3195 1799 3248 ἀό-

213 3292 382 3346 ρατον
406 3275 568 3345 φύσει
601 3277 732 3330 Θεὸν
763 3277 849 3332 διὰ
869 3279 980 3333 τῶν
1005 3280 1219 3352 ἀρετῶν
1249 3283 1617 3354 ἐφανέρωσεν.
1662 3285 1800 3340 Ὑπὸ

207 3367 426 3437 ταύτης
455 3367 636 3421 τοίνυν
689 3368 790 3439 τῆς
838 3371 981 3426 κατά
1034 3371 1191 3440 λόγον
1240 3374 1334 3428 καὶ
1383 3374 1616 3446 θεωρίαν
1677 3393 1801 3433 συν-

213 3460 522 3530 ισταμένης
552 3459 896 3532 φιλοσοφίας.
921 3461 1047 3516 καθ’
1079 3463 1147 3535 ἢν
1177 3466 1269 3520 καὶ
1329 3467 1364 3536 ἡ
1419 3465 1514 3520 τοῦ
1543 3465 1800 3540 σώματος

209 3550 272 3618 ἐξ
301 3551 561 3621 ἀνάγκης
599 3552 937 3621 εὐγενίζεται
971 3554 1156 3624 φύσις,
1204 3557 1462 3622 ἀπλανῶς
1518 3563 1654 3627 πρὸς
1708 3561 1799 3615 τὸν

209 3645 303 3699 τοῦ
330 3643 476 3698 Θεοῦ
512 3644 676 3698 πόθον
702 3644 1005 3716 τρωθέντες
1033 3648 1084 3700 οἱ
1109 3647 1254 3713 ἅγιοι
1284 3649 1375 3702 διά
1417 3649 1526 3703 τῶν
1562 3650 1798 3705 ὲνουσῶν

211 3734 402 3798 αὐτοῖς
438 3733 576 3805 πρὸς
604 3733 671 3788 τά
703 3733 824 3789 θεῖα
852 3736 1099 3805 φυσικῶν
1125 3737 1420 3808 ἐμφάσεων
1450 3739 1799 3811 ἀξιοπρεπῶς

213 3824 356 3895 πρὸς
393 3823 482 3878 τὸν
522 3825 568 3856 ⁶⁰
616 3824 750 3878 Θεὸν
799 3827 1187 3899 παρεγένοντο,
1243 3829 1404 3900 σῶμα
1447 3832 1548 3886 καὶ
1593 3831 1798 3902 κόσμον

209 3917 533 3988 ἀθλητικῶς
565 3917 900 3989 διασχόντες,
925 3921 1178 3992 ἀλλήλοις
1210 3920 1385 3975 ταῦτα
1429 3924 1799 3995 περιεχόμενα

211 4010 506 4082 θεώμενοι,
538 4011 628 4065 τὸν
657 4013 758 4082 μὲν
795 4013 978 4082 φύσει,
1019 4015 1080 4069 τὸ
1125 4014 1182 4068 δὲ
1221 4015 1496 4085 αἰσθήσει,
1545 4018 1643 4071 καὶ
1699 4016 1796 4070 θα-

209 4103 357 4174 τέρῳ
389 4103 622 4174 θάτερον
655 4104 982 4168 ὑποπίπτον.
1030 4109 1096 4178 τῇ
1151 4107 1272 4161 κατ’
1334 4107 1650 4181 ἐπαλλαγὴν
1705 4109 1800 4165 θα-

211 4195 374 4266 θέρου
402 4195 543 4263 πρὸς
563 4196 622 4248 τὸ
651 4195 838 4268 ἕτερον
870 4199 1003 4268 ποιᾷ
1041 4199 1286 4271 ἰδιότητι.
1321 4202 1414 4254 καὶ
1450 4201 1620 4272 μηδὲν
1673 4203 1798 4258 τού-

209 4305 318 4343 των
342 4287 427 4359 τῷ
463 4287 584 4342 καθ’
619 4289 812 4342 ἑαυτὸν
845 4288 990 4361 λόγῳ
1013 4292 1362 4362 περιγραφῆς
1382 4294 1631 4365 ὑπάρχον
1656 4293 1800 4348 ἐλεύ-

212 4381 396 4453 θερον,
451 4383 542 4436 καὶ
601 4379 829 4454 αἰσχρὸν
881 4384 1222 4455 ἡγησάμενοι
1275 4387 1387 4449 τοῖς
1446 4386 1660 4458 θνητοῖς
1706 4389 1799 4442 καὶ

1892 533 2015 588 qua:
2048 527 2177 572 sunt
2211 517 2391 588 ipsum
2426 533 2526 588 per
2557 519 2940 573 excellentiam
2978 521 3283 590 cognoscit.
3314 523 3468 577 Alte-

1893 625 2015 664 rum
2042 625 2177 664 vero
2209 609 2512 665 secundum
2546 625 2766 666 causam
2802 610 3145 666 difﬁnitivam
3180 613 3468 684 incogniti,

1889 719 1994 774 per
2018 719 2182 773 quem
2213 704 2541 758 naturaliter
2569 714 2737 766 mota,
2768 719 2960 759 omnes
2993 707 3272 761 naturales
3306 707 3475 760 ratio—

1894 809 2014 860 nes,
2037 810 2136 864 per
2158 809 2378 848 causam
2408 795 2756 848 solummodo
2781 795 3009 865 cogniti,
3035 795 3163 848 dum
3191 785 3302 848 sint
3327 795 3382 849 in
3407 811 3470 848 ea

1894 886 2267 951 formatrices,
2304 887 2409 940 sibi
2458 887 2563 956 ipsi
2610 903 2710 957 per
2750 887 3126 956 operationem
3168 887 3469 941 secundum

1895 980 2183 1035 scientiam
2238 979 2492 1049 imponit.
2542 979 2790 1033 Tertium
2839 988 3021 1033 autem
3075 980 3470 1049 compositum,

1895 1087 1996 1143 per
2018 1088 2183 1142 quem
2211 1088 2274 1126 ea
2307 1089 2427 1140 quze
2451 1081 2605 1126 extra
2633 1081 2761 1126 sunt
2785 1082 3033 1143 tangens,
3060 1073 3229 1126 veluti
3259 1089 3324 1126 ex
3355 1072 3478 1142 qui-

1898 1167 2127 1223 busdam
2175 1167 2345 1238 signis
2385 1166 2684 1221 visibilium
2732 1169 2972 1221 rationes
3009 1167 3154 1237 apud
3200 1182 3257 1220 se
3304 1166 3476 1236 ipsam

1899 1259 2180 1322 reformat,
2210 1257 2633 1328 magnanimiter
2665 1272 2761 1326 per
2793 1257 2914 1322 hos,
2949 1256 3254 1310 secundum
3286 1271 3477 1311 verum

1899 1357 1956 1406 et
1989 1348 2390 1405 immutabilem
2428 1349 2694 1403 naturalis
2731 1358 2916 1403 motus
2957 1348 3203 1412 modum,
3235 1363 3480 1417 praesens

1899 1444 2150 1500 laborum
2180 1442 2440 1497 steculum
2472 1442 2959 1496 transcenderunt.
2986 1440 3218 1494 Sensum
3253 1440 3476 1510 quidem

1901 1536 2226 1608 simpliciter
2274 1535 2592 1606 spirituales
2643 1534 2788 1589 solas
2839 1534 3079 1589 rationes
3132 1532 3482 1588 sensibilium

1902 1627 2196 1682 habentem
2231 1641 2331 1695 per
2362 1624 2598 1678 mediam
2635 1625 2904 1678 rationem
2947 1623 3012 1677 ad
3055 1623 3291 1676 animam
3333 1621 3478 1676 refe-

1905 1727 2117 1785 rentes;
2155 1718 2428 1772 rationem
2464 1733 2597 1772 vero
2630 1715 2982 1770 uniformiter
3013 1731 3112 1785 per
3143 1731 3307 1768 unam
3344 1715 3479 1768 sim-

1899 1811 2155 1882 plamque
2200 1819 2365 1880 atque
2412 1809 2834 1879 inseparabilem
2885 1807 3234 1878 prudentiam
3287 1821 3481 1860 eorum

1897 1919 2019 1973 quae
2077 1913 2206 1958 sunt
2257 1901 2551 1956 habentem
2607 1900 2853 1954 rationes
2905 1899 3091 1953 animo
3142 1896 3479 1958 adunantes,

1898 1995 2078 2066 ipsum
2113 2003 2298 2048 autem
2335 1993 2578 2048 animum
2613 1992 2760 2048 circa
2799 1990 2982 2044 omnia
3014 2006 3135 2060 qua:
3170 1997 3300 2043 sunt
3330 1993 3480 2040 motu

1897 2102 2034 2156 pure
2078 2085 2412 2146 absolutum,
2436 2091 2491 2136 et
2527 2082 2596 2136 ab
2639 2081 2753 2151 ipsa
2793 2078 3099 2135 secundum
3142 2092 3201 2132 se
3242 2073 3482 2130 naturali

1897 2175 2216 2246 Operatione
2249 2173 2500 2242 quietum
2533 2173 2644 2226 Deo
2676 2171 3007 2233 offerentes,
3041 2184 3140 2238 per
3171 2183 3301 2222 eum
3345 2165 3476 2220 uni-

1897 2266 2191 2322 versaliter
2219 2264 2288 2318 ad
2317 2265 2489 2319 Deum
2521 2261 3055 2324 condescendentes,
3087 2258 3187 2313 toti
3225 2265 3341 2312 toto
3372 2258 3486 2312 Deo

1899 2358 2173 2416 contineri
2206 2372 2304 2428 per
2335 2357 2602 2427 Spiritum
2636 2353 2786 2425 digni
2821 2353 2947 2408 facti
2983 2361 3147 2416 sunt,
3171 2358 3339 2405 totam
3373 2364 3487 2404 cte-

1899 2450 2078 2517 lestis,
2113 2456 2380 2521 quantum
2405 2446 2725 2502 hominibus
2760 2445 3022 2515 possibile
3061 2453 3166 2508 est,
3192 2441 3484 2511 imaginem

1901 2543 2140 2600 ferentes
2165 2584 2178 2607 ,
2206 2551 2263 2598 et
2305 2551 2517 2597 tantum
2566 2539 2910 2595 attrahentes
2953 2537 3139 2592 divina
3176 2534 3403 2598 notitia,
3436 2532 3484 2587 si

1901 2635 1982 2690 fas
2018 2644 2104 2689 est
2143 2633 2248 2688 hoc
2284 2633 2501 2696 dicere,
2535 2639 2804 2702 quantum
2848 2629 2950 2700 ipsi
2994 2626 3213 2683 attracti
3251 2627 3365 2682 Deo
3402 2625 3488 2680 in-

1901 2725 2034 2784 serti
2093 2734 2242 2780 sunt.
2292 2725 2492 2779 Dicunt
2549 2723 2697 2777 enim
2753 2723 2898 2777 inter
2951 2736 3011 2776 se
3070 2719 3307 2775 invicem
3362 2732 3486 2774 esse

1903 2815 2275 2886 paradigmata
2309 2814 2480 2870 Deum
2515 2820 2572 2868 et
2606 2812 2909 2877 hominem,
2941 2820 2999 2866 et
3029 2819 3240 2864 tantum
3273 2808 3484 2864 homini

1905 2908 2074 2963 Deum
2101 2923 2201 2978 per
2225 2905 2661 2963 misericordiam
2689 2904 3002 2970 humanari,
3025 2911 3292 2974 quantum
3319 2902 3486 2956 homo

1904 3015 1963 3055 se
1992 3000 2172 3070 ipsum
2201 2999 2315 3054 Deo
2345 3015 2444 3070 per
2470 2999 2800 3055 charitatem
2832 2996 3174 3052 confortatus
3200 3008 3486 3049 consecra-

1826 3125 1873 3186 α
1906 3093 2012 3159 vit;
2049 3103 2106 3148 et
2139 3101 2351 3148 tantum
2387 3108 2417 3146 a
2451 3093 2564 3149 Deo
2598 3090 2879 3148 hominem
2908 3087 3210 3144 secundum
3241 3085 3490 3140 animum

1905 3188 2022 3258 rapi
2074 3187 2142 3242 ad
2197 3187 2568 3258 incognitum,
2606 3193 2875 3255 quantum
2931 3183 3098 3237 homo
3149 3179 3483 3235 invisibilem

1903 3288 2101 3334 natura
2127 3279 2299 3334 Deum
2329 3293 2429 3349 per
2453 3279 2690 3332 virtutes
2720 3276 2849 3331 facit
2877 3274 3247 3330 manifestum.
3273 3272 3357 3328 Ab
3384 3272 3486 3326 hac

1905 3373 2091 3443 itaque
2124 3389 2224 3443 per
2247 3372 2514 3427 rationem
2548 3380 2606 3425 et
2635 3368 3150 3439 contemplationem
3190 3365 3487 3421 constituta

1905 3445 2284 3536 philosophia,
2322 3479 2423 3534 per
2460 3478 2624 3534 quam
2669 3460 2836 3516 etiam
2881 3457 3132 3529 corporis
3173 3457 3493 3512 necessario

1903 3558 2228 3612 nobilitatur
2272 3565 2486 3617 natura,
2520 3554 2730 3624 absque
2777 3567 2987 3616 errore,
3021 3550 3210 3604 divino
3252 3547 3485 3603 sauciati

1905 3649 2077 3704 sancti
2105 3648 2408 3718 desiderio,
2432 3662 2530 3716 per
2555 3645 2747 3700 insitas
2779 3645 2861 3699 eis
2893 3642 3174 3696 naturales
3207 3639 3274 3695 ad
3301 3638 3488 3693 divina

1904 3740 2293 3812 intelligentias
2331 3738 2496 3810 digne
2535 3753 2598 3792 ac
2639 3737 2869 3806 pulchre
2905 3734 2970 3789 ad
3005 3734 3175 3788 Deum
3212 3744 3486 3802 pervene-

1905 3842 2065 3897 runt;
2110 3847 2315 3902 corpus
2347 3839 2402 3885 et
2436 3828 2700 3884 mundum
2738 3826 3048 3882 militariter
3089 3833 3487 3894 pertranseun-

1906 3936 2008 3992 tes,
2031 3925 2136 3980 sibi
2168 3923 2403 3979 invicem
2429 3923 2546 3976 haec
2568 3920 2818 3990 copulata
2847 3915 3303 3985 contemplantes,
3327 3927 3489 3966 mun-

1905 4020 2035 4075 dum
2060 4017 2285 4089 quidem
2311 4023 2545 4079 naturae,
2566 4027 2772 4083 corpus
2795 4026 2927 4065 vero
2949 4008 3160 4070 sensui,
3177 4014 3234 4061 et
3251 4005 3487 4059 alterum

1903 4111 2060 4168 alteri
2109 4109 2471 4166 succumbere
2514 4122 2614 4176 per
2653 4103 3103 4173 consequentiam
3146 4097 3376 4154 alterius
3417 4095 3487 4150 ad

1904 4204 2138 4258 alterum
2177 4200 2550 4272 qualicunque
2593 4196 2937 4268 proprietate
2975 4211 2989 4247 :
3025 4200 3084 4247 et
3115 4190 3252 4245 nihil
3288 4190 3486 4243 borum

1905 4312 2004 4366 per
2044 4311 2104 4351 se
2153 4295 2336 4366 ipsum
2384 4291 2599 4347 ratione
2644 4283 3175 4356 circumscriptionis
3218 4282 3490 4337 exsistere

1905 4389 2165 4451 liberum,
2199 4395 2256 4440 et
2290 4395 2452 4454 turpe
2491 4383 2760 4437 ducentes
2794 4377 3122 4434 mortalibus
3155 4382 3211 4428 et
3245 4373 3486 4427 cireum-

213 4475 619 4544 περιγραπτοίς
669 4473 854 4544 (139
900 4473 951 4543 b)
999 4475 1393 4545 ὲμφθείρεσθαί
1438 4493 1500 4528 τε
1549 4477 1645 4530 καὶ
1706 4495 1798 4530 πε-

1903 4479 2124 4548 scriptis
2151 4475 2434 4545 corrumpi
2461 4484 2517 4529 et
2539 4471 2920 4529 circumscribi
2951 4469 3147 4522 anima:
3179 4462 3488 4519 immortale

217 4563 591 4636 ριγράφεσθαι
619 4565 718 4634 τῆς
749 4564 929 4636 ψυχῆς
964 4566 1062 4618 ἐᾶν
1111 4566 1173 4618 τὸ
1219 4565 1489 4619 ἀθάνατον
1547 4569 1642 4622 καὶ
1683 4569 1800 4622 ἀει-

212 4654 440 4725 κίνητον
464 4656 612 4726 μόνῳ
641 4657 760 4728 Θεῷ
783 4656 862 4727 τῷ
889 4655 1145 4726 ἀθανάτῳ
1185 4657 1282 4710 καὶ
1329 4657 1512 4726 πάσης
1543 4659 1803 4732 ἀπειρίας

211 4744 478 4815 ἀνωτέρω
523 4745 733 4810 ἀλύτως
780 4746 1012 4810 ἑαυτοὺς
1061 4747 1352 4816 ἀνέδησαν,
1396 4748 1648 4819 οὐδαμῶς
1680 4753 1801 4814 ταῖς

213 4835 428 4904 κόσμου
463 4837 556 4888 καὶ
585 4835 790 4906 σαρκὸς
819 4835 1112 4899 ἀνθολκαῖς
1146 4835 1464 4901 ὲνδίδοντες,
1499 4837 1638 4908 ὅπερ
1681 4838 1801 4891 ἐστὶ

210 4930 397 5001 πάσης
462 4930 666 5000 ἀρετῆς
714 4947 775 4984 τε
821 4930 916 4984 καὶ
969 4929 1228 4999 γνώσεως
1283 4929 1588 5000 πλήρωσις,
1641 4926 1799 5002 οἶμαι

210 5021 266 5075 δὲ
297 5024 381 5077 ὅτι
418 5025 514 5077 καὶ
557 5023 729 5087 τέλος.
781 5023 947 5078 Ἀλλά
997 5021 1100 5078 κᾶν
1151 5022 1337 5080 εἴποτε
1384 5023 1517 5093 περὶ
1568 5022 1639 5077 τά
1686 5022 1798 5078 τῶν

209 5116 384 5172 ὄντων
435 5116 691 5188 θεάματα
740 5116 1074 5185 κεκίνηνται·
1113 5117 1164 5168 oi
1208 5113 1379 5182 ἅγιοι,
1425 5115 1526 5169 οὐκ
1577 5115 1670 5169 ἐπὶ
1718 5102 1799 5188 τῷ

212 5209 357 5264 αὐτὰ
388 5210 577 5266 ἐκεῖνα
598 5209 1026 5282 προηγουμένως
1057 5208 1358 5267 θεάσασθαί
1382 5225 1440 5264 τε
1473 5208 1569 5264 καὶ
1589 5208 1798 5278 γνῶναι

216 5301 339 5355 καθ’
366 5304 517 5374 ἡμᾶς
555 5303 758 5367 ὑλιτιῶς
809 5300 1152 5371 κεκίνηνται,
1181 5300 1300 5356 ἀλλ’
1346 5301 1434 5357 ἵνα
1486 5301 1578 5355 τὸν
1627 5303 1671 5334 ⁶¹
1711 5301 1800 5357 διά

1899 4580 1955 4626 et
1984 4585 2204 4639 semper
2231 4569 2457 4631 mobile,
2492 4566 2592 4619 soli
2629 4565 2743 4618 Deo
2774 4561 3066 4637 immortali
3099 4567 3155 4614 et
3183 4557 3334 4611 omni
3366 4555 3487 4609 infi—

1898 4663 2071 4717 nitate
2105 4659 2380 4730 superiori
2418 4655 2791 4712 insolubiliter
2820 4667 2878 4706 se
2915 4652 3067 4720 ipsos
3096 4650 3495 4718 alligaverunt,

1897 4753 2050 4807 nullo
2090 4750 2252 4805 modo
2296 4747 2488 4803 mundi
2531 4754 2698 4816 atque
2743 4744 2929 4799 carnis
2972 4737 3372 4797 reﬂuxionibus
3401 4736 3490 4789 in-

1897 4843 1998 4899 diti
2020 4844 2114 4914 (b).
2142 4842 2268 4898 Haec
2294 4849 2380 4897 est
2401 4840 2583 4896 omnis
2605 4838 2826 4895 virtutis
2843 4845 2899 4894 et
2914 4833 3158 4892 scientiae
3175 4829 3490 4903 plenitudo.

1897 4936 2132 4992 Estimo
2165 4951 2299 4993 vero
2335 4935 2463 5007 quia
2501 4944 2558 4990 et
2594 4933 2738 4988 finis.
2767 4931 2873 4986 Sed
2915 4929 2961 4984 si
3004 4925 3299 4997 aliquando
3335 4923 3493 4979 circa

1896 5043 2091 5082 eorum
2115 5043 2239 5098 qua:
2268 5035 2400 5084 sunt
2423 5023 2819 5096 speculamina,
2845 5019 2978 5074 moti
3006 5025 3133 5073 sunt
3153 5015 3348 5080 sancti,
3371 5028 3490 5070 non

1898 5119 1954 5174 in
1984 5120 2093 5175 hoc
2121 5121 2212 5175 illa
2242 5119 2360 5191 ipsa
2391 5116 2776 5189 principaliter
2805 5108 3169 5179 contemplari
3198 5117 3256 5163 et
3282 5120 3490 5177 cogam

1897 5226 2076 5278 scere,
2108 5212 2253 5268 sicut
2276 5225 2400 5272 nos,
2431 5207 2797 5264 materialiter
2823 5202 2958 5259 moti
2989 5209 3140 5267 sunt,
3169 5199 3264 5256 sed
3296 5205 3358 5254 ut
3385 5212 3492 5268 per

1898 5305 2082 5361 omnia
2111 5305 2248 5360 etin
2283 5302 2542 5360 omnibus
2572 5309 2628 5356 et
2653 5299 3013 5356 exsistentem
3045 5304 3102 5352 et
3125 5299 3490 5366 apparentem

1521 5441 1755 5498 VARUE
1796 5442 2203 5500 LECTIONES.

287 5538 333 5572 ³³
363 5537 630 5594 ὲντίθεται
655 5538 745 5592 ed.
777 5537 894 5593 Gal.
973 5537 1017 5569 ⁵⁸
1041 5535 1292 5590 τοσοῦτον
1316 5536 1405 5592 ed.
1433 5536 1550 5592 Gal.
1623 5538 1667 5569 ⁶⁰
1702 5536 1792 5590 τὸν
1839 5552 1948 5591 om.
1996 5537 2083 5592 cd.
2126 5535 2244 5593 Gal.
2313 5536 2356 5567 θ’
2413 5535 2478 5588 ἵν’
2505 5531 2689 5587 αὐτὸν.
2729 5528 2819 5587 ed.
2861 5525 2986 5584 Gal.

1769 5647 2002 5705 NOT/E.

295 5748 368 5820 (ἐκ)
395 5742 790 5835 Rrﬂurionibns
817 5748 988 5812 inditi,
1009 5746 1188 5802 carnis
1215 5747 1545 5814 renitentiis,
1574 5747 1804 5803 rectius.
1850 5741 2048 5817 (Galc.)
