4014 6284
571 297 719 363 1115

1759 301 1824 362 s.
1859 263 2150 361 MAXIM]
2195 295 2704 358 coxrsssoms

3693 289 3807 356 1116

579 415 750 470 Deum
790 411 1201 467 multiformiter
1235 409 1544 472 laudarent,
1573 419 1629 463 et
1665 409 1895 463 multum
1932 407 2152 462 sibimet

2273 403 2473 458 τάντων
2505 404 2600 457 καὶ
2633 404 2692 456 ἐν
2724 402 2890 457 πᾶσιν
2917 402 3049 456 ὂντα
3081 419 3138 455 τε
3177 400 3265 455 καὶ
3320 396 3656 468 φαινόμενον
3700 401 3811 457 Θεὸν

577 501 958 556 admirationis
993 502 1317 572 colligerent
1351 501 1613 554 virtutem
1650 510 1707 553 et
1737 497 2151 570 gloriﬁcatiouis

577 610 822 650 causam.
850 594 1101 648 Animam
1133 609 1369 663 namque
1401 608 1432 647 a
1464 592 1576 646 Deo
1607 591 1967 660 accipientes,
1993 588 2154 642 intel-

579 687 778 741 lectum
805 695 863 742 et
887 687 1154 741 rationem
1181 695 1483 740 etsensum
1509 685 1825 746 habentem,
1849 698 1973 737 cum
1997 681 2154 735 intel-

580 779 771 848 ligibili
808 789 865 834 et
900 780 1041 833 hanc
1075 779 1418 844 sensibilem,
1448 778 1591 832 sicut
1625 786 1682 831 et.
1713 777 2001 838 rationem,
2033 789 2155 844 qua:

579 881 665 926 est
696 887 794 940 per
824 871 1263 926 enuntiationem
1299 887 1424 926 cum
1457 886 1520 925 ea
1555 885 1676 939 qua:
1713 867 2156 938 inseparabiliter

581 968 694 1024 est,
736 969 792 1015 ct
844 960 1184 1015 intellectum
1244 977 1370 1014 cum
1427 957 1785 1014 intellectuali
1836 957 2154 1028 passibilem

584 1052 769 1122 (quem
793 1053 960 1107 etiam
985 1052 1330 1122 phantasiam
1354 1060 1553 1106 vocant
1575 1049 1850 1114 animalis,
1875 1065 1973 1119 per
1992 1063 2157 1118 quem

583 1150 641 1195 et
675 1142 881 1211 reliqua
926 1142 1203 1206 animalia,
1229 1148 1286 1198 et
1319 1157 1377 1196 se
1414 1141 1650 1196 invicem
1689 1147 1746 1196 et
1782 1154 1883 1194 nos
1921 1147 1978 1194 et
2011 1139 2160 1193 locos

585 1249 724 1304 quos
758 1250 1119 1306 peragravere
1155 1243 1522 1304 cognoscunt;
1552 1232 1699 1288 circa
1732 1247 1896 1302 quam
1929 1231 2160 1300 phanta-

587 1328 724 1382 siam
773 1344 994 1382 sensum
1048 1327 1311 1384 constitui
1361 1326 1553 1381 dicunt
1596 1324 1692 1394 qui
1737 1324 1866 1379 talia
1910 1322 2158 1392 sapiunt.

587 1434 852 1489 organum
890 1419 1062 1489 ipsius
1093 1419 1223 1474 dum
1257 1419 1348 1484 sit,
1378 1434 1476 1489 per
1505 1417 1651 1488 quod
1689 1415 1886 1486 recipit
1909 1429 2032 1485 quae
2063 1429 2163 1484 per

587 1526 708 1566 eam
751 1511 1049 1583 imaginata
1096 1511 1291 1583 sunt),
1323 1519 1699 1582 opportunum
1743 1523 1865 1564 esse
1910 1505 2162 1561 arbitrati

589 1613 718 1658 sunt
740 1604 934 1658 horum
963 1605 1311 1676 operationes
1334 1610 1760 1674 consequenter,
1783 1615 1892 1655 non
1920 1597 2162 1658 sibimet.

589 1695 684 1748 sed
705 1695 929 1750 donanti
945 1697 1081 1761 Deo,
1109 1711 1208 1766 per
1241 1711 1406 1765 quem
1435 1702 1490 1750 ct
1512 1711 1580 1750 ex
1608 1709 1719 1764 quo
1749 1692 1866 1748 hzec
1895 1697 2044 1756 sunt,
2077 1704 2165 1744 re-

590 1787 837 1842 ferendo.
869 1787 1007 1842 Tres
1041 1788 1189 1842 enim
1225 1787 1551 1842 exsistentes
1584 1785 1923 1841 universales
1949 1783 2161 1848 modos,

589 1886 856 1946 quantum
893 1878 1214 1932 hominibus
1244 1886 1328 1932 est
1356 1877 1642 1948 possibile,
1674 1893 1738 1929 ex
1773 1875 1890 1946 ipsa
1923 1875 2070 1930 circa
2101 1890 2166 1930 ea

589 1987 711 2040 quae
735 1980 863 2025 sunt
888 1970 1135 2041 diligenti
1164 1970 1612 2025 consideratione
1639 1969 1862 2034 eruditi,
1885 1969 1940 2022 in
1966 1968 2168 2039 quibus

592 2063 736 2117 Dens
765 2062 951 2116 omnia
979 2061 1111 2116 fecit
1135 2062 1212 2133 (in
1243 2063 1350 2116 hoc
1380 2077 1616 2131 namque
1647 2077 1768 2115 esse
1795 2069 1852 2116 et
1876 2061 2017 2116 bene
2045 2077 2168 2116 esse

589 2162 647 2208 et
691 2170 909 2223 semper
957 2169 1078 2209 esse
1109 2153 1379 2210 Conditor
1425 2169 1526 2206 nos
1567 2153 1895 2223 substituit),
1929 2161 1987 2208 et
2029 2153 2170 2209 duos

590 2250 815 2319 quidem
843 2258 1120 2305 extremos
1145 2267 1176 2304 a
1199 2251 1317 2304 solo
1343 2251 1457 2304 Deo
1481 2251 1701 2304 habitos
1735 2248 1803 2320 (c)
1835 2258 1896 2303 ut
1924 2265 1954 2304 a
1981 2265 2167 2315 causa,

590 2339 762 2392 alium
797 2355 928 2394 vero
966 2338 1210 2393 medium
1253 2347 1310 2394 et
1347 2349 1535 2394 nostro
1573 2339 1903 2409 pendentem
1940 2339 2170 2396 arbitrio

590 2439 650 2484 et
691 2439 870 2494 motu,
900 2437 958 2484 et
999 2445 1097 2500 per
1137 2446 1198 2486 se
1245 2431 1424 2500 ipsum
1471 2431 1736 2486 extremis
1784 2433 2010 2502 proprie
2060 2433 2168 2488 dici

591 2529 962 2589 prtestantem,
986 2529 1043 2574 et
1068 2536 1135 2584 eo
1163 2521 1393 2576 absente
1421 2521 1648 2577 abusive
1677 2522 1759 2578 eis
1787 2523 1955 2578 etiam
1987 2524 2173 2594 appel-

593 2611 728 2664 latio
765 2611 1144 2676 constituitur,
1179 2612 1312 2667 illud
1348 2613 1490 2669 bene
1525 2631 1636 2669 non
1671 2614 2005 2670 habentibus
2036 2632 2170 2671 con-

594 2702 866 2774 junctum,
897 2719 1008 2758 non
1041 2703 1313 2774 aliterque
1346 2721 1510 2776 posse
1548 2705 1740 2761 adesse
1772 2708 1859 2762 eis
1903 2717 1958 2762 ct
1991 2718 2174 2764 custo-

595 2794 705 2850 diri
742 2811 865 2865 quae
905 2796 962 2850 in
1001 2797 1266 2853 extremis
1309 2806 1394 2853 est
1433 2799 1749 2864 veritatem,
1784 2816 1948 2870 quam
1994 2801 2172 2857 facere

597 2889 890 2946 consuevit
913 2889 966 2944 id
995 2890 1142 2960 quod
1171 2898 1257 2946 est
1283 2892 1425 2946 bene
1453 2907 1573 2948 esse
1599 2908 1698 2964 per
1722 2894 1964 2949 medium
1989 2902 2176 2951 extre-

597 2980 704 3036 mis
747 2980 1076 3047 admistum,
1123 2998 1289 3052 quam
1340 2998 1407 3038 ex
1458 2983 1580 3054 ipso
1625 2984 1692 3039 ad
1741 2985 1914 3040 Deum
1957 3001 2177 3056 semper

2255 497 2606 566 πολυτρόπως
2652 495 2942 566 ὑμνήσωσι
2973 495 3070 549 καὶ⁸
3099 494 3299 562 πολλὴν
3331 493 3556 556 ἑαυτοῖς
3590 497 3812 562 συναγεί·

2254 605 2390 659 ρωσι
2421 585 2701 656 θαύματος
2729 584 2982 656 Ιδύναμιν
3033 585 3130 638 καὶ
3183 582 3513 650 δοξολογίας
3560 582 3810 638 ὑπόθεσιν.

2254 678 2449 750 Ψυχὴν
2470 679 2579 750 γὰρ
2604 676 2890 748 εἰληφότες
2917 678 3071 748 παρά
3105 675 3242 730 Θεοῦ
3272 675 3405 729 νοῦν
3443 675 3539 728 καὶ
3557 674 3706 742 λόγον
3737 679 3816 730 καὶ

2255 772 2509 840 αἴσθησιν
2553 770 2786 842 ἔχουσαν
2826 771 2964 840 πρὸς
3012 772 3080 840 τῇ
3132 769 3297 838 νοητῇ
3349 766 3453 819 καὶ
3505 764 3701 833 ταύτην
3736 768 3817 835 τὴν

2255 864 2542 936 αἰσθητὴν,
2577 863 2770 934 ῶσπερ
2803 861 2899 915 καὶ
2928 860 3084 929 λόγον
3138 859 3276 930 πρὸς
3300 857 3388 928 τῷ
3420 855 3703 928 ἐνδιαθέτῳ
3744 859 3817 912 τὸν

2258 959 2400 1013 κατὰ
2425 956 2711 1029 προφορὰν
2739 955 2836 1009 καὶ
2863 953 2990 1008 νοῦν
3036 952 3172 1022 πρὸς
3202 950 3279 1022 τῷ
3310 949 3502 1020 νοητῷ
3533 949 3625 1002 τὸν
3669 949 3820 1020 παθη-

2257 1051 2410 1106 τικὸν
2435 1050 2516 1120 (ὃν
2548 1049 2644 1103 καὶ
2671 1046 2976 1118 φαντασίαν
3009 1043 3235 1099 καλοῦσι
3280 1041 3386 1096 τοῦ
3421 1040 3590 1106 ζὼου,
3621 1041 3733 1094 καθ’
3771 1043 3819 1096 ὃν

2259 1147 2353 1200 καὶ¹
2399 1147 2470 1200 τὰ
2495 1143 2661 1198 λοιπὰ
2708 1142 2826 1207 ζῶα
2861 1141 2957 1195 καὶ
2985 1138 3194 1210 ἄλληλα
3231 1140 3327 1191 καὶ
3365 1137 3522 1208 ἡμᾶς
3576 1136 3667 1188 καὶ
3715 1136 3821 1199 τοὺς

2257 1240 2459 1302 τόπους
2487 1237 2581 1301 οὓς
2606 1236 2905 1289 διώδευσαν
2935 1231 3388 1301 ἐπιγινώσκωσι,
3446 1228 3578 1300 περὶ
3625 1227 3685 1299 ἣν
3725 1245 3820 1282 συν⁸

2265 1334 2517 1388 ίστασθαι
2548 1331 2646 1401 τὴν
2677 1329 2935 1394 αἴσθησίν
2958 1344 3121 1397 φασιν
3165 1326 3216 1379 οἱ
3271 1324 3437 1394 σοφοὶ
3482 1324 3554 1377 τὰ
3606 1323 3820 1384 τοιαῦτα.

2261 1425 2495 1497 ὄργανον
2521 1421 2694 1491 αὐτῆς
2717 1416 2886 1474 οὖσαν
2927 1416 3321 1489 ἁντιληπτικὸν
3361 1414 3480 1468 τῶν
3533 1413 3666 1485 αὐτῇ
3709 1432 3819 1483 eav-

2263 1515 2618 1582 τασθέντων),
2669 1514 2781 1566 δεῖν
2833 1510 3096 1582 ᾠήθησαν
3135 1508 3350 1562 τούτων
3400 1507 3507 1566 τὶς
3551 1507 3818 1574 ἐνεργείας,

2265 1610 2489 1672 εἰκότως
2517 1609 2619 1678 οὐχ
2645 1606 2878 1668 ἑαυτοῖς,
2905 1603 3039 1656 ἀλλὰ
3063 1601 3141 1672 τῷ
3169 1599 3436 1654 δεδωκότι
3478 1596 3616 1667 Θεῷ,
3667 1597 3726 1650 δι’
3775 1597 3821 1650 ὃν

2267 1702 2366 1756 καὶ
2417 1701 2478 1766 ἐξ
2525 1694 2588 1754 οῦ
2648 1699 2852 1757 πάντα,
2885 1693 3275 1766 προσενέγκαι.
3333 1691 3509 1761 Τρεῖς
3552 1688 3654 1760 γὰρ
3690 1690 3819 1753 δντας

2268 1792 2593 1854 καθολικοὺς
2626 1788 2882 1861 τρόπους,
2929 1785 3004 1849 ὡς
3050 1781 3366 1853 ἀνθρώποις
3417 1782 3571 1834 ἐστὶν
3616 1780 3815 1849 ἐφικτὸν,

2267 1889 2334 1941 ἐκ
2361 1885 2464 1956 τῆς
2504 1883 2634 1955 περὶ
2658 1881 2728 1935 τὰ
2772 1879 2901 1933 ὄντα
2929 1875 3195 1949 ἀκριϐοῦς
3221 1876 3620 1943 κατανοήσεως
3640 1875 3818 1926 παιδευ-

2269 1977 2477 2043 θέντες,
2517 1974 2604 2046 ἐφ¹
2632 1967 2716 2036 οἷς
2755 1973 2812 2026 ’0
2841 1969 2974 2034 Θεὸς
3002 1969 3072 2022 τὰ
3107 1968 3286 2022 πάντα
3325 1965 3636 2037 πεποίηκεν
3675 1957 3819 2034 ί-ὲςΐῷ

2267 2085 2328 2123 τε
2377 2067 2487 2140 γὰρ
2519 2063 2681 2133 εἶναι,
2728 2064 2824 2118 καὶ
2852 2055 2912 2116 εῦ
2957 2057 3122 2129 εἶναι,
3148 2062 3242 2116 καὶ
3265 2062 3358 2118 ἀεὶ
3393 2055 3561 2126 εἶναι,
3588 2060 3750 2132 (ιω
3773 2060 3816 2128 ε)

2269 2159 2539 2223 οὐσιὼσας
2560 2160 2708 2231 ἡμᾶς
2724 2156 3114 2229 ὑπεστήσατο),
3137 2156 3385 2220 καὶτοὺς
3410 2156 3514 2226 μὲν
3541 2154 3632 2207 δύο
3655 2154 3818 2225 ἄκρους

2269 2252 2450 2317 δντας,
2475 2251 2572 2306 καὶ⁵
2601 2249 2769 2322 μόνου
2797 2249 2936 2302 Θεοῦ
2968 2248 3286 2320 ἐχομένους,
3320 2248 3403 2312 ὡς
3447 2247 3642 2310 αἰτίου,
3673 2246 3752 2298 τὸν
3771 2245 3815 2298 δὲ

2271 2346 2460 2415 ἕτερον
2485 2343 2670 2415 μέσον,
2713 2344 2808 2398 καὶ
2833 2342 2938 2412 τῆς
2969 2341 3249 2413 ἡμετέρας
3273 2340 3596 2412 ἠρτημένον
3631 2339 3818 2408 γνώμης

2269 2454 2330 2490 τε
2358 2437 2454 2490 καὶ
2481 2435 2771 2507 κινήσεως,
2811 2434 2904 2488 καὶ
2926 2434 2997 2488 δι’
3047 2433 3245 2489 ἑαυτοῦ
3277 2435 3400 2498 τοῖς
3443 2433 3630 2504 ἄκροις
3663 2433 3717 2484 τὸ
3740 2448 3815 2483 tu.

2276 2529 2408 2600 ρίως
2429 2525 2686 2596 λέγεσθαι
2707 2525 3045 2598 παρέχοντα,
3070 2525 3166 2580 καὶ
3187 2517 3250 2579 οῦ
3283 2525 3363 2596 μὴ
3397 2524 3662 2594 παρόντος
3684 2522 3818 2591 ἄχρη-

2277 2639 2402 2686 στος
2435 2621 2620 2684 αὐτοῖς
2651 2623 2684 2691 ἡ
2715 2619 3060 2690 προσηγορία
3094 2616 3450 2682 καθίσταται,
3475 2615 3537 2669 τδ
3566 2611 3622 2668 εὖ
3650 2629 3814 2682 cump-

2279 2715 2441 2782 μένον
2471 2711 2572 2764 οὐκ
2603 2710 2843 2780 ἔχουσιν,
2875 2711 2977 2763 οὐκ
3007 2707 3185 2772 ἄλλως
3217 2707 3484 2762 δύνασθαι
3508 2708 3600 2760 καὶ
3623 2720 3812 2775 προσγε-

2274 2803 2466 2858 νέσθαι
2491 2803 2680 2867 αὐτοῖς
2713 2806 2809 2856 καὶ
2861 2801 3208 2873 φυλαχθῆναι
3254 2800 3358 2872 τὴν
3407 2802 3468 2854 ἐν
3510 2801 3619 2862 τοῖς
3661 2798 3812 2867 ἄκροις

2275 2892 2556 2964 ἀλήθειαν,
2617 2893 2686 2965 ἢν
2737 2895 2922 2947 ποιεῖν.
2965 2893 3180 2962 πέφυκε
3231 2891 3294 2945 τὸ
3355 2887 3418 2945 εὖ
3453 2885 3592 2944 εἶναι
3630 2886 3818 2941 κατὰτὸ

2279 2987 2447 3057 μέσον
2475 2988 2589 3050 τοῖς
2615 2986 2808 3058 ἄκροις
2859 2984 3315 3056 ἐπικιρνώμενον,
3358 2985 3393 3056 ἦ
3448 2987 3516 3056 τῇ
3558 2981 3682 3053 πρὸς
3710 2977 3813 3032 Θεύν

598 3084 750 3128 motu
801 3073 1229 3142 intellexerunt;
1281 3085 1338 3131 et
1378 3076 1644 3147 deinceps
1682 3078 1923 3133 naturali
1963 3079 2176 3135 ratione

2277 3079 2593 3152 ἁεικινησίᾳ
2639 3079 2996 3151 διενοήθησαν
3024 3091 3038 3106 ⁶
3087 3077 3185 3132 καὶ⁸
3211 3077 3404 3131 λοιπὸν
3431 3076 3510 3148 τῷ
3531 3074 3662 3130 κατὰ
3688 3071 3814 3142 φύσιν

599 3167 728 3222 hinc
761 3168 1250 3238 contemplativum
1287 3170 1486 3225 animm
1520 3170 1903 3237 extendentes,
1928 3182 1984 3228 et
2015 3171 2179 3228 modo

600 3255 841 3326 quodam
879 3273 990 3311 non
1025 3267 1282 3328 oportere
1319 3259 1767 3317 conversibiliter
1799 3262 1879 3317 uti
1913 3263 2181 3318 naturali-

602 3347 708 3402 bus
739 3349 1188 3430 operationibus,
1222 3361 1450 3422 propter
1485 3364 1838 3424 superantem
1872 3358 2182 3413 necessario

603 3442 1036 3510 corruptionem,
1061 3459 1128 3497 co
1163 3445 1328 3499 modo
1360 3445 1458 3516 qui
1486 3455 1571 3501 est
1601 3461 1702 3516 per
1732 3442 2054 3504 abusionem
2088 3466 2187 3505 na-

607 3532 880 3588 turalibus
910 3536 1194 3604 potentiis,
1221 3537 1338 3607 ipsa
1372 3553 1482 3592 non
1512 3547 1704 3594 utente
1734 3540 1968 3606 ratione,
1995 3551 2184 3612 aperte

605 3624 915 3691 audientes,
944 3642 1009 3682 ac
1037 3627 1197 3696 plane
1229 3644 1330 3698 per
1356 3628 1644 3686 decentem
1675 3640 1886 3688 natura:
1917 3637 2183 3689 rationem
2220 3671 2228 3679 -

605 3714 677 3770 ad
708 3715 882 3786 ipsius
909 3733 1135 3772 causam
1162 3717 1297 3774 ferri
1327 3719 1676 3789 didicerunt;
1711 3731 1774 3778 ut
1798 3725 1948 3781 unde
1974 3726 2185 3798 simpli-

606 3807 748 3862 citer
769 3808 852 3862 eis
877 3818 1126 3876 estesse,
1145 3819 1201 3865 et
1226 3826 1357 3867 vere
1382 3827 1530 3879 esse,
1551 3814 1884 3887 quandoque
1909 3817 2182 3890 adjectum

611 3899 904 3969 accipiant.
926 3901 1067 3967 Quid
1091 3903 1239 3957 enim
1265 3903 1518 3961 fortassis
1539 3905 1679 3962 lucri
1703 3909 1832 3976 erit,
1865 3909 1934 3964 ad
1957 3925 2016 3966 se
2040 3911 2190 3982 ipsos

611 4007 767 4061 :rque
792 3994 1488 4062 ratiocinantesTdicebant,
1508 4016 1619 4056 non
1644 4017 1676 4056 a
1697 4002 2190 4073 seipsozexsistenti

611 4086 822 4139 causali
856 4087 922 4141 ad
959 4104 1016 4142 se
1041 4089 1250 4158 ipsum,
1277 4100 1367 4144 aut
1402 4092 1552 4147 aliud
1574 4094 1730 4162 quid,
1757 4105 1961 4165 praeter
1992 4098 2186 4164 Deum,

611 4181 793 4237 moto,
823 4177 1044 4245 quando
1073 4179 1127 4231 in
1154 4180 1424 4234 rationem
1458 4181 1633 4251 ipsius
1655 4198 1778 4238 esse
1802 4185 1942 4240 nihil
1967 4187 2191 4244 sibimet

610 4279 643 4319 a
673 4266 856 4344 seipsp
891 4277 986 4323 aut
1048 4271 1117 4325 ab
1151 4272 1261 4326 alio
1292 4273 1530 4342 quodam
1565 4285 1762 4345 praeter
1795 4278 1965 4333 Deum
1996 4281 2188 4351 acqui-

611 4372 738 4411 rere
768 4360 1010 4427 poterit?
1033 4362 1136 4417 Per
1166 4364 1540 4420 hoc-animum
1572 4367 1795 4437 quidem
1825 4371 1975 4426 circa
2009 4374 2186 4427 solum

2279 3173 2532 3228 ἐντεῦθεν
2554 3172 2612 3226 τὸ
2633 3172 2861 3226 όπτικὸν
2885 3171 2985 3240 τῆς
3005 3170 3186 3241 ψυχῆς
3210 3165 3812 3234 συνεπιτείναντεςλόγῳ,

2279 3264 2376 3318 καλ⁵
2397 3264 2598 3336 τρόπον
2622 3262 2746 3318 τινὰ
2788 3263 2863 3336 μὴ
2891 3263 3002 3317 δεῖν
3031 3263 3416 3332 ἀντιστρόφως
3465 3259 3687 3334 χρῆσθαι
3721 3256 3814 3317 ταῖς

2282 3357 2541 3425 φυσικαῖς
2572 3354 2900 3426 ἐνεργείαις,
2922 3355 3010 3408 διὰ
3041 3354 3142 3427 τὴν
3183 3353 3244 3421 ἐξ
3283 3355 3539 3424 ἀνάγκης
3562 3347 3812 3421 ἐπισημαί-

2282 3464 2481 3500 νουσαν
2500 3448 2624 3510 ταῖς
2655 3447 2916 3515 φυσικαῖς
2945 3445 3246 3514 δυνάμεσιν
3278 3447 3343 3500 ἐκ
3369 3446 3467 3500 τοῦ
3507 3442 3642 3500 κατὰ
3669 3439 3812 3508 παρὰ·

2283 3555 2482 3610 χρησιν
2530 3539 2736 3609 τρόπου
2784 3536 3011 3607 φθορὰν,
3073 3536 3241 3590 αὑτοῦ
3298 3537 3536 3609 βοῶντος
3576 3534 3661 3590 τοῦ
3685 3533 3809 3600 λόγου

2282 3630 2582 3704 διαρρήδην
2600 3631 2958 3694 ἀκούσαντες,
3011 3629 3232 3701 ὁμαλῶς
3262 3632 3406 3686 κατὰ
3453 3631 3544 3684 τὸν
3582 3629 3808 3700 πρέποντα

2283 3724 2445 3793 λόγον
2495 3723 2596 3796 τῆς
2625 3723 2844 3794 φύσεως
2900 3723 3040 3795 πρὸς
3073 3722 3167 3778 τδν
3201 3723 3376 3794 αὐτῆς
3403 3725 3570 3779 αἴτιον
3597 3717 3809 3792 φέρεσθαι

2285 3815 2668 3890 ἐδιδάχθησαν,
2703 3817 2772 3870 ἵν’
2803 3815 2928 3870 ὅθεν
2973 3815 3160 3880 ἁπλῶς
3203 3817 3390 3882 αὐτοῖς
3436 3818 3548 3870 ἐστι
3589 3813 3644 3868 τὸ
3682 3807 3807 3869 εἶναι,

2285 3909 2382 3964 καὶ
2417 3909 2479 3962 τὺ
2503 3908 2675 3972 ὅντως
2699 3903 2842 3962 εἷναί
2874 3925 3007 3962 ποτε
3035 3909 3336 3978 προστεθὲν
3369 3907 3724 3973 ὑποδέξωνται.
3759 3899 3809 3953 τί

2286 4003 2397 4072 γὰρ
2427 4001 2494 4056 ἂν
2521 4001 2615 4055 καὶ
2643 4001 2800 4054 ἔσται
2821 4000 2902 4071 τῷ
2926 4001 3000 4071 μὴ
3025 3999 3222 4055 ἑαυτοῦ
3252 4001 3400 4055 κατὰ
3436 4001 3494 4054 τ’»
3519 3995 3642 4052 εἶναι
3684 3992 3807 4059 αἰτίῳ

2291 4095 2428 4166 πρὸς
2477 4093 2710 4156 ἑαυτοὺς
2764 4094 2895 4156 ἴσως
2927 4092 3278 4166 λογισάμενοι
3305 4089 3481 4158 εἶπον,
3515 4089 3638 4162 πρὸς
3658 4084 3807 4141 ἑαυτὸν

2291 4187 2490 4258 ῆᾶλλο
2532 4204 2588 4240 τι
2642 4186 2794 4256 παρὰ
2846 4186 2940 4238 τὸν
2996 4185 3132 4240 Θεὸν
3177 4187 3491 4258 κινουμένῳ
3532 4183 3587 4237 τὺ
3637 4177 3802 4248 κέρδος,

2290 4278 2453 4333 ὁπότε
2487 4280 2568 4342 εἰς
2587 4278 2679 4331 τὸν
2708 4277 2804 4331 τοῦ
2831 4270 2970 4331 εῖναι
2999 4276 3158 4346 λόγον
3178 4278 3332 4332 οὐδὲν
3379 4275 3553 4345 ἐαυτῷ
3600 4271 3680 4340 ἀφ’
3715 4266 3807 4319 ἑαυ·

2292 4371 2412 4438 τοῦ,
2445 4371 2478 4441 ἢ
2503 4369 2665 4424 ἄλλου
2690 4369 2834 4433 τινὸς
2858 4368 3010 4441 παρὰ
3043 4369 3136 4423 τὸν
3163 4368 3296 4421 Θεὸν
3331 4365 3664 4441 περιποιῆσαι
3682 4355 3802 4422 δυνή-

611 4447 786 4504 Deum
819 4459 876 4506 et
908 4453 1141 4510 virtutes
1171 4457 1294 4526 ejus
1329 4458 1582 4531 intelligi,
1615 4469 1673 4517 et
1703 4461 1968 4518 ineﬂ‘abili
2001 4466 2176 4536 gloria

2293 4477 2482 4526 σεται;
2521 4459 2622 4513 Διὰ
2666 4459 2826 4513 τοῦτο
2853 4458 2946 4512 τὸν
2985 4458 3086 4527 μέν
3112 4457 3238 4511 νοῦν
3259 4459 3389 4528 περὶ
3421 4457 3580 4536 μόνου
3593 4445 3706 4503 Θεοῦ
3734 4441 3802 4495 καὶ

613 4539 976 4600 beatitudinis
1000 4547 1120 4618 ejus
1145 4547 1349 4612 addici,
1372 4551 1642 4607 rationem
1667 4569 1803 4609 vero
1827 4553 2190 4624 interpretem

613 4633 1040 4707 intelligibilium
1071 4638 1188 4695 ﬁeri
1208 4650 1264 4696 et
1287 4642 1668 4711 laudatricem,
1697 4647 1840 4702 etad
1871 4663 1935 4702 ea
1963 4647 2196 4704 uniﬁcos

612 4736 764 4782 recte
799 4727 1084 4799 disputare
1115 4732 1338 4799 modos,
1371 4750 1594 4791 sensum
1626 4752 1760 4792 vero
1791 4753 1892 4807 per
1924 4739 2192 4795 rationem

613 4817 964 4884 nobilitatum
1008 4821 1156 4892 ipsas
1198 4822 1254 4877 in
1298 4825 1559 4881 universo
1601 4827 1929 4884 dill‘erentes
1958 4830 2195 4888 virtutes

612 4920 670 4966 et
691 4913 1044 4981 operationes
1071 4914 1482 4986 imaginantem,
1508 4918 1564 4973 in
1593 4918 1680 4975 his
1703 4936 1825 4990 qua
1850 4931 1998 4987 sunt,
2023 4938 2198 4992 quan-

617 5013 731 5059 tum
771 5006 1035 5074 possibile
1074 5016 1189 5070 est,
1222 5009 1420 5064 anima:
1462 5012 1794 5068 annuntiare
1830 5014 2072 5070 rationes
2101 5015 2196 5070 do-

615 5103 806 5150 centes
829 5097 926 5168 (d),
952 5108 1010 5153 et
1041 5114 1139 5168 per
1172 5101 1414 5156 animum
1437 5103 1780 5158 etrationem
1808 5105 1976 5160 veluti
2010 5106 2194 5161 navim

615 5189 897 5258 sapienter
936 5193 1175 5248 animam
1215 5195 1614 5265 gubernantes,
1649 5188 1917 5252 lubricam
1959 5197 2103 5254 hanc
2139 5210 2196 5255 et

619 5280 931 5337 instabilem
968 5292 1025 5338 et
1060 5285 1117 5341 in
1155 5286 1308 5342 aliud
1343 5289 1506 5344 aliter
1541 5289 1831 5353 ferentem,
1866 5299 1923 5346 et
1966 5307 2188 5348 sensum

617 5361 924 5440 agitantem
957 5374 1083 5431 vitae
1123 5377 1300 5443 viam,
1333 5379 1495 5434 siccis
1540 5380 1979 5450 pertransicrunt
2022 5384 2192 5438 vesti-

619 5480 745 5532 gus.

2292 4553 2404 4608 τῶν
2463 4525 2632 4607 αὑτοῦ
2693 4551 2910 4624 ἀρετῶν
2973 4525 3349 4614 διανοεῖσθαι.-
3381 4525 3476 4604 καὶ
3520 4525 3580 4615 τῇ
3627 4537 3800 4609 Milite

2291 4643 2419 4717 δόξῃ
2445 4643 2546 4714 τῆς
2576 4641 2744 4699 αὑτοῦ
2779 4642 3201 4714 μακαριότητος,
3253 4640 3440 4713 (ιω
3478 4639 3526 4706 b)
3565 4629 3800 4700 ἀγνώςτως

2301 4736 2644 4800 ἐπιϐάλλειν,
2678 4736 2772 4789 τὸν
2797 4735 2855 4789 δέ
2883 4734 3041 4802 λόγον
3064 4733 3407 4806 ἑρμηνευτὴν
3429 4731 3531 4784 τῶν
3561 4719 3794 4806 νοηθέντῳν

2292 4827 2542 4898 γίνεσθαι
2568 4827 2667 4881 καὶ
2689 4824 2958 4897 ὑμνῳδὸν,
2985 4827 3079 4878 καὶ
3118 4805 3247 4889 τοὺς
3277 4824 3414 4894 πρὸς
3435 4820 3563 4877 αὖτὰ
3583 4805 3796 4912 ἑνοποιοὺξ

2292 4918 2471 4990 ὀρθῶς
2507 4917 2856 4987 διαλέγεσθαι
2905 4918 3164 4990 τρόπους.
3217 4917 3316 4987 τὴν
3363 4915 3421 4969 δέ
3452 4911 3669 4980 αἴσθησιν
3692 4911 3826 4953 κειται

2292 5012 2448 5082 λόγον
2496 5009 2910 5080 εὐγενισθεῖσαν
2962 5011 3062 5073 τὰς
3114 5011 3173 5062 ἐν
3223 5007 3301 5079 τῷ
3347 5006 3508 5062 παντὶ
3568 4994 3794 5082 διαφόρονς

2290 5080 2552 5175 δυνάμεις
2580 5119 2641 5156 τε
2687 5103 2784 5157 καὶ
2826 5101 3110 5173 ἐνεργείας
3150 5096 3607 5170 φαντασιουμένην
3631 5080 3791 5146 τοϋςέν

2291 5200 2404 5260 τοῖς
2430 5196 2581 5251 οὖσιν
2610 5195 2688 5260 ὡς
2732 5195 2958 5264 ἐφικτὸν
2988 5197 3056 5265 τῇ
3091 5193 3238 5264 ψυχῇ
3286 5187 3606 5259 διαγγέλλειν
3649 5176 3790 5242 λόγους

2293 5288 2621 5355 διδάξαντες,
2653 5287 2749 5342 κοιλ⁵
2774 5287 2865 5342 διὰ
2895 5286 2988 5341 τοῦ
3032 5285 3123 5340 νοῦ
3171 5285 3264 5339 καὶ
3315 5283 3411 5337 τοῦ
3460 5269 3788 5366 λόγου.ὥσπξρ

2299 5382 2455 5446 ναῦν.
2478 5381 2579 5451 τὴν
2607 5380 2785 5452 ψυχὴν
2816 5379 2999 5448 σοφῶς
3025 5378 3391 5442 οίακίσαντες,
3419 5375 3510 5446 τὴν
3534 5365 3678 5436 ὑγρᾶν
3695 5365 3787 5454 ταυς

2301 5493 2400 5545 την
2448 5475 2541 5526 καὶ
2579 5473 2811 5527 ἄστατον
2850 5472 2947 5526 κοιλ⁷
2986 5472 3173 5527 ἄλλοτε
3208 5469 3380 5532 ἄλλως
3432 5458 3692 5537 φερομένην
3722 5459 3784 5498 καί

570 5629 578 5637 _
619 5556 718 5628 τὴν
747 5558 1001 5630 αἴσθησιν
1026 5559 1421 5628 ἐπικλύζουσαν
1461 5564 1552 5618 τοῦ
1589 5565 1704 5637 βίου
1739 5566 1994 5622 κέλευθον
2027 5567 2278 5640 ἀϐρόχοις
2310 5567 2602 5621 διώδευσαν
2635 5564 2859 5635 ἴχνεσιν.

2121 5680 2347 5740 NOTAE.

699 5744 767 5810 (ε)
794 5745 955 5802 Verte
982 5747 1280 5816 pendentes.
1307 5747 1500 5820 (θοις.)

2376 5749 2451 5823 (d)
2479 5748 2693 5805 Mallem
2724 5750 2926 5802 docent.
2956 5747 3156 5820 (Galen)
