4014 6284
152 340 313 406 1117

268 459 495 527 Θεωρία
526 459 633 527 τῆς
669 458 761 512 διὰ
792 458 899 527 τῆς
946 461 1263 529 θαλάσσης
1313 463 1642 532 διαϐάσεως

749 552 846 605 διὰ
872 552 1150 620 Μωσέως.

219 661 391 716 Οὕτω
419 662 559 733 τάχα
589 663 684 716 καὶ
712 665 951 734 Μωῦσῆς
976 668 1183 730 ἐκεῖνος
1209 669 1236 719 ὁ
1266 668 1437 737 μέγας
1458 672 1522 739 τῇ
1559 670 1741 741 πληγῇ

138 755 250 808 τοῦ
302 755 715 827 παντοδυνάμου
759 757 953 825 λόγου,
1003 752 1063 813 οὐ
1114 758 1382 829 σύμϐολον
1418 755 1486 831 ἦν
1532 761 1663 825 ἴσως
1708 763 1741 832 ἡ

144 849 381 919 ράὁδος,
416 848 692 919 θαλάσσης
727 849 928 918 τρόπον
961 850 1071 904 τῶν
1110 852 1383 921 αίσθητῶν
1420 852 1611 906 διελὼν
1646 852 1745 924 τὴν

140 942 403 1013 ἀπάτην,
439 943 471 1013 ἦ
501 942 768 1013 περιελὼν
795 944 969 996 εἰπεῖν
1002 944 1352 1017 οἰκειότερον,
1388 945 1620 1019 στερρὰν
1652 945 1748 999 καὶ

141 1033 486 1098 ἀσάλευτον,
524 1033 602 1104 τῷ
631 1034 768 1107 πρὸς
799 1033 901 1098 τὰς
948 1034 1099 1098 θείας
1147 1036 1481 1106 ἐπαγγελίας
1527 1039 1746 1106 ἐπειγο-

147 1126 318 1198 μένῳ
340 1125 460 1197 λαῷ
489 1126 590 1198 τὴν
626 1128 874 1197 ὐπίχνιον
907 1128 952 1159 ⁸⁸
984 1128 1290 1199 παρέσχετο
1333 1129 1460 1199 γῆν,
1506 1128 1604 1199 τὴν
1639 1128 1747 1181 ὐπὸ

146 1218 443 1288 αἴσθησιν,
486 1218 651 1291 φημὶ,
692 1218 855 1289 φύσιν
886 1218 1031 1291 ὀρθῷ
1066 1219 1210 1292 λόγῳ
1240 1216 1380 1275 εἶναι
1418 1220 1619 1292 θεατὴν
1653 1222 1749 1274 καὶ

146 1311 610 1381 εὐπερίγραπτον
646 1311 741 1364 καὶ
782 1310 882 1383 βίῳ
911 1313 1136 1384 ἀρεταῖς
1177 1312 1530 1384 ἡγλαῖσμένῳ
1578 1311 1747 1384 βατὴν

145 1399 341 1465 δείξας
373 1401 470 1453 καὶ
510 1400 927 1470 εὐπαρόδευτον,
975 1401 1073 1455 καὶ
1133 1400 1339 1473 μηδένα
1390 1401 1638 1455 κίνδυνον
1684 1404 1749 1456 ἐκ

144 1493 258 1563 τῆς
315 1493 658 1564 ἑκατέρωθεν
718 1495 1108 1568 παφλαζούσης
1176 1498 1287 1551 τῶν
1357 1498 1748 1566 διακριθέντων

148 1586 396 1651 ὑδάτων,
421 1582 499 1650 οἷς
530 1586 667 1651 τέως
694 1588 1024 1654 κεκάλυπτο,
1052 1590 1232 1662 ὁρμῆς
1252 1592 1365 1654 τοῖς
1385 1589 1558 1653 οὕτως
1581 1589 1750 1661 αὐτὴν

148 1672 500 1741 διαπερῶσιν
560 1674 909 1742 ἐπάγουσαν·
961 1676 1120 1750 είπερ
1174 1677 1254 1749 τῷ
1307 1678 1427 1732 κατ’
1458 1679 1750 1747 ἀναγωγὴν

152 1764 311 1834 λόγῳ
340 1764 613 1836 διάκρισις
636 1767 845 1821 ὑδάτων
872 1770 1069 1839 νοητῆς
1100 1770 1371 1840 Θαλάττης
1409 1771 1610 1842 ὲστὶνὴ
1639 1770 1749 1825 τῶν

1388 357 1428 414 Α
1438 356 1904 416 MBIGUORUM
1944 359 2015 417 LI
2028 360 2194 419 BER.

3282 358 3422 424 1118

2025 469 2409 540 Contemplatio
2440 471 2631 542 Moysis
2668 489 2761 543 per
2792 488 2938 526 mare
2973 474 3245 527 transitus.

1915 685 2007 738 Sic
2054 684 2287 739 fortasse
2332 699 2564 755 magnus
2599 699 2818 754 quoque
2862 683 2952 737 ille
2998 684 3209 754 Moyses
3246 682 3425 736 omni-

1844 777 2088 845 potentis
2131 776 2242 830 ictu
2289 776 2540 840 rationis,
2571 777 2730 845 cujus
2775 775 3106 846 symbolum,
3140 775 3197 828 ni
3241 774 3425 835 fallor,

1844 868 1998 938 virga
2030 876 2150 921 erat
2170 908 2184 932 ,
2216 868 2285 922 ad
2322 868 2490 923 maris
2525 869 2696 922 instar
2728 868 3078 922 sensibilium
3110 866 3306 921 fraude
3338 866 3427 919 di-

1847 959 1960 1014 visa
1982 1001 1996 1023 ,
2025 968 2120 1013 aut
2152 959 2325 1030 magis
2359 960 2579 1030 proprie
2611 960 2790 1014 dicam
2826 959 3084 1029 disjecta,
3112 958 3342 1013 solidam
3372 965 3429 1012 et

1848 1050 2101 1105 stabilem
2129 1051 2333 1121 populo
2357 1050 2424 1105 ad
2452 1051 2666 1105 divinas
2690 1050 3083 1120 promissiones
3112 1049 3427 1119 prOperanti

1806 1208 1807 1215 γ
1847 1139 2082 1209 prmlmit
2128 1149 2328 1195 terram
2370 1141 2438 1195 ab
2483 1157 2677 1196 eorum
2720 1141 2968 1211 vestigiis
3010 1155 3290 1210 pressam,
3323 1138 3428 1193 hoc

1845 1238 1931 1283 est
1969 1239 2223 1284 naturam
2267 1230 2369 1285 sub
2413 1246 2635 1285 sensum
2683 1230 2968 1285 cadentem
3017 1242 3181 1284 recta:
3226 1228 3425 1282 rationi

1849 1321 2327 1391 contemplabilem
2358 1330 2414 1376 et
2436 1322 2577 1377 bene
2608 1322 2968 1391 descriptam,
2995 1320 3231 1389 vitaaque
3256 1320 3431 1373 virtu-

1849 1407 1998 1463 tibus
2027 1418 2236 1463 ornatzn
2262 1410 2651 1479 permeahilem
2680 1425 2801 1464 esse
2826 1418 3140 1463 monstrans
3166 1407 3429 1461 transitu-

1850 1512 1957 1565 que
1993 1496 2240 1563 facilem,
2271 1498 2597 1567 nullumque
2630 1498 2937 1568 periculum
2972 1514 3040 1551 ex
3071 1497 3124 1551 vi
3160 1510 3429 1566 aquarum

1851 1587 2177 1651 divisarum,
2210 1588 2413 1659 quibus
2446 1589 2629 1643 adhuc
2664 1589 2953 1644 obscurata
2991 1596 3131 1652 erat,
3167 1587 3429 1654 utrinque

1849 1687 2112 1733 aestuante
2171 1680 2583 1734 transeuntibus
2635 1680 3024 1734 immittentem
3085 1697 3098 1733 :
3152 1677 3427 1747 siquidem

1852 1770 2162 1826 sublimiori
2196 1780 2252 1826 et
2286 1773 2527 1843 mysticae
2563 1773 2764 1827 rationi
2807 1787 3072 1842 aquarum
3120 1771 3241 1840 ejus
3282 1769 3426 1837 quod

154 1856 285 1909 κατ’
306 1856 540 1926 ἔλλειψιν
558 1857 652 1911 καὶ
681 1858 1019 1930 πλεονασμὸν
1054 1860 1448 1931 ἀντικειμένων
1472 1863 1591 1924 ταῖς
1617 1856 1745 1931 ἀρε-

1859 1864 2025 1919 )ουιίε
2066 1864 2288 1919 videtur
2329 1866 2498 1920 maris
2534 1865 2800 1921 discretio
2844 1865 3127 1927 vitiorum,
3166 1878 3287 1932 qua:
3329 1873 3431 1931 per

152 1950 280 2011 ταῖς
313 1949 523 2002 κακιῶν
560 1950 659 2018 τῆς
689 1950 867 2021 (14],
901 1951 954 2022 α)
1014 1952 1151 2024 πρὸς
1182 1953 1415 2024 ἀλλήλας
1465 1951 1748 2023 συνεχείας

154 2042 468 2105 διάστασις,
501 2042 568 2112 ἢν
589 2042 799 2112 πέφυκε
829 2043 984 2112 λόγος
1031 2047 1230 2109 ποιεῖν,
1276 2047 1515 2119 καρδίως
1568 2044 1747 2099 αὐτῶν

156 2134 579 2204 καθαψάμενος,
604 2135 826 2198 καὶτοῖς
852 2135 946 2189 ἐπὶ
974 2135 1104 2190 Θεὸν
1126 2138 1506 2209 προτροπάδην
1526 2139 1742 2205 ἔπειγο-

161 2226 358 2294 μένοις
406 2225 655 2294 οὐδαμῶς
707 2226 964 2299 ἀλλήλαις
1018 2228 1189 2292 αὐτὰς
1234 2229 1572 2301 συναφθῆναι
1612 2246 1745 2299 συγ-

158 2335 386 2389 χωρων.

163 2497 395 2567 Θεωρία
421 2496 531 2567 τῆς
557 2500 645 2565 εις
668 2499 734 2553 τὸ
770 2497 909 2568 ὅρος
932 2482 1284 2566 ἀναϐάσεως
1319 2501 1428 2557 τοῦ
1450 2504 1733 2570 Μωσέως.

237 2614 401 2668 Οὕτω
440 2616 606 2669 πάλιν
643 2615 721 2686 τῷ
774 2615 1032 2671 καλοῦντι
1079 2618 1347 2688 ἑπόμενος
1392 2618 1533 2690 Θεῷ,
1580 2621 1746 2691 ὐπερ-

1852 1954 2126 2009 defectum
2164 1963 2220 2009 et
2252 1954 2647 2009 abundantiam
2682 1954 2982 2008 virtutibus
3016 1951 3231 2021 objecta
3266 1958 3428 2012 sunt,

1854 2048 2029 2102 mutui
2062 2048 2206 2101 inter
2227 2063 2286 2102 se
2313 2064 2488 2103 nexus
2510 2047 2803 2102 dissidinm
2834 2055 2939 2110 est,
2964 2044 3111 2115 quod
3146 2042 3285 2097 ratio
3316 2040 3401 2096 em

1849 2154 1973 2195 cere
2007 2140 2203 2196 idonea
2235 2151 2339 2203 est,
2373 2140 2535 2195 modo
2564 2141 2817 2212 gnaviter
2847 2155 2912 2195 ea
2948 2137 3190 2202 invadat,
3222 2150 3330 2190 neu
3373 2133 3429 2188 in

1851 2248 2044 2289 eorum
2078 2235 2175 2303 qui
2214 2234 2458 2289 studiose
2493 2233 2561 2287 ad
2598 2235 2768 2287 Deum
2802 2240 3099 2302 properant
3129 2230 3432 2284 incommo-

1855 2326 1988 2383 dum
2019 2328 2162 2383 inter
2184 2343 2243 2383 se
2272 2327 2558 2383 conciliari
2589 2327 2700 2382 ullo
2728 2326 2891 2381 modo
2920 2325 3085 2379 sinat.

1941 2502 2330 2575 Contemplatio
2365 2502 2558 2574 Moysis
2600 2505 2655 2558 in
2690 2510 2923 2557 montem
2954 2499 3304 2555 ascensionis.

1911 2615 2004 2671 Sic
2056 2633 2251 2671 rursus
2286 2618 2401 2671 Deo
2434 2618 2657 2672 vocanti
2691 2618 3109 2687 obtemperans,
3163 2612 3430 2668 omnibus

164 2706 319 2778 σχὼν
358 2708 534 2761 πάντα
563 2708 632 2760 τὰ
655 2707 800 2779 τῇδε,
824 2710 905 2773 είς
931 2710 1021 2762 τὸν
1054 2711 1254 2778 γνόφον
1283 2710 1550 2781 εἰσῆλθεν,
1584 2706 1645 2765 οὗ
1678 2708 1746 2783 ἦν

1864 2708 1968 2762 stic
2003 2708 2298 2778 superatis,
2325 2709 2577 2764 introivit
2602 2710 2657 2763 in
2680 2709 2970 2779 caliginem
3000 2708 3092 2762 ubi
3123 2708 3267 2760 Deus
3292 2711 3431 2765 erat.

162 2801 193 2853 ὁ
229 2799 390 2866 Θεδς,
433 2799 733 2862 τουτέστιν,
787 2802 866 2863 είς
906 2800 1007 2870 τὴν
1056 2800 1210 2870 ἀειδῆ
1248 2802 1343 2854 καὶ
1393 2802 1623 2872 ἀόρατον
1653 2803 1748 2855 καὶ

162 2892 469 2962 ἀσώματον
506 2890 813 2962 διατριϐὴν,
847 2890 925 2962 νῷ
958 2891 1141 2962 πάσης
1178 2892 1449 2963 ἐλευθέρῳ
1475 2894 1577 2963 τῆς
1618 2893 1752 2962 πρδς

162 2986 354 3040 ὁτιοῦν
382 2985 560 3057 πάρεξ
582 2984 717 3038 Θεοῦ
749 2986 1009 3056 σχέσεως,
1037 2980 1151 3061 ὲνῇ
1181 2985 1491 3057 γενόμενος,
1522 2985 1596 3049 ὡς
1628 2986 1756 3056 ἐνῆν

166 3080 417 3150 μάλιστα
440 3078 794 3150 ἀνθρωπίνην
834 3078 1135 3149 ἀξιωθῆναι
1166 3080 1349 3147 φύσιν,
1381 3075 1492 3133 οἷον
1525 3080 1758 3133 ἔπαθλον

162 3172 270 3240 τῆς
303 3169 582 3241 μακαρίας
598 3168 811 3240 ἐκείνης
835 3169 1152 3232 ἀναϐάσεως
1168 3171 1314 3236 ἀξιον
1336 3171 1436 3239 τὴν
1458 3171 1650 3242 χρόνου
1669 3170 1763 3223 καὶ

165 3282 199 3329 ᾳ
220 3261 391 3325 ὶσεως
412 3262 511 3331 τὴν
529 3260 744 3329 γένεσιν
764 3277 831 3313 πε
838 3260 1209 3330 ριγράφουσαν
1230 3262 1513 3330 κομίζεται
1536 3261 1756 3329 γνῶσιν,

166 3355 269 3406 καὶ
284 3353 456 3406 τύπον
490 3354 584 3407 καὶ
622 3353 975 3425 παράδειγμα
1008 3353 1117 3407 τῶν
1149 3353 1360 3425 ἀρετῶν
1399 3354 1562 3407 αὐτὸν
1599 3371 1756 3425 ποιη-

168 3444 412 3513 σάμενος
435 3444 525 3497 τὸν
554 3444 705 3508 Θεὸν,
734 3444 871 3515 πρὸς
892 3444 951 3497 ὃν
980 3444 1232 3516 καθάπερ
1282 3445 1499 3515 γραφὴν
1544 3444 1757 3512 εὐφυῶς

164 3537 268 3591 τοῦ
295 3536 607 3606 ἀρχετύπου
633 3538 730 3606 τὴν
762 3537 994 3607 μίμησιν
1019 3535 1297 3602 σώζουσαν
1325 3537 1518 3591 ἑαυτὸν
1549 3537 1755 3590 ἀποτυ-

170 3628 367 3691 πώσας
400 3628 613 3681 κάτεισι
634 3626 728 3680 τού
757 3627 935 3698 ὅρους,
964 3622 1031 3698 ἦς
1057 3628 1348 3699 μετείληφε
1378 3626 1534 3696 δόξης
1557 3626 1696 3679 κατὰ
1712 3626 1758 3658 ⁸⁸

167 3720 234 3773 τὸ
263 3721 557 3786 πρόσωπον
584 3719 964 3790 ὲπισημαίνων
991 3720 1090 3791 τὴν
1115 3720 1276 3790 χάριν
1300 3721 1395 3774 καὶ
1432 3723 1544 3783 τοῖς
1575 3719 1759 3783 ἀλλοις

170 3810 528 3879 ἀνθρώποις,
595 3811 785 3881 ὥσπερ
822 3810 1089 3874 θεοειδοῦς
1134 3813 1308 3865 τύπου
1350 3812 1522 3866 τύπον
1569 3812 1760 3866 ἑαυτὸν

169 3905 477 3974 γενόμενον
504 3904 752 3973 ἀφθόνως
784 3905 960 3967 διδοὺς
982 3905 1075 3959 καὶ
1099 3905 1511 3977 προτιθέμενος,
1535 3906 1629 3959 καὶ
1659 3904 1752 3974 δη-

170 3999 259 4050 λοῖ
281 3996 444 4050 τοῦτο
474 3996 645 4051 ποιῶν
685 3997 811 4068 περὶ
834 3991 909 4050 ὧν
948 3995 1056 4051 εἷδέ
1089 4016 1149 4051 τε
1186 3999 1282 4053 καὶ
1305 3999 1507 4069 ἢκουσε
1533 3996 1612 4067 τῷ
1643 3995 1753 4067 λαῷ

173 4088 569 4159 ἐξηγούμενος,
598 4088 694 4142 καὶ
736 4092 925 4160 γραφῇ
965 4092 1079 4152 τοῖς
1133 4091 1251 4161 μετ’
1272 4091 1434 4144 αὐτὸν
1482 4085 1594 4144 οἷόν
1629 4106 1755 4143 τινα

176 4179 386 4250 κλῆρον
446 4179 724 4235 θεόσδοτον
788 4181 1115 4251 παραδιδοὺς
1174 4182 1270 4236 τοῦ
1334 4183 1468 4237 Θεοῦ
1526 4183 1597 4237 τὰ
1648 4200 1750 4254 μυ-

180 4272 405 4342 στήρια.

1845 2800 1951 2853 hoc
1976 2807 2061 2855 est
2092 2799 2147 2853 in
2174 2800 2466 2854 obscuram
2490 2808 2546 2854 et
2578 2801 2915 2854 invisibilem
2946 2810 3003 2854 et
3032 2798 3431 2867 incorporalem

1849 2891 2349 2956 conversatimiem,
2396 2902 2581 2946 mente
2609 2892 2678 2947 ab
2705 2893 2855 2947 omni
2888 2892 2954 2946 ad
2995 2890 3294 2961 quidquam
3342 2904 3434 2942 rc-

1852 2983 2054 3037 latione
2100 2992 2301 3053 prmter
2344 2984 2517 3038 Deum
2557 2984 2735 3039 libera
2762 3026 2774 3048 ,
2822 2999 2987 3053 quam
3040 2982 3273 3051 adeptus
3313 2994 3435 3049 qua:

1855 3091 2068 3130 summa
2096 3084 2313 3145 poterat
2343 3076 2598 3131 humana:
2625 3084 2841 3130 natura:
2865 3075 3153 3144 obtingere
3174 3072 3431 3141 dignitas,

1856 3166 2008 3220 velut
2057 3167 2343 3236 praemium
2392 3167 2569 3223 beata:
2613 3166 2765 3221 illius
2817 3163 3157 3222 ascensionis
3206 3162 3433 3232 dignum

1859 3261 2229 3331 cognitionem
2257 3268 2502 3331 reportat
2533 3260 2795 3331 temporis
2840 3269 3004 3330 atque
3066 3265 3276 3313 naturae
3323 3254 3438 3309 ori-

1862 3352 2004 3422 ginis
2032 3352 2444 3422 dcscriptivam,
2484 3353 2604 3424 ipso
2644 3354 2755 3408 Deo
2796 3362 3055 3423 tanquam
3105 3359 3233 3422 typo
3270 3356 3437 3416 atquc

1860 3444 2111 3514 exemplo
2142 3444 2411 3498 virtutum
2443 3446 2726 3516 proposito
2748 3484 2764 3508 ,
2820 3444 2887 3498 ad
2922 3444 3081 3513 cujus
3116 3440 3435 3511 imaginem,

1862 3538 1931 3593 ad
1988 3538 2191 3593 tabulae
2240 3539 2414 3593 instar
2464 3538 2825 3608 archetypum
2869 3535 3097 3606 pulchre
3144 3529 3439 3587 referentis

1862 3637 2149 3699 postquam
2179 3644 2237 3683 se
2267 3630 2445 3698 ipsum
2474 3627 2831 3693 deformavit,
2867 3627 2935 3681 de
2968 3632 3155 3679 monte
3201 3623 3437 3677 descen-

1864 3720 1965 3785 dit,
1995 3721 2183 3791 gloriaa
2206 3737 2313 3790 qua
2364 3719 2676 3790 impertitus
2705 3727 2823 3782 est,
2862 3716 3094 3789 gratiam
3127 3715 3265 3769 facie
3304 3728 3441 3783 quo-

1865 3829 1972 3882 que
2004 3813 2232 3884 reliquis
2257 3814 2424 3868 etiam
2456 3812 2777 3867 hominibus
2817 3810 3155 3882 significans,
3181 3816 3440 3876 tanquam

1859 3903 2033 3958 divini
2088 3904 2200 3975 typi
2250 3913 2438 3975 typum
2492 3905 2668 3973 ipsum
2711 3902 2916 3958 factum
2967 3900 3193 3971 largiter
3241 3913 3445 3967 reprae-

1862 4003 2087 4050 sentans
2111 4010 2233 4050 sese
2261 4004 2429 4065 atque
2462 4009 2796 4065 proponens.
2860 3994 2929 4047 Et
2959 3992 3039 4047 sic
3088 3991 3293 4061 populo
3321 4004 3444 4059 qua”:

1862 4087 2003 4142 vidit
2049 4104 2281 4158 quzeque
2306 4087 2520 4141 audivit
2566 4085 2841 4140 narrando
2871 4085 3073 4155 aperit,
3129 4084 3294 4137 etiam
3344 4097 3445 4151 per

1859 4177 2074 4233 litteras
2110 4177 2280 4234 veluti
2311 4177 2688 4233 [nereditatem
2716 4176 3008 4247 quamdam
3050 4191 3078 4229 a
3124 4175 3235 4229 Deo
3256 4173 3444 4228 datam

1861 4269 2176 4339 posteritati
2207 4270 2395 4325 divina
2431 4269 2696 4341 mysteria
2737 4269 3055 4324 relicturus.

183 4445 405 4515 Θεωριά
433 4443 545 4514 τῆς
579 4446 773 4514 Ἰησοῦ
794 4447 1137 4517 ἡγεμονίας,
1168 4448 1266 4501 καί
1293 4448 1402 4515 τῆς
1425 4447 1752 4516 διαϐάσεως

1859 4445 2227 4516 Ζοιιιεηιριαιὶο
2262 4445 2483 4499 ducatus
2515 4445 2662 4511 Iesu,
2696 4454 2746 4499 et
2803 4461 2899 4515 per
2933 4443 3231 4498 Iordanem
3260 4451 3443 4496 trans-

253 4536 362 4591 τοῦ
407 4536 726 4604 Ἰορδάνου,
774 4538 874 4592 καὶ
925 4536 1037 4607 τῆς
1092 4538 1377 4606 δευτέρας
1428 4539 1503 4592 δι’
1567 4540 1755 4595 αὑτοῦ

254 4629 579 4698 περιτομῆς
610 4629 731 4696 τοῖς
760 4630 828 4684 ἐκ
856 4631 1077 4699 πέτρας
1108 4630 1370 4700 ξίφεσιν.

1918 4539 2023 4591 itus
2072 4546 2119 4589 et
2172 4535 2393 4588 alterius
2428 4536 2492 4589 ab
2537 4552 2596 4589 eo
2637 4552 2732 4606 per
2781 4535 3018 4606 lapideos
3069 4533 3310 4588 cultellos
3365 4533 3449 4586 in-

1918 4630 2117 4682 stituta:
2137 4626 2573 4691 circumeisionis,

252 4739 446 4803 Οὕτως
488 4740 695 4812 Ἰησοῦς
716 4742 745 4795 ὁ
770 4741 1012 4805 Μωσέως
1046 4741 1315 4812 διάδοχος,
1345 4741 1433 4795 ἵνα
1464 4741 1533 4795 τὰ
1578 4741 1752 4795 πολλὰ

1936 4742 2027 4797 Sic
2050 4740 2232 4804 Jesus,
2272 4740 2473 4811 Moysis
2501 4754 2818 4805 successor,
2858 4748 2919 4793 ut
2945 4738 3116 4793 multa
3136 4751 3257 4807 quae
3283 4736 3351 4790 de
3380 4751 3448 4790 eo

184 4833 296 4887 τῶν
337 4832 469 4903 περὶ
513 4832 681 4885 αὐτοῦ
748 4833 1146 4904 ἱστορουμένων
1187 4832 1534 4904 παραδράμω
1567 4831 1656 4886 διὰ
1701 4832 1765 4886 τὸ

188 4924 418 4994 πλῆθος,
451 4924 789 4995 παραλαϐὼν
819 4924 1002 4996 (141
1030 4926 1081 4993 b)
1102 4926 1194 4978 τὸν
1223 4924 1352 4979 λαδν
1380 4924 1598 4988 πολλοῖς
1626 4926 1764 4996 πρό-

188 5034 351 5088 τερον
381 5022 519 5089 πρὸς
556 5017 840 5072 εὐσέϐειαν
870 5016 1225 5071 παιδευθέντα
1255 5015 1399 5070 κατὰ
1431 5015 1530 5087 τὴν
1556 5016 1764 5087 ἔρημον

189 5110 439 5179 τρόποις,
478 5110 619 5180 μετά
645 5111 745 5181 τὴν
783 5111 843 5163 ὲν
890 5109 968 5180 τῷ
1006 5109 1123 5181 ὄρει
1161 5110 1437 5173 Μωῦτὲως
1486 5108 1764 5179 τελευτὴν,

191 5202 287 5255 καὶ
317 5200 456 5272 ξένῳ
479 5203 782 5272 περιτομῆς
819 5202 951 5255 εῖδει
985 5200 1319 5269 καθαγνίσας
1350 5201 1513 5254 αὐτὸν
1553 5203 1671 5262 ταῖς
1702 5203 1767 5253 ὲκ

195 5293 403 5363 πέτρας
443 5293 763 5363 μαχαίραις,
790 5292 887 5346 καὶ
912 5292 1003 5346 τὸν
1038 5292 1311 5363 Ἰορδάνην
1337 5291 1674 5362 ξηρανθέντα
1698 5293 1764 5361 τῇ

194 5387 501 5456 προπομπῇ
536 5386 636 5457 τῆς
670 5384 822 5449 θείας
847 5383 1083 5438 κιϐωτοῦ
1104 5386 1230 5449 τοὺς
1263 5383 1358 5438 τοῦ
1386 5383 1517 5437 λαοῦ
1559 5384 1767 5445 πάντας

268 5559 291 5586 ε
317 5546 480 5600 Deut.
502 5562 667 5612 χχχιι,
691 5548 780 5603 49.
852 5547 878 5587 ἀ
901 5548 1064 5603 Josue
1096 5565 1147 5611 γ,
1168 5548 1223 5601 2.
1305 5560 1325 5586 ο
1349 5548 1512 5603 Josuc
1545 5565 1618 5612 Ill,
1652 5550 1727 5601 17.

1866 4841 2167 4887 narrantur
2198 4840 2425 4901 propter
2447 4847 2707 4903 magnum
2726 4846 2919 4886 eorum
2946 4844 3240 4884 numerum
3270 4835 3448 4880 trans~

1866 4926 2105 4997 grediar,
2137 4926 2366 4995 populo,
2397 4925 2492 4994 qui
2526 4925 2717 4980 multis
2749 4932 2910 4979 antea
2954 4923 3135 4988 modis
3160 4922 3217 4974 in
3254 4933 3447 4974 eremo

1867 5018 1935 5073 ad
1974 5018 2237 5088 pietatem
2260 5017 2517 5073 eruditus
2543 5026 2683 5081 erat,
2730 5025 2853 5086 post
2900 5015 3103 5085 Moysis
3151 5012 3207 5066 in
3257 5021 3448 5065 monte

1870 5122 2105 5164 mortem
2150 5116 2433 5179 suscepto,
2459 5120 2506 5174 ο,
2544 5118 2600 5164 et
2632 5108 2852 5163 insolita
2874 5104 3319 5162 circumeisionis
3359 5117 3450 5157 ra-

1878 5201 2026 5255 tione
2072 5217 2169 5271 per
2211 5200 2461 5271 lapideos
2512 5200 2768 5254 cultellos
2811 5199 3047 5252 lustrato
3067 5196 3116 5263 ἀ,
3156 5203 3448 5267 postquam

1874 5293 2062 5346 divina
2090 5308 2217 5346 arca
2270 5293 2549 5362 praemissa
2598 5292 2921 5347 universum
2976 5290 3244 5360 populum
3295 5288 3446 5342 sicco

1873 5384 2164 5439 Jordanem
2186 5383 2323 5453 pede
2348 5382 2652 5439 transmisit
2682 5394 2706 5421 ε
2728 5424 2742 5448 ,
2776 5381 3116 5437 Salvatorem
3142 5397 3240 5451 per
3266 5379 3447 5449 ipsum

1491 5688 1720 5742 νΑιιιΑε
1760 5687 2167 5744 LECTIONES.

261 5803 303 5833 ⁸³
332 5800 718 5875 ᾼιγιειςιιιιιιιηι
774 5802 937 5857 habet
989 5803 1282 5873 ὐπίσχνιον.
1356 5806 1400 5835 “‘3
1451 5803 2043 5873 Apograplmmjhabet
2090 5802 2312 5875 ἄλληλα,
2411 5802 2452 5833 ⁶¹δ
2502 5801 2697 5857 Manus
2723 5801 2895 5872 prima
2942 5798 3172 5855 «ledcrat
3213 5796 3301 5849 καὶ
3346 5809 3453 5865 pro

209 5872 370 5928 κατά.
