4014 6284
695 299 830 365 1119
1873 302 1932 360 S.
1976 301 2266 362 MAXIM]

2304 274 2818 370 CONFESSORIS
3767 320 3863 388 ιιεο

689 418 875 487 Logon
905 416 1084 488 typice
1133 415 1503 487 signiﬁcabat,
1537 431 1666 471 eum
1697 415 1793 486 qui
1819 413 2084 485 abrogata
2123 415 2274 485 lega-

2302 424 2346 478 Α
2375 417 2631 490 άτεγγείς
2679 423 3004 490 διαϐιϐάσας
3022 428 3090 494 ⁸³,
3127 427 3217 483 τὸν
3253 431 3326 485 δι’
3369 430 3534 485 αὐτοῦ
3559 435 3770 499 τυπικῶς
3794 457 3865 510 μη-

684 509 820 563 lium
859 510 1318 564 constitutionqu
1358 511 1544 566 littera
1575 510 1842 564 ducatum
1873 509 1991 564 veri
2015 518 2074 564 et
2097 509 2268 563 Deum

2369 513 2631 584 νυόμενον
2667 515 2898 588 Σωτῆρα
2948 519 3125 588 Λόγον
3171 523 3501 595 παρεδήλου,
3546 528 3672 595 μετὰ
3701 529 3780 598 τὴν

685 596 930 652 videntis
954 597 1121 652 Israel
1162 598 1217 652 in
1247 599 1595 654 sublimitate
1640 599 2040 669 cogitationum
2084 596 2270 652 obori-

2365 604 2560 678 λευτὴν
2587 607 2682 661 τοῦ
2713 610 3046 682 γράμματος
3085 612 3196 667 τῶν
3229 616 3477 686 νομικῶν
3522 596 3779 684 διατάξεων
3799 623 3867 692 τὴν

683 699 872 744 turum
897 688 1150 759 suscipit,
1179 688 1384 759 quique
1409 704 1574 744 omne
1606 698 1715 743 tam
1738 688 1908 742 animi
1949 702 2114 757 quam
2139 701 2266 742 cor-

2364 699 2424 750 ὲν
2460 698 2542 769 τῷ
2582 695 2707 769 ὕψει
2753 699 2864 752 τῶν
2917 702 3210 773 νοημάτων
3239 706 3539 779 γινομένην
3565 708 3649 761 τοῦ
3670 688 3866 779 ἀληθινοῦ

683 784 839 856 poris
867 783 1346 852 inquinamentum
1377 781 1698 837 acutissimo
1734 781 1860 836 ﬁdei
1888 781 1992 850 ipsi
2031 788 2264 836 servata:

2381 790 2601 864 Ἰσραὴλ
2627 793 2722 847 καὶ
2754 794 2993 864 ὁρῶντος
3021 796 3156 854 Θεὸν
3185 799 3491 868 ἠγεμονίαν
3533 799 3868 869 παραλαϐόντα,

684 874 866 930 Verbo
889 874 1274 939 circumcidit,
1304 875 1570 944 omnique
1595 889 1790 928 eorum
1840 873 1934 942 qui
1967 871 2034 926 ad
2066 887 2265 952 pecca-

2335 882 2463 937 -καὶ
2493 882 2699 952 παντὸς
2756 885 2855 956 μὲν
2901 887 3081 960 ψυχῆς
3120 890 3212 944 καὶ
3256 890 3512 963 σώματος
3559 893 3793 963 μολυσμοῦ
3815 898 3869 964 τῷ

684 971 799 1018 tum
825 964 1087 1036 instigant
1109 966 1445 1020 contumelia
1476 965 1699 1027 liberat,
1727 973 1783 1019 et
1813 963 2092 1018 labentem
2123 972 2263 1018 tem-

2366 975 2669 1048 τομωτάτῳ
2693 978 2841 1050 λόγῳ
2863 981 2960 1050 τῆς
2985 982 3067 1046 είς
3087 982 3248 1037 αὐτὸν
3271 983 3510 1046 πίστεως
3533 985 3866 1056 περιτέμνοιτο,

681 1057 833 1127 poris
858 1073 1154 1127 rerumque
1190 1057 1536 1113 instabilium
1579 1064 1833 1112 naturam
1879 1055 1948 1111 ad
2004 1056 2264 1126 incorpo-

2370 1069 2573 1135 παντὸς
2614 1070 2674 1125 δὲ
2717 1071 3027 1146 ὀνειδισμοῦ
3058 1074 3170 1131 τῶν
3211 1075 3355 1148 πρὸς
3387 1055 3650 1149 ἁμαρτίαν
3669 1077 3870 1148 ἐρεθιζόνο

683 1151 883 1204 ralium
912 1157 1113 1205 statum
1151 1151 1376 1221 trajicit,
1405 1150 1659 1206 humeris
1688 1149 1961 1204 virtutum
1993 1147 2268 1203 sublatam

2364 1179 2472 1216 των
2500 1161 2913 1236 ἐλευθεροῦντα,
2935 1165 3031 1222 καὶ
3059 1167 3160 1239 τὴν
3183 1147 3540 1240 ῥέουσαν-τοῦ
3565 1168 3732 1240 χρόνον
3753 1170 3867 1237 φύσιν

684 1250 836 1297 tenet
866 1242 1239 1312 cognitionem
1295 1242 1616 1298 divinorum
1661 1242 2058 1314 mysteriorum
2100 1256 2266 1311 capa-

2363 1257 2458 1308 καὶ
2504 1255 2614 1310 τῶν
2665 1258 3006 1329 κινουμένων
3062 1259 3458 1324 διαϐιϐάζοντα
3510 1261 3636 1335 πρὸς
3672 1264 3753 1334 τὴν
3791 1263 3864 1316 τῶν

684 1352 825 1392 cem.
2363 1349 2671 1421 ἀσωμάτων
2716 1351 3077 1419 κατάστασιν,
3122 1356 3235 1417 τοῖς
3276 1352 3456 1424 ὤμοις
3492 1354 3686 1426 ἀρετῶν
3717 1357 3866 1408 tntu-

2365 1442 2638 1516 ρουμένην
2675 1443 2874 1515 ἔχοντα
2889 1446 2935 1478 ⁸⁸
2963 1447 3064 1520 τὴν
3091 1445 3353 1518 δεκτικὴν
3397 1446 3507 1502 τῶν
3544 1445 3686 1501 θείων
3710 1464 3863 1520 μυστη-

2365 1537 2494 1607 ρίων
2527 1539 2756 1608 γνῶσιν.

678 1724 1066 1795 Contemplatio
1113 1725 1486 1792 Hiericmmtis,
1522 1734 1571 1781 et
1623 1738 1822 1798 septem
1866 1728 2259 1794 circuitionttm,

2375 1725 2598 1796 Θεωρία
2641 1723 2753 1794 τῆς
2791 1723 3068 1794 Ἱεριχοῦς
3109 1723 3208 1781 καί
3269 1721 3396 1778 τῶν
3441 1719 3590 1783 ἑπτὰ
3627 1721 3858 1790 περιόδων,

889 1825 940 1871 et
966 1834 1126 1882 ανειο,
1146 1827 1193 1872 et
1231 1818 1498 1887 tubarum,
1531 1827 1580 1874 et
1601 1821 1956 1876 anathemati:
1997 1819 2040 1874 ί.
2428 1826 2472 1872 ιι

2428 1815 2538 1872 καί
2577 1813 2688 1886 τῆς
2719 1813 2970 1870 κιϐωτοῦ
2995 1813 3094 1870 καὶ
3138 1813 3260 1869 τῶν
3305 1811 3654 1886 σαλπίγγων
3681 1811 3762 1866 καί
3787 1811 3857 1867 τοῦ

2292 1942 2334 2001 Β
2431 1911 2826 1981 ἀναθέματος.

746 2021 839 2077 Sic
861 2036 1052 2076 rursus
1083 2020 1508 2077 circuitionibus
1535 2029 1750 2092 septem
1778 2020 2126 2092 totidemque
2168 2030 2254 2079 tu-

2427 2024 2587 2080 Οῦτω
2600 2024 2766 2080 πάλιν
2781 2023 3055 2097 περιόδοις
3085 2022 3225 2078 ἑπτὰ
3252 2023 3352 2078 καὶ
3376 2019 3624 2089 σάλπιγξι
3645 2019 3857 2084 τοσαύταις

675 2115 764 2171 bis
794 2131 919 2170 cum
966 2115 1198 2186 mystico
1228 2115 1474 2172 clamore
1531 2115 1725 2172 urbem
1761 2115 2038 2172 diﬁicilem
2085 2131 2257 2186 expu-

2358 2115 2456 2173 σῦν
2481 2115 2782 2188 ἀλαλαγμῷ
2811 2115 3058 2188 μυστικῷ
3083 2116 3180 2189 τὴν
3206 2115 3519 2170 δυσάλωτον
3545 2115 3577 2188 ἢ
3603 2115 3685 2167 καὶ
3709 2113 3857 2168 ἀνάλω-

557 2273 570 2278 __
674 2207 950 2278 gnabilem
975 2208 1170 2272 visam,
1197 2206 1621 2264 llicriehuntem
1644 2207 1970 2264 concutiens
1999 2223 2142 2264 eumt

2355 2226 2448 2264 τον
2471 2204 2611 2266 εῖναι
2647 2207 2881 2274 δόξασαν
2911 2208 3068 2264 πόλιν
3095 2208 3307 2282 ’Ῑεριχὼ
3322 2205 3645 2270 κατασείσας
3659 2205 3732 2259 τὸν
3743 2204 3856 2260 αὑτὸν

674 2299 772 2354 Dei
801 2299 986 2370 Logon
1024 2301 1254 2372 mystice
1284 2299 1504 2371 aperuit
1548 2307 1612 2358 ut
1637 2300 1905 2357 victorem
1962 2299 2154 2356 mundi
2199 2309 2255 2357 et

2356 2299 2450 2354 τοῦ
2483 2298 2619 2353 Θεοῦ
2651 2300 2842 2368 Λόγον,
2867 2299 3149 2371 μυστικῶς
3169 2299 3457 2369 ἐνέφαινεν
3480 2298 3554 2362 ὡς
3583 2296 3771 2368 νικητὴν
3791 2293 3855 2349 τοῦ

671 2392 772 2446 ιονί
797 2402 1330 2458 consummatorem,
1359 2402 1546 2450 mente
1569 2401 1626 2448 et
1649 2393 1890 2459 ratione,
1919 2393 2036 2449 sive
2069 2392 2256 2463 cogni-

2356 2393 2565 2462 κόσμου
2609 2391 2706 2446 καὶ
2747 2391 3108 2464 συντελεστὴν
3135 2391 3232 2446 τοῦ
3261 2391 3487 2455 αἰῶνος,
3524 2389 3596 2461 νῷ
3625 2391 3706 2449 ,καὶ
3738 2386 3851 2457 λόγῳ,

673 2485 824 2540 tione
853 2494 909 2540 et
943 2486 1172 2542 virtute.
1205 2486 1451 2554 Quarum
1485 2502 1616 2543 arca
1649 2494 1704 2542 et
1736 2486 1883 2542 tubm
1921 2493 2080 2540 erant
2116 2485 2252 2556 typi,

2357 2485 2476 2556 ἦτοι
2506 2483 2707 2553 γνώσει
2734 2485 2830 2539 καὶ
2870 2485 3066 2558 ἀρετῇ.
3098 2478 3200 2538 Ὧν
3231 2489 3264 2557 ἠ
3299 2483 3535 2548 κιϐωτὸς
3567 2483 3652 2538 καὶ
3679 2482 3726 2534 αἱ
3765 2481 3852 2534 σάλ-

670 2592 769 2633 cos
796 2577 892 2648 qui
923 2577 1078 2633 illum
1105 2588 1411 2650 sequantur
1432 2593 1615 2635 navum
1648 2577 1914 2634 sensibile
1943 2576 2103 2634 facile
2126 2591 2251 2631 esse

2358 2595 2557 2647 πιγγες
2605 2577 2778 2642 τύπος
2822 2577 3090 2649 ὑπῆρχον,
3138 2579 3252 2643 τοῖς
3310 2575 3597 2647 ἑπομένοις
3637 2572 3759 2643 αὑτῷ
3790 2572 3852 2624 τὸν

671 2670 741 2727 ad
773 2672 1203 2743 expugnandum
1235 2674 1389 2729 nullo
1434 2673 1659 2745 negotio
1689 2671 2005 2743 superabile
2051 2671 2255 2726 docen-

2356 2670 2617 2741 αἰσθητὸν
2657 2670 2834 2726 αίῶνα
2871 2671 3149 2726 εὐάλωτον
3175 2669 3366 2744 (142
3407 2669 3462 2737 a)
3492 2667 3758 2723 δεικνύοντα
3786 2665 3849 2717 ul

672 2771 775 2830 tes,
805 2774 862 2821 et
893 2765 1032 2820 nihil
1064 2765 1132 2821 de
1158 2767 1298 2837 ejus,
1329 2782 1441 2836 quo
1465 2766 1741 2832 fruantur,
1770 2765 2094 2820 divinorum
2144 2763 2248 2818 bo-

2354 2762 2768 2833 εὑκαθαίρετον,
2809 2761 2904 2817 καὶ
2936 2761 3106 2833 μηδὲν
3137 2761 3246 2815 τῶν
3272 2762 3335 2815 ὲν
3362 2758 3511 2829 αὐτῷ
3536 2757 3660 2830 πρὸς
3680 2753 3848 2810 ἀπόλαυ·

669 2872 870 2913 norum
901 2867 1179 2916 amatores
1213 2858 1485 2930 indigere,
1522 2859 1655 2929 quia
1695 2873 1824 2914 cum
1871 2867 2050 2913 morte
2086 2864 2253 2927 atque

2356 2871 2442 2908 σιν
2469 2854 2776 2925 ἐπιτήδειον
2817 2855 2932 2918 τοῖς
2958 2853 3068 2909 τῶν
3107 2853 3268 2908 θείων
3293 2853 3552 2922 ἐρασταῖς
3580 2847 3778 2918 ἀγαθῶν,
3797 2844 3846 2905 ὡς

669 2947 897 3004 interitu
941 2949 1012 3005 sit
1056 2951 1417 3022 conjunctum
1447 2960 1502 3008 et
1527 2950 1730 3007 divinae
1764 2950 1858 3007 ira
1896 2950 2046 3006 illex.
2094 2947 2253 3016 Quod

2355 2947 2571 3020 θανάτῳ
2599 2949 2695 3002 καὶ
2721 2947 2900 3021 φθορᾷ
2927 2947 3276 3021 συνημμένον
3306 2950 3409 3003 καὶ
3441 2947 3586 3010 θείας
3614 2940 3848 3012 ἀγανακτή-

666 3038 834 3094 etiam
866 3039 1070 3107 Achar,
1101 3042 1250 3098 ﬁlius
1275 3043 1499 3100 Cbarmi
1539 3046 1586 3110 Β,
1637 3059 1762 3115 quae
1787 3053 1876 3100 est
1926 3041 2251 3098 turbulenta

2357 3057 2494 3103 σεως
2535 3040 2730 3096 αἴτιον.
2763 3041 2874 3094 Καὶ
2921 3039 3071 3112 δηλοῖ
3109 3042 3290 3112 ’Δχαρ
3327 3043 3358 3096 ὁ
3393 3039 3489 3095 τοῦ
3539 3037 3717 3130 Χαρμὶἲ

666 3141 834 3201 atque
870 3132 1115 3188 materiae
1147 3148 1339 3194 amans
1367 3133 1438 3189 de
1466 3134 1821 3190 sensibilium
1851 3133 2039 3204 aliquo
2068 3134 2249 3190 intro-

2353 3131 2500 3186 ἐστὶν
2527 3132 2557 3185 ὁ
2585 3131 2911 3205 ταραχώδης
2942 3132 3039 3187 καὶ
3065 3131 3316 3202 φιλόῦλος
3347 3129 3600 3202 λογισμὸς
3640 3125 3754 3196 ὑπὲρ
3784 3125 3847 3176 τοῖ’

665 3223 940 3279 mittendo
989 3224 1273 3296 cogitatio,
1319 3227 1696 3284 miserandam
1748 3228 1897 3283 illam
1944 3226 2013 3284 de
2065 3227 2250 3283 divina

2354 3223 2752 3279 εἰσοικίσασθαί
2795 3242 2848 3279 τι
2887 3224 2997 3279 τῶν
3043 3225 3340 3295 αἰσθητῶν,
3363 3225 3456 3280 τὸν
3483 3225 3719 3278 οἴκτιστον
3742 3216 3846 3270 έκεῖ-

665 3318 944 3373 sententia
980 3327 1216 3374 mortem
1251 3335 1472 3390 passus,
1502 3319 1872 3386 demonstrat,
1921 3321 2084 3392 cujus
2117 3335 2249 3391 ope-

2275 3318 2316 3376 C
2351 3333 2440 3371 νον
2487 3318 2629 3374 κατὰ
2668 3317 2826 3372 θείαν
2872 3317 3056 3388 ψῆφον
3104 3319 3550 3390 ἀπενεγκάμενος
3578 3315 3782 3371 θάνατον.
3807 3308 3846 3359 ὃν

669 3410 839 3465 ratrix
889 3411 1028 3466 ratio
1079 3421 1183 3476 est,
1236 3412 1512 3483 profundo
1559 3413 1918 3472 conscientiae
1969 3413 2125 3470 malae
2159 3413 2241 3469 di-

2354 3409 2648 3482 ἐργάζεται
2679 3410 2839 3479 λόγος
2866 3410 2946 3483 τῷ
2974 3410 3130 3482 βάθει
3157 3413 3256 3483 τῆς
3289 3413 3534 3482 πονηρᾶς
3566 3407 3844 3477 συνειδήσεως

665 3517 834 3573 gnum
869 3503 964 3558 tali
1005 3503 1280 3575 supplicio
1307 3505 1609 3562 suﬁ‘ocans.
2152 3564 2155 3565 ν

2152 3564 2155 3565 ν
2354 3503 2739 3574 ὲναποπνίγων
2768 3505 2860 3559 τὸν
2890 3503 3033 3560 οὕτω
3059 3504 3450 3577 τιμωρηθῆναι
3479 3503 3634 3569 ἄξιον.

665 3679 1051 3752 Contemplatio
1110 3683 1232 3756 Tyri
1265 3685 1482 3756 ejusque
1525 3686 1699 3756 regis,
1749 3693 1799 3739 et
1835 3687 2247 3758 expugnationis

2357 3685 2578 3756 Θεωρία
2618 3686 2806 3754 Τύρου
2835 3684 2932 3741 καί
2973 3683 3083 3740 τοῦ
3117 3681 3310 3752 αὐτῆς
3338 3679 3650 3748 βασιλέως,
3675 3674 3752 3732 xui
3769 3670 3841 3739 τῆς

1394 3779 1532 3849 ejus.
2881 3777 2979 3832 ἁλι

2881 3774 3162 3841 ἁλώσεως
3187 3773 3401 3844 αὐτῆς.

729 3881 824 3943 Sic
853 3902 1047 3942 rursus
1080 3890 1386 3944 secundum
1417 3891 1568 3961 quod
1611 3891 1879 3962 scriptum
1919 3901 2005 3948 est
2040 3909 2055 3947 :
2087 3891 2241 3948 Tem-

2418 3888 2578 3944 Οῦτω
2603 3888 2765 3945 πάλιν
2786 3888 2968 3953 καθὼς
2985 3888 3316 3960 γέγραπται,
3334 3889 3434 3944 Ἐν
3463 3887 3540 3953 τῷ
3563 3880 3716 3952 καιρῷ
3731 3877 3839 3933 ἐπεὶ·

662 3993 788 4048 pore
811 3978 904 4034 illo
935 3990 1092 4051 capta
1118 3981 1279 4035 Assor
1303 4024 1317 4048 ,
1351 3993 1398 4037 et
1425 4000 1546 4056 rege
1580 3985 1692 4055 ejus
1720 3985 1901 4057 gladio
1931 3987 2204 4058 interfecto
2223 4027 2238 4052 ,

2346 3997 2431 4046 νῳ
2469 3983 2954 4051 καταλαϐόμενος
2977 3980 3093 4048 τὴν
3129 3980 3378 4050 Ἀσσὼρ,
3412 3980 3505 4034 καί
3537 3969 3837 4040 τὸνβασιλέα

661 4079 712 4122 et
741 4073 883 4125 omni
920 4074 973 4126 in
1018 4089 1080 4126 ea
1107 4076 1221 4130 vivo
1256 4075 1445 4142 deleto,
1507 4093 1628 4148 quae
1669 4087 1828 4132 antea
1870 4075 2242 4134 universarum

2343 4072 2534 4142 αὐτῆς
2568 4074 2932 4139 ἀποκτείνας
2966 4074 3039 4127 ἐν
3072 4075 3359 4144 ῥομφαίᾳ,
3392 4074 3487 4128 καί
3515 4072 3624 4124 πᾶν
3643 4062 3838 4136 ἐμπνέω

661 4163 935 4232 regionum
958 4164 1285 4220 dominatrix
1315 4178 1430 4222 erat
1452 4167 1502 4234 ιι,
1554 4168 2082 4226 demonstrabantur
2130 4188 2246 4244 my-

2342 4166 2783 4234 ὲξολοθρεύσας
2804 4165 2875 4219 ἐν
2901 4163 3077 4234 αὐτῇ,
3108 4165 3243 4235 ἣτις
3273 4161 3354 4236 ἦν
3387 4164 3653 4234 πρότερον
3675 4158 3832 4226 ὀρχου-

660 4253 834 4307 steria
864 4270 1101 4322 quorum
1137 4265 1300 4328 typus
1340 4258 1434 4314 illa
1463 4259 1570 4315 sibi
1600 4260 1767 4316 verba
1795 4263 2122 4332 protulerat,
2161 4263 2245 4319 ni-

2342 4271 2426 4311 σα
2455 4255 2673 4311 πασῶν
2699 4254 2823 4310 τῶν
2857 4255 3084 4326 χωρῶν,
3116 4256 3452 4323 ὲδιδάσκετο,
3480 4250 3550 4310 ὧν
3589 4245 3833 4325 μυστηρίων

659 4343 864 4399 mirum
916 4362 1111 4401 verum
1157 4356 1412 4406 nostrum
1455 4350 1798 4408 Salvatorem
1847 4353 2038 4409 Jesum
2084 4353 2244 4410 Chri-

2245 4385 2248 4393 ,
2341 4348 2513 4413 τύπος
2577 4347 2919 4420 προϐέϐλητο
2945 4350 3074 4415 τοὺς
3102 4350 3317 4420 λόγους,
3349 4352 3436 4406 δτι
3457 4352 3484 4404 δ
3509 4343 3724 4418 ἀληθινὸς

655 4442 829 4503 stum,
864 4437 962 4492 Dei
993 4437 1214 4507 Filium,
1263 4442 1533 4498 malarum
1580 4452 1920 4513 potestatum
1950 4461 2236 4518 expugna-

2341 4443 2444 4512 τὴρ
2474 4441 2633 4513 ἡμῶν
2673 4441 2883 4512 Ἰησοῦς
2916 4443 3172 4516 Χριστὸς,
3204 4447 3234 4500 ὁ
3262 4443 3391 4509 Υίδς
3419 4443 3511 4498 τοῦ
3549 4436 3682 4499 Θεοῦ,

657 4534 856 4591 torem,
902 4530 1092 4600 gratiae
1131 4531 1465 4604 dignitatum
1516 4535 1958 4607 dispensatorem
1994 4555 2109 4595 suae
2153 4539 2238 4594 in-

2344 4532 2601 4605 πονηρῶν
2630 4533 2964 4606 καθαιρέτης
2991 4535 3298 4608 δυνάμεων,
3334 4537 3430 4591 καὶ
3459 4530 3827 4606 mmmam

656 4621 994 4677 carnationis
1025 4631 1272 4694 tempore
1304 4636 1587 4696 peccatum
1614 4630 1845 4702 ejusque
1894 4646 2078 4702 regem
2119 4631 2238 4686 dia-

2342 4623 2510 4691 ἀξίων
2539 4627 2640 4697 τῆς
2667 4626 2911 4698 χάριτος,
2943 4627 3088 4683 κατὰ
3114 4628 3207 4683 τὸν
3229 4631 3424 4701 καιρὸν
3443 4628 3536 4700 τῆς
3561 4619 3697 4680 αὐτοῦ
3719 4619 3827 4671 ἐναν-

657 4712 846 4769 bolum
873 4715 1146 4788 (regnavit
1166 4719 1315 4790 enim
1336 4730 1500 4777 antea
1521 4737 1690 4793 super
1709 4737 1905 4779 omnes
1927 4723 2241 4794 peccatum)

2237 4739 2241 4774 ι
2275 4712 2319 4769 D
2343 4715 2680 4788 θρωπήσεως
2707 4719 2796 4773 διὰ
2835 4721 3071 4789 σταυροῦ
3117 4720 3556 4791 καταλαϐόμενος
3591 4715 3674 4784 τὴν
3694 4711 3822 4777 ﬁt“?

655 4822 756 4877 per
779 4823 1002 4864 crucem
1035 4810 1303 4868 invasisse
1329 4822 1386 4869 et
1416 4815 1641 4870 virtutis
1692 4831 1805 4873 sua:
1855 4816 2028 4872 verbo
2069 4815 2240 4872 inter-

2238 4845 2245 4856 ι
2339 4808 2464 4864 τίαν
2489 4809 2585 4862 καὶ
2617 4809 2710 4864 τὸν
2739 4809 2970 4881 βασιλέα
2999 4813 3175 4884 αὐτῆς
3203 4814 3295 4867 τὸν
3317 4813 3557 4869 διάϐολον
3583 4804 3723 4880 (ἦρχε
3751 4797 3823 4896 γὰρ

653 4897 875 4967 iecisse,
920 4917 1194 4973 omneque
1225 4903 1413 4960 vivum
1443 4905 1739 4973 delevisse,
1772 4909 1879 4965 hoc
1901 4907 1988 4964 εει
2018 4908 2237 4979 passio-

2235 4941 2237 4948 ν
2346 4900 2568 4956 πάντων
2605 4903 2736 4957 ποτὲ
2761 4903 3124 4974 βασιλεύουσα
3149 4907 3184 4977 ἡ
3217 4907 3496 4978 ἁμαρτία)
3518 4903 3751 4960 ἀπέκτεινε
3767 4905 3820 4997 ξφ

654 5007 755 5048 nes
775 5008 899 5062 qua:
922 4993 980 5049 in
1012 4996 1178 5052 nobis
1201 5005 1366 5064 sunt,
1409 5007 1468 5054 et
1493 5014 1616 5068 quae
1643 5015 1768 5055 cum
1818 5001 1888 5056 iis
1935 5000 2233 5072 conjuncta

2232 5049 2233 5054 ‘
2337 4995 2549 5066 ῥήματι
2572 4995 2675 5067 τῆς
2699 4996 2984 5070 δυνάμεως
3020 4998 3208 5062 αὺτοῦ,
3244 5000 3338 5055 καὶ
3385 4996 3731 5066 ὲξωλόθρευσιν
3753 4993 3817 5072 οὑξ

651 5093 782 5140 sunt
805 5087 989 5156 turpia
1019 5089 1232 5145 etmala
1264 5091 1524 5162 cogitata,
1552 5107 1622 5147 ne
1649 5093 1764 5149 ullo
1789 5094 2019 5150 omnino
2046 5071 2232 5150 modo

2230 5121 2232 5136 ’
2331 5087 2432 5159 τῆς
2462 5089 2572 5143 πᾶν
2607 5089 2870 5160 ἑμπνέον,
2900 5091 3148 5146 τουτέστι
3177 5092 3246 5147 τὰ
3277 5093 3422 5165 πάθη
3451 5091 3517 5147 τὰ
3541 5093 3591 5144 δν
3616 5084 3734 5157 ἡμίν,
3756 5071 3815 5128 καί

652 5177 710 5230 ἱιι
735 5176 818 5233 eis
838 5179 934 5249 qui
977 5179 1180 5238 Christi
1216 5199 1418 5240 nomen
1467 5183 1796 5255 proﬁtentur
1826 5195 1884 5242 et
1929 5186 1986 5241 in
2039 5201 2108 5242 eo
2144 5185 2228 5241 vi-

2337 5178 2406 5234 τά
2435 5181 2526 5234 ἐπ’
2551 5181 2738 5246 αὐτοῖς
2768 5183 2972 5254 αἰσχρὰ
3021 5185 3118 5240 καὶ
3163 5184 3381 5258 πονηρά
3417 5180 3738 5252 ινουμήματα,
3758 5166 3815 5258 ita

654 5276 790 5322 vunt
813 5279 1099 5338 peccatum
1131 5274 1200 5330 de
1250 5284 1453 5332 caetero
1483 5276 1553 5331 ad
1597 5277 1772 5332 instar
1840 5277 1950 5331 vivi
1996 5278 2232 5350 alicujus

2230 5318 2232 5326 ι
2339 5270 2477 5343 μηδὲ
2531 5271 2594 5326 τὸ
2639 5272 2890 5329 ὁπωσοῦν
2936 5276 2996 5330 ὲν
3047 5279 3163 5343 τοῖς
3204 5255 3323 5333 τοῦ-
3348 5273 3572 5350 Χριστοῦ
3615 5266 3691 5323 καὶ
3722 5255 3815 5316 κατά

650 5363 864 5420 moveri
895 5378 962 5419 ac
999 5365 1186 5423 vivcrc
1219 5368 1466 5427 haberet.

2335 5363 2573 5434 Χριστὸν
2618 5365 2786 5432 ζῶσιν
2824 5369 3156 5439 ἐμπνέοντος
3208 5371 3367 5444 δίκην
3420 5367 3534 5425 καθ’
3560 5359 3704 5420 ὁτιοῦν
3745 5350 3809 5420 ιιι

2335 5457 2521 5512 λοιπὸν
2547 5457 2609 5512 τὸ
2634 5459 2902 5517 κινεῖσθαι
2939 5463 3033 5517 καὶ
3066 5462 3168 5534 ζῇν
3198 5465 3231 5536 η
3271 5461 3522 5534 ἁμαρτία.

694 5563 714 5603 ί
739 5563 907 5622 Josue
935 5581 1010 5633 γι,
1035 5566 1061 5623 Ι
1095 5581 1249 5640 seqq.
1331 5570 1539 5628 8.iosuc
1563 5590 1656 5638 vn,
1683 5573 1769 5628 18.
1847 5575 1870 5614 ιι
1893 5573 2061 5629 Josue
2088 5590 2162 5640 χι,
2189 5574 2273 5630 10.
2386 5577 2395 5587 ’

1465 5739 1470 5745 ,
1948 5685 2178 5742 VARIIE
2218 5686 2622 5746 LECTlONES.

713 5763 760 5797 "
793 5763 1179 5840 Apographum
1211 5768 1493 5834 διαϐάσεις.
1565 5774 1608 5805 θθ
1639 5772 2027 5844 Apographum
2058 5776 2182 5840 τοὺς
2238 5773 2440 5849 ὤμους’
2480 5780 2571 5852 ἀρ.
2630 5783 2717 5835 ἐπ’
2781 5782 3002 5854 ἔχοντας
3053 5791 3182 5839 cett.
