4014 6284
132 332 260 397 1121

1276 294 1279 301 ’
1360 325 1882 388 AMBIGUORUM
1922 326 2175 390 LIBER.

3240 339 3376 403 112?.

121 441 311 511 (142
336 439 389 509 b)
430 438 648 507 Θεωρία
677 437 765 501 είς
792 435 882 499 τὸ,
918 453 936 485 ι
980 436 1046 487 Ol
1073 434 1319 501 οὐρανοί
1347 432 1688 503 διηγοῦνται

1805 434 2192 507 Contemplatio
2244 439 2298 491 in
2358 438 2492 493 illud
2536 459 2554 495 :
2614 461 2632 492 ι
2677 441 2804 498 Catii
2843 457 3099 501 enarrant
3148 447 3376 519 gloriam

685 529 876 594 δόξαν
918 527 1085 583 Θεοῦ.
1126 545 1146 577 ι

190 650 355 704 Οὕτω
406 647 568 703 Δασιδ
596 650 625 700 6
661 644 779 718 μετ’
811 644 1057 707 ἐκείνους
1090 642 1187 713 μὲν
1231 640 1310 711 τῷ
1341 641 1541 712 χρόνῳ,
1576 639 1697 693 κατ’

115 742 366 803 ἐκείνους
397 740 454 793 δὲ
502 739 579 808 τῷ
627 736 920 808 πνεῦματι,
971 734 1058 787 ἵνα
1092 733 1219 795 τοὺς
1271 731 1479 801 Κριτὰς
1522 747 1702 800 παρα-

114 832 321 901 δράμω
353 830 527 883 πολλὰ
558 827 782 901 ἔχοντάς
812 828 871 881 ὲν
901 826 979 898 τῷ
1009 826 1109 897 βίῳ
1142 826 1442 894 μυστήρια,
1473 823 1571 894 τὴν
1615 822 1701 875 δό-

116 927 214 988 ξαν
244 924 343 977 τοῦ
376 923 511 977 Θεοῦ
534 922 909 992 διηγουμένων
936 918 1045 973 τῶν
1074 916 1320 988 οὐρανῶν
1349 914 1584 979 ἀκούων,
1608 916 1701 967 καὶ

114 1019 217 1084 τὴν
260 1000 487 1087 ποίησιν
521 1015 631 1067 τῶν
678 1006 879 1085 χειρῶν
931 1009 1097 1064 αὐτοῦ
1146 1007 1570 1076 ἀναγγέλλοντος
1603 1003 1699 1057 τοῦ

118 1109 507 1181 στερεώματος
537 1108 629 1176 (τὸ
661 1106 980 1177 Θαυμάσιον,
998 1098 1079 1167 οἷς
1098 1100 1272 1172 ψυχὴν
1295 1102 1322 1153 ὁ
1356 1096 1699 1170 Δημιουργδς

114 1199 217 1250 οὒκ
239 1197 513 1267 ἐνέθηκε),
541 1199 663 1259 τοὺς
699 1196 828 1266 περὶ
868 1193 1145 1261 θεολογίας
1175 1190 1292 1253 νοὸς
1329 1191 1520 1252 ἀκοαῖς
1549 1186 1701 1256 παρά

114 1291 224 1342 τῶν
258 1291 485 1361 ἀψύχων
529 1290 814 1359 ὑπεδέχετο
857 1285 1070 1354 λόγους,
1113 1283 1208 1337 καὶ
1253 1282 1379 1345 τοὺς
1432 1281 1532 1350 τῆς
1566 1296 1703 1350 προ-

115 1383 266 1445 νοίας
288 1385 384 1436 καὶ
404 1382 633 1454 κρίσεως
665 1381 722 1447 ἐξ
752 1378 1212 1448 ἀποτελέσματος,
1245 1374 1387 1428 κατὰ
1405 1373 1467 1426 τδ
1492 1370 1703 1443 ἀνθρὼ-

117 1488 239 1531 ςοοις
258 1471 504 1539 ἐφικτὸν,
527 1464 834 1525 ἐδιδάσκετο
866 1467 1123 1540 τρόπους,
1173 1465 1303 1531 τῶν,
1340 1459 1423 1527 οἷς
1458 1462 1703 1533 δηλονότι

117 1565 258 1616 κατᾶ
301 1564 468 1634 μέρος
518 1562 855 1616 ποικίλλεται
895 1562 929 1631 ἡ
970 1558 1064 1614 τοῦ
1121 1558 1323 1622 παντὸς
1372 1554 1701 1627 διεξαγωγὴ,

119 1656 221 1709 οὐκ
254 1657 480 1726 ὲφικνού
489 1673 648 1727 μενος
672 1654 865 1723 λόγων.

94 692 108 749 1

119 1881 341 1948 Θεωρία
373 1880 461 1946 είς
497 1877 585 1945 τὸ,
626 1896 644 1929 ι
678 1879 733 1929 '0
755 1875 950 1946 πατήρ
975 1892 1094 1945 μου
1138 1874 1238 1929 καί
1267 1874 1305 1941 ἠ
1335 1872 1534 1943 μήτηρ
1576 1889 1697 1943 μου

623 1967 1020 2039 ἐγκατέλιπόν
1040 1982 1137 2036 με.
1166 1985 1183 2018 ι

182 2083 346 2136 Οὕτω
400 2082 593 2136 πάλιν⁸
633 2082 699 2135 '0
732 2080 941 2150 aanip
987 2095 1106 2149 μου
1144 2078 1240 2134 καὶ
1287 2079 1325 2146 1)
1350 2076 1548 2147 μήτηρ
1571 2092 1691 2146 μου

112 2175 519 2245 ἑγκατέλιπόν
549 2192 648 2244 με,
696 2177 730 2227 ό
774 2172 842 2226 δὲ
889 2173 1103 2241 Κύριος
1140 2171 1547 2242 προσελάϐετό
1590 2184 1686 2239 με,

114 2270 345 2335 φάσκων
384 2267 483 2336 τὴν
510 2266 604 2320 τοῦ
634 2266 776 2320 κατά
810 2263 973 2335 φύσιν
1001 2264 1100 2335 τῆς
1135 2264 1337 2336 σαρκὸς
1367 2264 1495 2334 περὶ
1532 2264 1688 2331 γένε-

112 2377 197 2412 σιν
227 2359 330 2412 καὶ
374 2358 581 2429 φθορὰν
613 2357 805 2428 νόμον,
840 2354 961 2411 καθ’
992 2355 1050 2410 δν
1091 2358 1291 2420 πάντες
1325 2356 1415 2410 διὰ
1445 2356 1546 2426 τὴν
1584 2372 1689 2409 πα-

115 2450 353 2519 ράϐασιν
387 2448 481 2503 καὶ
526 2448 843 2522 γεννώμεθα
890 2448 987 2504 καὶ
1022 2448 1410 2520 συνιστάμιθα.
1454 2448 1550 2500 καὶ
1590 2450 1689 2517 τῆς

110 2541 443 2611 τιθηνοὺσης
473 2541 622 2612 ἡμᾶς
655 2542 859 2613 μητρὸς
889 2539 1047 2612 δίκην
1066 2541 1371 2610 αἰσθήσεως
1404 2539 1689 2609 άπὸλειψίν

112 2650 168 2686 τε
212 2633 314 2685 καὶ
356 2632 645 2704 ἀποφυγὴν
683 2630 993 2702 ἀναγκαίαν
1036 2628 1180 2686 εῖναι
1207 2634 1320 2695 τοῖς
1344 2629 1453 2683 τῶν
1484 2629 1691 2701 ἀφθάρ-

112 2742 218 2778 των
268 2721 640 2794 ὲπιθυμηταῖς
699 2722 1218 2796 ἐπικεκρυμμένως,
1268 2718 1444 2793 οἶμαι,
1499 2720 1689 2791 διηγό-

116 2832 276 2887 ρευε·
329 2816 397 2869 δι’
439 2809 513 2870 ὧν
545 2818 574 2871 6
621 2816 721 2889 μὲν
763 2814 1037 2887 ὁρώμενος
1084 2815 1289 2885 κόσμος
1330 2814 1551 2882 ἀφίεται
1594 2812 1688 2866 καὶ

113 2908 369 2979 ἀφίησιν,
401 2907 503 2962 ὁδὲ
535 2908 742 2980 Κύριος
769 2906 1274 2979 προσλαμϐάνεται,
1307 2907 1400 2959 καὶ
1426 2904 1503 2976 τῷ
1532 2921 1691 2957 πνευ-

115 3000 333 3070 ματικῷ
374 3000 632 3054 υίοθετῶν
659 3000 808 3071 νόμῳ
837 3000 964 3064 τοὺς
991 2999 1201 3067 ἀξίους,
1243 2999 1335 3053 καὶ
1366 3000 1481 3063 τοῖς
1515 2998 1686 3065 ἀξίοις

114 3093 641 3164 πατροθετούμενος,
699 3093 766 3147 δι’
813 3093 1035 3163 ἀρετῆς
1085 3093 1180 3146 καὶ
1244 3092 1522 3162 γνώσεως,
1567 3092 1686 3147 ὅλον

111 3185 306 3238 ἑαυτὸν
322 3185 368 3217 ⁸⁷
413 3185 558 3250 ὅλοις
619 3186 807 3248 αὐτοῖς
850 3184 972 3238 καθ’
1009 3180 1290 3255 ὁμοίωσιν,
1322 3183 1407 3248 ’ὣς
1458 3184 1682 3252 ἀγαθὸς,

2470 531 2565 585 Dei
2598 534 2641 585 ί.
2680 552 2698 583 s

1872 639 1962 695 Sic
1995 640 2184 704 David,
2215 648 2376 696 astate
2409 642 2520 696 illis
2553 642 2756 708 minor,
2786 643 2984 712 spiritu
3014 660 3149 699 vero
3192 661 3378 715 aequa-

1800 729 1888 794 lis,
1926 730 2248 797 utJudiccs,
2280 746 2594 800 quanquam
2623 732 2895 801 permulta
2920 733 2975 786 in
2998 734 3110 787 vita
3134 734 3378 789 habeant

1804 822 2063 894 mysteria
2122 823 2544 891 praetermittam
2574 864 2588 886 ,
2640 823 2873 878 audiens
2917 825 3088 878 cmlos
3148 840 3378 880 narrare

1811 913 2043 983 gloriam
2072 913 2193 978 Dei,
2247 922 2305 968 et
2342 913 2613 968 facturam
2669 930 2929 969 manuum
2960 916 3136 985 ipsius
3183 917 3381 986 praedi-

1806 1016 1933 1056 care
2001 1002 2408 1057 ﬁrmamentum
2452 1003 2860 1073 (admirandum
2932 1006 3038 1060 hoc
3084 1006 3153 1060 de
3209 1006 3381 1061 rebus

1806 1091 2009 1161 quibus
2043 1091 2233 1146 mundi
2263 1092 2461 1147 artifex
2498 1092 2737 1147 animam
2768 1095 2975 1148 nullam
3026 1094 3261 1166 injecit),
3294 1095 3380 1150 in-

1804 1182 2060 1238 tellectus
2080 1183 2272 1238 auditu
2295 1183 2367 1238 ab
2396 1182 2716 1238 inanimatis
2751 1185 3086 1255 theOIOgicas
3133 1185 3378 1239 rationes

1800 1274 2143 1345 percipiebat
2168 1314 2184 1339 ,
2220 1284 2383 1344 atque
2414 1275 2775 1345 providentiae
2797 1287 2855 1331 et
2872 1276 3065 1347 judicii
3092 1292 3159 1330 ex
3191 1276 3377 1345 operis

1800 1365 2181 1436 perfectione,
2245 1375 2516 1436 quantum
2569 1368 2793 1437 quidem
2844 1368 3163 1422 hominibus
3196 1368 3372 1431 licet,

1799 1460 2103 1514 docebatur
2132 1460 2327 1514 modos
2352 1501 2366 1525 ,
2427 1461 2681 1530 quamvis
2705 1474 2816 1513 non
2862 1468 3148 1514 assecutus
3202 1458 3371 1512 ratio-

1799 1568 1899 1607 nes
1926 1552 2133 1621 quibus
2154 1566 2254 1621 per
2278 1553 2526 1623 singulas
2566 1551 2828 1607 videlicet
2864 1560 3053 1623 partes
3094 1550 3371 1605 universi-

1802 1643 1929 1698 tatis
1957 1643 2367 1721 administratio
2390 1645 2654 1699 variatur.

1729 1788 1800 1801 .-

1797 1868 2185 1940 Contemplatio
2218 1871 2272 1923 in
2306 1869 2441 1923 illud
2474 1886 2491 1922 :
2532 1889 2549 1919 ι
2580 1868 2744 1922 Pater
2770 1879 2818 1922 et
2850 1878 3020 1921 mater
3048 1885 3127 1921 me
3179 1868 3369 1923 dereli-

2403 1967 2630 2030 quernnt
2657 1970 2701 2011 ι.
2737 1978 2754 2009 ι

1864 2072 1956 2128 Sic
1980 2089 2178 2129 rursus
2207 2090 2221 2126 :
2250 2072 2416 2127 Pater
2435 2081 2485 2126 et
2513 2080 2685 2125 mater
2709 2088 2789 2125 me
2824 2071 3237 2141 dereliquerant,
3278 2072 3369 2125 sed

1791 2167 2045 2222 Dominus
2084 2182 2163 2220 me
2187 2167 2410 2236 suscepit
2435 2164 2484 2230 ι,
2504 2164 2701 2219 dicens
2738 2164 2877 2234 legis
2901 2180 3023 2234 qum
3059 2164 3364 2218 secundum

1791 2261 1975 2315 carnis
2009 2269 2265 2314 naturam
2298 2258 2367 2314 ad
2394 2258 2812 2328 generationem
2842 2267 2899 2312 et
2924 2257 3211 2311 interitum
3242 2273 3366 2326 per-

1793 2353 1954 2417 tinet,
1990 2368 2101 2422 qua
2131 2368 2232 2406 nos
2271 2366 2466 2406 omnes
2505 2361 2730 2421 propter
2774 2350 3273 2420 transgressionem
3308 2359 3367 2404 et

1789 2462 2120 2517 generantur
2149 2454 2205 2499 ct
2239 2457 2586 2508 constamus,
2637 2453 2693 2498 et
2725 2460 2921 2498 sensus
2959 2443 3024 2496 ad
3055 2441 3249 2496 matris
3278 2441 3365 2495 in-

1791 2545 1905 2590 star
1934 2552 2035 2590 nos
2066 2536 2308 2591 foventis
2333 2536 2755 2591 derelictionem
2787 2544 2843 2589 et
2875 2536 3139 2605 cﬂugiunt
3172 2534 3239 2588 iis
3268 2534 3363 2603 qui

1792 2644 1976 2683 rerum
2036 2645 2149 2683 non
2198 2629 2626 2684 interiturarum
2673 2628 2908 2683 studiosi
2950 2628 3082 2692 sint,
3120 2629 3361 2692 occulte,

1790 2726 1948 2787 puto,
1984 2717 2517 2787 indicavit;quibus
2552 2718 2796 2774 mundus
2828 2719 3068 2773 visibilis
3107 2721 3363 2774 mittatur

1792 2825 1900 2863 non
1926 2809 2110 2863 minus
2138 2825 2302 2879 quam
2330 2811 2528 2864 missos
2564 2810 2752 2873 faciat,
2810 2810 2906 2865 sed
2939 2811 3205 2865 Dominus
3236 2826 3362 2866 sus-

1789 2899 1944 2970 cipit,
1983 2910 2040 2955 ct
2070 2901 2305 2972 Spirilali
2374 2902 2469 2971 qui
2522 2900 2672 2971 digni
2724 2909 2855 2955 sum
2907 2902 3053 2956 filios
3095 2902 3213 2973 lege
3259 2902 3360 2956 ad-

1788 3004 2007 3064 optans,
2046 3003 2101 3048 et
2132 2995 2247 3065 ipse
2277 2994 2346 3049 ab
2380 2995 2448 3049 iis
2472 2994 2565 3064 qui
2603 2994 2753 3062 digni
2788 3002 2918 3048 sunt
2951 2995 3112 3048 Pater
3128 2994 3359 3065 adopta-

1790 3095 1899 3152 tus,
1935 3103 2035 3159 per
2067 3088 2332 3142 virtutem
2359 3096 2416 3142 et
2450 3087 2855 3157 cognitionem,
2898 3095 3075 3141 totum
3112 3102 3231 3142 sese
3272 3087 3359 3157 ip-

1788 3197 1909 3236 sum
1941 3181 2223 3236 universis
2255 3181 2367 3235 illis
2405 3179 2715 3235 secundum
2762 3178 3210 3244 similitudinem,
3268 3190 3359 3235 ut-

111 3278 413 3331 ὲνδίδωσιν.
439 3276 512 3330 Ἦ
533 3276 676 3348 τάχα
716 3275 897 3349 (ιω
924 3276 979 3347 a)
1013 3277 1101 3330 διὰ
1126 3276 1219 3330 τοῦ
1243 3275 1449 3346 πατρὸς
1478 3276 1684 3347 καὶτῆς

1793 3285 1917 3347 pote
1952 3275 2155 3341 bonus,
2187 3274 2331 3330 indit
2358 3285 2525 3344 atque
2554 3272 2831 3329 concedit.
2861 3272 2970 3328 Aut
2993 3272 3225 3328 fortasse
3260 3288 3358 3343 per

112 3368 325 3438 μητρὸς
354 3367 448 3421 τὸν
480 3368 727 3439 γραπτὸν
761 3368 925 3440 νόμον
961 3368 1057 3421 καὶ
1096 3368 1192 3438 τὴν
1227 3367 1348 3421 κατ’
1379 3366 1541 3421 αὑτὸν
1578 3384 1683 3420 σω-

114 3461 356 3531 ματικὴν
389 3459 652 3532 λατρείαν
682 3459 1001 3525 αἰνίττεται,
1028 3452 1103 3513 ὧν
1131 3462 1197 3531 τῇ
1234 3460 1583 3530 ὑποχωρήσει
1624 3456 1688 3511 τὸ

111 3553 224 3618 φῶς
252 3552 351 3605 τοῦ
382 3551 752 3623 πνευματικοῦ
774 3552 939 3623 νόμου
964 3554 1085 3616 ταῖς
1112 3551 1359 3622 καρδίαις
1385 3550 1494 3603 τῶν
1521 3548 1688 3614 ἀξίων

110 3645 426 3698 ἀνατέλλειν
464 3645 698 3714 πέφυκε,
745 3646 843 3699 καὶ
883 3646 981 3714 τῆς
1016 3644 1159 3700 κατὰ
1217 3644 1397 3716 σάρκα
1443 3642 1687 3706 δουλείας

111 3735 429 3808 ἐλευθερίαν
450 3734 793 3807 χαρίζεσθαι.

111 3910 331 3979 Θεωρία
360 3911 453 3976 είς
482 3909 597 3965 τὴν
624 3910 926 3965 ὀπτασίαν
965 3912 1162 3967 Ἠλίου
1191 3911 1304 3981 τὴν
1329 3913 1399 3967 ἐν
1419 3912 1500 3980 τῷ
1518 3926 1677 3983 σπη-

694 4004 847 4070 λαίῳ
877 4005 1101 4071 Χωρήὸ.

178 4113 374 4178 Οὕτως
413 4113 599 4177 Ἠλίας
633 4116 663 4169 6
704 4114 1024 4187 περινόητος
1056 4115 1195 4188 μετὰ
1227 4116 1291 4170 τὸ
1335 4115 1449 4188 πῦρ
1480 4117 1676 4184 ἐκεῖνο,

110 4205 249 4275 μετὰ
285 4206 381 4259 τὸν
433 4206 786 4277 συσσεισμδν,
828 4208 966 4278 μετὰ
1005 4208 1069 4262 τὸ
1113 4206 1259 4279 μέγα
1288 4209 1386 4264 καὶ
1419 4211 1682 4282 κραταιὸν

109 4298 327 4368 πνεῦμα
354 4299 417 4352 τὸ
443 4298 661 4352 διαλύον
684 4299 807 4370 ὅρη,
830 4298 868 4354 ἃ.
896 4300 960 4371 δὴ
988 4299 1156 4370 ζῆλον
1174 4302 1269 4355 καὶ
1305 4302 1581 4373 διάκρισιν
1604 4298 1687 4356 εἷο

106 4408 192 4444 ναι
223 4394 321 4445 καὶ
350 4392 448 4460 τὴν
467 4393 524 4446 ὲν
552 4391 893 4464 πληροφορίᾳ
916 4393 1196 4464 πρόθυμον
1224 4393 1406 4448 πίστιν
1437 4395 1683 4465 ὑπολαμ-

109 4481 256 4536 ϐάνω
286 4485 340 4553 (ἡ
377 4484 475 4553 μὲν
504 4482 614 4555 γὰρ
642 4483 934 4556 διάκρισις,
969 4483 1156 4555 ὥσπερ
1189 4486 1411 4553 σεισμὸς
1444 4487 1511 4539 τά
1555 4503 1679 4538 συν-

108 4572 225 4642 εχῆ,
278 4573 381 4645 τὴν
418 4573 696 4645 μοχθηρίᾳ
741 4574 1120 4629 πυκνωθεῖσαν
1148 4574 1262 4640 ἕξιν
1296 4575 1388 4629 διὰ
1426 4576 1526 4645 τῆς
1550 4577 1681 4646 ἀρε-

106 4664 206 4733 τῆς
236 4665 555 4719 ἐπισείουσα
579 4665 676 4735 τῆς
705 4665 902 4729 κακίας
932 4665 1229 4736 ἐξίστησιν,
1257 4668 1285 4719 6
1305 4666 1363 4719 δὲ
1385 4664 1548 4735 ζῆλος
1576 4682 1677 4719 πυ-

111 4756 199 4825 ρὸς
224 4756 384 4827 δίκην
411 4758 666 4812 ἀνάπτων
696 4759 826 4822 τοὺς
862 4757 1083 4829 ἔχοντας
1109 4760 1175 4829 τῇ
1210 4757 1358 4824 ζέσει
1388 4757 1483 4812 τοῦ
1512 4758 1677 4812 πνεύ-

111 4862 279 4913 ματος
312 4846 593 4901 παιδεύειν
632 4848 806 4902 πείθει
852 4850 975 4912 τοὺς
1020 4848 1260 4913 ἀσεϐεῖς,
1307 4851 1341 4919 ἡ
1373 4849 1428 4902 δὲ
1471 4844 1675 4915 πίστις,

108 4937 420 5007 πνεύματος
459 4938 640 5009 βιαίου
684 4940 905 5010 τρόπον,
949 4940 1108 5009 δόξης
1140 4939 1324 4993 ἕνεκεν
1367 4939 1504 4993 Θεοῦ
1537 4940 1675 5011 πρὸς

108 5029 427 5101 καθαίρεσιν
476 5031 849 5103 ὀχυρωμάτων
895 5034 960 5086 δι’
1011 5032 1321 5098 ἐπιδείξεως
1384 5033 1680 5105 θαυμάτων

108 5120 327 5176 ὠθοῦσα
357 5123 485 5187 τοὺς
520 5122 755 5187 ἀπαθεῖς
797 5123 989 5188 ὕδατος
1034 5124 1338 5193 γνωστικοῦ
1387 5126 1481 5179 καὶ
1512 5127 1681 5196 πυρὸς

110 5211 358 5268 θεοποιοῦ
395 5212 630 5285 χορηγὸν
659 5215 748 5268 τὸν
792 5215 957 5278 ὅντως
986 5214 1174 5269 πιστὸν
1222 5215 1507 5287 ἄνθρωπον
1541 5216 1674 5272 καθ-

113 5302 314 5377 ίστησι,
359 5310 455 5360 καὶ
486 5306 563 5373 τῷ
590 5308 689 5379 μὲν
719 5308 809 5361 τὸν
833 5307 899 5361 δι’
945 5307 1166 5376 ἀγνοίας
1206 5307 1364 5378 λιμὸν
1403 5293 1676 5379 θεραπεύ-

1783 3376 1997 3439 patrem
2036 3376 2093 3423 et
2125 3376 2358 3422 matrem
2391 3366 2650 3439 scriptam
2697 3367 2877 3437 legem
2906 3373 2964 3421 et
3009 3366 3356 3436 corporalem

1783 3476 1951 3531 quem
1990 3462 2224 3532 imperat
2252 3461 2462 3516 cultum
2493 3461 2812 3527 adumbrat,
2842 3478 3078 3533 quorum
3106 3461 3355 3517 discessu

1782 3553 2046 3623 spiritalis
2078 3554 2218 3625 legis
2245 3554 2339 3608 lux
2372 3553 2666 3625 dignorum
2704 3554 2971 3610 cordibus
3004 3554 3210 3610 exoriri
3259 3568 3357 3624 po-

1784 3651 1915 3711 test,
1945 3656 2003 3701 et
2039 3646 2285 3702 carnalis
2313 3648 2605 3704 servitutis
2626 3648 2938 3703 libertatem
2975 3646 3183 3718 largiri.

1815 3910 2200 3983 Contemplatio
2231 3912 2287 3965 in
2326 3912 2575 3966 visionem
2606 3911 2745 3968 Elia:
2775 3912 2831 3965 in
2858 3926 3011 3981 specu
3039 3908 3235 3967 Choreb
3265 3909 3308 3965 ι.

1850 4131 1939 4187 Sic
1968 4129 2115 4185 Elias
2158 4130 2607 4199 sapientissimus
2648 4141 2772 4202 post
2803 4134 2982 4204 ignem
3016 4136 3193 4199 illum,
3225 4146 3348 4207 post

1781 4227 2185 4284 ternemotum,
2252 4230 2377 4290 post
2415 4236 2672 4292 magnum
2720 4232 2775 4277 et
2821 4225 3199 4282 vehementem
3254 4230 3348 4300 qui

1780 4319 1997 4365 montes
2026 4311 2245 4381 disjecit
2277 4314 2466 4365 ﬂatum
2496 4314 2543 4379 ι,
2577 4330 2697 4383 quae
2730 4314 2952 4385 quidem
3001 4319 3245 4374 studium
3293 4332 3351 4377 et

1771 4400 2041 4471 judicium
2076 4416 2197 4456 esse
2228 4412 2394 4472 atque
2438 4402 2600 4458 fidem
2649 4404 2867 4474 plenam
2911 4416 3077 4476 atque
3109 4410 3348 4467 alacrem

1776 4491 2114 4560 interpretor
2163 4495 2330 4561 (nam,
2383 4502 2641 4564 tanquam
2682 4505 3025 4554 terrzemotus
3077 4504 3347 4560 montium

1776 4581 2061 4646 continua,
2090 4581 2170 4637 sic
2191 4584 2464 4653 judicium
2500 4586 2748 4641 habitum
2782 4590 2992 4644 scelere
3024 4592 3344 4650 induratum

1778 4673 1984 4728 virtute
2019 4676 2343 4731 concutiens
2387 4677 2743 4747 improbitate
2769 4681 2952 4746 solvit,
3011 4684 3255 4741 studium
3277 4688 3346 4742 ad

1780 4763 1952 4819 instar
1980 4765 2122 4837 ignis
2160 4766 2459 4824 incendens
2490 4770 2720 4840 spiritus
2754 4771 2955 4828 ardore
2982 4774 3180 4845 impios
3221 4794 3350 4833 eru-

1778 4855 1895 4911 dire
1922 4871 1980 4911 se
1999 4858 2257 4928 prazditos
2276 4860 2455 4930 jubet,
2506 4861 2641 4918 ﬁdes
2684 4862 2740 4917 in
2765 4863 2989 4920 modum
3024 4866 3185 4924 ﬂatus
3216 4872 3346 4927 saevi

1779 4958 2004 5020 propter
2038 4950 2280 5007 divinam
2317 4954 2544 5026 gloriam
2587 4956 2653 5011 ad
2690 4960 3052 5029 expugnanda
3091 4962 3351 5031 praesidia

1780 5056 1878 5109 per
1925 5042 2320 5099 miraculorum
2384 5046 2921 5102 commendationem
2970 5048 3177 5105 inertes
3215 5067 3347 5121 pro-

1780 5133 2002 5203 pulsans
2026 5135 2307 5191 hominem
2345 5152 2473 5192 vere
2504 5137 2790 5192 credulum
2817 5154 2973 5209 aquae
3017 5142 3351 5212 cognitionis

1781 5232 1840 5278 et
1890 5224 2030 5295 ignis
2077 5225 2389 5281 deiﬁeantis
2422 5227 2776 5296 praebitorem
2826 5229 3042 5298 reddit,
3089 5233 3220 5288 dum
3257 5236 3349 5293 hic

1785 5316 1985 5372 famem
2010 5318 2333 5389 ignorantia:
2362 5328 2540 5387 curat,
2592 5321 2704 5378 illic
2736 5339 2834 5394 per
2876 5328 3343 5385 accommodatio-

184 5464 205 5506 ί
228 5462 372 5520 Psal.
394 5480 544 5531 xvm,
568 5465 618 5518 1.
698 5462 711 5513 i
745 5463 884 5519 Psal.
910 5479 1049 5531 xxvx,
1077 5463 1161 5519 10.
1239 5465 1265 5504 ¹ί
1293 5464 1425 5521 ibid.
1508 5464 1619 5522 ιΙΙῐ
1646 5468 1688 5523 Β

1810 5486 1917 5537 xix,
1938 5471 1993 5525 9.
2071 5482 2109 5512 ω
2132 5473 2203 5529 Ill
2229 5474 2360 5546 Reg.
2384 5491 2532 5544 xvm,
2556 5477 2643 5534 58.

1389 5625 1619 5685 νΑιιιιΕ
1661 5628 2069 5690 LECTIONES.

178 5710 225 5744 "
276 5712 660 5786 Apograpbum
699 5714 867 5770 habet
898 5714 1117 5769 σαυτόν.
