4014 6284
163 302 306 366 1125

1387 293 1901 355 AMBIGUORUM
1945 294 2195 352 LIBER.
2257 272 2261 276 ’

3271 292 3406 356 1125

157 419 388 486 ενέγκαι
433 413 660 484 δυνηθῇ,
699 410 788 464 διὰ
829 412 927 480 τῆς
985 407 1125 463 κατὰ
1181 407 1278 478 τὴν
1321 405 1556 477 θεωρίαν
1593 405 1746 458 εὑσε-

1869 403 2207 472 ,emplatione
2235 405 2608 474 precationem
2640 420 2739 474 pro
2763 419 2960 475 magno
2981 414 3144 476 atque
3178 407 3420 476 pretioso

158 507 294 570 ϐοῦς
324 500 700 575 προσεδρείας,
731 497 805 562 ὡς
837 497 981 568 μέγα
1007 496 1167 567 χρέος
1213 497 1306 549 καὶ
1341 496 1545 565 τίμιον,
1575 494 1740 565 μηδὲν

159 598 298 650 ἴδιον
352 594 500 665 ἔχειν
541 589 825 660 κρίνουσα,
861 586 1001 640 ὥστε
1049 587 1219 654 δεῖξαι
1261 587 1352 639 τὸν
1397 586 1530 639 Θεὸν
1580 585 1740 655 μόνον

157 689 384 743 διδόντα
412 703 469 738 τε
498 683 594 738 καὶ
634 681 923 751 δεχόμενον
943 697 956 710 ο
989 679 1131 733 καθά
1160 677 1262 731 πού
1305 696 1471 750 φησιν
1497 679 1526 731 ό
1554 677 1739 746 νόμος,

144 745 245 836 ⁹Τὰ
267 777 432 846 δῶρὰ
460 794 601 846 μου,
630 745 857 843 δόρατά
888 789 1029 841 μου,
1057 745 1419 839 καρπώματά
1448 787 1588 838 μου,
1612 745 1740 823 δια-

158 871 465 941 τηρήσετε
479 870 526 902 ⁸⁸
557 865 919 937 προσφέρειν
935 881 1060 934 μοι,
1091 863 1164 926 ὡς
1195 862 1252 930 ἐξ
1274 861 1441 916 αὑτοῦ
1469 880 1525 914 τε
1550 863 1637 916 καί
1664 864 1745 925 είς

159 965 331 1019 αὑτὸν
365 961 568 1025 παντὸς
615 957 824 1029 ἀγαθοῦ
855 959 949 1011 καὶ
988 956 1292 1027 ἀρχομένου
1333 956 1428 1010 καὶ
1466 956 1742 1026 λήγοντος.

161 1058 392 1126 Πέφυκε
421 1055 532 1125 γὰρ
562 1055 590 1106 ὁ
613 1051 709 1106 τοῦ
744 1048 880 1104 Θεοῦ
929 1048 1086 1118 λόγος
1118 1043 1200 1112 οἷς
1236 1047 1301 1102 ἂν
1332 1049 1620 1119 ἐγγένηται
1646 1047 1748 1118 τῆς

161 1167 222 1203 τε
260 1147 472 1219 σαρκὸς
505 1145 714 1199 ἀθετεῖν
757 1142 826 1195 τὰ
865 1141 1144 1210 κινήματα
1185 1140 1403 1210 καὶτῆς
1440 1139 1576 1210 πρὸς
1604 1139 1744 1193 αὑτὰ

163 1242 264 1312 τὴν
299 1239 485 1310 ψυχὴν
531 1235 874 1291 ἀναστέλλειν
906 1233 1098 1304 ῥοπῆς,
1153 1232 1249 1288 καὶ
1293 1233 1473 1301 πάσης
1502 1229 1746 1303 πληροῦν

163 1333 407 1406 ἀληθοῦς
439 1329 804 1401 διαγνώσεως.

170 1517 398 1587 Θεωρία
447 1516 535 1581 εἰς
578 1512 685 1568 τὸν
721 1511 1082 1582 ἀφορίζονται
1129 1509 1244 1579 τὴν
1286 1510 1628 1579 ἀκάθαρτον
1665 1511 1747 1565 οὶ-

879 1606 1040 1659 κίαν.

242 1723 356 1778 Καὶ
414 1721 524 1792 γὰρ
574 1719 664 1774 τὸν
699 1717 850 1790 ἱερέα
888 1717 1032 1772 κατὰ
1070 1717 1171 1788 τὴν
1213 1716 1442 1787 νομικὴν
1485 1715 1749 1785 διαταγὴν

1842 495 1937 549 illo
1965 495 2178 558 debito,
2207 511 2318 549 non
2349 497 2635 566 pmprium
2671 495 2878 549 habere
2910 510 3166 561 censeas,
3193 495 3331 550 adeo
3359 506 3419 552 ut

1841 604 2010 642 unum
2041 589 2214 642 Deum
2245 598 2300 643 et
2333 589 2580 643 datorem
2617 595 2672 643 et
2719 595 3066 658 acceptorem
3107 589 3378 659 signiﬁcet
3405 607 3417 643 :

1841 680 2307 750 quemadmodum
2345 680 2548 734 alicubi
2583 681 2668 734 lex
2699 679 2835 733 dicit
2868 697 2880 732 :
2919 680 3073 733 Dona
3120 697 3257 744 mea,
3307 697 3424 734 mu-

1842 789 1976 827 nera
2008 791 2145 837 mea,
2171 775 2435 843 sacriﬁcia
2477 793 2592 830 mea
2633 776 2760 830 mihi
2804 776 2988 847 oﬂ'erre
3043 775 3309 829 observate
3346 785 3374 825 P
3405 793 3421 841 ;

1844 880 1970 920 cum
2011 866 2270 921 videlicet
2302 882 2467 920 omne
2502 868 2706 922 bonum
2752 885 2818 922 ex
2865 884 2932 922 eo
2969 876 3229 921 nascatur
3264 875 3320 922 et
3366 867 3424 921 in

1845 973 1970 1012 eum
1998 957 2237 1012 desinat.
2295 959 2498 1013 Idonea
2533 961 2680 1014 enim
2730 967 2815 1014 est
2866 960 2959 1015 Dei
3010 961 3150 1014 ratio
3198 959 3428 1030 quibus-

1847 1065 2070 1119 cunque
2123 1051 2311 1105 innata
2365 1061 2451 1105 est
2499 1052 2566 1104 ad
2599 1051 2786 1107 carnis
2819 1060 3004 1106 motus
3045 1051 3428 1122 reprimendos

1848 1155 1960 1194 non
1992 1141 2174 1196 minus
2213 1158 2376 1212 quam
2410 1142 2476 1196 ad
2506 1145 2766 1206 animam,
2808 1159 2876 1198 ne
2899 1143 2966 1197 ad
2997 1144 3120 1198 illos
3163 1145 3426 1208 declinet,

1850 1233 2239 1299 cohibendam,
2269 1244 2327 1290 et
2371 1236 2565 1305 quavis
2595 1250 2725 1290 vera
2773 1237 3090 1307 cognitione
3144 1237 3431 1307 complen-

1852 1322 1997 1378 dam.

1852 1507 2244 1582 Contemplatio
2277 1512 2332 1565 in
2374 1527 2493 1565 eum
2531 1513 2620 1582 qui
2663 1512 2876 1566 domum
2916 1513 3181 1583 impuram
3233 1529 3427 1567 excom-

2453 1603 2686 1657 municat
2712 1613 2760 1656 ιι.

1924 1715 2060 1770 Nam
2089 1717 2438 1772 sacerdotem
2464 1733 2686 1787 quoque
2711 1720 3015 1774 secundum
3042 1719 3177 1792 legis
3212 1721 3440 1778 manda-

170 1817 417 1872 εἰσιόντα
467 1813 546 1876 είς
586 1812 686 1884 τὴν
723 1810 917 1883 (144
941 1810 1003 1882 b)
1055 1809 1179 1864 καθ’
1241 1807 1520 1863 ὁντιναοῦν
1553 1807 1756 1880 τρόπον

1869 1814 1977 1862 tum
2020 1807 2076 1861 in
2102 1807 2327 1863 domum
2389 1811 2853 1880 qualitercunqne
2892 1812 3160 1882 pollutam
3202 1812 3436 1884 ingredi,

171 1908 490 1978 ἀκάθαρτον
537 1904 738 1965 οἰκίαν,
777 1903 872 1956 καὶ
924 1901 1260 1974 ἀφορίζοντα
1292 1899 1486 1969 αὐτὴν,
1539 1897 1635 1952 καὶ⁹
1683 1896 1755 1950 τὰ

173 2002 315 2073 πρὸς
401 1996 671 2068 κάθαρσιν
739 1994 1122 2049 διαστέλλοντα
1199 1994 1315 2057 τοῖς
1391 1989 1754 2064 κεκτημένοις

172 2091 394 2148 ἀκούων
427 2089 517 2142 τὸν
545 2086 806 2160 ἀρχιερέα
835 2085 993 2155 λόγον
1023 2086 1089 2139 δι’
1113 2084 1280 2140 αὑτοῦ
1315 2082 1755 2157 παραδηλοῦσθαι

173 2183 306 2244 νοῶ.
334 2181 510 2252 φωτὸς
535 2180 692 2250 δίκην
727 2178 1120 2251 καθαρωτάτου
1155 2177 1394 2231 εἰσιόντα
1423 2179 1502 2241 είς
1529 2175 1630 2246 τὴν
1655 2174 1758 2244 ψυ-

174 2279 302 2348 χὴν,
331 2276 429 2329 καὶ
455 2275 522 2328 τὰ
548 2274 718 2344 ἐναγῆ
753 2271 1100 2344 βουλεύματα
1123 2273 1220 2326 καὶ⁵
1239 2272 1580 2342 διανοήματα
1612 2269 1754 2341 μετὰ

173 2371 287 2424 τῶν
319 2367 588 2422 ὑπαιτίων
612 2364 869 2437 πράξεων
916 2365 1353 2430 ἐκκαλύπτοντα,
1385 2365 1479 2418 καὶ
1507 2364 1634 2428 τοὺς
1656 2365 1756 2434 τῆς

175 2463 523 2534 ἐπιστροφῆς
553 2461 651 2514 καὶ
684 2459 1010 2531 καθάρσεως
1061 2458 1301 2530 τρόπους
1341 2457 1524 2527 σοφῶς
1568 2457 1757 2510 ὑποτι-

177 2554 435 2623 θέμενον.
470 2552 671 2622 Ὅπερ,
707 2545 883 2621 οἶμαι,
923 2550 1262 2621 σαφέστερον
1295 2549 1338 2580 ⁸⁸
1381 2551 1416 2620 ὴ
1443 2547 1535 2602 τὸν
1559 2547 1759 2618 ’μέγαν

177 2645 476 2713 προφήτην
523 2640 706 2695 Ἠλίαν
736 2637 1110 2710 ὑποδεξαμένη
1139 2636 1524 2710 παραδηλοῦσα
1551 2636 1758 2705 ἔλεγεν,

183 2737 497 2803 ’Ἄνθρωπε
526 2732 632 2788 τοῦ
660 2731 828 2798 Θεοῦ,
862 2729 1146 2800 είονῆλθες
1173 2731 1324 2800 πρὸς
1346 2729 1454 2801 ἐμὲ
1487 2728 1591 2784 τοῦ
1612 2730 1758 2784 ἁνα-

179 2827 417 2898 μνῆσαί
432 2843 512 2897 με
538 2825 647 2894 τὰς
682 2823 921 2892 ἀδικίας
947 2841 1090 2895 μου.

185 3003 414 3074 Θεωρία
447 3001 535 3068 είς
561 2999 666 3055 τὸν
715 2999 888 3071 ἅγιον
920 2996 1144 3060 Ἠλίαν,
1181 2997 1278 3051 καί
1311 3000 1399 3064 εὶς
1442 2997 1557 3066 τὴν
1581 3002 1767 3068 Σαρα.

752 3091 938 3162 φθίαν
990 3088 1205 3158 χήραν.

259 3208 423 3261 Πᾶσα
462 3204 573 3277 γὰρ
605 3205 754 3278 ψυχὴ
791 3202 1103 3276 χηρεύουσα
1123 3219 1182 3257 τε
1213 3201 1397 3258 καλῶν
1443 3204 1538 3258 καὶ
1566 3205 1770 3277 ἀρετῆς

186 3300 400 3372 ἕρημος
447 3297 542 3352 καὶ
591 3296 848 3366 γνώσεως
900 3293 1034 3349 Θεοῦ
1091 3293 1312 3348 ἐπειδὰν
1367 3294 1462 3348 τὸν
1505 3295 1650 3349 θεῖον
1678 3298 1772 3350 καὶ

186 3385 587 3457 διαγνωστικὸν
625 3383 954 3456 ὑποδέξηται
999 3383 1179 3452 λόγον,
1203 3385 1285 3446 είς
1333 3385 1559 3456 μνήμην
1612 3386 1774 3457 ἐρχο-

195 3477 337 3546 μένη
372 3475 484 3528 τῶν
512 3474 683 3544 αὑτῆς
700 3472 1126 3546 ἁμαρτημάτων
1155 3471 1474 3527 διδάσκεταί
1498 3491 1616 3539 πως
1647 3476 1776 3546 ἀρε-

192 3570 305 3623 τῶν
338 3568 529 3638 ἄρτοις
564 3566 656 3620 τὸν
689 3567 1050 3638 διατρέφοντα
1079 3567 1303 3638 τρέφειν
1335 3567 1514 3637 λόγον,
1545 3568 1641 3621 καὶ
1671 3584 1774 3620 πο-

193 3661 368 3727 τίζειν
399 3658 658 3729 ἀληθείας
702 3659 937 3729 δόγμασι
969 3659 1064 3730 τὴν
1105 3659 1290 3730 πηγὴν
1333 3659 1433 3729 τῆς
1468 3657 1637 3732 ζωῆς,
1681 3660 1777 3714 καὶ

196 3753 372 3823 αὑτῆς
420 3753 522 3820 τῆς
551 3751 769 3821 φύσεως
808 3751 906 3823 τὴν
941 3752 1021 3815 εἰς
1054 3752 1223 3822 αὑτὴν
1260 3752 1582 3823 προκρίνειν
1610 3753 1778 3825 θερα-

197 3845 386 3909 πείαν,
415 3841 481 3896 δι’
504 3839 572 3916 ἧς
606 3843 641 3914 ἦ
674 3860 733 3896 τε
772 3842 932 3914 ὑδρία
959 3841 1097 3915 σὰρξ
1143 3843 1246 3915 τὴν
1281 3845 1378 3898 ἐπὶ
1403 3847 1524 3908 ταῖς
1555 3845 1781 3915 ἀρεταῖς

199 3934 521 4008 πρακτικὴν
563 3934 853 4005 συντομίαν
903 3936 1226 4006 χορηγήσει,
1263 3937 1358 3990 καὶ
1388 3938 1418 3990 ό
1479 3935 1782 4007 καμψάκης

200 4026 327 4090 νοῦς
352 4025 453 4099 τὴν
489 4026 552 4080 τὸ
587 4025 702 4095 φῶς
737 4025 1114 4097 συντηροῦσαν
1142 4027 1241 4098 τῆς
1268 4027 1523 4095 γνώσεως
1549 4027 1784 4098 θεωρίαν

199 4116 477 4188 διηνεκῶς
505 4115 796 4186 πηγάσεις,
825 4117 920 4170 καὶ
943 4117 971 4170 ό
1004 4115 1246 4188 ἔμφυτος
1288 4117 1568 4189 λογισμὸς,
1595 4117 1786 4187 ὥσπερ

201 4210 326 4261 ἐκεῖ
355 4208 456 4277 τῆς
492 4209 667 4279 χήρας
709 4209 737 4261 ὁ
782 4207 921 4271 υίὸς,
949 4206 1048 4279 τὴν
1085 4207 1309 4279 ἐμπαθῆ
1341 4211 1615 4280 προτέραν
1646 4210 1786 4262 ἀπο-

203 4299 438 4368 θέμενος
464 4298 609 4369 ζωὴν
639 4299 738 4367 τῆς
774 4298 926 4368 παρὰ
975 4297 1071 4353 τοῦ
1113 4297 1275 4368 λόγου
1306 4300 1588 4371 διδομένης
1630 4298 1786 4360 θείας

205 4393 307 4447 καὶ
341 4390 580 4467 ἀληθοῦς
625 4389 879 4460 γενέσθαι
928 4389 1157 4462 μέτοχος
1200 4390 1571 4463 ἀξιωθήσεται
1617 4389 1785 4460 ζωῆς.

320 4566 542 4635 Θεωρία
570 4569 657 4633 είς
682 4565 795 4635 τὴν
810 4569 1276 4637 μεταμόρφωσιν
1299 4565 1405 4620 τοῦ
1433 4566 1677 4635 Κυρίου.

210 4789 328 4835 νοις
359 4771 527 4834 τινὲς,
542 4769 726 4842 (ιᾷε
750 4769 805 4841 a)
826 4766 906 4833 οἷς
923 4769 1294 4839 ωναναόῆναί
1313 4787 1373 4822 τε
1394 4770 1488 4823 καὶ
1520 4787 1793 4840 συνεπαρ-

215 4863 374 4935 θῆναι
395 4862 546 4931 αὑτῴ
563 4863 609 4893 ⁷⁰
633 4860 770 4932 πρὸς
794 4860 857 4914 τὺ
877 4860 1001 4932 ὅρος
1020 4860 1122 4930 τῆς
1150 4860 1318 4915 αὑτοῦ
1343 4859 1708 4932 φανερώσεως
1724 4863 1793 4916 δι’

215 4956 423 5029 ἀρετῆς
438 4954 761 5026 ἐπιμέλειαν
784 4953 1060 5023 ἐξεγένετο
1079 4955 1582 5025 μεταμορφωθέντα
1599 4954 1796 5010 θεασά-

221 5045 505 5117 μενοι,τῷ
534 5061 596 5098 τε
657 5043 800 5113 φωτὶ
848 5044 944 5098 τοῦ
987 5044 1280 5116 προσώπου
1309 5044 1636 5114 ἀπρόσιτον,
1696 5044 1796 5100 καὶ

218 5141 285 5209 τῇ
309 5137 422 5190 τῶν
451 5135 778 5206 ἐσθημάτων
801 5134 1147 5206 λαμπρότητι
1173 5117 1570 5202 καταπληκτοι,
1607 5133 1702 5186 καὶ
1726 5135 1795 5204 τῇ

219 5229 328 5282 τῶν
364 5228 708 5301 ἑκατέρωθεν
750 5228 1018 5281 συνόντων
1046 5229 1179 5298 τιμῇ
1212 5225 1456 5288 Μωσέως
1485 5224 1581 5278 καὶ
1618 5224 1797 5277 Ἠλίου

224 5321 597 5392 γεγενημένον
635 5318 1060 5391 αἱδεσιμώτερον
1109 5316 1502 5384 ἐπεγνωκότες,
1551 5317 1661 5370 ἀπὸ
1698 5317 1798 5386 τῆς

1853 1915 2086 1969 eamque
2117 1902 2625 1965 excommunicare,
2656 1911 2713 1956 et
2746 1918 2868 1972 qua:
2924 1902 2993 1957 ad
3045 1903 3438 1961 lustrationem

1853 1993 2169 2049 necessaria
2236 1993 2349 2050 sint
2404 1994 2827 2066 possidentibus
2899 1995 3131 2051 deﬁnire
3193 1997 3439 2052 audienti

1854 2101 2131 2140 summum
2176 2104 2272 2157 per
2321 2088 2373 2142 id
2417 2087 2761 2143 sacerdotem
2820 2089 3089 2144 rationem
3141 2090 3441 2159 signiﬁcari
3519 2119 3531 2131 -

1855 2187 2014 2249 puto,
2043 2179 2110 2233 ad
2147 2179 2321 2234 instar
2343 2180 2656 2250 purissimae
2690 2181 2830 2234 lucis
2855 2181 3094 2234 animam
3125 2181 3442 2252 ingredien-

1861 2279 1992 2335 tem.
2021 2279 2078 2326 et
2126 2272 2445 2342 inquinatas
2484 2273 2796 2326 voluntates
2828 2281 2883 2325 et
2925 2272 3290 2342 cogitationes
3316 2289 3443 2328 eum

1861 2365 2117 2420 sontibus
2159 2364 2322 2420 factis
2349 2365 2710 2430 revelantcm,
2743 2373 2906 2434 atque
2952 2366 3448 2424 animadversionis

1859 2464 1917 2511 et
1959 2457 2291 2526 expiationis
2335 2458 2530 2512 modos
2564 2457 2844 2527 sapienter
2874 2457 3219 2513 suadentem.
3266 2458 3446 2525 Quod,

1860 2556 2018 2617 puto,
2060 2549 2305 2617 apertius
2350 2549 2440 2604 illa
2489 2548 2828 2621 signiﬁcans,
2875 2565 2998 2620 qua:
3026 2566 3283 2622 magnum
3315 2567 3448 2620 pro-

1860 2639 2082 2709 phetam
2125 2641 2300 2694 Eliam
2333 2641 2577 2712 hospitio
2602 2641 2819 2711 excepit
2848 2659 2861 2694 :
2892 2641 3060 2696 Homo
3099 2641 3215 2706 Dei,
3245 2643 3446 2713 inquit,

1859 2739 2126 2810 ingressus
2158 2757 2213 2794 es
2247 2741 2316 2794 ad
2353 2756 2435 2795 me
2476 2747 2535 2792 ut
2577 2739 2891 2794 delictorum
2921 2755 3160 2795 meorum
3195 2755 3279 2793 me
3305 2755 3448 2793 com-

1865 2833 2222 2903 monefacere:
2252 2842 2299 2886 τ.

1945 3006 2332 3080 Contemplatio
2362 3008 2419 3062 in
2447 3016 2693 3062 sanctum
2733 3005 2915 3062 Etiam
2935 3046 2950 3071 ,
2984 3017 3035 3060 et
3081 3007 3138 3061 in
3169 3006 3382 3061 viduam

2441 3098 2812 3171 Sareptensem
2845 3109 2890 3152 ο.

1936 3207 2130 3266 Omnis
2175 3212 2322 3266 enim
2367 3211 2551 3265 anima
2601 3210 2762 3265 bonis
2804 3209 3028 3264 viduata
3060 3219 3117 3266 et
3165 3209 3370 3264 virtute
3401 3219 3455 3265 et

1867 3300 2182 3371 cognitione
2226 3303 2322 3358 Dei
2365 3303 2604 3368 deserta,
2642 3311 2932 3374 postquam
2963 3303 3207 3358 divinam
3253 3313 3310 3358 et
3341 3303 3460 3358 dia-

1868 3392 2175 3462 gnosticam
2223 3395 2440 3464 excepit
2492 3394 2796 3462 rationem,
2845 3393 3174 3448 delictorum
3229 3408 3456 3450 suorum

1872 3484 2159 3540 recordata
2218 3486 2516 3542 instruitur
2565 3489 2835 3542 virtutum
2887 3486 3123 3557 panibus
3187 3487 3456 3541 rationem

1872 3575 2072 3631 almam
2104 3577 2271 3640 alere,
2299 3586 2354 3632 et
2386 3579 2634 3633 veritatis
2659 3579 2879 3648 placitis
2924 3577 3048 3632 vita:
3079 3577 3217 3633 fonti
3269 3585 3458 3648 potum

1876 3669 2210 3735 ministrare,
2242 3671 2456 3740 ipsique
2484 3679 2692 3724 natura:
2723 3671 2935 3725 cultum
2971 3669 3144 3740 ipsius
3175 3669 3458 3740 pra-ferre.

1877 3776 1976 3831 per
2000 3777 2165 3830 quem
2192 3777 2318 3816 caro
2353 3778 2491 3817 urna
2520 3763 2908 3833 compendium
2941 3762 3241 3816 virtutibus
3270 3759 3461 3816 eﬁicax

1881 3853 2180 3922 praestabit,
2215 3862 2271 3908 et
2303 3853 2474 3908 cadus
2514 3869 2670 3908 mens
2701 3833 3226 3924 contemplationem
3271 3851 3480 3920 cogni-.

1882 3945 2069 4009 tionis,
2096 3948 2560 4002 conservatricem
2595 3947 2759 4010 lucis,
2811 3945 3064 4016 perpetui
3094 3945 3261 3998 fontis
3289 3944 3464 3997 instar

1881 4037 2012 4102 alet,
2043 4047 2100 4093 et
2142 4039 2400 4108 cogitatio
2444 4039 2652 4102 innata,
2682 4048 2742 4092 ut
2770 4037 2884 4092 illic
2913 4037 3094 4092 vidua:
3136 4034 3304 4100 ﬁlius,
3336 4049 3463 4104 pas-

1883 4128 2000 4183 siva
2024 4129 2254 4198 pristina
2279 4130 2386 4183 vita
2414 4128 2660 4199 deposita
2691 4127 2815 4182 vitae
2842 4127 3043 4181 divina:
3067 4135 3123 4180 et
3147 4140 3294 4178 verae
3325 4139 3353 4176 a
3380 4139 3469 4177 ra-

1886 4220 2038 4275 tione
2072 4220 2212 4275 datte
2236 4235 2358 4290 quae
2393 4219 2668 4290 particeps
2706 4217 2799 4272 ﬁat
2831 4217 2993 4289 digna
3020 4214 3359 4272 censebitur.

1819 4573 1866 4626 D

285 4677 447 4732 υῦτω
473 4678 570 4731 καὶ
583 4677 691 4729 τῶν
708 4677 947 4748 Χριστοῦ
971 4676 1230 4749 μαθητῶν
1254 4677 1392 4748 πρὸς
1427 4679 1536 4740 τοῖς
1554 4678 1788 4748 είρημέ-
1847 4737 1849 4739 _

1999 4566 2386 4637 Contemplatio
2418 4570 2473 4622 in
2509 4567 2724 4621 Domini
2755 4567 3283 4637 transﬁgurationem
3321 4569 3363 4619 ί.

1968 4675 2058 4730 Sic
2081 4685 2342 4746 praeterea
2376 4675 2542 4731 etiam
2568 4673 2774 4730 Christi
2801 4674 3197 4745 discipulorum
3225 4673 3469 4744 quidam,

1888 4767 2091 4837 quibus
2125 4781 2232 4821 una
2266 4766 2567 4821 ascendere
2607 4775 2665 4821 et
2692 4766 2863 4821 levari
2889 4781 3013 4822 cum
3044 4781 3112 4820 eo
3141 4766 3197 4819 in
3230 4772 3470 4817 montem

1888 4860 2302 4931 gloriﬁcationis
2334 4862 2454 4932 ejus
2501 4859 2576 4915 ob
2613 4859 2838 4915 virtutis
2877 4874 3066 4914 curam
3107 4859 3311 4920 evenit,
3347 4872 3472 4910 eum

1893 4961 2162 5006 mutatum
2204 4951 2460 5006 viderent
2503 4959 2560 5006 et
2603 4951 2728 5006 luce
2787 4949 2948 5004 faciei
2994 4947 3472 5010 inaccessibilem,

1891 5043 2458 5113 vestimentorumque
2501 5042 2752 5098 claritate
2783 5039 3171 5110 obstupefacti,
3213 5047 3377 5108 atque
3407 5039 3476 5093 de

1893 5134 2103 5190 honore
2141 5134 2344 5206 Moysis
2379 5144 2436 5191 et
2463 5135 2618 5199 Elite,
2651 5132 2746 5203 qui
2788 5132 2860 5186 ab
2893 5140 3130 5200 utroque
3166 5131 3339 5186 latere
3377 5130 3475 5185 ad-

1892 5237 2072 5291 erant,
2123 5227 2278 5282 illum
2338 5227 2505 5283 etiam
2544 5227 2750 5296 majore
2805 5223 3072 5294 dignitate
3136 5223 3491 5278 cumulatum

1893 5321 2236 5391 conspicati,
2289 5338 2318 5375 a
2353 5335 2520 5376 carne
2548 5319 2605 5373 in
2641 5318 2896 5388 spiritum
2945 5316 3284 5372 transierunt
3327 5315 3481 5386 prius

305 5463 513 5518 PDeut.
537 5477 719 5528 xxvm,
741 5461 796 5516 2.
872 5472 899 5510 ιι
922 5459 1102 5516 Levit.
1130 5473 1239 5522 xw,
1263 5456 1351 5513 38.
1434 5467 1455 5493 τ
1475 5457 1544 5512 IV
1571 5457 1704 5529 Reg.
1732 5460 1783 5525 Ι,
1807 5459 1896 5514 ll.
1973 5467 1996 5497 ⁸
2022 5461 2091 5515 Ill
2118 5462 2251 5532 Reg.
2277 5477 2408 5540 .vvn,
2432 5462 2485 5517 9.
2569 5464 2586 5500 ι
2614 5461 2809 5516 Matth.
2833 5476 2965 5528 xvii,
2996 5461 3052 5516 θ.

1487 5597 1716 5653 νΑιιιΑε
1762 5595 2166 5656 LECTIONES.

306 5715 355 5751 ⁸³
385 5715 774 5789 διατηρήσεται
805 5715 930 5772 cod.
959 5714 1103 5771 Gud.
1174 5715 1274 5786 οοῆ
1307 5714 1430 5771 cod.
1480 5713 1620 5769 Fud.
1699 5715 1744 5747 "°
1777 5715 2164 5788 Apographum
2219 5715 2370 5772 αὑτό.
