4014 6284
471 382 477 387 .
571 319 702 384 1127

1733 303 1793 361 S.
1836 297 2123 361 MAXIMI
2161 294 2671 357 CONFESSORIS

3672 292 3806 359 1128

565 446 730 504 quam
777 425 1053 484 carnalem
1087 422 1258 478 vitam
1301 418 1452 476 exuti
1494 429 1671 480 erant,
1720 430 1816 486 per
1861 413 2139 469 actionum

2252 410 2446 483 σαρκὸς
2462 410 2543 474 είς
2579 409 2640 463 τὸ
2665 408 2887 480 πνεῦμα
2918 407 3251 479 μετέσησαν,
3278 407 3413 479 πρὶν
3441 406 3543 479 τήν
3560 407 3653 462 διὰ
3681 424 3810 478 cap-

566 502 902 578 sensualium
949 513 1312 571 mulationem
1360 524 1470 581 qua
1514 522 1610 564 eos
1655 506 1886 578 spiritus
1930 502 2136 569 affecit,

566 611 806 683 demptis
849 604 1240 664 intellectualis
1262 603 1345 657 oin
1391 602 1475 657 eis
1518 598 1794 655 facultatis
1823 596 2139 667 passionum

566 701 953 766 velaminibus,
988 714 1057 753 ex
1102 711 1213 767 quo
1265 693 1522 750 sensibus
1571 699 1679 747 tam
1728 690 1925 744 anima:
1976 701 2139 756 quam

566 794 817 867 corporis
860 790 1077 865 purgati
1121 787 1437 860 spirituales
1475 784 1716 839 rationes
1757 780 2145 851 mysteriorum

567 889 651 944 eis
673 896 1104 943 monstratorum
1131 882 1418 938 docentur.
1448 878 1626 949 Atque
1655 876 1960 931 radiantem
1984 873 2140 928 illum

568 978 727 1034 faciei
757 976 1165 1033 omnibeantem
1210 972 1578 1043 splendorem,
1612 977 1675 1023 ut
1704 982 1921 1023 omnem
1954 965 2143 1021 oculo-

572 1087 692 1124 rum
719 1069 890 1124 aciem
923 1052 1293 1138 superantem.
1323 1063 1544 1118 deitatis
1588 1062 1708 1132 ejus
1735 1074 1858 1130 qute
1900 1066 2140 1113 mentem

570 1170 628 1218 et
672 1176 894 1218 sensum
946 1170 1003 1215 et
1046 1157 1340 1213 essentiam
1403 1164 1460 1209 et
1511 1152 1879 1225 cognitionem
1925 1148 2143 1204 excedit

571 1252 878 1326 symbolum
915 1266 1035 1306 esse
1076 1249 1302 1320 mystice
1330 1245 1785 1309 instituebantur,
1826 1242 1955 1298 inde
1993 1239 2142 1311 quod

573 1361 676 1402 nec
702 1344 940 1414 speciem
966 1343 1083 1413 ejus
1110 1355 1214 1396 nec
1236 1341 1469 1395 formam
1496 1354 1600 1394 nec
1629 1336 1950 1392 Sermonem
1979 1349 2145 1390 carne

572 1436 831 1491 vestitum
880 1448 1214 1504 cognoscere
1259 1440 1482 1502 possent
1523 1445 1592 1485 eo
1640 1428 1861 1484 deducti
1911 1435 1974 1482 ut
2016 1441 2143 1481 eum

574 1526 956 1596 tempestivum
991 1538 1101 1594 prae
1126 1522 1254 1578 (iliis
1284 1521 1570 1576 hominum
1595 1530 1646 1587 ιι,
1675 1527 1733 1574 et
1774 1518 1829 1573 in
1872 1516 2147 1589 principio

570 1635 713 1683 esse,
738 1627 793 1673 et
816 1617 960 1688 apud
1001 1617 1174 1672 Deum
1199 1631 1321 1671 esse
1347 1623 1404 1671 et
1426 1615 1597 1669 Deum
1627 1627 1748 1668 esse
1783 1620 1831 1678 ν,
1875 1610 2148 1681 intellige-

573 1720 713 1775 rent,
745 1720 807 1767 et
836 1711 901 1766 ad
934 1710 1055 1766 Filii
1082 1709 1310 1781 gloriam
1348 1707 1417 1762 de
1456 1707 1618 1762 Patre
1645 1706 1860 1775 plenam
1889 1704 2061 1775 gratia
2088 1712 2148 1758 et

2243 502 2338 566 κὸς
2366 502 2665 557 ἀποθέσθαι
2693 502 2862 572 ζωὴν,
2884 504 2952 573 τῇ
2975 500 3246 571 ὲναλλαγῇ
3278 499 3390 554 τῶν
3418 500 3543 553 κατ’
3565 497 3813 570 αῐσθησιν

2239 593 2533 666 ἐνεργειῶν
2558 594 2625 666 ἢν
2668 594 2866 659 αὐτοὺς
2896 593 2960 649 τὸ
2984 592 3204 664 πνεῦμα
3234 592 3538 664 ἐνήργησε.
3565 591 3815 663 περιελδν

2240 687 2339 758 τῆς
2363 687 2423 740 ὲν
2448 687 2633 750 αὐτοῖς
2646 687 2841 758 νοερᾶς
2863 685 3147 756 δυνάμεως
3162 684 3277 738 τῶν
3303 683 3495 738 παθῶν
3514 683 3586 737 τά
3606 681 3789 753 καλύμ

2240 794 2411 847 ματα,
2444 776 2513 830 δι’
2542 771 2605 832 οὗ
2632 777 3002 849 καθαρθέντες
3045 775 3115 830 τά
3150 775 3253 847 τῆς
3298 775 3482 846 ψυχῆς
3510 776 3607 830 καὶ
3633 774 3812 845 σώμαι

2239 886 2331 934 τος
2363 869 2697 941 αἰσθητήρια
2739 870 2851 923 τῶν
2883 867 3362 940 παραδειχθέντων
3391 868 3583 931 αὐτοῖς
3606 884 3816 938 μυστη-

2243 961 2377 1034 ρίων
2409 962 2540 1026 τοὺς
2564 960 2972 1032 πνευματικοὺς
3005 957 3430 1014 ὲκπαιδεύονται
3457 958 3684 1027 λόγους.
3709 958 3818 1031 τὴν

2244 1052 2343 1123 μὲν
2374 1052 2750 1123 ἀκτινοφανῶς
2783 1051 3174 1122 ἐκλάμπουσαν
3211 1048 3307 1103 τοῦ
3336 1049 3642 1121 προσώπου
3683 1067 3817 1103 mw

2239 1138 2664 1213 616wwafykqv,
2694 1143 2772 1207 ὼς
2821 1144 3003 1198 πᾶσαν
3031 1141 3332 1214 ὀφθαλμῶν
3370 1140 3621 1195 νικιῖισαν
3663 1142 3817 1213 ὲνὲρο

2242 1251 2422 1303 γειαν,
2454 1236 2553 1304 τῆς
2582 1233 2725 1307 ὑπὲρ
2748 1233 2874 1288 νοῦν
2916 1235 3012 1289 καὶ
3057 1231 3313 1306 αἴσθησιν
3355 1232 3454 1287 καὶ
3486 1232 3689 1286 οὐσίαν
3728 1235 3817 1288 καὶ

2243 1327 2445 1397 γνῶσιν
2468 1326 2723 1398 θεότητος
2744 1325 2911 1380 αὐτοῦ
2940 1326 3209 1398 σύμϐολον
3231 1320 3370 1379 εἶναι
3399 1325 3693 1396 μυστικῶς
3714 1325 3815 1379 ιδι-

2242 1419 2522 1483 δάσκοντο,
2548 1417 2659 1471 ἀπὺ
2681 1416 2774 1470 τοῦ
2810 1417 2886 1488 μὴ
2912 1414 3058 1488 ἔχειν
3080 1413 3246 1469 αὐτοῦ
3272 1415 3317 1445 ⁷⁸
3349 1409 3493 1477 εἶδος
3516 1415 3661 1484 μήτε
3691 1411 3817 1466 κάλ-

2244 1511 2335 1575 λος
2370 1510 2467 1564 καὶ
2490 1507 2585 1563 τοῦ
2620 1508 2802 1577 σάρκα
2829 1506 2922 1561 τὸν
2953 1506 3112 1576 λόγον
3133 1504 3503 1576 γεγενημένον
3526 1503 3817 1573 γινώσκειν

2245 1604 2340 1658 ἐπὶ
2370 1602 2463 1656 τὸν
2491 1602 2695 1673 ὡραῖον
2734 1599 2921 1654 κάλλει
2944 1599 3098 1672 παρὰ
3122 1598 3253 1662 τοὺς
3282 1597 3433 1661 υίοὺς
3461 1596 3577 1649 τῶν
3610 1595 3817 1666 ἀνθρὼ-

2248 1714 2367 1751 πων
2402 1695 2497 1749 καὶ
2524 1695 2626 1765 τὴν
2656 1695 2713 1747 ὲν
2753 1694 2895 1765 ἀρχῇ
2928 1692 3093 1746 αὑτὸν
3120 1686 3258 1744 εἶναι
3287 1691 3383 1744 καὶ
3411 1688 3556 1761 πρὸς
3575 1690 3673 1741 τὸν
3694 1688 3818 1741 Θεὸν

575 1802 807 1857 veritate
830 1808 878 1866 ³,
908 1766 1425 1870 ιιῑροιὲυιιίεεηίιί,
1458 1812 1558 1867 per
1594 1766 1955 1867 theologicam
1982 1810 2148 1866 nega-

2252 1783 2389 1842 εἶναι
2419 1786 2516 1840 καλ⁵
2549 1786 2682 1840 Θεὸν
2717 1780 2880 1848 εἶναι,
2919 1783 3130 1838 ἔννοιαν
3170 1781 3707 1855 χειραγωγούμενοι,
3734 1782 3818 1833 καὶ

573 1895 804 1957 tionem,
828 1909 952 1964 quae
971 1908 1096 1949 eum
1120 1892 1382 1947 omnibus
1396 1890 1625 1945 omnino
1651 1886 2147 1959 imperceptibilem

2252 1881 2387 1953 πρὸς
2424 1882 2523 1952 τὴν
2550 1878 2626 1944 ὼς
2657 1876 2994 1948 Μονογενοῦς
3020 1876 3179 1948 Παρά
3204 1874 3412 1949 πατρὸς
3446 1874 3638 1947 πλήρη
3669 1875 3818 1946 χάρι-

571 1986 856 2059 ιιιτειιίοιιι,
898 1985 1148 2057 gnostice
1190 1982 1341 2039 aucti
1388 2001 1403 2036 ε
1441 1980 1703 2037 candidas
1747 1985 1929 2036 autem
1968 1987 2151 2036 vestes

2252 1989 2341 2036 τος
2384 1970 2479 2025 καὶ
2510 1969 2767 2040 ἀληθείας
2819 1967 2977 2036 δόξαν
3025 1966 3115 2022 διὰ
3155 1967 3254 2038 τῆς
3310 1964 3605 2030 παντελῶς
3659 1968 3818 2019 πᾶσιν

574 2054 747 2133 saera:
773 2054 1080 2146 Scriptura:
1101 2073 1378 2130 dictorum
1404 2072 1548 2127 ferre
1576 2070 1910 2143 symbolum,
1942 2078 2004 2124 ut
2030 2084 2151 2140 quae

2252 2062 2534 2133 ἀχὼρητον
2567 2059 2729 2113 αὑτὸν
2758 2055 3106 2129 ἀνυμνούσης
3138 2055 3462 2126 θεολογικῖκ
3494 2054 3816 2124 ἀποφάσεως

501 2185 519 2202 υ
574 2179 690 2224 tum
720 2170 805 2225 eis
839 2176 970 2224 sunt
998 2169 1160 2224 clara:
1185 2176 1242 2223 et
1271 2165 1577 2237 perspicuae
1604 2172 1661 2219 et
1688 2163 1946 2219 dilucida:
1972 2161 2150 2227 factae,

2252 2152 2573 2224 γνωστικῶς
2624 2152 2986 2222 ἀναγόμενον
3024 2150 3092 2204 τὲ
3137 2149 3194 2203 δὲ
3224 2147 3600 2203 λευκανθέντα
3636 2149 3818 2219 ίμάτια

571 2271 629 2318 et
654 2262 803 2317 omni
844 2261 1132 2333 :enigmate
1179 2256 1489 2314 diiiiciliore
1536 2265 1593 2312 ct
1624 2255 1926 2327 symbolica
1958 2254 2151 2309 umbra

2252 2244 2365 2299 τῶν
2413 2246 2675 2316 ῥημάτων
2707 2244 2807 2315 τῆς
2853 2243 3016 2312 ἁγίας
3062 2242 3284 2315 Γραφῆς
3318 2242 3513 2314 φέρειν
3554 2238 3743 2313 (ιῆε
3771 2242 3818 2310 ι)

573 2361 752 2409 exuta:
784 2361 841 2408 et
885 2351 1202 2415 intellectae,
1241 2348 1513 2404 rationem
1548 2346 1864 2417 aperientes
1904 2356 2026 2417 quae
2055 2356 2153 2401 ve-

577 2443 689 2498 lata
726 2443 860 2512 ipsis
891 2442 1118 2506 inesset,
1153 2454 1279 2494 cum
1313 2437 1701 2508 proclivemet
1737 2438 2009 2493 sinceram
2054 2432 2155 2490 Dei

576 2534 949 2605 cognitionem
972 2539 1320 2594 exercerent,
1342 2539 1398 2586 et
1420 2544 1452 2584 a
1475 2528 1661 2584 studio
1682 2529 1867 2584 saeculi
1900 2535 1957 2584 ct
1974 2527 2156 2583 carnis

578 2625 795 2680 liberati
821 2633 1008 2680 essent
1039 2641 1053 2678 :
1084 2623 1168 2678 vel
1209 2622 1376 2679 etiam
1419 2620 1595 2692 ipsius
1643 2619 1983 2676 conditionis
2009 2619 2155 2675 ferre

577 2715 911 2787 symbolum,
957 2722 1082 2784 post
1128 2711 1466 2768 destructum
1505 2710 1810 2777 sordidam,
1840 2726 1963 2781 quae
2007 2710 2155 2765 inte-

581 2805 687 2859 rim
722 2801 1105 2874 repmentari
1156 2802 1212 2856 in
1264 2801 1379 2871 ipsa
1433 2799 1762 2864 videbatur,
1799 2799 2156 2870 deceptorum

579 2896 796 2967 solique
847 2894 1034 2951 sensui
1084 2893 1524 2964 mancipatorum
1563 2891 1902 2962 opinionem,
1936 2906 2036 2961 per
2067 2906 2157 2947 sa-

579 2990 820 3060 pientem
849 2987 1194 3042 diversarum
1230 2984 1542 3056 specierum
1588 2999 1712 3056 quae
1758 2983 1991 3055 implent
2035 2999 2155 3040 eam

2255 2337 2548 2407 σύμϐολον,
2590 2336 2667 2400 ῶς
2701 2335 3006 2408 τηνικαῦτα
3036 2333 3305 2406 λαμπρῶν
3349 2334 3443 2388 καὶ
3475 2334 3700 2405 τρανῶν
3737 2333 3822 2387 καὶ

2256 2431 2443 2499 σαφῶν
2473 2429 2661 2493 αὐτοῖς
2688 2428 3017 2499 γενομένων,
3048 2427 3141 2481 καὶ
3165 2428 3367 2492 παντὸς
3392 2425 3714 2499 γριφώδους
3739 2428 3819 2481 αί-

2255 2521 2516 2594 νίγματος
2543 2522 2638 2576 καὶ
2673 2519 3007 2591 συμϐολικοῦ
3030 2516 3371 2593 σκιάσματος
3397 2521 3573 2593 χωρίς
3599 2519 3816 2591 νοουμέ-

2254 2626 2382 2680 νων,
2428 2614 2524 2672 καὶ
2552 2612 2645 2666 τὸν
2681 2613 2739 2667 ὲν
2768 2611 2958 2676 αὐτοῖς
2998 2611 3130 2668 ὄντα
3174 2629 3235 2667 τε
3281 2614 3377 2666 καλ⁵
3409 2609 3819 2683 καλυπτόμενον

2256 2705 2572 2779 παραδηλού
2582 2724 2719 2760 ντων
2747 2704 2929 2775 λόγον,
2954 2704 3191 2775 ὁπηνίκα
3216 2705 3317 2777 τήν
3334 2721 3396 2758 τε
3423 2702 3582 2759 λείαν
3614 2703 3713 2757 καὶ
3736 2704 3820 2776 ἐρ-

2257 2797 2356 2871 θὴν
2398 2798 2528 2873 περὶ
2579 2796 2717 2853 Θεοῦ
2754 2795 2958 2867 γνῶσιν
3013 2794 3253 2863 ἔλαυνον,
3290 2794 3387 2849 καὶ
3426 2794 3529 2867 τῆς
3568 2794 3711 2865 πρὸς
3739 2793 3817 2847 τὸν

2258 2891 2461 2962 κόσμον
2488 2891 2585 2945 καλ⁵
2608 2888 2709 2961 τὴν
2738 2887 2920 2960 σάρκα
2943 2885 3317 2959 προσπαθείας
3343 2882 3815 2956 ἠλευθερώθησαν·

2259 2983 2293 3056 ἦ
2328 2984 2428 3055 τῆς
2459 2981 2692 3045 κτίσεως
2720 2980 2893 3051 αὐτῆς
2910 2977 3052 3034 κατὰ
3075 2977 3420 3051 περιαίρεσιν
3440 2978 3541 3047 τῆς
3571 2975 3822 3045 δοκούσης

578 3080 921 3144 varietatem,
947 3077 1206 3135 similiter
1232 3091 1296 3132 ne
1323 3072 1520 3142 vestis,
1552 3073 2023 3160 dignitatemgejus
2055 3075 2149 3146 qui

2261 3074 2399 3138 τέως
2432 3071 2795 3143 ἐμφαίνεσθαι
2829 3071 2970 3142 αύτῇ
3000 3069 3111 3124 τῶν
3146 3068 3525 3139 ἠπατημένων
3567 3068 3666 3122 καὶ
3699 3069 3820 3138 μόνῃ

579 3172 812 3227 rationis
863 3168 1253 3241 procreatricis
1301 3177 1481 3240 gestat
1523 3168 1790 3223 virtutem
1837 3156 2152 3223 indicantis.

579 3262 889 3332 Utrumque
935 3261 1084 3318 enim
1128 3258 1341 3315 rationi
1367 3266 1743 3315 consentanee
1787 3266 1874 3313 est
1919 3256 2154 3325 dictum,

578 3354 853 3425 siquidem
884 3353 1050 3409 etiam
1080 3351 1386 3422 utrobique
1426 3350 1562 3405 latet
1603 3347 1980 3414 obscuritate,
2024 3363 2156 3418 pro-

580 3455 702 3515 pter
746 3460 867 3509 nos,
911 3460 980 3499 ne
1017 3444 1099 3499 eis
1144 3457 1266 3514 qua‘
1298 3439 1738 3512 inperceptibilia
1771 3449 1901 3494 sunt
1932 3436 2157 3510 indigne

581 3534 887 3606 impingere
935 3533 1257 3598 audeamus,
1293 3532 1349 3586 in
1395 3540 1569 3587 sacrae
1597 3531 1823 3602 quidem
1862 3530 2159 3601 Scriptum

579 3642 737 3691 voce,
788 3633 850 3680 ut
897 3625 1079 3691 Ratio,
1131 3625 1187 3680 in
1237 3634 1492 3682 creatura
1539 3640 1692 3689 vero,
1727 3631 1790 3679 ut
1839 3631 2059 3679 creator
2100 3630 2158 3679 et

579 3718 758 3776 factor
802 3727 861 3774 et
901 3717 1328 3775 artifex.-Unde
1375 3733 1506 3773 eum
1557 3727 1795 3788 utroque
1844 3714 2159 3771 necessario

580 3807 829 3878 indigere
858 3806 985 3862 dico
1008 3807 1105 3877 qui
1131 3807 1251 3863 sine
1280 3807 1560 3879 vituperio
1585 3808 1655 3863 ad
1682 3808 1856 3864 Deum
1888 3814 2039 3862 recta
2066 3805 2158 3860 via

580 3915 807 3971 pergere
827 3892 1088 3965 voluerit,
1111 3910 1171 3956 et
1189 3899 1489 3971 Scriptum
1510 3900 1567 3955 in
1593 3901 1796 3971 spiritu
1815 3898 2154 3972 cognitione,

577 3998 637 4046 et
668 3992 907 4046 naturali
938 3992 1242 4048 secundum
1276 3992 1538 4062 spiritum
1584 4009 1771 4049 rerum
1814 3993 2156 4064 contempla-

568 4082 733 4146 tione
759 4099 773 4137 ε
805 4082 944 4141 adeo
972 4093 1035 4137 ut
1060 4083 1182 4139 dum
1212 4084 1362 4155 leges
1406 4085 1526 4154 pari
1554 4096 1763 4142 ornata;
1804 4086 2071 4158 dignitate
2097 4091 2157 4141 et

579 4174 831 4228 eamdem
913 4173 1225 4227 doctrinam
1305 4175 1622 4243 tradentes,
1704 4186 1813 4232 tam
1888 4178 2155 4233 naturalis

580 4279 745 4335 quam
789 4264 1019 4333 scripta,
1051 4280 1117 4321 ac
1162 4276 1356 4320 neutra
1387 4267 1640 4337 superior
1669 4268 1842 4324 altera
1870 4277 1968 4323 aut
2010 4268 2154 4324 infe-

583 4358 718 4421 rior,
752 4356 1153 4422 demonstrare,
1185 4366 1244 4411 ut
1271 4372 1370 4428 par
1397 4367 1501 4425 est,
1534 4361 1748 4429 possint
1770 4360 2029 4431 perfecta:
2061 4375 2153 4415 sa-

2257 3167 2511 3238 αἰσθήσει
2549 3163 2995 3236 προσδεδεμένων
3044 3163 3296 3234 ρυπαρᾶς
3342 3160 3702 3234 ὑπολήψεως,
3744 3159 3823 3213 διὰ

2256 3258 2357 3328 τῆς
2394 3254 2502 3309 τῶν
2533 3255 2702 3327 αὐτὴν
2733 3250 3205 3324 συμπληρούντων
3230 3249 3517 3322 διαφόρων
3551 3250 3713 3304 είδῶν
3741 3264 3818 3303 σο-

2258 3348 2367 3417 φῆς
2408 3343 2709 3408 ποικιλίας,
2743 3342 3026 3412 ἀναλόγως
3059 3338 3277 3413 ἱματίου
3309 3340 3517 3410 τρόπον
3544 3339 3648 3411 τὴν
3681 3339 3823 3404 ἀξίαν

2257 3432 2353 3489 τοῦ
2384 3432 2686 3505 φοροῦντος
2719 3434 2822 3504 τὴν
2853 3430 2948 3487 τοῦ
2990 3430 3382 3503 γενεσιουργοῦ
3409 3429 3576 3500 λόγου
3605 3430 3823 3500 δύναμιν

2261 3527 2597 3599 μηνυούσης.
2629 3526 2839 3597 Ἀμφω
2885 3521 2999 3598 γὰρ
3050 3523 3146 3577 ἐπὶ
3180 3523 3277 3579 τοῦ
3308 3523 3470 3592 λόγου
3505 3523 3737 3596 ἁρμόσει
3762 3521 3822 3575 τὰ

2256 3619 2548 3691 λεγόμενα,
2580 3619 2704 3673 ἐπεὶ
2733 3619 2831 3673 καὶ
2853 3617 3060 3689 ἀμφοῖν
3091 3617 3163 3672 δι’
3184 3616 3455 3685 ἀσατρείας
3491 3615 3822 3671 κεκάλυπται

2256 3708 2325 3764 δι’
2353 3710 2503 3781 ἡμᾶς
2523 3708 2771 3772 εἰκότως.
2804 3706 2944 3780 πρὸς
2974 3707 3038 3761 τὸ
3059 3707 3136 3780 μὴ
3163 3705 3366 3776 τολμᾶν
3384 3705 3501 3768 τοῖς
3531 3704 3821 3775 ἀχωρήτοις

2257 3801 2495 3866 ἀναξίως
2520 3798 2903 3872 προσϐάλλειν,
2929 3796 3010 3871 τῷ
3038 3798 3139 3870 μιν
3174 3796 3324 3872 ῥητῷ
3348 3797 3450 3868 τῆς
3490 3798 3659 3868 ἀγξας
3694 3796 3820 3870 Γρα-

2258 3893 2387 3964 φῆς,
2421 3892 2500 3956 ὡς
2537 3891 2720 3961 λόγος.
2767 3892 2836 3963 τῇ
2869 3890 2929 3946 δὲ
2957 3891 3160 3959 κτίσει,
3192 3890 3269 3954 ὡς
3290 3890 3519 3963 κτίστης
3550 3893 3648 3945 καῖ
3674 3907 3817 3960 mu}.

2255 3985 2357 4059 τὴς
2380 3985 2477 4041 καὶ
2513 3983 2786 4057 τεχνίτης.
2822 3983 2986 4040 Ὅθεν
3010 3983 3327 4055 ἀναγκαίως
3352 3983 3687 4056 ἀμφοτέρων
3710 3983 3819 4036 ἔπι·

2254 4077 2464 4132 δεῖσθαί
2501 4096 2646 4150 φημι
2673 4079 2766 4133 τὸν
2792 4075 2937 4149 ’πρὸς
2980 4076 3117 4132 Θεὸν
3163 4074 3473 4147 ἀμέμπτως
3514 4075 3819 4144 εὐθυπορεῖν

2258 4168 2612 4241 βουλόμενον,
2648 4168 2751 4239 τῆς
2778 4186 2842 4223 τε
2867 4168 3148 4240 γραφικῆς
3171 4170 3228 4222 ὲν
3259 4166 3537 4240 πνεύματι
3563 4164 3816 4237 γνώσεως,

2257 4260 2354 4314 καὶ
2409 4260 2513 4331 τῆς
2552 4258 2661 4313 τῶν
2718 4258 2888 4313 ὄντων
2937 4258 3081 4312 κατά
3134 4252 3357 4328 πνεῦμα
3407 4255 3651 4327 φυσικῆς
3696 4253 3817 4307 θεω-

2259 4353 2407 4426 ρίας·
2441 4353 2585 4407 ὥστε
2638 4352 2919 4423 ίσοτίμους
2973 4351 3068 4406 καὶ
3106 4348 3176 4404 τά
3225 4348 3368 4403 αύτά
3417 4347 3673 4418 ἀλλήλοις
3713 4362 3819 4399 ramo

582 4446 802 4518 pientize
836 4457 1136 4503 amatorem
1168 4447 1287 4504 ﬁeri
1316 4464 1443 4505 eum
1472 4451 1567 4522 qui
1600 4452 1884 4520 sapientiae
1908 4451 2151 4523 perfecte

2263 4447 2525 4512 δεύοντας
2559 4447 2687 4510 τοὺς
2720 4443 2816 4499 δύο
2845 4445 3077 4516 νόμους,
3113 4444 3204 4498 τόν
3252 4459 3312 4496 τε
3358 4440 3593 4512 φυσικὸν
3627 4441 3716 4496 καὶ
3735 4439 3816 4492 τὸν

581 4537 948 4610 concupierit.

584 4910 971 4981 Contemplatio
995 4908 1259 4964 naturalia
1292 4918 1343 4964 et
1373 4912 1560 4979 scripti
1599 4913 1727 4985 legis
1762 4928 2046 4987 eorumque
2070 4930 2155 4971 ae-

824 5002 1053 5057 ctmdum
1077 5016 1269 5058 neum
1288 5003 1427 5058 inter
1446 5020 1503 5059 se
1529 5006 1902 5077 congruentite.

654 5200 908 5271 Intelligo
932 5212 1099 5254 unam
1123 5198 1350 5269 quidem
1373 5198 1548 5270 legem
1576 5198 1920 5269 aequabiliter
1940 5213 2063 5255 sese
2089 5200 2156 5255 ad

599 5290 857 5347 rationem
881 5304 1045 5361 quam
1081 5291 1315 5346 maxime
1345 5297 1525 5361 potest
1553 5289 1882 5362 dirigentem
1907 5306 2008 5362 per
2037 5305 2157 5362 spe:

611 5382 806 5443 facula
855 5381 913 5436 in
955 5395 1023 5437 eo
1066 5382 1244 5448 unita,
1289 5395 1414 5437 cum
1466 5391 1861 5454 congruentem
1913 5383 2158 5440 universi

586 5496 595 5513 '
664 5514 1093 5579 npsat.xm,a.
1170 5514 1515 5582 'Joan.r,l.
1594 5516 1896 5573 xibid.u.

2260 4541 2530 4614 γραπτὸν,
2583 4541 2680 4594 καὶ
2732 4539 3032 4610 μηδέτερον
3073 4537 3307 4610 θατέρου
3346 4535 3545 4607 ἔχοντα
3584 4533 3738 4588 πλέον
3779 4529 3809 4601 ἢ

2257 4635 2504 4699 ἔλαττον,
2537 4631 2804 4688 δύνασθαι
2858 4631 3069 4697 δεῖξαι,
3126 4630 3203 4696 ὡς
3254 4626 3427 4693 είκδς,
3478 4626 3575 4681 τὸν
3618 4623 3813 4686 τελείας

2258 4725 2499 4798 ἐραστὴν
2531 4722 2789 4794 γενέσθαι
2816 4721 2919 4793 τῆς
2964 4720 3160 4792 σοφίας
3188 4718 3397 4774 τέλειον
3435 4712 3809 4788 ἐπιθυμοῦντα.

2182 4848 2255 4863 ﬂ

2261 4903 2452 4979 (ιω
2490 4904 2545 4975 ο)
2578 4900 2798 4969 Θεωρία
2838 4898 2946 4955 τοῦ
2986 4914 3055 4953 τε
3088 4894 3357 4967 φυσικοῦ
3399 4892 3499 4947 καί
3538 4890 3645 4946 τοῦ
3690 4900 3813 4959 τρο-

2332 4997 2488 5053 πτοῦ
2526 4997 2738 5066 νόμον,
2774 4993 2873 5049 καί
2914 4989 3023 5060 τῆς
3068 4988 3270 5046 αὐτῶν
3306 4987 3435 5042 κατ’
3480 4980 3814 5053 ἐπαινετὴν

2333 5095 2419 5159 εις
2449 5089 2769 5157 ἀλλήλους
2802 5080 3172 5154 συνδρομῆς.

2334 5201 2465 5257 Νοῶ
2487 5203 2536 5234 ⁷⁸
2563 5201 2657 5254 τδν
2705 5199 2807 5271 μὲν
2837 5196 3059 5269 ὁμαλῶς
3101 5195 3187 5248 ὅτι
3229 5193 3470 5265 μάλιστα
3496 5189 3635 5244 κατά
3672 5185 3808 5254 λόγον

2264 5293 2682 5366 διευθυνόμενον
2724 5291 2814 5346 διὰ
2844 5290 2952 5345 τῶν
2982 5290 3041 5343 ἑν
3070 5286 3223 5360 αύτῷ
3253 5284 3521 5358 συμφυῶν
3547 5279 3807 5350 θεαμάτων

2271 5383 2457 5456 βίβλου
2491 5385 2696 5457 τρόπον
2738 5381 2801 5438 τδ
2848 5380 3172 5455 ἐναρμόνιον
3219 5377 3315 5435 τοῦ
3364 5376 3565 5440 παντὸς
3605 5373 3808 5443 ὕφασμα

1874 5635 2114 5695 VARIA!
2154 5636 2557 5697 LECTIONES.

657 5720 704 5755 τ’
750 5720 912 5776 αὐτὸν
958 5721 1082 5779 cod.
1111 5721 1253 5778 Gud.
1329 5724 1374 5759 "
1400 5724 1786 5796 Apographum
1815 5726 1911 5800 τῷ.
