4014 6284
188 262 337 330 1129

1431 263 1667 325 AMBIG
1677 264 1951 327 UORUM
1990 270 2238 332 LIBER.

3308 271 3473 361 nas

183 381 408 449 ἔχοντα,
460 378 767 449 γράμματα
819 377 919 447 μὲν
972 374 1068 430 καὶ
1103 373 1372 438 συλλαϐὰς
1418 372 1671 445 ἐχούσης,
1698 372 1757 461 τό

1872 384 2148 433 texturam
2197 379 2397 436 habeat
2445 381 2513 437 ad
2564 381 2692 439 libri
2725 383 2918 448 instar,
2948 384 3043 456 qui
3085 385 3301 445 litteras
3330 392 3445 461 pri-

184 466 507 537 πρὸςὴμᾶς
567 465 781 537 πρῶτα,
831 463 1074 535 προσεχῆ
1133 478 1193 516 τε
1238 462 1333 515 καὶ
1378 462 1620 532 μερικὰ,
1674 460 1768 515 καὶ

179 558 417 622 πολλαῖς
444 557 798 627 παχυνόμενα
822 556 963 612 κατὰ
989 555 1207 611 σύνοδον
1234 555 1485 624 ποιότησι
1516 553 1765 625 σώματα,

179 651 417 720 ῥήματα
460 650 542 713 δὲ,
582 648 650 702 τά
705 648 912 702 τούτων
966 645 1415 716 καθολικώτερα,
1483 646 1673 717 nepam
1708 633 1791 719 re.

175 735 320 799 ὄντα
350 746 447 798 καὶ
473 743 797 812 λεπτότερα,
827 743 884 807 ἐξ
928 736 1002 796 ὧν
1035 740 1216 809 σοφῶς
1247 740 1276 791 ό
1305 738 1645 810 διαχαράξας
1671 736 1768 791 καὶ

179 836 449 908 ἀρρήτως
478 835 662 898 αὐτοῖς
698 832 1178 904 ἐγκεχαραγμένας
1209 831 1365 901 λόγος
1390 828 1766 898 ἀναγινωσκό-

183 942 353 995 μενος
401 925 788 998 ἁπαρτίζεται,
844 923 943 995 τὴν
993 925 1073 977 ὅτι
1127 922 1289 993 μόνον
1327 923 1501 987 ἐστιν,
1549 921 1654 992 οὐχ
1681 921 1763 974 ὅτι

181 1018 323 1072 ποτὲ
345 1017 407 1071 δέ
439 1018 587 1071 ἐστιν
609 1017 828 1071 οίανοῠν
861 1015 1239 1087 παρεχόμενος
1270 1013 1504 1078 ἔννοιαν,
1543 1013 1638 1066 καλ⁸
1678 1012 1767 1066 διὰ

178 1111 284 1181 τῆς
324 1109 588 1174 εὐσεϐοῦς
632 1109 742 1163 τῶν
793 1108 1071 1179 διαφόρων
1127 1105 1443 1177 φαντασιῶν
1497 1102 1766 1173 συλλογῆς

177 1204 266 1267 εἰς
323 1202 456 1273 μίαν
499 1200 592 1255 τοῦ
637 1200 872 1271 ἀληθοῦς
908 1199 1165 1253 εἰκασίαν
1198 1197 1412 1267 ὲνάγων
1435 1236 1452 1261 ,
1482 1194 1763 1263 ἀναλόγως

176 1294 381 1349 ἑαυτὸν
414 1293 503 1352 διὰ
531 1293 642 1347 τῶν
675 1292 885 1364 ὁρατῶν
936 1291 1011 1355 ὡς
1042 1288 1427 1361 γενεσιουργὸς
1470 1284 1762 1358 ἐνορᾶσθαι

172 1386 385 1451 διδούςο
423 1387 513 1440 τὸν
546 1385 605 1443 δὲ
638 1386 873 1457 μαθήσει
896 1382 1360 1457 κατορθούμενον,
1405 1380 1495 1434 διὰ
1525 1379 1634 1433 τῶν
1663 1380 1763 1433 αὖ,

173 1478 259 1547 τῷ
302 1477 484 1546 σοφῶς
519 1477 984 1549 ὑπηγορευμένων
1029 1473 1218 1545 ὥσπερ
1264 1473 1469 1543 κόσμον
1509 1470 1668 1531 ἄλλον
1703 1469 1763 1535 ἐξ

172 1571 421 1642 ούρανοῦ
458 1572 555 1624 καὶ
586 1573 688 1643 γῆς
716 1572 811 1625 καὶ
839 1569 949 1623 τῶν
974 1571 1031 1622 ὲν
1065 1568 1234 1640 μέσῳ,
1268 1569 1367 1639 τῆς
1388 1564 1585 1637 ἠθικῆς
1617 1583 1760 1637 φημι

174 1665 277 1721 καὶ
304 1662 563 1737 φυσικῆς
592 1662 687 1715 καὶ
733 1659 1051 1731 θεολογικῆς
1081 1658 1403 1729 φιλοσοφίας
1432 1659 1760 1728 συνιστάμε-

174 1772 293 1817 νον,
328 1753 433 1825 τὴν
471 1754 680 1829 ἄφατον
722 1753 1100 1829 καταμηνύειν
1140 1751 1234 1813 τοῦ
1281 1750 1759 1823 ὑπαγορεύσαντός
1793 1738 1834 1792 Β

172 1844 437 1915 δύναμιν,
464 1844 559 1898 καὶ
586 1843 781 1898 ταύτὸν
814 1842 1065 1915 ἀλλήλοις
1096 1843 1217 1897 κατ’
1254 1841 1565 1914 ἐπαλλαγὴν
1598 1841 1758 1904 ὁντας

170 1936 498 1992 δεικνύοντα
527 1937 617 1991 τὸν
653 1937 752 2007 μὲν
791 1937 1038 2009 γραπτὸν
1087 1934 1163 2007 τῷ
1216 1934 1434 2005 φυσ;κῷ
1479 1935 1618 1988 κατὰ
1660 1935 1760 2007 τὴν

170 2031 437 2099 δύναμιν,
467 2030 556 2085 τὸν
588 2029 644 2082 δὲ
687 2030 914 2099 φυσικὸν
964 2028 1203 2098 ἔμπαλιν
1243 2026 1320 2099 τῷ
1351 2026 1582 2103 γραπτῴ
1616 2026 1758 2083 κατὰ

169 2124 278 2195 τὴν
305 2123 441 2188 ἕξιν,
473 2123 567 2176 καὶ
596 2122 686 2175 τὸν
725 2122 887 2181 αὑτὸν
921 2121 1228 2193 μηνύοντας
1257 2121 1350 2179 καὶ
1384 2119 1759 2184 καλύπτοντας

170 2215 361 2286 λόγον,
389 2216 485 2269 τὸν
517 2216 614 2287 μὲν
653 2218 719 2287 τῇ
746 2213 889 2282 λέξει
924 2216 1018 2268 καὶ
1039 2214 1117 2286 τῷ
1148 2213 1483 2284 φαινομένῳ,
1514 2214 1576 2267 τὸ
1602 2212 1657 2267 δὲ
1689 2215 1755 2285 τῇ

170 2309 364 2381 νοήσει
390 2310 486 2363 καὶ
515 2307 592 2379 τῷ
623 2306 1005 2380 κρυπτομένῳ.
1052 2306 1137 2368 Ὠς
1159 2306 1269 2378 γάρ
1298 2304 1399 2374 τῆς
1426 2303 1586 2373 ἁγίας
1617 2303 1759 2375 Γρα-

171 2403 289 2474 φῆς
323 2400 399 2456 τὰ
450 2401 550 2473 μὲν
582 2401 807 2477 ῥήματα
859 2399 1060 2470 ἱμάτια
1091 2397 1279 2479 (146
1304 2398 1355 2467 b)
1387 2397 1659 2464 λέγοντες,
1689 2395 1759 2451 τά

168 2498 228 2550 δὲ
279 2498 530 2567 νοήματα
578 2494 791 2566 σάρκας
844 2492 939 2548 τοῦ
977 2492 1139 2559 λόγου
1191 2490 1459 2555 νοοῦντες,
1501 2492 1615 2555 τοῖς
1656 2488 1758 2562 μὲν

168 2588 552 2659 καλύπτομιν,
587 2590 700 2652 τοῖς
722 2587 780 2641 δὲ
807 2584 1300 2653 άποκαλύπτομεν,
1333 2581 1477 2637 οὕτω
1523 2583 1618 2636 καὶ
1646 2582 1757 2635 τῶν

169 2681 483 2751 γεγονότων
525 2680 595 2734 τὰ
632 2679 769 2751 πρὸς
815 2678 877 2732 τὸ
916 2677 1149 2750 ὁρᾶσθαι
1184 2674 1607 2749 προϐεϐλημινα
1636 2674 1755 2744 είδη

168 2790 232 2826 τε
278 2773 377 2828 καὶ
408 2771 667 2845 σχήματα
712 2769 905 2842 ἱμάτια
949 2768 1223 2838 λέγοντες,
1253 2763 1383 2832 ’τοὺς
1422 2768 1479 2821 δὲ
1508 2766 1630 2821 καθ’
1662 2764 1757 2830 οὓς

170 2865 426 2918 ἔκτισται
455 2863 629 2919 ταῦτα
678 2862 871 2934 λόγους
911 2863 1125 2935 σάρκας
1173 2861 1452 2925 νοοῦντας,
1495 2858 1756 2923 ὡσαύτως

169 2959 287 3019 τοῖς
318 2955 421 3025 μὲν
459 2954 828 3025 καλύπτομεν,
858 2957 974 3019 τοῖς
1004 2955 1061 3008 δὲ
1083 2952 1570 3023 ἀποκαλύπτωμεν.
1600 2950 1752 3023 Κρύ-

1874 485 2023 525 ηιυιη
2054 481 2110 525 et
2150 473 2386 542 syllabas
2416 473 2602 541 habet,
2630 491 2753 545 qua:
2774 477 2951 546 prima
2980 479 3142 534 nobis
3173 482 3446 543 elementa

1873 570 2025 627 sunt,
2063 564 2310 633 proxima
2352 575 2517 636 atque
2550 568 2925 636 particularia,
2954 579 3012 626 ct
3044 573 3232 630 multis
3263 579 3446 647 quali-

1875 653 2078 709 tatibus
2121 672 2221 730 per
2263 660 2745 730 congregationem
2775 671 3155 734 coagmentata
3185 681 3444 737 corpora,

1872 746 2037 801 verba
2066 747 2288 814 deinde.
2326 749 2417 807 his
2459 753 2824 821 generaliora,
2860 769 2984 824 quae
3028 759 3200 828 magis
3240 761 3449 825 distant

1869 846 1926 893 et
1972 840 2260 911 subtiliora
2305 853 2457 909 sunt,
2512 845 2659 900 unde
2707 846 2987 917 sapienter
3024 848 3349 909 describens
3389 865 3446 910 et

1871 930 2226 988 inclfabiliter
2252 935 2334 991 eis
2366 936 2629 1008 inscripta
2676 940 2817 996 ratio
2852 940 2939 997 vel
2983 956 3166 999 sermo
3213 945 3445 1017 legendo

1868 1034 2306 1092 consummatur,
2336 1028 2483 1098 quod
2516 1031 2863 1088 solummodo
2883 1041 2989 1099 est,
3012 1049 3123 1089 non
3152 1051 3287 1091 vero
3310 1038 3442 1108 quid

1870 1115 2091 1177 tandem
2122 1117 2194 1176 sit
2217 1126 2497 1190 utcunque
2521 1121 2857 1191 signiﬁcans,
2889 1133 2947 1179 et
2968 1140 3069 1197 per
3095 1127 3242 1197 piam
3270 1130 3445 1190 varia,

1869 1221 1991 1260 rum
2025 1207 2325 1278 imaginum
2372 1210 2756 1273 collectionem
2792 1214 2849 1272 in
2884 1231 3048 1272 unam
3084 1220 3200 1273 veri
3231 1219 3443 1279 delibe-

1867 1297 2134 1353 rationem
2172 1299 2550 1369 introducens,
2585 1305 2982 1363 convenienter
3020 1324 3141 1365 sese
3177 1327 3276 1383 per
3312 1315 3444 1376 visi-

1866 1386 2000 1441 bilia
2045 1396 2302 1459 tanquam
2347 1407 2755 1461 procreatorem
2800 1399 3256 1469 conspiciendum
3302 1406 3442 1468 effe.

1865 1492 1995 1534 rens
2042 1480 2316 1536 :alteram
2364 1496 2553 1541 contra
2602 1501 2723 1557 quae
2778 1488 3030 1547 doctrina
3084 1495 3325 1567 regitur,
3375 1500 3443 1559 iis

1863 1586 1987 1641 quae
2018 1587 2114 1642 per
2144 1573 2316 1645 ipsam
2364 1578 2665 1646 prudenter
2698 1580 3068 1651 declarantur,
3100 1588 3272 1652 veluti
3302 1592 3439 1653 alte-

1864 1679 1987 1719 rum
2034 1667 2299 1724 mundum
2345 1686 2410 1725 ex
2441 1672 2583 1727 cmlo
2624 1680 2682 1727 et
2724 1682 2866 1731 terra
2899 1686 2955 1731 et
2985 1677 3068 1733 eis
3097 1696 3221 1750 qua:
3260 1684 3441 1749 media

1862 1766 2013 1821 sunt,
2041 1774 2109 1813 cs
2136 1760 2355 1826 morali,
2389 1762 2635 1834 inquam,
2675 1774 2733 1821 et
2774 1770 3011 1826 naturali
3048 1780 3107 1827 et
3136 1774 3440 1849 theologica

1862 1848 2243 1921 philosophia,
2309 1856 2673 1925 compositum
2736 1859 3071 1920 ineffabilem
3132 1848 3440 1937 patefacere

1861 1947 1982 2015 ejus
2007 1948 2102 2018 qui
2133 1948 2431 2007 declaravit
2458 1954 2742 2022 virtutem,
2777 1966 2834 2013 et
2868 1959 3067 2018 docere
3108 1979 3210 2035 pro
3246 1978 3440 2031 ιιιιιιιιο

1864 2036 2029 2102 inter,
2059 2055 2117 2095 se
2153 2056 2296 2097 nexu
2322 2058 2425 2098 nec
2445 2044 2648 2101 distare
2677 2048 2939 2119 scriptam
2972 2053 3146 2125 legem
3175 2056 3246 2113 ab
3273 2068 3438 2116 natur

1862 2131 1986 2196 rali,
2018 2133 2199 2202 quoad
2244 2134 2581 2204 facultatem,
2613 2156 2792 2210 neque
2839 2146 3146 2203 naturalem
3183 2166 3379 2207 rursus
3406 2168 3438 2217 ι

1861 2222 2087 2311 scripta,
2119 2224 2297 2293 quoad
2328 2225 2597 2293 habitum,
2621 2230 2720 2287 sed
2748 2232 2939 2290 ambas
2962 2238 3210 2293 eamdem
3232 2250 3290 2296 et
3310 2258 3439 2311 pro.

1860 2310 1993 2367 dere
2022 2319 2077 2367 et
2108 2313 2293 2370 velare
2330 2316 2622 2385 rationem,
2655 2335 2819 2376 unam
2851 2322 3073 2392 quidem
3104 2310 3355 2386 oratione
3379 2341 3439 2393 et

1859 2418 1927 2462 eo
1955 2404 2101 2474 quod
2132 2405 2342 2477 pateﬁt,
2374 2408 2603 2469 alteram
2649 2411 2933 2471 intellectu
2966 2424 3021 2471 et
3056 2433 3125 2474 eo
3167 2421 3315 2490 quod
3340 2438 3437 2485 ve.

1858 2496 2025 2551 latur;
2058 2495 2532 2563 Quemadmodum
2561 2503 2709 2557 enim
2743 2519 2914 2567 sacra:
2948 2507 3245 2580 Scriptum
3288 2514 3436 2579 dicta

1858 2582 2082 2651 quidem
2121 2586 2448 2642 vestimenta
2481 2588 2749 2657 dicentes,
2794 2600 3097 2655 sententias
3138 2611 3322 2659 autem
3350 2621 3439 2665 re.

1859 2674 2026 2735 tionis
2069 2692 2263 2733 carnes
2308 2680 2694 2752 intelligentes,
2741 2687 2849 2743 illis
2890 2692 3113 2760 quidem
3166 2697 3436 2763 velamus,

1856 2766 1945 2822 his
1968 2770 2297 2837 revelamus,
2323 2772 2395 2827 ita
2418 2774 2584 2833 etiam
2612 2792 2806 2838 eorum
2835 2796 2958 2850 qua;
2981 2783 3123 2842 facta
3150 2799 3281 2845 sunt
3305 2806 3439 2855 con.

1856 2862 2068 2930 spectui
2113 2863 2358 2935 objectas
2402 2866 2615 2936 species
2652 2879 2709 2925 et
2755 2870 2962 2928 formas
2988 2877 3318 2936 vestimenta
3347 2882 3434 2939 di.

1854 2963 2064 3021 centes,
2088 2956 2330 3013 rationes
2349 2967 2539 3018 contra
2561 2962 2863 3020 secundum
2893 2982 3032 3037 quas
3054 2970 3277 3033 condita
3302 2984 3436 3037 sunt

169 3063 371 3108 πτεται
405 3045 513 3117 γὰρ
552 3045 874 3121 φαινόμενος
898 3045 927 3098 ό
950 3043 1044 3103 τοῦ
1078 3043 1278 3114 παντὸς
1306 3041 1633 3113 δημιουργὸς
1660 3039 1755 3102 καὶ

1859 3060 2052 3102 carnes
2095 3047 2483 3119 intelligentes,
2518 3052 2748 3121 perinde
2780 3055 2889 3115 illis
2922 3058 3185 3126 velamus,
3231 3063 3318 3125 his
3343 3081 3433 3125 re.

170 3138 473 3210 νομοθέτης
497 3138 674 3208 λόγος,
703 3137 847 3193 κατὰ
880 3137 1042 3207 φύσιν
1081 3136 1342 3208 ὑπάρχων
1373 3136 1629 3208 ἀόρατος,
1659 3136 1755 3189 καὶ

1859 3137 2125 3194 velamus.
2157 3138 2314 3195 Latet
2344 3142 2493 3197 enim
2528 3142 2661 3197 dum
2704 3157 2934 3217 apparet
2972 3150 3214 3209 universi
3243 3155 3434 3217 condi.

170 3233 495 3301 ἑκφαίνεται
522 3232 924 3302 κρυπτόμενος,
964 3230 1039 3301 μὴ
1068 3229 1264 3294 λεπτὸς
1290 3223 1432 3283 εἶναι
1462 3230 1623 3299 φύσει
1641 3232 1755 3292 τοῖς

171 3328 363 3395 σοφοῖς
395 3326 804 3394 πιστευόμενος.
850 3324 953 3395 Εῖη
981 3323 1039 3376 δὲ
1072 3325 1204 3395 ἡμῖν
1239 3322 1402 3377 τοῦτο
1433 3322 1502 3376 δι’
1534 3321 1750 3392 ἁποφάτ

172 3436 310 3483 saw;
338 3417 620 3488 ἐκφαίνειν
666 3415 1070 3487 κρυπτόμενον,
1103 3416 1200 3469 καὶ
1242 3416 1423 3468 πᾶσαν
1454 3414 1751 3485 σχημάτων

168 3526 225 3563 τε
258 3512 359 3564 καὶ
405 3509 744 3581 αἰνιγμάτων
770 3508 834 3571 τὸ
874 3507 1077 3579 ἀληθὲς
1114 3505 1492 3571 εἰκονίζουσαν
1518 3505 1752 3576 δύναμιν

169 3602 465 3674 παρελθεῖν
499 3602 699 3673 μᾶλλον
728 3601 825 3655 καὶ
848 3599 985 3672 πρὸς
1014 3598 1178 3654 αὑτὸν
1205 3599 1297 3656 τὸν
1328 3599 1487 3669 λόγον
1524 3598 1633 3653 άπὺ
1654 3597 1750 3652 τοῦ

168 3694 501 3767 γράμματος
526 3693 620 3748 καὶ
647 3691 756 3745 τῶν
785 3690 1132 3762 φαινομένων
1162 3690 1307 3744 κατὰ
1327 3690 1427 3762 τὴν
1462 3689 1555 3743 τοῦ
1590 3688 1754 3744 πνεύ-

172 3800 344 3856 ματος
372 3783 598 3854 δύναμιν
628 3783 882 3854 ἀρρήτως
898 3779 1345 3846 ἀναϐιϐάζεσθαι,
1372 3781 1404 3851 ἢ
1430 3779 1589 3833 τοῦτο
1624 3796 1751 3849 φαι-

169 3877 401 3945 νόμενον
419 3874 681 3946 κρύπτειν
700 3873 787 3936 διὰ
813 3872 914 3946 τῆς
939 3871 1142 3946 θέσεως
1163 3871 1430 3948 γίνεσθαι,
1448 3871 1536 3925 ἵνα
1556 3870 1633 3943 μὴ
1655 3870 1753 3933 καὶ

170 3969 332 4044 ⁷ἡμεῖς
374 3966 630 4034 φονευταὶ
673 3963 767 4017 τοῦ
795 3962 953 4032 λόγου
998 3961 1285 4033 γενόμενοι
1322 3960 1647 4033 Ἑλληνικῶς
1682 3962 1750 4032 τῇ

170 4058 350 4111 κτίσει
376 4056 764 4128 λατρεύσωμεν
785 4054 937 4127 παρὰ
956 4055 1047 4108 τὸν
1084 4053 1370 4117 κτίσαντα,
1408 4054 1577 4125 μηδὲν
1610 4052 1751 4107 ἀνώ-

169 4169 329 4224 τερον
360 4151 471 4205 τῶν
519 4151 810 4220 ὁρωμένων
838 4143 981 4205 εἶναι
1014 4146 1365 4212 πιστεύοντες
1395 4148 1490 4200 καὶ
1519 4146 1629 4201 τῶν
1662 4146 1745 4201 al—

173 4242 388 4314 σ’νητῶν
409 4240 1057 4313 μεγαλοπρεπέστερον,ἢ
1082 4241 1243 4311 μέχρι
1270 4240 1431 4311 μόνου
1456 4238 1548 4301 τοῦ
1572 4239 1753 4312 γράμ-

174 4352 342 4406 ματος
364 4333 745 4397 διαὸλέποντες
781 4332 841 4386 τὸ
866 4333 1028 4404 σῶμα
1058 4332 1220 4402 μόνον
1257 4332 1568 4396 Ἰουδαϊκῶς
1615 4332 1748 4410 περὶ

1859 3239 1946 3286 tor
1976 3238 2032 3287 et
2061 3231 2341 3302 legislator
2370 3234 2530 3298 ratio,
2563 3249 2629 3291 ex
2662 3246 2857 3292 natura
2903 3239 3214 3311 invisibilis,
3248 3256 3305 3302 et
3334 3263 3433 3318 ap.

1857 3331 2009 3390 paret
2052 3322 2183 3377 dum
2224 3323 2380 3387 latet,
2413 3341 2577 3394 quem
2626 3326 2773 3386 haud
2821 3337 3040 3387 tenuem
3071 3348 3192 3391 esse
3235 3348 3431 3403 natura

1855 3414 2131 3484 sapientes
2164 3430 2265 3485 pro
2294 3425 2447 3471 certo
2480 3416 2739 3473 habeant.
2776 3418 2882 3475 Sed
2928 3421 3093 3483 liceat
3135 3426 3295 3483 nobis
3325 3428 3431 3485 hoc

1854 3521 1955 3577 per
1997 3507 2342 3578 negationem
2386 3510 2740 3571 manifestare
2783 3513 3057 3570 occultum
3088 3517 3430 3583 universam’

1853 3614 1962 3668 que
1994 3598 2289 3669 figurarum
2333 3608 2390 3654 et
2425 3600 2775 3671 aenigmatum
2820 3602 3135 3669 facultatem
3181 3611 3431 3675 veritatis

1854 3690 2205 3745 imitatricem
2249 3692 2606 3762 przetergredi
2644 3693 2847 3763 potius,
2876 3705 2935 3753 et
2958 3697 3025 3751 ad
3057 3698 3227 3768 ipsam
3260 3706 3429 3763 ratio.

1853 3797 1978 3837 nem
2013 3799 2044 3837 a
2076 3782 2257 3838 littera
2282 3791 2339 3837 et
2379 3785 2773 3853 apparentibus
2810 3802 2910 3856 per
2935 3788 3164 3858 spiritus
3191 3802 3432 3863 potestas»

1853 3883 1962 3928 tem
1996 3873 2351 3937 inea‘abiliter
2372 3889 2591 3935 sursum
2624 3874 2806 3939 evehi,
2836 3892 3001 3946 quam
3030 3878 3133 3941 hac
3164 3882 3311 3960 quod
3335 3900 3433 3963 ap.

1854 3975 2009 4036 paret
2035 3981 2134 4041 per
2160 3965 2490 4035 positionem
2518 3965 2635 4021 ﬁeri
2662 3967 2960 4034 occultare,
2990 3985 3060 4033 ne
3086 3987 3187 4036 nos
3209 3988 3431 4045 quoque

1855 4057 2082 4115 rationis
2113 4055 2495 4118 interfectores
2522 4057 2651 4112 facti
2693 4059 2973 4129 gentiliter
3000 4072 3310 4127 creaturam
3338 4083 3431 4123 (ιο,

1853 4151 2029 4206 lamus
2064 4165 2177 4219 prae
2206 4148 2489 4216 Creatore,
2532 4150 2671 4213 nihil
2704 4150 2787 4213 eis
2815 4167 2939 4223 quin
2967 4154 3144 4211 oculis
3172 4157 3431 4215 videntur

1852 4258 2040 4314 quaeve
2088 4242 2344 4299 sensibus
2392 4242 2778 4312 percipiuntur
2821 4244 3263 4315 magniﬁcentius
3306 4264 3432 4306 esse

1852 4334 2122 4405 persuasi,
2150 4344 2247 4397 aut
2273 4335 2413 4398 ultra
2455 4334 2695 4396 litteram
2726 4350 2835 4390 non
2862 4337 3268 4412 prospicientes
3309 4357 3433 4398 cor-2

173 4425 371 4480 πολλοῦ
405 4424 782 4497 ποιησώμεθα,
806 4423 906 4496 τὴν
934 4425 1143 4479 κοιλίαν
1175 4424 1616 4496 θεοποιήσαντες,
1654 4424 1750 4483 καὶ

1859 4440 1957 4494 pus
1983 4426 2159 4481 solum
2185 4424 2252 4480 ad
2277 4424 2591 4487 Iudaeorum
2626 4425 2851 4482 modum
2885 4428 3110 4499 plurimi
3142 4431 3427 4503 faciamus,

172 4519 270 4589 τὴν
302 4516 570 4587 αἰσχύνην
596 4515 939 4593 ἡγησάμενοι
968 4514 1150 4592 δόξαν,
1182 4516 1272 4570 τὸν
1303 4516 1466 4570 αὐτὸν
1496 4518 1607 4580 τοῖς
1639 4513 1754 4568 θεο-

173 4612 386 4675 κτόνοις
413 4609 617 4680 κλῆρον
651 4607 1111 4680 ἁπενεγκώμεθα,
1144 4609 1220 4674 ὡς
1243 4610 1334 4663 τὸν
1363 4608 1487 4664 καθ’
1508 4610 1656 4680 ἡμᾶς
1681 4608 1751 4663 δι’

172 4706 319 4775 ἡμᾶς
356 4702 493 4776 πρὸς
528 4702 673 4772 ἡμᾶς
706 4701 998 4771 γενόμενον
1030 4702 1121 4756 διὰ
1149 4702 1403 4772 σώματος
1431 4702 1528 4763 καὶ
1555 4700 1751 4755 συλλαε-

174 4797 293 4858 δαῖς
348 4797 444 4855 καὶ
492 4796 786 4864 γράμμασι
851 4793 1168 4865 παχνθέντα
1218 4794 1308 4857 διὰ.
1336 4794 1436 4871 τὴν
1466 4793 1746 4869 αἰσθησιν,

174 4887 357 4960 (167
404 4886 460 4956 α)
511 4885 640 4955 ὃλην
677 4885 774 4939 τοῦ
835 4887 895 4939 ὲν
942 4887 1075 4957 ἡμῖν
1116 4886 1304 4958 νοεροῦ
1358 4887 1458 4958 τὴν
1513 4888 1747 4959 δύναμιν

173 4981 306 5049 πρὸς
328 4975 531 5047 ἑαυτὴν
561 4975 940 5040 ὲπικλίνασαν,
976 4977 1036 5029 ού
1068 4975 1525 5045 διαγινώσκοντες
1563 4977 1743 5047 λόγον.

172 5072 309 5141 Φησὶ
327 5069 437 5139 γάρ
462 5070 490 5121 ό
514 5068 658 5132 θεῖος
682 5068 1007 5141 ἀπόστολος.
1031 5068 1102 5124 Τὸ
1128 5068 1361 5140 ἠοάμμα
1381 5071 1748 5136 ἀποκτείνει,

173 5165 236 5217 τὸ
273 5162 346 5225 δὲ
373 5160 610 5229 πνεῦμα
646 5158 928 5219 (inmersi.
970 5161 1082 5223 Καὶ
1116 5161 1224 5233 γὰρ
1264 5161 1386 5222 καθ’
1417 5163 1550 5223 αὐτὸ
1582 5162 1750 5235 μόνον

174 5254 229 5306 τὸ
273 5250 516 5321 γράμμα
562 5248 930 5325 στεργόμενον
969 5249 1059 5309 τὸν
1088 5252 1154 5307 -ὲν
1211 5250 1362 5327 αὐτῷ
1402 5252 1748 5313 ἀποκτείνειν

175 5341 325 5413 λόγον
353 5345 463 5405 τοῖς
503 5339 823 5413 στέργουσιν
870 5342 1085 5405 εἴωθεν,
1118 5342 1307 5418 ὥσπερ
1338 5346 1431 5405 καὶ
1458 5344 1520 5397 τὸ
1545 5344 1746 5410 κάλλος

173 5433 277 5485 τῶν
329 5434 648 5503 κτισμάτων
699 5432 774 5503 μὴ
835 5434 970 5506 πρὸς
1032 5432 1190 5501 δόξαν
1226 5436 1319 5489 τοῦ
1377 5437 1741 5509 πεποιηκότος

241 5574 267 5618 1
294 5565 533 5637 Philipp.
559 5584 638 5631 ιιι,
662 5569 748 5623 19.
830 5580 853 5607 ι
879 5572 923 5625 ll
949 5570 1075 5626 Cor.
1103 5589 1180 5639 ιιι,
1208 5575 1262 5630 6.

237 5682 289 5745 'u
318 5709 532 5771 πολλοῖς
562 5711 684 5765 cod.
709 5713 851 5771 Gud.
888 5729 961 5768 m-
995 5729 1080 5783 Pr-

567 5806 835 5877 Pn‘non.
879 5810 994 5873 Gn.
1036 5808 1186 5905 XCI.

1849 4526 1906 4572 et
1946 4526 2195 4572 ventrem
2245 4531 2347 4586 pro
2379 4517 2492 4570 Deo
2532 4516 2799 4574 habentes
2846 4527 2876 4567 γ
2919 4522 3430 4596 turpitudinemque

1850 4626 1953 4682 pro
1979 4610 2140 4667 laude
2185 4609 2452 4664 ducentes
2475 4624 2668 4678 parem
2698 4626 2825 4664 cum
2850 4612 2947 4667 Dei
2979 4612 3430 4679 interfectoribus

1852 4703 2161 4761 mercedem
2194 4702 2454 4765 feramus,
2484 4709 2673 4770 utpote
2696 4717 2815 4757 eam
2839 4719 2964 4773 quae
2990 4708 3295 4766 secundum
3327 4727 3429 4769 nos

1849 4806 2076 4870 propter
2102 4813 2201 4853 nos
2218 4795 2359 4865 apud
2382 4809 2483 4850 nos
2506 4810 2707 4865 corpus
2735 4798 3051 4869 assumpsit,
3077 4808 3243 4871 atque
3268 4803 3429 4874 syllae

1852 4891 1941 4946 bis
1978 4897 2037 4946 et
2080 4888 2279 4947 litteris
2311 4897 2537 4958 propter
2567 4903 2790 4943 sensum
2828 4892 3134 4957 concrevit,
3172 4895 3267 4963 qui
3299 4883 3453 4952 seu--

1853 4995 1949 5036 sus
1972 4994 2191 5036 omnem
2222 4978 2278 5038 in
2302 4977 2464 5033 nobis
2489 4976 2804 5034 intellectus
2826 4979 2936 5039 vim
2958 4980 3015 5035 in
3047 4995 3106 5040 se
3132 4985 3428 5049 convertit.

1855 5072 2178 5135 Sermonem
2216 5071 2487 5131 rationem
2510 5085 2617 5125 non
2641 5069 3059 5140 perspicientes,
3076 5073 3169 5132 Ait
3180 5076 3329 5135 enim
3345 5076 3428 5133 di-

1853 5163 2017 5225 vinus
2045 5162 2339 5232 Apostolus
2373 5161 2612 5217 :Littera
2649 5162 2922 5231 interﬁcit,
2960 5165 3055 5221 sed
3091 5168 3313 5237 spiritu;
3349 5170 3430 5224 οἱ..

1854 5254 2033 5324 νίΙίσαι
2067 5264 2111 5317 ι,
2159 5254 2377 5309 Etenim
2425 5254 2612 5309 littera
2659 5270 3007 5326 quoqueper
3053 5272 3114 5316 se
3138 5258 3314 5321 solam
3340 5258 3430 5315 dia

1852 5345 1995 5405 lecta
2025 5344 2294 5400 rationem
2345 5346 2451 5403 sibi
2486 5346 2888 5406 inbabitantem
2937 5348 3305 5422 diligentibus
3344 5352 3427 5408 in-

1852 5437 2104 5498 terficere
2126 5438 2435 5503 consuevit,
2466 5438 2629 5495 sicuti
2652 5440 2822 5497 etiam
2866 5456 3062 5498 eorum
3093 5456 3218 5513 quae
3241 5452 3424 5497 creata

1480 5643 1710 5701 VARle
1753 5644 2156 5703 LECTIONES.

2983 5814 3061 5873 36
