4014 6284
545 289 676 361 1181

1697 283 1765 348 Β.
1806 281 2095 347 ΜΑΧΙΜΙ
2134 272 2646 343 CONFESSORIS

3685 263 3812 332 1132

545 415 678 468 sunt
704 398 1088 479 pulchritudo,
1112 396 1161 456 sl
1199 411 1315 455 non
1359 395 1418 453 in
1454 397 1579 470 ejus
1602 396 1700 469 qui
1727 395 1982 454 condidit
2013 393 2132 468 glo-

2248 389 2517 464 ίρώμενον
2536 388 2642 459 τῆς
2671 384 2818 442 κατὰ
2838 384 2999 456 λόγον
3019 383 3310 448 εὑσεδείας
3335 383 3671 455 ἀποστερεῖν
3697 385 3818 448 τοὺς

544 501 689 557 riam
723 501 1032 568 spectatur,
1065 489 1327 546 rationali
1377 487 1716 545 verecundia
1746 487 1965 558 privare
2007 501 2132 556 spe—

548 598 796 647 ctatores
820 585 985 641 solet.
1011 581 1091 639 Ac
1116 595 1317 638 rursus
1331 579 1733 652 Evangelium:
1761 576 1820 634 Si
1849 595 1954 633 non
1971 579 2132 633 muti-

549 682 650 739 lati
677 677 982 735 essentdies
1031 674 1138 743 illi,
1170 674 1280 730 hoc
1325 679 1414 730 est
1448 671 1734 743 nequitiae,
1785 672 1955 725 omnis
2005 685 2132 724 caro

549 791 661 832 non
690 772 998 828 salvaretur
1021 780 1048 810 ι
1074 811 1089 836 ,
1120 768 1228 823 hoc
1247 775 1335 823 est
1359 765 1543 820 omnis
1566 764 1634 820 de
1668 764 1781 818 Deo
1810 763 1901 834 pia
1934 761 2136 832 cogita-

552 867 657 922 tio.
683 864 1013 922 Mutilantut'
1048 859 1198 916 enim
1223 857 1490 929 nequitiae
1516 857 1658 922 dies,
1698 870 1826 912 cum
1856 855 2133 910 errabun-

555 957 691 1014 dum
720 954 870 1027 quod
897 967 997 1010 eos
1027 951 1161 1007 facit
1187 948 1524 1006 sensualiter
1558 947 1834 1020 judicium
1859 963 1890 1002 a
1919 946 2136 1002 ratione

555 1050 1042 1120 circumscriptum
1071 1047 1166 1113 sit,
1192 1055 1359 1116 atque
1383 1051 1510 1115 post
1548 1043 1696 1115 piam
1729 1057 1830 1114 per
1862 1041 2006 1097 hanc
2045 1041 2138 1112 ju-

555 1143 947 1202 stiﬁcationem
1003 1137 1411 1196 retrocesserit.
1471 1135 1554 1192 Ab
1598 1134 1942 1190 Antichristo
1986 1133 2137 1189 enim

557 1238 746 1295 carnis
778 1237 869 1292 lex
893 1233 1035 1290 nihil
1056 1232 1268 1297 diii‘ert,
1295 1244 1518 1301 semper
1541 1228 1839 1299 antiquans
1859 1227 2061 1298 spiritu
2081 1235 2139 1282 et

555 1329 763 1387 divina:
816 1327 994 1399 ipsius
1037 1324 1146 1397 legi
1205 1323 1489 1394 opposita,
1535 1319 1847 1391 usquedum
1894 1333 2140 1389 praesens

557 1420 673 1475 vita
699 1417 784 1473 eis
806 1415 903 1487 qui
935 1413 1006 1471 ab
1028 1404 1095 1470 ea
1126 1411 1351 1469 devinci
1379 1425 1440 1466 se
1467 1408 1618 1479 passi
1641 1414 1774 1463 sunt
1790 1412 1946 1476 grata
1969 1411 2139 1474 atque

553 1509 802 1585 jucunda
833 1516 940 1574 est,
971 1515 1030 1562 et
1077 1505 1225 1561 ratio
1259 1501 1509 1559 nondum
1550 1502 1750 1556 oborta
1778 1497 1955 1554 verbo
1984 1503 2140 1566 pote-

2231 481 2544 554 θεωμένους
2571 479 2808 550 πέφυκε.
2837 477 2950 532 Καὶ
2970 477 3138 532 πάλιν
3159 477 3223 531 τὸ
3245 475 3610 545 Εὑαγγέλιον,
3643 475 3714 528 El
3735 475 3819 544 μὴ

2232 575 2701 642 ἐκολοϐώθησαν
2735 574 2798 628 al
2831 570 3043 642 ἡμέραι
3082 570 3329 637 ἐκεῖναι,
3360 568 3568 640 δηλαδὴ
3597 568 3705 639 τῆς
3730 586 3827 623 κα-

2233 669 2399 734 κίας,
2433 669 2549 723 οὐκ
2588 666 2668 722 ἂν
2713 664 2914 734 ἐσώθη
2953 662 3123 722 πᾶσα
3171 663 3353 731 σὰρξ,
3383 662 3641 716 τουτέστι
3682 663 3826 715 πᾶσα

2233 763 2366 832 περὶ
2391 760 2528 815 Θεοῦ
2563 758 2800 831 εὐσεϐὴς
2832 757 3037 812 ἔννοια.
3069 755 3448 810 Κολοὸοῦνται
3478 754 3595 825 γὰρ
3621 753 3826 816 κακίας

2235 852 2441 926 ἡμέραι
2466 893 2482 919 ,
2544 851 2648 923 τῆς
2706 850 2834 906 κατ’
2872 849 3131 920 αἴσθησιν
3167 845 3620 919 δημιουργούσης
3663 844 3830 910 αὑτὰς

2237 944 2592 1016 ὲσφαλμένης
2637 941 2882 1016 κρίσεως
2921 940 3002 1013 τῷ
3040 941 3189 1012 λόγῳ
3228 939 3708 1013 περιγραφείσης,
3742 939 3832 992 καὶ

2236 1035 2334 1091 τοῦ
2369 1037 2493 1091 κατ’
2523 1033 2692 1089 αὑτὸν
2719 1032 2979 1098 εὑσεῦοῦς
3005 1033 3378 1105 δικαιώματος
3412 1031 3655 1087 κατόπιν
3675 1047 3831 1100 γεγε-

2238 1129 2500 1201 νημένης.
2543 1128 2921 1198 Ἀντιχρίστου
2955 1125 3068 1199 γὰρ
3099 1127 3254 1181 οὐδὲν
3307 1125 3630 1198 διενήνοχεν
3678 1124 3711 1177 ό
3740 1123 3832 1194 τῆς

2240 1217 2444 1291 σαρκὸς
2469 1217 2658 1290 νόμος,
2689 1221 2780 1272 ἀεὶ
2808 1217 3059 1273 παλαίων
3082 1215 3163 1289 τῷ
3187 1216 3464 1289 πνεύματι
3501 1216 3601 1272 καὶ
3623 1215 3712 1286 τῷ
3739 1217 3831 1272 αὑ-

2237 1311 2334 1366 τοῦ
2365 1309 2496 1383 θείῳ
2519 1310 2672 1382 νόμῳ
2701 1310 3193 1382 ἀντιτασσόμενος,
3225 1309 3334 1374 ἓως
3359 1312 3395 1382 ἡ
3427 1308 3695 1382 παροῦσα
3725 1309 3831 1381 ζωὴ

2238 1404 2355 1465 τοῖς
2380 1403 2714 1475 ἡττημένοις
2741 1401 2883 1474 αὐτῇ
2913 1402 3227 1474 προσφιλής
3257 1402 3378 1456 ἐστι
3403 1402 3503 1456 καὶ
3541 1402 3828 1473 ἐράσμιος,

2240 1495 2336 1550 καὶ
2368 1493 2523 1549 οῦπω
2563 1497 2756 1566 φανεὶς
2801 1497 2832 1549 ό
2859 1494 3022 1565 λόγος
3053 1494 3136 1567 τῷ
3164 1497 3376 1567 ῥήματι
3407 1497 3512 1567 τῆς
3545 1495 3830 1564 δυνάμεως

559 1603 722 1660 statis
749 1599 1063 1666 sustulerit,
1076 1595 1397 1655 dividendo
1415 1594 1652 1650 mortale
1669 1592 1740 1647 ab
1767 1588 2067 1647 immortali
2084 1597 2142 1644 et

2248 1590 2444 1654 ἀνεῖλε,
2473 1589 2762 1662 διακρίνας
2791 1587 2890 1644 τοῦ
2920 1587 3197 1644 ἀθανάτου
3245 1587 3310 1642 τὸ
3342 1588 3576 1660 θνητὸν,
3607 1587 3714 1641 καὶ
3735 1586 3829 1657 τῆς

558 1709 784 1768 gravem
815 1707 884 1749 ex
904 1691 1162 1747 libertate
1185 1686 1515 1760 expellendo
1545 1684 1894 1749 servitutem,
1913 1689 1972 1737 et
1994 1680 2140 1736 veri-

2243 1681 2561 1753 ἐλευθερίας
2604 1681 2707 1755 τὴν
2749 1681 3070 1753 διοχλοῦσαν
3118 1680 3227 1748 ἔξω
3285 1681 3674 1754 ποιησάμενος
3718 1681 3834 1734 δου-

560 1760 732 1842 ἶαιεω
765 1786 942 1854 ipsam
964 1797 1065 1854 per
1087 1781 1261 1852 ipsam
1284 1777 1574 1834 mendacio
1602 1791 1798 1848 puram
1828 1771 2140 1838 eiliciendo,

2248 1773 2419 1841 λείαν,
2451 1774 2547 1829 καὶ
2573 1775 2676 1846 τὴν
2710 1773 2976 1847 ἀλήθειαν
3004 1773 3180 1846 αὑτὴν
3213 1772 3335 1828 καθ’
3368 1772 3581 1844 ἑαυτὴν
3607 1771 3831 1843 ψεύδους

560 1884 619 1932 ct
655 1891 686 1930 a
711 1874 918 1930 divinis
948 1881 1113 1942 atque
1142 1871 1367 1926 aeternis
1391 1867 1702 1924 materialia
1733 1875 1901 1936 atque
1927 1873 2142 1934 tempo-

561 1968 701 2026 ralia
725 1963 1092 2032 secernendo,
1119 1979 1232 2035 quo
1253 1978 1413 2018 mens
1435 1977 1536 2034 per
1572 1960 1885 2017 sensualem
1919 1972 2043 2013 cum
2075 1955 2144 2010 iis

561 2059 1006 2118 familiaritatem
1042 2054 1360 2112 errabunda
1409 2053 1692 2108 declinare
1723 2048 2144 2119 irrationalique

561 2153 859 2211 aﬂ'ectione
892 2148 1224 2206 mortificari
1259 2147 1422 2204 solet.
1462 2145 1545 2202 Ad
1591 2146 1736 2202 hanc
1778 2155 1964 2202 autem
2001 2161 2143 2216 prte-

562 2244 755 2302 sertim
785 2251 845 2298 et
865 2240 1252 2313 principaliter
1299 2237 1360 2293 iit
1399 2236 1703 2293 descensus
1743 2237 1976 2293 rationis
1999 2236 2144 2292 divi-

562 2349 673 2401 nae,
701 2341 765 2389 ut
792 2334 861 2389 de
888 2330 1217 2404 ignorantiae
1248 2338 1428 2385 morte
1470 2344 1592 2385 eam
1630 2329 1950 2396 resuscitet,
1987 2336 2045 2384 et
2066 2326 2146 2382 ab

566 2422 860 2483 aii'ectione
885 2433 944 2480 et
967 2423 1160 2479 studio
1198 2422 1569 2477 matcrialium
1599 2431 1845 2487 revocet,
1869 2431 2036 2492 atque
2075 2419 2146 2476 ad

567 2519 625 2576 id
650 2519 798 2590 quod
845 2525 1041 2574 natura
1087 2515 1325 2571 amabile
1375 2523 1460 2570 est
1487 2515 1794 2586 appetitum
1830 2515 1951 2586 ejus
1984 2513 2148 2570 redu-

566 2620 677 2667 cat.
703 2609 1053 2681 Quapropter
1081 2606 1459 2663 necessarium
1480 2621 1605 2662 esse
1648 2606 1912 2673 arbitror,
1941 2614 2003 2661 ut
2025 2620 2150 2662 cor-

567 2699 749 2771 poris,
774 2698 924 2769 quod
948 2697 1290 2752 indumentis
1325 2697 1501 2753 multo
1537 2704 1782 2768 praestat,
1811 2697 1919 2753 hoc
1950 2706 2035 2753 est
2060 2697 2148 2752 di-

567 2792 825 2848 vinarum
850 2799 908 2846 et
933 2789 1260 2846 sublimium
1297 2790 1719 2861 cogitationum,
1751 2805 2150 2861 sacrarumque

569 2883 990 2955 Scripturarum
1021 2897 1086 2938 ac
1107 2882 1446 2938 conditionis
1468 2883 1934 2954 spectaculorum,
1960 2898 2148 2940 curam

569 2976 816 3032 habeant
841 2975 938 3046 qui
967 2974 1268 3031 rationales
1313 2982 1464 3040 sunt,
1497 2975 1707 3045 quique
1745 2990 1848 3045 per
1879 2975 2149 3031 rationem

568 3068 640 3123 ad
666 3067 940 3121 rationem
964 3071 1265 3136 properant
1297 3061 1786 3135 (quemadmodum
1813 3060 1931 3132 ipsa
1949 3060 2146 3116 Ratio:

568 3159 778 3226 Nonne,
802 3158 1003 3229 inquit,
1031 3159 1212 3211 anima
1235 3155 1404 3228 pluris
1428 3166 1503 3211 est
1529 3172 1690 3227 quam
1705 3155 1869 3220 cibus,
1895 3161 1943 3208 et
1963 3169 2154 3225 corpus

571 3268 734 3324 quam
757 3253 1125 3306 indumentum
1143 3249 1169 3290 ιι
1189 3250 1212 3304 ?
1230 3264 1299 3304 ne
1314 3264 1422 3320 qua
1440 3248 1840 3304 convincamur
1856 3245 2153 3318 aliquando

573 3342 722 3413 quod
757 3342 844 3396 his
869 3340 1164 3411 prehensis
1203 3338 1346 3394 nihil
1395 3347 1686 3394 teneamus
1733 3337 2007 3393 rationem
2032 3353 2154 3408 quae

573 3433 839 3506 produxit
864 3433 1048 3488 omnia
1075 3441 1132 3488 et
1155 3431 1432 3504 producit,
1463 3447 1576 3487 non
1615 3430 1878 3503 amplexi,
1904 3437 1968 3485 ut
1987 3429 2154 3502 Egy-

575 3524 831 3597 ptiailla,
880 3537 1006 3593 quae
1063 3522 1199 3578 solis
1252 3521 1603 3577 vestimentis
1623 3521 1850 3592 Iosephi
1895 3534 2155 3591 compre-

575 3617 768 3672 hensis
803 3615 1140 3672 concubitus
1194 3629 1290 3685 spe
1351 3630 1459 3684 qua
1492 3614 1760 3686 ﬂagrabat
1805 3613 1970 3684 plane
2005 3611 2155 3667 exci-

574 3709 660 3765 dit
685 3720 733 3764 ο.
766 3708 846 3764 lta
871 3707 1021 3763 enim
1049 3716 1159 3762 tam
1194 3706 1429 3762 rationis
1451 3705 1803 3768 vestimenta,
1832 3704 2152 3775 Scriptum,

576 3800 829 3871 inquam,
861 3799 1056 3862 verba,
1087 3812 1255 3868 quam
1277 3812 1400 3867 quae
1437 3806 1707 3868 apparent
1731 3805 2020 3852 creaturas
2047 3795 2155 3850 im-

574 3889 882 3946 mutatione
920 3888 1302 3944 doctrinarum
1343 3887 1493 3942 illius
1524 3887 1792 3942 comitum
1835 3885 2157 3957 splendidas

573 3991 740 4054 atque
767 3983 1036 4047 illustres,
1070 3996 1135 4036 ac
1164 3981 1411 4036 divinam
1449 3980 1719 4036 rationem
1755 3979 1982 4035 sublimi
2021 3993 2156 4034 con-

575 4073 933 4143 templatione
981 4071 1423 4128 condecorantcs
1459 4113 1474 4137 ,
1533 4085 1637 4126 nos
1691 4086 1914 4141 quoque
1965 4081 2155 4126 monte

575 4164 777 4219 divinae
828 4162 1328 4232 transiigurationis
1403 4176 1634 4217 ascenso
1697 4161 2152 4232 spectaverimus,

575 4272 687 4312 non
717 4271 748 4311 a
767 4255 932 4311 beato
958 4255 1190 4311 rationis
1222 4261 1367 4310 tactu
1391 4253 1837 4326 persuasibiliter
1859 4252 2167 4324 prohibiti,-

576 4357 639 4404 ut
665 4346 981 4419 Magdalena
1004 4347 1173 4403 Maria
1196 4361 1318 4418 qua:
1356 4346 1652 4402 Dominum
1689 4345 1878 4401 Iesum
1905 4360 2008 4416 pro
2030 4345 2159 4400 hor-

2178 3109 2221 3166 C

2244 1867 2495 1941 καθαρὰν
2529 1867 2843 1936 ἀποδείξας,
2878 1868 2976 1924 καὶ
3009 1867 3118 1923 τῶν
3149 1867 3314 1922 θείων
3347 1866 3450 1923 καὶ
3483 1867 3737 1921 αἰωνίων
3769 1867 3829 1919 τὰ

2245 1961 2406 2017 ὑλικὰ
2444 1961 2540 2015 καὶ
2578 1962 2895 2034 πρόσκαιρα
2932 1959 3311 2032 ἀποδιορίσας,
3343 1959 3487 2030 πρὸς
3516 1957 3557 2012 ἃ
3591 1958 3831 2028 πέφυκεν

2245 2055 2274 2108 ό
2304 2053 2430 2119 νοῦς
2465 2054 2554 2110 διὰ
2580 2054 2679 2126 τῆς
2708 2053 2835 2108 κατ’
2853 2053 3108 2124 αἴσθησιν
3148 2052 3290 2124 πρὸς
3320 2051 3469 2106 αὑτὰ
3491 2051 3828 2123 οἰκειότητος

2247 2145 2603 2218 πλανώμενος
2641 2143 3017 2200 ὲπικλίνεσθαι
3039 2143 3137 2198 καὶ
3161 2146 3232 2217 τῇ
3249 2142 3434 2216 ἀλόγῳ
3458 2141 3828 2197 θανατοῦσθαι

2251 2241 2476 2310 στοργῇ’
2517 2237 2654 2306 πρὸς
2675 2235 2736 2291 δν
2762 2237 3000 2308 μάλιστα
3033 2235 3468 2310 προηγουμένως
3493 2233 3690 2308 (1‘7
3720 2234 3770 2301 ι)
3798 2235 3832 2306 η

2251 2328 2567 2402 θεοπρεπὴς
2601 2329 2698 2384 τοῦ
2739 2329 2905 2399 λόγου
2945 2327 3255 2394 κατάϐασις
3274 2327 3516 2398 γίνεται,
3545 2327 3646 2381 τοῦ
3674 2327 3833 2382 θανά-

2247 2437 2342 2474 του
2365 2419 2469 2489 τῆς
2493 2419 2721 2488 ἀγνοίας
2750 2419 2917 2474 αὑτὸν
2945 2418 3334 2492 ἀνεγείρουσα,
3365 2419 3463 2473 καὶ
3483 2417 3592 2490 τῆς
3619 2418 3760 2490 πρὸς
3772 2417 3834 2471 τὰ

2249 2511 2411 2566 ὑλικὰ
2441 2510 2730 2581 ὲμπαθοῦς
2761 2511 3061 2577 διαθέσεως
3111 2511 3529 2569 ἀναστέλλουσα
3576 2513 3677 2567 καὶ
3706 2511 3835 2584 πρὸς

2248 2605 2310 2659 τὸ
2351 2604 2496 2659 κατὰ
2519 2604 2680 2674 φύσιν
2707 2605 2940 2677 ὲραστδν
2971 2603 3072 2677 τὴν
3106 2604 3296 2674 ἔφεσιν
3324 2604 3498 2661 αὑτοῦ
3530 2605 3835 2673 ἐπανάγου-

2251 2712 2342 2749 σα.
2371 2693 2462 2748 Διὸ
2487 2694 2805 2764 ἀναγκαίως
2845 2690 3002 2767 οἶμαι
3027 2697 3140 2751 δεῖν
3164 2696 3263 2750 τοῦ
3289 2696 3431 2768 ὑπὲρ
3465 2695 3540 2750 τὰ
3569 2697 3833 2768 ἐνδύματα

2252 2787 2448 2860 μακρῷ
2485 2789 2806 2859 κρείσσονος
2832 2786 3108 2859 σώματος,
3137 2788 3391 2842 τουτέστι
3420 2788 3534 2842 τῶν
3560 2787 3726 2842 θείων
3748 2789 3832 2840 καὶ

2251 2879 2473 2950 ὑψηλῶν
2514 2880 2830 2952 νοημάτων,
2859 2881 2962 2952 τῆς
3005 2898 3066 2936 τε
3114 2881 3279 2951 ἁγίας
3327 2881 3561 2954 Γραφῆς
3611 2882 3710 2935 καὶ
3735 2880 3834 2934 τῶν

2251 2973 2393 3028 κατὰ
2422 2975 2524 3046 τὴν
2569 2973 2751 3028 κτίσιν
2783 2973 3101 3046 θεαμάτων,
3135 2973 3447 3048 φροντίζειν
3473 2974 3734 3044 λογικοὺς
3757 2974 3836 3027 6v-

2251 3082 2372 3132 τας,
2407 3066 2502 3120 καὶ
2532 3065 2621 3120 διὰ
2653 3066 2819 3136 λόγου
2868 3067 3007 3140 πρὸς
3043 3068 3205 3139 λόγον
3256 3068 3599 3135 σπεύδοντας
3643 3067 3837 3140 (καθώς

2255 3175 2422 3228 φησιν
2460 3161 2489 3213 ὁ
2511 3159 2669 3228 λόγος
2699 3159 2884 3228 αὑτὸς,
2914 3161 3063 3231 Οὐχί
3115 3161 3312 3217 πλέον
3359 3161 3540 3217 ἐστίν
3592 3163 3633 3232 ἠ
3673 3160 3834 3232 ψυχὴ

2252 3248 2364 3320 τῆς
2384 3251 2630 3322 τροφῆς,
2653 3253 2752 3308 καί
2775 3252 2843 3308 τὸ
2868 3251 3042 3324 σῶμα
3072 3253 3181 3309 τοῦ
3205 3253 3546 3324 ἐνδύματος
3566 3254 3609 3327 ;)
3648 3255 3839 3326 μήπως

2253 3341 2313 3394 ἐν
2336 3343 2520 3415 καιρῷ
2554 3343 2967 3416 διελεγχθῶμεν
2999 3344 3170 3417 μηδὲν
3207 3345 3427 3416 ἔχοντες
3452 3345 3670 3400 τούτων
3698 3347 3838 3397 ἐπει.

2252 3432 2546 3505 λημμένοι,
2589 3435 2686 3490 τοῦ
2717 3436 3030 3507 ὑφεστῶτος
3065 3437 3163 3491 καὶ
3191 3435 3533 3506 ὑφιστῶντος
3562 3435 3639 3490 τὰ
3667 3435 3836 3490 πάντα

2254 3520 2419 3592 λόγου
2447 3523 2511 3576 οὑ
2546 3524 3033 3598 περιδραξάμενοι,
3064 3525 3208 3579 κατὰ
3232 3526 3334 3597 τὴν
3355 3525 3676 3596 Αίγυπτίαν
3697 3524 3834 3579 ικεί-

2253 3631 2374 3686 νην,
2410 3616 2537 3686 ἥτις
2584 3615 2764 3688 μόνων
2793 3616 2904 3671 τῶν
2939 3615 3170 3688 ίματίων
3208 3615 3306 3670 τοῦ
3351 3616 3558 3689 Ἰωσὴφ
3587 3613 3835 3670 ἐπιλαϐο-

2256 3707 2394 3778 μένη
2430 3707 2532 3778 τῆς
2563 3707 2660 3761 τοῦ
2688 3707 2926 3778 ἐραστοῦ
2953 3706 3236 3770 παντελῶς
3266 3707 3584 3780 διήμαρτεν
3603 3707 3832 3780 ὁμιλίας.

2253 3798 2412 3856 Οὑτω
2443 3802 2554 3871 γὰρ
2579 3798 2647 3854 ἂν
2673 3800 2744 3855 τά
2765 3817 2825 3853 τε
2854 3799 3134 3872 ινδὺματα
3161 3799 3256 3855 τοῦ
3285 3798 3474 3871 λόγου,
3504 3802 3657 3871 φημὶ
3683 3799 3744 3872 δὴ
3769 3797 3834 3853 τὰ

2256 3895 2484 3966 ῥήματα
2527 3893 2631 3964 τῆς
2679 3893 2928 3966 Γραφῆς,
2961 3892 3058 3947 καὶ
3088 3891 3158 3947 τὰ
3191 3890 3504 3962 φαινόμενα
3539 3889 3830 3962 κτίσματα,

2253 3985 2486 4058 λαμπρά
2514 4002 2573 4040 τε
2601 3986 2698 4040 καὶ
2735 3985 2958 4050 ὲπίδοξα
3000 3986 3069 4058 τῇ
3103 3984 3378 4055 ἱναλλαγῇ
3415 3983 3533 4038 τῶν
3587 3983 3717 4055 περὶ
3741 3982 3831 4034 ati-

2251 4079 2346 4132 τὸν
2387 4075 2700 4149 δογμάτων,
2742 4076 2841 4132 καὶ
2874 4075 2953 4148 τῷ
3006 4076 3138 4148 θείῳ
3162 4077 3308 4147 λόγῳ
3350 4074 3712 4146 ἐμπρέποντα
3748 4071 3831 4125 διὰ

2254 4169 2355 4240 τῆς
2401 4168 2613 4242 ὑψηλῆς
2660 4166 2936 4239 θεωρίας,
2983 4167 3081 4222 καὶ
3121 4168 3287 4239 ἡμεῖς
3314 4166 3410 4220 ἐπὶ
3441 4165 3505 4219 τὸ
3551 4165 3683 4235 ὅρος
3713 4164 3829 4218 ἁνα-

2255 4259 2452 4325 6άντες
2485 4261 2587 4332 τῆς
2623 4258 2776 4323 θείας
2804 4257 3290 4331 μεταμορφώσεως
3321 4255 3666 4328 θεασόμεθα.
3687 4256 3831 4310 οὑδα-

2257 4353 2377 4425 μῶς
2405 4352 2725 4425 πληκτικῶς
2757 4351 3074 4424 εἰργόμενοι
3110 4350 3215 4422 τῆς
3249 4348 3534 4422 μακαρίας
3563 4346 3662 4402 τοῦ
3682 4346 3828 4414 λόγου

577 4441 770 4496 tulano
795 4438 1069 4496 habuerat
1090 4430 1140 4506 δ,
1168 4440 1410 4495 solarum
1442 4454 1566 4510 quae
1595 4439 1698 4494 sub
1732 4438 2148 4510 generationem

2257 4447 2403 4519 ἁφῆς
2425 4447 2569 4502 κατὰ
2596 4446 2694 4518 τὴν
2715 4445 2949 4516 Μαγδαλ
2958 4446 3090 4519 ηνὴν
3111 4444 3356 4517 Μαρίαν,
3381 4443 3672 4516 κηπουρὸν
3699 4437 3827 4496 εἶναι

573 4540 744 4601 atque
767 4529 1059 4586 interitum
1096 4529 1303 4584 cadunt
1335 4543 1520 4584 rerum
1565 4529 1935 4584 factitatorem
1977 4526 2152 4582 nihil-

573 4627 708 4682 dum
730 4640 898 4698 supra
921 4639 1146 4680 sensum
1170 4638 1293 4680 esse
1320 4623 1611 4690 arbitrata,
1641 4623 1738 4680 sed
1759 4622 2075 4678 videbimus
2098 4630 2156 4676 et

573 4719 932 4777 adorabimus
950 4720 1139 4774 vivum
1161 4733 1230 4773 ex
1253 4718 1488 4772 mortuis
1506 4732 1607 4788 per
1634 4717 1851 4772 clausas
1863 4719 2063 4786 januas
2087 4714 2154 4769 ad

573 4828 678 4869 nos
708 4813 1010 4869 intrantem
1043 4821 1102 4877 ο,
1127 4819 1254 4880 post
1285 4810 1614 4865 exstinctam
1643 4824 1874 4880 prorsus
1907 4809 1962 4864 in
1993 4808 2160 4865 nobis

571 4905 853 4962 actionem
882 4903 1221 4966 sensualem,
1252 4901 1638 4971 rationemque
1681 4900 1858 4971 ipsam
1897 4909 1956 4956 et
1979 4901 2153 4956 Deum

574 5010 994 5069 cognoscemus,
1041 4994 1137 5066 qui
1167 4991 1348 5048 omnis
1396 4990 1454 5046 in
1482 4991 1744 5047 omnibus
1796 5000 1901 5057 est,
1945 4991 2156 5063 quique

576 5087 766 5143 omnia
790 5102 891 5143 sua
915 5087 986 5142 de
1009 5085 1261 5142 bonitate
1298 5082 1697 5139 intellectualia
1734 5096 1942 5154 corpus
1962 5122 1978 5150 ,
2031 5097 2159 5138 sen-

582 5177 756 5235 malia
801 5177 1214 5246 indumentum,
1261 5175 1522 5234 confecit.
1572 5174 1651 5231 De
1683 5174 1891 5246 quibus
1920 5173 2159 5230 fortasse

574 5267 790 5325 dictum
828 5284 953 5326 esse
979 5279 1179 5342 putare
1209 5286 1323 5327 non
1360 5271 1615 5342 ineptum
1643 5277 1729 5326 est
1763 5268 1935 5325 illud:
1963 5269 2159 5326 Omnes

575 5368 636 5416 ut
659 5359 1028 5417 vestimentum
1045 5370 1389 5419 vetustescent
1420 5362 1468 5429 ἲ,
1499 5371 1728 5435 propter
1761 5361 2052 5419 interitum
2073 5377 2160 5420 re-

607 5473 612 5486 .
643 5505 672 5536 ι
694 5491 890 5552 Matth.
912 5509 1058 5562 ulv,
1077 5493 1170 5550 2%.
1247 5497 1275 5536 δ
1297 5495 1488 5551 Matth.
1508 5511 1583 5562 vt,
1604 5493 1696 5552 25.

2255 4539 2489 4606 δόξασαν
2524 4540 2616 4594 τὸν
2655 4539 2864 4612 Κύριον
2909 4539 3140 4612 Ἰησοῦν,
3167 4539 3265 4594 καὶ⁵
3288 4537 3469 4611 μόνων
3494 4537 3607 4592 τῶν
3629 4538 3732 4592 ὑπὸ
3745 4534 3828 4604 γέ-

2257 4647 2405 4684 νεσιν
2434 4630 2525 4684 καὶ
2559 4629 2772 4702 φθορὰν
2819 4629 3154 4701 δημιουργὸν
3180 4627 3336 4682 οὔπω
3369 4627 3542 4698 μηδὲν
3571 4627 3710 4699 ὑπὲρ
3737 4625 3828 4694 τὴν

2258 4721 2515 4795 αἴσθησιν
2555 4717 2696 4776 εἶναι
2749 4722 3104 4794 νομίζουσαν,
3138 4720 3276 4776 ἀλλὰ
3313 4720 3412 4775 καὶ
3452 4719 3700 4792 ὀψόμεθα
3741 4718 3825 4772 καὶ

2258 4816 2718 4888 προσκυνήσομεν
2764 4814 2943 4880 ζῶντα
3001 4813 3190 4887 (ιω
3229 4814 3286 4884 a)
3337 4814 3406 4868 ικ
3457 4811 3677 4885 νεκρῶν
3705 4809 3825 4882 πρδς

2259 4906 2407 4976 ἡμᾶς
2427 4903 2537 4958 τῶν
2564 4902 2748 4976 θυρῶν
2782 4901 3212 4973 κεκλεισμένων,
3246 4901 3567 4970 γενόμενον,
3590 4898 3692 4967 τῆς
3715 4895 3823 4950 κατ’

2259 4994 2516 5067 αἴσθησιν
2565 4994 2848 5060 παντελῶς
2879 4995 2939 5049 ιν
2985 4996 3122 5068 ημῖν
3165 4994 3451 5067 ἐνεργείας
3476 4988 3820 5048 ἀποσϐεσθεί-

2258 5106 2382 5161 σης,
2422 5087 2516 5145 τόν
2560 5103 2622 5144 τε
2669 5087 2829 5159 λόγον
2857 5087 3022 5145 αὑτὸν
3049 5089 3148 5144 καὶ
3176 5087 3313 5142 θεὸν
3350 5088 3536 5143 πάντα
3576 5086 3639 5140 ιν
3671 5085 3819 5139 πᾶσιν

2255 5182 2408 5249 όντα,
2440 5167 2737 5236 καὶπάντα
2765 5180 2960 5238 ἑαυτοῦ
2993 5181 3061 5237 δι’
3082 5179 3402 5254 ἀγαθότητα
3433 5179 3509 5235 τὰ
3536 5179 3642 5251 μὲν
3672 5175 3819 5247 νοητὰ

2257 5273 2445 5348 σῶμα.
2473 5273 2544 5329 τὰ
2568 5273 2627 5328 δὲ
2656 5273 2897 5347 αἰσθητὰ
2925 5275 3146 5348 ἱμάτιον
3184 5272 3529 5344 πεποιηκότα
3557 5269 3818 5340 mediu-

2258 5366 2348 5423 θα.
2402 5365 2541 5439 Περὶ
2569 5359 2646 5422 ὧν
2692 5366 2825 5433 ῑσως
2856 5366 3114 5442 εἰρῆσθαι
3147 5367 3330 5422 δοκεῖν
3357 5365 3460 5420 οὑκ
3490 5361 3712 5426 ἀπεικὸς
3739 5357 3815 5424 τὸ,

1808 5506 1830 5536 ο
1877 5495 2017 5552 Gen.
2049 5495 2344 5563 xxxix,12.
2416 5495 2445 5536 ά
2489 5494 2650 5552 Joan.
2698 5512 2790 5565 xx,
2819 5495 2908 5582 15.
2989 5495 3171 5554 eibid.
3199 5495 3310 5569 '26.
3391 5494 3415 5538 ί
3450 5494 3618 5553 Hebr.
3660 5507 3698 5561 ι,
3731 5487 3816 5548 ﬂ.

1868 5633 2106 5692 VARIE
2135 5633 2539 5695 LECTIONES.

643 5726 693 5762 ’⁸
712 5726 1070 5803 ἀπστερρεἴν
1092 5724 1216 5785 cod.
1246 5725 1389 5783 Gud.
