4014 6284
202 362 348 430 1133

1446 367 1963 430 AMBIGUORUM
1998 366 2253 426 LIBER.

3341 368 3479 430 1134

199 476 437 540 Πάντες
466 475 547 543 ὡς
579 476 815 546 ἱμάτιον
851 480 1398 547 παλαιωθήσονται,
1418 477 1506 533 διὰ
1538 477 1637 548 τὴν
1672 477 1787 529 ἐπι-

1897 490 2021 529 rum
2042 490 2165 544 quae
2188 472 2449 529 videntur
2478 472 2761 528 intellectu
2790 475 3159 544 superiorem,
3188 485 3236 529 et
3270 485 3325 530 ut
3346 481 3481 533 ami-

200 564 516 634 κρατοῦσαν
576 566 670 621 νοῦ
714 567 823 621 τῶν
872 570 1169 642 ὁρωμένων
1197 570 1453 641 εφθορὰν,
1499 568 1598 621 καὶ
1646 564 1790 618 ὡσεὶ

198 660 585 727 περιϐόλαιον
630 660 859 729 ἑλίξεις
906 662 1154 729 αὐτοὺς,
1179 663 1277 716 καὶ
1306 660 1785 731 ἀλλαγήσονται,

196 750 291 805 διὰ
322 752 424 823 τὴν
453 752 916 827 προσδοκωμένην
952 757 1053 828 τῆς
1076 755 1393 827 ἀφθαρσίας
1422 753 1605 825 χάριν.

200 924 343 992 Περὶ
400 922 521 976 τῶν
571 922 754 977 πέντε
811 923 1045 993 τρόπων
1084 922 1193 992 τῆς
1233 920 1505 993 φυσικῆς
1538 922 1787 991 θεωρίας

662 1014 968 1084 σύντομος
1007 1014 1325 1085 ἐξήγησις.

268 1172 419 1245 Πρὸς
454 1172 668 1239 τούτοις
718 1173 777 1228 δὲ
817 1174 913 1229 καὶ
943 1174 1073 1239 τοὺς
1118 1174 1312 1243 λόγους
1343 1172 1630 1244 εἰσόμεθα,
1655 1174 1785 1238 τοὺς

192 1264 547 1330 τελευταίους
591 1265 795 1339 δηλαδὴ
833 1266 929 1321 καὶ
976 1268 1110 1340 ἡμῖν
1143 1268 1426 1336 ὲφικτοὺς,
1454 1258 1531 1320 ὧν
1576 1265 1786 1337 προϐέ-

190 1358 398 1429 ϐληται
428 1360 462 1430 ή
508 1357 686 1423 κτίσις
729 1359 1076 1425 διδάσκαλος,
1129 1360 1226 1414 καὶ
1262 1360 1392 1423 τοὺς
1431 1358 1619 1423 αὐτοῖς
1654 1375 1784 1412 συν-

189 1452 484 1523 ημμένους
505 1451 668 1506 πέντε
700 1451 802 1522 τῆς
833 1452 1067 1523 θεωρίας
1090 1452 1356 1525 τρόπους,
1392 1444 1475 1516 οἷς
1508 1449 1783 1521 διαιροῦν-

191 1562 289 1608 τες
344 1542 445 1615 τὴν
502 1544 681 1597 κτίσιν
732 1546 783 1597 οἱ
834 1546 978 1616 ᾰγιοι
1014 1546 1142 1609 τοὺς
1188 1548 1278 1599 ἐπ’
1308 1545 1447 1616 αὐτῇ
1482 1544 1784 1616 μυστικοὺς

192 1635 319 1707 μετ’
336 1634 623 1699 εὐσεϐείας
643 1634 989 1701 συνελέξαντο
1004 1635 1217 1706 λόγους,
1238 1638 1315 1700 είς
1335 1635 1546 1701 οὐσίαν,
1560 1635 1655 1689 καὶ
1670 1635 1785 1689 κίν-

194 1743 341 1797 ησιν,
367 1725 460 1780 καὶ
486 1725 771 1797 διαφορὰν,
797 1726 993 1798 κράσιν
1006 1743 1065 1780 τε
1092 1726 1371 1792 καὶθέσιν,
1401 1724 1572 1798 αὐτὴν
1588 1726 1786 1796 ἐπιμε-

191 1810 577 1889 ρίσαντες.Ὦν
606 1820 755 1888 τρεῖς
785 1816 884 1888 μὶν
907 1816 1116 1887 ἔφασαν
1138 1812 1277 1870 εἷναί
1300 1833 1359 1870 τε
1389 1816 1526 1888 πρὸς
1556 1816 1789 1885 επίγνωσ

192 1926 283 1962 σιν
318 1909 415 1963 τοῦ
444 1910 581 1965 Θεοῦ
614 1909 1049 1982 προηγουμένως
1094 1910 1191 1963 καὶ
1227 1909 1642 1982 προϐεϐλῆσθαι
1670 1924 1783 1980 χει-

194 2002 585 2071 ραγωγικοὺς,
620 2002 713 2055 τὸν
766 2003 891 2056 κατ’
948 2001 1173 2066 οὐσίαν,
1213 2001 1304 2055 τὸν
1348 2001 1489 2055 κατὰ
1546 2001 1782 2071 κίνησιν,

189 2095 289 2147 τὸν
325 2094 471 2149 κατὰ
502 2094 786 2166 διαφορὰν,
813 2088 974 2147 δι’ὧν
1006 2094 1035 2146 ό
1064 2093 1197 2157 Θεὸς
1243 2094 1483 2163 γνωστὸς
1535 2095 1644 2157 τοῖς
1674 2089 1786 2147 ’ἀν-

192 2182 437 2255 θρώποις
457 2185 663 2255 γίνεται
685 2186 749 2237 ὲκ
768 2184 873 2238 τῶν
891 2183 1059 2237 όντων
1076 2183 1172 2246 τὰς
1195 2184 1321 2255 περὶ
1337 2182 1501 2237 αὑτοῦ
1518 2182 1785 2253 ἐμφάσεις

192 2280 610 2351 συλλεγομένοις
650 2280 724 2342 ὡς
752 2278 1087 2350 δημιουργοῦ
1110 2278 1206 2331 καὶ
1228 2276 1529 2348 προνοητοῦ
1552 2278 1647 2329 καὶ
1664 2293 1785 2346 κριη-

190 2370 290 2423 τοῦ
311 2387 325 2399 ο
359 2370 453 2423 suo
473 2369 531 2422 δὲ
555 2370 998 2439 παιδαγωγικοὺς
1014 2369 1152 2440 πρὸς
1173 2367 1377 2440 ἀρετὴν
1405 2368 1500 2421 καὶ
1530 2366 1629 2437 τὴν
1648 2364 1784 2437 πρὸς

190 2461 329 2515 Θεὸν
347 2460 641 2526 οίκείωσιν,
668 2461 760 2515 τὸν
789 2460 929 2514 κατὰ
963 2461 1159 2534 κράσιν
1195 2461 1291 2514 καὶ⁹
1321 2460 1412 2513 τὸν
1448 2459 1591 2513 κατὰ
1611 2459 1782 2523 θέσιν,

190 2553 263 2608 δι’
287 2547 365 2608 ὧν
385 2552 722 2621 τυπούμενος
744 2553 773 2605 ὁ
788 2551 1074 2622 ἄνθρωπος
1089 2552 1223 2615 Θεὸς
1235 2552 1473 2621 γίνηται,
1490 2549 1679 2622 (ιω
1708 2549 1736 2602 b
1763 2547 1783 2620 )

190 2645 258 2699 τὸ
291 2645 429 2708 Θεὸς
470 2641 610 2698 εἶναι
662 2643 854 2698 παθὼν
885 2644 951 2698 ὲκ
974 2644 1086 2699 τῶν
1115 2642 1308 2710 όντων,
1354 2641 1485 2712 ὅλην
1522 2640 1617 2695 τοῦ
1646 2637 1783 2693 Θεοῦ

193 2739 298 2811 τὴν
346 2739 472 2791 κατ’
517 2737 840 2809 ἀγαθότητα
900 2736 1140 2807 ἔμφασιν
1194 2734 1341 2791 κατὰ
1398 2733 1525 2789 νοῦν
1588 2732 1782 2803 ὥσπερ

190 2833 366 2905 ὀρῶν,
398 2830 495 2885 καὶ
520 2830 699 2901 ἑαυτῷ
722 2830 865 2885 κατά
888 2830 1051 2897 λόγον
1079 2828 1287 2899 ταύτην
1313 2824 1785 2896 είλικρινεστάτην

196 2924 604 3000 μορφούμενος.
635 2926 700 2977 Ὃ
729 2924 839 2997 γὰρ
866 2924 932 2978 δι’
964 2922 1224 2986 εὐσεϐοῦς
1267 2920 1547 2990 γνώσεως,
1580 2919 1747 2990 φασὶν
1767 2957 1782 2983 ,

193 3020 224 3073 ό
254 3017 503 3089 καθαρὸς
561 3018 693 3088 ὁρᾷν
749 3015 964 3086 πέφυκε
1018 3014 1165 3079 νοῦς,
1218 3012 1379 3067 τοῦτο
1432 3013 1528 3067 καὶ
1579 3009 1779 3066 παθεῖν

192 3112 444 3176 δύναται,
476 3109 608 3163 αὐτὸ
639 3110 817 3163 έκεῖνο
850 3108 994 3163 κατὰ
1024 3106 1125 3180 τὴν
1157 3104 1274 3173 ἕξιν
1296 3106 1363 3161 δι’
1395 3104 1602 3178 ἀρετῆς
1630 3102 1785 3173 γινό-

198 3221 391 3277 μενος.
415 3197 562 3267 Οἶον,
584 3202 683 3273 τὴν
724 3203 825 3274 μὲν
874 3201 1065 3256 οὐσίαν
1108 3201 1394 3271 θεολογίας
1442 3194 1585 3254 εἶναι
1634 3198 1785 3253 διδά-

198 3296 429 3358 σκαλον,
458 3294 531 3347 δι’
561 3288 629 3367 ἧς
649 3293 761 3346 τῶν
793 3292 965 3346 όντων
994 3291 1057 3345 τὸ
1083 3290 1258 3344 αἴτιον
1290 3287 1690 3361 ἐπιζητοῦντες
1715 3286 1785 3340 δι’

197 3389 388 3445 αὐτῶν
428 3389 512 3442 ὅτι
555 3386 671 3439 ἔστι
710 3383 1106 3455 διδασκόμεθα,
1140 3383 1202 3437 τὸ
1232 3382 1423 3437 τίπυτε
1450 3377 1591 3436 εἶναι
1625 3380 1788 3435 τοῦτο

198 3482 325 3535 κατ’
355 3479 549 3533 οὐσίαν
577 3477 779 3547 γνῶναι
806 3476 882 3549 μὴ
903 3475 1338 3547 ἐπιχειροῦντες,
1383 3474 1466 3528 ότι
1488 3473 1623 3545 μηδὲ
1639 3473 1787 3527 ἔστιν

197 3572 502 3644 ἐμφάσεως
549 3572 608 3623 ὲν
639 3572 752 3634 τοῖς
788 3568 909 3624 οῦσι
941 3568 1137 3622 τούτου
1179 3565 1442 3639 προϐολὴ,
1473 3558 1625 3636 δι’ἦς
1681 3564 1788 3618 κᾶν

200 3663 392 3726 ποσῶς
419 3662 496 3726 ὡς
520 3663 588 3717 δι’
614 3660 865 3715 αἰτιατοῦ
890 3660 1029 3731 πρὸς
1057 3660 1120 3712 τδ
1150 3658 1330 3712 αἴτιον
1368 3656 1782 3727 άνανεύσωμεν·

196 3759 301 3828 τὴν
334 3755 396 3810 δὲ
444 3754 658 3823 κίνησιν
683 3753 784 3824 τῆς
832 3752 942 3806 τῶν
978 3751 1149 3804 ὄντων
1201 3749 1461 3821 προνοίας
1496 3744 1636 3801 εἶναι
1688 3748 1789 3818 ὲμ-

199 3846 500 3919 φαντικὴν,
548 3846 616 3900 δι’
652 3839 721 3918 ἦς
762 3845 873 3899 τῶν
918 3844 1226 3913 γεγονότων
1282 3842 1385 3913 τὴν
1435 3842 1557 3895 κατ’
1597 3841 1788 3894 οὐσίαν

199 3943 443 3996 ἑκάστου
500 3940 621 3995 κατ’
643 3935 787 4003 εἶδος
839 3937 1266 4010 ἀπαράλλακτον
1320 3935 1634 4007 ταυτότητα
1691 3933 1789 3987 καὶ

199 4032 474 4095 ὡσαύτως
507 4029 997 4103 ἁπαραγχείρητον
1029 4027 1371 4098 διεξαγωγὴν
1405 4025 1743 4097 θεωροῦντες
1769 4063 1784 4088 ,

199 4124 297 4175 τον
328 4122 631 4191 συνέχοντα
666 4123 762 4173 καὶ
792 4117 1136 4187 φυλάττοντα
1163 4116 1287 4171 καθ’
1314 4116 1513 4171 ἕνωσιν
1542 4115 1787 4186 ἄρρητον

201 4212 460 4282 ἀλλήλων
493 4209 764 4281 εὐκρινῶς
790 4204 1159 4278 ἀφωρισμένα
1187 4204 1258 4259 τὰ
1309 4206 1490 4257 πάντα
1540 4201 1664 4256 καθ’
1694 4199 1789 4263 οὓς

204 4304 530 4376 ὑπέστησαν
555 4302 767 4355 ἕκαστα
786 4300 982 4369 λόγους
1022 4296 1316 4369 ἐννοοῦμεν
1342 4313 1360 4330 ο
1387 4296 1488 4366 τὴν
1518 4293 1790 4365 διαφορὰν

202 4401 264 4455 δὲ
303 4398 408 4471 τῆς
455 4396 694 4468 κρίσεως
730 4391 868 4449 εἶναι
903 4390 1231 4465 μηνυτικὴν,
1264 4388 1388 4445 καθ’
1418 4390 1487 4461 ἢν
1525 4386 1789 4457 διανομέα

1895 577 2038 623 ctum
2069 575 2237 621 verte:
2271 582 2378 631 eos,
2408 575 2457 619 et
2490 566 2835 620 mutabuntur
2857 576 2905 635 α,
2934 578 3160 639 propter
3186 581 3477 641 exspecta.

1846 730 1849 733 γ
1899 667 2010 712 tam
2038 655 2476 711 immortalitatis
2504 655 2759 727 gratiam.

1820 858 1889 872 ᾔ

1893 918 1969 973 De
2002 920 2237 991 quinque
2267 918 2432 973 modis
2484 918 2944 990 contemplationis
3002 922 3266 977 naturalis
3308 923 3473 980 brevis

2549 1012 2824 1081 expositio.

1962 1170 2046 1226 Ad
2077 1170 2197 1226 haec
2229 1185 2365 1226 vero
2393 1170 2561 1226 etiam
2612 1170 2860 1228 rationes
2910 1188 3332 1244 cognoscemus,
3373 1191 3475 1231 cx-

1892 1271 2101 1321 tremas
2133 1262 2399 1319 videlicet
2423 1272 2727 1334 nostroque
2753 1264 2939 1335 captui
2964 1274 3206 1336 apertas,
3238 1283 3473 1337 quarum

1891 1356 2021 1412 data
2065 1364 2152 1412 est
2179 1354 2338 1428 quasi
2370 1354 2632 1427 magistra
2688 1356 2957 1421 conditio,
2988 1366 3045 1412 et
3070 1358 3317 1429 quinque
3348 1376 3474 1416 cum

1891 1448 1961 1504 iis
1991 1448 2336 1505 cohaerentes
2361 1449 2849 1520 contemplationis
2876 1450 3092 1516 modos,
3124 1452 3330 1521 quibus
3354 1454 3473 1508 dis-

1893 1539 2207 1612 tinguentes
2242 1540 2617 1597 conditionem
2666 1540 2843 1597 sancti
2886 1557 3012 1596 cum
3043 1542 3248 1612 pietate
3284 1546 3476 1617 mysti-

1891 1648 1984 1689 eas
2017 1636 2071 1687 in
2095 1648 2160 1688 ea
2183 1632 2289 1689 sibi
2320 1633 2662 1705 collegerunt
2684 1633 2948 1697 rationes,
2979 1634 3037 1690 in
3060 1636 3381 1701 essentiam,
3418 1646 3475 1693 et

1893 1734 2127 1792 motum,
2154 1733 2212 1781 et
2239 1725 2635 1789 diﬂ'erentiam,
2670 1726 2984 1782 mistionem
3043 1737 3212 1798 atque
3244 1729 3474 1798 positio-

1826 1818 1867 1874 B
1897 1834 2023 1874 nem
2059 1818 2358 1889 dispartiti.
2421 1816 2667 1885 Quorum
2716 1819 3007 1874 modorum
3044 1829 3157 1875 tres
3191 1822 3472 1894 principa-

1888 1911 2017 1966 liter
2040 1926 2163 1966 esse
2189 1910 2257 1965 ad
2292 1910 2663 1982 cognitionem
2693 1911 2790 1967 Dei
2817 1921 2973 1983 aptos
3004 1920 3059 1968 et
3084 1915 3242 1983 quasi
3277 1930 3473 1970 manu-

1886 2003 2169 2059 ductorios
2221 2004 2466 2075 prolatos
2512 2002 2793 2068 dixerunt,
2839 2020 3010 2058 unum
3064 2006 3305 2075 primum
3369 2023 3463 2063 es-

1887 2096 2100 2161 sentia,
2137 2096 2373 2151 alterum
2425 2104 2627 2161 motus,
2681 2096 2906 2151 tertium
2953 2097 3322 2167 dill‘erentiaz,
3373 2117 3472 2171 per

1886 2188 2036 2259 quod
2061 2190 2207 2244 Deus
2232 2188 2520 2242 hominum
2551 2190 2761 2243 notioni
2786 2205 2848 2244 se
2879 2189 3042 2245 otl‘ert
3067 2206 3132 2245 ex
3158 2192 3327 2247 rebus
3350 2209 3472 2263 quae

1887 2292 2016 2337 sunt
2050 2280 2252 2336 indicia
2281 2282 2403 2352 ejus
2446 2282 2849 2351 colligentium,
2902 2290 2961 2337 ut
2990 2283 3222 2338 artiﬁcis
3255 2293 3311 2339 et
3346 2301 3471 2356 pro-

1885 2372 2085 2429 visoris
2117 2381 2172 2428 et
2192 2373 2440 2444 jndicis:
2476 2372 2619 2428 duos
2646 2388 2781 2429 vero
2816 2374 3061 2445 prolatos
3104 2392 3226 2432 esse
3266 2378 3471 2447 quibus

1888 2465 2312 2521 institueremur
2342 2465 2412 2520 ad
2442 2466 2704 2521 virtutem
2741 2474 2797 2521 et
2858 2466 3291 2523 familiaritatem
3343 2486 3469 2526 cum

1886 2557 2022 2622 Deo,
2078 2556 2355 2612 mistionis
2406 2566 2465 2614 et
2526 2556 2841 2628 positionis,
2904 2574 3005 2629 per
3032 2575 3173 2630 quos
3201 2561 3472 2619 formatus

1887 2648 2055 2704 homo
2081 2649 2228 2705 Deus
2258 2648 2373 2713 ﬂat,
2398 2649 2573 2704 Deum
2602 2650 2721 2704 ﬁeri
2756 2665 2951 2720 passus
2974 2666 3041 2706 ex
3066 2652 3133 2707 iis
3166 2668 3287 2723 quae
3313 2663 3468 2719 sunt.

1887 2738 2021 2794 dum
2046 2756 2211 2796 omne
2244 2740 2341 2795 Dei
2368 2740 2437 2795 de
2460 2740 2709 2794 bonitate
2726 2740 3085 2796 simulacrum
3104 2754 3287 2798 mente
3311 2744 3468 2814 quasi

1886 2832 2062 2899 videt,
2119 2840 2177 2888 et
2224 2831 2668 2888 sincerissimum
2718 2832 2825 2887 sibi
2862 2832 2964 2902 ipsi
3024 2822 3370 2889 rationaliter
3414 2836 3467 2890 id

1886 2922 2115 2995 eﬁingit.
2159 2922 2318 2990 Quod
2365 2923 2514 2978 enim
2572 2922 2659 2992 pia
2716 2922 3055 2993 cognitione,
3107 2924 3299 2989 aiunt,
3333 2940 3470 2994 pura

1888 3030 2047 3071 mens
2080 3014 2336 3086 percipit,
2365 3014 2469 3069 hoc
2495 3014 2662 3070 etiam
2697 3013 2812 3085 pati
2846 3022 3049 3085 potest,
3103 3015 3283 3086 ipsum
3334 3017 3470 3071 illud

1889 3106 2197 3162 secundum
2246 3105 2499 3161 habitum
2542 3121 2640 3177 per
2692 3105 2955 3161 virtutem
3010 3107 3219 3162 evadit.
3262 3109 3468 3171 Veluti.

1891 3198 2191 3254 essentiam
2221 3214 2343 3255 esse
2368 3198 2663 3269 theologia:
2686 3199 3027 3270 magistram,
3055 3215 3156 3271 per
3189 3217 3353 3271 quam
3381 3218 3467 3256 re-

1889 3305 2014 3344 rum
2049 3305 2172 3359 quae
2198 3299 2327 3345 sunt
2353 3305 2575 3345 causam
2630 3301 2945 3360 qumrentes
3000 3307 3100 3362 per
3134 3292 3280 3363 ipsas
3321 3294 3469 3363 quod

1889 3382 1999 3437 sint
2034 3381 2321 3448 docemur,
2351 3382 2487 3452 quid
2514 3383 2736 3437 tandem
2778 3382 2892 3437 sint
2936 3385 3241 3439 secundum
3277 3401 3469 3441 essen-

1890 3476 2024 3531 tiam
2046 3490 2384 3547 cognoscere
2414 3474 2563 3529 haud
2594 3476 3037 3546 tentantes,quia
3068 3492 3169 3531 nec
3187 3478 3469 3546 proditum

1889 3576 1974 3623 est
2015 3567 2071 3622 in
2093 3567 2263 3621 rebus
2296 3581 2420 3636 qua:
2448 3574 2577 3621 sunt
2603 3566 2895 3629 indicium,
2938 3582 3036 3636 per
3074 3568 3223 3637 quod
3253 3570 3337 3623 vel
3374 3570 3472 3624 ali-

1889 3668 2165 3731 quatenus
2194 3668 2454 3729 tanquam
2485 3674 2586 3729 per
2610 3668 2898 3713 causatum
2934 3658 3002 3713 ad
3027 3674 3249 3713 causam
3291 3676 3473 3715 emer-

1890 3769 2085 3825 gamus
2108 3770 2122 3817 ;
2153 3752 2456 3807 motionem
2493 3768 2626 3806 vero
2652 3751 2965 3823 signiﬁcare
2998 3769 3181 3808 rerum
3207 3770 3329 3825 quae
3346 3767 3474 3811 sunt

1891 3844 2323 3915 providentiam,
2386 3859 2494 3913 qua
2528 3860 2719 3899 eorum
2762 3860 2886 3914 qua!
2916 3846 3061 3901 facta
3113 3857 3242 3900 sunt
3278 3864 3469 3903 essen-

1891 3936 2078 3992 tialem
2104 3936 2375 4006 cujusque
2402 3934 2471 3988 ad
2507 3935 2745 4005 speciem
2783 3936 3181 3991 immutabilem
3211 3937 3472 3995 identita-

1891 4038 2001 4085 tem
2044 4029 2363 4099 pariterque
2402 4028 2813 4093 intaminatam,
2845 4028 3055 4083 exitum
3098 4032 3505 4101 contemplan~_

1891 4131 1995 4189 tes,
2029 4120 2366 4177 ineﬂ‘abilem
2406 4121 2561 4175 illum
2605 4120 2699 4191 qui
2740 4137 2945 4176 arcano
2980 4123 3211 4178 unitatis
3252 4123 3475 4179 vinculo

1890 4217 2139 4272 continet
2196 4224 2362 4285 atque
2425 4225 2609 4270 servat
2673 4215 2933 4270 universa
3000 4216 3149 4272 inter
3208 4232 3267 4272 se
3309 4218 3477 4278 .bene

1890 4309 2133 4364 discreta
2168 4307 2477 4365 secundum
2505 4307 2752 4363 rationes
2777 4308 2980 4377 quibus
3006 4309 3216 4381 singula
3244 4326 3477 4381 quaeque

1893 4401 2207 4456 subsistunt
2241 4401 2627 4471 cognoscimus
2668 4416 2681 4453 :
2726 4400 3094 4455 diﬂ'erentiam
3132 4412 3317 4457 autem
3351 4419 3477 4459 esse

207 4492 377 4561 σοφὸν
408 4492 474 4544 ὲκ
501 4488 601 4559 τῆς
627 4490 685 4541 ὲν
719 4487 940 4557 ἑκάστῳ
980 4484 1091 4538 τῶν
1133 4483 1307 4537 όντων
1357 4478 1677 4551 συμμέτρου
1710 4476 1787 4547 τῷ

1892 4492 2085 4564 iudicii
2127 4491 2393 4556 indicem,
2421 4506 2528 4560 qua
2567 4506 2637 4545 ex
2678 4492 2919 4545 naturali
2958 4492 3012 4546 in
3050 4493 3247 4563 quovis
3282 4510 3475 4550 eorum

210 4582 567 4655 ὑποκειμένῳ
602 4583 703 4653 τῆς
728 4580 918 4644 οὐσίας
940 4577 1183 4648 φυσικῆς
1204 4575 1492 4645 δυνάμεως
1518 4572 1629 4625 τῶν
1662 4569 1788 4623 καθ’

206 4678 422 4731 ῑκαστα
476 4674 648 4743 λόγων
696 4668 836 4727 εἶναι
884 4670 977 4725 τὸν
1018 4669 1155 4723 Θεὸν
1203 4663 1574 4736 παιδευόμεθα
1599 4678 1617 4695 '
1650 4661 1789 4733 πρό-

209 4788 363 4823 νοιαν
381 4768 441 4822 δέ
468 4784 613 4837 φημι
646 4765 760 4829 νοῦ,
789 4765 853 4818 οὐ
904 4762 1010 4834 τὴν
1057 4758 1517 4831 ὲπιστρεπτικὴν,
1551 4757 1650 4810 καὶ
1679 4750 1793 4808 οἷον

208 4860 564 4933 οἰκονομικὴν
600 4860 700 4930 τῆς
737 4857 845 4911 τῶν
898 4854 1316 4927 προνοουμένων
1357 4852 1449 4921 ἀφ’
1481 4845 1557 4905 ὧν
1603 4849 1664 4902 οὐ
1711 4849 1795 4903 δεῖ

212 4955 296 5024 ἐφ’
323 4954 362 5008 ἃ
403 4954 486 5006 δεῖ
528 4952 918 5021 ὲπαναγωγῆς,
952 4947 1092 5002 ἀλλὰ
1140 4946 1242 5017 τὴν
1298 4942 1631 5014 συνεκτικὴν
1695 4939 1790 4995 τοῦ

213 5046 439 5111 παντὸς,
470 5044 569 5098 καὶ
610 5042 731 5095 καθ’
754 5040 848 5104 οὒς
882 5041 945 5093 τὸ
970 5040 1080 5093 πᾶν
1110 5035 1549 5111 προηγουμένως
1578 5034 1793 5105 ὑπέστη

215 5138 414 5207 λόγους
463 5136 871 5206 συντηρητικήν
896 5151 910 5165 ·
942 5130 1106 5205 149
1143 5130 1199 5203 a)
1236 5129 1331 5184 καὶ
1360 5128 1565 5199 κρίσιν,
1602 5127 1663 5179 οὐ
1696 5128 1797 5198 τὴν

216 5228 578 5299 παιδευτικὴν
629 5228 722 5281 καὶ
758 5222 872 5280 οἷον
921 5223 1255 5295 κολαστικὴν
1300 5222 1411 5275 τῶν
1446 5221 1798 5293 ἁμαρτανόν-

218 5340 346 5388 των,
385 5322 524 5376 sua
546 5322 652 5390 τὴν
686 5319 964 5390 σωστικὴν
986 5317 1081 5371 καὶ
1106 5317 1469 5387 ἁφοριστικὴν
1492 5315 1601 5367 τῶν
1624 5314 1798 5367 ὅντων

221 5414 502 5485 διανομὴν,
526 5413 647 5467 καθ’
677 5410 745 5484 ἢν
790 5411 900 5466 τῶν
936 5410 1240 5480 γεγονότων
1282 5408 1491 5463 ἕκαστα
1519 5409 1634 5471 τοῖς
1667 5406 1793 5460 καθ’

222 5505 318 5568 οὓς
346 5507 643 5574 γεγένηται
693 5504 1017 5575 συνημμένα
1060 5501 1243 5571 λόγοις
1278 5498 1636 5571 ἀπαράϐατον
1681 5496 1796 5569 ἔχει

298 5602 324 5641 ε
354 5598 520 5656 Hebr.
558 5616 594 5666 I,
626 5599 714 5654 12.

1894 4601 2018 4657 quas
2053 4592 2183 4639 sunt
2218 4583 2285 4637 ad
2320 4583 2377 4637 id
2409 4582 2561 4653 quod
2597 4583 2856 4637 essentia:
2888 4584 3139 4653 subiacet
3172 4593 3478 4655 temperata

1896 4683 2171 4748 potestate
2190 4674 2466 4729 rationum
2494 4673 2561 4729 ad
2590 4673 2803 4744 singula
2825 4689 3057 4744 quaeque
3082 4676 3478 4745 pertinentium

1899 4762 2344 4839 dispensatorem
2393 4764 2698 4836 sapientem
2751 4766 2923 4820 Deum
2968 4782 3092 4822 esse
3144 4766 3477 4834 edncemur;

1900 4857 2307 4930 providentiam
2330 4870 2463 4911 vero
2488 4850 2736 4910 attribuo
2764 4855 3094 4921 intellectui,
3115 4872 3223 4910 non
3251 4870 3483 4911 conver-

1902 4949 2077 5006 sivam
2110 4947 2259 5003 illam
2296 4956 2352 5003 et
2385 4947 2544 5018 quasi
2578 4947 2981 5003 (economicam
3021 4946 3343 5001 removendi
3380 4963 3479 5003 eos

1902 5041 2109 5113 quibus
2143 5040 2470 5112 providetur
2496 5039 2566 5094 ab
2592 5039 2675 5095 eis
2703 5055 2827 5109 quae
2855 5054 2965 5093 non
2993 5053 3133 5109 opus
3164 5047 3292 5093 sunt
3316 5039 3382 5094 ad
3412 5056 3477 5095 ea

1903 5150 2026 5207 qua:
2055 5142 2204 5199 sunt,
2230 5133 2327 5189 sed
2356 5149 2478 5188 eam
2510 5147 2633 5202 quae
2658 5132 2979 5186 universum
3014 5131 3120 5185 hoc
3147 5130 3397 5187 continet
3424 5145 3480 5187 et

1905 5226 2183 5281 rationum
2217 5224 2421 5295 quibus
2453 5225 2508 5278 in
2547 5223 2822 5294 principio
2856 5222 3190 5293 productum
3226 5231 3311 5278 est
3345 5241 3482 5280 con-

1908 5316 2267 5374 servatricem
2308 5333 2321 5369 :
2362 5325 2417 5371 et
2445 5314 2737 5388 judicium,
2766 5330 2875 5369 non
2912 5313 3046 5369 illud
3083 5314 3230 5386 quod
3266 5315 3491 5373 instruit

1902 5418 2069 5479 atque
2100 5417 2326 5465 coercet
2354 5416 2667 5480 peccantes,
2695 5407 2789 5462 sed
2825 5403 2972 5478 quod
3007 5408 3181 5465 salvat
3210 5416 3265 5463 et
3294 5408 3487 5464 deﬁnit

1905 5516 2093 5556 rerum
2129 5517 2253 5573 qua
2295 5509 2425 5557 sunt
2463 5500 2937 5569 distributionem,
2970 5516 3083 5574 quo
3128 5516 3323 5557 eorum
3368 5516 3492 5571 quae

1514 5687 1751 5746 VARIE
1784 5686 2191 5748 LECTIONES.

298 5810 350 5853 ³⁸
373 5813 752 5887 σωνημμένοις
777 5842 846 5855 -
863 5842 925 5854 -
957 5811 1177 5883 τρόποις
1207 5808 1329 5867 cod.
1360 5806 1505 5865 Gud.
