4014 6284
256 305 395 381 1131

1485 272 2003 381 AMBIGUORUM
2042 319 2293 383 LIBER.

3359 310 3497 393 ms

252 431 621 501 ὲννοήσαντες
660 431 818 502 λόγον
849 432 977 496 τοὺς
1021 430 1115 487 δύο
1154 433 1236 497 εἰς
1282 433 1379 491 ἕνα
1417 432 1651 505 θεωρίας
1699 452 1821 487 συν-

1924 436 2043 500 nia,
2075 452 2197 506 qua:
2236 444 2430 492 mutuo
2473 438 2619 493 inter
2654 452 2713 493 se
2750 436 2971 492 vinculo
3011 436 3065 490 in
3103 433 3269 489 unius
3306 432 3496 486 mundi

250 520 511 577 ἐκλεισαν
557 524 782 594 τρόπον,
819 524 942 578 καθ’
967 525 1027 579 ὂν
1076 524 1220 596 ἁπλῇ
1270 524 1547 596 προσὸολῇ
1586 526 1674 579 διὰ
1715 525 1826 579 τῶν

251 615 313 667 ὲν
344 616 461 678 τοῖς
488 613 608 669 οὖσι
638 616 813 685 λόγων
838 618 975 689 πρὸς
1002 616 1065 670 τὸ
1090 617 1262 672 αἴτιον
1302 617 1427 670 νοῦν
1451 617 1827 689 διαπορθμεύο

253 716 480 771 σαντες,
507 709 609 762 καὶ
634 707 783 779 μόνῳ
824 709 971 779 αὑτῷ
998 710 1075 773 ὡς
1100 707 1401 779 συναγωγῷ
1432 708 1542 762 τῶν
1573 710 1631 775 ἐξ
1660 707 1825 763 αὑτοῦ

251 795 481 851 πάντων
542 798 637 851 καὶ
718 797 956 868 ἑλκτικῷ
1025 798 1431 869 προσδήσαντες
1463 837 1477 861 ,
1536 801 1648 861 τοῖς
1700 798 1827 852 καθ’

247 886 464 942 ἕκαστα
485 888 594 941 τῶν
622 888 763 943 ὅλων
787 888 864 960 τῷ
900 888 1285 960 ὑπερὸαθῆναι
1315 887 1499 944 οὐκέτι
1543 888 1828 960 διαχεόμε-

250 995 337 1032 νοι
364 978 565 1047 λόγοις.
597 980 687 1034 διὰ
708 979 804 1033 τοῦ
831 979 1124 1033 πεπεῖσθαι
1151 978 1340 1049 σαφῶς
1372 979 1533 1049 μόνον
1570 980 1663 1032 τὸν
1694 980 1828 1033 Θεὸν

251 1068 461 1140 κυρίως
511 1065 653 1124 εἶναι
700 1069 885 1123 λοιπὸν
922 1071 988 1124 ὲκ
1017 1069 1117 1140 τῆς
1173 1069 1310 1141 πρὸς
1377 1069 1447 1124 τά
1499 1070 1629 1125 ὄντα
1667 1071 1827 1141 ἀκρι-

248 1159 385 1223 ϐοῦς
430 1161 804 1227 ὲνατενίσεως,
848 1162 943 1215 καὶ
980 1161 1168 1215 οὑσὶαν
1205 1159 1314 1215 τῶν
1362 1160 1532 1217 ὄντων
1560 1163 1654 1216 καὶ
1675 1161 1831 1234 κῐνη-

249 1268 341 1304 σιν
388 1252 484 1305 καὶ
526 1253 634 1306 τῶν
684 1252 1050 1324 διαφερόντων
1090 1252 1422 1325 εὑκρίνειαν,
1464 1254 1559 1307 καὶ
1598 1254 1829 1326 συνοχὴν

249 1344 543 1399 ἀδιάλυτον
572 1346 681 1398 τῶν
711 1345 1142 1416 κεκραμμένων,
1171 1345 1268 1399 καὶ
1312 1345 1528 1418 ἵδρυσιν
1561 1346 1828 1418 ἀμετάθε-

245 1454 348 1490 τον
367 1436 478 1490 τῶν
505 1437 864 1507 τεθειμένων,
892 1437 991 1491 καὶ
1014 1437 1200 1509 πάσης
1224 1437 1414 1504 ἁπλῶς
1435 1438 1536 1510 τῆς
1577 1435 1827 1492 ὁπωσοῦν

244 1529 552 1601 νοουμένης
572 1528 781 1593 οὑσίας,
809 1530 903 1582 καὶ
927 1529 1198 1599 κινήσεως
1234 1529 1330 1584 καὶ
1358 1530 1651 1603 διαφορᾶς,
1684 1529 1824 1600 κρά-

250 1621 397 1686 σεώς
439 1638 504 1674 τε
552 1621 649 1674 καὶ
702 1618 904 1685 θέσεως
950 1619 1125 1676 αἴτιον
1152 1659 1168 1684 ,
1207 1620 1389 1691 σοφῶς
1438 1622 1507 1677 δι’
1549 1622 1827 1694 ἐμφεροῦς

244 1716 569 1789 ὁμοιότητος
600 1714 699 1787 τὴν
720 1715 862 1770 κατὰ
891 1713 981 1768 τὸν
1020 1715 1276 1787 αἰσθητὸν
1317 1714 1489 1770 αἰῶνα
1540 1716 1813 1787 μυστικὴν

243 1784 488 1881 Θεωρίαν
512 1808 605 1862 ἐπὶ
630 1784 721 1863 τὸν
739 1809 880 1863 κατὰ
905 1808 1146 1863 διάνοιαν
1169 1784 1244 1863 γὲν
1280 1784 1553 1880 πνεύματι
1588 1808 1678 1862 διά
1713 1784 1823 1861 τῶν
1857 1784 1898 1843 Β

245 1902 465 1974 ἀρετῶν
491 1900 982 1974 συμπληρούμενον
1017 1901 1222 1973 κόσμον
1271 1903 1615 1974 μετήνεγκαν
1643 1918 1659 1934 ο
1700 1901 1823 1957 καθ’

246 1996 319 2066 ἢν
345 1994 473 2058 τοὺς
505 1994 833 2065 εἰρημένους
881 1993 1118 2065 τρόπους
1164 1995 1245 2058 εἰς
1277 1994 1373 2050 ἕνα
1426 1994 1825 2063 συναγαγόντες

245 2089 344 2143 τὸν
376 2088 654 2159 διαφόροις
687 2086 901 2161 ἀρετῶν
930 2087 1101 2141 εἴδεσι
1130 2086 1230 2161 τὴν
1260 2091 1355 2141 τοῦ
1384 2086 1528 2142 κατὰ
1569 2087 1815 2143 διάνοιαν

242 2180 537 2252 γνωμικοῦ
575 2181 784 2252 κόσμου
826 2178 1014 2233 οὑσξαν
1059 2178 1444 2252 ὲκπληροῦντα
1470 2179 1537 2233 δι’
1564 2180 1688 2234 ὅλου
1735 2179 1825 2233 λό-

244 2289 349 2342 γον
381 2272 694 2343 μονιὸτατον
716 2273 951 2337 ἑαυτοῖς,
973 2272 1050 2335 ὼς
1071 2270 1310 2340 ἐφικτὸν,
1339 2270 1822 2343 ὲναπωμόρξαντο,

244 2364 467 2427 πάντας
493 2362 697 2436 δηλαδὴ
726 2363 1071 2434 περάσαντες
1099 2363 1226 2426 τοὺς
1254 2362 1365 2414 τῶν
1388 2360 1557 2414 ὄντων
1591 2361 1687 2414 καὶ
1729 2361 1827 2414 αὑ-

238 2456 381 2521 τοὺς
406 2456 533 2520 τοὺς
562 2455 672 2509 τῶν
701 2454 931 2525 ἀρετῶν·
958 2452 1172 2523 λόγους,
1216 2453 1416 2522 μᾶλλον
1441 2452 1497 2506 δὲ
1532 2452 1669 2523 μετὰ
1692 2450 1823 2505 τού-

244 2565 360 2602 των
389 2549 526 2618 πρδς
558 2548 653 2601 τὸν
686 2548 829 2617 ὑπὲρ
858 2546 1107 2610 τούτους,
1140 2546 1238 2600 καὶ
1266 2547 1345 2609 εἰς
1375 2544 1434 2599 ὃν
1465 2538 1611 2599 οῦτοι
1638 2544 1733 2597 καὶ
1763 2544 1823 2610 ἐξ

242 2635 312 2698 οὗ
333 2643 397 2695 τὸ
422 2636 562 2695 εἶναι
590 2640 802 2704 τούτοις
829 2641 978 2694 ἐστὶν
999 2641 1327 2711 ὑπερούσιον
1350 2639 1445 2695 καὶ
1471 2636 1825 2709 ὑπεράγαθον

241 2733 407 2803 λόγον
434 2731 730 2802 ἀγνώστως
760 2732 1165 2804 ἀναδραμόντες
1199 2748 1214 2763 ⁸
1258 2731 1356 2785 καὶ
1389 2730 1501 2784 ὅλοι
1532 2730 1640 2800 ὅλῳ
1676 2728 1823 2784 κατὰ

239 2824 310 2878 τὸ
353 2824 578 2895 ἐφικτὸν
619 2823 803 2895 (150
827 2824 879 2896 ὁ)
918 2825 1019 2895 τῆς
1056 2822 1287 2894 ἐνούσης
1338 2821 1523 2885 αὑτοῖς
1586 2820 1825 2891 φυσικῆς

240 2916 536 2988 δυνάμεως
568 2917 612 2948 ⁷⁸
662 2916 957 2980 ὲνωθέντες
1005 2915 1264 2970 τοσοῦτον
1314 2906 1684 2986 ὲνδείομένως
1731 2912 1825 2965 ὑπ’

241 3008 417 3062 αὑτοῦ
478 3006 845 3079 ὲποιὼθησαν,
906 3007 1051 3063 ὥστε
1086 3006 1185 3061 καὶ
1232 3005 1340 3063 ἀπὸ
1368 3005 1528 3077 μόνου
1569 3003 1824 3074 γνωρίζε-

244 3099 399 3190 σθαι,
429 3094 540 3190 οἷον
568 3098 815 3190 ἔσοπτρα
845 3099 1207 3190 διει-δέστατα,
1249 3098 1373 3154 ὅλου
1403 3096 1497 3190 τοῦ
1525 3096 1824 3190 ἐνορῶντος
1849 3132 1891 3190 c

234 3186 388 3242 Θεοῦ
442 3188 601 3257 λόγου
653 3189 714 3242 τὸ
748 3183 887 3252 εἶδος
930 3186 1360 3259 ἀπαραλείπτως
1401 3185 1491 3241 διὰ
1516 3186 1625 3240 τῶν
1662 3184 1822 3239 θεέων

241 3281 419 3335 αὑτοῦ
471 3279 878 3353 γνωρισμάτων
918 3279 1247 3350 φαινόμενον
1282 3279 1520 3350 ἔχοντες,
1546 3274 1623 3348 τῷ
1646 3275 1822 3329 ὲλλει-

206 3368 214 3373 ’
242 3373 449 3444 φθῆναι
467 3371 669 3444 μηδένα
690 3370 799 3425 τῶν
823 3370 1067 3425 παλαιῶν
1093 3370 1475 3443 χαρακτήρων,
1510 3362 1591 3433 οἷς
1618 3366 1822 3439 μηνύε-

243 3464 377 3518 σθαι
437 3464 650 3536 πέφυκε
677 3465 739 3518 τὸ
764 3463 1125 3536 ἀνθρώπινον,
1167 3464 1384 3517 πάντων
1415 3460 1675 3529 εἰξάντων
1706 3462 1821 3524 τοῖς

232 3555 550 3627 ἀμείνοσιν,
584 3552 696 3612 οἷον
741 3556 848 3629 ἀὴρ
898 3554 1143 3628 ἀφεγγὴς
1178 3554 1319 3626 φωτὶ
1346 3554 1415 3609 δι’
1448 3553 1571 3608 ὅλου
1621 3567 1820 3625 μετεγ-

242 3648 495 3720 κραθείς.

1927 528 2351 596 completioncm
2394 528 2659 584 inell‘abili
2705 527 2945 600 quodam
2995 526 3159 581 modo
3198 525 3495 588 cohaerent,

1927 619 2103 674 solum
2146 636 2273 673 eum
2315 620 2411 690 qui
2459 636 2524 674 ea
2567 620 2815 690 colligat,
2857 634 3093 688 cumque
3139 615 3497 671 universitate

1928 720 2114 781 partes
2145 712 2389 783 singulas
2416 712 2623 783 hasque
2658 712 2803 782 ipsas
2829 711 2973 766 inter
3021 709 3231 779 seipsas
3261 708 3497 762 invicem

1925 803 2272 875 constringit,
2318 802 2581 873 Opiﬁcem
2619 805 2888 859 rationem
2932 800 3317 873 cogitabundi,
3357 800 3499 856 duos

1927 895 2064 952 istos
2099 896 2155 950 in
2195 912 2370 951 unum
2406 895 2892 965 contemplationis
2926 895 3152 951 modum
3190 893 3495 959 Cluserunt,

1926 987 2232 1042 secundum
2270 1004 2433 1058 quem
2474 1004 2586 1043 uno
2623 989 2855 1059 appulsu
2894 1003 2994 1059 per
3028 986 3273 1042 rationes
3313 1001 3499 1040 rerum

1926 1092 2049 1147 qua:
2074 1085 2205 1131 sunt
2230 1087 2472 1133 mentem
2500 1077 2569 1132 ad
2597 1093 2821 1133 causam
2856 1077 3310 1141 transmittentes,
3333 1075 3498 1146 eique

1925 1166 2023 1221 uni
2064 1176 2324 1239 tanquam
2364 1168 2729 1224 conciliatrici
2774 1184 2967 1224 eorum
3005 1185 3126 1240 qua:
3162 1184 3231 1229 ex
3265 1183 3331 1223 ea
3369 1176 3500 1223 sunt

1927 1258 2197 1325 omnium,
2227 1274 2295 1315 ac
2332 1275 2520 1316 secum
2569 1258 2831 1326 trahenti,
2859 1259 3245 1331 adjungentes,
3274 1258 3499 1313 univer-

1927 1364 2115 1405 sorum
2150 1350 2460 1406 rationibus
2481 1365 2583 1423 per
2606 1351 2819 1423 singula
2845 1366 3078 1422 quaeque
3113 1359 3497 1421 superatorum

1926 1458 2038 1498 non
2075 1444 2188 1515 jam
2234 1442 2450 1511 diﬂ‘usi,
2488 1459 2614 1499 cum
2661 1443 2744 1499 eis
2782 1443 2943 1513 plane
2988 1459 3312 1516 persuasum
3352 1452 3499 1499 esset

1874 1600 1879 1603 ς
1926 1535 2107 1589 solum
2146 1535 2321 1591 Deum
2361 1535 2589 1608 proprie
2632 1536 2868 1607 relinqui
2905 1553 2972 1592 ex
3015 1546 3274 1592 accurata
3313 1553 3499 1592 rerum

1928 1643 2051 1700 qua:
2077 1636 2205 1683 sunt
2232 1628 2550 1695 intuitione,
2576 1638 2633 1685 et
2662 1629 2958 1684 essentiam
2991 1645 3183 1685 earum
3218 1638 3275 1685 et
3303 1630 3501 1684 motio-

1928 1733 2075 1785 nem,
2107 1726 2163 1773 et
2198 1718 2450 1775 ordinem
2490 1718 2632 1775 bene
2671 1718 2990 1774 distinctum
3029 1734 3221 1774 eorum
3257 1734 3379 1789 quae
3416 1718 3499 1772 di-

1926 1818 2091 1877 stant,
2108 1818 2165 1865 et
2186 1826 2382 1866 eorum
2405 1827 2525 1882 quae
2548 1811 2709 1867 mista
2732 1819 2861 1867 sunt
2883 1811 3175 1868 insolubile
3194 1811 3496 1875 vinculum,

1925 1910 1982 1957 et
2008 1901 2402 1958 immutabilem
2436 1918 2628 1959 eorum
2660 1918 2782 1973 quae
2813 1902 2993 1975 posita
3026 1912 3156 1959 sunt
3186 1903 3500 1959 collocatio-

1926 2008 2083 2058 nem,
2113 2001 2170 2050 et
2206 1994 2387 2050 omnis
2416 1994 2747 2066 simpliciter
2780 1996 3033 2051 essentia:
3064 2011 3288 2066 quaqua
3326 1995 3498 2050 menti

1923 2094 2227 2155 perceptae,
2277 2094 2333 2141 et
2382 2086 2644 2142 motionis
2690 2096 2750 2142 et
2799 2085 3181 2151 discretionis,
3224 2085 3497 2141 mistionis

1924 2184 2090 2246 atque
2123 2177 2419 2247 positionis
2454 2193 2696 2244 causam,
2722 2178 2872 2245 hinc,
2899 2178 3147 2250 inquam,
3174 2192 3274 2249 per
3304 2177 3497 2234 simili-

1926 2268 2172 2324 tudinem
2198 2279 2596 2341 congruentem
2625 2271 2901 2341 sapienter
2929 2271 3211 2343 mysticam
3240 2271 3345 2325 hoc
3371 2286 3497 2327 sen-

1925 2360 2065 2415 suali
2091 2377 2208 2416 aevo
2233 2363 2756 2433 contemplationem
2784 2362 2840 2417 in
2863 2362 3129 2417 mundum
3155 2362 3499 2417 intellectua-

1922 2456 2031 2510 lem
2073 2455 2130 2511 in
2171 2456 2369 2527 spiritu
2412 2471 2514 2527 per
2552 2456 2786 2511 virtutes
2822 2456 3157 2526 completum
3198 2455 3496 2510 transtule-

1924 2556 2073 2614 runt,
2092 2548 2394 2605 secundum
2417 2565 2581 2620 quam
2604 2548 3123 2620 contemplationem
3146 2547 3339 2602 modos
3359 2562 3498 2617 quos

1923 2639 2036 2694 dixi
2076 2639 2133 2693 in
2175 2655 2344 2695 unum
2384 2640 2689 2698 conﬂantes
2730 2640 2999 2695 rationem
3031 2640 3203 2695 variis
3230 2639 3497 2694 virtutum

1923 2729 2212 2800 speciebus
2251 2731 2551 2785 voluntatis
2592 2731 2917 2802 consiliique
2965 2730 3155 2784 mundi
3198 2728 3497 2785 eissentiam

1923 2822 2151 2876 omnino
2184 2823 2521 2892 cxplentem,
2552 2822 2731 2877 solum
2770 2822 2874 2876 sibi
2911 2829 3186 2892 quatenus
3220 2830 3495 2891 poterant,

1923 2914 2060 2985 ipsis
2099 2915 2535 2986 impresserunt,
2566 2916 2840 2985 superatis
2867 2913 3123 2968 videlicet
3153 2927 3344 2967 eorum
3377 2927 3499 2982 qua:

1924 3014 2055 3061 sunt
2089 3004 2331 3075 ipsisque
2363 3005 2633 3061 virtutum
2670 3004 2999 3067 rationibus,
3030 3003 3115 3058 vel
3151 3001 3336 3073 potius
3370 3018 3498 3057 cum

1925 3096 2010 3151 his
2046 3096 2115 3151 ad
2151 3112 2271 3152 eam
2309 3112 2430 3167 qua:
2471 3096 2616 3151 ultra
2657 3095 2758 3151 has
2798 3102 2904 3163 est,
2931 3104 2985 3150 et
3024 3095 3079 3149 in
3120 3109 3282 3165 quam
3321 3093 3405 3148 ha:
3441 3101 3499 3148 et

1930 3189 2076 3244 unde
2122 3189 2268 3261 quod
2319 3200 2450 3245 sunt
2494 3189 2728 3255 habent,
2760 3188 3276 3260 superessentialem
3325 3188 3495 3242 ratio—

1928 3295 2075 3341 nem.
2101 3288 2157 3336 et
2179 3296 2300 3350 qua:
2326 3280 2630 3336 bonitatem
2660 3281 2898 3345 excedit,
2926 3279 3499 3350 incomprehensibili-

1928 3380 2012 3426 ter
2043 3373 2218 3426 evecti
2261 3389 2275 3426 :
2312 3380 2370 3426 et
2400 3387 2594 3427 omnes
2628 3372 2777 3427 omni
2811 3380 3078 3443 quantum
3113 3388 3179 3425 ex
3218 3371 3382 3425 insita
3416 3369 3499 3425 eis

1926 3463 2163 3518 naturali
2190 3471 2459 3533 potestate
2484 3463 2664 3530 licuit,
2688 3463 2902 3519 aduniti
2934 3471 3144 3519 tantum
3171 3460 3352 3533 quoad
3378 3462 3499 3533 ejus

1925 3555 2042 3611 ﬁeri
2078 3556 2257 3626 potuit
2290 3556 2359 3611 ab
2396 3573 2460 3612 ea
2496 3557 2795 3627 qualiﬁcati
2830 3564 2987 3624 sunt,
3016 3565 3076 3611 ut
3112 3556 3277 3611 etiam
3310 3572 3342 3610 a
3381 3555 3498 3609 solo

1924 3645 2345 3719 insignirentur,
2379 3649 2530 3704 velut
2566 3650 2873 3721 specularia
2921 3648 3289 3713 lucidissima,
3328 3646 3498 3702 totius

241 3740 344 3795 Dei
374 3741 734 3812 inspectantis
765 3739 998 3797 rationis
1028 3740 1269 3812 speciem
1304 3739 1465 3811 plene
1500 3754 1600 3810 per
1630 3735 1817 3794 divina
1854 3738 1975 3810 ejus
2030 3738 2264 3812 insignia
2320 3750 2680 3813 apparentem
2705 3741 2990 3805 habentes,
3012 3757 3080 3797 eo
3104 3739 3252 3812 quod
3280 3740 3493 3796 nullum

242 3834 315 3889 de
352 3835 602 3905 pristinis
634 3836 952 3907 signaculis,
976 3835 1178 3907 quibus
1210 3834 1514 3890 humanum
1549 3832 1911 3899 indicaretur,
1971 3833 2245 3905 reliquum
2302 3843 2444 3901 erat,
2474 3835 2543 3891 iis
2598 3850 2721 3906 qua:
2747 3834 2974 3892 meliora
2998 3841 3127 3890 sunt
3166 3830 3497 3891 cedentibus

232 3925 525 3993 omnibus,
563 3926 633 3982 ad
674 3927 850 3983 instar
888 3926 1035 3983 aeris
1070 3926 1309 3983 illumini
1345 3925 1469 3981 luce
1505 3924 1823 3997 plenissima
1859 3923 2140 3981 transfusi.

561 4106 779 4175 Θεωρία
814 4107 901 4174 εἰς
940 4106 1049 4161 τὸν
1100 4104 1491 4177 Μελχισεδέκ.

312 4217 516 4288 Ὅπερ,
557 4212 734 4288 οἶμαι,
797 4218 962 4286 γνοὺς
1018 4216 1117 4270 καὶ
1178 4214 1369 4271 παθὼν
1422 4218 1452 4272 ὁ
1501 4216 1814 4287 θαυμαστὸς

2275 4102 2662 4177 Contemplatio
2694 4105 2748 4160 in
2784 4103 3139 4160 Melchisedec.

1989 4217 2168 4287 Quod,
2192 4226 2348 4289 puto,
2371 4217 2525 4273 novit
2544 4226 2601 4273 et
2628 4232 2823 4288 passus
2851 4225 2935 4273 est
2958 4214 3296 4272 admirabilis
3319 4214 3411 4271 ille
3436 4225 3495 4271 et

236 4306 453 4369 ἰκείνος
504 4307 601 4360 καὶ
646 4307 819 4379 μέγας
856 4306 1214 4377 Μελχισεδὲκ,
1244 4308 1374 4378 περὶ
1412 4306 1472 4360 δν
1501 4307 1569 4362 τὰ
1598 4307 1815 4375 μεγάλα

1924 4327 2149 4385 magnus
2184 4309 2569 4377 Melchisedec,
2597 4309 2667 4365 de
2697 4324 2808 4381 quo
2838 4324 3032 4379 magna
3064 4316 3120 4363 et
3147 4308 3494 4365 admirabilia

238 4396 337 4451 καὶ
374 4396 667 4467 θαυμαστὰ
713 4397 867 4468 παρὰ
925 4400 992 4469 τῇ
1037 4399 1229 4470 Γραφῇ
1253 4400 1282 4452 ὁ
1311 4398 1451 4462 θεῖος
1479 4398 1815 4470 διεξέρχεται

1918 4405 1974 4459 in
2013 4402 2317 4472 Scripturis
2350 4401 2571 4456 divinus
2606 4416 2788 4455 sermo
2821 4409 3060 4462 enarrat,
3093 4398 3239 4470 quod
3279 4408 3493 4468 tempus

238 4487 429 4558 λόγος.
456 4489 653 4563 χρόνον
706 4490 801 4543 καὶ
837 4488 1054 4558 φύσεως
1101 4489 1357 4560 ὑπεράνω
1404 4488 1659 4558 γενέσθαι
1682 4529 1696 4553 ,
1719 4486 1813 4540 καὶ

1924 4508 1983 4548 ac
2006 4500 2260 4546 naturam
2292 4491 2593 4559 superavit,
2620 4490 2828 4560 Deique
2860 4489 3001 4545 Filio
3031 4489 3260 4544 similari
3293 4489 3494 4560 dignus

228 4582 580 4653 ὁμοιωθῆναι
627 4582 704 4654 τῷ
737 4582 852 4654 Υἱῷ
888 4582 982 4636 τοῦ
1027 4582 1163 4636 Θεοῦ
1202 4581 1536 4652 κατηξιώθη,
1578 4580 1818 4645 τοιοῦτος

233 4674 357 4741 ἔξει
388 4674 590 4746 δηλαδὴ
616 4676 757 4730 κατὰ
783 4675 883 4746 τὴν
916 4676 1078 4746 χάριν
1108 4675 1188 4740 ὡς
1228 4675 1453 4746 ἐφικτὸν
1497 4674 1813 4745 γενόμενος,

237 4765 355 4841 οἷος
400 4767 563 4831 αὑτὸς
612 4767 642 4820 ὑ
683 4768 850 4840 δοτὴρ
914 4769 1016 4839 τῆς
1073 4767 1295 4840 χάριτος
1326 4766 1470 4820 κατὰ
1502 4766 1602 4837 τὴν
1629 4765 1816 4820 οὑσίαν

236 4862 507 4934 ὑπάρχων
540 4862 886 4927 πιστεύεται.
910 4861 986 4914 Τὸ
1015 4861 1127 4931 γὰρ
1166 4859 1435 4928 Ἀπάτωρ
1456 4858 1555 4914 καὶ
1574 4859 1816 4930 ἀμήτωρ

235 4953 342 5009 καὶ
385 4954 862 5025 ἀγενεαλόγητος
941 4953 1074 5024 περὶ
1128 4952 1294 5007 αὑτοῦ
1353 4951 1647 5022 λεγόμενον
1672 4992 1687 5016 ,
1715 4950 1817 5005 οὑκ

235 5044 371 5109 ἄλλο
425 5045 654 5116 μηνύειν
690 5045 963 5117 ὑπονοῶῆ
991 5046 1092 5116 τὴν
1146 5044 1518 5116 ἐγγενομένην
1569 5040 1720 5113 αὑτῷ
1750 5043 1817 5094 ἐκ

236 5137 341 5209 τῆς
403 5138 528 5194 κατ’
586 5136 788 5210 ἀρετὴν
828 5137 1137 5208 ἀκροτάτης
1176 5136 1400 5208 χάριτος
1444 5134 1661 5188 τελείαν
1708 5131 1817 5185 τῶν

236 5230 492 5302 φυσικῶν
520 5230 920 5301 γνωρισμάτων
948 5228 1207 5283 ἀπόθεσιν
1239 5243 1255 5259 ·
1290 5226 1352 5280 τὸ
1405 5224 1465 5279 δὲ
1505 5223 1659 5295 μήτε
1708 5226 1813 5292 ἀρ-

235 5321 363 5392 κήν
390 5322 654 5392 ἡμερῶν.
684 5320 837 5392 μήτε
893 5318 1042 5388 ζωῆς
1067 5317 1243 5386 τέλος
1280 5316 1425 5389 ἔχειν
1446 5356 1462 5383 ,
1490 5315 1589 5388 τὴν
1617 5316 1814 5387 χρόνου

239 5417 447 5479 παντὸς
481 5415 576 5468 καὶ
604 5413 801 5477 αἰῶνος
838 5412 1080 5482 ἰδιότητα
1121 5408 1545 5483 περιγράφουσα
1569 5406 1774 5477 γνῶσιν
1795 5446 1810 5472 ,

313 5546 341 5585 ιι
376 5547 544 5603 llebr.
575 5562 670 5613 vn,
694 5545 748 5600 5.
827 5547 843 5585 ί
876 5543 1010 5598 ibid.

1921 4581 2142 4637 habitus
2162 4589 2267 4646 est,
2288 4580 2412 4635 talis
2434 4580 2692 4635 videlicet
2718 4580 2908 4634 habitu
2935 4581 3236 4635 secundum
3260 4582 3491 4650 gratiam

1917 4671 2095 4743 quoad
2129 4672 2307 4742 potuit
2332 4670 2529 4735 factus,
2560 4670 2738 4741 qualis
2773 4671 2889 4741 ipse
2910 4670 3096 4741 gratia:
3115 4671 3271 4725 dator
3296 4688 3493 4727 secun-

1918 4764 2049 4820 dum
2078 4762 2375 4820 essentiam
2399 4778 2520 4819 esse
2546 4762 2813 4817 creditur.
2836 4760 2992 4829 Quod
3020 4762 3167 4816 enim
3196 4762 3313 4817 sine
3334 4771 3491 4831 patre

1917 4864 1974 4912 et
1999 4863 2173 4911 matre
2194 4864 2250 4911 et
2271 4855 2389 4910 sine
2411 4869 2611 4927 genere
2634 4862 2895 4909 censetur
2914 4854 2966 4921 ιι,
2989 4853 3127 4909 nihil
3150 4850 3299 4907 aliud
3326 4852 3493 4924 signi-

1920 4945 2083 5005 ﬁcare
2102 4955 2240 5018 puto
2263 4962 2425 5018 quam
2452 4962 2574 5018 quae
2596 4946 2826 5017 contigit
2852 4946 2904 5002 ei
2935 4961 3003 5001 ex
3027 4960 3240 5000 summa
3266 4952 3494 5015 propter

1916 5038 2181 5095 virtutem
2234 5037 2407 5109 gravia
2458 5038 2790 5093 naturalium
2842 5035 3139 5107 insignium
3188 5034 3493 5106 perfectam

1917 5127 2319 5201 depositionem
2356 5144 2370 5182 :
2411 5128 2547 5182 illud
2584 5143 2736 5194 vero,
2766 5126 2913 5198 quod
2947 5143 3114 5199 neque
3146 5129 3353 5183 dierum
3388 5130 3494 5184 ini-

1918 5223 2051 5275 tium
2080 5235 2247 5291 neque
2273 5219 2393 5275 vita:
2412 5218 2574 5288 ﬁnem
2595 5219 2784 5282 habeat
2806 5220 2850 5287 ί,
2873 5218 3242 5291 cognitionem
3274 5228 3494 5292 tempus

1917 5328 2083 5369 omne
2109 5322 2166 5369 et
2186 5328 2362 5369 aevum
2392 5310 2966 5380 circumscribentem,
2989 5321 3047 5368 et
3071 5311 3493 5384 contemplatio-

1918 5421 2042 5461 ncm
2086 5404 2268 5460 omnis
2312 5402 2612 5461 materialis
2652 5411 2709 5462 et
2748 5404 3125 5464 immaterialis
3167 5403 3492 5462 substantias

1556 5609 1641 5665 VA
1650 5608 1788 5665 ΒΙᾹΞ
1830 5606 2233 5667 ιΕοτιοΝΕδ.

315 5714 360 5747 ⁷⁸
395 5711 683 5775 ἐνωθέντος
720 5711 884 5766 habet
915 5709 1305 5780 apograpllulll-
