4014 6284
486 364 628 434 1139

1646 367 1706 428 S.
1749 363 2006 426 MAXIM
2014 361 2038 422 ῐ
2079 363 2223 424 CON
2232 363 2595 426 FESSORIS

3633 350 3773 422 11ἐο

482 477 868 536 exsistentiam
904 485 1263 549 superantem
1296 484 1533 534 testatur
1559 493 1573 530 τ
1605 475 1754 547 quod
1785 491 1917 532 vero
1944 473 2079 530 Filio

2192 475 2279 529 καὶ
2333 474 2516 547 πάσης
2550 473 2744 547 ὑλικῆς
2790 473 2886 530 καὶ
2941 472 3108 528 ἀδλου
3158 469 3349 536 οὐσίας
3391 469 3494 542 τὴν
3533 466 3774 538 ὕπαρξιν

488 571 584 630 Dei
619 568 949 628 assimilatas
979 570 1225 626 sacerdos
1260 577 1478 625 maneat
1508 570 1563 623 in
1598 578 1913 641 perpetuum
1936 566 1950 618 i
1970 609 1985 633 ,
2017 566 2076 623 id

485 666 724 722 fortasse
773 664 1092 720 manifestat
1135 678 1265 719 eum
1310 663 1380 719 ad
1432 678 1606 734 usque
1658 662 1824 717 tinem
1879 659 2073 715 habitu

491 747 784 816 immutato
812 758 974 830 posse
998 757 1224 813 virtutis
1247 757 1360 813 Deo
1387 753 1681 812 simillima:
1706 769 1771 809 ac
1795 752 1996 808 divinae
2019 760 2076 806 et

490 852 546 907 in
579 852 754 907 Deum
786 849 1102 906 intuitionis
1130 847 1563 906 intellectualem
1599 846 1822 902 oculum
1856 856 2076 898 servare

490 949 765 1012 apertum.
801 940 939 997 Cum
986 950 1184 995 natura
1227 939 1379 994 enim
1421 935 1670 1008 conﬂigit
1714 936 1919 1000 virtus,
1951 949 2076 989 cum

493 1043 744 1113 tempore
772 1042 831 1090 et
856 1047 974 1088 aevo
997 1047 1129 1088 vera
1155 1029 1570 1101 contemplatio,
1595 1026 1766 1083 altera
1790 1035 1852 1082 ut
1873 1027 2077 1082 invicta

494 1146 526 1185 a
560 1127 775 1184 caeteris
808 1133 1029 1182 maneat
1059 1139 1402 1196 quaecunque
1438 1131 1565 1196 post
1596 1123 1768 1178 Deum
1803 1137 1925 1178 esse
1958 1136 2080 1176 cre-

495 1217 725 1284 duntur,
753 1227 811 1273 et
839 1217 1177 1286 insuperata,
1205 1223 1268 1269 ut
1297 1215 1475 1269 solum
1509 1214 1682 1269 Deum
1715 1212 1897 1270 sciens
1926 1211 2081 1284 geni-

499 1320 694 1375 torem,
720 1309 894 1364 altera
921 1322 1053 1362 vero
1085 1307 1586 1379 incircumscripta,
1605 1308 1672 1363 in
1704 1306 1858 1361 nullo
1885 1319 2078 1360 eorum

496 1417 620 1474 quas
663 1401 877 1456 initium
919 1407 1015 1454 aut
1059 1397 1227 1454 ﬁnem
1270 1398 1477 1456 habent
1519 1400 1850 1463 immorans,
1887 1404 2080 1468 utpote

497 1494 594 1549 Dei
623 1508 722 1564 per
748 1506 808 1547 se
837 1490 1133 1562 imaginem
1161 1487 1430 1554 referens,
1457 1489 1551 1560 qui
1583 1503 1746 1543 omne
1774 1486 1994 1542 initium
2024 1493 2082 1542 et

498 1586 662 1642 ﬁnem
697 1582 892 1639 deﬁnit
927 1596 1259 1652 omnemque
1299 1580 1728 1636 intellectionem
1767 1578 2083 1649 intelligen-

497 1678 636 1733 tium
663 1673 930 1730 ineﬂ‘abili
951 1671 1154 1728 ecstasi
1179 1669 1246 1726 ad
1271 1686 1329 1726 se
1352 1670 1544 1726 trahit.
1567 1669 1648 1724 Ex
1670 1669 1875 1740 quibus
1895 1669 2082 1723 divina

497 1775 728 1841 apparet
752 1765 1077 1831 similitudo,
1101 1763 1456 1836 cognitionis,
1482 1763 1731 1832 inquam,
1755 1770 1811 1817 et
1837 1760 2080 1824 virtutis,

498 1874 556 1919 et
579 1877 678 1933 per
700 1876 840 1932 quas
865 1860 982 1915 intu
993 1859 1183 1914 rbatus
1204 1856 1303 1912 Dei
1328 1856 1501 1911 solius
1526 1870 1680 1911 amor
1701 1854 1882 1926 dignis
1910 1868 2093 1909 serva-

498 1965 614 2021 tur,
641 1951 949 2009 secundum
983 1965 1149 2022 quem
1188 1948 1508 2020 adoptionis
1539 1946 1804 2018 dignatio,
1831 1954 1892 2000 ut
1915 1946 2088 2000 Deum

498 2050 682 2114 decet,
712 2047 840 2102 data
873 2052 1144 2118 perpetuo
1176 2041 1332 2098 adire
1359 2041 1533 2097 Deum
1565 2049 1622 2096 et
1651 2039 1844 2095 adesse
1881 2036 2092 2110 gratiﬁ-

499 2148 683 2208 catur,
703 2155 825 2210 qua:
851 2138 1100 2208 dignatio
1124 2135 1194 2191 ad
1221 2134 1602 2190 exorationem
1629 2132 1805 2203 ipsam
1831 2129 2092 2185 adeuntis

499 2231 750 2287 divinam
787 2228 1210 2286 similitudinem
1248 2226 1494 2282 exhibet.
1528 2223 1688 2281 Unde
1726 2222 2091 2294 probabiliter

502 2323 746 2379 arbitror
783 2336 895 2376 non
936 2335 1038 2390 per
1072 2327 1290 2388 tempus
1331 2324 1390 2372 et
1425 2323 1714 2379 naturam,
1748 2314 1851 2369 sub
1887 2313 2092 2384 quibus

502 2413 831 2471 naturaliter
865 2411 1006 2466 ﬁniit
1038 2424 1269 2482 magnus
1305 2406 1690 2472 Melchisedec,
1715 2421 1946 2477 quaeque
1979 2406 2090 2461 vita

505 2517 560 2564 et
589 2505 800 2561 ratione
823 2505 936 2575 jam
967 2501 1249 2574 superavit
1273 2508 1330 2556 et
1359 2514 1591 2572 prorsus
1620 2497 1950 2568 dereliquit,
1977 2497 2088 2552 dici

507 2600 714 2657 dobere
752 2614 766 2655 :
799 2598 996 2654 Diuina
1031 2614 1152 2653 eum
1185 2613 1305 2652 cum
1335 2594 1650 2668 justiﬁcavit
1690 2595 1859 2660 ratio;
1893 2592 1989 2648 sed
2023 2608 2089 2647 ex

508 2695 711 2766 quibus
751 2701 810 2748 et
845 2707 945 2763 per
982 2706 1104 2762 qua:
1147 2690 1394 2746 animum
1437 2704 1502 2744 ac
1544 2689 1886 2743 voluntatem
1933 2700 2090 2741 suam

508 2785 887 2858 regeneravit,
929 2783 986 2839 id
1028 2791 1114 2839 est
1160 2783 1367 2839 virtute
1409 2790 1466 2838 et
1503 2779 1846 2853 cognitione,
1886 2778 2092 2834 debere

505 2878 714 2936 vocari.
738 2878 799 2934 ln
835 2877 1037 2948 quibus
1063 2877 1213 2932 enim
1235 2875 1493 2931 voluntas
1519 2874 1768 2946 gnaviter
1791 2889 1891 2944 per
1915 2872 2093 2928 virtu-

507 2983 597 3029 tes
618 2986 745 3027 cum
768 2971 889 3042 lege
915 2979 1147 3034 naturae,
1174 2985 1300 3024 cum
1327 2984 1434 3040 qua
1460 2968 1665 3024 bellum
1692 2982 1955 3038 perquam
1987 2965 2093 3020 dif-

508 3064 676 3131 ﬁcile,
700 3062 1025 3128 decertavit,
1051 3070 1217 3133 atque
1243 3061 1510 3134 temporis
1536 3061 1750 3130 aevique
1777 3059 2091 3131 proprieta-

508 3164 621 3211 tem
655 3170 754 3226 per
786 3153 1160 3225 cognitionem
1194 3153 1534 3208 intemerata
1563 3151 1767 3207 mentis
1790 3151 2092 3206 transvolat

510 3247 715 3313 motio,
745 3246 832 3301 his
869 3262 982 3301 non
1019 3244 1102 3301 fas
1142 3253 1228 3301 est
1264 3243 1569 3301 attribuere
1608 3243 1931 3299 relictorum
1973 3251 2092 3297 tan-

509 3354 676 3410 quam
717 3336 932 3408 insigne
968 3335 1392 3413 proprietatem,
1423 3335 1521 3391 sed
1557 3335 1742 3406 potius
1777 3342 2091 3405 assumpto-

511 3445 635 3485 rum
668 3427 1152 3500 magniﬁcentiam,
1178 3442 1248 3484 ex
1275 3426 1480 3497 quibus
1509 3436 1565 3484 et
1591 3425 1645 3481 in
1677 3427 1881 3497 quibus
1912 3426 2089 3481 solum

512 3530 645 3576 sunt
669 3529 835 3590 atque
865 3525 1257 3590 agnoscuntur.
1282 3516 1337 3574 Si
1363 3517 1586 3589 quidem
1616 3519 1782 3575 etiam
1808 3533 1908 3573 nos
1932 3527 2094 3572 natu-

512 3613 706 3668 raliter
745 3612 827 3668 eis
870 3626 994 3683 quae
1032 3610 1296 3666 videntur
1337 3609 1648 3666 incidentes
1693 3625 1762 3666 ex
1811 3609 2092 3665 coloribus

511 3722 744 3779 corpora
782 3715 840 3763 et
879 3705 1161 3778 signamus
1196 3712 1253 3759 et
1289 3703 1655 3774 appellamus,
1692 3701 1863 3758 veluti
1904 3701 2091 3757 lumen

512 3817 698 3858 aerem
733 3801 860 3857 luce
895 3799 1201 3871 perfusum,
1233 3807 1291 3854 et
1323 3799 1505 3870 ignem
1539 3796 1979 3867 qualemcunque
2012 3794 2098 3850 in-

511 3909 732 3950 censam
758 3891 1066 3958 materiam,
1085 3898 1143 3948 et
1165 3889 1459 3946 candidum
1487 3903 1688 3959 corpus
1715 3887 2093 3953 candidatum,

512 4001 746 4058 quaeque
772 3986 878 4042 alia
905 3993 1036 4040 sunt
1061 3983 1229 4057 hujus
1255 3982 1493 4054 generis.
1519 3981 1676 4048 Quod
1709 3981 1756 4036 si
1787 3980 2095 4037 secundum

513 4079 684 4134 animi
709 4094 775 4133 ac
797 4077 1099 4133 voluntatis
1117 4077 1382 4133 virtutem
1411 4075 1589 4146 pluris
1616 4074 1907 4131 aestimavit
1930 4089 2094 4144 quam

515 4181 769 4226 naturam
818 4177 876 4225 et
924 4184 1271 4239 quaecunque
1317 4182 1437 4222 eam
1486 4175 2096 4237 sequuntur,-p_ropter

515 4261 802 4333 pulchram
848 4268 1052 4315 nostrae
1098 4258 1388 4330 dignitatis
1433 4259 1794 4324 electionem,
1835 4267 1893 4314 et
1933 4274 2095 4314 omne

516 4365 734 4424 tempus
764 4361 928 4423 atque
955 4367 1131 4407 aevum
1164 4350 1479 4424 cognitione
1515 4351 1814 4423 superavit,
1840 4367 2100 4423 quaecun-

513 4461 624 4516 que
649 4453 772 4516 post
797 4443 972 4499 Deum
998 4449 1128 4498 sunt
1157 4457 1190 4500 a
1224 4449 1379 4515 tergo
1410 4442 1515 4499 sibi
1548 4458 1671 4500 esse
1705 4445 1981 4516 gnostices
2012 4460 2099 4500 se-

2182 567 2626 640 ὑπερόαίνουσαν
2653 567 2892 638 θεωρίαν
2923 567 3198 638 μαρτυρεῖ
3220 580 3234 593 °
3253 564 3316 618 τὸ
3345 563 3405 618 δὲ
3443 565 3774 631 Ἀφωμοιω-

2176 659 2366 729 μένος
2411 659 2493 727 τῷ
2550 658 2661 726 Υίῷ
2701 659 2808 714 τοῦ
2860 657 3011 712 Θεοῦ
3047 656 3218 728 μένει
3257 658 3342 722 εἰς
3395 655 3465 708 τὸ
3495 652 3777 720 διενηκὲς

2183 752 2406 822 ἰερεὺς,
2438 753 2580 824 τάχα
2617 752 2780 826 μέχρι
2810 750 3004 813 τέλους
3052 749 3178 803 καθ’
3211 747 3330 815 ἕξιν
3359 748 3640 818 ἄτρεπτον
3675 745 3776 813 τῆς

2185 844 2602 917 θεοειδεστάτης
2651 843 2858 918 ἀρετῆς
2912 833 3009 897 καὶ
3057 842 3157 911 τῆς
3190 840 3342 904 θείας
3375 840 3473 893 καὶ
3516 835 3661 908 πρὸς
3688 835 3781 886 τὸν

2183 936 2317 991 Θεὸν
2369 937 2550 1008 (151
2580 939 2635 1008 α)
2677 936 3036 1000 ὲνατενίσεως
3068 935 3130 988 τὸ
3173 933 3359 1004 νοερὸν
3392 933 3554 1002 δμμα
3583 926 3782 982 ἀνεπί-

2188 1045 2391 1097 μυστον
2416 1026 2715 1100 δυνηθῆναι
2739 1025 2977 1098 φυλάξαι
3003 1023 3329 1097 παραδηλοῖ.
3351 1023 3434 1094 Τῇ
3467 1019 3638 1090 φύσει
3667 1016 3782 1086 γὰρ

2185 1121 2221 1192 ή
2254 1119 2429 1192 ἁρετὴ
2490 1119 2764 1193 μάχεσθαι
2809 1119 3044 1190 πέφυκε,
3098 1117 3196 1172 καὶ
3249 1115 3432 1187 χρόνῳ
3477 1112 3578 1166 καὶ
3620 1109 3783 1163 αἰῶνι

2183 1215 2218 1284 ἡ
2252 1213 2460 1287 ἀληθὴς
2499 1212 2727 1283 Θεωρία,
2755 1212 2843 1266 ἵνα
2875 1213 2909 1285 η
2970 1211 3071 1284 μὲν
3105 1208 3410 1271 ἀδούλωτος
3467 1205 3626 1278 μένοι
3669 1205 3786 1265 τοῖς

2186 1305 2371 1370 ἄλλοις
2423 1305 2527 1359 ὅσα
2558 1305 2700 1376 μετά
2729 1304 2864 1359 Θεὸν
2891 1303 3030 1358 εἷναι
3069 1300 3391 1359 πιστεύεται
3412 1343 3428 1367 ,
3469 1298 3569 1353 καί
3598 1296 3784 1367 ἀκρά-

2187 1384 2369 1476 τητος,
2396 1396 2472 1461 ὡς
2501 1395 2637 1451 Θεὸν
2671 1397 2834 1468 μόνον
2863 1397 3038 1450 εἰδυῖα
3076 1395 3409 1465 γεννήτορα,
3441 1393 3474 1462 ὴ
3498 1390 3558 1445 δὲ
3586 1387 3785 1460 ἀπερίο

2187 1505 2420 1560 γραφος,
2459 1488 2638 1543 οὐδενὶ
2679 1489 2790 1542 τῶν
2816 1487 2993 1560 ἀρχὴν
3026 1487 3060 1559 ἦ
3092 1487 3248 1551 τέλος
3292 1484 3533 1557 ἑχόντων
3587 1482 3787 1534 ἐναπο-

2143 1603 2151 1610 ’
2192 1584 2452 1656 μένουσα,
2485 1583 2562 1646 ὡς
2594 1582 2728 1637 Θεὸν
2764 1582 2836 1638 δι’
2850 1581 3054 1654 ἑαυτῆς
3082 1581 3452 1646 εἰκονίζουσα,
3477 1577 3578 1631 τὸν
3602 1577 3786 1646 ard-sq;

2189 1677 2364 1748 ἀρχῆς
2381 1677 2476 1730 καί
2502 1675 2692 1741 τέλους
2719 1675 3012 1748 ὸριστικὸν,
3030 1675 3128 1728 καὶ
3153 1675 3333 1730 πᾶσαν
3351 1672 3544 1741 νόησιν
3566 1669 3680 1723 τῶν
3698 1685 3784 1720 νο-

2188 1771 2397 1826 ούντων
2429 1771 2552 1825 κατ’
2577 1769 2839 1824 ἔκστασιν
2867 1770 3110 1842 άρῤητον
3133 1766 3269 1838 πρὸς
3292 1764 3489 1820 ἑαυτὸν
3525 1763 3780 1817 ἕλκοντα.

2126 1852 2168 1906 Β
2206 1862 2297 1928 Ἐξ
2328 1856 2458 1934 ὧνὴ
2483 1863 2602 1917 θεῖα
2631 1862 2897 1935 ὁμοίωσις
2931 1861 3233 1923 δείκνυται,
3255 1857 3522 1928 γνώσεώς
3551 1855 3616 1908 τέ
3642 1871 3784 1923 φημι

2192 1955 2287 2008 καὶ
2315 1955 2544 2026 ἀρετῆς,
2585 1953 2682 2008 καὶ
2709 1953 2777 2007 δι’
2807 1945 2882 2006 ὧν
2919 1953 2954 2026 ἡ
2986 1952 3067 2014 εἰς
3113 1950 3272 2023 μόνον
3310 1948 3403 2006 τὸν
3441 1947 3581 2001 Θεὸν
3625 1943 3784 2000 ἀκλά-

2193 2065 2359 2121 νητος
2389 2048 2578 2118 ἀγάπη
2607 2047 2720 2110 τοῖς
2745 2045 2920 2112 ἀξίοις
2949 2045 3303 2116 φυλάττεται,
3331 2040 3458 2095 καθ’
3491 2040 3566 2111 ἢν
3597 2039 3660 2094 τὸ
3685 2038 3783 2108 τῆς

2190 2140 2465 2204 υἱοθεσίας
2517 2139 2737 2210 ἀξίωμα
2785 2136 3113 2210 θεοπρεπῶς
3167 2136 3452 2206 διδόμενον
3508 2131 3781 2204 διηνεκῶς

2190 2234 2546 2306 ἐντυγχάνειν
2592 2231 2716 2304 Θεῷ
2763 2231 2864 2287 καὶ
2914 2228 3257 2302 παρεστάναι
3295 2224 3614 2299 χαρίζεται,
3646 2224 3782 2295 πρὸς

2190 2327 2512 2398 δυσώπησιν
2571 2324 2745 2398 αὐτὴν
2807 2321 2906 2379 τοῦ
2965 2321 3394 2393 ἐντυγχάνοντος
3456 2319 3565 2391 τὴν
3632 2317 3782 2371 θείαν

2189 2419 2452 2491 ὁμοίωσιν
2481 2418 2876 2491 παρεχόμενον.
2907 2415 3073 2472 Ὅθεν
3121 2413 3351 2478 εἰκότως
3399 2410 3780 2481 ὗπολαμόάνω

2195 2513 2270 2586 μὴ
2302 2512 2393 2568 διὰ
2425 2512 2621 2584 χρόνου
2666 2511 2766 2567 καὶ
2810 2510 3050 2580 φύσεως,
3079 2509 3172 2580 ὑφ’
3197 2508 3234 2564 ἀ
3277 2506 3530 2578 φυσικῶς
3563 2503 3781 2558 ὲτέλειό

2195 2607 2370 2678 μέγας
2421 2605 2781 2677 Μελχισεδὲκ,
2831 2602 2935 2676 βίῳ
3000 2603 3094 2657 καί
3133 2600 3280 2672 λόγῳ
3347 2596 3780 2670 ὀπερϐαθέντων

2191 2700 2296 2771 ἤδη
2322 2699 2418 2753 καὶ
2445 2698 2730 2762 παντελῶς
2767 2695 3291 2767 καταλελειμμένων
3321 2688 3785 2764 προσαγορευθῆ-

2193 2808 2282 2846 ναι
2310 2791 2443 2858 δεῖν,
2489 2789 2554 2844 '0
2586 2788 2745 2856 θεῖος
2770 2787 2961 2843 αὐτὸν
2990 2787 3306 2843 ἐδικαίωσε
3332 2786 3545 2854 λόγος,
3582 2781 3704 2838 ἀλλ’
3726 2781 3782 2848 ἐξ

2191 2877 2267 2939 ὧν
2297 2884 2392 2937 καὶ
2415 2883 2482 2937 δι’
2503 2875 2581 2938 ὧν
2606 2882 2802 2936 ἑαυτὸν
2836 2881 3172 2953 μετεποίησε
3188 2877 3512 2949 γνωμικῶς,
3540 2876 3750 2949 ἀρετῆς
3766 2889 3782 2905 ⁵

2192 2972 2339 3043 λέγω
2385 2973 2482 3029 καὶ
2538 2973 2816 3042 γνώσεως,
2875 2970 3271 3043 ὀνομασθῆναι.
3314 2969 3430 3036 Ἐφ’
3468 2961 3550 3024 ὧν
3595 2969 3710 3038 γὰρ
3751 2967 3784 3042 ἠ

2193 3064 2390 3137 γνώμη
2417 3064 2684 3134 γενναίως
2715 3062 2804 3118 διά
2831 3063 2942 3117 τῶν
2971 3062 3186 3136 ἀρετῶν
3212 3062 3307 3117 τὸν
3343 3059 3786 3132 δυσμαχώτατον

2191 3159 2293 3228 τῆς
2349 3155 2568 3227 φύσεως
2614 3155 3034 3226 κατηγωνίσατο
3083 3154 3270 3226 νόμον,
3299 3152 3395 3208 καὶ
3435 3153 3542 3223 τὴν
3589 3151 3782 3223 χρόνου

2193 3249 2290 3303 καὶ
2337 3249 2536 3313 αἰῶνος
2587 3247 2831 3319 ἰδιότητα
2866 3245 2958 3300 διὰ
2997 3244 3257 3316 γνώσεως
3293 3244 3588 3316 ἀχράντως
3627 3245 3663 3313 ή
3691 3241 3784 3297 τοῦ

2193 3339 2287 3396 νοῦ
2325 3341 2702 3413 ὑπερίπταται
2737 3338 2979 3409 κίνησις,
3007 3337 3225 3403 τούτοις
3248 3338 3350 3392 οὐκ
3381 3336 3538 3391 ἔστιν
3569 3337 3784 3404 ἐπιφη-

2198 3431 2356 3503 μίσαι
2381 3429 2591 3484 δίκαιον
2623 3428 2733 3482 τῶν
2763 3425 3205 3497 ἀπολειφθέντων
3241 3424 3316 3488 ὡς
3356 3422 3662 3496 γνώρισμα
3688 3421 3786 3485 τὴν

2198 3524 2463 3595 ἰδιότητα,
2499 3521 2681 3593 (151
2717 3520 2771 3594 ὁ)
2807 3519 2946 3582 ἀλλά
2983 3519 3186 3590 μᾶλλον
3236 3517 3338 3589 τὴν
3387 3515 3520 3585 τῶν]
3543 3513 3787 3586 προσλη-

2198 3616 2446 3688 φθέντων
2493 3612 2998 3686 μεγαλοπρέπειαν,
3031 3611 3090 3679 ὲξ
3136 3603 3214 3665 ὧν
3261 3609 3358 3664 καὶ
3401 3610 3462 3662 ὲν
3507 3602 3595 3672 οἷς
3629 3607 3788 3678 μόνον

2199 3705 2311 3760 εἰσὶ
2357 3704 2548 3759 λοιπὸν
2597 3703 2691 3758 καὶ
2735 3700 3216 3772 ὲπιγινώσκονται.
3255 3697 3414 3755 Ἐπεὶ
3467 3698 3567 3752 καὶ
3626 3699 3786 3768 iussi;

2199 3798 2446 3871 φυσικῶς
2494 3797 2611 3860 τοϊς
2644 3797 2862 3868 ὁρατοῖς
2893 3793 3282 3856 ἐπιϐάλλοντες
3301 3792 3365 3844 ἑκ
3399 3789 3515 3844 τῶν
3555 3788 3785 3861 χρωμά-

2195 3905 2307 3942 των
2344 3886 2414 3941 τά
2465 3884 2693 3957 σώματα
2745 3884 2842 3938 καί
2896 3882 3240 3956 γνωρίζομεν
3282 3881 3376 3935 καὶ
3411 3879 3784 3950 ὀνομάζομεν,

2197 3975 2310 4035 οἷον
2347 3979 2424 4042 ὡς
2453 3977 2570 4048 φῶς
2602 3979 2696 4031 τὸν
2725 3976 3142 4048 πεφωτισμένον
3182 3975 3347 4046 ἀέρα,
3383 3974 3482 4027 καὶ
3539 3971 3658 4042 πῦρ
3690 3971 3787 4042 τὴν

2197 4071 2418 4128 οἰανοῦν
2458 4070 2632 4141 πυρὸς
2679 4069 3003 4141 ἐξημμένην
3043 4067 3200 4138 ὓλην,
3233 4066 3328 4121 καὶ
3371 4065 3578 4119 λευκὸν
3607 4063 3672 4116 τὸ
3698 4062 3784 4115 λιι

2197 4161 2569 4234 λευκασμένον
2617 4161 2801 4234 σῶμα,
2833 4161 2931 4213 καὶ
2969 4160 3070 4213 ὃσα
3114 4156 3253 4212 ἀλλα
3280 4155 3702 4226 τοιουτότροπα.
3727 4153 3787 4206 El.

2198 4255 2383 4310 τοίνυν
2442 4251 2740 4324 γνωμικῶς
2770 4251 2888 4322 ίτὴν
2927 4249 3131 4323 ἀρετὴν
3182 4249 3283 4320 τῆς
3307 4247 3528 4318 φύσεως
3558 4247 3656 4300 καὶ
3681 4243 3786 4299 τῶν

2203 4346 2323 4402 κατ’
2358 4344 2532 4416 αὐτὴν
2553 4344 2814 4399 ἁπάντων
2840 4342 3202 4416 προετίμησε,
3226 4339 3316 4395 διά
3341 4340 3444 4412 τὴν
3475 4338 3657 4410 καλὴν
3695 4334 3785 4390 τοῦ

2203 4438 2290 4505 ἐφ’
2312 4438 2447 4510 ἡμῖν
2479 4433 2795 4508 ἀξιώματος
2829 4435 3066 4507 αἰρεσιν,
3095 4434 3192 4487 καὶ
3219 4433 3402 4487 πάντα
3441 4431 3643 4501 χρόνον
3691 4428 3784 4482 καὶ

517 4535 762 4592 cundum
795 4533 1316 4605 contemplationem
1344 4533 1642 4603 aestimans,
1666 4543 1723 4591 et
1743 4535 1878 4590 nulli
1903 4550 2089 4591 eorum

2203 4531 2378 4588 αἰῶνα
2407 4531 2552 4586 κατά
2585 4530 2686 4602 τὴν
2735 4528 2943 4600 γνῶσιν
2987 4527 3412 4599 ὑπερηκόντισε,
3445 4525 3633 4580 πάντα
3683 4525 3782 4578 ὅσα

515 4643 642 4699 quae
683 4627 961 4683 exsistunt
998 4625 1055 4680 iu
1096 4641 1208 4696 quo
1249 4624 1650 4698 qualiscunque
1696 4627 1789 4682 ille
1831 4627 2097 4682 terminus

514 4720 863 4782 observatur,
901 4717 1245 4784 immoratus,
1276 4717 1499 4774 divinus
1536 4717 1921 4782 Melchisedec,
1957 4725 2014 4773 et
2048 4718 2094 4774 si

513 4812 584 4868 ad
617 4810 835 4871 divinas
864 4809 984 4876 Dei,
1005 4825 1128 4882 qua:
1160 4809 1437 4881 principio
1465 4819 1654 4866 carent
1679 4820 1735 4866 et
1763 4811 2098 4867 immortales

514 4908 668 4967 sunt,
701 4900 974 4957 essentias
995 4915 1095 4971 per
1126 4899 1399 4956 rationem
1435 4901 1738 4957 secundum
1774 4903 2005 4974 gratiam
2039 4903 2096 4960 in

517 4990 730 5062 Spiritu
760 4995 1056 5061 generatus
1080 4999 1184 5054 est,
1207 4997 1265 5044 et
1286 4987 1492 5044 salvam
1524 4989 1578 5044 in
1608 5005 1667 5045 se
1696 4997 1754 5046 et
1775 5008 1963 5047 veram
1990 4991 2098 5050 fert

515 5084 614 5139 Dei
642 5081 910 5154 genitoris
933 5080 1354 5138 similitudinem
1381 5081 1451 5154 (si
1473 5081 1696 5154 quidem
1726 5085 1813 5139 vel
1836 5085 2098 5156 qua-libet

516 5173 802 5245 generatio
851 5172 1196 5244 generatoris
1238 5172 1418 5229 simile
1463 5183 1824 5244 reprzcsentat
1863 5192 2097 5248 generaa

519 5277 636 5321 tum
678 5283 692 5321 :
734 5265 872 5319 Nam
913 5266 1055 5336 quod
1089 5275 1401 5338 generatum
1436 5274 1536 5333 est,
1570 5267 1778 5338 inquit,
1813 5269 1876 5323 de
1913 5287 2094 5340 carne,

517 5372 646 5410 caro
674 5361 772 5419 est,
796 5354 938 5424 quod
957 5371 1076 5410 vero
1100 5354 1164 5408 de
1187 5357 1380 5428 spiritu
1410 5365 1486 5411 est
1514 5366 1847 5429 generatum,
1876 5358 2098 5430 spiritus

518 5459 595 5506 εει
619 5449 694 5522 1ι),
719 5447 971 5518 sequitur
994 5455 1056 5501 ut
1083 5461 1194 5502 non
1227 5463 1295 5503 ex
1327 5437 1760 5507 naturalibus'et
1784 5453 2101 5523 temporali-

520 5542 626 5599 bus
655 5538 1109 5612 pr0prietatibus,
1130 5540 1337 5610 quibus
1364 5553 1523 5612 pater
1543 5551 1600 5599 et
1625 5554 1801 5600 mater
1823 5553 1880 5601 et
1904 5561 2103 5618 genea-

590 5659 606 5711 i
644 5657 811 5718 Hebr.
837 5673 954 5722 νιιι,
984 5655 1038 5710 5.
1113 5653 1140 5693 ιι
1169 5655 1326 5712 Joan.
1350 5674 1427 5724 ιιι,
1456 5659 1509 5714 6.

2209 4624 2349 4698 μετά
2408 4623 2544 4678 Θεὸν
2601 4621 2834 4677 κατόπιν
2886 4619 3085 4676 ἑαυτοῦ
3129 4617 3453 4702 γνωστικῶς
3491 4616 3645 4670 κατά
3687 4615 3785 4702 τὴν

2213 4717 2450 4790 θεωρίαν
2477 4716 2871 4789 ποιησάμενος,
2891 4713 3070 4768 οὐδενὶ
3101 4711 3213 4767 τῶν
3237 4701 3410 4765 όντων
3440 4710 3716 4780 ἐμμείνας
3738 4701 3782 4776 ᾧ

2203 4811 2590 4882 ὲπιθεωρεϊται
2620 4808 2684 4864 τὸ
2707 4805 2926 4862 οίανοῢν
2945 4805 3141 4878 πέρας,
3170 4805 3199 4858 ὁ
3228 4803 3372 4868 θεῖος
3395 4800 3737 4872 Μελχισεδὲκ
3765 4839 3781 4864 ,

2216 4902 2357 4977 πρὸς
2403 4903 2462 4957 δὲ
2511 4901 2612 4966 τάς
2657 4899 2811 4963 θείας
2853 4898 2952 4952 καὶ
3007 4896 3284 4969 ἁνάρχους
3331 4895 3427 4949 καὶ
3480 4893 3784 4955 ἀθανάτους

2211 4993 2427 5070 [οὐσίας
2450 4991 2524 5066 ⁷³]
2549 4989 2644 5046 τοῦ
2695 4988 2831 5044 Θεοῦ
2889 4986 2980 5042 διὰ
3024 4986 3118 5041 τοῦ
3167 4985 3332 5055 λόγου
3368 4983 3512 5039 κατά
3541 4984 3702 5058 χάριν
3728 4985 3783 5037 έν

2204 5086 2456 5157 πνεύματ
2476 5101 2494 5138 ι
2520 5082 2869 5155 γεγέννηται,
2901 5078 2997 5133 καὶ
3044 5078 3195 5132 σῶαν
3222 5077 3318 5132 καὶ
3357 5075 3538 5148 ἀληθῆ
3571 5077 3632 5132 ὲν
3663 5079 3784 5130 tau—

2203 5179 2281 5250 τῷ
2309 5178 2471 5250 φέρει
2497 5175 2594 5231 τοῦ
2623 5175 2988 5248 γεννήσαντος
3035 5169 3174 5226 Θεοῦ
3205 5171 3304 5242 τὴν
3349 5169 3618 5241 ὁμοίωσιν
3644 5169 3782 5243 (ἐπεὶ

2206 5272 2304 5327 καὶ
2340 5272 2493 5326 πᾶσα
2545 5270 2804 5342 γέννησις
2855 5266 3054 5322 ταύτὸν
3093 5264 3173 5336 τῷ
3219 5262 3484 5333 γεννῶντι
3541 5263 3783 5333 πέφυκεν

2205 5363 2496 5418 ἀποτελεῖν
2525 5362 2588 5417 τὸ
2616 5360 2963 5433 γεννώμενον
2993 5376 3009 5392 ο
3054 5359 3126 5412 Τὸ
3154 5357 3264 5429 γάρ
3295 5357 3774 5428 γεγεννημένον,

2206 5456 2396 5527 φησὶν,
2423 5456 2494 5510 ἐκ
2528 5453 2638 5522 τῆς
2664 5452 2915 5521 σαρκὸς,
2948 5449 3107 5519 σάρξ
3127 5449 3281 5515 ἐστι,
3315 5447 3385 5501 τὸ
3412 5447 3484 5500 δὲ
3513 5462 3782 5518 τετε-γνη-

2203 5547 2394 5618 μένον
2441 5548 2511 5602 ἐκ
2538 5545 2646 5602 τοῦ
2679 5545 3021 5617 πνεύματος
3045 5537 3286 5612 πνεῦμά
3307 5537 3526 5610 ἐστιν),
3561 5537 3778 5598 εἰκότως

1790 5731 2026 5790 VARI/[‘2
2063 5731 2488 5792 LECTIONES.-

598 5812 644 5847 ”
677 5813 1015 5875 Vocabulum
1042 5821 1223 5887 οὐσίας
1257 5823 1503 5894 suppleri
1541 5824 1606 5880 de
1637 5841 1780 5882 meo.
