4014 6284
174 342 318 410 ιω

1421 341 1945 411 AMBIGUORUM
1982 350 2236 414 LIBER.

3320 350 3463 425 1142

167 460 282 514 οὐκ
328 459 400 513 εκ
454 454 568 514 τῶν
605 452 853 527 φυσικῶν
884 451 983 508 καὶ
1010 450 1282 525 χρονικῶν
1312 451 1648 523 ἰδιωμάτων,
1677 450 1761 520 οἷς

1870 458 2035 531 logia,
2076 460 2299 518 initium
2343 469 2402 519 et
2440 463 2570 521 finis
2609 467 3167 539 comprehenduntur
3207 471 3459 542 dierum,

171 552 371 622 πατήρ
414 567 476 603 τε
522 548 619 604 καὶ
665 547 855 618 μήτηρ
880 546 981 601 καὶ
1012 544 1361 616 γενεαλογία,
1392 546 1537 619 ἀρχή
1568 564 1630 601 τε
1663 547 1761 603 καὶ

171 642 337 706 τέλος
405 640 633 715 ἡμερῶν
690 639 1045 710 περιέχεται,
1097 638 1243 710 άπερ
1296 638 1516 707 φθάσας
1559 640 1762 696 ἑαυτοῦ

171 732 471 798 ⁴ιταντελῶς
493 730 822 796 ὲπελύσατο,
852 729 971 784 ἀλλ’
998 730 1064 783 ἑκ
1101 730 1213 784 τῶν
1247 729 1411 785 θείων
1438 731 1536 786 xei.
1579 747 1766 802 μακα-

174 824 320 896 ρίων
342 824 771 897 γνωρισμάτων,
795 816 879 886 οἷς
906 822 969 876 τὸ
993 820 1132 887 εἶδος
1158 821 1342 894 ἑαυτῷ
1368 822 1728 896 μετεποίησεν
1744 858 1765 889 ,

170 917 506 991 ὠνομάσθη,
537 916 721 990 (152
754 914 811 989 α)
840 908 919 972 ῶν
948 916 1052 972 οὐκ
1091 917 1399 987 ἐφικνεῖται
1435 917 1499 972 οὐ
1528 917 1722 991 χρόνος
1746 956 1765 984 ,

174 1012 240 1066 οὐ
277 1013 466 1081 φύσις,
498 1012 559 1065 οὐ
593 1010 774 1080 λόγος,
807 1010 869 1064 οὗ
891 1008 1039 1074 νοῦς,
1069 1009 1181 1063 οὐδ’
1200 1009 1331 1065 ἄλλο
1355 1026 1411 1063 τι
1430 1009 1576 1065 κατά
1605 1026 1767 1082 περι-

168 1103 404 1175 γραφὴν
458 1103 626 1173 φάναι
676 1101 786 1156 τῶν
832 1102 1003 1157 όντων
1036 1101 1503 1173 οὐδὲν.Ἀπότωρ
1539 1100 1636 1159 οὖν
1665 1106 1766 1160 και

173 1196 425 1265 ἀμήτωρ
446 1196 546 1250 καὶ
566 1195 1068 1266 ἀγενεαλόγητος,
1096 1195 1251 1266 μήτε
1278 1194 1480 1266 ἀρχὴν
1502 1196 1765 1267 ἡμερῶν,

168 1287 333 1357 μήτε
376 1287 553 1354 τέλος
609 1284 761 1353 ζωῆς
806 1286 989 1355 ἔχων,
1020 1285 1441 1357 ἀναγέγραπται
1504 1287 1535 1340 ὁ
1590 1285 1770 1358 μέγας

173 1380 541 1452 Μελχισεδὲκ,
570 1379 649 1444 ὡς
672 1380 702 1433 ὁ
751 1378 959 1451 ἀληθὴς
984 1378 1097 1433 τῶν
1134 1378 1417 1449 θεοφόρων
1452 1378 1667 1450 ἀνδρῶν
1695 1380 1769 1434 τά

176 1474 313 1544 περὶ
338 1470 505 1524 αὐτοῦ
541 1471 842 1541 διεσάφησε
870 1469 1032 1538 λόγος
1056 1508 1074 1533 ,
1104 1469 1166 1523 οὐ
1191 1468 1283 1524 διὰ
1328 1469 1430 1539 τὴν
1463 1468 1628 1538 φύσιν
1666 1469 1767 1541 τὴν

175 1563 414 1636 κτιστὴν
435 1564 532 1618 καὶ
556 1562 615 1628 ἐξ
642 1562 745 1618 οὐκ
766 1562 961 1627 ὄντων,
994 1561 1118 1617 καθ’
1147 1562 1215 1633 ἣν
1253 1560 1350 1617 τοῦ
1387 1555 1529 1616 εἶναι
1561 1561 1766 1633 ἧρξατό

176 1675 243 1712 τε
292 1657 392 1711 καὶ
430 1656 643 1729 ἔληξεν,
677 1654 819 1712 ἀλλά
866 1655 956 1710 διὰ
1006 1654 1107 1727 τὴν
1142 1656 1307 1727 χάριν
1353 1654 1454 1727 τὴν
1484 1654 1638 1708 Θείαν
1670 1655 1767 1709 καὶ

173 1752 481 1815 άκτιστον,
526 1749 626 1803 καὶ
672 1748 763 1803 ἀεὶ
814 1744 983 1803 οὖσαν
1024 1748 1166 1821 ὑπὲρ
1208 1748 1395 1803 πᾶσαν
1445 1748 1610 1817 φύσιν
1669 1748 1766 1802 καὶ

174 1846 361 1900 πάντα
410 1844 622 1917 χρόνον,
657 1844 723 1897 ὲκ
774 1841 871 1897 τοῦ
912 1841 998 1896 ἀεὶ
1034 1840 1191 1904 ὄντος
1238 1839 1400 1906 Θεοῦ,
1441 1840 1565 1895 καθ’
1595 1841 1662 1911 ἢν
1695 1840 1766 1894 δι’
1797 1828 1844 1890 Β

174 1938 306 1994 ὅλου
333 1936 505 2008 μόνην
529 1936 651 2000 ὂλος
678 1932 976 2006 γνωμικῶς
1003 1932 1292 2003 γεννηθεὶς
1310 1931 1764 2001 ἐπιγινώσκεται.

175 2034 361 2095 Μόνος
390 2031 449 2085 δὲ
476 2030 636 2085 τοῦτο
666 2028 741 2083 ὢν
766 2031 831 2100 τῇ
868 2028 1060 2100 Γραφῇ
1085 2026 1412 2098 τετήρηται,
1441 2024 1518 2089 ὡς
1548 2023 1766 2097 πρῶτος

179 2129 321 2191 ῐσως
345 2125 493 2197 ὑπὲρ
524 2125 625 2195 τὴν
649 2123 785 2193 ὓλην
814 2122 914 2177 καὶ
936 2122 997 2176 τὸ
1034 2116 1178 2183 εἶδος
1225 2118 1371 2174 κατά
1420 2118 1521 2190 τὴν
1561 2118 1767 2189 ἀρετήν

176 2220 509 2292 γενόμενος,
543 2218 689 2290 άπερ
732 2216 823 2273 διὰ
860 2214 957 2270 τοῦ
986 2214 1231 2284 ἀπάτωρ
1263 2212 1365 2268 καὶ
1403 2212 1645 2282 ἀμήτωρ
1668 2209 1768 2266 καὶ

173 2316 658 2384 ἀγενεαλόγητος
694 2309 985 2384 δηλοῦσθαι
1027 2308 1286 2375 δύναται,
1320 2307 1419 2362 καὶ⁵
1453 2305 1530 2372 ὡς
1585 2305 1767 2361 πάντα

172 2410 247 2464 τὰ
269 2408 382 2464 ὑπὸ
411 2408 607 2481 χρόνον
642 2406 742 2461 καὶ
777 2404 956 2461 αἰῶνα
985 2403 1132 2459 κατά
1171 2402 1276 2474 τὴν
1307 2400 1515 2471 γνῶσιν
1556 2398 1769 2472 παρελ-

175 2501 316 2565 θὼν,
351 2494 429 2556 ὧν
453 2499 515 2555 τὸ
539 2495 680 2554 εἶναι
706 2496 977 2571 χρονικῶς
1004 2497 1107 2568 τῆς
1143 2495 1421 2565 γενέσεως
1455 2493 1664 2566 ήρξατο
1703 2491 1768 2546 τὸ

177 2596 317 2650 ποτε
342 2589 487 2649 εἶναι
517 2593 620 2646 οὐκ
641 2590 983 2663 ήρνημένης,
1015 2588 1126 2644 οὐδ’
1154 2586 1335 2642 ὁτιοῦν
1361 2585 1441 2659 τῷ
1466 2586 1613 2643 κατά
1643 2585 1769 2640 διά-

174 2706 332 2743 νοιαν
363 2686 493 2758 θείῳ
518 2685 706 2757 δρόμῳ
734 2684 1012 2747 ὲνσκάσας
1037 2682 1176 2753 ὅπερ
1218 2679 1480 2751 σημαίνει
1507 2676 1673 2750 τυχὸν
1701 2677 1770 2733 τὸ

177 2778 325 2850 μήτε
382 2776 558 2849 ἀρχὴν
598 2774 829 2847 ήμερῶν
865 2774 1003 2846 μήτε
1048 2772 1204 2836 τέλος
1242 2770 1393 2843 ζωῆς
1431 2768 1579 2843 ἔχειν
1607 2785 1623 2802 ⁶
1667 2768 1768 2824 καὶ

170 2870 254 2935 ὡς
301 2868 683 2941 ὲξῃρημένως,
703 2868 952 2940 κρυφίως
999 2884 1062 2922 τε
1101 2866 1196 2921 καὶ
1238 2866 1641 2936 σεσιγημένως,
1670 2862 1768 2918 καὶ

174 2962 475 3017 συνελόντα
506 2964 711 3027 εἰπεῖν,
752 2962 1068 3032 ἀγνώστως,
1102 2960 1245 3033 μετά
1281 2960 1465 3013 πᾶσαν
1506 2956 1623 3012 τῶν
1676 2955 1769 3009 δν-

170 3074 288 3113 των
333 3055 554 3112 πάντων
585 3054 880 3128 ἀφαίρεσιν
917 3053 1062 3109 κατὰ
1104 3053 1231 3108 νοῦν
1260 3054 1343 3116 εἰς
1378 3051 1546 3106 αὑτὸν
1583 3050 1768 3115 εἰσδὺς

171 3152 273 3206 τὸν
301 3151 460 3216 Θεδν,
489 3150 586 3206 καὶ
609 3150 732 3213 ὅλος
762 3149 871 3221 ὅλῳ
903 3147 1163 3212 ποιωθείς
1190 3164 1253 3202 τε
1292 3147 1392 3202 καὶ
1430 3163 1766 3246 ’μεταποιωῖ
1792 3186 1835 3246 c

173 3243 317 3310 θεὶς,
344 3244 487 3316 ὅπερ
518 3243 599 3310 τὸ,
631 3240 1118 3313 Ἀφωμοιωμένος
1142 3240 1212 3295 δὲ
1238 3239 1320 3306 τῷ
1340 3238 1462 3313 Υίῷ
1478 3239 1585 3295 τοῦ
1613 3236 1764 3294 Θεοῦ

167 3339 346 3409 μένει
398 3336 594 3405 ἱερεὺς
634 3338 724 3404 είς
762 3336 831 3390 τὸ
871 3334 1152 3404 διηνεκὲς
1195 3332 1569 3406 ὑπεμφαίνειν
1600 3332 1764 3387 δύναι-

170 3450 291 3487 ται.
326 3432 445 3495 Πᾶς
473 3430 583 3502 γάρ
614 3446 699 3494 τις
725 3427 834 3483 τῶν
861 3428 1060 3497 ἁγίων,
1091 3421 1303 3491 οὗτινος
1331 3428 1451 3481 κατ’
1481 3425 1767 3498 ἐξαίρετον

172 3526 475 3597 ἀπήρξατο
514 3520 708 3587 καλοῦ,
760 3522 883 3576 κατ’
923 3519 1059 3574 αὐτὸ
1100 3520 1198 3575 καὶ
1253 3518 1425 3583 τύπος
1459 3513 1605 3573 εἶναι
1655 3515 1753 3572 τοῦ

173 3616 367 3690 (152
400 3616 451 3687 b)
477 3614 704 3686 δοτῆρος
738 3610 875 3667 Θεοῦ
912 3611 1306 3684 ἀνηγόρευται.
1343 3610 1484 3667 Καθ’
1507 3612 1537 3666 ὃ
1559 3628 1769 3683 σημαι-

172 3710 409 3782 νόμενον
442 3710 537 3765 ml
568 3702 727 3782 οὗτος
751 3710 781 3763 ὁ
812 3706 989 3779 μέγας
1016 3704 1362 3777 Μελχισεδὲκ
1386 3705 1479 3762 διὰ
1518 3705 1618 3778 τὴν
1659 3706 1766 3776 ἒμ-

174 3802 505 3876 ποιηθεϊσαν
568 3803 719 3875 αὑτῷ
746 3803 915 3862 ,θείαν
964 3804 1167 3877 ἀρετὴν
1204 3800 1371 3857 είκὼν
1440 3795 1584 3855 εἶναι
1634 3816 1769 3855 κατ-

171 3897 413 3969 ηξίωται
459 3896 700 3971 Χριστοῦ
754 3898 853 3953 τοῦ
912 3897 1072 3965 Θεοῦ,
1121 3896 1220 3953 καὶ
1286 3895 1395 3950 τῶν
1437 3894 1774 3967 ἀπορρήτων

174 3990 349 4045 αὐτοῦ
406 3991 747 4064 μυστηρίων,
784 3992 867 4056 είς
896 3991 958 4046 ὃν
992 3990 1200 4054 πάντες
1242 3988 1346 4061 μιν
1369 3989 1420 4044 ol
1463 3989 1611 4058 ἀγιοι
1647 4004 1775 4042 συν-

174 4084 410 4153 ἀγονται
442 4083 520 4148 ὡς
554 4084 862 4156 ἀρχέτυπον
887 4083 984 4138 καὶ
1011 4083 1114 4154 τῆς
1142 4084 1202 4138 ὲν
1223 4081 1442 4153 ἑκάστῳ
1469 4078 1654 4136 αὐτῶν
1670 4078 1768 4136 τοῦ

176 4173 355 4232 καλοῦ
384 4176 682 4247 ἐμφάσεως
711 4176 912 4241 αἴτιον,
953 4175 1194 4247 μάλιστα
1222 4175 1284 4231 δὲ
1308 4191 1500 4241 ουτος,
1530 4172 1611 4239 ὡς
1657 4172 1772 4230 τῶν

175 4268 364 4323 ἄλλων
404 4264 667 4323 άπάῦτων
712 4267 937 4333 πλείους
986 4268 1047 4324 ὲν
1085 4265 1271 4340 ὲαιιτῷ
1303 4265 1490 4341 φόρων
1515 4265 1612 4323 τοῦ
1633 4265 1774 4339 Χρι-

178 4361 311 4417 στοῦ
336 4362 439 4426 τὰς
470 4358 877 4426 ὑποτυπώσεις.

1864 570 1989 624 qua:
2021 556 2114 611 ille
2149 564 2504 616 antevertens
2536 560 2765 618 omnino
2793 564 2977 630 exuit,
3013 566 3112 622 sed
3151 581 3220 622 ex
3254 567 3462 625 divinis

1865 660 1931 699 ac
1964 644 2142 703 beatis
2174 646 2508 720 insignibus,
2535 651 2740 722 quibus
2771 653 2879 709 sibi
2910 656 3154 725 speciem
3191 658 3464 714 transfor-

1865 741 2058 807 mavit,
2093 743 2169 799 sit
2202 746 2537 815 appellatus,
2571 763 2696 818 quae
2733 764 2843 805 non
2887 750 3180 807 attaminat
3216 760 3461 823 tempus,

1866 847 1972 888 nec
2018 843 2249 902 natura,
2280 852 2462 908 neque
2504 838 2678 900 ratio.
2708 856 2891 913 neque
2938 858 3127 908 mens,
3157 858 3265 899 nec
3306 843 3460 900 aliud

1866 924 2176 997 quidpiam,
2198 938 2261 983 ut
2282 928 2532 987 breviter
2555 932 2761 1000 dicam,
2784 949 3130 1004 quaecunque
3153 942 3304 990 sunt.
3329 933 3462 990 Sine

1866 1027 2026 1089 patre
2057 1020 2227 1091 igitur
2256 1031 2314 1077 et
2340 1031 2537 1088 matre,
2562 1033 2619 1081 et
2648 1024 2770 1081 sine
2800 1042 3027 1098 genere,
3051 1026 3212 1083 initio
3238 1026 3460 1084 dierum

1867 1119 1927 1166 et
1952 1110 2060 1168 flne
2082 1113 2209 1168 vita:
2237 1129 2458 1181 carens,
2487 1118 2837 1189 perscriptus
2860 1128 2946 1175 est
2973 1135 3207 1191 magnus
3231 1119 3462 1176 Melchi-

1869 1204 2064 1270 sedec,
2092 1207 2564 1277 quemadmodum
2607 1225 2775 1266 verax
2816 1212 3166 1268 Deiferorum
3206 1213 3460 1268 virorum

1874 1314 2061 1355 sermo
2087 1316 2178 1356 res
2201 1302 2321 1374 ejus
2344 1303 2645 1371 enarravit,
2668 1320 2778 1358 non
2806 1313 3032 1376 propter
3051 1314 3305 1362 naturam
3336 1322 3461 1377 qua:

1868 1400 2052 1447 creata
2082 1401 2187 1457 est,
2213 1403 2272 1449 et
2301 1394 2372 1449 de
2398 1395 2577 1451 nihilo
2605 1405 2792 1452 creata
2824 1407 2932 1463 est,
2958 1398 3267 1454 secundum
3291 1415 3459 1470 quam

1869 1482 1963 1537 ille
1998 1483 2187 1540 vivere
2223 1493 2281 1541 et
2316 1488 2488 1558 coepit
2518 1495 2576 1544 et
2609 1487 2797 1555 desiit,
2830 1488 2929 1546 sed
2963 1497 3194 1562 propter
3224 1491 3458 1563 gratiam

1867 1576 2134 1642 divinam,
2159 1594 2268 1633 non
2298 1590 2542 1637 creatam
2566 1589 2623 1637 et
2646 1582 3068 1653 sempiternam,
3090 1597 3214 1653 qua:
3234 1597 3459 1639 omnem

1870 1679 1981 1724 tam
2036 1679 2290 1727 naturam
2342 1689 2509 1744 quam
2560 1684 2780 1747 tempus
2832 1682 3094 1746 superat,
3136 1691 3205 1731 ex
3250 1683 3459 1733 aeterno

1870 1763 2003 1827 Deo,
2032 1763 2340 1821 secundum
2366 1781 2530 1837 quam
2560 1767 2791 1839 gratiam
2820 1767 2992 1824 solam
3024 1767 3208 1823 omnis
3231 1767 3458 1822 omnino

1868 1856 2155 1912 voluntate
2181 1867 2238 1913 et
2263 1858 2451 1913 animo
2473 1868 2773 1931 generatus
2800 1859 3141 1932 agnoscitur.
3168 1858 3333 1915 Solus
3361 1874 3461 1913 au-

1869 1956 1979 2003 tem
2010 1949 2132 2019 ejus
2161 1950 2387 2021 generis
2422 1951 2478 2006 in
2515 1951 2803 2024 Scriptura
2834 1961 3091 2008 servatus
3122 1959 3230 2018 est,
3254 1951 3459 2022 quippe

1867 2039 1963 2110 qui
2009 2041 2226 2111 primus
2259 2040 2513 2097 fortassis
2552 2042 2843 2099 materiam
2886 2051 2944 2100 et
2980 2042 3215 2099 formam
3252 2042 3459 2099 virtute

1802 2180 1817 2185 ,
1866 2131 2169 2202 superavit,
2197 2132 2254 2187 id
2290 2132 2441 2204 quod
2476 2149 2577 2205 per
2604 2133 2764 2201 illud,
2790 2133 2917 2191 Sine
2945 2144 3097 2209 patre
3122 2145 3173 2192 et
3196 2144 3369 2192 matre
3398 2143 3449 2190 et

1866 2222 1980 2277 sine
2014 2239 2204 2294 genere
2234 2223 2249 2263 ι
2284 2224 2583 2296 signiﬁcari
2620 2235 2825 2297 potest,
2857 2228 3065 2299 quique
3099 2229 3285 2284 omnia
3317 2237 3457 2284 tem-

1866 2313 1991 2384 pori
2031 2323 2091 2370 et
2123 2332 2246 2371 arvo
2284 2318 2535 2388 subjecta
2576 2318 2894 2391 cognitione
2929 2327 3308 2392 transgressus
3348 2329 3455 2387 est,

1866 2424 2105 2478 quorum
2146 2410 2472 2467 exsistentia
2511 2413 2900 2483 temporaliter
2937 2413 3008 2469 de
3045 2414 3336 2469 nativitate
3374 2413 3460 2469 in-

1866 2500 2065 2556 choata
2095 2510 2181 2557 est
2206 2518 2330 2573 qua:
2360 2502 2416 2557 in
2451 2510 2669 2574 tempus
2694 2504 2922 2575 aliquod
2952 2504 3199 2560 incidere
3225 2504 3461 2575 fierique

1866 2595 2143 2663 voluerit,
2176 2612 2359 2667 neque
2395 2596 2452 2652 in
2485 2597 2677 2654 divino
2709 2614 2953 2670 unquam
2987 2599 3305 2655 intellectus
3334 2613 3465 2653 cur-

1869 2686 2046 2744 riculo
2086 2688 2438 2755 claudicans,
2472 2690 2527 2746 id
2561 2691 2711 2761 quod
2748 2691 2982 2747 fortasse
3015 2690 3287 2763 significat
3320 2689 3459 2746 illud

1866 2779 2015 2851 quod
2044 2795 2224 2850 neque
2251 2780 2585 2851 principium
2609 2782 2826 2838 dierum
2852 2798 3034 2854 neque
3061 2782 3226 2837 finem
3252 2782 3461 2838 habere

1868 2884 2130 2928 narratur
2168 2890 2183 2927 :
2226 2881 2284 2928 et
2316 2881 2379 2928 ut
2414 2873 2684 2945 singulari
2727 2876 2891 2946 plane
2932 2883 2992 2931 et
3031 2890 3143 2929 non
3177 2875 3458 2930 communi

1869 2963 2057 3030 modo,
2089 2964 2232 3019 clam
2269 2973 2328 3020 et
2367 2965 2558 3031 tacite,
2586 2973 2645 3021 et
2683 2973 2745 3020 ut
2774 2964 3023 3020 breviter
3058 2964 3262 3031 dicam,
3293 2965 3461 3019 modo

1871 3057 2171 3130 incognito,
2205 3058 2377 3114 rebus
2418 3074 2543 3128 quae
2583 3065 2715 3113 sunt
2755 3057 3059 3129 amputatis
3094 3057 3256 3128 plane
3293 3065 3462 3127 atque

1869 3150 2077 3207 relictis
2112 3159 2296 3205 mente
2331 3148 2390 3205 in
2426 3148 2609 3221 ipsum
2644 3149 2819 3205 Deum
2859 3149 3197 3219 immergens
3228 3163 3372 3213 sese,
3403 3157 3463 3204 et

1871 3250 2020 3299 totus
2057 3243 2157 3298 toti
2193 3242 2545 3314 qualiﬁcatus
2579 3251 2637 3299 et
2670 3242 3193 3313 transqualiﬁcatus,
3222 3242 3279 3297 id
3311 3241 3461 3313 quod

1870 3339 2005 3396 illud
2040 3357 2054 3395 :
2090 3339 2371 3396 Similatus
2408 3348 2583 3394 autem
2618 3339 2719 3395 Dei
2748 3338 2886 3396 Filio
2920 3350 3099 3395 manet
3125 3341 3371 3397 sacerdos
3404 3341 3467 3396 in

1869 3441 2181 3505 perpetuum
2201 3445 2264 3497 ω,
2296 3432 2653 3488 subindicare
2695 3438 2900 3503 potest.
2939 3432 3268 3489 Sanctorum
3310 3431 3460 3488 enim

1870 3524 2106 3595 quilibet
2129 3539 2241 3595 quo
2262 3523 2546 3595 praecipue
2571 3522 2854 3579 inchoavit
2878 3523 3134 3594 pulchro,
3155 3521 3460 3579 secundum

1872 3617 1929 3672 id
1972 3618 2144 3674 etiam
2187 3616 2545 3673 simulacrum
2592 3615 2693 3671 Dei
2739 3615 2951 3672 datoris
2992 3616 3308 3672 declaratus
3350 3625 3459 3674 est.

1870 3709 1989 3778 Qua
2017 3710 2297 3766 sententia
2319 3708 2414 3764 hic
2435 3723 2661 3780 quoque
2687 3723 2919 3781 magnus
2943 3708 3310 3765 Melchisedec
3335 3724 3463 3780 pro-

1870 3811 1995 3873 pter
2016 3802 2266 3858 divinam
2290 3801 2558 3858 virtutem
2587 3800 2640 3857 ei
2668 3800 2889 3857 insitam
2919 3802 3280 3857 simulacrum
3304 3800 3465 3857 Chri-

1871 3894 1943 3951 sti
1964 3893 2063 3950 Dei
2086 3909 2209 3951 esse
2231 3893 2435 3965 dignus
2457 3892 2683 3951 habitus
2706 3902 2814 3960 est,
2834 3895 3067 3965 ejusque
3095 3892 3464 3950 ineffabilium

1871 3988 2289 4061 mysteriorum,
2311 3988 2368 4043 in
2393 4001 2562 4059 quem
2583 3987 2830 4045 universi
2854 3988 3035 4044 sancti
3058 3994 3467 4061 congregantur

1872 4089 2135 4152 tanquam
2160 4082 2217 4137 in
2245 4081 2611 4156 archetypum
2640 4096 2705 4138 ac
2727 4082 2947 4153 pulchri
2970 4082 3029 4137 in
3051 4083 3250 4154 quovis
3268 4098 3464 4139 eorum

1871 4172 2132 4246 imaginis
2169 4188 2391 4231 causam
2412 4217 2428 4243 ,
2458 4174 2771 4247 praesertim
2810 4190 2945 4231 vero
2983 4174 3106 4244 hic,
3141 4184 3335 4248 utpote
3366 4175 3466 4247 qui

1871 4265 2064 4338 plures
2096 4282 2261 4339 quam
2299 4266 2505 4340 reliqui
2542 4267 2598 4329 in
2632 4281 2756 4325 sese
2788 4265 2999 4325 Christi
3033 4266 3471 4327 deformationes

1874 4360 2108 4419 ferebat.

188 4567 529 4640 Ἐξήτησις
558 4567 646 4634 εις
686 4565 798 4621 τὸν
840 4564 1082 4634 Κύριον,
1107 4560 1388 4632 περὶτῶν
1419 4562 1769 4634 λεγομένων

1872 4561 2170 4619 Enarratia
2202 4564 2258 4619 in
2313 4563 2601 4619 Dominum
2652 4566 2717 4619 de
2759 4566 2826 4621 iis
2876 4582 2995 4637 qua:
3040 4569 3097 4622 in
3130 4566 3469 4627 Melchisedec

637 4663 725 4728 εὶς
749 4661 858 4715 τὸν
888 4658 1297 4731 Μελχισεδέκ.

248 4772 586 4835 Μονώτατος
612 4772 721 4843 γὰρ
752 4771 781 4824 ὀ
804 4770 1016 4844 Κύριος
1039 4769 1204 4842 ἡμῶν
1239 4769 1337 4826 καὶ
1381 4768 1520 4835 Θεδς
1559 4763 1774 4841 Ἰησοῦς

178 4866 419 4940 Χριστὸς
451 4865 611 4937 φύσει
633 4865 729 4920 καὶ
766 4865 997 4939 ἀληθεϊᾳ
1016 4864 1249 4938 ἀπάτωρ
1294 4863 1435 4931 ἐστὶι
1475 4863 1574 4919 καὶ
1628 4863 1776 4935 ἀμή-

178 4977 295 5033 τωρ
341 4958 441 5013 uel
488 4958 947 5030 ἀγενεαλόγητος,
976 4958 1073 5013 καὶ
1122 4957 1262 5030 μήτε
1314 4954 1493 5029 ἀρχὴν
1545 4955 1776 5029 ἡμερῶν

182 5054 322 5125 μήτε
380 5050 557 5131 ζωῆς.
581 5048 735 5115 τέλος
786 5048 951 5121 ἔχων⁵
984 5050 1217 5122 ἀμήτωρ
1271 5048 1369 5120 μὲν
1396 5047 1485 5103 διὰ
1522 5048 1586 5102 τδ
1608 5047 1774 5105 άῦλον

177 5151 277 5202 καὶ
306 5146 607 5216 ἀσώματον
659 5145 760 5201 καὶ
817 5144 1102 5209 παντελῶς
1128 5143 1408 5215 ἄγνωστον
1434 5143 1535 5214 τῆς
1569 5143 1683 5199 ἀνω
1709 5143 1775 5197 ὲκ

179 5239 275 5294 τοῦ
341 5239 565 5311 Πατρδς
616 5236 950 5310 προαιωνίου
1006 5236 1317 5308 γεννήσεως
1354 5249 1369 5265 ·
1428 5233 1662 5307 ἀπάτωρ
1715 5234 1776 5290 δὲ

182 5332 328 5387 κατά
384 5331 487 5404 τὴν
526 5331 681 5386 κάτω
735 5329 832 5385 καὶ
878 5330 1145 5402 χρονικὴν
1177 5329 1246 5383 ὲκ
1285 5326 1387 5397 τῆς
1428 5326 1639 5399 μητρὸς
1680 5325 1778 5381 καὶ

179 5424 506 5495 ἔνσώματον
538 5424 817 5496 γέννησιν,
851 5416 923 5496 ἧς
955 5421 1102 5479 κατά
1132 5423 1233 5494 τὴν
1266 5420 1535 5494 σύλληψιν
1576 5419 1642 5476 τὸ
1686 5418 1778 5475 διὰ

185 5519 402 5590 σπορᾶς
425 5512 567 5583 εἶδος
589 5516 653 5571 οὐ
682 5516 1065 5589 κατεστήσατο
1088 5532 1103 5548 ·
1133 5514 1575 5589 ἀγενεαλόγητος
1604 5513 1663 5568 δὲ
1699 5512 1777 5578 ὡς

262 5629 287 5673 ι
324 5630 497 5687 Hebr.
525 5645 622 5696 vlt,
652 5629 710 5686 3.
787 5638 825 5661 "'
854 5628 996 5686 ibid.

2510 4657 2651 4712 dicta
2680 4666 2826 4713 sunt.

1946 4769 2101 4829 Unus
2130 4770 2280 4826 enim
2308 4768 2577 4827 Dominus
2618 4777 2811 4825 noster
2842 4777 2899 4826 et
2933 4768 3081 4826 Deus
3113 4768 3275 4826 Jesus
3304 4768 3469 4830 Chri-v

1873 4871 1997 4920 stus
2019 4871 2221 4919 natura
2249 4877 2315 4919 ac
2341 4861 2575 4919 veritate
2603 4860 2725 4919 sine
2759 4870 2913 4934 patre
2938 4870 3026 4919 est
3050 4871 3107 4918 et
3135 4863 3254 4918 sine
3290 4871 3468 4919 matre

1876 4966 1935 5013 et
1961 4956 2082 5014 sine
2111 4972 2336 5030 genere,
2367 4965 2427 5013 et
2467 4955 2628 5013 initio
2658 4956 2874 5013 dierum
2900 4964 2958 5013 et
2985 4956 3113 5011 vitae
3160 4955 3268 5012 ﬁne
3293 4964 3466 5013 caret.

1880 5047 2014 5105 Sine
2047 5055 2243 5115 matre,
2279 5057 2508 5120 propter
2551 5046 2913 5104 immateriale
2950 5056 3007 5106 et
3036 5046 3385 5118 incorporale
3413 5057 3471 5105 et

1882 5141 2045 5214 plane
2069 5140 2411 5213 incognitum
2454 5140 2760 5198 nativitatis
2792 5141 2915 5213 ejus
2941 5155 3011 5196 ex
3038 5140 3201 5195 Patre
3226 5136 3500 5214 aeternoﬂ

1879 5234 1999 5291 sine
2027 5243 2208 5306 patre,
2233 5240 2461 5305 propter
2483 5233 2606 5305 ejus
2628 5232 2685 5288 in
2712 5232 2817 5289 hac
2840 5239 2992 5288 terra
3016 5230 3377 5301 temporalem
3405 5248 3474 5289 ac

1878 5326 2224 5397 corporalem
2262 5341 2331 5382 ex
2363 5332 2540 5381 matre
2580 5324 3020 5397 generationem,
3065 5324 3225 5396 cujus
3266 5339 3471 5381 secun-

1878 5418 2010 5474 dum
2034 5418 2455 5490 conceptionem
2479 5425 2539 5475 et
2563 5433 2753 5474 semen
2781 5416 3135 5474 instituenda:
3157 5431 3333 5489 genus
3358 5431 3472 5472 non

1880 5521 2107 5569 secutus
2149 5521 2265 5579 est;
2320 5511 2442 5571 sine
2496 5527 2698 5585 genere
2750 5510 3015 5584 denique,
3064 5520 3127 5569 ut
3176 5510 3472 5583 utriusque

1483 5710 1728 5775 νΑωκε
1768 5712 2180 5783 LECTIONES.

262 5814 312 5851 "
338 5813 722 5888 κατεξαίρετον
750 5810 875 5869 cod.
905 5807 1053 5868 Gud.
