4014 6284
217 351 366 422 1145

1468 342 1992 413 AMBIGUORUM
2029 342 2284 412 LIBER.

3348 349 3490 416 ιιιιι

220 471 407 542 tepet»;
447 462 703 539 διηνεκὴς
753 463 850 521 καὶ
894 461 1385 538 αίώνιοςμνοερῶς
1413 464 1503 519 ἀεὶ
1528 465 1630 536 τῆς
1659 465 1804 529 θείας

1911 472 2167 520 naturam
2203 472 2369 534 atque
2413 472 2633 534 tempus
2664 471 2948 534 superant,
2985 462 3163 520 factus
3192 472 3278 520 est
3319 466 3488 521 etiam

215 559 516 616 ἀπολαύων
543 558 763 629 ὁμιλίας
783 597 801 623 ,
847 556 946 610 καὶ
974 555 1063 609 διά
1086 555 1149 609 τὸ
1182 556 1464 627 μιμεῖσθαι
1493 559 1561 627 τῇ
1590 556 1721 628 περὶ
1744 554 1805 610 τὸ

214 651 391 705 καλὸν
436 650 579 704 κατὰ
627 649 728 721 τὴν
769 648 997 719 γνώμην
1042 646 1279 719 ἀτρεψίᾳ
1310 647 1371 701 τὸ
1390 648 1436 679 ⁸⁸
1466 648 1607 702 κατά
1642 648 1804 716 φύσιν

214 744 494 814 ἄτρεπτον
527 742 601 813 μὴ
629 741 975 812 κωλυόμενος
1005 739 1317 803 Ἰουδαϊκῶς
1343 740 1618 811 ἁμαρτίας
1642 740 1806 793 θανά-

214 847 302 904 τῳ
348 834 427 897 είς
470 834 531 887 τὸ
566 833 814 905 διηνεκὲς
841 832 1184 905 παραμένειν
1205 874 1220 899 ,
1280 833 1377 886 καὶ
1414 832 1603 885 θυσίαν
1634 848 1805 903 προσ-

218 927 416 997 φέρειν
466 925 729 989 αἰνέσεως
778 920 873 978 καλ⁵
913 917 1380 996 έξομολογήσεως,
1427 924 1655 989 ἐνδόξως
1685 923 1806 976 θεο-

214 1018 400 1087 λογῶν
422 1017 501 1087 ῶς
526 1017 591 1088 δη
601 1018 857 1087 μιουργόν
887 1017 995 1071 τῶν
1017 1018 1297 1081 ἁπάντων,
1322 1017 1417 1071 καὶ
1439 1016 1805 1086 εὐγνωμόνως

217 1109 566 1182 εὐχαριστῶν
596 1110 671 1174 ὡς
692 1113 967 1183 προνοητῇ
996 1110 1093 1165 καὶ
1118 1113 1281 1183 κριτῇ
1309 1110 1416 1164 τῶν
1435 1110 1573 1164 ὅλων
1589 1108 1802 1179 δικαίῳ,

218 1202 284 1257 ὲν
308 1201 389 1271 τῷ
412 1201 551 1256 κατὰ
574 1201 811 1254 διάνοιαν
837 1200 969 1272 θείῳ
989 1201 1361 1273 θυσιαστηρίῳ
1386 1241 1402 1266 ,
1448 1202 1508 1270 ἐξ
1532 1196 1593 1256 οῦ
1614 1203 1805 1271 φαγεῖν

216 1288 324 1347 ούκ
386 1292 585 1363 ἔχουσα
643 1293 894 1359 ἐξουσίαν
952 1292 1005 1347 οἶ
1065 1298 1131 1367 τῇ
1194 1299 1367 1366 σκηνῇ
1428 1294 1803 1366 λατρεύοντες.

217 1381 299 1439 Οὐ
340 1387 451 1454 γὰρ
492 1379 605 1439 οἷόν
640 1404 697 1439 τε
730 1387 1008 1457 μυστικῶν
1039 1388 1189 1451 θείας
1216 1386 1471 1457 γνώσεως
1501 1386 1684 1457 ἄρτων
1712 1388 1808 1441 καὶ

218 1476 506 1549 κρατῆρος
557 1475 789 1544 ζωτικοῦ
842 1480 1034 1550 σοφίας
1089 1480 1417 1551 μεταλαχεῖν
1468 1481 1598 1543 τοὺς
1647 1496 1805 1550 povo-

220 1568 577 1640 στοιχοῦντας
646 1571 727 1643 τῷ
771 1573 1102 1643 γράμματι,
1161 1574 1259 1628 ml.
1328 1572 1541 1643 ἀλόγων
1594 1572 1809 1636 θυσίαις

218 1661 415 1716 παθῶν
444 1662 580 1733 πρὸς
608 1664 887 1735 σωτηρίαν
915 1666 1316 1736 ἀρκουμένους,
1345 1668 1442 1720 καὶ
1468 1661 1560 1719 τὸν
1590 1664 1689 1736 μὲν
1713 1664 1809 1719 θάο

1908 558 2169 614 sacerdos
2211 565 2514 628 perpetuus
2540 567 2709 625 atque
2742 565 3007 621 aeternus,
3044 557 3492 614 intellectualiter

1907 666 2129 722 semper
2170 651 2268 706 Dei
2301 650 2703 706 consuetudine
2732 649 2945 714 fruens,
2976 659 3033 704 et
3056 666 3155 704 sua
3182 651 3327 705 circa
3363 650 3489 721 pul-

1906 747 2101 800 chrum
2125 742 2425 797 voluntatis
2449 741 2761 797 constantia
2788 742 3093 795 naturalem
3121 744 3489 797 constantiam

1906 848 2032 889 cum
2061 833 2373 898 mmulelur,
2420 849 2533 887 non
2578 831 2898 902 prohibitus
2937 831 3167 885 Judaice
3215 832 3272 885 in
3315 841 3492 887 morte

1906 925 2143 994 peccati,
2176 934 2449 995 perpetuo
2494 940 2874 995 perseverare,
2920 922 3362 994 sacriﬁciumque
3407 924 3491 978 of-

1906 1016 2051 1071 ferre
2082 1017 2262 1071 laudis
2295 1027 2351 1072 et
2381 1017 2766 1082 confessionis,
2797 1017 2945 1072 clare
2986 1016 3158 1071 Deum
3190 1016 3494 1086 praedicans

1907 1117 1967 1163 ut
1992 1109 2238 1163 omnium
2272 1109 2640 1173 conditorem,
2665 1118 2723 1164 et
2758 1109 2850 1180 pio
2874 1108 3064 1163 animo
3096 1109 3303 1179 gratias
3327 1122 3496 1180 agens

1906 1201 1960 1257 ei
2012 1209 2073 1254 ut
2116 1200 2349 1271 provido
2394 1210 2560 1270 atque
2588 1200 2761 1271 iudici
2796 1200 3185 1255 universorum
3217 1215 3398 1269 aequo,
3438 1200 3494 1254 in

1909 1292 2265 1347 intellectuali
2294 1308 2389 1347 ara
2416 1292 2627 1357 divina,
2655 1292 2804 1348 unde
2834 1293 2916 1347 eis
2949 1292 3044 1362 qui
3074 1291 3494 1346 tabernaculum

1908 1394 2248 1440 venerantur
2279 1385 2446 1441 edere
2476 1402 2587 1440 non
2617 1385 2770 1441 licet.
2804 1384 2949 1440 Fieri
2984 1385 3132 1440 enim
3169 1400 3279 1438 non
3313 1393 3497 1455 potest

1909 1482 1971 1529 ut
1994 1477 2354 1547 mysticorum
2382 1476 2586 1533 divina:
2616 1477 2953 1547 cognitionis
2982 1492 3188 1547 panum
3232 1492 3296 1531 ac
3326 1492 3497 1547 pocu-

1909 1568 2089 1622 lorum
2134 1568 2317 1625 vitalis
2345 1569 2632 1639 sapientia
2678 1569 2716 1625 ii
2760 1569 3059 1639 participes
3090 1569 3223 1623 [iant
3252 1569 3346 1639 qui
3378 1569 3496 1623 sola

1911 1661 1965 1717 in
1988 1661 2172 1717 littera
2199 1662 2484 1728 incedunt,
2516 1662 3035 1732 irrationaliumque
3064 1662 3132 1717 ad
3162 1676 3317 1716 suam
3348 1661 3497 1716 salu-

217 1772 382 1809 νατον
436 1755 531 1809 τοῦ
566 1756 779 1827 Ἰησοῦ,
833 1759 921 1813 διὰ
968 1758 1068 1829 τῆς
1117 1760 1241 1813 καθ’
1278 1761 1559 1831 ἁμαρτίαν
1606 1759 1804 1831 ἀργίας

1912 1764 2020 1811 tem
2055 1756 2348 1812 sacriﬁciis
2387 1757 2705 1827 passionum
2753 1759 3022 1821 contenti,
3065 1758 3309 1828 Jesuque
3343 1773 3495 1812 mor-

218 1847 715 1916 καταγγέλλοντας,
766 1847 864 1920 τὴν
903 1849 961 1903 δὲ
1008 1849 1308 1904 ἀνάστασιν
1338 1850 1528 1913 αὑτοῦ,
1566 1850 1706 1920 ὑπὲρ
1739 1845 1804 1921 ἦς

1910 1856 2019 1903 teni
2065 1865 2165 1919 per
2208 1850 2469 1920 peccandi
2507 1850 2872 1906 cessationem
2919 1849 3365 1920 pronuntiantes,
3404 1863 3497 1903 rc-

218 1940 313 1992 καὶ
343 1938 410 1993 δι’
434 1939 503 2010 ἢν
532 1942 560 1993 6
585 1939 816 2004 θάνατος
838 1939 1054 2010 γέγονε,
1099 1942 1186 1995 διά
1214 1941 1315 2011 τῆς
1345 1941 1488 1995 κατά
1514 1941 1639 1995 νοῦν
1666 1940 1805 1995 θεω-

218 2032 344 2105 ρίας
369 2073 385 2098 ,
435 2033 534 2103 τῆς
564 2034 620 2086 ὲν
646 2032 967 2107 δικαιοσύνῃ
994 2034 1171 2106 ἔργων
1200 2034 1425 2104 ἀγαθῶν
1450 2036 1806 2106 πεφωτισμέ-

217 2140 351 2192 νης.
406 2124 505 2194 οὐχ
548 2125 987 2194 ὁμολογοῦντας,
1048 2127 1142 2180 καὶ
1184 2127 1247 2180 τὸ
1284 2127 1386 2198 μὲν
1427 2126 1806 2198 θανατωθῆναι

219 2211 389 2280 σαρκὶ
419 2207 477 2265 εὖ
510 2213 657 2282 μάλα
686 2202 988 2286 προθύμως
1016 2214 1203 2288 (ιεάΙ
1227 2217 1280 2288 a)
1310 2217 1623 2288 ἑλομένους,
1658 2219 1718 2271 τὸ
1746 2218 1804 2271 δὲ

218 2303 622 2376 ζωοποιηθῆναι
653 2307 749 2361 καὶ⁵
774 2307 1049 2379 πνεύματι
1079 2310 1189 2362 οὐδ’
1213 2308 1463 2364 ὁπωσοῦν
1493 2310 1804 2380 ἀναρχομέ-

216 2412 346 2455 νους
369 2440 383 2461 ,
444 2395 523 2450 ἔτι
570 2401 672 2470 τῆς
714 2400 842 2454 κατ’
870 2400 1069 2465 αὐτοὺς
1106 2398 1317 2473 σκηνῆς
1348 2402 1581 2475 ἐχούσης
1613 2403 1803 2459 στάσιν

215 2486 305 2541 διὰ
350 2488 415 2542 τὸ
460 2492 627 2563 μήπω
676 2493 1097 2564 πεφανερῶσθαι
1148 2496 1334 2559 αὐτοῖς
1378 2496 1479 2567 τὴν
1518 2496 1609 2550 διά
1641 2496 1802 2564 λόγου

217 2581 313 2634 καὶ
361 2581 617 2650 γνώσεως
667 2585 775 2639 τῶν
818 2586 989 2654 ἁγίων
1035 2587 1153 2641 666v
1179 2628 1195 2653 ,
1251 2589 1374 2659 ἥτις
1414 2588 1565 2642 ἐστὶν
1593 2589 1622 2641 6
1648 2588 1805 2657 λόγος

216 2674 313 2728 τοῦ
345 2675 480 2730 Θεοῦ
510 2678 538 2731 6
564 2676 756 2745 είπὼν,
817 2678 963 2750 Ἐγώ
990 2683 1107 2751 ειμι
1137 2680 1175 2750 ἠ
1203 2676 1345 2749 ὁδὸς
1368 2722 1388 2748 ,
1439 2682 1533 2736 καὶ
1574 2681 1683 2734 ἀπὸ
1709 2679 1802 2734 τοῦ

219 2765 401 2837 σάρκα
452 2768 607 2838 λόγον
644 2771 846 2825 εἰδέναι
889 2772 977 2827 διὰ
1006 2774 1319 2843 πρακτικῆς
1350 2774 1441 2828 τὸν
1471 2772 1679 2844 Κύριον
1710 2772 1805 2825 ἐπὶ

214 2861 317 2929 τὴν
362 2860 439 2927 ὡς
487 2864 813 2935 μονογενοῦς
843 2867 997 2937 παρά
1025 2867 1240 2936 Πατρὸς
1269 2867 1450 2933 δόξαν,
1485 2869 1585 2937 τὴν
1618 2866 1802 2936 πλήρη

216 2953 442 3023 χάριτος
474 2958 568 3010 καί
596 2953 859 3029 ἀληθείας
881 2997 897 3025 ,
931 2958 1021 3013 διὰ
1057 2959 1291 3029 θεωρίας
1320 2958 1494 3012 ἐλθεῖν
1525 2958 1627 3012 οὐκ
1655 2959 1805 3027 ὲφιε-

218 3045 437 3116 μένους.

623 3221 844 3291 Θεωρία
870 3223 956 3287 είς
984 3222 1090 3275 τὸν
1118 3221 1389 3292 ἈΓραάμ.

299 3334 556 3407 Ἀϐραάμ
603 3335 769 3391 πάλιν
800 3337 1171 3405 πνευματικὸς
1200 3338 1413 3406 γίνεται
1440 3339 1541 3406 τῆς
1573 3342 1676 3411 γῆς
1710 3342 1804 3395 καὶ

214 3428 320 3498 τῆς
365 3428 687 3495 συγγενείας
742 3429 836 3481 καὶ
882 3428 976 3484 τοῦ
1028 3429 1178 3483 οίκου
1221 3429 1316 3483 τοῦ
1351 3432 1556 3503 πατρὸς
1586 3432 1807 3505 ἐξερχό-

221 3539 389 3592 μενος
437 3522 533 3575 καὶ
576 3521 655 3585 είς
683 3522 784 3591 τὴν
824 3522 931 3575 ὑπὸ
954 3521 1091 3575 Θεοῦ
1120 3518 1483 3595 δεικνυμένην
1509 3526 1805 3596 ἐρχόμενος

216 3614 325 3684 γῆν
351 3654 367 3676 ,
424 3613 454 3665 6
501 3612 603 3683 τῆς
639 3614 846 3685 σαρκὸς
878 3613 1020 3667 κατὰ
1048 3614 1291 3669 διάθεσιν
1319 3616 1672 3689 ἀπορρήξας,
1711 3623 1805 3676 καὶ

218 3704 380 3766 ἐκτὸς
408 3702 580 3773 αὐτῆς
602 3704 897 3774 γενόμενος
925 3702 1005 3774 τῷ
1032 3705 1299 3777 χωρισμῷ
1328 3707 1437 3761 τῶν
1463 3708 1674 3777 παθῶν,
1710 3713 1806 3767 καὶ

218 3798 321 3861 τὰς
375 3796 659 3866 αἰσθήσεις
708 3795 1027 3863 ἀπολιπὼν,
1086 3799 1181 3852 καὶ
1234 3800 1505 3871 μηδεμίαν
1534 3803 1805 3859 διἀύτῶν

218 3888 499 3957 ἁμαρτίας
523 3889 600 3942 ἔτι
627 3888 1065 3961 παραδεχόμενος
1085 3891 1296 3960 πλάνην
1316 3933 1332 3957 ,
1368 3895 1463 3947 καὶ
1486 3894 1555 3948 τά
1571 3896 1807 3967 αίσθητά
1824 3920 1853 3930 ο

220 3982 403 4036 πάντα
432 3981 741 4055 παρελθὼν,
786 3984 847 4049 ἐξ
872 3976 947 4038 ὧν
973 3986 1038 4055 τῇ
1065 3984 1212 4056 ψυχῇ
1243 3984 1331 4039 διὰ
1355 3986 1466 4040 τῶν
1493 3988 1805 4059 αίσθήσεων

217 4073 283 4126 τὸ
333 4073 649 4127 ἀπατᾶσθαι
702 4074 795 4129 καὶ
846 4076 1027 4129 παίειν
1071 4077 1446 4149 προσγίνεται,
1507 4082 1603 4134 καὶ⁵
1658 4082 1805 4153 μόνῳ

220 4165 299 4238 τιῖι
326 4165 401 4236 νῷ
435 4166 635 4231 παντὸς
663 4165 852 4221 ύλικοῦ
883 4167 1156 4239 ἐλευθέρῳ
1185 4164 1390 4241 δεσμοῦ
1425 4173 1506 4235 είς
1530 4172 1629 4243 τὴν
1652 4172 1805 4227 θείαν

220 4262 317 4314 καὶ
350 4259 629 4330 μακαρίαν
658 4262 756 4330 τῆς
784 4258 1040 4329 γνώσεως
1071 4261 1369 4332 ἐρχόμενος
1398 4264 1501 4331 γῆν
1526 4304 1541 4328 ,
1602 4268 1695 4319 καὶ
1724 4267 1805 4327 είς

224 4352 403 4422 μῆκος
453 4352 548 4405 καὶ
598 4351 798 4415 πλάτος
844 4353 1016 4423 αὐτὴν
1064 4355 1345 4422 μυστικῶς
1373 4355 1647 4418 διοδεύων,
1686 4352 1803 4431 ὲνῇ

218 4445 311 4499 τὸν
341 4444 545 4517 Κύριον
572 4444 731 4516 ἡμῶν
760 4446 987 4516 εὑρήσει
1022 4446 1117 4500 καὶ
1147 4446 1281 4500 Θεὸν
1316 4448 1522 4518 Ἰησοῦν
1544 4450 1803 4520 Χριστὸν,

219 4551 320 4605 την
365 4534 581 4606 ἀγαθὴν
626 4535 734 4588 τῶν
782 4534 1136 4606 φοϐουμένων
1194 4538 1358 4591 αύτδν
1406 4538 1795 4610 κληρονομίαν,

219 4624 299 4688 είς
332 4622 512 4693 μῆκος
538 4624 640 4694 μὲν
670 4624 995 4680 ἀνείκαστον
1039 4625 1106 4679 δι’
1135 4627 1325 4681 ἑαυτὸν
1364 4628 1467 4681 ὑπὸ
1495 4628 1602 4682 τῶν
1632 4630 1801 4696 ἀξίων

220 4714 365 4769 κατὰ
391 4715 455 4768 τὸ
482 4717 706 4784 ἐφικτὸν
739 4718 1047 4790 ἀνθρώποις
1079 4719 1523 4791 θεολογούμενον,
1558 4721 1627 4776 δι’
1653 4721 1802 4792 ἡμᾶς

217 4802 274 4857 δὲ
301 4806 384 4869 είς
404 4804 608 4868 πλάτος
634 4804 911 4877 δοξολογού
920 4826 1099 4878 μενον,
1129 4808 1217 4863 διὰ
1238 4810 1336 4880 τῆς
1356 4815 1680 4883 συνεκτικῆς
1708 4811 1801 4865 τοῦ

220 4898 426 4961 παντὸς
482 4899 801 4968 σοφωτάτης
842 4900 1006 4955 αὑτοῦ
1054 4902 1339 4972 προνοίας,
1399 4905 1493 4957 καὶ
1536 4906 1632 4975 τῆς
1662 4906 1804 4977 ὑπὲρ

216 4985 381 5057 ἡμῶν
434 4986 671 5057 μάλιστα
724 4990 1045 5064 θαυμαστῆς
1100 4993 1193 5046 καὶ
1233 4994 1619 5067 ύπεραρρήτου
1649 4998 1797 5051 οἰκο-

218 5077 415 5147 νομίας
437 5122 453 5145 ,
502 5080 596 5132 καὶ
641 5081 870 5153 μέτοχος
912 5082 1021 5138 τῶν
1051 5079 1135 5149 οἷς
1163 5086 1445 5158 γεραίρειν
1474 5088 1567 5141 τὸν
1595 5087 1797 5157 Κύριον

218 5169 412 5242 (ιδᾶ,
432 5170 484 5241 b)
516 5172 874 5247 ὲξεπαιδεύθη
904 5178 1120 5247 τρόπων
1150 5179 1291 5233 κατά
1320 5179 1520 5249 πρᾶξιν
1545 5180 1681 5245 τέως
1704 5182 1801 5235 καὶ

221 5262 460 5335 θεωρίαν
513 5266 840 5337 γενόμενος,
892 5262 1068 5325 δι’ὧν
1119 5273 1154 5343 ὴ
1205 5273 1343 5344 πρὸς
1387 5274 1519 5326 Θεὸν
1568 5274 1804 5345 βεϐαίως

222 5353 526 5425 κυροῦσθαι
572 5357 784 5427 πέφυκε
829 5360 980 5429 φιλία
1021 5380 1080 5416 τε
1133 5364 1229 5417 καὶ
1271 5363 1630 5435 ἀφομοίωσις,
1694 5367 1803 5419 Καὶ

220 5448 509 5515 συντόμως
539 5451 667 5522 περὶ
695 5450 903 5505 τούτων
927 5454 1124 5521 εἰπεῖν,
1154 5457 1183 5510 6
1210 5456 1395 5529 σάρκα
1424 5460 1515 5511 καὶ
1545 5458 1803 5527 αἴσθησιν

218 5540 317 5592 aut
358 5540 566 5609 κόσμον
592 5580 607 5604 ,
662 5543 791 5615 περὶ
819 5543 857 5599 ἃ
883 5545 978 5601 τοῦ
1004 5546 1098 5600 νοῦ
1131 5550 1165 5619 ἡ
1203 5550 1341 5621 πρὸς
1365 5550 1435 5604 τὰ
1455 5552 1624 5621 νοητὰ
1658 5552 1802 5606 κατά

290 5661 323 5704 «ι
345 5652 505 5710 Joan.
531 5671 642 5722 xiv,
674 5658 728 5712 6.
808 5670 829 5698 π
858 5661 1015 5717 Joan.
1042 5678 1082 5729 ι,
1113 5664 1199 5720 Η.
1277 5672 1299 5701 ·
1332 5665 1471 5724 Gen.
1506 5681 1600 5728 xu,
1636 5667 1688 5718 1.

1907 1942 2309 1998 surrectionem
2342 1958 2476 1999 vero
2503 1944 2645 2015 ejus,
2691 1942 2760 1999 de
2807 1957 2917 2013 qua
2965 1950 3023 1998 et
3068 1952 3295 2013 propter
3325 1956 3493 2012 quam

1908 2050 2059 2089 mors
2106 2034 2247 2090 facta
2290 2046 2394 2101 est,
2443 2051 2545 2106 per
2597 2037 3030 2092 intellectualem
3065 2033 3493 2104 contemplatio-

1906 2141 2057 2191 nem,
2086 2142 2211 2195 qute
2240 2127 2295 2181 in
2330 2127 2602 2182 bonarum
2636 2128 2917 2182 actionum
2946 2126 3161 2198 iustitia
3198 2126 3494 2181 collustra-

1908 2225 2020 2283 tur,
2044 2218 2364 2285 diﬂitentes,
2388 2229 2447 2275 et
2464 2221 2764 2276 carnaliter
2786 2220 3106 2275 mortiﬁcari
3132 2220 3492 2291 paratissimi,

1904 2318 1962 2365 at
1993 2309 2261 2365 vivilicari
2312 2327 2533 2381 quoque
2569 2313 2623 2367 in
2658 2313 2856 2383 spiritu
2905 2328 3253 2382 nequaquam
3301 2312 3488 2367 denuo

1905 2401 2265 2469 inchoantes,
2334 2404 2693 2459 tabernaculo
2751 2406 3000 2475 ipsorum
3037 2405 3221 2459 adhuc
3275 2415 3492 2470 stante,

1906 2494 2130 2562 quando
2158 2495 2406 2550 nondum
2450 2495 2531 2551 eis
2557 2512 2657 2566 per
2706 2498 2973 2552 rationem
3018 2506 3075 2551 et
3121 2497 3493 2567 cognitionem

1907 2595 2226 2641 sanctorum
2263 2588 2351 2642 via
2396 2597 2482 2643 est
2523 2598 2831 2643 monstrata
2860 2605 2983 2659 quae
3014 2588 3113 2643 Dei
3162 2603 3344 2643 sermo
3385 2594 3493 2650 est,

1906 2678 2099 2733 dicens
2137 2697 2150 2733 ε
2200 2679 2311 2749 Ego
2357 2696 2475 2734 sum
2521 2680 2606 2734 via
2628 2690 2677 2746 οι,
2698 2691 2845 2737 —et
2878 2691 3167 2752 postquam
3201 2681 3494 2735 Dominum

1909 2770 2236 2825 Sermonem
2266 2787 2489 2827 carnem
2536 2788 2635 2843 per
2678 2773 3082 2843 philosophiam
3127 2774 3363 2828 activam
3398 2787 3496 2827 co-

1909 2873 2171 2932 gnorunt,
2199 2860 2267 2919 ad
2295 2864 2550 2934 gloriam,
2594 2881 2718 2935 qua:
2761 2866 3042 2937 Unigeniti
3084 2874 3169 2921 est
3212 2865 3359 2936 apud
3396 2864 3499 2919 Pa-

1912 2964 2074 3021 trem,
2112 2956 2302 3027 gratia:
2333 2966 2389 3012 et
2416 2957 2669 3013 veritatis
2700 2957 2919 3027 plenam
2953 2969 2998 3026 τ,
3021 2973 3123 3029 per
3152 2956 3497 3027 contempla-

1910 3048 2117 3105 tionem
2139 3050 2355 3107 venisse
2378 3067 2489 3106 non
2515 3050 2824 3122 cupientes.

1827 3162 1900 3179 ᾧ

2301 3233 2689 3307 Contemplatio
2727 3234 2781 3289 in
2815 3234 3107 3291 Abraham.

1976 3345 2257 3401 Abraham
2309 3364 2502 3403 rursus
2545 3349 2853 3419 spiritualis
2882 3348 2942 3404 ﬁt
2976 3350 3045 3406 de
3075 3361 3239 3417 terra,
3269 3351 3337 3407 de
3365 3369 3499 3423 pro-

1905 3436 2219 3507 pinquitate
2245 3436 2425 3509 deque
2455 3441 2629 3510 patris
2662 3440 2829 3495 domo
2873 3441 3165 3497 discedens
3204 3444 3257 3498 in
3293 3451 3498 3499 terram

1905 3544 2069 3597 quam
2108 3529 2255 3584 Deus
2284 3532 2611 3586 monstravit
2642 3544 2687 3595 ³,
2722 3532 2817 3602 qui
2860 3548 2889 3586 a
2935 3548 3103 3588 carne
3143 3549 3263 3589 sese
3298 3551 3497 3589 secun-

1905 3618 2036 3673 dum
2063 3618 2315 3676 habitum
2346 3622 2703 3693 abrumpens,
2738 3634 2795 3681 et
2823 3633 2981 3681 extra
3014 3642 3134 3682 eam
3173 3626 3350 3682 factus
3376 3643 3502 3697 pas-

1908 3708 2125 3768 sionum
2168 3714 2430 3779 divortio,
2467 3718 2834 3789 sensibusque
2877 3720 3090 3776 relictis
3130 3722 3344 3775 nullum
3377 3736 3497 3775 am-

1905 3805 2053 3874 plius
2075 3821 2176 3875 per
2198 3822 2296 3861 eos
2326 3805 2538 3877 peccati
2567 3826 2814 3867 errorem
2852 3812 3149 3882 recipiens,
3183 3814 3499 3869 sensibilias

1905 3913 2014 3967 que
2056 3899 2241 3953 omnia
2290 3909 2744 3971 praetergressus,
2789 3919 2857 3958 ex
2901 3903 3106 3973 quibus
3151 3905 3347 3960 anima:
3399 3921 3501 3975 per

1904 4005 2103 4045 sensus
2133 3991 2287 4046 fraus
2316 3993 2375 4047 lit
2406 4002 2571 4063 atque
2616 3994 2820 4059 illusio,
2854 3995 3084 4065 solaque
3119 4006 3302 4051 mente
3345 3998 3497 4052 omni

1904 4082 2175 4137 materiali
2206 4084 2431 4138 vinculo
2466 4082 2642 4140 libera
2693 4086 2749 4141 in
2779 4086 3025 4142 divinam
3062 4098 3229 4158 atque
3278 4089 3495 4143 beatam

1903 4172 2234 4243 cognitionis
2291 4184 2493 4228 terram
2552 4174 2835 4243 profectus
2890 4176 3051 4247 longe
3107 4176 3326 4245 lateque
3374 4192 3495 4230 eam

1904 4266 2134 4336 mystice
2179 4275 2455 4337 peragrat,
2486 4267 2577 4321 ubi
2612 4268 2907 4323 Dominum
2957 4278 3207 4323 nostrum
3253 4268 3501 4324 inveniet

1904 4366 2069 4426 atque
2098 4359 2271 4412 Deum
2320 4358 2509 4414 Jesum
2539 4359 2844 4426 Christum,
2881 4360 3081 4416 bonam
3122 4361 3268 4414 illam
3303 4376 3498 4416 eorum

1904 4450 2000 4516 qui
2028 4450 2207 4519 ipsum
2234 4460 2502 4505 verentur
2526 4452 2928 4517 hzereditatem,
2954 4452 3262 4519 Christum,
3289 4454 3344 4506 in
3373 4452 3499 4509 lon-

1906 4541 2212 4611 gitudinem
2260 4543 2487 4612 quidem
2552 4544 3047 4614 incomparabilem
3108 4545 3193 4599 sui
3248 4560 3412 4600 causa
3467 4562 3498 4601 a

1907 4630 2090 4701 dignis
2118 4632 2300 4700 quoad
2334 4632 2451 4686 ﬁeri
2501 4641 2683 4702 potest
2725 4634 2869 4702 apud
2914 4634 3192 4696 homines,
3224 4635 3497 4703 pradica-

1902 4729 2038 4785 tum,
2071 4721 2247 4776 nostri
2278 4737 2446 4777 causa
2478 4738 2611 4777 vero
2646 4723 2703 4777 in
2736 4723 3081 4778 latitudinem
3128 4724 3497 4794 gloriﬁcatum

1900 4814 1969 4868 de
2002 4812 2413 4884 sapientissima
2443 4815 2566 4886 ejus
2591 4830 2716 4885 qua:
2742 4816 2926 4870 omnia
2952 4814 3343 4885 complectitur
3371 4831 3499 4884 pro-

1900 4906 2142 4960 videntia
2177 4906 2358 4977 deque
2411 4906 2725 4963 admirabili
2783 4908 2871 4961 illa
2923 4907 3228 4978 praesertim
3270 4918 3325 4961 et
3374 4908 3499 4977 plus

1902 5012 2067 5070 quam
2103 4999 2375 5056 ineﬁ‘abili
2406 5015 2509 5071 pro
2555 5001 2719 5056 nobis
2766 5000 3096 5062 oeconomia,
3128 5016 3319 5054 eorum
3355 5015 3498 5069 quo-

1904 5107 2014 5163 que
2061 5093 2267 5163 quibus
2310 5094 2584 5149 honorare
2631 5094 2925 5149 Dominum
2962 5092 3160 5146 didicit
3206 5092 3495 5147 modorum

1903 5185 2084 5240 active
2130 5185 2354 5241 interim
2389 5194 2447 5241 et
2487 5185 2915 5256 contemplative
2967 5183 3147 5239 factus
3194 5183 3493 5254 particeps,

1902 5277 2110 5347 quibus
2142 5277 2325 5333 modis
2352 5276 2584 5333 ﬁrmiter
2613 5276 2863 5332 sancitur
2897 5276 2993 5331 Dei
3028 5291 3183 5330 amor
3216 5283 3379 5345 atque
3406 5291 3495 5330 as~

1903 5369 2183 5425 similatio.
2216 5371 2304 5435 Et,
2343 5378 2405 5425 ut
2439 5370 2685 5426 breviter
2716 5368 2785 5425 de
2816 5369 2905 5424 his
2933 5367 3136 5433 dicam,
3167 5368 3216 5425 is
3241 5368 3337 5438 qui
3376 5382 3496 5422 car-

1904 5476 2031 5516 nem
2066 5469 2124 5515 et
2170 5476 2394 5518 sensum
2441 5471 2498 5519 et
2533 5460 2825 5527 mundum,
2854 5461 3001 5517 circa
3029 5476 3171 5531 quos
3200 5457 3400 5514 mentis
3425 5458 3494 5513 ad

1907 5552 2281 5625 intelligibilia
2317 5554 2379 5610 iit
2407 5555 2637 5611 relative
2680 5555 2906 5621 solutio,
2951 5552 3127 5610 active
3170 5549 3492 5619 debellavit,

1517 5757 1746 5813 VAIKUE
1780 5756 2179 5816 LECTIONES.

297 5813 345 5847 '-‘
372 5815 463 5872 τὸν
496 5818 618 5876 cod.
650 5819 792 5876 Gud.
