4014 6284
503 325 640 395 lli?

1668 322 1732 387 S.
1770 316 2062 384 MAXIMI
2099 311 2616 378 CONFESSORIS

3641 308 3762 377 tua

495 457 738 514 somque'
759 396 1041 498 intellectu
1071 454 1173 512 per
1204 437 1562 496 dilectionem
1587 437 1656 494 ad
1697 439 1872 494 Deum
1901 433 2093 506 cogni-

2210 431 2297 502 τὴν
2325 427 2513 500 σχίσιν
2536 424 2785 490 διάλυσις
2807 421 3058 494 γίνεταί,
3094 422 3428 496 πρακτικῶς
3455 423 3766 511 truta-ualui.

496 535 651 590 tione
685 532 940 599 accessit,
985 531 1258 604 ejusmodi
1302 532 1446 587 alter
1472 538 1559 586 est
1589 530 1889 596 Abraham,
1925 535 1982 583 et
2021 527 2092 582 de

495 625 614 695 pari
643 625 822 696 gratia
845 624 962 695 pari
987 640 1114 678 cum
1139 622 1455 694 patriarcha
1479 622 1711 679 virtutis
1737 629 1796 678 et
1822 618 2094 692 cognitio-

497 712 586 770 nis
624 712 949 771 charactere
971 714 1281 770 instructus
1307 721 1559 785 apparet.

929 1072 1315 1146 Contemplatio
1343 1074 1397 1128 in
1427 1057 1662 1145 Moysen.

579 1186 757 1243 Etiam
811 1186 1024 1259 Moyses
1072 1201 1265 1242 rursus
1313 1186 1454 1241 alter
1508 1191 1740 1256 apparet
1792 1183 1888 1254 qui
1943 1182 2100 1255 regni

509 1277 832 1348 passionum
862 1285 1134 1346 tempore.
1169 1291 1297 1330 cum
1322 1275 1544 1330 diabolo
1580 1273 1917 1344 intelligibili
1953 1273 2101 1328 Pha-

513 1381 685 1421 raone
718 1365 1039 1422 dominante
1069 1366 1267 1422 melius
1299 1365 1356 1420 in
1384 1365 1655 1420 ditionem
1699 1364 1907 1434 pejoris
1936 1378 2104 1436 coge-

513 1464 690 1524 retur,
720 1467 776 1513 et
817 1458 1038 1514 carnale
1076 1466 1403 1529 exsurgeret
1445 1465 1638 1513 contra
1684 1457 1995 1527 spirituale,
2043 1465 2102 1512 et

512 1549 695 1604 omnis
723 1549 812 1620 pia
844 1549 1107 1620 cogitatio
1145 1549 1440 1606 tolleretur
1481 1549 1787 1606 secundum
1820 1549 1995 1604 Deum
2030 1547 2100 1604 de

511 1642 795 1698 voluntate
843 1651 1010 1712 atque
1059 1642 1248 1698 animo
1293 1649 1480 1707 natus,
1531 1643 1700 1714 inque
1739 1642 1922 1698 loculo
1951 1658 2099 1699 vera;

512 1733 930 1790 exercitationis
961 1734 1275 1806 impositus,
1310 1735 1617 1790 moralibus
1660 1744 1814 1790 extra
1859 1735 2098 1791 carnali-

516 1835 602 1881 ter
629 1827 811 1882 modis
835 1837 892 1884 et
920 1828 1064 1884 intra
1091 1828 1406 1884 animaliter
1433 1827 1716 1882 stabilitus
1746 1825 2018 1892 consiliis,
2047 1833 2105 1881 et

515 1933 691 1989 usque
725 1919 794 1974 ad
821 1919 998 1991 legem
1027 1919 1368 1990 receptionis
1399 1918 1741 1975 naturalium
1769 1917 2106 1988 contempla-

515 2010 730 2066 tionum
769 2011 874 2067 sub
903 2027 1068 2069 sensu
1101 2028 1225 2069 esse
1265 2013 1502 2084 patiens,
1537 2011 1592 2067 id
1623 2018 1710 2068 est
1750 2011 1856 2068 sub
1899 2010 2108 2066 intelli-

513 2103 670 2173 gibili
707 2102 1010 2159 Pharaonis
1041 2103 1174 2170 filia,
1207 2104 1392 2161 studio
1427 2114 1610 2159 autem
1652 2107 1931 2158 bonorum
1965 2101 2108 2158 divi-

513 2212 713 2252 norum
763 2197 984 2254 sincero
1028 2197 1232 2263 carnis,
1270 2213 1394 2268 qua:
1423 2195 1718 2268 Egyptum
1749 2193 1942 2260 refert,
1969 2209 2106 2264 pru-

514 2289 757 2345 dentiam
790 2288 1153 2356 interﬁciens,
1179 2299 1239 2344 et
1271 2288 1328 2344 in
1375 2303 1566 2354 arena,
1617 2286 1891 2342 malorum
1945 2285 2109 2341 steri-

515 2384 623 2438 lem
659 2382 784 2439 dico
817 2382 1092 2446 habitum,
1126 2381 1430 2452 expositus,
1485 2383 1542 2434 in
1589 2393 1725 2450 quo,
1771 2377 1987 2434 etiamsi
2035 2376 2106 2433 ab

517 2475 744 2531 inimico
772 2475 997 2531 malitiae
1036 2483 1350 2546 spargatur,
1384 2473 1579 2528 lolium
1605 2486 1860 2528 crescere
1890 2469 2106 2540 nequit,

515 2569 590 2624 ob
620 2567 871 2623 intimam
903 2567 1133 2638 spiritus
1162 2566 1426 2638 inopiam,
1462 2580 1587 2636 quae
1611 2571 1817 2619 statum
1868 2562 1938 2617 ab
1977 2560 2111 2618 alie-

517 2661 702 2716 ctibus
735 2660 974 2716 liberum
1010 2658 1184 2730 gignit
1215 2667 1274 2714 et
1307 2658 1428 2724 alit,
1462 2673 1563 2728 per
1593 2671 1757 2726 quam
1782 2655 1973 2711 divino
2001 2655 2109 2709 im-

518 2753 674 2823 perio
718 2752 982 2823 nequitiae
1032 2751 1264 2823 spiritus
1291 2758 1633 2823 grassantur,
1668 2764 1903 2820 quaeque
1929 2755 2111 2804 tenta-

521 2848 738 2900 tionum
786 2843 1049 2900 ﬂuctibus
1093 2843 1332 2899 assiduis
1384 2851 1643 2913 tanquam
1688 2841 1826 2898 silva
1859 2840 2114 2896 inhorre-

520 2936 648 3002 scit,
682 2951 884 2992 amara:
916 2952 982 2992 ac
1016 2951 1207 3002 revera
1245 2935 1599 3007 salsuginosae
1646 2933 1910 3004 nequitiae
1959 2948 2113 2988 mare

519 3027 785 3090 limitans.
847 3039 910 3084 ut
959 3027 1228 3099 scriptum
1263 3035 1350 3083 est
1398 3044 1412 3081 :
1452 3024 1556 3092 Qui
1601 3027 1859 3096 disposuit
1890 3042 2114 3080 arenam

2199 538 2298 584 σας
2321 562 2337 586 ,
2390 519 2487 574 καὶ
2534 519 2670 591 μόνῃ
2699 517 2912 589 διανοίᾳ
2952 517 3021 572 δι’
3047 517 3272 590 ἀγάπης
3318 515 3446 588 Θεῷ
3471 507 3766 586 mnta};

2199 613 2641 686 προσχωρήσας,
2693 611 2724 665 ὁ
2766 609 3012 675 τοιοῦτος
3047 609 3208 674 ἄλλος
3237 608 3509 682 ’Λϐραάμ
3536 609 3768 682 ὑπάρχει,

2197 707 2288 763 διὰ
2315 705 2420 776 τῆς
2450 704 2576 776 ίσης
2602 703 2828 777 χάριτος
2875 703 2970 756 τὸν
3010 702 3175 757 αὐτὸν
3221 701 3308 773 τῷ
3339 702 3652 774 πατριάρχη
3685 701 3770 772 τῆς

2197 798 2402 872 ἀρετῆς
2448 797 2546 852 καὶ
2591 796 2693 867 τῆς
2740 792 2998 868 γνώσεως
3045 794 3185 867 ἔχων
3224 793 3560 866 χαρακτῆρα
3586 790 3770 848 δεικνύ-

2200 906 2386 962 μενος.

2628 1071 2850 1140 Θεωρία
2876 1071 2964 1139 εις
2988 1070 3099 1126 τὸν
3119 1067 3415 1139 Μωῦσῆν.

2272 1186 2388 1242 Καὶ
2405 1185 2648 1256 Μωῦσῆς
2668 1184 2832 1239 πάλιν
2851 1185 3011 1249 ἀλλος
3033 1184 3386 1254 ἐκφαίνεται,
3413 1183 3444 1235 ό
3465 1184 3523 1236 ἐν
3537 1181 3610 1254 τῷ
3623 1181 3775 1257 καιρῷ

2201 1280 2302 1349 τῆς
2346 1277 2455 1332 τῶν
2496 1275 2685 1331 παθῶν
2729 1275 3055 1339 δυναστείας
3079 1315 3095 1341 ,
3147 1273 3397 1344 ὁπηνίκα
3428 1271 3522 1326 τοῦ
3551 1271 3774 1326 διαϐόλου

2202 1371 2298 1426 τοῦ
2321 1369 2514 1442 νοητοῦ
2539 1365 2742 1442 Φαραὼ
2761 1366 3160 1440 τυραννοῦντος
3184 1366 3247 1419 τὸ
3270 1367 3468 1438 χεῖρον
3492 1367 3775 1437 ἐπικρατεῖν

2205 1465 2300 1520 τοῦ
2345 1463 2632 1536 ἀμείνονος
2654 1505 2669 1530 ,
2722 1463 2819 1515 καὶ
2864 1461 2961 1514 τοῦ
3005 1456 3392 1531 πνευματικοῦ
3440 1456 3505 1510 τὺ
3548 1457 3775 1528 σαρκικὺν

2213 1553 2636 1617 ἐπανίστασθαι,
2687 1552 2785 1607 καὶ
2815 1554 2926 1616 πᾶς
2949 1549 3184 1622 εὐσεϐὴς
3211 1547 3568 1622 ἀναιρεῖσθαι
3594 1547 3774 1616 πέφυκε

2202 1645 2484 1718 λογισμὸς,
2499 1643 2644 1700 κατά
2665 1643 2798 1699 Θεὸν
2826 1643 3122 1714 γνωμικῶς
3145 1641 3527 1712 γεννώμενος,
3547 1641 3637 1695 καὶ
3653 1639 3773 1712 θήκη

2208 1739 2506 1809 ἀσκήσεως
2535 1733 2768 1807 ἀληθοῦς
2799 1733 3096 1805 ἐμϐληθεὶς
3122 1772 3138 1797 ,
3185 1733 3408 1805 ἠθικοῖς
3437 1730 3632 1796 ἔξωθεν
3658 1730 3776 1784 κατά

2211 1835 2393 1909 σάρκα
2424 1834 2649 1908 τρόποις
2683 1833 2778 1888 καὶ
2805 1830 3014 1886 ἔσωθεν
3043 1829 3187 1884 κατὰ
3209 1827 3397 1900 ψυχῆς
3427 1826 3590 1890 θείοις
3613 1826 3770 1896 i169:-

2209 1928 2468 2000 λισμὲνος
2502 1927 2743 1999 νοήμασι
2766 1967 2783 1991 ,
2831 1923 2926 1979 καὶ
2959 1922 3123 1995 μέχρι
3151 1921 3327 1992 νόμου
3359 1921 3466 1991 τῆς
3491 1916 3776 1989 ἀναλήψεως

2206 2020 2316 2075 τῶν
2345 2018 2596 2091 φυσικῶν
2625 2015 3006 2089 θεωρημάτων
3043 2014 3379 2084 ἀνεχόμενος
3405 2007 3546 2065 εἶναι
3575 2009 3671 2063 ὑπὸ
3692 2008 3772 2080 τὴν

2207 2113 2487 2185 αἴσθησιν,
2537 2111 2635 2174 τὴν
2663 2111 2759 2165 τοῦ
2784 2107 2978 2182 νοητοῦ
3001 2105 3205 2180 Φαραὼ
3236 2104 3543 2175 θυγατέρα,
3577 2103 3706 2174 ζήλῳ
3725 2103 3772 2155 δέ

2207 2207 2419 2278 γνησίῳ
2476 2203 2587 2258 τῶν
2643 2203 2806 2258 θείων
2855 2199 3074 2272 ἀγαθῶν
3147 2200 3211 2254 τὸ
3269 2195 3631 2267 Δίγυπτιάζον
3691 2195 3770 2262 τῆς

2210 2297 2415 2370 σαρκὸς
2461 2295 2790 2359 ἀποκτείνας
2832 2294 3125 2366 φρόνημα,
3175 2291 3271 2347 καὶ
3303 2289 3414 2344 ὑπὸ
3440 2288 3538 2359 τὴν
3559 2287 3770 2358 ψάμμον,

2207 2388 2306 2461 τὴν
2336 2387 2447 2442 τῶν
2479 2385 2668 2442 κακῶν
2693 2386 2889 2456 άγονον
2913 2384 3031 2451 saw
3061 2383 3227 2455 φημὶ,
3265 2380 3650 2452 καταθέμενος,
3675 2369 3767 2450 ἕνῇ

2210 2478 2314 2535 κᾶν
2361 2478 2468 2533 ὑπὸ
2496 2477 2593 2532 τοῦ
2620 2477 2817 2550 ἐχθροῦ
2859 2479 3042 2550 σπαρῇ
3094 2474 3154 2530 τὸ
3192 2476 3296 2547 τῆς
3323 2473 3524 2536 κακίας
3551 2472 3768 2537 ζιζάνιον,

2211 2569 2274 2624 οὐ
2329 2568 2548 2638 πέφυκε
2605 2566 2841 2636 φύεσθαι
2901 2563 2992 2620 διὰ
3045 2563 3144 2636 τὴν
3200 2561 3436 2618 ἐνοῦσαν
3487 2555 3768 2618 ἐνδιαθέτως

2214 2659 2491 2731 πτωχείαν
2517 2659 2615 2713 τοῦ
2641 2658 2975 2728 πνεύματος,
3001 2656 3104 2727 τὴν
3129 2654 3192 2708 τὸ
3215 2650 3434 2715 ἀπαθὲς
3455 2648 3707 2720 γεννῶσάν
3720 2660 3768 2698 τε

2214 2753 2310 2806 καὶ
2353 2750 2731 2820 φυλάττουσαν
2780 2747 3060 2820 (155a)
3107 2748 3202 2802 καὶ
3253 2744 3392 2813 θείῳ
3429 2739 3765 2813 προστάγματι

2220 2845 2324 2916 τὴν
2364 2843 2738 2914 ἀγριουμένην
2794 2843 2912 2905 τοῖς
2950 2839 3227 2912 πνεύμασι
3269 2838 3376 2910 τῆς
3415 2834 3661 2906 πονηρίας
3694 2828 3767 2883 καὶ

2219 2939 2336 3001 τοῖς
2389 2935 2822 3007 ἀλλεπαλλὴλοις
2883 2933 2990 2988 τῶν
3045 2920 3376 3004 πειρασμῶν
3434 2928 3631 2999 κύμασι
3673 2923 3765 2977 δεν-

2218 3026 2524 3101 δρουμένην
2548 3065 2565 3092 ν
2609 3027 2712 3099 τῆς
2739 3026 2946 3098 πικρᾶς
2976 3025 3074 3080 καὶ
3099 3025 3271 3088 δντως
3303 3021 3582 3094 ἀλμὼδους
3604 3013 3765 3077 κακίας

521 3123 682 3189 mari,
714 3131 763 3178 et
795 3122 920 3176 dicit
947 3122 996 3176 ei
1014 3135 1034 3174 :
1066 3121 1350 3191 [lucusque
1391 3119 1712 3191 penetrabis,
1746 3128 1796 3173 et
1824 3117 1971 3173 ultra
2011 3134 2108 3172 non

2221 3120 2514 3193 όρίζουσαν
2567 3119 2870 3184 θάλασσαν,
2899 3117 3086 3182 καθὼς
3132 3117 3487 3188 γέγραπται,
3525 3113 3587 3165 '0
3625 3105 3768 3172 τιθείς

522 3214 946 3287 transgredieris,
975 3220 1025 3268 et
1059 3215 1116 3269 in
1148 3223 1199 3268 te
1231 3213 1680 3284 conﬂictabantur
1715 3212 1793 3266 tui
1820 3213 2011 3284 ﬂuctus
2037 3210 2057 3247 ί
2091 3225 2108 3276 ;

520 3336 594 3348 -—
614 3307 980 3378 cogitationes
1003 3322 1138 3362 vero
1167 3307 1351 3363 adhuc
1381 3306 1436 3360 in
1462 3314 1665 3362 terram
1699 3303 2031 3359 inclinantes
2056 3309 2114 3358 et

523 3398 634 3455 frui
669 3400 774 3456 hac
804 3408 950 3456 terra
998 3399 1312 3471 cupientes,
1358 3414 1460 3470 pro
1502 3415 1608 3470 qua
1654 3397 1959 3470 tbymicon,
1995 3394 2114 3452 sive

523 3494 1072 3564 concupiscentivum
1097 3533 1112 3559 ,
1150 3492 1401 3548 decertat
1423 3532 1439 3556 ,
1483 3499 1541 3548 et
1577 3488 1951 3561 cognitionis,
1997 3487 2116 3544 sive

525 3582 949 3654 diagnosticam,
977 3582 1247 3638 rationem
1269 3581 1596 3638 dominatur
1618 3587 1784 3652 atque
1806 3577 2113 3652 propulsat,

524 3675 711 3730 ovium
743 3675 916 3729 instar
942 3689 1042 3744 per
1063 3672 1339 3730 desertam
1362 3674 1646 3745 regionem
1676 3671 2030 3743 passionibus
2058 3678 2121 3727 et

526 3763 774 3820 materiis
820 3763 1282 3836 voluptatumque
1326 3763 1567 3822 concilio
1611 3761 1882 3834 privatam
1924 3776 2114 3833 agens,

529 3864 788 3924 tanquam
814 3869 1019 3926 gnarus
1050 3853 1244 3926 opilio,
1271 3853 1340 3909 ad
1377 3862 1626 3910 montem
1664 3852 1997 3925 cognitionis
2019 3851 2118 3908 Dei

525 3946 676 4017 quod
729 3946 786 4002 in
832 3945 1174 4003 sublimitate
1219 3963 1417 4005 sensus
1446 3947 1670 4003 videtur
1703 3965 1719 4003 :
1751 3947 1806 4001 in
1841 3962 1952 4017 quo
1997 3955 2119 4002 stu-

2215 3213 2415 3283 ᾶμμον
2445 3211 2613 3282 ὅριον
2642 3209 2718 3280 τῇ
2741 3208 3052 3278 θαλάσσῃ,
3079 3207 3179 3263 καὶ
3204 3205 3408 3276 λέγων
3430 3202 3596 3271 αὐτῇ,
3613 3199 3766 3266 Μέχρι

2214 3306 2429 3360 τούτου
2457 3304 2770 3372 διελεύσῃ,
2830 3302 2928 3357 καί
2955 3303 3067 3371 οὐχ
3093 3299 3438 3369 ὑπερϐήσῃ,
3490 3294 3581 3350 καί
3606 3293 3666 3346 ἐν
3683 3287 3760 3345 σοι

2215 3396 2730 3466 συντριϐήσονταί
2754 3410 2872 3451 σου
2893 3396 2967 3451 τὰ
2987 3396 3242 3465 κύματιν
3271 3393 3404 3457 τοὺς
3423 3391 3479 3445 δὲ
3504 3390 3576 3452 εἰς
3590 3385 3676 3455 γῆν
3698 3382 3759 3435 ἔτι

2215 3487 2618 3553 κατανεῦοντας
2641 3487 2943 3559 λογισμοὺς
2969 3487 3066 3541 καὶ
3087 3487 3187 3552 τὴν
3212 3486 3272 3551 ἐξ
3292 3484 3471 3553 αὐτῆς
3492 3472 3760 3548 ἐπιζητοῦν-

2213 3599 2314 3646 τας
2359 3581 2664 3636 ἀπόλαυσιν
2690 3624 2706 3648 ,
2766 3580 2910 3654 ὑπὲρ
2954 3574 3024 3652 ἦς
3078 3579 3141 3632 τὸ
3181 3577 3421 3649 θυμικὸν
3449 3567 3758 3644 διαμάχεσθαι

2218 3674 2314 3728 καὶ
2359 3673 2452 3728 τὸν
2480 3672 2873 3744 διαγνωστικὸν
2899 3673 3190 3744 τυραννεῖν
3221 3671 3318 3724 κα)⁸
3348 3663 3660 3724 ἀπωθεῖσθαι
3681 3657 3759 3711 πέ-

2219 3781 2362 3834 φυκε
2390 3763 2550 3835 λόγον
2569 3803 2586 3830 ,
2622 3764 2918 3837 προϐάτων
2942 3763 3101 3836 δίκην
3128 3761 3220 3816 διὰ
3241 3762 3346 3833 τῆς
3374 3759 3575 3834 ἐρήμου
3602 3747 3780 3813 παθῶν,

2219 3855 2316 3910 καὶ
2367 3854 2512 3909 ὑλῶν
2562 3855 2945 3927 ἐστερημένης
3018 3853 3115 3908 καὶ
3167 3851 3376 3925 ἡδονῶν
3423 3841 3758 3905 καταστάσεως

2219 3947 2371 4017 άγων
2416 3946 2494 4014 ὡς
2527 3948 2850 4020 ἐπιστήμων
2883 3947 3094 4020 ποιμὴν
3134 3945 3278 4018 πρὸς
3301 3944 3368 3998 τὸ
3396 3943 3516 4016 δρος
3540 3938 3628 4008 τῆς
3649 3931 3756 4005 TW"

527 4039 681 4094 diose
722 4046 977 4095 versatus
1023 4055 1123 4110 per
1147 4047 1306 4110 aptas
1343 4038 1662 4108 spirituales
1693 4035 2120 4108 contemplatio-

527 4144 664 4194 nes,
719 4127 912 4184 relicta
966 4129 1170 4188 mentis
1223 4127 1294 4184 ad
1341 4128 1620 4186 sensualia
1670 4129 1943 4184 relatione
1993 4127 2123 4199 (hoc

527 4219 678 4274 enim
711 4219 1011 4291 signiﬁcari
1038 4227 1174 4290 puto
1205 4235 1307 4290 per
1337 4220 1634 4276 transitum
1679 4235 1954 4276 annorum
1982 4235 2108 4291 qua-

2222 4222 2444 4296 πνεῦμα
2477 4223 2856 4297 θεωρημάτων
2912 4223 3053 4296 μετὰ
3081 4221 3185 4294 τὴν
3213 4221 3500 4292 ἀπόλειψιν
3528 4215 3617 4285 τῆς
3644 4205 3755 4264 κατά

529 4311 780 4382 draginta
801 4309 1122 4384 annorum),
1159 4311 1461 4368 ineﬂ'abilis
1488 4327 1712 4383 quoque
1745 4321 1804 4368 et
1832 4311 2108 4369 horrendi.

2223 4316 2350 4372 νοῦν
2405 4316 2544 4389 πρὸς
2593 4316 2663 4371 τά
2707 4315 2950 4388 αἰσθητά
2992 4314 3235 4387 σχέσεως
3293 4311 3490 4384 (τοῦτο
3511 4307 3606 4378 γὰρ
3632 4297 3750 4389 οῐμᾳι

529 4401 627 4472 qui
652 4403 809 4458 velut
841 4400 897 4457 in
928 4403 1156 4460 arbusto
1187 4404 1245 4460 in
1279 4420 1468 4460 rerum
1503 4405 1746 4462 essentia
1777 4406 1944 4473 inest,
1980 4405 2108 4479 igni:

2225 4407 2422 4480 δηλοῦν
2451 4387 2551 4480 τὴν
2579 4408 2675 4463 τοῦ
2701 4404 3281 4482 τεσσαρακονταετοῦς
3311 4406 3502 4479 χρόνου
3529 4387 3751 4482 πάροδον)ε

531 4492 708 4548 divini
735 4499 1014 4564 spectator
1041 4494 1285 4567 cogitatu
1309 4502 1366 4551 et
1389 4495 1613 4553 auditor
1644 4496 1764 4554 fieri
1791 4475 2108 4563 merebitur,

2231 4475 2330 4555 καὶ
2375 4499 2473 4554 τοῦ
2507 4475 2770 4572 -άῤῥήτου
2819 4475 2917 4556 καὶ
2957 4497 3274 4572 ὑπερφυοῦς
3305 4475 3495 4568 ῶσπερ
3518 4490 3676 4561 θάμνῳ
3698 4479 3749 4550 iii

531 4583 666 4651 Dei,
703 4584 965 4656 inquam,
1012 4585 1332 4654 Sermonis,
1375 4588 1472 4659 qui
1515 4588 1586 4645 de
1634 4598 1840 4646 sanctas
1885 4590 2108 4663 Virgini:

2225 4591 2390 4664 οὐσίᾳ
2419 4592 2530 4648 τῶν
2555 4592 2729 4648 ὄντων
2762 4592 3166 4665 ἐνυπάρχοντος
3198 4590 3347 4646 θείου
3377 4587 3543 4660 πυρὸς
3567 4577 3667 4636 κατ’
3686 4573 3752 4627 ἐν·

531 4676 704 4732 rubro
724 4677 782 4733 in
807 4678 1124 4736 novissimis
1145 4679 1344 4737 diebus
1365 4680 1541 4737 eluxit
1559 4691 1616 4738 et
1639 4682 1936 4739 carnaliter
1957 4682 2108 4738 nobi:

2227 4703 2378 4741 νοιαν
2427 4671 2628 4757 θεατὴς
2677 4683 2935 4754 γενέσθαι
2981 4684 3077 4739 καὶ
3117 4682 3396 4756 ἀκροατὴς
3428 4674 3745 4757 ἀξιωθήσεταβ

530 4777 896 4827 conversatus
917 4780 1004 4827 est
1026 4783 1092 4838 n;
1121 4771 1332 4827 nudum
1363 4772 1682 4831 intellectus
1705 4773 1999 4846 vestigium
2026 4775 2101 4830 tal

2226 4777 2322 4832 τοῦ
2352 4778 2418 4832 ἐκ
2443 4779 2544 4850 τῆς
2570 4755 2739 4849 βάτου
2763 4777 2866 4848 τῆς
2889 4775 3054 4845 ἀγίας
3075 4775 3360 4848 Παρθένου
3383 4771 3521 4846 φημὶ
3542 4755 3748 4830 ἐπ’ὲσχά·

531 4863 793 4934 mysterio
840 4863 1258 4934 propinquans,
1313 4865 1795 4938 humanarumque
1841 4866 2108 4940 cogitatio

2225 4887 2336 4924 των
2369 4868 2480 4923 τῶν
2509 4870 2720 4942 χρόνων
2758 4868 3150 4942 ἐκλάμψαντος
3199 4867 3294 4924 καὶ
3332 4867 3424 4923 διὰ
3450 4860 3626 4937 σαρκὸς
3651 4852 3746 4925 ἡμῖν

529 4969 687 5022 num,
712 4961 777 5010 ut
796 4964 1164 5022 mortuarum,
1191 4957 1586 5014 calceamentis
1606 4960 1766 5031 plane
1785 4961 2044 5027 liberum,
2067 4974 2108 5016 e1

2221 4961 2592 5034 ὁμιλήσαντος
2642 4961 2782 5016 Θεοῦ
2823 4961 3000 5032 Λόγου
3024 5001 3041 5028 ,
3103 4960 3316 5033 γυμνὸν
3352 4949 3538 5029 τὸτῆς
3561 4943 3744 5034 διανοίξς

529 5045 602 5102 ad
635 5046 1073 5120 investigandam
1099 5048 1253 5105 velut
1283 5048 1482 5106 faciem
1513 5051 1718 5108 mentis
1757 5053 1933 5109 aciem
1961 5067 2108 5109 aver-

2223 5031 2384 5125 ἴχνος*
2397 5053 2480 5124 τῷ
2502 5054 2736 5125 τοιούτῳ
2763 5031 3052 5126 μυστηρίῳ
3078 5031 3401 5124 προσάγων,
3425 5048 3514 5104 καὶ
3529 5031 3745 5126 λογισμιῖξν

531 5145 678 5205 tens,
720 5139 948 5210 solaque
976 5139 1083 5197 fide
1123 5141 1194 5196 ad
1226 5142 1603 5214 recipiendam
1632 5145 1901 5217 mysterii,
1931 5143 2001 5201 ad
2027 5159 2108 5200 au-

2221 5122 2587 5219 ἀνθρωπίνων
2615 5122 2938 5217 ὡςγνεκρῶν
2953 5122 3336 5218 ’ὑποδημάτων
3362 5135 3614 5198 παντελῶς
3631 5122 3743 5219 έλεῦζ

531 5229 680 5284 rium
707 5229 902 5297 instar,
926 5232 1126 5289 animae
1149 5213 1479 5306 obsequium
1508 5213 1866 5307 patefaciens,
1890 5252 1959 5294 ex
1989 5251 2108 5309 quo.

2225 5213 2408 5311 θερον,
2439 5237 2537 5294 καὶ
2569 5236 2707 5310 πρὸς
2737 5213 2840 5310 μὲν
2869 5213 3140 5310 ζήτησιν,
3151 5213 3160 5215 _
3184 5236 3376 5309 ῶσπερ
3410 5213 3744 5311 πρόσωτωνι-τδ

529 5318 773 5376 validam
816 5329 874 5376 et
919 5321 1183 5380 invictam
1223 5336 1419 5383 contra
1463 5329 1639 5385 malas
1684 5338 1988 5400 potestates
2007 5308 2108 5387 iba-

2228 5308 2330 5402 τῆς
2373 5308 2627 5395 διανοίας
2663 5308 2893 5384 ὀπτικδν
2925 5308 3354 5403 ἀποστρέφων,
3387 5316 3616 5382 πίστειδδ
3639 5308 3740 5403 μδνβ

531 5410 699 5467 bcnte
728 5418 1081 5482 potestatem,
1127 5416 1198 5472 ab
1230 5418 1314 5475 eis
1357 5434 1483 5490 qua:
1523 5394 1716 5478 contra
1759 5431 2014 5478 naturam
2060 5438 2108 5478 e:

2230 5394 2370 5491 πρδς
2398 5417 2671 5492 ὑποδοχὴν
2702 5417 2799 5474 τοῦ
2831 5416 3017 5491 (155
3035 5419 3089 5489 ο)
3117 5394 3458 5490 inabrupta».
3489 5394 3742 5492 diois?“

531 5519 656 5574 qua:
699 5504 1011 5563 secundum
1043 5515 1319 5577 naturam,
1350 5527 1382 5567 a
1415 5513 1736 5569 carnalibus
1778 5514 2058 5581 animalia,
2092 5529 2108 5571 ε

2230 5485 2368 5578 πον,
2406 5513 2470 5566 τὸ
2625 5485 2805 5585 ψυχῆς
3117 5485 3437 5579 διανοίγων,
3469 5485 3643 5573 παρόὗ
3665 5485 3737 5554 τὴν

533 5595 916 5654 materialibus
939 5597 1416 5673 sensibilibusque
1444 5600 1815 5676 intelligibilia
1843 5612 1901 5660 et
1937 5603 2108 5662 imma'

2232 5604 2464 5678 ἰσχυρὰν
2512 5605 2608 5662 καὶ
2649 5605 2919 5681 ἀήττητον
2953 5603 3098 5663 κατά
3120 5602 3232 5660 τῶν
3259 5599 3506 5674 πονηρῶν
3524 5586 3737 5658 δυνάμην

2223 4057 2361 4105 σεως
2392 4038 2491 4095 τοῦ
2519 4038 2660 4096 Θεοῦ
2693 4039 2756 4094 τὸ
2783 4041 2841 4095 ἐν
2865 4039 2946 4112 τῷ
2968 4039 3094 4110 ὕψει
3122 4040 3222 4110 τῆς
3244 4038 3486 4100 διανοίας
3509 4030 3753 4112 ὁρώμενον.

2221 4122 2294 4203 Ὅ
2333 4128 2641 4199 φιλοπόνως
2681 4111 3039 4204 ἐνδιατρίϐων
3072 4127 3164 4184 διά
3194 4127 3306 4182 τῶν
3338 4121 3619 4201 προσφυῶν
3647 4111 3755 4170 κατὰ

615 5755 636 5792 ι
669 5753 780 5812 Jcr.
810 5772 866 5824 v,
899 5757 1002 5826 εἰς
1039 5760 1210 5817 Prov.
1239 5777 1354 5827 vni,
1385 5762 1476 5819 29.
1552 5771 1578 5801 ιι
1609 5763 1822 5820 Baruch
1861 5779 1941 5831 ιιι,
1969 5762 2062 5822 38.
