4014 6284
184 323 208 391 1
223 318 331 395 119

1434 329 1953 393 AMBIGUORUM
1993 333 2247 396 LIBER.

3318 334 3460 403 1150

181 436 516 509 κομίσαντος
542 433 778 508 δύναμιν
808 434 919 493 τῶν
948 436 1100 511 παρὰ
1125 435 1286 507 φύσιν
1314 436 1386 492 τὰ
1413 440 1556 491 κατὰ
1581 439 1764 508 φύσιν,

1882 442 2105 509 Lerialia,
2137 459 2258 499 eam
2287 460 2409 516 qua
2453 445 2765 505 libertatem
2806 448 3026 505 fortiter
3066 458 3339 521 segregat,
3378 449 3460 503 fa-

176 529 276 582 καὶ
316 529 428 582 τῶν
472 528 753 602 σαρκικῶν
802 528 874 584 τά
913 527 1161 601 ψυχικὰ,
1216 529 1310 583 καὶ
1336 529 1448 583 τῶν
1474 529 1679 584 ὑλικῶν
1703 547 1762 583 τε

1870 532 2084 588 mulare
2116 534 2304 590 studet
2334 535 2494 606 longe
2528 552 2795 607 superans
2820 548 3168 609 potestatem.

177 621 276 677 καὶ
323 620 601 693 αἰσθητῶν
654 622 726 677 τά
776 620 943 693 νοητά
1000 622 1096 677 καὶ
1136 622 1276 677 άῦλα
1320 622 1467 677 κατὰ
1507 623 1710 698 πολλὴν
1740 623 1991 697 ἀφορίζει
2017 627 2289 696 ἐξουσίαν,
2340 630 2442 702 τῆς
2471 629 2658 685 δοῦλον
2696 635 2870 687 ποιεῖν
2914 634 2977 687 τὸ
3015 632 3294 705 ἐλεύθερον
3332 647 3455 685 πει-

178 712 439 785 ρωμένης
470 712 609 769 πολὺ
636 714 926 786 ὑπερέχων
954 715 1262 788 δυνάμεως.

355 897 546 964 ’Δλλη
570 896 782 965 θεωρία
812 897 902 963 είς
923 895 1031 952 τὸν
1055 896 1243 950 αὑτὸν
1273 896 1600 967 σύντομος.

245 1010 361 1062 Καὶ
419 1009 509 1064 ἵνα
558 1008 802 1063 συνελὼν
849 1008 1025 1075 εἴπω,
1082 1010 1111 1063 6
1158 1008 1234 1082 μὴ
1262 1010 1512 1064 ὑπελθὼν
1548 1011 1640 1065 τὸν
1670 1011 1774 1082 τῆς

171 1100 459 1172 ἁμαρτίας
504 1100 671 1169 ζυγὸν
694 1140 711 1167 ,
765 1100 906 1173 μήτε
945 1100 1024 1173 τῷ
1060 1101 1268 1173 θολερῷ
1290 1102 1401 1157 τῶν
1426 1103 1617 1157 παθῶν
1642 1102 1771 1175 ρεῦ-

175 1211 310 1264 ματι
341 1193 434 1247 διά
462 1193 564 1264 τῆς
592 1194 773 1265 κακῆς
801 1192 1104 1265 ἐπιθυμίας
1136 1195 1329 1249 ἑαυτὸν
1353 1196 1643 1268 ἐμπνίξας,
1676 1195 1771 1250 καὶ

171 1286 435 1357 αίσθήσει
485 1285 786 1359 τρέφεσθαι
835 1288 902 1358 τῇ
956 1289 1105 1358 πηγῇ
1151 1286 1259 1341 τῶν
1295 1288 1498 1360 ἡδονῶν
1540 1290 1776 1360 ἀνασχό-

171 1397 362 1449 μενος,
394 1379 724 1441 ἀποκτείνας
745 1377 805 1432 δέ
838 1378 1040 1449 μᾶλλον
1066 1378 1127 1431 τὸ
1152 1379 1411 1449 φρόνημα
1427 1380 1528 1449 τῆς
1547 1381 1774 1451 σαρκὸς,

168 1472 233 1525 τὸ
257 1470 564 1543 τυραννοῦν
592 1472 693 1541 τῆς
717 1470 897 1542 ψυχῆς
929 1471 1030 1542 τὴν
1054 1473 1335 1541 εὐγένειαν
1360 1514 1376 1539 ,
1428 1474 1520 1526 καὶ
1551 1473 1775 1528 πάντων

168 1564 286 1616 τῶν
346 1564 723 1635 φθειρομένων
785 1563 1043 1634 ὑπεράνω
1086 1564 1382 1635 γενόμενος
1432 1566 1525 1619 τὸν
1571 1566 1775 1622 πλάνον

165 1654 365 1708 τοῦτον
417 1654 624 1727 κόσμον
677 1655 867 1727 ὥσπερ
908 1656 1185 1726 Αἴγυπτόν
1218 1675 1343 1712 τινα
1392 1657 1624 1727 φυγὼν,
1677 1659 1774 1713 τὸν

167 1748 495 1801 ἐκθλίϐοντα
526 1749 648 1812 ταῖς
680 1751 1021 1819 σωματικαῖς
1051 1737 1304 1819 φροντίσι
1330 1749 1425 1805 τὸν
1450 1750 1776 1823 διορατικώ-

165 1857 337 1943 τατον
357 1839 493 1943 νοῦν
514 1880 530 1903 ,
584 1840 682 1894 καὶ
729 1840 855 1895 καθ’
884 1841 1119 1913 ἡσυχίαν
1163 1841 1342 1914 ἐαυτῷ
1376 1842 1773 1914 συγγενόμενος
1802 1881 1849 1943 Β

166 1934 268 1988 καὶ
294 1934 569 2005 φιλοπόνῳ
598 1934 760 2005 σχολῇ
782 1934 882 2005 τῆς
907 1934 1199 2005 διεπούσης
1226 1934 1386 2000 θείως
1412 1935 1471 1989 τὸ
1493 1937 1603 1990 πᾶν
1623 1936 1773 1999 Θείας

168 2026 433 2097 προνοίας
458 2025 557 2098 τὴν
582 2026 752 2098 σοφὴν
774 2026 1089 2097 οίκονομίαν
1106 2028 1195 2082 διὰ
1222 2027 1322 2098 τῆς
1338 2028 1774 2100 ὲπιστημονικῆς

164 2120 279 2172 τῶν
328 2119 501 2172 ὄντων
548 2118 781 2190 Θεωρίας
827 2120 1086 2193 ἀρρήτως
1134 2118 1434 2190 διδαχθεὶς,
1471 2120 1771 2174 κάντεῦθεν

164 2209 258 2264 διὰ
291 2210 563 2282 μυστικῆς
590 2210 906 2280 θεολογίας,
971 2210 1039 2282 ἢν
1082 2210 1201 2265 κατ’
1234 2211 1494 2265 ἔκστασιν
1527 2212 1769 2284 ἄρρητον

164 2300 297 2366 νοῦς
342 2302 582 2375 καθαρὸς
631 2300 720 2356 διὰ
767 2303 1077 2375 προσευχῆς
1105 2304 1420 2373 πιστεύεται
1458 2302 1619 2375 μόνος
1644 2345 1658 2369 ,
1697 2302 1773 2366 ὡς

165 2395 228 2447 ἐν
289 2393 475 2465 γνόφῳ
537 2394 603 2465 τῇ
658 2393 905 2467 ἀγνωσία⁸
954 2393 1280 2465 άφθέγκτως
1343 2393 1463 2465 Θεῷ
1513 2394 1771 2464 συγγενό-

171 2503 337 2554 μενος
361 2525 379 2549 ,
434 2486 526 2539 καὶ
553 2485 744 2539 ἑαυτὸν
779 2485 983 2539 ἐσωθεν
1015 2485 1159 2540 κατὰ
1186 2485 1310 2539 νοῦν
1339 2486 1622 2549 εὐσεϐείας
1649 2485 1774 2554 δόγ-

173 2596 334 2648 μασι,
369 2578 465 2630 καί⁵
489 2577 707 2645 ἔξωθεν.
731 2579 807 2642 ὼς
826 2578 925 2641 τὰς
956 2578 1168 2637 πλάκας
1198 2580 1228 2632 6
1256 2578 1519 2650 Μωῡσῆς,
1557 2578 1772 2651 ἀρετῶν

171 2676 363 2749 χάρισι
392 2674 642 2747 δακτύλῳ
669 2674 805 2728 Θεοῦ
848 2673 927 2746 τῷ
957 2674 1099 2745 άγίῳ
1128 2672 1409 2745 Πνεύματι
1436 2670 1771 2744 ἐγχαράξας,

170 2768 205 2838 ἦ
257 2765 547 2836 γραφικῶς
603 2766 812 2831 εἰπεῖν,
876 2766 906 2819 6
960 2764 1218 2837 ἐλόμενος
1280 2762 1772 2833 συγκακουχεῖσθαι

170 2858 249 2928 τῷ
265 2857 382 2930 λαῷ
400 2856 495 2912 τοῦ
512 2854 648 2911 Θεοῦ
679 2856 883 2929 μᾶλλον
908 2857 943 2929 ἦ
967 2857 1304 2929 πρόσκαιρον
1330 2854 1473 2925 ἔχειν
1494 2853 1773 2924 ἁμαρτίας

172 2949 365 3021 (156
385 2947 439 3020 a)
477 2948 804 3009 ἀπόλαυσιν.
842 2948 939 3003 καὶ
968 2948 1081 3001 τῶν
1111 2949 1170 3001 ἐν
1197 2946 1460 3016 Αἰγύπτῳ
1480 2945 1773 3017 θησαυρῶν

170 3043 264 3096 τὸν
319 3040 632 3111 ὀνειδισμὸν
697 3038 794 3093 τοῦ
846 3036 1087 3111 Χριστοῦ
1149 3036 1481 3110 τιμιώτερον
1538 3037 1768 3110 κρίνας,

169 3132 426 3187 τουτέστι
464 3131 699 3185 πλούτου
735 3133 830 3185 καὶ
861 3129 1026 3201 δόξης
1052 3171 1067 3195 ,
1130 3129 1241 3185 τῶν
1277 3129 1631 3202 προσκαίρων
1678 3129 1772 3184 καὶ

2118 895 2244 955 Alia
2270 898 2646 969 contemplatio
2669 898 2835 953 brevia
2864 898 2920 953 in
2947 899 3207 953 eumdem.

1942 1014 2123 1085 Atque
2162 1021 2223 1067 ιιι
2253 1012 2444 1084 paucis
2482 1011 2785 1080 absolvam,
2813 1012 2859 1068 is
2889 1012 2983 1083 qui
3018 1012 3228 1083 peccati
3262 1012 3455 1084 jugum

1872 1122 1983 1161 non
2010 1104 2214 1171 subiit,
2245 1121 2427 1176 neque
2464 1120 2689 1161 comosa
2728 1105 3047 1176 passionum
3085 1104 3311 1160 ﬂumine
3356 1120 3459 1175 per

1874 1200 2068 1256 malam
2105 1198 2425 1270 cupidinem
2460 1214 2581 1255 sese
2607 1197 2897 1254 suﬂ'ocavit
2923 1214 2985 1251 ac
3015 1213 3181 1253 sensu
3205 1199 3458 1268 volupta-

1872 1303 1987 1347 tum
2012 1293 2165 1347 fonte
2194 1293 2267 1347 ali
2298 1308 2355 1347 se
2382 1307 2575 1363 passus
2600 1300 2705 1355 est,
2736 1291 2849 1345 imo
2884 1291 3067 1361 potius
3104 1289 3454 1359 prudentiam

1872 1386 2074 1449 carnis,
2102 1401 2224 1454 quae
2264 1385 2318 1439 in
2355 1383 2699 1439 nobilitatem
2732 1382 2927 1436 animae
2957 1389 3177 1435 exercet
3208 1379 3458 1435 domina-

1872 1488 2012 1542 tum,
2052 1476 2333 1531 interfecit
2373 1484 2429 1531 et
2474 1491 2666 1530 eorum
2713 1489 2834 1544 qua:
2876 1473 3162 1527 intereunt
3202 1471 3459 1541 superior

1867 1571 2045 1626 factus
2062 1571 2214 1623 hunc
2231 1568 2496 1623 mundum
2512 1566 2718 1623 erroris
2734 1566 2955 1636 plenum
2972 1564 3141 1618 veluti
3160 1562 3453 1633 Egyptum

1868 1661 2109 1732 aliquam
2140 1659 2300 1731 fugit,
2329 1675 2451 1729 qua:
2485 1655 3017 1729 perspicacissimam
3056 1662 3297 1708 mentem
3336 1670 3457 1708 cor-

1869 1752 2156 1824 poralibus
2190 1751 2341 1807 euris
2373 1759 2555 1813 vexat,
2587 1748 2681 1818 qui
2716 1747 2903 1818 quiete
2939 1761 3125 1801 secum
3159 1760 3454 1799 conversa-

1877 1854 1965 1900 tus
1990 1845 2214 1913 otioque
2244 1840 2443 1897 studiis
2468 1856 2532 1895 ac
2568 1837 2851 1893 laboribus
2883 1834 3073 1891 dedito
3106 1834 3174 1887 de
3208 1833 3455 1902 sapiente

1875 1938 2075 1995 divina:
2099 1935 2480 2009 providentiae,
2502 1948 2624 2004 quae
2647 1932 2834 1987 divine
2860 1929 3179 1985 universum
3204 1926 3456 1982 modera-

1875 2043 1968 2089 tur
1988 2040 2047 2087 et
2072 2038 2251 2096 curat,
2277 2026 2689 2099 dispensatione
2722 2039 2824 2094 per
2843 2036 3073 2094 gnaram
3104 2035 3289 2075 rerum
3324 2033 3447 2073 con-

1877 2124 2290 2195 templationem
2323 2120 2592 2176 ineffabili
2622 2117 2786 2174 modo
2817 2115 3049 2171 edoctus
3080 2124 3184 2177 est,
3216 2111 3454 2179 indeque

1874 2230 1976 2287 per
2008 2214 2295 2286 mysticam
2331 2212 2694 2282 theologiam,
2725 2224 2848 2279 qua:
2879 2214 3042 2261 castae
3074 2205 3251 2259 solum
3284 2200 3453 2257 menti

1876 2324 1976 2379 per
2025 2307 2332 2362 orationem
2380 2303 2665 2369 creditur,
2712 2300 3037 2373 ignorantia:
3083 2306 3342 2367 tanquam
3396 2294 3453 2349 in

1875 2400 2087 2465 nimbo,
2118 2396 2480 2453 inell‘abiliter
2506 2408 2835 2466 congressus
2871 2406 2996 2445 cum
3027 2390 3140 2444 Deo
3171 2387 3319 2441 intus
3347 2382 3455 2438 sibi

1876 2494 1933 2548 in
1960 2500 2145 2547 mente
2174 2490 2400 2561 pietatis
2425 2496 2699 2559 praecepta
2723 2493 2781 2540 et
2804 2484 3172 2544 extrinsecus,
3194 2475 3457 2548 quemad-

1876 2582 2103 2637 modum
2138 2580 2344 2635 tabulis
2368 2579 2600 2649 Moyses,
2629 2577 2897 2631 virtutum
2926 2570 3129 2644 gratias
3158 2568 3254 2623 Dei
3285 2566 3458 2637 digito

1874 2675 1969 2746 qui
1994 2681 2219 2728 sanctus
2250 2670 2491 2741 Spiritus
2518 2679 2624 2733 est,
2654 2667 2958 2738 inscripsit,
2981 2665 3090 2727 vel,
3117 2670 3177 2716 ut
3200 2675 3459 2732 expresse

1874 2768 2077 2832 dicam,
2100 2766 2196 2837 qui
2220 2780 2346 2820 cum
2371 2763 2579 2835 populo
2602 2762 2699 2816 Dei
2723 2758 2972 2814 alllictari
2997 2773 3161 2826 quam
3188 2765 3461 2824 tempora-

1875 2862 1983 2918 lem
2012 2860 2254 2914 fructum
2286 2855 2499 2927 peccati
2534 2854 2826 2925 percipere
2854 2858 2911 2905 et
2940 2846 3215 2903 thesauris
3241 2843 3458 2915 Egypti

1875 2949 2269 3008 contumeliam
2296 2947 2504 3005 Christi
2529 2944 2793 3017 praetulit,
2818 2943 2927 2997 hoc
2952 2948 3037 2995 est
3060 2936 3271 2992 divitiis
3292 2943 3459 3003 atque

1874 3045 2090 3115 gloriae,
2132 3058 2256 3113 quae
2302 3048 2431 3097 sunt
2476 3036 2802 3108 temporalia
2847 3042 3011 3103 atque
3057 3026 3308 3085 interitui
3356 3024 3458 3079 ob-

1874 3138 2060 3202 noxia,
2084 3136 2304 3190 labores
2332 3148 2432 3204 pro
2459 3131 2667 3185 virtute
2694 3136 2888 3199 sponte
2918 3141 2982 3180 ac
3008 3122 3265 3178 lubenter
3286 3118 3461 3174 susci-

170 3225 574 3298 φθειρομένων,
607 3224 736 3287 τοὺς
770 3223 913 3293 ὑπὲρ
942 3224 1145 3295 ἀρετῆς
1179 3223 1444 3287 ἑκουσίως
1475 3222 1767 3295 ἀνθαιροῦ-

1882 3246 2004 3301 pere
2044 3228 2268 3291 maluit,
2302 3226 2349 3280 is
2386 3224 2601 3296 Moyses
2638 3217 2948 3292 spiritualis
2984 3216 3163 3271 factus
3199 3220 3311 3277 est,
3345 3226 3458 3265 non

172 3336 339 3389 μενος
371 3318 570 3381 πόνους
588 3356 609 3379 ι
660 3312 817 3381 οὗτος
849 3315 1092 3385 Μωῦσῆς
1118 3316 1489 3387 πνευματικὸς
1517 3317 1761 3386 γέγονεν,

169 3408 273 3478 οὐχ
292 3406 478 3480 ὁρατῷ
507 3406 894 3477 διαλεγόμενος
915 3405 1139 3479 Φαραὼ,
1163 3406 1303 3461 ἀλλὰ
1326 3406 1548 3479 ἀοράτῳ
1568 3407 1765 3480 τυράν-

164 3519 248 3574 νῳ
276 3501 375 3555 καὶ
401 3499 591 3571 ψυχῶν
616 3501 851 3571 φονευτῇ
880 3500 976 3553 καὶ
1000 3498 1202 3562 κακίας
1225 3498 1455 3570 ἀρχηγῷ
1481 3498 1558 3569 τῷ
1579 3499 1765 3555 διαϐό-

167 3591 251 3663 λῳ
284 3591 387 3647 καὶ
418 3593 541 3655 ταῖς
572 3590 713 3662 ἀμφ’
735 3589 902 3645 αὐτὸν
950 3590 1218 3661 πονηραῖς
1255 3589 1519 3661 δυνάμεσι
1557 3591 1677 3661 μεθ’
1697 3588 1767 3664 ἦς

170 3683 266 3737 διὰ
314 3683 503 3755 χειρὸς
556 3682 885 3753 ἐπιφέρεται
932 3680 1131 3751 ῥάϐδου
1158 3722 1173 3747 ,
1228 3680 1330 3750 τῆς
1370 3680 1511 3735 κατὰ
1538 3682 1599 3735 τὸ
1625 3700 1769 3751 πραο

171 3776 363 3832 κτικόν
390 3791 533 3847 φημι
558 3774 653 3837 τοῦ
674 3774 836 3843 λόγου
859 3772 1168 3845 δυνάμεως,
1192 3773 1401 3845 νοητῶς
1421 3775 1771 3847 παρατασσό-

171 3882 357 3937 μενος.

174 4046 399 4115 Θεωρία
417 4044 551 4115 περὶ
576 4044 703 4112 τοῦ,
724 4042 857 4113 Πῶς
877 4042 1020 4110 τοὺς
1042 4042 1155 4112 πρὸ
1180 4042 1371 4112 νόμου
1393 4042 1491 4098 καὶ
1509 4045 1661 4116 μετὰ
1681 4048 1776 4103 νόο

242 4155 367 4207 μον
414 4139 626 4206 ἁγίους
674 4154 764 4202 τις
808 4135 1192 4206 μιμήσασθαι
1222 4135 1496 4202 δύναται,
1546 4139 1644 4193 καί
1676 4140 1770 4209 τίς

245 4232 285 4299 ἠ
333 4230 444 4285 τοῦ
484 4229 750 4300 φυσικοῦ
785 4229 975 4299 νόμου
1026 4229 1128 4285 καί
1160 4229 1269 4284 τοῦ
1299 4232 1569 4300 τραπτοῦ
1612 4234 1768 4292 κατὰ

244 4322 365 4392 τὴν
396 4323 483 4389 εἰς
508 4321 827 4390 ἀλλήλους
850 4319 1278 4391 μεταχώρησιν
1301 4323 1619 4393 ταυτότης.

255 4522 534 4586 Ὡσαύτως
552 4522 609 4576 δέ
636 4521 729 4575 καὶ
752 4519 965 4584 πάντας
993 4520 1119 4584 τοὺς
1146 4520 1336 4589 ἁγίους
1362 4519 1592 4585 ἕκαστος
1611 4520 1774 4592 ἡμῶν

1868 3338 1997 3379 cum
2017 3320 2224 3377 visibili
2248 3318 2571 3387 colloquens
2592 3311 2891 3377 Pharaoni,
2917 3310 3013 3365 sed
3040 3322 3165 3364 cum
3190 3302 3457 3361 invisibili

1870 3423 2106 3488 tyranno
2129 3411 2554 3477 animarumque
2576 3401 2922 3460 interfectori
2948 3407 3005 3455 et
3024 3396 3284 3468 nequitia:
3306 3392 3459 3465 prin-

1872 3507 1981 3578 cipi
2015 3503 2270 3567 diabolo,
2301 3514 2535 3572 quaeque
2570 3512 2697 3553 eum
2732 3493 3071 3551 comitantur
3105 3488 3265 3543 malis
3297 3494 3458 3556 pote-

1873 3598 2111 3656 statibus
2148 3596 2326 3666 virga,
2362 3608 2527 3664 quam
2575 3606 2741 3644 manu
2784 3587 2913 3653 fert,
2948 3583 3175 3646 actuali,
3209 3582 3457 3651 inquam,

1873 3687 2109 3745 rationis
2138 3691 2414 3758 potestate
2446 3676 2900 3735 intellectualiter
2927 3670 3315 3743 congrediens.

1880 4043 2269 4116 Contemplatio
2299 4042 2356 4096 in
2384 4038 2519 4095 illud
2552 4053 2570 4093 :
2606 4033 2877 4102 Quomodo
2906 4032 3021 4105 quis
3052 4029 3215 4101 possit
3250 4034 3459 4083 sanctos

1949 4150 2063 4196 tam
2098 4139 2187 4209 qui
2225 4146 2349 4191 ante
2388 4133 2555 4204 legem
2585 4146 2747 4202 quam
2780 4128 2870 4200 qui
2902 4133 3015 4198 post
3049 4123 3213 4192 legem
3244 4122 3457 4175 exstite-

1949 4240 2074 4288 runt
2102 4228 2347 4286 wmulari
2370 4228 2555 4299 possit,
2586 4232 2635 4278 et
2661 4237 2909 4293 quamam
2936 4220 3003 4273 sit
3034 4215 3299 4273 naturalis
3334 4213 3459 4283 legio

1938 4336 2097 4398 atque
2120 4325 2332 4394 scripta
2360 4318 2647 4375 secundum
2672 4325 2914 4370 mutuam
2934 4314 2990 4366 in
3011 4326 3066 4366 se
3090 4308 3461 4363 transitionem

1940 4436 2005 4473 ac
2032 4414 2446 4472 vicissitudinem
2468 4410 2739 4465 identitas.

1944 4530 2217 4586 Similiter
2261 4540 2397 4581 vere
2450 4524 2584 4579 item
2631 4521 2951 4591 quicunque
2998 4524 3255 4572 nostrum
3306 4511 3462 4567 volet

171 4619 346 4674 θέλων
393 4618 477 4681 εἰς
504 4614 699 4669 ἐαυτὸν
729 4612 1044 4686 μεταθεῖναι
1069 4610 1329 4677 δύναται,
1365 4612 1503 4682 πρὸς
1534 4612 1768 4667 ἕκαστον

1882 4636 2069 4677 omnes
2111 4625 2335 4675 sanctos
2383 4616 2440 4671 in
2488 4630 2549 4669 se
2596 4612 2897 4668 transferre
2947 4614 3161 4677 potest,
3205 4605 3337 4659 dum
3388 4602 3458 4656 ad

170 4708 566 4783 πνευματικῶς
637 4680 869 4763 ἐκ-τῶν
944 4706 1075 4777 περὶ
1121 4704 1289 4758 αὑτοῦ
1359 4680 1481 4758 καθ’
1532 4705 1771 4776 ἱστορίαν

1882 4728 2156 4787 quemque
2187 4708 2556 4782 spiritualiter
2579 4718 2703 4760 sese
2726 4703 2928 4757 format
2947 4714 3015 4755 ex
3040 4698 3108 4754 iis
3129 4711 3251 4767 quae
3277 4695 3458 4765 typice
3500 4762 3509 4769 .

169 4803 419 4865 τυπικῶς
478 4800 881 4873 γεγραμμένων
946 4795 1325 4869 μορφούμενος
1396 4797 1779 4867 (Συνέσαινε

171 4893 285 4964 γὰρ
329 4890 585 4957 ἐκείνοις
640 4887 903 4956 τυπικῶς
928 4926 944 4951 ,
1002 4886 1169 4957 φησὶν
1197 4888 1226 4940 6
1258 4884 1400 4949 θεῖος
1434 4885 1775 4954 ’Δπόστολος,

168 4986 408 5056 ἐγράφη
436 4982 505 5038 δὲ
534 4983 688 5052 πρὸς
714 4979 1045 5035 νουθεσίαν
1069 4978 1260 5049 ἡμῶν,
1290 4980 1379 5044 εις
1401 4978 1511 5046 οὓς
1536 4979 1607 5049 τὰ
1627 4979 1775 5049 τέλη

172 5078 293 5134 τῶν
337 5074 575 5131 αἰώνων
623 5072 1043 5143 κατήντησε).
1110 5069 1251 5143 πρὸς
1293 5070 1393 5141 μὲν
1438 5072 1568 5137 τοὺς
1605 5072 1776 5128 πάλαι

175 5170 283 5244 πρὸ
344 5168 513 5238 νόμου
560 5165 752 5235 άγίους
776 5203 792 5229 ,
856 5164 969 5219 άπὸ
1014 5162 1117 5234 μὲν
1164 5161 1397 5228 κτίσεως
1428 5163 1639 5233 κόσμου
1673 5165 1774 5236 τὴν

171 5262 307 5335 περὶ
334 5259 474 5315 Θεοῦ
502 5258 709 5329 γνῶσιν
740 5255 980 5321 εὐσεϐῶς
1004 5254 1403 5327 ποριζόμενος,
1447 5255 1557 5310 ἀπὸ
1580 5256 1638 5310 δέ
1671 5257 1774 5327 τῆς

172 5355 237 5409 τὺ
269 5356 383 5409 πᾶν
415 5351 598 5422 σοφῶς
640 5350 950 5423 διοικούσης
980 5352 1247 5422 Προνοίας
1277 5353 1379 5418 τὰς
1404 5355 1608 5427 ἀρετὰς
1637 5372 1772 5410 κατ-

172 5446 375 5518 ορθοῦν
407 5444 817 5515 διδασκόμενος,
855 5447 978 5499 κατ’
999 5445 1198 5512 αὐτοὺς
1224 5447 1473 5513 ἐκείνους
1500 5448 1627 5513 τοὺς
1662 5448 1770 5519 πρὸ

173 5538 273 5592 τιῦ
298 5537 473 5609 νόμου
506 5536 719 5605 ἁγίους,
755 5536 805 5591 οἳ
835 5535 928 5591 διὰ
955 5536 1173 5592 πάντων
1200 5539 1450 5609 φυσικῶς
1478 5540 1536 5593 ἐν
1558 5540 1774 5605 ἐαυτοῖς

177 5632 273 5687 τὶν
301 5631 552 5701 γραπτὸν
607 5632 667 5685 ἐν
704 5629 978 5704 πνεύματι
1013 5634 1461 5706 προχαράξαντες
1491 5633 1656 5707 νόμον
1685 5632 1773 5686 εὐ-

252 5792 282 5823 *
312 5781 489 5840 lCor.
516 5800 569 5850 κ,
608 5783 692 5838 ll.

1876 4808 1947 4863 de
1977 4822 2046 4862 eo
2072 4803 2354 4860 memoria:
2383 4799 2644 4856 mandata
2674 4807 2805 4854 sunt
2833 4793 3155 4869 (Evenerant
3181 4791 3319 4846 enim
3349 4787 3461 4841 illis

1874 4901 1931 4954 in
1972 4899 2293 4969 imaginem,
2323 4894 2550 4951 divinus
2588 4892 2669 4948 ait
2707 4890 3037 4961 Apostolus,
3066 4894 3190 4941 sunt
3227 4899 3347 4938 vero
3389 4880 3461 4935 ad

1876 5010 1968 5048 nos
2010 4990 2412 5047 commonendos
2451 4988 2776 5057 conscripta,
2810 4985 2865 5036 in
2900 4997 3029 5052 quos
3062 4978 3194 5048 fine:
3228 4990 3462 5031 morum

1875 5080 2401 5153 decucurrerunt'),
2428 5080 2497 5135 ad
2533 5088 2753 5134 veteres
2785 5090 2908 5145 qua:
2942 5075 3115 5144 legem
3150 5077 3465 5125 antecesse-

1879 5185 2031 5242 runt,
2059 5192 2091 5231 a
2123 5176 2353 5231 condito
2385 5172 2593 5228 mundo
2618 5170 2716 5226 Dei
2746 5167 3121 5240 cognitionem
3150 5163 3241 5235 pie
3270 5160 3465 5233 aequi-

1879 5266 2076 5332 rendo,
2103 5283 2133 5321 a
2163 5264 2519 5321 Providentia
2546 5276 2679 5317 vero
2706 5259 3031 5315 universum
3061 5256 3341 5327 sapienter
3365 5251 3464 5307 ad-
3578 5294 3585 5299 .

1877 5359 2228 5414 ministrante
2257 5358 2496 5412 virtutes
2528 5368 2791 5411 exercere
2822 5348 3112 5414 discendo,
3146 5347 3202 5402 in
3234 5344 3461 5400 modum

1876 5447 2125 5518 ipsorum
2162 5448 2384 5503 illorum
2426 5447 2522 5517 qni
2565 5454 2692 5500 ante
2729 5444 2909 5514 legem
2948 5441 3208 5497 vixerunt
3246 5445 3463 5492 sancto-

1880 5556 2028 5606 rum,
2057 5540 2152 5611 qui
2186 5556 2285 5615 per
2311 5539 2497 5596 omnia
2529 5537 2858 5594 naturaliter
2886 5535 2941 5590 in
2969 5530 3281 5602 semetipsis
3325 5528 3464 5585 scri—

1880 5640 2031 5703 ptam
2061 5631 2262 5704 Spiritu
2289 5632 2467 5709 legem
2497 5640 2626 5688 ante
2655 5632 3049 5701 expresserunt
3071 5632 3122 5680 et
3148 5620 3368 5696 pietatis
3396 5636 3463 5677 ac
