4014 6284
562 327 695 398 1251

1724 327 1786 389 S.
1826 319 2111 387 MAXIM!
2153 320 2666 384 CONFESSORIS

3705 319 3837 388 ll52

556 447 781 507 virtutis
815 445 989 503 veluti
1025 445 1423 516 exemplarium
1456 441 1731 516 legalibus
1767 442 1967 497 merito
2004 449 2134 496 sunt

2241 435 2453 499 σεϐείας
2483 435 2579 489 καὶ
2597 434 2800 507 ἀρετῆς
2829 436 2942 499 τοῖς
2967 434 3109 490 κατὰ
3131 436 3300 504 νόμον
3323 434 3554 500 εἰκότως
3573 437 3839 508 προσελη-

560 537 830 612 propositi
877 538 1056 609 (nam,
1085 537 1402 602 Intuemini,
1439 535 1648 606 inquit,
1681 534 1737 587 in
1778 532 2140 587 Abrahamum

563 639 769 698 patrem
792 637 1042 694 vestrum,
1067 639 1117 684 et
1140 630 1196 683 in
1221 628 1437 692 Suram,
1464 642 1579 698 qua:
1599 626 1798 697 peperit
1825 640 1912 677 vos
1933 621 1991 692 ι)
2027 638 2040 675 :
2071 620 2137 675 ad

559 737 659 776 eos
694 734 828 776 vero
861 720 960 790 qui
997 718 1300 777 secundum
1341 718 1518 787 legem
1555 714 1832 772 vixerunt,
1864 710 1996 764 dum
2038 723 2140 777 per

556 821 833 883 praecepta
863 813 920 867 in
951 810 1287 883 agnitionem
1321 807 1442 873 Dei,
1475 805 1756 878 praedicati
1793 804 1852 857 in
1888 801 2018 865 illis,
2046 799 2138 870 pia

557 910 746 960 mente
805 911 1198 975 promovetur,
1243 908 1301 958 et
1354 895 1818 956 convenientibus
1865 893 2138 960 virtutum

560 993 741 1049 modis
771 1009 871 1064 per
903 993 1146 1048 nobilem
1181 991 1454 1048 actionem
1489 995 1740 1052 ornatur,
1773 983 2138 1054 eamdemque

559 1095 687 1142 cum
748 1086 955 1156 scripta
1018 1083 1325 1140 naturalem
1388 1081 1566 1152 legem
1626 1093 1749 1135 esse
1811 1075 2134 1140 instruitur,

559 1177 783 1249 quando
814 1178 1093 1248 sapienter
1121 1191 1220 1246 per
1251 1173 1497 1247 symbola
1529 1172 1823 1228 actualiter
1851 1169 2133 1233 variatur,

557 1279 615 1326 et
643 1285 838 1326 rursus
866 1285 970 1326 nec
999 1267 1226 1324 dillerre
1258 1283 1290 1323 a
1320 1267 1559 1322 naturali
1597 1266 1879 1336 scriptam,
1911 1262 2136 1334 quando

556 1361 724 1418 unius
758 1361 964 1432 speciei
997 1375 1062 1416 ac
1095 1360 1331 1431 simplex
1366 1360 1534 1430 inque
1567 1357 1750 1429 dignis
1784 1365 1894 1412 tam
1925 1356 1994 1410 de
2024 1355 2137 1409 vir-

557 1459 674 1506 tute
707 1467 872 1522 quam
905 1451 974 1508 de
1007 1450 1324 1523 cognitione
1358 1466 1458 1522 per
1489 1450 1762 1505 rationem
1794 1456 1852 1503 et
1882 1455 2136 1502 contem-

553 1542 855 1612 plationem
897 1543 1167 1615 symbolis
1208 1543 1352 1600 liber
1391 1543 1482 1609 lit,
1515 1541 1583 1596 ad
1627 1541 1872 1612 ipsorum
1912 1533 2135 1596 illorum

552 1635 848 1707 imaginem
871 1645 1190 1692 sanctorum
1219 1636 1276 1692 in
1301 1636 1489 1692 Libris
1513 1635 1686 1692 sacris
1709 1633 2132 1699 recensitorum,

549 1725 680 1795 qui,
714 1725 903 1781 littera
943 1735 1207 1798 tanquam
1244 1727 1558 1783 velamento
1597 1742 1629 1782 a
1675 1725 1876 1798 spiritu
1916 1724 2134 1782 sublata

551 1815 790 1871 naturali
821 1817 945 1888 lege
973 1818 1060 1874 usi
1087 1817 1451 1888 spiritualiter
1475 1823 1875 1888 apparuerunt.

551 2046 704 2114 Quod
746 2049 906 2103 etiam
948 2048 1140 2123 legales
1185 2050 1358 2105 sancti
1395 2047 1748 2122 spiritualiter
1785 2047 1952 2122 legem
1993 2051 2137 2106 acci-

619 2141 820 2212 pientes
858 2143 1093 2214 gratiam
1136 2157 1231 2214 per
1276 2158 1397 2198 eam
1442 2141 1845 2213 manifestatum
1891 2143 2135 2214 provide-

617 2233 766 2288 bant.

623 2343 829 2403 Omnes
863 2348 1013 2404 enim
1051 2348 1260 2406 diserte
1298 2350 1468 2406 alium
1509 2359 1711 2421 praeter
1746 2350 1980 2422 legalem
2019 2350 2138 2407 cul-

548 2444 668 2494 tum
709 2441 1114 2511 prospicientes
1143 2441 1272 2497 vita:
1307 2440 1423 2497 Deo
1472 2441 2015 2498 convenientissima
2053 2457 2138 2497 se-

545 2531 794 2586 cundum
834 2548 962 2588 eum
1005 2533 1542 2589 consummationem
1582 2533 1958 2604 apparituram
1995 2549 2137 2604 prte-

544 2619 809 2676 dixerunt
868 2629 1192 2693 naturaeque
1253 2624 1601 2680 commodam
1665 2634 1834 2695 atque
1896 2624 2134 2680 maxime

545 2712 859 2782 pmpriam,
894 2729 1022 2769 cum
1065 2723 1422 2772 externorum
1458 2716 1599 2771 nihil
1634 2716 1703 2771 ad
1737 2715 2132 2788 perfectionem

547 2818 690 2872 cpus
731 2803 1035 2872 haberent;
1085 2806 1552 2876 quemadmodum
1598 2807 1878 2863 universis
1920 2808 2133 2879 liquido

542 2903 764 2950 constat
787 2896 882 2966 qui
912 2897 1050 2968 legis
1077 2907 1246 2969 atque
1272 2899 1671 2970 prophetarum
1697 2901 1883 2956 divina
1910 2901 2132 2957 oracula

541 3000 656 3042 non
691 2987 966 3060 ignorant.
995 2989 1053 3045 Id
1087 2991 1240 3062 quod
1273 2993 1552 3063 praecipue
1585 2993 1759 3049 David
1795 3002 1962 3065 atque
1993 2995 2131 3050 Eze-

539 3079 698 3134 chias
723 3089 780 3136 et
808 3096 907 3137 sua
936 3091 1170 3153 uterque
1195 3099 1324 3139 cum
1353 3084 1480 3140 aliis
1509 3087 1875 3142 conversandi
1903 3087 2131 3159 agendi--

541 3187 651 3241 que
694 3172 908 3229 ratione
953 3174 1361 3246 signiticarunt,
1394 3178 1536 3234 alter
1581 3177 1714 3233 dum
1761 3196 1862 3250 pro
1903 3188 2129 3250 peccato

539 3256 791 3334 legaliter
836 3264 1011 3320 Deum
1061 3265 1244 3336 placat
1288 3275 1346 3323 et
1385 3268 1574 3324 veniat
1620 3269 1882 3341 impetrat
1903 3279 1954 3338 Υ,
1985 3272 2126 3326 alter

2242 529 2414 598 θησαν
2462 527 2828 599 ὲξεμπλάριον
2861 527 3268 598 (Ὲμϐλέψ-ατε
3305 529 3446 598 γὰρ,
3485 529 3656 598 φησι,
3694 531 3838 596 πρὸς

2253 621 2512 690 Ἀϐραὰμ
2541 621 2650 677 τὸν
2673 620 2901 690 πατέρα
2939 621 3130 692 ὑμῶν.
3166 622 3266 676 καὶ
3298 621 3566 693 (1566)
3605 619 3839 688 Σάρῤων

2237 712 2356 780 τὴν
2401 711 2748 767 ὠδίνουσαν
2793 713 2988 783 ὑμᾶς)
3049 715 3188 786 πρὸς
3233 716 3293 769 δὲ
3337 715 3468 778 τοὺς
3500 714 3650 768 κατὰ
3675 714 3835 782 νόμον

2223 804 2331 857 -διά
2347 805 2458 858 τῶν
2485 804 2714 858 ἐντολῶν
2748 806 2830 869 εἰς
2854 807 3153 875 ἐπίγνωσιν
3186 807 3283 860 τοῦ
3313 808 3371 860 ὲν
3399 807 3594 870 αὑταῖς
3624 807 3831 876 ὑπηγοο

2240 897 2511 970 ρευμένου
2542 897 2681 952 Θεοῦ
2719 897 2786 951 δι’
2810 897 3074 962 εὐσεϐοῦς
3105 899 3319 962 ἑννοίας
3343 899 3711 969 ἀναγόμενος,
3743 899 3831 952 καὶ

2236 993 2349 1055 τοῖς
2375 989 2683 1060 καθήκουσι
2706 991 2817 1045 τῶν
2840 991 3054 1060 ἀρετῶν
3073 992 3300 1064 τρόποις
3325 991 3393 1046 δι’
3409 992 3674 1061 εὐγενοῦς
3695 993 3832 1061 πρά·

2239 1080 2374 1147 ξεως
2405 1080 2922 1152 καλλωπιζόμενος,
2957 1083 3058 1139 καὶ
3086 1083 3288 1138 ταύτὸν
3321 1081 3404 1156 τῷ
3430 1083 3670 1156 γραπτῷ
3694 1084 3836 1155 νόμῳ

2235 1172 2330 1228 τὸν
2381 1173 2610 1242 φυσικὸν
2657 1173 2788 1228 ὄντα
2839 1175 3270 1248 παιδευόμενος,
3331 1177 3463 1230 ὅταν
3526 1176 3712 1247 σοφῶς
3755 1175 3836 1230 διὰ

2239 1282 2302 1318 συ
2312 1264 2526 1337 μ6όλων
2561 1265 2704 1320 κατὰ
2729 1266 2832 1339 τὴν
2857 1267 3058 1338 πρᾶξιν
3077 1268 3446 1339 ποικίλληται,
3467 1267 3569 1322 καὶ
3601 1267 3832 1338 ἔμπαλιν

2237 1357 2316 1429 τῷ
2338 1357 2552 1431 φυσικῷ
2568 1358 2659 1412 τὸν
2676 1360 2943 1432 γραπτὸν,
2979 1361 3108 1415 ὅταν
3126 1361 3364 1432 ὲνοειδης
3397 1361 3496 1415 καὶ
3511 1359 3721 1424 ἁπλοῦς
3747 1365 3832 1418 καὶ

2240 1444 2528 1518 συμϐόλων
2573 1448 2632 1501 ὲν
2669 1450 2785 1512 τοῖς
2825 1448 2998 1515 ἀξίοις
3033 1447 3155 1502 κατ’
3177 1449 3384 1520 ἀρετήν
3409 1465 3470 1502 τε
3505 1449 3604 1502 καὶ⁵
3632 1448 3827 1517 γνῶσιν

2241 1537 2330 1592 διὰ
2353 1537 2512 1607 λόγου
2538 1539 2633 1593 καὶ⁵
2659 1539 2894 1612 θεωρίας
2920 1539 3206 1612 ἐλεύθερος
3228 1541 3478 1612 γένηται,
3504 1541 3631 1595 κατ’
3644 1541 3830 1606 αὐτοὺς

2239 1631 2480 1696 ἐκείνους
2513 1632 2643 1696 τοὺς
2672 1633 2731 1686 ὲν
2757 1633 2908 1706 νόμῳ
2934 1634 3155 1703 ἁγίους,
3193 1634 3243 1688 οἳ
3280 1635 3342 1688 τὸ
3367 1634 3610 1704 γράμμα
3644 1633 3826 1706 ῶσπερ

2239 1723 2508 1797 κάλυμμα
2556 1726 2901 1798 περιελόντος
2949 1727 3048 1780 τοῦ
3092 1726 3410 1799 πνεύματος
3462 1727 3557 1783 τὸν
3602 1727 3823 1798 φυσικὸν

2163 1811 2206 1868 Β
2235 1815 2400 1888 νόμον
2431 1815 2650 1889 ἔχοντος
2684 1815 3073 1890 πνευματικῶς
3096 1817 3494 1892 διεδείχθησαν.

2240 2051 2363 2109 Ὅτι
2415 2052 2514 2108 καὶ
2551 2055 2606 2108 οι
2643 2051 2794 2108 κατὰ
2838 2053 3031 2123 νόμον
3065 2051 3222 2123 ἅγιοι
3255 2051 3682 2122 πνευματικῶς
3729 2053 3826 2108 τὸν

2303 2147 2496 2216 νόμον
2529 2146 2919 2216 ἐκδεχόμενοι
2946 2144 3063 2215 τὴν
3111 2145 3190 2200 δι’
3221 2145 3412 2200 αὐτοῦ
3443 2147 3828 2217 ιηῖνυομέιητ

2310 2237 2490 2311 χάριν
2519 2239 2922 2309 «posti/terror.

2308 2354 2518 2420 Πάντες
2545 2354 2656 2427 γὰρ
2697 2352 2998 2427 διαρρήδην
3043 2353 3241 2428 ἑτέραν
3283 2353 3440 2427 παρὰ
3461 2353 3566 2425 τὴν
3608 2352 3828 2425 νομικὴν

2238 2445 2456 2501 ἔσεσθαι
2515 2446 2775 2518 λατρείαν
2824 2445 3318 2520 προθεωρήσαντες
3378 2447 3440 2500 τὺ
3485 2447 3614 2501 κατ’
3671 2447 3829 2516 αὐτὴν

2238 2541 2614 2612 φανησόμενον
2680 2543 2782 2612 τῆς
2857 2539 3338 2611 θεοπρεπεστάτης
3405 2538 3556 2611 ζωῆς
3634 2539 3829 2593 τέλειον

2237 2631 2660 2705 προεκήρυξαν,
2730 2632 2826 2687 καὶ
2898 2634 2966 2704 τῇ
3019 2631 3182 2702 φύσει
3248 2633 3565 2705 πρόσφορόν
3617 2651 3676 2686 τε
3740 2636 3828 2688 καὶ

2236 2721 2590 2789 οἰκειότατον,
2621 2722 2698 2786 ὡς
2745 2721 2976 2794 μηδενὸς
3023 2721 3133 2776 τῶν
3187 2721 3346 2785 ἐκτὸς
3383 2723 3523 2793 πρὸς
3558 2722 3827 2775 τελείωσιν

2237 2813 2600 2885 ὲπιδεόμενοι,
2655 2812 2841 2877 καθὼς
2900 2814 3037 2866 πᾶσι
3083 2812 3244 2883 δῆλον
3279 2815 3595 2883 καθέστηκε
3619 2815 3732 2876 τοῖς
3757 2813 3827 2884 μὴ

2236 2898 2494 2968 ἀγνοοῦσι
2529 2900 2600 2954 τὰ
2641 2900 2731 2954 διὰ
2763 2900 2858 2954 τοῦ
2885 2901 3052 2971 νόμου
3084 2899 3181 2954 καὶ
3234 2901 3347 2954 τῶν
3377 2901 3684 2971 προφητῶν
3722 2903 3826 2955 θεῖα

2238 2989 2605 3062 θεσπίσματα.
2637 2993 2814 3064 Ὅπερ
2852 2993 3092 3066 μάλιστα
3120 2991 3292 3048 Δασὶδ
3330 2995 3427 3047 καὶ
3463 2993 3716 3058 Ἐζεκίας
3744 2994 3824 3047 καὶ

2234 3082 2312 3155 τῷ
2333 3083 2455 3137 καθ’
2484 3083 2678 3136 ἑαυτὸν
2727 3085 2866 3156 πρὸς
2905 3087 3021 3150 τοῖς
3064 3085 3244 3149 ἄλλοις
3289 3085 3554 3158 ἑκάτερος
3600 3085 3823 3158 δράματι

2234 3175 2621 3247 παρῃνίττετο,
2653 3179 2681 3230 ὁ
2707 3177 2807 3246 μὲν
2843 3177 2983 3248 ὑπὲρ
3009 3177 3115 3246 τῆς
3131 3177 3412 3250 ἁμαρτίας
3460 3180 3706 3249 νομικῶς
3740 3178 3823 3231 τὸν

2232 3265 2356 3319 θεὸν
2412 3266 2826 3339 ὲξιλεούμενος,
2896 3267 3138 3340 (157a)
3179 3271 3208 3323 ό
3237 3269 3297 3323 δὲ
3330 3272 3626 3343 προσθήκῃ
3688 3269 3823 3341 ζωῆς

541 3351 676 3408 dum
708 3353 818 3410 alio
851 3363 1054 3426 praeter
1075 3356 1252 3429 legem
1284 3370 1564 3433 pracepto
1587 3361 1714 3418 vita:
1746 3361 2124 3418 additamento

2241 3360 2401 3432 ἑτέρῳ
2435 3361 2584 3432 παρά
2607 3361 2699 3415 τὸν
2752 3361 2917 3434 νόμον
2977 3359 3164 3435 θεσμῷ
3208 3363 3364 3435 παρὰ
3413 3362 3512 3419 τοῦ
3562 3363 3698 3417 Θεοῦ
3739 3380 3823 3416 σε-

537 3458 573 3500 a
601 3445 715 3502 Deo
739 3455 977 3520 augetur
997 3458 1044 3508 ³.

435 3743 442 3750 ι
539 3673 697 3742 Quod
734 3677 779 3731 is
818 3677 910 3747 qui
947 3676 1152 3733 sincero
1184 3679 1353 3734 animi
1381 3680 1560 3736 studio
1591 3679 1861 3736 Christum
1894 3699 1988 3754 per
2019 3685 2130 3739 vir-

614 3775 754 3823 tutes
790 3777 1026 3824 sectatur
1063 3771 1226 3826 etiam
1267 3782 1476 3845 superet
1517 3771 1684 3844 legem
1728 3783 1840 3830 tam
1875 3778 2127 3849 scriptam

611 3877 775 3930 quam
807 3861 1137 3916 naturalem.

612 3974 762 4030 Nihil
809 3984 995 4031 autem
1043 3975 1298 4048 impedit,
1337 3988 1398 4034 ut
1437 3978 1704 4046 arbitror,
1739 3981 2038 4050 quominus
2082 3981 2129 4037 is

541 4063 640 4136 qui
678 4065 768 4121 his
807 4066 1048 4137 legibus,
1081 4069 1344 4135 naturali,
1383 4070 1629 4140 inquam,
1664 4087 1729 4126 ac
1769 4071 1996 4143 scripta,
2030 4073 2129 4130 Dei

539 4170 790 4212 amorem
836 4159 1039 4214 mereri
1081 4161 1172 4216 vel
1225 4162 1614 4231 probationem
1676 4166 1966 4221 institutus
2013 4176 2126 4233 est,

544 4257 711 4318 atque
755 4259 913 4305 extra
953 4250 1054 4307 has
1091 4267 1193 4323 per
1229 4254 1503 4310 sinceram
1545 4256 1706 4312 iidem
1742 4258 1913 4313 solam
1955 4261 2131 4315 ratio-

546 4353 673 4394 nem
711 4340 780 4395 ad
816 4356 1092 4397 summum
1124 4343 1332 4400 bonum
1369 4345 1736 4403 deducentem
1766 4347 2007 4405 ﬁdeliter
2038 4366 2128 4407 se-

546 4437 712 4486 cutus
749 4440 867 4498 est,
902 4433 1233 4506 nullumque
1276 4447 1462 4494 mente
1506 4440 1736 4498 omnino
1772 4441 1990 4500 facinus
2031 4454 2128 4501 aut

545 4521 842 4579 consilium
884 4534 983 4582 aut
1024 4527 1327 4599 cogitatum
1366 4532 1645 4604 concepit,
1679 4533 1886 4606 quibus
1927 4543 2128 4591 natura

543 4626 610 4668 ac
641 4613 887 4686 cognitio
915 4617 1386 4694 qualitercunque
1423 4623 1699 4682 exsistens
1733 4627 1917 4683 omnis
1945 4628 2128 4700 quali-

541 4713 854 4780 tercunque
885 4711 1112 4784 cogitati
1145 4715 1385 4772 succidit
1413 4726 1580 4789 atque
1615 4729 1876 4791 apparet,
1906 4729 1970 4778 ut
1996 4736 2126 4778 eum

2233 3472 2374 3525 μνυν
2385 3453 2432 3506 5-
2440 3473 2620 3528 μενος.

2234 3683 2362 3736 Ὀτι
2392 3679 2492 3735 και
2517 3669 2672 3748 ὑπὲρ
2723 3679 2832 3734 τὸν
2861 3680 3127 3752 γραπτὸν
3155 3678 3254 3736 καὶ
3295 3683 3450 3750 ὑπερ
3501 3681 3614 3735 τὸν
3653 3697 3819 3751 pum-

2303 3768 2416 3824 κόν
2486 3770 2680 3838 νόμον
2739 3769 2967 3840 γίνεται
3021 3773 3057 3825 ό
3129 3768 3212 3837 τῷ
3261 3767 3500 3839 Χριστῷ
3568 3771 3821 3842 rnpr

2299 3856 2400 3913 διὰ
2427 3856 2546 3913 τῶν
2573 3857 2804 3928 ἀρετῶν
2829 3858 2981 3914 κατὰ
3009 3859 3290 3914 διάθεσιν
3317 3858 3694 3944 ἀκολουθῶν.

2296 3972 2465 4028 Οὐδὲν
2499 3972 2559 4028 δὲ
2600 3972 2663 4027 τὸ
2704 3971 2935 4038 κωλύον,
2968 3972 3046 4039 ὡς
3101 3966 3281 4044 οἶμαι,
3318 3972 3438 4026 ἐστὶ
3471 3972 3566 4028 τὸν
3603 3973 3664 4027 ὲν
3705 3975 3818 4028 tori-

2231 4079 2347 4127 τοις
2401 4061 2872 4134 προπαιδευθέντα
2925 4064 3042 4126 τοῖς
3088 4062 3300 4133 νόμοις,
3350 4061 3430 4134 τῷ
3491 4063 3712 4134 φυσικῷ
3764 4063 3820 4117 τό

2232 4175 2375 4228 φημι
2433 4157 2529 4211 καὶ
2575 4156 2656 4229 τῷ
2702 4155 2956 4228 γραπτῷ,
2997 4155 3265 4226 θεοφιλῶς
3294 4155 3364 4220 ⁸⁸,
3417 4156 3567 4228 ἥπερ
3619 4156 3818 4219 τούτοις

2231 4249 2492 4320 γενέσθαι
2537 4249 2884 4322 θεοπρεπῶς,
2913 4249 3010 4306 καὶ
3038 4249 3247 4305 τούτων
3279 4249 3452 4322 χωρὶς
3493 4251 3565 4304 δι’
3598 4249 3818 4320 εἰλικρι-

2229 4343 2356 4409 νοῦς
2403 4343 2641 4408 πίστεως
2690 4343 2840 4415 μόνῳ
2885 4341 2966 4413 τῷ
3003 4343 3098 4396 ἐπὶ
3150 4343 3214 4396 τὸ
3254 4342 3564 4415 ἀκρότατον
3623 4342 3816 4412 ἀγαθὸν

2230 4435 2418 4506 ἄγοντι
2458 4435 2604 4508 λόγῳ
2647 4435 2892 4508 γνησίως
2934 4434 3405 4508 ἀκολουθήσαντα,
3449 4436 3548 4489 καὶ
3597 4436 3814 4508 μηδενὸς

2233 4531 2354 4585 κατ’
2389 4529 2601 4586 ἔννοιαν
2645 4529 2710 4584 τὸ
2749 4527 3016 4601 παράπαν
3063 4527 3372 4600 ἀπτόμενον
3415 4529 3743 4600 πράγματος
3777 4525 3808 4596 ἢ

2233 4619 2498 4692 λογισμοῦ
2535 4621 2571 4692 ἢ
2625 4619 2904 4693 νοήματος
2931 4612 3015 4683 οἷς
3055 4621 3090 4691 ἡ
3136 4616 3389 4673 ὁπωσοῦν
3437 4615 3805 4680 οῦσαπαντὸς

2232 4713 2328 4769 τοῦ
2377 4712 2628 4770 ὁπωσοῦν
2673 4713 2967 4785 νοουμένου
3012 4729 3076 4767 τε
3108 4711 3205 4768 καλ⁸
3235 4712 3391 4778 ὄντος
3441 4713 3606 4783 φύσις
3639 4729 3696 4766 τε
3720 4710 3804 4763 καὶ
3865 4732 3898 4751 .-

536 4799 706 4857 decet
743 4802 840 4872 qui
876 4803 1088 4874 Jesum,
1119 4808 1289 4865 caelos
1329 4818 1755 4883 transgressum,
1785 4814 2004 4870 sincere
2043 4829 2129 4871 se-

2241 4805 2435 4876 γνῶσις
2468 4805 2766 4861 ὑποπίπτει
2812 4805 2910 4861 καὶ
2961 4805 3312 4876 ἐμφαίνεται,
3355 4803 3553 4875 ὥσπερ
3601 4800 3802 4865 εἰκος⁸⁵

535 4893 730 4950 claudi
763 4896 1060 4953 consilium
1091 4900 1282 4971 coepit,
1309 4901 1500 4960 divina
1532 4903 1656 4960 luce
1690 4914 1912 4962 ostensa
1937 4923 2124 4964 veram

535 5001 766 5058 quoque
798 4989 994 5046 eadem
1034 5005 1222 5047 rerum
1253 5001 1486 5062 naturae,
1510 5005 1780 5068 quantum
1809 4999 2036 5071 quidem
2067 5000 2124 5056 id

537 5075 755 5136 homini
782 5080 936 5151 licet,
967 5083 1291 5156 cognitione
1319 5087 1498 5158 possit
1521 5088 1715 5146 imbui.

619 5419 647 5448 ι
672 5403 782 5462 lsa.
819 5424 891 5476 ιι,
917 5409 971 5465 2.
1045 5421 1076 5462 γ
1105 5412 1173 5470 lV
1198 5414 1334 5487 Reg.
1371 5433 1461 5482 xx,
1499 5416 1553 5473 2.
1634 5428 1656 5457 ι
1687 5417 1733 5476 ll
1764 5419 1898 5490 Reg.
1929 5433 2075 5488 χειν,
2112 5419 2198 5475 l0.

2223 4897 2317 4953 τὸν
2374 4895 2604 4952 ἕπεσθαι
2656 4896 2901 4968 γνησίως
2958 4894 3301 4968 προθέμενον
3355 4894 3435 4966 τῷ
3484 4892 3802 4964 διεληλυθὸτι

2224 4990 2354 5056 τοὺς
2399 4990 2667 5064 οὐρανοὺς
2730 4989 2950 5059 Ἰησοῦ,
3023 4989 3121 5044 καὶ
3189 4991 3259 5061 τῇ
3331 4987 3651 5060 παραδείξει
3715 4981 3799 5038 τοῦ

2222 5084 2374 5139 θείου
2419 5084 2598 5155 φωτὸς
2642 5081 2944 5154 δυνηθῆναι
3006 5082 3108 5154 τὴν
3149 5081 3324 5154 ἀληθῆ
3365 5081 3479 5135 τῶν
3505 5081 3690 5140 δντοη.
3731 5075 3799 5135 ὥς

2227 5175 2378 5231 ιστιν
2399 5176 2675 5249 ἀνθρώπῳ
2698 5176 2946 5243 δυνατὸν,
2972 5173 3373 5247 συνεκδοχικῶς
3391 5169 3738 5238 ὑποδέξασθαι
3755 5164 3797 5197 ⁸⁵

2227 5283 2452 5340 γνωσιν.

1813 5573 2048 5633 VARUS
2079 5572 2486 5633 LECTIONES.

619 5699 956 5788 ”,θὲ9φιξιως
987 5707 1109 5780 (sic)
1153 5709 1310 5782 εἴπερ
1336 5691 1712 5779 τούτουςίοοὰ.
1748 5713 1890 5772 Gud.
1965 5715 2010 5749 “
2037 5714 2113 5780 ὼς
2138 5711 2268 5788 παρ’
2303 5712 2450 5780 εἰκὸς
2480 5713 2646 5772 habet
2669 5712 3065 5785 apographum.
3144 5711 3190 5745 ⁸⁸
3223 5708 3613 5784 Apograpbum
3645 5702 3791 5763 habet

552 5767 589 5826 ’ὗ
598 5767 956 5842 ποδείξασθαιξ
