4014 6284
236 309 378 378 1453

1473 311 1992 373 AMBIGUORUM
2037 316 2284 376 LIBER.

3352 326 3494 394 1154

230 424 456 491 Θεωρία
502 423 609 478 τοῦ
634 426 859 493 τρόπου
901 422 1032 478 καθ’
1087 424 1162 478 ὃν
1208 422 1361 492 ὑπὲρ
1405 423 1514 476 τὸν
1557 422 1797 493 φυσικὸπ

1924 423 2310 496 Contemplatio
2343 428 2484 481 modi
2518 444 2619 498 quo
2650 430 2693 483 is
2724 433 2813 501 qui
2842 431 2948 486 Deo
2975 450 3070 505 per
3092 436 3269 493 omnia
3303 438 3498 496 obtem-

300 512 403 566 καί
447 512 554 566 τὸν
581 515 850 583 γραπτὸν
892 514 1081 583 νόμον
1108 514 1333 583 γίνεται
1367 514 1399 566 ό
1434 510 1533 567 διὰ
1575 511 1815 566 πάντων

299 602 383 668 τῷ
416 602 530 669 θεῷ
554 606 885 675 γενόμενος
913 605 1218 674 εὐπειθής.

297 696 364 749 Εἰ
393 694 505 767 γάρ
530 698 682 749 πᾶσα
722 699 755 769 ἡ
790 698 901 751 τῶν
926 700 1097 751 ὄντων
1125 697 1287 767 φύσις
1326 698 1405 761 εἰς
1434 698 1503 751 τά
1525 698 1692 770 νοητὰ
1719 699 1815 752 καὶ

217 789 295 841 τὶ
324 788 565 859 αἰσθητά
589 787 865 862 διῄρηται,
913 791 1007 844 καὶ
1043 791 1112 845 τὰ
1164 791 1263 862 μὲν
1296 790 1515 860 λέγεται
1545 792 1639 845 καὶ
1666 791 1814 846 εστιν

220 881 445 948 αἰώνια,
498 882 574 945 ὡς
609 882 669 935 ἒν
716 884 872 938 αἰῶνι
904 883 997 937 τοῦ
1028 879 1167 938 εἶναι
1215 884 1491 938 λαϐόντων
1522 884 1717 959 ἀρχὴν,
1746 883 1815 938 τὰ

218 973 280 1026 δὲ
319 973 574 1045 χρονικὰ,
630 974 703 1037 ὡς
729 977 787 1028 ὲν
832 975 1009 1047 χρόνῳ
1067 977 1435 1049 πεποιημένα,
1478 976 1663 1031 καὶτὰ
1715 977 1812 1049 μὲν

218 1064 524 1117 ὑποπίπτει
581 1066 784 1135 νοήσει,
834 1068 902 1121 τά
952 1067 1008 1120 δὲ
1057 1068 1329 1139 αἰσθήσει,
1377 1068 1468 1122 διὰ
1496 1067 1595 1139 τὴν
1637 1067 1814 1122 ταῦτα

218 1157 482 1226 ἀλλήλοις
538 1158 976 1227 ἑπισφίγγουσαν
1014 1160 1107 1213 τοῦ
1155 1162 1295 1215 κατὰ
1348 1161 1510 1230 φύσιν
1561 1164 1809 1232 σχετικοῦ

221 1248 523 1320 ἰδιώματος
570 1250 766 1305 ἄλυτον
808 1251 1040 1323 δύναμιν
1099 1252 1291 1323 (πολλὴ
1322 1252 1457 1326 ’γάρ
1496 1257 1530 1325 ἡ
1578 1255 1714 1325 πρὸς
1742 1255 1811 1308 τά

215 1340 493 1411 νοούμενα
539 1341 650 1395 τῶν
707 1342 975 1397 νοούντων
1005 1344 1099 1397 καὶ
1154 1346 1291 1414 πρὸς
1335 1347 1405 1398 τὰ
1440 1345 1675 1415 αἰσθητά
1701 1346 1810 1401 τῶν

214 1431 629 1503 αἰσθανομένων
655 1433 688 1504 ἡ
715 1434 922 1503 σχέσις,
956 1435 984 1487 ὁ
1010 1434 1067 1488 δὲ
1118 1434 1405 1507 ἄνθρωπος
1432 1437 1496 1489 ὲκ
1517 1437 1692 1508 ψυχῆς
1715 1437 1810 1491 καὶ

214 1524 477 1597 σώματος
508 1528 796 1597 τυγχάνων
825 1527 1147 1599 αἰσθητικοῦ
1172 1529 1260 1583 διὰ
1290 1531 1389 1601 τῆς
1412 1531 1534 1585 κατ’
1567 1530 1806 1584 ἐπαλλα-

213 1616 322 1689 γὴν
347 1619 489 1688 πρὸς
519 1618 758 1690 ἑκάτερα
786 1619 856 1673 τὰ
884 1619 987 1689 τῆς
1016 1622 1248 1686 κτίσεως
1274 1623 1541 1694 τμήματα
1569 1623 1807 1695 φυσικῆς

1991 518 2254 587 peraverit
2298 525 2408 571 tam
2458 518 2761 575 naturalem
2812 538 2973 593 quam
3022 528 3278 599 scriptam
3332 530 3497 602 legem

1985 620 2212 679 superet.

1986 700 2205 756 Etenim
2237 701 2284 758 si
2310 702 2491 759 omnis
2514 716 2701 759 rerum
2725 712 2922 761 natura
2948 707 3005 762 in
3034 708 3405 782 intelligibilia
3433 728 3497 768 ac

1916 793 2201 848 sensibilia
2242 792 2532 861 dividitur,
2563 803 2621 850 et
2658 796 2834 851 altera
2873 807 2929 853 et
2964 796 3234 855 dicuntur
3269 810 3327 856 et
3365 811 3495 858 sunt

1913 893 2151 949 aeterna,
2185 893 2247 943 ut
2291 884 2388 955 qui
2432 885 2488 940 in
2532 888 2844 942 aeternitate
2886 889 3222 945 exsistcntim
3269 891 3494 947 initium

1915 986 2218 1047 ceperunt,
2250 976 2425 1031 altera
2454 992 2590 1032 vero
2627 980 2983 1049 temporalia,
3017 989 3206 1050 utpote
3254 982 3312 1036 in
3356 990 3493 1039 tem-

1914 1083 2050 1138 pore
2107 1068 2271 1133 facta,
2331 1068 2377 1125 si
2413 1071 2506 1125 illa
2571 1088 2739 1142 porro
2800 1072 3107 1128 intellectui
3171 1075 3489 1140 succidunt,

1913 1162 2030 1217 haec
2087 1162 2312 1229 sensui,
2388 1172 2617 1234 propter
2680 1164 3108 1235 inseparabilem
3163 1167 3312 1233 vim,
3373 1170 3491 1225 haec

1912 1253 2061 1309 inter
2099 1269 2159 1309 se
2204 1255 2310 1310 sibi
2355 1257 2728 1326 capulantem,
2761 1259 3123 1328 proprietatis
3164 1264 3491 1317 naturaliter

1910 1346 2155 1401 relativa:
2197 1346 2392 1416 (multa
2432 1346 2583 1403 enim
2626 1348 2693 1403 ad
2739 1348 3019 1404 intellecta
3063 1351 3489 1423 intelligendum

1908 1446 1993 1492 est
2025 1446 2080 1492 et
2112 1439 2181 1493 ad
2217 1439 2501 1495 sensibilia
2535 1440 2896 1496 sentientium
2932 1444 3155 1509 relatio,
3189 1444 3355 1500 homo
3386 1463 3489 1501 au-

1910 1538 2021 1584 tem
2045 1546 2113 1585 ex
2139 1531 2323 1586 anima
2346 1540 2402 1587 et
2426 1548 2661 1602 corpore
2687 1534 2935 1589 sensibili
2962 1545 3223 1591 constans
3247 1538 3487 1596 naturali

1908 1631 1963 1675 et
1986 1630 2175 1675 mutua
2205 1621 2272 1676 ad
2297 1630 2588 1692 utramque
2613 1622 2955 1678 conditionis
2980 1634 3191 1694 partem
3218 1626 3487 1681 relatione

214 1709 462 1779 σχέσεώς
493 1726 554 1762 τε
578 1710 671 1763 καὶ
701 1710 962 1782 ἰδιότητος
1003 1711 1100 1765 καὶ
1136 1715 1538 1786 περιγράφεται
1568 1716 1663 1772 καὶ
1703 1733 1797 1769 πε-

1907 1721 2072 1782 atque
2113 1714 2457 1784 proprietate
2501 1723 2610 1768 tam
2652 1715 3127 1771 circumscribitur
3165 1733 3328 1787 quam
3372 1719 3485 1773 cir-

215 1800 503 1869 ριγράφει,
552 1801 613 1853 τὸ
675 1801 773 1871 μὲν
835 1780 903 1875 τῇ
962 1804 1143 1877 οὐσία,
1202 1780 1498 1880 etiam
1550 1809 1797 1881 δυνάμει,

1908 1780 2267 1872 cuniscribit,
2303 1808 2541 1866 alterum
2589 1807 2864 1874 essentia,
2899 1809 3132 1864 alterum
3180 1818 3483 1881 potestate,

212 1890 402 1961 (157
437 1892 488 1963 b)
523 1891 598 1956 ὡς
634 1896 749 1957 τοῖς
794 1894 989 1949 ἑαυτοῦ
1036 1898 1173 1970 πρὸς
1204 1897 1378 1953 ταῦτα
1426 1900 1797 1974 διαιρούμενος

1905 1903 2096 1965 utpote
2124 1896 2207 1950 sui
2238 1896 2414 1967 ipsius
2440 1897 2695 1967 partibus
2720 1898 2777 1951 in
2805 1897 2921 1952 hmc
2948 1909 3257 1968 separatus,
3283 1909 3339 1954 et
3368 1900 3485 1957 hac

214 1983 438 2056 μέρεσι,
481 1985 575 2038 καὶ
613 1984 787 2039 ταῦτα
831 1987 920 2041 διά
972 1989 1080 2041 τῶν
1121 1991 1341 2047 οἰκείων
1388 1995 1573 2066 μερῶν
1624 1997 1797 2070 ἑαυτῷ

1902 2002 2002 2058 per
2036 1988 2291 2058 prpprias
2324 1998 2510 2059 partes
2541 1988 2862 2044 coadunans
2897 1998 2961 2045 et.
2986 1990 3274 2046 attrahens
3312 2009 3326 2045 :
3370 1991 3482 2046 cir-

210 2074 341 2129 καθ’
366 2076 559 2129 ἕνωσιν
602 2078 983 2149 ἐπισπώμενος
1005 2098 1019 2112 ο
1066 2086 1505 2155 περιγράφεσθαι
1559 2089 1667 2160 γάρ
1690 2093 1802 2155 τοῖς

210 2169 429 2235 νοητοῖς
459 2170 553 2222 καὶ
578 2169 879 2241 αἰσθητοῖς,
896 2172 972 2236 ώς
998 2174 1145 2246 ψυχὴ
1175 2179 1463 2249 τυγχάνων
1489 2182 1584 2236 καὶ
1616 2183 1795 2255 σῶμα,

208 2259 310 2313 καὶ
341 2261 708 2332 περιγράφειν
756 2264 928 2319 ταῦτα
977 2267 1121 2322 κατὰ
1167 2267 1397 2341 δύναμιν
1426 2273 1690 2344 πέφυκεν,
1724 2274 1800 2340 ώς

207 2350 352 2403 νοῶν
380 2351 476 2405 καὶ
504 2353 894 2426 αἰσθανόμενος
913 2372 928 2389 ·
962 2357 991 2409 ὁ
1035 2357 1091 2411 δὲ
1119 2358 1251 2424 Θεὸς
1279 2362 1467 2422 ἁπλῶς
1504 2366 1601 2421 καὶ
1642 2365 1797 2440 ἀορί-

209 2459 358 2506 στως
402 2444 543 2517 ὑπὲρ
573 2446 753 2503 πάντα
785 2448 855 2503 τά
891 2449 1020 2504 ὅντα
1070 2451 1209 2517 ἐστὶ,
1244 2454 1313 2507 τά
1367 2457 1691 2529 περιέχοντά
1738 2479 1796 2515 τε

206 2534 311 2588 καὶ
359 2538 723 2608 περιεχόμενα
769 2540 865 2595 καὶ
887 2541 1008 2612 τὴν,
1041 2536 1115 2596 ὧν
1145 2545 1245 2598 οὐκ
1277 2544 1404 2599 ἄνευ
1440 2548 1634 2612 ταῦτα,
1665 2552 1795 2622 χρό-

207 2643 303 2679 νου
350 2630 492 2698 φημὶ
542 2631 635 2682 καὶ
677 2630 871 2696 αἰῶνος
924 2636 1018 2687 καὶ
1046 2636 1213 2689 τόπου
1270 2638 1449 2707 φύσιν,
1476 2637 1576 2705 ιοῗς
1602 2642 1662 2695 τὸ
1689 2646 1797 2699 πᾶν

207 2724 609 2793 περικλείεται,
658 2725 735 2790 ὡς
776 2728 913 2781 πᾶσι
939 2730 1219 2795 παντελῶς
1268 2732 1496 2803 ἄσχετος
1531 2733 1651 2804 ὢν),
1687 2736 1797 2807 ἄρα

210 2818 508 2887 σωφρόνως
549 2821 577 2872 ό
614 2820 866 2888 διαγνοὺς
917 2822 1037 2885 πῶς
1084 2824 1218 2893 ἐρᾷν
1251 2823 1344 2876 τοῦ
1375 2824 1510 2877 Θεοῦ
1544 2826 1645 2889 δεῖ,
1701 2826 1795 2881 τοῦ

206 2908 354 2979 ὑπὲρ
418 2910 579 2978 λόγον
634 2914 729 2965 καὶ
795 2912 1029 2982 γνῶσιν’
1060 2915 1158 2967 καὶ
1219 2917 1399 2986 πάσης
1454 2917 1643 2982 ἁπλῶς
1697 2920 1796 2990 τῆς

205 3002 535 3073 οἰασδήποτε
591 3008 913 3061 παντάπασι
973 3008 1229 3078 σχέσεως,
1296 3011 1638 3084 ἐξῃρημένου
1700 3017 1794 3069 καὶ

112 3160 120 3167 ο
206 3093 449 3198 φύσεως,
500 3097 678 3151 πάντα
729 3098 798 3153 τὰ
828 3099 1063 3171 αἰσθητά
1117 3101 1212 3155 καὶ
1250 3104 1417 3175 νοητά
1470 3106 1565 3158 καὶ
1613 3108 1792 3162 πάντα
1820 3138 1864 3198 c

205 3186 401 3257 χρόνον
436 3190 529 3241 καὶ
552 3190 724 3244 αἰῶνα
763 3192 859 3249 καὶ
891 3193 1059 3248 τόπον
1080 3194 1126 3225 ⁸⁸
1164 3194 1409 3265 ἀσχέτως
1457 3198 1793 3268 παρελεύσεςι

204 3292 321 3342 ται,
354 3279 445 3331 καὶ
491 3279 671 3351 πάσης
713 3281 1023 3339 τελευταῖον
1063 3284 1192 3355 ὅλης
1241 3286 1343 3356 τῆς
1377 3289 1496 3341 κατ’
1538 3290 1794 3362 αἴσθησιν

206 3369 303 3423 καὶ
365 3370 527 3440 λόγον
590 3372 683 3427 καὶ
723 3374 849 3429 νοῦν
905 3377 1190 3449 ἐνεργείας
1245 3379 1438 3431 ἑαυτὸν
1495 3380 1795 3453 ὑπερφυῶς

204 3463 613 3534 ἀπογυμνώσας
661 3466 919 3538 άρῤήτως
966 3484 1027 3520 τε
1054 3468 1148 3521 καὶ
1179 3467 1475 3538 άγνώστως
1522 3471 1621 3541 τῆς
1652 3473 1792 3545 ὑπὲρ

205 3554 365 3623 λόγον
396 3557 492 3609 καὶ
522 3557 646 3611 νοῦν
670 3558 821 3623 θείας
852 3560 1219 3631 τερπνότητος
1264 3560 1630 3628 ἐπιτεύξεται,
1665 3564 1790 3618 καθ’

204 3646 264 3700 ὃν
298 3645 406 3701 οἶδε
436 3650 637 3720 τρόπον
665 3668 724 3704 τε
756 3652 851 3707 καὶ
896 3652 1051 3721 λόγον
1089 3652 1118 3703 ὀ
1149 3653 1250 3724 τὴν
1278 3653 1535 3725 τοιαύτην
1581 3654 1790 3726 δωρούο

208 3755 371 3809 μενος
399 3740 559 3809 χάριν
605 3742 736 3803 Θεὸς
764 3744 857 3796 καὶ
900 3744 950 3796 οἰ
994 3745 1201 3814 ταύτην
1240 3745 1390 3815 παρὰ
1418 3745 1554 3799 Θεοῦ
1606 3747 1790 3801 λαόεῖν

204 3828 551 3896 ἀξιωθέντες,
582 3831 766 3885 οὐκέτι
814 3833 965 3887 οὐδὲν
1002 3834 1230 3902 φυσικὸν
1271 3834 1303 3905 ἢ
1333 3836 1579 3907 γραπτὸν
1612 3836 1791 3909 ἐαυτῷ

208 3916 787 3992 συνεπικομιζόμενος,
843 3926 1063 3980 πάντων
1110 3927 1259 3998 αὐτῴ
1312 3927 1420 3981 τῶν
1463 3928 1783 4004 λεχθῆναιῆ

204 4012 517 4085 γνωσθῆναι
564 4016 876 4096 δυναμένων
910 4018 1191 4084 παντελῶς
1235 4019 1654 4093 ὑπερϐαθέντων
1694 4023 1788 4076 καὶ

204 4107 744 4172 τατασιγασθὲντων.

205 4368 429 4435 Θεωρία
470 4372 557 4437 εἰς
616 4372 680 4425 τὸ
740 4370 873 4441 περὶ
919 4372 1025 4428 τοῦ
1080 4372 1454 4442 ἐμπεσόντος
1503 4376 1591 4441 είς
1642 4374 1785 4443 τοὺς

517 4460 755 4528 ,λῃστὰς
765 4461 956 4529 ῥητὸν
976 4461 1081 4515 τοῦ
1113 4463 1500 4531 Εὐαγγελίου.

272 4550 389 4605 Καὶ
414 4551 554 4621 τάχα
597 4551 754 4605 τοῦτό
784 4554 901 4606 ἔστι
934 4554 994 4605 τὸ
1041 4556 1154 4617 τοίς
1195 4553 1428 4607 δοθεῖσιν
1485 4553 1580 4607 ἐπὶ
1618 4553 1783 4626 θερα-
1816 4592 1859 4648 D

202 4642 334 4713 πείᾳ
380 4643 473 4695 τοῦ
508 4646 737 4715 λῃσταῖς
808 4645 1201 4714 περιπεσόντος
1241 4645 1362 4701 δυσὶ
1410 4644 1685 4718 δηναρίοις
1728 4648 1786 4699 ὲν

201 4733 279 4805 τῷ
315 4735 621 4807 πανδοκείῳ
674 4736 826 4806 παρὰ
884 4736 979 4788 τοῦ
1035 4736 1243 4807 Κυρίου
1272 4735 1351 4807 τῷ
1404 4735 1787 4806 ἐπιμελεῖσθαι

201 4827 550 4899 κελευομένῳ
597 4827 1152 4899 προσδαπανώμενον,
1181 4828 1329 4901 ιδπερ
1381 4830 1476 4882 καὶ
1507 4828 1694 4901 (158
1729 4834 1785 4900 a)

203 4918 505 4987 φιλοτίμως
535 4917 1010 4990 ἐπανερχόμενοςό
1044 4918 1248 4991 Κύριος
1274 4918 1468 4977 δώσειν
1496 4920 1781 4991 ὑπέσχετο,

200 5014 234 5081 ἡ
294 5011 384 5064 διὰ
432 5011 667 5075 πίστεως
712 5012 973 5083 γινομένη
1029 5012 1299 5082 παντελής
1354 5012 1468 5063 τῶν
1513 5011 1683 5065 ὄντων
1727 5014 1784 5065 ὲν

200 5106 313 5168 τοῖς
346 5104 576 5162 τελείοις
622 5104 913 5177 ἀφαίρεσις
953 5106 1109 5175 (φησί
1138 5105 1246 5175 γάρ
1275 5106 1302 5158 ό
1333 5104 1537 5176 Κύριος
1571 5105 1784 5172 Ὅστις

201 5194 750 5252 οὺιὰποτάσσεται
798 5191 951 5250 πᾶσι
994 5193 1119 5260 τοῖς
1164 5193 1546 5262 ὑπάρχουσιν
1572 5191 1781 5257 αὐτοῦ,

204 5286 271 5337 οὐ
299 5285 555 5339 δύναταί
596 5304 715 5357 μου
764 5282 919 5341 εἶναι
964 5285 1282 5357 μαθητὴς),
1334 5284 1456 5339 καθ’
1497 5286 1564 5356 ἦν
1623 5284 1785 5338 πάνθ’

203 5376 399 5430 ἑαυτοῦ
462 5378 495 5452 ἢ
567 5378 760 5433 ἑαυτὸν
816 5380 1032 5434 πάντων
1114 5377 1516 5451 ἀφαιρούμενος
1605 5378 1778 5431 εἰπεῖν

198 5469 552 5542 οἰκειότερον,
613 5472 643 5524 ό
691 5473 790 5544 τῆς
858 5471 1049 5541 σοφίας
1116 5471 1310 5527 ἑαυτὸν
1360 5466 1621 5543 ’ἐραστὴν
1683 5486 1782 5522 κα-

272 5596 300 5625 ι
328 5584 567 5655 Philipp.
608 5601 685 5653 tv,
723 5586 777 5641 7.
857 5584 1044 5642 1⁵Ιιιιο.
1080 5600 1151 5652 χι,
1185 5585 1273 5640 50.
1354 5595 1376 5624 π
1409 5585 1544 5640 Luc.
1574 5599 1648 5649 χι,
1681 5582 1771 5639 55.

1901 2080 2306 2137 cumscribitur
2338 2080 2485 2135 enim
2523 2080 2969 2153 intelligibilibus
3003 2098 3067 2137 ac
3100 2082 3480 2148 sensibilibus,

1899 2172 2107 2243 quippe
2144 2174 2326 2228 anima
2361 2183 2446 2229 est
2480 2182 2536 2229 et
2570 2190 2795 2247 corpus,
2826 2183 2882 2229 et
2917 2175 3328 2231 circumscribit
3364 2175 3482 2232 haec

1900 2260 1969 2318 de
2004 2270 2298 2332 potestate,
2327 2263 2533 2334 quippe
2566 2262 2885 2335 intelligens
2918 2273 2974 2318 et
3004 2264 3251 2320 sentiens
3285 2281 3300 2319 :
3337 2265 3482 2321 Deus

1898 2371 2033 2411 vero
2077 2356 2405 2428 simpliciter
2450 2365 2507 2413 et
2546 2357 2763 2412 infinite
2807 2373 2976 2429 super
3016 2374 3237 2414 omnem
3288 2376 3477 2415 rerum

1897 2456 2155 2503 naturam
2189 2458 2303 2512 est,
2337 2458 2449 2505 tam
2484 2464 2653 2522 super
2681 2466 2747 2505 ea
2782 2465 2904 2521 quze
2937 2449 3285 2512 circumdant
3312 2467 3477 2522 quam

1896 2554 2018 2609 qua:
2058 2540 2479 2597 circumdantur
2512 2550 2792 2614 superque
2830 2552 3087 2600 naturam
3126 2559 3319 2599 eorum
3357 2544 3478 2599 sine

1896 2632 2103 2701 quibus
2133 2633 2251 2688 hare
2280 2650 2393 2688 non
2425 2644 2573 2699 sunt,
2611 2635 2877 2705 temporis
2907 2635 3033 2690 dico
3067 2644 3122 2690 et
3152 2635 3478 2691 aeternitatis

1896 2732 1952 2776 et
1987 2721 2118 2785 loci,
2148 2722 2353 2791 quibus
2395 2724 2729 2778 universitas
2768 2724 3247 2785 circumcluditur.
3281 2734 3476 2795 utpote

1896 2815 2046 2869 omni
2076 2815 2145 2869 ad
2172 2815 2474 2884 quidquam
2502 2816 2771 2871 relatione
2794 2816 3043 2897 carens);
3064 2834 3196 2890 ergo
3217 2820 3312 2887 qui
3345 2835 3476 2889 pru-

1896 2907 2093 2963 denter
2129 2908 2387 2978 cognovit
2431 2909 2713 2977 quomodo
2767 2910 2938 2963 Deum
2986 2925 3171 2964 amare
3223 2910 3472 2975 deberet,

1895 3000 1989 3071 qui
2031 2999 2300 3055 rationem
2335 3009 2393 3055 et
2424 3000 2800 3071 cognitionem
2835 3009 3060 3070 superat
3092 3009 3146 3055 et
3179 3003 3471 3070 qualicun-

1896 3106 2001 3160 que
2039 3089 2266 3145 omnino
2299 3090 2451 3144 omni
2488 3090 2755 3145 relatione
2788 3098 2845 3145 et
2874 3099 3071 3145 natura
3106 3091 3250 3146 liber
3278 3102 3394 3156 est,
3424 3093 3473 3151 is

1894 3184 2078 3237 omnia
2113 3182 2397 3237 sensibilia
2432 3192 2598 3251 atque
2632 3182 3002 3253 intelligibilia
3037 3191 3093 3237 et
3124 3199 3287 3238 omne
3329 3192 3470 3239 tem-

1892 3290 1997 3345 pus
2029 3284 2084 3329 et
2115 3274 2483 3331 aeternitatem
2516 3281 2573 3328 et
2606 3273 2788 3329 locum
2825 3274 2944 3328 sine
2978 3274 3245 3329 relatione
3287 3283 3469 3335 trans-

1891 3369 2197 3439 gredictur,
2231 3376 2287 3423 et
2327 3367 2477 3421 omni
2517 3367 2740 3422 demum
2784 3383 2849 3422 ac
2891 3377 3001 3422 tota
3044 3380 3100 3423 et
3137 3369 3378 3423 sensuali
3414 3378 3470 3424 et

1891 3461 2147 3516 rationali
2190 3470 2248 3515 et
2284 3460 2648 3515 intellectuali
2686 3460 2904 3514 actione
2949 3460 3110 3529 plane
3154 3460 3471 3519 denudatus

1890 3553 2247 3608 inelfabiliter
2280 3562 2336 3608 et
2369 3552 3012 3622 incomprehensibiliter
3046 3551 3315 3618 divinam,
3345 3567 3470 3623 qua

1893 3644 2125 3699 verbum
2158 3653 2216 3699 et
2248 3643 2591 3698 intellectum
2626 3652 2923 3713 superata,
2956 3642 3294 3712 voluptatem
3331 3659 3468 3697 con-

1895 3744 2179 3811 sequetur,
2215 3736 2429 3791 ratione
2470 3745 2528 3791 et
2564 3734 2730 3788 modo
2775 3749 2939 3803 quem
2987 3743 3197 3789 norunt
3237 3735 3331 3804 qui
3374 3735 3470 3791 dat

1894 3828 2163 3899 ejusmodi
2197 3828 2427 3899 gratiam
2458 3827 2605 3881 Deus
2636 3834 2692 3881 et
2726 3824 2803 3880 illi
2833 3824 2927 3895 qui
2966 3840 3086 3879 eam
3120 3840 3151 3879 a
3185 3825 3296 3879 Deo
3326 3827 3470 3880 acci.

1893 3936 2021 3991 pere
2066 3929 2419 3985 meruerunt,
2451 3933 2553 3973 nec
2598 3916 2856 3971 naturale
2899 3915 3035 3984 quid
3082 3914 3323 3985 amplius
3364 3930 3469 3971 neo

1893 4012 2163 4085 scriptum
2211 4027 2400 4067 secum
2448 4010 2664 4074 ferens,
2698 4016 2989 4079 postquam
3040 4007 3301 4062 universa
3346 4022 3470 4075 quas

1892 4104 2001 4158 dici
2030 4105 2082 4158 ei
2108 4113 2205 4159 aut
2226 4102 2482 4173 cognosci
2512 4108 2837 4173 potuerunt,
2861 4107 3123 4170 superata
3151 4107 3281 4153 sunt
3303 4107 3470 4168 atque

1892 4196 2115 4251 silentio
2144 4195 2450 4265 obsignata.

1893 4369 2278 4441 Contemplatio
2306 4371 2362 4424 in
2394 4366 2673 4439 Evangelii
2702 4367 2898 4421 dictum
2928 4364 2992 4418 de
3020 4380 3079 4419 eo
3106 4366 3195 4436 qui
3223 4364 3277 4419 in
3305 4364 3468 4420 ἰαινο-

2486 4478 2576 4513 nes
2606 4460 2785 4514 incidit
2807 4457 2855 4513 δ.

1960 4554 2038 4608 Ac
2077 4553 2311 4607 fortasse
2347 4552 2453 4605 hoc
2491 4551 2637 4620 quod
2682 4551 2826 4605 datis
2866 4550 2921 4604 in
2964 4550 3305 4605 curationem
3346 4549 3468 4619 ejus

1890 4647 1985 4717 qui
2015 4646 2071 4700 in
2104 4646 2349 4699 latrones
2379 4642 2652 4701 inciderat
2678 4642 2897 4695 duobus
2928 4641 3170 4699 denariis
3199 4642 3253 4693 in
3283 4640 3467 4694 diver-

1888 4737 2039 4794 sorio
2081 4752 2111 4791 a
2153 4735 2387 4790 Domino
2421 4736 2472 4790 ei
2509 4733 2599 4787 cui
2636 4748 2768 4787 cura
2801 4733 3042 4786 hominis
3077 4730 3468 4802 injungebatur

1890 4829 2199 4899 impensum
2232 4834 2338 4891 est,
2370 4824 2518 4895 quod
2551 4822 2715 4880 etiam
2750 4839 2809 4877 se
2845 4822 3105 4877 daturum
3137 4835 3259 4875 esse
3291 4820 3347 4874 in
3380 4836 3467 4874 re-

1889 4921 2007 4980 ditu
2042 4920 2309 4975 Dominus
2343 4918 2649 4973 liberaliter
2676 4916 2957 4987 pollicitus
2990 4924 3095 4979 est,
3122 4928 3307 4967 rerum
3342 4926 3466 4983 qua:

1888 5022 2019 5071 sunt
2054 5013 2308 5067 absoluta
2343 5026 2441 5080 per
2472 5009 2634 5063 [idem
2670 5008 2726 5061 in
2759 5006 3020 5077 perfectis
3060 5002 3338 5059 abdicatio
3378 5009 3465 5058 est

1889 5108 1988 5177 (ait
2030 5104 2179 5161 enim
2220 5104 2489 5157 Dominus
2537 5118 2550 5154 :
2598 5097 2699 5165 Qui
2743 5113 2845 5150 non
2894 5095 3164 5148 renuntiat
3204 5094 3464 5146 universae

1885 5214 1996 5253 sua:
2031 5194 2370 5268 possessioni,
2404 5210 2508 5247 non
2543 5197 2710 5261 potest
2741 5205 2850 5242 esse
2883 5203 3026 5241 meus
3062 5182 3345 5255 discipulus
3370 5184 3462 5255 ο),

1888 5286 2192 5344 secundum
2227 5299 2390 5353 quam
2424 5281 2608 5336 omnia
2642 5294 2762 5334 sese
2797 5285 2921 5342 aut,
2949 5276 3094 5346 quod
3128 5273 3316 5330 dicere
3348 5289 3463 5328 ma-

1886 5380 1971 5451 gis
2001 5380 2285 5439 usitatum,
2311 5390 2431 5429 sese
2464 5372 2723 5427 omnibus
2754 5370 3016 5425 nudando
3048 5368 3143 5439 qui
3177 5365 3461 5438 sapientia:

1888 5469 2062 5524 amori
2093 5485 2151 5524 se
2180 5467 2391 5523 dedidit
2421 5481 2547 5521 cum
2581 5464 2699 5522 solo
2727 5463 2841 5521 Deo
2872 5460 3191 5519 conversari
3224 5455 3460 5514 merebi-

1484 5675 1736 5733 ,ΥΑΒΙίΕ
1796 5670 2202 5732 LECTIONES.

262 5748 317 5787 ⁸³³
351 5750 433 5817 εἰς
460 5749 624 5804 τόπον
658 5749 780 5807 cod.
809 5748 954 5807 Gud.
