4014 6284
588 257 726 324 1155

583 378 676 424 tur
708 375 767 425 et
799 364 1048 438 adoptivi
1081 362 1184 420 ﬁlii
1216 361 1546 435 dignitatem
1577 361 1876 432 Evangelio
1910 361 2176 432 praedica-

584 470 695 517 tam
729 459 1000 531 accipiet,
1025 457 1095 514 ad
1127 456 1411 526 exemplar
1439 466 1760 512 sanctorum
1791 464 1850 510 et
1877 454 2166 510 beatorum

581 551 988 623 apostolorum,
1007 549 1104 620 qni
1127 564 1249 619 quae
1271 546 1636 619 possidebant
1656 545 1919 602 omnibus
1940 545 2168 601 omnino

583 658 707 699 sese
736 641 1047 715 spoliarunt
1071 640 1286 712 solique
1311 640 1474 712 plane
1499 639 1613 694 Deo
1637 646 1697 693 et
1716 637 1899 694 Verbo
1922 636 2170 692 adhaese-

583 749 736 803 runt,
769 737 1022 792 dicentes
1056 751 1071 788 :
1104 733 1239 789 Ecce
1271 733 1453 788 omnia
1487 731 1774 803 abjecimus
1806 738 1957 802 teque
1983 745 2167 783 sumus

581 830 746 884 secuti
764 827 816 894 ἀ,
838 835 1050 882 naturae
1071 839 1294 896 quoque
1314 823 1637 880 Creatorem
1661 837 1726 876 ac
1747 819 1997 876 datorem
2022 821 2170 892 lega-

582 920 656 976 lis
686 918 900 986 auxilii,
931 932 1231 989 quemque,
1260 915 1556 971 Dominum
1586 912 1874 979 videlicet,
1906 920 2168 984 tanquam

583 1009 839 1065 veritatis
875 1009 1060 1065 lucem
1095 1007 1322 1064 unicum
1355 1005 1644 1062 consecuti
1677 1005 1801 1060 loco
1831 1005 1972 1076 legis
2000 1013 2168 1076 atque

581 1110 798 1158 natura
829 1101 1078 1156 omnium
1113 1099 1315 1154 merito
1347 1112 1470 1168 qua:
1501 1105 1629 1168 post
1658 1097 1832 1153 Deum
1868 1107 2171 1154 censentur

581 1200 792 1249 certam
830 1191 1203 1263 cognitionem
1241 1195 1600 1259 acceperunt.
1634 1186 1813 1243 Simul
1850 1188 2001 1244 enim
2041 1203 2167 1244 cum

581 1298 653 1340 eo
679 1291 906 1355 apparet
930 1281 1153 1353 proprie
1184 1280 1433 1352 cognitio
1460 1295 1656 1336 eorum
1681 1295 1805 1351 quae
1831 1279 1903 1334 ab
1931 1295 1999 1335 eo
2024 1279 2169 1335 facta

581 1386 737 1434 sunt.
760 1374 1241 1444 Quemadmodum
1270 1373 1421 1429 enim
1450 1372 1619 1428 simul
1651 1387 1778 1427 cum
1811 1372 1928 1426 sole
1954 1370 2170 1426 oriente

584 1471 844 1525 universa
886 1468 1035 1524 clare
1079 1481 1315 1538 corpora
1361 1473 1660 1536 apparent,
1693 1463 1770 1518 ita
1809 1463 1976 1520 etiam
2022 1463 2171 1518 Deus

581 1560 979 1617 intellectualis
1003 1558 1238 1632 iustitia:
1270 1557 1389 1623 Sol,
1417 1557 1510 1612 ubi
1541 1556 1785 1628 primum
1811 1556 1985 1611 menti
2011 1562 2171 1610 ortus

581 1664 698 1721 est,
733 1659 903 1724 prout
941 1651 1064 1723 capi
1104 1667 1136 1706 a
1178 1649 1499 1707 conditione
1537 1648 1656 1720 ipse
1696 1648 1884 1714 novit,
1918 1649 2168 1704 omnium

584 1761 692 1801 una
737 1760 928 1800 secum
959 1752 1017 1800 et
1049 1741 1520 1798 intellectualium
1551 1748 1608 1797 et
1636 1740 1978 1796 sensualium
2010 1755 2170 1796 veras

584 1839 828 1895 rationes
864 1838 983 1893 vult
1023 1852 1310 1908 apparere.
1345 1834 1503 1903 Quod
1543 1835 1818 1906 signiﬁcat
1855 1828 2074 1890 Domini
2112 1833 2170 1890 in

584 1936 776 1985 monte
808 1925 1186 1999 transﬂgurati
1213 1925 1454 1982 vestium
1488 1940 1611 1996 quae
1640 1924 1802 1981 faciei
1831 1925 1953 1996 ejus
1984 1926 2172 1997 splen-

585 2020 720 2076 dore
752 2019 1014 2076 lucebant
1043 2020 1340 2092 conjuncta
1371 2017 1649 2085 ostensio,
1684 2033 1810 2074 cum
1844 2018 1945 2074 Dei
1975 2033 2190 2074 eorum.

582 2111 751 2168 etiam
793 2126 916 2182 qua:
952 2117 1078 2182 post
1112 2123 1239 2164 eum
1280 2115 1432 2175 sunt,
1461 2116 1524 2164 ut
1556 2114 1714 2180 puto,
1740 2116 1798 2164 et
1825 2109 1974 2165 circa
2015 2123 2170 2174 eum,

582 2202 957 2275 cognitionem
982 2199 1311 2256 concilians.
1337 2199 1528 2271 Neque
1554 2199 1708 2255 enim
1738 2199 1858 2255 sine
1884 2200 2009 2256 luce
2038 2216 2172 2256 ocu-

582 2296 673 2351 lus
701 2293 999 2359 sensualia,
1023 2307 1203 2362 neque
1229 2307 1386 2347 mens
1411 2291 1530 2346 sine
1554 2290 1874 2362 cognitione
1896 2292 2017 2358 Dei,
2036 2308 2172 2349 con-

586 2386 999 2457 templationem
1032 2383 1382 2454 spiritualem
1411 2397 1610 2454 capere
1640 2390 1844 2454 potest.
1870 2384 1989 2440 Illic
2018 2384 2169 2441 enim

583 2479 729 2535 visui
773 2478 868 2533 lux
907 2475 1215 2532 visibilium
1260 2475 1679 2546 perceptionem
1723 2477 1968 2548 praebet,
2003 2487 2169 2550 atque

585 2566 678 2622 hic
705 2564 878 2622 menti
908 2564 1367 2620 intellectualium
1400 2565 1773 2638 cognitionem
1808 2568 1903 2624 Dei
1935 2569 2169 2626 scientia

585 2659 776 2716 donat.

1744 251 1808 313 S.
1847 251 2136 313 ΜΑΧΙΜΙ
2174 251 2686 314 CONFESSORIS

2202 366 2248 424 Α
2275 362 2554 434 ταστήσας
2631 362 2780 434 μόνῳ
2832 359 2954 432 Θεῷ
3018 363 3258 417 συνεῖναι
3327 362 3686 434 καταξιοῦται,
3732 372 3813 441 τὴν

2270 455 2649 525 εύαγγελικῶς
2720 453 3136 526 ύποδειχθεῖσαν
3204 455 3486 513 υἱοθεσίαν
3530 458 3806 530 δεξάμενος,

2269 547 2416 602 κατὰ
2435 547 2563 612 τοὺς
2591 546 2784 617 ἁγίους
2825 547 2921 601 καὶ
2969 547 3280 619 μακαρίους
3328 549 3674 617 ἀποστόλους,
3702 553 3745 607 οἰ
3768 557 3814 608 τὸ

2269 641 2383 694 πᾶν
2416 639 2631 694 ἑαυτῶν
2683 637 3006 712 ὁλοσχερῶς.
3035 639 3422 711 περιελόμενοι
3477 641 3571 696 καὶ
3617 643 3744 716 μόνῳ
3761 647 3813 700 δι’

2269 732 2394 786 ὅλου
2421 731 2499 804 τῷ
2525 729 2648 802 Θεῷ
2696 731 2792 785 καί
2830 730 2991 802 Λόγῳ
3029 730 3405 803 προσφύντες,
3447 733 3600 788 Ἰδοὺ
3637 735 3816 804 πάντα,

2268 825 2500 897 ἔφασαν,
2545 823 2869 896 ἀφήκαμεν
2914 824 3016 879 καί
3057 823 3571 896 ἠκολουθήσαμέν
3616 841 3724 893 σοι,
3755 830 3816 899 τῷ

2269 918 2367 975 καὶ
2393 916 2496 989 τῆς
2521 917 2742 989 φύσεως
2769 917 2977 988 Ποιητῇ
3003 916 3101 971 καὶ
3141 917 3335 990 δοτῆρι
3380 915 3486 988 τῆς
3512 917 3645 971 κατὰ
3686 922 3818 989 νόμον

2271 1009 2544 1083 βοηθείας,
2589 1007 2688 1064 καὶ
2712 1007 2794 1076 δν,
2823 1007 3032 1080 Κύριον
3071 1007 3338 1081 δηλονότι,
3375 1005 3564 1078 ὥσπερ
3606 1007 3819 1080 ἀληθείας

2237 1163 2242 1167 ,
2270 1103 2389 1172 φῶς
2421 1102 2737 1174 μονὼτατον
2764 1101 3104 1172 κτησάμενοι
3149 1101 3274 1156 ἀντὶ
3319 1101 3492 1169 νόμου
3523 1100 3615 1155 κα).
3645 1101 3818 1170 φύσεως

2269 1193 2492 1248 πάντων
2547 1192 2778 1257 εἰκότως
2837 1191 2949 1246 τῶν
3015 1190 3158 1265 μετὰ
3214 1189 3357 1244 Θεδν
3413 1191 3695 1245 ἄπταιστον
3739 1193 3818 1261 τὴν

2268 1283 2472 1353 γνῶσιν
2488 1283 2820 1356 παρέλαϐον.
2841 1283 3000 1354 Δύτῷ
3021 1282 3131 1355 7&9
3158 1283 3382 1354 πέφυκε
3417 1282 3816 1350 συνεκφαίνεσθαι

2269 1377 2480 1449 κυρίως
2506 1378 2540 1445 ἠ
2583 1376 2695 1430 τῶν
2737 1376 2830 1430 ὑπ’
2864 1375 3032 1430 αὑτοῦ
3074 1375 3473 1447 γεγενημένων
3511 1373 3714 1444 γνῶσις.
3750 1374 3816 1439 Ὠς

2269 1468 2381 1542 7&9
2419 1467 2500 1540 τῷ
2535 1467 2779 1539 αἰσθητῷ
2811 1467 2948 1540 ἡλίῳ
2987 1465 3337 1520 ἀνατέλλοντι
3389 1465 3568 1520 πάντα
3607 1464 3816 1536 καθαμῇ

2273 1557 2726 1628 συνεκφαίνονται
2757 1558 2827 1613 τά
2873 1555 3125 1630 σώματα,
3153 1555 3303 1611 οὕτω
3345 1556 3446 1611 καὶ
3471 1555 3600 1619 Θεὸς
3619 1557 3646 1610 ὁ
3669 1551 3815 1626 venti;

2269 1651 2370 1722 τῆς
2427 1647 2778 1721 δικαιοσύνης
2824 1648 2977 1720 ἥλιος
3029 1649 3346 1706 ἀνατέλλων
3399 1648 3482 1719 τῷ
3539 1647 3632 1718 νῷ,
3671 1647 3815 1708 καθὼς

2202 1718 2252 1806 Β,
2272 1718 2570 1814 χωρεϊσθαι
2621 1718 2742 1796 ὑπὸ*
2772 1718 2874 1814 τῆς
2933 1740 3169 1806 κτίσεως
3217 1735 3370 1795 οἰδεν
3417 1718 3598 1804 αύτδς,
3644 1737 3814 1793 πάντων

2272 1835 2456 1907 ἑαυτῷ
2482 1835 2692 1906 νοητῶν
2729 1849 2791 1888 τε
2845 1833 2940 1888 καὶ
2978 1832 3261 1904 αἰσθητῶν
3311 1833 3450 1896 τοὺς
3494 1829 3696 1903 ἀληθεῖς
3721 1828 3812 1899 pui-

2271 1926 2424 1983 λεται
2453 1924 2948 1997 συνεκφανίζεσθαι
2997 1923 3212 1994 λόγους.
3259 1924 3380 1978 Καὶ
3407 1922 3559 1994 δηλοῖ
3586 1919 3721 1976 τοῦτο
3741 1919 3812 1989 τῆς

2271 2021 2367 2075 ἐπὶ
2425 2021 2522 2076 τοῦ
2587 2020 2750 2090 θρους
2823 2016 3311 2091 μεταμορφώσεως
3386 2015 3484 2070 τοῦ
3549 2013 3729 2086 Κυρίου
3784 2015 3810 2082 ἡ

2270 2112 2504 2186 λαμπρὰ
2553 2111 2668 2167 τῶν
2715 2113 3048 2185 ἐσθημάτων
3105 2111 3184 2184 τῷ
3236 2106 3386 2182 φωτὶ
3439 2107 3536 2163 τοῦ
3576 2105 3812 2179 προσώπου

2271 2205 2440 2261 αὐτοῦ
2467 2205 2738 2279 γενομένη
2789 2205 3143 2273 συνένδειξις,
3173 2205 3254 2277 τῷ
3277 2203 3406 2275 Θεῷ
3447 2203 3546 2274 τὴν
3585 2202 3682 2255 τῶν
3723 2202 3810 2271 μετ’

2271 2297 2457 2364 αύτδν,
2483 2298 2560 2363 ὡς
2591 2294 2771 2370 οἶμαι,
2802 2298 2899 2354 καί
2925 2299 3058 2371 περί
3095 2298 3262 2352 αὐτὸν
3303 2297 3614 2366 συνάγουσα
3636 2293 3810 2363 γνῶσιν.

2271 2391 2412 2448 Οῦτε
2450 2391 2561 2464 7&9
2590 2391 2714 2464 δίχα
2749 2391 2930 2460 φωτὸς
2957 2391 3068 2445 τῶν
3093 2391 3378 2461 αἰσθητῶν
3414 2388 3674 2459 ὀφθαλμὸς
3693 2387 3808 2441 άνιι-

2269 2484 2654 2559 λαμσάνεσθαι
2697 2484 2889 2557 (158
2936 2484 2987 2553 ὁ)
3039 2485 3301 2549 δύναται,
3362 2483 3490 2538 οὔτε
3534 2478 3648 2543 νοῦς
3667 2479 3809 2549 Excipi;

2268 2579 2527 2649 γνώσεως
2547 2578 2684 2632 Θεοῦ
2723 2577 2958 2649 θεωρίαν
2991 2577 3248 2642 δέξασθαι
3287 2573 3676 2648 πνευματικήν.
3699 2569 3809 2623 Ἐκεῖ

2267 2689 2330 2726 τε
2358 2671 2468 2744 7&9
2515 2673 2583 2744 τῇ
2625 2669 2748 2740 όψει
2774 2669 2838 2724 τὸ
2872 2668 2989 2740 φῶς
3031 2668 3142 2724 τῶν
3183 2669 3400 2740 ὁρατῶν
3443 2667 3539 2740 τὴν
3583 2661 3808 2732 ἀντίληψιν

2267 2763 2478 2830 δίδωσι,
2503 2763 2599 2818 καὶ
2630 2761 2868 2816 ἐνταῦθα
2897 2761 2977 2833 τῷ
3008 2760 3086 2832 νῷ
3129 2762 3231 2833 τὴν
3263 2761 3473 2833 γνῶσιν
3503 2759 3605 2814 τῶν
3652 2752 3806 2826 νοητῶν

2271 2857 2309 2928 ἡ
2343 2855 2440 2910 τοῦ
2473 2855 2611 2910 Θεοῦ
2643 2856 2930 2927 ἐπιστήμη
2958 2854 3271 2929 χαρίζεται.

583 3050 967 3125 Contemplatio
994 3053 1136 3109 modi
1164 3071 1267 3126 quo
1291 3054 1483 3111 Adami
1514 3060 1865 3129 transgressio
1895 3061 2040 3131 facta
2071 3065 2162 3120 sit.

2274 3061 2496 3132 Θεωρία
2521 3058 2629 3116 τοῦ
2671 3058 2898 3128 τρόπου
2948 3058 3077 3115 καθ’
3125 3059 3201 3114 ὃν
3224 3059 3442 3132 γέγονε
3477 3057 3581 3114 τοῦ
3617 3056 3754 3126 Ἀδάμ
3782 3055 3807 3120 ,ι

652 3255 925 3311 Nimirum
958 3257 1015 3312 in
1047 3255 1290 3313 divinam
1323 3258 1468 3314 hanc
1497 3259 1680 3315 lucem
1714 3262 1938 3317 oculum
1969 3264 2170 3321 animae

581 3349 754 3406 Adam
790 3365 1030 3421 proavus
1062 3366 1172 3406 non
1206 3351 1383 3423 figens
1415 3368 1548 3409 sane
1583 3353 1641 3408 in
1674 3355 1900 3411 modum
1942 3359 2072 3413 e-eci
2114 3359 2169 3414 in

584 3437 910 3510 ignorantiae
970 3441 1218 3497 tenebris
1274 3443 1542 3500 ambabus
1607 3446 1862 3503 manibus
1925 3450 2172 3506 materiae

582 3540 1008 3604 purgamentum
1044 3543 1243 3605 sponte
1291 3544 1646 3593 contrectans
1682 3538 1785 3593 soli
1823 3540 2010 3596 sensui
2050 3557 2171 3598 sese

583 3628 763 3678 totum
794 3623 1086 3681 inclinavit
1110 3635 1168 3682 et
1195 3626 1446 3692 tradidit,
1473 3644 1573 3700 per
1597 3646 1762 3700 quem
1793 3633 2169 3691 acerbissima:

571 3712 777 3799 bestiae
803 3730 1020 3771 veneno
1047 3716 1199 3772 letali
1234 3725 1484 3788 recepto,
1518 3735 1624 3775 nec
1657 3722 1854 3792 ipsius,
1887 3732 1946 3778 ut
1973 3725 2169 3792 voluit,

583 3820 782 3862 sensus
821 3807 1060 3864 fructum
1101 3809 1326 3875 habuit,
1357 3811 1489 3865 dum
1530 3823 1686 3868 extra
1730 3815 1936 3883 Deum,
1968 3826 2025 3872 et
2060 3833 2172 3887 pra:

583 3897 721 3968 Deo,
740 3907 798 3954 et
820 3915 932 3955 non
959 3901 1264 3955 secundum
1290 3901 1484 3966 Deum,
1505 3904 1658 3973 quod
1688 3905 1807 3960 lieri
1832 3921 1942 3960 non
1967 3907 2170 3977 potuit,

583 3990 681 4045 Dei
718 3991 886 4047 rebus
919 3992 1112 4048 illicite
1149 3995 1316 4064 potiri
1355 3995 1562 4052 studet.
1592 3997 1728 4052 Nam
1763 4016 1889 4055 cum
1922 4016 2170 4068 sensum,

583 4081 680 4152 qui
733 4091 1050 4153 serpentem
1105 4086 1279 4156 magis
1329 4101 1494 4156 quam
1547 4088 1721 4143 Deum
1773 4091 1828 4144 in
1875 4093 2172 4149 consilium

583 4174 824 4242 vocavit,
850 4175 1173 4245 recepisset,
1208 4192 1273 4233 ac
1307 4177 1376 4234 de
1410 4179 1586 4234 vetito
1619 4181 1789 4253 ligno,
1817 4185 1975 4255 cujus
2005 4187 2173 4242 etiam

587 4264 828 4320 fructum
856 4268 1205 4324 mortiferum
1230 4287 1352 4327 esse
1382 4271 1676 4339 didicerat,
1702 4274 2104 4347 degustavisset
2125 4290 2170 4346 ο,

584 4356 823 4412 similem
858 4357 1067 4414 fructui
1103 4361 1271 4416 vitam
1312 4365 1727 4432 transmulavit,
1758 4376 1814 4423 et
1845 4369 2026 4424 vivam
2063 4369 2172 4425 sibi

584 4459 820 4504 mortem
852 4451 906 4505 in
927 4467 1092 4508 omne
1119 4456 1411 4524 prmsentis
1434 4457 1536 4511 aevi
1567 4465 1784 4530 tempus
1807 4460 2012 4517 ell‘ecit.
2036 4463 2171 4518 Nam

584 4541 631 4596 si
665 4540 924 4599 interitus
952 4546 1222 4616 genitura:
1252 4564 1402 4604 mors
1429 4559 1536 4614 est,
1563 4549 1781 4621 semper
1806 4563 1991 4609 autem
2021 4557 2174 4612 cibo-

584 4650 708 4689 rum
745 4635 1026 4694 amuentia
1073 4639 1373 4696 conﬂatum
1417 4645 1750 4701 naturaliter
1788 4650 2170 4719 corrumpitur

581 4745 786 4802 corpus
831 4731 980 4788 ﬂuxu
1031 4747 1374 4803 evaporans,
1418 4752 1641 4807 semper
1687 4738 1856 4809 igitur
1898 4756 2000 4810 per
2048 4757 2171 4811 quae

581 4823 750 4879 vitam
782 4840 904 4881 esse
941 4826 1468 4899 conliditvigentem
1503 4830 1610 4885 sibi
1644 4841 1700 4886 et
1732 4831 1896 4888 nobis
1931 4843 2169 4890 mortem

582 4915 824 4972 Adamus
879 4920 1247 4975 conservavit.
1301 4920 1460 4987 Quod
1513 4921 1561 4977 si
1614 4923 1780 4978 modo
1828 4925 1944 4982 Deo
1993 4929 2168 4999 magis

582 5020 748 5076 quam
808 5008 1199 5064 contubernali
1263 5010 1659 5081 obtemperans
1719 5013 1869 5085 ligno
1925 5015 2052 5072 vita:
2108 5033 2170 5075 se

581 5095 840 5164 aluisset,
874 5098 1347 5157 immortalitatem
1391 5104 1499 5159 sibi
1542 5105 1794 5177 largitam
1840 5123 1951 5163 non
1992 5109 2168 5182 depo-

583 5187 806 5255 suisset,
831 5192 958 5247 vitae
993 5196 1496 5253 communicatione
1530 5214 1749 5270 semper
1784 5203 2166 5270 nutriendam,

583 5279 860 5351 siquidem
885 5288 1067 5342 omnis
1092 5289 1203 5344 vita
1234 5292 1461 5362 proprio
1493 5301 1550 5348 et
1585 5293 1790 5349 idoneo
1826 5297 2169 5355 nutrimento

582 5385 970 5432 conservatur.
995 5379 1405 5439 Nutrimentum
1442 5395 1627 5441 autem
1658 5387 1833 5445 beatae
1865 5391 2016 5448 illius
2040 5394 2170 5451 vita:

653 5511 680 5551 ά
708 5512 901 5570 Matth.
934 5531 1043 5583 xix,
1071 5517 1161 5572 27.
1243 5529 1266 5558 ο
1299 5518 1437 5575 Gen.
1468 5537 1546 5587 ιιι,
1583 5521 1636 5588 l,
1675 5523 1902 5593 passim.

2879 3155 3242 3227 παράϐασις.

2353 3271 2572 3346 Ἀμέλει
2622 3268 2798 3342 τούτῳ
2849 3271 2927 3342 μὴ
2988 3271 3284 3342 ἐπερείσας
3321 3269 3402 3342 τῷ
3451 3267 3566 3339 Θεῷ
3596 3265 3715 3336 φωτί
3739 3259 3808 3316 τὸν

2270 3365 2374 3436 τῆς
2422 3364 2604 3436 ψυχῆς
2654 3361 2936 3434 ὀφθαλμὸν
2988 3363 3018 3416 ό
3069 3363 3374 3435 προπάτωρ
3447 3361 3610 3432 Ἀδὰμ
3647 3355 3805 3426 τυφλοῦ

2271 3457 2429 3528 δίκην
2483 3454 2710 3519 εἰκότως
2765 3455 2826 3507 ἐν
2879 3453 3066 3508 σκότει
3115 3453 3216 3524 τῆς
3265 3452 3544 3523 ἀγνωσίας
3576 3451 3717 3521 ἄμφω
3750 3443 3806 3499 τὼ

2272 3551 2425 3619 χεῖρε
2447 3546 2538 3600 τὸν
2565 3546 2665 3616 τῆς
2697 3544 2834 3616 ὕλης
2880 3544 3114 3616 φορυτδν
3139 3545 3412 3610 ἑκουσίως
3438 3544 3676 3613 ἀφάσσων
3701 3539 3802 3610 μόνῃ

2271 3641 2523 3713 αἰσθήσει
2553 3639 2744 3693 ἑαυτὸν
2767 3638 2889 3692 ὅλον
2924 3637 3209 3719 ἐπικλίνας
3243 3637 3531 3700 ἐκδέδωκε,
3575 3634 3637 3688 δι’
3660 3629 3715 3705 ἧς
3735 3629 3804 3683 τοῦ

2273 3723 2823 3806 πικροτάτουθηρὺς
2876 3730 2970 3784 τὸν
3006 3726 3310 3802 φθαρτικὸν
3366 3731 3444 3784 ἰὸν
3489 3726 3802 3795 εἰσδεξάμενος

2271 3826 2380 3880 οὐδ’
2411 3825 2606 3896 αὐτῆς,
2642 3823 2719 3889 ῶς
2755 3819 3058 3896 ⁴ἡδουλήθη,
3085 3823 3374 3896 άπήλαυσε
3409 3822 3506 3892 τῆς
3535 3819 3800 3887 αἰσθήσεως.

2271 3919 2396 3992 δίχα
2418 3919 2578 3983 Θεοῦ,
2617 3918 2712 3972 καὶ
2757 3917 2862 3990 πρὸ
2889 3916 3049 3984 Θεοῦ,
3079 3917 3176 3972 καὶ
3220 3918 3283 3972 οὐ
3311 3918 3456 3972 κατὰ
3483 3915 3623 3978 Θεὸν,
3645 3911 3704 3974 ὡς
3727 3908 3801 3960 οὒκ

2272 4014 2401 4079 ἔδει,
2450 4012 2591 4084 ὅπερ
2646 4011 2933 4083 ἀμήχανον
2980 4006 3072 4083 ἦν,
3118 4012 3190 4065 τὰ
3215 4009 3312 4064 τοῦ
3362 4008 3496 4064 Θεοῦ
3545 4005 3674 4077 ἔχειν
3713 4003 3801 4053 ἐπι·

2273 4103 2565 4178 τηδεύσας.
2599 4104 2714 4174 Τὴν
2759 4103 2868 4175 γάρ
2919 4102 3230 4174 σύμϐουλον
3269 4097 3696 4174 παραδεξαμένην
3732 4089 3799 4142 τὸν

2273 4199 2397 4269 ὅφιν
2435 4196 2575 4252 Θεοῦ
2625 4198 2792 4252 πλέον
2838 4196 3294 4268 παραδεξάμενος
3341 4194 3586 4265 αἴσθησιν
3627 4179 3796 4242 καὶτοῦ

2274 4289 2726 4362 ἀπηγορευμένου
2804 4289 2986 4356 ξύλου,
3062 4284 3108 4358 ᾧ
3175 4288 3273 4343 καὶ
3339 4287 3564 4342 θάνατον
3611 4279 3795 4334 συνεῖναι

2205 4413 2250 4468 D
2277 4383 2645 4456 προεδιδάχθη
2676 4383 2769 4438 τὸν
2799 4384 3012 4456 καρπὸν
3035 4383 3357 4456 ὀρέγουσαν,
3398 4379 3633 4453 βρώσεως
3657 4375 3794 4468 ἀπαρ-

2277 4477 2381 4549 χὴν
2421 4467 2790 4548 ποιησάμενος
2844 4476 3162 4548 πρόσφορον
3199 4475 3280 4546 τῷ
3325 4473 3522 4547 καρπῷ
3571 4470 3654 4539 τὴν
3683 4463 3794 4530 ζωήν

2281 4569 2677 4642 manilium,
2712 4571 2892 4636 ζῶντα
2913 4569 3007 4626 τὸν
3037 4569 3268 4623 θάνατον
3307 4567 3487 4639 ἑαυτῷ
3507 4563 3631 4619 κατὰ
3659 4558 3792 4612 πάθεα

2280 4663 2370 4717 τὸν
2412 4665 2606 4736 χρόνον
2653 4663 2750 4718 τοῦ
2791 4662 3064 4735 παρόντος
3097 4661 3295 4733 καιροῦ
3328 4659 3720 4732 δημιουργήσας.
3745 4645 3790 4699 Εἰ

2277 4755 2385 4828 γὰρ
2436 4755 2615 4827 φθορά
2651 4756 2922 4824 γενέσεως
2972 4755 3211 4827 ὑπάρχει
3249 4756 3280 4809 ό
3306 4755 3550 4816 θάνατος,
3585 4747 3658 4802 ἀεὶ
3681 4742 3726 4795 δὲ
3748 4736 3790 4789 τδ

2273 4849 2339 4902 δι’
2371 4848 2636 4922 ὲπιρῤοῆς
2664 4849 2709 4883 ⁸⁷
2739 4849 2957 4922 τροφῶν
2981 4850 3270 4920 γινόμενον
3296 4845 3538 4918 φυσικῶς
3568 4839 3787 4912 φθείρεται

2266 4941 2428 5012 σῶμα
2475 4945 2543 5014 τῇ
2609 4945 2708 5015 ῥοῇ
2742 4943 3163 5015 διαπνεόμενον,
3212 4944 3302 4998 άε¹ι
3344 4942 3455 5013 ἄρα
3501 4937 3563 4992 δι’
3601 4927 3664 4987 ὧν
3685 4923 3787 4981 εἶναι

2261 5033 2363 5104 τὴν
2393 5032 2540 5105 ζωὴν
2583 5033 2911 5088 ἐπίστευσεν
2943 5033 3266 5106 ἀκμάζοντα
3294 5031 3472 5103 ἑαυτῷ
3509 5045 3564 5082 τε
3590 5024 3668 5078 καί

2263 5125 2358 5178 τὸν
2382 5124 2613 5179 θάνατον
2638 5126 2668 5179 ὁ
2708 5125 2883 5197 Ἀδάμ
2925 5129 3318 5198 συνετηρησεν.
3360 5126 3450 5187 Ὦς
3476 5122 3580 5188 εἴτε
3606 5110 3784 5198 τῷιθξῴ

2271 5215 2472 5286 μᾶλλον
2506 5216 2540 5286 ἦ
2579 5218 2646 5288 τῇ
2701 5183 2939 5287 συνοίκῳ
2966 5183 3210 5280 πεισθεὶς
3257 5217 3339 5288 τῷ
3399 5183 3546 5283 ξύλῳ-
3574 5206 3658 5276 τῆς
3678 5183 3786 5265 tu?“

2274 5308 2564 5380 διετράφη,
2606 5310 2708 5364 ούκ
2750 5310 2818 5365 ἂν
2851 5311 2951 5382 τὴν
3001 5311 3246 5366 δοθεῖσαν
3297 5309 3522 5365 ἀπέθετο
3547 5291 3784 5382 deum“

2279 5399 2466 5472 (159
2489 5409 2546 5472 α)
2589 5404 2677 5458 ἀει
2723 5404 3179 5478 cummva
3205 5407 3274 5477 τῇ
3320 5403 3514 5476 μετοχῇ
3545 5395 3630 5466 τῆς
3655 5381 3780 5454 tua.

1894 5631 2128 5692 νιιιιῶ
2175 5634 2580 5698 LECTIONES.

660 5717 707 5757 ⁸⁷
746 5718 1068 5795 διιπιρροῆς
1090 5721 1216 5783 cod.
1250 5719 1420 5790 Gud.,
1444 5736 1547 5794 pro
1575 5737 1748 5778 more.
