4014 6284
228 267 368 335 1157

1470 276 1995 344 AMBIGUORUM
2033 284 2285 347 LIBER.

3365 294 3513 361 1158

223 381 422 454 ιπειδὴ
454 382 608 438 πᾶσα
638 383 752 456 ζωὴ
787 383 967 438 οίκεία
1014 402 1073 439 τε
1120 385 1213 439 καὶ
1246 385 1573 459 καταλλήλῳ
1615 390 1811 459 πέφυκε

1936 393 2099 463 panis
2135 404 2223 449 est
2253 394 2325 450 de
2362 396 2506 451 caelo
2541 398 2809 457 devectus
2839 401 3119 474 vitamque
3156 407 3369 462 mundo
3406 409 3525 463 lar-

224 474 620 545 συντηρεῖσθαι
654 477 851 547 τροφῇ.
870 474 1061 547 Τροφὴ
1088 475 1147 529 δὲ
1174 476 1277 549 τῆς
1303 478 1582 549 μακαρίας
1611 480 1830 551 ἐκείνης

220 565 378 636 ζωῆς
403 570 610 622 ὲστινό
656 568 875 639 ἄρτοςό
924 568 988 622 ἐκ
1011 569 1105 622 τοῦ
1157 568 1389 637 ούρανοῦ
1440 570 1689 636 καταϐάς
1733 574 1830 627 καὶ

220 658 375 731 ζωὴν
438 659 619 725 διδοὺς
661 660 741 732 τῷ
771 661 983 733 κόσμῳ,
1041 661 1227 726 καθὼς
1276 662 1440 727 αὐτὸς
1470 662 1600 734 περὶ
1631 661 1826 716 ἑαυτοῦ

221 753 282 805 ὲν
308 755 425 817 τοῖς
459 754 807 824 εὐαγγελίοις
857 757 887 808 6
936 754 1178 828 ἀψευδὴς
1218 757 1542 827 ἀπεφήνατο
1566 755 1747 824 λόγος,
1781 750 1826 826 ᾧ

222 842 599 918 διατραφῆναι
642 846 717 919 μὴ
758 846 1045 919 βουληθεὶς
1072 849 1102 901 6
1134 848 1351 919 πρῶτος
1387 848 1679 921 ἄνθρωπος
1725 848 1826 913 τῆς

222 931 330 1002 μὲν
366 932 521 996 θείας
559 934 790 999 εἰκότως
818 936 1122 1005 ἀπεγένετο
1156 937 1326 1009 ζωῆς,
1368 938 1539 1008 άλλης
1562 936 1619 991 δὲ
1660 936 1827 992 θανά-

218 1042 320 1078 του
348 1027 683 1099 γεννήτορος
720 1028 1045 1094 ἐπελάϐετο,
1098 1029 1225 1084 καθ’
1256 1030 1326 1101 ῆν
1361 1030 1462 1104 τὴν
1493 1030 1593 1103 μὲν
1630 1029 1825 1098 ἄλογον

219 1114 409 1184 ἑαυτῷ
438 1116 653 1189 μορφὴν
678 1118 1027 1189 ἐπιθέμενος,
1049 1119 1150 1189 τῆς
1179 1119 1333 1184 θείας
1359 1120 1417 1174 δὲ
1445 1120 1508 1174 τὸ
1540 1120 1825 1190 ἀμήχανον

217 1206 565 1278 ἀμαυρώσας
610 1208 830 1274 κάλλος,
868 1208 1038 1280 βοράν
1074 1208 1155 1280 τῷ
1207 1208 1423 1282 θανάτῳ
1451 1210 1551 1281 τὴν
1598 1207 1819 1263 ἃπασαν

217 1299 391 1371 φύσιν
415 1300 724 1372 παρέδωκε.
772 1302 850 1354 Δι’
898 1298 967 1375 ἧς
1005 1302 1035 1355 6
1068 1303 1171 1374 μὲν
1198 1302 1432 1367 θάνατος
1464 1302 1531 1375 ζῇ
1577 1301 1648 1355 δι’
1695 1297 1819 1353 ὅλου

1935 484 2097 555 giens
2122 485 2168 553 ί,
2192 488 2661 557 quemadmodum
2694 492 2813 561 ipse
2840 493 2909 549 de
2940 510 2999 550 se
3032 498 3153 567 ipso
3187 499 3243 552 in
3277 499 3528 570 Evange-

1933 573 2026 630 liis
2049 591 2218 631 verax
2249 578 2583 649 signiﬁcavit
2612 582 2829 649 Sermo,
2852 600 2963 654 quo
2998 586 3070 641 ali
3105 588 3319 657 primus
3356 590 3525 645 homo

1932 678 2063 718 cum
2111 667 2313 734 nollet,
2357 670 2544 727 divina
2594 673 2796 729 merito
2836 675 2951 730 vita
3008 678 3247 744 excidit,
3288 681 3518 736 alteram

1932 767 2129 813 nactus
2157 761 2428 831 genitoris
2452 765 2673 830 mortis,
2697 767 3005 823 secundum
3032 786 3199 840 quam
3229 772 3523 828 irrationa-

1932 845 2099 901 bilem
2137 848 2244 905 sibi
2280 851 2518 908 formam
2553 855 2871 928 imponens,
2899 858 3103 915 divinae
3130 876 3264 916 vero
3299 861 3521 918 inenar-

1930 938 2166 995 rabilem
2219 943 2699 1013 pulchritudinem
2746 949 3085 1018 obscurans,
3122 953 3287 1008 morti
3332 968 3515 1009 escam

1930 1028 2163 1085 tradidit
2198 1040 2370 1089 totam
2408 1041 2688 1092 naturam.
2720 1038 2826 1093 Per
2858 1055 3025 1109 quam
3058 1056 3211 1096 mors
3243 1042 3383 1097 vivit
3416 1058 3517 1113 per

1930 1128 2109 1177 totum
2158 1124 2264 1182 hoc
2311 1128 2580 1198 temporis
2628 1130 2904 1201 spatium,
2941 1140 2999 1187 et
3040 1149 3143 1189 nos
3184 1134 3291 1190 sibi
3330 1149 3513 1191 escam

1928 1221 2108 1280 parat,
2139 1229 2243 1271 nos
2279 1232 2417 1273 vero
2450 1233 2735 1289 nunquam
2772 1220 3034 1291 vivimus,
3058 1232 3115 1279 et
3153 1238 3377 1295 semper
3414 1240 3514 1295 per

1930 1298 2220 1359 interitum
2246 1305 2317 1361 ab
2341 1322 2412 1362 eo
2438 1306 2797 1364 devoramur.

217 1392 318 1448 τοῦ
376 1392 635 1466 χρονικοῦ
693 1393 888 1448 τούτου
950 1394 1347 1467 διαστήματος,
1402 1396 1551 1468 ἡμᾶς
1615 1390 1823 1467 βρῶσιν
1861 1392 2206 1466 ποιούμενος,
2229 1398 2393 1471 ἡμεῖς
2442 1399 2499 1454 δι
2561 1400 2747 1473 ζῶμεν
2769 1402 3048 1471 οὐδέποτε,
3077 1403 3166 1459 ἀεὶ
3188 1404 3277 1459 διά
3305 1405 3514 1477 φθορᾶς

218 1485 318 1540 ὑπ’
344 1486 514 1541 αὐτοῦ
545 1487 988 1559 κατεσθιόμενοι.

1834 1601 1908 1617 —

219 1663 356 1726 ὀτι
410 1670 483 1726 ἐκ
544 1669 659 1741 τῆς
716 1670 989 1728 ἀστάτου
1053 1670 1381 1743 περιφορᾶς
1432 1670 1545 1741 τῆς
1595 1668 1811 1739 παρού-

1927 1664 2081 1734 Quod
2112 1684 2177 1723 ea:
2201 1669 2445 1726 instabili
2474 1686 2635 1727 cursu
2666 1672 2943 1743 presenti:
2982 1673 3104 1728 vita:
3138 1671 3366 1728 alterum
3396 1688 3509 1726 esse

287 1779 412 1833 σης
455 1761 607 1834 ζωῆς
654 1763 857 1833 ἄλλην
906 1759 1064 1820 εἶναι
1110 1764 1229 1834 τὴν
1277 1761 1477 1834 ἀληθῆ
1525 1762 1623 1818 καί
1648 1762 1820 1817 θείαν

289 1854 394 1912 καί
425 1856 715 1924 ὡσαύτως
767 1857 1041 1927 ἔχουσαν
1073 1855 1228 1927 ζωὴν
1266 1856 1721 1925 ἐπαιδεύθησαν
1761 1856 1819 1910 ot

289 1948 474 2021 ἅγιοι.
970 1970 973 1971 '

288 2058 404 2127 Ἦς
422 2062 488 2117 τδ
515 2062 748 2137 ἀδρανὲς
780 2062 881 2121 καὶ
899 2062 1311 2137 ἀλλεπάλληλον
1345 2064 1526 2135 σοφῶς
1552 2065 1818 2137 κατανοή-

212 2169 416 2217 σαντες
467 2154 517 2208 οί
563 2154 712 2225 ἀγιοι
763 2152 867 2227 τὴν
916 2153 1229 2227 ἀνθρώποις
1281 2154 1709 2228 προηγουμένως
1751 2155 1816 2208 εκ

211 2243 357 2299 Θεοῦ
388 2243 780 2319 δεδωρημένην
822 2244 1032 2317 ταύτην
1074 2247 1151 2318 μὴ
1191 2241 1331 2301 εἷναι
1381 2246 1483 2318 τὴν
1520 2244 1689 2317 ζωὴν,
1739 2243 1817 2309 ῶς

210 2336 392 2403 εἰκὸς,
419 2337 846 2411 ἑπαιδεύθησαν,
892 2337 1064 2412 ἀλλην
1110 2338 1169 2392 δι
1222 2337 1373 2393 θείαν
1404 2339 1499 2394 καὶ
1550 2336 1815 2401 ὡσαύτως

210 2430 474 2502 ιχουσαν,
506 2432 574 2504 ἢν
623 2431 862 2503 μάλιστα
891 2433 1003 2488 δεῖν
1049 2431 1324 2486 ύπὲλαθον
1363 2430 1542 2503 ἑαυτῷ
1574 2430 1813 2503 πρεπόν-

209 2540 326 2585 τως
356 2522 561 2592 ἀγαθὸν
594 2523 725 2578 ὄντα
755 2523 851 2578 τὸν
902 2522 1024 2578 θεὸν
1069 2524 1502 2597 προηγουμένως
1546 2523 1813 2594 δημιουρ-

209 2615 408 2689 γῆσαι,
448 2615 729 2686 μυστικῶς
763 2616 1145 2689 ἐδιδάχθησαν,
1196 2616 1332 2688 πρὸς
1372 2615 1439 2687 ῆν
1486 2614 1578 2669 διὰ
1620 2615 1815 2683 σοφίας

209 2710 361 2763 κατά
382 2707 485 2780 τὴν
517 2708 679 2779 χάριν
715 2708 811 2763 τοῦ
844 2709 1178 2781 πνεύματος,
1224 2708 1301 2773 ὡς
1340 2708 1562 2778 ἐφικτὸν
1596 2707 1813 2779 ἀνθρώ-

208 2817 339 2865 ποις
364 2802 479 2865 τοῖς
512 2801 617 2854 ὑπὸ
645 2800 897 2866 θάνατον,
938 2800 1000 2855 τὸ
1040 2801 1201 2872 ὄμμα
1226 2801 1325 2871 τῆς
1354 2800 1535 2871 ψυχῆς
1581 2798 1814 2854 ἀνανεύ-

210 2910 432 2958 σαντες,
474 2892 568 2947 καὶ
600 2892 925 2958 ἐνδιαθὲτως
973 2893 1065 2949 τὸν
1095 2893 1270 2963 αὐτῆς
1300 2892 1441 2947 θεῶν
1468 2892 1813 2964 ὑποδεξάμεο

208 3004 310 3080 νοιΔ
353 2987 542 3051 πόθον,
606 2985 910 3080 ἀποθέσθαι
959 2986 1072 3041 δεῖν
1095 2984 1331 3080 Δ*ταύτην
1380 2985 1479 3080 τὴν
1529 2988 1812 3057 παροῦσαν
1839 3022 1882 3080 c

208 3076 361 3148 ζωὴν
385 3077 613 3139 εἰκότως
636 3074 927 3149 ᾠήθησαν,
958 3078 1007 3130 εί
1039 3075 1289 3148 μέλλοιεν
1317 3076 1575 3149 καθαρῶς
1597 3077 1809 3149 ἐκείνης

206 3172 358 3226 κατά
388 3169 479 3224 τὸν
513 3170 703 3225 δέοντα
740 3170 902 3239 λόγον
957 3170 1341 3242 ἐπιλήψεσθαι.
1398 3172 1587 3243 (159
1615 3172 1667 3243 ὁ)
1700 3172 1811 3225 Καὶ

208 3262 405 3335 ἐπειδὴ
457 3263 605 3335 ζωῆς
656 3264 921 3330 ἀπόθεσις
961 3264 1200 3321 θανάτου
1258 3268 1430 3339 χωρὶς
1457 3268 1519 3321 οὐ
1573 3268 1806 3337 γίνεται,

208 3357 449 3413 θάνατον
475 3358 650 3430 αὐτῆς
706 3358 1010 3431 ἐπενόησαν
1052 3359 1153 3430 τὴν
1186 3358 1459 3431 ἀποϐολὴν
1512 3359 1614 3431 τῆς
1668 3359 1811 3414 κατά

209 3453 396 3525 σάρκα
443 3454 700 3525 στοργῆς,
756 3452 826 3507 δι’
866 3447 936 3526 ἦς
976 3454 1058 3518 είς
1100 3453 1193 3508 τὸν
1242 3452 1534 3525 βίονήτοῦ
1573 3452 1807 3508 θανάτου

208 3546 439 3615 γέγονεν
470 3546 697 3611 εἴσοδος,
743 3547 831 3601 ίνα
878 3546 1097 3619 θανάτῳ
1130 3547 1363 3603 θάνατον
1415 3546 1808 3617 ἐπινοήσαντες

206 3638 306 3694 τοῦ
335 3640 439 3711 ζῆν
471 3639 553 3712 τῷ
609 3639 826 3713 θανάτῳ
887 3641 1230 3707 παύσωνται,
1276 3641 1372 3697 τὸν
1427 3640 1611 3715 τίμιον
1647 3640 1805 3693 ἔναν-

206 3733 327 3788 τίον
375 3731 583 3805 κυρίου
617 3732 850 3789 θάνατον
902 3732 1297 3798 ἀποθανόντες,
1346 3732 1439 3787 τὸν
1487 3732 1656 3796 ὅντως
1709 3731 1808 3786 θα-

207 3824 375 3879 νάτου
406 3823 657 3894 θάνατον,
690 3826 784 3879 τὸν
804 3825 903 3897 τὴν
931 3824 1141 3898 φθορὰν
1183 3825 1284 3895 μὲν
1310 3823 1551 3895 φθείρειν
1572 3822 1807 3894 δυνάμε-

210 3934 324 3981 νον,
353 3920 424 3989 τῇ
454 3917 511 3971 δὲ
545 3916 796 3990 μακαρίᾳ
826 3917 939 3990 ζωῇ
964 3918 1061 3972 καὶ
1106 3917 1390 3990 ἀφθαρσίᾳ
1430 3916 1806 3989 παρεχόμενον

211 4009 273 4063 ιν
299 4010 418 4073 τοῖς
444 4008 619 4075 ἀξίοις
658 4009 885 4065 εἴσοδον.
914 4009 990 4064 Τὸ
1030 4009 1140 4084 γάρ
1166 4009 1342 4083 πέρας
1370 4010 1469 4083 τῆς
1520 4008 1806 4082 παρούσης

210 4102 422 4174 ταύτης
448 4102 597 4173 ζωῆς
623 4101 745 4156 οὐδὲ
775 4102 1008 4159 θάνατον
1045 4100 1199 4177 οίμαι
1244 4105 1454 4159 δίκαιον
1492 4103 1802 4175 ὀνομάζειν,

210 4194 352 4250 ἀλλά
402 4193 637 4249 θανάτου
685 4195 1034 4267 ἀπαλλαγὴν,
1089 4198 1187 4251 καὶ
1237 4197 1449 4270 φθορᾶς
1498 4197 1799 4271 χωρισμὸν,

208 4286 307 4342 καὶ
331 4285 582 4352 δουλείας
625 4287 965 4360 ἐλευθερίαν,
1012 4288 1108 4343 καὶ
1148 4290 1395 4363 ταραχῆς
1441 4290 1673 4355 παύλαν,
1706 4291 1801 4345 καὶ

1989 1780 2174 1819 verum
2209 1782 2275 1821 ac
2320 1766 2560 1821 divinant
2599 1773 2651 1821 et
2689 1782 2875 1838 parem
2913 1767 3085 1823 vitam
3127 1767 3309 1823 sancti
3365 1765 3507 1820 didi-

1988 1857 2178 1913 cerint.

1984 2060 2159 2134 Cujus
2180 2076 2308 2118 cum
2344 2062 2522 2119 sancti
2558 2062 2720 2120 futile
2765 2071 2933 2135 atque
2981 2063 3269 2120 turbatum
3300 2078 3507 2137 cogno-

1914 2153 2164 2220 vissent,
2223 2155 2395 2211 vitam
2447 2156 2773 2213 hominibus
2834 2158 3113 2230 principio
3163 2158 3347 2213 datam
3393 2174 3506 2214 non

1915 2244 2061 2301 hanc
2086 2262 2207 2303 esse
2237 2247 2501 2303 nimirum
2539 2258 2672 2305 sunt
2704 2249 2911 2316 edocti,
2952 2250 3049 2306 sed
3076 2251 3307 2307 alteram
3355 2251 3503 2306 divi-

1913 2353 2042 2392 nam
2072 2348 2129 2394 et
2156 2356 2371 2410 parem,
2398 2356 2566 2411 quam
2607 2342 2845 2397 maxime
2889 2350 3152 2413 oportere
3185 2342 3295 2398 sibi
3360 2358 3495 2398 con-

1911 2432 2204 2487 venienter
2235 2434 2432 2500 Deum,
2476 2433 2571 2503 qui
2596 2432 2779 2489 bonus
2817 2440 2924 2498 est,
2976 2434 3253 2505 principio
3278 2450 3500 2490 creasse

1913 2524 2377 2594 suspicabantur,
2406 2524 2641 2596 mystice
2692 2524 3017 2580 didicerunt
3056 2542 3071 2579 :
3125 2541 3239 2595 quo
3280 2541 3381 2596 per
3417 2540 3507 2581 sa-

1912 2615 2179 2685 pientiam
2223 2631 2325 2685 pro
2379 2616 2556 2687 gratia
2604 2616 2883 2686 Spiritus,
2953 2624 3225 2687 quantum
3269 2616 3322 2671 id
3375 2616 3505 2672 licet

1913 2706 2237 2763 hominibus
2273 2709 2443 2763 semel
2488 2708 2651 2763 morti
2704 2709 2993 2780 subjectis,
3038 2711 3239 2765 animae
3273 2710 3501 2765 oculum

1913 2799 2285 2865 reﬂectentes,
2317 2810 2484 2870 atque
2506 2801 2703 2855 intime
2730 2800 2981 2855 divinum
3021 2802 3144 2872 ejus
3192 2802 3502 2873 suscipien-

1915 2902 2017 2949 tes.
2032 2892 2391 2959 desiderium,
2414 2892 2802 2963 deponendam
2837 2893 2982 2947 banc
3008 2909 3133 2948 esse
3164 2903 3501 2965 praesentem

1915 2987 2087 3041 vitam
2119 2986 2323 3041 merito
2350 2985 2836 3050 existimaverunt,
2892 2985 2939 3040 si
2979 3001 3117 3056 pure
3176 2986 3328 3041 illam
3383 2989 3501 3041 vel-

1913 3079 2053 3145 lent,
2087 3088 2145 3136 et
2180 3087 2242 3133 ut
2287 3078 2432 3133 ratio
2480 3078 2747 3148 postulat,
2801 3078 3094 3148 consequi.
3158 3078 3339 3149 Atque
3370 3094 3496 3135 cum

1912 3171 2040 3227 vita:
2062 3171 2338 3243 depositio
2357 3172 2478 3227 sine
2504 3180 2683 3226 morte
2704 3186 2816 3227 non
2846 3170 2930 3237 ﬁt,
2953 3180 3191 3227 mortem
3220 3173 3341 3243 ejus
3366 3188 3502 3229 cen-

1911 3274 2151 3320 suerunt
2170 3280 2293 3320 esse
2308 3264 2681 3335 abjectiouem
2699 3264 2943 3320 carnalis
2956 3264 3191 3331 amoris,
3220 3278 3319 3337 per
3335 3281 3499 3338 quem

1910 3358 2075 3413 morti
2101 3356 2283 3413 factus
2306 3365 2392 3412 est
2419 3357 2475 3411 in
2506 3357 2678 3412 vitam
2717 3357 2978 3413 introitus
3026 3366 3089 3413 ut
3132 3359 3298 3414 morti
3348 3374 3499 3414 mor-

1910 3458 2022 3507 tem
2048 3450 2418 3506 macbinando
2441 3450 2610 3505 vitam
2637 3460 2819 3507 morte
2843 3451 3088 3517 finirent,
3114 3451 3499 3507 bonorabilem

1908 3558 2097 3599 coram
2135 3543 2370 3599 Domino
2414 3552 2651 3599 mortem
2691 3543 3019 3611 subeuntes,
3067 3553 3308 3600 mortem
3350 3558 3499 3599 vera:

1909 3637 2105 3695 mortis
2122 3638 2439 3708 veram,qui
2466 3638 2756 3694 interitum
2778 3636 3005 3709 quidem
3026 3636 3265 3709 perdere
3285 3646 3503 3708 posset,

1907 3731 2008 3787 sed
2037 3731 2213 3787 beatae
2233 3732 2399 3787 simul
2421 3732 2548 3787 vitae
2568 3740 2626 3788 et
2665 3732 3102 3789 immortalitatis
3123 3732 3336 3788 aditum
3365 3748 3502 3803 ape-

1908 3824 2042 3879 rire.
2072 3822 2232 3891 Quod
2275 3824 2429 3885 enim
2458 3824 2604 3880 ultra
2644 3823 2791 3880 hanc
2831 3834 2891 3881 et
2949 3834 3279 3896 praesentem
3328 3824 3498 3880 vitam

1906 3932 2019 3972 non
2036 3917 2163 3988 jure
2191 3915 2329 3971 mihi
2356 3924 2592 3972 mortem
2618 3917 2815 3973 videor
2852 3918 3153 3988 appellare,
3186 3916 3285 3974 sed
3313 3917 3502 3989 potius

1907 4010 2106 4065 mortis
2136 4010 2496 4077 solutionem,
2528 4009 2794 4067 interitus
2841 4011 3171 4078 discessum,
3203 4011 3498 4068 servitutis

1906 4101 2318 4168 liberationem,
2340 4102 2784 4174 perturbationis
2808 4102 3177 4169 sedationem,
3220 4103 3496 4158 bellorum

1907 4195 2303 4260 sublationem,
2347 4194 2699 4251 confusionis
2744 4195 3039 4251 transitum
3067 4237 3082 4263 ,
3138 4196 3495 4251 tenebrarum

1906 4303 2215 4353 recessum,
2244 4286 2503 4342 laborum
2531 4286 2945 4351 remissionem,
2978 4286 3246 4357 strepitus
3276 4286 3495 4343 confusi

208 4378 474 4450 πολέμων
523 4378 832 4450 ἀναίρεσιν,
883 4379 979 4434 καὶ
1025 4380 1344 4452 συγχύσεως
1392 4382 1649 4454 πάροδον,
1708 4384 1805 4437 καὶ

1915 4382 2221 4446 silentium,
2253 4380 2492 4436 fervoris
2516 4381 2787 4451 quietem,
2827 4379 3060 4450 pudoris
3098 4379 3494 4445 velamentum,

209 4470 445 4534 σκότους
480 4468 857 4543 ὑποχώρησιν,
903 4470 1001 4524 καὶ
1045 4472 1230 4525 πόνων
1277 4473 1488 4538 ἄνεσιν,
1537 4475 1633 4527 καὶ
1668 4473 1804 4545 βομ-

207 4564 431 4637 ϐήσεως
458 4563 680 4635 ἀσήμου
711 4564 892 4635 σιγὴν,
926 4566 1022 4619 atat
1066 4564 1384 4636 βράσματος
1412 4566 1674 4637 ἠρεμίαν,
1712 4566 1806 4621 καὶ

208 4652 479 4725 αἰσχύνης
532 4654 927 4726 συγκάλυμμα,
964 4656 1061 4709 καὶ
1105 4657 1298 4711 παθῶν
1344 4657 1662 4729 ἀποφυγὴν,
1708 4659 1805 4712 καὶ

210 4744 493 4817 ἁμαρτίας
520 4746 852 4818 ἀφανισμὸν,
882 4746 981 4803 καὶ
1007 4748 1250 4816 πάντων,
1270 4749 1359 4803 ῐνα
1386 4748 1623 4804 συνελὼν
1640 4750 1802 4819 είπω,

206 4837 321 4891 τῶν
350 4835 546 4891 κακῶν
584 4840 955 4911 περιγραφήν·
1002 4838 1149 4911 ἅπερ
1198 4839 1265 4894 δι’
1312 4841 1563 4895 ἑκουσίου
1588 4840 1798 4914 νεκρῶ-

214 4943 353 4991 σεως
395 4927 447 4981 ot
494 4928 642 4997 ἅγιοι
687 4928 1143 5001 κατορθώσαντες
1190 4932 1379 4997 ξένους
1433 4934 1662 4999 ἑαυτοὺς
1703 4932 1800 4989 τοῦ

213 5018 330 5091 βίου
364 5018 464 5074 καὶ
493 5020 913 5093 παρεπιδήμους
949 5023 1324 5096 παρέστησαν.
1355 5025 1563 5097 Κόσμῳ
1588 5043 1648 5081 τε
1689 5025 1800 5100 γάρ

212 5111 307 5167 καὶ
334 5109 555 5183 σώματι
606 5112 705 5167 καὶ
734 5116 860 5178 ταῖς
907 5114 967 5180 ἐξ
1000 5115 1183 5171 αὐτῶν
1230 5118 1639 5173 ἐπαναστάσεσι
1672 5135 1801 5190 γεν-

212 5203 383 5267 ναίως
416 5201 740 5273 μαχόμενοι,
772 5204 867 5258 καὶ
893 5204 993 5278 τήν
1039 5204 1101 5271 ἐξ
1142 5206 1350 5278 ἀμφοῖν
1385 5208 1531 5263 κατά
1560 5209 1661 5283 τὴν
1688 5210 1801 5266 τῶν

217 5291 529 5365 αἰσθήσεων
560 5293 697 5365 πρὸς
723 5294 792 5348 τὰ
841 5295 1081 5366 αίσθητά
1129 5298 1456 5372 συμπλοκὴν
1488 5317 1801 5373 παραγενο-

218 5386 391 5457 μένην
444 5385 665 5457 ἀπάτην
731 5387 1157 5455 ἀποπνίξαντες,
1226 5390 1530 5447 ἀδούλωτον
1588 5394 1803 5460 ἑαυτοῖς

216 5479 494 5550 ἐφύλαξαν
537 5479 638 5551 τῆς
667 5479 847 5554 ψυχῆς
874 5483 936 5536 τὸ
982 5482 1220 5555 ἀξίωμαο
1271 5476 1420 5556 μάλα
1457 5502 1521 5555 γε
1551 5487 1799 5553 είκότως,

218 5570 443 5645 ῑννομον
464 5570 750 5645 κρίναντες
779 5571 921 5632 εἶναι
945 5576 1042 5631 καὶ
1068 5575 1278 5636 δίκαιον
1306 5577 1367 5635 τὸ
1384 5573 1547 5652 ἦττον
1569 5579 1801 5651 ἄγεσθαι

289 5730 311 5773 ί
348 5728 516 5793 Joan.
546 5745 623 5803 vr,
653 5731 745 5790 52.
1466 5806 1493 5824 Α

1436 5832 1497 5873 ..γε

1903 4474 2229 4544 passionum
2252 4471 2438 4543 fugam
2467 4512 2481 4537 ,
2510 4472 2725 4542 peccati
2774 4471 3165 4537 abolitionem,
3219 4471 3493 4537 omnium,

1904 4576 1967 4621 ut
2011 4581 2128 4621 uno
2161 4556 2339 4621 verbo
2382 4564 2879 4634 comprehendam,
2932 4564 3207 4618 malorum
3253 4564 3496 4620 circum-

1900 4655 2259 4725 scriptionem
2289 4662 2346 4709 et
2374 4653 2904 4709 exterminationem
2934 4668 3095 4722 :quae
3128 4652 3357 4722 quidem
3391 4668 3493 4722 per

1900 4745 2277 4801 voluntariam
2340 4742 2834 4799 mortificationem
2903 4742 3085 4797 sancti
3152 4741 3491 4811 impetrave-

1905 4850 2061 4906 runt,
2117 4855 2291 4911 seque
2323 4840 2455 4895 vita:
2489 4837 2744 4908 hospites
2789 4846 2957 4907 atque
3013 4835 3343 4907 peregrinos
3389 4849 3491 4889 ex-

1903 4932 2231 4988 hibuerunt.
2263 4930 2402 4987 Cum
2437 4928 2647 4984 mundo
2692 4927 2844 4983 enim
2882 4936 2941 4982 et
2970 4940 3205 4995 corpore
3254 4934 3312 4980 et
3346 4924 3494 4980 sedi-

1902 5026 2156 5082 tionibus
2206 5024 2337 5080 inde
2385 5023 2535 5079 natis
2577 5021 2835 5093 gnaviter
2884 5017 3197 5083 colluctati,
3236 5016 3491 5074 fraudem

1903 5121 2056 5177 illam
2086 5135 2156 5175 ex
2198 5116 2477 5173 ambobus
2519 5112 2829 5170 secundum
2866 5125 3133 5167 sensuum
3181 5124 3310 5166 cum
3359 5124 3491 5164 sen-

1903 5211 2157 5268 sualibus
2183 5208 2537 5279 complexum
2561 5205 2821 5261 obortam
2847 5204 3223 5269 suﬂ'ocarunt,
3254 5202 3490 5258 aninm-

1898 5319 2007 5376 que
2042 5302 2150 5359 sibi
2174 5302 2412 5357 liberam
2447 5305 2748 5355 servarunt
2778 5294 3172 5353 auctoritatem
3210 5312 3276 5353 ac
3306 5294 3493 5368 digni-

1900 5410 2095 5465 tatem,
2126 5408 2189 5453 ut
2225 5414 2325 5469 par
2371 5403 2494 5451 erat
2542 5393 2807 5461 omnino;
2857 5393 3314 5465 quandoquidem
3348 5408 3489 5448 con-

1900 5500 2231 5547 sentaneum
2260 5500 2386 5543 esse
2407 5493 2465 5541 et
2486 5483 2922 5558 justum,potius
2941 5492 3001 5539 ut
3023 5485 3185 5555 pejus
3207 5501 3239 5537 a
3266 5480 3489 5539 meliort

1900 5582 2292 5655 proﬂigaretur
2320 5578 2626 5637 censebant
2664 5592 2835 5650 quam
2889 5584 2952 5635 ut
2996 5576 3200 5633 melius
3239 5589 3272 5631 a
3304 5573 3486 5657 pejort
