4014 6284
573 259 712 329 115.9
1739 257 1803 316 S.
1843 253 2131 316 MAXIMI
2172 251 2680 314 CONFESSORIS
3677 252 3782 328 1160

570 380 626 432 in
649 373 874 430 vincula
903 371 1308 444 conjiceretur.
1349 367 1482 435 Quae
1517 368 1708 438 utique
1729 369 1818 422 lex
1845 375 1932 422 est
1964 365 2150 421 divina

2257 364 2461 434 μᾶλλον
2505 365 2584 435 τῷ
2635 364 2938 437 κρείττονι,
2986 363 3020 434 ἢ
3074 365 3138 420 τὸ
3187 366 3436 437 κρεῖττον
3486 363 3563 436 τῷ
3623 368 3788 437 χείρονι

570 476 738 536 atque
769 465 855 520 eis
885 463 1050 519 insita
1081 462 1179 533 qui
1209 461 1340 516 vita:
1389 475 1565 531 genus
1601 461 1900 530 elegerunt
1939 459 2011 513 ab
2063 473 2152 512 ra-

2257 456 2710 526 συμποδίζεσθαι.
2767 458 2983 529 Ὂσπερ
3028 457 3094 529 δὴ
3158 457 3323 529 νόμος
3382 457 3524 519 θεῖος
3578 457 3788 522 καὶτοῖς

573 557 877 613 tionalibus
905 553 1286 626 principaliter
1321 551 1593 616 adamari,
1624 550 1775 621 quod
1806 549 1935 606 vitae
1975 565 2152 620 genus

2257 549 2717 619 προαιρουμένοις
2764 549 2866 620 τὴν
2921 549 3161 618 λογικοῖς
3211 549 3633 621 προηγουμένως
3685 551 3790 618 πρέ·

571 666 672 720 per
706 649 1080 719 frugalitatem
1115 661 1273 700 suam
1295 644 1620 716 angelorum
1639 643 1973 699 aemulantur
1995 643 2149 700 sulli.

2257 655 2465 693 πουσαν
2526 641 2716 718 (160
2758 641 2816 714 ο)
2871 640 3217 705 ἀσπάζεσθαι
3250 641 3418 712 ξζωὴν
3482 641 3790 711 ἐμπεφυκὼς,

574 742 837 797 cientiam
873 750 1038 811 atque
1069 739 1271 796 otium.

2257 731 2351 806 τὴν
2408 734 2666 804 ἐμφερῶς
2728 734 2797 787 δι’
2849 733 3201 805 όλιγαρκείας
3253 733 3318 787 τὸ
3369 733 3654 807 ἀπροσδεὲς
3708 733 3792 787 τῶν

2253 824 2506 893 ἀγγέλων
2535 827 2886 898 μιμουμένην
2907 826 3005 881 καὶ
3023 827 3232 886 ἄνετον.

574 1014 727 1082 Quod
777 1013 951 1067 sancti
1006 1027 1111 1064 non
1141 1016 1199 1062 ut
1251 1023 1366 1071 nos,
1403 1021 1584 1077 neque
1637 1003 1878 1059 naturali
1922 1014 2156 1058 contem-

2263 1005 2394 1059 ’Ότι
2439 1004 2528 1074 μὴ
2601 1005 2734 1060 καθ’
2771 1005 2932 1076 ἡμᾶς
2975 1007 3014 1077 ἣ
3061 1007 3177 1078 τὴν
3236 1008 3517 1078 φυσικὴν
3570 1011 3792 1077 θεωρίαν.

646 1105 883 1177 platione
920 1117 1085 1173 neque
1117 1116 1211 1171 per
1247 1115 1430 1153 sacras
1460 1097 1689 1151 Litteras
1713 1097 2014 1150 initiatione
2042 1105 2155 1150 uie»

2333 1098 2372 1166 ἢ
2443 1099 2560 1168 τὴν
2622 1099 2931 1170 ’γραφικὴν
2988 1101 3428 1172 μυσταγωγίαν
3483 1102 3708 1156 ἐποίουν
3753 1108 3796 1160 cl

644 1201 860 1253 (mitur.

2332 1190 2508 1260 ἅγιοι.

645 1311 752 1366 Sed
781 1307 993 1364 reversi
1014 1305 1212 1361 ordine
1261 1303 1330 1359 ad
1371 1317 1438 1358 ea
1467 1317 1590 1373 qua:
1625 1309 1788 1355 antea
1812 1296 2156 1354 examinavi-

2341 1307 2483 1367 Ἀλλ’
2511 1307 2902 1373 ἐπανελθόντες
2934 1308 3058 1363 καθ’
3087 1308 3281 1380 εἱρμὸν
3318 1308 3391 1362 τὰ
3445 1308 3682 1363 λείποντα
3720 1312 3796 1382 τῆς

575 1420 700 1460 mus
723 1404 934 1470 reliqua
971 1396 1492 1455 transformationis
1523 1411 1625 1471 pro
1659 1393 1810 1448 virili
1855 1398 2012 1463 parte
2058 1389 2156 1446 de-

2262 1398 2746 1470 μεταμορφώσεως
2793 1401 2908 1462 τοῖς
2948 1397 3393 1471 προθεωρηθεῖσι
3436 1397 3576 1451 κατὰ
3611 1399 3796 1469 δύναμιν

575 1497 812 1552 liberata
865 1492 1198 1564 adjiciamus
1227 1531 1242 1556 ,
1299 1497 1360 1544 ut
1416 1498 1736 1544 sanctorum
1782 1485 1838 1539 in
1884 1482 2156 1538 universis

2257 1491 2730 1562 διασκοπήσαντες
2783 1491 3284 1566 προσαρμόσωμεν,
3318 1489 3407 1544 ἵνα
3441 1489 3675 1562 θεωρηθῇ
3712 1491 3795 1544 τῶν

574 1587 842 1658 perfectio
874 1593 930 1640 et
955 1585 1171 1640 sincera
1188 1583 1423 1638 allectus
1454 1581 1510 1635 in
1535 1594 1760 1634 carnem
1787 1583 1846 1632 et
1870 1574 2156 1631 materiam

2258 1584 2431 1652 ἁγίων
2463 1585 2498 1656 ἡ
2546 1585 2606 1638 ὲν
2647 1585 2814 1638 πᾶσιν
2855 1585 3101 1654 ἀκρότης
3149 1585 3246 1638 καὶ
3275 1585 3312 1655 η
3345 1584 3550 1656 γνησία
3588 1585 3704 1655 πρὸς
3724 1585 3797 1652 τὴν

573 1679 840 1751 proclivis
884 1679 1114 1738 libertas
1154 1684 1464 1746 spectetur,
1519 1681 1577 1728 et
1606 1671 1755 1742 quod
1786 1685 1899 1724 non
1944 1669 2004 1724 in
2057 1682 2156 1724 nos

2262 1677 2442 1747 σάρκα
2474 1676 2570 1730 καὶ
2605 1676 2705 1747 τὴν
2735 1676 2870 1748 ὓλην
2914 1676 3288 1741 amissum.
3346 1677 3448 1730 καὶ
3484 1678 3564 1730 ὅτι
3600 1677 3667 1747 μὴ
3705 1677 3795 1731 καθ’

572 1784 750 1834 strum
797 1788 1009 1827 morem
1059 1772 1166 1841 ipsi
1208 1783 1432 1840 quoque
1480 1766 1566 1821 vel
1619 1764 2020 1826 conditionem,
2066 1762 2154 1818 vel
2191 1731 2230 1785 υ

572 1883 788 1926 sacram
827 1866 1174 1935 Scripturam
1245 1861 1613 1917 materialiter
1654 1868 1821 1929 atque
1863 1854 2155 1911 humiliter

571 1956 1113 2027 contemplabantur,
1157 1953 1322 2008 modo
1363 1967 1531 2008 sensu
1577 1958 1634 2010 et
1663 1947 1960 2020 speciebus
1989 1955 2048 2002 et
2091 1945 2154 1999 li—

571 2049 728 2120 guris
769 2047 838 2102 ad
887 2043 1289 2116 acquirendam
1339 2043 1558 2097 beatam
1604 2038 1700 2094 Dei
1757 2035 2156 2107 cognitionem.

570 2148 629 2196 et
649 2139 852 2194 litteris
887 2137 1227 2208 syllabisque
1257 2132 1464 2188 utendo
1487 2173 1502 2198 ,
1541 2129 1685 2194 unde
1721 2129 1964 2183 titubare
2005 2126 2157 2180 circa

573 2233 830 2292 veritatis
876 2230 1146 2302 judicium
1202 2242 1267 2283 ac
1316 2225 1429 2286 falli
1477 2221 1785 2290 contingit,
1829 2218 1930 2276 sed
1970 2226 2158 2272 mente

574 2325 690 2378 sola
723 2322 1018 2392 purissima
1043 2319 1307 2387 omnique
1335 2314 1605 2369 materiali
1633 2313 1869 2383 caligine
1893 2311 2150 2365 liberata.

570 2417 730 2483 Quod
764 2415 810 2470 si
856 2413 1116 2483 religioso
1156 2411 1235 2464 uti
1279 2407 1491 2480 judicio
1535 2406 1790 2460 volemus
1831 2403 1888 2456 in
1918 2415 2154 2458 sensuav

572 2513 717 2567 lium
765 2507 1224 2565 intellectualiter
1271 2500 1656 2558 examinandis
1701 2496 2047 2562 rationibus,
2095 2493 2152 2550 in

573 2603 789 2656 ﬁrmam
826 2599 922 2654 Dei
965 2613 1030 2653 ac
1074 2597 1394 2651 divinorum
1437 2609 1536 2650 eos
1575 2590 1957 2663 cognitionem
1999 2596 2155 2646 recta

572 2694 661 2750 via
699 2691 1066 2764 procedentes
1095 2688 1199 2744 rite
1227 2685 1689 2758 spectaverimus.

697 2965 1086 3039 Contemplatio
1116 2966 1171 3020 in
1213 2963 1740 3034 transformationem
1767 2962 2020 3035 amplior.

643 3083 860 3139 Dictum
889 3088 1012 3137 erat
1045 3080 1216 3152 igitur
1257 3094 1450 3150 supra,
1489 3094 1591 3149 per
1619 3077 1840 3133 Domini
1875 3077 1932 3132 in
1966 3087 2156 3134 monte

2257 1771 2406 1841 ἡμᾶς
2455 1771 2550 1825 καὶ
2592 1771 2751 1829 αὐτοὶ
2794 1770 2827 1842 ἢ
2863 1771 2964 1842 τὴν
3015 1771 3193 1824 κτίσιν
3224 1770 3258 1842 ἢ
3293 1769 3403 1842 τὴν
3432 1771 3592 1838 ἁγίαν
3623 1770 3796 1842 Γραφὴν

2235 1861 2460 1926 ⁹ὑλικῶς
2491 1879 2553 1916 τε
2605 1865 2698 1916 καὶ
2729 1859 3038 1935 χαμερπῶς
3061 1862 3638 1934 ἑθεὼρουν,.αίσθήσει
3677 1865 3795 1934 μόνον

2256 1955 2353 2009 καὶ
2411 1957 2758 2023 ἐπιφανείαις
2807 1956 2903 2011 καὶ⁸
2960 1957 3207 2027 σχήμασι
3251 1957 3398 2029 πρὸς
3449 1956 3696 2028 ἀνάληψιν
3724 1957 3796 2025 τῆς

2265 2047 2544 2119 μακαρίας
2567 2047 2824 2117 γνώσεως
2859 2047 2956 2102 τοῦ
2990 2047 3150 2114 Θεοῦ,
3183 2049 3490 2120 γράμμασί
3515 2067 3570 2104 τε
3601 2051 3683 2104 καὶ
3707 2048 3797 2104 συλ-

2259 2138 2456 2205 λαϐαῖς
2500 2141 2798 2214 χρώμενοι,
2838 2141 2900 2207 ἐξ
2936 2135 3012 2196 ὧν
3055 2143 3118 2196 τὸ
3161 2143 3388 2196 πταίειν
3438 2142 3553 2196 εστι
3593 2142 3800 2214 περὶτίςν

2258 2233 2444 2302 κρίσιν
2469 2235 2566 2304 τῆς
2591 2234 2851 2306 ἀληθείας
2885 2236 2982 2290 καὶ
3025 2235 3386 2306 σφάλλεσθαι,
3415 2235 3555 2290 ἀλλὰ
3575 2235 3643 2306 νῷ
3685 2236 3798 2306 μόνῳ

2260 2325 2638 2398 καθαρωτάτῳ
2713 2327 2810 2380 καὶ
2898 2328 3082 2399 πάσης
3159 2327 3359 2398 ὑλικῆς
3451 2328 3799 2400 ιλιιιιιιλλιιγμινιςι

2259 2413 2481 2484 ἀχλύος.
2522 2415 2697 2487 Είπερ
2726 2411 2820 2470 οὖν
2843 2417 3084 2481 εὐσεϐῶς
3119 2418 3334 2489 κρίνειν
3367 2417 3660 2491 βουλόμεθα
3702 2419 3798 2481 τοὺς

2260 2506 2372 2561 τῶν
2455 2507 2735 2579 αίσθητῶν
2817 2509 3027 2580 νοητῶς
3113 2510 3545 2574 διασκοποῦντες
3613 2510 3796 2576 λόγυπ.

2261 2601 2343 2666 είς
2395 2601 2498 2672 τὴν
2549 2604 2682 2675 περὶ
2741 2603 2868 2658 θεοῦ
2940 2605 3039 2665 καὶ
3109 2603 3219 2657 τῶν
3287 2603 3461 2658 θείων
3527 2604 3704 2666 αὐτοὺς
3747 2601 3797 2665 l-

2263 2709 2528 2749 πταιστον
2560 2696 2764 2765 γνῶσιν
2795 2694 2972 2767 ὀρθῶς
3004 2696 3073 2750 δι’
3103 2695 3322 2760 εὐθείας
3351 2696 3544 2768 τρίϐου
3569 2695 3798 2767 βαίνοντας

2261 2802 2366 2838 κατ
2374 2786 2599 2858 ίδοιμεν.

2191 2904 2260 2920 ση-

2262 2968 2484 3036 Θεωρία
2505 2969 2594 3030 sic
2617 2966 2734 3036 τὴν
2757 2969 3222 3038 μπαμόρφωσιν
3250 2969 3616 3036 πλατυτέρα.

2332 3081 2567 3154 Εἴρηται
2594 3081 2774 3136 τοίνυν
2803 3080 3063 3154 ἀνωτέρω
3083 3082 3167 3136 ὃτι
3187 3081 3274 3137 διὰ
3300 3083 3407 3154 μὲν
3424 3082 3525 3154 τῆς
3552 3079 3799 3152 γενομένης

572 3177 738 3234 faciei
761 3175 1115 3247 splendorem
1145 3181 1203 3229 et
1229 3172 1622 3229 claritudinem
1650 3181 1676 3219 ε
1710 3180 1794 3226 ter
1833 3170 1983 3226 beati
2025 3187 2156 3242 apo-

2265 3173 2360 3226 ἐπὶ
2383 3172 2479 3227 τοῦ
2507 3173 2668 3245 ὅρους
2697 3173 2793 3227 τοῦ
2823 3173 3121 3246 προσώπου
3147 3174 3243 3229 τοῦ
3285 3176 3502 3246 Κυρίου
3529 3170 3798 3245 φωτοειδοῦς

570 3273 705 3326 stoli
747 3269 1018 3328 inell'abili
1065 3277 1124 3323 et
1181 3266 1466 3333 incognito
1518 3265 1682 3318 modo
1728 3263 1796 3319 ad
1835 3263 1933 3320 Dei
1987 3279 2153 3334 quam

572 3363 758 3418 omnia
781 3361 1010 3416 omnino
1038 3374 1388 3430 quaecunque
1421 3359 1698 3413 exsistunt
1722 3356 2014 3427 percipere
2059 3372 2158 3412 ne-

573 3463 788 3532 queunt
821 3461 1152 3524 potestatem
1183 3461 1351 3522 atque
1392 3452 1622 3522 gloriam
1665 3450 1893 3521 mystice
1924 3449 2154 3506 deducti

572 3554 726 3610 sunt,
759 3545 890 3599 dum
927 3545 1110 3598 lucem
1158 3533 1307 3612 quod
1361 3540 1620 3596 sensibus
1656 3555 1850 3593 eorum
1900 3540 2158 3610 apparuit

573 3638 821 3709 mysterii
853 3637 1199 3697 obscuritate
1227 3634 1356 3689 tecti
1381 3634 1690 3705 symbolum
1713 3649 1836 3688 esse
1859 3633 2151 3688 docentur.

573 3714 709 3790 Nam
751 3727 1222 3799 quemadmodum
1252 3727 1344 3786 hic
1378 3726 1519 3781 lucis
1546 3742 1670 3796 quae
1713 3725 1927 3780 ell‘ulsit
1965 3725 2155 3781 radius

570 3823 861 3881 oculorum
892 3823 1067 3876 aciem
1095 3827 1320 3890 superat
1342 3827 1400 3873 et
1431 3817 1896 3888 imperceptibilis
1917 3817 2002 3872 eis
2023 3833 2154 3888 per-

573 3923 781 3980 manet,
806 3917 880 3970 ita
906 3915 1077 3969 etiam
1117 3913 1229 3975 illic
1263 3913 1408 3966 Deus
1430 3927 1652 3967 omnem
1685 3913 1890 3968 mentis
1920 3920 2154 3982 superat

571 4007 684 4061 vim
729 4016 786 4062 et
820 4008 1022 4071 aciem,
1085 4021 1269 4075 neque
1309 4007 1479 4059 ullam
1513 4004 1646 4059 dum
1693 4005 1920 4060 videtur
1965 4005 2017 4060 ei
2055 4004 2153 4074 qui

573 4101 886 4172 periculum
917 4098 1145 4154 videndi
1185 4098 1319 4152 facit
1366 4099 1810 4168 qualemcunque
1852 4098 2152 4168 imaginem

573 4189 850 4244 concedit.
878 4191 984 4244 Per
1009 4189 1274 4243 candidas
1306 4204 1442 4244 vero
1469 4198 1656 4244 vestes
1681 4189 2152 4260 magniﬁcentiam

573 4290 956 4335 creaturarum
975 4321 990 4346 ,
1013 4277 1324 4333 rationibus
1343 4279 1649 4341 secundum
1681 4295 1819 4349 quas
1845 4279 2003 4338 facta:
2024 4287 2155 4336 sunt

573 4371 864 4442 aequalem,
897 4379 1064 4440 atque
1094 4368 1463 4441 signiﬁcatum
1492 4370 1549 4424 in
1575 4370 1766 4426 verbis
1798 4386 1972 4427 sacra:
2005 4372 2154 4428 Scri-

577 4471 756 4536 ptura:
782 4459 1108 4531 mysterium
1134 4459 1327 4514 eadem
1353 4468 1411 4514 et
1451 4475 1560 4514 una
1605 4461 1719 4516 Deo
1751 4462 2154 4519 convenienter

2258 3266 2647 3338 λαμπρότητος
2694 3267 2836 3338 πρὸς
2895 3268 2997 3338 τὴν
3049 3269 3187 3320 πᾶσι
3242 3268 3486 3322 καθόλου
3532 3270 3635 3332 τοῖς
3683 3261 3800 3319 οὖσιν

2256 3359 2500 3428 ἄληπτον
2533 3356 2631 3411 τοῦ
2655 3355 2794 3411 Θεοῦ
2838 3357 3120 3426 μυστικῶς
3158 3358 3209 3411 oi
3251 3359 3646 3432 τρισμακάριοι
3693 3354 3798 3417 ιωισ

2258 3448 2439 3504 στολοι
2490 3448 2635 3505 κατὰ
2662 3448 2725 3501 τὸ
2772 3447 3016 3521 ἄρρητον
3067 3465 3129 3500 τε
3179 3449 3278 3503 καὶ
3335 3451 3611 3518 ἄγνωστον
3657 3449 3798 3516 ίχειρο

2257 3543 2573 3612 αγωγοῦντο
2619 3541 2851 3612 δύναμίν
2878 3558 2940 3601 τε
2984 3541 3279 3609 καὶδόξαν,
3309 3541 3417 3612 τῆς
3445 3540 3671 3612 ἀφανοῦς
3693 3555 3796 3609 κρυ-

2259 3631 2515 3703 φιότητος
2556 3632 2619 3684 τὸ
2643 3631 2813 3702 φανὲν
2862 3631 3050 3694 αὐτοῖς
3103 3632 3242 3702 πρὸς
3288 3632 3395 3703 τὴν
3456 3631 3686 3700 αἴσθησιν
3708 3628 3797 3696 φῑῖις

2258 3723 2527 3796 σύμϐολον
2552 3720 2694 3777 εἶναι
2739 3723 3125 3795 μανθάνοντες.
3172 3722 3264 3787 Ὣς
3319 3725 3437 3796 γὰρ
3473 3722 3685 3776 ἐνταῦθα
3724 3717 3796 3772 τοῦ

2255 3817 2550 3888 γενομένου
2577 3816 2755 3888 φωτὸς
2795 3816 2896 3889 τὴν
2922 3817 3032 3872 τῶν
3074 3816 3376 3889 ὀφθαλμῶν
3408 3820 3533 3889 νικᾷ
3561 3816 3797 3886 ἐνέργειαν

2257 3910 2493 3980 ηάκτὶς,
2525 3908 2814 3982 ἀχώρητος
2861 3910 3048 3974 αὐτοῖς
3093 3911 3456 3980 διαμένουσα,
3508 3910 3638 3965 οὕτω
3670 3903 3797 3963 κάκεῖ

2255 4002 2388 4067 Θεὸς
2418 4005 2604 4058 πᾶσαν
2643 4008 2762 4067 νοὸς
2790 4002 3026 4074 δύναμιν
3056 4003 3382 4074 ὑπερϐαίνει
3414 4005 3509 4058 καὶ
3538 4003 3793 4073 ἐνέργειαν.

2257 4095 2443 4175 (160
2497 4095 2550 4164 θ)
2596 4096 2705 4148 (ὧδ’
2765 4096 2902 4160 ὅλως
2943 4095 3087 4164 "ait!
3148 4097 3226 4166 τῷ
3272 4098 3514 4160 νοεῖσθαι
3570 4095 3640 4164 τῷ
3684 4092 3794 4145 νοεῖν

2254 4187 2582 4260 πειρωμένῳ
2630 4188 2721 4241 τὸν
2775 4187 2983 4248 οίονοῦν
3038 4188 3208 4247 τύπον
3262 4189 3445 4259 ἀφείς,
3493 4189 3588 4243 Διὰ
3623 4187 3671 4240 δὲ
3706 4183 3792 4235 τῶν

2253 4278 2466 4333 λευκῶν
2513 4279 2745 4350 ἱματίων
2775 4279 2878 4351 τήν
2918 4295 2978 4332 τε
3009 4280 3067 4334 ιν
3103 4281 3214 4342 τοῖς
3242 4280 3537 4351 κτίσμασιν
3557 4276 3791 4341 ἀναλόγως

2252 4372 2368 4434 τοῖς
2413 4369 2536 4424 καθ’
2592 4368 2685 4433 οὒς
2711 4369 3036 4440 γεγένηνται
3081 4367 3262 4436 λόγοις
3289 4367 3677 4440 μεγαλουργίαν
3715 4364 3788 4416 καὶ

2253 4460 2353 4540 τὴν
2407 4462 2468 4515 ὲν
2521 4463 2634 4524 τοῖς
2681 4463 2894 4532 ῥήμασι
2952 4460 3053 4530 τῆς
3100 4459 3262 4529 ἁγίας
3322 4461 3546 4539 Γρᾳφῆς
3588 4459 3710 4515 κατὰ
3741 4456 3791 4508 τὸ

575 4529 853 4620 didicere,
883 4553 1089 4630 quippe
1117 4551 1248 4623 quia
1295 4552 1391 4608 Dei
1435 4555 1717 4625 agnitione
1761 4566 1872 4612 tam
1917 4557 2156 4612 Littera-

2257 4529 2548 4625 νοούμενον
2599 4529 3016 4623 μυσταγωγίαν
3063 4553 3124 4608 ἑν
3190 4529 3383 4624 ταύτῷ*
3549 4553 3654 4623 ἅμα
3696 4549 3788 4602 ﬂeo:

576 4663 696 4700 rum
715 4644 878 4700 simul
911 4647 1189 4700 revelatur
1219 4649 1524 4703 secundum
1557 4648 1828 4719 Spiritum
1849 4650 1957 4717 vis,
1984 4666 2152 4721 quam

569 4754 760 4795 rerum
793 4738 1147 4793 conditarum
1181 4740 1489 4794 secundum
1511 4757 1638 4796 eum
1669 4743 1945 4813 sapientia
1972 4753 2030 4798 et
2053 4760 2152 4800 co-

568 4831 772 4900 gnitio,
809 4831 1019 4900 quibus
1075 4844 1274 4885 rursus
1336 4831 1453 4900 ipse
1495 4847 1868 4903 congruenter
1917 4835 2154 4891 manife-

571 4932 774 4990 statur.
813 4923 921 4978 Per
944 4923 1166 4994 Moysen
1199 4938 1332 4977 vero
1356 4931 1413 4976 et
1440 4923 1617 4978 Eliam
1646 4926 1740 4994 qui
1767 4927 2026 4996 utrinque
2059 4927 2167 4985 ad--

570 5020 734 5069 erant
769 5012 822 5068 ei
850 5041 920 5055 --
945 5029 1072 5068 nam
1141 5013 1250 5068 hoc
1298 5013 1788 5084 contemplationis
1825 5016 1893 5070 ad
1942 5017 2155 5087 disqui-

574 5103 812 5158 rendum
851 5109 1141 5173 superest,
1168 5133 1241 5144 -ο
1269 5104 1475 5159 multos
1503 5105 1658 5176 juxta
1694 5106 1866 5161 multa
1911 5107 2150 5178 cogitata

573 5189 645 5243 de
672 5190 758 5244 eis
788 5205 1027 5261 quorum
1062 5193 1331 5268 imagines
1355 5197 1655 5266 propositae
1683 5206 1845 5253 erant
1875 5198 2153 5270 mysteriis

577 5294 677 5348 per
696 5295 890 5335 veram
913 5285 1444 5355 contemplationem
1493 5288 1776 5361 gnosticos
1817 5299 2153 5360 receperunt

580 5371 794 5427 modos.

649 5511 675 5552 κ
705 5503 896 5560 Matth.
930 5522 1060 5574 xvu,
1088 5506 1144 5562 2.

651 5687 700 5722 ⁸⁸
727 5689 957 5757 οὐδόλως
997 5691 1122 5748 cod.
1151 5691 1296 5748 Gud.
1335 5691 1561 5765 ubique.

2257 4645 2489 4718 πρεπῶς
2538 4645 2901 4708 ἐδιδάσκοντο,
2943 4637 3034 4698 οἷα
3082 4647 3151 4715 τῇ
3208 4645 3501 4716 ἐπιγνώσει
3549 4643 3634 4698 τοῦ
3678 4637 3787 4694 Θεοῦ

2261 4736 2797 4808 συναναφαινομένης
2824 4735 2922 4808 τῆς
2943 4752 3005 4789 τε
3030 4736 3310 4806 γραφικῆς
3341 4739 3486 4792 κατὰ
3515 4737 3574 4790 τὸ
3608 4733 3785 4801 πνεῦμα

2259 4828 2546 4900 δυνάμεως
2575 4831 2670 4882 καὶ
2693 4828 2794 4897 τῆς
2813 4829 2870 4881 ὲν
2897 4828 3011 4889 τοῖς
3031 4827 3295 4898 κτίσμασι
3327 4829 3452 4890 κατ’
3479 4827 3606 4882 αὐτὸ
3630 4823 3787 4902 σοφίας

2261 4921 2356 4975 καὶ
2381 4919 2658 4990 γνώσεως,
2695 4920 2764 4972 δι’
2803 4911 2878 4974 ὧν
2914 4917 3082 4974 πάλιν
3121 4920 3286 4984 αὑτὸς
3329 4921 3602 4990 ἀναλόγως
3623 4914 3781 4986 inpal-

2258 5031 2432 5068 νεται.
2464 5016 2564 5068 Διά
2597 5015 2658 5067 δὲ
2701 5014 2962 5078 Μωῦσέος
3001 5015 3099 5068 καὶ
3131 5014 3312 5069 Ἠλίου
3355 5015 3464 5069 τῶν
3491 5007 3782 5084 ἑκατέρωθεν

2257 5106 2410 5178 αὐτῷ
2463 5107 2731 5161 συνόντων
2795 5106 2974 5177 (τοῦτο
3022 5107 3135 5180 γὰρ
3193 5109 3274 5170 είς
3313 5107 3414 5180 τὴν
3452 5106 3675 5175 ἐξέτασιν
3705 5101 3781 5170 τῆς

2257 5198 2495 5272 θεωρίας
2533 5199 2822 5269 λείπεται),
2877 5185 3108 5264 πολλοὺς
3133 5201 3275 5254 κατὰ
3313 5201 3514 5265 πολλὰς
3561 5196 3779 5256 ἐπινοίας.

2257 5285 2335 5346 ὧν
2396 5293 2562 5347 τύποι
2630 5291 3033 5364 προεϐέϐληντο
3079 5293 3395 5366 μυστηρίων
3463 5295 3530 5348 δι’
3587 5283 3782 5361 ἀληθοῦς

2259 5383 2493 5457 θεωρίας
2529 5387 2864 5456 γνωστικοὺς
2892 5386 3212 5458 ὑπεδέχοντο
3235 5387 3486 5460 τρόπους.
3711 5397 3720 5405 ’

1869 5610 2101 5670 ΥΑΙΗᾸΞ
2143 5611 2548 5669 LECTIONES.
