4014 6284
229 367 368 433 1161

337 481 559 550 Θεωρία
602 482 690 548 είς
724 482 831 537 τὸν
860 481 1136 553 Μωῦσῆν
1172 485 1274 539 καί
1316 486 1421 541 τὸν
1474 490 1696 549 Ἠλίαν.

292 595 379 650 A'.
428 597 539 650 Καὶ
570 596 787 667 πρῶτον
840 597 944 669 μὲν
985 599 1087 670 τὴν
1129 599 1260 671 περὶ
1297 600 1391 655 τοῦ
1436 602 1547 656 δεῖν
1582 604 1799 665 πάντως

217 690 467 741 συνεῖναι
495 687 572 758 τῷ
601 688 761 759 Λόγῳ
789 691 881 744 καὶ
909 690 1145 760 Θεῷτόν
1170 710 1230 745 τε
1259 693 1304 723 ⁸⁸
1332 695 1555 763 νομικὸν
1587 696 1682 748 καὶ
1709 698 1801 749 τὸν

214 780 570 849 προφητικὸν
604 780 762 848 λόγον
803 782 891 849 διὰ
918 784 1201 847 Μωῦσέως
1225 786 1320 838 καὶ
1368 785 1549 839 Ἠλίου
1580 786 1801 840 εύσεὸεο

216 871 432 939 στάτην
462 871 768 940 ἐλάμϐανον
798 872 1029 939 ἔννοιαν,
1081 874 1157 938 ὡς
1208 874 1268 940 ἐξ
1319 876 1482 931 αὑτοῦ
1532 878 1628 929 καὶ
1670 877 1802 951 περὶ

212 960 392 1015 αὑτοῦ
420 963 515 1017 καὶ
534 963 693 1028 ὄντας
723 965 819 1019 καὶ
859 966 1327 1036 ἀπαγγέλλοντας,
1358 970 1452 1023 καὶ
1476 970 1607 1042 περὶ
1636 970 1799 1024 αὐτὸν

216 1052 564 1125 ἱδρυμένουςο

290 1146 369 1199 B'.
419 1142 550 1199 Εἶτα
598 1146 790 1215 σοφίαν
825 1150 919 1205 καὶ
962 1150 1304 1223 χρηστότητα
1339 1152 1604 1207 συνοῦσαν
1647 1153 1798 1225 αὐτῷ

208 1237 308 1291 διὰ
349 1239 459 1291 τῶν
493 1240 674 1293 αὐτῶν
704 1241 1071 1309 ἐπαιδεύοντο,
1100 1245 1197 1315 τὴν
1235 1246 1333 1314 μὲν
1362 1248 1444 1309 ὅτι
1475 1247 1597 1301 κατ’
1626 1247 1799 1318 αὐτὴν

207 1329 637 1402 διαγορευτικός
676 1333 794 1385 ἐστι
826 1334 934 1387 τῶν
963 1337 1233 1407 ποιητέων
1274 1341 1303 1392 ὁ
1341 1338 1498 1409 λόγος
1520 1379 1536 1404 ,
1564 1341 1658 1393 καὶ
1689 1343 1797 1392 ἀπ-

206 1423 578 1493 αγορευτικὸς
612 1423 722 1479 τῶν
768 1426 832 1479 ού
868 1429 1181 1496 ποιητέων,
1239 1426 1309 1502 ἧς
1362 1431 1531 1496 τύπος
1581 1434 1795 1503 ὑπῆρχε

209 1516 465 1585 limosi};
501 1517 719 1587 (σοφίας
754 1518 864 1590 γὰρ
892 1519 990 1589 τὴν
1017 1519 1116 1591 τῆς
1163 1520 1484 1592 νομοθεσίας
1515 1519 1655 1579 εἶναι
1703 1543 1795 1578 πι-

209 1606 487 1677 στεύομεν
522 1608 729 1680 χάριν),
761 1610 859 1679 τὴν
896 1611 953 1664 δὲ
988 1612 1071 1667 ὃτι
1108 1615 1228 1667 κατ’
1261 1614 1432 1684 αὐτὴν
1464 1633 1797 1687 προτρεπτι-

206 1704 311 1768 κός
344 1708 464 1761 ἐστι
498 1706 593 1761 καὶ
629 1708 1055 1779 ὲπιστρεπτικδς
1100 1710 1238 1779 πρδς
1286 1710 1384 1781 τὴν
1432 1712 1585 1767 θείαν
1627 1713 1792 1784 ζωὴν,

204 1796 326 1849 τῶν
387 1798 559 1868 αὐτῆς
616 1800 1142 1872 ἀπολισθησάντων,
1196 1798 1265 1875 ἦς
1316 1804 1487 1868 τύπος
1547 1805 1792 1876 ὑπῆρχεν
1823 1830 1866 1885 Β

222 1886 441 1952 Ἠλίας,
470 1889 537 1943 δι’
565 1892 759 1945 ἑαυτοῦ
798 1892 919 1947 ὅλον
959 1894 1020 1947 τὸ
1060 1895 1401 1965 προφητικὸν
1427 1896 1603 1967 δηλῶν
1632 1898 1790 1969 χάρι-
1814 1912 1829 1928 ⁸

207 1999 351 2053 σμα.
387 1984 565 2055 (161
612 1984 667 2056 a)
710 1986 1092 2058 Χρηστότητος
1128 1988 1238 2060 γὰρ
1280 1989 1432 2053 θείας
1492 1990 1622 2043 ίδιον
1652 1989 1793 2059 γνῶ·

210 2094 415 2148 ρισμα,
432 2078 541 2131 τῶν
565 2078 1002 2150 πεπλανημένων
1026 2080 1058 2149 ὴ
1084 2079 1220 2150 μετά
1240 2080 1650 2151 φιλανθρωπίας
1675 2086 1793 2136 ὲπι-

206 2170 453 2241 στροφὴ,
491 2165 560 2243 ἦς
615 2172 867 2242 κήρυκας
922 2174 1049 2237 τοὺς
1087 2175 1375 2244 προφήτας
1424 2175 1789 2244 γινώσκομεν.

280 2261 363 2315 Γ¹.
398 2263 469 2314 Ἦ
499 2261 701 2329 γνῶσιν
729 2262 827 2315 καὶ
859 2262 1132 2327 παιδείαν,
1161 2263 1261 2335 τὴν
1298 2264 1396 2334 μὲν
1427 2264 1510 2317 ὃτι
1531 2264 1697 2318 καλοῦ
1731 2281 1789 2317 τε

204 2352 312 2405 καὶ
334 2354 510 2407 κακοῦ
535 2355 638 2423 τῆς
662 2354 777 2425 είδή
786 2372 923 2419 σεως
942 2357 1054 2419 τοῖς
1069 2355 1375 2427 ἀνθρώποις
1393 2356 1629 2427 ὑπάρχει
1647 2373 1789 2428 παρ-

204 2444 459 2506 εκτικός.
515 2444 749 2499 Δέδωκα
791 2445 921 2516 γὰρ,
982 2447 1139 2516 φησὶ,
1170 2448 1286 2515 ,πρὸ
1314 2446 1639 2517 προσώπου
1673 2465 1790 2502 σου

206 2536 337 2605 τὴν
383 2536 537 2605 ζωὴν
566 2540 667 2592 καὶ
723 2538 831 2592 τὸν
860 2538 1141 2607 Θάνατον,
1174 2543 1261 2610 ἐφ’
1288 2535 1334 2609 ᾧ
1374 2543 1471 2612 τὴν
1522 2542 1619 2611 μὲν
1651 2542 1790 2594 ἑλεῖν

203 2631 509 2701 αἱρεῖσθαι,
541 2630 635 2683 τὸν
677 2629 733 2684 δὲ
765 2634 979 2700 φυγεῖν,
1018 2634 1111 2685 καὶ⁴
1144 2633 1219 2703 μὴ
1253 2632 1329 2696 ὠς
1363 2632 1515 2703 καλῷ
1552 2650 1789 2704 περιπε-

205 2726 330 2776 σεῖν
354 2720 416 2788 ἐξ
441 2720 665 2789 ἀγνοίας
694 2721 773 2792 τῷ
795 2722 1021 2794 χείρονι,
1052 2725 1190 2794 ὅπερ
1220 2724 1459 2794 Μωῦσῆς
1490 2724 1788 2795 πεπραχὼς

202 2811 598 2884 ἀνηγόρευται,
630 2816 925 2886 προτυττῶν
967 2819 1026 2869 ἐν
1077 2816 1254 2887 ἑαυτῷ
1296 2817 1394 2887 τῆς
1428 2817 1689 2889 ἀληθείας
1720 2818 1789 2871 τὰ

205 2905 485 2974 σύμϐολα·
519 2906 618 2976 τὴν
657 2906 715 2962 δὲ
747 2908 831 2961 ὅτι
862 2908 973 2960 τῶν
999 2911 1113 2972 τοῖς
1138 2908 1399 2972 ἐναντίοις
1428 2910 1623 2980 ἀνέδην
1643 2927 1786 2982 χρω-

205 2996 394 3066 μένων
426 2999 568 3051 κατὰ
593 2997 687 3051 τὸν
722 2998 963 3070 Ἰσραὴλ,
1000 2993 1061 3053 οὗ
1092 3000 1388 3071 παιδευτὴς
1426 3000 1612 3063 Ἠλίας
1640 3001 1668 3054 ὁ
1694 3000 1789 3071 μέ-

201 3104 317 3156 γας
340 3088 579 3156 ἐγένετο,
611 3091 709 3145 καὶ
738 3091 1046 3161 μιγνύντων
1086 3092 1416 3162 ἀδιακρίτως
1457 3091 1525 3145 τὰ
1556 3090 1784 3161 ἄμικτα,

1464 380 1986 442 AMBIGUORUM
2027 388 2275 450 LIBER.
2300 420 2303 421 ν

3342 406 3476 472 1162

2179 497 2564 572 Contemplatio
2602 506 2655 559 in
2684 506 2897 578 Moysen
2918 518 2968 563 et
2996 511 3195 568 Etiam.

1975 607 2015 661 I.
2052 609 2230 680 Atque
2255 614 2491 682 primum
2522 618 2748 686 quidem
2788 619 2858 674 de
2913 637 2981 676 eo
3037 625 3184 692 quod
3225 626 3476 684 Sermoni

1902 714 1968 754 ac
2002 702 2116 757 Deo
2151 706 2294 760 ratio
2326 716 2437 762 tam
2462 710 2657 780 legalis
2692 727 2856 779 quam
2890 715 3213 783 prophetica
3243 718 3477 775 deberet

1901 789 2092 847 adesse
2129 809 2228 863 per
2255 796 2473 868 Moysen
2497 808 2663 868 atque
2688 801 2861 855 Eliam
2889 802 3189 871 piissimam
3212 819 3479 876 ceperunt

1901 882 2206 950 notionem,
2252 897 2314 941 ut
2345 904 2488 957 quae,
2529 905 2599 945 ex
2625 906 2694 945 eo
2715 900 2773 946 et
2802 891 2871 946 de
2892 908 2960 948 eo
2997 904 3105 951 tam
3144 897 3478 954 exsisterent

1900 989 2064 1043 quam
2100 976 2517 1045 denuntiarent,
2545 990 2601 1036 et
2629 984 2777 1039 circa
2807 1001 2936 1040 eum
2956 986 3237 1043 collocata:
3265 1002 3472 1047 essent.

1970 1152 2036 1208 II.
2060 1155 2270 1213 Deinde
2301 1160 2627 1228 sapientiam
2649 1171 2814 1233 atque
2833 1166 3183 1221 clementiam
3206 1167 3258 1222 ei
3280 1168 3477 1225 adesse

1896 1256 2000 1311 per
2028 1246 2253 1300 eosdem
2289 1249 2602 1315 discebant,
2637 1254 2868 1309 alteram
2912 1255 3041 1324 quia
3074 1272 3175 1326 per
3208 1257 3353 1313 hanc
3379 1274 3475 1314 eo-

1900 1349 2023 1388 rum
2049 1352 2171 1406 quae
2206 1338 2457 1396 facienda
2490 1343 2816 1413 imperativa
2854 1354 2937 1400 est
2969 1347 3131 1411 ratio,
3174 1355 3230 1401 et
3280 1348 3471 1417 prohi-
3574 1358 3577 1361 '

1897 1425 2069 1483 bitiva
2093 1445 2289 1486 eorum
2324 1448 2445 1503 qua:
2475 1450 2583 1490 non
2613 1444 2744 1491 sunt
2776 1435 3051 1502 facienda,
3099 1440 3259 1508 cujus
3293 1440 3472 1509 imago

1897 1518 2113 1591 Moyses
2145 1533 2265 1578 erat
2295 1524 2442 1595 (nam
2470 1526 2755 1596 sapientia:
2779 1543 2902 1587 esse
2950 1530 3317 1599 lcgislationis
3345 1547 3471 1600 gra-

1898 1611 2029 1666 tiam
2061 1613 2359 1685 credimus)
2391 1659 2407 1683 ,
2443 1618 2674 1673 alteram
2715 1634 2850 1675 vero
2884 1618 3123 1676 invitare
3157 1629 3325 1691 atque
3371 1623 3472 1679 ad-

1895 1702 2107 1758 hortari
2145 1705 2213 1759 ad
2248 1706 2491 1762 divinam
2528 1708 2699 1763 vitam
2743 1724 2841 1763 eos
2882 1710 2979 1779 qui
3030 1725 3094 1764 ea
3138 1711 3467 1774 exciderint,

1896 1795 2055 1865 cujus
2082 1795 2259 1867 imago
2284 1807 2403 1852 erat
2430 1798 2599 1862 Elias,
2632 1799 3015 1869 propheticum
3064 1815 3230 1856 omne
3282 1818 3381 1872 per
3412 1818 3471 1859 se

1894 1887 2214 1957 signiﬁcans
2256 1891 2509 1960 gratiam.
2551 1891 2873 1948 Clementiae
2895 1892 3043 1947 enim
3089 1893 3290 1948 divina:
3343 1910 3471 1964 pro-

1891 1978 2077 2049 prium
2117 1978 2332 2048 insigne
2381 1991 2466 2037 est
2502 1982 2820 2037 adhortatio
2852 1999 2972 2054 qua:
3002 1982 3063 2038 ﬁt
3111 1998 3237 2038 cum
3280 1984 3474 2039 huma-

1891 2073 2066 2131 nitate
2121 2081 2177 2129 et
2222 2073 2589 2145 indulgentia,
2642 2073 2800 2145 cujus
2850 2090 3133 2144 praecones
3176 2076 3472 2146 prophetas

1893 2165 2171 2220 novimus.

1958 2258 2047 2312 III.
2076 2258 2169 2313 Vel
2194 2258 2564 2328 cognitionem
2584 2268 2639 2314 et
2669 2258 3063 2326 eruditionem,
3087 2259 3318 2314 alteram
3349 2260 3472 2330 qui-

1893 2346 2017 2407 dem
2049 2349 2198 2418 quod
2217 2349 2344 2403 boni
2381 2364 2445 2403 ac
2474 2350 2601 2403 mali
2649 2350 2937 2403 scientiam
2979 2351 3298 2407 hominibus
3328 2369 3469 2423 prae-

1889 2446 1999 2495 stat
2036 2439 2213 2493 :Dedi
2240 2441 2399 2505 enim,
2445 2440 2646 2510 inquit,
2678 2458 2859 2494 coram
2907 2442 3045 2512 facie
3093 2453 3183 2496 tua
3227 2445 3387 2497 vitam
3420 2453 3471 2499 et

1891 2542 2111 2587 mortem
2142 2530 2190 2597 ιι,
2224 2533 2454 2588 alteram
2481 2532 2549 2587 ad
2571 2532 2910 2604 eligendum,
2953 2534 3179 2589 alteram
3207 2535 3276 2589 ad
3314 2536 3471 2590 devi-

1891 2624 2141 2689 tandum,
2166 2633 2222 2679 et
2247 2640 2316 2679 ne
2337 2640 2404 2679 ex
2436 2623 2745 2693 ignorantia
2773 2640 2873 2694 pro
2901 2624 3046 2679 bono
3070 2625 3241 2697 pejori
3265 2643 3324 2683 se
3345 2628 3471 2697 quis

1892 2714 2106 2781 induat,
2140 2714 2196 2769 id
2218 2715 2363 2785 quod
2391 2714 2606 2785 Moyses
2639 2715 2836 2770 fecisse
2872 2717 3224 2771 renuntiatus
3247 2728 3468 2784 est,ve-

1890 2806 2071 2862 ritatis
2087 2806 2331 2878 symbola
2347 2805 2402 2860 in
2425 2821 2483 2859 se
2498 2805 2889 2875 praeformans;
2917 2806 3149 2862 alteram
3167 2825 3298 2863 vero
3313 2811 3462 2880 quod

1888 2914 2079 2955 eorum
2101 2898 2154 2952 in
2172 2898 2358 2963 Israel,
2388 2897 2545 2967 cujus
2567 2906 2873 2966 praeceptor
2909 2914 3138 2968 magnus
3160 2900 3304 2954 Elias
3328 2910 3460 2963 erat,

1886 2992 1981 3062 qui
2003 2992 2179 3062 palam
2204 3000 2260 3047 et
2283 2990 2632 3059 impudenter
2660 2990 3066 3045 contrariorum
3091 3007 3249 3046 usum
3270 3008 3440 3062 seque

1889 3085 2093 3140 bantur
2135 3080 2547 3154 separandaque
2589 3080 2975 3136 indiD‘erenter
3025 3081 3461 3148 coniundebant.

201 3181 310 3251 τῆς
339 3181 667 3250 ἀδιαφορίας
705 3184 826 3236 ἐστὶ
865 3183 1207 3247 κολαστικὺς,
1242 3182 1471 3238 καὶτῶν
1504 3183 1785 3247 παντελῶς

1894 3182 2105 3232 coercet
2137 3174 2606 3236 indifferentiam.
2651 3180 2706 3227 et
2755 3172 2901 3243 quod
2955 3189 3148 3229 eorum
3190 3174 3284 3243 qui
3322 3175 3467 3229 malo

199 3272 286 3341 τῷ
320 3272 483 3342 κακῴ
508 3273 981 3344 προστεθειμένων
1006 3275 1104 3345 τὴν
1130 3276 1315 3329 ἄνοιαν
1348 3276 1442 3329 καὶ
1466 3274 1565 3345 τὴν
1588 3274 1784 3346 πώρω-

202 3382 296 3418 σιν
321 3366 404 3427 εἰς
436 3366 645 3418 ἔννοιαν
672 3365 843 3434 ἄγων,
874 3365 954 3429 ὡς
991 3366 1171 3434 λόγος,
1209 3366 1305 3420 καὶ
1331 3366 1582 3435 αίσθησιν
1607 3368 1674 3419 θ’.

275 3460 358 3514 A’.
385 3458 459 3509 ’Ἡ
507 3458 708 3530 πρᾶξιν
746 3459 842 3511 καὶ
894 3457 1149 3528 θεωρίαν,
1190 3459 1292 3528 τὴν
1331 3460 1430 3529 μὲν
1473 3459 1550 3521 ὡς
1584 3458 1783 3521 κακίας

201 3547 588 3619 ἀναιρετικὴν,
619 3549 712 3602 καὶ
746 3548 956 3619 κόσμου
984 3548 1049 3601 δι’
1083 3548 1395 3612 ἐπιδείξεως
1418 3548 1626 3619 ἀρετῶν
1657 3550 1784 3611 τοὺς

200 3640 276 3694 δι’
304 3641 477 3711 αὐτῆς
500 3640 804 3711 ἀγομένους
832 3640 1109 3703 παντελῶς
1134 3641 1271 3693 κατὰ
1297 3640 1539 3695 διάθεσιν
1558 3640 1784 3708 τέμνου-

205 3751 333 3797 σαν,
390 3732 467 3795 ὡς
510 3732 749 3803 Μωῡτῆς
782 3735 881 3802 τῆς
928 3732 1207 3799 Αἰγύπτου
1251 3732 1344 3785 τὸν
1406 3731 1653 3802 Ἰσραὴλ,
1688 3731 1783 3784 καὶ

203 3824 379 3887 θείοις
408 3821 593 3894 νόμοις
621 3822 713 3875 τοῦ
755 3823 1085 3892 Πνεύματος
1118 3822 1384 3885 εὐπειθῶς
1422 3821 1782 3876 παιδεύουσαν

202 3914 466 3984 άγεσθαι’
518 3917 618 3985 τὴν
661 3915 718 3969 δὲ
754 3916 835 3978 ὡς
874 3915 1007 3985 ὕλης
1055 3915 1151 3969 καὶ
1200 3915 1373 3978 είδους
1407 3914 1778 3985 ἀρπάζουσαν,

204 4010 285 4072 ὡς
316 4008 415 4061 τὸν
451 4007 635 4061 Ἠλίαν
664 4007 726 4060 τὺ
754 4009 819 4060 ἐκ
846 4007 1017 4077 πυρὸς
1043 4006 1222 4078 ἅρμα,
1258 4008 1353 4060 καὶ
1382 4007 1500 4078 Θεῴ
1528 4006 1616 4061 διὰ
1646 4006 1782 4073 γνώς

208 4117 353 4163 σεως
379 4099 765 4169 προσάγουσαν
797 4116 858 4152 τε
892 4099 985 4151 καὶ
1018 4100 1395 4170 συνάπτουσαν
1436 4099 1540 4152 ὑπὸ
1582 4099 1752 4170 σαρκό
1764 4117 1782 4162 ;

210 4193 336 4264 μηδ’
368 4166 549 4246 ὁτιοῦν
591 4193 962 4263 βαρουμένους
984 4233 999 4257 ,
1033 4166 1122 4245 δέὰ
1168 4192 1267 4263 τὴν
1313 4191 1409 4245 τοῦ
1457 4192 1580 4246 κατ’
1610 4166 1781 4261 αύτὴν

206 4287 375 4354 νόμου
410 4283 738 4355 άθέτησιν,ἢ
770 4286 1002 4355 ὲπάρσει
1038 4285 1159 4338 καθ’
1183 4284 1360 4338 ὁτιοῦν
1384 4286 1476 4338 ἐπὶ
1504 4288 1616 4349 τοῖς
1646 4302 1779 4337 κατ·

204 4376 492 4447 ορθώμασι
545 4377 943 4446 φλεγομένους,
977 4376 1066 4431 διὰ
1129 4377 1228 4447 τὴν
1268 4376 1624 4447 συνημμένην
1660 4380 1780 4440 ταῖς

202 4467 375 4532 ὅντως
415 4469 637 4538 ἀρεταῖς
665 4468 859 4539 δρόσον
887 4469 986 4536 τῆς
1012 4468 1284 4537 πτωχείας
1311 4468 1406 4519 τοῦ
1447 4467 1773 4535 πνεύματος.

278 4561 355 4617 E'.
382 4563 456 4613 Ἢ
489 4562 651 4623 πάλιν
678 4561 750 4614 τὰ
783 4561 961 4632 (161
989 4561 1040 4628 ὁ)
1066 4561 1211 4614 κατά
1240 4560 1332 4613 τὸν
1362 4560 1537 4630 γάμον
1555 4560 1650 4613 καὶ
1678 4559 1777 4630 τὴν

1891 3284 2120 3339 prorsus
2151 3282 2210 3322 se
2265 3266 2603 3321 addixerunt
2640 3266 2939 3323 amentiam
2993 3276 3049 3320 et
3084 3267 3349 3323 duritiem
3397 3266 3465 3321 ad

1889 3356 2239 3427 sapientiam,
2284 3365 2343 3410 ut
2371 3355 2535 3417 ratio,
2567 3364 2622 3409 et
2648 3370 2872 3410 sensum
2903 3355 3152 3411 deducit.

1965 3448 2052 3504 IV.
2100 3448 2194 3504 Vel
2241 3448 2517 3502 actionem
2554 3456 2613 3501 et
2650 3448 3196 3517 contemplationem,
3235 3448 3465 3505 alteram

1890 3540 2037 3611 quod
2079 3539 2345 3593 malitiam
2388 3539 2534 3596 tollit
2584 3549 2641 3594 et
2678 3540 2981 3595 virtutibus
3016 3540 3324 3609 propositis
3367 3556 3465 3596 eos

1888 3633 1982 3702 qui
2048 3631 2141 3685 illa
2195 3641 2437 3703 aguntur
2493 3632 2800 3697 secundum
2854 3632 3113 3687 affectum
3160 3648 3389 3702 prorsus
3434 3651 3465 3689 a

1890 3720 2095 3775 mundo
2146 3729 2394 3785 resecat,
2434 3729 2497 3775 ut
2544 3721 2759 3791 Moyses
2806 3720 3062 3775 lsraelem
3099 3721 3169 3775 ab
3207 3720 3461 3792 IEgypto,

1887 3812 2201 3883 divinisque
2235 3812 2526 3882 prmeeptis
2572 3812 2628 3865 in
2677 3811 2921 3882 Spiritus
2960 3812 3231 3883 obsequio
3278 3813 3464 3869 vivere

1889 3905 2165 3969 instituit;
2203 3904 2431 3958 alteram
2462 3918 2595 3959 vero
2624 3913 2683 3958 ut
2711 3904 2781 3958 ab
2824 3905 3052 3959 materia
3076 3912 3241 3973 atque
3287 3905 3464 3960 forma

1887 3996 2275 4065 abripientem,
2298 3994 2761 4065 quemadmodum
2786 4011 2988 4051 currus
3004 3996 3209 4067 ignitus
3228 3997 3459 4063 Eliami,

1848 4132 1849 4135 η
1888 4102 2096 4157 perque
2130 4086 2502 4157 cognitionem
2534 4086 2647 4142 Deo
2677 4087 3045 4143 adducentem
3094 4098 3153 4144 et
3198 4091 3463 4158 c0pulan-

1890 4189 2000 4233 tem
2047 4194 2213 4235 carne
2259 4178 2398 4232 nihil
2452 4186 2709 4248 gravatos
2738 4188 2963 4248 propter
3000 4179 3347 4250 reprobatam
3384 4181 3461 4234 is-

1889 4273 1999 4326 tius
2039 4272 2235 4342 legem,
2268 4280 2362 4324 aut
2414 4270 2523 4324 ulla
2557 4270 2624 4324 de
2666 4280 2814 4325 recte
2854 4270 3014 4326 factis
3053 4273 3316 4341 superbia
3361 4274 3459 4328 ﬂa-

1887 4373 2126 4435 grantes,
2166 4370 2394 4432 propter
2420 4378 2599 4417 rorem
2636 4363 2865 4434 spiritus
2897 4362 3252 4434 indigentiae,
3312 4367 3460 4422 veris

1888 4454 2189 4509 virtutibus
2215 4454 2595 4524 eonjunctum.

1957 4567 2017 4621 V.
2051 4566 2145 4620 Vel
2182 4580 2376 4619 rursus
2413 4564 2752 4619 matrimonii
2781 4575 2839 4619 et
2872 4568 3156 4623 caelibatus
3196 4566 3459 4637 mysteria

206 4655 454 4725 ἀγαμίαν
481 4655 753 4724 μυστήρια
779 4654 933 4723 παρὰ
957 4652 1034 4722 τῷ
1064 4652 1223 4722 Λόγῳ
1248 4648 1387 4706 εἷναι
1416 4652 1781 4721 μανθάνοντες

1894 4658 2133 4713 tomitari
2162 4658 2485 4711 Sermonem
2510 4655 2691 4709 edocti
2731 4672 2828 4725 per
2853 4658 3074 4729 Moysen
3105 4667 3256 4720 sunt,
3290 4674 3457 4727 quem

206 4746 296 4800 διὰ
324 4745 630 4811 Μωῦσέως,
665 4744 758 4797 τοῦ
788 4743 875 4797 διὰ
901 4742 1078 4812 γάμον
1118 4743 1217 4813 τῆς
1245 4740 1395 4801 θείας
1425 4741 1657 4811 ἐραστοῦ
1688 4759 1781 4811 γε·

207 4840 396 4893 νὲσθαι
436 4837 595 4909 δόξης
652 4838 727 4909 μὴ
765 4836 1122 4900 κωλυθέντος,
1178 4837 1271 4889 καὶ
1309 4837 1397 4890 διὰ
1449 4836 1653 4904 Ἠλίου,
1683 4838 1780 4892 τοῦ

206 4930 486 4993 παντελῶς
506 4930 755 5000 γαμικῆς
782 4929 1079 4998 συναφείας
1106 4929 1349 5000 καθαροῦ
1382 4929 1778 5001 διαμείναντος,

205 5019 292 5077 οἷα
315 5022 411 5077 τοῦ
443 5024 620 5091 Λόγου
655 5022 751 5075 καὶ
777 5020 910 5074 Θεοῦ
937 5022 1064 5083 τοὺς
1100 5020 1245 5091 λόγῳ
1273 5020 1447 5075 ταῦτα
1478 5022 1779 5089 ίθύνοντας,

205 5117 348 5169 κατὰ
393 5117 519 5178 τοὺς
574 5114 812 5177 θειωδῶς
850 5114 980 5185 περὶ
1034 5114 1212 5166 αὐτῶν
1239 5115 1527 5185 κειμένους
1554 5116 1777 5187 νόμους,

208 5208 386 5279 ἑαυτῷ
428 5206 706 5279 μυστικῶς
736 5206 1093 5260 είσποιεῖσθαι
1140 5204 1526 5274 κηρύττοντος.

274 5305 365 5370 C.".
407 5302 477 5354 Ἦ
506 5300 653 5369 ζωῆς
694 5300 789 5352 καὶ
817 5298 1052 5353 θανάτου
1103 5298 1193 5352 διὰ
1224 5298 1332 5352 τῶν
1379 5299 1559 5353 αὐτῶν
1588 5300 1777 5374 κύριον

206 5395 413 5468 πιστῶς
437 5394 565 5447 ὄντα
585 5394 677 5446 τὸν
698 5392 871 5461 Λόγον
890 5392 1000 5461 πλη
1008 5390 1240 5463 ροφορού
1249 5409 1423 5462 μενοι.

272 5552 300 5592 ιι
331 5551 647 5635 Βθυιτικχ,
682 5548 770 5604 19.
852 5550 865 5588 ί
906 5548 970 5602 IV
999 5548 1133 5619 Reg.
1159 5564 1219 5611 ιι,
1256 5547 1343 5601 Η.

1883 4750 2297 4804 matrimonium
2322 4763 2432 4802 non
2468 4746 2759 4816 prohibuit
2787 4750 3086 4817 quominus
3126 4750 3181 4804 in
3211 4765 3456 4803 amorem

1881 4844 2084 4899 divinae
2134 4842 2323 4913 gloriae
2374 4840 2609 4905 veniret,
2665 4850 2721 4894 et
2767 4857 2863 4910 per
2911 4843 3128 4906 Eliam,
3178 4842 3273 4910 qui
3306 4841 3456 4894 omni

1881 4952 2112 5007 prorsus
2180 4932 2573 4989 matrimoniali
2637 4949 2783 4987 nexu
2838 4949 3059 5003 semper
3136 4931 3455 4987 abstinuit:

1881 5030 2087 5100 quippe
2120 5028 2316 5084 Sermo
2346 5043 2410 5082 c
2442 5028 2585 5083 Deus
2616 5043 2712 5083 eos
2742 5027 2838 5096 qui
2891 5025 3107 5078 ratione
3156 5024 3273 5077 haec
3316 5022 3458 5078 diri-

1882 5122 2333 5195 guntsecundum
2354 5122 2503 5192 leges
2519 5121 2589 5175 de
2608 5122 2691 5174 eis
2716 5120 2884 5173 rebus
2906 5117 3177 5172 divinitus
3198 5125 3453 5182 statutas,

1884 5215 2113 5285 mystice
2140 5213 2245 5268 sibi
2281 5211 2531 5281 adoptari
2565 5209 2879 5264 annuntiat.

1955 5307 2042 5361 VI.
2092 5306 2187 5361 Vel
2240 5304 2370 5359 vitae
2417 5309 2475 5357 et
2521 5300 2720 5355 mortis
2766 5299 3060 5353 Dominum
3101 5314 3293 5354 revera
3333 5315 3454 5355 esse
3518 5338 3521 5341 μ

1886 5400 2206 5455 Sermonem
2246 5412 2346 5461 per
2371 5394 2565 5450 eadem
2594 5392 3015 5463 persuasionem
3042 5393 3309 5447 tulerunt.
3398 5430 3399 5433 η

1518 5661 1744 5717 VARI/13
1782 5661 2185 5717 LECTIONES.

274 5797 322 5833 ⁸⁸
347 5797 591 5853 δὲιιαὺει
613 5797 1008 5869 apographum.
1083 5796 1129 5827 ’°
1179 5796 1372 5852 Manus
1423 5798 1645 5868 antiqua
1679 5801 1921 5857 correxit
1956 5799 2203 5870 αἴσθησις
2231 5798 2285 5851 in
2310 5796 2433 5851 cod.
2466 5792 2607 5851 Gud.

518 5892 792 5951 Ρλτιιοι..
826 5891 942 5951 Gn.
980 5888 1136 5951 XCI.

3054 5881 3124 5939 37
