  <div class='ocr_page' id='page_1' title='image "/cluster/home/n/w/nwhite01/storage/ocr_20150623/91/hvd.32044019208024/595.png"; bbox 0 0 4014 6284; ppageno 0'>
   <div class='ocr_carea' id='block_1_1' title="bbox 598 396 739 468">
    <p class='ocr_par' dir='ltr' id='par_1_1' title="bbox 598 396 739 468">
     <span class='ocr_line' id='line_1_1' title="bbox 598 396 739 468; baseline -0.007 -2"><span class='ocrx_word' id='word_1_1' title='bbox 598 396 739 468; x_wconf 76' lang='lat'><strong>1163</strong></span> 
     </span>
    </p>
   </div>
   <div class='ocr_carea' id='block_1_2' title="bbox 1716 394 2655 458">
    <p class='ocr_par' dir='ltr' id='par_1_2' title="bbox 1716 394 2655 458">
     <span class='ocr_line' id='line_1_2' title="bbox 1716 394 2655 458; baseline 0.003 -3"><span class='ocrx_word' id='word_1_2' title='bbox 1716 396 1778 457; x_wconf 93' lang='lat' dir='ltr'><strong>S.</strong></span> <span class='ocrx_word' id='word_1_3' title='bbox 1818 395 2104 456; x_wconf 83' lang='grc' dir='ltr'><strong>ΜΛΧΙΜΙ</strong></span> <span class='ocrx_word' id='word_1_4' title='bbox 2145 394 2655 458; x_wconf 81' lang='lat' dir='ltr'><strong>CONFESSORIS</strong></span> 
     </span>
    </p>
   </div>
   <div class='ocr_carea' id='block_1_3' title="bbox 3701 398 3830 464">
    <p class='ocr_par' dir='ltr' id='par_1_3' title="bbox 3701 398 3830 464">
     <span class='ocr_line' id='line_1_3' title="bbox 3701 398 3830 464; baseline 0.023 -3"><span class='ocrx_word' id='word_1_5' title='bbox 3701 398 3830 464; x_wconf 76' lang='grc' dir='ltr'><strong>ιια</strong></span> 
     </span>
    </p>
   </div>
   <div class='ocr_carea' id='block_1_4' title="bbox 667 500 2182 579">
    <p class='ocr_par' dir='ltr' id='par_1_4' title="bbox 667 500 2175 579">
     <span class='ocr_line' id='line_1_4' title="bbox 667 500 2175 579; baseline -0.007 -9"><span class='ocrx_word' id='word_1_6' title='bbox 667 513 782 571; x_wconf 78' lang='lat' dir='ltr'>VII.</span> <span class='ocrx_word' id='word_1_7' title='bbox 814 512 909 568; x_wconf 87' lang='lat' dir='ltr'><strong>Vel</strong></span> <span class='ocrx_word' id='word_1_8' title='bbox 937 513 1105 568; x_wconf 89' lang='lat' dir='ltr'><strong>etiam</strong></span> <span class='ocrx_word' id='word_1_9' title='bbox 1129 525 1323 566; x_wconf 90' lang='lat' dir='ltr'><strong>omnes</strong></span> <span class='ocrx_word' id='word_1_10' title='bbox 1349 510 1462 565; x_wconf 88' lang='lat' dir='ltr'><strong>Deo</strong></span> <span class='ocrx_word' id='word_1_11' title='bbox 1484 507 1695 572; x_wconf 79' lang='lat' dir='ltr'><strong>vivere,</strong></span> <span class='ocrx_word' id='word_1_12' title='bbox 1719 524 1823 564; x_wconf 90' lang='lat' dir='ltr'><strong>nec</strong></span> <span class='ocrx_word' id='word_1_13' title='bbox 1843 500 2175 579; x_wconf 87' lang='lat' dir='ltr'><strong>quemquam</strong></span> 
     </span>
    </p>
   </div>
   <div class='ocr_carea' id='block_1_5' title="bbox 2287 500 3852 579">
    <p class='ocr_par' dir='ltr' id='par_1_5' title="bbox 2352 506 3852 579">
     <span class='ocr_line' id='line_1_5' title="bbox 2352 506 3852 579; baseline 0.002 -19"><span class='ocrx_word' id='word_1_14' title='bbox 2352 509 2424 560; x_wconf 86' lang='lat' dir='ltr'><strong>Z’.</strong></span> <span class='ocrx_word' id='word_1_15' title='bbox 2469 511 2538 561; x_wconf 86' lang='grc' dir='ltr'><em>Ἢ</em></span> <span class='ocrx_word' id='word_1_16' title='bbox 2592 510 2686 562; x_wconf 83' lang='grc' dir='ltr'><strong>καὶ</strong></span> <span class='ocrx_word' id='word_1_17' title='bbox 2739 507 2798 561; x_wconf 81' lang='grc' dir='ltr'><strong>τὸ</strong></span> <span class='ocrx_word' id='word_1_18' title='bbox 2843 506 3053 571; x_wconf 77' lang='grc' dir='ltr'><strong>πάντας</strong></span> <span class='ocrx_word' id='word_1_19' title='bbox 3100 506 3200 578; x_wconf 79' lang='grc' dir='ltr'><strong>ζῇν</strong></span> <span class='ocrx_word' id='word_1_20' title='bbox 3241 506 3320 578; x_wconf 82' lang='grc' dir='ltr'><strong>τῷ</strong></span> <span class='ocrx_word' id='word_1_21' title='bbox 3351 506 3472 578; x_wconf 87' lang='grc' dir='ltr'><strong>Θεῷ</strong></span> <span class='ocrx_word' id='word_1_22' title='bbox 3527 507 3622 561; x_wconf 82' lang='grc' dir='ltr'><strong>καὶ</strong></span> <span class='ocrx_word' id='word_1_23' title='bbox 3655 509 3852 579; x_wconf 79' lang='grc' dir='ltr'><strong>μηδένα</strong></span> 
     </span>
    </p>
   </div>
   <div class='ocr_carea' id='block_1_6' title="bbox 597 599 2173 675">
    <p class='ocr_par' dir='ltr' id='par_1_6' title="bbox 597 599 2173 675">
     <span class='ocr_line' id='line_1_6' title="bbox 597 599 2173 675; baseline -0.004 -15"><span class='ocrx_word' id='word_1_24' title='bbox 597 606 828 660; x_wconf 87' lang='lat' dir='ltr'><strong>omnino</strong></span> <span class='ocrx_word' id='word_1_25' title='bbox 868 605 1014 675; x_wconf 88' lang='lat' dir='ltr'><strong>apud</strong></span> <span class='ocrx_word' id='word_1_26' title='bbox 1067 619 1193 658; x_wconf 91' lang='lat' dir='ltr'><strong>eum</strong></span> <span class='ocrx_word' id='word_1_27' title='bbox 1245 610 1526 656; x_wconf 90' lang='lat' dir='ltr'><strong>mortuum</strong></span> <span class='ocrx_word' id='word_1_28' title='bbox 1565 615 1689 656; x_wconf 91' lang='lat' dir='ltr'><strong>esse</strong></span> <span class='ocrx_word' id='word_1_29' title='bbox 1721 616 1822 671; x_wconf 90' lang='lat' dir='ltr'><strong>per</strong></span> <span class='ocrx_word' id='word_1_30' title='bbox 1858 600 2052 655; x_wconf 89' lang='lat' dir='ltr'><strong>eadem</strong></span> <span class='ocrx_word' id='word_1_31' title='bbox 2090 599 2173 654; x_wconf 87' lang='lat' dir='ltr'><strong>di-</strong></span> 
     </span>
    </p>
   </div>
   <div class='ocr_carea' id='block_1_7' title="bbox 601 691 2172 765">
    <p class='ocr_par' dir='ltr' id='par_1_7' title="bbox 601 691 2172 765">
     <span class='ocr_line' id='line_1_7' title="bbox 601 691 2172 765; baseline -0.006 -11"><span class='ocrx_word' id='word_1_32' title='bbox 601 698 881 760; x_wconf 85' lang='lat' dir='ltr'><strong>dicerunt,</strong></span> <span class='ocrx_word' id='word_1_33' title='bbox 929 705 1130 765; x_wconf 68' lang='lat' dir='ltr'><strong>praeter</strong></span> <span class='ocrx_word' id='word_1_34' title='bbox 1162 710 1288 750; x_wconf 89' lang='lat' dir='ltr'><strong>eum</strong></span> <span class='ocrx_word' id='word_1_35' title='bbox 1319 694 1412 762; x_wconf 90' lang='lat' dir='ltr'><strong>qui</strong></span> <span class='ocrx_word' id='word_1_36' title='bbox 1447 701 1677 763; x_wconf 87' lang='lat' dir='ltr'><strong>peccato</strong></span> <span class='ocrx_word' id='word_1_37' title='bbox 1723 707 1782 746; x_wconf 91' lang='lat' dir='ltr'><strong>se</strong></span> <span class='ocrx_word' id='word_1_38' title='bbox 1832 691 1950 761; x_wconf 92' lang='lat' dir='ltr'><strong>ipse</strong></span> <span class='ocrx_word' id='word_1_39' title='bbox 2000 691 2172 745; x_wconf 89' lang='lat' dir='ltr'><strong>morti</strong></span> 
     </span>
    </p>
   </div>
   <div class='ocr_carea' id='block_1_8' title="bbox 599 782 2174 856">
    <p class='ocr_par' dir='ltr' id='par_1_8' title="bbox 599 782 2174 856">
     <span class='ocr_line' id='line_1_8' title="bbox 599 782 2174 856; baseline -0.004 -11"><span class='ocrx_word' id='word_1_40' title='bbox 599 797 965 852; x_wconf 88' lang='lat' dir='ltr'><strong>auctorasset,</strong></span> <span class='ocrx_word' id='word_1_41' title='bbox 999 801 1170 856; x_wconf 84' lang='lat' dir='ltr'><strong>seque</strong></span> <span class='ocrx_word' id='word_1_42' title='bbox 1196 785 1505 840; x_wconf 88' lang='lat' dir='ltr'><strong>voluntaria</strong></span> <span class='ocrx_word' id='word_1_43' title='bbox 1537 783 1605 838; x_wconf 88' lang='lat' dir='ltr'><strong>ad</strong></span> <span class='ocrx_word' id='word_1_44' title='bbox 1635 783 1926 855; x_wconf 84' lang='lat' dir='ltr'><strong>passiones</strong></span> <span class='ocrx_word' id='word_1_45' title='bbox 1952 790 2009 838; x_wconf 90' lang='lat' dir='ltr'><strong>et</strong></span> <span class='ocrx_word' id='word_1_46' title='bbox 2035 782 2174 838; x_wconf 91' lang='lat' dir='ltr'><strong>vitia</strong></span> 
     </span>
    </p>
   </div>
   <div class='ocr_carea' id='block_1_9' title="bbox 599 877 1606 953">
    <p class='ocr_par' dir='ltr' id='par_1_9' title="bbox 599 877 1606 953">
     <span class='ocr_line' id='line_1_9' title="bbox 599 877 1606 953; baseline -0.005 -17"><span class='ocrx_word' id='word_1_47' title='bbox 599 881 948 953; x_wconf 87' lang='lat' dir='ltr'><strong>proclivitate</strong></span> <span class='ocrx_word' id='word_1_48' title='bbox 977 896 1008 934; x_wconf 92' lang='lat' dir='ltr'><strong>a</strong></span> <span class='ocrx_word' id='word_1_49' title='bbox 1040 878 1228 933; x_wconf 83' lang='lat' dir='ltr'><strong>Verbo</strong></span> <span class='ocrx_word' id='word_1_50' title='bbox 1259 877 1606 932; x_wconf 77' lang='lat' dir='ltr'><strong>abscidisset.</strong></span> 
     </span>
    </p>
   </div>
   <div class='ocr_carea' id='block_1_10' title="bbox 673 967 2176 1036">
    <p class='ocr_par' dir='ltr' id='par_1_10' title="bbox 673 967 2176 1036">
     <span class='ocr_line' id='line_1_10' title="bbox 673 967 2176 1036; baseline -0.003 -10"><span class='ocrx_word' id='word_1_51' title='bbox 673 973 806 1028; x_wconf 84' lang='lat' dir='ltr'>VIII.</span> <span class='ocrx_word' id='word_1_52' title='bbox 842 971 936 1026; x_wconf 80' lang='lat' dir='ltr'><strong>Vel</strong></span> <span class='ocrx_word' id='word_1_53' title='bbox 981 971 1150 1025; x_wconf 90' lang='lat' dir='ltr'><strong>etiam</strong></span> <span class='ocrx_word' id='word_1_54' title='bbox 1200 970 1266 1024; x_wconf 90' lang='lat' dir='ltr'><strong>ad</strong></span> <span class='ocrx_word' id='word_1_55' title='bbox 1311 969 1671 1030; x_wconf 84' lang='lat' dir='ltr'><strong>Sermonem,</strong></span> <span class='ocrx_word' id='word_1_56' title='bbox 1733 976 1796 1022; x_wconf 92' lang='lat' dir='ltr'><strong>ut</strong></span> <span class='ocrx_word' id='word_1_57' title='bbox 1847 967 1941 1036; x_wconf 88' lang='lat' dir='ltr'><strong>qui</strong></span> <span class='ocrx_word' id='word_1_58' title='bbox 1967 967 2176 1022; x_wconf 90' lang='lat' dir='ltr'><strong>veritas</strong></span> 
     </span>
    </p>
   </div>
   <div class='ocr_carea' id='block_1_11' title="bbox 599 1059 2175 1132">
    <p class='ocr_par' dir='ltr' id='par_1_11' title="bbox 599 1059 2175 1132">
     <span class='ocr_line' id='line_1_11' title="bbox 599 1059 2175 1132; baseline -0.006 -10"><span class='ocrx_word' id='word_1_59' title='bbox 599 1073 687 1122; x_wconf 91' lang='lat' dir='ltr'><strong>cst</strong></span> <span class='ocrx_word' id='word_1_60' title='bbox 727 1067 782 1130; x_wconf 85' lang='lat' dir='ltr'><strong>l,</strong></span> <span class='ocrx_word' id='word_1_61' title='bbox 824 1063 1021 1118; x_wconf 78' lang='lat' dir='ltr'><strong>referri</strong></span> <span class='ocrx_word' id='word_1_62' title='bbox 1048 1072 1103 1117; x_wconf 90' lang='lat' dir='ltr'><strong>et</strong></span> <span class='ocrx_word' id='word_1_63' title='bbox 1145 1077 1267 1116; x_wconf 90' lang='lat' dir='ltr'><strong>esse</strong></span> <span class='ocrx_word' id='word_1_64' title='bbox 1290 1060 1680 1132; x_wconf 71' lang='lat' dir='ltr'><strong>mysteriorum</strong></span> <span class='ocrx_word' id='word_1_65' title='bbox 1705 1060 1994 1130; x_wconf 90' lang='lat' dir='ltr'><strong>imagines,</strong></span> <span class='ocrx_word' id='word_1_66' title='bbox 2038 1059 2175 1114; x_wconf 88' lang='lat' dir='ltr'><strong>etin</strong></span> 
     </span>
    </p>
   </div>
   <div class='ocr_carea' id='block_1_12' title="bbox 601 1151 2175 1224">
    <p class='ocr_par' dir='ltr' id='par_1_12' title="bbox 601 1151 2175 1224">
     <span class='ocr_line' id='line_1_12' title="bbox 601 1151 2175 1224; baseline -0.003 -15"><span class='ocrx_word' id='word_1_67' title='bbox 601 1169 729 1210; x_wconf 89' lang='lat' dir='ltr'><strong>eum</strong></span> <span class='ocrx_word' id='word_1_68' title='bbox 756 1154 876 1224; x_wconf 88' lang='lat' dir='ltr'><strong>cogi</strong></span> <span class='ocrx_word' id='word_1_69' title='bbox 919 1162 975 1208; x_wconf 89' lang='lat' dir='ltr'><strong>et</strong></span> <span class='ocrx_word' id='word_1_70' title='bbox 1035 1153 1216 1207; x_wconf 91' lang='lat' dir='ltr'><strong>redire</strong></span> <span class='ocrx_word' id='word_1_71' title='bbox 1271 1161 1378 1206; x_wconf 90' lang='lat' dir='ltr'><strong>tam</strong></span> <span class='ocrx_word' id='word_1_72' title='bbox 1426 1152 1620 1222; x_wconf 88' lang='lat' dir='ltr'><strong>legalis</strong></span> <span class='ocrx_word' id='word_1_73' title='bbox 1656 1167 1820 1222; x_wconf 91' lang='lat' dir='ltr'><strong>quam</strong></span> <span class='ocrx_word' id='word_1_74' title='bbox 1861 1151 2175 1222; x_wconf 79' lang='lat' dir='ltr'><strong>prophetici</strong></span> 
     </span>
    </p>
   </div>
   <div class='ocr_carea' id='block_1_13' title="bbox 601 1243 2176 1318">
    <p class='ocr_par' dir='ltr' id='par_1_13' title="bbox 601 1243 2176 1318">
     <span class='ocr_line' id='line_1_13' title="bbox 601 1243 2176 1318; baseline -0.003 -16"><span class='ocrx_word' id='word_1_75' title='bbox 601 1247 787 1318; x_wconf 90' lang='lat' dir='ltr'><strong>operis</strong></span> <span class='ocrx_word' id='word_1_76' title='bbox 837 1254 1095 1316; x_wconf 81' lang='lat' dir='ltr'><strong>tanquam</strong></span> <span class='ocrx_word' id='word_1_77' title='bbox 1147 1245 1201 1299; x_wconf 92' lang='lat' dir='ltr'><strong>in</strong></span> <span class='ocrx_word' id='word_1_78' title='bbox 1239 1245 1576 1316; x_wconf 87' lang='lat' dir='ltr'><strong>principium</strong></span> <span class='ocrx_word' id='word_1_79' title='bbox 1645 1255 1702 1299; x_wconf 89' lang='lat' dir='ltr'><strong>et</strong></span> <span class='ocrx_word' id='word_1_80' title='bbox 1757 1243 1920 1298; x_wconf 85' lang='lat' dir='ltr'><strong>linem</strong></span> <span class='ocrx_word' id='word_1_81' title='bbox 1967 1243 2176 1299; x_wconf 88' lang='lat' dir='ltr'><strong>eruditi</strong></span> 
     </span>
    </p>
   </div>
   <div class='ocr_carea' id='block_1_14' title="bbox 601 1349 751 1398">
    <p class='ocr_par' dir='ltr' id='par_1_14' title="bbox 601 1349 751 1398">
     <span class='ocr_line' id='line_1_14' title="bbox 601 1349 751 1398; baseline -0.013 0"><span class='ocrx_word' id='word_1_82' title='bbox 601 1349 751 1398; x_wconf 86' lang='lat' dir='ltr'><strong>sunt.</strong></span> 
     </span>
    </p>
   </div>
   <div class='ocr_carea' id='block_1_15' title="bbox 670 1430 2178 1502">
    <p class='ocr_par' dir='ltr' id='par_1_15' title="bbox 670 1430 2178 1502">
     <span class='ocr_line' id='line_1_15' title="bbox 670 1430 2178 1502; baseline -0.002 -15"><span class='ocrx_word' id='word_1_83' title='bbox 670 1432 762 1487; x_wconf 84' lang='lat' dir='ltr'><strong>IX.</strong></span> <span class='ocrx_word' id='word_1_84' title='bbox 800 1432 1038 1502; x_wconf 70' lang='lat' dir='ltr'><strong>Velquae</strong></span> <span class='ocrx_word' id='word_1_85' title='bbox 1071 1439 1196 1502; x_wconf 91' lang='lat' dir='ltr'><strong>post</strong></span> <span class='ocrx_word' id='word_1_86' title='bbox 1243 1431 1418 1486; x_wconf 90' lang='lat' dir='ltr'><strong>Deum</strong></span> <span class='ocrx_word' id='word_1_87' title='bbox 1460 1439 1591 1486; x_wconf 89' lang='lat' dir='ltr'><strong>sunt</strong></span> <span class='ocrx_word' id='word_1_88' title='bbox 1619 1431 1807 1486; x_wconf 87' lang='lat' dir='ltr'><strong>omnia</strong></span> <span class='ocrx_word' id='word_1_89' title='bbox 1859 1438 1914 1486; x_wconf 90' lang='lat' dir='ltr'><strong>et</strong></span> <span class='ocrx_word' id='word_1_90' title='bbox 1960 1445 2029 1486; x_wconf 79' lang='lat' dir='ltr'><strong>ex</strong></span> <span class='ocrx_word' id='word_1_91' title='bbox 2065 1430 2178 1484; x_wconf 89' lang='lat' dir='ltr'><strong>Deo</strong></span> 
     </span>
    </p>
   </div>
   <div class='ocr_carea' id='block_1_16' title="bbox 600 1525 2177 1597">
    <p class='ocr_par' dir='ltr' id='par_1_16' title="bbox 600 1525 2177 1597">
     <span class='ocr_line' id='line_1_16' title="bbox 600 1525 2177 1597; baseline -0.003 -17"><span class='ocrx_word' id='word_1_92' title='bbox 600 1533 918 1597; x_wconf 87' lang='lat' dir='ltr'><strong>procreata,</strong></span> <span class='ocrx_word' id='word_1_93' title='bbox 951 1525 1057 1580; x_wconf 91' lang='lat' dir='ltr'><strong>hoc</strong></span> <span class='ocrx_word' id='word_1_94' title='bbox 1090 1533 1177 1580; x_wconf 90' lang='lat' dir='ltr'><strong>est</strong></span> <span class='ocrx_word' id='word_1_95' title='bbox 1206 1540 1393 1579; x_wconf 89' lang='lat' dir='ltr'><strong>rerum</strong></span> <span class='ocrx_word' id='word_1_96' title='bbox 1423 1535 1676 1580; x_wconf 91' lang='lat' dir='ltr'><strong>naturam</strong></span> <span class='ocrx_word' id='word_1_97' title='bbox 1711 1533 1768 1580; x_wconf 73' lang='lat'><strong>81.</strong></span> <span class='ocrx_word' id='word_1_98' title='bbox 1794 1532 2031 1594; x_wconf 88' lang='lat' dir='ltr'><strong>tempus,</strong></span> <span class='ocrx_word' id='word_1_99' title='bbox 2069 1538 2177 1578; x_wconf 90' lang='lat' dir='ltr'><strong>una</strong></span> 
     </span>
    </p>
   </div>
   <div class='ocr_carea' id='block_1_17' title="bbox 601 1612 2175 1685">
    <p class='ocr_par' dir='ltr' id='par_1_17' title="bbox 601 1612 2175 1685">
     <span class='ocr_line' id='line_1_17' title="bbox 601 1612 2175 1685; baseline -0.002 -16"><span class='ocrx_word' id='word_1_100' title='bbox 601 1627 727 1669; x_wconf 89' lang='lat' dir='ltr'><strong>cum</strong></span> <span class='ocrx_word' id='word_1_101' title='bbox 751 1615 882 1679; x_wconf 88' lang='lat' dir='ltr'><strong>Deo,</strong></span> <span class='ocrx_word' id='word_1_102' title='bbox 908 1621 967 1668; x_wconf 94' lang='lat' dir='ltr'><strong>ut</strong></span> <span class='ocrx_word' id='word_1_103' title='bbox 993 1629 1157 1669; x_wconf 89' lang='lat' dir='ltr'><strong>causa</strong></span> <span class='ocrx_word' id='word_1_104' title='bbox 1181 1622 1238 1668; x_wconf 91' lang='lat' dir='ltr'><strong>et</strong></span> <span class='ocrx_word' id='word_1_105' title='bbox 1266 1613 1498 1684; x_wconf 78' lang='lat' dir='ltr'><strong>factore,</strong></span> <span class='ocrx_word' id='word_1_106' title='bbox 1533 1629 1803 1685; x_wconf 86' lang='lat' dir='ltr'><strong>apparere</strong></span> <span class='ocrx_word' id='word_1_107' title='bbox 1833 1612 2175 1676; x_wconf 81' lang='lat' dir='ltr'><strong>exsistentia,</strong></span> 
     </span>
    </p>
   </div>
   <div class='ocr_carea' id='block_1_18' title="bbox 601 1705 2175 1777">
    <p class='ocr_par' dir='ltr' id='par_1_18' title="bbox 601 1705 2175 1777">
     <span class='ocr_line' id='line_1_18' title="bbox 601 1705 2175 1777; baseline 0.001 -18"><span class='ocrx_word' id='word_1_108' title='bbox 601 1705 696 1776; x_wconf 91' lang='lat' dir='ltr'><strong>qui</strong></span> <span class='ocrx_word' id='word_1_109' title='bbox 743 1705 885 1775; x_wconf 91' lang='lat' dir='ltr'><strong>ipse,</strong></span> <span class='ocrx_word' id='word_1_110' title='bbox 931 1706 1114 1776; x_wconf 88' lang='lat' dir='ltr'><strong>quoad</strong></span> <span class='ocrx_word' id='word_1_111' title='bbox 1148 1705 1265 1760; x_wconf 84' lang='lat' dir='ltr'><strong>ﬁeri</strong></span> <span class='ocrx_word' id='word_1_112' title='bbox 1311 1707 1432 1777; x_wconf 90' lang='lat' dir='ltr'><strong>ejus</strong></span> <span class='ocrx_word' id='word_1_113' title='bbox 1475 1715 1696 1777; x_wconf 86' lang='lat' dir='ltr'><strong>potest,</strong></span> <span class='ocrx_word' id='word_1_114' title='bbox 1750 1721 1883 1761; x_wconf 91' lang='lat' dir='ltr'><strong>vere</strong></span> <span class='ocrx_word' id='word_1_115' title='bbox 1928 1715 2175 1776; x_wconf 82' lang='lat' dir='ltr'><strong>apparet.</strong></span> 
     </span>
    </p>
   </div>
   <div class='ocr_carea' id='block_1_19' title="bbox 2277 597 3851 674">
    <p class='ocr_par' dir='ltr' id='par_1_19' title="bbox 2277 597 3851 674">
     <span class='ocr_line' id='line_1_19' title="bbox 2277 597 3851 674; baseline -0.003 -18"><span class='ocrx_word' id='word_1_116' title='bbox 2277 602 2556 667; x_wconf 80' lang='grc' dir='ltr'><strong>παντελῶς</strong></span> <span class='ocrx_word' id='word_1_117' title='bbox 2581 603 2712 674; x_wconf 82' lang='grc' dir='ltr'><strong>παρ’</strong></span> <span class='ocrx_word' id='word_1_118' title='bbox 2741 602 2892 672; x_wconf 80' lang='grc' dir='ltr'><strong>αὐτῷ</strong></span> <span class='ocrx_word' id='word_1_119' title='bbox 2945 600 3138 670; x_wconf 83' lang='grc' dir='ltr'><strong>νεκρὸν</strong></span> <span class='ocrx_word' id='word_1_120' title='bbox 3188 597 3328 655; x_wconf 76' lang='grc' dir='ltr'><strong>εἶναι</strong></span> <span class='ocrx_word' id='word_1_121' title='bbox 3381 601 3473 654; x_wconf 75' lang='grc' dir='ltr'><strong>διὰ</strong></span> <span class='ocrx_word' id='word_1_122' title='bbox 3522 600 3635 653; x_wconf 87' lang='grc' dir='ltr'><strong>τῶν</strong></span> <span class='ocrx_word' id='word_1_123' title='bbox 3683 601 3851 654; x_wconf 74' lang='grc' dir='ltr'><strong>αὐτῶν</strong></span> 
     </span>
    </p>
   </div>
   <div class='ocr_carea' id='block_1_20' title="bbox 2279 679 3854 764">
    <p class='ocr_par' dir='ltr' id='par_1_20' title="bbox 2279 679 3854 764">
     <span class='ocr_line' id='line_1_20' title="bbox 2279 679 3854 764; baseline -0.001 -18"><span class='ocrx_word' id='word_1_124' title='bbox 2279 693 2676 764; x_wconf 83' lang='grc' dir='ltr'><strong>μανθάνοντες,</strong></span> <span class='ocrx_word' id='word_1_125' title='bbox 2709 691 2851 762; x_wconf 82' lang='grc' dir='ltr'><strong>πλὴν</strong></span> <span class='ocrx_word' id='word_1_126' title='bbox 2895 692 2990 746; x_wconf 82' lang='grc' dir='ltr'><strong>τοῦ</strong></span> <span class='ocrx_word' id='word_1_127' title='bbox 3028 691 3219 746; x_wconf 78' lang='grc' dir='ltr'><strong>ἑαυτὸν</strong></span> <span class='ocrx_word' id='word_1_128' title='bbox 3253 679 3322 762; x_wconf 76' lang='grc' dir='ltr'><strong>τῇ</strong></span> <span class='ocrx_word' id='word_1_129' title='bbox 3371 693 3624 763; x_wconf 77' lang='grc' dir='ltr'><strong>ἁμαρτίᾳ</strong></span> <span class='ocrx_word' id='word_1_130' title='bbox 3654 691 3854 762; x_wconf 75' lang='grc' dir='ltr'><strong>νεκρὼ-</strong></span> 
     </span>
    </p>
   </div>
   <div class='ocr_carea' id='block_1_21' title="bbox 2277 783 3854 857">
    <p class='ocr_par' dir='ltr' id='par_1_21' title="bbox 2277 783 3854 857">
     <span class='ocr_line' id='line_1_21' title="bbox 2277 783 3854 857; baseline -0.001 -17"><span class='ocrx_word' id='word_1_131' title='bbox 2277 803 2493 852; x_wconf 87' lang='grc' dir='ltr'><strong>σαντος,</strong></span> <span class='ocrx_word' id='word_1_132' title='bbox 2527 788 2621 840; x_wconf 76' lang='grc' dir='ltr'><strong>καὶ</strong></span> <span class='ocrx_word' id='word_1_133' title='bbox 2651 789 2718 857; x_wconf 79' lang='grc' dir='ltr'><strong>τῇ</strong></span> <span class='ocrx_word' id='word_1_134' title='bbox 2754 785 2986 856; x_wconf 80' lang='grc' dir='ltr'><strong>ἑκουσίῳ</strong></span> <span class='ocrx_word' id='word_1_135' title='bbox 3006 785 3140 857; x_wconf 74' lang='grc' dir='ltr'><strong>πρὸς</strong></span> <span class='ocrx_word' id='word_1_136' title='bbox 3168 783 3240 838; x_wconf 71' lang='grc' dir='ltr'><strong>τὰ</strong></span> <span class='ocrx_word' id='word_1_137' title='bbox 3269 783 3420 855; x_wconf 79' lang='grc' dir='ltr'><strong>πάθη</strong></span> <span class='ocrx_word' id='word_1_138' title='bbox 3456 786 3601 856; x_wconf 72' lang='grc' dir='ltr'><strong>ῥοπῇ</strong></span> <span class='ocrx_word' id='word_1_139' title='bbox 3635 784 3732 838; x_wconf 79' lang='grc' dir='ltr'><strong>τοῦ</strong></span> <span class='ocrx_word' id='word_1_140' title='bbox 3759 785 3854 838; x_wconf 77' lang='grc' dir='ltr'><strong>Δό-</strong></span> 
     </span>
    </p>
   </div>
   <div class='ocr_carea' id='block_1_22' title="bbox 2275 878 3017 949">
    <p class='ocr_par' dir='ltr' id='par_1_22' title="bbox 2275 878 3017 949">
     <span class='ocr_line' id='line_1_22' title="bbox 2275 878 3017 949; baseline -0.001 -16"><span class='ocrx_word' id='word_1_141' title='bbox 2275 896 2374 949; x_wconf 87' lang='grc' dir='ltr'><strong>γου</strong></span> <span class='ocrx_word' id='word_1_142' title='bbox 2406 879 2596 933; x_wconf 75' lang='grc' dir='ltr'><strong>ἑαυτὸν</strong></span> <span class='ocrx_word' id='word_1_143' title='bbox 2618 878 3017 949; x_wconf 76' lang='grc' dir='ltr'><strong>ἀποκόψαντος.</strong></span> 
     </span>
    </p>
   </div>
   <div class='ocr_carea' id='block_1_23' title="bbox 2349 968 3856 1043">
    <p class='ocr_par' dir='ltr' id='par_1_23' title="bbox 2349 968 3856 1043">
     <span class='ocr_line' id='line_1_23' title="bbox 2349 968 3856 1043; baseline -0.003 -18"><span class='ocrx_word' id='word_1_144' title='bbox 2349 970 2511 1026; x_wconf 83' lang='lat' dir='ltr'><strong>H&#39;.&quot;H</strong></span> <span class='ocrx_word' id='word_1_145' title='bbox 2543 971 2705 1026; x_wconf 86' lang='grc' dir='ltr'><strong>πάλιν</strong></span> <span class='ocrx_word' id='word_1_146' title='bbox 2720 971 2859 1043; x_wconf 82' lang='grc' dir='ltr'><strong>πρὸς</strong></span> <span class='ocrx_word' id='word_1_147' title='bbox 2885 971 2979 1024; x_wconf 81' lang='grc' dir='ltr'><strong>τὸν</strong></span> <span class='ocrx_word' id='word_1_148' title='bbox 2995 969 3168 1039; x_wconf 83' lang='grc' dir='ltr'><strong>Λόγον</strong></span> <span class='ocrx_word' id='word_1_149' title='bbox 3194 969 3272 1034; x_wconf 87' lang='grc' dir='ltr'><strong>ὠς</strong></span> <span class='ocrx_word' id='word_1_150' title='bbox 3288 968 3553 1041; x_wconf 78' lang='grc' dir='ltr'><strong>ἀλήθειαν</strong></span> <span class='ocrx_word' id='word_1_151' title='bbox 3584 969 3720 1022; x_wconf 71' lang='grc' dir='ltr'><strong>ὅντα</strong></span> <span class='ocrx_word' id='word_1_152' title='bbox 3744 969 3856 1021; x_wconf 75' lang='grc' dir='ltr'><strong>κατ’</strong></span> 
     </span>
    </p>
   </div>
   <div class='ocr_carea' id='block_1_24' title="bbox 2277 1057 3858 1137">
    <p class='ocr_par' dir='ltr' id='par_1_24' title="bbox 2277 1057 3858 1137">
     <span class='ocr_line' id='line_1_24' title="bbox 2277 1057 3858 1137; baseline -0.006 -18"><span class='ocrx_word' id='word_1_153' title='bbox 2277 1064 2560 1137; x_wconf 81' lang='grc' dir='ltr'><strong>ἀναφορὰν</strong></span> <span class='ocrx_word' id='word_1_154' title='bbox 2594 1060 2734 1117; x_wconf 79' lang='grc' dir='ltr'><strong>εῖναί</strong></span> <span class='ocrx_word' id='word_1_155' title='bbox 2782 1081 2842 1118; x_wconf 88' lang='grc' dir='ltr'><strong>τε</strong></span> <span class='ocrx_word' id='word_1_156' title='bbox 2890 1064 2984 1118; x_wconf 62' lang='grc' dir='ltr'><strong>καὶ⁵</strong></span> <span class='ocrx_word' id='word_1_157' title='bbox 3020 1062 3290 1134; x_wconf 82' lang='grc' dir='ltr'><strong>ὑπάρχειν</strong></span> <span class='ocrx_word' id='word_1_158' title='bbox 3329 1062 3460 1125; x_wconf 79' lang='grc' dir='ltr'><strong>τοὺς</strong></span> <span class='ocrx_word' id='word_1_159' title='bbox 3497 1059 3712 1122; x_wconf 78' lang='grc' dir='ltr'><strong>τύπους</strong></span> <span class='ocrx_word' id='word_1_160' title='bbox 3751 1057 3858 1111; x_wconf 78' lang='grc' dir='ltr'><strong>τῶν</strong></span> 
     </span>
    </p>
   </div>
   <div class='ocr_carea' id='block_1_25' title="bbox 2281 1151 3858 1229">
    <p class='ocr_par' dir='ltr' id='par_1_25' title="bbox 2281 1151 3858 1229">
     <span class='ocr_line' id='line_1_25' title="bbox 2281 1151 3858 1229; baseline -0.004 -18"><span class='ocrx_word' id='word_1_161' title='bbox 2281 1157 2618 1229; x_wconf 77' lang='grc' dir='ltr'><strong>μυστηρίων,</strong></span> <span class='ocrx_word' id='word_1_162' title='bbox 2643 1156 2739 1210; x_wconf 73' lang='grc' dir='ltr'><strong>καὶ</strong></span> <span class='ocrx_word' id='word_1_163' title='bbox 2754 1157 2832 1218; x_wconf 81' lang='grc' dir='ltr'><strong>είς</strong></span> <span class='ocrx_word' id='word_1_164' title='bbox 2855 1155 3018 1209; x_wconf 82' lang='grc' dir='ltr'><strong>αὑτὸν</strong></span> <span class='ocrx_word' id='word_1_165' title='bbox 3036 1155 3390 1224; x_wconf 82' lang='grc' dir='ltr'><strong>συνάγεσθαι,</strong></span> <span class='ocrx_word' id='word_1_166' title='bbox 3413 1152 3518 1223; x_wconf 79' lang='grc' dir='ltr'><strong>τῆς</strong></span> <span class='ocrx_word' id='word_1_167' title='bbox 3540 1169 3601 1205; x_wconf 88' lang='grc' dir='ltr'><strong>τε</strong></span> <span class='ocrx_word' id='word_1_168' title='bbox 3629 1151 3858 1220; x_wconf 79' lang='grc' dir='ltr'><strong>νομικῆς</strong></span> 
     </span>
    </p>
   </div>
   <div class='ocr_carea' id='block_1_26' title="bbox 2279 1243 3857 1320">
    <p class='ocr_par' dir='ltr' id='par_1_26' title="bbox 2279 1243 3857 1320">
     <span class='ocr_line' id='line_1_26' title="bbox 2279 1243 3857 1320; baseline -0.005 -16"><span class='ocrx_word' id='word_1_169' title='bbox 2279 1251 2375 1304; x_wconf 71' lang='grc' dir='ltr'><strong>καὶ</strong></span> <span class='ocrx_word' id='word_1_170' title='bbox 2400 1249 2502 1320; x_wconf 78' lang='grc' dir='ltr'><strong>τῆς</strong></span> <span class='ocrx_word' id='word_1_171' title='bbox 2527 1248 2876 1320; x_wconf 80' lang='grc' dir='ltr'><strong>προφητικῆς</strong></span> <span class='ocrx_word' id='word_1_172' title='bbox 2909 1246 3299 1319; x_wconf 80' lang='grc' dir='ltr'><strong>πραγματείας</strong></span> <span class='ocrx_word' id='word_1_173' title='bbox 3322 1247 3404 1310; x_wconf 82' lang='grc' dir='ltr'><strong>ὡς</strong></span> <span class='ocrx_word' id='word_1_174' title='bbox 3440 1245 3622 1317; x_wconf 77' lang='grc' dir='ltr'><strong>ἀρχὴν</strong></span> <span class='ocrx_word' id='word_1_175' title='bbox 3653 1245 3750 1297; x_wconf 81' lang='grc' dir='ltr'><strong>καὶ</strong></span> <span class='ocrx_word' id='word_1_176' title='bbox 3775 1243 3857 1296; x_wconf 75' lang='grc' dir='ltr'><strong>τέο</strong></span> 
     </span>
    </p>
   </div>
   <div class='ocr_carea' id='block_1_27' title="bbox 2275 1338 2901 1409">
    <p class='ocr_par' dir='ltr' id='par_1_27' title="bbox 2275 1338 2901 1409">
     <span class='ocr_line' id='line_1_27' title="bbox 2275 1338 2901 1409; baseline -0.005 -14"><span class='ocrx_word' id='word_1_177' title='bbox 2275 1340 2389 1404; x_wconf 81' lang='grc' dir='ltr'><strong>λος,</strong></span> <span class='ocrx_word' id='word_1_178' title='bbox 2419 1338 2901 1409; x_wconf 74' lang='grc' dir='ltr'><strong>ὲφωταγωγοῦντο.</strong></span> 
     </span>
    </p>
   </div>
   <div class='ocr_carea' id='block_1_28' title="bbox 2349 1428 3855 1500">
    <p class='ocr_par' dir='ltr' id='par_1_28' title="bbox 2349 1428 3855 1500">
     <span class='ocr_line' id='line_1_28' title="bbox 2349 1428 3855 1500; baseline -0.001 -17"><span class='ocrx_word' id='word_1_179' title='bbox 2349 1429 2426 1485; x_wconf 74' lang='grc' dir='ltr'><strong>Θν.</strong></span> <span class='ocrx_word' id='word_1_180' title='bbox 2467 1431 2536 1482; x_wconf 83' lang='grc' dir='ltr'><em>Ἢ</em></span> <span class='ocrx_word' id='word_1_181' title='bbox 2561 1429 2632 1483; x_wconf 79' lang='grc' dir='ltr'><strong>τὰ</strong></span> <span class='ocrx_word' id='word_1_182' title='bbox 2657 1429 2798 1500; x_wconf 79' lang='grc' dir='ltr'><strong>μετὰ</strong></span> <span class='ocrx_word' id='word_1_183' title='bbox 2823 1429 2954 1483; x_wconf 75' lang='grc' dir='ltr'><strong>Θεὸν</strong></span> <span class='ocrx_word' id='word_1_184' title='bbox 2981 1430 3158 1483; x_wconf 83' lang='grc' dir='ltr'><strong>πάντα</strong></span> <span class='ocrx_word' id='word_1_185' title='bbox 3194 1429 3289 1484; x_wconf 79' lang='grc' dir='ltr'><strong>καὶ</strong></span> <span class='ocrx_word' id='word_1_186' title='bbox 3314 1430 3380 1483; x_wconf 84' lang='grc' dir='ltr'><strong>ὲκ</strong></span> <span class='ocrx_word' id='word_1_187' title='bbox 3405 1428 3542 1482; x_wconf 78' lang='grc' dir='ltr'><strong>Θεοῦ</strong></span> <span class='ocrx_word' id='word_1_188' title='bbox 3573 1429 3855 1497; x_wconf 76' lang='grc' dir='ltr'><strong>γεγονότα,</strong></span> 
     </span>
    </p>
   </div>
   <div class='ocr_carea' id='block_1_29' title="bbox 2278 1521 3857 1594">
    <p class='ocr_par' dir='ltr' id='par_1_29' title="bbox 2278 1521 3857 1594">
     <span class='ocr_line' id='line_1_29' title="bbox 2278 1521 3857 1594; baseline -0.001 -18"><span class='ocrx_word' id='word_1_189' title='bbox 2278 1523 2525 1576; x_wconf 79' lang='grc' dir='ltr'><strong>τουτέστι</strong></span> <span class='ocrx_word' id='word_1_190' title='bbox 2559 1522 2661 1592; x_wconf 75' lang='grc' dir='ltr'><strong>τὴν</strong></span> <span class='ocrx_word' id='word_1_191' title='bbox 2698 1521 2861 1590; x_wconf 83' lang='grc' dir='ltr'><strong>φύσιν</strong></span> <span class='ocrx_word' id='word_1_192' title='bbox 2888 1521 2999 1574; x_wconf 89' lang='grc' dir='ltr'><strong>τῶν</strong></span> <span class='ocrx_word' id='word_1_193' title='bbox 3029 1522 3201 1575; x_wconf 73' lang='grc' dir='ltr'><strong>ὅντων</strong></span> <span class='ocrx_word' id='word_1_194' title='bbox 3229 1521 3438 1576; x_wconf 75' lang='grc' dir='ltr'><strong>καὶτὸν</strong></span> <span class='ocrx_word' id='word_1_195' title='bbox 3468 1522 3689 1594; x_wconf 88' lang='grc' dir='ltr'><strong>χρόνον,</strong></span> <span class='ocrx_word' id='word_1_196' title='bbox 3715 1522 3857 1592; x_wconf 79' lang='grc' dir='ltr'><strong>παρὰ</strong></span> 
     </span>
    </p>
   </div>
   <div class='ocr_carea' id='block_1_30' title="bbox 2280 1610 3854 1684">
    <p class='ocr_par' dir='ltr' id='par_1_30' title="bbox 2280 1610 3854 1684">
     <span class='ocr_line' id='line_1_30' title="bbox 2280 1610 3854 1684; baseline 0 -18"><span class='ocrx_word' id='word_1_197' title='bbox 2280 1611 2358 1683; x_wconf 84' lang='grc' dir='ltr'><strong>τῷ</strong></span> <span class='ocrx_word' id='word_1_198' title='bbox 2397 1610 2517 1683; x_wconf 88' lang='grc' dir='ltr'><strong>Θεῷ</strong></span> <span class='ocrx_word' id='word_1_199' title='bbox 2563 1612 2698 1666; x_wconf 68' lang='grc' dir='ltr'><strong>ὄντα</strong></span> <span class='ocrx_word' id='word_1_200' title='bbox 2733 1611 3190 1681; x_wconf 65' lang='grc' dir='ltr'><strong>συνεπιφαίνεσθαι</strong></span> <span class='ocrx_word' id='word_1_201' title='bbox 3239 1611 3456 1682; x_wconf 82' lang='grc' dir='ltr'><strong>ἀληθῶς</strong></span> <span class='ocrx_word' id='word_1_202' title='bbox 3503 1615 3854 1684; x_wconf 69' lang='grc' dir='ltr'><strong>φαινομένῳ,</strong></span> 
     </span>
    </p>
   </div>
   <div class='ocr_carea' id='block_1_31' title="bbox 2282 1699 3854 1775">
    <p class='ocr_par' dir='ltr' id='par_1_31' title="bbox 2282 1699 3854 1775">
     <span class='ocr_line' id='line_1_31' title="bbox 2282 1699 3854 1775; baseline 0 -17"><span class='ocrx_word' id='word_1_203' title='bbox 2282 1704 2422 1759; x_wconf 81' lang='grc' dir='ltr'><strong>κατὰ</strong></span> <span class='ocrx_word' id='word_1_204' title='bbox 2450 1704 2512 1758; x_wconf 84' lang='grc' dir='ltr'><strong>τὸ</strong></span> <span class='ocrx_word' id='word_1_205' title='bbox 2544 1703 2788 1774; x_wconf 65' lang='grc' dir='ltr'><strong>ἐφικτὸν,</strong></span> <span class='ocrx_word' id='word_1_206' title='bbox 2810 1703 2888 1768; x_wconf 85' lang='grc' dir='ltr'><strong>ὡς</strong></span> <span class='ocrx_word' id='word_1_207' title='bbox 2921 1703 3079 1775; x_wconf 77' lang='grc' dir='ltr'><strong>αἰτίῳ</strong></span> <span class='ocrx_word' id='word_1_208' title='bbox 3107 1703 3204 1757; x_wconf 73' lang='grc' dir='ltr'><strong>καὶ</strong></span> <span class='ocrx_word' id='word_1_209' title='bbox 3245 1707 3466 1774; x_wconf 78' lang='grc' dir='ltr'><strong>ποιητῇ.</strong></span> <span class='ocrx_word' id='word_1_210' title='bbox 3496 1699 3601 1761; x_wconf 77' lang='grc' dir='ltr'><strong>Ἦν</strong></span> <span class='ocrx_word' id='word_1_211' title='bbox 3627 1705 3726 1759; x_wconf 74' lang='grc' dir='ltr'><strong>τοῦ</strong></span> <span class='ocrx_word' id='word_1_212' title='bbox 3767 1707 3854 1775; x_wconf 76' lang='grc' dir='ltr'><strong>μὲν</strong></span> 
     </span>
    </p>
   </div>
   <div class='ocr_carea' id='block_1_32' title="bbox 601 1796 2182 1910">
    <p class='ocr_par' dir='ltr' id='par_1_32' title="bbox 601 1796 2182 1870">
     <span class='ocr_line' id='line_1_32' title="bbox 601 1796 2182 1870; baseline 0 -19"><span class='ocrx_word' id='word_1_213' title='bbox 601 1796 851 1864; x_wconf 83' lang='lat' dir='ltr'><strong>Quorum</strong></span> <span class='ocrx_word' id='word_1_214' title='bbox 880 1797 1105 1868; x_wconf 89' lang='lat' dir='ltr'><strong>quidem</strong></span> <span class='ocrx_word' id='word_1_215' title='bbox 1140 1798 1406 1868; x_wconf 91' lang='lat' dir='ltr'><strong>temporis</strong></span> <span class='ocrx_word' id='word_1_216' title='bbox 1455 1797 1635 1869; x_wconf 83' lang='lat' dir='ltr'><strong>imago</strong></span> <span class='ocrx_word' id='word_1_217' title='bbox 1683 1798 1897 1870; x_wconf 79' lang='lat' dir='ltr'><strong>Moyses</strong></span> <span class='ocrx_word' id='word_1_218' title='bbox 1927 1798 2182 1852; x_wconf 83' lang='lat' dir='ltr'><strong>videatur</strong></span> 
     </span>
    </p>
   </div>
   <div class='ocr_carea' id='block_1_33' title="bbox 2287 1796 3852 1910">
    <p class='ocr_par' dir='ltr' id='par_1_33' title="bbox 2287 1796 3852 1869">
     <span class='ocr_line' id='line_1_33' title="bbox 2287 1796 3852 1869; baseline 0.001 -19"><span class='ocrx_word' id='word_1_219' title='bbox 2287 1797 2478 1869; x_wconf 90' lang='grc' dir='ltr'><strong>χρόνου</strong></span> <span class='ocrx_word' id='word_1_220' title='bbox 2504 1797 2677 1860; x_wconf 81' lang='grc' dir='ltr'><strong>τύπος</strong></span> <span class='ocrx_word' id='word_1_221' title='bbox 2723 1797 2790 1851; x_wconf 86' lang='grc' dir='ltr'><strong>ἃν</strong></span> <span class='ocrx_word' id='word_1_222' title='bbox 2821 1796 2910 1866; x_wconf 76' lang='grc' dir='ltr'><strong>εἴη</strong></span> <span class='ocrx_word' id='word_1_223' title='bbox 2955 1797 3216 1869; x_wconf 76' lang='grc' dir='ltr'><strong>Μωῦσῆς,</strong></span> <span class='ocrx_word' id='word_1_224' title='bbox 3245 1797 3305 1850; x_wconf 78' lang='grc' dir='ltr'><strong>οὐ</strong></span> <span class='ocrx_word' id='word_1_225' title='bbox 3341 1797 3504 1868; x_wconf 88' lang='grc' dir='ltr'><strong>μόνον</strong></span> <span class='ocrx_word' id='word_1_226' title='bbox 3552 1798 3632 1862; x_wconf 87' lang='grc' dir='ltr'><strong>ὡς</strong></span> <span class='ocrx_word' id='word_1_227' title='bbox 3671 1800 3852 1868; x_wconf 67' lang='grc' dir='ltr'><strong>χρόνον</strong></span> 
     </span>
    </p>
   </div>
   <div class='ocr_carea' id='block_1_34' title="bbox 600 1889 2180 1961">
    <p class='ocr_par' dir='ltr' id='par_1_34' title="bbox 600 1889 2180 1961">
     <span class='ocr_line' id='line_1_34' title="bbox 600 1889 2180 1961; baseline -0.001 -17"><span class='ocrx_word' id='word_1_228' title='bbox 600 1903 744 1954; x_wconf 89' lang='lat' dir='ltr'><strong>esse,</strong></span> <span class='ocrx_word' id='word_1_229' title='bbox 801 1903 911 1944; x_wconf 90' lang='lat' dir='ltr'><strong>non</strong></span> <span class='ocrx_word' id='word_1_230' title='bbox 941 1890 1117 1944; x_wconf 91' lang='lat' dir='ltr'><strong>solum</strong></span> <span class='ocrx_word' id='word_1_231' title='bbox 1151 1899 1212 1944; x_wconf 90' lang='lat' dir='ltr'><strong>ut</strong></span> <span class='ocrx_word' id='word_1_232' title='bbox 1237 1890 1500 1961; x_wconf 88' lang='lat' dir='ltr'><strong>temporis</strong></span> <span class='ocrx_word' id='word_1_233' title='bbox 1528 1906 1594 1945; x_wconf 93' lang='lat' dir='ltr'><strong>ac</strong></span> <span class='ocrx_word' id='word_1_234' title='bbox 1622 1889 1948 1944; x_wconf 89' lang='lat' dir='ltr'><strong>numerandi</strong></span> <span class='ocrx_word' id='word_1_235' title='bbox 1980 1904 2180 1944; x_wconf 88' lang='lat' dir='ltr'><strong>secun-</strong></span> 
     </span>
    </p>
   </div>
   <div class='ocr_carea' id='block_1_35' title="bbox 602 1980 2182 2054">
    <p class='ocr_par' dir='ltr' id='par_1_35' title="bbox 602 1980 2182 2054">
     <span class='ocr_line' id='line_1_35' title="bbox 602 1980 2182 2054; baseline -0.001 -18"><span class='ocrx_word' id='word_1_236' title='bbox 602 1980 734 2036; x_wconf 90' lang='lat' dir='ltr'><strong>dum</strong></span> <span class='ocrx_word' id='word_1_237' title='bbox 765 1981 870 2036; x_wconf 90' lang='lat' dir='ltr'><strong>hoc</strong></span> <span class='ocrx_word' id='word_1_238' title='bbox 899 1981 1096 2036; x_wconf 90' lang='lat' dir='ltr'><strong>doctor</strong></span> <span class='ocrx_word' id='word_1_239' title='bbox 1125 1981 1242 2050; x_wconf 89' lang='lat' dir='ltr'><strong>(hic</strong></span> <span class='ocrx_word' id='word_1_240' title='bbox 1270 1983 1418 2054; x_wconf 85' lang='lat' dir='ltr'><strong>enim</strong></span> <span class='ocrx_word' id='word_1_241' title='bbox 1451 1982 1662 2054; x_wconf 90' lang='lat' dir='ltr'><strong>primus</strong></span> <span class='ocrx_word' id='word_1_242' title='bbox 1690 1993 1935 2052; x_wconf 90' lang='lat' dir='ltr'><strong>tempora</strong></span> <span class='ocrx_word' id='word_1_243' title='bbox 1978 1997 2008 2036; x_wconf 90' lang='lat' dir='ltr'><strong>a</strong></span> <span class='ocrx_word' id='word_1_244' title='bbox 2049 1995 2182 2035; x_wconf 88' lang='lat' dir='ltr'><strong>con-</strong></span> 
     </span>
    </p>
   </div>
   <div class='ocr_carea' id='block_1_36' title="bbox 601 2069 2183 2141">
    <p class='ocr_par' dir='ltr' id='par_1_36' title="bbox 601 2069 2183 2141">
     <span class='ocr_line' id='line_1_36' title="bbox 601 2069 2183 2141; baseline 0.001 -16"><span class='ocrx_word' id='word_1_245' title='bbox 601 2069 721 2125; x_wconf 90' lang='lat' dir='ltr'><strong>dito</strong></span> <span class='ocrx_word' id='word_1_246' title='bbox 748 2070 958 2125; x_wconf 91' lang='lat' dir='ltr'><strong>mundo</strong></span> <span class='ocrx_word' id='word_1_247' title='bbox 1000 2071 1360 2140; x_wconf 81' lang='lat' dir='ltr'><strong>numeravit),</strong></span> <span class='ocrx_word' id='word_1_248' title='bbox 1396 2079 1456 2127; x_wconf 91' lang='lat' dir='ltr'><strong>et</strong></span> <span class='ocrx_word' id='word_1_249' title='bbox 1506 2071 1829 2141; x_wconf 83' lang='lat' dir='ltr'><strong>temporalis</strong></span> <span class='ocrx_word' id='word_1_250' title='bbox 1866 2071 2050 2126; x_wconf 90' lang='lat' dir='ltr'><strong>cultus</strong></span> <span class='ocrx_word' id='word_1_251' title='bbox 2087 2070 2183 2126; x_wconf 85' lang='lat' dir='ltr'><strong>de-</strong></span> 
     </span>
    </p>
   </div>
   <div class='ocr_carea' id='block_1_37' title="bbox 601 2161 2182 2234">
    <p class='ocr_par' dir='ltr' id='par_1_37' title="bbox 601 2161 2182 2234">
     <span class='ocr_line' id='line_1_37' title="bbox 601 2161 2182 2234; baseline -0.002 -16"><span class='ocrx_word' id='word_1_252' title='bbox 601 2163 836 2229; x_wconf 90' lang='lat' dir='ltr'><strong>ductor,</strong></span> <span class='ocrx_word' id='word_1_253' title='bbox 890 2163 985 2219; x_wconf 85' lang='lat' dir='ltr'><strong>sed</strong></span> <span class='ocrx_word' id='word_1_254' title='bbox 1029 2165 1198 2217; x_wconf 84' lang='lat' dir='ltr'><strong>etiam</strong></span> <span class='ocrx_word' id='word_1_255' title='bbox 1256 2163 1404 2234; x_wconf 90' lang='lat' dir='ltr'><strong>quod</strong></span> <span class='ocrx_word' id='word_1_256' title='bbox 1459 2179 1574 2218; x_wconf 92' lang='lat' dir='ltr'><strong>non</strong></span> <span class='ocrx_word' id='word_1_257' title='bbox 1643 2179 1748 2217; x_wconf 90' lang='lat' dir='ltr'><strong>una</strong></span> <span class='ocrx_word' id='word_1_258' title='bbox 1801 2178 1926 2218; x_wconf 87' lang='lat' dir='ltr'><strong>cum</strong></span> <span class='ocrx_word' id='word_1_259' title='bbox 1968 2161 2083 2217; x_wconf 89' lang='lat' dir='ltr'><strong>illis</strong></span> <span class='ocrx_word' id='word_1_260' title='bbox 2126 2163 2182 2216; x_wconf 93' lang='lat' dir='ltr'><strong>in</strong></span> 
     </span>
    </p>
   </div>
   <div class='ocr_carea' id='block_1_38' title="bbox 601 2253 2183 2326">
    <p class='ocr_par' dir='ltr' id='par_1_38' title="bbox 601 2253 2183 2326">
     <span class='ocr_line' id='line_1_38' title="bbox 601 2253 2183 2326; baseline -0.002 -15"><span class='ocrx_word' id='word_1_261' title='bbox 601 2257 880 2312; x_wconf 85' lang='lat' dir='ltr'><strong>carnalem</strong></span> <span class='ocrx_word' id='word_1_262' title='bbox 941 2255 1194 2326; x_wconf 85' lang='lat' dir='ltr'><strong>requiem</strong></span> <span class='ocrx_word' id='word_1_263' title='bbox 1240 2255 1495 2310; x_wconf 83' lang='lat' dir='ltr'><strong>introivit</strong></span> <span class='ocrx_word' id='word_1_264' title='bbox 1524 2257 1592 2310; x_wconf 92' lang='lat' dir='ltr'><strong>de</strong></span> <span class='ocrx_word' id='word_1_265' title='bbox 1637 2255 1842 2326; x_wconf 88' lang='lat' dir='ltr'><strong>quibus</strong></span> <span class='ocrx_word' id='word_1_266' title='bbox 1897 2263 2024 2309; x_wconf 87' lang='lat' dir='ltr'><strong>ante</strong></span> <span class='ocrx_word' id='word_1_267' title='bbox 2081 2253 2183 2308; x_wconf 85' lang='lat' dir='ltr'><strong>ad-</strong></span> 
     </span>
    </p>
   </div>
   <div class='ocr_carea' id='block_1_39' title="bbox 599 2344 2182 2419">
    <p class='ocr_par' dir='ltr' id='par_1_39' title="bbox 599 2344 2182 2419">
     <span class='ocr_line' id='line_1_39' title="bbox 599 2344 2182 2419; baseline -0.004 -15"><span class='ocrx_word' id='word_1_268' title='bbox 599 2357 830 2404; x_wconf 85' lang='lat' dir='ltr'><strong>ventum</strong></span> <span class='ocrx_word' id='word_1_269' title='bbox 859 2348 1033 2404; x_wconf 83' lang='lat' dir='ltr'><strong>divini</strong></span> <span class='ocrx_word' id='word_1_270' title='bbox 1068 2348 1350 2418; x_wconf 77' lang='lat' dir='ltr'><strong>Evangelii</strong></span> <span class='ocrx_word' id='word_1_271' title='bbox 1383 2349 1668 2413; x_wconf 90' lang='lat' dir='ltr'><strong>narravit;</strong></span> <span class='ocrx_word' id='word_1_272' title='bbox 1728 2345 2003 2419; x_wconf 86' lang='lat' dir='ltr'><strong>ejusmodi</strong></span> <span class='ocrx_word' id='word_1_273' title='bbox 2033 2344 2182 2400; x_wconf 86' lang='lat' dir='ltr'><strong>enim</strong></span> 
     </span>
    </p>
   </div>
   <div class='ocr_carea' id='block_1_40' title="bbox 602 2441 2182 2512">
    <p class='ocr_par' dir='ltr' id='par_1_40' title="bbox 602 2441 2182 2512">
     <span class='ocr_line' id='line_1_40' title="bbox 602 2441 2182 2512; baseline -0.004 -14"><span class='ocrx_word' id='word_1_274' title='bbox 602 2441 770 2498; x_wconf 89' lang='lat' dir='ltr'><strong>etiam</strong></span> <span class='ocrx_word' id='word_1_275' title='bbox 803 2451 1022 2512; x_wconf 86' lang='lat' dir='ltr'><strong>tempus</strong></span> <span class='ocrx_word' id='word_1_276' title='bbox 1051 2451 1156 2507; x_wconf 92' lang='lat' dir='ltr'><strong>est,</strong></span> <span class='ocrx_word' id='word_1_277' title='bbox 1205 2456 1385 2511; x_wconf 86' lang='lat' dir='ltr'><strong>neque</strong></span> <span class='ocrx_word' id='word_1_278' title='bbox 1428 2450 1786 2496; x_wconf 88' lang='lat' dir='ltr'><strong>antevertens</strong></span> <span class='ocrx_word' id='word_1_279' title='bbox 1815 2454 1998 2509; x_wconf 86' lang='lat' dir='ltr'><strong>neque</strong></span> <span class='ocrx_word' id='word_1_280' title='bbox 2044 2453 2182 2492; x_wconf 88' lang='lat' dir='ltr'><strong>con-</strong></span> 
     </span>
    </p>
   </div>
   <div class='ocr_carea' id='block_1_41' title="bbox 602 2526 2181 2600">
    <p class='ocr_par' dir='ltr' id='par_1_41' title="bbox 602 2526 2181 2600">
     <span class='ocr_line' id='line_1_41' title="bbox 602 2526 2181 2600; baseline -0.003 -15"><span class='ocrx_word' id='word_1_281' title='bbox 602 2530 838 2585; x_wconf 90' lang='lat' dir='ltr'><strong>veniens</strong></span> <span class='ocrx_word' id='word_1_282' title='bbox 882 2541 1033 2585; x_wconf 92' lang='lat' dir='ltr'><strong>motu</strong></span> <span class='ocrx_word' id='word_1_283' title='bbox 1093 2531 1206 2585; x_wconf 88' lang='lat' dir='ltr'><strong>illis</strong></span> <span class='ocrx_word' id='word_1_284' title='bbox 1240 2546 1380 2600; x_wconf 88' lang='lat' dir='ltr'><strong>quos</strong></span> <span class='ocrx_word' id='word_1_285' title='bbox 1437 2529 1505 2584; x_wconf 92' lang='lat' dir='ltr'><strong>ad</strong></span> <span class='ocrx_word' id='word_1_286' title='bbox 1557 2530 1803 2584; x_wconf 87' lang='lat' dir='ltr'><strong>divinam</strong></span> <span class='ocrx_word' id='word_1_287' title='bbox 1860 2529 2030 2583; x_wconf 91' lang='lat' dir='ltr'><strong>l&#39;uturi</strong></span> <span class='ocrx_word' id='word_1_288' title='bbox 2080 2526 2181 2583; x_wconf 84' lang='lat' dir='ltr'><strong>aevi</strong></span> 
     </span>
    </p>
   </div>
   <div class='ocr_carea' id='block_1_42' title="bbox 602 2621 2183 2692">
    <p class='ocr_par' dir='ltr' id='par_1_42' title="bbox 602 2621 2183 2692">
     <span class='ocr_line' id='line_1_42' title="bbox 602 2621 2183 2692; baseline 0 -16"><span class='ocrx_word' id='word_1_289' title='bbox 602 2621 776 2676; x_wconf 89' lang='lat' dir='ltr'><strong>vitam</strong></span> <span class='ocrx_word' id='word_1_290' title='bbox 810 2622 1160 2678; x_wconf 87' lang='lat' dir='ltr'><strong>transmittit.</strong></span> <span class='ocrx_word' id='word_1_291' title='bbox 1212 2622 1398 2677; x_wconf 87' lang='lat' dir='ltr'><strong>Jesum</strong></span> <span class='ocrx_word' id='word_1_292' title='bbox 1443 2623 1592 2677; x_wconf 90' lang='lat' dir='ltr'><strong>enim</strong></span> <span class='ocrx_word' id='word_1_293' title='bbox 1651 2623 1745 2692; x_wconf 88' lang='lat' dir='ltr'><strong>qui</strong></span> <span class='ocrx_word' id='word_1_294' title='bbox 1785 2622 2030 2676; x_wconf 91' lang='lat' dir='ltr'><strong>universi</strong></span> <span class='ocrx_word' id='word_1_295' title='bbox 2071 2630 2183 2676; x_wconf 89' lang='lat' dir='ltr'><strong>tam</strong></span> 
     </span>
    </p>
   </div>
   <div class='ocr_carea' id='block_1_43' title="bbox 604 2716 2185 2786">
    <p class='ocr_par' dir='ltr' id='par_1_43' title="bbox 604 2716 2185 2786">
     <span class='ocr_line' id='line_1_43' title="bbox 604 2716 2185 2786; baseline 0.002 -17"><span class='ocrx_word' id='word_1_296' title='bbox 604 2716 872 2785; x_wconf 87' lang='lat' dir='ltr'><strong>temporis</strong></span> <span class='ocrx_word' id='word_1_297' title='bbox 913 2725 1003 2771; x_wconf 90' lang='lat' dir='ltr'><strong>est</strong></span> <span class='ocrx_word' id='word_1_298' title='bbox 1054 2731 1218 2786; x_wconf 88' lang='lat' dir='ltr'><strong>quam</strong></span> <span class='ocrx_word' id='word_1_299' title='bbox 1269 2716 1638 2783; x_wconf 82' lang='lat' dir='ltr'><strong>aeternitatis,</strong></span> <span class='ocrx_word' id='word_1_300' title='bbox 1689 2717 1857 2773; x_wconf 83' lang='lat' dir='ltr'><strong>habet</strong></span> <span class='ocrx_word' id='word_1_301' title='bbox 1899 2732 2185 2773; x_wconf 63' lang='lat' dir='ltr'><strong>successo«</strong></span> 
     </span>
    </p>
   </div>
   <div class='ocr_carea' id='block_1_44' title="bbox 603 2806 2185 2878">
    <p class='ocr_par' dir='ltr' id='par_1_44' title="bbox 603 2806 2185 2878">
     <span class='ocr_line' id='line_1_44' title="bbox 603 2806 2185 2878; baseline 0.002 -17"><span class='ocrx_word' id='word_1_302' title='bbox 603 2819 756 2870; x_wconf 88' lang='lat' dir='ltr'><strong>rem;</strong></span> <span class='ocrx_word' id='word_1_303' title='bbox 808 2821 1124 2876; x_wconf 88' lang='lat' dir='ltr'><strong>quanquam</strong></span> <span class='ocrx_word' id='word_1_304' title='bbox 1182 2806 1318 2861; x_wconf 91' lang='lat' dir='ltr'><strong>alias</strong></span> <span class='ocrx_word' id='word_1_305' title='bbox 1351 2808 1617 2878; x_wconf 90' lang='lat' dir='ltr'><strong>temporis</strong></span> <span class='ocrx_word' id='word_1_306' title='bbox 1671 2809 1918 2865; x_wconf 88' lang='lat' dir='ltr'><strong>rationes</strong></span> <span class='ocrx_word' id='word_1_307' title='bbox 1965 2809 2022 2864; x_wconf 94' lang='lat' dir='ltr'><strong>in</strong></span> <span class='ocrx_word' id='word_1_308' title='bbox 2055 2809 2185 2864; x_wconf 84' lang='lat' dir='ltr'><strong>Deo</strong></span> 
     </span>
    </p>
   </div>
   <div class='ocr_carea' id='block_1_45' title="bbox 602 2900 2184 2973">
    <p class='ocr_par' dir='ltr' id='par_1_45' title="bbox 602 2900 2184 2973">
     <span class='ocr_line' id='line_1_45' title="bbox 602 2900 2184 2973; baseline 0.003 -21"><span class='ocrx_word' id='word_1_309' title='bbox 602 2906 951 2970; x_wconf 89' lang='lat' dir='ltr'><strong>permanent,</strong></span> <span class='ocrx_word' id='word_1_310' title='bbox 983 2900 1451 2968; x_wconf 88' lang='lat' dir='ltr'><strong>quemadmodum</strong></span> <span class='ocrx_word' id='word_1_311' title='bbox 1481 2900 1566 2956; x_wconf 78' lang='lat' dir='ltr'><strong>lex</strong></span> <span class='ocrx_word' id='word_1_312' title='bbox 1593 2918 1624 2955; x_wconf 90' lang='lat' dir='ltr'><strong>a</strong></span> <span class='ocrx_word' id='word_1_313' title='bbox 1656 2902 1838 2973; x_wconf 80' lang='lat' dir='ltr'><strong>Moyse</strong></span> <span class='ocrx_word' id='word_1_314' title='bbox 1869 2903 1924 2956; x_wconf 91' lang='lat' dir='ltr'><strong>in</strong></span> <span class='ocrx_word' id='word_1_315' title='bbox 1959 2902 2184 2958; x_wconf 89' lang='lat' dir='ltr'><strong>deserto</strong></span> 
     </span>
    </p>
   </div>
   <div class='ocr_carea' id='block_1_46' title="bbox 603 2989 2183 3065">
    <p class='ocr_par' dir='ltr' id='par_1_46' title="bbox 603 2989 2183 3065">
     <span class='ocr_line' id='line_1_46' title="bbox 603 2989 2183 3065; baseline 0.004 -21"><span class='ocrx_word' id='word_1_316' title='bbox 603 2989 732 3044; x_wconf 91' lang='lat' dir='ltr'><strong>data</strong></span> <span class='ocrx_word' id='word_1_317' title='bbox 771 2989 794 3028; x_wconf 81' lang='grc' dir='ltr'><strong>¹ι</strong></span> <span class='ocrx_word' id='word_1_318' title='bbox 823 3005 930 3044; x_wconf 90' lang='lat' dir='ltr'><strong>una</strong></span> <span class='ocrx_word' id='word_1_319' title='bbox 958 3005 1083 3045; x_wconf 89' lang='lat' dir='ltr'><strong>cum</strong></span> <span class='ocrx_word' id='word_1_320' title='bbox 1113 2991 1195 3047; x_wconf 89' lang='lat' dir='ltr'><strong>eis</strong></span> <span class='ocrx_word' id='word_1_321' title='bbox 1235 2991 1329 3062; x_wconf 92' lang='lat' dir='ltr'><strong>qui</strong></span> <span class='ocrx_word' id='word_1_322' title='bbox 1367 3001 1570 3047; x_wconf 88' lang='lat' dir='ltr'><strong>terram</strong></span> <span class='ocrx_word' id='word_1_323' title='bbox 1625 2995 1989 3064; x_wconf 87' lang='lat' dir='ltr'><strong>possessionis</strong></span> <span class='ocrx_word' id='word_1_324' title='bbox 2017 3009 2183 3065; x_wconf 79' lang='lat' dir='ltr'><strong>cepe-</strong></span> 
     </span>
    </p>
   </div>
   <div class='ocr_carea' id='block_1_47' title="bbox 592 3081 2182 3154">
    <p class='ocr_par' dir='ltr' id='par_1_47' title="bbox 592 3081 2182 3154">
     <span class='ocr_line' id='line_1_47' title="bbox 592 3081 2182 3154; baseline 0.004 -19"><span class='ocrx_word' id='word_1_325' title='bbox 592 3089 739 3136; x_wconf 70' lang='lat' dir='ltr'><strong>runt</strong></span> <span class='ocrx_word' id='word_1_326' title='bbox 765 3081 1008 3154; x_wconf 81' lang='lat' dir='ltr'><strong>ingressa</strong></span> <span class='ocrx_word' id='word_1_327' title='bbox 1038 3083 1268 3154; x_wconf 88' lang='lat' dir='ltr'><strong>mystice</strong></span> <span class='ocrx_word' id='word_1_328' title='bbox 1294 3085 1632 3140; x_wconf 80' lang='lat' dir='ltr'><strong>manifestat.</strong></span> <span class='ocrx_word' id='word_1_329' title='bbox 1686 3085 1988 3142; x_wconf 63' lang='lat' dir='ltr'><strong>Eternitas</strong></span> <span class='ocrx_word' id='word_1_330' title='bbox 2034 3087 2182 3142; x_wconf 88' lang='lat' dir='ltr'><strong>enim</strong></span> 
     </span>
    </p>
   </div>
   <div class='ocr_carea' id='block_1_48' title="bbox 595 3175 2184 3244">
    <p class='ocr_par' dir='ltr' id='par_1_48' title="bbox 595 3175 2184 3244">
     <span class='ocr_line' id='line_1_48' title="bbox 595 3175 2184 3244; baseline 0.004 -20"><span class='ocrx_word' id='word_1_331' title='bbox 595 3178 826 3240; x_wconf 71' lang='lat' dir='ltr'><strong>tempus</strong></span> <span class='ocrx_word' id='word_1_332' title='bbox 853 3177 941 3225; x_wconf 90' lang='lat' dir='ltr'><strong>est</strong></span> <span class='ocrx_word' id='word_1_333' title='bbox 968 3179 1258 3241; x_wconf 80' lang='lat' dir='ltr'><strong>postquam</strong></span> <span class='ocrx_word' id='word_1_334' title='bbox 1290 3182 1500 3230; x_wconf 90' lang='lat' dir='ltr'><strong>motum</strong></span> <span class='ocrx_word' id='word_1_335' title='bbox 1532 3175 1696 3239; x_wconf 85' lang='lat' dir='ltr'><strong>stitit,</strong></span> <span class='ocrx_word' id='word_1_336' title='bbox 1743 3184 1801 3230; x_wconf 92' lang='lat' dir='ltr'><strong>et</strong></span> <span class='ocrx_word' id='word_1_337' title='bbox 1852 3183 2070 3244; x_wconf 91' lang='lat' dir='ltr'><strong>tempus</strong></span> <span class='ocrx_word' id='word_1_338' title='bbox 2097 3183 2184 3231; x_wconf 90' lang='lat' dir='ltr'><strong>est</strong></span> 
     </span>
    </p>
   </div>
   <div class='ocr_carea' id='block_1_49' title="bbox 602 3262 2184 3341">
    <p class='ocr_par' dir='ltr' id='par_1_49' title="bbox 602 3262 2184 3341">
     <span class='ocr_line' id='line_1_49' title="bbox 602 3262 2184 3341; baseline 0.003 -22"><span class='ocrx_word' id='word_1_339' title='bbox 602 3262 906 3324; x_wconf 71' lang='lat' dir='ltr'><strong>aeternitas.</strong></span> <span class='ocrx_word' id='word_1_340' title='bbox 942 3264 1169 3333; x_wconf 90' lang='lat' dir='ltr'><strong>quando</strong></span> <span class='ocrx_word' id='word_1_341' title='bbox 1201 3280 1463 3321; x_wconf 90' lang='lat' dir='ltr'><strong>mensura</strong></span> <span class='ocrx_word' id='word_1_342' title='bbox 1494 3266 1856 3339; x_wconf 78' lang='lat' dir='ltr'><strong>distinguitur</strong></span> <span class='ocrx_word' id='word_1_343' title='bbox 1891 3280 2044 3324; x_wconf 91' lang='lat' dir='ltr'><strong>motu</strong></span> <span class='ocrx_word' id='word_1_344' title='bbox 2069 3270 2184 3341; x_wconf 89' lang='lat' dir='ltr'><strong>agi-</strong></span> 
     </span>
    </p>
   </div>
   <div class='ocr_carea' id='block_1_50' title="bbox 604 3355 2185 3432">
    <p class='ocr_par' dir='ltr' id='par_1_50' title="bbox 604 3355 2185 3432">
     <span class='ocr_line' id='line_1_50' title="bbox 604 3355 2185 3432; baseline 0.004 -22"><span class='ocrx_word' id='word_1_345' title='bbox 604 3355 917 3420; x_wconf 78' lang='lat' dir='ltr'><strong>tata,~adeo</strong></span> <span class='ocrx_word' id='word_1_346' title='bbox 938 3365 998 3411; x_wconf 88' lang='lat' dir='ltr'><strong>ut</strong></span> <span class='ocrx_word' id='word_1_347' title='bbox 1025 3357 1326 3424; x_wconf 65' lang='lat' dir='ltr'><strong>aeternitas,</strong></span> <span class='ocrx_word' id='word_1_348' title='bbox 1359 3368 1420 3413; x_wconf 92' lang='lat' dir='ltr'><strong>ut</strong></span> <span class='ocrx_word' id='word_1_349' title='bbox 1449 3359 1678 3416; x_wconf 90' lang='lat' dir='ltr'><strong>deIlnite</strong></span> <span class='ocrx_word' id='word_1_350' title='bbox 1707 3362 1922 3432; x_wconf 90' lang='lat' dir='ltr'><strong>loquar,</strong></span> <span class='ocrx_word' id='word_1_351' title='bbox 1970 3371 2185 3432; x_wconf 89' lang='lat' dir='ltr'><strong>tempus</strong></span> 
     </span>
    </p>
   </div>
   <div class='ocr_carea' id='block_1_51' title="bbox 603 3447 2186 3520">
    <p class='ocr_par' dir='ltr' id='par_1_51' title="bbox 603 3447 2186 3520">
     <span class='ocr_line' id='line_1_51' title="bbox 603 3447 2186 3520; baseline 0.004 -18"><span class='ocrx_word' id='word_1_352' title='bbox 603 3447 1083 3518; x_wconf 73' lang='lat' dir='ltr'><strong>metu-privatum,</strong></span> <span class='ocrx_word' id='word_1_353' title='bbox 1119 3456 1335 3520; x_wconf 89' lang='lat' dir='ltr'><strong>tempus</strong></span> <span class='ocrx_word' id='word_1_354' title='bbox 1364 3466 1496 3507; x_wconf 90' lang='lat' dir='ltr'><strong>vero</strong></span> <span class='ocrx_word' id='word_1_355' title='bbox 1526 3453 1810 3508; x_wconf 62' lang='lat' dir='ltr'><strong>aeternitas</strong></span> <span class='ocrx_word' id='word_1_356' title='bbox 1837 3462 1991 3508; x_wconf 89' lang='lat' dir='ltr'><strong>motu</strong></span> <span class='ocrx_word' id='word_1_357' title='bbox 2028 3469 2186 3510; x_wconf 89' lang='lat' dir='ltr'><strong>men-</strong></span> 
     </span>
    </p>
   </div>
   <div class='ocr_carea' id='block_1_52' title="bbox 599 3537 2182 3614">
    <p class='ocr_par' dir='ltr' id='par_1_52' title="bbox 599 3537 2182 3614">
     <span class='ocr_line' id='line_1_52' title="bbox 599 3537 2182 3614; baseline 0.004 -21"><span class='ocrx_word' id='word_1_358' title='bbox 599 3545 816 3593; x_wconf 78' lang='lat' dir='ltr'><strong>surata.</strong></span> <span class='ocrx_word' id='word_1_359' title='bbox 848 3537 1274 3594; x_wconf 59' lang='lat' dir='ltr'><strong>Naturaeautem</strong></span> <span class='ocrx_word' id='word_1_360' title='bbox 1297 3540 1446 3596; x_wconf 87' lang='lat' dir='ltr'><strong>Elias</strong></span> <span class='ocrx_word' id='word_1_361' title='bbox 1479 3540 1736 3598; x_wconf 89' lang='lat' dir='ltr'><strong>videatur</strong></span> <span class='ocrx_word' id='word_1_362' title='bbox 1787 3543 1968 3614; x_wconf 87' lang='lat' dir='ltr'><strong>imago</strong></span> <span class='ocrx_word' id='word_1_363' title='bbox 2010 3559 2133 3599; x_wconf 90' lang='lat' dir='ltr'><strong>esse</strong></span> <span class='ocrx_word' id='word_1_364' title='bbox 2165 3585 2182 3611; x_wconf 92' lang='lat'><strong>,</strong></span> 
     </span>
    </p>
   </div>
   <div class='ocr_carea' id='block_1_53' title="bbox 583 3629 2185 3700">
    <p class='ocr_par' dir='ltr' id='par_1_53' title="bbox 583 3629 2185 3700">
     <span class='ocr_line' id='line_1_53' title="bbox 583 3629 2185 3700; baseline 0.005 -18"><span class='ocrx_word' id='word_1_365' title='bbox 583 3644 720 3683; x_wconf 55' lang='lat' dir='ltr'><strong>-»non</strong></span> <span class='ocrx_word' id='word_1_366' title='bbox 759 3629 938 3684; x_wconf 90' lang='lat' dir='ltr'><strong>solum</strong></span> <span class='ocrx_word' id='word_1_367' title='bbox 969 3629 1117 3700; x_wconf 89' lang='lat' dir='ltr'><strong>quod</strong></span> <span class='ocrx_word' id='word_1_368' title='bbox 1147 3631 1442 3688; x_wconf 69' lang='lat' dir='ltr'><strong>inviolatas</strong></span> <span class='ocrx_word' id='word_1_369' title='bbox 1469 3633 1578 3688; x_wconf 91' lang='lat' dir='ltr'><strong>sibi</strong></span> <span class='ocrx_word' id='word_1_370' title='bbox 1617 3635 1920 3698; x_wconf 85' lang='lat' dir='ltr'><strong>custodivit</strong></span> <span class='ocrx_word' id='word_1_371' title='bbox 1941 3635 2185 3690; x_wconf 89' lang='lat' dir='ltr'><strong>rationes</strong></span> 
     </span>
    </p>
   </div>
   <div class='ocr_carea' id='block_1_54' title="bbox 606 3719 2184 3795">
    <p class='ocr_par' dir='ltr' id='par_1_54' title="bbox 606 3719 2184 3795">
     <span class='ocr_line' id='line_1_54' title="bbox 606 3719 2184 3795; baseline 0.006 -22"><span class='ocrx_word' id='word_1_372' title='bbox 606 3727 666 3774; x_wconf 90' lang='lat' dir='ltr'><strong>et</strong></span> <span class='ocrx_word' id='word_1_373' title='bbox 695 3719 996 3775; x_wconf 89' lang='lat' dir='ltr'><strong>voluntatis</strong></span> <span class='ocrx_word' id='word_1_374' title='bbox 1046 3723 1375 3793; x_wconf 86' lang='lat' dir='ltr'><strong>consiliique</strong></span> <span class='ocrx_word' id='word_1_375' title='bbox 1423 3725 1777 3795; x_wconf 82' lang='lat' dir='ltr'><strong>prudentiam</strong></span> <span class='ocrx_word' id='word_1_376' title='bbox 1830 3727 1887 3782; x_wconf 90' lang='lat' dir='ltr'><strong>in</strong></span> <span class='ocrx_word' id='word_1_377' title='bbox 1931 3727 2080 3792; x_wconf 92' lang='lat' dir='ltr'><strong>illis,</strong></span> <span class='ocrx_word' id='word_1_378' title='bbox 2115 3727 2184 3782; x_wconf 88' lang='lat' dir='ltr'><strong>ab</strong></span> 
     </span>
    </p>
   </div>
   <div class='ocr_carea' id='block_1_55' title="bbox 588 3810 2184 3882">
    <p class='ocr_par' dir='ltr' id='par_1_55' title="bbox 588 3810 2184 3882">
     <span class='ocr_line' id='line_1_55' title="bbox 588 3810 2184 3882; baseline 0.005 -18"><span class='ocrx_word' id='word_1_379' title='bbox 588 3810 757 3866; x_wconf 69' lang='lat' dir='ltr'><strong>omni</strong></span> <span class='ocrx_word' id='word_1_380' title='bbox 795 3811 1072 3882; x_wconf 91' lang='lat' dir='ltr'><strong>passionis</strong></span> <span class='ocrx_word' id='word_1_381' title='bbox 1108 3813 1510 3871; x_wconf 77' lang='lat' dir='ltr'><strong>vicissitudine</strong></span> <span class='ocrx_word' id='word_1_382' title='bbox 1575 3816 1830 3882; x_wconf 89' lang='lat' dir='ltr'><strong>liberam,</strong></span> <span class='ocrx_word' id='word_1_383' title='bbox 1890 3817 1986 3872; x_wconf 92' lang='lat' dir='ltr'><strong>sed</strong></span> <span class='ocrx_word' id='word_1_384' title='bbox 2015 3817 2184 3872; x_wconf 86' lang='lat' dir='ltr'><strong>etiam</strong></span> 
     </span>
    </p>
   </div>
   <div class='ocr_carea' id='block_1_56' title="bbox 595 3902 2182 3978">
    <p class='ocr_par' dir='ltr' id='par_1_56' title="bbox 595 3902 2182 3978">
     <span class='ocr_line' id='line_1_56' title="bbox 595 3902 2182 3978; baseline 0.003 -20"><span class='ocrx_word' id='word_1_385' title='bbox 595 3902 842 3974; x_wconf 78' lang='lat' dir='ltr'><strong>&#39;quod-iu</strong></span> <span class='ocrx_word' id='word_1_386' title='bbox 869 3903 1102 3975; x_wconf 88' lang='lat' dir='ltr'><strong>judicio,</strong></span> <span class='ocrx_word' id='word_1_387' title='bbox 1160 3906 1634 3976; x_wconf 87' lang='lat' dir='ltr'><strong>quemadmodum</strong></span> <span class='ocrx_word' id='word_1_388' title='bbox 1680 3907 1954 3963; x_wconf 89' lang='lat' dir='ltr'><strong>naturalis</strong></span> <span class='ocrx_word' id='word_1_389' title='bbox 1995 3909 2182 3978; x_wconf 88' lang='lat' dir='ltr'><strong>aliqua</strong></span> 
     </span>
    </p>
   </div>
   <div class='ocr_carea' id='block_1_57' title="bbox 600 3993 2180 4068">
    <p class='ocr_par' dir='ltr' id='par_1_57' title="bbox 600 3993 2180 4068">
     <span class='ocr_line' id='line_1_57' title="bbox 600 3993 2180 4068; baseline 0.001 -19"><span class='ocrx_word' id='word_1_390' title='bbox 600 3993 716 4059; x_wconf 75' lang='lat' dir='ltr'><strong>&#39;st,</strong></span> <span class='ocrx_word' id='word_1_391' title='bbox 731 3994 972 4066; x_wconf 74' lang='lat' dir='ltr'><strong>castigat</strong></span> <span class='ocrx_word' id='word_1_392' title='bbox 998 4010 1095 4050; x_wconf 91' lang='lat' dir='ltr'><strong>eos</strong></span> <span class='ocrx_word' id='word_1_393' title='bbox 1119 3995 1213 4066; x_wconf 85' lang='lat' dir='ltr'><strong>qui</strong></span> <span class='ocrx_word' id='word_1_394' title='bbox 1246 4005 1444 4052; x_wconf 89' lang='lat' dir='ltr'><strong>natura</strong></span> <span class='ocrx_word' id='word_1_395' title='bbox 1474 4005 1675 4068; x_wconf 63' lang='lat' dir='ltr'><strong>praeter</strong></span> <span class='ocrx_word' id='word_1_396' title='bbox 1705 4005 1966 4052; x_wconf 84' lang='lat' dir='ltr'><strong>naturam</strong></span> <span class='ocrx_word' id='word_1_397' title='bbox 2010 4004 2180 4050; x_wconf 91' lang='lat' dir='ltr'><strong>utun-</strong></span> 
     </span>
    </p>
   </div>
   <div class='ocr_carea' id='block_1_58' title="bbox 609 4085 2180 4157">
    <p class='ocr_par' dir='ltr' id='par_1_58' title="bbox 609 4085 2180 4157">
     <span class='ocr_line' id='line_1_58' title="bbox 609 4085 2180 4157; baseline 0.002 -18"><span class='ocrx_word' id='word_1_398' title='bbox 609 4093 720 4139; x_wconf 90' lang='lat' dir='ltr'><strong>tur.</strong></span> <span class='ocrx_word' id='word_1_399' title='bbox 754 4085 887 4141; x_wconf 83' lang='lat' dir='ltr'><strong>Tale</strong></span> <span class='ocrx_word' id='word_1_400' title='bbox 908 4085 1056 4140; x_wconf 88' lang='lat' dir='ltr'><strong>enim</strong></span> <span class='ocrx_word' id='word_1_401' title='bbox 1087 4086 1254 4141; x_wconf 89' lang='lat' dir='ltr'><strong>etiam</strong></span> <span class='ocrx_word' id='word_1_402' title='bbox 1295 4095 1518 4152; x_wconf 89' lang='lat' dir='ltr'><strong>natura,</strong></span> <span class='ocrx_word' id='word_1_403' title='bbox 1557 4100 1680 4157; x_wconf 76' lang='lat' dir='ltr'><strong>qua:</strong></span> <span class='ocrx_word' id='word_1_404' title='bbox 1724 4103 1784 4142; x_wconf 91' lang='lat' dir='ltr'><strong>se</strong></span> <span class='ocrx_word' id='word_1_405' title='bbox 1831 4087 2006 4156; x_wconf 86' lang='lat' dir='ltr'><strong>ipsam</strong></span> <span class='ocrx_word' id='word_1_406' title='bbox 2059 4101 2180 4142; x_wconf 84' lang='lat' dir='ltr'><strong>cor-</strong></span> 
     </span>
    </p>
   </div>
   <div class='ocr_carea' id='block_1_59' title="bbox 606 4179 2186 4250">
    <p class='ocr_par' dir='ltr' id='par_1_59' title="bbox 606 4179 2186 4250">
     <span class='ocr_line' id='line_1_59' title="bbox 606 4179 2186 4250; baseline 0.002 -20"><span class='ocrx_word' id='word_1_407' title='bbox 606 4189 865 4245; x_wconf 88' lang='lat' dir='ltr'><strong>rumpere</strong></span> <span class='ocrx_word' id='word_1_408' title='bbox 904 4185 1167 4232; x_wconf 89' lang='lat' dir='ltr'><strong>conantes</strong></span> <span class='ocrx_word' id='word_1_409' title='bbox 1208 4187 1440 4234; x_wconf 86' lang='lat' dir='ltr'><strong>eatenus</strong></span> <span class='ocrx_word' id='word_1_410' title='bbox 1481 4180 1737 4249; x_wconf 83' lang='lat' dir='ltr'><strong>castigat,</strong></span> <span class='ocrx_word' id='word_1_411' title='bbox 1788 4189 2065 4250; x_wconf 85' lang='lat' dir='ltr'><strong>quatenus</strong></span> <span class='ocrx_word' id='word_1_412' title='bbox 2104 4179 2186 4234; x_wconf 92' lang='lat' dir='ltr'><strong>in-</strong></span> 
     </span>
    </p>
   </div>
   <div class='ocr_carea' id='block_1_60' title="bbox 608 4266 2184 4342">
    <p class='ocr_par' dir='ltr' id='par_1_60' title="bbox 608 4266 2184 4342">
     <span class='ocr_line' id='line_1_60' title="bbox 608 4266 2184 4342; baseline 0.004 -22"><span class='ocrx_word' id='word_1_413' title='bbox 608 4266 850 4320; x_wconf 86' lang='lat' dir='ltr'><strong>naturali</strong></span> <span class='ocrx_word' id='word_1_414' title='bbox 874 4266 1095 4322; x_wconf 89' lang='lat' dir='ltr'><strong>vivendi</strong></span> <span class='ocrx_word' id='word_1_415' title='bbox 1124 4269 1315 4338; x_wconf 89' lang='lat' dir='ltr'><strong>generi</strong></span> <span class='ocrx_word' id='word_1_416' title='bbox 1348 4284 1575 4339; x_wconf 82' lang='lat' dir='ltr'><strong>operam</strong></span> <span class='ocrx_word' id='word_1_417' title='bbox 1600 4269 1757 4338; x_wconf 81' lang='lat' dir='ltr'><strong>dant,</strong></span> <span class='ocrx_word' id='word_1_418' title='bbox 1778 4287 1846 4327; x_wconf 85' lang='lat' dir='ltr'><strong>eo</strong></span> <span class='ocrx_word' id='word_1_419' title='bbox 1883 4271 2032 4342; x_wconf 83' lang='lat' dir='ltr'><strong>quod</strong></span> <span class='ocrx_word' id='word_1_420' title='bbox 2070 4286 2184 4326; x_wconf 88' lang='lat' dir='ltr'><strong>non</strong></span> 
     </span>
    </p>
   </div>
   <div class='ocr_carea' id='block_1_61' title="bbox 609 4359 2184 4433">
    <p class='ocr_par' dir='ltr' id='par_1_61' title="bbox 609 4359 2184 4433">
     <span class='ocr_line' id='line_1_61' title="bbox 609 4359 2184 4433; baseline 0.004 -21"><span class='ocrx_word' id='word_1_421' title='bbox 609 4359 830 4429; x_wconf 85' lang='lat' dir='ltr'><strong>plenam</strong></span> <span class='ocrx_word' id='word_1_422' title='bbox 877 4359 1052 4430; x_wconf 85' lang='lat' dir='ltr'><strong>ipsius</strong></span> <span class='ocrx_word' id='word_1_423' title='bbox 1080 4370 1297 4433; x_wconf 77' lang='lat' dir='ltr'><strong>natura:</strong></span> <span class='ocrx_word' id='word_1_424' title='bbox 1342 4361 1662 4419; x_wconf 77' lang='lat' dir='ltr'><strong>facultatem</strong></span> <span class='ocrx_word' id='word_1_425' title='bbox 1704 4365 2038 4419; x_wconf 87' lang='lat' dir='ltr'><strong>naturaliter</strong></span> <span class='ocrx_word' id='word_1_426' title='bbox 2065 4379 2184 4418; x_wconf 86' lang='lat' dir='ltr'><strong>am-</strong></span> 
     </span>
    </p>
   </div>
   <div class='ocr_carea' id='block_1_62' title="bbox 610 4449 2184 4528">
    <p class='ocr_par' dir='ltr' id='par_1_62' title="bbox 610 4449 2184 4528">
     <span class='ocr_line' id='line_1_62' title="bbox 610 4449 2184 4528; baseline 0.004 -24"><span class='ocrx_word' id='word_1_427' title='bbox 610 4449 759 4520; x_wconf 86' lang='lat' dir='ltr'><strong>plius</strong></span> <span class='ocrx_word' id='word_1_428' title='bbox 782 4466 1046 4507; x_wconf 80' lang='lat' dir='ltr'><strong>exercere</strong></span> <span class='ocrx_word' id='word_1_429' title='bbox 1065 4467 1180 4508; x_wconf 64' lang='lat' dir='ltr'><strong>‘eos</strong></span> <span class='ocrx_word' id='word_1_430' title='bbox 1203 4453 1358 4520; x_wconf 90' lang='lat' dir='ltr'><strong>sinit,</strong></span> <span class='ocrx_word' id='word_1_431' title='bbox 1384 4454 1708 4513; x_wconf 89' lang='lat' dir='ltr'><strong>imminutos</strong></span> <span class='ocrx_word' id='word_1_432' title='bbox 1732 4458 1842 4528; x_wconf 90' lang='lat' dir='ltr'><strong>jam</strong></span> <span class='ocrx_word' id='word_1_433' title='bbox 1867 4455 2184 4526; x_wconf 86' lang='lat' dir='ltr'><strong>integritate</strong></span> 
     </span>
    </p>
   </div>
   <div class='ocr_carea' id='block_1_63' title="bbox 2292 1888 3853 1961">
    <p class='ocr_par' dir='ltr' id='par_1_63' title="bbox 2292 1888 3853 1961">
     <span class='ocr_line' id='line_1_63' title="bbox 2292 1888 3853 1961; baseline -0.001 -17"><span class='ocrx_word' id='word_1_434' title='bbox 2292 1893 2386 1945; x_wconf 73' lang='grc' dir='ltr'><strong>καὶ</strong></span> <span class='ocrx_word' id='word_1_435' title='bbox 2428 1891 2523 1944; x_wconf 76' lang='grc' dir='ltr'><strong>τοῦ</strong></span> <span class='ocrx_word' id='word_1_436' title='bbox 2553 1891 2676 1944; x_wconf 85' lang='grc' dir='ltr'><strong>κατ’</strong></span> <span class='ocrx_word' id='word_1_437' title='bbox 2713 1890 2876 1944; x_wconf 70' lang='grc' dir='ltr'><strong>αὑτὸν</strong></span> <span class='ocrx_word' id='word_1_438' title='bbox 2914 1889 3154 1961; x_wconf 79' lang='grc' dir='ltr'><strong>ἀριθμοῦ</strong></span> <span class='ocrx_word' id='word_1_439' title='bbox 3185 1891 3508 1954; x_wconf 80' lang='grc' dir='ltr'><strong>διδάσκαλος</strong></span> <span class='ocrx_word' id='word_1_440' title='bbox 3547 1888 3724 1959; x_wconf 74' lang='grc' dir='ltr'><strong>(οὗτος</strong></span> <span class='ocrx_word' id='word_1_441' title='bbox 3755 1893 3853 1961; x_wconf 73' lang='grc' dir='ltr'><strong>γὰρ</strong></span> 
     </span>
    </p>
   </div>
   <div class='ocr_carea' id='block_1_64' title="bbox 2289 1980 3855 2054">
    <p class='ocr_par' dir='ltr' id='par_1_64' title="bbox 2289 1980 3855 2054">
     <span class='ocr_line' id='line_1_64' title="bbox 2289 1980 3855 2054; baseline -0.001 -20"><span class='ocrx_word' id='word_1_442' title='bbox 2289 1981 2508 2054; x_wconf 83' lang='grc' dir='ltr'><strong>πρῶτος</strong></span> <span class='ocrx_word' id='word_1_443' title='bbox 2551 1981 2645 2036; x_wconf 73' lang='grc' dir='ltr'><strong>τὸν</strong></span> <span class='ocrx_word' id='word_1_444' title='bbox 2692 1981 2836 2036; x_wconf 84' lang='grc' dir='ltr'><strong>κατὰ</strong></span> <span class='ocrx_word' id='word_1_445' title='bbox 2885 1981 2984 2053; x_wconf 77' lang='grc' dir='ltr'><strong>τὴν</strong></span> <span class='ocrx_word' id='word_1_446' title='bbox 3014 1983 3241 2050; x_wconf 81' lang='grc' dir='ltr'><strong>-γένεσιν</strong></span> <span class='ocrx_word' id='word_1_447' title='bbox 3277 1980 3373 2035; x_wconf 79' lang='grc' dir='ltr'><strong>τοῦ</strong></span> <span class='ocrx_word' id='word_1_448' title='bbox 3417 1981 3628 2052; x_wconf 79' lang='grc' dir='ltr'><strong>κόσμου</strong></span> <span class='ocrx_word' id='word_1_449' title='bbox 3675 1983 3855 2052; x_wconf 81' lang='grc' dir='ltr'><strong>χρόνεν</strong></span> 
     </span>
    </p>
   </div>
   <div class='ocr_carea' id='block_1_65' title="bbox 2289 2069 3856 2143">
    <p class='ocr_par' dir='ltr' id='par_1_65' title="bbox 2289 2069 3856 2143">
     <span class='ocr_line' id='line_1_65' title="bbox 2289 2069 3856 2143; baseline -0.011 -1"><span class='ocrx_word' id='word_1_450' title='bbox 2289 2069 2612 2141; x_wconf 73' lang='grc' dir='ltr'><strong>ἠρίθμησε),</strong></span> <span class='ocrx_word' id='word_1_451' title='bbox 2640 2070 2736 2124; x_wconf 62' lang='grc' dir='ltr'><strong>καὶ</strong></span> <span class='ocrx_word' id='word_1_452' title='bbox 2761 2070 2838 2134; x_wconf 75' lang='grc' dir='ltr'>ὡς</span> <span class='ocrx_word' id='word_1_453' title='bbox 2859 2071 3119 2142; x_wconf 84' lang='grc' dir='ltr'><strong>χρονικῆς</strong></span> <span class='ocrx_word' id='word_1_454' title='bbox 3146 2071 3436 2141; x_wconf 85' lang='grc' dir='ltr'><strong>γενόμενος</strong></span> <span class='ocrx_word' id='word_1_455' title='bbox 3456 2072 3712 2143; x_wconf 80' lang='grc' dir='ltr'><strong>λατρείας</strong></span> <span class='ocrx_word' id='word_1_456' title='bbox 3735 2073 3856 2125; x_wconf 79' lang='grc' dir='ltr'><strong>καθ-</strong></span> 
     </span>
    </p>
   </div>
   <div class='ocr_carea' id='block_1_66' title="bbox 2289 2156 3855 2234">
    <p class='ocr_par' dir='ltr' id='par_1_66' title="bbox 2289 2156 3855 2234">
     <span class='ocr_line' id='line_1_66' title="bbox 2289 2156 3855 2234; baseline -0.019 -8"><span class='ocrx_word' id='word_1_457' title='bbox 2289 2161 2522 2234; x_wconf 77' lang='grc' dir='ltr'><strong>ηγητὴς.</strong></span> <span class='ocrx_word' id='word_1_458' title='bbox 2563 2162 2702 2216; x_wconf 79' lang='grc' dir='ltr'><strong>ἀλλὰ</strong></span> <span class='ocrx_word' id='word_1_459' title='bbox 2738 2164 2836 2217; x_wconf 77' lang='grc' dir='ltr'><strong>καὶ</strong></span> <span class='ocrx_word' id='word_1_460' title='bbox 2889 2162 2965 2227; x_wconf 83' lang='grc' dir='ltr'><strong>ὡς</strong></span> <span class='ocrx_word' id='word_1_461' title='bbox 3006 2163 3080 2233; x_wconf 86' lang='grc' dir='ltr'><strong>μὴ</strong></span> <span class='ocrx_word' id='word_1_462' title='bbox 3121 2156 3607 2234; x_wconf 69' lang='grc' dir='ltr'><strong>συνεισερχόμενος</strong></span> <span class='ocrx_word' id='word_1_463' title='bbox 3637 2165 3682 2196; x_wconf 74' lang='grc' dir='ltr'>η</span> <span class='ocrx_word' id='word_1_464' title='bbox 3713 2164 3855 2216; x_wconf 61' lang='grc' dir='ltr'><strong>ἐκεί,</strong></span> 
     </span>
    </p>
   </div>
   <div class='ocr_carea' id='block_1_67' title="bbox 2289 2250 3857 2326">
    <p class='ocr_par' dir='ltr' id='par_1_67' title="bbox 2289 2250 3857 2326">
     <span class='ocr_line' id='line_1_67' title="bbox 2289 2250 3857 2326; baseline 0 -19"><span class='ocrx_word' id='word_1_465' title='bbox 2289 2270 2402 2317; x_wconf 85' lang='grc' dir='ltr'><strong>νοις</strong></span> <span class='ocrx_word' id='word_1_466' title='bbox 2459 2253 2786 2324; x_wconf 82' lang='grc' dir='ltr'><strong>σωματικῶς</strong></span> <span class='ocrx_word' id='word_1_467' title='bbox 2835 2255 2916 2318; x_wconf 87' lang='grc' dir='ltr'><strong>είς</strong></span> <span class='ocrx_word' id='word_1_468' title='bbox 2962 2255 3060 2326; x_wconf 80' lang='grc' dir='ltr'><strong>τὴν</strong></span> <span class='ocrx_word' id='word_1_469' title='bbox 3097 2255 3446 2308; x_wconf 79' lang='grc' dir='ltr'><strong>κατάπαυσιν</strong></span> <span class='ocrx_word' id='word_1_470' title='bbox 3496 2250 3576 2309; x_wconf 83' lang='grc' dir='ltr'><strong>ὧν</strong></span> <span class='ocrx_word' id='word_1_471' title='bbox 3611 2254 3718 2324; x_wconf 80' lang='grc' dir='ltr'><strong>πρὸ</strong></span> <span class='ocrx_word' id='word_1_472' title='bbox 3761 2253 3857 2324; x_wconf 78' lang='grc' dir='ltr'><strong>τῆς</strong></span> 
     </span>
    </p>
   </div>
   <div class='ocr_carea' id='block_1_68' title="bbox 2291 2343 3857 2417">
    <p class='ocr_par' dir='ltr' id='par_1_68' title="bbox 2291 2343 3857 2417">
     <span class='ocr_line' id='line_1_68' title="bbox 2291 2343 3857 2417; baseline 0.001 -20"><span class='ocrx_word' id='word_1_473' title='bbox 2291 2343 2443 2407; x_wconf 83' lang='grc' dir='ltr'><strong>θείας</strong></span> <span class='ocrx_word' id='word_1_474' title='bbox 2464 2344 2823 2415; x_wconf 78' lang='grc' dir='ltr'><strong>καθηγήσατο</strong></span> <span class='ocrx_word' id='word_1_475' title='bbox 2841 2345 3023 2417; x_wconf 73' lang='lat'><strong>(162</strong></span> <span class='ocrx_word' id='word_1_476' title='bbox 3041 2344 3096 2417; x_wconf 83' lang='grc' dir='ltr'><strong>α)</strong></span> <span class='ocrx_word' id='word_1_477' title='bbox 3121 2345 3463 2414; x_wconf 69' lang='grc' dir='ltr'><strong>εὐαγγελίαςο</strong></span> <span class='ocrx_word' id='word_1_478' title='bbox 3490 2344 3730 2399; x_wconf 80' lang='grc' dir='ltr'><strong>τοιοῦτον</strong></span> <span class='ocrx_word' id='word_1_479' title='bbox 3750 2345 3857 2415; x_wconf 74' lang='grc' dir='ltr'><strong>γὰρ</strong></span> 
     </span>
    </p>
   </div>
   <div class='ocr_carea' id='block_1_69' title="bbox 2291 2436 3857 2510">
    <p class='ocr_par' dir='ltr' id='par_1_69' title="bbox 2291 2436 3857 2510">
     <span class='ocr_line' id='line_1_69' title="bbox 2291 2436 3857 2510; baseline 0.001 -22"><span class='ocrx_word' id='word_1_480' title='bbox 2291 2436 2386 2488; x_wconf 78' lang='grc' dir='ltr'><strong>καὶ</strong></span> <span class='ocrx_word' id='word_1_481' title='bbox 2419 2438 2448 2490; x_wconf 84' lang='grc' dir='ltr'><strong>ό</strong></span> <span class='ocrx_word' id='word_1_482' title='bbox 2481 2437 2696 2508; x_wconf 80' lang='grc' dir='ltr'><strong>χρόνος,</strong></span> <span class='ocrx_word' id='word_1_483' title='bbox 2727 2438 2790 2490; x_wconf 79' lang='grc' dir='ltr'><strong>οὐ</strong></span> <span class='ocrx_word' id='word_1_484' title='bbox 2836 2437 3056 2507; x_wconf 80' lang='grc' dir='ltr'><strong>φθάνων</strong></span> <span class='ocrx_word' id='word_1_485' title='bbox 3106 2438 3140 2510; x_wconf 77' lang='grc' dir='ltr'>ἢ</span> <span class='ocrx_word' id='word_1_486' title='bbox 3175 2439 3572 2510; x_wconf 77' lang='grc' dir='ltr'><strong>συνερχόμενος</strong></span> <span class='ocrx_word' id='word_1_487' title='bbox 3602 2437 3739 2492; x_wconf 74' lang='grc' dir='ltr'><strong>κατὰ</strong></span> <span class='ocrx_word' id='word_1_488' title='bbox 3762 2438 3857 2502; x_wconf 53' lang='grc' dir='ltr'><strong>τὶν</strong></span> 
     </span>
    </p>
   </div>
   <div class='ocr_carea' id='block_1_70' title="bbox 2291 2527 3858 2602">
    <p class='ocr_par' dir='ltr' id='par_1_70' title="bbox 2291 2527 3858 2602">
     <span class='ocr_line' id='line_1_70' title="bbox 2291 2527 3858 2602; baseline 0.001 -21"><span class='ocrx_word' id='word_1_489' title='bbox 2291 2527 2507 2598; x_wconf 82' lang='grc' dir='ltr'><strong>κίνησιν</strong></span> <span class='ocrx_word' id='word_1_490' title='bbox 2536 2530 2768 2593; x_wconf 71' lang='grc' dir='ltr'><strong>ἐκείνοις</strong></span> <span class='ocrx_word' id='word_1_491' title='bbox 2803 2528 2899 2594; x_wconf 81' lang='grc' dir='ltr'><strong>οὓς</strong></span> <span class='ocrx_word' id='word_1_492' title='bbox 2937 2529 3074 2602; x_wconf 82' lang='grc' dir='ltr'><strong>πρὸς</strong></span> <span class='ocrx_word' id='word_1_493' title='bbox 3115 2530 3217 2602; x_wconf 72' lang='grc' dir='ltr'><strong>τὴν</strong></span> <span class='ocrx_word' id='word_1_494' title='bbox 3261 2531 3413 2585; x_wconf 84' lang='grc' dir='ltr'><strong>θείαν</strong></span> <span class='ocrx_word' id='word_1_495' title='bbox 3440 2532 3537 2586; x_wconf 81' lang='grc' dir='ltr'><strong>τοῦ</strong></span> <span class='ocrx_word' id='word_1_496' title='bbox 3584 2531 3858 2602; x_wconf 78' lang='grc' dir='ltr'><strong>μέλλοντος</strong></span> 
     </span>
    </p>
   </div>
   <div class='ocr_carea' id='block_1_71' title="bbox 2290 2619 3855 2696">
    <p class='ocr_par' dir='ltr' id='par_1_71' title="bbox 2290 2619 3855 2696">
     <span class='ocr_line' id='line_1_71' title="bbox 2290 2619 3855 2696; baseline 0.001 -22"><span class='ocrx_word' id='word_1_497' title='bbox 2290 2619 2486 2686; x_wconf 74' lang='grc' dir='ltr'><strong>αἰῶνος</strong></span> <span class='ocrx_word' id='word_1_498' title='bbox 2515 2620 2660 2692; x_wconf 78' lang='grc' dir='ltr'><strong>ζωὴν</strong></span> <span class='ocrx_word' id='word_1_499' title='bbox 2693 2622 2902 2692; x_wconf 74' lang='grc' dir='ltr'><strong>πέφυκε</strong></span> <span class='ocrx_word' id='word_1_500' title='bbox 2929 2623 3344 2696; x_wconf 75' lang='grc' dir='ltr'><strong>παραπέμπειν.</strong></span> <span class='ocrx_word' id='word_1_501' title='bbox 3384 2624 3598 2694; x_wconf 77' lang='grc' dir='ltr'><strong>Ἰησοῦν</strong></span> <span class='ocrx_word' id='word_1_502' title='bbox 3616 2624 3724 2695; x_wconf 76' lang='grc' dir='ltr'><strong>γὰρ</strong></span> <span class='ocrx_word' id='word_1_503' title='bbox 3750 2624 3855 2694; x_wconf 78' lang='grc' dir='ltr'><strong>ἔχει</strong></span> 
     </span>
    </p>
   </div>
   <div class='ocr_carea' id='block_1_72' title="bbox 2289 2714 3857 2788">
    <p class='ocr_par' dir='ltr' id='par_1_72' title="bbox 2289 2714 3857 2788">
     <span class='ocr_line' id='line_1_72' title="bbox 2289 2714 3857 2788; baseline 0.003 -22"><span class='ocrx_word' id='word_1_504' title='bbox 2289 2714 2382 2767; x_wconf 81' lang='grc' dir='ltr'><strong>τὸν</strong></span> <span class='ocrx_word' id='word_1_505' title='bbox 2409 2714 2612 2778; x_wconf 77' lang='grc' dir='ltr'><strong>παντὸς</strong></span> <span class='ocrx_word' id='word_1_506' title='bbox 2635 2715 2766 2769; x_wconf 76' lang='grc' dir='ltr'><strong>ὄντα</strong></span> <span class='ocrx_word' id='word_1_507' title='bbox 2787 2715 2881 2770; x_wconf 72' lang='grc' dir='ltr'><strong>καὶ</strong></span> <span class='ocrx_word' id='word_1_508' title='bbox 2914 2717 3111 2786; x_wconf 84' lang='grc' dir='ltr'><strong>χρόνου</strong></span> <span class='ocrx_word' id='word_1_509' title='bbox 3134 2719 3230 2771; x_wconf 82' lang='grc' dir='ltr'><strong>καὶ</strong></span> <span class='ocrx_word' id='word_1_510' title='bbox 3255 2717 3452 2782; x_wconf 75' lang='grc' dir='ltr'><strong>αἰῶνος</strong></span> <span class='ocrx_word' id='word_1_511' title='bbox 3469 2718 3733 2788; x_wconf 77' lang='grc' dir='ltr'><strong>διάδοχον·</strong></span> <span class='ocrx_word' id='word_1_512' title='bbox 3759 2717 3857 2771; x_wconf 73' lang='grc' dir='ltr'><strong>κᾶν</strong></span> 
     </span>
    </p>
   </div>
   <div class='ocr_carea' id='block_1_73' title="bbox 2291 2807 3853 2880">
    <p class='ocr_par' dir='ltr' id='par_1_73' title="bbox 2291 2807 3853 2880">
     <span class='ocr_line' id='line_1_73' title="bbox 2291 2807 3853 2880; baseline 0.001 -19"><span class='ocrx_word' id='word_1_513' title='bbox 2291 2809 2340 2862; x_wconf 88' lang='grc' dir='ltr'><strong>εί</strong></span> <span class='ocrx_word' id='word_1_514' title='bbox 2365 2808 2541 2872; x_wconf 75' lang='grc' dir='ltr'><strong>ἄλλως</strong></span> <span class='ocrx_word' id='word_1_515' title='bbox 2564 2809 2614 2861; x_wconf 81' lang='grc' dir='ltr'><strong>οί</strong></span> <span class='ocrx_word' id='word_1_516' title='bbox 2641 2807 2789 2877; x_wconf 89' lang='grc' dir='ltr'><strong>λόγοι</strong></span> <span class='ocrx_word' id='word_1_517' title='bbox 2817 2807 2912 2862; x_wconf 81' lang='grc' dir='ltr'><strong>τοῦ</strong></span> <span class='ocrx_word' id='word_1_518' title='bbox 2946 2809 3140 2879; x_wconf 87' lang='grc' dir='ltr'><strong>χρόνου</strong></span> <span class='ocrx_word' id='word_1_519' title='bbox 3175 2811 3234 2862; x_wconf 71' lang='grc' dir='ltr'><strong>ὲν</strong></span> <span class='ocrx_word' id='word_1_520' title='bbox 3261 2809 3341 2880; x_wconf 82' lang='grc' dir='ltr'><strong>τῷ</strong></span> <span class='ocrx_word' id='word_1_521' title='bbox 3369 2809 3491 2880; x_wconf 72' lang='grc' dir='ltr'><strong>θεῷ</strong></span> <span class='ocrx_word' id='word_1_522' title='bbox 3517 2810 3853 2880; x_wconf 70' lang='grc' dir='ltr'><strong>διαμένωσιν,</strong></span> 
     </span>
    </p>
   </div>
   <div class='ocr_carea' id='block_1_74' title="bbox 2290 2900 3852 2974">
    <p class='ocr_par' dir='ltr' id='par_1_74' title="bbox 2290 2900 3852 2974">
     <span class='ocr_line' id='line_1_74' title="bbox 2290 2900 3852 2974; baseline 0 -20"><span class='ocrx_word' id='word_1_523' title='bbox 2290 2901 2367 2964; x_wconf 89' lang='grc' dir='ltr'><strong>ὡς</strong></span> <span class='ocrx_word' id='word_1_524' title='bbox 2395 2900 2548 2970; x_wconf 73' lang='grc' dir='ltr'><strong>δηλοῖ</strong></span> <span class='ocrx_word' id='word_1_525' title='bbox 2582 2900 2861 2971; x_wconf 87' lang='grc' dir='ltr'><strong>μυστικῶς</strong></span> <span class='ocrx_word' id='word_1_526' title='bbox 2894 2902 2927 2972; x_wconf 82' lang='grc' dir='ltr'>ἡ</span> <span class='ocrx_word' id='word_1_527' title='bbox 2962 2901 3059 2955; x_wconf 79' lang='grc' dir='ltr'><strong>τοῦ</strong></span> <span class='ocrx_word' id='word_1_528' title='bbox 3098 2903 3156 2956; x_wconf 75' lang='grc' dir='ltr'><strong>ὲν</strong></span> <span class='ocrx_word' id='word_1_529' title='bbox 3192 2902 3681 2974; x_wconf 76' lang='grc' dir='ltr'><strong>ὲρήμῳδοθέντος</strong></span> <span class='ocrx_word' id='word_1_530' title='bbox 3704 2902 3852 2973; x_wconf 76' lang='grc' dir='ltr'><strong>νόμον</strong></span> 
     </span>
    </p>
   </div>
   <div class='ocr_carea' id='block_1_75' title="bbox 2289 2991 3855 3066">
    <p class='ocr_par' dir='ltr' id='par_1_75' title="bbox 2289 2991 3855 3066">
     <span class='ocr_line' id='line_1_75' title="bbox 2289 2991 3855 3066; baseline 0.003 -22"><span class='ocrx_word' id='word_1_531' title='bbox 2289 2991 2380 3045; x_wconf 71' lang='grc' dir='ltr'><strong>διὰ</strong></span> <span class='ocrx_word' id='word_1_532' title='bbox 2406 2991 2687 3056; x_wconf 78' lang='grc' dir='ltr'><strong>Μωῢσέως</strong></span> <span class='ocrx_word' id='word_1_533' title='bbox 2708 2995 2822 3056; x_wconf 80' lang='grc' dir='ltr'><strong>τοῖς</strong></span> <span class='ocrx_word' id='word_1_534' title='bbox 2854 2993 2955 3065; x_wconf 82' lang='grc' dir='ltr'><strong>τὴν</strong></span> <span class='ocrx_word' id='word_1_535' title='bbox 2981 2995 3085 3066; x_wconf 86' lang='grc' dir='ltr'><strong>γῆν</strong></span> <span class='ocrx_word' id='word_1_536' title='bbox 3106 2992 3330 3048; x_wconf 76' lang='grc' dir='ltr'><strong>λαϐοῦσι</strong></span> <span class='ocrx_word' id='word_1_537' title='bbox 3355 2995 3458 3064; x_wconf 84' lang='grc' dir='ltr'><strong>τῆς</strong></span> <span class='ocrx_word' id='word_1_538' title='bbox 3486 2995 3855 3065; x_wconf 74' lang='grc' dir='ltr'><strong>κατασχέσεως</strong></span> 
     </span>
    </p>
   </div>
   <div class='ocr_carea' id='block_1_76' title="bbox 2294 3079 3856 3156">
    <p class='ocr_par' dir='ltr' id='par_1_76' title="bbox 2294 3079 3856 3156">
     <span class='ocr_line' id='line_1_76' title="bbox 2294 3079 3856 3156; baseline 0.008 -23"><span class='ocrx_word' id='word_1_539' title='bbox 2294 3079 2616 3145; x_wconf 84' lang='grc' dir='ltr'><strong>συνείσοδος.</strong></span> <span class='ocrx_word' id='word_1_540' title='bbox 2653 3079 2800 3135; x_wconf 79' lang='grc' dir='ltr'><strong>Αίὼν</strong></span> <span class='ocrx_word' id='word_1_541' title='bbox 2830 3082 2939 3154; x_wconf 83' lang='grc' dir='ltr'><strong>γάρ</strong></span> <span class='ocrx_word' id='word_1_542' title='bbox 2974 3083 3124 3137; x_wconf 70' lang='grc' dir='ltr'><strong>ἐστιν</strong></span> <span class='ocrx_word' id='word_1_543' title='bbox 3163 3083 3194 3136; x_wconf 83' lang='grc' dir='ltr'><strong>ὁ</strong></span> <span class='ocrx_word' id='word_1_544' title='bbox 3235 3084 3447 3154; x_wconf 83' lang='grc' dir='ltr'><strong>χρόνος,</strong></span> <span class='ocrx_word' id='word_1_545' title='bbox 3475 3085 3611 3140; x_wconf 79' lang='grc' dir='ltr'><strong>ὅταν</strong></span> <span class='ocrx_word' id='word_1_546' title='bbox 3642 3088 3736 3156; x_wconf 80' lang='grc' dir='ltr'><strong>στῇ</strong></span> <span class='ocrx_word' id='word_1_547' title='bbox 3766 3085 3856 3154; x_wconf 73' lang='grc' dir='ltr'><strong>τῆς</strong></span> 
     </span>
    </p>
   </div>
   <div class='ocr_carea' id='block_1_77' title="bbox 2211 3171 3856 3268">
    <p class='ocr_par' dir='ltr' id='par_1_77' title="bbox 2211 3171 3856 3268">
     <span class='ocr_line' id='line_1_77' title="bbox 2211 3171 3856 3268; baseline 0 -43"><span class='ocrx_word' id='word_1_548' title='bbox 2211 3208 2256 3268; x_wconf 75' lang='lat' dir='ltr'>c</span> <span class='ocrx_word' id='word_1_549' title='bbox 2293 3172 2584 3242; x_wconf 83' lang='grc' dir='ltr'><strong>κινήσεως,</strong></span> <span class='ocrx_word' id='word_1_550' title='bbox 2619 3172 2715 3227; x_wconf 79' lang='grc' dir='ltr'><strong>καὶ</strong></span> <span class='ocrx_word' id='word_1_551' title='bbox 2747 3173 2941 3243; x_wconf 82' lang='grc' dir='ltr'><strong>χρόνος</strong></span> <span class='ocrx_word' id='word_1_552' title='bbox 2980 3173 3128 3268; x_wconf 57' lang='grc' dir='ltr'><strong>ἐστὶν</strong></span> <span class='ocrx_word' id='word_1_553' title='bbox 3174 3174 3204 3226; x_wconf 81' lang='grc' dir='ltr'><strong>ό</strong></span> <span class='ocrx_word' id='word_1_554' title='bbox 3233 3171 3390 3239; x_wconf 78' lang='grc' dir='ltr'><strong>αἰὼν,</strong></span> <span class='ocrx_word' id='word_1_555' title='bbox 3429 3173 3565 3228; x_wconf 85' lang='grc' dir='ltr'><strong>ὅταν</strong></span> <span class='ocrx_word' id='word_1_556' title='bbox 3606 3173 3856 3245; x_wconf 75' lang='grc' dir='ltr'><strong>μετρῆται</strong></span> 
     </span>
    </p>
   </div>
   <div class='ocr_carea' id='block_1_78' title="bbox 2287 3258 3858 3335">
    <p class='ocr_par' dir='ltr' id='par_1_78' title="bbox 2287 3258 3858 3335">
     <span class='ocr_line' id='line_1_78' title="bbox 2287 3258 3858 3335; baseline 0 -17"><span class='ocrx_word' id='word_1_557' title='bbox 2287 3265 2499 3334; x_wconf 86' lang='grc' dir='ltr'><strong>κινήσει</strong></span> <span class='ocrx_word' id='word_1_558' title='bbox 2533 3264 2854 3335; x_wconf 82' lang='grc' dir='ltr'><strong>φερόμενος,</strong></span> <span class='ocrx_word' id='word_1_559' title='bbox 2889 3263 2965 3329; x_wconf 82' lang='grc' dir='ltr'><strong>ὡς</strong></span> <span class='ocrx_word' id='word_1_560' title='bbox 3011 3258 3152 3318; x_wconf 78' lang='grc' dir='ltr'><strong>εἶναι</strong></span> <span class='ocrx_word' id='word_1_561' title='bbox 3187 3263 3280 3319; x_wconf 79' lang='grc' dir='ltr'><strong>τὸν</strong></span> <span class='ocrx_word' id='word_1_562' title='bbox 3309 3263 3409 3335; x_wconf 80' lang='grc' dir='ltr'><strong>μὲν</strong></span> <span class='ocrx_word' id='word_1_563' title='bbox 3454 3266 3655 3330; x_wconf 82' lang='grc' dir='ltr'><strong>αἰῶνα,</strong></span> <span class='ocrx_word' id='word_1_564' title='bbox 3686 3267 3768 3318; x_wconf 86' lang='grc' dir='ltr'><strong>ῐνα</strong></span> <span class='ocrx_word' id='word_1_565' title='bbox 3789 3266 3858 3328; x_wconf 77' lang='grc' dir='ltr'><strong>ὡς</strong></span> 
     </span>
    </p>
   </div>
   <div class='ocr_carea' id='block_1_79' title="bbox 2287 3355 3855 3430">
    <p class='ocr_par' dir='ltr' id='par_1_79' title="bbox 2287 3355 3855 3430">
     <span class='ocr_line' id='line_1_79' title="bbox 2287 3355 3855 3430; baseline 0 -22"><span class='ocrx_word' id='word_1_566' title='bbox 2287 3357 2346 3409; x_wconf 68' lang='grc' dir='ltr'><strong>ἐν</strong></span> <span class='ocrx_word' id='word_1_567' title='bbox 2375 3356 2486 3428; x_wconf 81' lang='grc' dir='ltr'><strong>ὅρῳ</strong></span> <span class='ocrx_word' id='word_1_568' title='bbox 2534 3355 2846 3428; x_wconf 79' lang='grc' dir='ltr'><strong>περιλαϐὼν</strong></span> <span class='ocrx_word' id='word_1_569' title='bbox 2898 3357 3059 3422; x_wconf 78' lang='grc' dir='ltr'><strong>εἴπω,</strong></span> <span class='ocrx_word' id='word_1_570' title='bbox 3094 3357 3286 3428; x_wconf 88' lang='grc' dir='ltr'><strong>χρόνον</strong></span> <span class='ocrx_word' id='word_1_571' title='bbox 3315 3357 3689 3430; x_wconf 66' lang='grc' dir='ltr'><strong>ἐστερημένον</strong></span> <span class='ocrx_word' id='word_1_572' title='bbox 3712 3357 3855 3425; x_wconf 63' lang='lat' dir='ltr'><strong>xw!)-</strong></span> 
     </span>
    </p>
   </div>
   <div class='ocr_carea' id='block_1_80' title="bbox 2287 3447 3854 3520">
    <p class='ocr_par' dir='ltr' id='par_1_80' title="bbox 2287 3447 3854 3520">
     <span class='ocr_line' id='line_1_80' title="bbox 2287 3447 3854 3520; baseline 0.001 -20"><span class='ocrx_word' id='word_1_573' title='bbox 2287 3464 2447 3514; x_wconf 87' lang='grc' dir='ltr'><strong>σεως,</strong></span> <span class='ocrx_word' id='word_1_574' title='bbox 2475 3448 2567 3502; x_wconf 80' lang='grc' dir='ltr'><strong>τὸν</strong></span> <span class='ocrx_word' id='word_1_575' title='bbox 2588 3447 2644 3502; x_wconf 76' lang='grc' dir='ltr'><strong>δὲ</strong></span> <span class='ocrx_word' id='word_1_576' title='bbox 2670 3448 2864 3518; x_wconf 80' lang='grc' dir='ltr'><strong>χρόνον</strong></span> <span class='ocrx_word' id='word_1_577' title='bbox 2892 3449 3065 3502; x_wconf 84' lang='grc' dir='ltr'><strong>αίῶνα</strong></span> <span class='ocrx_word' id='word_1_578' title='bbox 3098 3449 3312 3520; x_wconf 80' lang='grc' dir='ltr'><strong>κινήσει</strong></span> <span class='ocrx_word' id='word_1_579' title='bbox 3340 3449 3735 3519; x_wconf 83' lang='grc' dir='ltr'><strong>μετρούμενον.</strong></span> <span class='ocrx_word' id='word_1_580' title='bbox 3754 3447 3854 3516; x_wconf 72' lang='grc' dir='ltr'><strong>Τῆς</strong></span> 
     </span>
    </p>
   </div>
   <div class='ocr_carea' id='block_1_81' title="bbox 2283 3538 3855 3611">
    <p class='ocr_par' dir='ltr' id='par_1_81' title="bbox 2283 3538 3855 3611">
     <span class='ocr_line' id='line_1_81' title="bbox 2283 3538 3855 3611; baseline 0 -18"><span class='ocrx_word' id='word_1_581' title='bbox 2283 3539 2341 3593; x_wconf 84' lang='grc' dir='ltr'><strong>δὲ</strong></span> <span class='ocrx_word' id='word_1_582' title='bbox 2375 3538 2588 3609; x_wconf 79' lang='grc' dir='ltr'><strong>φύσεως</strong></span> <span class='ocrx_word' id='word_1_583' title='bbox 2633 3539 2842 3604; x_wconf 82' lang='grc' dir='ltr'><strong>Ἠλίας,</strong></span> <span class='ocrx_word' id='word_1_584' title='bbox 2891 3541 2952 3594; x_wconf 75' lang='grc' dir='ltr'><strong>οὐ</strong></span> <span class='ocrx_word' id='word_1_585' title='bbox 2999 3542 3158 3611; x_wconf 84' lang='grc' dir='ltr'><strong>μόνον</strong></span> <span class='ocrx_word' id='word_1_586' title='bbox 3211 3540 3286 3604; x_wconf 83' lang='grc' dir='ltr'><strong>ὡς</strong></span> <span class='ocrx_word' id='word_1_587' title='bbox 3325 3542 3456 3603; x_wconf 79' lang='grc' dir='ltr'><strong>τοὺς</strong></span> <span class='ocrx_word' id='word_1_588' title='bbox 3514 3540 3646 3594; x_wconf 82' lang='grc' dir='ltr'><strong>καθ’</strong></span> <span class='ocrx_word' id='word_1_589' title='bbox 3683 3539 3855 3595; x_wconf 64' lang='grc' dir='ltr'><strong>ἑαυτὸν</strong></span> 
     </span>
    </p>
   </div>
   <div class='ocr_carea' id='block_1_82' title="bbox 2284 3629 3853 3702">
    <p class='ocr_par' dir='ltr' id='par_1_82' title="bbox 2284 3629 3853 3702">
     <span class='ocr_line' id='line_1_82' title="bbox 2284 3629 3853 3702; baseline 0.001 -19"><span class='ocrx_word' id='word_1_590' title='bbox 2284 3629 2599 3702; x_wconf 81' lang='grc' dir='ltr'><strong>ἁλωόὴτους</strong></span> <span class='ocrx_word' id='word_1_591' title='bbox 2623 3631 2866 3700; x_wconf 82' lang='grc' dir='ltr'><strong>φυλάξας</strong></span> <span class='ocrx_word' id='word_1_592' title='bbox 2891 3632 3107 3702; x_wconf 86' lang='grc' dir='ltr'><strong>λόγους,</strong></span> <span class='ocrx_word' id='word_1_593' title='bbox 3151 3635 3248 3688; x_wconf 73' lang='grc' dir='ltr'><strong>καὶ</strong></span> <span class='ocrx_word' id='word_1_594' title='bbox 3282 3634 3344 3686; x_wconf 77' lang='grc' dir='ltr'><strong>τὸ</strong></span> <span class='ocrx_word' id='word_1_595' title='bbox 3388 3633 3478 3686; x_wconf 75' lang='grc' dir='ltr'><strong>ἐπ’</strong></span> <span class='ocrx_word' id='word_1_596' title='bbox 3512 3634 3703 3697; x_wconf 79' lang='grc' dir='ltr'><strong>αὐτοῖς</strong></span> <span class='ocrx_word' id='word_1_597' title='bbox 3730 3632 3853 3686; x_wconf 70' lang='grc' dir='ltr'><strong>κατὰ</strong></span> 
     </span>
    </p>
   </div>
   <div class='ocr_carea' id='block_1_83' title="bbox 2285 3719 3848 3794">
    <p class='ocr_par' dir='ltr' id='par_1_83' title="bbox 2285 3719 3848 3794">
     <span class='ocr_line' id='line_1_83' title="bbox 2285 3719 3848 3794; baseline 0.002 -21"><span class='ocrx_word' id='word_1_598' title='bbox 2285 3719 2514 3792; x_wconf 86' lang='grc' dir='ltr'><strong>γνώμην</strong></span> <span class='ocrx_word' id='word_1_599' title='bbox 2541 3723 2796 3794; x_wconf 80' lang='grc' dir='ltr'><strong>φρόνημα</strong></span> <span class='ocrx_word' id='word_1_600' title='bbox 2827 3723 3039 3794; x_wconf 83' lang='grc' dir='ltr'><strong>τροπῆς</strong></span> <span class='ocrx_word' id='word_1_601' title='bbox 3081 3723 3182 3792; x_wconf 83' lang='grc' dir='ltr'><strong>τῆς</strong></span> <span class='ocrx_word' id='word_1_602' title='bbox 3227 3724 3295 3778; x_wconf 79' lang='grc' dir='ltr'><strong>ὲκ</strong></span> <span class='ocrx_word' id='word_1_603' title='bbox 3327 3723 3534 3787; x_wconf 80' lang='grc' dir='ltr'><strong>πάθους</strong></span> <span class='ocrx_word' id='word_1_604' title='bbox 3561 3723 3848 3793; x_wconf 68' lang='grc' dir='ltr'><strong>ἐλεύθερον,</strong></span> 
     </span>
    </p>
   </div>
   <div class='ocr_carea' id='block_1_84' title="bbox 2287 3808 3848 3885">
    <p class='ocr_par' dir='ltr' id='par_1_84' title="bbox 2287 3808 3848 3885">
     <span class='ocr_line' id='line_1_84' title="bbox 2287 3808 3848 3885; baseline 0.001 -21"><span class='ocrx_word' id='word_1_605' title='bbox 2287 3809 2426 3864; x_wconf 78' lang='grc' dir='ltr'><strong>ἀλλὰ</strong></span> <span class='ocrx_word' id='word_1_606' title='bbox 2452 3811 2549 3866; x_wconf 80' lang='grc' dir='ltr'><strong>καὶ</strong></span> <span class='ocrx_word' id='word_1_607' title='bbox 2581 3813 2657 3876; x_wconf 82' lang='grc' dir='ltr'><strong>ὠς</strong></span> <span class='ocrx_word' id='word_1_608' title='bbox 2691 3817 2748 3866; x_wconf 83' lang='grc' dir='ltr'><strong>ὲν</strong></span> <span class='ocrx_word' id='word_1_609' title='bbox 2775 3815 2955 3885; x_wconf 89' lang='grc' dir='ltr'><strong>κρίσει</strong></span> <span class='ocrx_word' id='word_1_610' title='bbox 3008 3814 3299 3882; x_wconf 86' lang='grc' dir='ltr'><strong>παιδεύων,</strong></span> <span class='ocrx_word' id='word_1_611' title='bbox 3341 3808 3455 3869; x_wconf 72' lang='grc' dir='ltr'><strong>οἷόν</strong></span> <span class='ocrx_word' id='word_1_612' title='bbox 3503 3831 3593 3880; x_wconf 80' lang='grc' dir='ltr'><strong>τις</strong></span> <span class='ocrx_word' id='word_1_613' title='bbox 3647 3813 3848 3884; x_wconf 69' lang='grc' dir='ltr'><strong>φυσικίες</strong></span> 
     </span>
    </p>
   </div>
   <div class='ocr_carea' id='block_1_85' title="bbox 2285 3902 3847 3978">
    <p class='ocr_par' dir='ltr' id='par_1_85' title="bbox 2285 3902 3847 3978">
     <span class='ocr_line' id='line_1_85' title="bbox 2285 3902 3847 3978; baseline 0.003 -23"><span class='ocrx_word' id='word_1_614' title='bbox 2285 3902 2469 3972; x_wconf 89' lang='grc' dir='ltr'><strong>νόμος,</strong></span> <span class='ocrx_word' id='word_1_615' title='bbox 2500 3906 2629 3968; x_wconf 82' lang='grc' dir='ltr'><strong>τοὺς</strong></span> <span class='ocrx_word' id='word_1_616' title='bbox 2654 3905 2806 3977; x_wconf 77' lang='grc' dir='ltr'><strong>παρὰ</strong></span> <span class='ocrx_word' id='word_1_617' title='bbox 2829 3905 2989 3976; x_wconf 87' lang='grc' dir='ltr'><strong>φύσιν</strong></span> <span class='ocrx_word' id='word_1_618' title='bbox 3016 3909 3084 3978; x_wconf 79' lang='grc' dir='ltr'><strong>τῇ</strong></span> <span class='ocrx_word' id='word_1_619' title='bbox 3118 3906 3280 3976; x_wconf 84' lang='grc' dir='ltr'><strong>φύσει</strong></span> <span class='ocrx_word' id='word_1_620' title='bbox 3302 3907 3654 3978; x_wconf 69' lang='grc' dir='ltr'><strong>χρωμένους.</strong></span> <span class='ocrx_word' id='word_1_621' title='bbox 3681 3903 3847 3960; x_wconf 82' lang='grc' dir='ltr'><strong>Τοιοῦ-</strong></span> 
     </span>
    </p>
   </div>
   <div class='ocr_carea' id='block_1_86' title="bbox 2284 3995 3844 4070">
    <p class='ocr_par' dir='ltr' id='par_1_86' title="bbox 2284 3995 3844 4070">
     <span class='ocr_line' id='line_1_86' title="bbox 2284 3995 3844 4070; baseline 0.001 -22"><span class='ocrx_word' id='word_1_622' title='bbox 2284 4011 2376 4048; x_wconf 87' lang='grc' dir='ltr'><strong>τον</strong></span> <span class='ocrx_word' id='word_1_623' title='bbox 2403 3995 2512 4068; x_wconf 84' lang='grc' dir='ltr'><strong>γὰρ</strong></span> <span class='ocrx_word' id='word_1_624' title='bbox 2545 3996 2698 4068; x_wconf 77' lang='grc' dir='ltr'><strong>καὶὴ</strong></span> <span class='ocrx_word' id='word_1_625' title='bbox 2730 3997 2910 4068; x_wconf 87' lang='grc' dir='ltr'><strong>φύσις,</strong></span> <span class='ocrx_word' id='word_1_626' title='bbox 2945 3999 3072 4063; x_wconf 81' lang='grc' dir='ltr'><strong>τοὺς</strong></span> <span class='ocrx_word' id='word_1_627' title='bbox 3104 3999 3276 4070; x_wconf 78' lang='grc' dir='ltr'><strong>αὐτὴν</strong></span> <span class='ocrx_word' id='word_1_628' title='bbox 3309 3997 3716 4070; x_wconf 84' lang='grc' dir='ltr'><strong>παραφθείρειν</strong></span> <span class='ocrx_word' id='word_1_629' title='bbox 3740 4000 3844 4051; x_wconf 55' lang='lat' dir='ltr'><strong>hac</strong></span> 
     </span>
    </p>
   </div>
   <div class='ocr_carea' id='block_1_87' title="bbox 2285 4087 3842 4172">
    <p class='ocr_par' dir='ltr' id='par_1_87' title="bbox 2285 4087 3842 4172">
     <span class='ocr_line' id='line_1_87' title="bbox 2285 4087 3842 4172; baseline 0.001 -34"><span class='ocrx_word' id='word_1_630' title='bbox 2285 4087 2606 4158; x_wconf 79' lang='grc' dir='ltr'><strong>χειρούντας</strong></span> <span class='ocrx_word' id='word_1_631' title='bbox 2631 4087 2885 4144; x_wconf 84' lang='grc' dir='ltr'><strong>τοσοῦτον</strong></span> <span class='ocrx_word' id='word_1_632' title='bbox 2905 4089 3232 4172; x_wconf 74' lang='grc' dir='ltr'><strong>κολάζουσα,</strong></span> <span class='ocrx_word' id='word_1_633' title='bbox 3262 4089 3388 4144; x_wconf 81' lang='grc' dir='ltr'><strong>ὅσον</strong></span> <span class='ocrx_word' id='word_1_634' title='bbox 3412 4089 3512 4144; x_wconf 81' lang='grc' dir='ltr'><strong>τοῦ</strong></span> <span class='ocrx_word' id='word_1_635' title='bbox 3532 4090 3688 4161; x_wconf 78' lang='grc' dir='ltr'><strong>παρὰ</strong></span> <span class='ocrx_word' id='word_1_636' title='bbox 3709 4087 3842 4158; x_wconf 67' lang='grc' dir='ltr'><strong>φύσιν</strong></span> 
     </span>
    </p>
   </div>
   <div class='ocr_carea' id='block_1_88' title="bbox 2285 4177 3845 4254">
    <p class='ocr_par' dir='ltr' id='par_1_88' title="bbox 2285 4177 3845 4254">
     <span class='ocr_line' id='line_1_88' title="bbox 2285 4177 3845 4254; baseline -0.002 -21"><span class='ocrx_word' id='word_1_637' title='bbox 2285 4177 2384 4250; x_wconf 79' lang='grc' dir='ltr'><strong>ζῇν</strong></span> <span class='ocrx_word' id='word_1_638' title='bbox 2423 4179 2824 4251; x_wconf 79' lang='grc' dir='ltr'><strong>ἐπιτηδεύουσι.</strong></span> <span class='ocrx_word' id='word_1_639' title='bbox 2871 4181 2950 4253; x_wconf 86' lang='grc' dir='ltr'><strong>τῷ</strong></span> <span class='ocrx_word' id='word_1_640' title='bbox 2995 4181 3071 4254; x_wconf 81' lang='grc' dir='ltr'><strong>μὴ</strong></span> <span class='ocrx_word' id='word_1_641' title='bbox 3113 4183 3241 4253; x_wconf 85' lang='grc' dir='ltr'><strong>ὅλην</strong></span> <span class='ocrx_word' id='word_1_642' title='bbox 3287 4183 3461 4252; x_wconf 81' lang='grc' dir='ltr'><strong>αὐτῆς</strong></span> <span class='ocrx_word' id='word_1_643' title='bbox 3503 4182 3746 4252; x_wconf 84' lang='grc' dir='ltr'><strong>φυσικῶς</strong></span> <span class='ocrx_word' id='word_1_644' title='bbox 3774 4179 3845 4233; x_wconf 68' lang='grc' dir='ltr'><strong>ἔτι</strong></span> 
     </span>
    </p>
   </div>
   <div class='ocr_carea' id='block_1_89' title="bbox 2284 4267 3842 4344">
    <p class='ocr_par' dir='ltr' id='par_1_89' title="bbox 2284 4267 3842 4344">
     <span class='ocr_line' id='line_1_89' title="bbox 2284 4267 3842 4344; baseline 0.002 -21"><span class='ocrx_word' id='word_1_645' title='bbox 2284 4270 2584 4342; x_wconf 82' lang='grc' dir='ltr'><strong>κεκτῆσθαι</strong></span> <span class='ocrx_word' id='word_1_646' title='bbox 2613 4271 2714 4342; x_wconf 83' lang='grc' dir='ltr'><strong>τῆς</strong></span> <span class='ocrx_word' id='word_1_647' title='bbox 2746 4272 2964 4340; x_wconf 86' lang='grc' dir='ltr'><strong>φύσεως</strong></span> <span class='ocrx_word' id='word_1_648' title='bbox 2991 4272 3092 4344; x_wconf 78' lang='grc' dir='ltr'><strong>τὴν</strong></span> <span class='ocrx_word' id='word_1_649' title='bbox 3118 4271 3369 4342; x_wconf 87' lang='grc' dir='ltr'><strong>δύναμιν,</strong></span> <span class='ocrx_word' id='word_1_650' title='bbox 3402 4271 3735 4342; x_wconf 76' lang='grc' dir='ltr'><strong>μειωθέντας</strong></span> <span class='ocrx_word' id='word_1_651' title='bbox 3757 4267 3842 4338; x_wconf 63' lang='grc' dir='ltr'><strong>ήδη</strong></span> 
     </span>
    </p>
   </div>
   <div class='ocr_carea' id='block_1_90' title="bbox 2283 4357 3843 4436">
    <p class='ocr_par' dir='ltr' id='par_1_90' title="bbox 2283 4357 3843 4436">
     <span class='ocr_line' id='line_1_90' title="bbox 2283 4357 3843 4436; baseline -0.01 -9"><span class='ocrx_word' id='word_1_652' title='bbox 2283 4363 2382 4433; x_wconf 81' lang='grc' dir='ltr'><strong>τῆς</strong></span> <span class='ocrx_word' id='word_1_653' title='bbox 2415 4363 2535 4418; x_wconf 76' lang='grc' dir='ltr'><strong>κατ’</strong></span> <span class='ocrx_word' id='word_1_654' title='bbox 2565 4362 2736 4436; x_wconf 76' lang='grc' dir='ltr'><strong>αὐτὴν</strong></span> <span class='ocrx_word' id='word_1_655' title='bbox 2763 4363 3085 4435; x_wconf 81' lang='grc' dir='ltr'><strong>ἁρτιότητος</strong></span> <span class='ocrx_word' id='word_1_656' title='bbox 3121 4364 3217 4418; x_wconf 73' lang='grc' dir='ltr'><strong>καὶ</strong></span> <span class='ocrx_word' id='word_1_657' title='bbox 3243 4363 3331 4417; x_wconf 77' lang='grc' dir='ltr'><strong>διὰ</strong></span> <span class='ocrx_word' id='word_1_658' title='bbox 3371 4362 3537 4417; x_wconf 80' lang='grc' dir='ltr'><strong>τοῦτο</strong></span> <span class='ocrx_word' id='word_1_659' title='bbox 3575 4357 3843 4430; x_wconf 67' lang='grc' dir='ltr'><strong>κολαζομέ-</strong></span> 
     </span>
    </p>
   </div>
   <div class='ocr_carea' id='block_1_91' title="bbox 2284 4448 3840 4528">
    <p class='ocr_par' dir='ltr' id='par_1_91' title="bbox 2284 4448 3840 4528">
     <span class='ocr_line' id='line_1_91' title="bbox 2284 4448 3840 4528; baseline 0.002 -20"><span class='ocrx_word' id='word_1_660' title='bbox 2284 4471 2429 4522; x_wconf 86' lang='grc' dir='ltr'><strong>νους,</strong></span> <span class='ocrx_word' id='word_1_661' title='bbox 2457 4454 2534 4520; x_wconf 81' lang='grc' dir='ltr'><strong>ὡς</strong></span> <span class='ocrx_word' id='word_1_662' title='bbox 2585 4457 2794 4519; x_wconf 81' lang='grc' dir='ltr'><strong>ἑαυτοῖς</strong></span> <span class='ocrx_word' id='word_1_663' title='bbox 2836 4455 3080 4520; x_wconf 76' lang='grc' dir='ltr'><strong>ἀϐούλως</strong></span> <span class='ocrx_word' id='word_1_664' title='bbox 3113 4473 3176 4510; x_wconf 85' lang='grc' dir='ltr'><strong>τε</strong></span> <span class='ocrx_word' id='word_1_665' title='bbox 3212 4456 3309 4510; x_wconf 74' lang='grc' dir='ltr'><strong>καὶ</strong></span> <span class='ocrx_word' id='word_1_666' title='bbox 3352 4456 3610 4528; x_wconf 79' lang='grc' dir='ltr'><strong>ἀφρόνως</strong></span> <span class='ocrx_word' id='word_1_667' title='bbox 3643 4453 3725 4507; x_wconf 74' lang='grc' dir='ltr'><strong>διὰ</strong></span> <span class='ocrx_word' id='word_1_668' title='bbox 3758 4448 3840 4516; x_wconf 75' lang='grc' dir='ltr'><strong>τῆς</strong></span> 
     </span>
    </p>
   </div>
   <div class='ocr_carea' id='block_1_92' title="bbox 609 4541 2182 4620">
    <p class='ocr_par' dir='ltr' id='par_1_92' title="bbox 609 4541 2182 4616">
     <span class='ocr_line' id='line_1_92' title="bbox 609 4541 2182 4616; baseline 0.004 -22"><span class='ocrx_word' id='word_1_669' title='bbox 609 4549 667 4595; x_wconf 86' lang='lat' dir='ltr'><strong>et</strong></span> <span class='ocrx_word' id='word_1_670' title='bbox 687 4555 786 4611; x_wconf 87' lang='lat' dir='ltr'><strong>per</strong></span> <span class='ocrx_word' id='word_1_671' title='bbox 815 4541 922 4597; x_wconf 90' lang='lat' dir='ltr'><strong>hoc</strong></span> <span class='ocrx_word' id='word_1_672' title='bbox 948 4543 1268 4615; x_wconf 89' lang='lat' dir='ltr'><strong>castigatos,</strong></span> <span class='ocrx_word' id='word_1_673' title='bbox 1302 4545 1509 4616; x_wconf 88' lang='lat' dir='ltr'><strong>quippe</strong></span> <span class='ocrx_word' id='word_1_674' title='bbox 1539 4546 1634 4616; x_wconf 91' lang='lat' dir='ltr'><strong>qui</strong></span> <span class='ocrx_word' id='word_1_675' title='bbox 1664 4546 1772 4601; x_wconf 84' lang='lat' dir='ltr'><strong>sibi</strong></span> <span class='ocrx_word' id='word_1_676' title='bbox 1814 4546 1948 4616; x_wconf 88' lang='lat' dir='ltr'><strong>ipsis</strong></span> <span class='ocrx_word' id='word_1_677' title='bbox 1991 4544 2182 4601; x_wconf 89' lang='lat' dir='ltr'><strong>incon-</strong></span> 
     </span>
    </p>
   </div>
   <div class='ocr_carea' id='block_1_93' title="bbox 2287 4541 3836 4620">
    <p class='ocr_par' dir='ltr' id='par_1_93' title="bbox 2289 4541 3836 4620">
     <span class='ocr_line' id='line_1_93' title="bbox 2289 4541 3836 4620; baseline 0.008 -22"><span class='ocrx_word' id='word_1_678' title='bbox 2289 4545 2426 4617; x_wconf 83' lang='grc' dir='ltr'><strong>πρὸς</strong></span> <span class='ocrx_word' id='word_1_679' title='bbox 2448 4545 2510 4599; x_wconf 80' lang='grc' dir='ltr'><strong>τὸ</strong></span> <span class='ocrx_word' id='word_1_680' title='bbox 2537 4546 2611 4616; x_wconf 84' lang='grc' dir='ltr'><strong>μὴ</strong></span> <span class='ocrx_word' id='word_1_681' title='bbox 2644 4545 2704 4599; x_wconf 84' lang='grc' dir='ltr'><strong>δν</strong></span> <span class='ocrx_word' id='word_1_682' title='bbox 2732 4546 2968 4612; x_wconf 82' lang='grc' dir='ltr'><strong>νεύσεως</strong></span> <span class='ocrx_word' id='word_1_683' title='bbox 2998 4545 3094 4601; x_wconf 81' lang='grc' dir='ltr'><strong>τοῦ</strong></span> <span class='ocrx_word' id='word_1_684' title='bbox 3143 4541 3284 4602; x_wconf 79' lang='grc' dir='ltr'><strong>εἶναι</strong></span> <span class='ocrx_word' id='word_1_685' title='bbox 3319 4545 3723 4620; x_wconf 75' lang='grc' dir='ltr'><strong>παρεχομένους</strong></span> <span class='ocrx_word' id='word_1_686' title='bbox 3757 4541 3836 4609; x_wconf 59' lang='grc' dir='ltr'><strong>τὴν</strong></span> 
     </span>
    </p>
   </div>
   <div class='ocr_carea' id='block_1_94' title="bbox 609 4633 2536 4713">
    <p class='ocr_par' dir='ltr' id='par_1_94' title="bbox 609 4633 2536 4713">
     <span class='ocr_line' id='line_1_94' title="bbox 609 4633 2536 4713; baseline 0.002 -23"><span class='ocrx_word' id='word_1_687' title='bbox 609 4633 759 4713; x_wconf 61' lang='lat' dir='ltr'><strong>sulto</strong></span> <span class='ocrx_word' id='word_1_688' title='bbox 788 4643 843 4690; x_wconf 92' lang='lat' dir='ltr'><strong>et</strong></span> <span class='ocrx_word' id='word_1_689' title='bbox 876 4635 1261 4706; x_wconf 89' lang='lat' dir='ltr'><strong>imprudenter</strong></span> <span class='ocrx_word' id='word_1_690' title='bbox 1282 4638 1350 4694; x_wconf 89' lang='lat' dir='ltr'><strong>ad</strong></span> <span class='ocrx_word' id='word_1_691' title='bbox 1376 4638 1430 4694; x_wconf 91' lang='lat' dir='ltr'><strong>id</strong></span> <span class='ocrx_word' id='word_1_692' title='bbox 1458 4639 1607 4710; x_wconf 89' lang='lat' dir='ltr'><strong>quod</strong></span> <span class='ocrx_word' id='word_1_693' title='bbox 1629 4655 1740 4694; x_wconf 93' lang='lat' dir='ltr'><strong>non</strong></span> <span class='ocrx_word' id='word_1_694' title='bbox 1759 4645 1846 4694; x_wconf 89' lang='lat' dir='ltr'><strong>est</strong></span> <span class='ocrx_word' id='word_1_695' title='bbox 1869 4637 2184 4694; x_wconf 79' lang='lat' dir='ltr'><strong>inclinanda</strong></span> <span class='ocrx_word' id='word_1_696' title='bbox 2276 4633 2536 4704; x_wconf 72' lang='grc' dir='ltr'><strong>ἔλλειψιν.</strong></span> 
     </span>
    </p>
   </div>
   <div class='ocr_carea' id='block_1_95' title="bbox 608 4725 1559 4801">
    <p class='ocr_par' dir='ltr' id='par_1_95' title="bbox 608 4725 1559 4801">
     <span class='ocr_line' id='line_1_95' title="bbox 608 4725 1559 4801; baseline 0.006 -19"><span class='ocrx_word' id='word_1_697' title='bbox 608 4725 946 4782; x_wconf 79' lang='lat' dir='ltr'><strong>exsistentia:</strong></span> <span class='ocrx_word' id='word_1_698' title='bbox 970 4728 1248 4784; x_wconf 81' lang='lat' dir='ltr'><strong>delectum</strong></span> <span class='ocrx_word' id='word_1_699' title='bbox 1278 4740 1559 4801; x_wconf 66' lang='lat' dir='ltr'><strong>praestant.</strong></span> 
     </span>
    </p>
   </div>
   <div class='ocr_carea' id='block_1_96' title="bbox 680 4816 2186 4892">
    <p class='ocr_par' dir='ltr' id='par_1_96' title="bbox 680 4816 2186 4892">
     <span class='ocr_line' id='line_1_96' title="bbox 680 4816 2186 4892; baseline 0.004 -19"><span class='ocrx_word' id='word_1_700' title='bbox 680 4816 749 4873; x_wconf 68' lang='grc' dir='ltr'><strong>Χ.</strong></span> <span class='ocrx_word' id='word_1_701' title='bbox 807 4819 1240 4876; x_wconf 88' lang='lat' dir='ltr'><strong>lntellectualem</strong></span> <span class='ocrx_word' id='word_1_702' title='bbox 1309 4837 1443 4876; x_wconf 90' lang='lat' dir='ltr'><strong>vero</strong></span> <span class='ocrx_word' id='word_1_703' title='bbox 1497 4837 1720 4892; x_wconf 89' lang='lat' dir='ltr'><strong>quoque</strong></span> <span class='ocrx_word' id='word_1_704' title='bbox 1777 4838 1844 4878; x_wconf 84' lang='lat' dir='ltr'><strong>ac</strong></span> <span class='ocrx_word' id='word_1_705' title='bbox 1873 4822 2186 4879; x_wconf 83' lang='lat' dir='ltr'><strong>sensualem</strong></span> 
     </span>
    </p>
   </div>
   <div class='ocr_carea' id='block_1_97' title="bbox 610 4908 2190 4984">
    <p class='ocr_par' dir='ltr' id='par_1_97' title="bbox 610 4908 2190 4984">
     <span class='ocr_line' id='line_1_97' title="bbox 610 4908 2190 4984; baseline 0.003 -20"><span class='ocrx_word' id='word_1_706' title='bbox 610 4908 983 4965; x_wconf 65' lang='lat' dir='ltr'><strong>ceditioncm</strong></span> <span class='ocrx_word' id='word_1_707' title='bbox 1022 4910 1238 4979; x_wconf 82' lang='lat' dir='ltr'><strong>opiﬁcis</strong></span> <span class='ocrx_word' id='word_1_708' title='bbox 1274 4911 1558 4968; x_wconf 90' lang='lat' dir='ltr'><strong>Sermonis</strong></span> <span class='ocrx_word' id='word_1_709' title='bbox 1587 4913 1633 4968; x_wconf 92' lang='lat' dir='ltr'><strong>si</strong></span> <span class='ocrx_word' id='word_1_710' title='bbox 1670 4913 1795 4982; x_wconf 90' lang='lat' dir='ltr'><strong>quis</strong></span> <span class='ocrx_word' id='word_1_711' title='bbox 1839 4929 1938 4983; x_wconf 91' lang='lat' dir='ltr'><strong>per</strong></span> <span class='ocrx_word' id='word_1_712' title='bbox 1967 4913 2190 4984; x_wconf 85' lang='lat' dir='ltr'><strong>Moysen</strong></span> 
     </span>
    </p>
   </div>
   <div class='ocr_carea' id='block_1_98' title="bbox 610 4999 2188 5066">
    <p class='ocr_par' dir='ltr' id='par_1_98' title="bbox 610 4999 2188 5066">
     <span class='ocr_line' id='line_1_98' title="bbox 610 4999 2188 5066; baseline 0.001 -12"><span class='ocrx_word' id='word_1_713' title='bbox 610 5007 670 5054; x_wconf 90' lang='lat' dir='ltr'><strong>et</strong></span> <span class='ocrx_word' id='word_1_714' title='bbox 698 4999 872 5053; x_wconf 78' lang='lat' dir='ltr'><strong>Elim</strong></span> <span class='ocrx_word' id='word_1_715' title='bbox 905 5000 1181 5056; x_wconf 88' lang='lat' dir='ltr'><strong>contineri</strong></span> <span class='ocrx_word' id='word_1_716' title='bbox 1229 5000 1452 5066; x_wconf 73' lang='lat' dir='ltr'><strong>dixerit,</strong></span> <span class='ocrx_word' id='word_1_717' title='bbox 1481 5001 1528 5057; x_wconf 90' lang='lat' dir='ltr'><strong>is</strong></span> <span class='ocrx_word' id='word_1_718' title='bbox 1551 5001 1787 5056; x_wconf 80' lang='lat' dir='ltr'><strong>fortasse</strong></span> <span class='ocrx_word' id='word_1_719' title='bbox 1827 5016 1857 5055; x_wconf 89' lang='lat' dir='ltr'><strong>a</strong></span> <span class='ocrx_word' id='word_1_720' title='bbox 1906 5017 2040 5057; x_wconf 88' lang='lat' dir='ltr'><strong>vero</strong></span> <span class='ocrx_word' id='word_1_721' title='bbox 2075 5018 2188 5057; x_wconf 90' lang='lat' dir='ltr'><strong>non</strong></span> 
     </span>
    </p>
   </div>
   <div class='ocr_carea' id='block_1_99' title="bbox 599 5092 2191 5167">
    <p class='ocr_par' dir='ltr' id='par_1_99' title="bbox 599 5092 2191 5167">
     <span class='ocr_line' id='line_1_99' title="bbox 599 5092 2191 5167; baseline 0.003 -20"><span class='ocrx_word' id='word_1_722' title='bbox 599 5092 914 5148; x_wconf 78' lang='lat' dir='ltr'><strong>aberrahit.</strong></span> <span class='ocrx_word' id='word_1_723' title='bbox 937 5093 1022 5146; x_wconf 68' lang='lat' dir='ltr'><strong>Ex</strong></span> <span class='ocrx_word' id='word_1_724' title='bbox 1043 5093 1249 5163; x_wconf 86' lang='lat' dir='ltr'><strong>quibus</strong></span> <span class='ocrx_word' id='word_1_725' title='bbox 1267 5094 1542 5150; x_wconf 84' lang='lat' dir='ltr'><strong>sensualis</strong></span> <span class='ocrx_word' id='word_1_726' title='bbox 1569 5094 1784 5167; x_wconf 79' lang='lat' dir='ltr'><strong>Moyses</strong></span> <span class='ocrx_word' id='word_1_727' title='bbox 1807 5096 2078 5152; x_wconf 89' lang='lat' dir='ltr'><strong>rationem</strong></span> <span class='ocrx_word' id='word_1_728' title='bbox 2109 5103 2191 5151; x_wconf 85' lang='lat' dir='ltr'><strong>te-</strong></span> 
     </span>
    </p>
   </div>
   <div class='ocr_carea' id='block_1_100' title="bbox 610 5188 2187 5259">
    <p class='ocr_par' dir='ltr' id='par_1_100' title="bbox 610 5188 2187 5259">
     <span class='ocr_line' id='line_1_100' title="bbox 610 5188 2187 5259; baseline 0.004 -21"><span class='ocrx_word' id='word_1_729' title='bbox 610 5193 726 5247; x_wconf 91' lang='lat' dir='ltr'><strong>net,</strong></span> <span class='ocrx_word' id='word_1_730' title='bbox 779 5196 840 5240; x_wconf 92' lang='lat' dir='ltr'><strong>ut</strong></span> <span class='ocrx_word' id='word_1_731' title='bbox 866 5188 1207 5257; x_wconf 86' lang='lat' dir='ltr'><strong>generationi</strong></span> <span class='ocrx_word' id='word_1_732' title='bbox 1245 5203 1311 5244; x_wconf 91' lang='lat' dir='ltr'><strong>ac</strong></span> <span class='ocrx_word' id='word_1_733' title='bbox 1357 5188 1608 5244; x_wconf 88' lang='lat' dir='ltr'><strong>interitui</strong></span> <span class='ocrx_word' id='word_1_734' title='bbox 1643 5189 1946 5259; x_wconf 87' lang='lat' dir='ltr'><strong>subjectus,</strong></span> <span class='ocrx_word' id='word_1_735' title='bbox 1991 5203 2187 5259; x_wconf 87' lang='lat' dir='ltr'><strong>quem-</strong></span> 
     </span>
    </p>
   </div>
   <div class='ocr_carea' id='block_1_101' title="bbox 602 5271 2192 5349">
    <p class='ocr_par' dir='ltr' id='par_1_101' title="bbox 602 5271 2192 5349">
     <span class='ocr_line' id='line_1_101' title="bbox 602 5271 2192 5349; baseline 0.005 -23"><span class='ocrx_word' id='word_1_736' title='bbox 602 5271 909 5329; x_wconf 64' lang='lat' dir='ltr'><strong>admodum</strong></span> <span class='ocrx_word' id='word_1_737' title='bbox 961 5276 1195 5333; x_wconf 78' lang='lat' dir='ltr'><strong>historia</strong></span> <span class='ocrx_word' id='word_1_738' title='bbox 1237 5278 1369 5349; x_wconf 84' lang='lat' dir='ltr'><strong>ejus</strong></span> <span class='ocrx_word' id='word_1_739' title='bbox 1395 5287 1603 5343; x_wconf 90' lang='lat' dir='ltr'><strong>narrat,</strong></span> <span class='ocrx_word' id='word_1_740' title='bbox 1658 5277 2072 5349; x_wconf 84' lang='lat' dir='ltr'><strong>generationem</strong></span> <span class='ocrx_word' id='word_1_741' title='bbox 2125 5294 2192 5334; x_wconf 87' lang='lat' dir='ltr'><strong>ac</strong></span> 
     </span>
    </p>
   </div>
   <div class='ocr_carea' id='block_1_102' title="bbox 612 5369 2191 5438">
    <p class='ocr_par' dir='ltr' id='par_1_102' title="bbox 612 5369 2191 5438">
     <span class='ocr_line' id='line_1_102' title="bbox 612 5369 2191 5438; baseline 0.004 -18"><span class='ocrx_word' id='word_1_742' title='bbox 612 5373 847 5422; x_wconf 83' lang='lat' dir='ltr'><strong>mortem</strong></span> <span class='ocrx_word' id='word_1_743' title='bbox 875 5369 996 5438; x_wconf 89' lang='lat' dir='ltr'><strong>ejus</strong></span> <span class='ocrx_word' id='word_1_744' title='bbox 1039 5386 1500 5427; x_wconf 83' lang='lat' dir='ltr'><strong>commemorans.</strong></span> <span class='ocrx_word' id='word_1_745' title='bbox 1551 5371 1686 5426; x_wconf 83' lang='lat' dir='ltr'><strong>Tale</strong></span> <span class='ocrx_word' id='word_1_746' title='bbox 1735 5371 1883 5426; x_wconf 87' lang='lat' dir='ltr'><strong>enim</strong></span> <span class='ocrx_word' id='word_1_747' title='bbox 1915 5371 2191 5426; x_wconf 87' lang='lat' dir='ltr'><strong>sensualis</strong></span> 
     </span>
    </p>
   </div>
   <div class='ocr_carea' id='block_1_103' title="bbox 613 5459 2184 5532">
    <p class='ocr_par' dir='ltr' id='par_1_103' title="bbox 613 5459 2184 5532">
     <span class='ocr_line' id='line_1_103' title="bbox 613 5459 2184 5532; baseline 0.003 -20"><span class='ocrx_word' id='word_1_748' title='bbox 613 5471 833 5529; x_wconf 87' lang='lat' dir='ltr'><strong>quoque</strong></span> <span class='ocrx_word' id='word_1_749' title='bbox 862 5459 1129 5526; x_wconf 84' lang='lat' dir='ltr'><strong>conditio,</strong></span> <span class='ocrx_word' id='word_1_750' title='bbox 1185 5463 1343 5531; x_wconf 87' lang='lat' dir='ltr'><strong>cujus</strong></span> <span class='ocrx_word' id='word_1_751' title='bbox 1389 5461 1609 5516; x_wconf 90' lang='lat' dir='ltr'><strong>initium</strong></span> <span class='ocrx_word' id='word_1_752' title='bbox 1649 5461 2028 5532; x_wconf 87' lang='lat' dir='ltr'><strong>generationis</strong></span> <span class='ocrx_word' id='word_1_753' title='bbox 2079 5477 2184 5517; x_wconf 92' lang='lat' dir='ltr'><strong>no-</strong></span> 
     </span>
    </p>
   </div>
   <div class='ocr_carea' id='block_1_104' title="bbox 683 5596 1692 5682">
    <p class='ocr_par' dir='ltr' id='par_1_104' title="bbox 683 5596 1692 5682">
     <span class='ocr_line' id='line_1_104' title="bbox 683 5596 1692 5682; baseline 0.009 -36"><span class='ocrx_word' id='word_1_754' title='bbox 683 5607 698 5646; x_wconf 82' lang='grc' dir='ltr'><strong>ι</strong></span> <span class='ocrx_word' id='word_1_755' title='bbox 733 5596 893 5652; x_wconf 84' lang='lat' dir='ltr'><strong>Joan.</strong></span> <span class='ocrx_word' id='word_1_756' title='bbox 923 5614 1032 5664; x_wconf 64' lang='grc' dir='ltr'><strong>τιν,</strong></span> <span class='ocrx_word' id='word_1_757' title='bbox 1069 5599 1122 5654; x_wconf 88' lang='grc'><strong>6.</strong></span> <span class='ocrx_word' id='word_1_758' title='bbox 1203 5608 1225 5640; x_wconf 76' lang='grc' dir='ltr'>ι</span> <span class='ocrx_word' id='word_1_759' title='bbox 1262 5600 1422 5655; x_wconf 88' lang='lat' dir='ltr'><strong>Deut.</strong></span> <span class='ocrx_word' id='word_1_760' title='bbox 1457 5617 1493 5666; x_wconf 88' lang='grc' dir='ltr'><strong>ι,</strong></span> <span class='ocrx_word' id='word_1_761' title='bbox 1526 5601 1578 5656; x_wconf 82' lang='lat'><strong>5.</strong></span> <span class='ocrx_word' id='word_1_762' title='bbox 1677 5675 1692 5682; x_wconf 27' lang='grc' dir='ltr'><em>ί</em></span> 
     </span>
    </p>
   </div>
   <div class='ocr_carea' id='block_1_105' title="bbox 2357 4803 3832 4884">
    <p class='ocr_par' dir='ltr' id='par_1_105' title="bbox 2357 4803 3832 4884">
     <span class='ocr_line' id='line_1_105' title="bbox 2357 4803 3832 4884; baseline -0.007 -16"><span class='ocrx_word' id='word_1_763' title='bbox 2357 4815 2417 4869; x_wconf 88' lang='lat' dir='ltr'><strong>l&#39;.</strong></span> <span class='ocrx_word' id='word_1_764' title='bbox 2451 4813 2612 4877; x_wconf 77' lang='grc' dir='ltr'><strong>Ἴσως</strong></span> <span class='ocrx_word' id='word_1_765' title='bbox 2639 4811 2696 4866; x_wconf 82' lang='grc' dir='ltr'><strong>δὲ</strong></span> <span class='ocrx_word' id='word_1_766' title='bbox 2728 4812 2823 4865; x_wconf 70' lang='grc' dir='ltr'><strong>καὶ</strong></span> <span class='ocrx_word' id='word_1_767' title='bbox 2844 4811 2944 4884; x_wconf 74' lang='grc' dir='ltr'><strong>τὴν</strong></span> <span class='ocrx_word' id='word_1_768' title='bbox 2975 4810 3174 4883; x_wconf 82' lang='grc' dir='ltr'><strong>νοητὴν</strong></span> <span class='ocrx_word' id='word_1_769' title='bbox 3209 4810 3306 4864; x_wconf 72' lang='grc' dir='ltr'><strong>καὶ</strong></span> <span class='ocrx_word' id='word_1_770' title='bbox 3335 4809 3438 4879; x_wconf 80' lang='grc' dir='ltr'><strong>τὴν</strong></span> <span class='ocrx_word' id='word_1_771' title='bbox 3460 4808 3716 4880; x_wconf 71' lang='grc' dir='ltr'><strong>αἰσθητὴν</strong></span> <span class='ocrx_word' id='word_1_772' title='bbox 3741 4803 3832 4859; x_wconf 69' lang='lat' dir='ltr'><strong>t2!-</strong></span> 
     </span>
    </p>
   </div>
   <div class='ocr_carea' id='block_1_106' title="bbox 2289 4890 3833 4975">
    <p class='ocr_par' dir='ltr' id='par_1_106' title="bbox 2289 4890 3833 4975">
     <span class='ocr_line' id='line_1_106' title="bbox 2289 4890 3833 4975; baseline -0.007 -16"><span class='ocrx_word' id='word_1_773' title='bbox 2289 4923 2374 4960; x_wconf 89' lang='grc' dir='ltr'><strong>σιν</strong></span> <span class='ocrx_word' id='word_1_774' title='bbox 2419 4904 2639 4975; x_wconf 75' lang='grc' dir='ltr'><strong>ἔχεσθαι</strong></span> <span class='ocrx_word' id='word_1_775' title='bbox 2687 4903 2780 4958; x_wconf 80' lang='grc' dir='ltr'><strong>τοῦ</strong></span> <span class='ocrx_word' id='word_1_776' title='bbox 2841 4902 3188 4975; x_wconf 82' lang='grc' dir='ltr'><strong>Δημιουργοῦ</strong></span> <span class='ocrx_word' id='word_1_777' title='bbox 3245 4902 3422 4971; x_wconf 83' lang='grc' dir='ltr'><strong>Λόγου</strong></span> <span class='ocrx_word' id='word_1_778' title='bbox 3471 4919 3557 4964; x_wconf 85' lang='grc' dir='ltr'><strong>τις</strong></span> <span class='ocrx_word' id='word_1_779' title='bbox 3580 4897 3736 4954; x_wconf 73' lang='grc' dir='ltr'><strong>εἰπὼν</strong></span> <span class='ocrx_word' id='word_1_780' title='bbox 3760 4890 3833 4948; x_wconf 76' lang='grc' dir='ltr'><strong>διὰ</strong></span> 
     </span>
    </p>
   </div>
   <div class='ocr_carea' id='block_1_107' title="bbox 2288 4988 3828 5066">
    <p class='ocr_par' dir='ltr' id='par_1_107' title="bbox 2288 4988 3828 5066">
     <span class='ocr_line' id='line_1_107' title="bbox 2288 4988 3828 5066; baseline -0.007 -14"><span class='ocrx_word' id='word_1_781' title='bbox 2288 4997 2568 5062; x_wconf 82' lang='grc' dir='ltr'><strong>Μωῡσέως</strong></span> <span class='ocrx_word' id='word_1_782' title='bbox 2599 4996 2694 5051; x_wconf 74' lang='grc' dir='ltr'><strong>καὶ</strong></span> <span class='ocrx_word' id='word_1_783' title='bbox 2723 4995 2925 5060; x_wconf 79' lang='grc' dir='ltr'><strong>Ἡλίου,</strong></span> <span class='ocrx_word' id='word_1_784' title='bbox 2973 4995 3073 5065; x_wconf 81' lang='grc' dir='ltr'><strong>τῆς</strong></span> <span class='ocrx_word' id='word_1_785' title='bbox 3103 4993 3363 5066; x_wconf 77' lang='grc' dir='ltr'><strong>ἀληθείας</strong></span> <span class='ocrx_word' id='word_1_786' title='bbox 3394 4995 3458 5048; x_wconf 82' lang='grc' dir='ltr'><strong>οὐ</strong></span> <span class='ocrx_word' id='word_1_787' title='bbox 3486 4988 3828 5064; x_wconf 76' lang='grc' dir='ltr'><strong>διαμαρτάνει.</strong></span> 
     </span>
    </p>
   </div>
   <div class='ocr_carea' id='block_1_108' title="bbox 2287 5081 3833 5160">
    <p class='ocr_par' dir='ltr' id='par_1_108' title="bbox 2287 5081 3833 5160">
     <span class='ocr_line' id='line_1_108' title="bbox 2287 5081 3833 5160; baseline -0.01 -15"><span class='ocrx_word' id='word_1_788' title='bbox 2287 5084 2389 5144; x_wconf 81' lang='grc' dir='ltr'><strong>Ὦν</strong></span> <span class='ocrx_word' id='word_1_789' title='bbox 2420 5089 2518 5160; x_wconf 84' lang='grc' dir='ltr'><strong>τῆς</strong></span> <span class='ocrx_word' id='word_1_790' title='bbox 2551 5089 2650 5160; x_wconf 78' lang='grc' dir='ltr'><strong>μὲν</strong></span> <span class='ocrx_word' id='word_1_791' title='bbox 2679 5087 2946 5159; x_wconf 75' lang='grc' dir='ltr'><strong>αἰσθητῆς</strong></span> <span class='ocrx_word' id='word_1_792' title='bbox 2978 5086 3160 5158; x_wconf 72' lang='lat'><strong>(162</strong></span> <span class='ocrx_word' id='word_1_793' title='bbox 3181 5086 3232 5159; x_wconf 74' lang='grc' dir='ltr'><strong>ὁ)</strong></span> <span class='ocrx_word' id='word_1_794' title='bbox 3262 5085 3506 5156; x_wconf 81' lang='grc' dir='ltr'><strong>Μωῦσῆς</strong></span> <span class='ocrx_word' id='word_1_795' title='bbox 3562 5084 3709 5153; x_wconf 77' lang='grc' dir='ltr'><strong>λόγον</strong></span> <span class='ocrx_word' id='word_1_796' title='bbox 3755 5081 3833 5132; x_wconf 73' lang='grc' dir='ltr'><strong>ἑπ-</strong></span> 
     </span>
    </p>
   </div>
   <div class='ocr_carea' id='block_1_109' title="bbox 2290 5169 3832 5256">
    <p class='ocr_par' dir='ltr' id='par_1_109' title="bbox 2290 5169 3832 5256">
     <span class='ocr_line' id='line_1_109' title="bbox 2290 5169 3832 5256; baseline -0.004 -20"><span class='ocrx_word' id='word_1_797' title='bbox 2290 5185 2428 5256; x_wconf 88' lang='grc' dir='ltr'><strong>ἐχει,</strong></span> <span class='ocrx_word' id='word_1_798' title='bbox 2464 5184 2540 5247; x_wconf 86' lang='grc' dir='ltr'><strong>ὼς</strong></span> <span class='ocrx_word' id='word_1_799' title='bbox 2571 5183 2676 5237; x_wconf 83' lang='grc' dir='ltr'><strong>ὑπὸ</strong></span> <span class='ocrx_word' id='word_1_800' title='bbox 2705 5182 2920 5248; x_wconf 83' lang='grc' dir='ltr'><strong>γένεσιν</strong></span> <span class='ocrx_word' id='word_1_801' title='bbox 2962 5181 3054 5235; x_wconf 72' lang='grc' dir='ltr'><strong>καὶ</strong></span> <span class='ocrx_word' id='word_1_802' title='bbox 3085 5179 3291 5251; x_wconf 80' lang='grc' dir='ltr'><strong>φθορὰν</strong></span> <span class='ocrx_word' id='word_1_803' title='bbox 3317 5179 3635 5250; x_wconf 85' lang='grc' dir='ltr'><strong>γενόμενος,</strong></span> <span class='ocrx_word' id='word_1_804' title='bbox 3680 5169 3832 5230; x_wconf 80' lang='grc' dir='ltr'><strong>καθὼς</strong></span> 
     </span>
    </p>
   </div>
   <div class='ocr_carea' id='block_1_110' title="bbox 2291 5262 3831 5348">
    <p class='ocr_par' dir='ltr' id='par_1_110' title="bbox 2291 5262 3831 5348">
     <span class='ocr_line' id='line_1_110' title="bbox 2291 5262 3831 5348; baseline -0.011 -17"><span class='ocrx_word' id='word_1_805' title='bbox 2291 5279 2324 5348; x_wconf 80' lang='grc' dir='ltr'><strong>ἡ</strong></span> <span class='ocrx_word' id='word_1_806' title='bbox 2355 5277 2486 5348; x_wconf 73' lang='grc' dir='ltr'><strong>περὶ</strong></span> <span class='ocrx_word' id='word_1_807' title='bbox 2514 5273 2680 5329; x_wconf 77' lang='grc' dir='ltr'><strong>αὑτοῦ</strong></span> <span class='ocrx_word' id='word_1_808' title='bbox 2712 5273 2924 5344; x_wconf 82' lang='grc' dir='ltr'><strong>ἱστορία</strong></span> <span class='ocrx_word' id='word_1_809' title='bbox 2957 5272 3128 5343; x_wconf 82' lang='grc' dir='ltr'><strong>δηλοῖ,</strong></span> <span class='ocrx_word' id='word_1_810' title='bbox 3167 5271 3266 5342; x_wconf 78' lang='grc' dir='ltr'><strong>τὴν</strong></span> <span class='ocrx_word' id='word_1_811' title='bbox 3296 5271 3516 5340; x_wconf 73' lang='grc' dir='ltr'><strong>γένεσιν</strong></span> <span class='ocrx_word' id='word_1_812' title='bbox 3546 5269 3635 5324; x_wconf 85' lang='grc' dir='ltr'><strong>καὶ</strong></span> <span class='ocrx_word' id='word_1_813' title='bbox 3659 5265 3739 5320; x_wconf 83' lang='grc' dir='ltr'><strong>τὸν</strong></span> <span class='ocrx_word' id='word_1_814' title='bbox 3757 5262 3831 5316; x_wconf 66' lang='grc' dir='ltr'><strong>θά-</strong></span> 
     </span>
    </p>
   </div>
   <div class='ocr_carea' id='block_1_111' title="bbox 2291 5352 3827 5432">
    <p class='ocr_par' dir='ltr' id='par_1_111' title="bbox 2291 5352 3827 5432">
     <span class='ocr_line' id='line_1_111' title="bbox 2291 5352 3827 5432; baseline -0.01 -12"><span class='ocrx_word' id='word_1_815' title='bbox 2291 5385 2450 5422; x_wconf 88' lang='grc' dir='ltr'><strong>νατον</strong></span> <span class='ocrx_word' id='word_1_816' title='bbox 2498 5363 2665 5419; x_wconf 81' lang='grc' dir='ltr'><strong>αὑτοῦ</strong></span> <span class='ocrx_word' id='word_1_817' title='bbox 2712 5362 3174 5432; x_wconf 76' lang='grc' dir='ltr'><strong>καταγγέλλουσα.</strong></span> <span class='ocrx_word' id='word_1_818' title='bbox 3235 5359 3492 5414; x_wconf 80' lang='grc' dir='ltr'><strong>Τοιοῦτον</strong></span> <span class='ocrx_word' id='word_1_819' title='bbox 3518 5359 3622 5429; x_wconf 81' lang='grc' dir='ltr'><strong>γὰρ</strong></span> <span class='ocrx_word' id='word_1_820' title='bbox 3649 5355 3734 5410; x_wconf 84' lang='grc' dir='ltr'><strong>καὶ</strong></span> <span class='ocrx_word' id='word_1_821' title='bbox 3763 5352 3827 5405; x_wconf 76' lang='grc' dir='ltr'><strong>εἰ·</strong></span> 
     </span>
    </p>
   </div>
   <div class='ocr_carea' id='block_1_112' title="bbox 2292 5448 3828 5530">
    <p class='ocr_par' dir='ltr' id='par_1_112' title="bbox 2292 5448 3828 5530">
     <span class='ocr_line' id='line_1_112' title="bbox 2292 5448 3828 5530; baseline -0.007 -18"><span class='ocrx_word' id='word_1_822' title='bbox 2292 5457 2466 5530; x_wconf 80' lang='grc' dir='ltr'><strong>σοητὴ</strong></span> <span class='ocrx_word' id='word_1_823' title='bbox 2508 5457 2721 5522; x_wconf 81' lang='grc' dir='ltr'><strong>κτίσις,</strong></span> <span class='ocrx_word' id='word_1_824' title='bbox 2774 5454 2950 5526; x_wconf 76' lang='grc' dir='ltr'><strong>ἀρχὴν</strong></span> <span class='ocrx_word' id='word_1_825' title='bbox 2989 5453 3340 5525; x_wconf 75' lang='grc' dir='ltr'><strong>ἐγνωσμένην</strong></span> <span class='ocrx_word' id='word_1_826' title='bbox 3375 5455 3640 5521; x_wconf 71' lang='grc' dir='ltr'><strong>γενέσεως</strong></span> <span class='ocrx_word' id='word_1_827' title='bbox 3664 5448 3828 5518; x_wconf 69' lang='grc' dir='ltr'><strong>ἔχουσα</strong></span> 
     </span>
    </p>
   </div>
   <div class='ocr_carea' id='block_1_113' title="bbox 1887 5688 2592 5749">
    <p class='ocr_par' dir='ltr' id='par_1_113' title="bbox 1887 5688 2592 5749">
     <span class='ocr_line' id='line_1_113' title="bbox 1887 5688 2592 5749; baseline 0 -5"><span class='ocrx_word' id='word_1_828' title='bbox 1887 5692 2122 5748; x_wconf 63' lang='lat' dir='ltr'><strong>VARUS</strong></span> <span class='ocrx_word' id='word_1_829' title='bbox 2187 5688 2592 5749; x_wconf 78' lang='lat' dir='ltr'><strong>LECTIONES.</strong></span> 
     </span>
    </p>
   </div>
   <div class='ocr_carea' id='block_1_114' title="bbox 683 5802 1951 5878">
    <p class='ocr_par' dir='ltr' id='par_1_114' title="bbox 683 5802 1951 5878">
     <span class='ocr_line' id='line_1_114' title="bbox 683 5802 1951 5878; baseline 0.006 -22"><span class='ocrx_word' id='word_1_830' title='bbox 683 5802 728 5837; x_wconf 81' lang='lat'><strong>&quot;</strong></span> <span class='ocrx_word' id='word_1_831' title='bbox 762 5805 1154 5877; x_wconf 80' lang='grc' dir='ltr'><strong>συνερχόμενος</strong></span> <span class='ocrx_word' id='word_1_832' title='bbox 1183 5823 1214 5862; x_wconf 90' lang='lat' dir='ltr'><strong>a</strong></span> <span class='ocrx_word' id='word_1_833' title='bbox 1244 5823 1316 5862; x_wconf 91' lang='lat' dir='ltr'><strong>m.</strong></span> <span class='ocrx_word' id='word_1_834' title='bbox 1342 5823 1424 5878; x_wconf 90' lang='lat' dir='ltr'><strong>pr.</strong></span> <span class='ocrx_word' id='word_1_835' title='bbox 1450 5809 1614 5873; x_wconf 79' lang='lat' dir='ltr'><strong>habet</strong></span> <span class='ocrx_word' id='word_1_836' title='bbox 1650 5808 1774 5864; x_wconf 88' lang='lat' dir='ltr'><strong>cod.</strong></span> <span class='ocrx_word' id='word_1_837' title='bbox 1809 5808 1951 5865; x_wconf 87' lang='lat' dir='ltr'><strong>Gud.</strong></span> 
     </span>
    </p>
   </div>
  </div>
