  <div class='ocr_page' id='page_1' title='image "/cluster/home/n/w/nwhite01/storage/ocr_20150623/91/hvd.32044019208024/596.png"; bbox 0 0 4014 6284; ppageno 0'>
   <div class='ocr_carea' id='block_1_1' title="bbox 210 351 349 418">
    <p class='ocr_par' dir='ltr' id='par_1_1' title="bbox 210 351 349 418">
     <span class='ocr_line' id='line_1_1' title="bbox 210 351 349 418; baseline 0.014 -1"><span class='ocrx_word' id='word_1_1' title='bbox 210 351 349 418; x_wconf 82' lang='lat'><strong>1165</strong></span> 
     </span>
    </p>
   </div>
   <div class='ocr_carea' id='block_1_2' title="bbox 1449 337 2259 399">
    <p class='ocr_par' dir='ltr' id='par_1_2' title="bbox 1449 337 2259 399">
     <span class='ocr_line' id='line_1_2' title="bbox 1449 337 2259 399; baseline 0 -2"><span class='ocrx_word' id='word_1_2' title='bbox 1449 338 1970 399; x_wconf 78' lang='lat' dir='ltr'><strong>AMBIGUORUM</strong></span> <span class='ocrx_word' id='word_1_3' title='bbox 2008 337 2259 397; x_wconf 82' lang='lat' dir='ltr'><strong>LIBER.</strong></span> 
     </span>
    </p>
   </div>
   <div class='ocr_carea' id='block_1_3' title="bbox 3323 336 3460 401">
    <p class='ocr_par' dir='ltr' id='par_1_3' title="bbox 3323 336 3460 401">
     <span class='ocr_line' id='line_1_3' title="bbox 3323 336 3460 401; baseline 0.007 -1"><span class='ocrx_word' id='word_1_4' title='bbox 3323 336 3460 401; x_wconf 74' lang='lat'><strong>1166</strong></span> 
     </span>
    </p>
   </div>
   <div class='ocr_carea' id='block_1_4' title="bbox 195 447 1806 533">
    <p class='ocr_par' dir='ltr' id='par_1_4' title="bbox 195 448 1785 533">
     <span class='ocr_line' id='line_1_4' title="bbox 195 448 1785 533; baseline -0.011 -12"><span class='ocrx_word' id='word_1_5' title='bbox 195 467 301 522; x_wconf 68' lang='grc' dir='ltr'><strong>καὶ</strong></span> <span class='ocrx_word' id='word_1_6' title='bbox 345 461 647 533; x_wconf 74' lang='grc' dir='ltr'><strong>διαφθορᾶς</strong></span> <span class='ocrx_word' id='word_1_7' title='bbox 691 455 999 528; x_wconf 71' lang='grc' dir='ltr'><strong>ὡρισμένον</strong></span> <span class='ocrx_word' id='word_1_8' title='bbox 1043 452 1194 513; x_wconf 80' lang='grc' dir='ltr'><strong>τέλος</strong></span> <span class='ocrx_word' id='word_1_9' title='bbox 1222 448 1537 513; x_wconf 76' lang='grc' dir='ltr'><strong>ἐλπίζουσα.</strong></span> <span class='ocrx_word' id='word_1_10' title='bbox 1591 450 1703 518; x_wconf 88' lang='grc' dir='ltr'><strong>Τῆς</strong></span> <span class='ocrx_word' id='word_1_11' title='bbox 1727 450 1785 503; x_wconf 84' lang='grc' dir='ltr'><strong>δὲ</strong></span> 
     </span>
    </p>
   </div>
   <div class='ocr_carea' id='block_1_5' title="bbox 1909 447 3454 533">
    <p class='ocr_par' dir='ltr' id='par_1_5' title="bbox 1912 447 3454 518">
     <span class='ocr_line' id='line_1_5' title="bbox 1912 447 3454 518; baseline 0.003 -15"><span class='ocrx_word' id='word_1_12' title='bbox 1912 465 2003 504; x_wconf 91' lang='lat' dir='ltr'><strong>um</strong></span> <span class='ocrx_word' id='word_1_13' title='bbox 2026 457 2132 513; x_wconf 90' lang='lat' dir='ltr'><strong>est,</strong></span> <span class='ocrx_word' id='word_1_14' title='bbox 2165 458 2221 503; x_wconf 90' lang='lat' dir='ltr'><strong>et</strong></span> <span class='ocrx_word' id='word_1_15' title='bbox 2250 464 2374 518; x_wconf 76' lang='lat' dir='ltr'><strong>qua:</strong></span> <span class='ocrx_word' id='word_1_16' title='bbox 2402 447 2660 502; x_wconf 90' lang='lat' dir='ltr'><strong>interitus</strong></span> <span class='ocrx_word' id='word_1_17' title='bbox 2701 448 2980 504; x_wconf 70' lang='lat' dir='ltr'><strong>definitam</strong></span> <span class='ocrx_word' id='word_1_18' title='bbox 3030 453 3454 507; x_wconf 89' lang='lat' dir='ltr'><strong>consummatio-</strong></span> 
     </span>
    </p>
   </div>
   <div class='ocr_carea' id='block_1_6' title="bbox 197 542 1781 628">
    <p class='ocr_par' dir='ltr' id='par_1_6' title="bbox 197 542 1781 628">
     <span class='ocr_line' id='line_1_6' title="bbox 197 542 1781 628; baseline -0.011 -17"><span class='ocrx_word' id='word_1_19' title='bbox 197 558 401 628; x_wconf 79' lang='grc' dir='ltr'><strong>νοητῆς</strong></span> <span class='ocrx_word' id='word_1_20' title='bbox 433 554 638 616; x_wconf 80' lang='grc' dir='ltr'><strong>Ἠλίας,</strong></span> <span class='ocrx_word' id='word_1_21' title='bbox 669 551 745 613; x_wconf 84' lang='grc' dir='ltr'><strong>ὡς</strong></span> <span class='ocrx_word' id='word_1_22' title='bbox 769 547 896 601; x_wconf 72' lang='grc' dir='ltr'><strong>οὔτε</strong></span> <span class='ocrx_word' id='word_1_23' title='bbox 920 546 1134 614; x_wconf 77' lang='grc' dir='ltr'><strong>γένεσιν</strong></span> <span class='ocrx_word' id='word_1_24' title='bbox 1158 542 1322 596; x_wconf 76' lang='grc' dir='ltr'><strong>αὐτοῦ</strong></span> <span class='ocrx_word' id='word_1_25' title='bbox 1349 545 1446 621; x_wconf 77' lang='grc' dir='ltr'><strong>τῆς</strong></span> <span class='ocrx_word' id='word_1_26' title='bbox 1470 543 1599 613; x_wconf 78' lang='grc' dir='ltr'><strong>περὶ</strong></span> <span class='ocrx_word' id='word_1_27' title='bbox 1618 542 1781 596; x_wconf 83' lang='grc' dir='ltr'><strong>αὐτοῦ</strong></span> 
     </span>
    </p>
   </div>
   <div class='ocr_carea' id='block_1_7' title="bbox 202 631 1785 719">
    <p class='ocr_par' dir='ltr' id='par_1_7' title="bbox 202 631 1785 719">
     <span class='ocr_line' id='line_1_7' title="bbox 202 631 1785 719; baseline -0.01 -20"><span class='ocrx_word' id='word_1_28' title='bbox 202 646 518 719; x_wconf 83' lang='grc' dir='ltr'><strong>μηνυούσης</strong></span> <span class='ocrx_word' id='word_1_29' title='bbox 560 641 801 712; x_wconf 73' lang='grc' dir='ltr'><strong>ἱστορίας</strong></span> <span class='ocrx_word' id='word_1_30' title='bbox 825 678 841 703; x_wconf 94' lang='grc'><strong>,</strong></span> <span class='ocrx_word' id='word_1_31' title='bbox 896 635 999 690; x_wconf 84' lang='grc' dir='ltr'><strong>κᾶν</strong></span> <span class='ocrx_word' id='word_1_32' title='bbox 1029 636 1077 688; x_wconf 85' lang='grc' dir='ltr'><strong>εί</strong></span> <span class='ocrx_word' id='word_1_33' title='bbox 1104 634 1429 703; x_wconf 81' lang='grc' dir='ltr'><strong>γεγέννηται</strong></span> <span class='ocrx_word' id='word_1_34' title='bbox 1450 673 1467 698; x_wconf 92' lang='grc'><strong>,</strong></span> <span class='ocrx_word' id='word_1_35' title='bbox 1520 631 1644 685; x_wconf 79' lang='grc' dir='ltr'><strong>οὕτε</strong></span> <span class='ocrx_word' id='word_1_36' title='bbox 1678 633 1785 703; x_wconf 81' lang='grc' dir='ltr'><strong>μὴν</strong></span> 
     </span>
    </p>
   </div>
   <div class='ocr_carea' id='block_1_8' title="bbox 196 722 1786 806">
    <p class='ocr_par' dir='ltr' id='par_1_8' title="bbox 196 722 1786 806">
     <span class='ocr_line' id='line_1_8' title="bbox 196 722 1786 806; baseline -0.009 -19"><span class='ocrx_word' id='word_1_37' title='bbox 196 736 299 806; x_wconf 76' lang='grc' dir='ltr'><strong>τὴν</strong></span> <span class='ocrx_word' id='word_1_38' title='bbox 334 728 425 787; x_wconf 83' lang='grc' dir='ltr'><strong>δ.’ἀ</strong></span> <span class='ocrx_word' id='word_1_39' title='bbox 459 732 693 785; x_wconf 82' lang='grc' dir='ltr'><strong>Θανάτου</strong></span> <span class='ocrx_word' id='word_1_40' title='bbox 726 726 935 797; x_wconf 71' lang='grc' dir='ltr'><strong>φθορὰν</strong></span> <span class='ocrx_word' id='word_1_41' title='bbox 959 723 1277 789; x_wconf 77' lang='grc' dir='ltr'><strong>ἑλπίζεσθαι</strong></span> <span class='ocrx_word' id='word_1_42' title='bbox 1303 722 1646 793; x_wconf 82' lang='grc' dir='ltr'><strong>ὁριζομένης,</strong></span> <span class='ocrx_word' id='word_1_43' title='bbox 1682 723 1786 775; x_wconf 72' lang='grc' dir='ltr'><strong>κᾶν</strong></span> 
     </span>
    </p>
   </div>
   <div class='ocr_carea' id='block_1_9' title="bbox 197 814 1785 896">
    <p class='ocr_par' dir='ltr' id='par_1_9' title="bbox 197 814 1785 896">
     <span class='ocr_line' id='line_1_9' title="bbox 197 814 1785 896; baseline -0.008 -18"><span class='ocrx_word' id='word_1_44' title='bbox 197 830 249 879; x_wconf 77' lang='grc' dir='ltr'><strong>εἰ</strong></span> <span class='ocrx_word' id='word_1_45' title='bbox 303 824 645 896; x_wconf 78' lang='grc' dir='ltr'><strong>τεθνήξεται.</strong></span> <span class='ocrx_word' id='word_1_46' title='bbox 705 821 960 873; x_wconf 87' lang='grc' dir='ltr'><strong>Τοιοῦτον</strong></span> <span class='ocrx_word' id='word_1_47' title='bbox 1003 816 1113 887; x_wconf 76' lang='grc' dir='ltr'><strong>γὰρ</strong></span> <span class='ocrx_word' id='word_1_48' title='bbox 1158 816 1252 869; x_wconf 70' lang='grc' dir='ltr'><strong>καὶ</strong></span> <span class='ocrx_word' id='word_1_49' title='bbox 1301 817 1332 885; x_wconf 81' lang='grc' dir='ltr'>ἡ</span> <span class='ocrx_word' id='word_1_50' title='bbox 1380 814 1544 885; x_wconf 86' lang='grc' dir='ltr'><strong>νοητὴ</strong></span> <span class='ocrx_word' id='word_1_51' title='bbox 1585 814 1785 877; x_wconf 82' lang='grc' dir='ltr'><strong>κτίσις,</strong></span> 
     </span>
    </p>
   </div>
   <div class='ocr_carea' id='block_1_10' title="bbox 199 905 1787 986">
    <p class='ocr_par' dir='ltr' id='par_1_10' title="bbox 199 905 1787 986">
     <span class='ocr_line' id='line_1_10' title="bbox 199 905 1787 986; baseline -0.008 -16"><span class='ocrx_word' id='word_1_52' title='bbox 199 916 328 969; x_wconf 78' lang='grc' dir='ltr'><strong>οὔτε</strong></span> <span class='ocrx_word' id='word_1_53' title='bbox 378 915 554 986; x_wconf 84' lang='grc' dir='ltr'><strong>ἀρχὴν</strong></span> <span class='ocrx_word' id='word_1_54' title='bbox 594 911 862 981; x_wconf 86' lang='grc' dir='ltr'><strong>γενέσεως</strong></span> <span class='ocrx_word' id='word_1_55' title='bbox 896 906 1206 978; x_wconf 81' lang='grc' dir='ltr'><strong>ἀνθρώποις</strong></span> <span class='ocrx_word' id='word_1_56' title='bbox 1236 905 1536 975; x_wconf 78' lang='grc' dir='ltr'><strong>κατάδηλον</strong></span> <span class='ocrx_word' id='word_1_57' title='bbox 1566 905 1787 973; x_wconf 69' lang='grc' dir='ltr'><strong>ἔχουσα,</strong></span> 
     </span>
    </p>
   </div>
   <div class='ocr_carea' id='block_1_11' title="bbox 199 996 1792 1075">
    <p class='ocr_par' dir='ltr' id='par_1_11' title="bbox 199 996 1792 1075">
     <span class='ocr_line' id='line_1_11' title="bbox 199 996 1792 1075; baseline -0.009 -14"><span class='ocrx_word' id='word_1_58' title='bbox 199 1008 307 1061; x_wconf 69' lang='grc' dir='ltr'><strong>κᾶν</strong></span> <span class='ocrx_word' id='word_1_59' title='bbox 365 1009 413 1059; x_wconf 85' lang='grc' dir='ltr'><strong>εἰ</strong></span> <span class='ocrx_word' id='word_1_60' title='bbox 462 1005 754 1075; x_wconf 88' lang='grc' dir='ltr'><strong>γεγένηται</strong></span> <span class='ocrx_word' id='word_1_61' title='bbox 800 1003 896 1055; x_wconf 79' lang='grc' dir='ltr'><strong>καὶ</strong></span> <span class='ocrx_word' id='word_1_62' title='bbox 925 996 1130 1071; x_wconf 79' lang='grc' dir='ltr'><strong>ἦρκται</strong></span> <span class='ocrx_word' id='word_1_63' title='bbox 1178 998 1274 1051; x_wconf 79' lang='grc' dir='ltr'><strong>καὶ</strong></span> <span class='ocrx_word' id='word_1_64' title='bbox 1314 999 1377 1050; x_wconf 83' lang='grc' dir='ltr'><strong>ὲκ</strong></span> <span class='ocrx_word' id='word_1_65' title='bbox 1404 996 1500 1049; x_wconf 88' lang='grc' dir='ltr'><strong>τοῦ</strong></span> <span class='ocrx_word' id='word_1_66' title='bbox 1538 996 1612 1067; x_wconf 79' lang='grc' dir='ltr'><strong>μὴ</strong></span> <span class='ocrx_word' id='word_1_67' title='bbox 1639 996 1792 1059; x_wconf 69' lang='grc' dir='ltr'><strong>ὄντος</strong></span> 
     </span>
    </p>
   </div>
   <div class='ocr_carea' id='block_1_12' title="bbox 200 1082 1790 1165">
    <p class='ocr_par' dir='ltr' id='par_1_12' title="bbox 200 1082 1790 1165">
     <span class='ocr_line' id='line_1_12' title="bbox 200 1082 1790 1165; baseline -0.008 -12"><span class='ocrx_word' id='word_1_68' title='bbox 200 1101 284 1160; x_wconf 84' lang='grc' dir='ltr'><strong>εἰς</strong></span> <span class='ocrx_word' id='word_1_69' title='bbox 335 1098 398 1151; x_wconf 79' lang='grc' dir='ltr'><strong>τὸ</strong></span> <span class='ocrx_word' id='word_1_70' title='bbox 443 1092 583 1150; x_wconf 78' lang='grc' dir='ltr'><strong>εἶναι</strong></span> <span class='ocrx_word' id='word_1_71' title='bbox 636 1094 956 1165; x_wconf 83' lang='grc' dir='ltr'><strong>παρῆκται,</strong></span> <span class='ocrx_word' id='word_1_72' title='bbox 1020 1088 1145 1143; x_wconf 59' lang='lat' dir='ltr'><strong>obes</strong></span> <span class='ocrx_word' id='word_1_73' title='bbox 1196 1088 1347 1151; x_wconf 74' lang='grc' dir='ltr'><strong>τέλος</strong></span> <span class='ocrx_word' id='word_1_74' title='bbox 1392 1087 1487 1141; x_wconf 89' lang='grc' dir='ltr'><strong>τοῦ</strong></span> <span class='ocrx_word' id='word_1_75' title='bbox 1525 1082 1665 1141; x_wconf 82' lang='grc' dir='ltr'><strong>εἶναι</strong></span> <span class='ocrx_word' id='word_1_76' title='bbox 1701 1088 1790 1141; x_wconf 78' lang='grc' dir='ltr'><strong>διά</strong></span> 
     </span>
    </p>
   </div>
   <div class='ocr_carea' id='block_1_13' title="bbox 202 1180 1789 1260">
    <p class='ocr_par' dir='ltr' id='par_1_13' title="bbox 202 1180 1789 1260">
     <span class='ocr_line' id='line_1_13' title="bbox 202 1180 1789 1260; baseline -0.006 -16"><span class='ocrx_word' id='word_1_77' title='bbox 202 1191 414 1260; x_wconf 75' lang='grc' dir='ltr'><strong>φθορᾶς</strong></span> <span class='ocrx_word' id='word_1_78' title='bbox 472 1187 783 1258; x_wconf 78' lang='grc' dir='ltr'><strong>ὡρισμένον</strong></span> <span class='ocrx_word' id='word_1_79' title='bbox 828 1184 1129 1254; x_wconf 79' lang='grc' dir='ltr'><strong>ἐκδέχεται.</strong></span> <span class='ocrx_word' id='word_1_80' title='bbox 1194 1182 1266 1233; x_wconf 78' lang='grc' dir='ltr'><strong>Τδ</strong></span> <span class='ocrx_word' id='word_1_81' title='bbox 1317 1180 1427 1251; x_wconf 71' lang='grc' dir='ltr'><strong>γὰρ</strong></span> <span class='ocrx_word' id='word_1_82' title='bbox 1484 1180 1789 1251; x_wconf 82' lang='grc' dir='ltr'><strong>ἀνώλεθρον</strong></span> 
     </span>
    </p>
   </div>
   <div class='ocr_carea' id='block_1_14' title="bbox 202 1270 1790 1350">
    <p class='ocr_par' dir='ltr' id='par_1_14' title="bbox 202 1270 1790 1350">
     <span class='ocr_line' id='line_1_14' title="bbox 202 1270 1790 1350; baseline -0.006 -16"><span class='ocrx_word' id='word_1_83' title='bbox 202 1280 457 1350; x_wconf 82' lang='grc' dir='ltr'><strong>φυσικῶς</strong></span> <span class='ocrx_word' id='word_1_84' title='bbox 493 1280 606 1349; x_wconf 73' lang='grc' dir='ltr'><strong>ἔχει</strong></span> <span class='ocrx_word' id='word_1_85' title='bbox 638 1275 880 1330; x_wconf 89' lang='grc' dir='ltr'><strong>λαϐοῦσα</strong></span> <span class='ocrx_word' id='word_1_86' title='bbox 912 1274 1067 1344; x_wconf 83' lang='grc' dir='ltr'><strong>παρά</strong></span> <span class='ocrx_word' id='word_1_87' title='bbox 1094 1273 1251 1337; x_wconf 90' lang='grc' dir='ltr'><strong>Θεοῦ,</strong></span> <span class='ocrx_word' id='word_1_88' title='bbox 1288 1272 1380 1326; x_wconf 82' lang='grc' dir='ltr'><strong>τοῦ</strong></span> <span class='ocrx_word' id='word_1_89' title='bbox 1414 1270 1585 1336; x_wconf 84' lang='grc' dir='ltr'><strong>οῦτως</strong></span> <span class='ocrx_word' id='word_1_90' title='bbox 1620 1272 1790 1343; x_wconf 74' lang='grc' dir='ltr'><strong>αὐτὴν</strong></span> 
     </span>
    </p>
   </div>
   <div class='ocr_carea' id='block_1_15' title="bbox 202 1367 991 1443">
    <p class='ocr_par' dir='ltr' id='par_1_15' title="bbox 202 1367 991 1443">
     <span class='ocr_line' id='line_1_15' title="bbox 202 1367 991 1443; baseline -0.008 -20"><span class='ocrx_word' id='word_1_91' title='bbox 202 1371 613 1443; x_wconf 85' lang='grc' dir='ltr'><strong>δημιουργῆσαι</strong></span> <span class='ocrx_word' id='word_1_92' title='bbox 644 1367 991 1437; x_wconf 76' lang='grc' dir='ltr'><strong>θελήσαντος.</strong></span> 
     </span>
    </p>
   </div>
   <div class='ocr_carea' id='block_1_16' title="bbox 213 1631 1788 1706">
    <p class='ocr_par' dir='ltr' id='par_1_16' title="bbox 213 1631 1788 1706">
     <span class='ocr_line' id='line_1_16' title="bbox 213 1631 1788 1706; baseline -0.003 -12"><span class='ocrx_word' id='word_1_93' title='bbox 213 1640 414 1706; x_wconf 67' lang='grc' dir='ltr'><strong>’Ἄλλη</strong></span> <span class='ocrx_word' id='word_1_94' title='bbox 447 1633 779 1703; x_wconf 72' lang='grc' dir='ltr'><strong>συνεκτικὴ</strong></span> <span class='ocrx_word' id='word_1_95' title='bbox 812 1633 1024 1702; x_wconf 78' lang='grc' dir='ltr'><strong>θεωρία</strong></span> <span class='ocrx_word' id='word_1_96' title='bbox 1052 1635 1139 1699; x_wconf 82' lang='grc' dir='ltr'><strong>εις</strong></span> <span class='ocrx_word' id='word_1_97' title='bbox 1171 1631 1286 1701; x_wconf 73' lang='grc' dir='ltr'><strong>τὴν</strong></span> <span class='ocrx_word' id='word_1_98' title='bbox 1308 1631 1788 1703; x_wconf 71' lang='grc' dir='ltr'><strong>μεταμόρφωσιν.</strong></span> 
     </span>
    </p>
   </div>
   <div class='ocr_carea' id='block_1_17' title="bbox 1884 542 3465 614">
    <p class='ocr_par' dir='ltr' id='par_1_17' title="bbox 1884 542 3465 614">
     <span class='ocr_line' id='line_1_17' title="bbox 1884 542 3465 614; baseline -0.001 -16"><span class='ocrx_word' id='word_1_99' title='bbox 1884 559 2011 598; x_wconf 91' lang='lat' dir='ltr'><strong>nem</strong></span> <span class='ocrx_word' id='word_1_100' title='bbox 2053 553 2257 614; x_wconf 78' lang='lat' dir='ltr'><strong>sperat.</strong></span> <span class='ocrx_word' id='word_1_101' title='bbox 2291 542 2686 597; x_wconf 88' lang='lat' dir='ltr'><strong>lntellectualis</strong></span> <span class='ocrx_word' id='word_1_102' title='bbox 2723 550 2920 595; x_wconf 86' lang='lat' dir='ltr'><strong>contra</strong></span> <span class='ocrx_word' id='word_1_103' title='bbox 2947 542 3113 603; x_wconf 90' lang='lat' dir='ltr'><strong>Elias,</strong></span> <span class='ocrx_word' id='word_1_104' title='bbox 3169 544 3327 612; x_wconf 87' lang='lat' dir='ltr'><strong>cujus</strong></span> <span class='ocrx_word' id='word_1_105' title='bbox 3363 558 3465 597; x_wconf 91' lang='lat' dir='ltr'><strong>nec</strong></span> 
     </span>
    </p>
   </div>
   <div class='ocr_carea' id='block_1_18' title="bbox 1884 634 3467 707">
    <p class='ocr_par' dir='ltr' id='par_1_18' title="bbox 1884 634 3467 707">
     <span class='ocr_line' id='line_1_18' title="bbox 1884 634 3467 707; baseline -0.003 -18"><span class='ocrx_word' id='word_1_106' title='bbox 1884 636 2228 690; x_wconf 72' lang='lat' dir='ltr'><strong>nativitatem</strong></span> <span class='ocrx_word' id='word_1_107' title='bbox 2256 634 2712 707; x_wconf 70' lang='lat' dir='ltr'><strong>proditlhistoria,</strong></span> <span class='ocrx_word' id='word_1_108' title='bbox 2735 634 2949 689; x_wconf 89' lang='lat' dir='ltr'><strong>etiamsi</strong></span> <span class='ocrx_word' id='word_1_109' title='bbox 2973 642 3263 701; x_wconf 85' lang='lat' dir='ltr'><strong>generatus</strong></span> <span class='ocrx_word' id='word_1_110' title='bbox 3279 634 3467 693; x_wconf 82' lang='lat' dir='ltr'><strong>fuerit,</strong></span> 
     </span>
    </p>
   </div>
   <div class='ocr_carea' id='block_1_19' title="bbox 1886 724 3468 797">
    <p class='ocr_par' dir='ltr' id='par_1_19' title="bbox 1886 724 3468 797">
     <span class='ocr_line' id='line_1_19' title="bbox 1886 724 3468 797; baseline -0.001 -17"><span class='ocrx_word' id='word_1_111' title='bbox 1886 742 1988 781; x_wconf 90' lang='lat' dir='ltr'><strong>nec</strong></span> <span class='ocrx_word' id='word_1_112' title='bbox 2013 727 2203 797; x_wconf 82' lang='lat' dir='ltr'><strong>utique</strong></span> <span class='ocrx_word' id='word_1_113' title='bbox 2237 729 2439 781; x_wconf 91' lang='lat' dir='ltr'><strong>mortis</strong></span> <span class='ocrx_word' id='word_1_114' title='bbox 2464 742 2590 781; x_wconf 92' lang='lat' dir='ltr'><strong>eum</strong></span> <span class='ocrx_word' id='word_1_115' title='bbox 2621 726 2725 779; x_wconf 82' lang='lat' dir='ltr'><strong>sibi</strong></span> <span class='ocrx_word' id='word_1_116' title='bbox 2770 740 2995 795; x_wconf 89' lang='lat' dir='ltr'><strong>sperare</strong></span> <span class='ocrx_word' id='word_1_117' title='bbox 3029 724 3313 777; x_wconf 89' lang='lat' dir='ltr'><strong>interitum</strong></span> <span class='ocrx_word' id='word_1_118' title='bbox 3371 725 3468 778; x_wconf 88' lang='lat' dir='ltr'><strong>dc-</strong></span> 
     </span>
    </p>
   </div>
   <div class='ocr_carea' id='block_1_20' title="bbox 1889 814 3467 881">
    <p class='ocr_par' dir='ltr' id='par_1_20' title="bbox 1889 814 3467 881">
     <span class='ocr_line' id='line_1_20' title="bbox 1889 814 3467 881; baseline -0.003 -10"><span class='ocrx_word' id='word_1_119' title='bbox 1889 818 2030 881; x_wconf 80' lang='lat' dir='ltr'><strong>linit,</strong></span> <span class='ocrx_word' id='word_1_120' title='bbox 2067 818 2286 873; x_wconf 89' lang='lat' dir='ltr'><strong>etiamsi</strong></span> <span class='ocrx_word' id='word_1_121' title='bbox 2321 825 2557 871; x_wconf 88' lang='lat' dir='ltr'><strong>mortem</strong></span> <span class='ocrx_word' id='word_1_122' title='bbox 2610 816 2868 870; x_wconf 87' lang='lat' dir='ltr'><strong>subierit.</strong></span> <span class='ocrx_word' id='word_1_123' title='bbox 2926 815 3057 868; x_wconf 86' lang='lat' dir='ltr'><strong>Tale</strong></span> <span class='ocrx_word' id='word_1_124' title='bbox 3095 814 3244 868; x_wconf 90' lang='lat' dir='ltr'><strong>enim</strong></span> <span class='ocrx_word' id='word_1_125' title='bbox 3301 815 3467 867; x_wconf 90' lang='lat' dir='ltr'><strong>intel-</strong></span> 
     </span>
    </p>
   </div>
   <div class='ocr_carea' id='block_1_21' title="bbox 1887 893 3470 979">
    <p class='ocr_par' dir='ltr' id='par_1_21' title="bbox 1887 893 3470 979">
     <span class='ocr_line' id='line_1_21' title="bbox 1887 893 3470 979; baseline -0.003 -16"><span class='ocrx_word' id='word_1_126' title='bbox 1887 909 2143 965; x_wconf 87' lang='lat' dir='ltr'><strong>lectualis</strong></span> <span class='ocrx_word' id='word_1_127' title='bbox 2190 925 2410 979; x_wconf 89' lang='lat' dir='ltr'><strong>quoque</strong></span> <span class='ocrx_word' id='word_1_128' title='bbox 2441 909 2705 973; x_wconf 84' lang='lat' dir='ltr'><strong>conditio,</strong></span> <span class='ocrx_word' id='word_1_129' title='bbox 2741 893 2996 976; x_wconf 54' lang='lat' dir='ltr'><strong>quae&#39;non</strong></span> <span class='ocrx_word' id='word_1_130' title='bbox 3017 906 3239 960; x_wconf 87' lang='lat' dir='ltr'><strong>initium</strong></span> <span class='ocrx_word' id='word_1_131' title='bbox 3268 906 3470 960; x_wconf 82' lang='lat' dir='ltr'><strong>nativi-</strong></span> 
     </span>
    </p>
   </div>
   <div class='ocr_carea' id='block_1_22' title="bbox 1887 999 3473 1063">
    <p class='ocr_par' dir='ltr' id='par_1_22' title="bbox 1887 999 3473 1063">
     <span class='ocr_line' id='line_1_22' title="bbox 1887 999 3473 1063; baseline -0.001 -9"><span class='ocrx_word' id='word_1_132' title='bbox 1887 1000 2016 1055; x_wconf 83' lang='lat' dir='ltr'><strong>tatis</strong></span> <span class='ocrx_word' id='word_1_133' title='bbox 2046 1000 2369 1055; x_wconf 86' lang='lat' dir='ltr'><strong>hominibus</strong></span> <span class='ocrx_word' id='word_1_134' title='bbox 2402 1000 2758 1055; x_wconf 78' lang='lat' dir='ltr'><strong>manifestum</strong></span> <span class='ocrx_word' id='word_1_135' title='bbox 2809 999 2995 1063; x_wconf 85' lang='lat' dir='ltr'><strong>habet,</strong></span> <span class='ocrx_word' id='word_1_136' title='bbox 3063 1000 3280 1053; x_wconf 88' lang='lat' dir='ltr'><strong>etiamsi</strong></span> <span class='ocrx_word' id='word_1_137' title='bbox 3331 1000 3473 1053; x_wconf 80' lang='lat' dir='ltr'><strong>facta</strong></span> 
     </span>
    </p>
   </div>
   <div class='ocr_carea' id='block_1_23' title="bbox 1888 1090 3467 1161">
    <p class='ocr_par' dir='ltr' id='par_1_23' title="bbox 1888 1090 3467 1161">
     <span class='ocr_line' id='line_1_23' title="bbox 1888 1090 3467 1161; baseline -0.001 -15"><span class='ocrx_word' id='word_1_138' title='bbox 1888 1090 2057 1146; x_wconf 82' lang='lat' dir='ltr'><strong>fuerit</strong></span> <span class='ocrx_word' id='word_1_139' title='bbox 2085 1099 2143 1145; x_wconf 91' lang='lat' dir='ltr'><strong>et</strong></span> <span class='ocrx_word' id='word_1_140' title='bbox 2181 1090 2403 1145; x_wconf 91' lang='lat' dir='ltr'><strong>initium</strong></span> <span class='ocrx_word' id='word_1_141' title='bbox 2436 1091 2671 1161; x_wconf 82' lang='lat' dir='ltr'><strong>ceperit,</strong></span> <span class='ocrx_word' id='word_1_142' title='bbox 2704 1100 2760 1145; x_wconf 94' lang='lat' dir='ltr'><strong>et</strong></span> <span class='ocrx_word' id='word_1_143' title='bbox 2788 1090 2856 1144; x_wconf 90' lang='lat' dir='ltr'><strong>de</strong></span> <span class='ocrx_word' id='word_1_144' title='bbox 2886 1091 3061 1144; x_wconf 89' lang='lat' dir='ltr'><strong>nihilo</strong></span> <span class='ocrx_word' id='word_1_145' title='bbox 3107 1090 3163 1143; x_wconf 92' lang='lat' dir='ltr'><strong>in</strong></span> <span class='ocrx_word' id='word_1_146' title='bbox 3194 1091 3467 1145; x_wconf 75' lang='lat' dir='ltr'><strong>exsistan-</strong></span> 
     </span>
    </p>
   </div>
   <div class='ocr_carea' id='block_1_24' title="bbox 1890 1181 3476 1252">
    <p class='ocr_par' dir='ltr' id='par_1_24' title="bbox 1890 1181 3476 1252">
     <span class='ocr_line' id='line_1_24' title="bbox 1890 1181 3476 1252; baseline 0.001 -18"><span class='ocrx_word' id='word_1_147' title='bbox 1890 1181 2023 1235; x_wconf 90' lang='lat' dir='ltr'><strong>tiam</strong></span> <span class='ocrx_word' id='word_1_148' title='bbox 2076 1182 2420 1251; x_wconf 82' lang='lat' dir='ltr'><strong>pervenerit,</strong></span> <span class='ocrx_word' id='word_1_149' title='bbox 2448 1198 2550 1237; x_wconf 87' lang='lat' dir='ltr'><strong>nec</strong></span> <span class='ocrx_word' id='word_1_150' title='bbox 2591 1182 2756 1236; x_wconf 82' lang='lat' dir='ltr'><strong>tinem</strong></span> <span class='ocrx_word' id='word_1_151' title='bbox 2787 1182 3127 1236; x_wconf 72' lang='lat' dir='ltr'><strong>exsistentia:</strong></span> <span class='ocrx_word' id='word_1_152' title='bbox 3176 1199 3273 1252; x_wconf 92' lang='lat' dir='ltr'><strong>per</strong></span> <span class='ocrx_word' id='word_1_153' title='bbox 3303 1183 3476 1236; x_wconf 85' lang='lat' dir='ltr'><strong>inter-</strong></span> 
     </span>
    </p>
   </div>
   <div class='ocr_carea' id='block_1_25' title="bbox 1894 1272 3477 1344">
    <p class='ocr_par' dir='ltr' id='par_1_25' title="bbox 1894 1272 3477 1344">
     <span class='ocr_line' id='line_1_25' title="bbox 1894 1272 3477 1344; baseline 0 -17"><span class='ocrx_word' id='word_1_154' title='bbox 1894 1273 2029 1327; x_wconf 74' lang='lat' dir='ltr'><strong>itum</strong></span> <span class='ocrx_word' id='word_1_155' title='bbox 2065 1272 2353 1329; x_wconf 76' lang='lat' dir='ltr'><strong>definitum</strong></span> <span class='ocrx_word' id='word_1_156' title='bbox 2380 1280 2684 1344; x_wconf 84' lang='lat' dir='ltr'><strong>exspectat.</strong></span> <span class='ocrx_word' id='word_1_157' title='bbox 2720 1273 2765 1327; x_wconf 80' lang='grc' dir='ltr'><strong>Α</strong></span> <span class='ocrx_word' id='word_1_158' title='bbox 2797 1273 2907 1327; x_wconf 89' lang='lat' dir='ltr'><strong>Deo</strong></span> <span class='ocrx_word' id='word_1_159' title='bbox 2938 1272 3107 1337; x_wconf 91' lang='lat' dir='ltr'><strong>enim,</strong></span> <span class='ocrx_word' id='word_1_160' title='bbox 3136 1272 3230 1342; x_wconf 88' lang='lat' dir='ltr'><strong>qui</strong></span> <span class='ocrx_word' id='word_1_161' title='bbox 3263 1289 3381 1328; x_wconf 88' lang='lat' dir='ltr'><strong>eam</strong></span> <span class='ocrx_word' id='word_1_162' title='bbox 3402 1274 3477 1327; x_wconf 89' lang='lat' dir='ltr'><strong>ita</strong></span> 
     </span>
    </p>
   </div>
   <div class='ocr_carea' id='block_1_26' title="bbox 1894 1365 3476 1436">
    <p class='ocr_par' dir='ltr' id='par_1_26' title="bbox 1894 1365 3476 1436">
     <span class='ocr_line' id='line_1_26' title="bbox 1894 1365 3476 1436; baseline 0.002 -17"><span class='ocrx_word' id='word_1_163' title='bbox 1894 1379 2111 1419; x_wconf 85' lang='lat' dir='ltr'><strong>creasse</strong></span> <span class='ocrx_word' id='word_1_164' title='bbox 2134 1365 2373 1432; x_wconf 89' lang='lat' dir='ltr'><strong>volebat,</strong></span> <span class='ocrx_word' id='word_1_165' title='bbox 2420 1366 2527 1421; x_wconf 85' lang='lat' dir='ltr'><strong>hoc</strong></span> <span class='ocrx_word' id='word_1_166' title='bbox 2565 1366 2796 1436; x_wconf 87' lang='lat' dir='ltr'><strong>accepit,</strong></span> <span class='ocrx_word' id='word_1_167' title='bbox 2835 1374 2896 1420; x_wconf 92' lang='lat' dir='ltr'><strong>ut</strong></span> <span class='ocrx_word' id='word_1_168' title='bbox 2944 1367 3273 1421; x_wconf 90' lang='lat' dir='ltr'><strong>naturaliter</strong></span> <span class='ocrx_word' id='word_1_169' title='bbox 3306 1369 3476 1423; x_wconf 74' lang='lat' dir='ltr'><strong>exitio</strong></span> 
     </span>
    </p>
   </div>
   <div class='ocr_carea' id='block_1_27' title="bbox 1895 1467 2132 1512">
    <p class='ocr_par' dir='ltr' id='par_1_27' title="bbox 1895 1467 2132 1512">
     <span class='ocr_line' id='line_1_27' title="bbox 1895 1467 2132 1512; baseline 0.008 -2"><span class='ocrx_word' id='word_1_170' title='bbox 1895 1467 2132 1512; x_wconf 85' lang='lat' dir='ltr'><strong>careret.</strong></span> 
     </span>
    </p>
   </div>
   <div class='ocr_carea' id='block_1_28' title="bbox 1899 1636 3476 1708">
    <p class='ocr_par' dir='ltr' id='par_1_28' title="bbox 1899 1636 3476 1708">
     <span class='ocr_line' id='line_1_28' title="bbox 1899 1636 3476 1708; baseline -0.001 -16"><span class='ocrx_word' id='word_1_171' title='bbox 1899 1636 2305 1707; x_wconf 81' lang='lat' dir='ltr'><strong>Compendiaria</strong></span> <span class='ocrx_word' id='word_1_172' title='bbox 2328 1638 2509 1692; x_wconf 88' lang='lat' dir='ltr'><strong>aliain</strong></span> <span class='ocrx_word' id='word_1_173' title='bbox 2539 1638 3063 1708; x_wconf 78' lang='lat' dir='ltr'><strong>transformationem</strong></span> <span class='ocrx_word' id='word_1_174' title='bbox 3085 1637 3476 1708; x_wconf 80' lang='lat' dir='ltr'><strong>contemplatio.</strong></span> 
     </span>
    </p>
   </div>
   <div class='ocr_carea' id='block_1_29' title="bbox 282 1716 1806 1821">
    <p class='ocr_par' dir='ltr' id='par_1_29' title="bbox 282 1740 1793 1821">
     <span class='ocr_line' id='line_1_29' title="bbox 282 1740 1793 1821; baseline -0.004 -17"><span class='ocrx_word' id='word_1_175' title='bbox 282 1753 348 1805; x_wconf 73' lang='lat' dir='ltr'><strong>Et</strong></span> <span class='ocrx_word' id='word_1_176' title='bbox 375 1750 432 1803; x_wconf 86' lang='grc' dir='ltr'><strong>δέ</strong></span> <span class='ocrx_word' id='word_1_177' title='bbox 465 1767 541 1821; x_wconf 83' lang='grc' dir='ltr'><strong>τῳ</strong></span> <span class='ocrx_word' id='word_1_178' title='bbox 571 1749 645 1818; x_wconf 79' lang='grc' dir='ltr'><strong>μὴ</strong></span> <span class='ocrx_word' id='word_1_179' title='bbox 670 1746 1089 1819; x_wconf 88' lang='grc' dir='ltr'><strong>περιεργότερος</strong></span> <span class='ocrx_word' id='word_1_180' title='bbox 1114 1744 1208 1798; x_wconf 89' lang='grc' dir='ltr'><strong>τοῦ</strong></span> <span class='ocrx_word' id='word_1_181' title='bbox 1234 1746 1445 1809; x_wconf 78' lang='grc' dir='ltr'><strong>δέοντος</strong></span> <span class='ocrx_word' id='word_1_182' title='bbox 1468 1740 1608 1798; x_wconf 77' lang='grc' dir='ltr'><strong>εῖναι</strong></span> <span class='ocrx_word' id='word_1_183' title='bbox 1631 1746 1793 1809; x_wconf 86' lang='grc' dir='ltr'><strong>δοκῶ,</strong></span> 
     </span>
    </p>
   </div>
   <div class='ocr_carea' id='block_1_30' title="bbox 1909 1716 3478 1821">
    <p class='ocr_par' dir='ltr' id='par_1_30' title="bbox 1970 1751 3478 1821">
     <span class='ocr_line' id='line_1_30' title="bbox 1970 1751 3478 1821; baseline 0.001 -15"><span class='ocrx_word' id='word_1_184' title='bbox 1970 1751 2027 1806; x_wconf 90' lang='lat' dir='ltr'><strong>Si</strong></span> <span class='ocrx_word' id='word_1_185' title='bbox 2076 1753 2165 1807; x_wconf 90' lang='lat' dir='ltr'><strong>cui</strong></span> <span class='ocrx_word' id='word_1_186' title='bbox 2194 1761 2378 1807; x_wconf 90' lang='lat' dir='ltr'><strong>autem</strong></span> <span class='ocrx_word' id='word_1_187' title='bbox 2424 1753 2740 1808; x_wconf 89' lang='lat' dir='ltr'><strong>necessario</strong></span> <span class='ocrx_word' id='word_1_188' title='bbox 2767 1768 2875 1805; x_wconf 88' lang='lat' dir='ltr'><strong>non</strong></span> <span class='ocrx_word' id='word_1_189' title='bbox 2915 1752 3199 1821; x_wconf 79' lang='lat' dir='ltr'><strong>operosior</strong></span> <span class='ocrx_word' id='word_1_190' title='bbox 3227 1752 3478 1819; x_wconf 83' lang='lat' dir='ltr'><strong>videbor,</strong></span> 
     </span>
    </p>
   </div>
   <div class='ocr_carea' id='block_1_31' title="bbox 213 1831 1797 1912">
    <p class='ocr_par' dir='ltr' id='par_1_31' title="bbox 213 1831 1797 1912">
     <span class='ocr_line' id='line_1_31' title="bbox 213 1831 1797 1912; baseline -0.005 -15"><span class='ocrx_word' id='word_1_191' title='bbox 213 1844 313 1897; x_wconf 75' lang='grc' dir='ltr'><strong>καὶ</strong></span> <span class='ocrx_word' id='word_1_192' title='bbox 344 1844 532 1912; x_wconf 77' lang='grc' dir='ltr'><strong>ἕτερον</strong></span> <span class='ocrx_word' id='word_1_193' title='bbox 564 1841 708 1911; x_wconf 90' lang='grc' dir='ltr'><strong>μέγα</strong></span> <span class='ocrx_word' id='word_1_194' title='bbox 733 1856 791 1892; x_wconf 88' lang='grc' dir='ltr'><strong>τε</strong></span> <span class='ocrx_word' id='word_1_195' title='bbox 825 1838 918 1891; x_wconf 67' lang='lat' dir='ltr'><strong>nat</strong></span> <span class='ocrx_word' id='word_1_196' title='bbox 946 1838 1109 1898; x_wconf 89' lang='grc' dir='ltr'><strong>θεῖον,</strong></span> <span class='ocrx_word' id='word_1_197' title='bbox 1135 1836 1211 1899; x_wconf 86' lang='grc' dir='ltr'><strong>ὡς</strong></span> <span class='ocrx_word' id='word_1_198' title='bbox 1232 1831 1410 1907; x_wconf 79' lang='grc' dir='ltr'><strong>οἶμαι,</strong></span> <span class='ocrx_word' id='word_1_199' title='bbox 1437 1838 1500 1889; x_wconf 83' lang='grc' dir='ltr'><strong>ὲκ</strong></span> <span class='ocrx_word' id='word_1_200' title='bbox 1524 1835 1622 1905; x_wconf 86' lang='grc' dir='ltr'><strong>τῆς</strong></span> <span class='ocrx_word' id='word_1_201' title='bbox 1646 1835 1797 1899; x_wconf 86' lang='grc' dir='ltr'><strong>θείας</strong></span> 
     </span>
    </p>
   </div>
   <div class='ocr_carea' id='block_1_32' title="bbox 213 1928 1797 2005">
    <p class='ocr_par' dir='ltr' id='par_1_32' title="bbox 213 1928 1797 2005">
     <span class='ocr_line' id='line_1_32' title="bbox 213 1928 1797 2005; baseline -0.004 -17"><span class='ocrx_word' id='word_1_202' title='bbox 213 1932 701 2005; x_wconf 80' lang='grc' dir='ltr'><strong>μεταμορφώσεως</strong></span> <span class='ocrx_word' id='word_1_203' title='bbox 746 1930 1045 2000; x_wconf 77' lang='grc' dir='ltr'><strong>μυστήριον</strong></span> <span class='ocrx_word' id='word_1_204' title='bbox 1088 1930 1221 1998; x_wconf 84' lang='grc' dir='ltr'><strong>ἡμῖν</strong></span> <span class='ocrx_word' id='word_1_205' title='bbox 1249 1928 1646 1997; x_wconf 77' lang='grc' dir='ltr'><strong>ἀναφαίνεται,</strong></span> <span class='ocrx_word' id='word_1_206' title='bbox 1706 1928 1797 1981; x_wconf 73' lang='grc' dir='ltr'><strong>καὶ</strong></span> 
     </span>
    </p>
   </div>
   <div class='ocr_carea' id='block_1_33' title="bbox 209 2006 1795 2096">
    <p class='ocr_par' dir='ltr' id='par_1_33' title="bbox 209 2006 1795 2096">
     <span class='ocr_line' id='line_1_33' title="bbox 209 2006 1795 2096; baseline -0.006 -16"><span class='ocrx_word' id='word_1_207' title='bbox 209 2028 322 2080; x_wconf 85' lang='grc' dir='ltr'><strong>τῶν</strong></span> <span class='ocrx_word' id='word_1_208' title='bbox 348 2024 651 2096; x_wconf 72' lang='grc' dir='ltr'><strong>εἰρημένων</strong></span> <span class='ocrx_word' id='word_1_209' title='bbox 673 2023 1077 2093; x_wconf 85' lang='grc' dir='ltr'><strong>λαμπρότερον.</strong></span> <span class='ocrx_word' id='word_1_210' title='bbox 1107 2015 1273 2089; x_wconf 81' lang='grc' dir='ltr'><strong>Οἶμαι</strong></span> <span class='ocrx_word' id='word_1_211' title='bbox 1292 2020 1401 2090; x_wconf 76' lang='grc' dir='ltr'><strong>γὰρ</strong></span> <span class='ocrx_word' id='word_1_212' title='bbox 1424 2020 1551 2083; x_wconf 76' lang='grc' dir='ltr'><strong>τοὺς</strong></span> <span class='ocrx_word' id='word_1_213' title='bbox 1566 2006 1795 2073; x_wconf 78' lang='grc' dir='ltr'><strong>καθόλου</strong></span> 
     </span>
    </p>
   </div>
   <div class='ocr_carea' id='block_1_34' title="bbox 211 2111 1798 2186">
    <p class='ocr_par' dir='ltr' id='par_1_34' title="bbox 211 2111 1798 2186">
     <span class='ocr_line' id='line_1_34' title="bbox 211 2111 1798 2186; baseline -0.006 -14"><span class='ocrx_word' id='word_1_214' title='bbox 211 2119 309 2172; x_wconf 82' lang='grc' dir='ltr'><strong>δύο</strong></span> <span class='ocrx_word' id='word_1_215' title='bbox 372 2118 471 2186; x_wconf 85' lang='grc' dir='ltr'><strong>τῆς</strong></span> <span class='ocrx_word' id='word_1_216' title='bbox 516 2114 798 2182; x_wconf 75' lang='grc' dir='ltr'><strong>θεολογίας</strong></span> <span class='ocrx_word' id='word_1_217' title='bbox 847 2115 1081 2184; x_wconf 85' lang='grc' dir='ltr'><strong>τρόπους</strong></span> <span class='ocrx_word' id='word_1_218' title='bbox 1143 2112 1423 2183; x_wconf 81' lang='grc' dir='ltr'><strong>μυστικῶς</strong></span> <span class='ocrx_word' id='word_1_219' title='bbox 1471 2111 1798 2181; x_wconf 78' lang='grc' dir='ltr'><strong>ὑφηγεῖσθαι</strong></span> 
     </span>
    </p>
   </div>
   <div class='ocr_carea' id='block_1_35' title="bbox 212 2202 1798 2278">
    <p class='ocr_par' dir='ltr' id='par_1_35' title="bbox 212 2202 1798 2278">
     <span class='ocr_line' id='line_1_35' title="bbox 212 2202 1798 2278; baseline -0.006 -15"><span class='ocrx_word' id='word_1_220' title='bbox 212 2211 283 2263; x_wconf 70' lang='grc' dir='ltr'><strong>τά</strong></span> <span class='ocrx_word' id='word_1_221' title='bbox 319 2210 411 2263; x_wconf 66' lang='grc' dir='ltr'><strong>ἐπὶ</strong></span> <span class='ocrx_word' id='word_1_222' title='bbox 442 2208 537 2262; x_wconf 79' lang='grc' dir='ltr'><strong>⁴τοῦ</strong></span> <span class='ocrx_word' id='word_1_223' title='bbox 562 2208 721 2278; x_wconf 78' lang='grc' dir='ltr'><strong>ὅρους</strong></span> <span class='ocrx_word' id='word_1_224' title='bbox 754 2206 897 2259; x_wconf 90' lang='grc' dir='ltr'><strong>κατά</strong></span> <span class='ocrx_word' id='word_1_225' title='bbox 925 2205 1024 2277; x_wconf 83' lang='grc' dir='ltr'><strong>τὴν</strong></span> <span class='ocrx_word' id='word_1_226' title='bbox 1055 2204 1484 2275; x_wconf 83' lang='grc' dir='ltr'><strong>μεταμόρφωσιν</strong></span> <span class='ocrx_word' id='word_1_227' title='bbox 1517 2202 1798 2273; x_wconf 81' lang='grc' dir='ltr'><strong>θεοπρεπῆ</strong></span> 
     </span>
    </p>
   </div>
   <div class='ocr_carea' id='block_1_36' title="bbox 211 2294 1800 2372">
    <p class='ocr_par' dir='ltr' id='par_1_36' title="bbox 211 2294 1800 2372">
     <span class='ocr_line' id='line_1_36' title="bbox 211 2294 1800 2372; baseline -0.004 -19"><span class='ocrx_word' id='word_1_228' title='bbox 211 2300 787 2372; x_wconf 79' lang='grc' dir='ltr'><strong>δραματουργήματα,</strong></span> <span class='ocrx_word' id='word_1_229' title='bbox 844 2297 938 2351; x_wconf 88' lang='grc' dir='ltr'><strong>τόν</strong></span> <span class='ocrx_word' id='word_1_230' title='bbox 983 2314 1042 2349; x_wconf 85' lang='grc' dir='ltr'><strong>τε</strong></span> <span class='ocrx_word' id='word_1_231' title='bbox 1087 2294 1498 2367; x_wconf 86' lang='grc' dir='ltr'><strong>προηγούμενόν</strong></span> <span class='ocrx_word' id='word_1_232' title='bbox 1528 2311 1670 2364; x_wconf 85' lang='grc' dir='ltr'><strong>φημι</strong></span> <span class='ocrx_word' id='word_1_233' title='bbox 1706 2294 1800 2347; x_wconf 77' lang='grc' dir='ltr'><strong>καὶ</strong></span> 
     </span>
    </p>
   </div>
   <div class='ocr_carea' id='block_1_37' title="bbox 216 2384 1800 2458">
    <p class='ocr_par' dir='ltr' id='par_1_37' title="bbox 216 2384 1800 2458">
     <span class='ocr_line' id='line_1_37' title="bbox 216 2384 1800 2458; baseline -0.006 -12"><span class='ocrx_word' id='word_1_234' title='bbox 216 2393 425 2447; x_wconf 78' lang='grc' dir='ltr'><strong>ἁπλοῦν</strong></span> <span class='ocrx_word' id='word_1_235' title='bbox 468 2394 561 2444; x_wconf 72' lang='grc' dir='ltr'><strong>καὶ</strong></span> <span class='ocrx_word' id='word_1_236' title='bbox 590 2389 834 2443; x_wconf 83' lang='grc' dir='ltr'><strong>ἀναίτιον</strong></span> <span class='ocrx_word' id='word_1_237' title='bbox 856 2430 871 2454; x_wconf 95' lang='grc'><strong>,</strong></span> <span class='ocrx_word' id='word_1_238' title='bbox 928 2388 1025 2442; x_wconf 70' lang='grc' dir='ltr'><strong>καὶ</strong></span> <span class='ocrx_word' id='word_1_239' title='bbox 1063 2388 1150 2440; x_wconf 74' lang='grc' dir='ltr'><strong>διὰ</strong></span> <span class='ocrx_word' id='word_1_240' title='bbox 1182 2388 1347 2458; x_wconf 84' lang='grc' dir='ltr'><strong>μόνης</strong></span> <span class='ocrx_word' id='word_1_241' title='bbox 1378 2386 1472 2439; x_wconf 74' lang='grc' dir='ltr'><strong>καὶ</strong></span> <span class='ocrx_word' id='word_1_242' title='bbox 1502 2384 1800 2449; x_wconf 74' lang='grc' dir='ltr'><strong>παντελοῦς</strong></span> 
     </span>
    </p>
   </div>
   <div class='ocr_carea' id='block_1_38' title="bbox 216 2476 1800 2553">
    <p class='ocr_par' dir='ltr' id='par_1_38' title="bbox 216 2476 1800 2553">
     <span class='ocr_line' id='line_1_38' title="bbox 216 2476 1800 2553; baseline -0.006 -16"><span class='ocrx_word' id='word_1_243' title='bbox 216 2485 551 2553; x_wconf 76' lang='grc' dir='ltr'><strong>ἀποφάσεως</strong></span> <span class='ocrx_word' id='word_1_244' title='bbox 596 2481 659 2535; x_wconf 79' lang='grc' dir='ltr'><strong>τὸ</strong></span> <span class='ocrx_word' id='word_1_245' title='bbox 700 2480 842 2533; x_wconf 91' lang='grc' dir='ltr'><strong>θεῖον</strong></span> <span class='ocrx_word' id='word_1_246' title='bbox 874 2478 951 2543; x_wconf 83' lang='grc' dir='ltr'><strong>ὡς</strong></span> <span class='ocrx_word' id='word_1_247' title='bbox 980 2478 1198 2549; x_wconf 77' lang='grc' dir='ltr'><strong>ἀληθῶς</strong></span> <span class='ocrx_word' id='word_1_248' title='bbox 1227 2477 1669 2547; x_wconf 83' lang='grc' dir='ltr'><strong>καταφάσκοντα,</strong></span> <span class='ocrx_word' id='word_1_249' title='bbox 1706 2476 1800 2530; x_wconf 73' lang='grc' dir='ltr'><strong>καὶ</strong></span> 
     </span>
    </p>
   </div>
   <div class='ocr_carea' id='block_1_39' title="bbox 215 2566 1799 2643">
    <p class='ocr_par' dir='ltr' id='par_1_39' title="bbox 215 2566 1799 2643">
     <span class='ocr_line' id='line_1_39' title="bbox 215 2566 1799 2643; baseline -0.004 -18"><span class='ocrx_word' id='word_1_250' title='bbox 215 2573 318 2643; x_wconf 75' lang='grc' dir='ltr'><strong>τὴν</strong></span> <span class='ocrx_word' id='word_1_251' title='bbox 346 2572 622 2643; x_wconf 83' lang='grc' dir='ltr'><strong>ὑπεροχὴν</strong></span> <span class='ocrx_word' id='word_1_252' title='bbox 647 2569 811 2624; x_wconf 82' lang='grc' dir='ltr'><strong>αὑτοῦ</strong></span> <span class='ocrx_word' id='word_1_253' title='bbox 842 2570 909 2623; x_wconf 84' lang='grc' dir='ltr'><strong>δι’</strong></span> <span class='ocrx_word' id='word_1_254' title='bbox 925 2570 1165 2638; x_wconf 84' lang='grc' dir='ltr'><strong>άφασίας</strong></span> <span class='ocrx_word' id='word_1_255' title='bbox 1194 2566 1419 2631; x_wconf 86' lang='grc' dir='ltr'><strong>δεόντως</strong></span> <span class='ocrx_word' id='word_1_256' title='bbox 1446 2568 1799 2638; x_wconf 88' lang='grc' dir='ltr'><strong>σεμνύνοντα,</strong></span> 
     </span>
    </p>
   </div>
   <div class='ocr_carea' id='block_1_40' title="bbox 218 2656 1799 2733">
    <p class='ocr_par' dir='ltr' id='par_1_40' title="bbox 218 2656 1799 2733">
     <span class='ocr_line' id='line_1_40' title="bbox 218 2656 1799 2733; baseline -0.004 -17"><span class='ocrx_word' id='word_1_257' title='bbox 218 2667 317 2718; x_wconf 74' lang='grc' dir='ltr'><strong>καὶ</strong></span> <span class='ocrx_word' id='word_1_258' title='bbox 363 2665 457 2717; x_wconf 77' lang='grc' dir='ltr'><strong>τὸν</strong></span> <span class='ocrx_word' id='word_1_259' title='bbox 500 2662 766 2733; x_wconf 78' lang='grc' dir='ltr'><strong>ἑπόμενον</strong></span> <span class='ocrx_word' id='word_1_260' title='bbox 795 2660 968 2732; x_wconf 77' lang='grc' dir='ltr'><strong>τούτῳ</strong></span> <span class='ocrx_word' id='word_1_261' title='bbox 1000 2662 1095 2714; x_wconf 70' lang='grc' dir='ltr'><strong>καὶ</strong></span> <span class='ocrx_word' id='word_1_262' title='bbox 1125 2658 1399 2724; x_wconf 84' lang='grc' dir='ltr'><strong>σύνθετον,</strong></span> <span class='ocrx_word' id='word_1_263' title='bbox 1433 2657 1521 2711; x_wconf 72' lang='grc' dir='ltr'><strong>διὰ</strong></span> <span class='ocrx_word' id='word_1_264' title='bbox 1551 2656 1799 2724; x_wconf 86' lang='grc' dir='ltr'><strong>καταφά-</strong></span> 
     </span>
    </p>
   </div>
   <div class='ocr_carea' id='block_1_41' title="bbox 222 2747 1801 2824">
    <p class='ocr_par' dir='ltr' id='par_1_41' title="bbox 222 2747 1801 2824">
     <span class='ocr_line' id='line_1_41' title="bbox 222 2747 1801 2824; baseline -0.006 -15"><span class='ocrx_word' id='word_1_265' title='bbox 222 2774 363 2818; x_wconf 76' lang='grc' dir='ltr'><strong>σεως</strong></span> <span class='ocrx_word' id='word_1_266' title='bbox 426 2753 860 2824; x_wconf 83' lang='grc' dir='ltr'><strong>μεγαλοπρεπῶς</strong></span> <span class='ocrx_word' id='word_1_267' title='bbox 917 2754 982 2805; x_wconf 83' lang='grc' dir='ltr'><strong>έκ</strong></span> <span class='ocrx_word' id='word_1_268' title='bbox 1032 2750 1141 2803; x_wconf 82' lang='grc' dir='ltr'><strong>τῶν</strong></span> <span class='ocrx_word' id='word_1_269' title='bbox 1202 2749 1398 2820; x_wconf 77' lang='lat'><strong>(163</strong></span> <span class='ocrx_word' id='word_1_270' title='bbox 1434 2751 1496 2814; x_wconf 91' lang='lat' dir='ltr'><strong>a)</strong></span> <span class='ocrx_word' id='word_1_271' title='bbox 1543 2747 1801 2802; x_wconf 85' lang='grc' dir='ltr'><strong>αίτιατῶν</strong></span> 
     </span>
    </p>
   </div>
   <div class='ocr_carea' id='block_1_42' title="bbox 223 2839 1803 2918">
    <p class='ocr_par' dir='ltr' id='par_1_42' title="bbox 223 2839 1803 2918">
     <span class='ocr_line' id='line_1_42' title="bbox 223 2839 1803 2918; baseline -0.005 -19"><span class='ocrx_word' id='word_1_272' title='bbox 223 2847 647 2918; x_wconf 76' lang='grc' dir='ltr'><strong>ὑπογράφονταο</strong></span> <span class='ocrx_word' id='word_1_273' title='bbox 687 2842 790 2909; x_wconf 75' lang='grc' dir='ltr'><strong>οἷς,</strong></span> <span class='ocrx_word' id='word_1_274' title='bbox 819 2844 959 2897; x_wconf 86' lang='grc' dir='ltr'><strong>κατά</strong></span> <span class='ocrx_word' id='word_1_275' title='bbox 988 2844 1047 2895; x_wconf 83' lang='grc' dir='ltr'><strong>τὸ</strong></span> <span class='ocrx_word' id='word_1_276' title='bbox 1071 2842 1294 2895; x_wconf 71' lang='grc' dir='ltr'><strong>δυνατὸν</strong></span> <span class='ocrx_word' id='word_1_277' title='bbox 1324 2840 1640 2909; x_wconf 84' lang='grc' dir='ltr'><strong>ἀνθρώπους</strong></span> <span class='ocrx_word' id='word_1_278' title='bbox 1670 2839 1803 2892; x_wconf 66' lang='grc' dir='ltr'><strong>εἰδέα</strong></span> 
     </span>
    </p>
   </div>
   <div class='ocr_carea' id='block_1_43' title="bbox 223 2931 1801 3009">
    <p class='ocr_par' dir='ltr' id='par_1_43' title="bbox 223 2931 1801 3009">
     <span class='ocr_line' id='line_1_43' title="bbox 223 2931 1801 3009; baseline -0.006 -17"><span class='ocrx_word' id='word_1_279' title='bbox 223 2957 311 2992; x_wconf 87' lang='grc' dir='ltr'><strong>ναι</strong></span> <span class='ocrx_word' id='word_1_280' title='bbox 337 2978 354 2999; x_wconf 86' lang='grc'><strong>,</strong></span> <span class='ocrx_word' id='word_1_281' title='bbox 410 2940 445 3009; x_wconf 78' lang='grc' dir='ltr'><strong>ἡ</strong></span> <span class='ocrx_word' id='word_1_282' title='bbox 500 2940 628 3008; x_wconf 69' lang='grc' dir='ltr'><strong>περὶ</strong></span> <span class='ocrx_word' id='word_1_283' title='bbox 657 2935 792 2990; x_wconf 84' lang='grc' dir='ltr'><strong>Θεοῦ</strong></span> <span class='ocrx_word' id='word_1_284' title='bbox 822 2953 881 2988; x_wconf 84' lang='grc' dir='ltr'><strong>τε</strong></span> <span class='ocrx_word' id='word_1_285' title='bbox 934 2935 1026 2987; x_wconf 79' lang='grc' dir='ltr'><strong>καὶ</strong></span> <span class='ocrx_word' id='word_1_286' title='bbox 1057 2932 1165 2986; x_wconf 91' lang='grc' dir='ltr'><strong>τῶν</strong></span> <span class='ocrx_word' id='word_1_287' title='bbox 1194 2932 1352 2985; x_wconf 84' lang='grc' dir='ltr'><strong>θείων</strong></span> <span class='ocrx_word' id='word_1_288' title='bbox 1381 2931 1801 3000; x_wconf 84' lang='grc' dir='ltr'><strong>ὲπαιωρουμένη</strong></span> 
     </span>
    </p>
   </div>
   <div class='ocr_carea' id='block_1_44' title="bbox 224 3023 1803 3099">
    <p class='ocr_par' dir='ltr' id='par_1_44' title="bbox 224 3023 1803 3099">
     <span class='ocr_line' id='line_1_44' title="bbox 224 3023 1803 3099; baseline -0.004 -16"><span class='ocrx_word' id='word_1_289' title='bbox 224 3030 433 3099; x_wconf 91' lang='grc' dir='ltr'><strong>γνῶσις</strong></span> <span class='ocrx_word' id='word_1_290' title='bbox 475 3029 564 3083; x_wconf 77' lang='grc' dir='ltr'><strong>διὰ</strong></span> <span class='ocrx_word' id='word_1_291' title='bbox 591 3029 699 3081; x_wconf 90' lang='grc' dir='ltr'><strong>τῶν</strong></span> <span class='ocrx_word' id='word_1_292' title='bbox 730 3026 1025 3099; x_wconf 77' lang='grc' dir='ltr'><strong>προσφυῶν</strong></span> <span class='ocrx_word' id='word_1_293' title='bbox 1054 3027 1186 3095; x_wconf 76' lang='grc' dir='ltr'><strong>ἡμῖν</strong></span> <span class='ocrx_word' id='word_1_294' title='bbox 1219 3023 1503 3095; x_wconf 87' lang='grc' dir='ltr'><strong>συμϐόλων</strong></span> <span class='ocrx_word' id='word_1_295' title='bbox 1532 3024 1667 3094; x_wconf 82' lang='grc' dir='ltr'><strong>πρὸς</strong></span> <span class='ocrx_word' id='word_1_296' title='bbox 1695 3024 1803 3094; x_wconf 84' lang='grc' dir='ltr'><strong>ἁμ-</strong></span> 
     </span>
    </p>
   </div>
   <div class='ocr_carea' id='block_1_45' title="bbox 226 3116 1806 3193">
    <p class='ocr_par' dir='ltr' id='par_1_45' title="bbox 226 3116 1806 3193">
     <span class='ocr_line' id='line_1_45' title="bbox 226 3116 1806 3193; baseline -0.004 -18"><span class='ocrx_word' id='word_1_297' title='bbox 226 3124 493 3193; x_wconf 81' lang='grc' dir='ltr'><strong>φοτέρους</strong></span> <span class='ocrx_word' id='word_1_298' title='bbox 522 3122 667 3191; x_wconf 78' lang='grc' dir='ltr'><strong>ἡμᾶς</strong></span> <span class='ocrx_word' id='word_1_299' title='bbox 694 3121 818 3188; x_wconf 81' lang='grc' dir='ltr'><strong>ἄγει</strong></span> <span class='ocrx_word' id='word_1_300' title='bbox 846 3119 972 3182; x_wconf 78' lang='grc' dir='ltr'><strong>τοῦς</strong></span> <span class='ocrx_word' id='word_1_301' title='bbox 1001 3118 1237 3187; x_wconf 85' lang='grc' dir='ltr'><strong>τρόπους</strong></span> <span class='ocrx_word' id='word_1_302' title='bbox 1257 3156 1271 3179; x_wconf 95' lang='grc'><strong>,</strong></span> <span class='ocrx_word' id='word_1_303' title='bbox 1324 3116 1390 3169; x_wconf 74' lang='grc' dir='ltr'><strong>δι’</strong></span> <span class='ocrx_word' id='word_1_304' title='bbox 1412 3116 1666 3180; x_wconf 79' lang='grc' dir='ltr'><strong>εὐσεϐοῦς</strong></span> <span class='ocrx_word' id='word_1_305' title='bbox 1700 3117 1806 3170; x_wconf 83' lang='grc' dir='ltr'><strong>τῶν</strong></span> 
     </span>
    </p>
   </div>
   <div class='ocr_carea' id='block_1_46' title="bbox 224 3208 1807 3282">
    <p class='ocr_par' dir='ltr' id='par_1_46' title="bbox 224 3208 1807 3282">
     <span class='ocr_line' id='line_1_46' title="bbox 224 3208 1807 3282; baseline -0.004 -15"><span class='ocrx_word' id='word_1_306' title='bbox 224 3215 401 3267; x_wconf 70' lang='grc' dir='ltr'><strong>όντων</strong></span> <span class='ocrx_word' id='word_1_307' title='bbox 448 3213 825 3282; x_wconf 84' lang='grc' dir='ltr'><strong>κατανοήσεως</strong></span> <span class='ocrx_word' id='word_1_308' title='bbox 857 3209 1182 3280; x_wconf 80' lang='grc' dir='ltr'><strong>ἀμφοτέρων</strong></span> <span class='ocrx_word' id='word_1_309' title='bbox 1217 3209 1347 3279; x_wconf 82' lang='grc' dir='ltr'><strong>ἡμῖν</strong></span> <span class='ocrx_word' id='word_1_310' title='bbox 1376 3208 1653 3277; x_wconf 78' lang='grc' dir='ltr'><strong>ὲφιστῶσα</strong></span> <span class='ocrx_word' id='word_1_311' title='bbox 1681 3208 1807 3272; x_wconf 77' lang='grc' dir='ltr'><strong>τοὺς</strong></span> 
     </span>
    </p>
   </div>
   <div class='ocr_carea' id='block_1_47' title="bbox 225 3300 1809 3376">
    <p class='ocr_par' dir='ltr' id='par_1_47' title="bbox 225 3300 1809 3376">
     <span class='ocr_line' id='line_1_47' title="bbox 225 3300 1809 3376; baseline -0.003 -17"><span class='ocrx_word' id='word_1_312' title='bbox 225 3307 425 3376; x_wconf 84' lang='grc' dir='ltr'><strong>λόγους</strong></span> <span class='ocrx_word' id='word_1_313' title='bbox 443 3347 459 3372; x_wconf 93' lang='grc'><strong>,</strong></span> <span class='ocrx_word' id='word_1_314' title='bbox 495 3306 592 3359; x_wconf 75' lang='grc' dir='ltr'><strong>καὶ</strong></span> <span class='ocrx_word' id='word_1_315' title='bbox 621 3303 716 3357; x_wconf 92' lang='grc' dir='ltr'><strong>τοῦ</strong></span> <span class='ocrx_word' id='word_1_316' title='bbox 747 3304 845 3375; x_wconf 84' lang='grc' dir='ltr'><strong>μὲν</strong></span> <span class='ocrx_word' id='word_1_317' title='bbox 874 3302 1141 3374; x_wconf 83' lang='grc' dir='ltr'><strong>προτέρου</strong></span> <span class='ocrx_word' id='word_1_318' title='bbox 1175 3302 1283 3353; x_wconf 80' lang='grc' dir='ltr'><strong>πᾶν</strong></span> <span class='ocrx_word' id='word_1_319' title='bbox 1310 3300 1369 3353; x_wconf 79' lang='grc' dir='ltr'><strong>τὸ</strong></span> <span class='ocrx_word' id='word_1_320' title='bbox 1398 3301 1537 3371; x_wconf 81' lang='grc' dir='ltr'><strong>ὑπὲρ</strong></span> <span class='ocrx_word' id='word_1_321' title='bbox 1560 3300 1809 3371; x_wconf 73' lang='grc' dir='ltr'><strong>αἴσθησιν</strong></span> 
     </span>
    </p>
   </div>
   <div class='ocr_carea' id='block_1_48' title="bbox 230 3390 1810 3468">
    <p class='ocr_par' dir='ltr' id='par_1_48' title="bbox 230 3390 1810 3468">
     <span class='ocr_line' id='line_1_48' title="bbox 230 3390 1810 3468; baseline -0.003 -17"><span class='ocrx_word' id='word_1_322' title='bbox 230 3397 507 3468; x_wconf 65' lang='grc' dir='ltr'><strong>σύμϐολον</strong></span> <span class='ocrx_word' id='word_1_323' title='bbox 561 3392 701 3450; x_wconf 73' lang='grc' dir='ltr'><strong>εἶναι</strong></span> <span class='ocrx_word' id='word_1_324' title='bbox 751 3394 1117 3458; x_wconf 80' lang='grc' dir='ltr'><strong>διδάσκουσα,</strong></span> <span class='ocrx_word' id='word_1_325' title='bbox 1183 3390 1279 3446; x_wconf 91' lang='grc' dir='ltr'><strong>τοῦ</strong></span> <span class='ocrx_word' id='word_1_326' title='bbox 1324 3392 1381 3444; x_wconf 83' lang='grc' dir='ltr'><strong>δὲ</strong></span> <span class='ocrx_word' id='word_1_327' title='bbox 1428 3391 1680 3463; x_wconf 86' lang='grc' dir='ltr'><strong>δευτέρου</strong></span> <span class='ocrx_word' id='word_1_328' title='bbox 1742 3393 1810 3446; x_wconf 81' lang='grc' dir='ltr'><strong>τά</strong></span> 
     </span>
    </p>
   </div>
   <div class='ocr_carea' id='block_1_49' title="bbox 226 3482 1807 3558">
    <p class='ocr_par' dir='ltr' id='par_1_49' title="bbox 226 3482 1807 3558">
     <span class='ocr_line' id='line_1_49' title="bbox 226 3482 1807 3558; baseline -0.004 -15"><span class='ocrx_word' id='word_1_329' title='bbox 226 3489 355 3543; x_wconf 76' lang='grc' dir='ltr'><strong>κατ’</strong></span> <span class='ocrx_word' id='word_1_330' title='bbox 397 3486 651 3558; x_wconf 75' lang='grc' dir='ltr'><strong>αἴσθησιν</strong></span> <span class='ocrx_word' id='word_1_331' title='bbox 704 3485 1027 3557; x_wconf 73' lang='grc' dir='ltr'><strong>ἀθροιστικὰ</strong></span> <span class='ocrx_word' id='word_1_332' title='bbox 1071 3482 1210 3539; x_wconf 74' lang='grc' dir='ltr'><strong>εἶναι</strong></span> <span class='ocrx_word' id='word_1_333' title='bbox 1264 3482 1592 3537; x_wconf 83' lang='grc' dir='ltr'><strong>παιδεύουσα</strong></span> <span class='ocrx_word' id='word_1_334' title='bbox 1638 3500 1807 3554; x_wconf 87' lang='grc' dir='ltr'><strong>μεγα-</strong></span> 
     </span>
    </p>
   </div>
   <div class='ocr_carea' id='block_1_50' title="bbox 225 3573 1811 3651">
    <p class='ocr_par' dir='ltr' id='par_1_50' title="bbox 225 3573 1811 3651">
     <span class='ocr_line' id='line_1_50' title="bbox 225 3573 1811 3651; baseline -0.002 -19"><span class='ocrx_word' id='word_1_335' title='bbox 225 3580 610 3651; x_wconf 82' lang='grc' dir='ltr'><strong>λουργήματα.</strong></span> <span class='ocrx_word' id='word_1_336' title='bbox 653 3579 750 3632; x_wconf 81' lang='grc' dir='ltr'><strong>Ἐκ</strong></span> <span class='ocrx_word' id='word_1_337' title='bbox 784 3579 893 3647; x_wconf 83' lang='grc' dir='ltr'><strong>γὰρ</strong></span> <span class='ocrx_word' id='word_1_338' title='bbox 932 3576 1043 3630; x_wconf 91' lang='grc' dir='ltr'><strong>τῶν</strong></span> <span class='ocrx_word' id='word_1_339' title='bbox 1077 3576 1217 3647; x_wconf 79' lang='grc' dir='ltr'><strong>ὑπὲρ</strong></span> <span class='ocrx_word' id='word_1_340' title='bbox 1246 3573 1500 3645; x_wconf 69' lang='grc' dir='ltr'><strong>αἴσθησιν</strong></span> <span class='ocrx_word' id='word_1_341' title='bbox 1531 3575 1811 3645; x_wconf 88' lang='grc' dir='ltr'><strong>συμϐόλων</strong></span> 
     </span>
    </p>
   </div>
   <div class='ocr_carea' id='block_1_51' title="bbox 226 3661 1811 3743">
    <p class='ocr_par' dir='ltr' id='par_1_51' title="bbox 226 3661 1811 3743">
     <span class='ocr_line' id='line_1_51' title="bbox 226 3661 1811 3743; baseline -0.004 -18"><span class='ocrx_word' id='word_1_342' title='bbox 226 3673 333 3743; x_wconf 73' lang='grc' dir='ltr'><strong>τὴν</strong></span> <span class='ocrx_word' id='word_1_343' title='bbox 406 3670 549 3741; x_wconf 82' lang='grc' dir='ltr'><strong>ὑπὲρ</strong></span> <span class='ocrx_word' id='word_1_344' title='bbox 597 3670 753 3737; x_wconf 87' lang='grc' dir='ltr'><strong>λόγον</strong></span> <span class='ocrx_word' id='word_1_345' title='bbox 820 3670 912 3722; x_wconf 69' lang='grc' dir='ltr'><strong>καὶ</strong></span> <span class='ocrx_word' id='word_1_346' title='bbox 958 3663 1083 3721; x_wconf 82' lang='grc' dir='ltr'><strong>νοῦν</strong></span> <span class='ocrx_word' id='word_1_347' title='bbox 1153 3666 1413 3735; x_wconf 76' lang='grc' dir='ltr'><strong>ἀλήθειαν</strong></span> <span class='ocrx_word' id='word_1_348' title='bbox 1461 3661 1599 3721; x_wconf 79' lang='grc' dir='ltr'><strong>εἶναι</strong></span> <span class='ocrx_word' id='word_1_349' title='bbox 1654 3666 1811 3735; x_wconf 87' lang='grc' dir='ltr'><strong>μόνον</strong></span> 
     </span>
    </p>
   </div>
   <div class='ocr_carea' id='block_1_52' title="bbox 231 3752 1813 3833">
    <p class='ocr_par' dir='ltr' id='par_1_52' title="bbox 231 3752 1813 3833">
     <span class='ocr_line' id='line_1_52' title="bbox 231 3752 1813 3833; baseline -0.004 -16"><span class='ocrx_word' id='word_1_350' title='bbox 231 3762 566 3831; x_wconf 78' lang='grc' dir='ltr'><strong>πιστεύομεν</strong></span> <span class='ocrx_word' id='word_1_351' title='bbox 591 3803 608 3828; x_wconf 92' lang='grc'><strong>,</strong></span> <span class='ocrx_word' id='word_1_352' title='bbox 660 3761 787 3833; x_wconf 70' lang='grc' dir='ltr'><strong>περὶ</strong></span> <span class='ocrx_word' id='word_1_353' title='bbox 833 3759 927 3813; x_wconf 92' lang='grc' dir='ltr'><strong>τοῦ</strong></span> <span class='ocrx_word' id='word_1_354' title='bbox 960 3758 1011 3812; x_wconf 89' lang='grc' dir='ltr'><strong>τί</strong></span> <span class='ocrx_word' id='word_1_355' title='bbox 1062 3761 1155 3812; x_wconf 73' lang='grc' dir='ltr'><strong>καὶ</strong></span> <span class='ocrx_word' id='word_1_356' title='bbox 1186 3757 1303 3820; x_wconf 89' lang='grc' dir='ltr'><strong>πῶς</strong></span> <span class='ocrx_word' id='word_1_357' title='bbox 1336 3757 1431 3810; x_wconf 76' lang='grc' dir='ltr'><strong>καὶ</strong></span> <span class='ocrx_word' id='word_1_358' title='bbox 1458 3757 1649 3810; x_wconf 81' lang='grc' dir='ltr'><strong>ὁποίαν</strong></span> <span class='ocrx_word' id='word_1_359' title='bbox 1672 3752 1813 3811; x_wconf 81' lang='grc' dir='ltr'><strong>εἶναι</strong></span> 
     </span>
    </p>
   </div>
   <div class='ocr_carea' id='block_1_53' title="bbox 229 3848 1813 3923">
    <p class='ocr_par' dir='ltr' id='par_1_53' title="bbox 229 3848 1813 3923">
     <span class='ocr_line' id='line_1_53' title="bbox 229 3848 1813 3923; baseline -0.005 -12"><span class='ocrx_word' id='word_1_360' title='bbox 229 3858 329 3911; x_wconf 79' lang='grc' dir='ltr'><strong>καὶ</strong></span> <span class='ocrx_word' id='word_1_361' title='bbox 375 3854 479 3908; x_wconf 90' lang='grc' dir='ltr'><strong>ποῦ</strong></span> <span class='ocrx_word' id='word_1_362' title='bbox 549 3854 646 3909; x_wconf 77' lang='grc' dir='ltr'><strong>καὶ</strong></span> <span class='ocrx_word' id='word_1_363' title='bbox 694 3854 823 3907; x_wconf 88' lang='grc' dir='ltr'><strong>πότε</strong></span> <span class='ocrx_word' id='word_1_364' title='bbox 888 3852 1011 3923; x_wconf 84' lang='grc' dir='ltr'><strong>μηδ’</strong></span> <span class='ocrx_word' id='word_1_365' title='bbox 1043 3851 1181 3913; x_wconf 84' lang='grc' dir='ltr'><strong>ὅλως</strong></span> <span class='ocrx_word' id='word_1_366' title='bbox 1239 3848 1544 3918; x_wconf 81' lang='grc' dir='ltr'><strong>τολμῶντες</strong></span> <span class='ocrx_word' id='word_1_367' title='bbox 1592 3853 1813 3903; x_wconf 83' lang='grc' dir='ltr'><strong>σκοπεῖν</strong></span> 
     </span>
    </p>
   </div>
   <div class='ocr_carea' id='block_1_54' title="bbox 231 3941 1815 4019">
    <p class='ocr_par' dir='ltr' id='par_1_54' title="bbox 231 3941 1815 4019">
     <span class='ocr_line' id='line_1_54' title="bbox 231 3941 1815 4019; baseline -0.004 -18"><span class='ocrx_word' id='word_1_368' title='bbox 231 3950 265 4019; x_wconf 72' lang='grc' dir='ltr'>ἢ</span> <span class='ocrx_word' id='word_1_369' title='bbox 310 3950 516 4002; x_wconf 73' lang='grc' dir='ltr'><strong>ἐννοεῖν</strong></span> <span class='ocrx_word' id='word_1_370' title='bbox 566 3946 919 4017; x_wconf 80' lang='grc' dir='ltr'><strong>ἀνεχόμενοι,</strong></span> <span class='ocrx_word' id='word_1_371' title='bbox 977 3944 1078 4014; x_wconf 88' lang='grc' dir='ltr'><strong>τῆς</strong></span> <span class='ocrx_word' id='word_1_372' title='bbox 1127 3943 1494 4013; x_wconf 71' lang='grc' dir='ltr'><strong>έγχειρήσεως</strong></span> <span class='ocrx_word' id='word_1_373' title='bbox 1533 3942 1594 3994; x_wconf 80' lang='grc' dir='ltr'><strong>τὸ</strong></span> <span class='ocrx_word' id='word_1_374' title='bbox 1622 3941 1815 4005; x_wconf 75' lang='grc' dir='ltr'><strong>ἀσεϐὲς</strong></span> 
     </span>
    </p>
   </div>
   <div class='ocr_carea' id='block_1_55' title="bbox 232 4033 1816 4112">
    <p class='ocr_par' dir='ltr' id='par_1_55' title="bbox 232 4033 1816 4112">
     <span class='ocr_line' id='line_1_55' title="bbox 232 4033 1816 4112; baseline -0.006 -17"><span class='ocrx_word' id='word_1_375' title='bbox 232 4039 672 4112; x_wconf 87' lang='grc' dir='ltr'><strong>παραιτούμενοι</strong></span> <span class='ocrx_word' id='word_1_376' title='bbox 699 4054 713 4068; x_wconf 86' lang='grc'><strong>·</strong></span> <span class='ocrx_word' id='word_1_377' title='bbox 771 4039 837 4089; x_wconf 82' lang='grc' dir='ltr'><strong>έκ</strong></span> <span class='ocrx_word' id='word_1_378' title='bbox 883 4036 939 4090; x_wconf 75' lang='grc' dir='ltr'><strong>δὲ</strong></span> <span class='ocrx_word' id='word_1_379' title='bbox 989 4034 1098 4088; x_wconf 88' lang='grc' dir='ltr'><strong>τῶν</strong></span> <span class='ocrx_word' id='word_1_380' title='bbox 1126 4034 1248 4088; x_wconf 83' lang='grc' dir='ltr'><strong>κατ’</strong></span> <span class='ocrx_word' id='word_1_381' title='bbox 1270 4033 1541 4105; x_wconf 78' lang='grc' dir='ltr'><strong>αἴσθησιν,</strong></span> <span class='ocrx_word' id='word_1_382' title='bbox 1577 4035 1651 4097; x_wconf 83' lang='grc' dir='ltr'><strong>ὡς</strong></span> <span class='ocrx_word' id='word_1_383' title='bbox 1685 4036 1816 4105; x_wconf 82' lang='grc' dir='ltr'><strong>ἡμῖν</strong></span> 
     </span>
    </p>
   </div>
   <div class='ocr_carea' id='block_1_56' title="bbox 235 4116 1818 4197">
    <p class='ocr_par' dir='ltr' id='par_1_56' title="bbox 235 4116 1818 4197">
     <span class='ocr_line' id='line_1_56' title="bbox 235 4116 1818 4197; baseline -0.005 -12"><span class='ocrx_word' id='word_1_384' title='bbox 235 4134 353 4187; x_wconf 70' lang='grc' dir='ltr'><strong>ἔστι</strong></span> <span class='ocrx_word' id='word_1_385' title='bbox 395 4131 625 4186; x_wconf 77' lang='grc' dir='ltr'><strong>δυνατὸν</strong></span> <span class='ocrx_word' id='word_1_386' title='bbox 650 4171 665 4195; x_wconf 95' lang='grc'><strong>,</strong></span> <span class='ocrx_word' id='word_1_387' title='bbox 721 4129 840 4183; x_wconf 82' lang='grc' dir='ltr'><strong>κατ’</strong></span> <span class='ocrx_word' id='word_1_388' title='bbox 867 4116 1272 4197; x_wconf 70' lang='grc' dir='ltr'><strong>ἔννοιανμόνον</strong></span> <span class='ocrx_word' id='word_1_389' title='bbox 1319 4126 1517 4196; x_wconf 80' lang='grc' dir='ltr'><strong>ἰσχνῶς</strong></span> <span class='ocrx_word' id='word_1_390' title='bbox 1557 4125 1658 4195; x_wconf 87' lang='grc' dir='ltr'><strong>τῆς</strong></span> <span class='ocrx_word' id='word_1_391' title='bbox 1688 4124 1818 4197; x_wconf 73' lang='grc' dir='ltr'><strong>περὶ</strong></span> 
     </span>
    </p>
   </div>
   <div class='ocr_carea' id='block_1_57' title="bbox 236 4216 1817 4292">
    <p class='ocr_par' dir='ltr' id='par_1_57' title="bbox 236 4216 1817 4292">
     <span class='ocr_line' id='line_1_57' title="bbox 236 4216 1817 4292; baseline -0.005 -15"><span class='ocrx_word' id='word_1_392' title='bbox 236 4223 374 4277; x_wconf 82' lang='grc' dir='ltr'><strong>Θεοῦ</strong></span> <span class='ocrx_word' id='word_1_393' title='bbox 395 4221 651 4292; x_wconf 84' lang='grc' dir='ltr'><strong>γνώσεως</strong></span> <span class='ocrx_word' id='word_1_394' title='bbox 674 4220 771 4283; x_wconf 79' lang='grc' dir='ltr'><strong>τὰς</strong></span> <span class='ocrx_word' id='word_1_395' title='bbox 794 4218 1042 4281; x_wconf 78' lang='grc' dir='ltr'><strong>εἰκασίας</strong></span> <span class='ocrx_word' id='word_1_396' title='bbox 1062 4217 1429 4287; x_wconf 88' lang='grc' dir='ltr'><strong>λαμϐάνοντες</strong></span> <span class='ocrx_word' id='word_1_397' title='bbox 1458 4217 1633 4271; x_wconf 87' lang='grc' dir='ltr'><strong>πάντα</strong></span> <span class='ocrx_word' id='word_1_398' title='bbox 1655 4216 1817 4269; x_wconf 82' lang='grc' dir='ltr'><strong>αὑτὸν</strong></span> 
     </span>
    </p>
   </div>
   <div class='ocr_carea' id='block_1_58' title="bbox 238 4307 1818 4383">
    <p class='ocr_par' dir='ltr' id='par_1_58' title="bbox 238 4307 1818 4383">
     <span class='ocr_line' id='line_1_58' title="bbox 238 4307 1818 4383; baseline -0.006 -14"><span class='ocrx_word' id='word_1_399' title='bbox 238 4312 380 4369; x_wconf 80' lang='grc' dir='ltr'><strong>εἷναί</strong></span> <span class='ocrx_word' id='word_1_400' title='bbox 413 4328 596 4383; x_wconf 84' lang='grc' dir='ltr'><strong>φαμεν</strong></span> <span class='ocrx_word' id='word_1_401' title='bbox 637 4313 737 4366; x_wconf 81' lang='grc' dir='ltr'><strong>ὅσα</strong></span> <span class='ocrx_word' id='word_1_402' title='bbox 778 4314 843 4364; x_wconf 74' lang='grc' dir='ltr'><strong>ὲκ</strong></span> <span class='ocrx_word' id='word_1_403' title='bbox 867 4309 975 4364; x_wconf 88' lang='grc' dir='ltr'><strong>τῶν</strong></span> <span class='ocrx_word' id='word_1_404' title='bbox 1001 4308 1167 4363; x_wconf 82' lang='grc' dir='ltr'><strong>αὑτοῦ</strong></span> <span class='ocrx_word' id='word_1_405' title='bbox 1193 4308 1512 4379; x_wconf 82' lang='grc' dir='ltr'><strong>ποιημάτων</strong></span> <span class='ocrx_word' id='word_1_406' title='bbox 1546 4307 1622 4371; x_wconf 86' lang='grc' dir='ltr'><strong>ὡς</strong></span> <span class='ocrx_word' id='word_1_407' title='bbox 1648 4307 1818 4361; x_wconf 72' lang='grc' dir='ltr'><strong>αἴτιον</strong></span> 
     </span>
    </p>
   </div>
   <div class='ocr_carea' id='block_1_59' title="bbox 239 4406 637 4476">
    <p class='ocr_par' dir='ltr' id='par_1_59' title="bbox 239 4406 637 4476">
     <span class='ocr_line' id='line_1_59' title="bbox 239 4406 637 4476; baseline 0 -18"><span class='ocrx_word' id='word_1_408' title='bbox 239 4406 637 4476; x_wconf 68' lang='grc' dir='ltr'><strong>ἐγνωρίσαμεν.</strong></span> 
     </span>
    </p>
   </div>
   <div class='ocr_carea' id='block_1_60' title="bbox 248 4643 1822 4715">
    <p class='ocr_par' dir='ltr' id='par_1_60' title="bbox 248 4643 1822 4715">
     <span class='ocr_line' id='line_1_60' title="bbox 248 4643 1822 4715; baseline -0.01 -6"><span class='ocrx_word' id='word_1_409' title='bbox 248 4656 377 4708; x_wconf 85' lang='grc' dir='ltr'><strong>Ὀτι</strong></span> <span class='ocrx_word' id='word_1_410' title='bbox 405 4654 502 4707; x_wconf 73' lang='grc' dir='ltr'><strong>καὶ</strong></span> <span class='ocrx_word' id='word_1_411' title='bbox 533 4651 748 4705; x_wconf 76' lang='grc' dir='ltr'><strong>ἑαυτοῦ</strong></span> <span class='ocrx_word' id='word_1_412' title='bbox 776 4650 960 4713; x_wconf 76' lang='grc' dir='ltr'><strong>τύπος</strong></span> <span class='ocrx_word' id='word_1_413' title='bbox 982 4649 1016 4701; x_wconf 82' lang='grc' dir='ltr'><em>ὁ</em></span> <span class='ocrx_word' id='word_1_414' title='bbox 1047 4647 1261 4715; x_wconf 79' lang='grc' dir='ltr'><strong>Κύριος</strong></span> <span class='ocrx_word' id='word_1_415' title='bbox 1288 4644 1495 4714; x_wconf 78' lang='grc' dir='ltr'><strong>γέγονε</strong></span> <span class='ocrx_word' id='word_1_416' title='bbox 1526 4644 1674 4698; x_wconf 81' lang='grc' dir='ltr'><strong>κατὰ</strong></span> <span class='ocrx_word' id='word_1_417' title='bbox 1707 4643 1822 4711; x_wconf 77' lang='grc' dir='ltr'><strong>τὴν</strong></span> 
     </span>
    </p>
   </div>
   <div class='ocr_carea' id='block_1_61' title="bbox 528 4736 1536 4808">
    <p class='ocr_par' dir='ltr' id='par_1_61' title="bbox 528 4736 1536 4808">
     <span class='ocr_line' id='line_1_61' title="bbox 528 4736 1536 4808; baseline -0.004 -13"><span class='ocrx_word' id='word_1_418' title='bbox 528 4743 741 4795; x_wconf 78' lang='grc' dir='ltr'><strong>ἑαυτοῦ</strong></span> <span class='ocrx_word' id='word_1_419' title='bbox 774 4741 871 4794; x_wconf 83' lang='grc' dir='ltr'><strong>διὰ</strong></span> <span class='ocrx_word' id='word_1_420' title='bbox 904 4738 1129 4808; x_wconf 75' lang='grc' dir='ltr'><strong>σαρκὸς</strong></span> <span class='ocrx_word' id='word_1_421' title='bbox 1170 4736 1536 4805; x_wconf 77' lang='grc' dir='ltr'><strong>οικονομίαν.</strong></span> 
     </span>
    </p>
   </div>
   <div class='ocr_carea' id='block_1_62' title="bbox 317 4849 1819 4927">
    <p class='ocr_par' dir='ltr' id='par_1_62' title="bbox 317 4849 1819 4927">
     <span class='ocr_line' id='line_1_62' title="bbox 317 4849 1819 4927; baseline -0.008 -14"><span class='ocrx_word' id='word_1_422' title='bbox 317 4860 693 4927; x_wconf 80' lang='grc' dir='ltr'><strong>Σκοπήσωμεν</strong></span> <span class='ocrx_word' id='word_1_423' title='bbox 726 4857 782 4909; x_wconf 81' lang='grc' dir='ltr'><strong>δὲ</strong></span> <span class='ocrx_word' id='word_1_424' title='bbox 842 4856 892 4909; x_wconf 72' lang='grc' dir='ltr'><strong>εί</strong></span> <span class='ocrx_word' id='word_1_425' title='bbox 932 4854 1008 4925; x_wconf 82' lang='grc' dir='ltr'><strong>μὴ</strong></span> <span class='ocrx_word' id='word_1_426' title='bbox 1049 4851 1233 4913; x_wconf 88' lang='grc' dir='ltr'><strong>καλῶς</strong></span> <span class='ocrx_word' id='word_1_427' title='bbox 1278 4849 1495 4921; x_wconf 78' lang='grc' dir='ltr'><strong>ἑκάστῳ</strong></span> <span class='ocrx_word' id='word_1_428' title='bbox 1526 4849 1634 4902; x_wconf 87' lang='grc' dir='ltr'><strong>τῶν</strong></span> <span class='ocrx_word' id='word_1_429' title='bbox 1667 4850 1819 4922; x_wconf 86' lang='grc' dir='ltr'><strong>είρη-</strong></span> 
     </span>
    </p>
   </div>
   <div class='ocr_carea' id='block_1_63' title="bbox 250 4939 1820 5023">
    <p class='ocr_par' dir='ltr' id='par_1_63' title="bbox 250 4939 1820 5023">
     <span class='ocr_line' id='line_1_63' title="bbox 250 4939 1820 5023; baseline -0.007 -19"><span class='ocrx_word' id='word_1_430' title='bbox 250 4952 431 5023; x_wconf 85' lang='grc' dir='ltr'><strong>μένων</strong></span> <span class='ocrx_word' id='word_1_431' title='bbox 460 4948 684 5014; x_wconf 71' lang='grc' dir='ltr'><strong>τρόπων</strong></span> <span class='ocrx_word' id='word_1_432' title='bbox 726 4946 869 5000; x_wconf 72' lang='grc' dir='ltr'><strong>νατά</strong></span> <span class='ocrx_word' id='word_1_433' title='bbox 901 4946 1000 5014; x_wconf 81' lang='grc' dir='ltr'><strong>τὴν</strong></span> <span class='ocrx_word' id='word_1_434' title='bbox 1049 4943 1200 4997; x_wconf 86' lang='grc' dir='ltr'><strong>θείαν</strong></span> <span class='ocrx_word' id='word_1_435' title='bbox 1243 4941 1459 5009; x_wconf 77' lang='grc' dir='ltr'><strong>ἐκείνην</strong></span> <span class='ocrx_word' id='word_1_436' title='bbox 1490 4939 1584 4992; x_wconf 91' lang='grc' dir='ltr'><strong>τοῦ</strong></span> <span class='ocrx_word' id='word_1_437' title='bbox 1616 4941 1820 5011; x_wconf 81' lang='grc' dir='ltr'><strong>Κυρίου</strong></span> 
     </span>
    </p>
   </div>
   <div class='ocr_carea' id='block_1_64' title="bbox 253 5032 1821 5112">
    <p class='ocr_par' dir='ltr' id='par_1_64' title="bbox 253 5032 1821 5112">
     <span class='ocr_line' id='line_1_64' title="bbox 253 5032 1821 5112; baseline -0.006 -18"><span class='ocrx_word' id='word_1_438' title='bbox 253 5040 680 5112; x_wconf 83' lang='grc' dir='ltr'><strong>μεταμόρφωσιν</strong></span> <span class='ocrx_word' id='word_1_439' title='bbox 729 5038 826 5091; x_wconf 75' lang='grc' dir='ltr'><strong>καὶ</strong></span> <span class='ocrx_word' id='word_1_440' title='bbox 868 5036 1050 5105; x_wconf 88' lang='grc' dir='ltr'><strong>σοφῶς</strong></span> <span class='ocrx_word' id='word_1_441' title='bbox 1100 5034 1399 5104; x_wconf 71' lang='grc' dir='ltr'><strong>ἐνυπάρχει</strong></span> <span class='ocrx_word' id='word_1_442' title='bbox 1439 5033 1501 5085; x_wconf 83' lang='grc' dir='ltr'><strong>τὸ</strong></span> <span class='ocrx_word' id='word_1_443' title='bbox 1534 5032 1821 5102; x_wconf 82' lang='grc' dir='ltr'><strong>σύμϐολον.</strong></span> 
     </span>
    </p>
   </div>
   <div class='ocr_carea' id='block_1_65' title="bbox 252 5123 1825 5201">
    <p class='ocr_par' dir='ltr' id='par_1_65' title="bbox 252 5123 1825 5201">
     <span class='ocr_line' id='line_1_65' title="bbox 252 5123 1825 5201; baseline -0.006 -15"><span class='ocrx_word' id='word_1_444' title='bbox 252 5134 396 5186; x_wconf 81' lang='grc' dir='ltr'><strong>Εῖδει</strong></span> <span class='ocrx_word' id='word_1_445' title='bbox 425 5130 537 5201; x_wconf 78' lang='grc' dir='ltr'><strong>γάρ</strong></span> <span class='ocrx_word' id='word_1_446' title='bbox 566 5129 731 5183; x_wconf 79' lang='grc' dir='ltr'><strong>αῦτδν</strong></span> <span class='ocrx_word' id='word_1_447' title='bbox 758 5128 880 5181; x_wconf 79' lang='grc' dir='ltr'><strong>καθ’</strong></span> <span class='ocrx_word' id='word_1_448' title='bbox 920 5128 1066 5197; x_wconf 74' lang='grc' dir='ltr'><strong>ἡμᾶς</strong></span> <span class='ocrx_word' id='word_1_449' title='bbox 1109 5126 1400 5195; x_wconf 85' lang='grc' dir='ltr'><strong>ἀτρέπτως</strong></span> <span class='ocrx_word' id='word_1_450' title='bbox 1445 5123 1735 5193; x_wconf 81' lang='grc' dir='ltr'><strong>κτισθῆναι</strong></span> <span class='ocrx_word' id='word_1_451' title='bbox 1758 5123 1825 5176; x_wconf 82' lang='grc' dir='ltr'><strong>δι’</strong></span> 
     </span>
    </p>
   </div>
   <div class='ocr_carea' id='block_1_66' title="bbox 253 5214 1827 5291">
    <p class='ocr_par' dir='ltr' id='par_1_66' title="bbox 253 5214 1827 5291">
     <span class='ocr_line' id='line_1_66' title="bbox 253 5214 1827 5291; baseline -0.006 -16"><span class='ocrx_word' id='word_1_452' title='bbox 253 5224 493 5291; x_wconf 74' lang='grc' dir='ltr'><strong>ἄμετρον</strong></span> <span class='ocrx_word' id='word_1_453' title='bbox 522 5218 935 5289; x_wconf 82' lang='grc' dir='ltr'><strong>φιλανθρωπίαν</strong></span> <span class='ocrx_word' id='word_1_454' title='bbox 966 5217 1401 5285; x_wconf 77' lang='grc' dir='ltr'><strong>καταδεξάμενον</strong></span> <span class='ocrx_word' id='word_1_455' title='bbox 1447 5214 1641 5267; x_wconf 80' lang='grc' dir='ltr'><strong>ἑαυτοῦ</strong></span> <span class='ocrx_word' id='word_1_456' title='bbox 1672 5215 1827 5282; x_wconf 90' lang='grc' dir='ltr'><strong>γενέ-</strong></span> 
     </span>
    </p>
   </div>
   <div class='ocr_carea' id='block_1_67' title="bbox 256 5302 1827 5375">
    <p class='ocr_par' dir='ltr' id='par_1_67' title="bbox 256 5302 1827 5375">
     <span class='ocr_line' id='line_1_67' title="bbox 256 5302 1827 5375; baseline -0.006 -11"><span class='ocrx_word' id='word_1_457' title='bbox 256 5310 379 5364; x_wconf 88' lang='grc' dir='ltr'><strong>σθαι</strong></span> <span class='ocrx_word' id='word_1_458' title='bbox 402 5310 575 5361; x_wconf 87' lang='grc' dir='ltr'><strong>τύπον</strong></span> <span class='ocrx_word' id='word_1_459' title='bbox 596 5310 693 5360; x_wconf 70' lang='grc' dir='ltr'><strong>καὶ</strong></span> <span class='ocrx_word' id='word_1_460' title='bbox 717 5306 1011 5375; x_wconf 88' lang='grc' dir='ltr'><strong>σύμϐολον,</strong></span> <span class='ocrx_word' id='word_1_461' title='bbox 1061 5304 1154 5357; x_wconf 76' lang='grc' dir='ltr'><strong>καὶ</strong></span> <span class='ocrx_word' id='word_1_462' title='bbox 1190 5302 1516 5373; x_wconf 80' lang='grc' dir='ltr'><strong>παραδεῖξαι</strong></span> <span class='ocrx_word' id='word_1_463' title='bbox 1541 5304 1599 5369; x_wconf 81' lang='grc' dir='ltr'>ἐξ</span> <span class='ocrx_word' id='word_1_464' title='bbox 1631 5302 1827 5357; x_wconf 79' lang='grc' dir='ltr'><strong>ἑαυτοῦ</strong></span> 
     </span>
    </p>
   </div>
   <div class='ocr_carea' id='block_1_68' title="bbox 256 5390 1830 5470">
    <p class='ocr_par' dir='ltr' id='par_1_68' title="bbox 256 5390 1830 5470">
     <span class='ocr_line' id='line_1_68' title="bbox 256 5390 1830 5470; baseline -0.008 -16"><span class='ocrx_word' id='word_1_465' title='bbox 256 5398 607 5470; x_wconf 87' lang='grc' dir='ltr'><strong>συμϐολικῶς</strong></span> <span class='ocrx_word' id='word_1_466' title='bbox 637 5396 852 5458; x_wconf 78' lang='grc' dir='ltr'><strong>ἑαυτὸν,</strong></span> <span class='ocrx_word' id='word_1_467' title='bbox 890 5395 985 5447; x_wconf 73' lang='grc' dir='ltr'><strong>καὶ</strong></span> <span class='ocrx_word' id='word_1_468' title='bbox 1010 5393 1076 5445; x_wconf 80' lang='grc' dir='ltr'><strong>δι’</strong></span> <span class='ocrx_word' id='word_1_469' title='bbox 1102 5390 1297 5445; x_wconf 71' lang='grc' dir='ltr'><strong>ἑαυτοῦ</strong></span> <span class='ocrx_word' id='word_1_470' title='bbox 1330 5392 1661 5463; x_wconf 85' lang='grc' dir='ltr'><strong>φαινομένου</strong></span> <span class='ocrx_word' id='word_1_471' title='bbox 1694 5391 1830 5461; x_wconf 76' lang='grc' dir='ltr'><strong>πρὸς</strong></span> 
     </span>
    </p>
   </div>
   <div class='ocr_carea' id='block_1_69' title="bbox 258 5482 1829 5557">
    <p class='ocr_par' dir='ltr' id='par_1_69' title="bbox 258 5482 1829 5557">
     <span class='ocr_line' id='line_1_69' title="bbox 258 5482 1829 5557; baseline -0.006 -13"><span class='ocrx_word' id='word_1_472' title='bbox 258 5491 453 5545; x_wconf 78' lang='grc' dir='ltr'><strong>ἑαυτὸν</strong></span> <span class='ocrx_word' id='word_1_473' title='bbox 495 5487 719 5557; x_wconf 85' lang='grc' dir='ltr'><strong>ἀφανῶς</strong></span> <span class='ocrx_word' id='word_1_474' title='bbox 764 5486 943 5556; x_wconf 84' lang='grc' dir='ltr'><strong>πάντη</strong></span> <span class='ocrx_word' id='word_1_475' title='bbox 985 5483 1363 5555; x_wconf 86' lang='grc' dir='ltr'><strong>κρυπτόμενον</strong></span> <span class='ocrx_word' id='word_1_476' title='bbox 1416 5482 1829 5553; x_wconf 87' lang='grc' dir='ltr'><strong>χειραγωγῆσαι</strong></span> 
     </span>
    </p>
   </div>
   <div class='ocr_carea' id='block_1_70' title="bbox 257 5570 1830 5653">
    <p class='ocr_par' dir='ltr' id='par_1_70' title="bbox 257 5570 1830 5653">
     <span class='ocr_line' id='line_1_70' title="bbox 257 5570 1830 5653; baseline -0.007 -18"><span class='ocrx_word' id='word_1_477' title='bbox 257 5582 357 5653; x_wconf 82' lang='grc' dir='ltr'><strong>τὴν</strong></span> <span class='ocrx_word' id='word_1_478' title='bbox 411 5581 633 5635; x_wconf 76' lang='grc' dir='ltr'><strong>ἃπασαν</strong></span> <span class='ocrx_word' id='word_1_479' title='bbox 685 5570 863 5631; x_wconf 83' lang='grc' dir='ltr'><strong>κτίσιν</strong></span> <span class='ocrx_word' id='word_1_480' title='bbox 903 5576 999 5629; x_wconf 70' lang='grc' dir='ltr'><strong>καὶ</strong></span> <span class='ocrx_word' id='word_1_481' title='bbox 1052 5576 1150 5645; x_wconf 84' lang='grc' dir='ltr'><strong>τῆς</strong></span> <span class='ocrx_word' id='word_1_482' title='bbox 1190 5572 1431 5645; x_wconf 86' lang='grc' dir='ltr'><strong>ἀφανοῦς</strong></span> <span class='ocrx_word' id='word_1_483' title='bbox 1472 5572 1564 5626; x_wconf 71' lang='grc' dir='ltr'><strong>καὶ</strong></span> <span class='ocrx_word' id='word_1_484' title='bbox 1614 5572 1830 5626; x_wconf 86' lang='grc' dir='ltr'><strong>πάντων</strong></span> 
     </span>
    </p>
   </div>
   <div class='ocr_carea' id='block_1_71' title="bbox 261 5663 1830 5740">
    <p class='ocr_par' dir='ltr' id='par_1_71' title="bbox 261 5663 1830 5740">
     <span class='ocr_line' id='line_1_71' title="bbox 261 5663 1830 5740; baseline -0.005 -14"><span class='ocrx_word' id='word_1_485' title='bbox 261 5674 519 5727; x_wconf 66' lang='grc' dir='ltr'><strong>ἐπέκεινα</strong></span> <span class='ocrx_word' id='word_1_486' title='bbox 551 5669 962 5740; x_wconf 86' lang='grc' dir='ltr'><strong>κρυφιομύστου</strong></span> <span class='ocrx_word' id='word_1_487' title='bbox 1017 5668 1111 5721; x_wconf 58' lang='grc' dir='ltr'><strong>καὶ⁵</strong></span> <span class='ocrx_word' id='word_1_488' title='bbox 1155 5666 1246 5719; x_wconf 80' lang='grc' dir='ltr'><strong>ὑπ’</strong></span> <span class='ocrx_word' id='word_1_489' title='bbox 1286 5664 1498 5729; x_wconf 78' lang='grc' dir='ltr'><strong>οὐδενὸς</strong></span> <span class='ocrx_word' id='word_1_490' title='bbox 1526 5664 1636 5717; x_wconf 90' lang='grc' dir='ltr'><strong>τῶν</strong></span> <span class='ocrx_word' id='word_1_491' title='bbox 1662 5663 1830 5718; x_wconf 79' lang='grc' dir='ltr'><strong>ὄντων</strong></span> 
     </span>
    </p>
   </div>
   <div class='ocr_carea' id='block_1_72' title="bbox 260 5750 1829 5829">
    <p class='ocr_par' dir='ltr' id='par_1_72' title="bbox 260 5750 1829 5829">
     <span class='ocr_line' id='line_1_72' title="bbox 260 5750 1829 5829; baseline -0.008 -13"><span class='ocrx_word' id='word_1_492' title='bbox 260 5763 435 5819; x_wconf 63' lang='grc' dir='ltr'><strong>οόδενὶ</strong></span> <span class='ocrx_word' id='word_1_493' title='bbox 465 5760 528 5814; x_wconf 73' lang='grc' dir='ltr'><strong>τὸ</strong></span> <span class='ocrx_word' id='word_1_494' title='bbox 557 5758 777 5813; x_wconf 89' lang='grc' dir='ltr'><strong>σύνολον</strong></span> <span class='ocrx_word' id='word_1_495' title='bbox 804 5757 994 5829; x_wconf 83' lang='grc' dir='ltr'><strong>τρόπῳ</strong></span> <span class='ocrx_word' id='word_1_496' title='bbox 1021 5753 1279 5825; x_wconf 85' lang='grc' dir='ltr'><strong>νοηθῆναι</strong></span> <span class='ocrx_word' id='word_1_497' title='bbox 1318 5751 1351 5822; x_wconf 81' lang='grc' dir='ltr'>ἢ</span> <span class='ocrx_word' id='word_1_498' title='bbox 1385 5751 1642 5822; x_wconf 87' lang='grc' dir='ltr'><strong>λεχθῆναι</strong></span> <span class='ocrx_word' id='word_1_499' title='bbox 1672 5750 1829 5804; x_wconf 82' lang='grc' dir='ltr'><strong>δυνα-</strong></span> 
     </span>
    </p>
   </div>
   <div class='ocr_carea' id='block_1_73' title="bbox 1896 1845 3481 1916">
    <p class='ocr_par' dir='ltr' id='par_1_73' title="bbox 1896 1845 3481 1916">
     <span class='ocr_line' id='line_1_73' title="bbox 1896 1845 3481 1916; baseline 0.001 -17"><span class='ocrx_word' id='word_1_500' title='bbox 1896 1845 2064 1899; x_wconf 88' lang='lat' dir='ltr'><strong>etiam</strong></span> <span class='ocrx_word' id='word_1_501' title='bbox 2107 1846 2257 1899; x_wconf 85' lang='lat' dir='ltr'><strong>aliud</strong></span> <span class='ocrx_word' id='word_1_502' title='bbox 2313 1862 2586 1916; x_wconf 79' lang='lat' dir='ltr'><strong>magnum</strong></span> <span class='ocrx_word' id='word_1_503' title='bbox 2617 1854 2672 1900; x_wconf 90' lang='lat' dir='ltr'><strong>et</strong></span> <span class='ocrx_word' id='word_1_504' title='bbox 2713 1845 3074 1908; x_wconf 90' lang='lat' dir='ltr'><strong>divinum,ut</strong></span> <span class='ocrx_word' id='word_1_505' title='bbox 3122 1855 3276 1915; x_wconf 91' lang='lat' dir='ltr'><strong>puto,</strong></span> <span class='ocrx_word' id='word_1_506' title='bbox 3308 1863 3376 1900; x_wconf 83' lang='lat' dir='ltr'><strong>ex</strong></span> <span class='ocrx_word' id='word_1_507' title='bbox 3395 1846 3481 1900; x_wconf 85' lang='lat' dir='ltr'><strong>di-</strong></span> 
     </span>
    </p>
   </div>
   <div class='ocr_carea' id='block_1_74' title="bbox 1897 1936 3477 2007">
    <p class='ocr_par' dir='ltr' id='par_1_74' title="bbox 1897 1936 3477 2007">
     <span class='ocr_line' id='line_1_74' title="bbox 1897 1936 3477 2007; baseline 0.001 -18"><span class='ocrx_word' id='word_1_508' title='bbox 1897 1936 2024 1990; x_wconf 87' lang='lat' dir='ltr'><strong>vina</strong></span> <span class='ocrx_word' id='word_1_509' title='bbox 2062 1936 2542 1991; x_wconf 81' lang='lat' dir='ltr'><strong>transformatione</strong></span> <span class='ocrx_word' id='word_1_510' title='bbox 2597 1936 2917 2007; x_wconf 77' lang='lat' dir='ltr'><strong>mysterium</strong></span> <span class='ocrx_word' id='word_1_511' title='bbox 2974 1936 3139 1990; x_wconf 90' lang='lat' dir='ltr'><strong>nobis</strong></span> <span class='ocrx_word' id='word_1_512' title='bbox 3180 1939 3477 2001; x_wconf 86' lang='lat' dir='ltr'><strong>revelatnr,</strong></span> 
     </span>
    </p>
   </div>
   <div class='ocr_carea' id='block_1_75' title="bbox 1896 2028 3480 2099">
    <p class='ocr_par' dir='ltr' id='par_1_75' title="bbox 1896 2028 3480 2099">
     <span class='ocr_line' id='line_1_75' title="bbox 1896 2028 3480 2099; baseline 0.001 -18"><span class='ocrx_word' id='word_1_513' title='bbox 1896 2028 2076 2097; x_wconf 86' lang='lat' dir='ltr'><strong>iisque</strong></span> <span class='ocrx_word' id='word_1_514' title='bbox 2137 2045 2259 2098; x_wconf 67' lang='lat' dir='ltr'><strong>qua:</strong></span> <span class='ocrx_word' id='word_1_515' title='bbox 2316 2030 2428 2098; x_wconf 86' lang='lat' dir='ltr'><strong>jam</strong></span> <span class='ocrx_word' id='word_1_516' title='bbox 2482 2028 2596 2083; x_wconf 71' lang='lat' dir='ltr'><strong>dixi</strong></span> <span class='ocrx_word' id='word_1_517' title='bbox 2636 2028 2990 2083; x_wconf 91' lang='lat' dir='ltr'><strong>luculentius.</strong></span> <span class='ocrx_word' id='word_1_518' title='bbox 3066 2028 3321 2083; x_wconf 81' lang='lat' dir='ltr'><strong>Arbitror</strong></span> <span class='ocrx_word' id='word_1_519' title='bbox 3380 2044 3480 2099; x_wconf 91' lang='lat' dir='ltr'><strong>per</strong></span> 
     </span>
    </p>
   </div>
   <div class='ocr_carea' id='block_1_76' title="bbox 1898 2117 3481 2187">
    <p class='ocr_par' dir='ltr' id='par_1_76' title="bbox 1898 2117 3481 2187">
     <span class='ocr_line' id='line_1_76' title="bbox 1898 2117 3481 2187; baseline 0.002 -17"><span class='ocrx_word' id='word_1_520' title='bbox 1898 2117 2399 2172; x_wconf 85' lang='lat' dir='ltr'><strong>transformationis</strong></span> <span class='ocrx_word' id='word_1_521' title='bbox 2442 2118 2757 2187; x_wconf 89' lang='lat' dir='ltr'><strong>spectacula</strong></span> <span class='ocrx_word' id='word_1_522' title='bbox 2792 2117 2884 2171; x_wconf 85' lang='lat' dir='ltr'><strong>illa</strong></span> <span class='ocrx_word' id='word_1_523' title='bbox 2936 2118 3048 2172; x_wconf 90' lang='lat' dir='ltr'><strong>Deo</strong></span> <span class='ocrx_word' id='word_1_524' title='bbox 3085 2118 3481 2173; x_wconf 88' lang='lat' dir='ltr'><strong>convenienter</strong></span> 
     </span>
    </p>
   </div>
   <div class='ocr_carea' id='block_1_77' title="bbox 1898 2208 3481 2281">
    <p class='ocr_par' dir='ltr' id='par_1_77' title="bbox 1898 2208 3481 2281">
     <span class='ocr_line' id='line_1_77' title="bbox 1898 2208 3481 2281; baseline 0.001 -18"><span class='ocrx_word' id='word_1_525' title='bbox 1898 2225 1963 2264; x_wconf 92' lang='lat' dir='ltr'><strong>ac</strong></span> <span class='ocrx_word' id='word_1_526' title='bbox 1995 2210 2157 2281; x_wconf 80' lang='lat' dir='ltr'><strong>digne</strong></span> <span class='ocrx_word' id='word_1_527' title='bbox 2197 2210 2251 2264; x_wconf 91' lang='lat' dir='ltr'><strong>in</strong></span> <span class='ocrx_word' id='word_1_528' title='bbox 2310 2218 2495 2264; x_wconf 91' lang='lat' dir='ltr'><strong>monte</strong></span> <span class='ocrx_word' id='word_1_529' title='bbox 2554 2210 2702 2264; x_wconf 87' lang='lat' dir='ltr'><strong>edita</strong></span> <span class='ocrx_word' id='word_1_530' title='bbox 2748 2208 2951 2264; x_wconf 69' lang='lat' dir='ltr'><strong>divina:</strong></span> <span class='ocrx_word' id='word_1_531' title='bbox 3002 2208 3209 2265; x_wconf 88' lang='lat' dir='ltr'><strong>Christi</strong></span> <span class='ocrx_word' id='word_1_532' title='bbox 3271 2219 3481 2266; x_wconf 62' lang='lat' dir='ltr'><strong>natura</strong></span> 
     </span>
    </p>
   </div>
   <div class='ocr_carea' id='block_1_78' title="bbox 1900 2300 3479 2371">
    <p class='ocr_par' dir='ltr' id='par_1_78' title="bbox 1900 2300 3479 2371">
     <span class='ocr_line' id='line_1_78' title="bbox 1900 2300 3479 2371; baseline 0 -17"><span class='ocrx_word' id='word_1_533' title='bbox 1900 2300 2041 2355; x_wconf 90' lang='lat' dir='ltr'><strong>duos</strong></span> <span class='ocrx_word' id='word_1_534' title='bbox 2094 2300 2327 2371; x_wconf 82' lang='lat' dir='ltr'><strong>mystice</strong></span> <span class='ocrx_word' id='word_1_535' title='bbox 2376 2300 2624 2355; x_wconf 87' lang='lat' dir='ltr'><strong>enarrari</strong></span> <span class='ocrx_word' id='word_1_536' title='bbox 2668 2300 2955 2369; x_wconf 76' lang='lat' dir='ltr'><strong>generales</strong></span> <span class='ocrx_word' id='word_1_537' title='bbox 2985 2300 3199 2363; x_wconf 85' lang='lat' dir='ltr'><strong>modos,</strong></span> <span class='ocrx_word' id='word_1_538' title='bbox 3241 2301 3479 2370; x_wconf 91' lang='lat' dir='ltr'><strong>primum</strong></span> 
     </span>
    </p>
   </div>
   <div class='ocr_carea' id='block_1_79' title="bbox 1901 2392 3482 2463">
    <p class='ocr_par' dir='ltr' id='par_1_79' title="bbox 1901 2392 3482 2463">
     <span class='ocr_line' id='line_1_79' title="bbox 1901 2392 3482 2463; baseline 0.001 -17"><span class='ocrx_word' id='word_1_539' title='bbox 1901 2392 2045 2456; x_wconf 89' lang='lat' dir='ltr'><strong>dico,</strong></span> <span class='ocrx_word' id='word_1_540' title='bbox 2059 2402 2113 2447; x_wconf 90' lang='lat' dir='ltr'><strong>et</strong></span> <span class='ocrx_word' id='word_1_541' title='bbox 2126 2393 2429 2462; x_wconf 90' lang='lat' dir='ltr'><strong>simplicem</strong></span> <span class='ocrx_word' id='word_1_542' title='bbox 2449 2402 2677 2448; x_wconf 88' lang='lat' dir='ltr'><strong>etcausa</strong></span> <span class='ocrx_word' id='word_1_543' title='bbox 2696 2403 2995 2457; x_wconf 87' lang='lat' dir='ltr'><strong>carentem,</strong></span> <span class='ocrx_word' id='word_1_544' title='bbox 3010 2394 3233 2462; x_wconf 89' lang='lat' dir='ltr'><strong>solaque</strong></span> <span class='ocrx_word' id='word_1_545' title='bbox 3250 2409 3311 2449; x_wconf 88' lang='lat' dir='ltr'><strong>ac</strong></span> <span class='ocrx_word' id='word_1_546' title='bbox 3324 2394 3482 2463; x_wconf 83' lang='lat' dir='ltr'><strong>plena</strong></span> 
     </span>
    </p>
   </div>
   <div class='ocr_carea' id='block_1_80' title="bbox 1900 2480 3481 2553">
    <p class='ocr_par' dir='ltr' id='par_1_80' title="bbox 1900 2480 3481 2553">
     <span class='ocr_line' id='line_1_80' title="bbox 1900 2480 3481 2553; baseline 0.001 -16"><span class='ocrx_word' id='word_1_547' title='bbox 1900 2484 2191 2553; x_wconf 82' lang='lat' dir='ltr'><strong>negatione</strong></span> <span class='ocrx_word' id='word_1_548' title='bbox 2239 2485 2488 2539; x_wconf 84' lang='lat' dir='ltr'><strong>divinum</strong></span> <span class='ocrx_word' id='word_1_549' title='bbox 2552 2501 2749 2541; x_wconf 86' lang='lat' dir='ltr'><strong>revera</strong></span> <span class='ocrx_word' id='word_1_550' title='bbox 2801 2480 3190 2549; x_wconf 82' lang='lat' dir='ltr'><strong>allirmantem,</strong></span> <span class='ocrx_word' id='word_1_551' title='bbox 3224 2502 3287 2541; x_wconf 91' lang='lat' dir='ltr'><strong>ac</strong></span> <span class='ocrx_word' id='word_1_552' title='bbox 3324 2486 3481 2541; x_wconf 81' lang='lat' dir='ltr'><strong>fasti-</strong></span> 
     </span>
    </p>
   </div>
   <div class='ocr_carea' id='block_1_81' title="bbox 1902 2576 3484 2648">
    <p class='ocr_par' dir='ltr' id='par_1_81' title="bbox 1902 2576 3484 2648">
     <span class='ocr_line' id='line_1_81' title="bbox 1902 2576 3484 2648; baseline 0.002 -20"><span class='ocrx_word' id='word_1_553' title='bbox 1902 2576 2051 2645; x_wconf 86' lang='lat' dir='ltr'><strong>gium</strong></span> <span class='ocrx_word' id='word_1_554' title='bbox 2075 2577 2195 2645; x_wconf 87' lang='lat' dir='ltr'><strong>ejus</strong></span> <span class='ocrx_word' id='word_1_555' title='bbox 2224 2592 2322 2645; x_wconf 89' lang='lat' dir='ltr'><strong>per</strong></span> <span class='ocrx_word' id='word_1_556' title='bbox 2344 2586 2644 2646; x_wconf 80' lang='lat' dir='ltr'><strong>stuporem,</strong></span> <span class='ocrx_word' id='word_1_557' title='bbox 2674 2577 2761 2631; x_wconf 93' lang='lat' dir='ltr'><strong>cui</strong></span> <span class='ocrx_word' id='word_1_558' title='bbox 2784 2578 2961 2632; x_wconf 91' lang='lat' dir='ltr'><strong>oratio</strong></span> <span class='ocrx_word' id='word_1_559' title='bbox 2989 2595 3097 2633; x_wconf 89' lang='lat' dir='ltr'><strong>non</strong></span> <span class='ocrx_word' id='word_1_560' title='bbox 3131 2579 3392 2648; x_wconf 87' lang='lat' dir='ltr'><strong>suppetit,</strong></span> <span class='ocrx_word' id='word_1_561' title='bbox 3424 2589 3484 2632; x_wconf 85' lang='lat' dir='ltr'><strong>ut</strong></span> 
     </span>
    </p>
   </div>
   <div class='ocr_carea' id='block_1_82' title="bbox 1902 2666 3481 2740">
    <p class='ocr_par' dir='ltr' id='par_1_82' title="bbox 1902 2666 3481 2740">
     <span class='ocr_line' id='line_1_82' title="bbox 1902 2666 3481 2740; baseline 0.003 -20"><span class='ocrx_word' id='word_1_562' title='bbox 1902 2682 2002 2735; x_wconf 88' lang='lat' dir='ltr'><strong>par</strong></span> <span class='ocrx_word' id='word_1_563' title='bbox 2021 2674 2123 2731; x_wconf 90' lang='lat' dir='ltr'><strong>est,</strong></span> <span class='ocrx_word' id='word_1_564' title='bbox 2152 2666 2541 2732; x_wconf 84' lang='lat' dir='ltr'><strong>celebrantem,</strong></span> <span class='ocrx_word' id='word_1_565' title='bbox 2567 2676 2623 2722; x_wconf 88' lang='lat' dir='ltr'><strong>et</strong></span> <span class='ocrx_word' id='word_1_566' title='bbox 2642 2669 2896 2733; x_wconf 89' lang='lat' dir='ltr'><strong>alterum,</strong></span> <span class='ocrx_word' id='word_1_567' title='bbox 2916 2672 3009 2739; x_wconf 88' lang='lat' dir='ltr'><strong>qui</strong></span> <span class='ocrx_word' id='word_1_568' title='bbox 3033 2671 3180 2726; x_wconf 89' lang='lat' dir='ltr'><strong>hunc</strong></span> <span class='ocrx_word' id='word_1_569' title='bbox 3208 2672 3481 2740; x_wconf 91' lang='lat' dir='ltr'><strong>sequitur,</strong></span> 
     </span>
    </p>
   </div>
   <div class='ocr_carea' id='block_1_83' title="bbox 1904 2758 3483 2832">
    <p class='ocr_par' dir='ltr' id='par_1_83' title="bbox 1904 2758 3483 2832">
     <span class='ocr_line' id='line_1_83' title="bbox 1904 2758 3483 2832; baseline 0.004 -19"><span class='ocrx_word' id='word_1_570' title='bbox 1904 2758 2272 2828; x_wconf 88' lang='lat' dir='ltr'><strong>compositum</strong></span> <span class='ocrx_word' id='word_1_571' title='bbox 2316 2768 2481 2829; x_wconf 88' lang='lat' dir='ltr'><strong>atque</strong></span> <span class='ocrx_word' id='word_1_572' title='bbox 2516 2776 2615 2829; x_wconf 88' lang='lat' dir='ltr'><strong>per</strong></span> <span class='ocrx_word' id='word_1_573' title='bbox 2648 2759 3065 2815; x_wconf 82' lang='lat' dir='ltr'><strong>allirmationem</strong></span> <span class='ocrx_word' id='word_1_574' title='bbox 3098 2765 3387 2832; x_wconf 78' lang='lat' dir='ltr'><strong>magnifice</strong></span> <span class='ocrx_word' id='word_1_575' title='bbox 3414 2778 3483 2820; x_wconf 79' lang='lat' dir='ltr'><strong>ex</strong></span> 
     </span>
    </p>
   </div>
   <div class='ocr_carea' id='block_1_84' title="bbox 1905 2851 3482 2921">
    <p class='ocr_par' dir='ltr' id='par_1_84' title="bbox 1905 2851 3482 2921">
     <span class='ocr_line' id='line_1_84' title="bbox 1905 2851 3482 2921; baseline 0.001 -15"><span class='ocrx_word' id='word_1_576' title='bbox 1905 2851 2145 2906; x_wconf 90' lang='lat' dir='ltr'><strong>causatis</strong></span> <span class='ocrx_word' id='word_1_577' title='bbox 2162 2851 2487 2919; x_wconf 86' lang='lat' dir='ltr'><strong>probantem</strong></span> <span class='ocrx_word' id='word_1_578' title='bbox 2512 2870 2525 2905; x_wconf 88' lang='lat'><strong>:</strong></span> <span class='ocrx_word' id='word_1_579' title='bbox 2555 2852 2778 2921; x_wconf 86' lang='lat' dir='ltr'><strong>quibus,</strong></span> <span class='ocrx_word' id='word_1_580' title='bbox 2804 2853 3482 2921; x_wconf 78' lang='lat' dir='ltr'><strong>quatenushomiuibusid</strong></span> 
     </span>
    </p>
   </div>
   <div class='ocr_carea' id='block_1_85' title="bbox 1906 2941 3485 3012">
    <p class='ocr_par' dir='ltr' id='par_1_85' title="bbox 1906 2941 3485 3012">
     <span class='ocr_line' id='line_1_85' title="bbox 1906 2941 3485 3012; baseline 0.003 -18"><span class='ocrx_word' id='word_1_581' title='bbox 1906 2956 2069 2995; x_wconf 90' lang='lat' dir='ltr'><strong>nosse</strong></span> <span class='ocrx_word' id='word_1_582' title='bbox 2095 2941 2287 2995; x_wconf 78' lang='lat' dir='ltr'><strong>licebit</strong></span> <span class='ocrx_word' id='word_1_583' title='bbox 2313 2957 2580 3011; x_wconf 90' lang='lat' dir='ltr'><strong>suspensa</strong></span> <span class='ocrx_word' id='word_1_584' title='bbox 2620 2941 2687 2996; x_wconf 90' lang='lat' dir='ltr'><strong>de</strong></span> <span class='ocrx_word' id='word_1_585' title='bbox 2714 2943 2829 2997; x_wconf 91' lang='lat' dir='ltr'><strong>Deo</strong></span> <span class='ocrx_word' id='word_1_586' title='bbox 2858 2943 3036 3012; x_wconf 88' lang='lat' dir='ltr'><strong>deque</strong></span> <span class='ocrx_word' id='word_1_587' title='bbox 3086 2943 3290 2997; x_wconf 81' lang='lat' dir='ltr'><strong>divinis</strong></span> <span class='ocrx_word' id='word_1_588' title='bbox 3318 2944 3485 2998; x_wconf 84' lang='lat' dir='ltr'><strong>rebus</strong></span> 
     </span>
    </p>
   </div>
   <div class='ocr_carea' id='block_1_86' title="bbox 1833 3033 3484 3121">
    <p class='ocr_par' dir='ltr' id='par_1_86' title="bbox 1833 3033 3484 3121">
     <span class='ocr_line' id='line_1_86' title="bbox 1833 3033 3484 3121; baseline 0.001 -33"><span class='ocrx_word' id='word_1_589' title='bbox 1833 3067 1875 3121; x_wconf 70' lang='lat' dir='ltr'><strong><em>C</em></strong></span> <span class='ocrx_word' id='word_1_590' title='bbox 1909 3033 2149 3103; x_wconf 79' lang='lat' dir='ltr'><strong>cognitio</strong></span> <span class='ocrx_word' id='word_1_591' title='bbox 2173 3048 2270 3103; x_wconf 89' lang='lat' dir='ltr'><strong>per</strong></span> <span class='ocrx_word' id='word_1_592' title='bbox 2300 3033 2556 3103; x_wconf 86' lang='lat' dir='ltr'><strong>Symbola</strong></span> <span class='ocrx_word' id='word_1_593' title='bbox 2615 3033 2775 3088; x_wconf 86' lang='lat' dir='ltr'><strong>nobis</strong></span> <span class='ocrx_word' id='word_1_594' title='bbox 2830 3033 3023 3088; x_wconf 87' lang='lat' dir='ltr'><strong>idonea</strong></span> <span class='ocrx_word' id='word_1_595' title='bbox 3063 3034 3130 3088; x_wconf 87' lang='lat' dir='ltr'><strong>ad</strong></span> <span class='ocrx_word' id='word_1_596' title='bbox 3184 3044 3484 3104; x_wconf 83' lang='lat' dir='ltr'><strong>utrumque</strong></span> 
     </span>
    </p>
   </div>
   <div class='ocr_carea' id='block_1_87' title="bbox 1911 3123 3483 3196">
    <p class='ocr_par' dir='ltr' id='par_1_87' title="bbox 1911 3123 3483 3196">
     <span class='ocr_line' id='line_1_87' title="bbox 1911 3123 3483 3196; baseline 0 -16"><span class='ocrx_word' id='word_1_597' title='bbox 1911 3125 2133 3180; x_wconf 91' lang='lat' dir='ltr'><strong>modum</strong></span> <span class='ocrx_word' id='word_1_598' title='bbox 2164 3140 2264 3179; x_wconf 90' lang='lat' dir='ltr'><strong>nos</strong></span> <span class='ocrx_word' id='word_1_599' title='bbox 2290 3124 2537 3189; x_wconf 89' lang='lat' dir='ltr'><strong>deducit,</strong></span> <span class='ocrx_word' id='word_1_600' title='bbox 2592 3123 2723 3179; x_wconf 91' lang='lat' dir='ltr'><strong>dum</strong></span> <span class='ocrx_word' id='word_1_601' title='bbox 2777 3140 2875 3195; x_wconf 90' lang='lat' dir='ltr'><strong>per</strong></span> <span class='ocrx_word' id='word_1_602' title='bbox 2922 3124 3233 3196; x_wconf 84' lang='lat' dir='ltr'><strong>religiosam</strong></span> <span class='ocrx_word' id='word_1_603' title='bbox 3294 3142 3483 3180; x_wconf 88' lang='lat' dir='ltr'><strong>rermn</strong></span> 
     </span>
    </p>
   </div>
   <div class='ocr_carea' id='block_1_88' title="bbox 1909 3216 3483 3285">
    <p class='ocr_par' dir='ltr' id='par_1_88' title="bbox 1909 3216 3483 3285">
     <span class='ocr_line' id='line_1_88' title="bbox 1909 3216 3483 3285; baseline 0.001 -14"><span class='ocrx_word' id='word_1_604' title='bbox 1909 3216 2404 3272; x_wconf 88' lang='lat' dir='ltr'><strong>considerationem</strong></span> <span class='ocrx_word' id='word_1_605' title='bbox 2453 3217 2738 3271; x_wconf 88' lang='lat' dir='ltr'><strong>amborqu</strong></span> <span class='ocrx_word' id='word_1_606' title='bbox 2798 3219 3040 3273; x_wconf 84' lang='lat' dir='ltr'><strong>rationes</strong></span> <span class='ocrx_word' id='word_1_607' title='bbox 3103 3217 3265 3273; x_wconf 89' lang='lat' dir='ltr'><strong>nobis</strong></span> <span class='ocrx_word' id='word_1_608' title='bbox 3319 3218 3483 3285; x_wconf 85' lang='lat' dir='ltr'><strong>sistit,</strong></span> 
     </span>
    </p>
   </div>
   <div class='ocr_carea' id='block_1_89' title="bbox 1909 3308 3487 3381">
    <p class='ocr_par' dir='ltr' id='par_1_89' title="bbox 1909 3308 3487 3381">
     <span class='ocr_line' id='line_1_89' title="bbox 1909 3308 3487 3381; baseline 0.003 -20"><span class='ocrx_word' id='word_1_609' title='bbox 1909 3308 2115 3379; x_wconf 87' lang='lat' dir='ltr'><strong>prioris</strong></span> <span class='ocrx_word' id='word_1_610' title='bbox 2142 3310 2363 3379; x_wconf 87' lang='lat' dir='ltr'><strong>quidem</strong></span> <span class='ocrx_word' id='word_1_611' title='bbox 2395 3310 2706 3381; x_wconf 90' lang='lat' dir='ltr'><strong>symbolum</strong></span> <span class='ocrx_word' id='word_1_612' title='bbox 2734 3310 3101 3380; x_wconf 90' lang='lat' dir='ltr'><strong>quodcunque</strong></span> <span class='ocrx_word' id='word_1_613' title='bbox 3134 3326 3359 3365; x_wconf 88' lang='lat' dir='ltr'><strong>sensum</strong></span> <span class='ocrx_word' id='word_1_614' title='bbox 3391 3327 3487 3367; x_wconf 82' lang='lat' dir='ltr'><strong>ex-</strong></span> 
     </span>
    </p>
   </div>
   <div class='ocr_carea' id='block_1_90' title="bbox 1910 3399 3485 3472">
    <p class='ocr_par' dir='ltr' id='par_1_90' title="bbox 1910 3399 3485 3472">
     <span class='ocr_line' id='line_1_90' title="bbox 1910 3399 3485 3472; baseline 0.002 -19"><span class='ocrx_word' id='word_1_615' title='bbox 1910 3399 2070 3454; x_wconf 86' lang='lat' dir='ltr'><strong>cedat</strong></span> <span class='ocrx_word' id='word_1_616' title='bbox 2100 3415 2222 3455; x_wconf 86' lang='lat' dir='ltr'><strong>esse</strong></span> <span class='ocrx_word' id='word_1_617' title='bbox 2253 3401 2480 3466; x_wconf 85' lang='lat' dir='ltr'><strong>docens,</strong></span> <span class='ocrx_word' id='word_1_618' title='bbox 2537 3402 2764 3457; x_wconf 82' lang='lat' dir='ltr'><strong>alterius</strong></span> <span class='ocrx_word' id='word_1_619' title='bbox 2792 3402 3076 3457; x_wconf 83' lang='lat' dir='ltr'><strong>collectiva</strong></span> <span class='ocrx_word' id='word_1_620' title='bbox 3113 3417 3231 3457; x_wconf 85' lang='lat' dir='ltr'><strong>esse</strong></span> <span class='ocrx_word' id='word_1_621' title='bbox 3262 3418 3384 3472; x_wconf 67' lang='lat' dir='ltr'><strong>quae</strong></span> <span class='ocrx_word' id='word_1_622' title='bbox 3416 3401 3485 3456; x_wconf 91' lang='lat' dir='ltr'><strong>ad</strong></span> 
     </span>
    </p>
   </div>
   <div class='ocr_carea' id='block_1_91' title="bbox 1912 3492 3487 3565">
    <p class='ocr_par' dir='ltr' id='par_1_91' title="bbox 1912 3492 3487 3565">
     <span class='ocr_line' id='line_1_91' title="bbox 1912 3492 3487 3565; baseline 0.001 -20"><span class='ocrx_word' id='word_1_623' title='bbox 1912 3506 2132 3545; x_wconf 83' lang='lat' dir='ltr'><strong>sensum</strong></span> <span class='ocrx_word' id='word_1_624' title='bbox 2166 3494 2477 3562; x_wconf 89' lang='lat' dir='ltr'><strong>pertineant</strong></span> <span class='ocrx_word' id='word_1_625' title='bbox 2528 3508 2697 3563; x_wconf 87' lang='lat' dir='ltr'><strong>opera</strong></span> <span class='ocrx_word' id='word_1_626' title='bbox 2732 3493 3039 3563; x_wconf 84' lang='lat' dir='ltr'><strong>magniﬁca.</strong></span> <span class='ocrx_word' id='word_1_627' title='bbox 3086 3493 3165 3548; x_wconf 82' lang='lat' dir='ltr'><strong>Ex</strong></span> <span class='ocrx_word' id='word_1_628' title='bbox 3223 3492 3487 3565; x_wconf 78' lang='lat' dir='ltr'><strong>symbolis</strong></span> 
     </span>
    </p>
   </div>
   <div class='ocr_carea' id='block_1_92' title="bbox 1934 3585 3490 3654">
    <p class='ocr_par' dir='ltr' id='par_1_92' title="bbox 1934 3585 3490 3654">
     <span class='ocr_line' id='line_1_92' title="bbox 1934 3585 3490 3654; baseline -0.001 -15"><span class='ocrx_word' id='word_1_629' title='bbox 1934 3585 2081 3639; x_wconf 88' lang='lat' dir='ltr'><strong>enim</strong></span> <span class='ocrx_word' id='word_1_630' title='bbox 2108 3601 2229 3654; x_wconf 72' lang='lat' dir='ltr'><strong>qua:</strong></span> <span class='ocrx_word' id='word_1_631' title='bbox 2259 3599 2482 3641; x_wconf 89' lang='lat' dir='ltr'><strong>sensum</strong></span> <span class='ocrx_word' id='word_1_632' title='bbox 2508 3585 2781 3640; x_wconf 77' lang='lat' dir='ltr'><strong>excedunt</strong></span> <span class='ocrx_word' id='word_1_633' title='bbox 2807 3586 3095 3640; x_wconf 88' lang='lat' dir='ltr'><strong>veritatem</strong></span> <span class='ocrx_word' id='word_1_634' title='bbox 3123 3585 3391 3639; x_wconf 89' lang='lat' dir='ltr'><strong>rationem</strong></span> <span class='ocrx_word' id='word_1_635' title='bbox 3431 3593 3490 3638; x_wconf 88' lang='lat' dir='ltr'><strong>ct</strong></span> 
     </span>
    </p>
   </div>
   <div class='ocr_carea' id='block_1_93' title="bbox 1913 3676 3490 3749">
    <p class='ocr_par' dir='ltr' id='par_1_93' title="bbox 1913 3676 3490 3749">
     <span class='ocr_line' id='line_1_93' title="bbox 1913 3676 3490 3749; baseline 0.001 -20"><span class='ocrx_word' id='word_1_636' title='bbox 1913 3676 2251 3731; x_wconf 86' lang='lat' dir='ltr'><strong>intellectum</strong></span> <span class='ocrx_word' id='word_1_637' title='bbox 2274 3687 2621 3749; x_wconf 81' lang='lat' dir='ltr'><strong>superantem</strong></span> <span class='ocrx_word' id='word_1_638' title='bbox 2660 3677 2835 3732; x_wconf 93' lang='lat' dir='ltr'><strong>solum</strong></span> <span class='ocrx_word' id='word_1_639' title='bbox 2858 3678 3020 3732; x_wconf 92' lang='lat' dir='ltr'><strong>modo</strong></span> <span class='ocrx_word' id='word_1_640' title='bbox 3046 3678 3258 3733; x_wconf 87' lang='lat' dir='ltr'><strong>censeri</strong></span> <span class='ocrx_word' id='word_1_641' title='bbox 3301 3676 3490 3732; x_wconf 81' lang='lat' dir='ltr'><strong>existi-</strong></span> 
     </span>
    </p>
   </div>
   <div class='ocr_carea' id='block_1_94' title="bbox 1913 3768 3493 3839">
    <p class='ocr_par' dir='ltr' id='par_1_94' title="bbox 1913 3768 3493 3839">
     <span class='ocr_line' id='line_1_94' title="bbox 1913 3768 3493 3839; baseline 0 -18"><span class='ocrx_word' id='word_1_642' title='bbox 1913 3783 2148 3830; x_wconf 86' lang='lat' dir='ltr'><strong>mamus,</strong></span> <span class='ocrx_word' id='word_1_643' title='bbox 2166 3768 2369 3838; x_wconf 90' lang='lat' dir='ltr'><strong>etquid</strong></span> <span class='ocrx_word' id='word_1_644' title='bbox 2383 3778 2440 3823; x_wconf 90' lang='lat' dir='ltr'><strong>et</strong></span> <span class='ocrx_word' id='word_1_645' title='bbox 2466 3769 2743 3839; x_wconf 87' lang='lat' dir='ltr'><strong>quomodo</strong></span> <span class='ocrx_word' id='word_1_646' title='bbox 2761 3778 2816 3823; x_wconf 90' lang='lat' dir='ltr'><strong>et</strong></span> <span class='ocrx_word' id='word_1_647' title='bbox 2835 3769 3014 3838; x_wconf 89' lang='lat' dir='ltr'><strong>qualis</strong></span> <span class='ocrx_word' id='word_1_648' title='bbox 3029 3786 3093 3824; x_wconf 86' lang='lat' dir='ltr'><strong>ea</strong></span> <span class='ocrx_word' id='word_1_649' title='bbox 3118 3770 3209 3835; x_wconf 84' lang='lat' dir='ltr'><strong>sit,</strong></span> <span class='ocrx_word' id='word_1_650' title='bbox 3234 3778 3291 3823; x_wconf 89' lang='lat' dir='ltr'><strong>et</strong></span> <span class='ocrx_word' id='word_1_651' title='bbox 3313 3768 3405 3822; x_wconf 84' lang='lat' dir='ltr'><strong>ubi</strong></span> <span class='ocrx_word' id='word_1_652' title='bbox 3434 3776 3493 3822; x_wconf 89' lang='lat' dir='ltr'><strong>et</strong></span> 
     </span>
    </p>
   </div>
   <div class='ocr_carea' id='block_1_95' title="bbox 1914 3860 3491 3932">
    <p class='ocr_par' dir='ltr' id='par_1_95' title="bbox 1914 3860 3491 3932">
     <span class='ocr_line' id='line_1_95' title="bbox 1914 3860 3491 3932; baseline 0 -17"><span class='ocrx_word' id='word_1_653' title='bbox 1914 3860 2136 3930; x_wconf 88' lang='lat' dir='ltr'><strong>quando</strong></span> <span class='ocrx_word' id='word_1_654' title='bbox 2170 3876 2517 3932; x_wconf 89' lang='lat' dir='ltr'><strong>nequaquam</strong></span> <span class='ocrx_word' id='word_1_655' title='bbox 2564 3861 2843 3932; x_wconf 82' lang='lat' dir='ltr'><strong>inquirere</strong></span> <span class='ocrx_word' id='word_1_656' title='bbox 2871 3870 3133 3917; x_wconf 87' lang='lat' dir='ltr'><strong>conantes</strong></span> <span class='ocrx_word' id='word_1_657' title='bbox 3160 3870 3254 3916; x_wconf 92' lang='lat' dir='ltr'><strong>aut</strong></span> <span class='ocrx_word' id='word_1_658' title='bbox 3308 3869 3491 3915; x_wconf 87' lang='lat' dir='ltr'><strong>mente</strong></span> 
     </span>
    </p>
   </div>
   <div class='ocr_carea' id='block_1_96' title="bbox 1914 3950 3493 4022">
    <p class='ocr_par' dir='ltr' id='par_1_96' title="bbox 1914 3950 3493 4022">
     <span class='ocr_line' id='line_1_96' title="bbox 1914 3950 3493 4022; baseline -0.002 -16"><span class='ocrx_word' id='word_1_659' title='bbox 1914 3952 2199 4022; x_wconf 88' lang='lat' dir='ltr'><strong>percipere</strong></span> <span class='ocrx_word' id='word_1_660' title='bbox 2240 3952 2595 4017; x_wconf 90' lang='lat' dir='ltr'><strong>sustinentes,</strong></span> <span class='ocrx_word' id='word_1_661' title='bbox 2640 3951 3082 4021; x_wconf 87' lang='lat' dir='ltr'><strong>quandoquidem</strong></span> <span class='ocrx_word' id='word_1_662' title='bbox 3139 3950 3367 4020; x_wconf 90' lang='lat' dir='ltr'><strong>periculi</strong></span> <span class='ocrx_word' id='word_1_663' title='bbox 3414 3950 3493 4003; x_wconf 80' lang='lat' dir='ltr'><strong>fa-</strong></span> 
     </span>
    </p>
   </div>
   <div class='ocr_carea' id='block_1_97' title="bbox 1915 4039 3497 4119">
    <p class='ocr_par' dir='ltr' id='par_1_97' title="bbox 1915 4039 3497 4119">
     <span class='ocr_line' id='line_1_97' title="bbox 1915 4039 3497 4119; baseline -0.003 -23"><span class='ocrx_word' id='word_1_664' title='bbox 1915 4041 2098 4096; x_wconf 83' lang='lat' dir='ltr'><strong>ciendi</strong></span> <span class='ocrx_word' id='word_1_665' title='bbox 2146 4040 2482 4119; x_wconf 87' lang='lat' dir='ltr'><strong>impietatem</strong></span> <span class='ocrx_word' id='word_1_666' title='bbox 2502 4040 2809 4095; x_wconf 77' lang='lat' dir='ltr'><strong>devitaznus</strong></span> <span class='ocrx_word' id='word_1_667' title='bbox 2838 4058 2851 4093; x_wconf 88' lang='lat'><strong>:</strong></span> <span class='ocrx_word' id='word_1_668' title='bbox 2887 4056 2954 4093; x_wconf 81' lang='lat' dir='ltr'><strong>ex</strong></span> <span class='ocrx_word' id='word_1_669' title='bbox 3021 4039 3371 4093; x_wconf 85' lang='lat' dir='ltr'><strong>sensualibus</strong></span> <span class='ocrx_word' id='word_1_670' title='bbox 3398 4053 3497 4091; x_wconf 89' lang='lat' dir='ltr'><strong>au-</strong></span> 
     </span>
    </p>
   </div>
   <div class='ocr_carea' id='block_1_98' title="bbox 1916 4130 3495 4203">
    <p class='ocr_par' dir='ltr' id='par_1_98' title="bbox 1916 4130 3495 4203">
     <span class='ocr_line' id='line_1_98' title="bbox 1916 4130 3495 4203; baseline -0.003 -17"><span class='ocrx_word' id='word_1_671' title='bbox 1916 4140 2048 4197; x_wconf 88' lang='lat' dir='ltr'><strong>tem,</strong></span> <span class='ocrx_word' id='word_1_672' title='bbox 2111 4141 2377 4203; x_wconf 89' lang='lat' dir='ltr'><strong>quantum</strong></span> <span class='ocrx_word' id='word_1_673' title='bbox 2430 4132 2484 4186; x_wconf 93' lang='lat' dir='ltr'><strong>id</strong></span> <span class='ocrx_word' id='word_1_674' title='bbox 2516 4132 2677 4186; x_wconf 87' lang='lat' dir='ltr'><strong>nobis</strong></span> <span class='ocrx_word' id='word_1_675' title='bbox 2701 4131 2853 4195; x_wconf 90' lang='lat' dir='ltr'><strong>licet,</strong></span> <span class='ocrx_word' id='word_1_676' title='bbox 2885 4132 3123 4202; x_wconf 87' lang='lat' dir='ltr'><strong>cogitatu</strong></span> <span class='ocrx_word' id='word_1_677' title='bbox 3151 4130 3495 4185; x_wconf 83' lang='lat' dir='ltr'><strong>solummodo</strong></span> 
     </span>
    </p>
   </div>
   <div class='ocr_carea' id='block_1_99' title="bbox 1917 4220 3498 4293">
    <p class='ocr_par' dir='ltr' id='par_1_99' title="bbox 1917 4220 3498 4293">
     <span class='ocr_line' id='line_1_99' title="bbox 1917 4220 3498 4293; baseline -0.001 -16"><span class='ocrx_word' id='word_1_678' title='bbox 1917 4223 2193 4278; x_wconf 88' lang='lat' dir='ltr'><strong>subtiliter</strong></span> <span class='ocrx_word' id='word_1_679' title='bbox 2213 4224 2495 4293; x_wconf 85' lang='lat' dir='ltr'><strong>capientes</strong></span> <span class='ocrx_word' id='word_1_680' title='bbox 2548 4239 2635 4277; x_wconf 91' lang='lat' dir='ltr'><strong>res</strong></span> <span class='ocrx_word' id='word_1_681' title='bbox 2675 4223 2889 4276; x_wconf 89' lang='lat' dir='ltr'><strong>divinas</strong></span> <span class='ocrx_word' id='word_1_682' title='bbox 2922 4220 3282 4291; x_wconf 90' lang='lat' dir='ltr'><strong>cognoscendi</strong></span> <span class='ocrx_word' id='word_1_683' title='bbox 3312 4221 3498 4290; x_wconf 83' lang='lat' dir='ltr'><strong>conje-</strong></span> 
     </span>
    </p>
   </div>
   <div class='ocr_carea' id='block_1_100' title="bbox 1919 4298 3512 4382">
    <p class='ocr_par' dir='ltr' id='par_1_100' title="bbox 1919 4298 3512 4382">
     <span class='ocr_line' id='line_1_100' title="bbox 1919 4298 3512 4382; baseline -0.004 -12"><span class='ocrx_word' id='word_1_684' title='bbox 1919 4322 2105 4370; x_wconf 89' lang='lat' dir='ltr'><strong>cturas</strong></span> <span class='ocrx_word' id='word_1_685' title='bbox 2138 4298 2311 4369; x_wconf 79' lang='lat' dir='ltr'><strong>Deum</strong></span> <span class='ocrx_word' id='word_1_686' title='bbox 2346 4329 2467 4368; x_wconf 84' lang='lat' dir='ltr'><strong>esse</strong></span> <span class='ocrx_word' id='word_1_687' title='bbox 2498 4313 3163 4382; x_wconf 68' lang='lat' dir='ltr'><strong>statuimus-quaecunque</strong></span> <span class='ocrx_word' id='word_1_688' title='bbox 3187 4326 3255 4366; x_wconf 81' lang='lat' dir='ltr'><strong>ex</strong></span> <span class='ocrx_word' id='word_1_689' title='bbox 3283 4320 3512 4367; x_wconf 44' lang='lat' dir='ltr'><strong>creatus</strong></span> 
     </span>
    </p>
   </div>
   <div class='ocr_carea' id='block_1_101' title="bbox 1852 4407 2705 4477">
    <p class='ocr_par' dir='ltr' id='par_1_101' title="bbox 1852 4407 2705 4477">
     <span class='ocr_line' id='line_1_101' title="bbox 1852 4407 2705 4477; baseline -0.005 -14"><span class='ocrx_word' id='word_1_690' title='bbox 1852 4410 1897 4463; x_wconf 71' lang='grc' dir='ltr'>Π</span> <span class='ocrx_word' id='word_1_691' title='bbox 1929 4408 2007 4463; x_wconf 86' lang='lat' dir='ltr'><strong>ris</strong></span> <span class='ocrx_word' id='word_1_692' title='bbox 2045 4408 2217 4477; x_wconf 87' lang='lat' dir='ltr'><strong>ipsius</strong></span> <span class='ocrx_word' id='word_1_693' title='bbox 2267 4407 2705 4477; x_wconf 83' lang='lat' dir='ltr'><strong>cognoverimus.</strong></span> 
     </span>
    </p>
   </div>
   <div class='ocr_carea' id='block_1_102' title="bbox 1928 4628 3499 4715">
    <p class='ocr_par' dir='ltr' id='par_1_102' title="bbox 1928 4628 3499 4715">
     <span class='ocr_line' id='line_1_102' title="bbox 1928 4628 3499 4715; baseline -0.001 -16"><span class='ocrx_word' id='word_1_694' title='bbox 1928 4645 2080 4711; x_wconf 80' lang='lat' dir='ltr'><strong>Quod</strong></span> <span class='ocrx_word' id='word_1_695' title='bbox 2121 4647 2281 4700; x_wconf 81' lang='lat' dir='ltr'><strong>etiam</strong></span> <span class='ocrx_word' id='word_1_696' title='bbox 2317 4648 2477 4715; x_wconf 85' lang='lat' dir='ltr'><strong>ipsius</strong></span> <span class='ocrx_word' id='word_1_697' title='bbox 2511 4648 2688 4715; x_wconf 78' lang='lat' dir='ltr'><strong>imago</strong></span> <span class='ocrx_word' id='word_1_698' title='bbox 2717 4645 2973 4699; x_wconf 81' lang='lat' dir='ltr'><strong>Dominus</strong></span> <span class='ocrx_word' id='word_1_699' title='bbox 3009 4645 3169 4714; x_wconf 78' lang='lat' dir='ltr'><strong>fuerit</strong></span> <span class='ocrx_word' id='word_1_700' title='bbox 3212 4628 3499 4697; x_wconf 59' lang='lat' dir='ltr'><strong>secundum</strong></span> 
     </span>
    </p>
   </div>
   <div class='ocr_carea' id='block_1_103' title="bbox 2205 4736 3217 4808">
    <p class='ocr_par' dir='ltr' id='par_1_103' title="bbox 2205 4736 3217 4808">
     <span class='ocr_line' id='line_1_103' title="bbox 2205 4736 3217 4808; baseline -0.002 -17"><span class='ocrx_word' id='word_1_701' title='bbox 2205 4754 2361 4791; x_wconf 86' lang='lat' dir='ltr'><strong>suam</strong></span> <span class='ocrx_word' id='word_1_702' title='bbox 2394 4753 2487 4808; x_wconf 88' lang='lat' dir='ltr'><strong>per</strong></span> <span class='ocrx_word' id='word_1_703' title='bbox 2515 4753 2730 4791; x_wconf 86' lang='lat' dir='ltr'><strong>carnem</strong></span> <span class='ocrx_word' id='word_1_704' title='bbox 2760 4736 3217 4807; x_wconf 75' lang='lat' dir='ltr'><strong>dispensationem.</strong></span> 
     </span>
    </p>
   </div>
   <div class='ocr_carea' id='block_1_104' title="bbox 1998 4848 3503 4917">
    <p class='ocr_par' dir='ltr' id='par_1_104' title="bbox 1998 4848 3503 4917">
     <span class='ocr_line' id='line_1_104' title="bbox 1998 4848 3503 4917; baseline -0.005 -10"><span class='ocrx_word' id='word_1_705' title='bbox 1998 4852 2429 4908; x_wconf 86' lang='lat' dir='ltr'><strong>Consideremus</strong></span> <span class='ocrx_word' id='word_1_706' title='bbox 2462 4864 2645 4905; x_wconf 90' lang='lat' dir='ltr'><strong>autem</strong></span> <span class='ocrx_word' id='word_1_707' title='bbox 2690 4865 2873 4904; x_wconf 86' lang='lat' dir='ltr'><strong>annon</strong></span> <span class='ocrx_word' id='word_1_708' title='bbox 2908 4865 3067 4903; x_wconf 91' lang='lat' dir='ltr'><strong>suum</strong></span> <span class='ocrx_word' id='word_1_709' title='bbox 3104 4848 3338 4917; x_wconf 87' lang='lat' dir='ltr'><strong>quisque</strong></span> <span class='ocrx_word' id='word_1_710' title='bbox 3361 4861 3503 4916; x_wconf 81' lang='lat' dir='ltr'><strong>quos</strong></span> 
     </span>
    </p>
   </div>
   <div class='ocr_carea' id='block_1_105' title="bbox 1932 4940 3503 5000">
    <p class='ocr_par' dir='ltr' id='par_1_105' title="bbox 1932 4940 3503 5000">
     <span class='ocr_line' id='line_1_105' title="bbox 1932 4940 3503 5000; baseline -0.003 0"><span class='ocrx_word' id='word_1_711' title='bbox 1932 4946 2043 5000; x_wconf 79' lang='lat' dir='ltr'><strong>dixi</strong></span> <span class='ocrx_word' id='word_1_712' title='bbox 2104 4945 2393 4999; x_wconf 89' lang='lat' dir='ltr'><strong>modorum</strong></span> <span class='ocrx_word' id='word_1_713' title='bbox 2433 4942 2736 4998; x_wconf 90' lang='lat' dir='ltr'><strong>secundum</strong></span> <span class='ocrx_word' id='word_1_714' title='bbox 2790 4941 3033 4995; x_wconf 88' lang='lat' dir='ltr'><strong>divinam</strong></span> <span class='ocrx_word' id='word_1_715' title='bbox 3088 4941 3235 4993; x_wconf 90' lang='lat' dir='ltr'><strong>illam</strong></span> <span class='ocrx_word' id='word_1_716' title='bbox 3284 4940 3503 4995; x_wconf 83' lang='lat' dir='ltr'><strong>Domini</strong></span> 
     </span>
    </p>
   </div>
   <div class='ocr_carea' id='block_1_106' title="bbox 1932 5035 3504 5103">
    <p class='ocr_par' dir='ltr' id='par_1_106' title="bbox 1932 5035 3504 5103">
     <span class='ocr_line' id='line_1_106' title="bbox 1932 5035 3504 5103; baseline -0.004 -8"><span class='ocrx_word' id='word_1_717' title='bbox 1932 5040 2468 5095; x_wconf 82' lang='lat' dir='ltr'><strong>transformationem</strong></span> <span class='ocrx_word' id='word_1_718' title='bbox 2501 5038 2641 5091; x_wconf 87' lang='lat' dir='ltr'><strong>bene</strong></span> <span class='ocrx_word' id='word_1_719' title='bbox 2668 5046 2830 5103; x_wconf 87' lang='lat' dir='ltr'><strong>atque</strong></span> <span class='ocrx_word' id='word_1_720' title='bbox 2853 5035 3131 5103; x_wconf 87' lang='lat' dir='ltr'><strong>sapienter</strong></span> <span class='ocrx_word' id='word_1_721' title='bbox 3156 5049 3317 5087; x_wconf 87' lang='lat' dir='ltr'><strong>suum</strong></span> <span class='ocrx_word' id='word_1_722' title='bbox 3345 5042 3504 5088; x_wconf 88' lang='lat' dir='ltr'><strong>tuea-</strong></span> 
     </span>
    </p>
   </div>
   <div class='ocr_carea' id='block_1_107' title="bbox 1935 5124 3501 5201">
    <p class='ocr_par' dir='ltr' id='par_1_107' title="bbox 1935 5124 3501 5201">
     <span class='ocr_line' id='line_1_107' title="bbox 1935 5124 3501 5201; baseline -0.004 -16"><span class='ocrx_word' id='word_1_723' title='bbox 1935 5142 2023 5186; x_wconf 91' lang='lat' dir='ltr'><strong>tur</strong></span> <span class='ocrx_word' id='word_1_724' title='bbox 2064 5130 2395 5201; x_wconf 82' lang='lat' dir='ltr'><strong>symbolum.</strong></span> <span class='ocrx_word' id='word_1_725' title='bbox 2443 5128 2639 5196; x_wconf 88' lang='lat' dir='ltr'><strong>Specie</strong></span> <span class='ocrx_word' id='word_1_726' title='bbox 2663 5126 2809 5179; x_wconf 90' lang='lat' dir='ltr'><strong>enim</strong></span> <span class='ocrx_word' id='word_1_727' title='bbox 2850 5140 2976 5179; x_wconf 90' lang='lat' dir='ltr'><strong>eum</strong></span> <span class='ocrx_word' id='word_1_728' title='bbox 3019 5124 3272 5179; x_wconf 67' lang='lat' dir='ltr'><strong>humanae</strong></span> <span class='ocrx_word' id='word_1_729' title='bbox 3311 5125 3501 5187; x_wconf 83' lang='lat' dir='ltr'><strong>simili,</strong></span> 
     </span>
    </p>
   </div>
   <div class='ocr_carea' id='block_1_108' title="bbox 1934 5213 3507 5287">
    <p class='ocr_par' dir='ltr' id='par_1_108' title="bbox 1934 5213 3507 5287">
     <span class='ocr_line' id='line_1_108' title="bbox 1934 5213 3507 5287; baseline -0.004 -11"><span class='ocrx_word' id='word_1_730' title='bbox 1934 5222 2030 5276; x_wconf 85' lang='lat' dir='ltr'><strong>sed</strong></span> <span class='ocrx_word' id='word_1_731' title='bbox 2073 5238 2184 5275; x_wconf 93' lang='lat' dir='ltr'><strong>non</strong></span> <span class='ocrx_word' id='word_1_732' title='bbox 2216 5228 2423 5274; x_wconf 89' lang='lat' dir='ltr'><strong>mutata</strong></span> <span class='ocrx_word' id='word_1_733' title='bbox 2452 5218 2626 5287; x_wconf 85' lang='lat' dir='ltr'><strong>ipsius</strong></span> <span class='ocrx_word' id='word_1_734' title='bbox 2654 5226 2873 5279; x_wconf 90' lang='lat' dir='ltr'><strong>natura,</strong></span> <span class='ocrx_word' id='word_1_735' title='bbox 2905 5213 3190 5268; x_wconf 91' lang='lat' dir='ltr'><strong>conditum</strong></span> <span class='ocrx_word' id='word_1_736' title='bbox 3223 5231 3344 5270; x_wconf 91' lang='lat' dir='ltr'><strong>esse</strong></span> <span class='ocrx_word' id='word_1_737' title='bbox 3374 5232 3507 5285; x_wconf 86' lang='lat' dir='ltr'><strong>pro-</strong></span> 
     </span>
    </p>
   </div>
   <div class='ocr_carea' id='block_1_109' title="bbox 1933 5304 3506 5383">
    <p class='ocr_par' dir='ltr' id='par_1_109' title="bbox 1933 5304 3506 5383">
     <span class='ocr_line' id='line_1_109' title="bbox 1933 5304 3506 5383; baseline -0.006 -16"><span class='ocrx_word' id='word_1_738' title='bbox 1933 5321 2056 5383; x_wconf 89' lang='lat' dir='ltr'><strong>pter</strong></span> <span class='ocrx_word' id='word_1_739' title='bbox 2076 5312 2343 5365; x_wconf 88' lang='lat' dir='ltr'><strong>inlinitam</strong></span> <span class='ocrx_word' id='word_1_740' title='bbox 2373 5324 2526 5363; x_wconf 90' lang='lat' dir='ltr'><strong>suam</strong></span> <span class='ocrx_word' id='word_1_741' title='bbox 2555 5308 2608 5360; x_wconf 91' lang='lat' dir='ltr'><strong>in</strong></span> <span class='ocrx_word' id='word_1_742' title='bbox 2634 5321 2808 5377; x_wconf 87' lang='lat' dir='ltr'><strong>genus</strong></span> <span class='ocrx_word' id='word_1_743' title='bbox 2833 5305 3133 5358; x_wconf 89' lang='lat' dir='ltr'><strong>humanum</strong></span> <span class='ocrx_word' id='word_1_744' title='bbox 3156 5304 3506 5359; x_wconf 91' lang='lat' dir='ltr'><strong>clementiam</strong></span> 
     </span>
    </p>
   </div>
   <div class='ocr_carea' id='block_1_110' title="bbox 1936 5398 3504 5474">
    <p class='ocr_par' dir='ltr' id='par_1_110' title="bbox 1936 5398 3504 5474">
     <span class='ocr_line' id='line_1_110' title="bbox 1936 5398 3504 5474; baseline -0.006 -14"><span class='ocrx_word' id='word_1_745' title='bbox 1936 5407 2023 5461; x_wconf 89' lang='lat' dir='ltr'><strong>sui</strong></span> <span class='ocrx_word' id='word_1_746' title='bbox 2066 5406 2239 5474; x_wconf 90' lang='lat' dir='ltr'><strong>ipsius</strong></span> <span class='ocrx_word' id='word_1_747' title='bbox 2286 5401 2592 5473; x_wconf 86' lang='lat' dir='ltr'><strong>symbolum</strong></span> <span class='ocrx_word' id='word_1_748' title='bbox 2651 5410 2815 5470; x_wconf 90' lang='lat' dir='ltr'><strong>atque</strong></span> <span class='ocrx_word' id='word_1_749' title='bbox 2872 5400 3166 5470; x_wconf 85' lang='lat' dir='ltr'><strong>imaginem</strong></span> <span class='ocrx_word' id='word_1_750' title='bbox 3214 5398 3334 5453; x_wconf 84' lang='lat' dir='ltr'><strong>ﬁeri</strong></span> <span class='ocrx_word' id='word_1_751' title='bbox 3392 5412 3504 5451; x_wconf 89' lang='lat' dir='ltr'><strong>non</strong></span> 
     </span>
    </p>
   </div>
   <div class='ocr_carea' id='block_1_111' title="bbox 1938 5487 3507 5562">
    <p class='ocr_par' dir='ltr' id='par_1_111' title="bbox 1938 5487 3507 5562">
     <span class='ocr_line' id='line_1_111' title="bbox 1938 5487 3507 5562; baseline -0.007 -11"><span class='ocrx_word' id='word_1_752' title='bbox 1938 5506 2303 5559; x_wconf 89' lang='lat' dir='ltr'><strong>recusantem,</strong></span> <span class='ocrx_word' id='word_1_753' title='bbox 2345 5504 2509 5562; x_wconf 83' lang='lat' dir='ltr'><strong>atque</strong></span> <span class='ocrx_word' id='word_1_754' title='bbox 2542 5509 2607 5547; x_wconf 80' lang='lat' dir='ltr'><strong>ex</strong></span> <span class='ocrx_word' id='word_1_755' title='bbox 2658 5508 2717 5547; x_wconf 90' lang='lat' dir='ltr'><strong>sc</strong></span> <span class='ocrx_word' id='word_1_756' title='bbox 2750 5492 2870 5562; x_wconf 88' lang='lat' dir='ltr'><strong>ipso</strong></span> <span class='ocrx_word' id='word_1_757' title='bbox 2906 5506 2965 5545; x_wconf 85' lang='lat' dir='ltr'><strong>se</strong></span> <span class='ocrx_word' id='word_1_758' title='bbox 2994 5492 3173 5560; x_wconf 90' lang='lat' dir='ltr'><strong>ipsum</strong></span> <span class='ocrx_word' id='word_1_759' title='bbox 3206 5487 3507 5560; x_wconf 83' lang='lat' dir='ltr'><strong>symbolice</strong></span> 
     </span>
    </p>
   </div>
   <div class='ocr_carea' id='block_1_112' title="bbox 1937 5578 3507 5652">
    <p class='ocr_par' dir='ltr' id='par_1_112' title="bbox 1937 5578 3507 5652">
     <span class='ocr_line' id='line_1_112' title="bbox 1937 5578 3507 5652; baseline -0.006 -11"><span class='ocrx_word' id='word_1_760' title='bbox 1937 5587 2341 5648; x_wconf 88' lang='lat' dir='ltr'><strong>demonstrare,</strong></span> <span class='ocrx_word' id='word_1_761' title='bbox 2396 5597 2604 5652; x_wconf 88' lang='lat' dir='ltr'><strong>perque</strong></span> <span class='ocrx_word' id='word_1_762' title='bbox 2637 5597 2808 5636; x_wconf 81' lang='lat' dir='ltr'><strong>.suam</strong></span> <span class='ocrx_word' id='word_1_763' title='bbox 2862 5580 3238 5652; x_wconf 88' lang='lat' dir='ltr'><strong>apparentiam</strong></span> <span class='ocrx_word' id='word_1_764' title='bbox 3267 5578 3334 5632; x_wconf 88' lang='lat' dir='ltr'><strong>ad</strong></span> <span class='ocrx_word' id='word_1_765' title='bbox 3363 5592 3507 5641; x_wconf 87' lang='lat' dir='ltr'><strong>sese,</strong></span> 
     </span>
    </p>
   </div>
   <div class='ocr_carea' id='block_1_113' title="bbox 1938 5667 3507 5747">
    <p class='ocr_par' dir='ltr' id='par_1_113' title="bbox 1938 5667 3507 5747">
     <span class='ocr_line' id='line_1_113' title="bbox 1938 5667 3507 5747; baseline -0.007 -16"><span class='ocrx_word' id='word_1_766' title='bbox 1938 5677 2033 5747; x_wconf 92' lang='lat' dir='ltr'><strong>qui</strong></span> <span class='ocrx_word' id='word_1_767' title='bbox 2075 5676 2133 5730; x_wconf 90' lang='lat' dir='ltr'><strong>in</strong></span> <span class='ocrx_word' id='word_1_768' title='bbox 2190 5673 2529 5728; x_wconf 86' lang='lat' dir='ltr'><strong>obscuritate</strong></span> <span class='ocrx_word' id='word_1_769' title='bbox 2582 5672 2789 5742; x_wconf 86' lang='lat' dir='ltr'><strong>ubique</strong></span> <span class='ocrx_word' id='word_1_770' title='bbox 2834 5672 2992 5737; x_wconf 89' lang='lat' dir='ltr'><strong>latet,</strong></span> <span class='ocrx_word' id='word_1_771' title='bbox 3043 5685 3262 5725; x_wconf 88' lang='lat' dir='ltr'><strong>omnem</strong></span> <span class='ocrx_word' id='word_1_772' title='bbox 3312 5667 3507 5732; x_wconf 81' lang='lat' dir='ltr'><strong>condi-</strong></span> 
     </span>
    </p>
   </div>
   <div class='ocr_carea' id='block_1_114' title="bbox 1942 5758 3508 5834">
    <p class='ocr_par' dir='ltr' id='par_1_114' title="bbox 1942 5758 3508 5834">
     <span class='ocr_line' id='line_1_114' title="bbox 1942 5758 3508 5834; baseline -0.008 -10"><span class='ocrx_word' id='word_1_773' title='bbox 1942 5770 2148 5825; x_wconf 89' lang='lat' dir='ltr'><strong>tionem</strong></span> <span class='ocrx_word' id='word_1_774' title='bbox 2193 5766 2491 5831; x_wconf 88' lang='lat' dir='ltr'><strong>deducere,</strong></span> <span class='ocrx_word' id='word_1_775' title='bbox 2533 5764 2895 5834; x_wconf 65' lang='lat' dir='ltr'><strong>obscuraaque</strong></span> <span class='ocrx_word' id='word_1_776' title='bbox 2940 5770 2997 5817; x_wconf 93' lang='lat' dir='ltr'><strong>et</strong></span> <span class='ocrx_word' id='word_1_777' title='bbox 3042 5759 3290 5815; x_wconf 91' lang='lat' dir='ltr'><strong>omnium</strong></span> <span class='ocrx_word' id='word_1_778' title='bbox 3347 5758 3508 5827; x_wconf 87' lang='lat' dir='ltr'><strong>longe</strong></span> 
     </span>
    </p>
   </div>
  </div>
