4026 6288
189 403 335 469 1169
1430 405 1945 468 AMBIGUORUM
1980 407 2229 466 LIBER.
3310 394 3447 461 117i)

182 521 365 586 ἔξοδον
401 522 584 592 λέγειν
631 524 696 594 ἢν
734 523 927 595 ἔμελλε
984 524 1230 595 πληροῦν
1283 526 1343 579 ὲν
1386 523 1770 597 Ἰερουσαλὴμ,

1886 524 2043 578 linem
2098 525 2417 578 indixerunt
2447 538 2612 592 quem
2641 520 3036 592 llierosolymis
3077 516 3456 589 complcturus

179 614 246 666 οὐ
299 615 464 684 μόνον
509 616 607 687 τὴν
648 617 735 670 ἐπ’
784 616 933 689 αὑτῷ
972 617 1059 670 διὰ
1104 618 1271 687 νόμου
1318 620 1409 672 καὶ
1464 619 1766 690 προφητῶν

1886 626 2035 681 esset,
2075 633 2183 671 non
2216 616 2393 670 solum
2436 616 2506 670 de
2534 614 2919 686 mysteriorum
2951 613 3006 667 in
3040 627 3131 675 eo,
3172 625 3336 679 quem
3370 608 3457 663 Ie;

181 707 723 777 προκεκηρυγμένην
778 707 889 761 τῶν
960 709 1280 779 μυστηρίων
1320 709 1546 763 ἔκϐασιν
1592 709 1767 763 ἐδιδά-

1886 725 1933 765 ic
1971 709 2255 779 prophetae
2302 707 2763 776 praedicaverant,
2823 704 2975 758 exitu
3022 701 3461 757 erudiebanturo

183 810 403 859 σκοντο,
448 794 566 849 ἀλλ’
603 796 734 861 ῐσως
781 798 877 851 καὶ
927 800 987 851 τδ
1038 798 1111 869 μὴ
1156 798 1364 869 ληπτὸν
1407 794 1547 853 εἶναι
1582 798 1771 871 μηδεν)⁸

1886 803 1966 859 ted
2013 802 2247 857 fortasse
2293 800 2459 855 etiam
2511 800 2581 855 de
2624 814 2694 853 eo
2742 796 2889 868 quod
2944 795 3082 849 nulli
3121 793 3348 847 omnino
3399 792 3456 847 in

183 885 421 939 καθόλου
459 887 570 940 τῶν
618 888 789 941 ὄντων
826 888 887 942 τὸ
925 890 1100 960 πέρας
1130 890 1233 959 τῆς
1262 892 1506 963 ἀρρήτου
1544 891 1672 960 περὶ
1710 888 1772 942 τὸ

1886 902 1985 947 Lota
2012 908 2198 948 rerum
2241 900 2438 946 natura
2472 889 2673 945 divinae
2720 903 2933 943 arcana:
2956 886 3103 941 circa
3138 886 3457 937 unhersum

184 974 298 1027 πᾶν
318 973 517 1044 βουλῆς
544 975 640 1028 τοῦ
674 976 811 1031 Θεοῦ
840 979 937 1031 καὶ
958 979 1068 1032 τῶν
1091 980 1178 1033 ἐπ’
1204 980 1345 1051 αὐτῇ
1380 980 1540 1034 θείων
1568 980 1774 1033 οἰκονοο

189 1069 357 1135 tua)".
404 1070 545 1141 πλὴν
579 1071 680 1141 τῆς
715 1073 959 1144 μεγάλης
1005 1074 1170 1128 αὐτοῦ
1213 1074 1471 1146 προνοίας
1507 1073 1605 1127 καὶ
1650 1073 1775 1143 κρί-

188 1174 357 1222 σεως,
392 1159 461 1214 δι’
510 1153 587 1214 ῶν
630 1162 710 1225 εις
754 1163 815 1216 τὸ
852 1165 999 1236 μόνῳ
1046 1164 1125 1237 τῷ
1173 1165 1291 1237 Θεῷ
1326 1165 1777 1238 προεγνωσμένον

187 1248 350 1311 τέλος
379 1249 441 1302 τὸ
472 1252 578 1304 πᾶν
611 1252 891 1318 εὐτάκτως
931 1256 1237 1326 ἐπείγεται,
1277 1259 1416 1329 ὅπερ
1444 1257 1649 1319 πάντες
1681 1255 1780 1327 μὲν

186 1339 396 1408 ὁμοίως
420 1342 695 1411 ἠγνόησαν
742 1346 885 1399 κατά
903 1346 966 1400 τὸ
993 1347 1047 1400 τί
1072 1364 1203 1401 ποτε
1243 1343 1380 1401 εἶναι
1414 1348 1511 1402 καὶ
1540 1348 1655 1409 πῶς
1685 1347 1782 1401 καὶ

188 1436 349 1487 ποῖον
379 1436 473 1488 καὶ⁵
509 1437 660 1501 πότε,
711 1439 861 1507 μόνοι
897 1440 953 1493 δὲ
995 1441 1211 1511 ἀληθῶς
1255 1443 1414 1513 μόνον
1461 1442 1781 1510 ἐπέγνωσαν

188 1524 415 1578 ἔσεσθαι
455 1528 503 1579 οἱ
532 1528 633 1598 τὴν
664 1528 842 1601 ψυχὴν
889 1533 1112 1603 ἀρεταῖς
1152 1534 1560 1605 ἐκκαθάραντες
1610 1533 1779 1601 ἅγιοι,

191 1614 294 1667 καὶ
334 1614 472 1684 πρὸς
506 1617 574 1670 τά
598 1617 717 1671 θεῖα
743 1619 844 1691 τὴν
876 1623 1051 1693 ῥοπὴν
1088 1625 1257 1692 αὐτῆς
1285 1624 1415 1693 ὃλην
1455 1622 1555 1694 τὴν
1586 1624 1781 1692 νοεράν

192 1705 394 1770 όλικῶς
428 1708 897 1779 μετεγκλιναντες,
928 1715 1120 1787 αὐτῆς,
1162 1716 1239 1780 ὡς
1296 1718 1494 1779 εἰπεῖν,
1521 1718 1618 1785 τῆς
1646 1714 1783 1767 καθ-

188 1798 319 1851 όλου
351 1801 457 1853 τῶν
482 1802 693 1871 ὁρατῶν
722 1803 959 1874 φύσεως,
990 1808 1059 1861 δι’
1085 1801 1160 1862 ῶν
1210 1807 1398 1881 (164
1417 1810 1483 1878 b)
1532 1808 1784 1861 συνίστα-

1874 985 1971 1041 Dei
2011 985 2313 1039 voluntatis
2354 994 2411 1039 et
2466 983 2781 1038 divinorum
2827 981 2948 1051 ejus
2988 975 3461 1047 dispensationum

1878 1076 2003 1132 ﬁnis
2033 1076 2503 1146 comprehendere
2545 1085 2752 1144 posset,
2803 1080 3001 1143 praeter
3046 1084 3299 1140 magnam
3343 1068 3466 1137 ejus

1878 1168 2286 1239 providentiam
2337 1177 2394 1222 et
2440 1167 2736 1239 judicium,
2794 1165 3000 1235 quibus
3045 1162 3099 1217 in
3150 1160 3317 1215 ﬁnem
3361 1158 3462 1215 soli

1878 1262 1991 1316 Deo
2022 1261 2418 1331 praecognitum
2448 1258 2631 1313 omnia
2656 1257 2910 1313 ordinate
2942 1254 3271 1325 procedunt,
3298 1265 3465 1321 quem

1881 1351 2045 1406 ﬁnem
2094 1352 2227 1422 quid
2266 1352 2341 1407 sit
2380 1351 2601 1405 tandem
2646 1358 2702 1403 et
2744 1347 3025 1418 quomodo
3066 1353 3124 1400 et
3171 1344 3350 1414 qualis
3407 1348 3465 1397 et

1882 1438 2105 1507 quando
2147 1453 2302 1507 teque
2360 1438 2757 1509 ignoraverunt
2804 1450 3020 1496 omnes,
3072 1433 3286 1501 solique
3332 1446 3463 1485 vere

1884 1527 2154 1583 duntaxat
2206 1536 2354 1583 nunc
2398 1528 2653 1583 futurum
2694 1541 2814 1581 esse
2866 1532 3255 1596 cognoverunt,
3289 1521 3463 1576 sancti

1884 1629 2096 1674 mentes
2149 1621 2450 1675 virtutibus
2498 1619 2750 1689 purgati,
2804 1621 3010 1688 quique
3070 1615 3461 1669 libramentum

1886 1712 2258 1767 lntellectuale
2291 1712 2492 1766 mentis
2530 1720 2708 1766 totum
2749 1718 2807 1765 et
2834 1710 2996 1780 plene
3033 1708 3100 1762 ad
3146 1706 3333 1761 divina
3364 1705 3464 1759 de-

1886 1803 2251 1868 clinaverunt,
2302 1804 2373 1858 ab
2414 1804 2553 1874 ipsa,
2605 1811 2665 1857 ut
2713 1802 2789 1856 ita
2821 1801 3023 1866 dicam,
3062 1799 3356 1854 universali
3386 1799 3467 1853 vi-

193 1889 323 1944 σθαι
346 1894 576 1961 πέφυκε
598 1893 836 1965 τρόπων,
868 1898 930 1950 τὸ
971 1900 1125 1964 τέλος
1151 1901 1251 1973 τῆς
1288 1899 1575 1971 παρούσης
1609 1899 1778 1967 αὐτῆς

1886 1894 2123 1949 sibilium
2186 1890 2385 1950 natura
2441 1910 2541 1965 per
2584 1886 2831 1959 coSdem,
2878 1893 3083 1963 quibus
3133 1892 3464 1959 constiterit,

192 1982 522 2053 εὐκοσμίας,
598 1990 883 2061 μονονουχὶ
947 1991 1250 2064 διαρρήδην
1316 1991 1549 2063 βοὼσης.
1617 1990 1786 2048 ἀκού-

196 2092 415 2140 σαντες.

194 2256 423 2323 Θεωρία
451 2258 683 2327 φυσικὴ
704 2265 838 2330 περὶ
866 2262 974 2316 τοῦ
1006 2262 1184 2328 τέλος
1207 2261 1275 2325 ἐξ
1304 2260 1576 2331 ἀνάγκης
1606 2262 1774 2331 ἔχειν

792 2352 901 2406 τὸν
942 2354 1194 2422 κόσμον.

265 2464 750 2537 Περιαθρὴσαντες
788 2468 919 2537 γάρ,
975 2468 1050 2531 ὡς
1098 2469 1223 2539 ἐνῆν
1276 2468 1535 2539 μάλιστα,
1559 2470 1786 2541 ἐπιστη-

196 2555 380 2622 μόνως
396 2557 487 2610 τὸν
505 2559 751 2630 παρόντα
772 2560 1117 2629 κόσμον,”καὶ
1136 2560 1244 2612 τῶν
1277 2563 1333 2612 ὲν
1352 2559 1501 2629 αὑτῷ
1523 2559 1785 2623 ποικίλως

191 2645 451 2716 ἀλλήλοις
482 2651 946 2720 συνηρμοσμένων
984 2651 1278 2722 σωμάτων,
1307 2651 1398 2704 τὸν
1417 2652 1791 2720 συνεπτυγμέο

192 2754 287 2790 νον
316 2739 442 2792 κατ’
485 2742 693 2795 ἔννοιαν
720 2745 899 2814 σοφῶς
937 2745 1349 2812 ὲξαπλώσαντες
1362 2746 1521 2814 λόγον
1538 2742 1695 2817 εὗρον
1724 2744 1791 2799 τά

195 2827 303 2894 μὲν
334 2829 516 2883 αὐτῶν
548 2832 783 2904 αἰσθητὰ
822 2835 915 2889 καὶ
951 2834 1313 2906 ἀντιληπτικά
1358 2836 1452 2888 καὶ
1499 2834 1787 2898 καθολικά,

194 2920 382 2975 πάντα
426 2922 482 2976 δὲ
530 2927 664 2978 πᾶσι
705 2928 1075 2999 περιεχόμενά
1114 2946 1172 2981 τε
1204 2929 1298 2981 καὶ
1343 2928 1787 3001 περιτρεπόμενα

194 3014 263 3081 τῇ
293 3012 577 3085 ὲπαλλαγῇ
604 3016 701 3085 τῆς
734 3018 862 3090 περὶ
887 3018 1121 3072 ἕκαστον
1150 3020 1307 3081 ποιᾶς
1352 3018 1785 3086 ἰδιότητος.,’1“οἴς

198 3103 301 3172 μὲν
336 3104 445 3173 γὰρ
471 3104 750 3177 αἰσθητοῖς
772 3110 1088 3182 περιέχεται
1110 3112 1252 3164 κατά
1286 3109 1447 3180 φύσιν
1485 3109 1553 3161 τὰ
1590 3109 1783 3180 αἰσθη-

194 3195 349 3257 ma,
381 3195 451 3248 τὰ
475 3196 533 3249 δὲ
567 3198 799 3268 αἰσθητά
830 3202 941 3261 τοῖς
972 3200 1313 3271 αξσθητικοῖς
1350 3201 1470 3254 κατ’
1505 3201 1778 3272 αἴσθησιν,

1879 1986 2072 2042 modos
2117 1988 2408 2058 praesentis
2442 1988 2565 2058 ejus
2604 1986 2819 2043 ordinis
2852 1986 3042 2052 ﬁnem,
3082 1993 3295 2043 tantum
3352 2001 3463 2040 non

1878 2079 2083 2136 diserte
2134 2090 2191 2137 et
2243 2082 2390 2136 clara
2443 2095 2580 2136 voce
2616 2079 2971 2151 praedicante,
3025 2078 3380 2148 accipientes.

1814 2201 1883 2213 ...-

1885 2261 2271 2332 Contemplatio
2316 2259 2579 2316 natura“:
2627 2261 2693 2314 de
2744 2263 3048 2347 necessitate
3087 2260 3209 2329 ﬁnis
3260 2258 3462 2315 mundi.

1965 2469 2309 2523 Perlustrato
2324 2468 2472 2523 enim
2494 2484 2729 2535 summa,
2752 2484 2873 2540 quin
2898 2467 3224 2539 suppetebat
3248 2467 3465 2539 peritia,

1893 2562 1999 2615 hoc
2048 2570 2315 2631 praesente
2361 2561 2589 2625 mundo,
2635 2561 3074 2631 corporibusque
3119 2559 3173 2614 in
3217 2574 3284 2614 eo
3320 2558 3466 2611 varie

1888 2653 1993 2706 sibi
2048 2654 2389 2725 junctorum,
2441 2651 2847 2721 complicatam
2883 2658 3071 2704 mente
3114 2648 3249 2703 scite
3296 2645 3468 2717 expli-

1886 2752 2084 2799 carunt
2135 2744 2429 2807 rationem,
2480 2751 2537 2797 et
2590 2742 2925 2797 invenerunt
2975 2748 3187 2811 partem
3242 2737 3466 2810 quidem

1885 2853 2077 2892 eorum
2118 2835 2401 2891 sensibilia
2455 2851 2576 2890 esse
2616 2844 2670 2889 et
2704 2831 3223 2905 compreliensibilia
3255 2838 3309 2885 et
3341 2828 3465 2883 uni-

1886 2929 2137 2993 versalia.
2168 2928 2352 2981 omnia
2393 2943 2525 2982 vero
2555 2925 2818 2983 omnibus
2860 2923 3107 2980 coerceri
3145 2932 3309 2992 atque
3334 2937 3467 2975 eon-

1885 3022 2026 3075 verti
2049 3019 2431 3075 vicissitudine
2456 3018 2814 3090 proprietatis
2832 3016 3228 3091 qualiscunque
3253 3011 3465 3083 singula

1882 3111 2296 3167 circumdantis.
2340 3110 2715 3168 Sensibilibus
2761 3110 2906 3166 enim
2950 3115 3274 3163 coercentur
3302 3115 3465 3159 natu-

1880 3205 2072 3259 raliter
2122 3220 2244 3275 qua}
2292 3203 2560 3268 sentiunt,
2610 3201 2894 3258 sensibilia
2928 3216 3064 3255 vero
3112 3214 3276 3254 sensu
3306 3196 3468 3251 aliter

193 3285 273 3340 ὡς
305 3286 628 3356 ἀντιληπτά.
662 3290 769 3343 Καὶ
807 3290 968 3343 πάλιν
994 3291 1062 3344 τὰ
1089 3293 1186 3361 μὲν
1217 3292 1450 3346 καθόλου
1477 3294 1588 3355 τοῖς
1628 3310 1781 3363 μερι-

1889 3295 1955 3348 iis
1998 3309 2120 3364 quae
2162 3294 2527 3363 sentiuntnut
2561 3290 3105 3363 comprehensibilia.
3136 3289 3312 3358 Atque
3346 3303 3468 3341 rur-

194 3381 320 3441 κοῖς
384 3382 529 3435 κατά
576 3383 884 3449 ἀλλοίωσιν,
937 3384 1005 3437 τὰ
1043 3385 1100 3439 δὲ
1154 3386 1355 3456 μερικά
1402 3388 1511 3449 τοῖς
1554 3385 1784 3438 καθόλου

196 3472 345 3527 κατᾶ
392 3474 654 3528 ἀνάλυσιν
700 3477 1144 3548 περιτρεπόμενα
1179 3477 1483 3548 φθείρεται.
1536 3478 1646 3533 Καὶ
1678 3478 1785 3530 τῶν

199 3566 305 3635 μὲν
338 3564 428 3618 διὰ
450 3566 550 3636 τῆς
590 3567 697 3621 τῶν
730 3569 905 3621 ἄλλων
936 3569 1207 3638 γενέσεως
1242 3571 1274 3639 ἡ
1320 3568 1496 3640 φθορὰ
1541 3568 1785 3637 ἐπιγίνε-

192 3676 313 3710 ται.
362 3658 486 3711 Τῶν
518 3660 625 3727 γὰρ
658 3661 887 3714 καθόλου
932 3663 964 3732 ἡ
1010 3662 1147 3733 πρὸς
1192 3661 1396 3731 ἄλληλα
1435 3661 1649 3724 σύνοδος
1677 3661 1786 3715 τῶν

200 3748 451 3817 μερικῶν
478 3750 776 3821 ποιουμένη
795 3752 889 3820 τὴν
917 3752 1131 3819 γένεσιν
1150 3750 1391 3820 ἀλλήλων
1413 3753 1477 3822 τῇ
1504 3750 1784 3804 ἀλλοιώσει

197 3842 319 3893 ἐστὶ
351 3840 548 3913 φθορὰ,
573 3842 665 3894 καὶ
695 3842 803 3896 τῶν
834 3842 903 3895 αὖ
930 3843 1172 3913 μερικῶν
1198 3845 1228 3913 ἡ
1259 3843 1397 3895 κατά
1418 3843 1659 3897 διάλυσιν
1687 3844 1786 3911 τῆς

196 3933 503 3995 συνδέσεως
556 3935 692 4004 πρὸς
746 3934 812 3988 τὰ
849 3934 1079 3988 καθόλου
1126 3934 1383 3999 ἀνάλυσις
1429 3934 1526 4006 τὴν
1579 3935 1785 4004 φθορὰν

197 4027 579 4094 ἐπεισάγουσα
607 4026 713 4079 τῶν
749 4027 977 4080 καθόλου
1008 4028 1123 4080 ἐστὶ
1177 4028 1405 4100 διαμονή
1433 4029 1523 4081 καὶ
1551 4028 1781 4097 γένεσις.

198 4118 311 4170 Καὶ
333 4117 541 4189 ταύτην
564 4113 700 4171 εἶναι
731 4119 992 4188 μαθόντες
1022 4118 1115 4173 τοῦ
1147 4120 1407 4191 αἰσθητοῦ
1450 4121 1656 4190 κόσμου
1688 4122 1786 4191 τὴν

199 4207 487 4271 σύστασιν,
519 4207 617 4278 τὴν
654 4210 731 4271 εἰς
774 4208 981 4279 ἄλληλα
1010 4209 1116 4261 τῶν
1151 4211 1206 4263 ὲν
1243 4210 1395 4280 αὺτῷ
1428 4211 1693 4279 σωμάτων
1728 4210 1786 4274 ἐξ

198 4291 273 4350 ὧν
305 4297 403 4350 καὶ
433 4300 490 4350 ἐν
520 4293 599 4362 οἷς
641 4300 915 4370 ὑφέστηκε
952 4304 968 4368 (
996 4300 1151 4371 165
1184 4320 1214 4354 η
1240 4302 1256 4369 )
1284 4302 1351 4355 δι’
1376 4303 1623 4370 ἀλλήλων
1654 4304 1783 4372 φθο-

200 4387 303 4458 ράν
340 4388 437 4441 καὶ
466 4387 771 4452 ἀλλοίωσιν,
830 4390 1138 4453 ἀκολούθως
1168 4392 1255 4445 διὰ
1300 4395 1398 4463 τῆς
1434 4395 1573 4447 κατά
1625 4394 1786 4463 φύσιν

199 4480 441 4532 ἀστάτου
474 4480 569 4533 καὶ
599 4479 895 4551 ἀλλοιωτῆς
923 4483 1018 4535 καὶ
1050 4482 1235 4535 ἄλλοτε
1262 4484 1441 4547 ἄλλως
1480 4487 1787 4556 φερομένης

200 4586 257 4621 τε
285 4569 383 4621 καὶ
404 4572 873 4641 περιτρεπομένης
903 4573 1133 4626 καθόλου
1163 4574 1272 4628 τῶν
1303 4574 1362 4638 ἐξ
1388 4570 1462 4629 ὧν
1487 4577 1784 4646 συνέστηκε

1886 3400 1979 3439 sus
2009 3384 2339 3439 universalia
2380 3384 2807 3454 particularibus
2857 3380 3166 3437 secundum
3206 3379 3468 3434 immuta-

1887 3473 2493 3543 tionem,_particularia
2512 3482 2705 3528 contra
2730 3470 3140 3526 universalibus
3161 3468 3464 3522 secundum

1885 3566 2303 3621 dissolutionem
2333 3581 2601 3620 conversa
2639 3572 3099 3635 corrumpuntur.
3128 3562 3304 3631 Atque
3322 3558 3464 3628 parti

1884 3666 2105 3736 quidem
2130 3682 2228 3737 per
2248 3666 2483 3722 aliorum
2517 3666 2928 3737 generationem
2959 3663 3217 3717 interitus
3240 3660 3461 3715 accidit.

1884 3756 2285 3813 Universalium
2341 3756 2487 3811 enim
2537 3764 2727 3810 mutua
2781 3754 2927 3808 inter
2981 3769 3037 3807 se
3090 3749 3461 3822 congregatio,

1885 3850 2015 3904 dum
2065 3848 2477 3921 particularium
2529 3846 2696 3901 efﬁcit
2746 3844 3178 3916 generationem,
3224 3842 3463 3912 singulo-

1886 3956 2006 3994 rum
2047 3941 2190 3994 inter
2213 3956 2332 3995 sese
2362 3938 2740 3993 immutatione
2768 3936 3026 3991 interitus
3045 3943 3148 3999 est,
3177 3942 3232 3988 ct
3264 3933 3461 3986 iterum

1886 4030 2299 4101 particularium
2368 4047 2510 4084 nexu
2564 4028 2782 4082 sublalo
2840 4027 2897 4081 in
2947 4026 3277 4085 universalia
3325 4023 3481 4077 facta

1889 4123 2170 4187 resolutio,
2206 4122 2334 4176 dum
2385 4122 2672 4177 interitum
2711 4120 3033 4183 introducit,
3068 4116 3463 4172 universalium

1886 4225 1969 4271 est
2014 4214 2334 4284 pcrennitas
2383 4230 2445 4267 ac
2505 4213 2811 4283 generatio.
2854 4212 3030 4283 Atque
3082 4212 3222 4266 hanc
3275 4208 3465 4264 mundi

1887 4306 2163 4361 sensibilis
2212 4303 2687 4368 constitutionem,
2717 4320 2842 4360 eum
2887 4311 3137 4356 mutuum
3183 4315 3305 4355 esse
3341 4314 3469 4353 nos-

1888 4406 2010 4452 sent
2056 4412 2374 4466 corporum,
2428 4396 2497 4451 de
2546 4395 2751 4465 quibus
2788 4403 2843 4449 et
2884 4395 2936 4449 in
2966 4394 3167 4464 quibus
3205 4390 3470 4446 consistat

1888 4503 1985 4557 per
2019 4503 2075 4541 se
2125 4487 2241 4556 ipsa
2298 4486 2585 4540 interitum
2649 4486 3225 4553 immutationemque,
3273 4496 3468 4537 conse-

1888 4585 2120 4645 quenter
2168 4593 2233 4629 cx
2278 4576 2517 4629 instabili
2558 4575 2861 4629 secundum
2898 4584 3151 4628 naturam
3179 4572 3467 4627 etimmu-

167 4670 173 4675 ”
203 4658 477 4729 σωμάτων
504 4638 760 4730 ἰδιότητος
780 4638 878 4732 την
900 4663 1221 4735 ἐξάνάγκης
1253 4665 1375 4718 καθ’
1406 4668 1596 4737 εἱρμὸν
1627 4638 1783 4737 γενη-

1892 4674 1999 4719 tata
2036 4682 2157 4735 quae
2207 4666 2315 4720 liuc
2370 4666 2501 4718 illuc
2532 4665 2709 4719 fertur
2742 4664 3198 4731 convertiturque
3224 4661 3465 4732 generali

202 4751 443 4821 σομένην
481 4752 647 4805 αὑτοῦ
702 4754 1012 4809 συντέλειαν
1056 4757 1457 4827 ὲπαιδεύθησαν
1505 4759 1605 4811 οὐκ
1651 4756 1783 4812 εἶναι

1886 4771 2181 4825 corporum
2211 4757 2416 4827 quibus
2452 4765 2672 4811 constat
2700 4756 3073 4826 proprietate,
3131 4754 3201 4808 de
3232 4769 3373 4807 nexu
3405 4766 3467 4805 ac

202 4840 451 4907 δυνατὸν,
492 4840 615 4895 οὔτε
664 4843 771 4911 μὴν
807 4843 1035 4916 λογικῆς
1076 4848 1343 4911 συνέσεως
1405 4850 1573 4902 ἀΐδιον
1624 4851 1783 4918 φάναι

1886 4846 2026 4899 serie
2088 4847 2207 4916 ejus
2275 4847 2591 4901 necessario
2649 4845 3182 4900 consunnnationem
3240 4842 3466 4896 evenire

202 4931 263 4981 τὸ
320 4931 398 5000 μὴ
449 4931 714 4995 ὡσαύτως
773 4933 893 5002 ἔχον
948 4935 1055 4997 ἀεὶ,
1106 4936 1228 5005 δίχα
1276 4937 1486 5007 τροπῆς
1543 4939 1635 4990 καὶ
1690 4938 1783 5008 τῆς

1886 4952 2043 5008 posse
2092 4938 2297 4993 nullam
2344 4937 2742 5004 edocebantur,
2796 4945 2945 4991 recte
2985 4935 3322 4990 aestimantes
3363 4947 3467 4987 nec

200 5022 422 5075 οἰισουν
484 5022 844 5089 ἀλλοιώσεως,
905 5025 1041 5079 ἀλλὰ
1094 5028 1309 5098 μυρίοις
1364 5030 1783 5101 σκεδαννύμενον

1886 5030 2225 5085 rationaliter
2262 5031 2449 5100 utique
2490 5046 2651 5101 posse
2706 5030 2938 5099 intelligi
2987 5026 3265 5097 quomodo
3304 5033 3465 5079 aeter-

200 5114 425 5183 τρόποις
461 5115 555 5166 καὶ
586 5117 1073 5185 περιτρεπόμενον,
1106 5117 1283 5188 ὀρθῶς
1314 5118 1682 5189 λογισάμενοι.

1885 5139 2015 5178 num
2068 5122 2177 5176 dici
2209 5132 2375 5192 queat
2415 5122 2562 5191 quod
2614 5129 2671 5176 et
2698 5136 2917 5190 semper
2946 5119 3051 5174 sibi
3086 5134 3195 5172 non
3228 5125 3465 5179 constet,

205 5221 304 5259 nec
352 5206 737 5261 vicissitudine
764 5218 820 5263 et
853 5209 1224 5280 qualicunque
1272 5213 1648 5268 immutatione
1717 5225 1923 5281 careat,
1976 5216 2071 5270 sed
2126 5217 2343 5271 inﬁnito
2391 5215 2684 5270 modorum
2751 5228 2987 5268 numero
3048 5211 3351 5281 dissipetur
3412 5224 3469 5269 et

204 5301 579 5348 convertatur.

1787 5402 1858 5415 ..-

205 5450 428 5517 Θεωρία
475 5451 773 5518 σύντομος
826 5452 961 5519 περὶ
1012 5454 1118 5508 τοῦ
1162 5456 1499 5525 μέλλοντος
1550 5459 1787 5527 αἰῶνος,

273 5542 372 5596 καὶ
431 5542 489 5593 τί
545 5543 612 5595 τὸ
659 5544 864 5611 χάσμα
911 5544 1041 5598 ἐστι
1092 5546 1158 5598 τὸ
1204 5548 1433 5615 μεταξὺ
1482 5550 1630 5604 Θεοῦ
1690 5553 1786 5607 καὶ

273 5635 621 5702 ἀνθρώπων,
665 5636 762 5689 καὶ
816 5638 873 5690 τί
918 5641 951 5692 ὁ
1021 5638 1279 5709 Λάζῇρος
1327 5643 1425 5696 καὶ
1472 5646 1504 5697 ό
1561 5648 1787 5711 κόλπος

277 5727 383 5779 τοῦ
423 5727 811 5797 πατριάρχου.

287 5816 570 5875 Ἐντεῦθεν
636 5822 742 5875 τῶν
814 5822 1106 5893 ὁρωμένων
1170 5826 1423 5898 ὑπεράνω
1501 5832 1778 5903 γενόμενοι

1889 5434 2277 5523 Contemplatio
2312 5452 2477 5505 brevis
2524 5452 2587 5506 de
2620 5453 2801 5521 futuro
2831 5469 2959 5517 (evo,
2989 5461 3036 5506 et
3067 5455 3191 5524 quid
3224 5452 3464 5506 interhiat

1960 5546 2096 5599 inter
2138 5542 2302 5596 Deum
2344 5550 2502 5609 atque
2545 5536 2845 5608 hominem,”
2877 5546 3067 5614 etquis
3112 5545 3179 5597 sit
3229 5542 3464 5597 Lazarus

1958 5642 2005 5685 ct
2048 5633 2193 5685 sinus
2245 5633 2584 5701 patriarchw.

1958 5831 2095 5887 llinc
2133 5832 2371 5888 visibilia
2408 5834 2694 5905 magniﬁce
2734 5834 3075 5904 supergressi
3118 5832 3283 5890 ﬁnem
3339 5832 3479 5891 unis-
