4026 6288
567 385 702 466 1171

1747 390 1807 450 S.
1847 386 2135 449 MAXIMI
2172 379 2682 446 CONFESSORIS

3679 365 3812 431 1172

563 530 738 571 versa:
801 527 985 568 rerum
1053 522 1281 572 natur-.12,
1326 505 1422 574 qui
1473 501 1701 557 omnino
1743 499 1963 553 futurus
2020 503 2124 558 est,

2250 488 2589 561 ιεγαλοφυῶς
2631 485 2730 540 τοῦ
2776 485 2995 549 πάντως
3038 484 3303 554 ἐσομένου
3339 482 3449 536 τῶν
3497 479 3638 534 ὅλων
3688 494 3814 532 κατ-

565 600 832 672 speculati
872 607 1023 664 sunt,
1058 596 1114 652 in
1151 612 1262 666 quo
1295 592 1430 648 nihil
1485 605 1670 645 rerum
1709 589 1819 658 jam
1863 587 2006 640 ferat
2043 594 2140 639 aut

565 692 795 754 feratur,
843 705 945 744 nec
981 689 1063 743 rei
1101 687 1270 742 ullius
1323 682 1549 738 omnino
1602 680 1777 734 motio
1820 677 2140 733 stabilitatis

569 781 868 852 ineﬂ‘abilis
899 781 1020 850 ejus
1051 794 1174 848 quae.
1220 791 1405 832 rerum
1448 787 1570 844 qua:
1607 772 1864 826 feruntur
1906 784 2140 838 quaeque

567 875 756 930 ferunt
802 873 1066 942 impetum
1108 877 1164 926 et
1193 878 1401 924 motum
1435 866 1644 922 delinit.
1674 863 1796 930 Quo
1823 861 2141 933 pervenisse

571 975 754 1020 mente
796 965 928 1018 dum
977 963 1080 1017 hac
1117 961 1299 1016 adhuc
1331 957 1595 1013 interibili
1643 969 1808 1010 carne
1840 952 2018 1007 induti
2045 967 2142 1006 cu-

571 1056 752 1125 piunt,
795 1053 1004 1107 hiatum
1055 1051 1200 1104 inter
1237 1049 1409 1103 Deum
1445 1056 1608 1115 atque
1655 1043 1936 1098 hominem
1973 1040 2144 1094 inter-

567 1147 774 1217 jectum
810 1143 918 1198 vivi
945 1141 1305 1203 transierunt,
1337 1151 1500 1193 carne
1525 1144 1580 1190 et
1601 1133 1806 1188 mundo
1837 1129 2141 1186 secundum

572 1237 895 1291 relationem
921 1242 1114 1304 sponte
1150 1230 1322 1285 exuti.
1349 1229 1546 1284 Hiatus
1572 1224 1721 1281 enim
1756 1236 1947 1278 revera
1983 1219 2146 1274 terri-

573 1327 684 1382 bile
734 1334 791 1382 et
830 1325 1022 1395 ingens
1065 1325 1209 1378 inter
1243 1322 1415 1376 Deum
1459 1325 1516 1372 et
1556 1315 1837 1370 hominem
1881 1310 2144 1366 interhiat

574 1417 824 1487 corporis
847 1431 910 1470 ac
938 1413 1129 1469 mundi
1154 1413 1321 1482 hujus
1349 1424 1505 1466 amor
1527 1416 1692 1478 atque
1722 1405 1974 1468 allectus,
2005 1418 2145 1473 quo-

575 1524 698 1563 rum
727 1507 1090 1579 privationem
1137 1504 1382 1558 Lazarus
1433 1499 1650 1554 fortiter
1682 1504 1740 1552 et
1779 1510 1904 1550 cum
1943 1491 2144 1564 gaudio

573 1599 857 1670 amplexus
889 1594 1376 1668 (quemadmodum
1399 1589 1670 1663 signiﬁcat
1685 1588 1910 1643 morbus
1932 1596 1988 1641 et
2012 1600 2146 1656 pau-

573 1697 779 1762 pertas,
806 1689 977 1743 altera
1009 1702 1137 1742 eum
1166 1702 1197 1741 a
1232 1684 1462 1746 mundo,
1497 1683 1637 1737 alter
1679 1697 1710 1734 a
1738 1693 1974 1748 corpore
2005 1676 2144 1731 alie-

573 1779 735 1849 nans)
776 1780 831 1835 in
862 1779 986 1836 sinu
1025 1776 1323 1834 Abrahami
1367 1774 1614 1844 requiem
1644 1771 1894 1840 accipere
1919 1767 2142 1831 meruit,

2240 581 2608 653 εστοχάσαντο
2677 576 2934 648 πέρατος,
2996 578 3054 629 ἐν
3089 568 3133 643 ᾧ
3159 593 3214 629 τι
3241 574 3352 628 τῶν
3407 573 3580 627 ὄντων
3636 571 3816 624 οὐκέτι

2239 672 2406 745 φέρον
2427 671 2544 725 ἐστὶ
2565 670 2660 724 καὶ
2689 667 3011 738 φερόμενον,
3043 667 3166 721 οὐδέ
3201 684 3288 730 τις
3325 666 3539 728 οὐδενὸς
3595 663 3660 716 τδ
3691 663 3812 716 σύν-

2240 764 2362 817 ολον
2377 763 2593 832 κίνησις
2620 759 2953 830 παγιότητος
2982 759 3355 831 ἀρρήτου,τὴν
3375 757 3486 811 τῶν
3506 754 3820 828 φερομένων

2237 871 2299 907 τε
2324 854 2420 907 καὶ
2445 853 2778 924 κινουμένων
2820 853 2992 922 φοράν
3017 869 3078 905 τε
3107 851 3443 922 ὁρισαμένης
3459 851 3559 903 καὶ
3579 847 3814 917 κίνησιν.

2241 947 2386 1018 Πρὸς
2423 945 2453 999 ὃ
2480 944 2736 1014 γενέσθαι
2765 945 2909 1000 κατά
2933 943 3059 998 νοῦν
3083 944 3550 1014 ἐπιθυμήσαντες,
3593 940 3678 993 έτι
3722 938 3820 1008 τὴν

2239 1039 2346 1093 ὑπὸ
2371 1038 2576 1110 φθορὰν
2601 1037 2973 1108 περικείμενοι
2999 1037 3184 1108 σάρκα
3210 1037 3500 1107 ἐμφρόνως
3526 1034 3589 1088 τὸ
3616 1031 3820 1104 μεταξῦ

2241 1131 2378 1186 Θεοῦ
2411 1133 2504 1185 καὶ
2547 1130 2849 1200 ἀνθρώπων
2907 1129 3099 1200 χάσμα
3151 1128 3430 1199 διέϐησαν,
3481 1127 3697 1198 σαρκὸς
3733 1128 3822 1179 καὶ

2243 1224 2451 1293 κόσμου
2506 1222 2649 1276 κατά
2696 1222 2795 1292 τὴν
2847 1221 3033 1291 σχέσιν
3082 1219 3349 1284 ἑκουσίως
3401 1219 3818 1287 ἀπογενόμενοι.

2242 1317 2447 1385 Χάσμα
2476 1314 2585 1384 γὰρ
2607 1315 2683 1377 ὼς
2715 1313 2932 1384 ἀληθῶς
2961 1313 3191 1386 φοϐερόν
3225 1329 3285 1366 τε
3323 1313 3415 1366 καὶ
3441 1313 3587 1383 μέγα
3621 1310 3821 1382 μεταξὺ

2242 1407 2379 1462 Θεοῦ
2420 1407 2513 1462 καὶ
2551 1405 2855 1477 ἀνθρώπων
2891 1406 3039 1458 ἐστὶν
3068 1405 3105 1473 ὴ
3147 1404 3284 1471 πρὸς
3324 1403 3388 1457 τὸ
3415 1402 3578 1472 σῶμα
3615 1401 3716 1455 καὶ
3737 1400 3822 1462 τὸν

2243 1501 2447 1571 κόσμον
2497 1497 2689 1552 τοῦτον
2741 1497 2947 1568 στοργὴ
2996 1497 3090 1550 καὶ
3131 1494 3394 1557 διάθεσις.
3421 1487 3525 1546 Ὧν
3559 1491 3820 1559 γενναίως

2240 1591 2340 1663 τὴν
2371 1591 2624 1662 στέρησιν
2650 1589 2859 1660 χαίρων
2890 1588 3118 1658 στέρξας
3160 1589 3190 1641 ὁ
3219 1586 3472 1654 Λάζαρος
3531 1583 3650 1654 (ὡς
3682 1581 3821 1652 δηλοῖ

2239 1683 2276 1754 ἧ
2302 1699 2362 1736 τε
2395 1683 2550 1746 νόσος
2583 1681 2739 1752 καὶὴ
2772 1679 2952 1746 πενία,
2979 1680 3013 1750 ἡ
3045 1679 3143 1750 μὲν
3179 1679 3277 1749 τὴν
3299 1677 3438 1746 πρὸς
3475 1675 3572 1729 τδν
3600 1674 3821 1744 κόσμον.

2240 1776 2275 1847 ἡ
2306 1773 2364 1827 δὲ
2387 1773 2487 1841 τὴν
2510 1773 2645 1844 πρὸς
2669 1773 2732 1826 τὸ
2761 1772 2920 1843 σῶμα
2941 1770 3241 1840 ποιουμένη
3266 1768 3418 1838 αὐτῷ
3443 1764 3820 1836 ἀλλοτρίωσιν)

575 1880 633 1927 et
662 1870 911 1935 divitem,
941 1869 1038 1940 qui
1071 1877 1221 1924 totus
1255 1868 1312 1923 in
1357 1865 1465 1920 illis
1493 1863 1822 1926 inhaesisset,
1871 1868 2029 1916 extra
2059 1873 2146 1912 re-

2250 1869 2349 1937 τὴν
2371 1868 2429 1920 ὲν
2453 1867 2673 1928 κόλποις
2712 1865 2960 1936 Ἀϐραάμ
2981 1861 3297 1935 κατηξιώθη
3329 1861 3519 1915 λαϐεῖν
3570 1858 3762 1930 (165
3777 1858 3823 1927 ι)

575 1960 994 2033 frigerationem
1059 1958 1286 2028 reliquit
1322 1969 1400 2022 ιιι,
1444 1959 1636 2025 {neque
1689 1953 1859 2007 alium
1911 1949 2145 2006 carnalis

576 2057 703 2111 vitae
746 2054 989 2109 fructum
1039 2052 1333 2108 habentem
1366 2057 1567 2119 praeter
1613 2045 1761 2117 quod
1801 2045 1922 2116 ejus
1971 2041 2146 2113 ipsius

576 2160 740 2202 causa
777 2153 982 2200 aeterna
1023 2159 1184 2214 paena
1220 2142 1475 2206 allioitur,
1512 2154 1695 2209 neque
1725 2143 1996 2208 praesente
2033 2134 2144 2187 vita

574 2236 876 2300 fruentem,
917 2251 1080 2306 quam
1132 2234 1303 2289 solam
1347 2231 1696 2286 desiderabat
1732 2236 1790 2284 et
1835 2226 2144 2290 adamabat,

576 2345 702 2385 cum
735 2338 917 2384 tamen
965 2325 1194 2382 retineri
1241 2341 1306 2380 ea
1344 2322 1668 2378 naturaliter
1689 2331 1914 2390 propter
1941 2318 2146 2372 ﬂuxum

577 2421 724 2476 haud
766 2428 952 2491 queat,
1005 2432 1186 2488 neque
1229 2416 1426 2474 futura:
1454 2423 1785 2484 compotem,
1818 2411 1974 2480 cujus
2002 2424 2148 2465 sem-

578 2524 678 2578 per
706 2509 892 2563 studio
925 2516 981 2562 et
1012 2521 1198 2561 amore
1227 2521 1294 2560 ex
1326 2512 1441 2559 toto
1470 2508 1786 2566 vacaverat,
1838 2516 1962 2570 quae
2002 2499 2148 2554 solos

578 2616 676 2656 eos
719 2601 1114 2670 complectatur
1143 2598 1236 2668 qui
1275 2596 1496 2667 penitus
1532 2610 1653 2650 eam
1695 2593 1928 2664 diligant
1960 2603 2016 2647 et
2048 2605 2150 2662 pro

579 2689 854 2746 desiderio
897 2691 1016 2761 ejus
1074 2687 1298 2758 quosvis
1345 2685 1567 2740 dolores
1619 2683 1878 2738 lubenter
1926 2691 1983 2736 et
2024 2695 2149 2735 cum

580 2780 862 2849 voluptate
913 2778 1216 2850 perferant.
1265 2775 1436 2832 Sinus
1482 2783 1668 2828 autem
1717 2771 2015 2826 Abrahami
2055 2769 2149 2839 qui

580 2871 843 2927 dicuntur
893 2871 1251 2943 intelligimus
1298 2869 1472 2924 Deum
1503 2866 1596 2937 qui
1631 2865 1699 2920 de
1729 2862 2025 2919 Abrahami
2062 2877 2150 2915 se-

579 2966 728 3020 mine
779 2963 1077 3019 carnaliter
1124 2961 1287 3017 nobis
1339 2959 1620 3030 apparuit,
1664 2970 1856 3012 verum
1906 2954 2153 3008 omnium

579 3057 934 3128 prtebitorem
970 3054 1229 3110 omnibus
1256 3051 1433 3123 gratia
1467 3049 1650 3121 dignis
1677 3063 1776 3118 pro
1809 3046 2069 3116 qualitate
2098 3051 2154 3097 et

580 3147 887 3218 quantitate
913 3148 1182 3218 cujusque
1213 3145 1457 3210 virtutis,
1486 3143 1640 3197 velut
1659 3139 1874 3194 diversa
1903 3135 2150 3206 quaedam

581 3239 861 3303 donativa,
906 3238 1002 3293 sed
1049 3237 1398 3294 individuum
1449 3249 1570 3290 sese
1600 3232 2042 3293 distribuentem,
2098 3221 2224 3283 et“

581 3342 768 3386 tamen
805 3331 882 3387 ita
926 3341 987 3387 ut
1038 3345 1165 3387 cum
1199 3329 1284 3384 eis
1311 3328 1405 3398 qui
1451 3325 1787 3396 participant
1812 3335 2154 3391 nequaquam

583 3426 748 3480 simul
781 3425 1106 3488 dissecetur,
1134 3428 1362 3493 propter
1390 3417 1619 3474 unitatis
1647 3413 1978 3470 naturaliter
2008 3411 2157 3466 inse-

586 3517 886 3586 parabilem
951 3512 1510 3575 exsistentialitatem,
1569 3516 1625 3562 et
1678 3515 1905 3568 rursus;
1930 3513 2157 3574 propter

585 3606 860 3675 disparem
907 3618 1098 3658 eorum
1137 3600 1340 3672 quibus
1369 3597 1810 3655 communicatur
1835 3592 2157 3663 dignitatem

585 3698 644 3752 in
687 3693 1143 3750 communicando
1189 3707 1308 3746 sese
1344 3690 1578 3744 miriﬁce
1616 3684 1919 3742 secundum
1961 3681 2158 3740 inclia-

586 3789 754 3843 bilem
790 3786 1082 3857 quamdam
1114 3784 1507 3838 adunationem
1555 3778 1850 3850 separatim
1895 3791 2162 3846 apparen-

586 3890 695 3936 tem
729 3880 902 3950 (novit
947 3877 1114 3948 ratio)
1158 3896 1170 3930 :
1224 3876 1290 3932 ad
1330 3890 1493 3946 quem
1539 3887 1704 3926 nemo
1740 3880 2030 3942 penetrare
2061 3883 2159 3938 po-

586 3975 716 4031 terit
740 3974 831 4044 qui
861 3973 1043 4028 carnis
1077 3971 1358 4041 voluptate
1394 3967 1615 4040 gaudet,
1649 3981 1713 4020 ac
1751 3963 1942 4019 mundi
1987 3961 2160 4032 magis

587 4065 780 4120 fraude
832 4081 996 4134 quam
1028 4063 1189 4118 beata
1236 4063 1411 4132 ipsius
1451 4059 1622 4130 gloria
1674 4057 2001 4119 delectatur,
2058 4068 2162 4108 nec

588 4157 758 4211 stabit
789 4174 911 4212 cum
934 4156 1125 4210 mundi
1146 4155 1354 4208 victore
1379 4169 1410 4207 a
1432 4151 1639 4206 mundo
1658 4149 1908 4204 devictus
1935 4157 1991 4202 et
2020 4146 2162 4201 male

589 4249 830 4318 prudens
858 4263 923 4302 eo
963 4247 1264 4300 exsultans.
1306 4244 1493 4314 Neque
1522 4243 1669 4298 enim
1698 4242 1781 4296 fas
1818 4255 1938 4295 esse
1969 4239 2160 4294 statuit

592 4340 779 4396 divina
809 4339 1044 4410 justitia.
1081 4345 1143 4390 ut
1173 4336 1265 4406 qui
1295 4337 1397 4391 hac
1431 4335 1542 4389 vita
1583 4350 1698 4388 rem
1726 4334 2022 4387 humanam
2051 4347 2164 4385 me-

2246 1959 2575 2024 ἀνάπαυσιν,
2601 1959 2693 2011 τὸν
2728 1956 2938 2019 τούτοις
2982 1953 3398 2026 προστετηκότα
3428 1951 3698 2005 πλούσιον
3729 1951 3823 2015 ἔξω

2246 2050 2405 2120 ἀφεὶς
2431 2051 2530 2122 τῆς
2560 2049 2818 2113 ἀνέσεως,
2863 2047 3029 2118 μηδὲν
3052 2045 3179 2100 ἄλλο
3202 2045 3301 2115 τῆς
3334 2043 3426 2098 διὰ
3449 2043 3659 2113 σαρκὸς
3685 2041 3820 2109 ὠφε-

2245 2141 2475 2212 ληθέντα
2511 2141 2680 2211 ζωῆς.
2713 2139 2854 2209 πλὴν
2879 2139 2974 2192 τοῦ
3014 2136 3102 2190 ἐπ’
3133 2137 3268 2207 αὐτῇ
3295 2136 3627 2206 ἀπεράντως
3665 2132 3821 2187 κολά-

2249 2235 2457 2299 ζεσθαι,
2485 2233 2561 2296 ὡς
2591 2231 2720 2286 οὔτε
2748 2232 2848 2300 τὴν
2881 2229 3167 2301 παροῦσαν
3206 2226 3354 2298 ζωὴν
3382 2225 3601 2296 ἔχοντα,
3641 2225 3714 2294 ἣν
3735 2238 3825 2275 πο-

2249 2327 2421 2397 θήσας
2463 2325 2631 2395 μόνην
2659 2321 2958 2392 ἠσπάζετο,
2991 2321 3302 2390 ἄκρατητον
3340 2317 3509 2387 φύσει
3545 2315 3698 2370 κατά
3736 2317 3824 2382 τὴν

2251 2416 2436 2487 ρεὖσιν
2464 2413 2846 2484 ὑπάρχουσαν,
2875 2409 3000 2464 οὔτε
3029 2411 3130 2480 τῆς
3171 2407 3472 2481 μελλούσης
3505 2405 3827 2477 μεταλαχεῖν

2249 2504 2570 2576 δυνάμενον,
2610 2503 2746 2574 πρὸς
2790 2502 2858 2574 ἢν
2901 2500 3072 2573 ἀργὸς
3103 2500 3418 2554 παντάπασι
3464 2499 3712 2568 διέμεινε
3744 2497 3830 2549 καὶ

2250 2596 2569 2668 ἀνέραστος,
2619 2595 2802 2665 μόνοις
2848 2595 3080 2657 ἐκείνοις
3115 2591 3463 2664 συμφύεσθαι
3512 2592 3632 2652 τοῖς
3670 2587 3829 2657 αὐτὴν

2249 2687 2553 2758 ὁλοσχερῶς
2619 2686 2943 2756 ἀγαπήσασι
3004 2684 3338 2754 πεφυκυίας,
3396 2681 3494 2740 καὶ
3546 2679 3646 2733 τοῦ
3705 2679 3830 2748 πρὶς

2251 2780 2421 2851 αὐτὴν
2480 2779 2665 2832 εἵνεκα
2721 2777 2890 2830 πόθου
2934 2777 3112 2830 πάντα
3156 2775 3224 2828 τὰ
3274 2772 3505 2841 ἀλγεινά
3537 2769 3829 2840 προθύμως

2255 2872 2374 2942 μεθ’
2444 2870 2641 2942 ἡδονῆς
2704 2867 3054 2938 ὑπομείνασι.
3130 2865 3384 2925 Κόλπους
3456 2862 3512 2915 δὲ
3586 2858 3831 2931 Ἀϐραὰμ

2251 2961 2551 3024 ἀκούοντας
2597 2959 2691 3013 τὸν
2747 2960 2812 3012 ὲκ
2862 2957 3179 3029 σπέρματος
3242 2953 3499 3026 ’Δὸραάμ
3548 2951 3646 3004 τὸν
3700 2950 3830 3003 κατά

2254 3052 2433 3124 σάρκα
2469 3053 2603 3122 ἡμῖν
2645 3046 2984 3118 ἐπιφανέντα
3025 3047 3293 3117 νοήσομεν
3320 3042 3478 3104 Θεὸν,
3529 3040 3624 3092 τὸν
3672 3039 3832 3098 ὅντως

2255 3148 2474 3200 πάντων
2499 3140 2794 3213 χορηγικδν
2820 3139 2914 3192 καὶ
2946 3139 3083 3191 πᾶσι
3126 3137 3240 3196 τοῖς
3272 3133 3444 3198 ἀξίοις
3488 3132 3592 3201 τῆς
3621 3131 3830 3201 χάριτος

2256 3236 2536 3303 ἀναλόγως
2579 3235 2646 3304 τῇ
2691 3230 2814 3286 κατ’
2857 3229 3062 3301 ἀρετὴν
3108 3227 3341 3281 ἑκάστου
3375 3224 3632 3294 ποιότητξ
3660 3239 3722 3274 τε
3747 3220 3833 3274 καὶ

2257 3327 2541 3396 ποσότητι,
2592 3321 2716 3377 οἶόν
2772 3339 2925 3384 τινας
2974 3319 3268 3390 διαφόρους
3310 3314 3484 3386 νομάς
3529 3315 3579 3348 ⁸⁸
3621 3311 3833 3382 ἀμερῶς

2257 3415 2450 3470 ἑαυτὸν
2483 3412 2872 3484 ὲπιμερίζοντα
2897 3410 2994 3464 καὶ
3022 3412 3138 3472 τοῖς
3171 3407 3494 3479 μετέχουσιν
3515 3404 3631 3458 οὐδ’
3662 3405 3832 3456 omn:-

2257 3507 2352 3562 οὖν
2374 3504 2919 3574 συνδιατεμνόμενον,
2961 3501 3049 3555 διὰ
3086 3500 3184 3571 τὴν
3224 3497 3366 3552 κατά
3395 3496 3562 3566 φύσιν
3601 3494 3834 3563 ἄτμητον

2257 3597 2521 3667 ὀντὸτητα
2554 3597 2654 3664 τῆς
2683 3592 2954 3660 ὲνότητος,
2999 3588 3282 3660 κᾶμπαλιν
3309 3587 3396 3641 διά
3441 3585 3544 3657 τὴν
3584 3585 3834 3651 διάφορον

2259 3689 2418 3754 ἀξίαν
2471 3685 2582 3740 τῶν
2640 3683 2979 3757 μετεχόντων
3027 3683 3152 3744 ταῖς
3213 3680 3474 3750 μετοχαῖς
3521 3673 3834 3746 παραδόξως

2259 3780 2382 3834 καθ’
2439 3779 2637 3832 ἕνωσιν
2687 3777 2923 3849 ἄρρητον
2987 3771 3357 3845 ἀφοριστικῶς
3419 3769 3834 3838 ἑπιφαινόμενον

2263 3869 2444 3946 (οἶδεν
2471 3874 2499 3925 ὁ
2523 3869 2743 3940 λόγος),
2780 3868 2917 3939 πρδς
2943 3866 3003 3920 ὃν
3039 3865 3215 3928 οὐδεὶς
3261 3862 3515 3931 διαϐῆναι
3554 3862 3832 3931 δυνήσεται

2261 3962 2458 4034 opstat
2517 3960 2723 4031 χαίρων
2756 3957 2979 4029 σαρκὸς,
3041 3955 3134 4010 καὶ
3185 3955 3284 4024 τῆς
3338 3953 3507 4006 αὐτοὶ)
3569 3948 3832 4022 μακαρίας

2227 4056 2420 4127 δόξης
2471 4057 2536 4126 τῇ
2584 4051 2680 4106 τοῦ
2734 4051 2941 4122 κόσμου
2989 4049 3176 4120 ἀπάτη
3216 4046 3378 4099 πλέον
3400 4045 3687 4116 ἡδόμενος,
3717 4039 3829 4094 οὐδὲ

2263 4148 2521 4219 στήσεται
2574 4143 2712 4214 μετὰ
2773 4140 2867 4194 τοῦ
2921 4141 3012 4194 τὸν
3057 4140 3264 4208 κόσμον
3307 4137 3640 4206 νικήσαντος
3686 4137 3710 4186 ὁ
3758 4129 3829 4198 τῷ

2263 4236 2455 4308 κόσμῳ
2482 4233 2736 4304 ἡττηθεὶς
2767 4232 2863 4285 καὶ
2908 4231 2993 4283 ἐπ’
3027 4229 3190 4299 αύτῷ-
3209 4228 3394 4291 κακῶς
3417 4225 3580 4289 εἰδὼς
3612 4223 3829 4292 ἀγαλλό-

2271 4345 2450 4401 μενος.
2480 4327 2594 4379 Ούκ
2620 4319 2760 4379 εἶναι
2794 4323 2903 4394 γὰρ
2942 4322 3090 4390 ἄξιον
3124 4321 3340 4392 ἔκρινεν
3384 4322 3419 4390 ὴ
3462 4318 3587 4372 θεία
3639 4318 3829 4370 δικαιοο

592 4433 810 4486 tiuntur
840 4441 895 4486 et
927 4404 1209 4501 opulentia
1232 4444 1295 4484 ac
1323 4427 1638 4482 valetudine
1667 4424 1921 4495 corporis
1956 4434 2010 4479 et
2039 4423 2151 4478 aliis

2267 4422 2400 4490 σύνη
2448 4416 2762 4490 (166a),
2811 4417 2937 4478 τοὺς
2974 4417 3040 4485 τῇ
3086 4412 3198 4484 ζωῇ
3235 4412 3411 4483 ταύτῃ
3459 4410 3531 4462 τὰ
3584 4406 3718 4463 κατά
3744 4404 3827 4456 τὸν

590 4523 920 4578 muneribus
952 4523 1309 4586 insolescunt,
1356 4521 1524 4590 inque
1574 4519 1662 4574 his
1700 4518 1830 4573 solis
1861 4513 2151 4570 beatitudi-

2269 4513 2556 4584 ἄνθρωπον
2608 4507 3070 4579 περιγράφοντος,
3124 4506 3222 4558 καὶ
3257 4503 3474 4571 πλούτῳ
3525 4501 3622 4555 καὶ
3684 4495 3828 4566 ὑγεία

592 4627 720 4667 nem
746 4611 1036 4676 collocant,
1053 4622 1243 4666 contra
1273 4611 1470 4666 anima:
1499 4609 1643 4664 bona
1677 4607 1838 4662 nihili
1866 4606 2151 4668 aestimant,

2267 4605 2520 4674 σώματος
2554 4603 2647 4658 καὶ
2694 4603 2809 4664 τοῖς
2857 4599 3038 4660 ἄλλοις
3070 4595 3376 4666 ἀξιώμασιν
3415 4592 3825 4666 ἀῦρυνομὲνους.

526 4703 531 4710 ’
592 4706 798 4759 divinis
844 4713 1009 4774 atque
1063 4705 1287 4760 aeternis
1333 4703 1645 4774 potirentur
1695 4699 1877 4765 bonis,
1927 4713 2151 4767 quorum

2266 4693 2554 4750 καὶτοῦτο
2600 4693 2762 4764 μόνον
2822 4691 3092 4762 μακάριον
3144 4685 3452 4754 κρίνοντας,
3510 4685 3580 4737 τα
3635 4683 3690 4736 δὲ
3728 4678 3824 4749 τῆς

593 4813 785 4856 curam
813 4797 1111 4852 habuerint
1139 4797 1300 4867 plane
1346 4796 1576 4857 nullam,
1622 4792 1694 4846 ob
1737 4790 1962 4844 nimiam
1994 4796 2151 4843 male

2265 4786 2442 4856 ψυχῇς
2480 4782 2664 4852 ἀγαθὰ
2703 4782 2834 4852 παρ’
2862 4780 3018 4835 οὐδὲν
3049 4778 3390 4848 τιθεμένους,
3420 4775 3530 4830 τῶν
3559 4775 3711 4828 θείων
3732 4770 3821 4826 καὶ

594 4889 815 4944 rialium
861 4888 1133 4953 studium,
1186 4887 1538 4940 immemores
1586 4890 1851 4953 quantum
1880 4879 2084 4935 divitiw
2112 4890 2151 4934 et

2267 4875 2502 4931 αἰωνίων
2539 4874 2862 4946 μεταλαχεῖν
2887 4871 3129 4940 ἀγαθῶν,
3189 4863 3264 4924 ῶν
3316 4867 3429 4922 οὖδ*
3463 4866 3602 4930 ὅλως
3645 4863 3822 4932 ἐφρόν-

596 4979 854 5035 valetudo
905 4979 1227 5049 reliquaque
1296 4973 1616 5046 temporalia
1681 4973 1824 5028 bona
1866 4970 2151 5025 virtutibus

2271 4985 2448 5032 τισαν,
2510 4965 2600 5022 διὰ
2659 4965 2758 5035 τὴν
2812 4961 3015 5033 πολλὴν.
3062 4961 3191 5031 περὶ
3242 4960 3313 5014 τά
3375 4956 3539 5012 ὑλικά
3584 4953 3820 5020 σπουδὴνι

596 5083 948 5142 superentur.

973 5337 1356 5408 Contemplatio
1393 5337 1455 5390 de
1481 5331 1780 5390 virtutibus.

669 5452 812 5509 Sola:
857 5453 1029 5516 enim,
1109 5453 1326 5508 etiamsi
1372 5452 1479 5506 alia
1555 5451 1931 5512 comitantur,
1988 5448 2166 5502 virtu-

600 5553 684 5597 tes
743 5543 966 5598 beatum
1031 5541 1268 5596 reddunt
1321 5541 1649 5596 hominem:
1691 5555 1798 5594 una
1845 5552 1970 5593 cum
2016 5537 2161 5603 aliis,

671 5662 712 5691 ω
753 5653 884 5708 Luc.
915 5669 1023 5717 1m,
1058 5653 1152 5706 25.

2271 5058 2650 5128 ἁγνοήσαντας
2713 5055 2836 5108 ὅσον
2886 5051 3119 5108 πλούτου
3175 5051 3268 5104 καὶ
3331 5050 3522 5118 ὑγείας
3582 5047 3671 5101 καὶ
3719 5042 3823 5096 τῶν

2273 5148 2447 5202 ἄλλων
2476 5146 2828 5219 προσκαίρων
2855 5142 3076 5213 ἀγαθῶν
3119 5143 3175 5197 αἱ
3215 5141 3410 5213 ἀρεταὶ
3455 5139 3820 5211 ὑπερέχουσιν.

2208 5269 2273 5280 ..-

2731 5323 2949 5392 Θεωρία
2986 5320 3119 5390 περὶ
3157 5317 3404 5389 ἀρετῶν.

2343 5443 2520 5498 Μόναι
2543 5441 2654 5511 γὰρ
2681 5441 2777 5494 καί
2803 5439 2902 5492 σὺν
2924 5438 3037 5499 τοῖς
3065 5434 3247 5497 ἄλλοις
3273 5435 3329 5486 αἱ
3361 5429 3556 5501 ἀρεταὶ
3576 5425 3822 5498 μακάριον

2271 5535 2488 5589 ποιοῦσι
2515 5533 2612 5588 τὸν
2642 5531 2947 5602 ἄνθρωπον.
2990 5526 3144 5582 Μετά
3177 5528 3275 5597 μὲν
3316 5524 3426 5578 τῶν
3478 5522 3661 5583 ἄλλων,
3692 5513 3824 5571 κατὰ

1889 5717 2118 5773 VARI/IS
2157 5716 2552 5772 LECTIONES.

681 5793 728 5828 “
759 5793 924 5862 νόμας
958 5792 1079 5848 eod.
1107 5791 1250 5849 Gud.
