4026 6288
231 361 367 428 H73

1458 373 1980 436 AMBIGUORUM
2017 372 2269 434 LIBER.

3341 357 3479 424 ωτι

226 476 454 542 πλάτος,
509 477 588 542 ῶς
617 495 701 543 τις
745 476 851 552 ἔφη
896 481 1002 535 τῶν
1032 483 1100 540 τὰ
1133 482 1255 539 θεῖα
1278 483 1504 556 σοφῶν,
1547 487 1709 558 μόναι
1745 486 1802 540 δὲ

1906 483 2212 541 secundum
2240 481 2712 547 latitudinem,.tn
2743 477 2948 549 aliquis
2967 476 3032 531 in
3068 475 3236 531 rebus
3276 473 3480 530 divinis

223 570 322 631 καὶ
351 569 478 624 καθ’
506 571 728 638 ἑαυτὰς,
757 572 900 629 κατά
926 577 1298 649 περιγραφήν.
1348 577 1470 633 Τῶν
1499 579 1609 650 γὰρ
1633 579 1804 634 δντων

219 660 290 716 τὰ
317 662 422 730 μὲν
458 661 599 715 κατά
630 664 980 738 περιγραφὴν
1022 669 1246 732 νοεῖται,
1283 667 1360 733 ῶς
1389 668 1616 741 δίπηχυ,
1651 669 1719 724 τά
1745 669 1804 724 δὲ

221 751 366 806 κατά
390 753 614 820 πλάτος,
661 753 737 818 ῶς
766 756 961 826 σωρός.
1004 759 1190 828 Σωροῦ
1236 758 1348 830 γὰρ
1381 759 1484 814 κᾶν
1518 760 1612 815 δύο
1654 761 1806 832 μεδί-

223 860 398 915 μνους
427 843 655 918 ἀφέλῃς.
689 847 751 900 τὸ
776 846 1099 920 λειπόμενον
1133 853 1286 923 μένει
1323 853 1533 923 σωρός·
1579 853 1672 913 καὶ
1701 855 1803 926 τῆς

217 931 277 986 δὲ
305 933 448 989 κατά
490 934 697 1000 πλάτος
750 939 1159 1012 μακαριότητος
1205 941 1272 997 ἂν
1327 943 1535 1019 ἀφέλῃς
1584 944 1654 999 τὰ
1707 945 1802 1000 τοῦ

219 1025 479 1096 σώματος
503 1029 600 1082 καὶ
632 1029 740 1083 τῶν
768 1032 930 1097 ἐκτὸς
960 1034 1162 1103 ἀγαθὰ,
1211 1036 1519 1110 καταλίπῃς
1543 1036 1600 1092 δὲ
1634 1038 1802 1110 μόνας

215 1114 317 1179 τὰς
352 1117 576 1190 ἀρετὰς,
611 1121 764 1192 μένει
814 1123 910 1180 καὶ
960 1123 1135 1190 οὕτως
1176 1126 1463 1194 ἀνελλιπὲς
1506 1129 1585 1183 τὸ·
1619 1129 1802 1200 μακά-

216 1225 362 1280 ριον.
393 1212 686 1286 Αὐτάρκης
701 1215 923 1290 γὰρκαὶ
949 1217 1073 1275 καθ’
1099 1219 1298 1291 ἑαυτὴν
1338 1220 1418 1291 τῷ
1449 1220 1628 1292 ἔχοντι
1657 1222 1801 1294 πρὸς

214 1299 566 1372 εὐδαιμονίαν
621 1306 655 1376 ή
701 1308 896 1379 ἀρετή.
941 1309 1056 1373 Πᾶς
1099 1308 1193 1368 οὖν
1235 1309 1406 1375 κακὸς
1432 1311 1638 1378 ἄθλιος,
1695 1311 1800 1366 κᾶν

217 1390 402 1446 πάντα
428 1393 730 1468 συλλήϐδην
773 1397 874 1470 ἔχῃ
911 1399 982 1456 τά
1028 1399 1300 1473 λεγόμενα
1337 1402 1438 1474 τῆς
1465 1403 1570 1474 γῆς
1594 1403 1796 1474 ἀγαθά.

216 1482 331 1536 τῶν
369 1486 581 1557 ἀρετῶν
620 1490 984 1563 ἐστερημένος
1004 1509 1019 1524 ο
1060 1495 1154 1548 καὶ
1195 1497 1306 1560 πᾶς
1349 1495 1556 1565 ἀγαθὸς
1616 1496 1799 1566 μακάο

218 1590 379 1646 ριοςκ
405 1577 513 1635 κᾶν
550 1581 768 1636 πάντων
812 1583 1105 1656 ἐστέρηται
1144 1585 1382 1647 τῶνιέπ),
1406 1587 1510 1658 γῆς
1550 1585 1794 1656 ἀγαθῶν,

217 1662 362 1735 ἔχων
391 1669 492 1741 τῆς
520 1670 724 1742 ἀρετῆς
750 1673 849 1743 τὴν
881 1674 1422 1748 λαμπρότητα,,μεθ’
1443 1673 1512 1750 ἧς
1545 1677 1798 1750 Λάζαρος

215 1758 432 1904 ἓζαιὲν
489 1763 711 1832 κόλποις
770 1767 1020 1843 ’Δᾶραάμ
1081 1771 1388 1831 ἀνάπαυσιν
1435 1772 1577 1845 έχων
1624 1773 1796 1843 ἀγάλ-

1908 577 2132 647 sapiens
2167 574 2405 639 dicebat,
2441 573 2734 628 solae-vero
2763 585 2862 641 per
2887 567 3233 638 semetipsas,
3275 580 3479 621 secun-

1907 667 2038 722 dum
2061 664 2654 735 circumscriptionem.
2694 663 2902 717 Rerum
2933 658 3082 716 enim
3117 673 3246 727 pars
3279 671 3475 711 secun-

1906 758 2038 814 dum
2087 756 2657 826 circumscriptionem
2707 752 2978 818 noscitur,
3038 758 3104 805 ut
3151 748 3477 812 bicubitale,

1906 865 2034 922 pars
2052 864 2184 906 vero
2199 847 2504 907 secundum
2524 845 2900 909 latitudinem,
2919 843 2999 898 uti
3020 839 3481 898 acervus.Acervi

1905 941 2054 998 enim
2069 941 2283 997 etiamsi
2309 940 2450 996 duos
2492 940 2707 996 modios
2729 938 2942 1002 demis,
2980 945 3168 992 tamen
3208 930 3480 1006 relinqui-.-

1905 1041 1998 1088 tur
2039 1047 2299 1096 acervus;
2350 1038 2409 1086 et
2453 1031 2499 1086 si
2548 1030 2698 1086 illius
2751 1027 3058 1086 secundum
3119 1022 3475 1081 latitudinem

1903 1123 2267 1182 beatitudinis
2297 1121 2535 1194 demptis
2581 1121 2970 1195 corporalibus
3018 1126 3185 1189 atque
3230 1113 3482 1172 externis

1903 1217 2078 1275 bonis
2099 1216 2780 1287 solas.virtutes-reliquas
2805 1213 3042 1277 feceris,
3058 1208 3346 1267 beatitudo
3394 1207 3480 1266 ni:

1903 1309 2212 1369 hilominus
2237 1307 2444 1364 illibata
2476 1314 2821 1378 perseverat.
2848 1303 3063 1362 Sullicit
3091 1301 3242 1357 enim
3267 1298 3478 1368 vel_pel'

1901 1401 2251 1470 semetipsam
2291 1400 2359 1454 ad
2396 1398 2801 1456 beatitudinem
2835 1396 3034 1451 virtus.
3072 1391 3266 1449 Omnis
3309 1389 3478 1461 igitur

1899 1492 2077 1552 malus
2122 1491 2315 1556 miser,
2355 1489 2573 1545 etiamsi
2613 1496 2808 1546 cuncta
2835 1493 2996 1541 terrae
3033 1498 3158 1554 qua:
3189 1481 3478 1544 dicuntur,

1899 1582 2048 1643 bona
2076 1581 2298 1647 habeat,
2345 1595 2487 1638 cum.
2508 1579 2778 1634 virtutum
2809 1577 2883 1632 sit
2914 1589 3115 1648 expers
3149 1590 3162 1626 :
3203 1580 3260 1627 et
3293 1569 3476 1628 omnis

1897 1675 2077 1732 bonus
2125 1674 2341 1738 beatus,
2371 1670 2613 1730 etiamsi.
2637 1669 2898 1730 omnibus
2923 1720 2926 1724 .
2951 1667 3218 1741 privetur,
3233 1659 3474 1720 terrenis

1897 1767 2079 1832 bonis,
2106 1783 2232 1823 cum
2261 1767 2334 1821 sit
2369 1763 2594 1820 virtutis
2616 1761 2916 1834 splendore
2934 1769 3188 1823 ornatus,
3209 1769 3476 1828 quocum

1828 1847 1872 1903 Β
1909 1859 2150 1915 Lazarus
2181 1858 2238 1914 in
2269 1858 2394 1913 sinu
2419 1854 2727 1912 Abrahami
2763 1853 2961 1924 requie
2995 1850 3224 1923 gaudet.

223 2029 438 2100 Ἄλλη,
473 2034 684 2102 θεωρία
733 2038 822 2104 εις
858 2038 952 2102 τὸ,
988 2038 1174 2096 «Ἐὰν
1213 2029 1568 2112 σταυρωθῇς
1617 2045 1665 2077 ’⁵
1717 2044 1800 2110 ὡς

1905 2039 2018 2097 Alia
2069 2037 2443 2111 contemplatio
2493 2039 2551 2092 in
2605 2035 2741 2090 illud
2789 2052 2807 2090 :
2863 2053 2882 2086 ι
2938 2031 2996 2088 Si
3053 2026 3380 2099 cruciﬁgaris
3423 2041 3457 2077 α

781 2129 1021 2199 λῃστής
1062 2133 1163 2204 (υρ
1208 2153 1226 2186 ³

297 2234 615 2297 Κᾶναῦθις
667 2242 873 2316 λῃστής
903 2246 1056 2302 ἐστιν
1090 2248 1389 2320 εὐγνώμων
1447 2253 1484 2305 ό
1530 2252 1803 2319 καταξιω-

225 2330 344 2394 Θεὶς
395 2332 592 2404 (166
646 2333 706 2404 b)
762 2339 1211 2410 συσταυρωθήναι
1268 2342 1496 2414 Χριστῷ
1559 2343 1654 2399 διά
1704 2346 1802 2418 τῆς

225 2424 531 2489 παντελοῦς
559 2427 653 2480 καί
671 2428 969 2500 ὁλοκλήρου
1003 2431 1114 2485 τῶν
1144 2432 1336 2488 παθῶν
1359 2435 1704 2508 ἑτι-κρούσεως
1728 2439 1795 2504 ’⁸,

225 2515 325 2569 καὶ
368 2515 558 2583 δεξιῶς
600 2518 750 2590 αὑτῷ
807 2522 1298 2594 συσταυρούμενος,
1354 2527 1599 2581 τουτέστι
1660 2528 1801 2599 μετά

223 2607 389 2675 λόγου
444 2609 540 2663 καὶ
584 2608 840 2679 γνώσεως
899 2616 1079 2669 πᾶσαν
1137 2615 1352 2682 διεξιὼν
1419 2619 1643 2691 ἀρετήν,
1704 2622 1801 2674 καὶ

223 2699 586 2771 ἀπρόσκοπον.
637 2705 803 2759 πᾶσιν
836 2704 1144 2777 ἀνθρώποις
1189 2707 1282 2762 τὸν
1331 2707 1444 2778 βίον
1501 2709 1798 2781 διατηρῶν,

225 2793 324 2845 καὶ
390 2793 661 2864 μηδεμίαν
706 2794 845 2867 ἔχων
903 2797 962 2852 τὸ
1007 2801 1269 2870 παράπαν
1331 2800 1433 2871 τῆς
1484 2800 1596 2858 τοῦ,
1639 2801 1798 2872 λόγου

225 2882 536 2953 πραότητος
591 2884 904 2956 ἀπᾴδουσαν
985 2886 1056 2940 δι’
1116 2887 1502 2959 αὐστηρότητα
1560 2889 1796 2960 κίνησιν,

223 2971 503 3043 ἀγνώμων
542 2974 598 3028 δὲ
641 2975 847 3048 λῃστής
875 2979 1022 3031 ἐστιν
1052 2979 1080 3032 ό
1101 2977 1259 3050 δόξης
1291 2979 1477 3033 ἕνεκεν
1506 2980 1538 3051 ἢ
1577 2979 1799 3051 λημμά..

223 3082 338 3120 των
372 3065 677 3138 ἀδροτέρων
720 3070 834 3132 τοῖς
887 3069 1233 3140 φαινομένοις
1283 3071 1504 3142 τρόποις
1552 3072 1799 3137 ὑπούλως

2566 2129 2728 2182 latro.
2773 2145 2792 2179 ι

1971 2249 2156 2319 Atque
2217 2246 2265 2300 si
2323 2259 2517 2299 rursus
2565 2242 2732 2307 latro,
2773 2240 2868 2311 qui
2921 2254 3030 2294 una
3081 2253 3205 2292 cum
3253 2233 3479 2290 Christo

1899 2355 2120 2397 crucem
2153 2337 2265 2409 pati
2290 2335 2516 2399 meruit,
2549 2347 2743 2404 aequus
2767 2342 2822 2387 et
2855 2331 3067 2402 probus
3110 2337 3196 2384 est
3228 2325 3478 2382 affectio—

1901 2434 2068 2489 nibus
2099 2431 2261 2502 plene
2306 2437 2472 2499 atque
2506 2425 2752 2497 perfecte
2787 2423 3052 2494 expulsis,
3108 2431 3164 2478 et
3194 2420 3261 2476 ad
3292 2419 3480 2474 dexte-

1903 2541 2019 2580 ram
2065 2525 2186 2594 ejus
2231 2523 2382 2578 cruci
2425 2519 2656 2584 allixus,
2700 2518 2808 2572 hoc
2854 2530 2941 2577 est
2992 2530 3118 2570 cum
3180 2511 3392 2567 ratione
3423 2517 3480 2565 et

1904 2617 2217 2689 cognitione
2250 2629 2471 2670 omnem
2515 2610 2776 2668 virtutem
2811 2621 3168 2681 percurrens,
3211 2611 3268 2660 et
3308 2602 3476 2659 vitam

1899 2708 2114 2766 cunctis
2136 2707 2457 2762 hominibus
2484 2704 2813 2760 inoll‘ensam
2829 2710 2887 2758 et
2919 2702 3474 2759 innocuatnservaus,

1905 2801 2196 2871 omnisque
2224 2797 2452 2854 omnino
2484 2797 2552 2853 ab
2583 2792 3261 2851 rationismansuetudine
3283 2788 3478 2846 absoni

1907 2900 2130 2964 propter
2183 2890 2442 2949 duritiem
2491 2895 2683 2942 motus,
2721 2901 2961 2956 expers,
3011 2884 3252 2954 iniquus.
3284 2889 3480 2937 contra

1904 2987 2048 3041 latro
2092 2984 2310 3055 est.qui
2357 2982 2525 3036 vitam
2565 2978 2866 3034 virtutibus
2902 2977 3085 3032 colere
3133 2972 3312 3029 modis
3354 2986 3479 3042 spe-

1905 3076 2080 3134 ciosis
2095 3075 2269 3132 .famze
2298 3081 2393 3128 aut
2411 3071 2736 3143 spissiorum
2771 3068 3270 3124 emolumentorum
3293 3064 3477 3135 gratia

223 3156 322 3208 τὸν
363 3158 483 3210 κατ’
535 3156 734 3230 ἀρετήν
783 3158 897 3229 βίον
951 3161 1398 3232 ὑποκρινόμενος,
1446 3163 1545 3217 καὶ
1580 3161 1678 3218 ἕνα
1704 3165 1801 3222 καὶ

1905 3169 2132 3228 subdole
2173 3167 2419 3226 simulat.
2470 3179 2640 3221 unum
2699 3173 2756 3218 et
2795 3162 2972 3218 solum
3021 3158 3166 3231 apud
3221 3165 3478 3215 externos

228 3246 394 3318 μόνον
424 3249 559 3318 πρὸς
592 3250 716 3314 τοὺς
768 3250 874 3316 ἔξω
918 3252 1013 3306 τὸν
1043 3253 1249 3308 κόλακα
1280 3252 1437 3325 λόγον
1464 3255 1588 3308 ἀντὶ
1619 3256 1802 3326 πάσης

225 3339 434 3407 ἀρετῆς
461 3357 521 3394 τε
548 3342 641 3394 καὶ
675 3341 930 3410 γνώσεως
974 3345 1394 3415 μετερχόμενος,
1430 3345 1568 3418 πρὸς
1595 3346 1652 3400 δὲ
1675 3327 1802 3411 τοὺς

226 3429 486 3498 συνήθεις
526 3431 736 3496 σκολιός
778 3450 863 3496 τις
902 3433 1002 3506 τὴν
1041 3433 1269 3505 γνώμην
1311 3436 1420 3488 τῶν
1457 3437 1804 3490 παντάπασιν

225 3519 305 3574 ῶν
337 3522 430 3574 καὶ
484 3521 837 3596 δυσάψτητος,
891 3526 950 3580 δν
996 3527 1079 3580 δεῖ
1116 3527 1263 3598 μάλα
1299 3545 1364 3596 γε
1404 3527 1501 3600 τὴν
1539 3530 1659 3584 όδὸν
1706 3530 1802 3583 τοῦ

226 3610 365 3664 Θεοῦ
418 3611 841 3684 βλασφημοῦντα
901 3618 1038 3686 μετὰ
1085 3617 1356 3683 συνέσεως
1407 3621 1801 3689 ἐπιστομίζειν.

230 3701 396 3764 Ἴσως
422 3701 533 3772 γὰρ
567 3703 836 3758 παύσεται
871 3705 965 3758 τοῦ
1002 3705 1310 3764 διαβάλλειν
1357 3706 1446 3759 διά
1470 3709 1569 3778 τῆς
1596 3707 1804 3770 οἰκείας

228 3795 582 3866 ἀναστροφῆς
619 3799 710 3850 τὸν
738 3797 919 3867 λόγον,
972 3802 1038 3870 τῇ
1088 3799 1409 3871 παραινέσει
1444 3801 1488 3832 ⁹⁴¹
1534 3800 1628 3854 τοῦ
1681 3803 1804 3854 ὲπι-

226 3887 587 3958 πλήσσοντος,
619 3889 808 3961 ὥσπερ
841 3892 933 3944 ἐπὶ
954 3890 1047 3944 τοῦ
1084 3893 1322 3963 σταυροῦ
1347 3892 1614 3950 πέπονθεν
1647 3892 1676 3944 ό
1707 3893 1806 3963 τὴν

232 3975 589 4047 βλασφημίαν
615 3979 786 4040 ἀδεῶς
818 3980 1442 4054 προσενέγκαςληστής.
1483 3981 1557 4034 Τὸ
1595 3983 1704 4053 γὰρ
1729 3980 1805 4054 μὴ

229 4067 691 4135 ἀντιφθέγξασθαι
735 4070 814 4139 τῷ
848 4071 1208 4143 ὲπιπλήξαντι
1272 4076 1496 4144 σημεῖον
1548 4074 1661 4146 ἔχει
1705 4075 1807 4145 τῆς

229 4159 325 4212 τοῦ
377 4159 637 4230 ῥηθέντος
681 4162 955 4235 ἀποδοχῆς
1010 4163 1170 4233 λόγου
1219 4164 1319 4235 τὴν
1372 4166 1606 4236 σιωπήν.
1668 4164 1806 4218 Καθ’

229 4251 426 4320 ἥντινα
459 4251 590 4315 γοῦν
619 4253 725 4307 τῶν
749 4255 1056 4324 εἰρημένων
1101 4254 1180 4325 τῷ
1220 4255 1442 4326 Χριστῷ
1472 4256 1806 4328 συσταυρού-

235 4342 397 4412 μεθα,
429 4343 842 4413 σπουδάσωμεν,
875 4346 950 4408 ῶς
969 4347 1136 4416 ἐσμεν
1164 4347 1420 4409 ἐνταῦθα,
1443 4347 1534 4400 τὸν
1565 4365 1806 4401 συσταυο

234 4436 498 4507 ρούμενον
553 4439 686 4509 ἡμῖν
743 4439 1067 4493 ἱλεῶσασθαι
1119 4441 1297 4510 λόγον,
1329 4442 1423 4494 καὶ
1453 4441 1552 4513 τὴν
1599 4442 1804 4513 ἀψευδῆ

228 4528 489 4593 δέξασθαι
524 4531 569 4562 ’³
598 4531 739 4584 κατά
769 4533 1075 4602 συνείδησιν
1104 4533 1470 4605 καταρθεῖσαν
1500 4534 1614 4587 τῶν
1641 4535 1808 4607 πλησ-

233 4621 438 4674 σόντων
482 4621 652 4692 αὐτὴν
685 4624 974 4693 νοημάτων
1011 4624 1108 4693 τῆς
1156 4625 1515 4689 ἀναπαύσεως
1547 4626 1805 4694 ’ἐπαγγε-

230 4713 373 4777 λίαν,
430 4713 590 4784 εἴπερ
643 4715 676 4784 ἠ
729 4718 968 4786 σήμερον
995 4715 1093 4786 τὴν
1124 4717 1428 4771 ἐνεστῶσαν
1475 4717 1668 4771 τούτου
1709 4717 1806 4771 τοῦ

231 4799 431 4862 αἰῶνος
484 4799 701 4870 ἡμέραν
761 4801 1096 4856 ἐνδείκνυται
1120 4802 1414 4872 (Σήμερον
1450 4805 1580 4873 γὰρ,
1617 4804 1804 4874 φησὶν,

228 4890 347 4958 ἔσῃ
373 4892 501 4959 μετ’
527 4891 671 4959 ἐμοῦ
705 4891 776 4944 ἐν
809 4891 887 4956 τῷ
910 4893 1104 4964 (167
1131 4895 1200 4961 α)
1248 4894 1646 4964 παραδείσῳ).
1681 4896 1714 4964 ἡ
1751 4895 1810 4949 δὲ

230 4979 423 5050 αὔριον
466 4979 568 5052 τὴν
611 4980 704 5034 τοῦ
769 4982 1082 5052 μέλλοντος,
1132 4983 1252 5036 καθ’
1297 4984 1362 5054 ἣν
1401 4985 1658 5052 οὐδεμίαν
1707 4984 1805 5054 μὲν

229 5073 426 5140 ἄφεσιν
454 5072 867 5143 ἁμαρτημάτων
892 5074 1204 5142 ἐκδέχεσθαι
1242 5078 1368 5144 χρὴ,
1413 5075 1580 5146 μόνην
1623 5074 1679 5127 δὲ
1705 5075 1806 5144 τῆς

229 5164 452 5234 ἑκάστῳ
478 5164 799 5234 πρεπούσης
831 5164 952 5217 κατ’
995 5163 1153 5229 ἀξίαν
1194 5164 1432 5235 ἀμοιϐῆς
1465 5165 1574 5220 τῶν
1617 5163 1808 5233 βεϐιω-

235 5253 416 5321 μένων
433 5252 733 5307 ἀντίδοσιν.
1389 5276 1391 5278 ·

303 5374 335 5403 ιι
362 5364 497 5419 Luc.
521 5379 675 5429 xxiii,
709 5365 816 5420 45..

1902 3260 2253 3316 adulatorem
2269 3272 2577 3314 sermonem
2607 3271 2708 3326 pro
2742 3253 2892 3307 omni
2920 3251 3132 3306 virtute
3161 3257 3330 3319 atque
3379 3262 3477 3302 co-

1903 3351 2148 3424 gnitione
2178 3349 2481 3411 meditans,
2507 3363 2634 3417 erga
2664 3345 2964 3399 familiares
2992 3347 3184 3397 contra
3218 3345 3479 3397 versutus

1904 3444 2090 3498 animo
2131 3458 2243 3512 pra:
2287 3440 2501 3496 ueteris
2549 3446 2713 3508 atque
2771 3452 3007 3492 occursu
3062 3432 3332 3506 dilIicilis,
3381 3430 3483 3500 qui.

1905 3553 2030 3593 cum
2061 3537 2158 3592 Dei
2186 3537 2328 3590 viam
2363 3533 2604 3604 graviter
2626 3529 2998 3599 blaSphemet.
3040 3526 3215 3598 perite
3249 3521 3477 3595 reprimi

1906 3632 2072 3690 debet
2115 3645 2181 3686 ac
2235 3627 2528 3684 refrenari.
2583 3626 2836 3680 Fortasse
2889 3623 3035 3678 enim
3083 3620 3299 3674 desinet
3343 3632 3477 3672 con—

1905 3723 2216 3780 versatione
2254 3736 2352 3775 sua
2393 3719 2707 3774 obtrectare
2761 3713 3016 3770 Sermoni
3066 3728 3096 3766 a
3143 3709 3478 3781 castigatore

1905 3816 2317 3875 admonitusmt
2351 3812 2537 3867 evenit
2563 3811 2617 3865 in
2649 3825 2816 3865 cruce
2849 3806 3049 3862 latroni
3087 3806 3164 3861 illi
3205 3805 3298 3876 qui
3329 3803 3477 3857 blase

1908 3907 2182 3978 pliemiam
2232 3902 2581 3973 impudenter
2641 3899 2922 3956 intulerat.
2964 3896 3121 3964 Quod
3187 3895 3333 3951 enim
3383 3909 3479 3948 ca-

1907 3997 2131 4069 stiganti
2155 3995 2294 4050 nihil
2329 3992 2634 4062 respondit,
2660 3991 2764 4047 hoc
2791 3989 3012 4045 silentio
3035 4001 3343 4043 sermonem
3372 4000 3479 4040 ase

1907 4084 2325 4154 comprobatum
2371 4081 2722 4154 signiﬁcavit.
2756 4079 3094 4148 Quacunque
3126 4077 3293 4148 igitur
3313 4075 3502 4144 hujus.

1908 4174 2400 4245 contemplationis,
2447 4173 2661 4231 ratione
2695 4186 2834 4226 cum
2866 4169 3090 4225 Christo
3155 4165 3308 4222 cruci
3362 4163 3482 4245 alii:

1908 4267 2336 4340 gimur,_demus
2356 4281 2604 4335 cperam,
2637 4271 2699 4322 ut.
2728 4277 2920 4317 sumus
2947 4261 3049 4325 ibi,
3076 4267 3138 4314 ut
3167 4273 3480 4317 sermonem
3597 4305 3610 4327 ,

1909 4376 2017 4415 una
2047 4376 2170 4416 cum
2206 4360 2373 4414 nobis
2406 4361 2460 4414 in
2496 4373 2717 4413 crucem
2751 4355 2941 4411 datum
2977 4356 3261 4425 placemus
3291 4352 3482 4417 nobis,

1909 4469 1973 4508 ac
2005 4452 2167 4507 ﬁdam
2195 4451 2528 4519 recipiamus
2543 4465 2680 4520 pura
2715 4448 3058 4504 conscientia
3090 4444 3477 4515 castigantimn

1909 4543 2300 4614 cogitationum
2340 4543 2512 4611 ipsam
2570 4540 2781 4608 requiei
2842 4548 2900 4593 et
2947 4536 3223 4610 refrigerii
3267 4551 3482 4592 annun-

1913 4634 2228 4697 ti’ationem;
2298 4631 2573 4700 siquidem
2627 4628 2895 4684 hodierna
2956 4626 3078 4681 dies
3147 4633 3474 4696 praesentem

1912 4724 2078 4794 hujus
2106 4721 2288 4776 saeculi
2329 4716 2781 4789 diem-signiﬁcat
2830 4715 3224 4786 (Hodieeem‘m,
3281 4713 3477 4781 inquit,

1913 4831 2115 4869 mecum
2147 4814 2202 4866 in
2259 4811 2506 4883 paradiso
2543 4810 2646 4863 eris
2692 4807 2766 4874 ιι),
2800 4806 3039 4862 crastina
3076 4811 3258 4859 autem
3307 4799 3480 4855 futuri

1915 4903 2125 4967 saeculi,
2161 4917 2276 4972 qua
2303 4901 2507 4954 nullam
2563 4906 2919 4969 peccatorum
2949 4893 3328 4950 remissionem
3381 4904 3482 4944 ex-

1926 5001 2182 5064 spectare
2228 4991 2402 5047 debes
2423 5031 2438 5053 ,
2473 5004 2668 5044 verum
2693 4989 2864 5063 solam
2893 5001 2996 5055 pro
3044 4983 3483 5053 uniuscujusque

1908 5084 2040 5140 vita:
2084 5082 2284 5138 merito
2312 5080 2740 5136 retributionem
2758 5075 3109 5147 condignam.

1537 5433 1781 5491 νΑιιιτΕ-
1820 5431 2220 5488 LECTIONES.

309 5533 359 5571 ἰ
392 5532 616 5604 Repone
649 5532 1054 5604 συσταυρωοῇς,
1087 5541 1349 5588 utexstat
1374 5532 1540 5588 etiam
1565 5531 1705 5586 infra
1735 5530 2043 5604 τριμετερ.

2119 5529 2165 5559 ³⁸
2195 5528 2284 5580 Ita.
2302 5523 2580 5595 rescripsi.
2603 5523 2747 5595 Cod.
2778 5522 2920 5579 Gud.
2944 5521 3092 5579 enim
3118 5521 3282 5595 habet
3308 5521 3482 5592 ὲκρώ-

240 5617 400 5674 using.
473 5591 920 5674 i'Apographu'm
951 5591 1123 5674 habet
1145 5605 1212 5672 τῇ
1238 5605 1346 5674 γὰρ
1377 5604 1710 5674 παραινέσει.
1753 5600 1934 5655 Delcvi
1967 5598 2099 5652 illud
2133 5598 2242 5666 γὰρ
2280 5595 2427 5665 quod
2455 5591 2563 5650 non
2585 5593 2777 5650 dubito
2800 5595 2932 5665 quin
2961 5591 3265 5650 accreverit
3291 5605 3359 5647 ex
3378 5591 3488 5646 νο·-

240 5673 436 5729 cabulo
465 5673 800 5744 παραινέσει.
877 5675 922 5706 ’⁸
943 5673 1195 5738 δόξασθαι
1223 5673 1346 5728 cod.
1372 5673 1515 5728 Gud.

314 5787 392 5860 (l)
421 5788 664 5858 Gregorii
693 5788 819 5844 Naz.
857 5790 946 5846 0r.
985 5791 1037 5844 in
1065 5789 1119 5844 S.
1153 5787 1377 5856 Pascha,
1413 5803 1536 5860 cap.
1563 5789 1654 5858 24,
1691 5798 1820 5844 tom.
1855 5788 1896 5856 1,
1932 5803 1986 5857 p.
2021 5784 2143 5850 86L
2175 5783 2264 5838 ed.
2296 5780 2500 5838 Bcncd.
