4026 6288
212 338 349 408 ῙὶΊῚ

1447 357 1970 420 AMBIGUORUM
2014 361 2272 425 LIBER.

3345 364 3485 434 1178

205 459 459 529 ἑτοίμως
507 459 813 527 ἀπώσεται,
870 464 1220 536 λογιζόμενος
1266 470 1488 541 ἀληθῶς
1530 475 1612 527 ὅτι
1679 477 1789 529 πᾶν

1898 478 2203 547 agnoverit,
2236 476 2405 533 etiam
2436 494 2687 535 errorem
2708 497 2870 539 suum
2896 482 3303 553 quo’mundum
3326 488 3484 557 prin—

203 552 533 622 κινούμενον
563 554 782 619 πάντως
809 557 904 611 καὶ
948 560 1155 631 ἤρξατο
1182 562 1280 632 τῆς
1306 566 1594 635 κινήσεως.
1630 568 1791 621 Πᾶσα

196 643 259 697 δὲ
315 645 532 716 κίνησις
568 648 687 701 κούκ
748 648 1004 721 ἄναρχος,
1080 654 1271 725 ἐπειδὴ
1340 657 1463 711 οὐδὲ
1523 660 1787 723 ἀναίτιος.

198 736 406 809 (168
429 742 524 809 α).
584 740 786 813 Ἀρχὴν
821 744 931 815 γὰρ
968 743 1083 815 ἔχει
1120 747 1181 800 τὸ
1214 749 1423 813 κινοῦν,
1473 752 1568 805 καὶ
1611 753 1791 807 αἰτίαν

196 830 315 900 ἔχει
349 831 411 884 τὸ
456 830 657 885 καλοῦν
689 851 749 887 τε
791 836 886 889 καὶ
921 837 1080 891 ἕλκον
1115 841 1159 873 9’
1188 841 1325 913 πρὸς
1362 842 1395 897 ὃ
1426 844 1521 898 καὶ
1556 849 1789 900 κινεῖται

192 919 374 983 τέλος.
419 921 484 973 Et
522 921 577 975 δὲ
613 923 794 996 πάσης
828 929 1099 998 κινήσεως
1129 933 1331 997 παντὸς
1372 936 1699 1005 κινουμένου
1728 937 1791 990 τὸ

195 1010 388 1065 κινοῦν
426 1013 576 1066 ἐστιν
602 1015 766 1086 ἁρχὴ,
804 1018 896 1071 καὶ
939 1018 1091 1084 τέλος
1126 1023 1161 1091 ἡ
1207 1023 1343 1095 πρὸς
1380 1026 1445 1096 ἢν
1475 1027 1702 1097 φέρεται
1726 1028 1788 1082 τὸ

198 1102 528 1172 κινούμενον
575 1106 726 1160 αἰτία
787 1108 975 1179 (οὐδὲν
1021 1112 1131 1184 γὰρ
1173 1114 1432 1180 ἀναιτίως
1497 1120 1782 1190 κινεῖται),

194 1195 356 1249 οὐδὲν
399 1196 459 1250 δὲ
511 1197 621 1251 τῶν
680 1199 850 1255 ὄντων
903 1203 1181 1272 ἀκίνητον,
1239 1208 1288 1259 εί
1329 1207 1406 1280 μὴ
1447 1209 1510 1262 τὸ
1554 1210 1788 1282 πρώτως

195 1291 388 1345 κινοῦν
441 1291 537 1361 (τὸ
581 1293 690 1365 γὰρ
745 1296 974 1367 πρώτως
1018 1299 1202 1354 κινοῦν
1240 1302 1459 1367 πάντως
1506 1304 1786 1375 ἀκίνητον,

193 1384 279 1437 ὄτι
312 1385 410 1438 καὶ
439 1384 676 1457 ἄναρχον
702 1387 743 1458 ),
775 1390 926 1443 οὐδὲν
950 1392 1058 1464 ἄρα
1092 1394 1203 1447 τῶν
1229 1394 1401 1449 ὄντων
1439 1398 1589 1450 ἐστὶν
1619 1398 1787 1469 ἄναρ-

193 1492 314 1545 χον,
358 1475 443 1528 ὅτι
497 1476 572 1548 μὴ
610 1477 706 1532 καὶ
738 1480 1019 1551 ἀκίνητον.
1076 1483 1264 1540 Πάντα
1288 1486 1398 1556 γὰρ
1446 1491 1678 1542 κινεῖται
1718 1490 1786 1545 τά

193 1569 448 1623 ὁπωσοῦν
481 1571 632 1637 ὄντα,
682 1573 807 1645 δίχα
856 1577 957 1647 τῆς
1007 1578 1175 1651 μόνης
1225 1582 1323 1636 καὶ
1375 1583 1634 1655 ἀκινήτου
1691 1586 1785 1639 καὶ

194 1661 343 1733 ὑπὲρ
391 1664 571 1718 πάντα
625 1666 829 1734 αἰτίας,
857 1670 927 1724 τὰ
961 1672 1061 1741 μὲν
1101 1673 1266 1745 νοερά
1314 1691 1373 1728 τε
1422 1677 1520 1728 καὶ
1566 1676 1782 1746 λογικὰ,

193 1758 522 1824 γνωπικῶς
540 1776 599 1813 τε
623 1762 718 1815 καὶ
749 1760 944 1835 ὲπιστη
956 1766 1212 1835 μονικῶς,
1246 1767 1328 1821 ὅτι
1355 1769 1429 1839 μὴ
1447 1769 1784 1839 αὐτογνῶσις

1891 572 2038 641 cipio
2067 587 2258 627 carere
2295 572 2493 628 statuit
2522 572 2784 629 lubenter
2821 576 3069 646 abjiciet,
3103 579 3482 651 quodcunque

1892 670 2184 717 moveatur
2228 665 2357 735 jure
2391 668 2746 737 recogitans,
2783 668 3013 724 omnino
3054 673 3266 727 moveri
3308 673 3481 727 etiam

1890 755 2147 825 coepisse.
2180 754 2380 810 Nullus
2410 772 2545 813 vero
2580 768 2768 814 motus
2794 758 2917 815 sine
2949 761 3251 831 principio,
3300 763 3482 832 siqui-

1890 846 2016 901 dem
2052 862 2157 901 nec
2178 846 2299 902 sine
2336 863 2527 903 causa.
2563 848 2909 920 Principium
2953 851 3161 905 etenim
3200 851 3370 907 habet
3424 852 3485 907 id

1887 939 2036 1009 quod
2078 950 2287 1005 movet,
2317 951 2484 1012 atque
2514 958 2743 998 causam
2791 943 2846 999 id
2877 944 3029 1015 quod
3062 953 3258 1000 evocat
3305 953 3365 1001 et
3405 946 3481 1002 ad

1889 1032 2053 1087 ﬁnem
2081 1049 2193 1103 quo
2243 1044 2501 1090 movetur
2536 1037 2789 1092 attrahit.
2841 1038 2962 1093 Jam
3014 1037 3059 1092 si
3101 1038 3483 1108 cujuscunque

1889 1126 2036 1195 quod
2070 1136 2325 1183 movetur
2354 1130 2619 1185 motionis
2648 1131 2833 1186 omnis
2860 1131 3202 1201 principium
3234 1130 3372 1185 illud
3394 1140 3484 1188 est

1888 1218 2037 1288 quod
2068 1228 2276 1285 movet,
2333 1229 2390 1275 et
2420 1220 2551 1277 ﬁnis
2592 1237 2761 1279 causa
2816 1222 2886 1276 ad
2939 1238 3108 1292 quam
3164 1222 3344 1277 fertur
3392 1238 3484 1278 res

1888 1319 2035 1365 mota
2065 1312 2229 1382 (nihil
2256 1314 2407 1367 enim
2430 1316 2551 1369 sine
2575 1330 2744 1370 causa
2791 1314 3095 1386 movetur),
3136 1314 3279 1369 nihil
3314 1330 3482 1385 porro

1888 1403 1947 1457 in
1999 1404 2169 1460 rebus
2221 1420 2331 1460 non
2381 1416 2641 1462 movetur
2680 1416 2888 1478 praeter
2926 1423 3099 1462 unum
3147 1407 3283 1461 illud
3331 1406 3481 1477 quod

1888 1494 2152 1563 primitus
2172 1504 2359 1551 movet
2412 1499 2564 1569 (nam
2605 1497 2755 1567 quod
2810 1497 3075 1569 primitus
3122 1506 3307 1552 movet
3354 1496 3482 1551 ideo

1888 1594 2038 1639 caret
2071 1595 2223 1641 motu
2258 1587 2407 1656 quod
2441 1588 2608 1641 etiam
2644 1588 2919 1659 principio
2946 1586 3145 1659 caret),
3180 1586 3321 1642 nihil
3346 1600 3481 1656 ergo

1887 1677 1943 1730 in
1977 1677 2146 1733 rebus
2176 1679 2298 1733 sine
2326 1680 2606 1750 principio
2639 1690 2746 1745 est,
2794 1689 3091 1751 propterea
3130 1678 3279 1749 quod
3304 1677 3478 1733 etiam

1887 1771 2007 1825 sine
2064 1780 2241 1827 motu.
2278 1773 2572 1829 Moventur
2606 1774 2755 1827 enim
2791 1788 3139 1843 quaecunque
3191 1777 3478 1839 utcunque

193 1850 227 1921 ἢ
270 1852 689 1924 αὐτοεπιστήμη
740 1855 924 1911 ἐστίν.
966 1857 1106 1912 οὔτε
1155 1862 1265 1931 γὰρ
1308 1862 1467 1915 οὐσία
1499 1862 1684 1917 αὐτῶν
1744 1865 1778 1935 ἡ

1898 1872 2032 1928 sunt,
2059 1874 2290 1935 excepta
2318 1881 2425 1920 una
2456 1881 2634 1936 eaque
2666 1867 2943 1922 immobili
2970 1874 3027 1922 et
3072 1866 3261 1919 omnia
3306 1876 3477 1932 supe-

195 1941 405 2010 γνῶσις
456 1945 637 1999 αὐτῶν
684 1948 800 2001 ἐστι
841 1950 936 2004 καὶ
974 1953 1008 2022 ἡ
1056 1952 1363 2023 ἐπιστήμη,
1400 1953 1516 2007 ἀλλ’
1544 1953 1687 2019 ἔξεις
1715 1956 1782 2025 τῇ

1898 1964 2050 2010 rante
2101 1972 2288 2021 causa,
2342 1966 2450 2012 tam
2511 1958 2909 2013 intellectualis
2956 1973 3121 2029 quam
3161 1954 3480 2018 rationalia,

195 2034 383 2090 αὐτῶν
405 2037 565 2108 οὐσίᾳ
594 2039 1087 2113 ὲπιθεωρούμεναι,
1130 2044 1194 2097 ἐκ
1231 2046 1331 2115 τῆς
1363 2045 1505 2098 κατὰ
1531 2045 1657 2099 νοῦν
1689 2046 1786 2099 καὶ

193 2128 355 2196 λόγον
390 2128 521 2198 (τὰς
544 2132 877 2196 συστατικὰς
905 2134 1088 2188 αὐτῶν
1118 2135 1267 2204 λέγω
1287 2135 1583 2207 δυνάμεις)
1614 2136 1783 2206 ὀρθῆς

197 2222 439 2290 κρίσεως
471 2224 876 2294 ὲπιγενόμεναι.

1892 2055 2001 2102 tam
2029 2049 2349 2119 cognitione
2378 2066 2546 2120 quam
2578 2050 2839 2115 scientia,
2869 2050 3003 2120 quia
3031 2064 3136 2104 nec
3176 2048 3260 2103 sui
3301 2046 3482 2116 ipsius

1890 2139 2136 2208 cognitio
2192 2155 2295 2194 nec
2344 2141 2428 2195 sui
2484 2141 2660 2210 ipsius
2713 2142 2949 2197 scientia
3000 2149 3201 2195 exstat.
3258 2137 3479 2193 Etenim

1888 2232 2133 2300 cognitio
2164 2248 2356 2287 eorum
2386 2242 2445 2289 et
2470 2234 2703 2289 scientia
2735 2250 2845 2289 non
2872 2234 3117 2290 essentia
3149 2241 3235 2287 est
3258 2244 3478 2311 eorum,

195 2314 292 2369 sed
322 2314 549 2371 habitus
611 2319 706 2387 qui
743 2319 799 2373 in
869 2322 1109 2376 essentia
1151 2336 1345 2377 eorum
1418 2320 1976 2383 animadvertuntur.
2019 2339 2085 2378 ex
2149 2325 2511 2382 intellectuali
2556 2334 2617 2381 et
2668 2326 2929 2381 rationali
2969 2325 3298 2397 (potestates
3351 2320 3481 2377 dico

195 2422 324 2478 quae
382 2415 445 2462 ut
491 2409 797 2464 consistant
850 2410 981 2481 ipsa}
1041 2410 1314 2475 efﬁciunt)
1376 2419 1531 2466 recto
1575 2410 1787 2482 judicio
1827 2412 2181 2470 accedentes.

201 2636 426 2703 Θεωρία
466 2635 600 2702 περὶ
642 2634 961 2703 συστολῆς
1011 2636 1109 2689 καί
1156 2635 1487 2703 διαστολῆς
1544 2638 1783 2704 οὐσίας,

268 2728 590 2795 ποιότητός
617 2743 683 2780 τε
723 2729 821 2780 καὶ
872 2730 1229 2797 ποσότητος,
1265 2727 1392 2782 καθ’
1425 2726 1505 2796 ῆν
1533 2726 1784 2798 ἄναρχοι

269 2816 428 2874 εῖναι
459 2821 532 2873 οὐ
556 2818 866 2874 δύνανται.

285 2954 450 3007 Ἀλλὰ
476 2956 570 3007 καὶ
601 2955 792 3025 αὐτὴή
822 2955 1008 3020 ἁπλῶς
1037 2954 1306 3027 λεγομένη
1330 2956 1492 3011 οὐσία
1529 2957 1590 3012 οὐ
1622 2955 1784 3026 μόνον

201 3047 235 3116 ἡ
275 3044 388 3099 τῶν
420 3048 483 3099 ἐν
518 3046 727 3114 γενέσει
767 3048 861 3101 καὶ
896 3047 1071 3119 φθορᾷ
1110 3047 1254 3102 κατὰ
1300 3050 1517 3118 γένεσιν
1556 3054 1787 3105 κινεῖται

202 3138 300 3193 καὶ
341 3137 575 3208 φθορὰν,
630 3139 767 3191 ἀλλὰ
805 3139 899 3192 καὶ
954 3140 988 3209 ἠ
1043 3141 1150 3193 τῶν
1184 3140 1354 3195 ὄντων
1395 3142 1653 3197 ἁπάντων
1695 3143 1789 3196 καὶ

1886 2639 2275 2709 Contemplatio
2303 2641 2365 2694 de
2388 2640 2749 2695 contractione
2783 2650 2835 2695 et
2867 2640 3185 2695 ditatatione
3216 2640 3485 2694 essentitz’

1958 2734 2232 2804 qualitatis
2263 2745 2308 2788 et
2334 2737 2670 2802 quantitatis,
2701 2735 2989 2790 secundum
3014 2750 3172 2805 quam
3190 2734 3305 2787 sine
3330 2732 3485 2803 prin-

1955 2827 2090 2896 cipio
2121 2842 2229 2879 esse
2260 2842 2363 2879 non
2396 2832 2636 2897 possunt.

1958 2958 2163 3014 Verum
2197 2967 2253 3012 et
2305 2958 2423 3028 ipsa
2466 2973 2590 3028 qua:
2633 2956 2970 3027 simpliciter
3003 2956 3211 3011 dicitur
3239 2954 3483 3011 essentia

1893 3068 2004 3107 non
2030 3051 2198 3105 modo
2226 3066 2419 3105 eorum
2445 3066 2569 3120 quae
2604 3048 2949 3119 generationi
2976 3056 3107 3103 sunt
3130 3058 3187 3102 et
3226 3047 3479 3102 interitui

1895 3146 2135 3201 obnoxia
2170 3144 2475 3199 secundum
2506 3143 2928 3215 generationem
2963 3151 3217 3196 movetur
3245 3149 3303 3194 et
3334 3139 3483 3194 intc-

203 3227 492 3298 κεκίνηται
522 3228 615 3281 καὶ
642 3231 872 3281 κινεῖται
902 3228 982 3300 τῷ
1010 3230 1151 3283 κατὰ
1176 3231 1462 3304 διαστολὴν
1480 3235 1574 3286 καὶ
1598 3250 1791 3287 συστο-

1898 3241 2092 3301 ritum,
2120 3238 2215 3293 sed
2256 3240 2428 3293 etiam
2454 3238 2704 3292 omnium
2735 3251 2858 3306 qua:
2883 3244 3015 3289 sunt
3043 3242 3099 3289 et
3129 3241 3279 3287 nota
3309 3241 3396 3287 est
3423 3238 3483 3285 et

203 3320 303 3391 λὴν
338 3320 487 3389 λόγῳ
509 3337 568 3373 τε
595 3321 690 3373 καὶ
717 3322 926 3391 τρόπῳ.
966 3323 1211 3377 Κινεῖται
1246 3325 1347 3395 γὰρ
1374 3326 1482 3378 ἀπὸ
1516 3325 1609 3378 τοῦ
1636 3342 1790 3394 γενι-

204 3414 457 3467 κωτάτου
494 3413 686 3482 γένους
725 3414 813 3468 διὰ
845 3414 955 3467 τῶν
992 3418 1371 3488 γενικωτέρων
1413 3419 1586 3487 γενῶν
1610 3421 1689 3483 εἰς
1723 3419 1793 3472 τὰ

206 3504 322 3574 εἴδη
354 3504 425 3556 δι’
454 3496 528 3558 ὧν
564 3508 656 3557 καὶ
697 3506 776 3568 είς
809 3505 845 3559 ἃ
880 3506 1210 3577 διαιρεῖσθαι
1252 3509 1485 3580 πέφυκε,
1528 3511 1795 3581 προϊοῦσα

210 3595 378 3666 μέχρι
408 3596 517 3649 τῶν
555 3597 919 3663 είδικωτάτων
943 3598 1097 3652 εἰδῶν
1129 3597 1212 3664 οἷς
1241 3602 1574 3672 περατοῦται
1605 3606 1637 3675 ἡ
1671 3604 1793 3657 κατ’

206 3688 384 3757 αὐτὴν
399 3688 674 3759 διαστολὴ,
706 3690 768 3743 τὸ
792 3687 931 3755 εἶναι
963 3691 1133 3760 αὐτῆς
1164 3694 1298 3764 πρὸς
1342 3693 1412 3747 τὰ
1445 3696 1599 3748 κάτω
1635 3714 1795 3767 περι-

206 3782 526 3852 γράφουσα,
547 3783 639 3835 καὶ
657 3783 951 3850 συνάγεται
973 3785 1135 3838 πάλιν
1160 3786 1268 3839 ἀπὸ
1296 3786 1407 3839 τῶν
1430 3788 1793 3843 είδικωτάτων

208 3870 368 3924 εἰδῶν
394 3872 483 3924 διά
519 3872 629 3925 τῶν
653 3876 1036 3948 γενικωτέρων
1091 3878 1494 3943 ἀναποδίξουσα
1528 3881 1716 3951 (168
1742 3881 1793 3951 b)

211 3960 381 4031 μέχρι
413 3960 506 4015 τοῦ
533 3963 901 4030 γενικωτάτου
935 3967 1147 4033 γένους,
1169 3960 1213 4035 ᾧ
1236 3968 1573 4038 περατοῦται
1609 3973 1640 4040 ἡ
1671 3971 1793 4023 κατ’

209 4055 387 4126 αὐτὴν
419 4056 673 4127 συστολὴ,
698 4058 834 4129 πρὸς
861 4058 922 4111 τὸ
940 4059 1050 4112 ἅνω
1069 4059 1131 4113 τὸ
1157 4056 1297 4115 εἶναι
1318 4062 1490 4133 αὐτῆς
1512 4063 1791 4134 ὁρίζουσα,

210 4147 309 4198 καὶ
337 4146 524 4199 λοιπὸν
544 4147 754 4217 διχόθεν
784 4152 1271 4223 περιγραφομένη,
1316 4153 1525 4207 ἄνωθέν
1555 4172 1615 4207 τε
1646 4156 1792 4223 λέγω

211 4240 307 4293 καὶ
340 4239 610 4307 κάτωθεν,
633 4243 807 4314 ἀρχὴν
836 4245 932 4297 καὶ
954 4245 1107 4309 τέλος
1141 4246 1339 4317 ἔχουσα
1372 4249 1669 4315 δείκνυται,
1701 4249 1794 4302 τὸν

211 4331 314 4401 τῆς
341 4333 599 4403 ἀπειρίας
627 4335 734 4388 οὐδ’
757 4337 895 4401 ὅλως
924 4339 1274 4403 ἐπιδέξασθαι
1305 4341 1580 4413 δυναμένη
1610 4343 1791 4411 λόγον.

223 4424 505 4490 Ὡσαύτως
565 4427 624 4482 δὲ
676 4431 769 4483 καὶ
813 4432 845 4500 ἡ
905 4432 1164 4502 ποσότης,
1209 4435 1271 4487 οὐ
1330 4436 1489 4505 μόνον
1528 4438 1560 4505 ἡ
1597 4436 1705 4489 τῶν
1738 4439 1797 4489 ὲν

213 4519 433 4588 γενέσει
470 4520 563 4572 καὶ
592 4520 768 4593 φθορᾷ
812 4524 975 4576 παντὶ¹
1004 4525 1192 4594 τρόπῳ
1221 4518 1266 4593 ᾧ
1310 4526 1524 4594 πέφυκε
1570 4526 1795 4596 θεωρεῖ-

218 4612 344 4664 σθαι
372 4614 493 4664 κατ’
527 4611 759 4682 αὔξησιν
800 4618 1031 4669 κινεῖται
1066 4619 1159 4670 καὶ
1194 4618 1439 4687 μείωσιν,
1469 4618 1606 4672 ἀλλὰ
1636 4620 1730 4671 καὶ
1758 4621 1791 4690 ἡ
1825 4607 1868 4663 ι)

218 4703 373 4756 πᾶσα
404 4703 496 4757 καὶ
522 4704 738 4760 πάντων
769 4706 847 4777 τῷ
871 4707 990 4759 κατ’
1019 4708 1205 4762 ἄνεσιν
1251 4710 1343 4762 καὶ
1375 4709 1628 4763 ἐπίτασιν
1654 4708 1799 4780 λόγῳ

219 4794 516 4864 κινουμένη
573 4794 668 4847 καὶ
711 4798 834 4869 ταῖς
866 4797 1045 4864 ,κατὰ
1103 4798 1269 4868 μέρος
1319 4798 1604 4869 διαφοραῖς
1656 4798 1802 4852 κατὰ

218 4883 507 4955 διαστολὴν
533 4885 944 4956 είδοποιουμένη
963 4888 1386 4958 περιγράφεται,
1404 4888 1468 4959 τὸ
1480 4891 1707 4959 ἄπειρον
1730 4889 1798 4921 Μ

220 4977 433 5047 χεῖσθαι
462 4978 567 5031 οὐκ
612 4978 834 5047 ἔχουσα,
876 4980 970 5032 καὶ
1018 4981 1311 5048 συνάγεται
1347 4981 1514 5035 πάλιν
1543 4982 1802 5036 ἀναποδί-

223 5069 414 5134 ζουσα,
471 5070 534 5123 τὸ
588 5069 709 5123 κατ’
758 5071 948 5135 αὑτὰς,
1000 5072 1115 5125 ἀλλ’
1168 5073 1228 5125 οὐ
1267 5073 1327 5126 τὸ
1362 5074 1609 5144 συμφυὲς
1662 5072 1803 5136 εἶδος

224 5162 561 5216 ἀπολύουσα.
611 5162 843 5233 Ὁμοίως
881 5164 939 5217 δὲ
986 5166 1079 5218 καὶ
1121 5166 1152 5235 ἡ
1194 5166 1437 5237 ποιότης,
1468 5168 1530 5221 οὐ
1579 5165 1738 5236 μόνον
1765 5168 1799 5236 ἡ

224 5255 333 5309 τῶν
363 5258 425 5309 ἐν
475 5256 688 5324 γενέσει
723 5258 816 5309 καὶ
861 5258 1037 5329 φθορᾷ
1073 5260 1303 5312 κινεῖται
1345 5262 1466 5312 κατ’
1496 5258 1803 5320 ἀλλοίωσιν,

227 5350 365 5406 ἀλλὰ
406 5351 500 5405 καὶ
557 5353 590 5421 ἡ
639 5354 788 5404 πᾶσα
818 5354 912 5405 καὶ
962 5353 1202 5419 πάντων,
1246 5353 1326 5423 τῷ
1368 5353 1590 5425 τρεπτῷ
1618 5370 1678 5406 τε
1713 5352 1807 5405 καὶ

230 5439 512 5510 σκεδαστῷ
547 5441 651 5512 τῆς
684 5443 809 5496 κατ’
847 5444 1017 5511 αὐτὴν
1041 5444 1304 5515 διαφορᾶς
1339 5443 1659 5514 κινουμένη,
1687 5445 1804 5497 δια-

232 5531 428 5602 στολὴν
456 5532 553 5586 καὶ
573 5532 838 5606 συστολὴν
868 5533 1199 5607 ἐπιδέχεται.
1231 5535 1422 5599 Οὐδεὶς
1448 5535 1507 5588 δὲ
1536 5535 1597 5588 τὸ
1627 5552 1802 5604 πεφυι

1895 3341 2172 3395 movetur,
2217 3330 2639 3394 contractionis,
2682 3335 2740 3383 et
2792 3325 3137 3381 dilatationis
3170 3324 3385 3379 ratione
3412 3339 3479 3378 ac

1896 3424 2083 3479 modo.
2109 3425 2367 3479 Movetur
2392 3423 2540 3477 enim
2572 3422 2641 3477 ah
2672 3420 3092 3492 generalissimo
3138 3432 3341 3489 genere
3374 3433 3478 3486 per

1895 3516 2239 3586 generaliora
2272 3530 2476 3586 genera
2514 3515 2571 3568 in
2595 3513 2813 3583 species
2861 3528 2961 3582 per
2990 3526 3130 3581 quas
3159 3518 3215 3564 et
3256 3508 3313 3562 in
3346 3522 3483 3578 quas

1897 3606 2211 3671 dividitur,
2271 3600 2637 3676 progrediens
2689 3617 2865 3673 usque
2925 3600 2993 3655 ad
3050 3596 3483 3669 specialissimas

1897 3698 2112 3769 species
2140 3698 2349 3767 quibus
2383 3697 2714 3752 terminatur
2764 3695 3038 3757 dilatatio,
3069 3701 3321 3746 naturam
3353 3689 3478 3760 ejus

1897 3790 1964 3846 ad
2011 3791 2276 3845 inferiora
2324 3790 2650 3844 deﬁniens:
2698 3789 2830 3842 item
2890 3785 3245 3841 contrahitur
3284 3795 3487 3836 rursus

1897 3901 1926 3939 a
1957 3883 2376 3954 specialissimis
2412 3880 2712 3951 speciebus
2743 3896 2845 3949 per
2893 3875 3274 3949 generaliores
3320 3888 3480 3927 revo-

1897 3986 2018 4032 cata
2046 3991 2219 4046 usque
2246 3975 2312 4030 ad
2353 3973 2833 4045 generalissimum
2860 3985 3054 4042 genus,
3095 3983 3206 4038 quo
3256 3958 3483 4020 contra-

1898 4070 2009 4125 ctio
2055 4069 2416 4131 terminatur,
2474 4074 2732 4122 naturam
2767 4065 2888 4135 ejus
2932 4062 3000 4116 ad
3033 4060 3295 4130 superius
3344 4055 3485 4111 deﬁ-

1897 4163 2058 4218 niens
2107 4180 2119 4215 :
2175 4171 2232 4216 et
2283 4160 2547 4229 deinceps
2602 4158 2869 4225 utrinque
2918 4151 3364 4231 circumscripta,
3413 4148 3491 4203 de

1897 4253 2195 4324 superiori,
2221 4252 2468 4321 inquam,
2504 4250 2655 4305 etde
2694 4246 2969 4312 inferiori,
3016 4245 3097 4300 sic
3138 4240 3492 4313 principium

1898 4355 2064 4416 atque
2111 4343 2274 4399 ﬁnem
2324 4343 2528 4398 habere
2560 4343 3014 4402 demonstratur,
3055 4334 3350 4390 inﬁnitatis
3391 4348 3483 4386 ra-

1902 4435 2068 4489 tionis
2115 4433 2542 4503 haudquaquam
2602 4446 2792 4501 capax.
2847 4430 3063 4484 Pariter
3116 4442 3253 4482 vero
3310 4425 3492 4481 etiam

1901 4525 2185 4595 quantitas
2209 4540 2319 4579 non
2350 4526 2529 4580 solum
2571 4538 2768 4579 eorum
2808 4537 2933 4591 qua:
2966 4516 3312 4591 generationi
3356 4525 3489 4570 sunt

1896 4632 2063 4691 atque
2092 4620 2344 4675 interitui
2370 4620 2588 4689 objecta
2620 4618 2772 4672 omni
2805 4633 2917 4686 quo
2940 4614 3289 4683 conspicitur
3320 4611 3493 4665 modo

1897 4712 2205 4768 secundum
2235 4710 2642 4765 incrementum
2675 4714 2921 4762 motatur
2951 4714 3010 4761 et
3036 4703 3495 4764 decrementnm,

1898 4804 1994 4860 sed
2024 4803 2192 4858 etiam
2217 4803 2481 4857 universa
2507 4808 2563 4855 et
2610 4799 3008 4856 universorum
3051 4792 3396 4849 remissionis
3430 4797 3495 4845 et

1900 4896 2231 4952 intentionis
2263 4895 2479 4950 ratione
2506 4903 2656 4950 mota
2696 4901 2755 4948 et
2784 4887 3190 4945 vicissitudinis
3217 4883 3495 4940 diﬁ'eren-

1904 4992 1996 5046 tiis
2064 4989 2376 5045 secundum
2427 4988 2819 5043 dilatationem
2870 4982 3199 5053 ,‘speciﬁcata
3243 4977 3497 5043 circnma

1907 5083 2196 5148 scribitur,
2224 5083 2392 5153 inque
2426 5080 2706 5135 inﬁnitum
2738 5076 2951 5132 eﬁundi
2972 5072 3190 5142 nequit,
3222 5068 3318 5125 sed
3353 5082 3492 5122 con-

1910 5156 2148 5229 trahitur
2195 5189 2390 5228 rursus
2441 5179 2697 5227 revocata
2726 5210 2739 5234 ,
2783 5168 2916 5222 dum
2980 5164 3197 5218 illarum
3261 5157 3497 5229 quidem

1906 5261 2143 5331 species,
2174 5270 2229 5315 at
2259 5276 2372 5315 non
2414 5261 2659 5314 innatam
2706 5257 2948 5328 speciem
2985 5252 3235 5308 dimittit.
3272 5248 3490 5304 Pariter

1911 5368 2041 5407 vero
2089 5353 2254 5407 etiam
2292 5351 2533 5421 qualitas
2561 5390 2575 5411 ,
2614 5365 2727 5404 non
2771 5348 2949 5403 solum
2994 5358 3190 5401 eorum
3224 5357 3348 5412 qua:
3385 5354 3488 5393 na-

1910 5454 2142 5499 scuntur
2171 5454 2228 5499 et
2268 5444 2553 5499 intereunt
2599 5450 2887 5496 metantur
2936 5436 3243 5501 secundum
3288 5434 3489 5488 immu-

1913 5533 2199 5598 tationem,
2234 5532 2329 5587 sed
2361 5532 2530 5588 etiam
2562 5531 2744 5586 omnis
2765 5529 3090 5585 ctomnium
3122 5568 3141 5594 ,
3182 5538 3295 5580 suae
3325 5518 3490 5577 diﬁc-

1537 5669 1772 5725 VARIAE
1814 5669 2212 5725 LliCTIONES.

308 5782 359 5815 ”
387 5781 534 5835 ἕλκει
573 5784 696 5837 eod.
731 5784 872 5839 Gud.

973 5786 1042 5815 ¹·²
1212 5785 1340 5853 ἄρον
1395 5786 1515 5839 cod.
1574 5785 1717 5839 Gud.
1768 5787 1793 5840 Ε

1926 5786 1981 5839 in
2019 5802 2189 5856 marg.
2227 5783 2415 5840 eadem
2468 5798 2661 5838 manus
2692 5781 2926 5837 correxit
2959 5782 3204 5850 ἄπειρον.
