4026 6288
599 343 738 412 1179
1720 346 1782 407 8.
1822 345 2111 406 ΜΑΧΙΜΙ
2150 353 2161 401 ί

2260 338 2662 411 NFESSORIS
3687 350 3805 417 1180

597 456 790 512 tentia:
845 452 1216 509 mutabilitate
1270 461 1439 522 atque
1491 450 1917 522 dissipabilitate
1984 460 2161 516 mota,

2272 454 2365 525 κὸς
2393 455 2786 511 σκεδάννυσθαί
2829 473 2888 511 τε
2935 458 3031 512 καὶ
3063 456 3397 526 συνάγεσθαι
3429 455 3568 529 λόγῳ
3607 457 3634 529 ἢ
3671 459 3799 532 ἔνερ-

596 548 1010 605 distractionem
1035 547 1258 617 capitet
1286 546 1745 602 contractionem.
1781 547 1953 603 Nemo
1981 554 2161 602 autem

2272 548 2398 620 γαίᾳ
2423 549 2569 603 ετποι
2593 550 2662 604 ἂν
2685 548 2967 622 εὐφρονῶν
3005 550 3264 622 ἀκίνητον
3288 548 3433 605 εἶναι
3479 552 3797 610 παντάπασιν.

596 655 729 695 sana
756 646 941 694 mente
978 637 1244 709 praeditus
1283 637 1420 694 illud
1447 637 1597 708 quod
1646 638 1910 709 dissipari
1944 646 2003 694 et
2030 652 2161 721 con-

2272 639 2337 693 El
2365 639 2422 693 δὲ
2447 641 2524 712 μὴ
2550 640 2832 711 ἀκίνητον,
2870 642 2998 697 οὐδὲ
3016 644 3250 715 ἄναρχον
3269 659 3287 672 ο
3313 644 3366 696 σε
3400 642 3459 697 δι
3490 641 3561 714 μὴ
3582 642 3797 715 ἄναρχον,

597 728 742 786 tra'hi
781 731 997 786 ratione
1025 737 1122 786 aut
1143 730 1199 786 vi
1228 730 1407 801 possit
1444 730 1731 786 immobile
1768 745 1893 785 esse
1939 731 2161 786 omnino

2271 730 2394 785 οὐδὲ
2419 732 2691 805 ἀγένητον
2710 734 2977 805 δηλονότι,
3009 735 3127 790 ἀλλ’
3156 735 3351 807 ὥσπερ
3389 732 3528 788 οἶδεν
3566 736 3801 806 ἠργμένον

595 821 818 877 dixerit.
850 819 911 875 ld
933 835 1066 876 vero
1092 820 1140 876 si
1161 829 1315 876 motu
1346 834 1461 875 non
1490 828 1664 886 caret,
1697 835 1802 875 nec
1822 828 1979 874 caret
2012 817 2161 889 prin-

2273 822 2543 895 κινήσεως
2583 825 2648 880 τὸ
2699 826 3040 897 κινούμενον,
3092 826 3271 892 οὓτως
3317 828 3414 881 καὶ
3460 827 3555 898 τῆς
3591 826 3714 896 πρδς
3752 826 3802 880 τδ

594 913 771 985 cipio;
818 914 866 969 si
891 929 1025 969 vero
1059 928 1170 969 non
1199 913 1492 985 principio,
1527 927 1633 968 nec
1654 911 1926 984 genitum
1954 917 2061 977 est,
2103 918 2161 966 ut

2272 908 2412 969 εἶναι
2459 917 2726 984 γενέσεως
2767 914 2969 991 ἦρχθαι
3012 919 3077 974 τδ
3111 917 3484 993 γεγενημένον
3533 918 3799 983 ἐπίσταται,

592 1016 843 1077 apparet,
871 1021 1093 1077 expers,
1125 1005 1224 1061 sed
1274 1005 1357 1061 uti
1394 1005 1451 1060 id
1481 1005 1627 1076 quod
1666 1012 1920 1060 movetur
1948 999 2161 1057 moveri

2271 1009 2367 1063 καὶ
2392 1008 2457 1062 ὲκ
2478 1007 2573 1062 τοῦ
2610 1009 2775 1081 μόνου
2806 1013 2903 1066 καὶ
2927 1010 3047 1076 ἐνὸς
3072 1012 3348 1083 ἄγενήτου
3376 1027 3438 1065 τε
3466 1009 3558 1064 καὶ
3582 1009 3800 1080 ἀκινήτου

593 1097 830 1167 coepisse
869 1096 1045 1163 novit,
1096 1096 1169 1151 ita
1192 1096 1360 1152 etiam
1390 1095 1645 1168 generari
1664 1104 1728 1151 ut
1752 1102 1902 1152 esset
1928 1093 2161 1165 cmpisse

2268 1097 2333 1152 τὸ
2377 1093 2523 1154 εῐναί
2555 1116 2615 1154 τε
2660 1101 2758 1155 καὶ
2793 1100 2856 1155 τδ
2894 1103 3161 1158 κινεῖσθαι
3188 1102 3378 1157 λαϐόν.
3409 1100 3553 1155 Τδδὲ
3573 1098 3699 1154 κατὰ
3718 1099 3798 1170 τὴν

594 1187 651 1244 id
678 1188 826 1260 quod
853 1188 1056 1244 factum
1083 1197 1169 1245 est
1202 1188 1481 1260 intelligit,
1527 1199 1694 1260 atque
1717 1188 1786 1244 de
1810 1187 1930 1243 solo
1964 1194 2021 1242 et
2053 1197 2161 1240 uno

2270 1189 2364 1245 τοῦ
2403 1186 2544 1247 εἶναι
2578 1194 2795 1263 γένεσιν
2820 1196 3098 1269 ἠργμένον
3137 1195 3399 1269 οὐδαμῶς
3442 1194 3661 1266 ἄναρχον
3683 1186 3807 1246 εἶναι

591 1295 705 1336 non
733 1279 878 1336 facto
913 1296 1018 1337 nec
1064 1290 1215 1336 moto
1244 1295 1371 1337 esse
1402 1288 1569 1351 atque
1613 1280 1818 1337 motari
1861 1276 2161 1349 accepisse.
2268 1282 2515 1340 δύναται.

588 1371 747 1438 Quod
781 1386 914 1427 vero
947 1386 1048 1442 per
1090 1371 1430 1428 exsistentiae
1457 1370 1727 1443 originem
1757 1369 1948 1442 cmpit,
1972 1369 2030 1425 id
2059 1382 2165 1425 ne-

589 1477 862 1536 quaquam
890 1470 1072 1534 potest
1102 1463 1379 1535 prineipio
1413 1478 1628 1520 carere.

2197 1572 2271 1586 ἢ

586 1641 996 1698 Demonstratur
1037 1642 1175 1714 quod
1227 1652 1422 1714 praeter
1478 1641 1644 1705 Deum
1686 1641 1929 1715 quaelibet
1978 1640 2158 1696 omnia

2285 1635 2616 1705 Ἀπόδειξις
2658 1638 2784 1707 τοῦ,
2829 1639 3191 1713 Πᾶν-,ὁτιοῦν
3233 1638 3387 1695 ἄνευ
3418 1636 3578 1694 ὀεοῦ
3600 1634 3791 1700 πάντως

655 1733 818 1806 plane
845 1734 901 1789 in
932 1734 1043 1788 loco
1068 1735 1195 1800 sint,
1224 1742 1275 1788 et
1303 1742 1583 1806 propterea
1608 1736 1901 1789 necessario
1922 1734 2082 1788 etiam
2103 1733 2161 1786 in

2330 1730 2401 1783 ἐν
2447 1730 2628 1799 τόπῳ,
2684 1732 2785 1787 καὶ
2821 1732 2921 1788 διὰ
2965 1732 3143 1788 τοῦτο
3192 1731 3266 1797 ἐξ
3320 1730 3586 1802 ἀνάγκης
3620 1726 3707 1783 καὶ
3735 1728 3790 1781 ἂν

656 1833 910 1895 tempore,
941 1834 990 1878 et
1017 1824 1157 1896 quod
1181 1824 1235 1878 id
1259 1825 1397 1896 quod
1451 1826 1508 1880 in
1559 1825 1669 1882 loco
1700 1828 1788 1894 sit,
1842 1827 1899 1881 id
1945 1826 2161 1881 omnino

2331 1823 2548 1892 χρόνῳ,
2575 1825 2673 1879 καί
2701 1825 2788 1879 ὅτι
2817 1827 2882 1880 τὸ
2901 1825 2971 1881 ἐν
2992 1825 3155 1893 τόκῳ
3184 1823 3426 1888 πάντως
3450 1820 3592 1878 κατὰ
3612 1819 3789 1891 χρόνον

649 1915 940 1970 secundum
974 1922 1175 1986 tempus
1199 1930 1310 1969 esse
1346 1916 1616 1987 inceperit.

2329 1915 2427 1970 ml
2448 1911 2658 1985 ἦρκται
2677 1918 2787 1973 τοῦ
2814 1914 2990 1973 εἷναι.

656 2028 730 2090 Ut
757 2035 942 2086 autem
983 2030 1234 2086 omittam
1279 2030 1457 2102 ipsam
1500 2048 1726 2103 quoque
1776 2032 2159 2089 exsistentiam

586 2132 797 2186 rerum,
828 2135 956 2175 cum
989 2120 1153 2175 simul
1184 2129 1244 2175 ut
1271 2121 1459 2192 aliquo
1481 2121 1647 2177 modo
1677 2123 1982 2178 exsistatur
2006 2139 2159 2178 com-

587 2213 915 2286 prehendat,
955 2222 1011 2268 at
1043 2229 1153 2269 non
1180 2213 1528 2284 simpliciter,
1576 2229 1700 2284 quae
1721 2213 1948 2284 quidem
1975 2216 2157 2286 prima

588 2304 1122 2374 circumscriptionis
1156 2303 1368 2375 species
1400 2304 1494 2370 sit,
1530 2303 1695 2360 va!de
1736 2314 1904 2375 atque
1935 2307 2159 2377 egregie

590 2396 826 2466 probare
858 2395 993 2450 illud
1028 2435 1043 2462 ,
1080 2396 1231 2466 quod
1271 2411 1361 2451 res
1405 2395 1713 2451 secundum
1764 2398 2061 2453 essentiam
2102 2407 2159 2454 et

589 2487 1003 2558 generationem
1030 2486 1368 2557 inceperim,
1395 2487 1527 2557 quis
1548 2488 1767 2557 ignorat
1801 2489 2047 2558 qualibet
2100 2506 2160 2546 re

585 2576 979 2649 quoquomodo
1006 2576 1325 2642 exsisteute,
1349 2588 1548 2648 praeter
1573 2578 1710 2634 illud
1734 2580 1883 2651 quod
1907 2579 2159 2637 divinum

562 2672 647 2725 'et
694 2669 977 2739 singulare
1039 2677 1130 2725 est
1175 2670 1460 2740 ipsamque
1512 2671 1891 2728 exsistentiam
1937 2673 2160 2744 proprie

586 2768 833 2832 superat,
885 2761 1042 2831 prius
1093 2760 1325 2834 intelligi
1374 2761 1469 2817 ubi
1517 2762 1834 2830 exsistatur,
1883 2781 2007 2820 cum
2050 2782 2160 2837 quo

587 2866 697 2907 una
719 2867 784 2908 ac
817 2851 978 2907 simul
1013 2860 1073 2907 ut
1101 2853 1270 2908 etiam
1290 2852 1512 2924 quando
1532 2853 1830 2910 exsistatur
1882 2855 2158 2927 intelliga-

584 2960 710 3000 mus
738 2946 1039 3001 necessitas
1064 2946 1334 3017 postulat.
1358 2947 1478 3023 Non
1509 2949 1659 3003 enim
1693 2948 1764 3003 ab
1804 2968 1823 3002 ι
1859 2949 2159 3020 αξίῳιιιιτᾶο

2328 2027 2519 2100 (169
2531 2033 2584 2102 a)
2600 2029 2715 2085 Ἵνα
2741 2031 2798 2085 δὲ
2823 2031 2969 2086 ἐάσω
2996 2030 3177 2100 λέγειν
3203 2031 3295 2085 ὅτι
3314 2028 3417 2084 καὶ
3453 2026 3580 2082 αὐτὸ
3603 2024 3657 2080 τὺ
3679 2018 3785 2078 εἶναι

2259 2118 2371 2174 τῶν
2392 2119 2583 2185 ὅντων,
2613 2122 2676 2176 τὸ
2693 2123 2811 2187 πιῖις
2855 2119 2994 2177 εἶναι
3032 2123 3173 2194 ἔχον,
3200 2122 3321 2176 ἀλλ’
3340 2121 3442 2192 οὔχ
3460 2118 3649 2183 ἅπλῶς,
3680 2117 3785 2185 ὅπερ

2259 2209 2378 2265 ἐστὶ
2406 2211 2622 2283 πρῶτον
2653 2209 2792 2279 εῐδος
2811 2214 3185 2287 περιγραφῆς,
3223 2213 3453 2286 ἰσχυρόν
3483 2228 3544 2265 τε
3571 2211 3654 2264 καὶ
3670 2206 3781 2279 μίγα

2261 2301 2400 2374 πρὸς
2448 2303 2724 2373 ἀπόδειξιν
2768 2305 2861 2360 τοῦ
2887 2304 3089 2379 ἦρχθαι
3117 2308 3238 2360 κατ’
3264 2305 3461 2360 οὐσίαν
3499 2302 3588 2357 καὶ
3616 2300 3782 2370 γένεσιν

2260 2392 2331 2446 τὰ
2358 2392 2510 2460 ὅντα,
2540 2396 2623 2459 τίς
2652 2397 2841 2466 ἀγνοεῖ
2878 2398 2964 2453 ὅτι
3001 2397 3208 2463 παντὸς
3242 2397 3345 2452 τοῦ
3391 2393 3628 2451 ὁπωσοῦν
3647 2392 3778 2455 ὄντος,

2263 2483 2402 2557 πλὴν
2433 2484 2528 2540 τοῦ
2578 2486 2724 2541 θείου
2773 2488 2869 2544 καὶ
2909 2489 3098 2561 μόνου,
3134 2488 3229 2543 τοῦ
3277 2489 3380 2544 καὶ
3426 2487 3560 2557 ὑπὲρ
3597 2482 3708 2538 αὐτὸ
3736 2481 3782 2533 τὸ

2261 2570 2400 2632 εἷναι
2450 2579 2657 2651 κυρίως
2704 2579 3062 2653 ὑπάρχοντος,
3094 2582 3505 2655 προεπινοεϊται
3539 2575 3597 2629 τὸ
3616 2572 3718 2637 ποῦ,
3748 2563 3782 2637 ᾧ

2261 2669 2447 2742 πάντη
2489 2687 2549 2724 τε
2577 2671 2674 2728 καὶ
2702 2672 2921 2738 πάντως
2952 2673 3016 2740 ὲξ
3063 2673 3317 2744 ἀνάγκης
3352 2668 3713 2726 συνεπινοεῑται
3735 2661 3781 2714 τό

2261 2761 2415 2816 πότε.
2458 2763 2534 2817 Οὐ
2566 2762 2675 2836 γὰρ
2701 2763 2798 2819 τοῦ
2840 2767 2971 2820 ποτὲ
2997 2764 3362 2838 διωρισμένον
3406 2759 3542 2816 κατὰ
3574 2757 3783 2829 στέρησιν

2259 2853 2484 2909 δυνατόν
2532 2856 2678 2911 ἐστιν
2734 2857 3022 2929 ἐπινοῆσαι
3068 2858 3129 2912 τδ
3186 2856 3295 2912 ποῦ
3359 2856 3502 2929 (τῶν
3548 2851 3644 2922 γὰρ
3692 2847 3780 2917 ἅμα

2258 2947 2431 3002 ταῦτά
2460 2950 2627 3017 ἐστιν,
2667 2935 2856 3021 ἐπειδὴ
2895 2951 2990 3005 καὶ
3021 2950 3134 3004 τῶν
3163 2949 3265 3004 οὐκ
3300 2950 3431 3005 ἄνευ
3460 2942 3779 3016 τυγχάνουσιν)

582 3050 708 3093 esse
739 3056 758 3090 ι
784 3037 1055 3107 privative
1078 3049 1399 3110 separatum
1426 3059 1445 3093 ι
1478 3056 1601 3097 esse
1621 3041 1825 3096 alicubi
1859 3061 1877 3094 ι
1926 3043 2154 3115 cogitari

2260 3039 2375 3112 ἥδὲ
2408 3041 2428 3072 ³
2450 3040 2543 3094 τοῦ
2588 3040 2691 3096 ποῦ
2724 3041 2785 3096 τὸ
2809 3042 2964 3110 ποτὲ,
3005 3034 3051 3112 ᾧ
3094 3039 3530 3097 συνεπινοεῖοθαι
3566 3036 3777 3105 πέφυκεν.

582 3131 734 3201 capit
773 3134 920 3202 (nam
973 3131 1092 3188 haec
1144 3131 1311 3187 simul
1364 3141 1517 3198 sunt,
1574 3133 2029 3204 quandoquidem
2054 3151 2156 3192 nec

2262 3132 2514 3204 οὐδαμῶς
2540 3134 2823 3207 διώρισται
2870 3133 3013 3189 κατὰ
3053 3136 3331 3206 στέρησιν.
3390 3130 3523 3185 Ὑπὸ
3549 3129 3602 3182 τὸ
3631 3123 3714 3179 ποῦ
3736 3121 3779 3176 it

582 3222 822 3295 disjungi
851 3225 1198 3294 patiuntur);
1234 3240 1339 3280 nec
1372 3240 1566 3280 rursus
1595 3225 1668 3281 ab
1695 3245 1715 3277 ι
1745 3242 1869 3282 esse
1888 3227 2150 3288 alicubi.»

2263 3226 2569 3291 πάντα,-ὼς
2598 3227 2658 3281 ὲν
2689 3228 2842 3299 τόπῳ
2879 3227 3032 3293 ὅντα,
3068 3227 3370 3281 δείκνυται.
3418 3225 3493 3279 οὗ
3533 3222 3631 3292 γὰρ
3672 3216 3777 3285 WE?

581 3329 929 3385 nequaquam
980 3314 1249 3385 privative
1307 3325 1623 3387 separatum
1669 3325 1755 3372 est
1785 3336 1804 3369 ι
1859 3318 2156 3389 aliquando

2261 3317 2323 3372 τὸ
2344 3318 2454 3372 πᾶν
2482 3318 2616 3372 αὐτὸ
2634 3318 2695 3372 τὸ
2728 3320 2837 3374 πᾶν
2866 3318 2962 3374 τοῦ
2991 3319 3193 3384 παντὸς
3232 3319 3252 3386 (
3272 3317 3438 3373 τοῦτο
3465 3317 3566 3387 γάρ
3593 3327 3690 3375 πως
3708 3307 3778 3362 καὶ

581 3420 726 3470 esse,
761 3424 781 3457 ι
817 3419 1058 3476 quocum
1088 3404 1227 3459 illud
1264 3421 1372 3459 una
1418 3407 1715 3476 cogitatur.
1766 3406 1881 3462 Sub
1916 3409 2020 3465 loci
2053 3425 2158 3465 no-

2263 3407 2457 3477 ἄλογον
2517 3409 2614 3464 καὶ
2662 3409 2927 3465 ἀδύνατον
2955 3409 3089 3465 αὐτὸ
3122 3409 3186 3464 τὸ
3224 3411 3336 3464 πᾶν
3375 3409 3514 3478 ὑπὲρ
3545 3405 3598 3459 τὸ
3627 3396 3774 3455 ἑαυτοῦ

584 3496 735 3554 tione
757 3503 939 3552 autem
966 3496 1169 3561 omnia,
1193 3512 1316 3552 cum
1338 3496 1392 3551 in
1414 3496 1538 3552 loco
1559 3497 1690 3562 sint,
1713 3508 2001 3569 apparent.
2038 3502 2155 3557 Non

2264 3502 2373 3555 πᾶν
2402 3496 2543 3556 εἶναι
2578 3500 2909 3575 θεσπίζειν),
2949 3503 3069 3557 ἀλλ’
3095 3503 3187 3573 ὑφ’
3213 3501 3411 3556 ἑαυτοῦ
3437 3503 3494 3554 ἐν
3532 3493 3681 3565 ἑαυτῷ
3703 3490 3777 3561 τὴν

581 3587 732 3644 enim
762 3587 1081 3643 universum
1110 3596 1336 3657 superat
1363 3588 1684 3643 universum
1707 3588 1889 3660 ipsum
1913 3590 2157 3648 universi

2264 3598 2614 3669 περιγραφὴν
2662 3597 2807 3669 ἔχον,
2854 3596 2996 3667 μετὰ
3027 3596 3129 3668 τὴν
3169 3597 3352 3652 πάντα
3394 3590 3775 3666 περιγράφουσσν

586 3681 716 3751 (hoc
746 3681 895 3736 enim
921 3688 979 3736 et
1007 3680 1261 3751 ineptum
1290 3689 1348 3736 et
1394 3680 1765 3751 impossibile,
1809 3681 1990 3753 ipsum
2033 3685 2159 3738 uni-

583 3791 804 3830 versum
840 3790 1107 3845 superare
1163 3775 1249 3829 sui
1296 3774 1471 3847 ipsius
1527 3776 1854 3831 universum
1902 3792 2156 3847 pronun-

585 3863 768 3931 tiare),
804 3864 899 3921 sed
930 3879 962 3918 a
996 3880 1054 3920 se
1089 3864 1208 3935 ipso
1241 3865 1298 3920 in
1330 3881 1389 3921 se
1435 3865 1556 3937 ipso
1602 3865 1771 3923 habet
1805 3867 2160 3925 circumscri-

583 3955 865 4027 ptionem,
917 3967 1044 4027 post
1094 3973 1215 4012 eam
1259 3974 1383 4028 quae
1437 3959 1699 4013 universa
1747 3959 2160 4018 circumscribit

586 4047 856 4103 inﬁnitam
889 4050 1010 4120 ejus
1036 4050 1129 4118 qui
1162 4050 1549 4105 universorum
1600 4066 1767 4106 causa
1800 4060 1857 4107 et
1903 4052 2028 4107 fons
2072 4063 2160 4109 est

584 4144 934 4205 potestatem,
985 4137 1167 4206 ipsum
1222 4138 1308 4192 sui
1361 4139 1696 4195 exteriorem
1760 4140 1945 4197 tinem.
1994 4142 2154 4211 Quod

586 4224 742 4279 locus
771 4226 936 4280 etiam
963 4226 1207 4280 universi
1231 4236 1355 4294 est;
1388 4229 1856 4297 quemadmodum
1884 4231 2159 4288 dellniuut

587 4314 810 4385 quidam
845 4316 1053 4381 locum,
1089 4316 1378 4374 dicentes:
1406 4318 1588 4376 Locus
1626 4330 1713 4378 est
1760 4325 2005 4380 exterior
2035 4327 2160 4382 uni-

2262 3689 2357 3744 τοῦ
2387 3691 2672 3744 παναιτίου
2702 3689 2931 3761 ἄπειρον
2955 3689 3208 3761 δύναμιν,
3248 3688 3385 3744 αὐτὸ
3409 3687 3469 3741 τδ
3501 3683 3655 3755 πέρας
3679 3678 3776 3730 έαο·

2261 3781 2356 3836 τοῦ
2383 3781 2443 3836 τδ
2464 3781 2746 3855 ἐξώτερον.
2797 3783 2976 3855 Ὅπερ
3008 3782 3105 3837 καὶ
3143 3780 3310 3845 τόπος
3345 3778 3461 3835 ἐστὶ
3482 3776 3569 3831 τοῦ
3603 3768 3772 3830 παντὸς.

2263 3874 2448 3940 καθὼς
2479 3876 2575 3931 καὶ
2601 3875 2875 3948 ὁρίζονται
2903 3893 3050 3941 τινες
3078 3874 3171 3929 τδν
3192 3873 3363 3927 τόπον
3376 3871 3625 3959 λέγοντες,
3641 3861 3775 3959 Τόπος

2262 3965 2414 4019 ἐστὶν
2443 3967 2478 4038 ἡ
2511 3965 2615 4031 ἔξω
2641 3966 2737 4020 τοῦ
2785 3966 2983 4031 παντὸς
3032 3964 3385 4037 περιφέρεια,
3435 3961 3468 4033 ἢ
3512 3961 3542 4031 ἠ
3580 3956 3667 4023 ἔξω
3703 3956 3771 4004 τοῦ

2264 4055 2466 4121 παντὸς
2499 4056 2667 4124 θέσις,
2696 4059 2729 4129 ἢ
2766 4059 2828 4112 τδ
2848 4058 3023 4129 πέρας
3042 4056 3135 4113 τοῦ
3164 4057 3509 4129 περιέχοντος
3529 4054 3581 4105 ιν
3662 4060 3774 4114 περί·

2263 4146 2443 4218 έχεται
2490 4150 2552 4203 τὸ
2602 4151 3009 4221 περιεχόμενον.
3068 4151 3177 4205 Καὶ
3226 4149 3333 4203 ὑπὸ
3374 4149 3431 4203 τὸ
3478 4144 3613 4207 ποτὲ,
3640 4139 3701 4201 ὠς
3720 4135 3765 4188 ἐν

2263 4242 2439 4313 χρόνῳ
2466 4243 2683 4306 πάντως
2708 4243 2859 4309 ὅντα,
2908 4240 3488 4312 συναποδειχθήσεται,
3528 4231 3685 4301 ἐπειδὴ
3714 4224 3769 4296 μὴ

2265 4332 2470 4397 ἁπλῶς,
2501 4332 2636 4388 ἀλλὰ
2672 4333 2789 4397 sub;
2819 4334 2884 4387 τὺ
2917 4329 3060 4387 εἶναι
3105 4332 3315 4403 ἔχουσι,
3351 4332 3522 4386 πάντα
3548 4327 3633 4379 ὅσα
3665 4316 3769 4390 μετὰ

590 4420 805 4460 versum
835 4407 1278 4464 circumcurrens
1310 4410 1483 4475 orbis,
1513 4413 1596 4466 vel
1631 4415 1878 4469 exterior
1905 4418 2152 4474 universi

2260 4425 2391 4483 Θεὸν
2424 4426 2485 4479 τὸ
2511 4420 2654 4480 εἶναι
2686 4425 2819 4497 ἔχει.
2862 4425 2975 4480 Καὶ
3004 4423 3095 4479 διὰ
3124 4424 3288 4478 τοῦτο
3325 4425 3427 4477 οὐκ
3452 4423 3656 4490 ἄναρχα.
3683 4409 3768 4463 lli?

588 4498 811 4569 positio,
847 4499 932 4554 vel
962 4501 1233 4556 terminus
1251 4500 1760 4573 circumplectentis
1806 4507 1862 4561 in
1913 4523 2024 4577 quo
2070 4527 2159 4567 res

2260 4518 2369 4590 γὰρ
2394 4518 2530 4589 ὅπερ
2558 4517 2680 4572 καθ’
2704 4514 2884 4571 ὁτιοῦν
2922 4516 3013 4570 τὸν
3041 4515 3136 4570 τοῦ
3167 4514 3285 4578 πῶς
3314 4513 3607 4584 ἐπιδέχεται
3631 4503 3765 4590 λόγον.

584 4590 990 4660 comprehensa
1017 4593 1534 4663 comprehenditur.
1568 4596 1745 4651 Etiam
1765 4598 1869 4652 sub
1893 4602 2160 4671 temporis

2260 4588 2364 4664 κᾶν
2416 4611 2466 4663 εί
2500 4588 2670 4673 ἔστιν,
2735 4607 2852 4664 ἀλλ’
2903 4608 3004 4662 οὐκ
3055 4602 3144 4679 ἦν.
3181 4606 3346 4661 Ὅθεν
3376 4607 3436 4659 τδ
3486 4603 3621 4657 Θεῖον
3660 4588 3766 4679 εἶναι

583 4683 833 4747 notione,
865 4684 996 4755 quia
1020 4684 1076 4739 in
1109 4694 1355 4757 tempore
1373 4688 1600 4743 omnino
1617 4697 1769 4754 sunt,
1799 4706 1907 4746 una
1932 4693 2161 4750 demon-

2260 4700 2512 4769 λέγοντες
2531 4698 2594 4752 οὐ
2617 4699 2677 4753 τὸ
2699 4698 2814 4763 πῶς
2838 4695 2980 4752 εἶναι
3024 4678 3260 4768 λέγομεν
3282 4695 3467 4767 (169
3489 4690 3547 4759 θ)
3570 4705 3583 4720 ⁸
3604 4684 3682 4739 καὶ
3702 4678 3767 4769 ⁸ιὲ

585 4775 940 4844 strabuntur;
963 4778 1412 4849 quandoquidem
1434 4795 1547 4834 non
1569 4780 1916 4851 simpliciter,
1941 4784 2036 4840 sed
2060 4786 2161 4841 ali-

2260 4768 2419 4843 τοῦτο
2463 4790 2558 4844 καὶ
2602 4788 2666 4843 τὸ
2706 4808 2725 4839 ι
2757 4789 2914 4842 Ἔστι
2952 4807 2977 4841 ι
3024 4788 3121 4841 καὶ
3174 4788 3238 4840 τὸ
3275 4783 3430 4845 (Ἦν
3458 4802 3477 4836 ι
3511 4775 3671 4838 ἁπλῶς
3696 4768 3765 4824 καὶ

2260 4885 2526 4955 ἀορίστως
2574 4883 2670 4938 καὶ
2727 4882 3144 4954 ἀπολελυμένους
3204 4881 3293 4934 ἐπ’
3355 4876 3511 4934 αὐτοῦ
3569 4871 3760 4955 λέγομεν·

2273 4951 2649 5029 Ἀνεπίδεκτον
2698 4975 2806 5045 γὰρ
2858 4951 3059 5038 παντὸς
3103 4973 3263 5042 λόγου
3313 4973 3407 5026 καὶ
3458 4968 3685 5037 νοήματος
3719 4951 3764 5005 si

2260 5066 2415 5119 Θεῖόν
2442 5067 2579 5132 ἐστι,
2606 5065 2727 5120 καθ’
2750 5065 2779 5120 ὃ
2803 5065 2928 5120 οὒτε
2963 5063 3399 5136 κατηγοροῦντες
3414 5056 3563 5116 αὐτοῦ
3582 5054 3633 5107 τδ
3652 5045 3756 5103 εἶναι

2260 5159 2491 5231 λέγομεν
2511 5158 2644 5213 αὐτὸ
2667 5154 2828 5215 εἶναι.
2871 5158 2961 5225 Ἐξ
2990 5157 3157 5212 αὑτοῦ
3190 5157 3300 5228 γὰρ
3327 5156 3387 5210 τὸ
3406 5151 3549 5212 εἶναι.
3578 5138 3759 5231 ἀλλῖοὖκ

591 5247 699 5287 non
726 5244 865 5290 erat.
915 5236 1070 5293 Unde
1102 5239 1275 5293 Deum
1300 5255 1424 5296 esse
1466 5240 1718 5298 dicentes
1764 5258 1875 5299 non
1919 5244 2158 5316 aliquam

2267 5228 2403 5308 αὐτο
2424 5251 2485 5306 τὸ
2508 5247 2669 5306 εἶναι.
2711 5251 2885 5322 ’Υπὲρ
2921 5251 3029 5320 γάρ
3057 5252 3173 5303 ἐστι
3215 5250 3310 5303 καὶ
3346 5244 3504 5302 αὖτοῦ
3532 5238 3612 5295 τοῦ
3639 5228 3758 5287 εἶναι.

590 5324 968 5381 exsistentiam
1000 5328 1278 5397 dicimus;
1331 5341 1386 5387 et
1435 5340 1733 5403 propterea
1762 5334 1920 5399 illud,
1953 5355 1971 5386 ι
1999 5331 2095 5393 Est
2134 5358 2152 5391 ι

2266 5340 2363 5395 τοῦ
2392 5358 2451 5395 τε
2481 5342 2598 5405 πῶς
2619 5342 2713 5395 καὶ
2750 5340 2939 5405 ἁπλῶς
2966 5340 3261 5411 λεγομένου
3305 5356 3364 5393 τε
3392 5337 3479 5392 καὶ

592 5428 813 5485 quoque
837 5424 914 5482 et,
948 5435 968 5469 ι
1002 5417 1136 5473 Erat
1167 5439 1185 5470 ι
1215 5421 1544 5492 simpliciter
1576 5433 1635 5480 et
1659 5423 1945 5483 indeﬁnite
1974 5437 2029 5484 et
2066 5430 2161 5484 ah-

2269 5435 2332 5488 Ει
2366 5433 2424 5488 δι
2457 5432 2595 5497 πῶς,
2628 5432 2747 5487 ἀλλ’
2783 5432 2883 5503 οὐχ
2912 5406 3121 5497 ἀτελῶς,
3168 5429 3282 5501 εχει
3310 5430 3378 5483 τὰ
3415 5426 3531 5480 tm
3565 5416 3617 5473 τι
3638 5406 3755 5503 εἶναι.

593 5505 771 5563 solute
800 5506 871 5563 de
894 5524 962 5565 eo
992 5509 1248 5567 dicimus.
1295 5512 1511 5569 Nullam
1546 5515 1698 5571 enim
1730 5532 1833 5573 nec
1885 5519 2158 5576 rationem

2267 5524 2457 5593 ὥσπερ
2489 5523 2594 5577 ὑπὸ
2624 5522 2686 5577 τὸ
2718 5522 2825 5578 ποῦ
2850 5498 2991 5578 sive:
3020 5523 3107 5578 διὰ
3268 5520 3418 5576 θέσιν
3447 5514 3529 5571 καὶ
3553 5507 3605 5563 τὺ
3628 5498 3756 5570 πέρας

1875 5653 2107 5712 νΑιιιΑς
2150 5659 2550 5717 LECTIONES.

586 5740 589 5745 λ
667 5759 690 5794 ⁸
723 5759 757 5833 ἦ
784 5760 837 5817 ιι
866 5760 1079 5819 restitui
1111 5779 1213 5835 pro
1243 5765 1291 5820 ei
1318 5765 1374 5821 δὲ
1407 5766 1552 5838 quod
1586 5767 1641 5822 in
1668 5773 1981 5843 apographo
2014 5786 2212 5833 exstat.

586 4881 698 4937 quo
713 4867 876 4924 modo
891 4885 1013 4925 esse
1038 4870 1263 4936 habent,
1288 4886 1648 4942 quaecumque
1670 4882 1796 4942 post
1815 4874 1984 4930 Deum
2006 4887 2157 4942 sunt,

585 4960 966 5017 exsistentiam
1015 4977 1170 5017 suam
1217 4962 1445 5017 habent.
1483 4964 1783 5034 Propterea
1842 4975 2027 5021 autem
2059 4982 2161 5026 nec

586 5051 707 5108 sine
748 5054 1024 5125 principio
1065 5064 1215 5111 sunt.
1242 5054 1627 5127 Quodcunque
1659 5058 1807 5113 enim
1854 5061 2158 5147 secupdum

590 5140 874 5211 quidpiam
899 5143 1048 5198 modi
1074 5145 1223 5215 capit
1252 5144 1551 5210 rationem,
1588 5146 1806 5215 etiamsi
1837 5159 1946 5215 est,
1978 5140 2159 5207 tamen
