4026 6288
237 368 365 434 1181
1468 371 1804 433 AMBIGUO

1907 373 1983 432 ΙΜ
2021 373 2271 434 LIBER.
3333 364 3474 430 1182

228 482 336 535 τῶν
361 482 452 535 ἐπ’
481 482 660 546 αὐτοῖς
693 480 836 536 κατά
867 481 1030 552 φύσιν
1055 481 1252 550 λόγων,
1295 482 1390 536 καὶ
1423 484 1528 537 ὑπὸ
1570 485 1630 537 τὸ
1675 483 1803 537 ποτὲ

1907 499 2008 539 nec
2043 484 2384 540 intellectum
2424 485 2572 555 capit
2599 483 2877 549 divinum;
2927 495 3098 552 quare
3138 493 3242 534 nec
3268 475 3476 548 praedi-

228 574 448 638 πάντως
469 569 610 628 εἶναι
645 573 737 628 διὰ
768 573 869 643 τὴν
898 574 1074 645 ἀρχὴν
1109 574 1436 639 ἑπιδέξεται.

1908 584 2098 630 cantes
2123 575 2297 646 ipsius
2323 575 2709 631 exsistentiam
2733 574 2974 628 dicimus
3017 572 3189 642 ipsam
3221 583 3342 623 esse
3373 581 3474 621 ex—

226 667 560 722 sistentiam.
611 665 732 735 Ipse
770 664 919 719 enim
964 664 1300 719 exsistentia:
1353 663 1509 735 origo
1549 671 1674 728 est,
1720 661 1816 716 sed
1876 679 1986 719 non
2047 665 2162 734 ipsa
2195 664 2539 721 exsistentia.
2593 661 2860 732 Superior
2892 667 2978 715 est
3024 658 3173 714 enim
3218 656 3306 710 vel
3357 655 3478 724 ipsa

226 758 574 822 exsistentia,
603 773 726 828 quae
754 756 1110 827 aliquomodo
1143 765 1199 811 et
1222 755 1549 826 simpliciter
1591 770 1651 810 se
1695 754 1897 810 habere
1917 764 1975 810 et
2004 756 2210 811 dicitur
2266 767 2324 814 et
2388 754 2736 826 intelligitur.
2797 751 2855 807 Si
2917 764 3053 804 vero
3100 745 3476 816 aliquomodo,

225 852 321 904 sed
365 865 479 905 non
511 849 856 920 simpliciter,
913 864 1003 904 res
1045 847 1253 902 habent
1287 862 1434 912 esse,
1488 846 1636 900 sicut
1679 845 1784 900 sub
1818 844 1924 898 loci
1956 846 2180 902 notione
2211 861 2333 902 esse
2397 854 2623 916 propter
2687 840 3020 914 positionem
3057 846 3116 892 et
3181 835 3480 890 terminum

228 942 588 999 naturalium
635 941 692 997 in
738 941 822 998 eis
873 941 1152 997 rationum
1186 980 1203 1007 ,
1278 940 1356 995 ita
1393 939 1560 996 etiam
1622 935 1726 993 sub
1773 938 2049 1008 temporis
2082 942 2400 996 necessario
2437 952 2558 994 esse
2607 943 2835 1007 propter
2898 927 3234 1004 principium
3278 926 3479 997 capiet.

237 1177 571 1243 Ἀπόδειξις
604 1177 718 1232 τοῦ
749 1176 836 1246 μὴ
871 1176 1169 1232 δύνασθαι
1208 1178 1455 1246 ἄπειρον
1497 1175 1670 1246 εἶναι,
1705 1181 1804 1236 καὶ

295 1267 397 1320 διὰ
429 1267 606 1321 τοῦτο
644 1267 782 1322 οὔτε
809 1268 1080 1337 ἄναρχον
1099 1267 1244 1332 πᾶν,
1268 1269 1324 1322 ει
1351 1285 1405 1322 τι
1427 1270 1574 1324 κατὰ
1602 1270 1803 1340 τὴνὲν

299 1353 520 1424 πλήθει
541 1359 845 1424 ποσότητα
875 1358 1000 1425 ἔχει
1029 1356 1095 1412 τὸ
1120 1354 1292 1414 εῖναι.

297 1470 414 1524 Καὶ
441 1469 603 1524 πάλιν
647 1470 696 1524 εἰ
745 1471 779 1541 ή
823 1472 1043 1525 πάντων
1079 1472 1234 1526 οὐσία
1264 1471 1475 1528 πολλῶν
1503 1473 1670 1528 ὄντων
1689 1473 1798 1528 τῶν

227 1563 448 1616 πάντων
477 1563 700 1633 ἄπειρος
729 1558 869 1616 εἶναι
907 1564 966 1616 οὐ
1012 1563 1232 1619 δύναται
1287 1564 1500 1638 (πέρας
1538 1568 1647 1638 γὰρ
1684 1567 1798 1639 ἔχει

227 1656 414 1711 αὐτῶν
445 1655 552 1707 τῶν
585 1654 793 1708 πολλῶν
822 1655 992 1709 ὄντων
1039 1657 1139 1727 τὴν
1181 1659 1239 1711 ὲν
1275 1658 1470 1730 πλήθει
1502 1660 1797 1730 ποσότητα,

228 1748 682 1818 περιγράφουσαν
710 1746 880 1817 αὐτῆς
903 1747 994 1800 τόν
1018 1764 1078 1800 τε
1111 1748 1205 1802 τοῦ
1240 1743 1381 1804 εἶναι
1415 1751 1509 1803 καὶ
1546 1751 1637 1804 τοῦ
1683 1751 1800 1815 πῶς

229 1837 376 1894 εἶναι
417 1838 596 1907 λόγον,
625 1839 686 1892 οὐ
715 1838 826 1910 γὰρ
856 1839 1054 1907 ἄφετος
1102 1843 1136 1910 η
1184 1839 1293 1892 τῶν
1330 1840 1549 1895 πάντων
1585 1841 1798 1911 οὐσία),

229 1933 355 1986 οὐδὲ
389 1933 425 2003 ἡ
454 1930 549 1985 τοῦ
579 1929 702 1985 καθ’
738 1930 967 1984 ἕκαστον
1007 1930 1166 2002 δῆλον
1192 1932 1487 1995 ὑπόστασις
1512 1931 1663 1986 ἔσται
1682 1932 1804 2003 δίχα

230 2024 608 2098 περιγραφῆς,
638 2023 894 2094 ἀλλήλαις
917 2022 997 2094 τῷ
1021 2023 1240 2096 ἀριθμῷ
1262 2024 1359 2078 καὶ
1385 2027 1450 2095 τῇ
1478 2019 1637 2095 οὐσίᾳ
1666 2025 1806 2079 κατά

229 2117 394 2187 λόγον
423 2116 920 2189 περιγεραμμέναι.
966 2117 1030 2169 Εἰ
1065 2116 1120 2170 δὲ
1141 2119 1490 2188 περιγραφῆς
1519 2116 1670 2171 οὐδὲν
1699 2118 1806 2170 τῶν

229 2211 407 2266 ὄντων
436 2209 738 2280 ἐλεύθερον,
773 2209 954 2263 πάντα
993 2212 1063 2263 τὰ
1090 2209 1219 2263 ὂντα
1253 2209 1490 2279 δηλονότι
1529 2209 1807 2277 ἀναλόγως

229 2303 450 2365 ἑαυτοῖς
489 2302 581 2356 καὶ
609 2299 670 2354 τὸ
701 2300 832 2354 ποτὲ
863 2295 1003 2354 εἶναι
1032 2301 1126 2353 καὶ
1156 2300 1213 2354 τὸ
1238 2299 1371 2353 σποῦ
1394 2295 1563 2354 εἶναι»
1595 2300 1804 2372 εἴληφε.

232 2393 458 2448 Τούτων
486 2393 595 2465 γὰρ
623 2393 749 2447 ἄνευ
777 2392 840 2445 τδ
872 2393 1132 2464 παράπαν
1160 2393 1312 2447 οὐδὲν
1331 2387 1468 2447 εἶναι
1495 2393 1804 2465 δυνήσεται,

231 2490 339 2542 οὐκ
381 2487 562 2552 οὐσία,
601 2487 662 2540 οὐ
709 2487 964 2557 ποσότης,
1012 2488 1072 2541 οὐ
1104 2488 1346 2557 ποιότης,
1381 2488 1441 2541 οὺ
1492 2489 1694 2558 σχέσις,
1743 2489 1805 2542 οὐ

233 2582 480 2651 ποίησις,
515 2581 573 2633 οὗ
604 2579 795 2644 πάθος,
826 2581 887 2634 οὐ
931 2583 1163 2649 κίνησις,
1191 2581 1290 2651 οὐχ
1329 2579 1462 2646 ἕξις,
1500 2581 1598 2650 οὐχ
1623 2580 1807 2651 ἕτερόν

233 2690 292 2725 τι
351 2673 461 2724 τῶν
514 2667 595 2735 οἷς
640 2673 702 2725 τὸ
739 2673 846 2725 πᾶν
902 2671 1300 2742 περικλείουσιν
1353 2671 1408 2725 οι
1462 2672 1591 2742 περὶ
1637 2671 1808 2725 ταῦτα

231 2764 421 2817 δεινοί.
469 2763 634 2816 Οὐδὲν
681 2761 774 2815 οὖν
810 2761 919 2814 τῶν
959 2762 1128 2815 ὅντων
1156 2763 1408 2832 ἄναρχον,
1456 2755 1501 2830 ᾧ
1536 2779 1588 2815 τι
1623 2762 1808 2832 ἕτερον

233 2856 683 2928 προεπινοεῖσθαι
728 2853 921 2924 (170
956 2854 1049 2923 a),
1087 2853 1207 2906 οὐδὲ
1251 2852 1626 2924 ἀπερίγραφον
1677 2847 1721 2921 ᾧ
1754 2871 1808 2907 τι

231 2947 427 3016 ἕτερον
479 2943 911 2998 συνεπινοεῖσθαι
957 2944 1202 2997 δύναται.
1260 2944 1324 2996 El
1373 2943 1430 2998 δὲ
1470 2942 1579 2996 τῶν
1642 2943 1809 2997 δντων

232 3037 392 3090 οὐδὲν
411 3037 653 3112 ,ἄναρχον
698 3035 732 3107 ἢ
782 3037 859 3090 ἀπ
872 3034 1189 3106 ερίγραςον,
1222 3035 1296 3099 ὡς
1323 3033 1490 3101 ἔδειξε
1507 3034 1809 3101 ἀκολούθως

231 3133 303 3203 τῇ
339 3130 502 3201 φύσει
526 3133 632 3184 τῶν
655 3129 824 3183 ὄντων
859 3130 1128 3200 ἑπόμενος
1183 3130 1212 3181 ὁ
1254 3128 1431 3197 λόγος,
1480 3123 1549 3199 ἦν
1595 3130 1810 3193 πάντως

233 3221 372 3275 ποτὲ
398 3221 487 3273 ὅτε
508 3237 560 3273 τι
582 3219 690 3273 τῶν
711 3219 881 3272 ὄντων
911 3219 1012 3271 οὐκ
1046 3214 1114 3288 ἦν
1139 3233 1154 3249 ο
1185 3219 1230 3271 εἰ
1260 3218 1317 3271 δὲ
1335 3218 1436 3270 οὐκ
1466 3213 1556 3286 ἦν,
1594 3219 1808 3280 πάντως

1898 1185 2310 1242 Demonstratur
2337 1185 2481 1241 nihil.
2505 1199 2654 1256 posse
2683 1181 2955 1252 inﬁnitum
2988 1194 3118 1244 esse,
3163 1185 3213 1230 et
3240 1183 3482 1247 prapter-

1969 1296 2032 1334 ea
2059 1296 2152 1334 nec
2178 1281 2292 1334 sine
2324 1279 2496 1342 initio,
2531 1279 2578 1332 si
2611 1275 2737 1348 quid
2759 1272 3047 1330 secundum
3072 1268 3282 1324 numeri
3299 1281 3481 1339 quan-

1968 1371 2172 1426 titatem
2205 1372 2357 1426 habet
2401 1368 2779 1424 exsistentiam.

1967 1477 2150 1547 Atque
2209 1490 2425 1541 rursus,
2485 1474 2529 1528 si
2589 1474 2966 1528 universorum
3031 1462 3301 1525 essentia,
3355 1473 3481 1514 cum

1892 1567 2064 1623 multa
2083 1567 2483 1630 sintuniversa,
2501 1564 2713 1619 inﬁnita
2732 1577 2853 1617 esse
2869 1574 2976 1614 non
2994 1563 3172 1629 potest
3191 1552 3483 1624 (terminus

1891 1657 2041 1712 enim
2061 1657 2307 1728 ipsorum
2325 1655 2622 1710 multorum
2641 1667 2762 1723 qua:
2777 1650 3052 1706 exsistunt
3071 1641 3285 1700 numeri
3303 1653 3480 1710 quan-

1897 1750 2107 1804 titatem
2157 1758 2324 1814 tenet,
2349 1765 2472 1818 qua:
2516 1747 2662 1801 illius
2713 1753 2823 1799 tam
2858 1736 3158 1798 exsistendi
3187 1749 3348 1806 quam
3379 1730 3482 1786 ali-

1897 1836 2175 1907 quomodo
2224 1835 2525 1892 exsistendi
2576 1833 2870 1896 rationem;
2901 1842 3084 1898 neque
3117 1823 3266 1880 enim
3312 1819 3479 1874 abso-

1901 1929 2018 1984 luta
2047 1937 2131 1984 est
2160 1929 2544 1984 universorum
2571 1921 2857 1993 essentia),
2887 1935 2992 1975 nec
3019 1916 3384 1996 singulorum,
3416 1917 3480 1965 ut

1906 2029 2076 2090 patet,
2107 2019 2410 2074 substantia
2438 2018 2558 2073 sine
2587 2010 3100 2081 circumscriptione
3128 2006 3256 2069 erit,
3285 2017 3482 2059 nume-

1907 2125 1972 2165 ro
2023 2118 2078 2165 et
2106 2110 2347 2165 essentia
2378 2117 2573 2164 mutuo
2603 2104 2908 2162 secundum
2939 2101 3206 2156 tationem
3237 2097 3480 2152 circum-

1907 2202 2128 2272 scripta.
2162 2200 2218 2256 Si
2241 2210 2424 2256 autem
2439 2196 2953 2266 circumscriptione
2982 2207 3174 2248 eorum
3203 2204 3324 2260 quae
3351 2195 3483 2242 sunt

1906 2293 2204 2364 quidquam
2235 2309 2347 2347 non
2376 2299 2553 2354 vacat,
2586 2289 2844 2347 universa
2885 2285 3146 2339 nimirum
3189 2295 3310 2351 quae
3340 2287 3472 2333 sunt

1906 2387 2010 2442 sibi
2034 2387 2164 2456 ipsis
2176 2385 2566 2441 convenienter
2582 2393 2637 2438 et
2664 2401 2682 2433 ι
2701 2378 2994 2450 aliquando
3010 2391 3130 2431 esse
3150 2395 3166 2426 ι
3178 2386 3227 2428 et
3243 2393 3259 2423 ι
3279 2369 3480 2426 alicubi

1906 2494 2055 2534 esse»
2091 2487 2376 2548 ceperunt.
2411 2477 2506 2531 His
2533 2475 2682 2530 enim
2712 2487 2908 2527 vacare
2939 2468 3075 2525 nihil
3106 2465 3334 2521 omnino
3372 2477 3475 2533 po-

1909 2571 2056 2635 terit,
2087 2586 2194 2624 non
2213 2569 2470 2631 essentia,
2493 2583 2602 2622 non
2620 2564 2919 2637 quantitas,
2945 2577 3052 2616 non
3085 2556 3341 2628 qualitas,
3364 2568 3477 2606 non

1909 2662 2120 2722 relatio.
2139 2677 2246 2714 non
2260 2659 2421 2720 actio,
2436 2674 2542 2712 non
2568 2657 2769 2728 passio,
2787 2670 2898 2708 non
2912 2651 3214 2715 motio,non
3233 2645 3478 2708 habitus,

1908 2770 2011 2808 nec
2039 2751 2189 2806 aliud
2221 2752 2390 2805 ullum
2420 2764 2529 2818 quo
2559 2748 2878 2802 universum
2907 2738 3352 2798 circumcludunt
3378 2736 3477 2805 qui

1908 2844 1996 2898 his
2027 2843 2194 2898 rebus
2222 2851 2351 2896 sunt
2377 2839 2599 2895 eruditi.
2632 2839 2820 2907 Itaque
2850 2849 3040 2889 eorum
3070 2847 3190 2900 qua:
3213 2837 3341 2883 sunt
3368 2841 3480 2896 quo

1909 2935 2040 3006 quid
2070 2933 2219 2989 aliud
2251 2932 2406 3003 prius
2439 2928 2668 3001 cogitari
2701 2936 2900 2998 potest.
2959 2924 3015 2978 id
3057 2921 3330 2992 principio
3357 2933 3469 2972 non

1909 3041 2081 3088 caret.
2107 3025 2186 3081 uti
2217 3039 2321 3080 nec
2348 3019 2856 3088 circumscriptione
2886 3030 3123 3086 quocum
3155 3011 3287 3082 quid
3323 3009 3478 3065 aliud

1909 3123 2070 3177 simul
2101 3119 2331 3192 cogitari
2364 3125 2563 3188 potest.
2597 3115 2717 3171 Jam
2748 3113 2792 3168 si
2827 3125 3013 3166 rerum
3038 3123 3160 3178 qua:
3181 3114 3307 3160 sunt
3337 3102 3476 3158 nihil

1910 3214 2182 3285 principio
2207 3219 2470 3266 caretnec
2500 3204 3108 3274 circumscriptione,ut
3135 3199 3479 3254 demonstra-

233 3313 485 3381 γέγονεν,
514 3311 673 3381 εἴπερ
704 3310 805 3364 οὐκ
830 3305 916 3380 ἦν.
967 3310 1040 3362 Οὐ
1071 3308 1178 3380 γὰρ
1214 3309 1380 3379 ἄμφω
1396 3309 1668 3380 ἐνδέχεται
1707 3311 1800 3363 καὶ

1907 3310 1982 3364 vit
2000 3311 2401 3374 consequenter
2428 3309 2678 3355 naturam
2710 3312 2894 3354 rerum
2927 3307 3164 3363 sequens
3184 3289 3343 3355 ratio,
3363 3287 3479 3341 lieri

233 3399 378 3456 εἶναι
415 3401 508 3455 καὶ
551 3400 798 3465 γίνεσθαι
849 3399 1017 3470 χωρὶς
1059 3401 1270 3470 τροπῆς
1313 3399 1407 3451 καὶ
1441 3398 1799 3462 ἀλλοιώσεως.

233 3495 302 3547 Εἰ
348 3491 459 3563 γὰρ
501 3488 569 3564 ἦν
611 3492 706 3546 καὶ
746 3491 987 3560 γέγονεν,
1037 3491 1271 3562 ἐτράπη,
1306 3492 1386 3554 εἰς
1414 3491 1550 3562 ὅπερ
1587 3491 1690 3544 οὐκ
1735 3488 1802 3562 ἦν

236 3583 636 3655 μεταχωρῆσαν
674 3582 812 3636 κατὰ
852 3581 948 3655 τὴν
976 3583 1208 3650 γένεσιν,
1246 3582 1279 3652 ἢ
1312 3581 1603 3652 ἠλλοιώθη,
1638 3598 1805 3652 προτ-

235 3679 419 3749 θήκην
471 3670 533 3730 οὗ
579 3676 839 3747 ἐστέρητο
894 3676 1124 3738 κάλλους
1169 3675 1575 3746 ὲπιδεξὰμενον.
1607 3675 1722 3728 Πάν
1748 3673 1803 3727 δὲ

233 3768 651 3840 cpe-nonmoij
682 3764 1138 3836 άλλοιούμενον,ἢ
1171 3763 1386 3828 ἐλλιπὲς
1418 3764 1614 3827 εἴδους,
1647 3764 1806 3816 αὺτο-

233 3857 391 3920 τελὲς
437 3857 459 3888 ⁸
496 3851 634 3910 εἶναι
677 3855 737 3908 οὐ
777 3854 1021 3908 δύναται.
1070 3853 1144 3906 Τὸ
1185 3853 1244 3906 δὲ
1279 3853 1354 3923 μὴ
1394 3855 1455 3906 ὂν
1498 3850 1804 3915 αὐτοτελὲς,

235 3951 432 4022 ἑτέρου
493 3948 710 4010 πάντως
755 3944 1245 4015 προσδεηθήσεται,
1318 3945 1412 3998 τοῦ
1475 3946 1806 4014 παρέχοντος

235 4041 390 4112 αὐτῷ
414 4039 513 4110 τὴν
537 4037 870 4108 τελειότητα,
903 4037 999 4090 καὶ
1033 4036 1146 4089 ἐστι
1174 4036 1382 4090 τέλειον
1424 4035 1521 4106 μὲν
1541 4035 1602 4088 τὸ
1629 4034 1806 4088 τοιοῦο

234 4149 350 4196 τον,
397 4130 510 4183 ἀλλ’
559 4129 657 4181 οὐκ
698 4125 1004 4188 αὐτοτελὲς,
1048 4126 1134 4179 διὰ
1176 4126 1235 4178 τὸ
1264 4127 1340 4196 μὴ
1369 4125 1551 4193 φύσει,
1591 4124 1804 4194 μεθέξει

235 4224 296 4277 δὲ
323 4222 386 4275 τὸ
416 4221 618 4274 τέλειον
644 4219 808 4290 ἔχειν.
838 4218 912 4271 Τὸ
933 4217 990 4271 δὲ
1019 4219 1204 4288 ἑτέρου
1250 4218 1640 4290 προσδεόμενον
1670 4219 1806 4288 πρδς

235 4315 520 4370 τελείωσιν
577 4311 672 4366 καὶ
732 4311 867 4382 πρὸς
926 4310 1056 4362 αὐτὸ
1099 4309 1160 4362 τὸ
1202 4305 1340 4362 εἶναι
1388 4309 1567 4378 πολλῷ
1607 4307 1806 4379 μᾶλλον

239 4404 726 4478 προσδεηθήσεται.
779 4405 840 4456 Εἰ
866 4403 976 4472 γὰρ
1001 4401 1172 4466 εἴδους
1202 4401 1484 4470 κρείττων,
1518 4400 1592 4463 ὦς
1620 4417 1803 4468 φασιν,

235 4502 271 4570 ἡ
307 4498 468 4552 οὐσία
496 4495 822 4564 καθέστηκε,
849 4493 1053 4564 ταύτην
1097 4493 1154 4545 δὲ
1199 4491 1375 4562 ἑαυτῷ
1417 4493 1718 4561 παρασχεῖν
1769 4491 1803 4562 ἦ

238 4590 428 4653 ἁπλῶς
487 4588 630 4658 ἔχειν
653 4587 936 4657 δεδύνηται
988 4588 1164 4640 ἐκεῖνο
1208 4584 1270 4637 τὸ
1324 4584 1405 4649 ὃν,
1463 4583 1604 4652 ὅπερ
1650 4583 1806 4636 αὐτοὶ

1903 3417 2014 3456 non
2043 3408 2224 3470 potest
2251 3397 2384 3468 quin
2428 3389 2724 3462 aliquando
2781 3402 2965 3442 rerum
3003 3383 3300 3455 quidquam
3366 3394 3481 3434 non

1903 3494 2088 3555 fuerit,
2113 3499 2169 3545 et
2194 3491 2238 3545 si
2269 3503 2379 3542 non
2409 3485 2532 3548 fuit,
2565 3483 2682 3539 ﬁeri
2714 3496 2826 3536 non
2860 3486 3042 3549 potest
3087 3475 3221 3546 quin
3267 3471 3472 3529 factum

1903 3585 1994 3648 sit,
2026 3581 2297 3652 siquidem
2335 3593 2447 3632 non
2478 3573 2600 3629 fuit.
2632 3573 2937 3639 Utrumque
2966 3568 3134 3630 enim,
3193 3575 3301 3619 tam
3355 3576 3478 3617 esse

1903 3690 2065 3745 quam
2109 3673 2250 3737 ﬁeri,
2284 3686 2390 3725 non
2421 3668 2568 3738 capit
2597 3665 2716 3721 sine
2743 3660 3107 3719 conversione
3136 3667 3192 3713 et
3221 3657 3482 3711 immuta-

1905 3767 2073 3823 tione.
2103 3766 2350 3834 Namque
2388 3761 2433 3816 si
2473 3759 2575 3814 fuit
2613 3766 2670 3813 et
2719 3756 2919 3812 factum
2976 3759 3082 3816 est,
3148 3761 3480 3804 conversum

1903 3870 2007 3926 est,
2030 3867 2317 3929 postquam
2349 3853 2404 3907 in
2437 3850 2490 3907 id
2521 3847 2669 3920 quod
2698 3863 2807 3901 non
2838 3843 2939 3898 fuit
2960 3858 3060 3914 per
3087 3849 3270 3894 ortum
3303 3846 3480 3891 trans-

1906 3952 1989 4016 iit,
2047 3957 2142 4004 aut
2190 3948 2537 4002 immutatum
2568 3949 2674 4002 est,
2709 3945 2996 4008 postquam
3044 3931 3476 3986 additamentum

1903 4044 2024 4114 ejus
2071 4056 2178 4111 qua
2209 4039 2419 4109 privata
2445 4042 2565 4090 erat
2593 4027 3008 4102 pulchritudine
3034 4023 3265 4092 recepit.
3295 4018 3476 4087 Quid-
3535 4040 3551 4056 ο

1905 4113 2038 4204 quid
2086 4142 2271 4186 autem
2326 4126 2666 4184 convertitur
2711 4131 2803 4176 aut
2833 4121 3178 4177 immutatur.
3213 4121 3309 4170 aut
3359 4113 3477 4168 for—

1905 4240 1991 4279 ma
2021 4235 2274 4276 mancum
2317 4227 2421 4282 est,
2470 4217 2524 4270 id
2557 4214 2872 4270 absolutum
2907 4225 3007 4280 per
3035 4225 3094 4264 se
3124 4219 3478 4262 consumma-

1905 4327 2131 4384 tumque
2171 4328 2292 4368 esse
2321 4311 2531 4380 nequit.
2589 4307 2745 4374 Quod
2777 4314 2963 4360 autem
2997 4319 3105 4357 non
3163 4317 3261 4372 per
3294 4315 3351 4354 se
3383 4298 3480 4352 ab-

1903 4408 2142 4462 solutum
2189 4413 2294 4465 est,
2323 4404 2374 4456 id
2407 4404 2579 4456 altero
2613 4399 2839 4453 omnino
2869 4394 3138 4466 indigebit
3179 4391 3325 4463 quod
3371 4390 3477 4445 sibi

1905 4496 2305 4550 absolutionem
2337 4499 2578 4562 praestet,
2626 4500 2790 4558 atque
2813 4496 2898 4544 est
2919 4486 3230 4541 absolutum
3254 4481 3479 4552 quidem

1908 4587 2035 4650 tale,
2068 4585 2164 4640 sed
2191 4598 2301 4638 non
2337 4598 2436 4652 per
2465 4597 2522 4635 se
2564 4579 2898 4639 absolutum,
2935 4576 3196 4644 quoniam
3234 4589 3343 4626 non
3377 4589 3478 4626 na-

238 4685 408 4753 φάναι
431 4681 730 4752 βούλονται,
763 4679 880 4742 πῶς
919 4677 1054 4748 πρὸς
1081 4677 1143 4730 τὸ
1170 4677 1315 4746 ἔχειν
1345 4674 1532 4739 ἁπλῶς
1564 4674 1597 4746 ἢ
1633 4692 1804 4746 παρα-

1907 4686 2053 4746 _tura,
2084 4676 2178 4730 sed
2210 4670 2706 4728 communicatione
2738 4668 3053 4722 absolutum
3083 4665 3268 4719 habet.
3321 4663 3478 4735 Quod

153 4843 155 4846 ι
239 4777 392 4845 σχεῖν
425 4771 602 4841 ἑαυτῷ
630 4771 691 4824 ἰδ
714 4767 898 4843 ἦττον,
933 4769 1075 4840 φημὶ
1103 4769 1160 4822 δὲ
1198 4768 1260 4821 τὸ
1291 4764 1449 4832 εἶδος,
1493 4768 1593 4821 οὐκ
1636 4769 1806 4838 ἐπήρ-

239 4881 410 4929 κεσε;
452 4865 516 4917 Εἰ
544 4863 603 4916 δὲ
629 4861 766 4932 πρὸς
817 4861 878 4912 τὸ
922 4862 1224 4930 παρασχεῖν
1263 4858 1439 4929 ἐαυτῷ
1470 4859 1530 4911 τὸ
1557 4853 1738 4930 ἦττον,
1771 4859 1804 4930 ἢ

239 4957 428 5021 ἁπλῶς
472 4956 616 5026 ἔχειν
657 4956 834 5008 ἐκεῖνο
865 4952 927 5006 τὸ
966 4953 1046 5018 ὃν,
1081 4952 1216 5021 ὅπερ
1237 4953 1288 5004 ετ
1325 4968 1385 5005 τε
1430 4950 1637 5016 οὐσίαν,
1670 4951 1724 5004 εἴ
1745 4968 1806 5004 τε

239 5052 376 5122 ὓλην
400 5049 585 5103 καλεῖν
619 5047 895 5118 βούλονται
927 5046 977 5097 οἱ
1003 5045 1065 5098 τὸ
1089 5045 1326 5113 ἄναρχον
1358 5045 1468 5106 τοῖς
1510 5045 1650 5113 μετά
1674 5043 1806 5096 Θεὸν

238 5144 427 5218 καὶιὲκ
456 5141 592 5196 Θεοῦ
637 5139 976 5210 προσάπτειν
1013 5137 1320 5206 τολμῶντες
1384 5135 1480 5205 (οὐ
1525 5135 1633 5206 γάρ
1671 5136 1802 5205 περ)⁸

237 5235 432 5290 τούτου
457 5232 858 5303 διαφερόμεθα)
891 5231 993 5284 οὐκ
1031 5230 1326 5298 ἐπήρκεσε,
1370 5226 1488 5289 πῶς
1526 5226 1586 5278 τὸ
1618 5229 1800 5298 κρεῖτ-

238 5345 353 5391 τον,
387 5326 520 5379 αὐτὸ
568 5327 629 5378 τὸ
670 5321 809 5377 εἶναί
849 5340 1012 5393 φημι,
1050 5322 1082 5390 ἢ
1121 5318 1304 5383 άπλῶς
1349 5319 1383 5390 ἢ
1436 5318 1568 5388 παρ’
1613 5315 1804 5369 ἑαυτοῦ

240 5417 388 5487 ἔχειν
415 5415 721 5484 δεδύνηται,
749 5413 809 5466 τὸ
855 5412 989 5482 πρὸς
1027 5410 1087 5462 τὸ
1126 5409 1270 5480 ἔχειν
1304 5407 1367 5461 τὺ
1401 5402 1562 5478 ἧττον
1611 5406 1806 5459 ἀδυνα-

239 5507 445 5576 cacas;
478 5507 542 5560 Et
568 5506 626 5558 δὲ
650 5505 782 5574 παρ’
822 5502 1022 5571 ἑαυτῆς
1049 5501 1080 5570 ἢ
1112 5500 1296 5564 ἁπλῶς
1344 5498 1488 5568 ἔχειν
1540 5496 1601 5549 τὸ
1643 5493 1805 5566 ἧττον

239 5599 492 5669 οὐδαμῶς
530 5602 563 5670 ἡ
603 5597 705 5668 ὕλη
738 5595 934 5667 (170
971 5595 1022 5666 ὁ)
1051 5593 1352 5662 δεδύνηται,
1387 5589 1565 5660 πολλῷ
1604 5588 1804 5659 μᾶλλον

1909 4775 2094 4820 autem
2152 4760 2565 4831 alteroindiget
2591 4758 2658 4813 ad
2711 4771 2830 4812 sese
2852 4753 3366 4812 consummandnm.
3421 4751 3476 4805 id

1906 4857 2072 4911 etiam
2131 4854 2305 4908 multo
2348 4852 2520 4923 magis
2546 4848 2812 4921 indigebit
2843 4847 2909 4902 ad
2942 4847 3047 4900 hoc
3084 4845 3260 4914 ipsum
3291 4851 3351 4897 ut
3381 4842 3474 4897 sit.

1906 4949 2041 5004 Nam
2067 4947 2111 5002 si
2140 4947 2332 5010 forma,
2365 4955 2427 5000 ut
2457 4944 2634 5008 aiunt,
2662 4941 2900 4997 essentia
2952 4947 3195 5008 przestat,
3239 4951 3475 5004 eamque

1908 5038 2011 5094 sibi
2063 5037 2165 5106 ipsi
2218 5043 2480 5107 praestare
2523 5034 2609 5088 vel
2665 5030 2990 5101 simpliciter
3041 5028 3245 5081 habere
3295 5034 3477 5096 potest

1907 5129 2043 5185 illud
2083 5144 2203 5193 ens,
2249 5126 2396 5195 quod
2438 5124 2542 5196 ipsi
2598 5123 2784 5177 dicere
2830 5119 3046 5180 volunt,
3071 5116 3346 5187 quomodo
3405 5115 3474 5171 ad

1907 5220 2220 5276 habendum
2237 5217 2561 5287 simpliciter
2576 5214 2661 5268 vel
2681 5209 3047 5282 praestandum
3067 5209 3172 5264 sibi
3189 5210 3344 5278 pejus
3363 5207 3475 5261 for-

1905 5327 2047 5366 mam
2066 5309 2212 5372 dico,
2237 5324 2344 5362 non
2371 5303 2700 5360 sufﬁciebat?
2727 5301 2782 5357 Si
2806 5311 2988 5356 autem
3011 5300 3077 5354 ad
3103 5299 3472 5369 praestandum

1903 5402 2004 5459 sibi
2028 5401 2181 5471 pejus
2209 5398 2293 5452 vel
2327 5393 2650 5464 simpliciter
2680 5389 3012 5454 habendum,
3037 5389 3170 5443 illud
3189 5386 3473 5456 ens,qnod

1901 5496 1988 5550 vel
2001 5492 2292 5548 essentiam
2311 5489 2396 5543 vel
2414 5486 2700 5542 materiam
2716 5499 2912 5539 vocare
2930 5483 3108 5553 placet
3125 5481 3206 5535 eis
3220 5478 3472 5548 quiquod

1903 5587 2063 5641 initio
2098 5593 2248 5640 caret
2279 5581 2446 5637 rebus
2491 5594 2610 5649 qua:
2639 5587 2762 5649 post
2793 5578 2960 5632 Deum
2993 5585 3049 5630 et
3091 5591 3157 5630 ex
3197 5574 3308 5642 Deo
3341 5576 3474 5627 sunt

1515 5719 1750 5775 VARle
1778 5715 2174 5773 LECTIONES.

314 5825 336 5857 ⁵
371 5823 646 5886 ἀνελλιπὲς
679 5821 801 5876 cod.
841 5820 980 5877 Gud.
1006 5819 1157 5886 Quod
1191 5817 1242 5872 in
1277 5833 1445 5884 marg.
1483 5815 1553 5869 ab
1590 5815 1778 5870 eadem
1809 5829 1972 5868 manu
2006 5811 2353 5866 emendatum
2388 5818 2470 5865 est
2501 5808 2555 5862 in
2583 5802 2886 5866 αὐτοτελές.
