  <div class='ocr_page' id='page_1' title='image "/cluster/home/n/w/nwhite01/storage/ocr_20150623/91/hvd.32044019208024/605.png"; bbox 0 0 4026 6288; ppageno 0'>
   <div class='ocr_carea' id='block_1_1' title="bbox 534 365 2125 435">
    <p class='ocr_par' dir='ltr' id='par_1_1' title="bbox 534 366 2125 433">
     <span class='ocr_line' id='line_1_1' title="bbox 534 366 2125 433; baseline -0.004 -1"><span class='ocrx_word' id='word_1_1' title='bbox 534 366 673 433; x_wconf 74' lang='grc'><strong>1183</strong></span> <span class='ocrx_word' id='word_1_2' title='bbox 1695 367 1756 428; x_wconf 83' lang='grc'><strong>8.</strong></span> <span class='ocrx_word' id='word_1_3' title='bbox 1796 367 2082 427; x_wconf 81' lang='grc' dir='ltr'><strong>ΜΑΧΙΜΙ</strong></span> <span class='ocrx_word' id='word_1_4' title='bbox 2121 383 2125 412; x_wconf 63' lang='grc' dir='ltr'><strong>τ</strong></span> 
     </span>
    </p>
   </div>
   <div class='ocr_carea' id='block_1_2' title="bbox 2230 365 3788 435">
    <p class='ocr_par' dir='ltr' id='par_1_2' title="bbox 2230 365 3788 435">
     <span class='ocr_line' id='line_1_2' title="bbox 2230 365 3788 435; baseline 0.005 -10"><span class='ocrx_word' id='word_1_5' title='bbox 2230 365 2636 426; x_wconf 57' lang='grc' dir='ltr'><strong>ῚΡΕΞΞΟΒΙΒ</strong></span> <span class='ocrx_word' id='word_1_6' title='bbox 3660 367 3788 435; x_wconf 52' lang='lat' dir='ltr'><strong>“Si</strong></span> 
     </span>
    </p>
   </div>
   <div class='ocr_carea' id='block_1_3' title="bbox 529 476 2125 565">
    <p class='ocr_par' dir='ltr' id='par_1_3' title="bbox 529 476 2108 550">
     <span class='ocr_line' id='line_1_3' title="bbox 529 476 2108 550; baseline -0.003 -13"><span class='ocrx_word' id='word_1_7' title='bbox 529 487 818 538; x_wconf 82' lang='lat' dir='ltr'><strong>annectere</strong></span> <span class='ocrx_word' id='word_1_8' title='bbox 844 483 1115 532; x_wconf 78' lang='lat' dir='ltr'><strong>conantur</strong></span> <span class='ocrx_word' id='word_1_9' title='bbox 1147 476 1347 548; x_wconf 76' lang='lat' dir='ltr'><strong>{neque</strong></span> <span class='ocrx_word' id='word_1_10' title='bbox 1371 479 1520 533; x_wconf 90' lang='lat' dir='ltr'><strong>enim</strong></span> <span class='ocrx_word' id='word_1_11' title='bbox 1551 479 1620 536; x_wconf 88' lang='lat' dir='ltr'><strong>de</strong></span> <span class='ocrx_word' id='word_1_12' title='bbox 1645 481 1752 535; x_wconf 90' lang='lat' dir='ltr'><strong>hoc</strong></span> <span class='ocrx_word' id='word_1_13' title='bbox 1779 481 2108 550; x_wconf 81' lang='lat' dir='ltr'><strong>litigamus),</strong></span> 
     </span>
    </p>
   </div>
   <div class='ocr_carea' id='block_1_4' title="bbox 2230 476 3786 565">
    <p class='ocr_par' dir='ltr' id='par_1_4' title="bbox 2230 489 3786 565">
     <span class='ocr_line' id='line_1_4' title="bbox 2230 489 3786 565; baseline 0.003 -19"><span class='ocrx_word' id='word_1_14' title='bbox 2230 493 2350 547; x_wconf 73' lang='grc' dir='ltr'>ιΰτὸ</span> <span class='ocrx_word' id='word_1_15' title='bbox 2376 493 2435 546; x_wconf 79' lang='grc' dir='ltr'>τὸ</span> <span class='ocrx_word' id='word_1_16' title='bbox 2465 489 2834 556; x_wconf 80' lang='grc' dir='ltr'>εἷναιάπλώς,</span> <span class='ocrx_word' id='word_1_17' title='bbox 2879 492 2912 562; x_wconf 78' lang='grc' dir='ltr'>ἦ</span> <span class='ocrx_word' id='word_1_18' title='bbox 2965 493 3081 558; x_wconf 81' lang='grc' dir='ltr'>πῶς</span> <span class='ocrx_word' id='word_1_19' title='bbox 3125 493 3257 564; x_wconf 86' lang='grc' dir='ltr'>παρ’</span> <span class='ocrx_word' id='word_1_20' title='bbox 3303 495 3508 564; x_wconf 72' lang='grc' dir='ltr'>ἑαυτῆς</span> <span class='ocrx_word' id='word_1_21' title='bbox 3556 494 3696 565; x_wconf 72' lang='grc' dir='ltr'>ἔχειν</span> <span class='ocrx_word' id='word_1_22' title='bbox 3729 499 3786 552; x_wconf 80' lang='grc' dir='ltr'>οὗ</span> 
     </span>
    </p>
   </div>
   <div class='ocr_carea' id='block_1_5' title="bbox 534 567 2125 657">
    <p class='ocr_par' dir='ltr' id='par_1_5' title="bbox 534 567 2113 640">
     <span class='ocr_line' id='line_1_5' title="bbox 534 567 2113 640; baseline -0.001 -14"><span class='ocrx_word' id='word_1_23' title='bbox 534 569 678 626; x_wconf 87' lang='lat' dir='ltr'><strong>haud</strong></span> <span class='ocrx_word' id='word_1_24' title='bbox 710 567 1034 631; x_wconf 71' lang='lat' dir='ltr'><strong>sufﬁciebat,</strong></span> <span class='ocrx_word' id='word_1_25' title='bbox 1061 568 1340 638; x_wconf 85' lang='lat' dir='ltr'><strong>quomodo</strong></span> <span class='ocrx_word' id='word_1_26' title='bbox 1367 569 1586 634; x_wconf 91' lang='lat' dir='ltr'><strong>melius,</strong></span> <span class='ocrx_word' id='word_1_27' title='bbox 1617 570 1791 640; x_wconf 82' lang='lat' dir='ltr'><strong>ipsam</strong></span> <span class='ocrx_word' id='word_1_28' title='bbox 1839 570 2113 626; x_wconf 84' lang='lat' dir='ltr'><strong>exsisten-</strong></span> 
     </span>
    </p>
   </div>
   <div class='ocr_carea' id='block_1_6' title="bbox 2230 567 3786 657">
    <p class='ocr_par' dir='ltr' id='par_1_6' title="bbox 2230 579 3786 657">
     <span class='ocr_line' id='line_1_6' title="bbox 2230 579 3786 657; baseline 0.003 -20"><span class='ocrx_word' id='word_1_29' title='bbox 2230 583 2594 656; x_wconf 71' lang='grc' dir='ltr'>Ξυνηθήσεται.</span> <span class='ocrx_word' id='word_1_30' title='bbox 2621 579 2852 655; x_wconf 82' lang='grc' dir='ltr'>Ἀρόὗν</span> <span class='ocrx_word' id='word_1_31' title='bbox 2881 585 2915 656; x_wconf 74' lang='grc' dir='ltr'>ἡ</span> <span class='ocrx_word' id='word_1_32' title='bbox 2940 585 3080 657; x_wconf 77' lang='grc' dir='ltr'>πρὸς</span> <span class='ocrx_word' id='word_1_33' title='bbox 3115 586 3178 640; x_wconf 81' lang='grc' dir='ltr'>τὸ</span> <span class='ocrx_word' id='word_1_34' title='bbox 3207 585 3376 657; x_wconf 76' lang='grc' dir='ltr'>ἔχειν,</span> <span class='ocrx_word' id='word_1_35' title='bbox 3401 587 3480 650; x_wconf 85' lang='grc' dir='ltr'><strong>ὡς</strong></span> <span class='ocrx_word' id='word_1_36' title='bbox 3509 586 3786 654; x_wconf 81' lang='grc' dir='ltr'>δέδεικται,</span> 
     </span>
    </p>
   </div>
   <div class='ocr_carea' id='block_1_7' title="bbox 531 658 2125 748">
    <p class='ocr_par' dir='ltr' id='par_1_7' title="bbox 531 658 2115 730">
     <span class='ocr_line' id='line_1_7' title="bbox 531 658 2115 730; baseline -0.001 -15"><span class='ocrx_word' id='word_1_37' title='bbox 531 660 664 715; x_wconf 90' lang='lat' dir='ltr'><strong>tiam</strong></span> <span class='ocrx_word' id='word_1_38' title='bbox 694 659 841 725; x_wconf 92' lang='lat' dir='ltr'><strong>dico,</strong></span> <span class='ocrx_word' id='word_1_39' title='bbox 873 658 958 714; x_wconf 86' lang='lat' dir='ltr'><strong>vel</strong></span> <span class='ocrx_word' id='word_1_40' title='bbox 1003 659 1330 728; x_wconf 84' lang='lat' dir='ltr'><strong>simpliciter</strong></span> <span class='ocrx_word' id='word_1_41' title='bbox 1363 659 1447 713; x_wconf 84' lang='lat' dir='ltr'><strong>vel</strong></span> <span class='ocrx_word' id='word_1_42' title='bbox 1485 676 1517 714; x_wconf 78' lang='grc' dir='ltr'><strong>ιι</strong></span> <span class='ocrx_word' id='word_1_43' title='bbox 1540 675 1599 714; x_wconf 90' lang='lat' dir='ltr'><strong>se</strong></span> <span class='ocrx_word' id='word_1_44' title='bbox 1636 661 1758 730; x_wconf 91' lang='lat' dir='ltr'><strong>ipso</strong></span> <span class='ocrx_word' id='word_1_45' title='bbox 1782 661 1988 715; x_wconf 89' lang='lat' dir='ltr'><strong>habere</strong></span> <span class='ocrx_word' id='word_1_46' title='bbox 2017 673 2115 729; x_wconf 84' lang='lat' dir='ltr'><strong>po-</strong></span> 
     </span>
    </p>
   </div>
   <div class='ocr_carea' id='block_1_8' title="bbox 2230 658 3792 748">
    <p class='ocr_par' dir='ltr' id='par_1_8' title="bbox 2230 670 3792 748">
     <span class='ocr_line' id='line_1_8' title="bbox 2230 670 3792 748; baseline 0.003 -18"><span class='ocrx_word' id='word_1_47' title='bbox 2230 675 2280 730; x_wconf 75' lang='grc' dir='ltr'><strong>ιδ</strong></span> <span class='ocrx_word' id='word_1_48' title='bbox 2302 670 2486 748; x_wconf 81' lang='grc' dir='ltr'>ἦττον,</span> <span class='ocrx_word' id='word_1_49' title='bbox 2517 675 2661 745; x_wconf 78' lang='grc' dir='ltr'>λέγω</span> <span class='ocrx_word' id='word_1_50' title='bbox 2686 676 2823 730; x_wconf 80' lang='grc' dir='ltr'>δὲτὸ</span> <span class='ocrx_word' id='word_1_51' title='bbox 2852 671 3012 745; x_wconf 78' lang='grc' dir='ltr'>εἶδος,</span> <span class='ocrx_word' id='word_1_52' title='bbox 3036 677 3352 748; x_wconf 79' lang='grc' dir='ltr'>ἀτονήσασα</span> <span class='ocrx_word' id='word_1_53' title='bbox 3381 679 3506 733; x_wconf 67' lang='grc' dir='ltr'>οὐδε</span> <span class='ocrx_word' id='word_1_54' title='bbox 3536 679 3598 733; x_wconf 55' lang='lat' dir='ltr'><strong>re</strong></span> <span class='ocrx_word' id='word_1_55' title='bbox 3629 685 3792 744; x_wconf 84' lang='grc' dir='ltr'>κρεῖτ-</span> 
     </span>
    </p>
   </div>
   <div class='ocr_carea' id='block_1_9' title="bbox 534 747 2125 842">
    <p class='ocr_par' dir='ltr' id='par_1_9' title="bbox 534 747 2113 819">
     <span class='ocr_line' id='line_1_9' title="bbox 534 747 2113 819; baseline -0.002 -14"><span class='ocrx_word' id='word_1_56' title='bbox 534 749 662 811; x_wconf 87' lang='lat' dir='ltr'><strong>tuit,</strong></span> <span class='ocrx_word' id='word_1_57' title='bbox 690 747 838 818; x_wconf 88' lang='lat' dir='ltr'><strong>quod</strong></span> <span class='ocrx_word' id='word_1_58' title='bbox 858 748 926 803; x_wconf 93' lang='lat' dir='ltr'><strong>ad</strong></span> <span class='ocrx_word' id='word_1_59' title='bbox 952 749 1107 819; x_wconf 85' lang='lat' dir='ltr'><strong>pejus</strong></span> <span class='ocrx_word' id='word_1_60' title='bbox 1135 749 1448 804; x_wconf 89' lang='lat' dir='ltr'><strong>habendum</strong></span> <span class='ocrx_word' id='word_1_61' title='bbox 1479 764 1587 803; x_wconf 91' lang='lat' dir='ltr'><strong>non</strong></span> <span class='ocrx_word' id='word_1_62' title='bbox 1602 749 1812 804; x_wconf 88' lang='lat' dir='ltr'><strong>valuit?</strong></span> <span class='ocrx_word' id='word_1_63' title='bbox 1843 748 1901 804; x_wconf 91' lang='lat' dir='ltr'><strong>Si</strong></span> <span class='ocrx_word' id='word_1_64' title='bbox 1930 757 2113 803; x_wconf 88' lang='lat' dir='ltr'><strong>autem</strong></span> 
     </span>
    </p>
   </div>
   <div class='ocr_carea' id='block_1_10' title="bbox 2230 747 3789 842">
    <p class='ocr_par' dir='ltr' id='par_1_10' title="bbox 2230 747 3789 842">
     <span class='ocr_line' id='line_1_10' title="bbox 2230 747 3789 842; baseline 0.003 -24"><span class='ocrx_word' id='word_1_65' title='bbox 2230 747 2334 830; x_wconf 79' lang='grc' dir='ltr'>ιον,</span> <span class='ocrx_word' id='word_1_66' title='bbox 2366 765 2500 819; x_wconf 76' lang='grc' dir='ltr'>αὐτὸ</span> <span class='ocrx_word' id='word_1_67' title='bbox 2524 765 2586 818; x_wconf 78' lang='grc' dir='ltr'>τὸ</span> <span class='ocrx_word' id='word_1_68' title='bbox 2609 759 2749 819; x_wconf 73' lang='grc' dir='ltr'>εἷναί</span> <span class='ocrx_word' id='word_1_69' title='bbox 2793 783 2960 838; x_wconf 82' lang='grc' dir='ltr'>φημι,</span> <span class='ocrx_word' id='word_1_70' title='bbox 3008 767 3113 822; x_wconf 73' lang='grc' dir='ltr'>κᾶν</span> <span class='ocrx_word' id='word_1_71' title='bbox 3156 747 3408 823; x_wconf 77' lang='grc' dir='ltr'>ὁπωσοῦν</span> <span class='ocrx_word' id='word_1_72' title='bbox 3456 769 3608 840; x_wconf 74' lang='grc' dir='ltr'>ἔχειν</span> <span class='ocrx_word' id='word_1_73' title='bbox 3638 771 3789 842; x_wconf 77' lang='grc' dir='ltr'>δυνη-</span> 
     </span>
    </p>
   </div>
   <div class='ocr_carea' id='block_1_11' title="bbox 530 841 2125 928">
    <p class='ocr_par' dir='ltr' id='par_1_11' title="bbox 530 841 2115 913">
     <span class='ocr_line' id='line_1_11' title="bbox 530 841 2115 913; baseline 0 -17"><span class='ocrx_word' id='word_1_74' title='bbox 530 857 561 896; x_wconf 90' lang='lat' dir='ltr'><strong>a</strong></span> <span class='ocrx_word' id='word_1_75' title='bbox 591 857 650 896; x_wconf 88' lang='lat' dir='ltr'><strong>se</strong></span> <span class='ocrx_word' id='word_1_76' title='bbox 694 841 815 911; x_wconf 89' lang='lat' dir='ltr'><strong>ipsa</strong></span> <span class='ocrx_word' id='word_1_77' title='bbox 838 841 927 896; x_wconf 87' lang='lat' dir='ltr'><strong>vel</strong></span> <span class='ocrx_word' id='word_1_78' title='bbox 971 841 1297 911; x_wconf 71' lang='lat' dir='ltr'><strong>simpliciter</strong></span> <span class='ocrx_word' id='word_1_79' title='bbox 1328 842 1559 896; x_wconf 81' lang='lat' dir='ltr'><strong>materia</strong></span> <span class='ocrx_word' id='word_1_80' title='bbox 1590 843 1747 913; x_wconf 84' lang='lat' dir='ltr'><strong>pejus</strong></span> <span class='ocrx_word' id='word_1_81' title='bbox 1768 842 1982 897; x_wconf 89' lang='lat' dir='ltr'><strong>habere</strong></span> <span class='ocrx_word' id='word_1_82' title='bbox 2017 857 2115 896; x_wconf 78' lang='lat' dir='ltr'><strong>ne-</strong></span> 
     </span>
    </p>
   </div>
   <div class='ocr_carea' id='block_1_12' title="bbox 2230 841 3792 928">
    <p class='ocr_par' dir='ltr' id='par_1_12' title="bbox 2230 841 3792 928">
     <span class='ocr_line' id='line_1_12' title="bbox 2230 841 3792 928; baseline 0.002 -17"><span class='ocrx_word' id='word_1_83' title='bbox 2230 857 2338 928; x_wconf 73' lang='grc' dir='ltr'>θείη</span> <span class='ocrx_word' id='word_1_84' title='bbox 2371 857 2524 912; x_wconf 81' lang='grc' dir='ltr'>ποτέ.</span> <span class='ocrx_word' id='word_1_85' title='bbox 2552 858 2616 910; x_wconf 80' lang='lat' dir='ltr'><strong>Et</strong></span> <span class='ocrx_word' id='word_1_86' title='bbox 2635 857 2692 911; x_wconf 84' lang='grc' dir='ltr'>δὲ</span> <span class='ocrx_word' id='word_1_87' title='bbox 2717 857 2898 923; x_wconf 76' lang='grc' dir='ltr'>τοῦτο,</span> <span class='ocrx_word' id='word_1_88' title='bbox 2933 859 3152 923; x_wconf 87' lang='grc' dir='ltr'>πάντως</span> <span class='ocrx_word' id='word_1_89' title='bbox 3181 859 3246 912; x_wconf 79' lang='grc' dir='ltr'><strong>ὲκ</strong></span> <span class='ocrx_word' id='word_1_90' title='bbox 3268 858 3408 913; x_wconf 81' lang='grc' dir='ltr'>Θεοῦ</span> <span class='ocrx_word' id='word_1_91' title='bbox 3435 861 3500 913; x_wconf 82' lang='grc' dir='ltr'>τὸ</span> <span class='ocrx_word' id='word_1_92' title='bbox 3523 855 3660 914; x_wconf 79' lang='grc' dir='ltr'>εἶναι</span> <span class='ocrx_word' id='word_1_93' title='bbox 3688 841 3792 924; x_wconf 67' lang='lat' dir='ltr'><strong>rei;</strong></span> 
     </span>
    </p>
   </div>
   <div class='ocr_carea' id='block_1_13' title="bbox 529 933 3794 1021">
    <p class='ocr_par' dir='ltr' id='par_1_13' title="bbox 529 933 3794 1021">
     <span class='ocr_line' id='line_1_13' title="bbox 529 933 3794 1021; baseline 0.001 -19"><span class='ocrx_word' id='word_1_94' title='bbox 529 947 807 1002; x_wconf 70' lang='lat' dir='ltr'><strong>quaquam</strong></span> <span class='ocrx_word' id='word_1_95' title='bbox 842 934 1048 1003; x_wconf 69' lang='grc' dir='ltr'><strong>Ροιυίιν</strong></span> <span class='ocrx_word' id='word_1_96' title='bbox 1080 934 1255 989; x_wconf 61' lang='lat' dir='ltr'><strong>“Who</strong></span> <span class='ocrx_word' id='word_1_97' title='bbox 1289 933 1462 1005; x_wconf 66' lang='grc' dir='ltr'>ωαεῑε</span> <span class='ocrx_word' id='word_1_98' title='bbox 1501 935 1674 1004; x_wconf 68' lang='lat' dir='ltr'><strong>ipsam</strong></span> <span class='ocrx_word' id='word_1_99' title='bbox 1727 935 2110 990; x_wconf 63' lang='grc' dir='ltr'><strong>επείεῐθηῑῖθπι</strong></span> <span class='ocrx_word' id='word_1_100' title='bbox 2219 944 2339 1003; x_wconf 79' lang='grc' dir='ltr'>οὖσι</span> <span class='ocrx_word' id='word_1_101' title='bbox 2364 949 2461 1004; x_wconf 77' lang='grc' dir='ltr'>καὶ</span> <span class='ocrx_word' id='word_1_102' title='bbox 2492 947 2553 1002; x_wconf 76' lang='grc' dir='ltr'>τὸ</span> <span class='ocrx_word' id='word_1_103' title='bbox 2582 943 2722 1012; x_wconf 81' lang='grc' dir='ltr'>εῐδος</span> <span class='ocrx_word' id='word_1_104' title='bbox 2742 948 3064 1019; x_wconf 69' lang='grc' dir='ltr'>δεᾶἰιρηται,</span> <span class='ocrx_word' id='word_1_105' title='bbox 3098 951 3331 1021; x_wconf 73' lang='grc' dir='ltr'>ἐπείπερ</span> <span class='ocrx_word' id='word_1_106' title='bbox 3365 949 3543 1003; x_wconf 81' lang='grc' dir='ltr'>είσίν·</span> <span class='ocrx_word' id='word_1_107' title='bbox 3575 952 3625 1004; x_wconf 85' lang='grc' dir='ltr'><strong>εί</strong></span> <span class='ocrx_word' id='word_1_108' title='bbox 3649 951 3702 1003; x_wconf 78' lang='grc' dir='ltr'>δὲ</span> <span class='ocrx_word' id='word_1_109' title='bbox 3733 953 3794 1004; x_wconf 74' lang='grc' dir='ltr'><strong>ἐκ</strong></span> 
     </span>
    </p>
   </div>
   <div class='ocr_carea' id='block_1_14' title="bbox 531 1022 2125 1110">
    <p class='ocr_par' dir='ltr' id='par_1_14' title="bbox 531 1022 2113 1094">
     <span class='ocr_line' id='line_1_14' title="bbox 531 1022 2113 1094; baseline 0.003 -18"><span class='ocrx_word' id='word_1_110' title='bbox 531 1023 880 1092; x_wconf 88' lang='lat' dir='ltr'><strong>simpliciter,</strong></span> <span class='ocrx_word' id='word_1_111' title='bbox 908 1023 995 1078; x_wconf 89' lang='lat' dir='ltr'><strong>vel</strong></span> <span class='ocrx_word' id='word_1_112' title='bbox 1030 1022 1214 1092; x_wconf 91' lang='lat' dir='ltr'><strong>aliquo</strong></span> <span class='ocrx_word' id='word_1_113' title='bbox 1245 1023 1411 1077; x_wconf 89' lang='lat' dir='ltr'><strong>modo</strong></span> <span class='ocrx_word' id='word_1_114' title='bbox 1431 1039 1462 1077; x_wconf 89' lang='lat' dir='ltr'><strong>a</strong></span> <span class='ocrx_word' id='word_1_115' title='bbox 1491 1039 1550 1078; x_wconf 89' lang='lat' dir='ltr'><strong>se</strong></span> <span class='ocrx_word' id='word_1_116' title='bbox 1581 1023 1788 1079; x_wconf 86' lang='lat' dir='ltr'><strong>habere</strong></span> <span class='ocrx_word' id='word_1_117' title='bbox 1819 1041 1925 1079; x_wconf 93' lang='lat' dir='ltr'><strong>non</strong></span> <span class='ocrx_word' id='word_1_118' title='bbox 1956 1033 2113 1094; x_wconf 89' lang='lat' dir='ltr'><strong>pote-</strong></span> 
     </span>
    </p>
   </div>
   <div class='ocr_carea' id='block_1_15' title="bbox 2230 1022 3790 1110">
    <p class='ocr_par' dir='ltr' id='par_1_15' title="bbox 2230 1037 3790 1110">
     <span class='ocr_line' id='line_1_15' title="bbox 2230 1037 3790 1110; baseline 0.001 -18"><span class='ocrx_word' id='word_1_119' title='bbox 2230 1038 2350 1092; x_wconf 65' lang='grc' dir='ltr'>θεοῦ</span> <span class='ocrx_word' id='word_1_120' title='bbox 2383 1040 2538 1093; x_wconf 82' lang='grc' dir='ltr'>πᾶσα</span> <span class='ocrx_word' id='word_1_121' title='bbox 2564 1039 2746 1106; x_wconf 84' lang='grc' dir='ltr'>οὐσία,</span> <span class='ocrx_word' id='word_1_122' title='bbox 2783 1040 2880 1094; x_wconf 79' lang='grc' dir='ltr'><strong>καὶ</strong></span> <span class='ocrx_word' id='word_1_123' title='bbox 2939 1040 3041 1110; x_wconf 81' lang='grc' dir='ltr'>ΰλη</span> <span class='ocrx_word' id='word_1_124' title='bbox 3092 1042 3190 1095; x_wconf 77' lang='grc' dir='ltr'><strong>καὶ</strong></span> <span class='ocrx_word' id='word_1_125' title='bbox 3239 1037 3384 1105; x_wconf 76' lang='grc' dir='ltr'>εἶδος</span> <span class='ocrx_word' id='word_1_126' title='bbox 3434 1043 3589 1096; x_wconf 83' lang='grc' dir='ltr'>ἇπαν</span> <span class='ocrx_word' id='word_1_127' title='bbox 3632 1042 3790 1105; x_wconf 76' lang='grc' dir='ltr'>ἐστὶν,</span> 
     </span>
    </p>
   </div>
   <div class='ocr_carea' id='block_1_16' title="bbox 531 1114 2125 1203">
    <p class='ocr_par' dir='ltr' id='par_1_16' title="bbox 531 1114 2112 1190">
     <span class='ocr_line' id='line_1_16' title="bbox 531 1114 2112 1190; baseline 0.002 -22"><span class='ocrx_word' id='word_1_128' title='bbox 531 1114 624 1168; x_wconf 87' lang='lat' dir='ltr'><strong>rit.</strong></span> <span class='ocrx_word' id='word_1_129' title='bbox 652 1114 805 1190; x_wconf 78' lang='lat' dir='ltr'><strong>Ergo</strong></span> <span class='ocrx_word' id='word_1_130' title='bbox 834 1130 956 1186; x_wconf 74' lang='lat' dir='ltr'><strong>qua:</strong></span> <span class='ocrx_word' id='word_1_131' title='bbox 977 1114 1045 1169; x_wconf 91' lang='lat' dir='ltr'><strong>ad</strong></span> <span class='ocrx_word' id='word_1_132' title='bbox 1083 1115 1420 1180; x_wconf 89' lang='lat' dir='ltr'><strong>habendum,</strong></span> <span class='ocrx_word' id='word_1_133' title='bbox 1454 1124 1516 1169; x_wconf 91' lang='lat' dir='ltr'><strong>ut</strong></span> <span class='ocrx_word' id='word_1_134' title='bbox 1543 1116 1979 1172; x_wconf 89' lang='lat' dir='ltr'><strong>demonstratum</strong></span> <span class='ocrx_word' id='word_1_135' title='bbox 2006 1125 2112 1184; x_wconf 89' lang='lat' dir='ltr'><strong>est,</strong></span> 
     </span>
    </p>
   </div>
   <div class='ocr_carea' id='block_1_17' title="bbox 2230 1114 3795 1203">
    <p class='ocr_par' dir='ltr' id='par_1_17' title="bbox 2230 1129 3795 1203">
     <span class='ocr_line' id='line_1_17' title="bbox 2230 1129 3795 1203; baseline 0.001 -17"><span class='ocrx_word' id='word_1_136' title='bbox 2230 1130 2393 1191; x_wconf 64' lang='grc' dir='ltr'>δὺδεὶς</span> <span class='ocrx_word' id='word_1_137' title='bbox 2419 1129 2486 1184; x_wconf 79' lang='grc' dir='ltr'>ἂν</span> <span class='ocrx_word' id='word_1_138' title='bbox 2510 1130 2584 1201; x_wconf 80' lang='grc' dir='ltr'>μὴ</span> <span class='ocrx_word' id='word_1_139' title='bbox 2609 1130 2786 1202; x_wconf 82' lang='grc' dir='ltr'><strong>πάντη</strong></span> <span class='ocrx_word' id='word_1_140' title='bbox 2828 1130 3106 1202; x_wconf 80' lang='grc' dir='ltr'>σώφρονος</span> <span class='ocrx_word' id='word_1_141' title='bbox 3141 1131 3406 1202; x_wconf 78' lang='grc' dir='ltr'>λογισμοῦ</span> <span class='ocrx_word' id='word_1_142' title='bbox 3435 1132 3795 1203; x_wconf 76' lang='grc' dir='ltr'><strong>ἐστερημένος</strong></span> 
     </span>
    </p>
   </div>
   <div class='ocr_carea' id='block_1_18' title="bbox 531 1205 2125 1297">
    <p class='ocr_par' dir='ltr' id='par_1_18' title="bbox 531 1205 2114 1277">
     <span class='ocr_line' id='line_1_18' title="bbox 531 1205 2114 1277; baseline 0.003 -18"><span class='ocrx_word' id='word_1_143' title='bbox 531 1206 710 1276; x_wconf 88' lang='lat' dir='ltr'><strong>pejus,</strong></span> <span class='ocrx_word' id='word_1_144' title='bbox 764 1205 1018 1273; x_wconf 82' lang='lat' dir='ltr'><strong>formam,</strong></span> <span class='ocrx_word' id='word_1_145' title='bbox 1054 1208 1303 1277; x_wconf 89' lang='lat' dir='ltr'><strong>inquam,</strong></span> <span class='ocrx_word' id='word_1_146' title='bbox 1343 1207 1486 1262; x_wconf 89' lang='lat' dir='ltr'><strong>haud</strong></span> <span class='ocrx_word' id='word_1_147' title='bbox 1529 1209 1722 1273; x_wconf 90' lang='lat' dir='ltr'><strong>valuit,</strong></span> <span class='ocrx_word' id='word_1_148' title='bbox 1763 1225 1828 1265; x_wconf 90' lang='lat' dir='ltr'><strong>ea</strong></span> <span class='ocrx_word' id='word_1_149' title='bbox 1900 1225 2004 1264; x_wconf 84' lang='lat' dir='ltr'><strong>nec</strong></span> <span class='ocrx_word' id='word_1_150' title='bbox 2045 1209 2114 1264; x_wconf 88' lang='lat' dir='ltr'><strong>ad</strong></span> 
     </span>
    </p>
   </div>
   <div class='ocr_carea' id='block_1_19' title="bbox 2230 1205 3795 1297">
    <p class='ocr_par' dir='ltr' id='par_1_19' title="bbox 2230 1223 3795 1297">
     <span class='ocr_line' id='line_1_19' title="bbox 2230 1223 3795 1297; baseline 0.001 -20"><span class='ocrx_word' id='word_1_151' title='bbox 2230 1223 2396 1278; x_wconf 79' lang='grc' dir='ltr'>εἰπεῖν</span> <span class='ocrx_word' id='word_1_152' title='bbox 2417 1223 2710 1294; x_wconf 79' lang='grc' dir='ltr'><strong>ἀνάσχοιτο</strong></span> <span class='ocrx_word' id='word_1_153' title='bbox 2738 1223 2976 1294; x_wconf 79' lang='grc' dir='ltr'>ἄναρχον</span> <span class='ocrx_word' id='word_1_154' title='bbox 3001 1223 3034 1295; x_wconf 79' lang='grc' dir='ltr'><strong>ἢ</strong></span> <span class='ocrx_word' id='word_1_155' title='bbox 3057 1223 3324 1292; x_wconf 78' lang='grc' dir='ltr'>ἀγένητον</span> <span class='ocrx_word' id='word_1_156' title='bbox 3349 1223 3452 1297; x_wconf 71' lang='grc' dir='ltr'>τὴν</span> <span class='ocrx_word' id='word_1_157' title='bbox 3484 1223 3643 1294; x_wconf 81' lang='grc' dir='ltr'>ὓλην,</span> <span class='ocrx_word' id='word_1_158' title='bbox 3672 1223 3795 1278; x_wconf 72' lang='grc' dir='ltr'>Θεὸν</span> 
     </span>
    </p>
   </div>
   <div class='ocr_carea' id='block_1_20' title="bbox 531 1297 2125 1388">
    <p class='ocr_par' dir='ltr' id='par_1_20' title="bbox 531 1297 2115 1372">
     <span class='ocr_line' id='line_1_20' title="bbox 531 1297 2115 1372; baseline 0.004 -21"><span class='ocrx_word' id='word_1_159' title='bbox 531 1297 750 1363; x_wconf 89' lang='lat' dir='ltr'><strong>melius,</strong></span> <span class='ocrx_word' id='word_1_160' title='bbox 779 1297 951 1368; x_wconf 85' lang='lat' dir='ltr'><strong>ipsam</strong></span> <span class='ocrx_word' id='word_1_161' title='bbox 974 1298 1350 1354; x_wconf 80' lang='lat' dir='ltr'><strong>exsistentiam</strong></span> <span class='ocrx_word' id='word_1_162' title='bbox 1394 1299 1640 1372; x_wconf 89' lang='lat' dir='ltr'><strong>inquam,</strong></span> <span class='ocrx_word' id='word_1_163' title='bbox 1661 1301 1968 1357; x_wconf 86' lang='lat' dir='ltr'><strong>habendam</strong></span> <span class='ocrx_word' id='word_1_164' title='bbox 1994 1305 2115 1358; x_wconf 82' lang='lat' dir='ltr'><strong>nul-</strong></span> 
     </span>
    </p>
   </div>
   <div class='ocr_carea' id='block_1_21' title="bbox 2230 1297 3508 1388">
    <p class='ocr_par' dir='ltr' id='par_1_21' title="bbox 2230 1310 3508 1388">
     <span class='ocr_line' id='line_1_21' title="bbox 2230 1310 3508 1388; baseline 0.005 -24"><span class='ocrx_word' id='word_1_165' title='bbox 2230 1310 2383 1376; x_wconf 78' lang='grc' dir='ltr'>εἰδὼς</span> <span class='ocrx_word' id='word_1_166' title='bbox 2412 1312 2524 1367; x_wconf 81' lang='grc' dir='ltr'><strong>τῶν</strong></span> <span class='ocrx_word' id='word_1_167' title='bbox 2553 1313 2995 1388; x_wconf 31' lang='grc' dir='ltr'>δντωνιποιητὴν</span> <span class='ocrx_word' id='word_1_168' title='bbox 3023 1315 3120 1369; x_wconf 75' lang='grc' dir='ltr'><strong>καὶ</strong></span> <span class='ocrx_word' id='word_1_169' title='bbox 3146 1314 3508 1387; x_wconf 83' lang='grc' dir='ltr'>δημιουργόν.</span> 
     </span>
    </p>
   </div>
   <div class='ocr_carea' id='block_1_22' title="bbox 531 1389 3791 1466">
    <p class='ocr_par' dir='ltr' id='par_1_22' title="bbox 531 1389 3791 1466">
     <span class='ocr_line' id='line_1_22' title="bbox 531 1389 3791 1466; baseline 0.006 -25"><span class='ocrx_word' id='word_1_170' title='bbox 531 1398 584 1454; x_wconf 80' lang='lat' dir='ltr'><strong>1a</strong></span> <span class='ocrx_word' id='word_1_171' title='bbox 633 1405 697 1444; x_wconf 82' lang='lat' dir='ltr'><strong>ex</strong></span> <span class='ocrx_word' id='word_1_172' title='bbox 731 1399 887 1459; x_wconf 90' lang='lat' dir='ltr'><strong>parte</strong></span> <span class='ocrx_word' id='word_1_173' title='bbox 932 1389 1194 1444; x_wconf 88' lang='lat' dir='ltr'><strong>valuerit.</strong></span> <span class='ocrx_word' id='word_1_174' title='bbox 1223 1389 1279 1444; x_wconf 89' lang='lat' dir='ltr'><strong>Si</strong></span> <span class='ocrx_word' id='word_1_175' title='bbox 1313 1406 1447 1445; x_wconf 88' lang='lat' dir='ltr'><strong>vero</strong></span> <span class='ocrx_word' id='word_1_176' title='bbox 1490 1392 1565 1446; x_wconf 89' lang='lat' dir='ltr'><strong>ita</strong></span> <span class='ocrx_word' id='word_1_177' title='bbox 1613 1402 1719 1456; x_wconf 90' lang='lat' dir='ltr'><strong>est,</strong></span> <span class='ocrx_word' id='word_1_178' title='bbox 1775 1409 1844 1448; x_wconf 85' lang='lat' dir='ltr'><strong>ex</strong></span> <span class='ocrx_word' id='word_1_179' title='bbox 1911 1395 2023 1450; x_wconf 89' lang='lat' dir='ltr'><strong>Deo</strong></span> <span class='ocrx_word' id='word_1_180' title='bbox 2073 1399 2302 1459; x_wconf 85' lang='lat' dir='ltr'><strong>omnino</strong></span> <span class='ocrx_word' id='word_1_181' title='bbox 2370 1402 2537 1460; x_wconf 87' lang='lat' dir='ltr'><strong>rebus</strong></span> <span class='ocrx_word' id='word_1_182' title='bbox 2567 1403 2755 1459; x_wconf 88' lang='lat' dir='ltr'><strong>datum</strong></span> <span class='ocrx_word' id='word_1_183' title='bbox 2797 1413 2881 1459; x_wconf 90' lang='lat' dir='ltr'><strong>est</strong></span> <span class='ocrx_word' id='word_1_184' title='bbox 2915 1411 2977 1458; x_wconf 90' lang='lat' dir='ltr'><strong>ut</strong></span> <span class='ocrx_word' id='word_1_185' title='bbox 3006 1405 3117 1460; x_wconf 90' lang='lat' dir='ltr'><strong>sint</strong></span> <span class='ocrx_word' id='word_1_186' title='bbox 3156 1413 3215 1461; x_wconf 89' lang='lat' dir='ltr'><strong>et</strong></span> <span class='ocrx_word' id='word_1_187' title='bbox 3245 1403 3484 1460; x_wconf 77' lang='lat' dir='ltr'><strong>formam</strong></span> <span class='ocrx_word' id='word_1_188' title='bbox 3529 1404 3791 1466; x_wconf 82' lang='lat' dir='ltr'><strong>habeant.</strong></span> 
     </span>
    </p>
   </div>
   <div class='ocr_carea' id='block_1_23' title="bbox 532 1480 3796 1566">
    <p class='ocr_par' dir='ltr' id='par_1_23' title="bbox 532 1480 3796 1566">
     <span class='ocr_line' id='line_1_23' title="bbox 532 1480 3796 1566; baseline 0.006 -32"><span class='ocrx_word' id='word_1_189' title='bbox 532 1496 656 1535; x_wconf 91' lang='lat' dir='ltr'><strong>cum</strong></span> <span class='ocrx_word' id='word_1_190' title='bbox 686 1480 796 1534; x_wconf 89' lang='lat' dir='ltr'><strong>sint</strong></span> <span class='ocrx_word' id='word_1_191' title='bbox 830 1498 842 1534; x_wconf 91' lang='lat'><strong>:</strong></span> <span class='ocrx_word' id='word_1_192' title='bbox 875 1481 924 1536; x_wconf 91' lang='lat' dir='ltr'><strong>si</strong></span> <span class='ocrx_word' id='word_1_193' title='bbox 964 1495 1096 1536; x_wconf 90' lang='lat' dir='ltr'><strong>vero</strong></span> <span class='ocrx_word' id='word_1_194' title='bbox 1132 1496 1198 1535; x_wconf 73' lang='lat' dir='ltr'><strong>ex</strong></span> <span class='ocrx_word' id='word_1_195' title='bbox 1229 1481 1342 1536; x_wconf 88' lang='lat' dir='ltr'><strong>Deo</strong></span> <span class='ocrx_word' id='word_1_196' title='bbox 1374 1483 1554 1538; x_wconf 87' lang='lat' dir='ltr'><strong>omnis</strong></span> <span class='ocrx_word' id='word_1_197' title='bbox 1569 1483 1826 1550; x_wconf 86' lang='lat' dir='ltr'><strong>essentia,</strong></span> <span class='ocrx_word' id='word_1_198' title='bbox 1853 1493 1910 1540; x_wconf 91' lang='lat' dir='ltr'><strong>et</strong></span> <span class='ocrx_word' id='word_1_199' title='bbox 1925 1488 2174 1556; x_wconf 81' lang='lat' dir='ltr'><strong>materia,</strong></span> <span class='ocrx_word' id='word_1_200' title='bbox 2213 1501 2270 1546; x_wconf 91' lang='lat' dir='ltr'><strong>et</strong></span> <span class='ocrx_word' id='word_1_201' title='bbox 2294 1491 2470 1548; x_wconf 83' lang='lat' dir='ltr'><strong>forma</strong></span> <span class='ocrx_word' id='word_1_202' title='bbox 2499 1494 2679 1550; x_wconf 91' lang='lat' dir='ltr'><strong>omnis</strong></span> <span class='ocrx_word' id='word_1_203' title='bbox 2714 1506 2816 1564; x_wconf 83' lang='lat' dir='ltr'><strong>est,</strong></span> <span class='ocrx_word' id='word_1_204' title='bbox 2863 1511 3044 1558; x_wconf 89' lang='lat' dir='ltr'><strong>nemo,</strong></span> <span class='ocrx_word' id='word_1_205' title='bbox 3077 1495 3344 1566; x_wconf 84' lang='lat' dir='ltr'><strong>profecto,</strong></span> <span class='ocrx_word' id='word_1_206' title='bbox 3377 1496 3423 1550; x_wconf 90' lang='lat' dir='ltr'><strong>si</strong></span> <span class='ocrx_word' id='word_1_207' title='bbox 3458 1511 3597 1551; x_wconf 85' lang='lat' dir='ltr'><strong>sana</strong></span> <span class='ocrx_word' id='word_1_208' title='bbox 3626 1505 3796 1552; x_wconf 89' lang='lat' dir='ltr'><strong>mente</strong></span> 
     </span>
    </p>
   </div>
   <div class='ocr_carea' id='block_1_24' title="bbox 528 1571 3798 1653">
    <p class='ocr_par' dir='ltr' id='par_1_24' title="bbox 528 1571 3798 1653">
     <span class='ocr_line' id='line_1_24' title="bbox 528 1571 3798 1653; baseline 0.005 -25"><span class='ocrx_word' id='word_1_209' title='bbox 528 1587 640 1627; x_wconf 84' lang='lat' dir='ltr'><strong>non</strong></span> <span class='ocrx_word' id='word_1_210' title='bbox 675 1578 757 1624; x_wconf 89' lang='lat' dir='ltr'><strong>est</strong></span> <span class='ocrx_word' id='word_1_211' title='bbox 787 1571 1054 1640; x_wconf 89' lang='lat' dir='ltr'><strong>privatus,</strong></span> <span class='ocrx_word' id='word_1_212' title='bbox 1097 1571 1382 1626; x_wconf 86' lang='lat' dir='ltr'><strong>materiam</strong></span> <span class='ocrx_word' id='word_1_213' title='bbox 1443 1571 1702 1628; x_wconf 73' lang='lat' dir='ltr'><strong>intactam</strong></span> <span class='ocrx_word' id='word_1_214' title='bbox 1740 1582 1837 1630; x_wconf 88' lang='lat' dir='ltr'><strong>aut</strong></span> <span class='ocrx_word' id='word_1_215' title='bbox 1892 1576 2172 1650; x_wconf 85' lang='lat' dir='ltr'><strong>principio</strong></span> <span class='ocrx_word' id='word_1_216' title='bbox 2223 1594 2502 1640; x_wconf 83' lang='lat' dir='ltr'><strong>carentem</strong></span> <span class='ocrx_word' id='word_1_217' title='bbox 2529 1584 2710 1641; x_wconf 88' lang='lat' dir='ltr'><strong>dicere</strong></span> <span class='ocrx_word' id='word_1_218' title='bbox 2741 1586 3060 1653; x_wconf 84' lang='lat' dir='ltr'><strong>sustinebit,</strong></span> <span class='ocrx_word' id='word_1_219' title='bbox 3098 1602 3224 1642; x_wconf 90' lang='lat' dir='ltr'><strong>cum</strong></span> <span class='ocrx_word' id='word_1_220' title='bbox 3251 1587 3428 1644; x_wconf 90' lang='lat' dir='ltr'><strong>Deum</strong></span> <span class='ocrx_word' id='word_1_221' title='bbox 3484 1588 3798 1646; x_wconf 89' lang='lat' dir='ltr'><strong>meminerit</strong></span> 
     </span>
    </p>
   </div>
   <div class='ocr_carea' id='block_1_25' title="bbox 532 1661 3141 1719">
    <p class='ocr_par' dir='ltr' id='par_1_25' title="bbox 532 1661 3141 1719">
     <span class='ocr_line' id='line_1_25' title="bbox 532 1661 3141 1719; baseline -0.001 0"><span class='ocrx_word' id='word_1_222' title='bbox 532 1678 715 1719; x_wconf 90' lang='lat' dir='ltr'><strong>rerum</strong></span> <span class='ocrx_word' id='word_1_223' title='bbox 747 1671 957 1718; x_wconf 64' lang='lat' dir='ltr'><strong>naturae</strong></span> <span class='ocrx_word' id='word_1_224' title='bbox 997 1662 1266 1718; x_wconf 80' lang='lat' dir='ltr'><strong>factorem</strong></span> <span class='ocrx_word' id='word_1_225' title='bbox 1300 1669 1356 1718; x_wconf 91' lang='lat' dir='ltr'><strong>et</strong></span> <span class='ocrx_word' id='word_1_226' title='bbox 1375 1661 1663 1718; x_wconf 86' lang='lat' dir='ltr'><strong>artiﬁcem.</strong></span> <span class='ocrx_word' id='word_1_227' title='bbox 3136 1677 3141 1682; x_wconf 54' lang='grc' dir='ltr'>λ</span> 
     </span>
    </p>
   </div>
   <div class='ocr_carea' id='block_1_26' title="bbox 531 1818 2125 1897">
    <p class='ocr_par' dir='ltr' id='par_1_26' title="bbox 531 1818 2105 1891">
     <span class='ocr_line' id='line_1_26' title="bbox 531 1818 2105 1891; baseline 0.001 -18"><span class='ocrx_word' id='word_1_228' title='bbox 531 1819 938 1874; x_wconf 82' lang='lat' dir='ltr'><strong>Demonstratur</strong></span> <span class='ocrx_word' id='word_1_229' title='bbox 977 1819 1118 1891; x_wconf 85' lang='lat' dir='ltr'><strong>quod</strong></span> <span class='ocrx_word' id='word_1_230' title='bbox 1152 1818 1406 1890; x_wconf 81' lang='lat' dir='ltr'><strong>quidquid</strong></span> <span class='ocrx_word' id='word_1_231' title='bbox 1437 1829 1706 1873; x_wconf 83' lang='lat' dir='ltr'><strong>moveatur</strong></span> <span class='ocrx_word' id='word_1_232' title='bbox 1763 1820 1845 1874; x_wconf 81' lang='lat' dir='ltr'><strong>vel</strong></span> <span class='ocrx_word' id='word_1_233' title='bbox 1871 1837 1991 1874; x_wconf 87' lang='lat' dir='ltr'><strong>cum</strong></span> <span class='ocrx_word' id='word_1_234' title='bbox 2017 1821 2105 1875; x_wconf 75' lang='lat' dir='ltr'><strong>ai-</strong></span> 
     </span>
    </p>
   </div>
   <div class='ocr_carea' id='block_1_27' title="bbox 2230 1818 3798 1897">
    <p class='ocr_par' dir='ltr' id='par_1_27' title="bbox 2230 1825 3798 1897">
     <span class='ocr_line' id='line_1_27' title="bbox 2230 1825 3798 1897; baseline -0.001 -15"><span class='ocrx_word' id='word_1_235' title='bbox 2230 1827 2502 1891; x_wconf 80' lang='grc' dir='ltr'>Ἀπόδειε</span> <span class='ocrx_word' id='word_1_236' title='bbox 2507 1843 2560 1894; x_wconf 83' lang='grc' dir='ltr'>ις</span> <span class='ocrx_word' id='word_1_237' title='bbox 2589 1825 2679 1881; x_wconf 84' lang='grc' dir='ltr'>ὅτι</span> <span class='ocrx_word' id='word_1_238' title='bbox 2703 1826 2828 1883; x_wconf 78' lang='grc' dir='ltr'><strong>πᾶν</strong></span> <span class='ocrx_word' id='word_1_239' title='bbox 2847 1827 3226 1897; x_wconf 70' lang='grc' dir='ltr'>κινούμενον,</span> <span class='ocrx_word' id='word_1_240' title='bbox 3267 1825 3308 1896; x_wconf 76' lang='grc' dir='ltr'><strong>ἢ</strong></span> <span class='ocrx_word' id='word_1_241' title='bbox 3334 1827 3509 1891; x_wconf 70' lang='grc' dir='ltr'><strong>ἄλλῳ</strong></span> <span class='ocrx_word' id='word_1_242' title='bbox 3547 1827 3798 1897; x_wconf 63' lang='grc' dir='ltr'>διαφόρῳ</span> 
     </span>
    </p>
   </div>
   <div class='ocr_carea' id='block_1_28' title="bbox 603 1911 2114 1981">
    <p class='ocr_par' dir='ltr' id='par_1_28' title="bbox 603 1911 2114 1981">
     <span class='ocr_line' id='line_1_28' title="bbox 603 1911 2114 1981; baseline 0.001 -16"><span class='ocrx_word' id='word_1_243' title='bbox 603 1921 713 1965; x_wconf 89' lang='lat' dir='ltr'><strong>tero</strong></span> <span class='ocrx_word' id='word_1_244' title='bbox 742 1911 1027 1965; x_wconf 77' lang='lat' dir='ltr'><strong>secundum</strong></span> <span class='ocrx_word' id='word_1_245' title='bbox 1052 1911 1334 1964; x_wconf 77' lang='lat' dir='ltr'><strong>essentiam</strong></span> <span class='ocrx_word' id='word_1_246' title='bbox 1359 1911 1630 1981; x_wconf 67' lang='lat' dir='ltr'><strong>diﬁerente</strong></span> <span class='ocrx_word' id='word_1_247' title='bbox 1654 1927 1718 1964; x_wconf 82' lang='lat' dir='ltr'><strong>ea:</strong></span> <span class='ocrx_word' id='word_1_248' title='bbox 1741 1921 1938 1966; x_wconf 61' lang='lat' dir='ltr'><strong>aeterno</strong></span> <span class='ocrx_word' id='word_1_249' title='bbox 1953 1913 2114 1967; x_wconf 79' lang='lat' dir='ltr'><strong>simul</strong></span> 
     </span>
    </p>
   </div>
   <div class='ocr_carea' id='block_1_29' title="bbox 601 2000 2116 2077">
    <p class='ocr_par' dir='ltr' id='par_1_29' title="bbox 601 2000 2116 2077">
     <span class='ocr_line' id='line_1_29' title="bbox 601 2000 2116 2077; baseline 0.004 -23"><span class='ocrx_word' id='word_1_250' title='bbox 601 2009 874 2064; x_wconf 82' lang='lat' dir='ltr'><strong>cernatur,</strong></span> <span class='ocrx_word' id='word_1_251' title='bbox 929 2000 1199 2070; x_wconf 76' lang='lat' dir='ltr'><strong>inﬁnitum</strong></span> <span class='ocrx_word' id='word_1_252' title='bbox 1243 2015 1354 2054; x_wconf 76' lang='lat' dir='ltr'><strong>esse</strong></span> <span class='ocrx_word' id='word_1_253' title='bbox 1393 2018 1498 2055; x_wconf 88' lang='lat' dir='ltr'><strong>non</strong></span> <span class='ocrx_word' id='word_1_254' title='bbox 1533 2019 1702 2069; x_wconf 78' lang='lat' dir='ltr'><strong>posse,</strong></span> <span class='ocrx_word' id='word_1_255' title='bbox 1749 2006 1960 2075; x_wconf 84' lang='lat' dir='ltr'><strong>etquod</strong></span> <span class='ocrx_word' id='word_1_256' title='bbox 1983 2004 2116 2077; x_wconf 79' lang='lat' dir='ltr'><strong>dyas</strong></span> 
     </span>
    </p>
   </div>
   <div class='ocr_carea' id='block_1_30' title="bbox 603 2093 2116 2165">
    <p class='ocr_par' dir='ltr' id='par_1_30' title="bbox 603 2093 2116 2165">
     <span class='ocr_line' id='line_1_30' title="bbox 603 2093 2116 2165; baseline 0.004 -19"><span class='ocrx_word' id='word_1_257' title='bbox 603 2108 772 2162; x_wconf 82' lang='lat' dir='ltr'><strong>neque</strong></span> <span class='ocrx_word' id='word_1_258' title='bbox 798 2093 1006 2146; x_wconf 81' lang='lat' dir='ltr'><strong>initium</strong></span> <span class='ocrx_word' id='word_1_259' title='bbox 1027 2093 1115 2156; x_wconf 77' lang='lat' dir='ltr'><strong>sit,</strong></span> <span class='ocrx_word' id='word_1_260' title='bbox 1142 2107 1309 2161; x_wconf 86' lang='lat' dir='ltr'><strong>neque</strong></span> <span class='ocrx_word' id='word_1_261' title='bbox 1327 2094 1437 2145; x_wconf 79' lang='lat' dir='ltr'><strong>sine</strong></span> <span class='ocrx_word' id='word_1_262' title='bbox 1462 2094 1635 2159; x_wconf 78' lang='lat' dir='ltr'><strong>initio,</strong></span> <span class='ocrx_word' id='word_1_263' title='bbox 1677 2104 1727 2148; x_wconf 87' lang='lat' dir='ltr'><strong>et</strong></span> <span class='ocrx_word' id='word_1_264' title='bbox 1759 2097 1897 2165; x_wconf 82' lang='lat' dir='ltr'><strong>quod</strong></span> <span class='ocrx_word' id='word_1_265' title='bbox 1933 2113 2116 2152; x_wconf 79' lang='lat' dir='ltr'><strong>manas</strong></span> 
     </span>
    </p>
   </div>
   <div class='ocr_carea' id='block_1_31' title="bbox 600 2181 1695 2253">
    <p class='ocr_par' dir='ltr' id='par_1_31' title="bbox 600 2181 1695 2253">
     <span class='ocr_line' id='line_1_31' title="bbox 600 2181 1695 2253; baseline 0.002 -17"><span class='ocrx_word' id='word_1_266' title='bbox 600 2181 715 2236; x_wconf 78' lang='lat' dir='ltr'><strong>sola</strong></span> <span class='ocrx_word' id='word_1_267' title='bbox 741 2183 952 2253; x_wconf 85' lang='lat' dir='ltr'><strong>proprie</strong></span> <span class='ocrx_word' id='word_1_268' title='bbox 967 2184 1037 2236; x_wconf 76' lang='lat' dir='ltr'><strong>sit</strong></span> <span class='ocrx_word' id='word_1_269' title='bbox 1066 2183 1278 2236; x_wconf 84' lang='lat' dir='ltr'><strong>initium</strong></span> <span class='ocrx_word' id='word_1_270' title='bbox 1303 2190 1353 2237; x_wconf 88' lang='lat' dir='ltr'><strong>et</strong></span> <span class='ocrx_word' id='word_1_271' title='bbox 1374 2184 1488 2236; x_wconf 74' lang='lat' dir='ltr'><strong>sine</strong></span> <span class='ocrx_word' id='word_1_272' title='bbox 1521 2186 1695 2250; x_wconf 65' lang='lat' dir='ltr'><strong>initio,</strong></span> 
     </span>
    </p>
   </div>
   <div class='ocr_carea' id='block_1_32' title="bbox 601 2294 2116 2367">
    <p class='ocr_par' dir='ltr' id='par_1_32' title="bbox 601 2294 2116 2367">
     <span class='ocr_line' id='line_1_32' title="bbox 601 2294 2116 2367; baseline 0.005 -17"><span class='ocrx_word' id='word_1_273' title='bbox 601 2294 782 2366; x_wconf 82' lang='lat' dir='ltr'><strong>Atque</strong></span> <span class='ocrx_word' id='word_1_274' title='bbox 813 2312 1028 2362; x_wconf 88' lang='lat' dir='ltr'><strong>rursus,</strong></span> <span class='ocrx_word' id='word_1_275' title='bbox 1063 2297 1107 2351; x_wconf 92' lang='lat' dir='ltr'><strong>si</strong></span> <span class='ocrx_word' id='word_1_276' title='bbox 1139 2305 1281 2364; x_wconf 91' lang='lat' dir='ltr'><strong>erat,</strong></span> <span class='ocrx_word' id='word_1_277' title='bbox 1316 2307 1377 2352; x_wconf 89' lang='lat' dir='ltr'><strong>ut</strong></span> <span class='ocrx_word' id='word_1_278' title='bbox 1406 2299 1633 2367; x_wconf 90' lang='lat' dir='ltr'><strong>quidam</strong></span> <span class='ocrx_word' id='word_1_279' title='bbox 1665 2299 1881 2366; x_wconf 84' lang='lat' dir='ltr'><strong>dicunt,</strong></span> <span class='ocrx_word' id='word_1_280' title='bbox 1942 2312 2116 2358; x_wconf 81' lang='lat' dir='ltr'><strong>mate—</strong></span> 
     </span>
    </p>
   </div>
   <div class='ocr_carea' id='block_1_33' title="bbox 535 2388 2120 2460">
    <p class='ocr_par' dir='ltr' id='par_1_33' title="bbox 535 2388 2120 2460">
     <span class='ocr_line' id='line_1_33' title="bbox 535 2388 2120 2460; baseline 0.005 -18"><span class='ocrx_word' id='word_1_281' title='bbox 535 2389 640 2452; x_wconf 88' lang='lat' dir='ltr'><strong>ria,</strong></span> <span class='ocrx_word' id='word_1_282' title='bbox 672 2405 781 2442; x_wconf 93' lang='lat' dir='ltr'><strong>non</strong></span> <span class='ocrx_word' id='word_1_283' title='bbox 815 2388 958 2443; x_wconf 79' lang='lat' dir='ltr'><strong>facta</strong></span> <span class='ocrx_word' id='word_1_284' title='bbox 988 2397 1074 2444; x_wconf 92' lang='lat' dir='ltr'><strong>est</strong></span> <span class='ocrx_word' id='word_1_285' title='bbox 1105 2389 1300 2460; x_wconf 83' lang='lat' dir='ltr'><strong>igitur;</strong></span> <span class='ocrx_word' id='word_1_286' title='bbox 1334 2390 1379 2445; x_wconf 93' lang='lat' dir='ltr'><strong>si</strong></span> <span class='ocrx_word' id='word_1_287' title='bbox 1411 2406 1550 2446; x_wconf 89' lang='lat' dir='ltr'><strong>vero</strong></span> <span class='ocrx_word' id='word_1_288' title='bbox 1577 2409 1689 2447; x_wconf 91' lang='lat' dir='ltr'><strong>non</strong></span> <span class='ocrx_word' id='word_1_289' title='bbox 1719 2391 1861 2448; x_wconf 83' lang='lat' dir='ltr'><strong>facta</strong></span> <span class='ocrx_word' id='word_1_290' title='bbox 1883 2404 1991 2460; x_wconf 84' lang='lat' dir='ltr'><strong>est,</strong></span> <span class='ocrx_word' id='word_1_291' title='bbox 2015 2411 2120 2450; x_wconf 88' lang='lat' dir='ltr'><strong>nec</strong></span> 
     </span>
    </p>
   </div>
   <div class='ocr_carea' id='block_1_34' title="bbox 535 2482 2120 2550">
    <p class='ocr_par' dir='ltr' id='par_1_34' title="bbox 535 2482 2120 2550">
     <span class='ocr_line' id='line_1_34' title="bbox 535 2482 2120 2550; baseline 0.006 -16"><span class='ocrx_word' id='word_1_292' title='bbox 535 2490 822 2548; x_wconf 79' lang='lat' dir='ltr'><strong>metatur;</strong></span> <span class='ocrx_word' id='word_1_293' title='bbox 856 2482 901 2536; x_wconf 92' lang='lat' dir='ltr'><strong>si</strong></span> <span class='ocrx_word' id='word_1_294' title='bbox 963 2497 1096 2537; x_wconf 89' lang='lat' dir='ltr'><strong>vero</strong></span> <span class='ocrx_word' id='word_1_295' title='bbox 1125 2498 1236 2536; x_wconf 91' lang='lat' dir='ltr'><strong>non</strong></span> <span class='ocrx_word' id='word_1_296' title='bbox 1280 2494 1545 2550; x_wconf 83' lang='lat' dir='ltr'><strong>motatur,</strong></span> <span class='ocrx_word' id='word_1_297' title='bbox 1591 2501 1714 2541; x_wconf 90' lang='lat' dir='ltr'><strong>esse</strong></span> <span class='ocrx_word' id='word_1_298' title='bbox 1759 2487 1912 2542; x_wconf 92' lang='lat' dir='ltr'><strong>nullo</strong></span> <span class='ocrx_word' id='word_1_299' title='bbox 1956 2489 2120 2543; x_wconf 88' lang='lat' dir='ltr'><strong>modo</strong></span> 
     </span>
    </p>
   </div>
   <div class='ocr_carea' id='block_1_35' title="bbox 536 2573 2118 2648">
    <p class='ocr_par' dir='ltr' id='par_1_35' title="bbox 536 2573 2118 2648">
     <span class='ocr_line' id='line_1_35' title="bbox 536 2573 2118 2648; baseline 0.005 -22"><span class='ocrx_word' id='word_1_300' title='bbox 536 2573 778 2643; x_wconf 88' lang='lat' dir='ltr'><strong>incepit;</strong></span> <span class='ocrx_word' id='word_1_301' title='bbox 836 2574 883 2628; x_wconf 88' lang='lat' dir='ltr'><strong>si</strong></span> <span class='ocrx_word' id='word_1_302' title='bbox 913 2589 1046 2629; x_wconf 91' lang='lat' dir='ltr'><strong>vero</strong></span> <span class='ocrx_word' id='word_1_303' title='bbox 1077 2588 1198 2629; x_wconf 88' lang='lat' dir='ltr'><strong>esse</strong></span> <span class='ocrx_word' id='word_1_304' title='bbox 1229 2590 1340 2629; x_wconf 91' lang='lat' dir='ltr'><strong>non</strong></span> <span class='ocrx_word' id='word_1_305' title='bbox 1387 2577 1614 2646; x_wconf 87' lang='lat' dir='ltr'><strong>incepit,</strong></span> <span class='ocrx_word' id='word_1_306' title='bbox 1646 2577 1924 2648; x_wconf 85' lang='lat' dir='ltr'><strong>principio</strong></span> <span class='ocrx_word' id='word_1_307' title='bbox 1963 2589 2118 2634; x_wconf 85' lang='lat' dir='ltr'><strong>caret</strong></span> 
     </span>
    </p>
   </div>
   <div class='ocr_carea' id='block_1_36' title="bbox 536 2665 2117 2738">
    <p class='ocr_par' dir='ltr' id='par_1_36' title="bbox 536 2665 2117 2738">
     <span class='ocr_line' id='line_1_36' title="bbox 536 2665 2117 2738; baseline 0.004 -20"><span class='ocrx_word' id='word_1_308' title='bbox 536 2665 796 2731; x_wconf 88' lang='lat' dir='ltr'><strong>omnino;</strong></span> <span class='ocrx_word' id='word_1_309' title='bbox 844 2665 887 2721; x_wconf 90' lang='lat' dir='ltr'><strong>si</strong></span> <span class='ocrx_word' id='word_1_310' title='bbox 922 2681 1055 2721; x_wconf 89' lang='lat' dir='ltr'><strong>vero</strong></span> <span class='ocrx_word' id='word_1_311' title='bbox 1084 2675 1235 2721; x_wconf 88' lang='lat' dir='ltr'><strong>caret</strong></span> <span class='ocrx_word' id='word_1_312' title='bbox 1266 2667 1561 2738; x_wconf 87' lang='lat' dir='ltr'><strong>principio,</strong></span> <span class='ocrx_word' id='word_1_313' title='bbox 1595 2679 1746 2724; x_wconf 81' lang='lat' dir='ltr'><strong>caret</strong></span> <span class='ocrx_word' id='word_1_314' title='bbox 1775 2671 1941 2725; x_wconf 88' lang='lat' dir='ltr'><strong>etiam</strong></span> <span class='ocrx_word' id='word_1_315' title='bbox 1974 2670 2117 2736; x_wconf 87' lang='lat' dir='ltr'><strong>ﬁne;</strong></span> 
     </span>
    </p>
   </div>
   <div class='ocr_carea' id='block_1_37' title="bbox 538 2757 2119 2833">
    <p class='ocr_par' dir='ltr' id='par_1_37' title="bbox 538 2757 2119 2833">
     <span class='ocr_line' id='line_1_37' title="bbox 538 2757 2119 2833; baseline 0.003 -21"><span class='ocrx_word' id='word_1_316' title='bbox 538 2758 585 2812; x_wconf 89' lang='lat' dir='ltr'><strong>si</strong></span> <span class='ocrx_word' id='word_1_317' title='bbox 617 2757 722 2813; x_wconf 92' lang='lat' dir='ltr'><strong>ﬁne</strong></span> <span class='ocrx_word' id='word_1_318' title='bbox 752 2767 924 2824; x_wconf 87' lang='lat' dir='ltr'><strong>caret,</strong></span> <span class='ocrx_word' id='word_1_319' title='bbox 959 2759 1260 2814; x_wconf 87' lang='lat' dir='ltr'><strong>immobilis</strong></span> <span class='ocrx_word' id='word_1_320' title='bbox 1280 2761 1508 2815; x_wconf 87' lang='lat' dir='ltr'><strong>omnino</strong></span> <span class='ocrx_word' id='word_1_321' title='bbox 1539 2769 1623 2815; x_wconf 90' lang='lat' dir='ltr'><strong>est</strong></span> <span class='ocrx_word' id='word_1_322' title='bbox 1644 2760 1949 2833; x_wconf 89' lang='lat' dir='ltr'><strong>(immobile</strong></span> <span class='ocrx_word' id='word_1_323' title='bbox 1972 2763 2119 2817; x_wconf 90' lang='lat' dir='ltr'><strong>enim</strong></span> 
     </span>
    </p>
   </div>
   <div class='ocr_carea' id='block_1_38' title="bbox 538 2848 2122 2921">
    <p class='ocr_par' dir='ltr' id='par_1_38' title="bbox 538 2848 2122 2921">
     <span class='ocr_line' id='line_1_38' title="bbox 538 2848 2122 2921; baseline 0.005 -19"><span class='ocrx_word' id='word_1_324' title='bbox 538 2864 703 2904; x_wconf 77' lang='lat' dir='ltr'><strong>omne</strong></span> <span class='ocrx_word' id='word_1_325' title='bbox 737 2848 1012 2905; x_wconf 86' lang='lat' dir='ltr'><strong>inﬁnitum</strong></span> <span class='ocrx_word' id='word_1_326' title='bbox 1043 2858 1369 2921; x_wconf 83' lang='lat' dir='ltr'><strong>est;nequc</strong></span> <span class='ocrx_word' id='word_1_327' title='bbox 1398 2852 1543 2906; x_wconf 88' lang='lat' dir='ltr'><strong>enim</strong></span> <span class='ocrx_word' id='word_1_328' title='bbox 1578 2853 1746 2908; x_wconf 88' lang='lat' dir='ltr'><strong>habet</strong></span> <span class='ocrx_word' id='word_1_329' title='bbox 1778 2855 1869 2908; x_wconf 89' lang='lat' dir='ltr'><strong>ubi</strong></span> <span class='ocrx_word' id='word_1_330' title='bbox 1902 2870 2122 2910; x_wconf 88' lang='lat' dir='ltr'><strong>movea-</strong></span> 
     </span>
    </p>
   </div>
   <div class='ocr_carea' id='block_1_39' title="bbox 541 2940 2122 3011">
    <p class='ocr_par' dir='ltr' id='par_1_39' title="bbox 541 2940 2122 3011">
     <span class='ocr_line' id='line_1_39' title="bbox 541 2940 2122 3011; baseline 0.005 -19"><span class='ocrx_word' id='word_1_331' title='bbox 541 2946 632 2992; x_wconf 87' lang='lat' dir='ltr'><strong>tur</strong></span> <span class='ocrx_word' id='word_1_332' title='bbox 662 2940 808 3008; x_wconf 91' lang='lat' dir='ltr'><strong>quod</strong></span> <span class='ocrx_word' id='word_1_333' title='bbox 867 2957 976 2995; x_wconf 90' lang='lat' dir='ltr'><strong>non</strong></span> <span class='ocrx_word' id='word_1_334' title='bbox 1023 2941 1320 2995; x_wconf 81' lang='lat' dir='ltr'><strong>limitatum</strong></span> <span class='ocrx_word' id='word_1_335' title='bbox 1373 2942 1502 3011; x_wconf 90' lang='lat' dir='ltr'><strong>est),</strong></span> <span class='ocrx_word' id='word_1_336' title='bbox 1554 2943 1598 2997; x_wconf 91' lang='lat' dir='ltr'><strong>si</strong></span> <span class='ocrx_word' id='word_1_337' title='bbox 1661 2959 1793 2998; x_wconf 90' lang='lat' dir='ltr'><strong>vero</strong></span> <span class='ocrx_word' id='word_1_338' title='bbox 1837 2945 1979 3008; x_wconf 90' lang='lat' dir='ltr'><strong>hoc,</strong></span> <span class='ocrx_word' id='word_1_339' title='bbox 2011 2945 2122 3000; x_wconf 91' lang='lat' dir='ltr'><strong>duo</strong></span> 
     </span>
    </p>
   </div>
   <div class='ocr_carea' id='block_1_40' title="bbox 540 3031 2122 3102">
    <p class='ocr_par' dir='ltr' id='par_1_40' title="bbox 540 3031 2122 3102">
     <span class='ocr_line' id='line_1_40' title="bbox 540 3031 2122 3102; baseline 0.004 -17"><span class='ocrx_word' id='word_1_340' title='bbox 540 3031 768 3086; x_wconf 91' lang='lat' dir='ltr'><strong>omnino</strong></span> <span class='ocrx_word' id='word_1_341' title='bbox 801 3031 1013 3086; x_wconf 88' lang='lat' dir='ltr'><strong>inﬁnita</strong></span> <span class='ocrx_word' id='word_1_342' title='bbox 1044 3042 1099 3087; x_wconf 93' lang='lat' dir='ltr'><strong>et</strong></span> <span class='ocrx_word' id='word_1_343' title='bbox 1129 3033 1408 3102; x_wconf 88' lang='lat' dir='ltr'><strong>principio</strong></span> <span class='ocrx_word' id='word_1_344' title='bbox 1437 3041 1494 3086; x_wconf 92' lang='lat' dir='ltr'><strong>et</strong></span> <span class='ocrx_word' id='word_1_345' title='bbox 1550 3043 1702 3088; x_wconf 88' lang='lat' dir='ltr'><strong>motu</strong></span> <span class='ocrx_word' id='word_1_346' title='bbox 1750 3037 1995 3092; x_wconf 86' lang='lat' dir='ltr'><strong>carentia</strong></span> <span class='ocrx_word' id='word_1_347' title='bbox 2025 3052 2122 3091; x_wconf 76' lang='lat' dir='ltr'><strong>ex-</strong></span> 
     </span>
    </p>
   </div>
   <div class='ocr_carea' id='block_1_41' title="bbox 540 3122 2118 3198">
    <p class='ocr_par' dir='ltr' id='par_1_41' title="bbox 540 3122 2118 3198">
     <span class='ocr_line' id='line_1_41' title="bbox 540 3122 2118 3198; baseline 0.006 -23"><span class='ocrx_word' id='word_1_348' title='bbox 540 3122 892 3189; x_wconf 43' lang='lat' dir='ltr'><strong>stantr‘Dcus</strong></span> <span class='ocrx_word' id='word_1_349' title='bbox 912 3124 1074 3194; x_wconf 67' lang='lat' dir='ltr'><strong>aulue</strong></span> <span class='ocrx_word' id='word_1_350' title='bbox 1105 3123 1357 3187; x_wconf 86' lang='lat' dir='ltr'><strong>materia,</strong></span> <span class='ocrx_word' id='word_1_351' title='bbox 1376 3123 1430 3178; x_wconf 89' lang='lat' dir='ltr'><strong>id</strong></span> <span class='ocrx_word' id='word_1_352' title='bbox 1449 3123 1594 3194; x_wconf 89' lang='lat' dir='ltr'><strong>quod</strong></span> <span class='ocrx_word' id='word_1_353' title='bbox 1631 3125 1746 3180; x_wconf 88' lang='lat' dir='ltr'><strong>ﬁeri</strong></span> <span class='ocrx_word' id='word_1_354' title='bbox 1779 3142 1886 3182; x_wconf 92' lang='lat' dir='ltr'><strong>non</strong></span> <span class='ocrx_word' id='word_1_355' title='bbox 1917 3137 2118 3198; x_wconf 89' lang='lat' dir='ltr'><strong>potest.</strong></span> 
     </span>
    </p>
   </div>
   <div class='ocr_carea' id='block_1_42' title="bbox 541 3213 2122 3290">
    <p class='ocr_par' dir='ltr' id='par_1_42' title="bbox 541 3213 2122 3290">
     <span class='ocr_line' id='line_1_42' title="bbox 541 3213 2122 3290; baseline 0.005 -22"><span class='ocrx_word' id='word_1_356' title='bbox 541 3213 796 3269; x_wconf 90' lang='lat' dir='ltr'><strong>Binarius</strong></span> <span class='ocrx_word' id='word_1_357' title='bbox 824 3216 974 3270; x_wconf 91' lang='lat' dir='ltr'><strong>enim</strong></span> <span class='ocrx_word' id='word_1_358' title='bbox 1013 3231 1282 3270; x_wconf 88' lang='lat' dir='ltr'><strong>numerus</strong></span> <span class='ocrx_word' id='word_1_359' title='bbox 1311 3231 1492 3286; x_wconf 89' lang='lat' dir='ltr'><strong>neque</strong></span> <span class='ocrx_word' id='word_1_360' title='bbox 1522 3215 1774 3273; x_wconf 89' lang='lat' dir='ltr'><strong>inﬁnitus</strong></span> <span class='ocrx_word' id='word_1_361' title='bbox 1803 3228 1908 3281; x_wconf 90' lang='lat' dir='ltr'><strong>est,</strong></span> <span class='ocrx_word' id='word_1_362' title='bbox 1941 3236 2122 3290; x_wconf 89' lang='lat' dir='ltr'><strong>neque</strong></span> 
     </span>
    </p>
   </div>
   <div class='ocr_carea' id='block_1_43' title="bbox 543 3305 2125 3383">
    <p class='ocr_par' dir='ltr' id='par_1_43' title="bbox 543 3305 2125 3383">
     <span class='ocr_line' id='line_1_43' title="bbox 543 3305 2125 3383; baseline 0.004 -22"><span class='ocrx_word' id='word_1_363' title='bbox 543 3305 664 3361; x_wconf 84' lang='lat' dir='ltr'><strong>sine</strong></span> <span class='ocrx_word' id='word_1_364' title='bbox 697 3306 880 3368; x_wconf 85' lang='lat' dir='ltr'><strong>initio,</strong></span> <span class='ocrx_word' id='word_1_365' title='bbox 930 3323 1110 3377; x_wconf 89' lang='lat' dir='ltr'><strong>neque</strong></span> <span class='ocrx_word' id='word_1_366' title='bbox 1159 3308 1281 3363; x_wconf 88' lang='lat' dir='ltr'><strong>sine</strong></span> <span class='ocrx_word' id='word_1_367' title='bbox 1319 3319 1495 3376; x_wconf 92' lang='lat' dir='ltr'><strong>motu,</strong></span> <span class='ocrx_word' id='word_1_368' title='bbox 1547 3326 1728 3380; x_wconf 90' lang='lat' dir='ltr'><strong>neque</strong></span> <span class='ocrx_word' id='word_1_369' title='bbox 1787 3313 2125 3383; x_wconf 80' lang='lat' dir='ltr'><strong>principium</strong></span> 
     </span>
    </p>
   </div>
   <div class='ocr_carea' id='block_1_44' title="bbox 543 3396 2127 3470">
    <p class='ocr_par' dir='ltr' id='par_1_44' title="bbox 543 3396 2127 3470">
     <span class='ocr_line' id='line_1_44' title="bbox 543 3396 2127 3470; baseline 0.006 -18"><span class='ocrx_word' id='word_1_370' title='bbox 543 3396 770 3452; x_wconf 80' lang='lat' dir='ltr'><strong>omnino</strong></span> <span class='ocrx_word' id='word_1_371' title='bbox 804 3397 970 3452; x_wconf 89' lang='lat' dir='ltr'><strong>ullius</strong></span> <span class='ocrx_word' id='word_1_372' title='bbox 999 3398 1081 3453; x_wconf 89' lang='lat' dir='ltr'><strong>rei</strong></span> <span class='ocrx_word' id='word_1_373' title='bbox 1112 3414 1234 3454; x_wconf 91' lang='lat' dir='ltr'><strong>esse</strong></span> <span class='ocrx_word' id='word_1_374' title='bbox 1267 3399 1491 3468; x_wconf 88' lang='lat' dir='ltr'><strong>poterit,</strong></span> <span class='ocrx_word' id='word_1_375' title='bbox 1511 3416 1632 3470; x_wconf 66' lang='lat' dir='ltr'><strong>qua:</strong></span> <span class='ocrx_word' id='word_1_376' title='bbox 1663 3403 1969 3458; x_wconf 87' lang='lat' dir='ltr'><strong>secundum</strong></span> <span class='ocrx_word' id='word_1_377' title='bbox 2002 3406 2127 3460; x_wconf 90' lang='lat' dir='ltr'><strong>uni-</strong></span> 
     </span>
    </p>
   </div>
   <div class='ocr_carea' id='block_1_45' title="bbox 544 3484 2125 3561">
    <p class='ocr_par' dir='ltr' id='par_1_45' title="bbox 544 3484 2125 3561">
     <span class='ocr_line' id='line_1_45' title="bbox 544 3484 2125 3561; baseline 0.009 -24"><span class='ocrx_word' id='word_1_378' title='bbox 544 3484 752 3540; x_wconf 90' lang='lat' dir='ltr'><strong>tionem</strong></span> <span class='ocrx_word' id='word_1_379' title='bbox 793 3493 852 3540; x_wconf 91' lang='lat' dir='ltr'><strong>et</strong></span> <span class='ocrx_word' id='word_1_380' title='bbox 899 3486 1328 3557; x_wconf 90' lang='lat' dir='ltr'><strong>disjunctionem</strong></span> <span class='ocrx_word' id='word_1_381' title='bbox 1373 3491 1831 3561; x_wconf 90' lang='lat' dir='ltr'><strong>circumscriptus</strong></span> <span class='ocrx_word' id='word_1_382' title='bbox 1876 3494 1968 3557; x_wconf 91' lang='lat' dir='ltr'><strong>sit,</strong></span> <span class='ocrx_word' id='word_1_383' title='bbox 2034 3512 2125 3551; x_wconf 87' lang='lat' dir='ltr'><strong>se-</strong></span> 
     </span>
    </p>
   </div>
   <div class='ocr_carea' id='block_1_46' title="bbox 545 3577 2127 3650">
    <p class='ocr_par' dir='ltr' id='par_1_46' title="bbox 545 3577 2127 3650">
     <span class='ocr_line' id='line_1_46' title="bbox 545 3577 2127 3650; baseline 0.009 -20"><span class='ocrx_word' id='word_1_384' title='bbox 545 3577 786 3631; x_wconf 90' lang='lat' dir='ltr'><strong>cundum</strong></span> <span class='ocrx_word' id='word_1_385' title='bbox 821 3578 1127 3634; x_wconf 90' lang='lat' dir='ltr'><strong>unitionem</strong></span> <span class='ocrx_word' id='word_1_386' title='bbox 1160 3579 1386 3650; x_wconf 88' lang='lat' dir='ltr'><strong>quidem</strong></span> <span class='ocrx_word' id='word_1_387' title='bbox 1419 3590 1479 3635; x_wconf 92' lang='lat' dir='ltr'><strong>ut</strong></span> <span class='ocrx_word' id='word_1_388' title='bbox 1535 3585 1862 3638; x_wconf 80' lang='lat' dir='ltr'><strong>exstantiam</strong></span> <span class='ocrx_word' id='word_1_389' title='bbox 1914 3587 2127 3646; x_wconf 82' lang='lat' dir='ltr'><strong>habens</strong></span> 
     </span>
    </p>
   </div>
   <div class='ocr_carea' id='block_1_47' title="bbox 545 3665 2126 3744">
    <p class='ocr_par' dir='ltr' id='par_1_47' title="bbox 545 3665 2126 3744">
     <span class='ocr_line' id='line_1_47' title="bbox 545 3665 2126 3744; baseline 0.005 -26"><span class='ocrx_word' id='word_1_390' title='bbox 545 3665 843 3720; x_wconf 90' lang='lat' dir='ltr'><strong>monadum</strong></span> <span class='ocrx_word' id='word_1_391' title='bbox 873 3669 1352 3738; x_wconf 89' lang='lat' dir='ltr'><strong>compositionem,</strong></span> <span class='ocrx_word' id='word_1_392' title='bbox 1385 3686 1416 3725; x_wconf 91' lang='lat' dir='ltr'><strong>a</strong></span> <span class='ocrx_word' id='word_1_393' title='bbox 1449 3672 1651 3741; x_wconf 85' lang='lat' dir='ltr'><strong>quibus</strong></span> <span class='ocrx_word' id='word_1_394' title='bbox 1683 3683 1941 3744; x_wconf 88' lang='lat' dir='ltr'><strong>tanquam</strong></span> <span class='ocrx_word' id='word_1_395' title='bbox 1997 3689 2126 3744; x_wconf 91' lang='lat' dir='ltr'><strong>par-</strong></span> 
     </span>
    </p>
   </div>
   <div class='ocr_carea' id='block_1_48' title="bbox 548 3753 2129 3834">
    <p class='ocr_par' dir='ltr' id='par_1_48' title="bbox 548 3753 2129 3834">
     <span class='ocr_line' id='line_1_48' title="bbox 548 3753 2129 3834; baseline 0.008 -27"><span class='ocrx_word' id='word_1_396' title='bbox 548 3753 702 3810; x_wconf 86' lang='lat' dir='ltr'><strong>tibus</strong></span> <span class='ocrx_word' id='word_1_397' title='bbox 734 3757 1054 3811; x_wconf 86' lang='lat' dir='ltr'><strong>continetur</strong></span> <span class='ocrx_word' id='word_1_398' title='bbox 1084 3768 1139 3812; x_wconf 89' lang='lat' dir='ltr'><strong>et</strong></span> <span class='ocrx_word' id='word_1_399' title='bbox 1169 3758 1222 3813; x_wconf 89' lang='lat' dir='ltr'><strong>in</strong></span> <span class='ocrx_word' id='word_1_400' title='bbox 1255 3776 1394 3830; x_wconf 86' lang='lat' dir='ltr'><strong>quas</strong></span> <span class='ocrx_word' id='word_1_401' title='bbox 1423 3762 1592 3816; x_wconf 90' lang='lat' dir='ltr'><strong>veluti</strong></span> <span class='ocrx_word' id='word_1_402' title='bbox 1623 3775 1809 3833; x_wconf 87' lang='lat' dir='ltr'><strong>partes</strong></span> <span class='ocrx_word' id='word_1_403' title='bbox 1839 3763 2012 3820; x_wconf 85' lang='lat' dir='ltr'><strong>secari</strong></span> <span class='ocrx_word' id='word_1_404' title='bbox 2032 3780 2129 3834; x_wconf 91' lang='lat' dir='ltr'><strong>po-</strong></span> 
     </span>
    </p>
   </div>
   <div class='ocr_carea' id='block_1_49' title="bbox 547 3848 2130 3928">
    <p class='ocr_par' dir='ltr' id='par_1_49' title="bbox 547 3848 2130 3928">
     <span class='ocr_line' id='line_1_49' title="bbox 547 3848 2130 3928; baseline 0.007 -26"><span class='ocrx_word' id='word_1_405' title='bbox 547 3854 654 3903; x_wconf 89' lang='lat' dir='ltr'><strong>test</strong></span> <span class='ocrx_word' id='word_1_406' title='bbox 686 3848 845 3919; x_wconf 87' lang='lat' dir='ltr'><strong>(nihil</strong></span> <span class='ocrx_word' id='word_1_407' title='bbox 876 3860 1060 3906; x_wconf 88' lang='lat' dir='ltr'><strong>autem</strong></span> <span class='ocrx_word' id='word_1_408' title='bbox 1091 3852 1240 3922; x_wconf 91' lang='lat' dir='ltr'><strong>quod</strong></span> <span class='ocrx_word' id='word_1_409' title='bbox 1271 3854 1612 3926; x_wconf 89' lang='lat' dir='ltr'><strong>disjunctum</strong></span> <span class='ocrx_word' id='word_1_410' title='bbox 1642 3872 1764 3912; x_wconf 90' lang='lat' dir='ltr'><strong>esse</strong></span> <span class='ocrx_word' id='word_1_411' title='bbox 1794 3867 1890 3912; x_wconf 92' lang='lat' dir='ltr'><strong>aut</strong></span> <span class='ocrx_word' id='word_1_412' title='bbox 1918 3858 2130 3928; x_wconf 89' lang='lat' dir='ltr'><strong>disjun-</strong></span> 
     </span>
    </p>
   </div>
   <div class='ocr_carea' id='block_1_50' title="bbox 546 3940 2127 4016">
    <p class='ocr_par' dir='ltr' id='par_1_50' title="bbox 546 3940 2127 4016">
     <span class='ocr_line' id='line_1_50' title="bbox 546 3940 2127 4016; baseline 0.006 -23"><span class='ocrx_word' id='word_1_413' title='bbox 546 3940 623 4010; x_wconf 81' lang='lat' dir='ltr'><strong>gi,</strong></span> <span class='ocrx_word' id='word_1_414' title='bbox 655 3941 769 3996; x_wconf 87' lang='lat' dir='ltr'><strong>sive</strong></span> <span class='ocrx_word' id='word_1_415' title='bbox 821 3942 1190 4012; x_wconf 92' lang='lat' dir='ltr'><strong>compositum</strong></span> <span class='ocrx_word' id='word_1_416' title='bbox 1221 3960 1345 4000; x_wconf 87' lang='lat' dir='ltr'><strong>esse</strong></span> <span class='ocrx_word' id='word_1_417' title='bbox 1385 3955 1481 4000; x_wconf 91' lang='lat' dir='ltr'><strong>aut</strong></span> <span class='ocrx_word' id='word_1_418' title='bbox 1510 3948 1789 4016; x_wconf 91' lang='lat' dir='ltr'><strong>componi,</strong></span> <span class='ocrx_word' id='word_1_419' title='bbox 1821 3949 2127 4003; x_wconf 87' lang='lat' dir='ltr'><strong>secundum</strong></span> 
     </span>
    </p>
   </div>
   <div class='ocr_carea' id='block_1_51' title="bbox 483 4023 2128 4104">
    <p class='ocr_par' dir='ltr' id='par_1_51' title="bbox 483 4023 2128 4104">
     <span class='ocr_line' id='line_1_51' title="bbox 483 4023 2128 4104; baseline 0.007 -20"><span class='ocrx_word' id='word_1_420' title='bbox 483 4023 495 4036; x_wconf 87' lang='grc'><strong>’</strong></span> <span class='ocrx_word' id='word_1_421' title='bbox 547 4040 823 4099; x_wconf 88' lang='lat' dir='ltr'><strong>naturam,</strong></span> <span class='ocrx_word' id='word_1_422' title='bbox 854 4033 942 4088; x_wconf 90' lang='lat' dir='ltr'><strong>vcl</strong></span> <span class='ocrx_word' id='word_1_423' title='bbox 979 4035 1332 4104; x_wconf 87' lang='lat' dir='ltr'><strong>positionem,</strong></span> <span class='ocrx_word' id='word_1_424' title='bbox 1366 4039 1451 4092; x_wconf 91' lang='lat' dir='ltr'><strong>vel</strong></span> <span class='ocrx_word' id='word_1_425' title='bbox 1484 4038 1651 4092; x_wconf 91' lang='lat' dir='ltr'><strong>alium</strong></span> <span class='ocrx_word' id='word_1_426' title='bbox 1685 4041 1858 4094; x_wconf 90' lang='lat' dir='ltr'><strong>ullum</strong></span> <span class='ocrx_word' id='word_1_427' title='bbox 1905 4041 2128 4096; x_wconf 89' lang='lat' dir='ltr'><strong>modum</strong></span> 
     </span>
    </p>
   </div>
   <div class='ocr_carea' id='block_1_52' title="bbox 548 4122 2130 4200">
    <p class='ocr_par' dir='ltr' id='par_1_52' title="bbox 548 4122 2130 4200">
     <span class='ocr_line' id='line_1_52' title="bbox 548 4122 2130 4200; baseline 0.006 -24"><span class='ocrx_word' id='word_1_428' title='bbox 548 4122 776 4191; x_wconf 84' lang='lat' dir='ltr'><strong>cogitari</strong></span> <span class='ocrx_word' id='word_1_429' title='bbox 807 4132 975 4192; x_wconf 88' lang='lat' dir='ltr'><strong>queat</strong></span> <span class='ocrx_word' id='word_1_430' title='bbox 997 4165 1011 4188; x_wconf 92' lang='lat'><strong>,</strong></span> <span class='ocrx_word' id='word_1_431' title='bbox 1045 4125 1296 4194; x_wconf 90' lang='lat' dir='ltr'><strong>quinimo</strong></span> <span class='ocrx_word' id='word_1_432' title='bbox 1327 4142 1398 4181; x_wconf 88' lang='lat' dir='ltr'><strong>ne</strong></span> <span class='ocrx_word' id='word_1_433' title='bbox 1428 4129 1545 4197; x_wconf 90' lang='lat' dir='ltr'><strong>ipsa</strong></span> <span class='ocrx_word' id='word_1_434' title='bbox 1573 4129 1798 4198; x_wconf 88' lang='lat' dir='ltr'><strong>quidem</strong></span> <span class='ocrx_word' id='word_1_435' title='bbox 1843 4147 1964 4200; x_wconf 70' lang='lat' dir='ltr'><strong>quae</strong></span> <span class='ocrx_word' id='word_1_436' title='bbox 1995 4133 2130 4186; x_wconf 91' lang='lat' dir='ltr'><strong>sim-</strong></span> 
     </span>
    </p>
   </div>
   <div class='ocr_carea' id='block_1_53' title="bbox 550 4212 2127 4290">
    <p class='ocr_par' dir='ltr' id='par_1_53' title="bbox 550 4212 2127 4290">
     <span class='ocr_line' id='line_1_53' title="bbox 550 4212 2127 4290; baseline 0.009 -25"><span class='ocrx_word' id='word_1_437' title='bbox 550 4212 768 4282; x_wconf 87' lang='lat' dir='ltr'><strong>pliciter</strong></span> <span class='ocrx_word' id='word_1_438' title='bbox 795 4214 1000 4269; x_wconf 89' lang='lat' dir='ltr'><strong>dicitur</strong></span> <span class='ocrx_word' id='word_1_439' title='bbox 1023 4215 1322 4287; x_wconf 89' lang='lat' dir='ltr'><strong>disjunctio</strong></span> <span class='ocrx_word' id='word_1_440' title='bbox 1353 4219 1437 4273; x_wconf 85' lang='lat' dir='ltr'><strong>vel</strong></span> <span class='ocrx_word' id='word_1_441' title='bbox 1468 4221 1819 4290; x_wconf 89' lang='lat' dir='ltr'><strong>compositio,</strong></span> <span class='ocrx_word' id='word_1_442' title='bbox 1853 4221 2127 4279; x_wconf 88' lang='lat' dir='ltr'><strong>inﬁnitum</strong></span> 
     </span>
    </p>
   </div>
   <div class='ocr_carea' id='block_1_54' title="bbox 551 4305 2128 4384">
    <p class='ocr_par' dir='ltr' id='par_1_54' title="bbox 551 4305 2128 4384">
     <span class='ocr_line' id='line_1_54' title="bbox 551 4305 2128 4384; baseline 0.008 -27"><span class='ocrx_word' id='word_1_443' title='bbox 551 4318 671 4358; x_wconf 86' lang='lat' dir='ltr'><strong>esse</strong></span> <span class='ocrx_word' id='word_1_444' title='bbox 695 4305 920 4373; x_wconf 86' lang='lat' dir='ltr'><strong>poterit,</strong></span> <span class='ocrx_word' id='word_1_445' title='bbox 952 4306 1083 4376; x_wconf 91' lang='lat' dir='ltr'><strong>quia</strong></span> <span class='ocrx_word' id='word_1_446' title='bbox 1121 4323 1302 4377; x_wconf 88' lang='lat' dir='ltr'><strong>neque</strong></span> <span class='ocrx_word' id='word_1_447' title='bbox 1336 4309 1566 4379; x_wconf 81' lang='lat' dir='ltr'><strong>simplex</strong></span> <span class='ocrx_word' id='word_1_448' title='bbox 1601 4317 1658 4366; x_wconf 90' lang='lat' dir='ltr'><strong>et</strong></span> <span class='ocrx_word' id='word_1_449' title='bbox 1687 4313 1889 4376; x_wconf 88' lang='lat' dir='ltr'><strong>solum,</strong></span> <span class='ocrx_word' id='word_1_450' title='bbox 1948 4331 2128 4384; x_wconf 87' lang='lat' dir='ltr'><strong>neque</strong></span> 
     </span>
    </p>
   </div>
   <div class='ocr_carea' id='block_1_55' title="bbox 552 4393 2129 4469">
    <p class='ocr_par' dir='ltr' id='par_1_55' title="bbox 552 4393 2129 4469">
     <span class='ocr_line' id='line_1_55' title="bbox 552 4393 2129 4469; baseline 0.007 -21"><span class='ocrx_word' id='word_1_451' title='bbox 552 4393 895 4448; x_wconf 88' lang='lat' dir='ltr'><strong>numerabile</strong></span> <span class='ocrx_word' id='word_1_452' title='bbox 926 4404 1020 4449; x_wconf 89' lang='lat' dir='ltr'><strong>aut</strong></span> <span class='ocrx_word' id='word_1_453' title='bbox 1052 4407 1401 4452; x_wconf 88' lang='lat' dir='ltr'><strong>numeratum</strong></span> <span class='ocrx_word' id='word_1_454' title='bbox 1433 4410 1963 4459; x_wconf 86' lang='lat' dir='ltr'><strong>connumeratumvc</strong></span> <span class='ocrx_word' id='word_1_455' title='bbox 1986 4447 1999 4469; x_wconf 94' lang='lat'><strong>,</strong></span> <span class='ocrx_word' id='word_1_456' title='bbox 2033 4413 2129 4459; x_wconf 91' lang='lat' dir='ltr'><strong>aut</strong></span> 
     </span>
    </p>
   </div>
   <div class='ocr_carea' id='block_1_56' title="bbox 552 4484 2124 4562">
    <p class='ocr_par' dir='ltr' id='par_1_56' title="bbox 552 4484 2124 4562">
     <span class='ocr_line' id='line_1_56' title="bbox 552 4484 2124 4562; baseline 0.007 -22"><span class='ocrx_word' id='word_1_457' title='bbox 552 4484 703 4540; x_wconf 91' lang='lat' dir='ltr'><strong>omni</strong></span> <span class='ocrx_word' id='word_1_458' title='bbox 732 4485 1058 4555; x_wconf 72' lang='lat' dir='ltr'><strong>simpliciter</strong></span> <span class='ocrx_word' id='word_1_459' title='bbox 1100 4489 1474 4561; x_wconf 88' lang='lat' dir='ltr'><strong>qualicunque</strong></span> <span class='ocrx_word' id='word_1_460' title='bbox 1505 4492 1700 4548; x_wconf 93' lang='lat' dir='ltr'><strong>habitu</strong></span> <span class='ocrx_word' id='word_1_461' title='bbox 1729 4494 1965 4550; x_wconf 88' lang='lat' dir='ltr'><strong>liberum</strong></span> <span class='ocrx_word' id='word_1_462' title='bbox 2007 4504 2124 4562; x_wconf 89' lang='lat' dir='ltr'><strong>est;</strong></span> 
     </span>
    </p>
   </div>
   <div class='ocr_carea' id='block_1_57' title="bbox 553 4576 2126 4656">
    <p class='ocr_par' dir='ltr' id='par_1_57' title="bbox 553 4576 2126 4656">
     <span class='ocr_line' id='line_1_57' title="bbox 553 4576 2126 4656; baseline 0.007 -25"><span class='ocrx_word' id='word_1_463' title='bbox 553 4576 670 4632; x_wconf 74' lang='lat' dir='ltr'><strong>hazc</strong></span> <span class='ocrx_word' id='word_1_464' title='bbox 687 4578 834 4632; x_wconf 90' lang='lat' dir='ltr'><strong>enim</strong></span> <span class='ocrx_word' id='word_1_465' title='bbox 864 4579 1048 4634; x_wconf 91' lang='lat' dir='ltr'><strong>omnia</strong></span> <span class='ocrx_word' id='word_1_466' title='bbox 1078 4580 1134 4636; x_wconf 92' lang='lat' dir='ltr'><strong>in</strong></span> <span class='ocrx_word' id='word_1_467' title='bbox 1156 4581 1350 4638; x_wconf 90' lang='lat' dir='ltr'><strong>habitu</strong></span> <span class='ocrx_word' id='word_1_468' title='bbox 1373 4585 1818 4656; x_wconf 90' lang='lat' dir='ltr'><strong>conspiciuntur,</strong></span> <span class='ocrx_word' id='word_1_469' title='bbox 1851 4587 2126 4642; x_wconf 90' lang='lat' dir='ltr'><strong>inﬁnitum</strong></span> 
     </span>
    </p>
   </div>
   <div class='ocr_carea' id='block_1_58' title="bbox 553 4668 2131 4734">
    <p class='ocr_par' dir='ltr' id='par_1_58' title="bbox 553 4668 2131 4734">
     <span class='ocr_line' id='line_1_58' title="bbox 553 4668 2131 4734; baseline 0.004 -10"><span class='ocrx_word' id='word_1_470' title='bbox 553 4675 737 4724; x_wconf 88' lang='lat' dir='ltr'><strong>autem</strong></span> <span class='ocrx_word' id='word_1_471' title='bbox 767 4675 851 4722; x_wconf 86' lang='lat' dir='ltr'><strong>est</strong></span> <span class='ocrx_word' id='word_1_472' title='bbox 881 4668 1001 4724; x_wconf 89' lang='lat' dir='ltr'><strong>sine</strong></span> <span class='ocrx_word' id='word_1_473' title='bbox 1031 4672 1326 4734; x_wconf 88' lang='lat' dir='ltr'><strong>relatione,</strong></span> <span class='ocrx_word' id='word_1_474' title='bbox 1385 4690 1508 4729; x_wconf 91' lang='lat' dir='ltr'><strong>cum</strong></span> <span class='ocrx_word' id='word_1_475' title='bbox 1543 4674 1681 4729; x_wconf 89' lang='lat' dir='ltr'><strong>nihil</strong></span> <span class='ocrx_word' id='word_1_476' title='bbox 1739 4676 1969 4730; x_wconf 86' lang='lat' dir='ltr'><strong>relative</strong></span> <span class='ocrx_word' id='word_1_477' title='bbox 2025 4677 2131 4731; x_wconf 88' lang='lat' dir='ltr'><strong>sibi</strong></span> 
     </span>
    </p>
   </div>
   <div class='ocr_carea' id='block_1_59' title="bbox 553 4759 2132 4839">
    <p class='ocr_par' dir='ltr' id='par_1_59' title="bbox 553 4759 2132 4839">
     <span class='ocr_line' id='line_1_59' title="bbox 553 4759 2132 4839; baseline 0.006 -26"><span class='ocrx_word' id='word_1_478' title='bbox 553 4759 908 4829; x_wconf 88' lang='lat' dir='ltr'><strong>conjunctum</strong></span> <span class='ocrx_word' id='word_1_479' title='bbox 952 4761 1179 4816; x_wconf 90' lang='lat' dir='ltr'><strong>omnino</strong></span> <span class='ocrx_word' id='word_1_480' title='bbox 1226 4763 1447 4834; x_wconf 90' lang='lat' dir='ltr'><strong>habeat)</strong></span> <span class='ocrx_word' id='word_1_481' title='bbox 1499 4782 1514 4818; x_wconf 90' lang='lat'><strong>:</strong></span> <span class='ocrx_word' id='word_1_482' title='bbox 1561 4765 1866 4821; x_wconf 90' lang='lat' dir='ltr'><strong>secundum</strong></span> <span class='ocrx_word' id='word_1_483' title='bbox 1917 4767 2132 4839; x_wconf 76' lang='lat' dir='ltr'><strong>disjun-</strong></span> 
     </span>
    </p>
   </div>
   <div class='ocr_carea' id='block_1_60' title="bbox 553 4850 2130 4929">
    <p class='ocr_par' dir='ltr' id='par_1_60' title="bbox 553 4850 2130 4929">
     <span class='ocr_line' id='line_1_60' title="bbox 553 4850 2130 4929; baseline 0.005 -23"><span class='ocrx_word' id='word_1_484' title='bbox 553 4850 790 4906; x_wconf 89' lang='lat' dir='ltr'><strong>ctionem</strong></span> <span class='ocrx_word' id='word_1_485' title='bbox 823 4859 1027 4917; x_wconf 81' lang='lat' dir='ltr'><strong>autem,</strong></span> <span class='ocrx_word' id='word_1_486' title='bbox 1060 4862 1120 4907; x_wconf 93' lang='lat' dir='ltr'><strong>ut</strong></span> <span class='ocrx_word' id='word_1_487' title='bbox 1147 4870 1379 4909; x_wconf 90' lang='lat' dir='ltr'><strong>numero</strong></span> <span class='ocrx_word' id='word_1_488' title='bbox 1408 4866 1611 4911; x_wconf 89' lang='lat' dir='ltr'><strong>motata</strong></span> <span class='ocrx_word' id='word_1_489' title='bbox 1631 4899 1645 4924; x_wconf 93' lang='lat'><strong>,</strong></span> <span class='ocrx_word' id='word_1_490' title='bbox 1681 4873 1748 4912; x_wconf 78' lang='lat' dir='ltr'><strong>ex</strong></span> <span class='ocrx_word' id='word_1_491' title='bbox 1779 4874 1890 4928; x_wconf 93' lang='lat' dir='ltr'><strong>quo</strong></span> <span class='ocrx_word' id='word_1_492' title='bbox 1920 4859 2130 4929; x_wconf 88' lang='lat' dir='ltr'><strong>incepit</strong></span> 
     </span>
    </p>
   </div>
   <div class='ocr_carea' id='block_1_61' title="bbox 553 4941 2133 5016">
    <p class='ocr_par' dir='ltr' id='par_1_61' title="bbox 553 4941 2133 5016">
     <span class='ocr_line' id='line_1_61' title="bbox 553 4941 2133 5016; baseline 0.007 -23"><span class='ocrx_word' id='word_1_493' title='bbox 553 4948 611 4994; x_wconf 89' lang='lat' dir='ltr'><strong>et</strong></span> <span class='ocrx_word' id='word_1_494' title='bbox 639 4956 670 4994; x_wconf 90' lang='lat' dir='ltr'><strong>a</strong></span> <span class='ocrx_word' id='word_1_495' title='bbox 699 4955 810 5011; x_wconf 90' lang='lat' dir='ltr'><strong>quo</strong></span> <span class='ocrx_word' id='word_1_496' title='bbox 840 4941 1161 4997; x_wconf 88' lang='lat' dir='ltr'><strong>continetur</strong></span> <span class='ocrx_word' id='word_1_497' title='bbox 1185 4985 1199 5009; x_wconf 94' lang='lat'><strong>,</strong></span> <span class='ocrx_word' id='word_1_498' title='bbox 1231 4946 1680 5016; x_wconf 90' lang='lat' dir='ltr'><strong>quandoquidem</strong></span> <span class='ocrx_word' id='word_1_499' title='bbox 1711 4964 1824 5003; x_wconf 86' lang='lat' dir='ltr'><strong>non</strong></span> <span class='ocrx_word' id='word_1_500' title='bbox 1851 4957 2050 5004; x_wconf 89' lang='lat' dir='ltr'><strong>natura</strong></span> <span class='ocrx_word' id='word_1_501' title='bbox 2077 4959 2133 5006; x_wconf 87' lang='lat' dir='ltr'><strong>et</strong></span> 
     </span>
    </p>
   </div>
   <div class='ocr_carea' id='block_1_62' title="bbox 553 5035 2131 5100">
    <p class='ocr_par' dir='ltr' id='par_1_62' title="bbox 553 5035 2131 5100">
     <span class='ocr_line' id='line_1_62' title="bbox 553 5035 2131 5100; baseline 0.008 -17"><span class='ocrx_word' id='word_1_502' title='bbox 553 5041 752 5100; x_wconf 71' lang='lat' dir='ltr'><strong>praeter</strong></span> <span class='ocrx_word' id='word_1_503' title='bbox 808 5035 1132 5090; x_wconf 89' lang='lat' dir='ltr'><strong>relationem</strong></span> <span class='ocrx_word' id='word_1_504' title='bbox 1188 5037 1570 5092; x_wconf 82' lang='lat' dir='ltr'><strong>exsistentiam</strong></span> <span class='ocrx_word' id='word_1_505' title='bbox 1628 5040 1818 5096; x_wconf 89' lang='lat' dir='ltr'><strong>habet.</strong></span> <span class='ocrx_word' id='word_1_506' title='bbox 1893 5040 2131 5096; x_wconf 88' lang='lat' dir='ltr'><strong>Numero</strong></span> 
     </span>
    </p>
   </div>
   <div class='ocr_carea' id='block_1_63' title="bbox 556 5120 2132 5202">
    <p class='ocr_par' dir='ltr' id='par_1_63' title="bbox 556 5120 2132 5202">
     <span class='ocr_line' id='line_1_63' title="bbox 556 5120 2132 5202; baseline 0.008 -28"><span class='ocrx_word' id='word_1_507' title='bbox 556 5120 705 5175; x_wconf 87' lang='lat' dir='ltr'><strong>enim</strong></span> <span class='ocrx_word' id='word_1_508' title='bbox 737 5125 917 5180; x_wconf 89' lang='lat' dir='ltr'><strong>omnis</strong></span> <span class='ocrx_word' id='word_1_509' title='bbox 946 5124 1152 5181; x_wconf 68' lang='lat' dir='ltr'><strong>L&#39;lnitas</strong></span> <span class='ocrx_word' id='word_1_510' title='bbox 1174 5128 1427 5182; x_wconf 87' lang='lat' dir='ltr'><strong>etomnis</strong></span> <span class='ocrx_word' id='word_1_511' title='bbox 1459 5130 1663 5196; x_wconf 91' lang='lat' dir='ltr'><strong>unitas,</strong></span> <span class='ocrx_word' id='word_1_512' title='bbox 1696 5132 1752 5184; x_wconf 91' lang='lat' dir='ltr'><strong>in</strong></span> <span class='ocrx_word' id='word_1_513' title='bbox 1782 5141 1994 5201; x_wconf 76' lang='lat' dir='ltr'><strong>partem</strong></span> <span class='ocrx_word' id='word_1_514' title='bbox 2013 5132 2132 5202; x_wconf 87' lang='lat' dir='ltr'><strong>ejus</strong></span> 
     </span>
    </p>
   </div>
   <div class='ocr_carea' id='block_1_64' title="bbox 557 5212 2130 5292">
    <p class='ocr_par' dir='ltr' id='par_1_64' title="bbox 557 5212 2130 5292">
     <span class='ocr_line' id='line_1_64' title="bbox 557 5212 2130 5292; baseline 0.008 -26"><span class='ocrx_word' id='word_1_515' title='bbox 557 5212 937 5280; x_wconf 87' lang='lat' dir='ltr'><strong>contribuens,</strong></span> <span class='ocrx_word' id='word_1_516' title='bbox 969 5226 1206 5281; x_wconf 90' lang='lat' dir='ltr'><strong>constat,</strong></span> <span class='ocrx_word' id='word_1_517' title='bbox 1237 5233 1347 5288; x_wconf 91' lang='lat' dir='ltr'><strong>quo</strong></span> <span class='ocrx_word' id='word_1_518' title='bbox 1377 5216 1610 5276; x_wconf 81' lang='lat' dir='ltr'><strong>numero</strong></span> <span class='ocrx_word' id='word_1_519' title='bbox 1639 5222 1760 5292; x_wconf 90' lang='lat' dir='ltr'><strong>ejus</strong></span> <span class='ocrx_word' id='word_1_520' title='bbox 1791 5226 2034 5278; x_wconf 83' lang='lat' dir='ltr'><strong>unitates</strong></span> <span class='ocrx_word' id='word_1_521' title='bbox 2062 5222 2130 5278; x_wconf 89' lang='lat' dir='ltr'><strong>de</strong></span> 
     </span>
    </p>
   </div>
   <div class='ocr_carea' id='block_1_65' title="bbox 546 5299 2124 5383">
    <p class='ocr_par' dir='ltr' id='par_1_65' title="bbox 546 5299 2124 5383">
     <span class='ocr_line' id='line_1_65' title="bbox 546 5299 2124 5383; baseline 0.008 -28"><span class='ocrx_word' id='word_1_522' title='bbox 546 5299 1132 5376; x_wconf 70' lang='lat' dir='ltr'><strong>incircumscriptione</strong></span> <span class='ocrx_word' id='word_1_523' title='bbox 1192 5308 1428 5364; x_wconf 89' lang='lat' dir='ltr'><strong>invicem</strong></span> <span class='ocrx_word' id='word_1_524' title='bbox 1493 5313 1726 5383; x_wconf 74' lang='lat' dir='ltr'><strong>singula:</strong></span> <span class='ocrx_word' id='word_1_525' title='bbox 1783 5315 2124 5369; x_wconf 84' lang='lat' dir='ltr'><strong>eximuntur.</strong></span> 
     </span>
    </p>
   </div>
   <div class='ocr_carea' id='block_1_66' title="bbox 558 5392 2134 5476">
    <p class='ocr_par' dir='ltr' id='par_1_66' title="bbox 558 5392 2134 5476">
     <span class='ocr_line' id='line_1_66' title="bbox 558 5392 2134 5476; baseline 0.009 -29"><span class='ocrx_word' id='word_1_526' title='bbox 558 5392 755 5449; x_wconf 77' lang='lat' dir='ltr'><strong>Nullus</strong></span> <span class='ocrx_word' id='word_1_527' title='bbox 781 5402 964 5450; x_wconf 90' lang='lat' dir='ltr'><strong>autem</strong></span> <span class='ocrx_word' id='word_1_528' title='bbox 993 5399 1079 5452; x_wconf 88' lang='lat' dir='ltr'><strong>vel</strong></span> <span class='ocrx_word' id='word_1_529' title='bbox 1111 5400 1610 5472; x_wconf 89' lang='lat' dir='ltr'><strong>quomodocunque</strong></span> <span class='ocrx_word' id='word_1_530' title='bbox 1639 5404 2004 5460; x_wconf 87' lang='lat' dir='ltr'><strong>ratiocinandi</strong></span> <span class='ocrx_word' id='word_1_531' title='bbox 2035 5421 2134 5476; x_wconf 87' lang='lat' dir='ltr'><strong>pe-</strong></span> 
     </span>
    </p>
   </div>
   <div class='ocr_carea' id='block_1_67' title="bbox 559 5485 2130 5569">
    <p class='ocr_par' dir='ltr' id='par_1_67' title="bbox 559 5485 2130 5569">
     <span class='ocr_line' id='line_1_67' title="bbox 559 5485 2130 5569; baseline 0.009 -30"><span class='ocrx_word' id='word_1_532' title='bbox 559 5485 701 5540; x_wconf 88' lang='lat' dir='ltr'><strong>ritus</strong></span> <span class='ocrx_word' id='word_1_533' title='bbox 730 5485 1004 5542; x_wconf 91' lang='lat' dir='ltr'><strong>inﬁnitum</strong></span> <span class='ocrx_word' id='word_1_534' title='bbox 1035 5504 1157 5545; x_wconf 90' lang='lat' dir='ltr'><strong>esse</strong></span> <span class='ocrx_word' id='word_1_535' title='bbox 1187 5491 1393 5547; x_wconf 86' lang='lat' dir='ltr'><strong>dixerit</strong></span> <span class='ocrx_word' id='word_1_536' title='bbox 1417 5510 1658 5564; x_wconf 88' lang='lat' dir='ltr'><strong>quocum</strong></span> <span class='ocrx_word' id='word_1_537' title='bbox 1678 5512 1746 5551; x_wconf 77' lang='lat' dir='ltr'><strong>ex</strong></span> <span class='ocrx_word' id='word_1_538' title='bbox 1772 5506 1981 5553; x_wconf 65' lang='lat' dir='ltr'><strong>aeterno</strong></span> <span class='ocrx_word' id='word_1_539' title='bbox 1997 5497 2130 5569; x_wconf 92' lang='lat' dir='ltr'><strong>quid</strong></span> 
     </span>
    </p>
   </div>
   <div class='ocr_carea' id='block_1_68' title="bbox 560 5578 2129 5658">
    <p class='ocr_par' dir='ltr' id='par_1_68' title="bbox 560 5578 2129 5658">
     <span class='ocr_line' id='line_1_68' title="bbox 560 5578 2129 5658; baseline 0.009 -28"><span class='ocrx_word' id='word_1_540' title='bbox 560 5591 670 5631; x_wconf 91' lang='lat' dir='ltr'><strong>una</strong></span> <span class='ocrx_word' id='word_1_541' title='bbox 712 5578 798 5632; x_wconf 82' lang='lat' dir='ltr'><strong>vel</strong></span> <span class='ocrx_word' id='word_1_542' title='bbox 853 5579 1099 5634; x_wconf 89' lang='lat' dir='ltr'><strong>additum</strong></span> <span class='ocrx_word' id='word_1_543' title='bbox 1156 5584 1528 5652; x_wconf 89' lang='lat' dir='ltr'><strong>conspiciatur</strong></span> <span class='ocrx_word' id='word_1_544' title='bbox 1556 5588 1794 5643; x_wconf 85' lang='lat' dir='ltr'><strong>essentia</strong></span> <span class='ocrx_word' id='word_1_545' title='bbox 1826 5588 2129 5658; x_wconf 89' lang='lat' dir='ltr'><strong>diversum,</strong></span> 
     </span>
    </p>
   </div>
   <div class='ocr_carea' id='block_1_69' title="bbox 561 5669 2129 5743">
    <p class='ocr_par' dir='ltr' id='par_1_69' title="bbox 561 5669 2129 5743">
     <span class='ocr_line' id='line_1_69' title="bbox 561 5669 2129 5743; baseline 0.011 -24"><span class='ocrx_word' id='word_1_546' title='bbox 561 5682 686 5720; x_wconf 87' lang='lat' dir='ltr'><strong>cum</strong></span> <span class='ocrx_word' id='word_1_547' title='bbox 717 5669 1026 5726; x_wconf 87' lang='lat' dir='ltr'><strong>meminerit</strong></span> <span class='ocrx_word' id='word_1_548' title='bbox 1053 5673 1103 5726; x_wconf 90' lang='lat' dir='ltr'><strong>ei</strong></span> <span class='ocrx_word' id='word_1_549' title='bbox 1141 5674 1234 5743; x_wconf 90' lang='lat' dir='ltr'><strong>qui</strong></span> <span class='ocrx_word' id='word_1_550' title='bbox 1269 5674 1338 5728; x_wconf 91' lang='lat' dir='ltr'><strong>ita</strong></span> <span class='ocrx_word' id='word_1_551' title='bbox 1371 5678 1610 5733; x_wconf 86' lang='lat' dir='ltr'><strong>senserit</strong></span> <span class='ocrx_word' id='word_1_552' title='bbox 1641 5679 1929 5736; x_wconf 87' lang='lat' dir='ltr'><strong>inﬁnitatis</strong></span> <span class='ocrx_word' id='word_1_553' title='bbox 1961 5681 2129 5736; x_wconf 83' lang='lat' dir='ltr'><strong>ratio-</strong></span> 
     </span>
    </p>
   </div>
   <div class='ocr_carea' id='block_1_70' title="bbox 565 5766 2128 5839">
    <p class='ocr_par' dir='ltr' id='par_1_70' title="bbox 565 5766 2128 5839">
     <span class='ocr_line' id='line_1_70' title="bbox 565 5766 2128 5839; baseline 0.012 -27"><span class='ocrx_word' id='word_1_554' title='bbox 565 5772 690 5815; x_wconf 81' lang='lat' dir='ltr'><strong>nem</strong></span> <span class='ocrx_word' id='word_1_555' title='bbox 720 5775 942 5829; x_wconf 87' lang='lat' dir='ltr'><strong>prorsus</strong></span> <span class='ocrx_word' id='word_1_556' title='bbox 994 5779 1244 5820; x_wconf 87' lang='lat' dir='ltr'><strong>eversum</strong></span> <span class='ocrx_word' id='word_1_557' title='bbox 1275 5766 1362 5822; x_wconf 92' lang='lat' dir='ltr'><strong>iri.</strong></span> <span class='ocrx_word' id='word_1_558' title='bbox 1426 5769 1672 5839; x_wconf 85' lang='lat' dir='ltr'><strong>Namque</strong></span> <span class='ocrx_word' id='word_1_559' title='bbox 1733 5771 2010 5829; x_wconf 90' lang='lat' dir='ltr'><strong>inﬁnitum</strong></span> <span class='ocrx_word' id='word_1_560' title='bbox 2040 5789 2128 5830; x_wconf 86' lang='lat' dir='ltr'><strong>se-</strong></span> 
     </span>
    </p>
   </div>
   <div class='ocr_carea' id='block_1_71' title="bbox 2288 1917 3794 1990">
    <p class='ocr_par' dir='ltr' id='par_1_71' title="bbox 2288 1917 3794 1990">
     <span class='ocr_line' id='line_1_71' title="bbox 2288 1917 3794 1990; baseline 0.001 -18"><span class='ocrx_word' id='word_1_561' title='bbox 2288 1917 2440 1972; x_wconf 81' lang='grc' dir='ltr'><strong>κατὰ</strong></span> <span class='ocrx_word' id='word_1_562' title='bbox 2494 1917 2609 1986; x_wconf 79' lang='grc' dir='ltr'><strong>τὴν</strong></span> <span class='ocrx_word' id='word_1_563' title='bbox 2645 1918 2870 1972; x_wconf 75' lang='grc' dir='ltr'>οὐσίαν</span> <span class='ocrx_word' id='word_1_564' title='bbox 2905 1918 2976 1983; x_wconf 80' lang='grc' dir='ltr'><strong>ἐξ</strong></span> <span class='ocrx_word' id='word_1_565' title='bbox 3013 1917 3213 1973; x_wconf 82' lang='grc' dir='ltr'>ἀϊδίου</span> <span class='ocrx_word' id='word_1_566' title='bbox 3248 1921 3794 1990; x_wconf 62' lang='grc' dir='ltr'>συνθεωρούμενα,</span> 
     </span>
    </p>
   </div>
   <div class='ocr_carea' id='block_1_72' title="bbox 2289 2003 3797 2077">
    <p class='ocr_par' dir='ltr' id='par_1_72' title="bbox 2289 2003 3797 2077">
     <span class='ocr_line' id='line_1_72' title="bbox 2289 2003 3797 2077; baseline 0.003 -17"><span class='ocrx_word' id='word_1_567' title='bbox 2289 2008 2539 2075; x_wconf 76' lang='grc' dir='ltr'>ἄπειρον</span> <span class='ocrx_word' id='word_1_568' title='bbox 2561 2003 2716 2062; x_wconf 78' lang='grc' dir='ltr'>εἶναι</span> <span class='ocrx_word' id='word_1_569' title='bbox 2747 2009 2820 2062; x_wconf 85' lang='grc' dir='ltr'>οὐ</span> <span class='ocrx_word' id='word_1_570' title='bbox 2852 2007 3126 2071; x_wconf 80' lang='grc' dir='ltr'>δύναται,</span> <span class='ocrx_word' id='word_1_571' title='bbox 3147 2007 3247 2063; x_wconf 80' lang='grc' dir='ltr'>καί</span> <span class='ocrx_word' id='word_1_572' title='bbox 3273 2009 3364 2062; x_wconf 82' lang='grc' dir='ltr'>ὅτι</span> <span class='ocrx_word' id='word_1_573' title='bbox 3399 2010 3440 2077; x_wconf 80' lang='grc' dir='ltr'><strong><em>ἠ</em></strong></span> <span class='ocrx_word' id='word_1_574' title='bbox 3478 2008 3636 2077; x_wconf 77' lang='grc' dir='ltr'><strong>δυὰς</strong></span> <span class='ocrx_word' id='word_1_575' title='bbox 3669 2010 3797 2066; x_wconf 74' lang='grc' dir='ltr'>οὔτε</span> 
     </span>
    </p>
   </div>
   <div class='ocr_carea' id='block_1_73' title="bbox 2290 2099 3797 2176">
    <p class='ocr_par' dir='ltr' id='par_1_73' title="bbox 2290 2099 3797 2176">
     <span class='ocr_line' id='line_1_73' title="bbox 2290 2099 3797 2176; baseline -0.003 -17"><span class='ocrx_word' id='word_1_576' title='bbox 2290 2103 2448 2174; x_wconf 82' lang='grc' dir='ltr'>ἀρχή</span> <span class='ocrx_word' id='word_1_577' title='bbox 2487 2103 2678 2176; x_wconf 79' lang='grc' dir='ltr'>ἐστιν,</span> <span class='ocrx_word' id='word_1_578' title='bbox 2727 2101 2866 2156; x_wconf 81' lang='grc' dir='ltr'>οὔτε</span> <span class='ocrx_word' id='word_1_579' title='bbox 2913 2099 3198 2169; x_wconf 76' lang='grc' dir='ltr'><strong>ἄναρχος,</strong></span> <span class='ocrx_word' id='word_1_580' title='bbox 3233 2101 3335 2156; x_wconf 69' lang='grc' dir='ltr'><strong>καὶ</strong></span> <span class='ocrx_word' id='word_1_581' title='bbox 3387 2101 3482 2159; x_wconf 76' lang='grc' dir='ltr'>ὅτι</span> <span class='ocrx_word' id='word_1_582' title='bbox 3525 2103 3565 2171; x_wconf 82' lang='grc' dir='ltr'><strong><em>ἠ</em></strong></span> <span class='ocrx_word' id='word_1_583' title='bbox 3611 2103 3797 2172; x_wconf 72' lang='grc' dir='ltr'>μονὰς</span> 
     </span>
    </p>
   </div>
   <div class='ocr_carea' id='block_1_74' title="bbox 2284 2189 3314 2263">
    <p class='ocr_par' dir='ltr' id='par_1_74' title="bbox 2284 2189 3314 2263">
     <span class='ocr_line' id='line_1_74' title="bbox 2284 2189 3314 2263; baseline -0.003 -15"><span class='ocrx_word' id='word_1_584' title='bbox 2284 2195 2440 2263; x_wconf 73' lang='grc' dir='ltr'>μόνη</span> <span class='ocrx_word' id='word_1_585' title='bbox 2469 2191 2686 2261; x_wconf 77' lang='grc' dir='ltr'>κυρίως</span> <span class='ocrx_word' id='word_1_586' title='bbox 2713 2189 2872 2260; x_wconf 79' lang='grc' dir='ltr'>ἀρχὴ</span> <span class='ocrx_word' id='word_1_587' title='bbox 2903 2190 3002 2244; x_wconf 80' lang='grc' dir='ltr'><strong>και</strong></span> <span class='ocrx_word' id='word_1_588' title='bbox 3030 2191 3314 2261; x_wconf 74' lang='grc' dir='ltr'>ἄναρχος.</span> 
     </span>
    </p>
   </div>
   <div class='ocr_carea' id='block_1_75' title="bbox 2291 2297 3795 2376">
    <p class='ocr_par' dir='ltr' id='par_1_75' title="bbox 2291 2297 3795 2376">
     <span class='ocr_line' id='line_1_75' title="bbox 2291 2297 3795 2376; baseline -0.005 -19"><span class='ocrx_word' id='word_1_589' title='bbox 2291 2305 2402 2358; x_wconf 72' lang='grc' dir='ltr'><strong>Καὶ</strong></span> <span class='ocrx_word' id='word_1_590' title='bbox 2438 2303 2620 2367; x_wconf 81' lang='grc' dir='ltr'>πάλιν,</span> <span class='ocrx_word' id='word_1_591' title='bbox 2670 2303 2719 2355; x_wconf 81' lang='grc' dir='ltr'>εἰ</span> <span class='ocrx_word' id='word_1_592' title='bbox 2761 2297 2853 2372; x_wconf 81' lang='grc' dir='ltr'>ἦν,</span> <span class='ocrx_word' id='word_1_593' title='bbox 2885 2301 2961 2366; x_wconf 84' lang='grc' dir='ltr'><strong>ὥς</strong></span> <span class='ocrx_word' id='word_1_594' title='bbox 2995 2302 3141 2365; x_wconf 84' lang='grc' dir='ltr'>τινές</span> <span class='ocrx_word' id='word_1_595' title='bbox 3180 2305 3425 2376; x_wconf 77' lang='grc' dir='ltr'>φασιν,ἡ</span> <span class='ocrx_word' id='word_1_596' title='bbox 3459 2302 3589 2375; x_wconf 79' lang='grc' dir='ltr'>ὕλη,</span> <span class='ocrx_word' id='word_1_597' title='bbox 3615 2307 3678 2360; x_wconf 78' lang='grc' dir='ltr'>οὐ</span> <span class='ocrx_word' id='word_1_598' title='bbox 3710 2307 3795 2376; x_wconf 68' lang='grc' dir='ltr'><strong>γε.</strong></span> 
     </span>
    </p>
   </div>
   <div class='ocr_carea' id='block_1_76' title="bbox 2219 2394 3795 2467">
    <p class='ocr_par' dir='ltr' id='par_1_76' title="bbox 2219 2394 3795 2467">
     <span class='ocr_line' id='line_1_76' title="bbox 2219 2394 3795 2467; baseline 0.003 -18"><span class='ocrx_word' id='word_1_599' title='bbox 2219 2412 2347 2465; x_wconf 87' lang='grc' dir='ltr'>γονε</span> <span class='ocrx_word' id='word_1_600' title='bbox 2380 2394 2645 2466; x_wconf 72' lang='grc' dir='ltr'>δηλονότι,</span> <span class='ocrx_word' id='word_1_601' title='bbox 2670 2397 2720 2448; x_wconf 84' lang='grc' dir='ltr'><strong>εί</strong></span> <span class='ocrx_word' id='word_1_602' title='bbox 2749 2394 2806 2448; x_wconf 77' lang='grc' dir='ltr'>δὲ</span> <span class='ocrx_word' id='word_1_603' title='bbox 2837 2395 2912 2467; x_wconf 79' lang='grc' dir='ltr'>μὴ</span> <span class='ocrx_word' id='word_1_604' title='bbox 2945 2395 3192 2463; x_wconf 80' lang='grc' dir='ltr'>γέγονεν,</span> <span class='ocrx_word' id='word_1_605' title='bbox 3215 2397 3336 2450; x_wconf 80' lang='grc' dir='ltr'>οὐδὲ</span> <span class='ocrx_word' id='word_1_606' title='bbox 3368 2401 3628 2464; x_wconf 70' lang='grc' dir='ltr'>κινεῖται,</span> <span class='ocrx_word' id='word_1_607' title='bbox 3669 2402 3719 2453; x_wconf 83' lang='grc' dir='ltr'>ει</span> <span class='ocrx_word' id='word_1_608' title='bbox 3743 2401 3795 2453; x_wconf 76' lang='grc' dir='ltr'>δὲ</span> 
     </span>
    </p>
   </div>
   <div class='ocr_carea' id='block_1_77' title="bbox 2223 2482 3796 2557">
    <p class='ocr_par' dir='ltr' id='par_1_77' title="bbox 2223 2482 3796 2557">
     <span class='ocr_line' id='line_1_77' title="bbox 2223 2482 3796 2557; baseline 0.004 -19"><span class='ocrx_word' id='word_1_609' title='bbox 2223 2486 2300 2557; x_wconf 81' lang='grc' dir='ltr'>μὴ</span> <span class='ocrx_word' id='word_1_610' title='bbox 2337 2488 2586 2551; x_wconf 84' lang='grc' dir='ltr'>κινεῖται,</span> <span class='ocrx_word' id='word_1_611' title='bbox 2617 2485 2742 2539; x_wconf 75' lang='grc' dir='ltr'>οὔτε</span> <span class='ocrx_word' id='word_1_612' title='bbox 2775 2484 2870 2539; x_wconf 72' lang='grc' dir='ltr'><strong>τοῦ</strong></span> <span class='ocrx_word' id='word_1_613' title='bbox 2906 2482 3046 2538; x_wconf 67' lang='grc' dir='ltr'>εἶναι</span> <span class='ocrx_word' id='word_1_614' title='bbox 3083 2485 3307 2557; x_wconf 73' lang='grc' dir='ltr'>ἤρξατο,</span> <span class='ocrx_word' id='word_1_615' title='bbox 3348 2489 3397 2540; x_wconf 82' lang='grc' dir='ltr'><strong>εί</strong></span> <span class='ocrx_word' id='word_1_616' title='bbox 3430 2489 3487 2541; x_wconf 82' lang='grc' dir='ltr'>δὲ</span> <span class='ocrx_word' id='word_1_617' title='bbox 3527 2490 3624 2544; x_wconf 78' lang='grc' dir='ltr'><strong>τοῦ</strong></span> <span class='ocrx_word' id='word_1_618' title='bbox 3663 2487 3796 2545; x_wconf 75' lang='grc' dir='ltr'>εἶναι</span> 
     </span>
    </p>
   </div>
   <div class='ocr_carea' id='block_1_78' title="bbox 2224 2577 3798 2652">
    <p class='ocr_par' dir='ltr' id='par_1_78' title="bbox 2224 2577 3798 2652">
     <span class='ocr_line' id='line_1_78' title="bbox 2224 2577 3798 2652; baseline 0.004 -22"><span class='ocrx_word' id='word_1_619' title='bbox 2224 2579 2300 2649; x_wconf 81' lang='grc' dir='ltr'>μὴ</span> <span class='ocrx_word' id='word_1_620' title='bbox 2355 2578 2580 2650; x_wconf 71' lang='grc' dir='ltr'>ἤρξατο,</span> <span class='ocrx_word' id='word_1_621' title='bbox 2631 2579 2847 2642; x_wconf 84' lang='grc' dir='ltr'>πάντως</span> <span class='ocrx_word' id='word_1_622' title='bbox 2878 2577 3137 2649; x_wconf 81' lang='grc' dir='ltr'><strong>ἄναρχον,</strong></span> <span class='ocrx_word' id='word_1_623' title='bbox 3187 2581 3236 2633; x_wconf 79' lang='grc' dir='ltr'><strong>εί</strong></span> <span class='ocrx_word' id='word_1_624' title='bbox 3285 2579 3342 2632; x_wconf 79' lang='grc' dir='ltr'>δὲ</span> <span class='ocrx_word' id='word_1_625' title='bbox 3392 2581 3656 2652; x_wconf 77' lang='grc' dir='ltr'><strong>ἄναρχον,</strong></span> <span class='ocrx_word' id='word_1_626' title='bbox 3709 2584 3798 2637; x_wconf 76' lang='grc' dir='ltr'><strong>καὶ</strong></span> 
     </span>
    </p>
   </div>
   <div class='ocr_carea' id='block_1_79' title="bbox 2221 2669 3797 2743">
    <p class='ocr_par' dir='ltr' id='par_1_79' title="bbox 2221 2669 3797 2743">
     <span class='ocr_line' id='line_1_79' title="bbox 2221 2669 3797 2743; baseline 0 -19"><span class='ocrx_word' id='word_1_627' title='bbox 2221 2669 2468 2740; x_wconf 83' lang='grc' dir='ltr'>ἄπειρον,</span> <span class='ocrx_word' id='word_1_628' title='bbox 2500 2670 2548 2723; x_wconf 78' lang='grc' dir='ltr'>εἰ</span> <span class='ocrx_word' id='word_1_629' title='bbox 2591 2669 2648 2722; x_wconf 84' lang='grc' dir='ltr'>δὲ</span> <span class='ocrx_word' id='word_1_630' title='bbox 2665 2669 2927 2740; x_wconf 78' lang='grc' dir='ltr'>-άπειρον,</span> <span class='ocrx_word' id='word_1_631' title='bbox 2957 2669 3176 2732; x_wconf 79' lang='grc' dir='ltr'>πάντως</span> <span class='ocrx_word' id='word_1_632' title='bbox 3236 2672 3331 2724; x_wconf 73' lang='grc' dir='ltr'><strong>καὶ</strong></span> <span class='ocrx_word' id='word_1_633' title='bbox 3359 2670 3622 2743; x_wconf 73' lang='grc' dir='ltr'>ἀκίνητον</span> <span class='ocrx_word' id='word_1_634' title='bbox 3654 2671 3797 2742; x_wconf 77' lang='grc' dir='ltr'><strong>(ἀκί-</strong></span> 
     </span>
    </p>
   </div>
   <div class='ocr_carea' id='block_1_80' title="bbox 2221 2760 3800 2833">
    <p class='ocr_par' dir='ltr' id='par_1_80' title="bbox 2221 2760 3800 2833">
     <span class='ocr_line' id='line_1_80' title="bbox 2221 2760 3800 2833; baseline 0.003 -21"><span class='ocrx_word' id='word_1_635' title='bbox 2221 2777 2380 2832; x_wconf 87' lang='grc' dir='ltr'>νητον</span> <span class='ocrx_word' id='word_1_636' title='bbox 2403 2760 2513 2832; x_wconf 83' lang='grc' dir='ltr'><strong>γὰρ</strong></span> <span class='ocrx_word' id='word_1_637' title='bbox 2540 2760 2760 2824; x_wconf 84' lang='grc' dir='ltr'>πάντως</span> <span class='ocrx_word' id='word_1_638' title='bbox 2784 2760 2844 2813; x_wconf 79' lang='grc' dir='ltr'>τὸ</span> <span class='ocrx_word' id='word_1_639' title='bbox 2870 2760 3120 2831; x_wconf 83' lang='grc' dir='ltr'>ἄπειρον,</span> <span class='ocrx_word' id='word_1_640' title='bbox 3159 2761 3219 2814; x_wconf 75' lang='grc' dir='ltr'>οὗ</span> <span class='ocrx_word' id='word_1_641' title='bbox 3248 2763 3355 2833; x_wconf 85' lang='grc' dir='ltr'>γὰρ</span> <span class='ocrx_word' id='word_1_642' title='bbox 3378 2762 3492 2833; x_wconf 77' lang='grc' dir='ltr'>ἔχει</span> <span class='ocrx_word' id='word_1_643' title='bbox 3525 2764 3630 2816; x_wconf 81' lang='grc' dir='ltr'>ποῦ</span> <span class='ocrx_word' id='word_1_644' title='bbox 3660 2781 3800 2832; x_wconf 79' lang='grc' dir='ltr'>κινη-</span> 
     </span>
    </p>
   </div>
   <div class='ocr_carea' id='block_1_81' title="bbox 2222 2850 3798 2922">
    <p class='ocr_par' dir='ltr' id='par_1_81' title="bbox 2222 2850 3798 2922">
     <span class='ocr_line' id='line_1_81' title="bbox 2222 2850 3798 2922; baseline 0.001 -17"><span class='ocrx_word' id='word_1_645' title='bbox 2222 2851 2380 2922; x_wconf 79' lang='grc' dir='ltr'>θῆναι</span> <span class='ocrx_word' id='word_1_646' title='bbox 2408 2851 2468 2904; x_wconf 85' lang='grc' dir='ltr'><strong>τὺ</strong></span> <span class='ocrx_word' id='word_1_647' title='bbox 2496 2851 2570 2922; x_wconf 82' lang='grc' dir='ltr'>μὴ</span> <span class='ocrx_word' id='word_1_648' title='bbox 2603 2850 2975 2922; x_wconf 79' lang='grc' dir='ltr'>ὁριζόμενον),</span> <span class='ocrx_word' id='word_1_649' title='bbox 3005 2852 3054 2903; x_wconf 84' lang='grc' dir='ltr'><strong>εί</strong></span> <span class='ocrx_word' id='word_1_650' title='bbox 3077 2852 3133 2904; x_wconf 78' lang='grc' dir='ltr'>δὲ</span> <span class='ocrx_word' id='word_1_651' title='bbox 3154 2852 3333 2917; x_wconf 79' lang='grc' dir='ltr'>τοῦτο,</span> <span class='ocrx_word' id='word_1_652' title='bbox 3364 2853 3460 2906; x_wconf 82' lang='grc' dir='ltr'>δύο</span> <span class='ocrx_word' id='word_1_653' title='bbox 3487 2855 3708 2918; x_wconf 75' lang='grc' dir='ltr'>πάντως</span> <span class='ocrx_word' id='word_1_654' title='bbox 3738 2856 3798 2907; x_wconf 79' lang='grc' dir='ltr'>τὰ</span> 
     </span>
    </p>
   </div>
   <div class='ocr_carea' id='block_1_82' title="bbox 2221 2942 3799 3017">
    <p class='ocr_par' dir='ltr' id='par_1_82' title="bbox 2221 2942 3799 3017">
     <span class='ocr_line' id='line_1_82' title="bbox 2221 2942 3799 3017; baseline 0.002 -20"><span class='ocrx_word' id='word_1_655' title='bbox 2221 2942 2426 3013; x_wconf 80' lang='grc' dir='ltr'>ἄπειρα</span> <span class='ocrx_word' id='word_1_656' title='bbox 2452 2944 2547 2996; x_wconf 73' lang='grc' dir='ltr'><strong>καὶ</strong></span> <span class='ocrx_word' id='word_1_657' title='bbox 2570 2943 2783 3013; x_wconf 79' lang='grc' dir='ltr'>ἄναρχα</span> <span class='ocrx_word' id='word_1_658' title='bbox 2810 2944 2905 2997; x_wconf 67' lang='grc' dir='ltr'><strong>καὶ</strong></span> <span class='ocrx_word' id='word_1_659' title='bbox 2940 2943 3195 3014; x_wconf 84' lang='grc' dir='ltr'>ἀκίνητα,</span> <span class='ocrx_word' id='word_1_660' title='bbox 3226 2944 3361 3008; x_wconf 81' lang='grc' dir='ltr'>Θεὸς</span> <span class='ocrx_word' id='word_1_661' title='bbox 3385 2946 3482 3000; x_wconf 66' lang='lat' dir='ltr'><strong>uel</strong></span> <span class='ocrx_word' id='word_1_662' title='bbox 3508 2945 3636 3017; x_wconf 74' lang='grc' dir='ltr'>ὕλη.</span> <span class='ocrx_word' id='word_1_663' title='bbox 3673 2947 3799 3016; x_wconf 80' lang='grc' dir='ltr'>ὅπερ</span> 
     </span>
    </p>
   </div>
   <div class='ocr_carea' id='block_1_83' title="bbox 2221 3031 3801 3108">
    <p class='ocr_par' dir='ltr' id='par_1_83' title="bbox 2221 3031 3801 3108">
     <span class='ocr_line' id='line_1_83' title="bbox 2221 3031 3801 3108; baseline 0.002 -19"><span class='ocrx_word' id='word_1_664' title='bbox 2221 3031 2361 3089; x_wconf 80' lang='grc' dir='ltr'>εἶναι</span> <span class='ocrx_word' id='word_1_665' title='bbox 2388 3035 2689 3106; x_wconf 75' lang='grc' dir='ltr'>ἀμήχανον.</span> <span class='ocrx_word' id='word_1_666' title='bbox 2727 3035 2868 3099; x_wconf 82' lang='grc' dir='ltr'><strong>Δυὰς</strong></span> <span class='ocrx_word' id='word_1_667' title='bbox 2897 3037 3005 3108; x_wconf 78' lang='grc' dir='ltr'>γὰρ</span> <span class='ocrx_word' id='word_1_668' title='bbox 3043 3035 3168 3090; x_wconf 75' lang='grc' dir='ltr'>οὔτε</span> <span class='ocrx_word' id='word_1_669' title='bbox 3211 3037 3459 3108; x_wconf 76' lang='grc' dir='ltr'>ἄπειρος,</span> <span class='ocrx_word' id='word_1_670' title='bbox 3493 3037 3627 3091; x_wconf 79' lang='grc' dir='ltr'>οὔτε</span> <span class='ocrx_word' id='word_1_671' title='bbox 3649 3039 3801 3108; x_wconf 76' lang='grc' dir='ltr'>ἄναρο</span> 
     </span>
    </p>
   </div>
   <div class='ocr_carea' id='block_1_84' title="bbox 2227 3123 3802 3196">
    <p class='ocr_par' dir='ltr' id='par_1_84' title="bbox 2227 3123 3802 3196">
     <span class='ocr_line' id='line_1_84' title="bbox 2227 3123 3802 3196; baseline 0.002 -18"><span class='ocrx_word' id='word_1_672' title='bbox 2227 3142 2339 3195; x_wconf 88' lang='grc' dir='ltr'>χος,</span> <span class='ocrx_word' id='word_1_673' title='bbox 2378 3123 2506 3177; x_wconf 73' lang='grc' dir='ltr'>οὗτε</span> <span class='ocrx_word' id='word_1_674' title='bbox 2558 3124 2836 3194; x_wconf 83' lang='grc' dir='ltr'>ἀκίνητος.</span> <span class='ocrx_word' id='word_1_675' title='bbox 2883 3125 3009 3178; x_wconf 78' lang='grc' dir='ltr'>οὔτε</span> <span class='ocrx_word' id='word_1_676' title='bbox 3058 3125 3166 3196; x_wconf 80' lang='grc' dir='ltr'>μὴν</span> <span class='ocrx_word' id='word_1_677' title='bbox 3197 3126 3340 3196; x_wconf 79' lang='grc' dir='ltr'>ἀρχὴ</span> <span class='ocrx_word' id='word_1_678' title='bbox 3387 3127 3623 3180; x_wconf 78' lang='grc' dir='ltr'>καθόλου</span> <span class='ocrx_word' id='word_1_679' title='bbox 3669 3129 3802 3192; x_wconf 71' lang='grc' dir='ltr'>τινος</span> 
     </span>
    </p>
   </div>
   <div class='ocr_carea' id='block_1_85' title="bbox 2227 3213 3803 3290">
    <p class='ocr_par' dir='ltr' id='par_1_85' title="bbox 2227 3213 3803 3290">
     <span class='ocr_line' id='line_1_85' title="bbox 2227 3213 3803 3290; baseline 0.003 -22"><span class='ocrx_word' id='word_1_680' title='bbox 2227 3213 2365 3269; x_wconf 82' lang='grc' dir='ltr'>εἶναι</span> <span class='ocrx_word' id='word_1_681' title='bbox 2386 3214 2696 3286; x_wconf 80' lang='grc' dir='ltr'>δυνήσεται,</span> <span class='ocrx_word' id='word_1_682' title='bbox 2729 3215 2854 3268; x_wconf 80' lang='grc' dir='ltr'>καθ’</span> <span class='ocrx_word' id='word_1_683' title='bbox 2889 3215 3083 3268; x_wconf 73' lang='grc' dir='ltr'>ἕνωσίν</span> <span class='ocrx_word' id='word_1_684' title='bbox 3115 3233 3176 3270; x_wconf 91' lang='grc' dir='ltr'><strong>τε</strong></span> <span class='ocrx_word' id='word_1_685' title='bbox 3219 3217 3316 3270; x_wconf 73' lang='grc' dir='ltr'><strong>καὶ</strong></span> <span class='ocrx_word' id='word_1_686' title='bbox 3354 3217 3627 3289; x_wconf 77' lang='grc' dir='ltr'>διαίρεσιν</span> <span class='ocrx_word' id='word_1_687' title='bbox 3658 3237 3803 3290; x_wconf 82' lang='grc' dir='ltr'>περι-</span> 
     </span>
    </p>
   </div>
   <div class='ocr_carea' id='block_1_86' title="bbox 2225 3307 3803 3381">
    <p class='ocr_par' dir='ltr' id='par_1_86' title="bbox 2225 3307 3803 3381">
     <span class='ocr_line' id='line_1_86' title="bbox 2225 3307 3803 3381; baseline 0.001 -18"><span class='ocrx_word' id='word_1_688' title='bbox 2225 3308 2571 3381; x_wconf 80' lang='grc' dir='ltr'>γραφομένη,</span> <span class='ocrx_word' id='word_1_689' title='bbox 2616 3307 2740 3361; x_wconf 81' lang='grc' dir='ltr'>καθ’</span> <span class='ocrx_word' id='word_1_690' title='bbox 2789 3308 2983 3361; x_wconf 73' lang='grc' dir='ltr'>ῐνωσιν</span> <span class='ocrx_word' id='word_1_691' title='bbox 3042 3308 3142 3377; x_wconf 85' lang='grc' dir='ltr'>μὲν</span> <span class='ocrx_word' id='word_1_692' title='bbox 3187 3307 3264 3372; x_wconf 85' lang='grc' dir='ltr'><strong>ὡς</strong></span> <span class='ocrx_word' id='word_1_693' title='bbox 3327 3307 3570 3380; x_wconf 77' lang='grc' dir='ltr'>ὓπαρξιν</span> <span class='ocrx_word' id='word_1_694' title='bbox 3615 3311 3803 3380; x_wconf 74' lang='grc' dir='ltr'>ἔχουσα</span> 
     </span>
    </p>
   </div>
   <div class='ocr_carea' id='block_1_87' title="bbox 2225 3394 3805 3474">
    <p class='ocr_par' dir='ltr' id='par_1_87' title="bbox 2225 3394 3805 3474">
     <span class='ocr_line' id='line_1_87' title="bbox 2225 3394 3805 3474; baseline -0.001 -18"><span class='ocrx_word' id='word_1_695' title='bbox 2225 3402 2335 3457; x_wconf 84' lang='grc' dir='ltr'><strong>τῶν</strong></span> <span class='ocrx_word' id='word_1_696' title='bbox 2374 3402 2617 3471; x_wconf 84' lang='grc' dir='ltr'>μονάδων</span> <span class='ocrx_word' id='word_1_697' title='bbox 2645 3400 2745 3471; x_wconf 78' lang='grc' dir='ltr'>τὴν</span> <span class='ocrx_word' id='word_1_698' title='bbox 2780 3399 3050 3466; x_wconf 81' lang='grc' dir='ltr'>σύνθεσιν,</span> <span class='ocrx_word' id='word_1_699' title='bbox 3077 3400 3169 3470; x_wconf 75' lang='grc' dir='ltr'><strong>ὑφ’</strong></span> <span class='ocrx_word' id='word_1_700' title='bbox 3213 3394 3288 3454; x_wconf 84' lang='grc' dir='ltr'>ὧν</span> <span class='ocrx_word' id='word_1_701' title='bbox 3318 3399 3394 3464; x_wconf 80' lang='grc' dir='ltr'><strong>ὡς</strong></span> <span class='ocrx_word' id='word_1_702' title='bbox 3429 3400 3618 3473; x_wconf 83' lang='grc' dir='ltr'>μερῶν</span> <span class='ocrx_word' id='word_1_703' title='bbox 3661 3419 3805 3474; x_wconf 61' lang='lat' dir='ltr'><strong>mpi-</strong></span> 
     </span>
    </p>
   </div>
   <div class='ocr_carea' id='block_1_88' title="bbox 2233 3490 3805 3563">
    <p class='ocr_par' dir='ltr' id='par_1_88' title="bbox 2233 3490 3805 3563">
     <span class='ocr_line' id='line_1_88' title="bbox 2233 3490 3805 3563; baseline 0.001 -17"><span class='ocrx_word' id='word_1_704' title='bbox 2233 3493 2418 3563; x_wconf 71' lang='grc' dir='ltr'>ἔχεται</span> <span class='ocrx_word' id='word_1_705' title='bbox 2453 3490 2544 3544; x_wconf 77' lang='grc' dir='ltr'><strong>καὶ</strong></span> <span class='ocrx_word' id='word_1_706' title='bbox 2574 3492 2654 3556; x_wconf 77' lang='grc' dir='ltr'>εἰς</span> <span class='ocrx_word' id='word_1_707' title='bbox 2685 3491 2753 3554; x_wconf 83' lang='grc' dir='ltr'>ἃς</span> <span class='ocrx_word' id='word_1_708' title='bbox 2781 3491 2856 3554; x_wconf 82' lang='grc' dir='ltr'><strong>ὡς</strong></span> <span class='ocrx_word' id='word_1_709' title='bbox 2887 3491 3027 3563; x_wconf 84' lang='grc' dir='ltr'>μέρη</span> <span class='ocrx_word' id='word_1_710' title='bbox 3059 3491 3358 3562; x_wconf 78' lang='grc' dir='ltr'><strong>τέμνεσθαι</strong></span> <span class='ocrx_word' id='word_1_711' title='bbox 3387 3491 3616 3547; x_wconf 80' lang='grc' dir='ltr'>δύναται</span> <span class='ocrx_word' id='word_1_712' title='bbox 3635 3495 3805 3562; x_wconf 71' lang='grc' dir='ltr'>(οὐδὲν</span> 
     </span>
    </p>
   </div>
   <div class='ocr_carea' id='block_1_89' title="bbox 2227 3572 3807 3657">
    <p class='ocr_par' dir='ltr' id='par_1_89' title="bbox 2227 3572 3807 3657">
     <span class='ocr_line' id='line_1_89' title="bbox 2227 3572 3807 3657; baseline 0.001 -19"><span class='ocrx_word' id='word_1_713' title='bbox 2227 3584 2285 3638; x_wconf 80' lang='grc' dir='ltr'>δὲ</span> <span class='ocrx_word' id='word_1_714' title='bbox 2333 3583 2604 3653; x_wconf 79' lang='grc' dir='ltr'>διαιρετὸν</span> <span class='ocrx_word' id='word_1_715' title='bbox 2643 3583 2677 3653; x_wconf 78' lang='grc' dir='ltr'>ἢ</span> <span class='ocrx_word' id='word_1_716' title='bbox 2711 3582 2906 3652; x_wconf 79' lang='grc'><strong>(171</strong></span> <span class='ocrx_word' id='word_1_717' title='bbox 2937 3583 3003 3652; x_wconf 85' lang='grc' dir='ltr'>α)</span> <span class='ocrx_word' id='word_1_718' title='bbox 3043 3572 3446 3653; x_wconf 82' lang='grc' dir='ltr'>διαιρούμενον,</span> <span class='ocrx_word' id='word_1_719' title='bbox 3487 3583 3522 3657; x_wconf 72' lang='grc' dir='ltr'><strong>ἢ</strong></span> <span class='ocrx_word' id='word_1_720' title='bbox 3564 3584 3807 3639; x_wconf 77' lang='grc' dir='ltr'>σύνθετον</span> 
     </span>
    </p>
   </div>
   <div class='ocr_carea' id='block_1_90' title="bbox 2228 3673 3809 3746">
    <p class='ocr_par' dir='ltr' id='par_1_90' title="bbox 2228 3673 3809 3746">
     <span class='ocr_line' id='line_1_90' title="bbox 2228 3673 3809 3746; baseline 0.001 -17"><span class='ocrx_word' id='word_1_721' title='bbox 2228 3675 2262 3746; x_wconf 83' lang='grc' dir='ltr'>ἢ</span> <span class='ocrx_word' id='word_1_722' title='bbox 2296 3675 2696 3744; x_wconf 78' lang='grc' dir='ltr'><strong>συντιθέμενον,</strong></span> <span class='ocrx_word' id='word_1_723' title='bbox 2728 3674 2869 3728; x_wconf 74' lang='grc' dir='ltr'>κατὰ</span> <span class='ocrx_word' id='word_1_724' title='bbox 2923 3674 3089 3743; x_wconf 78' lang='grc' dir='ltr'>φύσιν</span> <span class='ocrx_word' id='word_1_725' title='bbox 3138 3674 3172 3745; x_wconf 82' lang='grc' dir='ltr'>ἢ</span> <span class='ocrx_word' id='word_1_726' title='bbox 3221 3673 3374 3728; x_wconf 81' lang='grc' dir='ltr'>θέσιν</span> <span class='ocrx_word' id='word_1_727' title='bbox 3410 3675 3445 3746; x_wconf 78' lang='grc' dir='ltr'>ἢ</span> <span class='ocrx_word' id='word_1_728' title='bbox 3502 3676 3670 3731; x_wconf 73' lang='grc' dir='ltr'>ἄλλον</span> <span class='ocrx_word' id='word_1_729' title='bbox 3696 3678 3809 3731; x_wconf 69' lang='grc' dir='ltr'>τινὰ</span> 
     </span>
    </p>
   </div>
   <div class='ocr_carea' id='block_1_91' title="bbox 2229 3763 3808 3837">
    <p class='ocr_par' dir='ltr' id='par_1_91' title="bbox 2229 3763 3808 3837">
     <span class='ocr_line' id='line_1_91' title="bbox 2229 3763 3808 3837; baseline 0.003 -21"><span class='ocrx_word' id='word_1_730' title='bbox 2229 3763 2590 3834; x_wconf 80' lang='grc' dir='ltr'>ἐπινοηθῆναι</span> <span class='ocrx_word' id='word_1_731' title='bbox 2641 3763 2942 3833; x_wconf 80' lang='grc' dir='ltr'>δυνάμενον</span> <span class='ocrx_word' id='word_1_732' title='bbox 2983 3763 3211 3834; x_wconf 65' lang='grc' dir='ltr'>τρόπον,</span> <span class='ocrx_word' id='word_1_733' title='bbox 3271 3763 3387 3816; x_wconf 87' lang='grc' dir='ltr'><strong>ἀλλ’</strong></span> <span class='ocrx_word' id='word_1_734' title='bbox 3431 3765 3558 3819; x_wconf 75' lang='grc' dir='ltr'>οὐδὲ</span> <span class='ocrx_word' id='word_1_735' title='bbox 3605 3767 3744 3837; x_wconf 78' lang='grc' dir='ltr'>αὐτὴ</span> <span class='ocrx_word' id='word_1_736' title='bbox 3774 3771 3808 3836; x_wconf 80' lang='grc' dir='ltr'>ἠ</span> 
     </span>
    </p>
   </div>
   <div class='ocr_carea' id='block_1_92' title="bbox 2230 3853 3808 3927">
    <p class='ocr_par' dir='ltr' id='par_1_92' title="bbox 2230 3853 3808 3927">
     <span class='ocr_line' id='line_1_92' title="bbox 2230 3853 3808 3927; baseline 0.001 -17"><span class='ocrx_word' id='word_1_737' title='bbox 2230 3855 2416 3920; x_wconf 82' lang='grc' dir='ltr'>ἁπλῶς</span> <span class='ocrx_word' id='word_1_738' title='bbox 2443 3855 2713 3927; x_wconf 82' lang='grc' dir='ltr'>λεγομένη</span> <span class='ocrx_word' id='word_1_739' title='bbox 2747 3855 3018 3926; x_wconf 79' lang='grc' dir='ltr'>διαίρεσις</span> <span class='ocrx_word' id='word_1_740' title='bbox 3051 3853 3085 3924; x_wconf 83' lang='grc' dir='ltr'>ἢ</span> <span class='ocrx_word' id='word_1_741' title='bbox 3122 3855 3392 3918; x_wconf 77' lang='grc' dir='ltr'>σύνθεσις,</span> <span class='ocrx_word' id='word_1_742' title='bbox 3422 3854 3662 3926; x_wconf 77' lang='grc' dir='ltr'>ἄπειρον</span> <span class='ocrx_word' id='word_1_743' title='bbox 3681 3855 3808 3912; x_wconf 76' lang='grc' dir='ltr'>εἶναι</span> 
     </span>
    </p>
   </div>
   <div class='ocr_carea' id='block_1_93' title="bbox 2227 3944 3811 4018">
    <p class='ocr_par' dir='ltr' id='par_1_93' title="bbox 2227 3944 3811 4018">
     <span class='ocr_line' id='line_1_93' title="bbox 2227 3944 3811 4018; baseline 0 -18"><span class='ocrx_word' id='word_1_744' title='bbox 2227 3947 2536 4018; x_wconf 79' lang='grc' dir='ltr'>δυνήσεται,</span> <span class='ocrx_word' id='word_1_745' title='bbox 2592 3945 2672 3998; x_wconf 84' lang='grc' dir='ltr'>ὅτι</span> <span class='ocrx_word' id='word_1_746' title='bbox 2731 3945 2805 4016; x_wconf 81' lang='grc' dir='ltr'>μὴ</span> <span class='ocrx_word' id='word_1_747' title='bbox 2850 3945 2947 3999; x_wconf 74' lang='grc' dir='ltr'><strong>καὶ</strong></span> <span class='ocrx_word' id='word_1_748' title='bbox 2997 3944 3204 3999; x_wconf 78' lang='grc' dir='ltr'>ἁπλοῦν</span> <span class='ocrx_word' id='word_1_749' title='bbox 3241 3947 3333 3998; x_wconf 80' lang='grc' dir='ltr'><strong>καὶ</strong></span> <span class='ocrx_word' id='word_1_750' title='bbox 3375 3945 3564 4015; x_wconf 83' lang='grc' dir='ltr'>μόνον,</span> <span class='ocrx_word' id='word_1_751' title='bbox 3607 3947 3702 4002; x_wconf 79' lang='grc' dir='ltr'><strong>καὶ</strong></span> <span class='ocrx_word' id='word_1_752' title='bbox 3742 3947 3811 4017; x_wconf 78' lang='grc' dir='ltr'>μὴ</span> 
     </span>
    </p>
   </div>
   <div class='ocr_carea' id='block_1_94' title="bbox 2229 4033 3808 4109">
    <p class='ocr_par' dir='ltr' id='par_1_94' title="bbox 2229 4033 3808 4109">
     <span class='ocr_line' id='line_1_94' title="bbox 2229 4033 3808 4109; baseline 0.001 -19"><span class='ocrx_word' id='word_1_753' title='bbox 2229 4035 2534 4107; x_wconf 81' lang='grc' dir='ltr'>ἀριθμητὸν</span> <span class='ocrx_word' id='word_1_754' title='bbox 2578 4035 2612 4106; x_wconf 76' lang='grc' dir='ltr'>ἢ</span> <span class='ocrx_word' id='word_1_755' title='bbox 2665 4033 3072 4105; x_wconf 78' lang='grc' dir='ltr'>ἀριθμούμενον</span> <span class='ocrx_word' id='word_1_756' title='bbox 3119 4035 3153 4105; x_wconf 80' lang='grc' dir='ltr'>ἢ</span> <span class='ocrx_word' id='word_1_757' title='bbox 3204 4037 3734 4107; x_wconf 76' lang='grc' dir='ltr'>συναριθμούμενον,</span> <span class='ocrx_word' id='word_1_758' title='bbox 3777 4039 3808 4109; x_wconf 85' lang='grc' dir='ltr'>ἦ</span> 
     </span>
    </p>
   </div>
   <div class='ocr_carea' id='block_1_95' title="bbox 2232 4123 3808 4198">
    <p class='ocr_par' dir='ltr' id='par_1_95' title="bbox 2232 4123 3808 4198">
     <span class='ocr_line' id='line_1_95' title="bbox 2232 4123 3808 4198; baseline 0.001 -19"><span class='ocrx_word' id='word_1_759' title='bbox 2232 4125 2412 4197; x_wconf 82' lang='grc' dir='ltr'>πάσης</span> <span class='ocrx_word' id='word_1_760' title='bbox 2452 4125 2641 4188; x_wconf 81' lang='grc' dir='ltr'>ἁπλῶς</span> <span class='ocrx_word' id='word_1_761' title='bbox 2693 4123 2980 4196; x_wconf 83' lang='grc' dir='ltr'>ἐλεύθερον</span> <span class='ocrx_word' id='word_1_762' title='bbox 3023 4128 3122 4196; x_wconf 85' lang='grc' dir='ltr'><strong>τῆς</strong></span> <span class='ocrx_word' id='word_1_763' title='bbox 3164 4126 3490 4196; x_wconf 76' lang='grc' dir='ltr'>οἱασδήποτε</span> <span class='ocrx_word' id='word_1_764' title='bbox 3531 4129 3772 4198; x_wconf 75' lang='grc' dir='ltr'>σχέσεως</span> <span class='ocrx_word' id='word_1_765' title='bbox 3796 4146 3808 4158; x_wconf 93' lang='grc'><strong>·</strong></span> 
     </span>
    </p>
   </div>
   <div class='ocr_carea' id='block_1_96' title="bbox 2230 4217 3811 4289">
    <p class='ocr_par' dir='ltr' id='par_1_96' title="bbox 2230 4217 3811 4289">
     <span class='ocr_line' id='line_1_96' title="bbox 2230 4217 3811 4289; baseline 0.003 -17"><span class='ocrx_word' id='word_1_766' title='bbox 2230 4219 2408 4272; x_wconf 81' lang='grc' dir='ltr'>πάντα</span> <span class='ocrx_word' id='word_1_767' title='bbox 2431 4219 2542 4289; x_wconf 85' lang='grc' dir='ltr'>γὰρ</span> <span class='ocrx_word' id='word_1_768' title='bbox 2567 4217 2740 4271; x_wconf 80' lang='grc' dir='ltr'>ταῦτα</span> <span class='ocrx_word' id='word_1_769' title='bbox 2781 4219 2839 4270; x_wconf 85' lang='grc' dir='ltr'>ὲν</span> <span class='ocrx_word' id='word_1_770' title='bbox 2877 4217 3061 4287; x_wconf 75' lang='grc' dir='ltr'>σχέσει</span> <span class='ocrx_word' id='word_1_771' title='bbox 3103 4217 3414 4289; x_wconf 81' lang='grc' dir='ltr'>θεωρεῖται,</span> <span class='ocrx_word' id='word_1_772' title='bbox 3458 4221 3525 4273; x_wconf 86' lang='grc' dir='ltr'><strong>τδ</strong></span> <span class='ocrx_word' id='word_1_773' title='bbox 3562 4221 3623 4274; x_wconf 84' lang='grc' dir='ltr'>δὲ</span> <span class='ocrx_word' id='word_1_774' title='bbox 3665 4223 3811 4276; x_wconf 74' lang='grc' dir='ltr'>ἄπει-</span> 
     </span>
    </p>
   </div>
   <div class='ocr_carea' id='block_1_97' title="bbox 2235 4308 3814 4384">
    <p class='ocr_par' dir='ltr' id='par_1_97' title="bbox 2235 4308 3814 4384">
     <span class='ocr_line' id='line_1_97' title="bbox 2235 4308 3814 4384; baseline 0.001 -22"><span class='ocrx_word' id='word_1_775' title='bbox 2235 4327 2325 4381; x_wconf 91' lang='grc' dir='ltr'><strong>ρον</strong></span> <span class='ocrx_word' id='word_1_776' title='bbox 2362 4310 2612 4380; x_wconf 79' lang='grc' dir='ltr'>ἄσχετον,</span> <span class='ocrx_word' id='word_1_777' title='bbox 2641 4310 2703 4362; x_wconf 82' lang='grc' dir='ltr'>οὐ</span> <span class='ocrx_word' id='word_1_778' title='bbox 2732 4309 2843 4378; x_wconf 81' lang='grc' dir='ltr'><strong>γάρ</strong></span> <span class='ocrx_word' id='word_1_779' title='bbox 2863 4308 2981 4379; x_wconf 78' lang='grc' dir='ltr'>ἔχει</span> <span class='ocrx_word' id='word_1_780' title='bbox 3021 4326 3074 4362; x_wconf 89' lang='grc' dir='ltr'><strong>τι</strong></span> <span class='ocrx_word' id='word_1_781' title='bbox 3118 4310 3257 4362; x_wconf 79' lang='grc' dir='ltr'>κατὰ</span> <span class='ocrx_word' id='word_1_782' title='bbox 3294 4310 3482 4380; x_wconf 83' lang='grc' dir='ltr'>σχέσιν</span> <span class='ocrx_word' id='word_1_783' title='bbox 3532 4313 3814 4384; x_wconf 79' lang='grc' dir='ltr'>συνημμέ-</span> 
     </span>
    </p>
   </div>
   <div class='ocr_carea' id='block_1_98' title="bbox 2231 4399 3817 4472">
    <p class='ocr_par' dir='ltr' id='par_1_98' title="bbox 2231 4399 3817 4472">
     <span class='ocr_line' id='line_1_98' title="bbox 2231 4399 3817 4472; baseline 0.002 -18"><span class='ocrx_word' id='word_1_784' title='bbox 2231 4419 2319 4455; x_wconf 91' lang='grc' dir='ltr'><strong>νον</strong></span> <span class='ocrx_word' id='word_1_785' title='bbox 2343 4399 2715 4471; x_wconf 88' lang='grc' dir='ltr'>παντάπασι),</span> <span class='ocrx_word' id='word_1_786' title='bbox 2745 4399 2888 4453; x_wconf 82' lang='grc' dir='ltr'>κατὰ</span> <span class='ocrx_word' id='word_1_787' title='bbox 2907 4399 3173 4470; x_wconf 81' lang='grc' dir='ltr'>διαίρεσιν</span> <span class='ocrx_word' id='word_1_788' title='bbox 3199 4400 3256 4452; x_wconf 79' lang='grc' dir='ltr'>δὲ</span> <span class='ocrx_word' id='word_1_789' title='bbox 3288 4400 3366 4464; x_wconf 83' lang='grc' dir='ltr'><strong>ὡς</strong></span> <span class='ocrx_word' id='word_1_790' title='bbox 3389 4401 3620 4472; x_wconf 76' lang='grc' dir='ltr'>ἀριθμῷ</span> <span class='ocrx_word' id='word_1_791' title='bbox 3645 4420 3817 4457; x_wconf 75' lang='grc' dir='ltr'>κινου-</span> 
     </span>
    </p>
   </div>
   <div class='ocr_carea' id='block_1_99' title="bbox 2234 4484 3814 4564">
    <p class='ocr_par' dir='ltr' id='par_1_99' title="bbox 2234 4484 3814 4564">
     <span class='ocr_line' id='line_1_99' title="bbox 2234 4484 3814 4564; baseline 0.001 -20"><span class='ocrx_word' id='word_1_792' title='bbox 2234 4493 2392 4562; x_wconf 78' lang='grc' dir='ltr'>μὲνη,</span> <span class='ocrx_word' id='word_1_793' title='bbox 2443 4492 2501 4556; x_wconf 75' lang='grc' dir='ltr'><strong>ἐξ</strong></span> <span class='ocrx_word' id='word_1_794' title='bbox 2551 4487 2722 4562; x_wconf 77' lang='grc' dir='ltr'>οὗπερ</span> <span class='ocrx_word' id='word_1_795' title='bbox 2765 4491 2970 4562; x_wconf 73' lang='grc' dir='ltr'>ἧρξατό</span> <span class='ocrx_word' id='word_1_796' title='bbox 2995 4508 3054 4545; x_wconf 90' lang='grc' dir='ltr'><strong>τε</strong></span> <span class='ocrx_word' id='word_1_797' title='bbox 3103 4490 3200 4545; x_wconf 75' lang='grc' dir='ltr'><strong>καὶ</strong></span> <span class='ocrx_word' id='word_1_798' title='bbox 3237 4491 3328 4559; x_wconf 81' lang='grc' dir='ltr'><strong>ὑφ’</strong></span> <span class='ocrx_word' id='word_1_799' title='bbox 3370 4484 3431 4544; x_wconf 77' lang='grc' dir='ltr'><strong>οὗ</strong></span> <span class='ocrx_word' id='word_1_800' title='bbox 3471 4493 3814 4564; x_wconf 80' lang='grc' dir='ltr'>περιέχεται,</span> 
     </span>
    </p>
   </div>
   <div class='ocr_carea' id='block_1_100' title="bbox 2239 4577 3816 4655">
    <p class='ocr_par' dir='ltr' id='par_1_100' title="bbox 2239 4577 3816 4655">
     <span class='ocr_line' id='line_1_100' title="bbox 2239 4577 3816 4655; baseline 0.002 -20"><span class='ocrx_word' id='word_1_801' title='bbox 2239 4583 2471 4654; x_wconf 75' lang='grc' dir='ltr'>ἐπείπερ</span> <span class='ocrx_word' id='word_1_802' title='bbox 2503 4583 2564 4636; x_wconf 83' lang='grc' dir='ltr'>οὒ</span> <span class='ocrx_word' id='word_1_803' title='bbox 2588 4581 2748 4650; x_wconf 81' lang='grc' dir='ltr'>φύσει</span> <span class='ocrx_word' id='word_1_804' title='bbox 2769 4581 2830 4636; x_wconf 79' lang='grc' dir='ltr'><strong>τὸ</strong></span> <span class='ocrx_word' id='word_1_805' title='bbox 2859 4577 2999 4636; x_wconf 78' lang='grc' dir='ltr'>εῖναι</span> <span class='ocrx_word' id='word_1_806' title='bbox 3021 4583 3117 4636; x_wconf 72' lang='grc' dir='ltr'><strong>καὶ</strong></span> <span class='ocrx_word' id='word_1_807' title='bbox 3149 4584 3376 4654; x_wconf 79' lang='grc' dir='ltr'>ἄσχετον</span> <span class='ocrx_word' id='word_1_808' title='bbox 3396 4583 3532 4654; x_wconf 75' lang='grc' dir='ltr'>ἔχει.</span> <span class='ocrx_word' id='word_1_809' title='bbox 3574 4585 3816 4655; x_wconf 81' lang='grc' dir='ltr'>’Δριθμῷ</span> 
     </span>
    </p>
   </div>
   <div class='ocr_carea' id='block_1_101' title="bbox 2237 4670 3816 4744">
    <p class='ocr_par' dir='ltr' id='par_1_101' title="bbox 2237 4670 3816 4744">
     <span class='ocr_line' id='line_1_101' title="bbox 2237 4670 3816 4744; baseline 0.003 -20"><span class='ocrx_word' id='word_1_810' title='bbox 2237 4671 2346 4742; x_wconf 83' lang='grc' dir='ltr'>γάρ</span> <span class='ocrx_word' id='word_1_811' title='bbox 2379 4673 2530 4725; x_wconf 75' lang='grc' dir='ltr'>πᾶσα</span> <span class='ocrx_word' id='word_1_812' title='bbox 2571 4670 2703 4734; x_wconf 85' lang='grc' dir='ltr'>δυάς</span> <span class='ocrx_word' id='word_1_813' title='bbox 2752 4672 2847 4724; x_wconf 79' lang='grc' dir='ltr'><strong>καὶ</strong></span> <span class='ocrx_word' id='word_1_814' title='bbox 2898 4673 3050 4724; x_wconf 82' lang='grc' dir='ltr'>πᾶσα</span> <span class='ocrx_word' id='word_1_815' title='bbox 3102 4672 3269 4742; x_wconf 76' lang='grc' dir='ltr'>μονὰς</span> <span class='ocrx_word' id='word_1_816' title='bbox 3305 4673 3386 4736; x_wconf 76' lang='grc' dir='ltr'>εἰς</span> <span class='ocrx_word' id='word_1_817' title='bbox 3437 4674 3611 4744; x_wconf 81' lang='grc' dir='ltr'>μέρος</span> <span class='ocrx_word' id='word_1_818' title='bbox 3654 4675 3816 4743; x_wconf 80' lang='grc' dir='ltr'>αὐτῆς</span> 
     </span>
    </p>
   </div>
   <div class='ocr_carea' id='block_1_102' title="bbox 2240 4760 3815 4835">
    <p class='ocr_par' dir='ltr' id='par_1_102' title="bbox 2240 4760 3815 4835">
     <span class='ocr_line' id='line_1_102' title="bbox 2240 4760 3815 4835; baseline 0.003 -21"><span class='ocrx_word' id='word_1_819' title='bbox 2240 4761 2572 4816; x_wconf 80' lang='grc' dir='ltr'>συντελοῦσα</span> <span class='ocrx_word' id='word_1_820' title='bbox 2620 4760 2762 4816; x_wconf 78' lang='grc' dir='ltr'>εἶναι</span> <span class='ocrx_word' id='word_1_821' title='bbox 2812 4761 3150 4833; x_wconf 78' lang='grc' dir='ltr'>καθέστηκε,</span> <span class='ocrx_word' id='word_1_822' title='bbox 3204 4762 3327 4816; x_wconf 76' lang='grc' dir='ltr'>καθ’</span> <span class='ocrx_word' id='word_1_823' title='bbox 3373 4763 3434 4816; x_wconf 80' lang='grc' dir='ltr'>ὃν</span> <span class='ocrx_word' id='word_1_824' title='bbox 3467 4765 3723 4835; x_wconf 82' lang='grc' dir='ltr'>ἀλλήλων</span> <span class='ocrx_word' id='word_1_825' title='bbox 3765 4767 3815 4818; x_wconf 78' lang='grc' dir='ltr'><strong>αι</strong></span> 
     </span>
    </p>
   </div>
   <div class='ocr_carea' id='block_1_103' title="bbox 2238 4849 3812 4922">
    <p class='ocr_par' dir='ltr' id='par_1_103' title="bbox 2238 4849 3812 4922">
     <span class='ocr_line' id='line_1_103' title="bbox 2238 4849 3812 4922; baseline -0.001 -18"><span class='ocrx_word' id='word_1_826' title='bbox 2238 4853 2358 4904; x_wconf 81' lang='grc' dir='ltr'>κατ’</span> <span class='ocrx_word' id='word_1_827' title='bbox 2385 4851 2556 4921; x_wconf 81' lang='grc' dir='ltr'>αὐτὴν</span> <span class='ocrx_word' id='word_1_828' title='bbox 2601 4851 2851 4922; x_wconf 85' lang='grc' dir='ltr'>μονάδες,</span> <span class='ocrx_word' id='word_1_829' title='bbox 2893 4849 3254 4920; x_wconf 81' lang='grc' dir='ltr'>ἀφαιροῦνται</span> <span class='ocrx_word' id='word_1_830' title='bbox 3303 4851 3368 4903; x_wconf 82' lang='grc' dir='ltr'><strong>τδ</strong></span> <span class='ocrx_word' id='word_1_831' title='bbox 3407 4851 3812 4922; x_wconf 69' lang='grc' dir='ltr'>ἀπερίγραφον.</span> 
     </span>
    </p>
   </div>
   <div class='ocr_carea' id='block_1_104' title="bbox 2237 4940 3814 5014">
    <p class='ocr_par' dir='ltr' id='par_1_104' title="bbox 2237 4940 3814 5014">
     <span class='ocr_line' id='line_1_104' title="bbox 2237 4940 3814 5014; baseline 0 -17"><span class='ocrx_word' id='word_1_832' title='bbox 2237 4943 2428 5006; x_wconf 75' lang='grc' dir='ltr'>Οὐδεὶς</span> <span class='ocrx_word' id='word_1_833' title='bbox 2461 4943 2520 4997; x_wconf 79' lang='grc' dir='ltr'>δὲ</span> <span class='ocrx_word' id='word_1_834' title='bbox 2557 4943 2966 5014; x_wconf 83' lang='grc' dir='ltr'>μεμοιραμένος</span> <span class='ocrx_word' id='word_1_835' title='bbox 2990 4943 3087 4996; x_wconf 78' lang='grc' dir='ltr'><strong>καὶ</strong></span> <span class='ocrx_word' id='word_1_836' title='bbox 3102 4941 3349 4995; x_wconf 80' lang='grc' dir='ltr'>ὁπωσοῦν</span> <span class='ocrx_word' id='word_1_837' title='bbox 3373 4940 3470 4994; x_wconf 79' lang='grc' dir='ltr'>τοῦ</span> <span class='ocrx_word' id='word_1_838' title='bbox 3502 4942 3814 5011; x_wconf 75' lang='grc' dir='ltr'>λογίζεσθαι</span> 
     </span>
    </p>
   </div>
   <div class='ocr_carea' id='block_1_105' title="bbox 2237 5028 3814 5106">
    <p class='ocr_par' dir='ltr' id='par_1_105' title="bbox 2237 5028 3814 5106">
     <span class='ocr_line' id='line_1_105' title="bbox 2237 5028 3814 5106; baseline -0.001 -17"><span class='ocrx_word' id='word_1_839' title='bbox 2237 5036 2383 5090; x_wconf 80' lang='grc' dir='ltr'>εἴποι</span> <span class='ocrx_word' id='word_1_840' title='bbox 2402 5034 2470 5088; x_wconf 81' lang='grc' dir='ltr'>ἂν</span> <span class='ocrx_word' id='word_1_841' title='bbox 2507 5034 2737 5106; x_wconf 82' lang='grc' dir='ltr'>ἄπειρον</span> <span class='ocrx_word' id='word_1_842' title='bbox 2765 5029 2905 5091; x_wconf 81' lang='grc' dir='ltr'>εἶναι</span> <span class='ocrx_word' id='word_1_843' title='bbox 2937 5028 2983 5102; x_wconf 83' lang='grc' dir='ltr'>ᾧ</span> <span class='ocrx_word' id='word_1_844' title='bbox 3036 5033 3097 5099; x_wconf 78' lang='grc' dir='ltr'><strong>ἐξ</strong></span> <span class='ocrx_word' id='word_1_845' title='bbox 3127 5033 3300 5086; x_wconf 76' lang='grc' dir='ltr'>ἀϊδίου</span> <span class='ocrx_word' id='word_1_846' title='bbox 3331 5032 3731 5104; x_wconf 77' lang='grc' dir='ltr'>συνθεωρείταί</span> <span class='ocrx_word' id='word_1_847' title='bbox 3762 5049 3814 5088; x_wconf 79' lang='grc' dir='ltr'><strong>τι</strong></span> 
     </span>
    </p>
   </div>
   <div class='ocr_carea' id='block_1_106' title="bbox 2235 5121 3816 5198">
    <p class='ocr_par' dir='ltr' id='par_1_106' title="bbox 2235 5121 3816 5198">
     <span class='ocr_line' id='line_1_106' title="bbox 2235 5121 3816 5198; baseline -0.003 -19"><span class='ocrx_word' id='word_1_848' title='bbox 2235 5127 2270 5198; x_wconf 78' lang='grc' dir='ltr'>ἢ</span> <span class='ocrx_word' id='word_1_849' title='bbox 2333 5126 2820 5197; x_wconf 81' lang='grc' dir='ltr'>συνεπιθεωρεϊται</span> <span class='ocrx_word' id='word_1_850' title='bbox 2879 5124 3003 5177; x_wconf 83' lang='grc' dir='ltr'>κατ’</span> <span class='ocrx_word' id='word_1_851' title='bbox 3055 5123 3244 5177; x_wconf 83' lang='grc' dir='ltr'>οὐσίαν</span> <span class='ocrx_word' id='word_1_852' title='bbox 3303 5121 3590 5193; x_wconf 81' lang='grc' dir='ltr'>διάφορον,</span> <span class='ocrx_word' id='word_1_853' title='bbox 3665 5121 3816 5195; x_wconf 68' lang='grc' dir='ltr'>είδὼς</span> 
     </span>
    </p>
   </div>
   <div class='ocr_carea' id='block_1_107' title="bbox 2237 5212 3813 5283">
    <p class='ocr_par' dir='ltr' id='par_1_107' title="bbox 2237 5212 3813 5283">
     <span class='ocr_line' id='line_1_107' title="bbox 2237 5212 3813 5283; baseline -0.004 -12"><span class='ocrx_word' id='word_1_854' title='bbox 2237 5216 2614 5271; x_wconf 81' lang='grc' dir='ltr'>διαπεσεῖσθαι</span> <span class='ocrx_word' id='word_1_855' title='bbox 2675 5216 2891 5276; x_wconf 77' lang='grc' dir='ltr'>πάντως</span> <span class='ocrx_word' id='word_1_856' title='bbox 2933 5212 3084 5283; x_wconf 81' lang='grc' dir='ltr'>αὐτῷ</span> <span class='ocrx_word' id='word_1_857' title='bbox 3134 5212 3228 5265; x_wconf 84' lang='grc' dir='ltr'>τὸν</span> <span class='ocrx_word' id='word_1_858' title='bbox 3270 5212 3402 5283; x_wconf 71' lang='grc' dir='ltr'>περὶ</span> <span class='ocrx_word' id='word_1_859' title='bbox 3447 5213 3546 5266; x_wconf 78' lang='grc' dir='ltr'>τοῦ</span> <span class='ocrx_word' id='word_1_860' title='bbox 3585 5213 3813 5282; x_wconf 76' lang='grc' dir='ltr'>ἀπείρου</span> 
     </span>
    </p>
   </div>
   <div class='ocr_carea' id='block_1_108' title="bbox 2236 5304 3815 5378">
    <p class='ocr_par' dir='ltr' id='par_1_108' title="bbox 2236 5304 3815 5378">
     <span class='ocr_line' id='line_1_108' title="bbox 2236 5304 3815 5378; baseline -0.005 -14"><span class='ocrx_word' id='word_1_861' title='bbox 2236 5310 2396 5378; x_wconf 87' lang='grc' dir='ltr'>λόγον</span> <span class='ocrx_word' id='word_1_862' title='bbox 2426 5307 2570 5363; x_wconf 81' lang='grc' dir='ltr'>οὓτω</span> <span class='ocrx_word' id='word_1_863' title='bbox 2605 5306 2906 5378; x_wconf 77' lang='grc' dir='ltr'>φρονοῦντι.</span> <span class='ocrx_word' id='word_1_864' title='bbox 2944 5305 3017 5359; x_wconf 84' lang='grc' dir='ltr'><strong>Τὸ</strong></span> <span class='ocrx_word' id='word_1_865' title='bbox 3043 5304 3154 5376; x_wconf 84' lang='grc' dir='ltr'><strong>γὰρ</strong></span> <span class='ocrx_word' id='word_1_866' title='bbox 3191 5305 3423 5375; x_wconf 75' lang='grc' dir='ltr'>ἄπειρον</span> <span class='ocrx_word' id='word_1_867' title='bbox 3453 5304 3604 5357; x_wconf 77' lang='grc' dir='ltr'>κατὰ</span> <span class='ocrx_word' id='word_1_868' title='bbox 3637 5305 3815 5358; x_wconf 80' lang='grc' dir='ltr'>πάντα</span> 
     </span>
    </p>
   </div>
   <div class='ocr_carea' id='block_1_109' title="bbox 2237 5396 3809 5470">
    <p class='ocr_par' dir='ltr' id='par_1_109' title="bbox 2237 5396 3809 5470">
     <span class='ocr_line' id='line_1_109' title="bbox 2237 5396 3809 5470; baseline -0.005 -14"><span class='ocrx_word' id='word_1_869' title='bbox 2237 5404 2335 5456; x_wconf 67' lang='grc' dir='ltr'><strong>καὶ</strong></span> <span class='ocrx_word' id='word_1_870' title='bbox 2387 5402 2544 5470; x_wconf 83' lang='grc' dir='ltr'>λόγον</span> <span class='ocrx_word' id='word_1_871' title='bbox 2591 5401 2688 5454; x_wconf 74' lang='grc' dir='ltr'><strong>καὶ</strong></span> <span class='ocrx_word' id='word_1_872' title='bbox 2729 5399 2928 5470; x_wconf 84' lang='grc' dir='ltr'>τρόπον</span> <span class='ocrx_word' id='word_1_873' title='bbox 2964 5399 3113 5451; x_wconf 69' lang='grc' dir='ltr'>ἐστὶν</span> <span class='ocrx_word' id='word_1_874' title='bbox 3154 5397 3407 5467; x_wconf 77' lang='grc' dir='ltr'>ἄπειρον,</span> <span class='ocrx_word' id='word_1_875' title='bbox 3453 5397 3580 5448; x_wconf 75' lang='grc' dir='ltr'>κατ’</span> <span class='ocrx_word' id='word_1_876' title='bbox 3603 5396 3809 5459; x_wconf 76' lang='grc' dir='ltr'>οὐσίαν,</span> 
     </span>
    </p>
   </div>
   <div class='ocr_carea' id='block_1_110' title="bbox 2237 5486 3808 5562">
    <p class='ocr_par' dir='ltr' id='par_1_110' title="bbox 2237 5486 3808 5562">
     <span class='ocr_line' id='line_1_110' title="bbox 2237 5486 3808 5562; baseline -0.006 -14"><span class='ocrx_word' id='word_1_877' title='bbox 2237 5493 2380 5548; x_wconf 82' lang='grc' dir='ltr'>κατὰ</span> <span class='ocrx_word' id='word_1_878' title='bbox 2405 5491 2655 5562; x_wconf 82' lang='grc' dir='ltr'>δύναμιν,</span> <span class='ocrx_word' id='word_1_879' title='bbox 2687 5492 2810 5545; x_wconf 80' lang='grc' dir='ltr'>κατ’</span> <span class='ocrx_word' id='word_1_880' title='bbox 2831 5489 3131 5561; x_wconf 76' lang='grc' dir='ltr'>ἐνέργειαν,</span> <span class='ocrx_word' id='word_1_881' title='bbox 3155 5489 3276 5542; x_wconf 83' lang='grc' dir='ltr'>κατ’</span> <span class='ocrx_word' id='word_1_882' title='bbox 3297 5487 3468 5557; x_wconf 69' lang='grc' dir='ltr'>ἄμφω</span> <span class='ocrx_word' id='word_1_883' title='bbox 3492 5486 3564 5540; x_wconf 77' lang='grc' dir='ltr'><strong>τά</strong></span> <span class='ocrx_word' id='word_1_884' title='bbox 3584 5486 3808 5556; x_wconf 73' lang='grc' dir='ltr'>πέρατα,</span> 
     </span>
    </p>
   </div>
   <div class='ocr_carea' id='block_1_111' title="bbox 2236 5577 3808 5653">
    <p class='ocr_par' dir='ltr' id='par_1_111' title="bbox 2236 5577 3808 5653">
     <span class='ocr_line' id='line_1_111' title="bbox 2236 5577 3808 5653; baseline -0.009 -13"><span class='ocrx_word' id='word_1_885' title='bbox 2236 5587 2298 5640; x_wconf 76' lang='grc' dir='ltr'><strong>τὸ</strong></span> <span class='ocrx_word' id='word_1_886' title='bbox 2328 5587 2440 5641; x_wconf 84' lang='grc' dir='ltr'><strong>άνω</strong></span> <span class='ocrx_word' id='word_1_887' title='bbox 2469 5602 2532 5638; x_wconf 88' lang='grc' dir='ltr'><strong>τε</strong></span> <span class='ocrx_word' id='word_1_888' title='bbox 2566 5585 2710 5653; x_wconf 82' lang='grc' dir='ltr'>λέγω</span> <span class='ocrx_word' id='word_1_889' title='bbox 2748 5584 2842 5636; x_wconf 73' lang='grc' dir='ltr'>καὶ</span> <span class='ocrx_word' id='word_1_890' title='bbox 2891 5581 2952 5635; x_wconf 81' lang='grc' dir='ltr'>τὸ</span> <span class='ocrx_word' id='word_1_891' title='bbox 2998 5580 3169 5645; x_wconf 81' lang='grc' dir='ltr'>κάτω,</span> <span class='ocrx_word' id='word_1_892' title='bbox 3226 5578 3477 5634; x_wconf 74' lang='grc' dir='ltr'>τουτέστι</span> <span class='ocrx_word' id='word_1_893' title='bbox 3522 5577 3669 5630; x_wconf 74' lang='grc' dir='ltr'>κατὰ</span> <span class='ocrx_word' id='word_1_894' title='bbox 3716 5577 3808 5644; x_wconf 81' lang='grc' dir='ltr'>τὴν</span> 
     </span>
    </p>
   </div>
   <div class='ocr_carea' id='block_1_112' title="bbox 2238 5667 3802 5751">
    <p class='ocr_par' dir='ltr' id='par_1_112' title="bbox 2238 5667 3802 5751">
     <span class='ocr_line' id='line_1_112' title="bbox 2238 5667 3802 5751; baseline -0.011 -16"><span class='ocrx_word' id='word_1_895' title='bbox 2238 5679 2414 5751; x_wconf 83' lang='grc' dir='ltr'>ἀρχὴν</span> <span class='ocrx_word' id='word_1_896' title='bbox 2433 5677 2526 5730; x_wconf 72' lang='grc' dir='ltr'><strong>καὶ</strong></span> <span class='ocrx_word' id='word_1_897' title='bbox 2551 5675 2613 5728; x_wconf 76' lang='grc' dir='ltr'>τὸ</span> <span class='ocrx_word' id='word_1_898' title='bbox 2629 5675 2800 5739; x_wconf 77' lang='grc' dir='ltr'><strong>τέλος.</strong></span> <span class='ocrx_word' id='word_1_899' title='bbox 2840 5672 3151 5743; x_wconf 78' lang='grc' dir='ltr'>’Λχώρητον</span> <span class='ocrx_word' id='word_1_900' title='bbox 3173 5670 3283 5740; x_wconf 82' lang='grc' dir='ltr'><strong>γὰρ</strong></span> <span class='ocrx_word' id='word_1_901' title='bbox 3312 5670 3456 5722; x_wconf 81' lang='grc' dir='ltr'>κατὰ</span> <span class='ocrx_word' id='word_1_902' title='bbox 3485 5670 3586 5739; x_wconf 77' lang='grc' dir='ltr'>τὴν</span> <span class='ocrx_word' id='word_1_903' title='bbox 3605 5667 3802 5728; x_wconf 70' lang='grc' dir='ltr'>οὖσίαν,</span> 
     </span>
    </p>
   </div>
   <div class='ocr_carea' id='block_1_113' title="bbox 2241 5756 3801 5839">
    <p class='ocr_par' dir='ltr' id='par_1_113' title="bbox 2241 5756 3801 5839">
     <span class='ocr_line' id='line_1_113' title="bbox 2241 5756 3801 5839; baseline -0.01 -14"><span class='ocrx_word' id='word_1_904' title='bbox 2241 5769 2333 5825; x_wconf 76' lang='grc' dir='ltr'><strong>καὶ</strong></span> <span class='ocrx_word' id='word_1_905' title='bbox 2359 5768 2715 5839; x_wconf 78' lang='grc' dir='ltr'>άπερινὸητον</span> <span class='ocrx_word' id='word_1_906' title='bbox 2758 5765 2898 5820; x_wconf 80' lang='grc' dir='ltr'>κατὰ</span> <span class='ocrx_word' id='word_1_907' title='bbox 2943 5763 3039 5835; x_wconf 80' lang='grc' dir='ltr'>τὴν</span> <span class='ocrx_word' id='word_1_908' title='bbox 3085 5762 3336 5832; x_wconf 79' lang='grc' dir='ltr'>δύναμιν,</span> <span class='ocrx_word' id='word_1_909' title='bbox 3393 5761 3487 5814; x_wconf 70' lang='grc' dir='ltr'><strong>καὶ</strong></span> <span class='ocrx_word' id='word_1_910' title='bbox 3524 5758 3668 5814; x_wconf 77' lang='grc' dir='ltr'>κατὰ</span> <span class='ocrx_word' id='word_1_911' title='bbox 3715 5756 3801 5827; x_wconf 73' lang='grc' dir='ltr'>τὴν</span> 
     </span>
    </p>
   </div>
  </div>
