4026 6288
224 406 359 475 1185

1460 396 1978 459 AMBIGUORUM
2022 398 2272 457 LIBER.

3338 391 3476 459 1-186

220 523 506 590 ἐνέργειαν
550 514 950 589 ἀπερίγραφον,
1007 514 1102 567 καὶ
1151 508 1386 583 ἄναρχον
1431 510 1658 571 ἄνωθεν,
1702 507 1797 561 καὶ

1912 507 2143 562 :undum
2173 522 2392 563 omnem
2425 518 2535 564 tam
2579 511 2849 566 rationem
2901 526 3066 581 quam
3103 508 3329 565 modum
3384 510 3472 565 iu-

218 612 586 679 ἁτελεύτητον
631 605 876 661 κάτωθέν
905 606 1023 657 ἐστι
1065 602 1128 655 τὸ
1162 602 1413 668 ἄπειρον,
1454 602 1561 654 ,καὶ
1604 597 1794 660 ἁπλῶς

219 704 403 758 εἰπεῖν
426 699 811 770 ἀληθέστερον,
859 695 1003 749 κατὰ
1031 694 1208 748 πάντα
1237 693 1509 763 ἀόριστον,
1540 691 1615 753 ὼς
1644 689 1798 743 οὐδε-

220 795 309 858 νδς
335 794 400 847 τὺ
428 791 693 861 παράπαν
718 788 843 842 καθ’
874 789 973 841 ἕνα
1014 786 1124 840 τῶν
1162 782 1639 856 ἀπηριθμημένων
1668 782 1796 851 τρό-

222 904 342 941 πων
368 884 551 955 (17],
572 881 645 953 b.)
666 878 1125 951 συνεπινοηθῆναι
1147 876 1295 947 αὑτῷ
1311 875 1639 946 δυναμένου.
1660 872 1799 927 Καθ’

218 978 282 1033 ὃν
299 976 413 1048 γάρ
437 975 503 1029 ἂν
535 976 788 1044 εἴποιμεν
816 973 973 1040 λόγον
997 970 1247 1042 ἢτρόπον
1274 966 1597 1022 δύνασθαίτι
1616 965 1803 1036 ἕτερον

219 1069 373 1138 αὐτῷ
399 1064 518 1121 κατ’
551 1065 737 1118 οὐσίαν
774 1065 1031 1134 διάφορον
1062 1058 1529 1131 παραϐάλλεσθαι,
1559 1057 1651 1110 τὸν
1679 1057 1800 1109 ὅλον

219 1157 321 1226 τῆς
354 1154 485 1223 ὅλης
513 1152 770 1221 ἀπειρίας
808 1150 958 1221 αὺτῷ
989 1148 1471 1219 συναφαιρούμεθα
1512 1147 1691 1215 λόγον.
1736 1146 1799 1200 Et

219 1246 277 1301 δὲ
302 1246 533 1319 ἀπειρόν
561 1262 617 1297 τι
641 1240 780 1297 εἶναι
820 1244 881 1296 οὺ
907 1242 1131 1296 δύναται
1158 1235 1204 1309 ᾧ
1231 1240 1290 1306 ἐξ
1319 1240 1490 1294 ἀϊδίου
1522 1238 1801 1309 συνυπάρ-

218 1356 305 1411 χει
358 1337 546 1408 ἓτερόν
590 1354 658 1413 τι,
688 1335 809 1389 κατ’
851 1334 1043 1389 οὐσίαν
1099 1333 1376 1404 διάφορον,
1403 1330 1628 1401 ἄπειρον
1662 1326 1801 1384 εἶναι

217 1427 477 1498 οὐδαμῶς
507 1426 780 1495 ἐνδέχεται
811 1424 1001 1479 δυάδα.
1034 1424 1101 1478 Δί
1134 1424 1243 1494 γάρ
1277 1422 1396 1477 κατ’
1430 1421 1603 1493 αὐτὴν
1635 1420 1803 1492 μονά-

215 1520 309 1583 δες
348 1518 608 1589 ἀλλήλαις
638 1518 783 1572 κατά
814 1515 1118 1588 παράθεσιν
1154 1516 1595 1585 συνυπάρχουσαι
1638 1498 1804 1586 ἀλλή-

216 1605 322 1670 λας
362 1604 665 1677 ὁρίζουσιν,
692 1605 985 1678 οὐδετέρας
1019 1606 1118 1677 τὴν
1144 1605 1339 1676 ἑτέραν
1372 1605 1643 1677 ἀορίστως
1672 1606 1803 1676 όρᾶο

217 1696 349 1750 σθαι
385 1695 798 1767 συγχωρούσης,
818 1696 1255 1767 παρακειμένην,
1276 1695 1390 1749 ἀλλ’
1408 1696 1506 1766 οὐχ
1536 1694 1802 1765 ὑπερϐαί-

214 1806 423 1843 νουσαν
443 1788 693 1860 ἐχούσης,
712 1788 916 1843 καὶτὸν
932 1789 1033 1856 τῆς
1050 1789 1305 1860 ἀπειρίας
1319 1788 1543 1851 εἰκότως
1560 1787 1801 1858 ἀλλήλων

1899 600 2118 654 ﬁnitum
2168 608 2273 664 est,
2308 600 2613 658 secundum
2657 601 2980 662 essentiam,
3028 599 3335 655 secundum
3371 614 3475 669 po-

1899 698 2177 755 testatem,
2198 692 2504 747 secundum
2522 692 2822 758 actionem,
2853 691 3158 749 secundum
3178 700 3477 760 utrumque

1899 783 2224 849 terminum,
2280 786 2664 856 superiorem,
2718 786 2966 855 inquam,
3021 792 3080 839 et
3134 783 3474 846 inferiorem,

1898 874 2006 930 hoc
2036 885 2122 931 est
2150 877 2456 932 secundum
2487 877 2708 932 initium
2729 886 2787 933 et
2813 877 3003 932 ﬁnem.
3031 873 3476 945 lmperceptibile

1899 972 2050 1026 enim
2081 971 2388 1027 secundum
2444 972 2743 1027 essentiam
2779 978 2836 1027 et
2886 969 3219 1041 cogitatione
3250 968 3478 1022 imeom-

1901 1063 2279 1132 prehensihile
2329 1062 2634 1118 secundum
2678 1069 3010 1132 potestatem
3058 1068 3116 1115 et
3172 1056 3477 1113 secundum

1900 1152 2174 1206 actionem
2202 1152 2771 1222 incircumscriptum,
2825 1160 2882 1206 et
2911 1150 3032 1205 sine
3088 1147 3362 1219 principio
3385 1160 3480 1201 su-

1900 1258 2021 1313 pra,
2076 1252 2132 1298 et
2165 1244 2285 1299 sine
2316 1243 2425 1298 ﬁne
2474 1243 2617 1298 intra
2672 1250 2759 1298 est
2818 1241 3098 1296 inﬁnitum
3133 1240 3291 1303 illud,
3329 1245 3387 1293 et
3419 1245 3482 1293 ut

1901 1332 2228 1402 simpliciter
2256 1334 2447 1388 verius
2477 1333 2678 1397 dicam,
2714 1349 2783 1388 ex
2806 1332 3066 1387 omnibus
3095 1330 3349 1400 partibus
3392 1328 3481 1383 in-

1903 1421 2279 1487 terminatam,
2312 1438 2439 1478 eum
2472 1422 2611 1477 nihil
2666 1422 2895 1477 omnino
2952 1419 3256 1475 secundum
3309 1433 3482 1473 unum

1900 1530 2095 1591 eorum
2127 1531 2268 1585 quos
2306 1514 2561 1570 reeensui
2588 1514 2878 1569 modorum
2908 1528 3018 1567 una
3049 1528 3174 1568 eum
3233 1525 3301 1566 eo
3331 1510 3482 1581 cogi-

1905 1608 2012 1664 tari
2042 1608 2235 1678 possit.
2264 1608 2602 1677 Quacunque
2636 1608 2785 1662 enim
2818 1606 3031 1660 ratione
3059 1606 3145 1659 vel
3184 1603 3348 1659 modo
3403 1603 3485 1659 al-

1906 1709 2085 1756 terum
2142 1699 2275 1769 quid
2330 1699 2571 1754 essentia
2625 1715 2725 1753 sua
2779 1698 3061 1754 diversum
3108 1696 3161 1751 ei
3218 1693 3481 1766 applicari

1904 1806 2065 1862 posse
2122 1793 2503 1856 statuerimus,
2560 1800 2673 1846 tota
2705 1790 2875 1845 totius
2931 1789 3224 1844 inﬁnitatis
3270 1786 3483 1840 ratione

216 1880 683 1949 συναφαιροῦνται
722 1880 902 1950 λόγον.
922 1882 984 1934 Ei
1024 1880 1082 1934 δὲ
1125 1881 1375 1951 ἄπειρον,
1415 1880 1491 1945 ὡς
1506 1880 1794 1945 δέδεικται,

1912 1885 2092 1955 ipsum
2128 1885 2489 1955 privabimus.
2519 1883 2676 1952 Quod
2706 1883 2750 1939 si
2788 1880 3067 1937 inﬁnitum
3097 1877 3307 1948 aliquid
3363 1890 3487 1932 esse

218 1970 298 2042 μὴ
318 1971 595 2042 ἐνδέχεται
614 1969 757 2025 εἶναι
771 1972 959 2037 δυάδα,
977 1971 1099 2027 οὔτε
1116 1972 1349 2043 ἄναρχον
1379 1971 1643 2042 δηλονότι,
1657 1973 1801 2043 ἀρχὴ

214 2063 332 2133 γάρ
365 2063 546 2135 πάσης
572 2063 761 2127 δυάδος
805 2064 972 2134 μονάς
1003 2081 1017 2096 ·
1075 2067 1123 2118 εἰ
1171 2065 1229 2118 δὲ
1276 2068 1351 2136 μὴ
1382 2064 1617 2135 ἄναρχον
1682 2063 1802 2117 οὐδὲ

214 2152 506 2225 ἀκίνητον,
550 2154 788 2206 κινεῖται
834 2153 943 2223 γὰρ
970 2151 1046 2223 τῷ
1069 2151 1289 2224 ἀριθμῷ
1320 2154 1385 2205 ὲκ
1415 2151 1655 2221 μονάδων
1685 2148 1801 2203 κατ’

214 2245 439 2307 ἕνωσιν,
462 2245 556 2297 καὶ
578 2244 659 2307 είς
685 2242 826 2296 αὐτὰ
854 2242 994 2295 κατά
1029 2243 1297 2312 διαίρεσιν
1330 2240 1389 2295 τὸ
1423 2237 1562 2295 εἶναι
1586 2238 1802 2309 λαμϐά-

214 2351 392 2388 νουσα
426 2351 440 2363 ·
465 2336 515 2387 εἰ
541 2333 598 2387 δὲ
625 2333 701 2404 μὴ
726 2332 1004 2402 ἀκίνητον,
1052 2332 1173 2385 οὐδὲ
1216 2332 1377 2387 ἄλλου
1428 2331 1574 2394 τινὸς
1625 2328 1803 2403 ἀρχὴν

216 2422 385 2479 εἶναι.
411 2424 485 2476 Τὸ
516 2422 623 2495 γάρ
659 2423 977 2493 κινούμενον
1010 2423 1111 2477 οὐκ
1147 2424 1312 2494 ἀρχὴ,
1349 2422 1467 2476 ἀλλ’
1501 2421 1561 2490 ἐξ
1603 2421 1800 2491 ἀρχῆς,

214 2515 423 2586 δηλαδὴ
452 2514 548 2569 τοῦ
583 2514 877 2578 κινοῦντος.
912 2513 1098 2578 Μονὰς
1124 2514 1181 2568 δὲ
1214 2514 1353 2585 μόνη
1376 2513 1581 2585 κυρίως
1607 2514 1799 2582 ἀκίνη-

214 2624 336 2672 τος,
368 2608 452 2661 ὅτι
484 2607 622 2677 μήτε
648 2605 877 2677 ἀριθμός
900 2607 1043 2673 ἐστι,
1076 2606 1215 2677 μήτε
1248 2603 1552 2675 ἀριθμητὸν
1585 2604 1617 2674 ἢ
1644 2602 1801 2674 ἀριθ-

218 2699 500 2772 μούμενον
561 2697 706 2768 (οὔτε
734 2700 844 2769 γὰρ
879 2698 1044 2770 μέρος
1071 2697 1104 2768 ἢ
1134 2696 1256 2751 ὅλον
1298 2695 1332 2765 ἢ
1376 2695 1558 2766 σχέσις
1588 2694 1735 2746 ἐστὶν
1768 2692 1802 2762 ἡ

219 2790 443 2860 μονάς),
474 2788 569 2846 καὶ
602 2789 807 2861 κυρίως
835 2790 1070 2860 ἄναρχος
1100 2789 1142 2854 ⁸,
1168 2788 1252 2840 ὅτι
1277 2786 1575 2859 μηδέτερον
1605 2782 1804 2852 ἑαυτῆς

215 2881 342 2954 εχει
394 2879 788 2952 πρεσϐύτερον,
819 2878 878 2943 ἐξ
914 2873 975 2932 οὗ
1003 2876 1299 2947 κινουμένη
1329 2875 1545 2946 δέχεται
1574 2872 1635 2926 τὸ
1664 2867 1804 2924 εἶναι

219 2971 422 3043 μονὰς,
445 2971 541 3024 καὶ
565 2970 791 3043 ἄπειρον
818 2970 1046 3039 κυρίως,
1077 2969 1158 3021 ὅτι
1189 2964 1352 3038 μηδὲν
1382 2965 1495 3035 ἔχει
1528 2964 1804 3034 συνυπάρ-

217 3079 322 3135 χον
369 3062 411 3133 ἧ
436 3061 960 3133 συναριθμούμενον,
989 3060 1084 3113 καὶ
1121 3058 1267 3131 ἀρχὴ
1295 3056 1523 3129 κυρίως,
1554 3058 1635 3109 ὅτι
1668 3072 1809 3131 παν--

216 3152 439 3217 cogitat
467 3153 706 3224 ἀριθμοῦ
735 3152 832 3206 καλ⁵
886 3151 1295 3223 ἀριθμουμένου
1349 3150 1442 3204 καὶ
1498 3144 1804 3220 ἀριθμητοῦ

217 3248 380 3301 αἰτία
448 3217 739 3317 τυγχάνει,
791 3246 866 3310 ὡς
929 3217 1392 3316 πάσης-σχέσεως
1455 3217 1552 3297 καί
1605 3217 1809 3305 παντὸς
1838 3217 1885 3277 C

221 3339 434 3410 μέρους
458 3339 549 3393 καὶ
573 3338 696 3392 ὅλου
719 3339 888 3411 ὲξῃρη
898 3339 1054 3410 μένη,
1082 3340 1177 3392 καὶ
1207 3337 1410 3408 κυρίως
1441 3335 1535 3388 καὶ
1560 3333 1799 3405 ἀληθῶς,

217 3431 417 3503 (172
446 3432 500 3501 α)
541 3430 774 3501 πρώτως
800 3430 820 3461 ⁶
858 3446 919 3483 τε
963 3430 1057 3483 καὶ
1088 3428 1264 3498 μόνως
1294 3427 1391 3481 καὶ
1430 3426 1635 3490 ἁπλῶς,
1684 3424 1803 3478 ἀλλ’

217 3516 436 3587 οὔπως,
470 3520 665 3593 πρώτη
696 3539 756 3575 τε
804 3521 973 3592 μονὰς
1011 3521 1332 3592 ὑπάρχουσα
1371 3520 1465 3572 καὶ
1510 3519 1667 3589 μόνη.
1702 3518 1812 3572 Καὶ

217 3613 391 3670 τοῦτο
437 3613 690 3683 λέγοντες
729 3615 831 3668 οὐκ
869 3614 1037 3685 αὐτὴν
1064 3613 1140 3677 ὡς
1177 3612 1294 3666 ἔστι
1332 3610 1672 3682 σημαίνομεν
1715 3609 1811 3681 τὴν

222 3708 777 3781 μακαρίανιθεότητα,
802 3709 1047 3780 ἀπείρως
1063 3695 1207 3762 κᾶτά
1228 3707 1401 3761 πάντα
1425 3706 1521 3760 καὶ
1539 3705 1697 3774 λόγον
1720 3705 1813 3759 καὶ

218 3798 433 3868 τρόπον
460 3797 554 3851 καὶ
575 3796 650 3867 νῷ
680 3798 773 3850 καὶ
806 3797 949 3868 λόγῳ
986 3797 1151 3851 παντὶ
1179 3797 1277 3851 καὶ
1317 3797 1542 3867 ὀνόματι
1583 3797 1814 3866 ἀπρόσι-

219 3905 323 3943 τον
357 3887 524 3943 οὖσαν
554 3888 835 3952 παντελῶς
867 3890 965 3943 καὶ
1006 3889 1485 3958 ἀπροσπέλαστον,
1527 3888 1642 3942 ἀλλ’
1686 3890 1815 3943 ἑαυ-

221 3982 343 4042 τοῖς
369 3979 495 4049 ὅρον
528 3978 630 4048 τῆς
653 3980 734 4043 εἰς
763 3979 935 4051 αὐτὴν
964 3980 1204 4043 πίστεως
1231 3978 1549 4051 παρέχομεν
1582 3979 1814 4049 βάσιμον

227 4073 331 4127 καὶ
365 4072 496 4142 ἡμῖν
525 4073 746 4142 ἐφικτόν
777 4070 837 4127 τε
867 4073 963 4127 καὶ
982 4073 1316 4144 πρόσφορον.
1352 4072 1428 4127 Οὐ
1460 4071 1571 4143 γὰρ
1598 4070 1676 4133 ὠς
1708 4089 1814 4125 πα-

228 4161 564 4232 ραστατικὸν
592 4161 807 4225 πάντως
832 4161 1013 4226 τοῦτο,
1036 4161 1182 4232 φημὶ
1226 4162 1285 4214 δὲ
1331 4160 1392 4213 τὸ
1437 4162 1538 4230 τῆς
1590 4160 1816 4230 μονάδος

224 4252 428 4322 ὄνομα,
461 4251 563 4322 τῆς
594 4250 744 4317 θείας
774 4253 867 4306 καὶ
904 4252 1175 4323 μακαρίας
1199 4251 1436 4316 οὐσίαςό
1461 4250 1602 4315 θεῖος
1631 4251 1816 4320 διαγο-

232 4344 390 4414 ρεύει
421 4343 600 4413 λόγος,
636 4345 750 4398 ἀλλ’
783 4345 858 4409 ὡς
885 4345 1217 4399 ἐνδεικτικὸν
1246 4345 1345 4415 τῆς
1388 4343 1687 4408 παντελοῦς
1718 4343 1815 4397 αὖ·

227 4435 337 4506 τῆς
369 4436 673 4509 ἁπλότητος
702 4437 803 4507 τῆς
852 4437 1112 4491 ἐπέκεινα
1166 4436 1350 4507 πάσης
1407 4436 1704 4506 ποσότητός
1756 4453 1815 4488 τε

1908 1994 2020 2033 non
2050 1987 2231 2049 potest
2259 1993 2384 2033 cum
2413 1993 2526 2047 quo
2564 1993 2630 2031 ex
2654 1986 2862 2031 aeterno
2887 1972 3124 2027 alterum
3151 1969 3282 2040 quid
3320 1969 3486 2024 simul

1908 2079 2092 2127 exstet
2148 2071 2396 2126 essentia
2431 2069 2735 2131 diversum,
2780 2065 3065 2121 binitatem
3120 2078 3241 2117 esse
3300 2061 3489 2116 inlini-

1911 2173 2019 2217 tam
2056 2162 2486 2232 haudquaquam
2513 2162 2679 2230 capit.
2708 2158 2878 2230 Cujus
2924 2156 3190 2210 monades
3237 2153 3473 2207 invicem

1908 2254 2015 2310 sibi
2069 2253 2339 2323 appositae
2384 2267 2510 2307 cum
2567 2251 2731 2305 simul
2776 2254 3014 2310 exstent,
3071 2244 3308 2298 invicem
3367 2256 3489 2297 sese

1909 2343 2309 2407 determinant,
2350 2351 2406 2398 et
2439 2343 2609 2397 altera
2641 2342 2869 2395 alteram
2901 2336 3254 2392 interminatc
3307 2334 3488 2388 videri

1908 2436 2185 2506 prohibet,
2217 2434 2527 2505 appositam
2584 2430 2808 2502 quidem
2860 2427 2989 2493 sibi,
3039 2426 3137 2480 sed
3187 2439 3297 2477 non
3327 2437 3491 2493 supev

1908 2538 2121 2584 rantem
2150 2529 2382 2594 habens,
2413 2525 2663 2595 adeoque
2692 2520 2957 2578 videlicet
3014 2516 3309 2573 inﬁnitatis
3365 2530 3489 2571 sese

1910 2622 2147 2676 invicem
2178 2620 2390 2675 ratione
2420 2618 2683 2687 spoliant.
2706 2614 2826 2670 Jam
2856 2613 2924 2678 si,
2972 2621 3033 2666 ut
3087 2608 3491 2673 demonstravi,

1910 2712 2180 2766 inﬁnitam
2210 2725 2333 2766 esse
2357 2709 2647 2765 binitatem
2678 2705 2824 2761 haud
2855 2705 3021 2775 capit,
3061 2720 3166 2759 nec
3209 2703 3368 2758 initio
3396 2718 3492 2758 ca-

1911 2818 2035 2858 rere
2072 2803 2241 2873 capit,
2265 2818 2389 2856 cum
2420 2800 2639 2854 initium
2670 2799 2852 2853 omnis
2880 2797 3133 2853 binitatis
3162 2796 3234 2851 sit
3262 2810 3488 2859 monas;

1912 2895 1959 2949 si
1989 2911 2123 2950 vero
2156 2894 2317 2949 initio
2363 2908 2475 2947 non
2526 2898 2701 2956 caret,
2757 2904 2861 2944 nec
2885 2889 3131 2943 motione
3162 2896 3335 2951 caret,
3365 2902 3491 2940 cum

1912 3002 2147 3042 numero
2178 2993 2468 3041 moveatur
2490 2997 2558 3037 ex
2582 2981 2912 3036 monadibus
2938 2994 3035 3049 per
3068 2977 3490 3039 adunationem,

1910 3088 1970 3135 et
2014 3079 2071 3133 in
2120 3094 2214 3134 eas
2265 3078 2573 3135 secundum
2631 3074 3060 3147 disjunctionem
3111 3069 3492 3126 exsistentiatn

1915 3171 2269 3237 transducat;
2328 3171 2374 3226 si
2408 3185 2542 3226 vero
2584 3184 2694 3223 non
2726 3166 2970 3222 motione
3002 3172 3174 3227 caret,
3226 3174 3330 3216 nec
3357 3161 3496 3215 alte-

1917 3265 2039 3318 rius
2066 3264 2300 3334 alicujus
2324 3262 2556 3318 initium
2576 3274 2699 3317 esse
2730 3268 2933 3330 potest.
2989 3255 3144 3323 Quod
3176 3254 3325 3309 enim
3375 3269 3496 3309 mo-

1916 3366 2081 3413 vetur
2109 3357 2330 3412 initium
2351 3371 2462 3411 non
2490 3364 2594 3419 est,
2619 3355 2718 3409 sed
2748 3369 2817 3408 ex
2840 3351 3023 3413 initio,
3057 3347 3320 3403 videlicet
3375 3347 3498 3416 ejus

1920 3448 2069 3520 quod
2100 3456 2307 3503 movet.
2339 3448 2526 3503 Monas
2555 3454 2738 3500 autem
2770 3445 2886 3498 sola
2926 3438 3229 3495 immobilis
3253 3444 3338 3492 est
3370 3451 3499 3505 pro-

1919 3542 2060 3612 prie,
2081 3542 2209 3611 quia
2239 3556 2417 3611 neque
2448 3554 2715 3609 numerus
2742 3546 2828 3592 est
2850 3576 2866 3599 ,
2898 3548 3080 3602 neque
3108 3527 3496 3590 numerabilis,

1920 3644 2102 3702 neque
2157 3640 2445 3686 numerata
2499 3632 2702 3702 (neque
2732 3626 2878 3683 enim
2910 3638 3037 3695 pars
3066 3631 3160 3676 aut
3194 3628 3370 3674 totum
3401 3627 3499 3673 aut

1922 3724 2119 3780 relatio
2146 3735 2234 3780 est
2272 3723 2510 3794 monas),
2571 3732 2625 3778 et
2655 3719 2878 3791 preprie
2924 3716 3085 3771 initio
3123 3727 3336 3777 carens,
3369 3712 3499 3782 quia

1920 3816 2161 3869 alterum
2217 3830 2275 3869 se
2304 3814 2590 3883 antiquius
2638 3827 2749 3865 non
2777 3808 2965 3871 habet,
2990 3804 3137 3860 unde
3162 3818 3355 3859 monas
3377 3816 3500 3859 esse

1924 3906 2180 3976 accipiat,
2213 3914 2270 3959 et
2294 3905 2506 3960 inﬁnita
2536 3902 2783 3973 proprie,
2815 3898 2955 3953 nihil
2983 3897 3196 3951 habens
3223 3892 3372 3964 quod
3413 3907 3503 3947 sc-
3596 3924 3605 3927 ς

1922 4012 2048 4054 eum
2098 3998 2263 4053 simul
2315 4006 2493 4052 exstet
2520 3995 2609 4050 vel
2638 3992 2806 4049 simul
2858 3996 3175 4052 censeatur,
3193 3993 3251 4043 et
3279 3984 3500 4041 initium

1922 4090 2168 4162 proprie,
2198 4091 2327 4161 quia
2354 4089 2538 4144 omnis
2568 4097 2679 4143 tam
2704 4082 3107 4156 numeri—quam
3138 4084 3502 4140 numerabilis

1921 4190 1978 4237 et
2023 4183 2299 4237 numerati
2345 4196 2511 4236 causa
2552 4188 2657 4243 est,
2708 4187 2771 4233 ut
2808 4193 2929 4248 quae
2958 4178 3110 4232 omni
3146 4176 3417 4231 relatione
3443 4183 3504 4230 et

1921 4272 2072 4327 omni
2105 4282 2259 4342 parte
2294 4281 2351 4325 et
2380 4279 2497 4325 toto
2522 4270 2735 4341 privata
2758 4276 2864 4333 est,
2889 4276 2945 4323 et
2991 4268 3218 4338 proprie
3247 4282 3315 4322 ac
3342 4282 3498 4323 vere.

1925 4366 2185 4436 primarie
2213 4372 2377 4434 atque
2399 4364 2576 4417 solum
2606 4370 2663 4416 et
2679 4361 3024 4432 simpliciter,
3055 4360 3151 4416 sed
3171 4360 3321 4415 nullo
3338 4358 3504 4414 modo

1923 4457 2142 4519 all‘ecta,
2162 4454 2335 4524 prima
2365 4462 2420 4508 et
2450 4454 2565 4507 sola
2596 4460 2776 4507 exstat
2803 4462 2861 4506 et
2890 4468 3102 4506 monas.
3126 4450 3283 4518 Quod
3313 4451 3499 4505 dit-en-

231 4527 332 4582 καὶ
390 4529 699 4600 ποιότητος,
748 4529 843 4582 καὶ
898 4528 998 4600 τῆς
1048 4529 1371 4600 οἱασδήποτε
1427 4528 1685 4598 σχέσεως,
1730 4528 1809 4580 ἵνα

1926 4556 2010 4603 tes
2039 4562 2151 4601 non
2178 4561 2302 4599 eam
2333 4551 2393 4598 ut
2421 4553 2507 4598 est
2540 4542 2913 4613 signiﬁcamus
2942 4543 3157 4597 beatam
3214 4543 3500 4607 deitatem,

232 4620 457 4691 γνῶμεν
508 4622 590 4678 ὅτι
641 4623 716 4695 μὴ
772 4624 893 4678 ὅλον
948 4621 1001 4675 τί
1049 4622 1198 4675 ἐστιν
1225 4620 1300 4685 ὡς
1320 4622 1384 4675 ὲκ
1421 4619 1605 4692 μερῶν
1634 4636 1818 4682 τινων,

237 4714 378 4787 μηδέ
396 4733 449 4768 τι
475 4713 642 4785 μέρος
660 4714 808 4769 ἐστὶν
830 4716 889 4782 ἐξ
911 4715 1032 4770 ὅλου
1052 4715 1219 4779 τινός.
1255 4713 1544 4784 ’Υπεράνω
1573 4712 1680 4783 γὰρ
1716 4713 1822 4765 πά-

237 4820 339 4875 σης
359 4806 678 4877 διαιρέσεώς
693 4823 751 4859 τε
770 4807 866 4860 καὶ
887 4805 1189 4871 συνθέσεως
1207 4806 1303 4857 καὶ
1316 4805 1516 4879 μέρους
1534 4803 1629 4857 καὶ
1645 4803 1765 4857 ὅλου
1785 4804 1818 4874 ἡ

258 4896 817 4967 θεότης,ὅτιάποσον,
837 4896 931 4952 καὶ
948 4897 1130 4968 πάσης
1157 4896 1257 4967 τῆς
1286 4895 1427 4949 κατά
1458 4894 1609 4949 θέσιν
1644 4895 1822 4965 ὑπάρ-

241 4988 379 5055 ξεως
398 4991 491 5042 καὶ
506 4992 603 5059 τῆς
619 4991 734 5055 πῶς
750 4981 888 5045 εἶναι
907 4990 1076 5061 αὐτὴν
1091 4989 1415 5060 ὁριζομένης
1434 4988 1641 5052 ἐννοίας
1665 4989 1822 5057 ἀπῳ-

242 5082 503 5151 κισμένη,
518 5082 601 5134 ὅτι
618 5083 830 5148 ἄποιον,
847 5082 943 5135 κοιλ¹
962 5083 1061 5151 τῆς
1079 5081 1215 5151 πρὸς
1234 5079 1360 5134 ἄλλο
1379 5081 1485 5132 πᾶν
1502 5080 1680 5149 πάσης
1696 5097 1822 5133 συν-

242 5175 438 5242 αφείας
460 5192 518 5227 τε
536 5175 631 5228 καὶ
648 5175 980 5244 οἰκειότητος
999 5173 1260 5244 ἐλευθέρα
1288 5176 1381 5225 καὶ
1413 5173 1633 5241 ἄφετος,
1666 5172 1824 5242 ἄσχεο

242 5284 335 5318 τον
355 5266 561 5337 γάρ,τὺ
582 5267 685 5338 πρὸ
709 5268 879 5336 αὐτῆς
898 5267 930 5336 ἢ
947 5267 1063 5337 μετ’
1084 5264 1301 5336 αὐτῆςῆ
1324 5265 1443 5335 μετ’
1462 5264 1631 5333 αὐτὴν
1654 5265 1754 5316 οὐκ
1780 5262 1827 5315 έ-

1928 4638 2145 4693 intinite
2167 4635 2467 4691 secundum
2493 4650 2714 4689 omnem
2762 4643 2819 4688 et
2852 4634 3123 4687 rationem
3169 4642 3227 4689 et
3274 4634 3502 4689 modum

1928 4738 2038 4785 tam
2064 4728 2235 4783 menti
2297 4741 2463 4795 quam
2506 4724 2706 4779 rationi
2763 4724 2912 4779 omni
2943 4734 2999 4779 et
3027 4723 3295 4778 vocabulo
3340 4724 3505 4793 plane

1921 4821 2198 4893 diﬂicilem
2226 4829 2392 4889 atque
2442 4817 2904 4881 inaeeessibilem,
2939 4816 3035 4871 sed
3067 4815 3347 4870 nobismet
3370 4816 3508 4886 ipsis

1922 4916 2158 4972 limitem
2191 4912 2315 4967 ﬁdei
2348 4914 2404 4967 in
2436 4926 2557 4966 eam
2584 4910 2862 4972 stabilem,
2896 4909 3166 4977 nobisque
3200 4916 3388 4976 aptum
3423 4917 3507 4961 at-

1923 5022 2032 5077 que
2090 5005 2349 5059 idoneum
2406 5011 2753 5073 praestamus.
2801 5001 2989 5069 Neque
3020 4998 3167 5053 enim
3216 5005 3277 5051 ut
3305 5013 3507 5067 reprae-

1926 5100 2262 5157 sentativum
2288 5098 2415 5162 hoc,
2448 5095 2722 5159 monadis,
2756 5095 3004 5164 inquam,
3034 5108 3257 5157 nomen,
3306 5092 3507 5147 divina:

1927 5200 1984 5246 et
2005 5191 2177 5246 beatae
2205 5188 2461 5244 essentia:
2490 5187 2714 5241 divinus
2736 5192 3135 5240 commemorat
3174 5200 3377 5248 sermo,
3406 5182 3505 5238 sed

1924 5283 1996 5338 ad
2019 5278 2431 5336 monstrandam
2462 5277 2760 5349 perfectam
2783 5277 2903 5347 ejus
2933 5275 3364 5346 simplicitatem,
3388 5289 3509 5343 qua:

247 5374 443 5428 χουσα,
462 5358 535 5423 ὡς
570 5362 788 5413 πάντων
810 5361 829 5392 ⁷
866 5359 1149 5424 ἐπέκεινα,
1180 5357 1276 5411 καὶ
1305 5356 1494 5428 μηδεν)⁸
1518 5356 1627 5410 τῶν
1660 5355 1809 5409 ὄντωπ

1932 5389 2152 5429 omnem
2204 5371 2571 5440 quantitatem
2622 5377 2679 5423 et
2708 5368 3030 5438 qualitatem
3068 5376 3125 5422 et
3184 5366 3507 5421 relationem

1548 5514 1785 5571 VARIE
1830 5511 2233 5569 LECTIONES.

324 5639 349 5709 ξ
377 5639 610 5709 ἄναρχον
637 5639 762 5694 cod.
787 5638 928 5695 Gud.
960 5653 1037 5693 m.
1062 5653 1149 5706 pr.

1246 5638 1267 5669 ⁵
1298 5636 1430 5690 Inde
1454 5634 1523 5690 ab
1563 5634 1669 5688 hoc
1709 5632 1843 5687 folio
1886 5645 2062 5699 usque
2114 5628 2181 5682 ad
2214 5626 2310 5681 fol.
2336 5626 2486 5699 328,
2518 5625 2572 5679 in
2602 5624 2905 5699 cod._Gud.
2943 5629 3157 5679 exstant
3189 5617 3505 5699 scholia,‘ah

256 5690 469 5773 eadem,
484 5690 867 5772 ⁵6ιῖνῖἆὲἱυῖ
880 5690 1150 5778 ᾘιεῆυἶο
1168 5707 1416 5778 margine
1452 5705 1711 5778 ascripta.
1755 5703 1925 5761 Doleo
1960 5690 2046 5754 me
2070 5714 2137 5778 eo
2182 5712 2303 5778 quo.
2335 5690 2706 5778 libri‘copiam
2743 5695 3011 5778 habebam
3040 5702 3288 5778 tempore
3317 5690 3511 5770 oculo-

258 5792 380 5850 rum
407 5758 1721 5850 vinariam?SicininiHalaesa"dictum;ea
1758 5758 2000 5844 quoque,
2032 5758 2402 5824 minutissimo
2442 5758 2760 5824 charactere
2802 5772 3042 5830 exarata,
3070 5758 3204 5817 mihi
3241 5758 3512 5815 transcri-

262 5846 463 5904 berem.
546 5846 801 5914 ’πάντως
830 5849 994 5903 habet
1022 5846 1414 5920 apographum.
