4026 6288
567 387 702 456 1187
1735 392 1796 451 S.
1836 389 2127 450 MAXIMI

2227 391 2678 453 )NFESSORIS
2713 417 2718 422 -
3694 403 3817 472 1133

563 499 796 566 excedit,
823 506 882 554 ut
913 516 1092 571 neque
1130 508 1305 556 totum
1341 497 1548 569 aliquid
1582 497 1736 552 velut
1760 512 1826 552 ex
1880 498 2134 567 partibus

2240 501 2358 553 κατ’
2395 501 2583 556 οὐδένα
2620 502 2831 589 λόγον
2853 503 3054 574 τρόπον
3082 510 3517 581 συντεταγμένη.
3544 507 3657 566 Καὶ
3674 515 3818 570 τοῦτο

562 591 840 660 aliquibus
861 607 1042 662 neque
1074 599 1286 662 partem
1304 591 1544 662 aliquam
1580 604 1647 645 ex
1668 597 1782 643 toto
1815 590 2001 658 aliquo
2019 604 2142 645 esse

2242 592 2402 664 τυχὸν
2427 596 2686 667 ἐννοήσας
2712 597 2740 647 ό
2765 596 2939 666 μέγας
2959 599 3053 650 καὶ
3069 598 3212 662 θεῖος
3247 601 3526 663 Διονύσιός
3559 621 3690 674 φησι
3723 608 3815 675 (1)·

559 695 681 734 eam
705 681 1227 736 animadvertamus.
1255 681 1350 734 Est
1369 680 1516 734 enim
1532 678 1710 732 deitas
1721 677 1974 746 superior
1991 677 2140 731 omni

2249 702 2268 735 ι
2301 685 2392 738 Διὸ
2419 688 2512 740 καὶ
2535 688 2703 756 μονὰς
2734 689 3048 759 ὑμνουμένη
3083 690 3179 743 καὶ
3203 691 3380 762 τριὰς,
3411 694 3446 762 ἠ
3474 695 3622 768 ὑπὲρ
3654 699 3816 752 πάντα

561 772 932 844 disiunctione
949 781 1007 827 et
1033 771 1421 843 conjunctione
1455 778 1510 824 et
1527 777 1682 840 parte
1699 777 1756 822 et
1782 777 1919 833 toto,
1952 777 2142 838 utpote

2243 775 2454 848 θεότης.
2493 779 2592 831 οὐκ
2628 779 2776 833 ἐστιν
2806 779 2929 833 οῦτε
2962 781 3152 851 μονὰς,
3193 780 3320 836 οὔτε
3365 785 3548 855 τριὰς,
3604 787 3638 858 ἢ
3692 795 3817 858 πρὸς

562 880 686 934 qua:
698 872 849 919 extra
863 863 1224 933 quantitatem
1247 876 1466 916 omnem
1484 869 1589 924 est,
1607 870 1662 913 et
1679 859 1869 929 procul
1893 859 1963 912 ab
1988 861 2139 915 omni

2241 870 2402 942 ἡμῶν
2449 871 2482 940 ἢ
2535 871 2694 927 ἄλλου
2740 872 2886 936 τινὸς
2936 872 3334 946 διεγνωσμένη,
3374 877 3495 929 ἀλλ’
3527 877 3616 931 τνα
3639 880 3733 932 καὶ
3761 884 3816 935 τὺ

561 956 799 1026 positiva
813 955 1079 1010 exstantia
1107 963 1162 1009 et
1185 953 1469 1008 intellectu
1488 967 1608 1006 eam
1633 952 1820 1021 aliquo
1840 951 2003 1005 modo
2019 966 2141 1006 esse

2243 961 2667 1032 ὑπερηνωμένον
2704 961 2726 995 ⁸
2771 963 2944 1034 αὐτῆς
2974 964 3068 1018 καὶ
3098 963 3161 1018 τὸ
3193 965 3446 1035 θεογόνον
3469 968 3688 1039 ἀληθῶς
3721 973 3815 1041 ὐμ-

560 1047 885 1111 deﬁniente,
919 1056 1108 1116 utpote
1133 1060 1255 1115 quae
1277 1045 1396 1100 sine
1422 1044 1689 1114 qualitate
1719 1051 1824 1108 est,
1878 1053 1936 1098 et
1987 1045 2140 1099 omni

2239 1054 2515 1124 νήσωμεν,
2544 1054 2727 1124 (172
2761 1054 2812 1124 ὁ)
2843 1058 2909 1126 τῇ
2941 1056 3190 1128 τριαδικῇ
3231 1058 3326 1111 καὶ
3383 1060 3567 1131 ἑνιαεα
3629 1061 3817 1114 θεωνυ-

561 1141 632 1196 ad
671 1140 908 1210 quodvis
936 1141 1172 1194 alterum
1201 1154 1418 1194 annexu
1442 1137 1614 1191 libera
1639 1145 1805 1206 atque
1835 1137 2140 1202 soluta,est

2245 1144 2346 1215 μία
2379 1143 2478 1216 τὴν
2509 1143 2871 1216 ὑπερὼνυμον
2902 1144 3290 1217 ὠνομάσαμεν,
3321 1149 3552 1214 καὶτοῖς
3583 1146 3701 1204 οῦσι
3727 1150 3816 1223 tiri

563 1233 714 1288 enim
739 1231 859 1286 sine
890 1231 1182 1294 relatione,
1214 1246 1336 1301 qua:
1391 1240 1518 1285 ante
1576 1245 1634 1285 se
1685 1229 2010 1300 quidquam,
2044 1240 2140 1286 aut

2240 1233 2586 1304 ὐπερούσιον.
2626 1252 2645 1285 ι
2701 1235 2970 1306 Οὐδαμῶς
3026 1231 3121 1290 οῦν
3162 1253 3249 1299 τις
3302 1241 3477 1293 δυάδα
3537 1240 3572 1310 ἦ
3627 1241 3815 1312 πλῆθος

564 1338 691 1378 cum
718 1337 777 1377 se
805 1329 901 1376 aut
923 1329 1047 1391 post
1079 1337 1139 1376 sc
1167 1337 1278 1376 non
1309 1321 1528 1386 habeat,
1573 1330 1634 1376 ut
1682 1321 1928 1375 omnium
1985 1333 2140 1389 supe-

2239 1322 2553 1395 ἄναρχον,ἦ
2581 1324 2757 1394 ἀρχὴν
2786 1325 2848 1376 τὸ
2882 1324 3102 1379 σύνολόν
3132 1343 3278 1392 τινος
3307 1323 3449 1382 εἶναι
3498 1329 3685 1398 λέγειν
3727 1332 3813 1384 δυ-

565 1413 700 1476 rior,
729 1426 906 1480 neque
929 1425 1054 1465 cum
1077 1409 1189 1464 ullo
1216 1425 1409 1464 eorum
1436 1424 1556 1479 quae
1607 1417 1737 1464 sunt
1771 1409 1882 1462 ulla
1925 1408 2139 1461 ratione

2239 1417 2488 1486 νήσεται.
2525 1415 2628 1486 ζῇν
2661 1415 2906 1480 εὐσεϐῶς
2955 1417 3023 1471 δι’
3083 1418 3342 1488 ἀληθείας
3401 1420 3809 1492 βεὸουλημένος.

563 1513 658 1558 aut
685 1503 848 1558 modo
880 1502 1206 1571 composita.
1240 1501 1396 1566 Quod
1428 1501 1874 1556 animadvertens
1904 1499 2138 1556 fortasse

2240 1502 2335 1570 Εἷς
2357 1506 2468 1576 γὰρ
2492 1506 2582 1560 διὰ
2617 1507 2798 1578 πάσης
2821 1507 2923 1576 τῆς
2946 1507 3090 1561 κατά
3122 1508 3279 1577 λόγον
3311 1511 3409 1563 καὶ
3443 1491 3574 1563 νοῦν
3619 1491 3813 1584 θεωρηο

561 1611 792 1668 magnus
818 1603 876 1650 et
903 1595 1125 1650 divinus
1165 1595 1483 1666 Dionysius,
1515 1613 1533 1645 ‹
1578 1593 1872 1661 Quocirca,
1936 1593 2135 1664 inquit,

2239 1598 2396 1669 τικῆς
2425 1597 2706 1668 δυνάμεως
2737 1599 2831 1650 καὶ
2852 1599 3166 1669 ἐπιστήμης
3192 1600 3343 1670 αὐτῷ
3371 1600 3508 1665 Θεὸς
3539 1603 3811 1673 ἀναφανή-

559 1703 754 1743 monas
781 1702 1002 1758 quoque
1039 1687 1319 1742 celebrata
1341 1694 1397 1740 et
1433 1686 1586 1749 trias,
1647 1683 1907 1739 divinitas
1951 1686 2137 1740 omnia

2241 1706 2414 1753 σεται,
2449 1689 2632 1759 πάσης
2662 1689 2921 1760 ἀπειρίας
2963 1691 3227 1761 ὑπάρχων
3257 1693 3544 1759 ἐπέκεινα,
3593 1695 3692 1747 καὶ
3721 1713 3813 1766 μη·

555 1796 848 1852 ,superans,
882 1795 992 1834 non
1017 1795 1208 1834 monas
1233 1787 1340 1840 est,
1369 1791 1551 1847 neque
1581 1777 1736 1839 trias,
1759 1777 1876 1831 sive
1910 1791 1940 1830 a
1977 1776 2139 1832 nobis

2239 1780 2352 1834 δενὶ
2381 1779 2612 1834 καθόλου
2645 1779 2755 1833 τῶν
2787 1779 2959 1834 όντων
2998 1781 3122 1835 καθ’
3161 1782 3368 1847 ὁτιοῦν,
3406 1783 3554 1855 πλὴν
3593 1785 3691 1838 τοῦ
3736 1785 3814 1839 διὰ

558 1839 676 1930 Sive
707 1876 774 1930 ah
813 1839 921 1930 alio
951 1874 1210 1945 quopiam
1259 1839 1477 1943 agnita;
1494 1870 1589 1926 sed
1629 1879 1691 1924 ut
1732 1869 1878 1940 quod
1912 1870 1967 1924 in
2021 1869 2139 1939 ipsa

2240 1872 2477 1934 πίστεως
2514 1871 2674 1942 μόνον
2695 1871 3085 1940 γινώσκεσθαι,
3115 1875 3210 1928 καὶ
3233 1873 3396 1928 τοῦτο
3431 1875 3498 1928 ἐκ
3518 1875 3638 1928 τῶν
3663 1877 3812 1930 αὐτοῦ

558 1976 645 2024 est
671 1983 835 2038 supra
870 1983 1035 2037 quam
1075 1966 1130 2020 in
1163 1980 1332 2020 unum
1363 1963 1678 2033 copulatum
1730 1969 1787 2015 et
1815 1961 1910 2017 Dei
1943 1961 2138 2016 fecun-

2237 1963 2563 2034 ποιημάτων
2600 1964 2684 2017 ὃτι
2725 1964 2898 2029 ἐστὶν,
2931 1965 3030 2036 οὐχ
3071 1966 3154 2019 ὅτι
3187 1966 3316 2019 ποτέ
3340 1967 3458 2018 ἐστι
3493 1966 3814 2036 διεγνωσμέ-

558 2059 692 2113 dum
714 2074 840 2113 vere
873 2057 1264 2128 praedicemus,
1287 2055 1492 2110 trinum
1524 2061 1581 2108 et
1608 2068 1778 2107 unum
1829 2052 2003 2106 Deum
2034 2067 2137 2106 no-

2236 2075 2348 2121 νος,
2380 2058 2474 2110 καὶ
2499 2056 2702 2120 παντὸς
2733 2057 2931 2122 αἰῶνος
2962 2059 3058 2112 καὶ
3095 2058 3288 2129 χρόνου
3321 2058 3420 2111 καὶ
3458 2059 3685 2113 πάντων
3715 2059 3812 2112 τῶν

557 2152 835 2206 minamus
857 2150 1009 2203 illum
1040 2147 1132 2218 qui
1184 2162 1348 2216 supra
1372 2159 1534 2200 omne
1571 2159 1774 2198 nomen
1819 2152 1926 2208 est,
1957 2151 2015 2198 et
2047 2158 2137 2198 re-

2236 2151 2293 2205 ὲν
2323 2150 2480 2203 αἰῶνι
2501 2151 2594 2203 καὶ
2615 2151 2791 2221 χρόνῳ
2817 2152 3054 2222 ποιητής
3076 2168 3136 2204 τε
3159 2150 3254 2205 καὶ
3277 2151 3647 2223 δημιουργὸς.
3675 2152 3813 2205 οὐδὲν

558 2241 664 2296 bus
693 2241 777 2295 vel
831 2239 1119 2295 vocabulis
1171 2237 1382 2291 utimur
1431 2235 1488 2289 in
1547 2234 1885 2305 designanda
1929 2247 1996 2288 eo
2039 2233 2135 2304 qui

2235 2239 2295 2293 τὸ
2337 2240 2599 2311 παράπαν
2647 2239 2707 2305 ἐξ
2740 2240 2911 2294 ἀϊδίου
2957 2240 3080 2294 καθ’
3114 2240 3391 2295 ὁντιναοῦν
3415 2241 3630 2312 τρόπον
3680 2241 3816 2312 αὐτῷ

558 2334 710 2389 omni
733 2332 969 2388 essentia
1000 2340 1085 2386 est
1113 2331 1387 2400 superior.
1422 2347 1440 2380 ι
1481 2327 1655 2384 Nemo
1687 2329 1876 2399 igitur,
1907 2327 2002 2397 qui
2045 2343 2136 2382 re-

2237 2331 2593 2396 συνεπινοῶν,
2624 2331 2780 2396 είδὼς
2807 2333 2887 2386 ὅτι
2925 2332 3220 2403 μηδέτερον
3253 2332 3362 2384 τῶν
3384 2331 3506 2402 ἅμα
3535 2334 3687 2387 κατὰ
3717 2311 3814 2402 τήν

557 2425 749 2495 ligiose
772 2439 869 2492 per
899 2422 1188 2477 veritatem
1204 2419 1426 2475 vivendi
1455 2419 1737 2476 studiosus
1765 2417 1995 2490 dyadem
2036 2425 2134 2471 aut

2236 2423 2472 2495 ὕπαρξιν
2504 2422 2758 2494 ἀλλήλοις
2793 2422 2853 2488 ἐξ
2882 2423 3053 2477 ἀϊδίου
3088 2423 3357 2477 συνόντων
3397 2418 3544 2478 εῐναι
3599 2423 3815 2478 δύναται

558 2529 856 2569 numerum
888 2513 1160 2584 principio
1188 2519 1472 2566 carentem
1526 2519 1623 2565 aut
1647 2510 1980 2580 principium
2019 2524 2136 2564 om-

2233 2517 2328 2571 τοῦ
2361 2517 2552 2588 ἑτέρου
2577 2516 2882 2586 ποιητικόν.
2927 2516 3344 2584 Ἀσυλλόγιστον
3374 2514 3486 2589 γὰρ
3511 2515 3676 2569 τοῦτο
3696 2531 3817 2568 παν-

558 2604 693 2658 nino
722 2603 1029 2674 cuiuspiam
1059 2617 1183 2656 esse
1213 2601 1402 2656 dicere
1437 2601 1752 2656 conabitur.
1808 2601 1961 2656 Unus
1983 2600 2134 2654 enim

2234 2609 2439 2663 τάπασι
2466 2609 2563 2662 καὶ
2588 2607 2928 2674 ἀνένδεκτόν,
2955 2608 3050 2662 καὶ
3072 2610 3187 2672 τοῖς
3216 2607 3342 2661 νοῦν
3366 2609 3554 2677 έχουσι
3581 2607 3811 2675 καταγέ-

558 2710 658 2765 per
691 2694 1007 2749 universam
1027 2702 1135 2747 tam
1165 2693 1492 2747 rationalem
1516 2708 1678 2762 quam
1704 2691 2133 2748 intellectualem

2231 2701 2433 2755 λαστον
2462 2700 2683 2753 ἐπὶτῶν
2716 2700 2950 2772 ἐχόντων
2975 2699 3091 2771 ἅμα
3120 2700 3182 2753 τὺ
3211 2693 3350 2753 εἶναι
3387 2698 3670 2753 ποιεῖσθαι
3694 2699 3814 2752 ἀλλο

558 2785 1038 2855 contemplativam
1073 2792 1402 2855 potestatem
1429 2791 1486 2838 et
1545 2783 1835 2838 scientiam
1863 2783 1940 2838 illi
1988 2783 2134 2838 Deus

2232 2791 2394 2848 ἄλλου
2424 2792 2730 2863 ποιητικόν.
2775 2792 2918 2846 Ἀλλ’
2967 2795 3031 2846 ὲκ
3079 2791 3216 2844 Θεοῦ
3262 2791 3354 2845 τοῦ
3408 2791 3499 2846 ἀεὶ
3549 2792 3710 2856 ὄντος
3750 2793 3812 2844 τὰ

559 2874 867 2945 apparebit,
896 2874 1079 2929 omnis
1112 2873 1404 2928 inﬁnitatis
1446 2873 1699 2936 ulterior,
1745 2887 1848 2928 nec
1871 2872 2132 2942 cuiquam

2233 2881 2412 2934 πάντα
2448 2882 2511 2933 ὲκ
2537 2881 2628 2934 τοῦ
2664 2880 2740 2952 μὴ
2762 2881 2916 2945 ὄντος
2963 2881 3222 2950 γενέσθαι
3283 2880 3574 2945 παντελῶς
3616 2898 3678 2934 τε
3730 2884 3814 2934 καὶ

471 3020 481 3040 ,
556 2967 786 3021 omnino
818 2981 1014 3022 eorum
1054 2980 1176 3035 qum
1209 2973 1340 3021 sunt
1371 2980 1438 3020 ex
1457 2965 1569 3019 ulla
1597 2973 1774 3034 parte,
1811 2972 2014 3034 praeter
2045 2979 2061 3018 ε

2231 2969 2448 3034 ὑλικῶς,
2485 2969 2602 3024 ἀλλ’
2635 2971 2696 3023 οὐ
2729 2970 2973 3042 μερικῶς
2992 2988 3051 3024 τε
3075 2971 3171 3024 καὶ
3193 2970 3420 3034 ἀτελῶς,
3453 2970 3535 3034 ὡς
3555 2971 3620 3035 ἐξ
3641 2971 3816 3034 αἰτίας

555 3059 664 3114 lam
679 3072 779 3127 per
798 3057 960 3113 [idem
983 3057 1379 3128 cognitionem,
1407 3064 1465 3111 et
1485 3055 1590 3111 hoc
1615 3070 1682 3109 ex
1705 3055 1972 3124 cperibus
1986 3055 2128 3126 ejus,

2229 3060 2670 3132 ἀπειρογνὼστου
2712 3063 2807 3115 καὶ
2855 3062 3297 3133 ἀπειροδυνάμου
3349 3061 3533 3130 σοφῶς
3592 3077 3811 3132 παρηγ-

555 3149 705 3219 qud
741 3157 847 3212 cst,
888 3164 998 3202 non
1022 3146 1167 3217 quod
1195 3145 1492 3216 aliquando
1514 3156 1619 3211 est,
1646 3155 1938 3215 perceptus
1963 3154 2129 3215 atque

2234 3152 2390 3222 μένα,
2421 3151 2670 3223 δέξηται,
2702 3153 2797 3208 καὶ
2821 3154 2880 3206 ὲν
2898 3154 3051 3225 αὐτῷ
3070 3154 3460 3225 συνεστηκέναι
3485 3154 3508 3185 ⁸
3527 3155 3600 3207 τὰ
3618 3155 3812 3214 πάντα,

557 3239 802 3311 agnitus,
831 3245 888 3293 et
916 3238 1098 3293 omnis
1119 3236 1219 3292 aevi
1254 3251 1320 3291 ac
1355 3235 1619 3306 temporis
1647 3244 1703 3289 ct
1727 3235 1975 3290 omnium
2007 3250 2128 3304 qua:

2234 3244 2311 3308 ὡς
2349 3245 2408 3296 ἐν
2443 3245 2928 3317 παντοκρατορικῷ
2952 3245 3190 3316 πυθμένι
3219 3245 3611 3317 φρουρούμενά
3640 3261 3699 3296 τε
3724 3247 3817 3296 καὶ

562 3332 620 3406 in
647 3347 766 3386 αινο
793 3337 922 3386 sunt
951 3345 1016 3385 ac
1046 3339 1295 3399 tempore
1327 3329 1504 3383 factor
1525 3338 1689 3400 atque
1724 3326 1946 3393 artifex,
1986 3326 2123 3380 nihil

2233 3333 2693 3406 διακρατούμενα,
2741 3337 2838 3390 καὶ
2870 3339 2949 3400 είς
2978 3337 3141 3390 αὑτὸν
3165 3336 3236 3390 τὰ
3269 3337 3449 3391 πάντα
3482 3339 3816 3406 ἐπιστρέψε-

562 3437 793 3492 prorsus
827 3435 1160 3492 quocunque
1179 3428 1263 3476 est
1289 3419 1454 3474 modo
1482 3420 1536 3474 ei
1561 3421 1793 3475 alterum
1824 3418 1894 3473 de
1919 3427 2128 3473 artemo

2237 3422 2384 3487 σθαι,
2417 3423 2672 3494 καθάπερ
2703 3426 2783 3488 είς
2830 3426 3033 3478 οἰκεῖον
3096 3425 3304 3480 ἕκαστα
3353 3425 3549 3496 πέρας,
3596 3425 3676 3488 ὡς
3712 3425 3815 3476 πού

561 3507 784 3584 aﬂigens
817 3514 1152 3585 cogitatione
1171 3553 1186 3578 ,
1229 3527 1442 3587 memor
1469 3511 1615 3582 quod
1646 3520 1903 3567 neutrum
1933 3525 2128 3566 eorum

1938 3525 2128 3566 eorum
2235 3530 2400 3584 φησιν
2432 3515 2460 3566 ό
2492 3517 2664 3586 μέγας
2695 3517 3091 3589 Ἀρεοπαγίτης
3125 3518 3397 3580 Διονύσιος
3427 3517 3528 3588 (9.).

554 3621 677 3676 quae
704 3605 1159 3662 exsistentialiter
1173 3606 1242 3660 de
1263 3613 1472 3660 αξιοι-[ιο
1500 3604 1808 3659 simulsunt
1826 3613 2083 3659 neutrum
2095 3604 2311 3662 ellicere
2336 3609 2530 3678 possit.
2554 3611 2744 3680 Neque
2756 3611 2904 3666 enim
2933 3611 3404 3682 cogitariomnino
3421 3611 3474 3664 id
3499 3617 3816 3680 potest,ne-

552 3712 660 3766 que
678 3697 820 3762 ﬁeri,
837 3697 1028 3768 eisque
1053 3698 1148 3768 qui
1165 3704 1347 3751 mente
1363 3705 1597 3752 utuntur
1618 3696 1911 3751 ridiculum
1933 3706 2040 3764 est,
2059 3713 2245 3753 rerum
2261 3699 2494 3755 duarum
2517 3717 2638 3771 quae
2655 3702 2816 3757 simul
2835 3702 3109 3757 exsistunt
3123 3702 3348 3757 alteram
3369 3701 3604 3755 alterius
3630 3699 3816 3753 facere

553 3791 902 3846 creatricen.
939 3791 1045 3847 Sed
1073 3806 1142 3846 ex
1189 3791 1300 3845 Deo
1337 3799 1546 3845 aeterno
1597 3789 2013 3845 universitatem
2039 3805 2108 3846 ex
2141 3791 2322 3847 nihilo
2349 3795 2546 3849 laetam
2569 3810 2692 3850 esse
2712 3795 2768 3850 in
2795 3804 2972 3850 totum
3002 3810 3069 3850 ac
3091 3795 3275 3865 plene,
3301 3803 3356 3848 at
3377 3809 3486 3848 non
3510 3791 3813 3863 particula-

556 3883 728 3939 timet
757 3882 1105 3954 imperfecte,
1133 3891 1274 3938 utex
1326 3899 1492 3938 causa
1533 3881 1761 3937 inﬁnita:
1799 3891 1856 3937 et
1885 3883 2216 3953 cognitionis
2273 3893 2332 3939 et
2364 3887 2660 3955 potestatis
2685 3888 2970 3957 sapienter
2995 3887 3313 3950 deductam,
3342 3884 3809 3956 approbationem

555 3975 745 4041 habet,
771 3975 939 4044 inque
969 3989 1036 4029 eo
1056 3973 1312 4029 universa
1331 3983 1586 4029 constare
1603 3981 1664 4028 ut
1681 3973 1736 4028 in
1763 3973 2142 4043 omnipotente
2158 3973 2342 4030 radice
2362 3977 2639 4031 custodite
2670 3987 2835 4047 atque
2871 3987 3218 4042 conservata,
3234 3983 3290 4030 et
3311 3976 3365 4030 in
3390 3974 3655 4030 eumdem
3683 3974 3814 4028 uni-

553 4083 717 4125 versa
749 4066 933 4123 redire
957 4067 1112 4122 velut
1141 4066 1196 4121 in
1214 4066 1500 4137 proprium
1521 4080 1679 4120 suum
1697 4065 1956 4137 quodque
1979 4065 2300 4132 terminum,
2364 4068 2447 4122 uti
2464 4068 2671 4124 alicubi
2689 4069 2826 4124 dicit
2872 4084 3101 4140 magnus
3125 4067 3420 4140 Dionysius
3448 4065 3805 4138 Areopagita.

553 4243 941 4314 Contemplatio
987 4262 1092 4316 qua
1143 4245 1541 4331 demoastratur
1589 4248 1686 4302 Dei
1738 4251 2123 4321 providentiam

2225 4255 2409 4328 (173
2453 4253 2507 4325 a)
2571 4256 2787 4322 Θεωρία
2829 4251 3218 4320 ἀποδεικτικὴ
3271 4250 3380 4306 τοῦ
3439 4245 3601 4304 εἷναι
3657 4250 3807 4303 κατὰ

710 4336 998 4390 secundum
1028 4348 1282 4391 naturam
1312 4354 1467 4392 suam
1495 4341 1674 4395 omnia
1705 4346 1972 4413 prosequi.

2329 4346 2522 4415 φύσιν
2546 4345 2646 4398 ἐπὶ
2669 4343 2912 4398 πάντων
2932 4344 3048 4413 τὴν
3075 4343 3183 4398 τοῦ
3201 4343 3350 4398 Θεοῦ
3378 4344 3695 4412 πρόνοιαν.

624 4446 804 4501 Etiam
831 4446 1174 4516 provisorem
1210 4463 1392 4502 rerum
1426 4458 1636 4506 naturae
1665 4467 1786 4508 esse
1825 4457 2125 4524 persuade-

2292 4455 2405 4511 Καὶ
2441 4455 2746 4528 προνοητὴν
2787 4455 2951 4510 αὐτὸν
2994 4451 3136 4510 εἶναι
3182 4456 3551 4529 πεισθήσεται
3578 4458 3693 4511 τῶν
3720 4460 3803 4512 όν-

554 4536 708 4592 bitur
730 4537 804 4604 ei,
832 4553 931 4607 per
953 4552 1092 4607 quas
1123 4546 1180 4592 et
1218 4538 1388 4594 Deum
1421 4553 1543 4594 esse
1572 4541 1790 4605 didicit,
1817 4544 2027 4614 justum
2059 4562 2124 4603 ac

2228 4563 2358 4611 των,
2394 4547 2462 4601 δι’
2495 4543 2570 4600 ὧν
2595 4549 2676 4602 ὅτι
2709 4549 2804 4602 καὶ
2824 4537 2963 4612 ⁹Θεὸς
2993 4550 3141 4601 ἐστιν
3168 4546 3445 4619 ἐδιδάχθη,
3481 4547 3697 4603 δίκαιον
3724 4546 3798 4604 εί-

554 4628 752 4682 rationi
785 4638 1217 4684 consentaneum
1245 4645 1366 4686 esse
1398 4645 1582 4685 rerum
1610 4634 1895 4689 custodem
1958 4644 2124 4706 atque

2222 4655 2311 4692 ναι
2345 4639 2550 4710 κρίνων
2587 4640 2682 4692 καὶ
2720 4638 2962 4709 εὔλογον,
2995 4639 3070 4710 μὴ
3099 4639 3260 4694 ἄλλον
3296 4635 3439 4692 εἶναι
3467 4641 3692 4709 φύλακα
3712 4646 3798 4698 καὶ

553 4727 866 4775 curatorem
893 4735 1055 4790 quam
1113 4719 1293 4790 ipsum
1345 4737 1530 4776 rerum
1574 4722 1944 4780 conditorem.
2002 4727 2124 4797 Ipsa

2221 4730 2559 4802 ἐπιμελητὴν
2587 4731 2696 4784 τῶν
2723 4732 2951 4802 όντωνῆ
2991 4733 3151 4803 μόνον
3187 4732 3280 4786 τδν
3327 4731 3441 4784 τῶν
3482 4733 3659 4788 όντων
3709 4736 3796 4804 δη-

550 4810 699 4866 enim
732 4825 916 4864 rerum
956 4810 1273 4880 perennitas
1297 4821 1354 4866 et
1374 4812 1510 4866 ordo
1539 4823 1597 4866 et
1621 4815 1825 4882 positio
1849 4825 1906 4870 et
1951 4818 2123 4872 motio

2225 4823 2507 4894 μιουργόνξ
2539 4823 2684 4895 Αὐτὴ
2714 4824 2880 4895 γάρὴ
2914 4823 3020 4877 τῶν
3045 4823 3214 4878 όντων
3246 4823 3479 4895 διαμονὴ
3504 4827 3602 4879 καὶ
3636 4829 3670 4898 ὴ
3701 4828 3794 4881 τά-

548 4909 606 4956 et
640 4910 828 4955 mutua
856 4916 954 4971 per
987 4899 1204 4955 medias
1241 4910 1425 4970 partes
1471 4905 1744 4958 connexio
1799 4909 2124 4964 extremita-

2222 4914 2305 4981 ξις
2321 4915 2416 4969 καὶ
2437 4916 2470 4980 ἡ
2502 4914 2652 4980 θέσις
2678 4915 2774 4970 καὶ
2808 4917 2840 4987 ἠ
2868 4915 3105 4988 κίνησις,
3133 4917 3228 4970 καὶ
3257 4918 3291 4987 ἡ
3322 4918 3381 4970 ὲν
3411 4917 3669 4989 ἀλλήλοις
3693 4920 3794 4973 τῶν

548 5001 689 5056 tum,
721 4991 859 5045 nihil
887 5006 1007 5046 sese
1041 4991 1278 5045 invicem
1309 5007 1624 5061 quanquam
1668 4998 1962 5052 contrariae
1989 5011 2120 5056 sunt

2225 5006 2410 5077 ἄκρων
2439 5007 2530 5060 διὰ
2557 5007 2665 5061 τῶν
2690 5007 2871 5078 μέσων
2901 5007 3122 5078 συνοχὴ,
3144 5008 3310 5079 μηδὲν
3343 5008 3489 5062 κατὰ
3515 5012 3616 5081 τὴν
3635 5013 3792 5076 ,ἐναν-

549 5082 951 5145 inlestantium,
969 5093 1026 5137 et
1055 5083 1292 5154 partium
1315 5084 1370 5138 in
1393 5093 1568 5138 totum
1583 5087 2012 5156 conspiratio,et
2034 5099 2118 5145 to-

2223 5097 2446 5167 τιότητα
2473 5098 2885 5170 λυμαινομένων
2922 5098 3192 5170 ἀλλήλοις,
3243 5099 3280 5166 ἧ
3329 5116 3391 5152 τε
3451 5101 3564 5153 τῶν
3615 5102 3791 5173 μερῶν

547 5180 731 5226 torum
764 5175 1047 5243 azquahilis
1093 5190 1157 5230 ac
1219 5175 1378 5244 plena
1434 5191 1534 5246 per
1577 5187 1764 5248 partes
1821 5195 2115 5253 coagmen-

2239 5187 2360 5258 πρὸς
2384 5188 2451 5266 τᾲ
2478 5190 2574 5242 ὅλα
2603 5189 2911 5254 σύννευσις,
2944 5190 3038 5243 καὶ
3063 5189 3171 5243 τῶν
3203 5189 3340 5243 ὅλων
3371 5192 3509 5261 πρὸς
3538 5192 3608 5244 τὰ
3652 5193 3790 5264 μὲρῃ
3817 5222 3829 5224 ν-

548 5263 706 5327 tatio,
730 5275 787 5319 et
812 5265 1053 5335 ipsarum
1080 5268 1318 5337 partium
1347 5270 1569 5325 interse
1605 5280 1868 5327 constans
1909 5273 2117 5331 discre-

2220 5279 2287 5332 δι⁹
2315 5263 2436 5332 ὅλου
2459 5280 2675 5350 ἓνωσις,
2701 5282 2793 5336 καὶ
2815 5282 2996 5336 αὐτῶν
3025 5281 3162 5356 πρὸς
3203 5281 3412 5354 ἄλληλα
3455 5283 3568 5338 τῶν
3610 5263 3791 5356 μερῶν

1841 5406 2077 5463 ΥΑΒΙᾸΕ
2117 5410 2408 5469 LECTION
2415 5413 2524 5472 ES.

615 5491 639 5524 ⁸
669 5492 1072 5565 ὑπερηνομένον
1102 5495 1226 5560 cod.
1253 5495 1396 5552 Gud.
1490 5500 1512 5532 ⁸
1546 5499 1933 5556 συνεστακέναι
1972 5501 2095 5557 cod.
2121 5503 2266 5559 Gud.

2046 5612 2278 5671 NOTAE.

616 5696 690 5768 (ο)
723 5697 858 5752 Dion
884 5712 943 5752 's.
992 5698 1258 5770 Areopag.
1297 5699 1373 5754 De
1405 5703 1599 5766 divinis
1645 5722 1788 5760 nom.
1845 5722 1966 5778 cap.
2023 5706 2109 5776 15,
2315 5708 2368 5774 2)
2401 5709 2484 5766 Cf.
2516 5711 2740 5784 Dionys.
2794 5711 3062 5785 Areopag.
3096 5713 3171 5769 De
3203 5713 3368 5768 divin.
3410 5729 3554 5768 nom.
3583 5727 3696 5782 cap.
3723 5707 3775 5774 ι,

616 5782 678 5822 ιη.
711 5766 752 5824 l.
779 5783 834 5824 ι).
1013 5768 1150 5824 Oon.
1187 5771 1276 5824 ed.
1311 5772 1448 5824 Ven.
2212 5707 2398 5824 11-;97
2448 5789 2558 5824 lnm
2617 5783 2652 5824 ιν
2685 5783 2752 5824 ραι
2807 5784 2977 5824 νρηρι

543 5766 678 5823 tom.
711 5766 752 5832 Ι,
779 5783 834 5838 p.
861 5766 985 5824 553.
1013 5766 1153 5840 Opp:
1187 5766 1276 5826 ed.
1311 5772 1448 5827 Ven.
1911 5766 1929 5778 ’
2093 5766 2106 5776 ’
2212 5795 2269 5850 p.
2295 5766 2419 5848 397,
2448 5789 2580 5836 tom.
2617 5766 2775 5848 licd.
2795 5766 3001 5840 vVe—nc't.
