  <div class='ocr_page' id='page_1' title='image "/cluster/home/n/w/nwhite01/storage/ocr_20150623/91/hvd.32044019208024/608.png"; bbox 0 0 4026 6288; ppageno 0'>
   <div class='ocr_carea' id='block_1_1' title="bbox 212 389 354 457">
    <p class='ocr_par' dir='ltr' id='par_1_1' title="bbox 212 389 354 457">
     <span class='ocr_line' id='line_1_1' title="bbox 212 389 354 457; baseline 0.014 -2"><span class='ocrx_word' id='word_1_1' title='bbox 212 389 354 457; x_wconf 66' lang='lat'><strong>1189</strong></span> 
     </span>
    </p>
   </div>
   <div class='ocr_carea' id='block_1_2' title="bbox 1431 383 2280 448">
    <p class='ocr_par' dir='ltr' id='par_1_2' title="bbox 1431 383 2280 448">
     <span class='ocr_line' id='line_1_2' title="bbox 1431 383 2280 448; baseline 0 0"><span class='ocrx_word' id='word_1_2' title='bbox 1431 440 1439 448; x_wconf 93' lang='lat'><strong>.</strong></span> <span class='ocrx_word' id='word_1_3' title='bbox 1464 383 1987 446; x_wconf 83' lang='lat' dir='ltr'><strong>AMBIGUORUM</strong></span> <span class='ocrx_word' id='word_1_4' title='bbox 2030 387 2280 448; x_wconf 81' lang='lat' dir='ltr'><strong>LIBER.</strong></span> 
     </span>
    </p>
   </div>
   <div class='ocr_carea' id='block_1_3' title="bbox 3345 394 3485 461">
    <p class='ocr_par' dir='ltr' id='par_1_3' title="bbox 3345 394 3485 461">
     <span class='ocr_line' id='line_1_3' title="bbox 3345 394 3485 461; baseline 0.029 -4"><span class='ocrx_word' id='word_1_5' title='bbox 3345 394 3485 461; x_wconf 81' lang='lat'><strong>1190</strong></span> 
     </span>
    </p>
   </div>
   <div class='ocr_carea' id='block_1_4' title="bbox 218 497 1813 579">
    <p class='ocr_par' dir='ltr' id='par_1_4' title="bbox 218 497 1801 579">
     <span class='ocr_line' id='line_1_4' title="bbox 218 497 1801 579; baseline -0.009 -16"><span class='ocrx_word' id='word_1_6' title='bbox 218 507 511 579; x_wconf 67' lang='lat' dir='ltr'><strong>ij&#39;lptxto;</strong></span> <span class='ocrx_word' id='word_1_7' title='bbox 544 502 819 570; x_wconf 82' lang='grc' dir='ltr'>διάκρισις</span> <span class='ocrx_word' id='word_1_8' title='bbox 867 497 1010 554; x_wconf 80' lang='grc' dir='ltr'>κατὰ</span> <span class='ocrx_word' id='word_1_9' title='bbox 1057 498 1155 568; x_wconf 87' lang='grc' dir='ltr'>τήν</span> <span class='ocrx_word' id='word_1_10' title='bbox 1207 497 1518 562; x_wconf 75' lang='grc' dir='ltr'><strong>ἰδιάζουσαν</strong></span> <span class='ocrx_word' id='word_1_11' title='bbox 1569 498 1801 552; x_wconf 79' lang='grc' dir='ltr'><strong>ἑκάστου</strong></span> 
     </span>
    </p>
   </div>
   <div class='ocr_carea' id='block_1_5' title="bbox 1915 497 3479 579">
    <p class='ocr_par' dir='ltr' id='par_1_5' title="bbox 1915 499 3479 575">
     <span class='ocr_line' id='line_1_5' title="bbox 1915 499 3479 575; baseline 0.008 -24"><span class='ocrx_word' id='word_1_12' title='bbox 1915 499 2010 562; x_wconf 87' lang='lat' dir='ltr'><strong>tio,</strong></span> <span class='ocrx_word' id='word_1_13' title='bbox 2053 500 2363 555; x_wconf 88' lang='lat' dir='ltr'><strong>secundum</strong></span> <span class='ocrx_word' id='word_1_14' title='bbox 2424 516 2579 556; x_wconf 90' lang='lat' dir='ltr'><strong>suam</strong></span> <span class='ocrx_word' id='word_1_15' title='bbox 2607 503 3043 575; x_wconf 83' lang='lat' dir='ltr'><strong>uniuscujusque</strong></span> <span class='ocrx_word' id='word_1_16' title='bbox 3086 505 3479 573; x_wconf 75' lang='lat' dir='ltr'><strong>dill‘erenuam,</strong></span> 
     </span>
    </p>
   </div>
   <div class='ocr_carea' id='block_1_6' title="bbox 213 587 1803 668">
    <p class='ocr_par' dir='ltr' id='par_1_6' title="bbox 213 587 1803 668">
     <span class='ocr_line' id='line_1_6' title="bbox 213 587 1803 668; baseline -0.007 -17"><span class='ocrx_word' id='word_1_17' title='bbox 213 595 504 668; x_wconf 83' lang='grc' dir='ltr'>διαφοράν,</span> <span class='ocrx_word' id='word_1_18' title='bbox 532 593 630 647; x_wconf 62' lang='grc' dir='ltr'><strong>καὶ⁵</strong></span> <span class='ocrx_word' id='word_1_19' title='bbox 655 592 967 660; x_wconf 82' lang='grc' dir='ltr'>ἀσύγχυτος</span> <span class='ocrx_word' id='word_1_20' title='bbox 997 588 1194 653; x_wconf 74' lang='grc' dir='ltr'>ἔνωσις</span> <span class='ocrx_word' id='word_1_21' title='bbox 1219 593 1363 643; x_wconf 75' lang='grc' dir='ltr'>κατὰ</span> <span class='ocrx_word' id='word_1_22' title='bbox 1404 587 1505 658; x_wconf 80' lang='grc' dir='ltr'>τὴν</span> <span class='ocrx_word' id='word_1_23' title='bbox 1554 587 1803 660; x_wconf 80' lang='grc' dir='ltr'>ἀπαράλ-</span> 
     </span>
    </p>
   </div>
   <div class='ocr_carea' id='block_1_7' title="bbox 215 682 1804 754">
    <p class='ocr_par' dir='ltr' id='par_1_7' title="bbox 215 682 1804 754">
     <span class='ocr_line' id='line_1_7' title="bbox 215 682 1804 754; baseline -0.006 -11"><span class='ocrx_word' id='word_1_24' title='bbox 215 690 416 747; x_wconf 70' lang='grc' dir='ltr'>λακτον</span> <span class='ocrx_word' id='word_1_25' title='bbox 448 688 507 741; x_wconf 83' lang='grc' dir='ltr'>ὲν</span> <span class='ocrx_word' id='word_1_26' title='bbox 563 686 708 749; x_wconf 84' lang='grc' dir='ltr'><strong>ὅλοις</strong></span> <span class='ocrx_word' id='word_1_27' title='bbox 769 683 1103 754; x_wconf 85' lang='grc' dir='ltr'>ταυτότητα,</span> <span class='ocrx_word' id='word_1_28' title='bbox 1161 682 1258 736; x_wconf 74' lang='grc' dir='ltr'>καὶ</span> <span class='ocrx_word' id='word_1_29' title='bbox 1306 683 1339 752; x_wconf 80' lang='grc' dir='ltr'><strong>ἡ</strong></span> <span class='ocrx_word' id='word_1_30' title='bbox 1393 683 1612 737; x_wconf 87' lang='grc' dir='ltr'>πάντων</span> <span class='ocrx_word' id='word_1_31' title='bbox 1665 683 1804 752; x_wconf 83' lang='grc' dir='ltr'>πρὸς</span> 
     </span>
    </p>
   </div>
   <div class='ocr_carea' id='block_1_8' title="bbox 218 772 1803 848">
    <p class='ocr_par' dir='ltr' id='par_1_8' title="bbox 218 772 1803 848">
     <span class='ocr_line' id='line_1_8' title="bbox 218 772 1803 848; baseline -0.003 -17"><span class='ocrx_word' id='word_1_32' title='bbox 218 781 422 843; x_wconf 82' lang='grc' dir='ltr'>πάντα,</span> <span class='ocrx_word' id='word_1_33' title='bbox 450 778 541 832; x_wconf 78' lang='grc' dir='ltr'>ἵνα</span> <span class='ocrx_word' id='word_1_34' title='bbox 568 775 646 848; x_wconf 80' lang='grc' dir='ltr'>μὴ</span> <span class='ocrx_word' id='word_1_35' title='bbox 670 775 740 830; x_wconf 77' lang='grc' dir='ltr'><strong>τά</strong></span> <span class='ocrx_word' id='word_1_36' title='bbox 786 774 911 828; x_wconf 81' lang='grc' dir='ltr'>καθ’</span> <span class='ocrx_word' id='word_1_37' title='bbox 947 775 1179 827; x_wconf 70' lang='grc' dir='ltr'>ἕκαστον</span> <span class='ocrx_word' id='word_1_38' title='bbox 1210 773 1376 842; x_wconf 86' lang='grc' dir='ltr'>λέγω,</span> <span class='ocrx_word' id='word_1_39' title='bbox 1415 772 1704 845; x_wconf 84' lang='grc' dir='ltr'>σύγκρισίς</span> <span class='ocrx_word' id='word_1_40' title='bbox 1744 790 1803 826; x_wconf 86' lang='grc' dir='ltr'><strong>τε</strong></span> 
     </span>
    </p>
   </div>
   <div class='ocr_carea' id='block_1_9' title="bbox 219 861 1805 942">
    <p class='ocr_par' dir='ltr' id='par_1_9' title="bbox 219 861 1805 942">
     <span class='ocr_line' id='line_1_9' title="bbox 219 861 1805 942; baseline -0.004 -15"><span class='ocrx_word' id='word_1_41' title='bbox 219 873 313 927; x_wconf 63' lang='lat' dir='ltr'><strong>zeal.</strong></span> <span class='ocrx_word' id='word_1_42' title='bbox 338 872 639 942; x_wconf 85' lang='grc' dir='ltr'>διάκρισις,</span> <span class='ocrx_word' id='word_1_43' title='bbox 668 867 765 922; x_wconf 63' lang='grc' dir='ltr'><strong>κα)⁵</strong></span> <span class='ocrx_word' id='word_1_44' title='bbox 792 869 824 938; x_wconf 82' lang='grc' dir='ltr'>ἡ</span> <span class='ocrx_word' id='word_1_45' title='bbox 863 870 1083 921; x_wconf 78' lang='grc' dir='ltr'>πάντων</span> <span class='ocrx_word' id='word_1_46' title='bbox 1129 867 1228 920; x_wconf 73' lang='grc' dir='ltr'>καὶ</span> <span class='ocrx_word' id='word_1_47' title='bbox 1255 867 1487 921; x_wconf 78' lang='grc' dir='ltr'>ἑκάστου</span> <span class='ocrx_word' id='word_1_48' title='bbox 1519 867 1642 921; x_wconf 85' lang='grc' dir='ltr'>κατ’</span> <span class='ocrx_word' id='word_1_49' title='bbox 1666 861 1805 927; x_wconf 76' lang='grc' dir='ltr'>εἶδος</span> 
     </span>
    </p>
   </div>
   <div class='ocr_carea' id='block_1_10' title="bbox 219 958 1804 1033">
    <p class='ocr_par' dir='ltr' id='par_1_10' title="bbox 219 958 1804 1033">
     <span class='ocr_line' id='line_1_10' title="bbox 219 958 1804 1033; baseline -0.004 -16"><span class='ocrx_word' id='word_1_50' title='bbox 219 963 440 1033; x_wconf 82' lang='grc' dir='ltr'>διαδοχὴ</span> <span class='ocrx_word' id='word_1_51' title='bbox 490 960 579 1015; x_wconf 72' lang='grc' dir='ltr'><strong>ἀεὶ</strong></span> <span class='ocrx_word' id='word_1_52' title='bbox 633 958 1038 1029; x_wconf 78' lang='grc' dir='ltr'><strong>φυλαττομένη,</strong></span> <span class='ocrx_word' id='word_1_53' title='bbox 1073 959 1306 1030; x_wconf 78' lang='grc' dir='ltr'>μηδενὸς</span> <span class='ocrx_word' id='word_1_54' title='bbox 1326 960 1388 1013; x_wconf 80' lang='grc' dir='ltr'>τὸ</span> <span class='ocrx_word' id='word_1_55' title='bbox 1413 959 1679 1030; x_wconf 85' lang='grc' dir='ltr'>παράπαν</span> <span class='ocrx_word' id='word_1_56' title='bbox 1707 958 1804 1012; x_wconf 88' lang='grc' dir='ltr'><strong>τοῦ</strong></span> 
     </span>
    </p>
   </div>
   <div class='ocr_carea' id='block_1_11' title="bbox 218 1047 1807 1121">
    <p class='ocr_par' dir='ltr' id='par_1_11' title="bbox 218 1047 1807 1121">
     <span class='ocr_line' id='line_1_11' title="bbox 218 1047 1807 1121; baseline -0.003 -15"><span class='ocrx_word' id='word_1_57' title='bbox 218 1054 425 1107; x_wconf 75' lang='grc' dir='ltr'><strong>οἰκείου</strong></span> <span class='ocrx_word' id='word_1_58' title='bbox 440 1052 542 1121; x_wconf 83' lang='grc' dir='ltr'>τῆς</span> <span class='ocrx_word' id='word_1_59' title='bbox 562 1050 780 1121; x_wconf 83' lang='grc' dir='ltr'>φύσεως</span> <span class='ocrx_word' id='word_1_60' title='bbox 802 1049 964 1118; x_wconf 88' lang='grc' dir='ltr'>λόγου</span> <span class='ocrx_word' id='word_1_61' title='bbox 996 1048 1518 1121; x_wconf 81' lang='grc' dir='ltr'>παραφθειρομένου</span> <span class='ocrx_word' id='word_1_62' title='bbox 1548 1049 1645 1103; x_wconf 73' lang='grc' dir='ltr'>καὶ</span> <span class='ocrx_word' id='word_1_63' title='bbox 1669 1047 1807 1119; x_wconf 76' lang='grc' dir='ltr'>πρὸς</span> 
     </span>
    </p>
   </div>
   <div class='ocr_carea' id='block_1_12' title="bbox 218 1140 1807 1217">
    <p class='ocr_par' dir='ltr' id='par_1_12' title="bbox 218 1140 1807 1217">
     <span class='ocr_line' id='line_1_12' title="bbox 218 1140 1807 1217; baseline -0.004 -16"><span class='ocrx_word' id='word_1_64' title='bbox 218 1146 349 1201; x_wconf 77' lang='grc' dir='ltr'>ἄλλο</span> <span class='ocrx_word' id='word_1_65' title='bbox 369 1145 736 1217; x_wconf 83' lang='grc' dir='ltr'>συγχεομένου</span> <span class='ocrx_word' id='word_1_66' title='bbox 756 1162 816 1197; x_wconf 88' lang='grc' dir='ltr'><strong>τε</strong></span> <span class='ocrx_word' id='word_1_67' title='bbox 840 1145 934 1197; x_wconf 72' lang='grc' dir='ltr'><strong>κα)⁸</strong></span> <span class='ocrx_word' id='word_1_68' title='bbox 967 1143 1316 1214; x_wconf 68' lang='grc' dir='ltr'>συγχέοντος,</span> <span class='ocrx_word' id='word_1_69' title='bbox 1350 1142 1594 1197; x_wconf 82' lang='grc' dir='ltr'>δείκνυσι</span> <span class='ocrx_word' id='word_1_70' title='bbox 1619 1140 1807 1211; x_wconf 82' lang='grc' dir='ltr'><strong>σαφῶς</strong></span> 
     </span>
    </p>
   </div>
   <div class='ocr_carea' id='block_1_13' title="bbox 217 1233 1806 1309">
    <p class='ocr_par' dir='ltr' id='par_1_13' title="bbox 217 1233 1806 1309">
     <span class='ocr_line' id='line_1_13' title="bbox 217 1233 1806 1309; baseline -0.006 -14"><span class='ocrx_word' id='word_1_71' title='bbox 217 1241 287 1295; x_wconf 81' lang='grc' dir='ltr'>τὰ</span> <span class='ocrx_word' id='word_1_72' title='bbox 318 1240 502 1294; x_wconf 86' lang='grc' dir='ltr'>πάντα</span> <span class='ocrx_word' id='word_1_73' title='bbox 534 1241 600 1309; x_wconf 81' lang='grc' dir='ltr'>τῇ</span> <span class='ocrx_word' id='word_1_74' title='bbox 653 1238 885 1308; x_wconf 77' lang='grc' dir='ltr'>προνοὲα</span> <span class='ocrx_word' id='word_1_75' title='bbox 927 1233 1247 1306; x_wconf 80' lang='grc' dir='ltr'><strong>συνέχεσθαι</strong></span> <span class='ocrx_word' id='word_1_76' title='bbox 1292 1235 1387 1288; x_wconf 84' lang='grc' dir='ltr'><strong>τοῦ</strong></span> <span class='ocrx_word' id='word_1_77' title='bbox 1444 1234 1806 1303; x_wconf 84' lang='grc' dir='ltr'><strong>πεποιηκότος</strong></span> 
     </span>
    </p>
   </div>
   <div class='ocr_carea' id='block_1_14' title="bbox 126 1324 1805 1401">
    <p class='ocr_par' dir='ltr' id='par_1_14' title="bbox 126 1324 1805 1401">
     <span class='ocr_line' id='line_1_14' title="bbox 126 1324 1805 1401; baseline -0.006 -13"><span class='ocrx_word' id='word_1_78' title='bbox 126 1354 129 1357; x_wconf 57' lang='grc' dir='ltr'><strong>λ</strong></span> <span class='ocrx_word' id='word_1_79' title='bbox 218 1332 381 1387; x_wconf 86' lang='grc' dir='ltr'>Θεοῦ.</span> <span class='ocrx_word' id='word_1_80' title='bbox 414 1331 489 1385; x_wconf 86' lang='grc' dir='ltr'>Οὐ</span> <span class='ocrx_word' id='word_1_81' title='bbox 516 1332 624 1401; x_wconf 81' lang='grc' dir='ltr'>γὰρ</span> <span class='ocrx_word' id='word_1_82' title='bbox 647 1324 758 1383; x_wconf 74' lang='grc' dir='ltr'>οἷὸν</span> <span class='ocrx_word' id='word_1_83' title='bbox 788 1328 847 1382; x_wconf 77' lang='grc' dir='ltr'><strong>τὲ</strong></span> <span class='ocrx_word' id='word_1_84' title='bbox 877 1330 1029 1381; x_wconf 77' lang='grc' dir='ltr'>ἐστιν</span> <span class='ocrx_word' id='word_1_85' title='bbox 1071 1326 1276 1395; x_wconf 78' lang='grc' dir='ltr'>ἀγαθὸν</span> <span class='ocrx_word' id='word_1_86' title='bbox 1295 1326 1427 1379; x_wconf 73' lang='grc' dir='ltr'>ὄντα</span> <span class='ocrx_word' id='word_1_87' title='bbox 1450 1326 1542 1379; x_wconf 82' lang='grc' dir='ltr'>τὸν</span> <span class='ocrx_word' id='word_1_88' title='bbox 1566 1325 1698 1379; x_wconf 81' lang='grc' dir='ltr'>Θεὸν</span> <span class='ocrx_word' id='word_1_89' title='bbox 1730 1326 1805 1396; x_wconf 88' lang='grc' dir='ltr'>μὴ</span> 
     </span>
    </p>
   </div>
   <div class='ocr_carea' id='block_1_15' title="bbox 219 1413 1807 1494">
    <p class='ocr_par' dir='ltr' id='par_1_15' title="bbox 219 1413 1807 1494">
     <span class='ocr_line' id='line_1_15' title="bbox 219 1413 1807 1494; baseline -0.006 -15"><span class='ocrx_word' id='word_1_90' title='bbox 219 1423 318 1479; x_wconf 75' lang='grc' dir='ltr'>καὶ</span> <span class='ocrx_word' id='word_1_91' title='bbox 344 1420 690 1494; x_wconf 78' lang='grc' dir='ltr'>εὐεργετικὸν</span> <span class='ocrx_word' id='word_1_92' title='bbox 712 1420 931 1481; x_wconf 83' lang='grc' dir='ltr'>πάντως</span> <span class='ocrx_word' id='word_1_93' title='bbox 958 1413 1123 1484; x_wconf 82' lang='grc' dir='ltr'>εἶναι,</span> <span class='ocrx_word' id='word_1_94' title='bbox 1146 1419 1282 1490; x_wconf 77' lang='grc' dir='ltr'>μηδὲ</span> <span class='ocrx_word' id='word_1_95' title='bbox 1306 1418 1655 1490; x_wconf 83' lang='grc' dir='ltr'>εὐεργετικὸν</span> <span class='ocrx_word' id='word_1_96' title='bbox 1678 1418 1807 1471; x_wconf 79' lang='grc' dir='ltr'>ὄντα</span> 
     </span>
    </p>
   </div>
   <div class='ocr_carea' id='block_1_16' title="bbox 223 1505 1808 1585">
    <p class='ocr_par' dir='ltr' id='par_1_16' title="bbox 223 1505 1808 1585">
     <span class='ocr_line' id='line_1_16' title="bbox 223 1505 1808 1585; baseline -0.004 -18"><span class='ocrx_word' id='word_1_97' title='bbox 223 1516 304 1585; x_wconf 79' lang='grc' dir='ltr'>μὴ</span> <span class='ocrx_word' id='word_1_98' title='bbox 333 1514 431 1567; x_wconf 77' lang='grc' dir='ltr'>καὶ</span> <span class='ocrx_word' id='word_1_99' title='bbox 461 1511 819 1585; x_wconf 80' lang='grc' dir='ltr'>προνοητικὸν</span> <span class='ocrx_word' id='word_1_100' title='bbox 840 1510 1063 1574; x_wconf 86' lang='grc' dir='ltr'>πάντως</span> <span class='ocrx_word' id='word_1_101' title='bbox 1088 1505 1250 1573; x_wconf 81' lang='grc' dir='ltr'>εἶναι,</span> <span class='ocrx_word' id='word_1_102' title='bbox 1279 1512 1373 1563; x_wconf 76' lang='grc' dir='ltr'>καὶ</span> <span class='ocrx_word' id='word_1_103' title='bbox 1400 1510 1489 1563; x_wconf 79' lang='grc' dir='ltr'><strong>διὰ</strong></span> <span class='ocrx_word' id='word_1_104' title='bbox 1510 1508 1671 1562; x_wconf 84' lang='grc' dir='ltr'>τοῦτο</span> <span class='ocrx_word' id='word_1_105' title='bbox 1699 1509 1808 1562; x_wconf 86' lang='grc' dir='ltr'><strong>τῶν</strong></span> 
     </span>
    </p>
   </div>
   <div class='ocr_carea' id='block_1_17' title="bbox 223 1599 1808 1674">
    <p class='ocr_par' dir='ltr' id='par_1_17' title="bbox 223 1599 1808 1674">
     <span class='ocr_line' id='line_1_17' title="bbox 223 1599 1808 1674; baseline -0.005 -14"><span class='ocrx_word' id='word_1_106' title='bbox 223 1607 397 1661; x_wconf 73' lang='grc' dir='ltr'>ὄντων</span> <span class='ocrx_word' id='word_1_107' title='bbox 433 1601 755 1674; x_wconf 82' lang='grc' dir='ltr'><strong>θεοπρεπῶς</strong></span> <span class='ocrx_word' id='word_1_108' title='bbox 814 1600 1248 1672; x_wconf 78' lang='grc' dir='ltr'><strong>ἐπιμελούμενον</strong></span> <span class='ocrx_word' id='word_1_109' title='bbox 1300 1599 1480 1670; x_wconf 87' lang='grc' dir='ltr'>σοφῶς</span> <span class='ocrx_word' id='word_1_110' title='bbox 1527 1600 1569 1630; x_wconf 84' lang='grc'><strong>¹⁰</strong></span> <span class='ocrx_word' id='word_1_111' title='bbox 1623 1599 1808 1663; x_wconf 84' lang='grc' dir='ltr'>αὐτοῖς</span> 
     </span>
    </p>
   </div>
   <div class='ocr_carea' id='block_1_18' title="bbox 221 1691 1805 1769">
    <p class='ocr_par' dir='ltr' id='par_1_18' title="bbox 221 1691 1805 1769">
     <span class='ocr_line' id='line_1_18' title="bbox 221 1691 1805 1769; baseline -0.004 -16"><span class='ocrx_word' id='word_1_112' title='bbox 221 1698 413 1769; x_wconf 82' lang='grc' dir='ltr'>ῶσπερ</span> <span class='ocrx_word' id='word_1_113' title='bbox 464 1696 527 1750; x_wconf 83' lang='grc' dir='ltr'>τὸ</span> <span class='ocrx_word' id='word_1_114' title='bbox 581 1693 717 1750; x_wconf 73' lang='grc' dir='ltr'>εἶναι</span> <span class='ocrx_word' id='word_1_115' title='bbox 768 1694 862 1748; x_wconf 78' lang='grc' dir='ltr'>καὶ</span> <span class='ocrx_word' id='word_1_116' title='bbox 932 1694 1033 1764; x_wconf 82' lang='grc' dir='ltr'>τὴν</span> <span class='ocrx_word' id='word_1_117' title='bbox 1081 1692 1406 1765; x_wconf 76' lang='grc' dir='ltr'>κηδεμονίαν</span> <span class='ocrx_word' id='word_1_118' title='bbox 1460 1691 1805 1763; x_wconf 72' lang='grc' dir='ltr'>χαρίζεσθαι.</span> 
     </span>
    </p>
   </div>
   <div class='ocr_carea' id='block_1_19' title="bbox 222 1783 1805 1859">
    <p class='ocr_par' dir='ltr' id='par_1_19' title="bbox 222 1783 1805 1859">
     <span class='ocr_line' id='line_1_19' title="bbox 222 1783 1805 1859; baseline 0.001 -21"><span class='ocrx_word' id='word_1_119' title='bbox 222 1788 463 1859; x_wconf 86' lang='grc' dir='ltr'>Πρόνοια</span> <span class='ocrx_word' id='word_1_120' title='bbox 517 1787 626 1858; x_wconf 88' lang='grc' dir='ltr'><strong>γάρ</strong></span> <span class='ocrx_word' id='word_1_121' title='bbox 670 1788 784 1839; x_wconf 72' lang='grc' dir='ltr'>ἐστι</span> <span class='ocrx_word' id='word_1_122' title='bbox 827 1786 966 1840; x_wconf 79' lang='grc' dir='ltr'>κατὰ</span> <span class='ocrx_word' id='word_1_123' title='bbox 1013 1786 1141 1848; x_wconf 82' lang='grc' dir='ltr'><strong>τούς</strong></span> <span class='ocrx_word' id='word_1_124' title='bbox 1164 1783 1459 1857; x_wconf 77' lang='grc' dir='ltr'>θεοφόρους</span> <span class='ocrx_word' id='word_1_125' title='bbox 1489 1786 1805 1856; x_wconf 82' lang='grc' dir='ltr'>Πατέροςή</span> 
     </span>
    </p>
   </div>
   <div class='ocr_carea' id='block_1_20' title="bbox 222 1877 1803 1949">
    <p class='ocr_par' dir='ltr' id='par_1_20' title="bbox 222 1877 1803 1949">
     <span class='ocr_line' id='line_1_20' title="bbox 222 1877 1803 1949; baseline -0.001 -16"><span class='ocrx_word' id='word_1_126' title='bbox 222 1883 290 1935; x_wconf 81' lang='grc' dir='ltr'>ὲκ</span> <span class='ocrx_word' id='word_1_127' title='bbox 309 1879 449 1934; x_wconf 83' lang='grc' dir='ltr'>Θεοῦ</span> <span class='ocrx_word' id='word_1_128' title='bbox 489 1881 567 1944; x_wconf 84' lang='grc' dir='ltr'><strong>είς</strong></span> <span class='ocrx_word' id='word_1_129' title='bbox 600 1880 668 1933; x_wconf 83' lang='grc' dir='ltr'><strong>τά</strong></span> <span class='ocrx_word' id='word_1_130' title='bbox 696 1880 826 1932; x_wconf 74' lang='grc' dir='ltr'>ὄντα</span> <span class='ocrx_word' id='word_1_131' title='bbox 851 1879 1121 1948; x_wconf 80' lang='grc' dir='ltr'>γινομένη</span> <span class='ocrx_word' id='word_1_132' title='bbox 1144 1877 1457 1948; x_wconf 77' lang='grc' dir='ltr'>ἐπιμέλεια.</span> <span class='ocrx_word' id='word_1_133' title='bbox 1499 1877 1803 1949; x_wconf 79' lang='grc' dir='ltr'>Ὀρίζονται</span> 
     </span>
    </p>
   </div>
   <div class='ocr_carea' id='block_1_21' title="bbox 221 1969 1803 2044">
    <p class='ocr_par' dir='ltr' id='par_1_21' title="bbox 221 1969 1803 2044">
     <span class='ocr_line' id='line_1_21' title="bbox 221 1969 1803 2044; baseline -0.003 -17"><span class='ocrx_word' id='word_1_134' title='bbox 221 1973 282 2027; x_wconf 80' lang='grc' dir='ltr'>δὲ</span> <span class='ocrx_word' id='word_1_135' title='bbox 310 1973 483 2044; x_wconf 83' lang='grc' dir='ltr'>αὐτὴν</span> <span class='ocrx_word' id='word_1_136' title='bbox 509 1972 606 2026; x_wconf 70' lang='grc' dir='ltr'>καὶ</span> <span class='ocrx_word' id='word_1_137' title='bbox 653 1971 847 2035; x_wconf 81' lang='grc' dir='ltr'>οὓτως,</span> <span class='ocrx_word' id='word_1_138' title='bbox 912 1970 1148 2043; x_wconf 87' lang='grc' dir='ltr'>Πρόνοιά</span> <span class='ocrx_word' id='word_1_139' title='bbox 1196 1973 1314 2024; x_wconf 76' lang='grc' dir='ltr'>ἐστι</span> <span class='ocrx_word' id='word_1_140' title='bbox 1371 1969 1625 2041; x_wconf 82' lang='grc' dir='ltr'>βούλησις</span> <span class='ocrx_word' id='word_1_141' title='bbox 1667 1970 1803 2024; x_wconf 88' lang='grc' dir='ltr'>Θεοῦ</span> 
     </span>
    </p>
   </div>
   <div class='ocr_carea' id='block_1_22' title="bbox 222 2052 1807 2136">
    <p class='ocr_par' dir='ltr' id='par_1_22' title="bbox 222 2052 1807 2136">
     <span class='ocr_line' id='line_1_22' title="bbox 222 2052 1807 2136; baseline -0.004 -16"><span class='ocrx_word' id='word_1_142' title='bbox 222 2066 294 2120; x_wconf 81' lang='grc' dir='ltr'>δι’</span> <span class='ocrx_word' id='word_1_143' title='bbox 326 2067 395 2136; x_wconf 77' lang='grc' dir='ltr'>ἥν</span> <span class='ocrx_word' id='word_1_144' title='bbox 420 2065 599 2119; x_wconf 89' lang='grc' dir='ltr'>πάντα</span> <span class='ocrx_word' id='word_1_145' title='bbox 628 2063 698 2118; x_wconf 83' lang='grc' dir='ltr'>τὰ</span> <span class='ocrx_word' id='word_1_146' title='bbox 725 2063 855 2116; x_wconf 77' lang='grc' dir='ltr'>ὄντα</span> <span class='ocrx_word' id='word_1_147' title='bbox 880 2062 979 2133; x_wconf 79' lang='grc' dir='ltr'>τὴν</span> <span class='ocrx_word' id='word_1_148' title='bbox 1011 2052 1195 2132; x_wconf 74' lang='lat'><strong>(173</strong></span> <span class='ocrx_word' id='word_1_149' title='bbox 1219 2061 1270 2131; x_wconf 88' lang='lat' dir='ltr'><strong>b)</strong></span> <span class='ocrx_word' id='word_1_150' title='bbox 1299 2062 1609 2133; x_wconf 83' lang='grc' dir='ltr'>πρόσφορον</span> <span class='ocrx_word' id='word_1_151' title='bbox 1628 2062 1807 2128; x_wconf 80' lang='grc' dir='ltr'>διεξα-</span> 
     </span>
    </p>
   </div>
   <div class='ocr_carea' id='block_1_23' title="bbox 222 2153 1806 2228">
    <p class='ocr_par' dir='ltr' id='par_1_23' title="bbox 222 2153 1806 2228">
     <span class='ocr_line' id='line_1_23' title="bbox 222 2153 1806 2228; baseline -0.003 -16"><span class='ocrx_word' id='word_1_152' title='bbox 222 2158 418 2228; x_wconf 83' lang='grc' dir='ltr'>γωγὴν</span> <span class='ocrx_word' id='word_1_153' title='bbox 449 2156 740 2228; x_wconf 85' lang='grc' dir='ltr'>λαμϐάνει.</span> <span class='ocrx_word' id='word_1_154' title='bbox 776 2155 837 2208; x_wconf 87' lang='grc' dir='ltr'>Εί</span> <span class='ocrx_word' id='word_1_155' title='bbox 878 2153 935 2208; x_wconf 85' lang='grc' dir='ltr'>δὲ</span> <span class='ocrx_word' id='word_1_156' title='bbox 984 2153 1120 2206; x_wconf 86' lang='grc' dir='ltr'>Θεοῦ</span> <span class='ocrx_word' id='word_1_157' title='bbox 1178 2153 1433 2225; x_wconf 84' lang='grc' dir='ltr'>βούλησίς</span> <span class='ocrx_word' id='word_1_158' title='bbox 1493 2155 1662 2218; x_wconf 76' lang='grc' dir='ltr'>ἐστιν,</span> <span class='ocrx_word' id='word_1_159' title='bbox 1720 2154 1806 2207; x_wconf 81' lang='grc' dir='ltr'><strong>ἴνα</strong></span> 
     </span>
    </p>
   </div>
   <div class='ocr_carea' id='block_1_24' title="bbox 220 2244 1805 2315">
    <p class='ocr_par' dir='ltr' id='par_1_24' title="bbox 220 2244 1805 2315">
     <span class='ocr_line' id='line_1_24' title="bbox 220 2244 1805 2315; baseline -0.004 -10"><span class='ocrx_word' id='word_1_160' title='bbox 220 2250 416 2314; x_wconf 72' lang='grc' dir='ltr'>αὐτοῖς</span> <span class='ocrx_word' id='word_1_161' title='bbox 440 2248 551 2302; x_wconf 88' lang='grc' dir='ltr'><strong>τῶν</strong></span> <span class='ocrx_word' id='word_1_162' title='bbox 578 2246 917 2301; x_wconf 80' lang='grc' dir='ltr'><strong>διδασκάλων</strong></span> <span class='ocrx_word' id='word_1_163' title='bbox 945 2245 1242 2315; x_wconf 80' lang='grc' dir='ltr'>χρήσωμαι</span> <span class='ocrx_word' id='word_1_164' title='bbox 1279 2247 1391 2309; x_wconf 86' lang='grc' dir='ltr'>τοῖς</span> <span class='ocrx_word' id='word_1_165' title='bbox 1425 2244 1625 2313; x_wconf 79' lang='grc' dir='ltr'>λόγοις,</span> <span class='ocrx_word' id='word_1_166' title='bbox 1655 2247 1805 2299; x_wconf 83' lang='grc' dir='ltr'>πᾶσα</span> 
     </span>
    </p>
   </div>
   <div class='ocr_carea' id='block_1_25' title="bbox 220 2338 1803 2413">
    <p class='ocr_par' dir='ltr' id='par_1_25' title="bbox 220 2338 1803 2413">
     <span class='ocr_line' id='line_1_25' title="bbox 220 2338 1803 2413; baseline -0.003 -15"><span class='ocrx_word' id='word_1_167' title='bbox 220 2343 446 2413; x_wconf 78' lang='grc' dir='ltr'><strong>ἀνάγκη</strong></span> <span class='ocrx_word' id='word_1_168' title='bbox 471 2341 615 2397; x_wconf 83' lang='grc' dir='ltr'>κατά</span> <span class='ocrx_word' id='word_1_169' title='bbox 638 2341 728 2397; x_wconf 78' lang='grc' dir='ltr'><strong>τὸν</strong></span> <span class='ocrx_word' id='word_1_170' title='bbox 761 2340 924 2411; x_wconf 81' lang='grc' dir='ltr'>ὀρθὸν</span> <span class='ocrx_word' id='word_1_171' title='bbox 961 2339 1121 2409; x_wconf 85' lang='grc' dir='ltr'>λόγον</span> <span class='ocrx_word' id='word_1_172' title='bbox 1148 2338 1399 2408; x_wconf 82' lang='grc' dir='ltr'>γίνεσθαι</span> <span class='ocrx_word' id='word_1_173' title='bbox 1424 2340 1492 2393; x_wconf 75' lang='grc' dir='ltr'><strong>τὰ</strong></span> <span class='ocrx_word' id='word_1_174' title='bbox 1521 2341 1803 2411; x_wconf 88' lang='grc' dir='ltr'>γινόμενα,</span> 
     </span>
    </p>
   </div>
   <div class='ocr_carea' id='block_1_26' title="bbox 165 2424 1806 2508">
    <p class='ocr_par' dir='ltr' id='par_1_26' title="bbox 165 2424 1806 2508">
     <span class='ocr_line' id='line_1_26' title="bbox 165 2424 1806 2508; baseline -0.002 -17"><span class='ocrx_word' id='word_1_175' title='bbox 165 2438 172 2445; x_wconf 72' lang='grc'>⁷</span> <span class='ocrx_word' id='word_1_176' title='bbox 221 2436 330 2508; x_wconf 72' lang='grc' dir='ltr'>τὴν</span> <span class='ocrx_word' id='word_1_177' title='bbox 361 2433 599 2506; x_wconf 79' lang='grc' dir='ltr'>κρείττω</span> <span class='ocrx_word' id='word_1_178' title='bbox 627 2434 705 2505; x_wconf 80' lang='grc' dir='ltr'>μὴ</span> <span class='ocrx_word' id='word_1_179' title='bbox 747 2432 1115 2504; x_wconf 74' lang='grc' dir='ltr'>ἐπιδεχόμενοι</span> <span class='ocrx_word' id='word_1_180' title='bbox 1148 2432 1320 2498; x_wconf 76' lang='grc' dir='ltr'>τάξιν,</span> <span class='ocrx_word' id='word_1_181' title='bbox 1351 2424 1515 2488; x_wconf 64' lang='grc' dir='ltr'>αὐτὸν</span> <span class='ocrx_word' id='word_1_182' title='bbox 1546 2429 1639 2487; x_wconf 85' lang='grc' dir='ltr'><strong>οὗν</strong></span> <span class='ocrx_word' id='word_1_183' title='bbox 1668 2429 1806 2487; x_wconf 76' lang='grc' dir='ltr'>εἶναι</span> 
     </span>
    </p>
   </div>
   <div class='ocr_carea' id='block_1_27' title="bbox 222 2524 1807 2600">
    <p class='ocr_par' dir='ltr' id='par_1_27' title="bbox 222 2524 1807 2600">
     <span class='ocr_line' id='line_1_27' title="bbox 222 2524 1807 2600; baseline -0.003 -18"><span class='ocrx_word' id='word_1_184' title='bbox 222 2528 540 2600; x_wconf 84' lang='grc' dir='ltr'>προνοητὴν</span> <span class='ocrx_word' id='word_1_185' title='bbox 591 2527 657 2581; x_wconf 77' lang='grc' dir='ltr'>ὲκ</span> <span class='ocrx_word' id='word_1_186' title='bbox 693 2526 892 2589; x_wconf 82' lang='grc' dir='ltr'>παντὸς</span> <span class='ocrx_word' id='word_1_187' title='bbox 936 2525 1137 2597; x_wconf 81' lang='grc' dir='ltr'>τρόπου</span> <span class='ocrx_word' id='word_1_188' title='bbox 1170 2526 1344 2578; x_wconf 80' lang='grc' dir='ltr'>εἰπεῖν</span> <span class='ocrx_word' id='word_1_189' title='bbox 1385 2524 1747 2595; x_wconf 81' lang='grc' dir='ltr'>ὲναχθὴσεται</span> <span class='ocrx_word' id='word_1_190' title='bbox 1778 2526 1807 2578; x_wconf 84' lang='grc' dir='ltr'><strong>ό</strong></span> 
     </span>
    </p>
   </div>
   <div class='ocr_carea' id='block_1_28' title="bbox 220 2617 1806 2691">
    <p class='ocr_par' dir='ltr' id='par_1_28' title="bbox 220 2617 1806 2691">
     <span class='ocr_line' id='line_1_28' title="bbox 220 2617 1806 2691; baseline -0.001 -18"><span class='ocrx_word' id='word_1_191' title='bbox 220 2619 332 2691; x_wconf 78' lang='grc' dir='ltr'><strong>τὴν</strong></span> <span class='ocrx_word' id='word_1_192' title='bbox 371 2618 634 2691; x_wconf 81' lang='grc' dir='ltr'>ἀλήθειαν</span> <span class='ocrx_word' id='word_1_193' title='bbox 662 2617 856 2689; x_wconf 85' lang='grc' dir='ltr'>ὁδηγὸν</span> <span class='ocrx_word' id='word_1_194' title='bbox 891 2617 1035 2688; x_wconf 78' lang='grc' dir='ltr'>ἔχειν</span> <span class='ocrx_word' id='word_1_195' title='bbox 1062 2617 1340 2687; x_wconf 75' lang='grc' dir='ltr'>ἐλόμενος,</span> <span class='ocrx_word' id='word_1_196' title='bbox 1367 2617 1427 2671; x_wconf 81' lang='grc' dir='ltr'>ὃν</span> <span class='ocrx_word' id='word_1_197' title='bbox 1454 2620 1548 2673; x_wconf 76' lang='grc' dir='ltr'>καὶ</span> <span class='ocrx_word' id='word_1_198' title='bbox 1577 2620 1806 2691; x_wconf 81' lang='grc' dir='ltr'>ποιητὴν</span> 
     </span>
    </p>
   </div>
   <div class='ocr_carea' id='block_1_29' title="bbox 220 2708 1804 2782">
    <p class='ocr_par' dir='ltr' id='par_1_29' title="bbox 220 2708 1804 2782">
     <span class='ocr_line' id='line_1_29' title="bbox 220 2708 1804 2782; baseline 0 -18"><span class='ocrx_word' id='word_1_199' title='bbox 220 2713 373 2780; x_wconf 78' lang='grc' dir='ltr'>ἔγνω</span> <span class='ocrx_word' id='word_1_200' title='bbox 406 2710 515 2765; x_wconf 86' lang='grc' dir='ltr'><strong>τῶν</strong></span> <span class='ocrx_word' id='word_1_201' title='bbox 537 2710 707 2765; x_wconf 73' lang='grc' dir='ltr'>ὅντων</span> <span class='ocrx_word' id='word_1_202' title='bbox 743 2708 983 2780; x_wconf 86' lang='grc' dir='ltr'>άληθῶς,</span> <span class='ocrx_word' id='word_1_203' title='bbox 1005 2709 1154 2782; x_wconf 81' lang='grc' dir='ltr'>ἢτοῦ</span> <span class='ocrx_word' id='word_1_204' title='bbox 1182 2710 1543 2780; x_wconf 83' lang='grc' dir='ltr'>πεποιηκότος</span> <span class='ocrx_word' id='word_1_205' title='bbox 1567 2712 1635 2765; x_wconf 84' lang='grc' dir='ltr'><strong>τά</strong></span> <span class='ocrx_word' id='word_1_206' title='bbox 1656 2711 1804 2775; x_wconf 79' lang='grc' dir='ltr'>ὄντα,</span> 
     </span>
    </p>
   </div>
   <div class='ocr_carea' id='block_1_30' title="bbox 220 2801 1807 2874">
    <p class='ocr_par' dir='ltr' id='par_1_30' title="bbox 220 2801 1807 2874">
     <span class='ocr_line' id='line_1_30' title="bbox 220 2801 1807 2874; baseline -0.001 -16"><span class='ocrx_word' id='word_1_207' title='bbox 220 2805 392 2874; x_wconf 70' lang='grc' dir='ltr'>εἰπερ</span> <span class='ocrx_word' id='word_1_208' title='bbox 416 2804 520 2858; x_wconf 87' lang='grc' dir='ltr'><strong>κάν</strong></span> <span class='ocrx_word' id='word_1_209' title='bbox 547 2808 660 2868; x_wconf 77' lang='grc' dir='ltr'>τοῖς</span> <span class='ocrx_word' id='word_1_210' title='bbox 687 2803 867 2870; x_wconf 76' lang='grc' dir='ltr'>ζώοις,</span> <span class='ocrx_word' id='word_1_211' title='bbox 896 2802 1026 2857; x_wconf 81' lang='grc' dir='ltr'>ὅταν</span> <span class='ocrx_word' id='word_1_212' title='bbox 1060 2804 1180 2866; x_wconf 76' lang='grc' dir='ltr'>ταῖς</span> <span class='ocrx_word' id='word_1_213' title='bbox 1214 2801 1359 2856; x_wconf 84' lang='grc' dir='ltr'>κατὰ</span> <span class='ocrx_word' id='word_1_214' title='bbox 1405 2801 1564 2873; x_wconf 88' lang='grc' dir='ltr'>λόγον</span> <span class='ocrx_word' id='word_1_215' title='bbox 1595 2804 1807 2873; x_wconf 77' lang='grc' dir='ltr'>ἐφόδοις</span> 
     </span>
    </p>
   </div>
   <div class='ocr_carea' id='block_1_31' title="bbox 219 2892 1847 2966">
    <p class='ocr_par' dir='ltr' id='par_1_31' title="bbox 219 2892 1847 2966">
     <span class='ocr_line' id='line_1_31' title="bbox 219 2892 1847 2966; baseline 0 -16"><span class='ocrx_word' id='word_1_216' title='bbox 219 2900 348 2961; x_wconf 80' lang='grc' dir='ltr'>τοῖς</span> <span class='ocrx_word' id='word_1_217' title='bbox 371 2892 528 2951; x_wconf 82' lang='grc' dir='ltr'>οὖσιν</span> <span class='ocrx_word' id='word_1_218' title='bbox 571 2895 903 2966; x_wconf 79' lang='grc' dir='ltr'>ἐμϐαλόντες</span> <span class='ocrx_word' id='word_1_219' title='bbox 948 2893 1106 2965; x_wconf 87' lang='grc' dir='ltr'>ήμῶν</span> <span class='ocrx_word' id='word_1_220' title='bbox 1156 2893 1217 2947; x_wconf 83' lang='grc' dir='ltr'>τὸ</span> <span class='ocrx_word' id='word_1_221' title='bbox 1255 2894 1443 2965; x_wconf 83' lang='grc' dir='ltr'>νοερὸν</span> <span class='ocrx_word' id='word_1_222' title='bbox 1477 2894 1807 2966; x_wconf 84' lang='grc' dir='ltr'>εὑρίσκομεν</span> <span class='ocrx_word' id='word_1_223' title='bbox 1844 2948 1847 2951; x_wconf 70' lang='grc'><strong>,</strong></span> 
     </span>
    </p>
   </div>
   <div class='ocr_carea' id='block_1_32' title="bbox 221 2985 1805 3060">
    <p class='ocr_par' dir='ltr' id='par_1_32' title="bbox 221 2985 1805 3060">
     <span class='ocr_line' id='line_1_32' title="bbox 221 2985 1805 3060; baseline -0.002 -16"><span class='ocrx_word' id='word_1_224' title='bbox 221 2990 492 3060; x_wconf 73' lang='grc' dir='ltr'>ἔμφασιν,</span> <span class='ocrx_word' id='word_1_225' title='bbox 547 2990 649 3042; x_wconf 88' lang='grc' dir='ltr'><strong>οὐκ</strong></span> <span class='ocrx_word' id='word_1_226' title='bbox 686 2988 898 3057; x_wconf 84' lang='grc' dir='ltr'>άγενῶς</span> <span class='ocrx_word' id='word_1_227' title='bbox 948 2986 1020 3040; x_wconf 83' lang='grc' dir='ltr'>τὰ</span> <span class='ocrx_word' id='word_1_228' title='bbox 1071 2987 1212 3059; x_wconf 78' lang='grc' dir='ltr'>ὑπὲρ</span> <span class='ocrx_word' id='word_1_229' title='bbox 1264 2985 1423 3055; x_wconf 88' lang='grc' dir='ltr'>λόγον</span> <span class='ocrx_word' id='word_1_230' title='bbox 1462 2987 1805 3052; x_wconf 73' lang='grc' dir='ltr'>εἰκάζουσαν.</span> 
     </span>
    </p>
   </div>
   <div class='ocr_carea' id='block_1_33' title="bbox 236 3076 1807 3149">
    <p class='ocr_par' dir='ltr' id='par_1_33' title="bbox 236 3076 1807 3149">
     <span class='ocr_line' id='line_1_33' title="bbox 236 3076 1807 3149; baseline -0.003 -16"><span class='ocrx_word' id='word_1_231' title='bbox 236 3079 460 3133; x_wconf 79' lang='grc' dir='ltr'>Ἐκεῖνά</span> <span class='ocrx_word' id='word_1_232' title='bbox 480 3096 541 3132; x_wconf 89' lang='grc' dir='ltr'><strong>τε</strong></span> <span class='ocrx_word' id='word_1_233' title='bbox 574 3078 683 3149; x_wconf 74' lang='grc' dir='ltr'><strong>γὰρ</strong></span> <span class='ocrx_word' id='word_1_234' title='bbox 716 3078 951 3149; x_wconf 80' lang='grc' dir='ltr'>ὁρῶντες</span> <span class='ocrx_word' id='word_1_235' title='bbox 981 3076 1126 3131; x_wconf 79' lang='grc' dir='ltr'>κατὰ</span> <span class='ocrx_word' id='word_1_236' title='bbox 1159 3076 1317 3146; x_wconf 79' lang='grc' dir='ltr'>γένος</span> <span class='ocrx_word' id='word_1_237' title='bbox 1358 3076 1466 3130; x_wconf 85' lang='grc' dir='ltr'><strong>τῶν</strong></span> <span class='ocrx_word' id='word_1_238' title='bbox 1522 3076 1583 3142; x_wconf 75' lang='grc' dir='ltr'>ἐξ</span> <span class='ocrx_word' id='word_1_239' title='bbox 1627 3077 1807 3131; x_wconf 90' lang='grc' dir='ltr'>αὐτῶν</span> 
     </span>
    </p>
   </div>
   <div class='ocr_carea' id='block_1_34' title="bbox 224 3166 1807 3241">
    <p class='ocr_par' dir='ltr' id='par_1_34' title="bbox 224 3166 1807 3241">
     <span class='ocr_line' id='line_1_34' title="bbox 224 3166 1807 3241; baseline 0.001 -19"><span class='ocrx_word' id='word_1_240' title='bbox 224 3170 481 3236; x_wconf 79' lang='grc' dir='ltr'>φυσικῶς</span> <span class='ocrx_word' id='word_1_241' title='bbox 532 3167 963 3239; x_wconf 72' lang='grc' dir='ltr'>ἑπιμελούμενα,</span> <span class='ocrx_word' id='word_1_242' title='bbox 1026 3166 1355 3241; x_wconf 63' lang='grc' dir='ltr'>θαρροῦντες</span> <span class='ocrx_word' id='word_1_243' title='bbox 1400 3168 1496 3223; x_wconf 78' lang='grc' dir='ltr'>καὶ</span> <span class='ocrx_word' id='word_1_244' title='bbox 1530 3170 1691 3239; x_wconf 78' lang='grc' dir='ltr'>ἡμεῖς</span> <span class='ocrx_word' id='word_1_245' title='bbox 1716 3170 1807 3223; x_wconf 75' lang='grc' dir='ltr'>τὸν</span> 
     </span>
    </p>
   </div>
   <div class='ocr_carea' id='block_1_35' title="bbox 225 3256 1811 3333">
    <p class='ocr_par' dir='ltr' id='par_1_35' title="bbox 225 3256 1811 3333">
     <span class='ocr_line' id='line_1_35' title="bbox 225 3256 1811 3333; baseline 0.002 -18"><span class='ocrx_word' id='word_1_246' title='bbox 225 3264 365 3333; x_wconf 79' lang='grc' dir='ltr'>περὶ</span> <span class='ocrx_word' id='word_1_247' title='bbox 393 3261 489 3315; x_wconf 85' lang='grc' dir='ltr'><strong>τοῦ</strong></span> <span class='ocrx_word' id='word_1_248' title='bbox 534 3262 845 3332; x_wconf 81' lang='grc' dir='ltr'>προνοητὴν</span> <span class='ocrx_word' id='word_1_249' title='bbox 876 3259 1190 3331; x_wconf 83' lang='grc' dir='ltr'>μονῶτατον</span> <span class='ocrx_word' id='word_1_250' title='bbox 1222 3256 1362 3314; x_wconf 78' lang='grc' dir='ltr'>εἶναι</span> <span class='ocrx_word' id='word_1_251' title='bbox 1388 3261 1479 3314; x_wconf 87' lang='grc' dir='ltr'>τὸν</span> <span class='ocrx_word' id='word_1_252' title='bbox 1509 3261 1643 3314; x_wconf 81' lang='grc' dir='ltr'>Θεὸν</span> <span class='ocrx_word' id='word_1_253' title='bbox 1674 3263 1811 3317; x_wconf 86' lang='grc' dir='ltr'>πάν-</span> 
     </span>
    </p>
   </div>
   <div class='ocr_carea' id='block_1_36' title="bbox 224 3352 1814 3427">
    <p class='ocr_par' dir='ltr' id='par_1_36' title="bbox 224 3352 1814 3427">
     <span class='ocr_line' id='line_1_36' title="bbox 224 3352 1814 3427; baseline -0.001 -17"><span class='ocrx_word' id='word_1_254' title='bbox 224 3373 344 3410; x_wconf 84' lang='grc' dir='ltr'><strong>των</strong></span> <span class='ocrx_word' id='word_1_255' title='bbox 399 3354 508 3409; x_wconf 87' lang='grc' dir='ltr'><strong>τῶν</strong></span> <span class='ocrx_word' id='word_1_256' title='bbox 548 3354 717 3408; x_wconf 74' lang='grc' dir='ltr'>όντων</span> <span class='ocrx_word' id='word_1_257' title='bbox 772 3352 891 3423; x_wconf 88' lang='grc' dir='ltr'>μετ’</span> <span class='ocrx_word' id='word_1_258' title='bbox 931 3352 1190 3416; x_wconf 80' lang='grc' dir='ltr'>εὐσεϐοῦς</span> <span class='ocrx_word' id='word_1_259' title='bbox 1224 3355 1541 3427; x_wconf 74' lang='grc' dir='ltr'>παρρησίας</span> <span class='ocrx_word' id='word_1_260' title='bbox 1574 3355 1814 3420; x_wconf 82' lang='grc' dir='ltr'>εὐσεϐῶς</span> 
     </span>
    </p>
   </div>
   <div class='ocr_carea' id='block_1_37' title="bbox 228 3446 1813 3517">
    <p class='ocr_par' dir='ltr' id='par_1_37' title="bbox 228 3446 1813 3517">
     <span class='ocr_line' id='line_1_37' title="bbox 228 3446 1813 3517; baseline 0.002 -17"><span class='ocrx_word' id='word_1_261' title='bbox 228 3449 452 3511; x_wconf 70' lang='grc' dir='ltr'>ἑαυτοῖς</span> <span class='ocrx_word' id='word_1_262' title='bbox 485 3447 640 3517; x_wconf 89' lang='grc' dir='ltr'>λόγον</span> <span class='ocrx_word' id='word_1_263' title='bbox 668 3446 1040 3517; x_wconf 78' lang='grc' dir='ltr'>διορίζομεθα,</span> <span class='ocrx_word' id='word_1_264' title='bbox 1073 3447 1169 3499; x_wconf 74' lang='grc' dir='ltr'>καὶ</span> <span class='ocrx_word' id='word_1_265' title='bbox 1198 3446 1261 3500; x_wconf 93' lang='grc' dir='ltr'><strong>οὐ</strong></span> <span class='ocrx_word' id='word_1_266' title='bbox 1294 3446 1403 3500; x_wconf 87' lang='grc' dir='ltr'><strong>τῶν</strong></span> <span class='ocrx_word' id='word_1_267' title='bbox 1435 3448 1558 3516; x_wconf 85' lang='grc' dir='ltr'>μὲν,</span> <span class='ocrx_word' id='word_1_268' title='bbox 1604 3447 1711 3501; x_wconf 90' lang='grc' dir='ltr'><strong>τῶν</strong></span> <span class='ocrx_word' id='word_1_269' title='bbox 1755 3448 1813 3503; x_wconf 84' lang='grc' dir='ltr'>δὲ</span> 
     </span>
    </p>
   </div>
   <div class='ocr_carea' id='block_1_38' title="bbox 226 3540 1812 3613">
    <p class='ocr_par' dir='ltr' id='par_1_38' title="bbox 226 3540 1812 3613">
     <span class='ocr_line' id='line_1_38' title="bbox 226 3540 1812 3613; baseline 0 -17"><span class='ocrx_word' id='word_1_270' title='bbox 226 3540 320 3607; x_wconf 81' lang='grc' dir='ltr'>οὒ,</span> <span class='ocrx_word' id='word_1_271' title='bbox 375 3541 630 3612; x_wconf 86' lang='grc' dir='ltr'>καθάπερ</span> <span class='ocrx_word' id='word_1_272' title='bbox 684 3541 827 3604; x_wconf 80' lang='grc' dir='ltr'>τινὲς</span> <span class='ocrx_word' id='word_1_273' title='bbox 878 3540 988 3594; x_wconf 87' lang='grc' dir='ltr'><strong>τῶν</strong></span> <span class='ocrx_word' id='word_1_274' title='bbox 1032 3541 1103 3594; x_wconf 81' lang='grc' dir='ltr'>τὰ</span> <span class='ocrx_word' id='word_1_275' title='bbox 1158 3540 1263 3608; x_wconf 79' lang='grc' dir='ltr'><strong>ἔξω</strong></span> <span class='ocrx_word' id='word_1_276' title='bbox 1310 3541 1812 3613; x_wconf 76' lang='grc' dir='ltr'>φιλοσοφησάντων,</span> 
     </span>
    </p>
   </div>
   <div class='ocr_carea' id='block_1_39' title="bbox 228 3633 1815 3705">
    <p class='ocr_par' dir='ltr' id='par_1_39' title="bbox 228 3633 1815 3705">
     <span class='ocr_line' id='line_1_39' title="bbox 228 3633 1815 3705; baseline -0.001 -16"><span class='ocrx_word' id='word_1_277' title='bbox 228 3633 374 3689; x_wconf 71' lang='grc' dir='ltr'>ἀλλὰ</span> <span class='ocrx_word' id='word_1_278' title='bbox 404 3635 627 3688; x_wconf 88' lang='grc' dir='ltr'>πάντων</span> <span class='ocrx_word' id='word_1_279' title='bbox 647 3633 807 3705; x_wconf 84' lang='grc' dir='ltr'>ὁμοῦ,</span> <span class='ocrx_word' id='word_1_280' title='bbox 838 3634 981 3688; x_wconf 87' lang='grc' dir='ltr'>κατά</span> <span class='ocrx_word' id='word_1_281' title='bbox 1008 3633 1138 3705; x_wconf 91' lang='grc' dir='ltr'>μίαν</span> <span class='ocrx_word' id='word_1_282' title='bbox 1188 3634 1287 3702; x_wconf 86' lang='grc' dir='ltr'>τῆς</span> <span class='ocrx_word' id='word_1_283' title='bbox 1339 3633 1673 3704; x_wconf 80' lang='grc' dir='ltr'>ἀγαθότητος</span> <span class='ocrx_word' id='word_1_284' title='bbox 1719 3637 1815 3690; x_wconf 76' lang='grc' dir='ltr'>καὶ</span> 
     </span>
    </p>
   </div>
   <div class='ocr_carea' id='block_1_40' title="bbox 228 3725 1816 3797">
    <p class='ocr_par' dir='ltr' id='par_1_40' title="bbox 228 3725 1816 3797">
     <span class='ocr_line' id='line_1_40' title="bbox 228 3725 1816 3797; baseline 0 -16"><span class='ocrx_word' id='word_1_285' title='bbox 228 3727 665 3797; x_wconf 73' lang='grc' dir='ltr'>ἀπαράλλακτον</span> <span class='ocrx_word' id='word_1_286' title='bbox 698 3725 983 3797; x_wconf 84' lang='grc' dir='ltr'>βούλησιν,</span> <span class='ocrx_word' id='word_1_287' title='bbox 1015 3725 1124 3779; x_wconf 88' lang='grc' dir='ltr'><strong>τῶν</strong></span> <span class='ocrx_word' id='word_1_288' title='bbox 1154 3742 1217 3778; x_wconf 87' lang='grc' dir='ltr'><strong>τε</strong></span> <span class='ocrx_word' id='word_1_289' title='bbox 1266 3727 1498 3780; x_wconf 80' lang='grc' dir='ltr'>καθόλου</span> <span class='ocrx_word' id='word_1_290' title='bbox 1555 3728 1652 3781; x_wconf 76' lang='grc' dir='ltr'>καὶ</span> <span class='ocrx_word' id='word_1_291' title='bbox 1707 3728 1816 3781; x_wconf 91' lang='grc' dir='ltr'><strong>τῶν</strong></span> 
     </span>
    </p>
   </div>
   <div class='ocr_carea' id='block_1_41' title="bbox 228 3817 1818 3891">
    <p class='ocr_par' dir='ltr' id='par_1_41' title="bbox 228 3817 1818 3891">
     <span class='ocr_line' id='line_1_41' title="bbox 228 3817 1818 3891; baseline -0.001 -16"><span class='ocrx_word' id='word_1_292' title='bbox 228 3820 363 3875; x_wconf 73' lang='grc' dir='ltr'>καθ’</span> <span class='ocrx_word' id='word_1_293' title='bbox 393 3820 646 3887; x_wconf 71' lang='grc' dir='ltr'>ἕκαστον,</span> <span class='ocrx_word' id='word_1_294' title='bbox 687 3819 889 3882; x_wconf 76' lang='grc' dir='ltr'>ειδότες</span> <span class='ocrx_word' id='word_1_295' title='bbox 914 3819 1000 3890; x_wconf 65' lang='grc' dir='ltr'>ιὼς</span> <span class='ocrx_word' id='word_1_296' title='bbox 1035 3817 1144 3873; x_wconf 88' lang='grc' dir='ltr'><strong>τῶν</strong></span> <span class='ocrx_word' id='word_1_297' title='bbox 1188 3818 1334 3873; x_wconf 85' lang='grc' dir='ltr'>κατὰ</span> <span class='ocrx_word' id='word_1_298' title='bbox 1382 3820 1547 3891; x_wconf 87' lang='grc' dir='ltr'>μέρος</span> <span class='ocrx_word' id='word_1_299' title='bbox 1599 3820 1818 3874; x_wconf 83' lang='grc' dir='ltr'>πάντων</span> 
     </span>
    </p>
   </div>
   <div class='ocr_carea' id='block_1_42' title="bbox 228 3909 1819 3982">
    <p class='ocr_par' dir='ltr' id='par_1_42' title="bbox 228 3909 1819 3982">
     <span class='ocr_line' id='line_1_42' title="bbox 228 3909 1819 3982; baseline -0.001 -16"><span class='ocrx_word' id='word_1_300' title='bbox 228 3910 318 3982; x_wconf 83' lang='grc' dir='ltr'><strong>τῷ</strong></span> <span class='ocrx_word' id='word_1_301' title='bbox 345 3910 423 3982; x_wconf 81' lang='grc' dir='ltr'>μὴ</span> <span class='ocrx_word' id='word_1_302' title='bbox 450 3910 707 3981; x_wconf 84' lang='grc' dir='ltr'>προνοίας</span> <span class='ocrx_word' id='word_1_303' title='bbox 729 3909 1027 3981; x_wconf 82' lang='grc' dir='ltr'>τυγχάνειν</span> <span class='ocrx_word' id='word_1_304' title='bbox 1054 3909 1149 3963; x_wconf 74' lang='grc' dir='ltr'>καὶ</span> <span class='ocrx_word' id='word_1_305' title='bbox 1176 3909 1425 3981; x_wconf 80' lang='grc' dir='ltr'>φυλακῆς</span> <span class='ocrx_word' id='word_1_306' title='bbox 1447 3909 1547 3980; x_wconf 82' lang='grc' dir='ltr'><strong>τῆς</strong></span> <span class='ocrx_word' id='word_1_307' title='bbox 1576 3910 1819 3982; x_wconf 78' lang='grc' dir='ltr'>πρεπού-</span> 
     </span>
    </p>
   </div>
   <div class='ocr_carea' id='block_1_43' title="bbox 232 3989 1819 4075">
    <p class='ocr_par' dir='ltr' id='par_1_43' title="bbox 232 3989 1819 4075">
     <span class='ocr_line' id='line_1_43' title="bbox 232 3989 1819 4075; baseline -0.003 -17"><span class='ocrx_word' id='word_1_308' title='bbox 232 4019 345 4075; x_wconf 82' lang='grc' dir='ltr'><strong>σης</strong></span> <span class='ocrx_word' id='word_1_309' title='bbox 384 3989 867 4075; x_wconf 71' lang='grc' dir='ltr'>διαφθειρομένων</span> <span class='ocrx_word' id='word_1_310' title='bbox 893 4001 988 4054; x_wconf 79' lang='grc' dir='ltr'>καὶ</span> <span class='ocrx_word' id='word_1_311' title='bbox 1032 4001 1100 4054; x_wconf 79' lang='grc' dir='ltr'>τὰ</span> <span class='ocrx_word' id='word_1_312' title='bbox 1136 4000 1367 4054; x_wconf 80' lang='grc' dir='ltr'>καθόλου</span> <span class='ocrx_word' id='word_1_313' title='bbox 1412 4000 1819 4073; x_wconf 84' lang='grc' dir='ltr'>συνδιαφθαρή-</span> 
     </span>
    </p>
   </div>
   <div class='ocr_carea' id='block_1_44' title="bbox 234 4090 1819 4167">
    <p class='ocr_par' dir='ltr' id='par_1_44' title="bbox 234 4090 1819 4167">
     <span class='ocr_line' id='line_1_44' title="bbox 234 4090 1819 4167; baseline -0.001 -18"><span class='ocrx_word' id='word_1_314' title='bbox 234 4112 398 4151; x_wconf 79' lang='grc' dir='ltr'>σεται</span> <span class='ocrx_word' id='word_1_315' title='bbox 418 4096 506 4167; x_wconf 77' lang='grc' dir='ltr'><strong>(ὲκ</strong></span> <span class='ocrx_word' id='word_1_316' title='bbox 526 4093 636 4166; x_wconf 79' lang='grc' dir='ltr'><strong>γάρ</strong></span> <span class='ocrx_word' id='word_1_317' title='bbox 661 4094 773 4148; x_wconf 88' lang='grc' dir='ltr'><strong>τῶν</strong></span> <span class='ocrx_word' id='word_1_318' title='bbox 803 4090 947 4148; x_wconf 85' lang='grc' dir='ltr'>κατὰ</span> <span class='ocrx_word' id='word_1_319' title='bbox 981 4092 1153 4164; x_wconf 84' lang='grc' dir='ltr'>μέρος</span> <span class='ocrx_word' id='word_1_320' title='bbox 1191 4092 1260 4147; x_wconf 83' lang='grc' dir='ltr'><strong>τά</strong></span> <span class='ocrx_word' id='word_1_321' title='bbox 1298 4093 1528 4147; x_wconf 79' lang='grc' dir='ltr'>καθόλου</span> <span class='ocrx_word' id='word_1_322' title='bbox 1570 4095 1819 4148; x_wconf 87' lang='grc' dir='ltr'>συνίστα-</span> 
     </span>
    </p>
   </div>
   <div class='ocr_carea' id='block_1_45' title="bbox 234 4185 1816 4259">
    <p class='ocr_par' dir='ltr' id='par_1_45' title="bbox 234 4185 1816 4259">
     <span class='ocr_line' id='line_1_45' title="bbox 234 4185 1816 4259; baseline -0.001 -18"><span class='ocrx_word' id='word_1_323' title='bbox 234 4187 368 4242; x_wconf 86' lang='grc' dir='ltr'>σθαι</span> <span class='ocrx_word' id='word_1_324' title='bbox 408 4188 662 4257; x_wconf 76' lang='grc' dir='ltr'>πέφυκε),</span> <span class='ocrx_word' id='word_1_325' title='bbox 693 4190 793 4259; x_wconf 84' lang='grc' dir='ltr'>τὴν</span> <span class='ocrx_word' id='word_1_326' title='bbox 844 4186 975 4257; x_wconf 73' lang='grc' dir='ltr'>περὶ</span> <span class='ocrx_word' id='word_1_327' title='bbox 1016 4186 1208 4240; x_wconf 82' lang='grc' dir='ltr'>τούτου</span> <span class='ocrx_word' id='word_1_328' title='bbox 1254 4185 1478 4256; x_wconf 78' lang='grc' dir='ltr'>λογικὴν</span> <span class='ocrx_word' id='word_1_329' title='bbox 1524 4186 1816 4251; x_wconf 80' lang='grc' dir='ltr'>ἀπόδειξιν,</span> 
     </span>
    </p>
   </div>
   <div class='ocr_carea' id='block_1_46' title="bbox 233 4277 1820 4349">
    <p class='ocr_par' dir='ltr' id='par_1_46' title="bbox 233 4277 1820 4349">
     <span class='ocr_line' id='line_1_46' title="bbox 233 4277 1820 4349; baseline -0.004 -14"><span class='ocrx_word' id='word_1_330' title='bbox 233 4280 333 4335; x_wconf 78' lang='grc' dir='ltr'>διὰ</span> <span class='ocrx_word' id='word_1_331' title='bbox 354 4279 455 4349; x_wconf 82' lang='grc' dir='ltr'>τῆς</span> <span class='ocrx_word' id='word_1_332' title='bbox 476 4279 699 4349; x_wconf 83' lang='grc' dir='ltr'>εὐλόγου</span> <span class='ocrx_word' id='word_1_333' title='bbox 724 4280 1089 4349; x_wconf 81' lang='grc' dir='ltr'>ὰντιστροφῆς</span> <span class='ocrx_word' id='word_1_334' title='bbox 1136 4277 1272 4348; x_wconf 84' lang='grc' dir='ltr'>πρὸς</span> <span class='ocrx_word' id='word_1_335' title='bbox 1306 4277 1404 4349; x_wconf 75' lang='grc' dir='ltr'>τὴν</span> <span class='ocrx_word' id='word_1_336' title='bbox 1432 4277 1689 4349; x_wconf 85' lang='grc' dir='ltr'>ἀλήθειαν</span> <span class='ocrx_word' id='word_1_337' title='bbox 1723 4278 1820 4349; x_wconf 70' lang='lat' dir='ltr'><strong>op-</strong></span> 
     </span>
    </p>
   </div>
   <div class='ocr_carea' id='block_1_47' title="bbox 214 4367 1821 4442">
    <p class='ocr_par' dir='ltr' id='par_1_47' title="bbox 214 4367 1821 4442">
     <span class='ocr_line' id='line_1_47' title="bbox 214 4367 1821 4442; baseline -0.002 -15"><span class='ocrx_word' id='word_1_338' title='bbox 214 4370 354 4435; x_wconf 80' lang='grc' dir='ltr'><strong>θῶς</strong></span> <span class='ocrx_word' id='word_1_339' title='bbox 380 4370 744 4442; x_wconf 88' lang='grc' dir='ltr'>ποδηγοῦσαν,</span> <span class='ocrx_word' id='word_1_340' title='bbox 775 4370 990 4433; x_wconf 81' lang='grc' dir='ltr'>ἑαυτοῖς</span> <span class='ocrx_word' id='word_1_341' title='bbox 1015 4367 1469 4439; x_wconf 86' lang='grc' dir='ltr'>προϐαλλόμενοι.</span> <span class='ocrx_word' id='word_1_342' title='bbox 1507 4369 1569 4421; x_wconf 83' lang='grc' dir='ltr'><strong>Εί</strong></span> <span class='ocrx_word' id='word_1_343' title='bbox 1601 4368 1710 4440; x_wconf 87' lang='grc' dir='ltr'>γὰρ</span> <span class='ocrx_word' id='word_1_344' title='bbox 1752 4368 1821 4423; x_wconf 81' lang='grc' dir='ltr'><strong>τά</strong></span> 
     </span>
    </p>
   </div>
   <div class='ocr_carea' id='block_1_48' title="bbox 234 4460 1821 4533">
    <p class='ocr_par' dir='ltr' id='par_1_48' title="bbox 234 4460 1821 4533">
     <span class='ocr_line' id='line_1_48' title="bbox 234 4460 1821 4533; baseline -0.004 -15"><span class='ocrx_word' id='word_1_345' title='bbox 234 4465 478 4520; x_wconf 83' lang='grc' dir='ltr'>καθόλου</span> <span class='ocrx_word' id='word_1_346' title='bbox 511 4465 570 4517; x_wconf 81' lang='grc' dir='ltr'>ὲν</span> <span class='ocrx_word' id='word_1_347' title='bbox 592 4466 707 4527; x_wconf 84' lang='grc' dir='ltr'>τοῖς</span> <span class='ocrx_word' id='word_1_348' title='bbox 734 4462 878 4517; x_wconf 84' lang='grc' dir='ltr'>κατὰ</span> <span class='ocrx_word' id='word_1_349' title='bbox 910 4461 1074 4533; x_wconf 79' lang='grc' dir='ltr'>μέρος</span> <span class='ocrx_word' id='word_1_350' title='bbox 1101 4461 1430 4532; x_wconf 79' lang='grc' dir='ltr'>ὑφέστηκεν,</span> <span class='ocrx_word' id='word_1_351' title='bbox 1467 4460 1718 4530; x_wconf 88' lang='grc' dir='ltr'>οὐδαμῶς</span> <span class='ocrx_word' id='word_1_352' title='bbox 1759 4461 1821 4513; x_wconf 81' lang='grc' dir='ltr'>τὸ</span> 
     </span>
    </p>
   </div>
   <div class='ocr_carea' id='block_1_49' title="bbox 1904 593 3484 664">
    <p class='ocr_par' dir='ltr' id='par_1_49' title="bbox 1904 593 3484 664">
     <span class='ocr_line' id='line_1_49' title="bbox 1904 593 3484 664; baseline 0.008 -20"><span class='ocrx_word' id='word_1_353' title='bbox 1904 602 1961 646; x_wconf 90' lang='lat' dir='ltr'><strong>et</strong></span> <span class='ocrx_word' id='word_1_354' title='bbox 1994 593 2255 649; x_wconf 89' lang='lat' dir='ltr'><strong>mistione</strong></span> <span class='ocrx_word' id='word_1_355' title='bbox 2288 610 2488 664; x_wconf 83' lang='lat' dir='ltr'><strong>expers</strong></span> <span class='ocrx_word' id='word_1_356' title='bbox 2514 595 2850 652; x_wconf 83' lang='lat' dir='ltr'><strong>coadunatio</strong></span> <span class='ocrx_word' id='word_1_357' title='bbox 2874 638 2888 661; x_wconf 91' lang='lat'><strong>,</strong></span> <span class='ocrx_word' id='word_1_358' title='bbox 2925 600 3231 655; x_wconf 90' lang='lat' dir='ltr'><strong>secundum</strong></span> <span class='ocrx_word' id='word_1_359' title='bbox 3285 602 3484 656; x_wconf 56' lang='lat' dir='ltr'><strong>immu-</strong></span> 
     </span>
    </p>
   </div>
   <div class='ocr_carea' id='block_1_50' title="bbox 1906 686 3483 754">
    <p class='ocr_par' dir='ltr' id='par_1_50' title="bbox 1906 686 3483 754">
     <span class='ocr_line' id='line_1_50' title="bbox 1906 686 3483 754; baseline 0.007 -16"><span class='ocrx_word' id='word_1_360' title='bbox 1906 691 2073 739; x_wconf 87' lang='lat' dir='ltr'><strong>tatam</strong></span> <span class='ocrx_word' id='word_1_361' title='bbox 2125 686 2183 740; x_wconf 91' lang='lat' dir='ltr'><strong>in</strong></span> <span class='ocrx_word' id='word_1_362' title='bbox 2236 687 2369 742; x_wconf 90' lang='lat' dir='ltr'><strong>totis</strong></span> <span class='ocrx_word' id='word_1_363' title='bbox 2415 687 2800 754; x_wconf 88' lang='lat' dir='ltr'><strong>identitatem,</strong></span> <span class='ocrx_word' id='word_1_364' title='bbox 2857 698 2915 745; x_wconf 91' lang='lat' dir='ltr'><strong>et</strong></span> <span class='ocrx_word' id='word_1_365' title='bbox 2979 692 3363 748; x_wconf 90' lang='lat' dir='ltr'><strong>universorum</strong></span> <span class='ocrx_word' id='word_1_366' title='bbox 3414 695 3483 749; x_wconf 84' lang='lat' dir='ltr'><strong>ad</strong></span> 
     </span>
    </p>
   </div>
   <div class='ocr_carea' id='block_1_51' title="bbox 1906 776 3484 856">
    <p class='ocr_par' dir='ltr' id='par_1_51' title="bbox 1906 776 3484 856">
     <span class='ocr_line' id='line_1_51' title="bbox 1906 776 3484 856; baseline 0.006 -25"><span class='ocrx_word' id='word_1_367' title='bbox 1906 776 2185 843; x_wconf 85' lang='lat' dir='ltr'><strong>universa,</strong></span> <span class='ocrx_word' id='word_1_368' title='bbox 2228 793 2298 834; x_wconf 88' lang='lat' dir='ltr'><strong>ne</strong></span> <span class='ocrx_word' id='word_1_369' title='bbox 2344 779 2557 850; x_wconf 85' lang='lat' dir='ltr'><strong>singula</strong></span> <span class='ocrx_word' id='word_1_370' title='bbox 2605 796 2943 844; x_wconf 88' lang='lat' dir='ltr'><strong>recenseam,</strong></span> <span class='ocrx_word' id='word_1_371' title='bbox 2991 784 3273 839; x_wconf 75' lang='lat' dir='ltr'><strong>concretio</strong></span> <span class='ocrx_word' id='word_1_372' title='bbox 3319 796 3484 856; x_wconf 90' lang='lat' dir='ltr'><strong>atque</strong></span> 
     </span>
    </p>
   </div>
   <div class='ocr_carea' id='block_1_52' title="bbox 1906 872 3483 948">
    <p class='ocr_par' dir='ltr' id='par_1_52' title="bbox 1906 872 3483 948">
     <span class='ocr_line' id='line_1_52' title="bbox 1906 872 3483 948; baseline 0.004 -21"><span class='ocrx_word' id='word_1_373' title='bbox 1906 872 2187 936; x_wconf 76' lang='lat' dir='ltr'><strong>discretio,</strong></span> <span class='ocrx_word' id='word_1_374' title='bbox 2214 874 2712 945; x_wconf 87' lang='lat' dir='ltr'><strong>universorumque</strong></span> <span class='ocrx_word' id='word_1_375' title='bbox 2742 883 2798 930; x_wconf 91' lang='lat' dir='ltr'><strong>et</strong></span> <span class='ocrx_word' id='word_1_376' title='bbox 2842 876 3044 946; x_wconf 79' lang='lat' dir='ltr'><strong>singuli</strong></span> <span class='ocrx_word' id='word_1_377' title='bbox 3090 879 3357 948; x_wconf 84' lang='lat' dir='ltr'><strong>cujusque</strong></span> <span class='ocrx_word' id='word_1_378' title='bbox 3393 893 3483 933; x_wconf 87' lang='lat' dir='ltr'><strong>se-</strong></span> 
     </span>
    </p>
   </div>
   <div class='ocr_carea' id='block_1_53' title="bbox 1906 966 3485 1039">
    <p class='ocr_par' dir='ltr' id='par_1_53' title="bbox 1906 966 3485 1039">
     <span class='ocr_line' id='line_1_53' title="bbox 1906 966 3485 1039; baseline 0.003 -18"><span class='ocrx_word' id='word_1_379' title='bbox 1906 966 2146 1022; x_wconf 89' lang='lat' dir='ltr'><strong>cundum</strong></span> <span class='ocrx_word' id='word_1_380' title='bbox 2170 968 2412 1036; x_wconf 88' lang='lat' dir='ltr'><strong>speciem</strong></span> <span class='ocrx_word' id='word_1_381' title='bbox 2443 968 2704 1023; x_wconf 90' lang='lat' dir='ltr'><strong>inviolata</strong></span> <span class='ocrx_word' id='word_1_382' title='bbox 2737 968 3033 1035; x_wconf 83' lang='lat' dir='ltr'><strong>successio,</strong></span> <span class='ocrx_word' id='word_1_383' title='bbox 3064 985 3173 1039; x_wconf 93' lang='lat' dir='ltr'><strong>qua</strong></span> <span class='ocrx_word' id='word_1_384' title='bbox 3205 971 3343 1025; x_wconf 83' lang='lat' dir='ltr'><strong>nihil</strong></span> <span class='ocrx_word' id='word_1_385' title='bbox 3367 986 3485 1024; x_wconf 87' lang='lat' dir='ltr'><strong>om-</strong></span> 
     </span>
    </p>
   </div>
   <div class='ocr_carea' id='block_1_54' title="bbox 1906 1059 3483 1131">
    <p class='ocr_par' dir='ltr' id='par_1_54' title="bbox 1906 1059 3483 1131">
     <span class='ocr_line' id='line_1_54' title="bbox 1906 1059 3483 1131; baseline 0.001 -18"><span class='ocrx_word' id='word_1_386' title='bbox 1906 1059 2039 1114; x_wconf 90' lang='lat' dir='ltr'><strong>nino</strong></span> <span class='ocrx_word' id='word_1_387' title='bbox 2079 1059 2148 1115; x_wconf 90' lang='lat' dir='ltr'><strong>de</strong></span> <span class='ocrx_word' id='word_1_388' title='bbox 2178 1060 2402 1130; x_wconf 89' lang='lat' dir='ltr'><strong>propria</strong></span> <span class='ocrx_word' id='word_1_389' title='bbox 2433 1074 2498 1115; x_wconf 87' lang='lat' dir='ltr'><strong>ac</strong></span> <span class='ocrx_word' id='word_1_390' title='bbox 2528 1060 2795 1131; x_wconf 90' lang='lat' dir='ltr'><strong>peculiari</strong></span> <span class='ocrx_word' id='word_1_391' title='bbox 2825 1071 3035 1115; x_wconf 69' lang='lat' dir='ltr'><strong>natura:</strong></span> <span class='ocrx_word' id='word_1_392' title='bbox 3070 1061 3282 1115; x_wconf 77' lang='lat' dir='ltr'><strong>ratione</strong></span> <span class='ocrx_word' id='word_1_393' title='bbox 3316 1062 3483 1131; x_wconf 89' lang='lat' dir='ltr'><strong>perit,</strong></span> 
     </span>
    </p>
   </div>
   <div class='ocr_carea' id='block_1_55' title="bbox 1906 1152 3483 1223">
    <p class='ocr_par' dir='ltr' id='par_1_55' title="bbox 1906 1152 3483 1223">
     <span class='ocr_line' id='line_1_55' title="bbox 1906 1152 3483 1223; baseline 0.001 -16"><span class='ocrx_word' id='word_1_394' title='bbox 1906 1162 2002 1207; x_wconf 92' lang='lat' dir='ltr'><strong>aut</strong></span> <span class='ocrx_word' id='word_1_395' title='bbox 2034 1168 2158 1208; x_wconf 92' lang='lat' dir='ltr'><strong>cum</strong></span> <span class='ocrx_word' id='word_1_396' title='bbox 2202 1154 2379 1208; x_wconf 89' lang='lat' dir='ltr'><strong>altero</strong></span> <span class='ocrx_word' id='word_1_397' title='bbox 2419 1152 2780 1208; x_wconf 82' lang='lat' dir='ltr'><strong>confunditur</strong></span> <span class='ocrx_word' id='word_1_398' title='bbox 2813 1153 2929 1208; x_wconf 86' lang='lat' dir='ltr'><strong>sive</strong></span> <span class='ocrx_word' id='word_1_399' title='bbox 2959 1153 3140 1223; x_wconf 84' lang='lat' dir='ltr'><strong>ipsum</strong></span> <span class='ocrx_word' id='word_1_400' title='bbox 3174 1153 3483 1219; x_wconf 74' lang='lat' dir='ltr'><strong>confundit,</strong></span> 
     </span>
    </p>
   </div>
   <div class='ocr_carea' id='block_1_56' title="bbox 1908 1242 3488 1314">
    <p class='ocr_par' dir='ltr' id='par_1_56' title="bbox 1908 1242 3488 1314">
     <span class='ocr_line' id='line_1_56' title="bbox 1908 1242 3488 1314; baseline 0.001 -17"><span class='ocrx_word' id='word_1_401' title='bbox 1908 1242 2025 1298; x_wconf 63' lang='lat' dir='ltr'><strong>haec</strong></span> <span class='ocrx_word' id='word_1_402' title='bbox 2092 1243 2405 1299; x_wconf 89' lang='lat' dir='ltr'><strong>luculenter</strong></span> <span class='ocrx_word' id='word_1_403' title='bbox 2479 1244 2833 1299; x_wconf 76' lang='lat' dir='ltr'><strong>manifestam</strong></span> <span class='ocrx_word' id='word_1_404' title='bbox 2895 1244 3081 1298; x_wconf 83' lang='lat' dir='ltr'><strong>omnia</strong></span> <span class='ocrx_word' id='word_1_405' title='bbox 3139 1244 3488 1314; x_wconf 78' lang='lat' dir='ltr'><strong>providentia</strong></span> 
     </span>
    </p>
   </div>
   <div class='ocr_carea' id='block_1_57' title="bbox 1906 1336 3486 1408">
    <p class='ocr_par' dir='ltr' id='par_1_57' title="bbox 1906 1336 3486 1408">
     <span class='ocr_line' id='line_1_57' title="bbox 1906 1336 3486 1408; baseline 0.002 -18"><span class='ocrx_word' id='word_1_406' title='bbox 1906 1336 2179 1391; x_wconf 86' lang='lat' dir='ltr'><strong>contineri</strong></span> <span class='ocrx_word' id='word_1_407' title='bbox 2222 1337 2528 1392; x_wconf 89' lang='lat' dir='ltr'><strong>conditoris</strong></span> <span class='ocrx_word' id='word_1_408' title='bbox 2573 1338 2691 1392; x_wconf 90' lang='lat' dir='ltr'><strong>Dei.</strong></span> <span class='ocrx_word' id='word_1_409' title='bbox 2737 1336 2882 1392; x_wconf 84' lang='lat' dir='ltr'><strong>Fieri</strong></span> <span class='ocrx_word' id='word_1_410' title='bbox 2918 1337 3065 1392; x_wconf 90' lang='lat' dir='ltr'><strong>enim</strong></span> <span class='ocrx_word' id='word_1_411' title='bbox 3114 1352 3223 1392; x_wconf 91' lang='lat' dir='ltr'><strong>non</strong></span> <span class='ocrx_word' id='word_1_412' title='bbox 3268 1346 3486 1408; x_wconf 84' lang='lat' dir='ltr'><strong>potest,</strong></span> 
     </span>
    </p>
   </div>
   <div class='ocr_carea' id='block_1_58' title="bbox 1907 1427 3487 1498">
    <p class='ocr_par' dir='ltr' id='par_1_58' title="bbox 1907 1427 3487 1498">
     <span class='ocr_line' id='line_1_58' title="bbox 1907 1427 3487 1498; baseline 0.001 -16"><span class='ocrx_word' id='word_1_413' title='bbox 1907 1427 2040 1497; x_wconf 91' lang='lat' dir='ltr'><strong>quin</strong></span> <span class='ocrx_word' id='word_1_414' title='bbox 2074 1428 2238 1493; x_wconf 88' lang='lat' dir='ltr'><strong>Deus,</strong></span> <span class='ocrx_word' id='word_1_415' title='bbox 2275 1428 2367 1498; x_wconf 89' lang='lat' dir='ltr'><strong>qui</strong></span> <span class='ocrx_word' id='word_1_416' title='bbox 2399 1428 2577 1484; x_wconf 91' lang='lat' dir='ltr'><strong>bonus</strong></span> <span class='ocrx_word' id='word_1_417' title='bbox 2606 1436 2711 1494; x_wconf 89' lang='lat' dir='ltr'><strong>est,</strong></span> <span class='ocrx_word' id='word_1_418' title='bbox 2745 1443 2856 1482; x_wconf 91' lang='lat' dir='ltr'><strong>non</strong></span> <span class='ocrx_word' id='word_1_419' title='bbox 2884 1429 3053 1482; x_wconf 89' lang='lat' dir='ltr'><strong>etiam</strong></span> <span class='ocrx_word' id='word_1_420' title='bbox 3087 1427 3369 1483; x_wconf 83' lang='lat' dir='ltr'><strong>beneﬁcus</strong></span> <span class='ocrx_word' id='word_1_421' title='bbox 3393 1428 3487 1494; x_wconf 88' lang='lat' dir='ltr'><strong>sit,</strong></span> 
     </span>
    </p>
   </div>
   <div class='ocr_carea' id='block_1_59' title="bbox 1908 1520 3490 1592">
    <p class='ocr_par' dir='ltr' id='par_1_59' title="bbox 1908 1520 3490 1592">
     <span class='ocr_line' id='line_1_59' title="bbox 1908 1520 3490 1592; baseline -0.002 -15"><span class='ocrx_word' id='word_1_422' title='bbox 1908 1530 2003 1577; x_wconf 87' lang='lat' dir='ltr'><strong>aut</strong></span> <span class='ocrx_word' id='word_1_423' title='bbox 2031 1522 2125 1592; x_wconf 90' lang='lat' dir='ltr'><strong>qui</strong></span> <span class='ocrx_word' id='word_1_424' title='bbox 2158 1522 2439 1578; x_wconf 82' lang='lat' dir='ltr'><strong>beneﬁcus</strong></span> <span class='ocrx_word' id='word_1_425' title='bbox 2464 1529 2569 1586; x_wconf 89' lang='lat' dir='ltr'><strong>est,</strong></span> <span class='ocrx_word' id='word_1_426' title='bbox 2597 1536 2707 1576; x_wconf 92' lang='lat' dir='ltr'><strong>non</strong></span> <span class='ocrx_word' id='word_1_427' title='bbox 2757 1521 2888 1576; x_wconf 90' lang='lat' dir='ltr'><strong>item</strong></span> <span class='ocrx_word' id='word_1_428' title='bbox 2935 1520 3232 1590; x_wconf 89' lang='lat' dir='ltr'><strong>providens</strong></span> <span class='ocrx_word' id='word_1_429' title='bbox 3267 1522 3339 1575; x_wconf 89' lang='lat' dir='ltr'><strong>sit</strong></span> <span class='ocrx_word' id='word_1_430' title='bbox 3368 1536 3490 1575; x_wconf 92' lang='lat' dir='ltr'><strong>om-</strong></span> 
     </span>
    </p>
   </div>
   <div class='ocr_carea' id='block_1_60' title="bbox 1908 1612 3491 1684">
    <p class='ocr_par' dir='ltr' id='par_1_60' title="bbox 1908 1612 3491 1684">
     <span class='ocr_line' id='line_1_60' title="bbox 1908 1612 3491 1684; baseline 0.001 -17"><span class='ocrx_word' id='word_1_431' title='bbox 1908 1612 2061 1678; x_wconf 90' lang='lat' dir='ltr'><strong>nino,</strong></span> <span class='ocrx_word' id='word_1_432' title='bbox 2088 1620 2144 1667; x_wconf 90' lang='lat' dir='ltr'><strong>et</strong></span> <span class='ocrx_word' id='word_1_433' title='bbox 2165 1613 2299 1683; x_wconf 92' lang='lat' dir='ltr'><strong>quin</strong></span> <span class='ocrx_word' id='word_1_434' title='bbox 2341 1622 2635 1684; x_wconf 87' lang='lat' dir='ltr'><strong>propterea</strong></span> <span class='ocrx_word' id='word_1_435' title='bbox 2674 1628 2883 1678; x_wconf 90' lang='lat' dir='ltr'><strong>rerum,</strong></span> <span class='ocrx_word' id='word_1_436' title='bbox 2914 1622 2975 1667; x_wconf 92' lang='lat' dir='ltr'><strong>ut</strong></span> <span class='ocrx_word' id='word_1_437' title='bbox 3007 1627 3106 1682; x_wconf 90' lang='lat' dir='ltr'><strong>par</strong></span> <span class='ocrx_word' id='word_1_438' title='bbox 3132 1613 3255 1683; x_wconf 86' lang='lat' dir='ltr'><strong>ejus</strong></span> <span class='ocrx_word' id='word_1_439' title='bbox 3279 1612 3491 1668; x_wconf 65' lang='lat' dir='ltr'><strong>natura:</strong></span> 
     </span>
    </p>
   </div>
   <div class='ocr_carea' id='block_1_61' title="bbox 1907 1705 3488 1776">
    <p class='ocr_par' dir='ltr' id='par_1_61' title="bbox 1907 1705 3488 1776">
     <span class='ocr_line' id='line_1_61' title="bbox 1907 1705 3488 1776; baseline -0.001 -15"><span class='ocrx_word' id='word_1_440' title='bbox 1907 1715 2013 1770; x_wconf 91' lang='lat' dir='ltr'><strong>est,</strong></span> <span class='ocrx_word' id='word_1_441' title='bbox 2033 1714 2184 1760; x_wconf 90' lang='lat' dir='ltr'><strong>tutor</strong></span> <span class='ocrx_word' id='word_1_442' title='bbox 2202 1706 2482 1775; x_wconf 84' lang='lat' dir='ltr'><strong>sapienter</strong></span> <span class='ocrx_word' id='word_1_443' title='bbox 2499 1706 2582 1761; x_wconf 90' lang='lat' dir='ltr'><strong>eis</strong></span> <span class='ocrx_word' id='word_1_444' title='bbox 2603 1705 3066 1776; x_wconf 86' lang='lat' dir='ltr'><strong>quemadmodum</strong></span> <span class='ocrx_word' id='word_1_445' title='bbox 3087 1706 3488 1770; x_wconf 79' lang='lat' dir='ltr'><strong>exsistentiam,</strong></span> 
     </span>
    </p>
   </div>
   <div class='ocr_carea' id='block_1_62' title="bbox 1912 1797 3490 1853">
    <p class='ocr_par' dir='ltr' id='par_1_62' title="bbox 1912 1797 3490 1853">
     <span class='ocr_line' id='line_1_62' title="bbox 1912 1797 3490 1853; baseline 0.001 -2"><span class='ocrx_word' id='word_1_446' title='bbox 1912 1797 1984 1852; x_wconf 91' lang='lat' dir='ltr'><strong>ita</strong></span> <span class='ocrx_word' id='word_1_447' title='bbox 2016 1798 2182 1853; x_wconf 88' lang='lat' dir='ltr'><strong>etiam</strong></span> <span class='ocrx_word' id='word_1_448' title='bbox 2218 1813 2406 1853; x_wconf 87' lang='lat' dir='ltr'><strong>curam</strong></span> <span class='ocrx_word' id='word_1_449' title='bbox 2444 1798 2668 1853; x_wconf 89' lang='lat' dir='ltr'><strong>tribuat.</strong></span> <span class='ocrx_word' id='word_1_450' title='bbox 2713 1798 3066 1853; x_wconf 82' lang='lat' dir='ltr'><strong>Providentia</strong></span> <span class='ocrx_word' id='word_1_451' title='bbox 3108 1798 3254 1853; x_wconf 90' lang='lat' dir='ltr'><strong>enim</strong></span> <span class='ocrx_word' id='word_1_452' title='bbox 3290 1814 3490 1853; x_wconf 89' lang='lat' dir='ltr'><strong>secun-</strong></span> 
     </span>
    </p>
   </div>
   <div class='ocr_carea' id='block_1_63' title="bbox 1910 1889 3490 1960">
    <p class='ocr_par' dir='ltr' id='par_1_63' title="bbox 1910 1889 3490 1960">
     <span class='ocr_line' id='line_1_63' title="bbox 1910 1889 3490 1960; baseline -0.001 -15"><span class='ocrx_word' id='word_1_453' title='bbox 1910 1890 2040 1945; x_wconf 91' lang='lat' dir='ltr'><strong>dum</strong></span> <span class='ocrx_word' id='word_1_454' title='bbox 2086 1890 2278 1945; x_wconf 84' lang='lat' dir='ltr'><strong>Patres</strong></span> <span class='ocrx_word' id='word_1_455' title='bbox 2319 1889 2509 1947; x_wconf 89' lang='lat' dir='ltr'><strong>divino</strong></span> <span class='ocrx_word' id='word_1_456' title='bbox 2558 1889 2768 1960; x_wconf 89' lang='lat' dir='ltr'><strong>Spiritu</strong></span> <span class='ocrx_word' id='word_1_457' title='bbox 2818 1890 3028 1944; x_wconf 82' lang='lat' dir='ltr'><strong>amatos</strong></span> <span class='ocrx_word' id='word_1_458' title='bbox 3073 1889 3261 1943; x_wconf 86' lang='lat' dir='ltr'><strong>divina</strong></span> <span class='ocrx_word' id='word_1_459' title='bbox 3306 1905 3490 1944; x_wconf 90' lang='lat' dir='ltr'><strong>rerum</strong></span> 
     </span>
    </p>
   </div>
   <div class='ocr_carea' id='block_1_64' title="bbox 1910 1981 3494 2052">
    <p class='ocr_par' dir='ltr' id='par_1_64' title="bbox 1910 1981 3494 2052">
     <span class='ocr_line' id='line_1_64' title="bbox 1910 1981 3494 2052; baseline 0 -16"><span class='ocrx_word' id='word_1_460' title='bbox 1910 1981 2229 2052; x_wconf 86' lang='lat' dir='ltr'><strong>procuratio</strong></span> <span class='ocrx_word' id='word_1_461' title='bbox 2261 1993 2365 2037; x_wconf 87' lang='lat' dir='ltr'><strong>est.</strong></span> <span class='ocrx_word' id='word_1_462' title='bbox 2394 1982 2672 2037; x_wconf 81' lang='lat' dir='ltr'><strong>Deliniunt</strong></span> <span class='ocrx_word' id='word_1_463' title='bbox 2702 1997 2833 2037; x_wconf 88' lang='lat' dir='ltr'><strong>vero</strong></span> <span class='ocrx_word' id='word_1_464' title='bbox 2859 1997 2978 2037; x_wconf 91' lang='lat' dir='ltr'><strong>eam</strong></span> <span class='ocrx_word' id='word_1_465' title='bbox 3012 1981 3176 2037; x_wconf 90' lang='lat' dir='ltr'><strong>etiam</strong></span> <span class='ocrx_word' id='word_1_466' title='bbox 3212 1983 3286 2036; x_wconf 88' lang='lat' dir='ltr'><strong>ita</strong></span> <span class='ocrx_word' id='word_1_467' title='bbox 3320 2000 3333 2035; x_wconf 89' lang='lat'><strong>:</strong></span> <span class='ocrx_word' id='word_1_468' title='bbox 3363 1982 3494 2036; x_wconf 90' lang='lat' dir='ltr'><strong>Pro-</strong></span> 
     </span>
    </p>
   </div>
   <div class='ocr_carea' id='block_1_65' title="bbox 1911 2072 3494 2144">
    <p class='ocr_par' dir='ltr' id='par_1_65' title="bbox 1911 2072 3494 2144">
     <span class='ocr_line' id='line_1_65' title="bbox 1911 2072 3494 2144; baseline -0.001 -17"><span class='ocrx_word' id='word_1_469' title='bbox 1911 2074 2140 2127; x_wconf 70' lang='lat' dir='ltr'><strong>videntia</strong></span> <span class='ocrx_word' id='word_1_470' title='bbox 2166 2072 2262 2127; x_wconf 82' lang='lat' dir='ltr'><strong>Dei</strong></span> <span class='ocrx_word' id='word_1_471' title='bbox 2292 2072 2535 2127; x_wconf 77' lang='lat' dir='ltr'><strong>voluntas</strong></span> <span class='ocrx_word' id='word_1_472' title='bbox 2566 2082 2642 2127; x_wconf 79' lang='lat' dir='ltr'><strong>est</strong></span> <span class='ocrx_word' id='word_1_473' title='bbox 2669 2090 2777 2144; x_wconf 83' lang='lat' dir='ltr'><strong>qua</strong></span> <span class='ocrx_word' id='word_1_474' title='bbox 2808 2090 2987 2128; x_wconf 78' lang='lat' dir='ltr'><strong>omnes</strong></span> <span class='ocrx_word' id='word_1_475' title='bbox 3016 2089 3099 2128; x_wconf 76' lang='lat' dir='ltr'><strong>res</strong></span> <span class='ocrx_word' id='word_1_476' title='bbox 3130 2074 3494 2127; x_wconf 77' lang='lat' dir='ltr'><strong>convenienter</strong></span> 
     </span>
    </p>
   </div>
   <div class='ocr_carea' id='block_1_66' title="bbox 1912 2163 3493 2236">
    <p class='ocr_par' dir='ltr' id='par_1_66' title="bbox 1912 2163 3493 2236">
     <span class='ocr_line' id='line_1_66' title="bbox 1912 2163 3493 2236; baseline -0.001 -17"><span class='ocrx_word' id='word_1_477' title='bbox 1912 2173 2260 2236; x_wconf 76' lang='lat' dir='ltr'><strong>peraguntur.</strong></span> <span class='ocrx_word' id='word_1_478' title='bbox 2290 2165 2446 2232; x_wconf 86' lang='lat' dir='ltr'><strong>Quod</strong></span> <span class='ocrx_word' id='word_1_479' title='bbox 2487 2166 2534 2222; x_wconf 91' lang='lat' dir='ltr'><strong>si</strong></span> <span class='ocrx_word' id='word_1_480' title='bbox 2569 2166 2665 2221; x_wconf 93' lang='lat' dir='ltr'><strong>Dei</strong></span> <span class='ocrx_word' id='word_1_481' title='bbox 2695 2174 2781 2222; x_wconf 88' lang='lat' dir='ltr'><strong>est</strong></span> <span class='ocrx_word' id='word_1_482' title='bbox 2805 2166 3079 2229; x_wconf 88' lang='lat' dir='ltr'><strong>voluntas,</strong></span> <span class='ocrx_word' id='word_1_483' title='bbox 3110 2174 3170 2219; x_wconf 91' lang='lat' dir='ltr'><strong>ut</strong></span> <span class='ocrx_word' id='word_1_484' title='bbox 3213 2165 3347 2235; x_wconf 90' lang='lat' dir='ltr'><strong>ipsis</strong></span> <span class='ocrx_word' id='word_1_485' title='bbox 3392 2163 3493 2218; x_wconf 85' lang='lat' dir='ltr'><strong>do-</strong></span> 
     </span>
    </p>
   </div>
   <div class='ocr_carea' id='block_1_67' title="bbox 1912 2257 3489 2325">
    <p class='ocr_par' dir='ltr' id='par_1_67' title="bbox 1912 2257 3489 2325">
     <span class='ocr_line' id='line_1_67' title="bbox 1912 2257 3489 2325; baseline -0.002 -13"><span class='ocrx_word' id='word_1_486' title='bbox 1912 2265 2126 2312; x_wconf 89' lang='lat' dir='ltr'><strong>ctorum</strong></span> <span class='ocrx_word' id='word_1_487' title='bbox 2157 2258 2344 2313; x_wconf 88' lang='lat' dir='ltr'><strong>verbis</strong></span> <span class='ocrx_word' id='word_1_488' title='bbox 2368 2264 2514 2323; x_wconf 87' lang='lat' dir='ltr'><strong>utar,</strong></span> <span class='ocrx_word' id='word_1_489' title='bbox 2556 2272 2781 2313; x_wconf 89' lang='lat' dir='ltr'><strong>necesse</strong></span> <span class='ocrx_word' id='word_1_490' title='bbox 2813 2265 2897 2311; x_wconf 89' lang='lat' dir='ltr'><strong>est</strong></span> <span class='ocrx_word' id='word_1_491' title='bbox 2924 2257 3152 2312; x_wconf 88' lang='lat' dir='ltr'><strong>omnino</strong></span> <span class='ocrx_word' id='word_1_492' title='bbox 3181 2264 3241 2309; x_wconf 92' lang='lat' dir='ltr'><strong>ut</strong></span> <span class='ocrx_word' id='word_1_493' title='bbox 3266 2271 3330 2310; x_wconf 91' lang='lat' dir='ltr'><strong>ea</strong></span> <span class='ocrx_word' id='word_1_494' title='bbox 3365 2271 3489 2325; x_wconf 72' lang='lat' dir='ltr'><strong>qua:</strong></span> 
     </span>
    </p>
   </div>
   <div class='ocr_carea' id='block_1_68' title="bbox 1913 2348 3491 2412">
    <p class='ocr_par' dir='ltr' id='par_1_68' title="bbox 1913 2348 3491 2412">
     <span class='ocr_line' id='line_1_68' title="bbox 1913 2348 3491 2412; baseline -0.001 -10"><span class='ocrx_word' id='word_1_495' title='bbox 1913 2350 2054 2404; x_wconf 84' lang='lat' dir='ltr'><strong>liunt</strong></span> <span class='ocrx_word' id='word_1_496' title='bbox 2081 2358 2226 2405; x_wconf 85' lang='lat' dir='ltr'><strong>recta</strong></span> <span class='ocrx_word' id='word_1_497' title='bbox 2252 2349 2463 2403; x_wconf 84' lang='lat' dir='ltr'><strong>ratione</strong></span> <span class='ocrx_word' id='word_1_498' title='bbox 2500 2348 2653 2412; x_wconf 79' lang='lat' dir='ltr'><strong>fiant,</strong></span> <span class='ocrx_word' id='word_1_499' title='bbox 2676 2348 2814 2403; x_wconf 85' lang='lat' dir='ltr'><strong>adeo</strong></span> <span class='ocrx_word' id='word_1_500' title='bbox 2845 2358 2906 2402; x_wconf 92' lang='lat' dir='ltr'><strong>ut</strong></span> <span class='ocrx_word' id='word_1_501' title='bbox 2930 2348 3215 2402; x_wconf 89' lang='lat' dir='ltr'><strong>meliorem</strong></span> <span class='ocrx_word' id='word_1_502' title='bbox 3240 2348 3491 2402; x_wconf 89' lang='lat' dir='ltr'><strong>ordinem</strong></span> 
     </span>
    </p>
   </div>
   <div class='ocr_carea' id='block_1_69' title="bbox 1913 2440 3493 2513">
    <p class='ocr_par' dir='ltr' id='par_1_69' title="bbox 1913 2440 3493 2513">
     <span class='ocr_line' id='line_1_69' title="bbox 1913 2440 3493 2513; baseline -0.001 -16"><span class='ocrx_word' id='word_1_503' title='bbox 1913 2457 2022 2497; x_wconf 90' lang='lat' dir='ltr'><strong>non</strong></span> <span class='ocrx_word' id='word_1_504' title='bbox 2052 2451 2390 2513; x_wconf 79' lang='lat' dir='ltr'><strong>exspectent,</strong></span> <span class='ocrx_word' id='word_1_505' title='bbox 2425 2449 2486 2496; x_wconf 92' lang='lat' dir='ltr'><strong>ut</strong></span> <span class='ocrx_word' id='word_1_506' title='bbox 2516 2440 2696 2511; x_wconf 90' lang='lat' dir='ltr'><strong>ipsum</strong></span> <span class='ocrx_word' id='word_1_507' title='bbox 2731 2441 2899 2512; x_wconf 78' lang='lat' dir='ltr'><strong>igitur</strong></span> <span class='ocrx_word' id='word_1_508' title='bbox 2930 2441 3271 2511; x_wconf 88' lang='lat' dir='ltr'><strong>provisorem</strong></span> <span class='ocrx_word' id='word_1_509' title='bbox 3306 2440 3493 2496; x_wconf 90' lang='lat' dir='ltr'><strong>dicere</strong></span> 
     </span>
    </p>
   </div>
   <div class='ocr_carea' id='block_1_70' title="bbox 1912 2533 3490 2604">
    <p class='ocr_par' dir='ltr' id='par_1_70' title="bbox 1912 2533 3490 2604">
     <span class='ocr_line' id='line_1_70' title="bbox 1912 2533 3490 2604; baseline -0.001 -14"><span class='ocrx_word' id='word_1_510' title='bbox 1912 2536 2061 2590; x_wconf 91' lang='lat' dir='ltr'><strong>omni</strong></span> <span class='ocrx_word' id='word_1_511' title='bbox 2085 2534 2249 2589; x_wconf 85' lang='lat' dir='ltr'><strong>modo</strong></span> <span class='ocrx_word' id='word_1_512' title='bbox 2272 2534 2537 2589; x_wconf 89' lang='lat' dir='ltr'><strong>invitetur</strong></span> <span class='ocrx_word' id='word_1_513' title='bbox 2556 2534 2651 2604; x_wconf 90' lang='lat' dir='ltr'><strong>qui</strong></span> <span class='ocrx_word' id='word_1_514' title='bbox 2677 2535 2908 2589; x_wconf 87' lang='lat' dir='ltr'><strong>veritate</strong></span> <span class='ocrx_word' id='word_1_515' title='bbox 2935 2534 3037 2589; x_wconf 64' lang='lat' dir='ltr'><strong>via:</strong></span> <span class='ocrx_word' id='word_1_516' title='bbox 3055 2533 3194 2589; x_wconf 90' lang='lat' dir='ltr'><strong>duce</strong></span> <span class='ocrx_word' id='word_1_517' title='bbox 3218 2534 3295 2589; x_wconf 91' lang='lat' dir='ltr'><strong>uti</strong></span> <span class='ocrx_word' id='word_1_518' title='bbox 3322 2535 3490 2600; x_wconf 87' lang='lat' dir='ltr'><strong>volet,</strong></span> 
     </span>
    </p>
   </div>
   <div class='ocr_carea' id='block_1_71' title="bbox 1913 2626 3494 2699">
    <p class='ocr_par' dir='ltr' id='par_1_71' title="bbox 1913 2626 3494 2699">
     <span class='ocr_line' id='line_1_71' title="bbox 1913 2626 3494 2699; baseline -0.001 -18"><span class='ocrx_word' id='word_1_519' title='bbox 1913 2643 2080 2699; x_wconf 90' lang='lat' dir='ltr'><strong>quem</strong></span> <span class='ocrx_word' id='word_1_520' title='bbox 2108 2636 2167 2681; x_wconf 93' lang='lat' dir='ltr'><strong>et</strong></span> <span class='ocrx_word' id='word_1_521' title='bbox 2193 2626 2537 2681; x_wconf 84' lang='lat' dir='ltr'><strong>conditorem</strong></span> <span class='ocrx_word' id='word_1_522' title='bbox 2574 2641 2782 2691; x_wconf 89' lang='lat' dir='ltr'><strong>rerum,</strong></span> <span class='ocrx_word' id='word_1_523' title='bbox 2817 2634 2913 2680; x_wconf 91' lang='lat' dir='ltr'><strong>aut</strong></span> <span class='ocrx_word' id='word_1_524' title='bbox 2951 2626 3108 2696; x_wconf 89' lang='lat' dir='ltr'><strong>cujus</strong></span> <span class='ocrx_word' id='word_1_525' title='bbox 3148 2640 3273 2680; x_wconf 86' lang='lat' dir='ltr'><strong>esse</strong></span> <span class='ocrx_word' id='word_1_526' title='bbox 3303 2626 3494 2680; x_wconf 85' lang='lat' dir='ltr'><strong>condi-</strong></span> 
     </span>
    </p>
   </div>
   <div class='ocr_carea' id='block_1_72' title="bbox 1916 2714 3492 2785">
    <p class='ocr_par' dir='ltr' id='par_1_72' title="bbox 1916 2714 3492 2785">
     <span class='ocr_line' id='line_1_72' title="bbox 1916 2714 3492 2785; baseline -0.001 -15"><span class='ocrx_word' id='word_1_527' title='bbox 1916 2716 2050 2770; x_wconf 91' lang='lat' dir='ltr'><strong>toris</strong></span> <span class='ocrx_word' id='word_1_528' title='bbox 2083 2716 2179 2769; x_wconf 90' lang='lat' dir='ltr'><strong>Dei</strong></span> <span class='ocrx_word' id='word_1_529' title='bbox 2213 2730 2300 2769; x_wconf 89' lang='lat' dir='ltr'><strong>res</strong></span> <span class='ocrx_word' id='word_1_530' title='bbox 2329 2722 2475 2769; x_wconf 88' lang='lat' dir='ltr'><strong>recte</strong></span> <span class='ocrx_word' id='word_1_531' title='bbox 2505 2715 2797 2784; x_wconf 79' lang='lat' dir='ltr'><strong>cognovit;</strong></span> <span class='ocrx_word' id='word_1_532' title='bbox 2842 2714 3291 2785; x_wconf 86' lang='lat' dir='ltr'><strong>quandoquidem</strong></span> <span class='ocrx_word' id='word_1_533' title='bbox 3321 2715 3405 2771; x_wconf 89' lang='lat' dir='ltr'><strong>vel</strong></span> <span class='ocrx_word' id='word_1_534' title='bbox 3435 2714 3492 2769; x_wconf 92' lang='lat' dir='ltr'><strong>in</strong></span> 
     </span>
    </p>
   </div>
   <div class='ocr_carea' id='block_1_73' title="bbox 1914 2804 3494 2870">
    <p class='ocr_par' dir='ltr' id='par_1_73' title="bbox 1914 2804 3494 2870">
     <span class='ocr_line' id='line_1_73' title="bbox 1914 2804 3494 2870; baseline -0.001 -10"><span class='ocrx_word' id='word_1_535' title='bbox 1914 2805 2266 2870; x_wconf 89' lang='lat' dir='ltr'><strong>animalibus,</strong></span> <span class='ocrx_word' id='word_1_536' title='bbox 2294 2820 2418 2860; x_wconf 90' lang='lat' dir='ltr'><strong>cum</strong></span> <span class='ocrx_word' id='word_1_537' title='bbox 2449 2804 2795 2858; x_wconf 86' lang='lat' dir='ltr'><strong>rationalium</strong></span> <span class='ocrx_word' id='word_1_538' title='bbox 2822 2804 3315 2859; x_wconf 89' lang='lat' dir='ltr'><strong>instrumentorum</strong></span> <span class='ocrx_word' id='word_1_539' title='bbox 3340 2820 3494 2859; x_wconf 89' lang='lat' dir='ltr'><strong>men-</strong></span> 
     </span>
    </p>
   </div>
   <div class='ocr_carea' id='block_1_74' title="bbox 1916 2895 3491 2968">
    <p class='ocr_par' dir='ltr' id='par_1_74' title="bbox 1916 2895 3491 2968">
     <span class='ocr_line' id='line_1_74' title="bbox 1916 2895 3491 2968; baseline -0.003 -15"><span class='ocrx_word' id='word_1_540' title='bbox 1916 2900 1986 2953; x_wconf 89' lang='lat' dir='ltr'><strong>tis</strong></span> <span class='ocrx_word' id='word_1_541' title='bbox 2025 2912 2129 2968; x_wconf 88' lang='lat' dir='ltr'><strong>ope</strong></span> <span class='ocrx_word' id='word_1_542' title='bbox 2182 2898 2237 2952; x_wconf 93' lang='lat' dir='ltr'><strong>in</strong></span> <span class='ocrx_word' id='word_1_543' title='bbox 2287 2911 2375 2951; x_wconf 89' lang='lat' dir='ltr'><strong>res</strong></span> <span class='ocrx_word' id='word_1_544' title='bbox 2426 2896 2767 2966; x_wconf 89' lang='lat' dir='ltr'><strong>inquirentes</strong></span> <span class='ocrx_word' id='word_1_545' title='bbox 2808 2895 3154 2950; x_wconf 78' lang='lat' dir='ltr'><strong>inveniamus</strong></span> <span class='ocrx_word' id='word_1_546' title='bbox 3198 2895 3491 2965; x_wconf 84' lang='lat' dir='ltr'><strong>imaginem</strong></span> 
     </span>
    </p>
   </div>
   <div class='ocr_carea' id='block_1_75' title="bbox 1914 2986 3497 3059">
    <p class='ocr_par' dir='ltr' id='par_1_75' title="bbox 1914 2986 3497 3059">
     <span class='ocr_line' id='line_1_75' title="bbox 1914 2986 3497 3059; baseline -0.003 -14"><span class='ocrx_word' id='word_1_547' title='bbox 1914 2988 2063 3045; x_wconf 83' lang='lat' dir='ltr'><strong>haud</strong></span> <span class='ocrx_word' id='word_1_548' title='bbox 2110 2989 2333 3059; x_wconf 85' lang='lat' dir='ltr'><strong>indigne</strong></span> <span class='ocrx_word' id='word_1_549' title='bbox 2366 3003 2431 3042; x_wconf 90' lang='lat' dir='ltr'><strong>ea</strong></span> <span class='ocrx_word' id='word_1_550' title='bbox 2476 3004 2599 3058; x_wconf 69' lang='lat' dir='ltr'><strong>qum</strong></span> <span class='ocrx_word' id='word_1_551' title='bbox 2642 3003 2806 3057; x_wconf 89' lang='lat' dir='ltr'><strong>supra</strong></span> <span class='ocrx_word' id='word_1_552' title='bbox 2853 2986 3121 3042; x_wconf 89' lang='lat' dir='ltr'><strong>rationem</strong></span> <span class='ocrx_word' id='word_1_553' title='bbox 3166 2993 3294 3041; x_wconf 89' lang='lat' dir='ltr'><strong>sunt</strong></span> <span class='ocrx_word' id='word_1_554' title='bbox 3324 3002 3497 3041; x_wconf 72' lang='lat' dir='ltr'><strong>temu-</strong></span> 
     </span>
    </p>
   </div>
   <div class='ocr_carea' id='block_1_76' title="bbox 1915 3079 3495 3151">
    <p class='ocr_par' dir='ltr' id='par_1_76' title="bbox 1915 3079 3495 3151">
     <span class='ocr_line' id='line_1_76' title="bbox 1915 3079 3495 3151; baseline -0.001 -16"><span class='ocrx_word' id='word_1_555' title='bbox 1915 3082 2139 3136; x_wconf 90' lang='lat' dir='ltr'><strong>lantem.</strong></span> <span class='ocrx_word' id='word_1_556' title='bbox 2176 3082 2271 3136; x_wconf 84' lang='lat' dir='ltr'><strong>Illa</strong></span> <span class='ocrx_word' id='word_1_557' title='bbox 2315 3080 2461 3136; x_wconf 90' lang='lat' dir='ltr'><strong>enim</strong></span> <span class='ocrx_word' id='word_1_558' title='bbox 2495 3081 2627 3135; x_wconf 91' lang='lat' dir='ltr'><strong>dum</strong></span> <span class='ocrx_word' id='word_1_559' title='bbox 2661 3096 2759 3151; x_wconf 92' lang='lat' dir='ltr'><strong>pro</strong></span> <span class='ocrx_word' id='word_1_560' title='bbox 2805 3095 3005 3151; x_wconf 88' lang='lat' dir='ltr'><strong>genere</strong></span> <span class='ocrx_word' id='word_1_561' title='bbox 3038 3095 3149 3136; x_wconf 71' lang='lat' dir='ltr'><strong>sua:</strong></span> <span class='ocrx_word' id='word_1_562' title='bbox 3192 3079 3364 3149; x_wconf 90' lang='lat' dir='ltr'><strong>prolis</strong></span> <span class='ocrx_word' id='word_1_563' title='bbox 3398 3096 3495 3134; x_wconf 91' lang='lat' dir='ltr'><strong>na-</strong></span> 
     </span>
    </p>
   </div>
   <div class='ocr_carea' id='block_1_77' title="bbox 1836 3171 3495 3259">
    <p class='ocr_par' dir='ltr' id='par_1_77' title="bbox 1836 3171 3495 3259">
     <span class='ocr_line' id='line_1_77' title="bbox 1836 3171 3495 3259; baseline 0 -33"><span class='ocrx_word' id='word_1_564' title='bbox 1836 3201 1880 3259; x_wconf 70' lang='grc' dir='ltr'><strong>ο</strong></span> <span class='ocrx_word' id='word_1_565' title='bbox 1918 3172 2168 3227; x_wconf 87' lang='lat' dir='ltr'><strong>turaliter</strong></span> <span class='ocrx_word' id='word_1_566' title='bbox 2218 3188 2405 3227; x_wconf 89' lang='lat' dir='ltr'><strong>curam</strong></span> <span class='ocrx_word' id='word_1_567' title='bbox 2458 3172 2663 3226; x_wconf 90' lang='lat' dir='ltr'><strong>habere</strong></span> <span class='ocrx_word' id='word_1_568' title='bbox 2714 3171 3000 3233; x_wconf 89' lang='lat' dir='ltr'><strong>videmus,</strong></span> <span class='ocrx_word' id='word_1_569' title='bbox 3055 3171 3234 3226; x_wconf 90' lang='lat' dir='ltr'><strong>securi</strong></span> <span class='ocrx_word' id='word_1_570' title='bbox 3289 3179 3345 3227; x_wconf 88' lang='lat' dir='ltr'><strong>et</strong></span> <span class='ocrx_word' id='word_1_571' title='bbox 3390 3185 3495 3226; x_wconf 85' lang='lat' dir='ltr'><strong>nos</strong></span> 
     </span>
    </p>
   </div>
   <div class='ocr_carea' id='block_1_78' title="bbox 1917 3262 3497 3336">
    <p class='ocr_par' dir='ltr' id='par_1_78' title="bbox 1917 3262 3497 3336">
     <span class='ocr_line' id='line_1_78' title="bbox 1917 3262 3497 3336; baseline -0.001 -16"><span class='ocrx_word' id='word_1_572' title='bbox 1917 3265 2065 3336; x_wconf 88' lang='lat' dir='ltr'><strong>quod</strong></span> <span class='ocrx_word' id='word_1_573' title='bbox 2106 3279 2248 3319; x_wconf 90' lang='lat' dir='ltr'><strong>unus</strong></span> <span class='ocrx_word' id='word_1_574' title='bbox 2276 3264 2421 3318; x_wconf 89' lang='lat' dir='ltr'><strong>Deus</strong></span> <span class='ocrx_word' id='word_1_575' title='bbox 2467 3262 2633 3318; x_wconf 88' lang='lat' dir='ltr'><strong>rebus</strong></span> <span class='ocrx_word' id='word_1_576' title='bbox 2662 3262 2920 3318; x_wconf 89' lang='lat' dir='ltr'><strong>omnibus</strong></span> <span class='ocrx_word' id='word_1_577' title='bbox 2948 3271 3170 3333; x_wconf 65' lang='lat' dir='ltr'><strong>praestet</strong></span> <span class='ocrx_word' id='word_1_578' title='bbox 3204 3263 3497 3334; x_wconf 89' lang='lat' dir='ltr'><strong>providen-</strong></span> 
     </span>
    </p>
   </div>
   <div class='ocr_carea' id='block_1_79' title="bbox 1920 3356 3495 3427">
    <p class='ocr_par' dir='ltr' id='par_1_79' title="bbox 1920 3356 3495 3427">
     <span class='ocr_line' id='line_1_79' title="bbox 1920 3356 3495 3427; baseline -0.002 -13"><span class='ocrx_word' id='word_1_579' title='bbox 1920 3361 2048 3415; x_wconf 88' lang='lat' dir='ltr'><strong>tiam</strong></span> <span class='ocrx_word' id='word_1_580' title='bbox 2094 3373 2220 3413; x_wconf 92' lang='lat' dir='ltr'><strong>cum</strong></span> <span class='ocrx_word' id='word_1_581' title='bbox 2268 3359 2355 3427; x_wconf 88' lang='lat' dir='ltr'><strong>pia</strong></span> <span class='ocrx_word' id='word_1_582' title='bbox 2390 3356 2645 3411; x_wconf 88' lang='lat' dir='ltr'><strong>libertate</strong></span> <span class='ocrx_word' id='word_1_583' title='bbox 2692 3356 2782 3426; x_wconf 89' lang='lat' dir='ltr'><strong>pie</strong></span> <span class='ocrx_word' id='word_1_584' title='bbox 2835 3356 2997 3412; x_wconf 91' lang='lat' dir='ltr'><strong>nobis</strong></span> <span class='ocrx_word' id='word_1_585' title='bbox 3045 3356 3179 3427; x_wconf 89' lang='lat' dir='ltr'><strong>ipsis</strong></span> <span class='ocrx_word' id='word_1_586' title='bbox 3224 3357 3495 3412; x_wconf 89' lang='lat' dir='ltr'><strong>rationem</strong></span> 
     </span>
    </p>
   </div>
   <div class='ocr_carea' id='block_1_80' title="bbox 1919 3442 3496 3519">
    <p class='ocr_par' dir='ltr' id='par_1_80' title="bbox 1919 3442 3496 3519">
     <span class='ocr_line' id='line_1_80' title="bbox 1919 3442 3496 3519; baseline -0.003 -11"><span class='ocrx_word' id='word_1_587' title='bbox 1919 3452 2235 3517; x_wconf 84' lang='lat' dir='ltr'><strong>deﬁnimus,</strong></span> <span class='ocrx_word' id='word_1_588' title='bbox 2274 3450 2438 3519; x_wconf 88' lang='lat' dir='ltr'><strong>idque</strong></span> <span class='ocrx_word' id='word_1_589' title='bbox 2492 3464 2602 3504; x_wconf 92' lang='lat' dir='ltr'><strong>non</strong></span> <span class='ocrx_word' id='word_1_590' title='bbox 2668 3448 2809 3518; x_wconf 90' lang='lat' dir='ltr'><strong>parti</strong></span> <span class='ocrx_word' id='word_1_591' title='bbox 2869 3449 3067 3514; x_wconf 90' lang='lat' dir='ltr'><strong>solum,</strong></span> <span class='ocrx_word' id='word_1_592' title='bbox 3096 3442 3099 3445; x_wconf 15' lang='grc' dir='ltr'><em>Α</em></span> <span class='ocrx_word' id='word_1_593' title='bbox 3128 3449 3340 3504; x_wconf 67' lang='lat' dir='ltr'><strong>caeteris</strong></span> <span class='ocrx_word' id='word_1_594' title='bbox 3384 3465 3496 3503; x_wconf 89' lang='lat' dir='ltr'><strong>non</strong></span> 
     </span>
    </p>
   </div>
   <div class='ocr_carea' id='block_1_81' title="bbox 1920 3541 3498 3614">
    <p class='ocr_par' dir='ltr' id='par_1_81' title="bbox 1920 3541 3498 3614">
     <span class='ocr_line' id='line_1_81' title="bbox 1920 3541 3498 3614; baseline -0.003 -14"><span class='ocrx_word' id='word_1_595' title='bbox 1920 3546 2089 3611; x_wconf 90' lang='lat' dir='ltr'><strong>item,</strong></span> <span class='ocrx_word' id='word_1_596' title='bbox 2139 3543 2417 3614; x_wconf 92' lang='lat' dir='ltr'><strong>quomodo</strong></span> <span class='ocrx_word' id='word_1_597' title='bbox 2462 3541 2684 3612; x_wconf 87' lang='lat' dir='ltr'><strong>quidam</strong></span> <span class='ocrx_word' id='word_1_598' title='bbox 2737 3541 2806 3596; x_wconf 90' lang='lat' dir='ltr'><strong>de</strong></span> <span class='ocrx_word' id='word_1_599' title='bbox 2862 3541 3101 3597; x_wconf 86' lang='lat' dir='ltr'><strong>ethnicis</strong></span> <span class='ocrx_word' id='word_1_600' title='bbox 3148 3541 3498 3611; x_wconf 87' lang='lat' dir='ltr'><strong>philosophis</strong></span> 
     </span>
    </p>
   </div>
   <div class='ocr_carea' id='block_1_82' title="bbox 1920 3634 3500 3704">
    <p class='ocr_par' dir='ltr' id='par_1_82' title="bbox 1920 3634 3500 3704">
     <span class='ocr_line' id='line_1_82' title="bbox 1920 3634 3500 3704; baseline -0.006 -8"><span class='ocrx_word' id='word_1_601' title='bbox 1920 3648 2189 3704; x_wconf 90' lang='lat' dir='ltr'><strong>statuunt,</strong></span> <span class='ocrx_word' id='word_1_602' title='bbox 2220 3638 2316 3694; x_wconf 89' lang='lat' dir='ltr'><strong>sed</strong></span> <span class='ocrx_word' id='word_1_603' title='bbox 2346 3636 2652 3694; x_wconf 89' lang='lat' dir='ltr'><strong>secundum</strong></span> <span class='ocrx_word' id='word_1_604' title='bbox 2685 3635 2900 3690; x_wconf 91' lang='lat' dir='ltr'><strong>unicam</strong></span> <span class='ocrx_word' id='word_1_605' title='bbox 2928 3634 3190 3690; x_wconf 88' lang='lat' dir='ltr'><strong>bonitatis</strong></span> <span class='ocrx_word' id='word_1_606' title='bbox 3216 3642 3272 3689; x_wconf 88' lang='lat' dir='ltr'><strong>et</strong></span> <span class='ocrx_word' id='word_1_607' title='bbox 3300 3635 3500 3689; x_wconf 89' lang='lat' dir='ltr'><strong>immu-</strong></span> 
     </span>
    </p>
   </div>
   <div class='ocr_carea' id='block_1_83' title="bbox 1923 3727 3501 3797">
    <p class='ocr_par' dir='ltr' id='par_1_83' title="bbox 1923 3727 3501 3797">
     <span class='ocr_line' id='line_1_83' title="bbox 1923 3727 3501 3797; baseline -0.004 -11"><span class='ocrx_word' id='word_1_608' title='bbox 1923 3731 2148 3787; x_wconf 89' lang='lat' dir='ltr'><strong>tabilem</strong></span> <span class='ocrx_word' id='word_1_609' title='bbox 2194 3731 2555 3793; x_wconf 80' lang='lat' dir='ltr'><strong>voluntatem,</strong></span> <span class='ocrx_word' id='word_1_610' title='bbox 2593 3728 2810 3783; x_wconf 89' lang='lat' dir='ltr'><strong>eunetis</strong></span> <span class='ocrx_word' id='word_1_611' title='bbox 2854 3727 3145 3797; x_wconf 76' lang='lat' dir='ltr'><strong>aequaliter</strong></span> <span class='ocrx_word' id='word_1_612' title='bbox 3190 3728 3247 3782; x_wconf 90' lang='lat' dir='ltr'><strong>in</strong></span> <span class='ocrx_word' id='word_1_613' title='bbox 3280 3727 3501 3781; x_wconf 85' lang='lat' dir='ltr'><strong>univer-</strong></span> 
     </span>
    </p>
   </div>
   <div class='ocr_carea' id='block_1_84' title="bbox 1922 3819 3498 3894">
    <p class='ocr_par' dir='ltr' id='par_1_84' title="bbox 1922 3819 3498 3894">
     <span class='ocr_line' id='line_1_84' title="bbox 1922 3819 3498 3894; baseline -0.004 -14"><span class='ocrx_word' id='word_1_614' title='bbox 1922 3840 2043 3881; x_wconf 88' lang='lat' dir='ltr'><strong>sum</strong></span> <span class='ocrx_word' id='word_1_615' title='bbox 2071 3832 2129 3879; x_wconf 89' lang='lat' dir='ltr'><strong>et</strong></span> <span class='ocrx_word' id='word_1_616' title='bbox 2159 3822 2495 3894; x_wconf 88' lang='lat' dir='ltr'><strong>singulatim,</strong></span> <span class='ocrx_word' id='word_1_617' title='bbox 2527 3820 2667 3875; x_wconf 88' lang='lat' dir='ltr'><strong>bene</strong></span> <span class='ocrx_word' id='word_1_618' title='bbox 2710 3820 2865 3890; x_wconf 82' lang='lat' dir='ltr'><strong>gnari</strong></span> <span class='ocrx_word' id='word_1_619' title='bbox 2889 3819 3059 3889; x_wconf 91' lang='lat' dir='ltr'><strong>quod,</strong></span> <span class='ocrx_word' id='word_1_620' title='bbox 3094 3819 3139 3874; x_wconf 92' lang='lat' dir='ltr'><strong>si</strong></span> <span class='ocrx_word' id='word_1_621' title='bbox 3171 3834 3280 3874; x_wconf 88' lang='lat' dir='ltr'><strong>non</strong></span> <span class='ocrx_word' id='word_1_622' title='bbox 3311 3835 3498 3890; x_wconf 88' lang='lat' dir='ltr'><strong>parem</strong></span> 
     </span>
    </p>
   </div>
   <div class='ocr_carea' id='block_1_85' title="bbox 1923 3912 3503 3988">
    <p class='ocr_par' dir='ltr' id='par_1_85' title="bbox 1923 3912 3503 3988">
     <span class='ocr_line' id='line_1_85' title="bbox 1923 3912 3503 3988; baseline -0.003 -17"><span class='ocrx_word' id='word_1_623' title='bbox 1923 3917 2137 3988; x_wconf 86' lang='lat' dir='ltr'><strong>singula</strong></span> <span class='ocrx_word' id='word_1_624' title='bbox 2163 3930 2392 3986; x_wconf 65' lang='lat' dir='ltr'><strong>quaaque</strong></span> <span class='ocrx_word' id='word_1_625' title='bbox 2415 3913 2815 3984; x_wconf 83' lang='lat' dir='ltr'><strong>providentiam</strong></span> <span class='ocrx_word' id='word_1_626' title='bbox 2844 3922 3007 3983; x_wconf 86' lang='lat' dir='ltr'><strong>atque</strong></span> <span class='ocrx_word' id='word_1_627' title='bbox 3041 3912 3292 3967; x_wconf 83' lang='lat' dir='ltr'><strong>idoneam</strong></span> <span class='ocrx_word' id='word_1_628' title='bbox 3318 3920 3503 3968; x_wconf 91' lang='lat' dir='ltr'><strong>custo-</strong></span> 
     </span>
    </p>
   </div>
   <div class='ocr_carea' id='block_1_86' title="bbox 1923 4005 3502 4075">
    <p class='ocr_par' dir='ltr' id='par_1_86' title="bbox 1923 4005 3502 4075">
     <span class='ocr_line' id='line_1_86' title="bbox 1923 4005 3502 4075; baseline -0.003 -12"><span class='ocrx_word' id='word_1_629' title='bbox 1923 4008 2069 4063; x_wconf 91' lang='lat' dir='ltr'><strong>diam</strong></span> <span class='ocrx_word' id='word_1_630' title='bbox 2104 4007 2419 4072; x_wconf 87' lang='lat' dir='ltr'><strong>habuerint,</strong></span> <span class='ocrx_word' id='word_1_631' title='bbox 2455 4006 2768 4061; x_wconf 88' lang='lat' dir='ltr'><strong>neeessario</strong></span> <span class='ocrx_word' id='word_1_632' title='bbox 2805 4021 2913 4060; x_wconf 90' lang='lat' dir='ltr'><strong>una</strong></span> <span class='ocrx_word' id='word_1_633' title='bbox 2944 4005 3111 4059; x_wconf 87' lang='lat' dir='ltr'><strong>etiam</strong></span> <span class='ocrx_word' id='word_1_634' title='bbox 3160 4014 3356 4060; x_wconf 87' lang='lat' dir='ltr'><strong>cuncta</strong></span> <span class='ocrx_word' id='word_1_635' title='bbox 3403 4019 3502 4075; x_wconf 89' lang='lat' dir='ltr'><strong>pe-</strong></span> 
     </span>
    </p>
   </div>
   <div class='ocr_carea' id='block_1_87' title="bbox 1925 4094 3503 4169">
    <p class='ocr_par' dir='ltr' id='par_1_87' title="bbox 1925 4094 3503 4169">
     <span class='ocr_line' id='line_1_87' title="bbox 1925 4094 3503 4169; baseline -0.003 -15"><span class='ocrx_word' id='word_1_636' title='bbox 1925 4101 2100 4154; x_wconf 85' lang='lat' dir='ltr'><strong>ritura</strong></span> <span class='ocrx_word' id='word_1_637' title='bbox 2129 4098 2240 4153; x_wconf 87' lang='lat' dir='ltr'><strong>sint</strong></span> <span class='ocrx_word' id='word_1_638' title='bbox 2270 4097 2414 4169; x_wconf 88' lang='lat' dir='ltr'><strong>(nam</strong></span> <span class='ocrx_word' id='word_1_639' title='bbox 2444 4112 2511 4151; x_wconf 80' lang='lat' dir='ltr'><strong>ex</strong></span> <span class='ocrx_word' id='word_1_640' title='bbox 2537 4096 2770 4166; x_wconf 89' lang='lat' dir='ltr'><strong>singulis</strong></span> <span class='ocrx_word' id='word_1_641' title='bbox 2797 4095 3127 4150; x_wconf 85' lang='lat' dir='ltr'><strong>universitas</strong></span> <span class='ocrx_word' id='word_1_642' title='bbox 3150 4094 3410 4166; x_wconf 81' lang='lat' dir='ltr'><strong>constat),</strong></span> <span class='ocrx_word' id='word_1_643' title='bbox 3445 4104 3503 4150; x_wconf 85' lang='lat' dir='ltr'><strong>et</strong></span> 
     </span>
    </p>
   </div>
   <div class='ocr_carea' id='block_1_88' title="bbox 1924 4186 3504 4259">
    <p class='ocr_par' dir='ltr' id='par_1_88' title="bbox 1924 4186 3504 4259">
     <span class='ocr_line' id='line_1_88' title="bbox 1924 4186 3504 4259; baseline -0.004 -14"><span class='ocrx_word' id='word_1_644' title='bbox 1924 4190 2249 4245; x_wconf 89' lang='lat' dir='ltr'><strong>rationalem</strong></span> <span class='ocrx_word' id='word_1_645' title='bbox 2305 4189 2469 4259; x_wconf 88' lang='lat' dir='ltr'><strong>hujus</strong></span> <span class='ocrx_word' id='word_1_646' title='bbox 2520 4186 2600 4241; x_wconf 88' lang='lat' dir='ltr'><strong>rei</strong></span> <span class='ocrx_word' id='word_1_647' title='bbox 2655 4186 3199 4251; x_wconf 85' lang='lat' dir='ltr'><strong>demonstrationem,</strong></span> <span class='ocrx_word' id='word_1_648' title='bbox 3238 4201 3360 4256; x_wconf 68' lang='lat' dir='ltr'><strong>quae</strong></span> <span class='ocrx_word' id='word_1_649' title='bbox 3406 4200 3504 4256; x_wconf 89' lang='lat' dir='ltr'><strong>per</strong></span> 
     </span>
    </p>
   </div>
   <div class='ocr_carea' id='block_1_89' title="bbox 1925 4277 3503 4343">
    <p class='ocr_par' dir='ltr' id='par_1_89' title="bbox 1925 4277 3503 4343">
     <span class='ocr_line' id='line_1_89' title="bbox 1925 4277 3503 4343; baseline -0.003 -7"><span class='ocrx_word' id='word_1_650' title='bbox 1925 4282 2176 4336; x_wconf 89' lang='lat' dir='ltr'><strong>idoneam</strong></span> <span class='ocrx_word' id='word_1_651' title='bbox 2228 4279 2597 4335; x_wconf 89' lang='lat' dir='ltr'><strong>inversionem</strong></span> <span class='ocrx_word' id='word_1_652' title='bbox 2643 4277 2710 4331; x_wconf 91' lang='lat' dir='ltr'><strong>ad</strong></span> <span class='ocrx_word' id='word_1_653' title='bbox 2763 4277 3052 4332; x_wconf 87' lang='lat' dir='ltr'><strong>veritatem</strong></span> <span class='ocrx_word' id='word_1_654' title='bbox 3107 4277 3211 4332; x_wconf 90' lang='lat' dir='ltr'><strong>rite</strong></span> <span class='ocrx_word' id='word_1_655' title='bbox 3256 4277 3503 4343; x_wconf 86' lang='lat' dir='ltr'><strong>deducit,</strong></span> 
     </span>
    </p>
   </div>
   <div class='ocr_carea' id='block_1_90' title="bbox 1926 4369 3504 4444">
    <p class='ocr_par' dir='ltr' id='par_1_90' title="bbox 1926 4369 3504 4444">
     <span class='ocr_line' id='line_1_90' title="bbox 1926 4369 3504 4444; baseline -0.003 -15"><span class='ocrx_word' id='word_1_656' title='bbox 1926 4374 2030 4430; x_wconf 90' lang='lat' dir='ltr'><strong>sibi</strong></span> <span class='ocrx_word' id='word_1_657' title='bbox 2064 4381 2454 4444; x_wconf 89' lang='lat' dir='ltr'><strong>proponentes.</strong></span> <span class='ocrx_word' id='word_1_658' title='bbox 2482 4371 2620 4425; x_wconf 88' lang='lat' dir='ltr'><strong>Nam</strong></span> <span class='ocrx_word' id='word_1_659' title='bbox 2654 4369 2700 4426; x_wconf 90' lang='lat' dir='ltr'><strong>si</strong></span> <span class='ocrx_word' id='word_1_660' title='bbox 2734 4370 2991 4425; x_wconf 89' lang='lat' dir='ltr'><strong>universa</strong></span> <span class='ocrx_word' id='word_1_661' title='bbox 3028 4370 3083 4424; x_wconf 91' lang='lat' dir='ltr'><strong>in</strong></span> <span class='ocrx_word' id='word_1_662' title='bbox 3112 4370 3345 4441; x_wconf 87' lang='lat' dir='ltr'><strong>singulis</strong></span> <span class='ocrx_word' id='word_1_663' title='bbox 3368 4386 3504 4426; x_wconf 88' lang='lat' dir='ltr'><strong>eon-</strong></span> 
     </span>
    </p>
   </div>
   <div class='ocr_carea' id='block_1_91' title="bbox 1925 4461 3507 4534">
    <p class='ocr_par' dir='ltr' id='par_1_91' title="bbox 1925 4461 3507 4534">
     <span class='ocr_line' id='line_1_91' title="bbox 1925 4461 3507 4534; baseline -0.002 -14"><span class='ocrx_word' id='word_1_664' title='bbox 1925 4473 2094 4529; x_wconf 88' lang='lat' dir='ltr'><strong>stant,</strong></span> <span class='ocrx_word' id='word_1_665' title='bbox 2123 4479 2303 4534; x_wconf 89' lang='lat' dir='ltr'><strong>neque</strong></span> <span class='ocrx_word' id='word_1_666' title='bbox 2332 4463 2446 4516; x_wconf 92' lang='lat' dir='ltr'><strong>ullo</strong></span> <span class='ocrx_word' id='word_1_667' title='bbox 2477 4462 2640 4516; x_wconf 90' lang='lat' dir='ltr'><strong>modo</strong></span> <span class='ocrx_word' id='word_1_668' title='bbox 2668 4477 2767 4532; x_wconf 87' lang='lat' dir='ltr'><strong>per</strong></span> <span class='ocrx_word' id='word_1_669' title='bbox 2796 4476 2855 4517; x_wconf 88' lang='lat' dir='ltr'><strong>se</strong></span> <span class='ocrx_word' id='word_1_670' title='bbox 2886 4461 3005 4531; x_wconf 88' lang='lat' dir='ltr'><strong>ipsa</strong></span> <span class='ocrx_word' id='word_1_671' title='bbox 3033 4477 3152 4517; x_wconf 88' lang='lat' dir='ltr'><strong>esse</strong></span> <span class='ocrx_word' id='word_1_672' title='bbox 3184 4471 3348 4533; x_wconf 90' lang='lat' dir='ltr'><strong>atque</strong></span> <span class='ocrx_word' id='word_1_673' title='bbox 3374 4478 3507 4517; x_wconf 90' lang='lat' dir='ltr'><strong>eon-</strong></span> 
     </span>
    </p>
   </div>
   <div class='ocr_carea' id='block_1_92' title="bbox 238 4546 1813 4627">
    <p class='ocr_par' dir='ltr' id='par_1_92' title="bbox 238 4546 1813 4627">
     <span class='ocr_line' id='line_1_92' title="bbox 238 4546 1813 4627; baseline -0.006 -17"><span class='ocrx_word' id='word_1_674' title='bbox 238 4556 512 4627; x_wconf 82' lang='grc' dir='ltr'>παράπαν</span> <span class='ocrx_word' id='word_1_675' title='bbox 535 4553 627 4607; x_wconf 74' lang='grc' dir='ltr'><strong>τὸν</strong></span> <span class='ocrx_word' id='word_1_676' title='bbox 651 4552 747 4607; x_wconf 85' lang='grc' dir='ltr'><strong>τοῦ</strong></span> <span class='ocrx_word' id='word_1_677' title='bbox 778 4552 904 4606; x_wconf 83' lang='grc' dir='ltr'>καθ’</span> <span class='ocrx_word' id='word_1_678' title='bbox 926 4551 1070 4607; x_wconf 80' lang='grc' dir='ltr'>αὐτὰ</span> <span class='ocrx_word' id='word_1_679' title='bbox 1099 4546 1237 4604; x_wconf 74' lang='grc' dir='ltr'>εἶναι</span> <span class='ocrx_word' id='word_1_680' title='bbox 1271 4567 1332 4603; x_wconf 87' lang='grc' dir='ltr'><strong>τε</strong></span> <span class='ocrx_word' id='word_1_681' title='bbox 1378 4549 1471 4603; x_wconf 79' lang='grc' dir='ltr'>καὶ</span> <span class='ocrx_word' id='word_1_682' title='bbox 1521 4549 1813 4619; x_wconf 80' lang='grc' dir='ltr'>ὑφεστάναι</span> 
     </span>
    </p>
   </div>
   <div class='ocr_carea' id='block_1_93' title="bbox 1915 4546 3507 4627">
    <p class='ocr_par' dir='ltr' id='par_1_93' title="bbox 1924 4552 3507 4624">
     <span class='ocr_line' id='line_1_93' title="bbox 1924 4552 3507 4624; baseline -0.001 -13"><span class='ocrx_word' id='word_1_683' title='bbox 1924 4565 2091 4621; x_wconf 91' lang='lat' dir='ltr'><strong>stare,</strong></span> <span class='ocrx_word' id='word_1_684' title='bbox 2120 4563 2412 4624; x_wconf 87' lang='lat' dir='ltr'><strong>postquam</strong></span> <span class='ocrx_word' id='word_1_685' title='bbox 2442 4553 2655 4623; x_wconf 90' lang='lat' dir='ltr'><strong>singula</strong></span> <span class='ocrx_word' id='word_1_686' title='bbox 2686 4552 3021 4616; x_wconf 90' lang='lat' dir='ltr'><strong>interierint,</strong></span> <span class='ocrx_word' id='word_1_687' title='bbox 3052 4554 3278 4623; x_wconf 90' lang='lat' dir='ltr'><strong>cogitari</strong></span> <span class='ocrx_word' id='word_1_688' title='bbox 3307 4554 3507 4609; x_wconf 85' lang='lat' dir='ltr'><strong>admit-</strong></span> 
     </span>
    </p>
   </div>
   <div class='ocr_carea' id='block_1_94' title="bbox 238 4640 1821 4719">
    <p class='ocr_par' dir='ltr' id='par_1_94' title="bbox 238 4640 1821 4719">
     <span class='ocr_line' id='line_1_94' title="bbox 238 4640 1821 4719; baseline -0.006 -16"><span class='ocrx_word' id='word_1_689' title='bbox 238 4650 402 4717; x_wconf 85' lang='grc' dir='ltr'>λόγον</span> <span class='ocrx_word' id='word_1_690' title='bbox 433 4645 619 4719; x_wconf 61' lang='grc' dir='ltr'><strong>(ιπή</strong></span> <span class='ocrx_word' id='word_1_691' title='bbox 648 4649 704 4712; x_wconf 87' lang='lat' dir='ltr'><strong>a)</strong></span> <span class='ocrx_word' id='word_1_692' title='bbox 737 4644 1099 4715; x_wconf 83' lang='grc' dir='ltr'>ὲπιδεχόμενα</span> <span class='ocrx_word' id='word_1_693' title='bbox 1144 4642 1257 4698; x_wconf 90' lang='grc' dir='ltr'><strong>τῶν</strong></span> <span class='ocrx_word' id='word_1_694' title='bbox 1304 4643 1445 4695; x_wconf 78' lang='grc' dir='ltr'>κατὰ</span> <span class='ocrx_word' id='word_1_695' title='bbox 1482 4641 1647 4712; x_wconf 81' lang='grc' dir='ltr'>μέρος</span> <span class='ocrx_word' id='word_1_696' title='bbox 1704 4640 1821 4694; x_wconf 81' lang='grc' dir='ltr'>δια-</span> 
     </span>
    </p>
   </div>
   <div class='ocr_carea' id='block_1_95' title="bbox 242 4733 1825 4812">
    <p class='ocr_par' dir='ltr' id='par_1_95' title="bbox 242 4733 1825 4812">
     <span class='ocr_line' id='line_1_95' title="bbox 242 4733 1825 4812; baseline -0.006 -17"><span class='ocrx_word' id='word_1_697' title='bbox 242 4741 644 4812; x_wconf 77' lang='grc' dir='ltr'>φθειρομένων,</span> <span class='ocrx_word' id='word_1_698' title='bbox 666 4738 828 4812; x_wconf 84' lang='grc' dir='ltr'>παντί</span> <span class='ocrx_word' id='word_1_699' title='bbox 850 4754 954 4789; x_wconf 90' lang='grc' dir='ltr'><strong>που</strong></span> <span class='ocrx_word' id='word_1_700' title='bbox 980 4735 1139 4805; x_wconf 81' lang='grc' dir='ltr'>δῆλόν</span> <span class='ocrx_word' id='word_1_701' title='bbox 1167 4736 1311 4789; x_wconf 71' lang='grc' dir='ltr'>ἐστιν</span> <span class='ocrx_word' id='word_1_702' title='bbox 1338 4734 1414 4797; x_wconf 87' lang='grc' dir='ltr'>ὼς</span> <span class='ocrx_word' id='word_1_703' title='bbox 1442 4733 1564 4786; x_wconf 76' lang='grc' dir='ltr'>οὐδὲ</span> <span class='ocrx_word' id='word_1_704' title='bbox 1593 4734 1662 4786; x_wconf 75' lang='grc' dir='ltr'><strong>τὰ</strong></span> <span class='ocrx_word' id='word_1_705' title='bbox 1692 4733 1825 4786; x_wconf 79' lang='grc' dir='ltr'>καθ·</span> 
     </span>
    </p>
   </div>
   <div class='ocr_carea' id='block_1_96' title="bbox 245 4826 1823 4904">
    <p class='ocr_par' dir='ltr' id='par_1_96' title="bbox 245 4826 1823 4904">
     <span class='ocr_line' id='line_1_96' title="bbox 245 4826 1823 4904; baseline -0.006 -16"><span class='ocrx_word' id='word_1_706' title='bbox 245 4835 373 4888; x_wconf 86' lang='grc' dir='ltr'>όλου</span> <span class='ocrx_word' id='word_1_707' title='bbox 407 4832 686 4904; x_wconf 76' lang='grc' dir='ltr'>στήσεται.</span> <span class='ocrx_word' id='word_1_708' title='bbox 720 4829 804 4883; x_wconf 81' lang='grc' dir='ltr'><strong>Τὰ</strong></span> <span class='ocrx_word' id='word_1_709' title='bbox 844 4828 987 4900; x_wconf 82' lang='grc' dir='ltr'>μέρη</span> <span class='ocrx_word' id='word_1_710' title='bbox 1023 4829 1132 4899; x_wconf 85' lang='grc' dir='ltr'>γὰρ</span> <span class='ocrx_word' id='word_1_711' title='bbox 1169 4828 1226 4879; x_wconf 83' lang='grc' dir='ltr'>ὲν</span> <span class='ocrx_word' id='word_1_712' title='bbox 1271 4829 1392 4889; x_wconf 84' lang='grc' dir='ltr'>ταῖς</span> <span class='ocrx_word' id='word_1_713' title='bbox 1441 4826 1677 4897; x_wconf 82' lang='grc' dir='ltr'>ὁλότησι,</span> <span class='ocrx_word' id='word_1_714' title='bbox 1730 4826 1823 4879; x_wconf 71' lang='grc' dir='ltr'><strong>καὶ</strong></span> 
     </span>
    </p>
   </div>
   <div class='ocr_carea' id='block_1_97' title="bbox 243 4919 1822 4996">
    <p class='ocr_par' dir='ltr' id='par_1_97' title="bbox 243 4919 1822 4996">
     <span class='ocr_line' id='line_1_97' title="bbox 243 4919 1822 4996; baseline -0.004 -16"><span class='ocrx_word' id='word_1_715' title='bbox 243 4928 301 4981; x_wconf 76' lang='grc' dir='ltr'>αἱ</span> <span class='ocrx_word' id='word_1_716' title='bbox 335 4925 597 4996; x_wconf 81' lang='grc' dir='ltr'>ὁλότητες</span> <span class='ocrx_word' id='word_1_717' title='bbox 636 4924 695 4977; x_wconf 78' lang='grc' dir='ltr'>ἐν</span> <span class='ocrx_word' id='word_1_718' title='bbox 716 4924 828 4986; x_wconf 83' lang='grc' dir='ltr'>τοῖς</span> <span class='ocrx_word' id='word_1_719' title='bbox 861 4921 1054 4991; x_wconf 80' lang='grc' dir='ltr'>μέρεσι</span> <span class='ocrx_word' id='word_1_720' title='bbox 1085 4919 1177 4972; x_wconf 77' lang='grc' dir='ltr'>καὶ</span> <span class='ocrx_word' id='word_1_721' title='bbox 1204 4919 1310 4971; x_wconf 79' lang='grc' dir='ltr'>εἰσὶ</span> <span class='ocrx_word' id='word_1_722' title='bbox 1342 4921 1435 4971; x_wconf 64' lang='grc' dir='ltr'>καὶ</span> <span class='ocrx_word' id='word_1_723' title='bbox 1462 4919 1822 4990; x_wconf 80' lang='grc' dir='ltr'>ὑφεστήκασι.</span> 
     </span>
    </p>
   </div>
   <div class='ocr_carea' id='block_1_98' title="bbox 242 5011 1824 5087">
    <p class='ocr_par' dir='ltr' id='par_1_98' title="bbox 242 5011 1824 5087">
     <span class='ocr_line' id='line_1_98' title="bbox 242 5011 1824 5087; baseline -0.005 -14"><span class='ocrx_word' id='word_1_724' title='bbox 242 5021 359 5073; x_wconf 69' lang='grc' dir='ltr'><strong>Καὶ</strong></span> <span class='ocrx_word' id='word_1_725' title='bbox 391 5018 566 5081; x_wconf 83' lang='grc' dir='ltr'>οὐδεὶς</span> <span class='ocrx_word' id='word_1_726' title='bbox 588 5017 806 5087; x_wconf 79' lang='grc' dir='ltr'>ἀντερεῖ</span> <span class='ocrx_word' id='word_1_727' title='bbox 826 5014 985 5083; x_wconf 90' lang='grc' dir='ltr'>λόγος</span> <span class='ocrx_word' id='word_1_728' title='bbox 1004 5030 1019 5046; x_wconf 62' lang='grc' dir='ltr'>δ</span> <span class='ocrx_word' id='word_1_729' title='bbox 1049 5011 1189 5082; x_wconf 82' lang='grc' dir='ltr'>πλὴν</span> <span class='ocrx_word' id='word_1_730' title='bbox 1215 5012 1297 5065; x_wconf 86' lang='grc' dir='ltr'>ὄτι</span> <span class='ocrx_word' id='word_1_731' title='bbox 1318 5011 1424 5064; x_wconf 82' lang='grc' dir='ltr'>ὐπὸ</span> <span class='ocrx_word' id='word_1_732' title='bbox 1442 5012 1543 5081; x_wconf 84' lang='grc' dir='ltr'>τῆς</span> <span class='ocrx_word' id='word_1_733' title='bbox 1567 5012 1824 5081; x_wconf 82' lang='grc' dir='ltr'>ἀληθείας</span> 
     </span>
    </p>
   </div>
   <div class='ocr_carea' id='block_1_99' title="bbox 244 5104 1824 5184">
    <p class='ocr_par' dir='ltr' id='par_1_99' title="bbox 244 5104 1824 5184">
     <span class='ocr_line' id='line_1_99' title="bbox 244 5104 1824 5184; baseline -0.005 -17"><span class='ocrx_word' id='word_1_734' title='bbox 244 5114 435 5184; x_wconf 78' lang='grc' dir='ltr'>ὥσπερ</span> <span class='ocrx_word' id='word_1_735' title='bbox 460 5110 821 5181; x_wconf 82' lang='grc' dir='ltr'>δεσμούμενοι</span> <span class='ocrx_word' id='word_1_736' title='bbox 850 5109 1078 5171; x_wconf 78' lang='grc' dir='ltr'>ἄκοντες</span> <span class='ocrx_word' id='word_1_737' title='bbox 1110 5107 1205 5159; x_wconf 73' lang='grc' dir='ltr'>καὶ</span> <span class='ocrx_word' id='word_1_738' title='bbox 1234 5104 1389 5158; x_wconf 78' lang='grc' dir='ltr'>αὐτοὶ</span> <span class='ocrx_word' id='word_1_739' title='bbox 1421 5104 1523 5174; x_wconf 84' lang='grc' dir='ltr'>τῆς</span> <span class='ocrx_word' id='word_1_740' title='bbox 1568 5106 1824 5176; x_wconf 89' lang='grc' dir='ltr'>προνοίας</span> 
     </span>
    </p>
   </div>
   <div class='ocr_carea' id='block_1_100' title="bbox 246 5194 1825 5275">
    <p class='ocr_par' dir='ltr' id='par_1_100' title="bbox 246 5194 1825 5275">
     <span class='ocr_line' id='line_1_100' title="bbox 246 5194 1825 5275; baseline -0.004 -19"><span class='ocrx_word' id='word_1_741' title='bbox 246 5202 344 5275; x_wconf 77' lang='grc' dir='ltr'>τὴν</span> <span class='ocrx_word' id='word_1_742' title='bbox 372 5201 602 5271; x_wconf 80' lang='grc' dir='ltr'>δύναμιν</span> <span class='ocrx_word' id='word_1_743' title='bbox 622 5196 1007 5267; x_wconf 80' lang='grc' dir='ltr'>ἐξαγγέλλουσι</span> <span class='ocrx_word' id='word_1_744' title='bbox 1032 5194 1128 5250; x_wconf 77' lang='grc' dir='ltr'>καὶ</span> <span class='ocrx_word' id='word_1_745' title='bbox 1149 5194 1236 5247; x_wconf 80' lang='grc' dir='ltr'>διὰ</span> <span class='ocrx_word' id='word_1_746' title='bbox 1262 5194 1481 5247; x_wconf 86' lang='grc' dir='ltr'>πάντων</span> <span class='ocrx_word' id='word_1_747' title='bbox 1502 5194 1708 5265; x_wconf 87' lang='grc' dir='ltr'>διήκειν</span> <span class='ocrx_word' id='word_1_748' title='bbox 1722 5212 1825 5250; x_wconf 80' lang='grc' dir='ltr'>κα-</span> 
     </span>
    </p>
   </div>
   <div class='ocr_carea' id='block_1_101' title="bbox 248 5282 1825 5355">
    <p class='ocr_par' dir='ltr' id='par_1_101' title="bbox 248 5282 1825 5355">
     <span class='ocr_line' id='line_1_101' title="bbox 248 5282 1825 5355; baseline -0.006 -7"><span class='ocrx_word' id='word_1_749' title='bbox 248 5291 648 5355; x_wconf 78' lang='grc' dir='ltr'>τασκευάζουσι</span> <span class='ocrx_word' id='word_1_750' title='bbox 673 5290 741 5345; x_wconf 78' lang='grc' dir='ltr'>δι’</span> <span class='ocrx_word' id='word_1_751' title='bbox 774 5282 849 5343; x_wconf 84' lang='grc' dir='ltr'>ὧν</span> <span class='ocrx_word' id='word_1_752' title='bbox 878 5288 1063 5346; x_wconf 80' lang='grc' dir='ltr'>αὐτοῖς</span> <span class='ocrx_word' id='word_1_753' title='bbox 1110 5283 1581 5339; x_wconf 82' lang='grc' dir='ltr'>κατεσπούδασαν.</span> <span class='ocrx_word' id='word_1_754' title='bbox 1623 5286 1825 5353; x_wconf 84' lang='grc' dir='ltr'>Λέγον-</span> 
     </span>
    </p>
   </div>
   <div class='ocr_carea' id='block_1_102' title="bbox 248 5377 1822 5457">
    <p class='ocr_par' dir='ltr' id='par_1_102' title="bbox 248 5377 1822 5457">
     <span class='ocr_line' id='line_1_102' title="bbox 248 5377 1822 5457; baseline -0.004 -19"><span class='ocrx_word' id='word_1_755' title='bbox 248 5402 339 5447; x_wconf 87' lang='grc' dir='ltr'><strong>τες</strong></span> <span class='ocrx_word' id='word_1_756' title='bbox 372 5384 482 5457; x_wconf 81' lang='grc' dir='ltr'><strong>γάρ</strong></span> <span class='ocrx_word' id='word_1_757' title='bbox 514 5383 623 5436; x_wconf 81' lang='grc' dir='ltr'>ὐπὸ</span> <span class='ocrx_word' id='word_1_758' title='bbox 650 5382 746 5452; x_wconf 80' lang='grc' dir='ltr'>τῆς</span> <span class='ocrx_word' id='word_1_759' title='bbox 774 5382 1032 5452; x_wconf 83' lang='grc' dir='ltr'>προνοίας</span> <span class='ocrx_word' id='word_1_760' title='bbox 1054 5378 1281 5449; x_wconf 82' lang='grc' dir='ltr'>ἄγεσθαι</span> <span class='ocrx_word' id='word_1_761' title='bbox 1310 5378 1447 5449; x_wconf 85' lang='grc' dir='ltr'>μόνα</span> <span class='ocrx_word' id='word_1_762' title='bbox 1478 5378 1545 5431; x_wconf 79' lang='grc' dir='ltr'>τὰ</span> <span class='ocrx_word' id='word_1_763' title='bbox 1574 5377 1822 5443; x_wconf 87' lang='grc' dir='ltr'>καθόλου,</span> 
     </span>
    </p>
   </div>
   <div class='ocr_carea' id='block_1_103' title="bbox 249 5470 1823 5548">
    <p class='ocr_par' dir='ltr' id='par_1_103' title="bbox 249 5470 1823 5548">
     <span class='ocr_line' id='line_1_103' title="bbox 249 5470 1823 5548; baseline -0.003 -18"><span class='ocrx_word' id='word_1_764' title='bbox 249 5477 541 5548; x_wconf 86' lang='grc' dir='ltr'>λελήθασιν</span> <span class='ocrx_word' id='word_1_765' title='bbox 574 5474 804 5538; x_wconf 79' lang='grc' dir='ltr'>ἑαυτοὺς</span> <span class='ocrx_word' id='word_1_766' title='bbox 834 5474 929 5528; x_wconf 78' lang='grc' dir='ltr'>καὶ</span> <span class='ocrx_word' id='word_1_767' title='bbox 969 5473 1077 5527; x_wconf 83' lang='grc' dir='ltr'><strong>τῶν</strong></span> <span class='ocrx_word' id='word_1_768' title='bbox 1118 5473 1259 5527; x_wconf 83' lang='grc' dir='ltr'>κατὰ</span> <span class='ocrx_word' id='word_1_769' title='bbox 1303 5470 1470 5543; x_wconf 84' lang='grc' dir='ltr'>μέρος</span> <span class='ocrx_word' id='word_1_770' title='bbox 1511 5474 1649 5526; x_wconf 89' lang='grc' dir='ltr'>εῖναι</span> <span class='ocrx_word' id='word_1_771' title='bbox 1692 5472 1823 5542; x_wconf 78' lang='grc' dir='ltr'>πρόο</span> 
     </span>
    </p>
   </div>
   <div class='ocr_carea' id='block_1_104' title="bbox 252 5562 1829 5637">
    <p class='ocr_par' dir='ltr' id='par_1_104' title="bbox 252 5562 1829 5637">
     <span class='ocr_line' id='line_1_104' title="bbox 252 5562 1829 5637; baseline -0.006 -14"><span class='ocrx_word' id='word_1_772' title='bbox 252 5587 401 5623; x_wconf 90' lang='grc' dir='ltr'>νοιαν</span> <span class='ocrx_word' id='word_1_773' title='bbox 426 5568 701 5637; x_wconf 80' lang='grc' dir='ltr'>λέγοντες,</span> <span class='ocrx_word' id='word_1_774' title='bbox 728 5566 789 5632; x_wconf 77' lang='grc' dir='ltr'>ἐξ</span> <span class='ocrx_word' id='word_1_775' title='bbox 820 5567 1070 5635; x_wconf 85' lang='grc' dir='ltr'>ἀνάγκης</span> <span class='ocrx_word' id='word_1_776' title='bbox 1097 5565 1234 5636; x_wconf 82' lang='grc' dir='ltr'>πρὸς</span> <span class='ocrx_word' id='word_1_777' title='bbox 1284 5565 1384 5636; x_wconf 77' lang='grc' dir='ltr'>τὴν</span> <span class='ocrx_word' id='word_1_778' title='bbox 1428 5563 1708 5635; x_wconf 73' lang='grc' dir='ltr'>ἀλήθειαν,</span> <span class='ocrx_word' id='word_1_779' title='bbox 1761 5562 1829 5633; x_wconf 82' lang='grc' dir='ltr'>ἢν</span> 
     </span>
    </p>
   </div>
   <div class='ocr_carea' id='block_1_105' title="bbox 254 5655 1829 5729">
    <p class='ocr_par' dir='ltr' id='par_1_105' title="bbox 254 5655 1829 5729">
     <span class='ocr_line' id='line_1_105' title="bbox 254 5655 1829 5729; baseline -0.004 -15"><span class='ocrx_word' id='word_1_780' title='bbox 254 5662 477 5729; x_wconf 75' lang='grc' dir='ltr'>φεύγειν</span> <span class='ocrx_word' id='word_1_781' title='bbox 524 5658 938 5723; x_wconf 78' lang='grc' dir='ltr'>σπουδάζουσιν,</span> <span class='ocrx_word' id='word_1_782' title='bbox 985 5658 1342 5728; x_wconf 85' lang='grc' dir='ltr'>ὑπαγόμενοι.</span> <span class='ocrx_word' id='word_1_783' title='bbox 1399 5658 1461 5710; x_wconf 86' lang='grc' dir='ltr'><strong>Εἰ</strong></span> <span class='ocrx_word' id='word_1_784' title='bbox 1510 5655 1619 5727; x_wconf 77' lang='grc' dir='ltr'><strong>γὰρ</strong></span> <span class='ocrx_word' id='word_1_785' title='bbox 1666 5656 1829 5726; x_wconf 83' lang='grc' dir='ltr'>χάριν</span> 
     </span>
    </p>
   </div>
   <div class='ocr_carea' id='block_1_106' title="bbox 1930 4643 3510 4715">
    <p class='ocr_par' dir='ltr' id='par_1_106' title="bbox 1930 4643 3510 4715">
     <span class='ocr_line' id='line_1_106' title="bbox 1930 4643 3510 4715; baseline -0.001 -13"><span class='ocrx_word' id='word_1_786' title='bbox 1930 4656 2073 4711; x_wconf 88' lang='lat' dir='ltr'><strong>tunt,</strong></span> <span class='ocrx_word' id='word_1_787' title='bbox 2108 4661 2291 4710; x_wconf 90' lang='lat' dir='ltr'><strong>nemo,</strong></span> <span class='ocrx_word' id='word_1_788' title='bbox 2325 4653 2476 4715; x_wconf 91' lang='lat' dir='ltr'><strong>puto,</strong></span> <span class='ocrx_word' id='word_1_789' title='bbox 2504 4660 2613 4699; x_wconf 93' lang='lat' dir='ltr'><strong>non</strong></span> <span class='ocrx_word' id='word_1_790' title='bbox 2649 4643 2860 4699; x_wconf 87' lang='lat' dir='ltr'><strong>videbit</strong></span> <span class='ocrx_word' id='word_1_791' title='bbox 2887 4659 2991 4698; x_wconf 91' lang='lat' dir='ltr'><strong>nec</strong></span> <span class='ocrx_word' id='word_1_792' title='bbox 3032 4645 3148 4713; x_wconf 87' lang='lat' dir='ltr'><strong>ipsa</strong></span> <span class='ocrx_word' id='word_1_793' title='bbox 3182 4660 3341 4714; x_wconf 89' lang='lat' dir='ltr'><strong>posse</strong></span> <span class='ocrx_word' id='word_1_794' title='bbox 3383 4647 3510 4700; x_wconf 88' lang='lat' dir='ltr'><strong>uni-</strong></span> 
     </span>
    </p>
   </div>
   <div class='ocr_carea' id='block_1_107' title="bbox 1926 4733 3506 4797">
    <p class='ocr_par' dir='ltr' id='par_1_107' title="bbox 1926 4733 3506 4797">
     <span class='ocr_line' id='line_1_107' title="bbox 1926 4733 3506 4797; baseline -0.001 -4"><span class='ocrx_word' id='word_1_795' title='bbox 1926 4754 2084 4793; x_wconf 89' lang='lat' dir='ltr'><strong>versa</strong></span> <span class='ocrx_word' id='word_1_796' title='bbox 2118 4747 2283 4792; x_wconf 87' lang='lat' dir='ltr'><strong>stare.</strong></span> <span class='ocrx_word' id='word_1_797' title='bbox 2316 4737 2507 4791; x_wconf 87' lang='lat' dir='ltr'><strong>Partes</strong></span> <span class='ocrx_word' id='word_1_798' title='bbox 2537 4734 2685 4789; x_wconf 89' lang='lat' dir='ltr'><strong>enim</strong></span> <span class='ocrx_word' id='word_1_799' title='bbox 2723 4733 2777 4788; x_wconf 91' lang='lat' dir='ltr'><strong>in</strong></span> <span class='ocrx_word' id='word_1_800' title='bbox 2824 4733 3057 4797; x_wconf 89' lang='lat' dir='ltr'><strong>totitate,</strong></span> <span class='ocrx_word' id='word_1_801' title='bbox 3086 4744 3142 4788; x_wconf 90' lang='lat' dir='ltr'><strong>et</strong></span> <span class='ocrx_word' id='word_1_802' title='bbox 3176 4734 3419 4790; x_wconf 89' lang='lat' dir='ltr'><strong>totitates</strong></span> <span class='ocrx_word' id='word_1_803' title='bbox 3448 4737 3506 4791; x_wconf 90' lang='lat' dir='ltr'><strong>in</strong></span> 
     </span>
    </p>
   </div>
   <div class='ocr_carea' id='block_1_108' title="bbox 1928 4822 3507 4899">
    <p class='ocr_par' dir='ltr' id='par_1_108' title="bbox 1928 4822 3507 4899">
     <span class='ocr_line' id='line_1_108' title="bbox 1928 4822 3507 4899; baseline -0.002 -17"><span class='ocrx_word' id='word_1_804' title='bbox 1928 4828 2176 4899; x_wconf 90' lang='lat' dir='ltr'><strong>partibus</strong></span> <span class='ocrx_word' id='word_1_805' title='bbox 2198 4836 2305 4880; x_wconf 90' lang='lat' dir='ltr'><strong>tam</strong></span> <span class='ocrx_word' id='word_1_806' title='bbox 2333 4833 2461 4880; x_wconf 90' lang='lat' dir='ltr'><strong>sunt</strong></span> <span class='ocrx_word' id='word_1_807' title='bbox 2484 4839 2648 4895; x_wconf 91' lang='lat' dir='ltr'><strong>quam</strong></span> <span class='ocrx_word' id='word_1_808' title='bbox 2674 4822 3002 4879; x_wconf 89' lang='lat' dir='ltr'><strong>subsistunt.</strong></span> <span class='ocrx_word' id='word_1_809' title='bbox 3024 4822 3213 4892; x_wconf 85' lang='lat' dir='ltr'><strong>Neque</strong></span> <span class='ocrx_word' id='word_1_810' title='bbox 3234 4823 3342 4876; x_wconf 91' lang='lat' dir='ltr'><strong>ulla</strong></span> <span class='ocrx_word' id='word_1_811' title='bbox 3368 4822 3507 4879; x_wconf 90' lang='lat' dir='ltr'><strong>ratio</strong></span> 
     </span>
    </p>
   </div>
   <div class='ocr_carea' id='block_1_109' title="bbox 1929 4914 3506 4990">
    <p class='ocr_par' dir='ltr' id='par_1_109' title="bbox 1929 4914 3506 4990">
     <span class='ocr_line' id='line_1_109' title="bbox 1929 4914 3506 4990; baseline -0.004 -14"><span class='ocrx_word' id='word_1_812' title='bbox 1929 4922 2287 4990; x_wconf 88' lang='lat' dir='ltr'><strong>obloquetur;</strong></span> <span class='ocrx_word' id='word_1_813' title='bbox 2316 4916 2423 4972; x_wconf 90' lang='lat' dir='ltr'><strong>nisi</strong></span> <span class='ocrx_word' id='word_1_814' title='bbox 2450 4916 2596 4986; x_wconf 87' lang='lat' dir='ltr'><strong>quod</strong></span> <span class='ocrx_word' id='word_1_815' title='bbox 2623 4931 2653 4970; x_wconf 88' lang='lat' dir='ltr'><strong>a</strong></span> <span class='ocrx_word' id='word_1_816' title='bbox 2676 4916 2907 4971; x_wconf 88' lang='lat' dir='ltr'><strong>veritate</strong></span> <span class='ocrx_word' id='word_1_817' title='bbox 2937 4923 3193 4983; x_wconf 88' lang='lat' dir='ltr'><strong>tanquam</strong></span> <span class='ocrx_word' id='word_1_818' title='bbox 3222 4914 3506 4970; x_wconf 91' lang='lat' dir='ltr'><strong>constricti</strong></span> 
     </span>
    </p>
   </div>
   <div class='ocr_carea' id='block_1_110' title="bbox 1927 5006 3512 5083">
    <p class='ocr_par' dir='ltr' id='par_1_110' title="bbox 1927 5006 3512 5083">
     <span class='ocr_line' id='line_1_110' title="bbox 1927 5006 3512 5083; baseline -0.011 -13"><span class='ocrx_word' id='word_1_819' title='bbox 1927 5015 2086 5070; x_wconf 85' lang='lat' dir='ltr'><strong>inviti</strong></span> <span class='ocrx_word' id='word_1_820' title='bbox 2117 5014 2203 5069; x_wconf 91' lang='lat' dir='ltr'><strong>vel</strong></span> <span class='ocrx_word' id='word_1_821' title='bbox 2240 5012 2344 5083; x_wconf 89' lang='lat' dir='ltr'><strong>ipsi</strong></span> <span class='ocrx_word' id='word_1_822' title='bbox 2389 5009 2749 5081; x_wconf 59' lang='lat' dir='ltr'><strong>providentia</strong></span> <span class='ocrx_word' id='word_1_823' title='bbox 2783 5008 2893 5061; x_wconf 90' lang='lat' dir='ltr'><strong>vim</strong></span> <span class='ocrx_word' id='word_1_824' title='bbox 2928 5006 3227 5076; x_wconf 81' lang='lat' dir='ltr'><strong>praedicant</strong></span> <span class='ocrx_word' id='word_1_825' title='bbox 3260 5021 3359 5075; x_wconf 89' lang='lat' dir='ltr'><strong>per</strong></span> <span class='ocrx_word' id='word_1_826' title='bbox 3391 5022 3512 5061; x_wconf 87' lang='lat' dir='ltr'><strong>om-</strong></span> 
     </span>
    </p>
   </div>
   <div class='ocr_carea' id='block_1_111' title="bbox 1927 5096 3511 5173">
    <p class='ocr_par' dir='ltr' id='par_1_111' title="bbox 1927 5096 3511 5173">
     <span class='ocr_line' id='line_1_111' title="bbox 1927 5096 3511 5173; baseline -0.006 -11"><span class='ocrx_word' id='word_1_827' title='bbox 1927 5107 2018 5162; x_wconf 90' lang='lat' dir='ltr'><strong>nia</strong></span> <span class='ocrx_word' id='word_1_828' title='bbox 2048 5120 2272 5161; x_wconf 90' lang='lat' dir='ltr'><strong>currere</strong></span> <span class='ocrx_word' id='word_1_829' title='bbox 2299 5111 2463 5173; x_wconf 90' lang='lat' dir='ltr'><strong>atque</strong></span> <span class='ocrx_word' id='word_1_830' title='bbox 2496 5107 2750 5155; x_wconf 91' lang='lat' dir='ltr'><strong>astruunt</strong></span> <span class='ocrx_word' id='word_1_831' title='bbox 2781 5114 2880 5168; x_wconf 88' lang='lat' dir='ltr'><strong>per</strong></span> <span class='ocrx_word' id='word_1_832' title='bbox 2904 5113 2969 5152; x_wconf 88' lang='lat' dir='ltr'><strong>ea</strong></span> <span class='ocrx_word' id='word_1_833' title='bbox 2998 5097 3201 5166; x_wconf 91' lang='lat' dir='ltr'><strong>quibus</strong></span> <span class='ocrx_word' id='word_1_834' title='bbox 3235 5096 3338 5151; x_wconf 89' lang='lat' dir='ltr'><strong>sibi</strong></span> <span class='ocrx_word' id='word_1_835' title='bbox 3365 5106 3511 5152; x_wconf 87' lang='lat' dir='ltr'><strong>sata-</strong></span> 
     </span>
    </p>
   </div>
   <div class='ocr_carea' id='block_1_112' title="bbox 1928 5188 3511 5269">
    <p class='ocr_par' dir='ltr' id='par_1_112' title="bbox 1928 5188 3511 5269">
     <span class='ocr_line' id='line_1_112' title="bbox 1928 5188 3511 5269; baseline -0.006 -16"><span class='ocrx_word' id='word_1_836' title='bbox 1928 5207 2083 5269; x_wconf 85' lang='lat' dir='ltr'><strong>gunt.</strong></span> <span class='ocrx_word' id='word_1_837' title='bbox 2122 5196 2379 5250; x_wconf 89' lang='lat' dir='ltr'><strong>Dicentes</strong></span> <span class='ocrx_word' id='word_1_838' title='bbox 2406 5192 2553 5247; x_wconf 91' lang='lat' dir='ltr'><strong>enim</strong></span> <span class='ocrx_word' id='word_1_839' title='bbox 2581 5206 2611 5243; x_wconf 90' lang='lat' dir='ltr'><strong>a</strong></span> <span class='ocrx_word' id='word_1_840' title='bbox 2642 5188 2989 5259; x_wconf 86' lang='lat' dir='ltr'><strong>providentia</strong></span> <span class='ocrx_word' id='word_1_841' title='bbox 3012 5188 3357 5243; x_wconf 86' lang='lat' dir='ltr'><strong>solummodo</strong></span> <span class='ocrx_word' id='word_1_842' title='bbox 3388 5190 3511 5243; x_wconf 89' lang='lat' dir='ltr'><strong>uni-</strong></span> 
     </span>
    </p>
   </div>
   <div class='ocr_carea' id='block_1_113' title="bbox 1930 5279 3510 5354">
    <p class='ocr_par' dir='ltr' id='par_1_113' title="bbox 1930 5279 3510 5354">
     <span class='ocr_line' id='line_1_113' title="bbox 1930 5279 3510 5354; baseline -0.005 -12"><span class='ocrx_word' id='word_1_843' title='bbox 1930 5304 2088 5343; x_wconf 84' lang='lat' dir='ltr'><strong>versa</strong></span> <span class='ocrx_word' id='word_1_844' title='bbox 2134 5284 2298 5351; x_wconf 90' lang='lat' dir='ltr'><strong>duci,</strong></span> <span class='ocrx_word' id='word_1_845' title='bbox 2345 5279 2705 5354; x_wconf 73' lang='lat' dir='ltr'><strong>providentia:</strong></span> <span class='ocrx_word' id='word_1_846' title='bbox 2751 5279 2807 5333; x_wconf 90' lang='lat' dir='ltr'><strong>in</strong></span> <span class='ocrx_word' id='word_1_847' title='bbox 2866 5279 3392 5334; x_wconf 88' lang='lat' dir='ltr'><strong>commemoratione</strong></span> <span class='ocrx_word' id='word_1_848' title='bbox 3450 5294 3510 5334; x_wconf 87' lang='lat' dir='ltr'><strong>se</strong></span> 
     </span>
    </p>
   </div>
   <div class='ocr_carea' id='block_1_114' title="bbox 1930 5370 3509 5451">
    <p class='ocr_par' dir='ltr' id='par_1_114' title="bbox 1930 5370 3509 5451">
     <span class='ocr_line' id='line_1_114' title="bbox 1930 5370 3509 5451; baseline -0.008 -15"><span class='ocrx_word' id='word_1_849' title='bbox 1930 5381 2079 5451; x_wconf 85' lang='lat' dir='ltr'><strong>ipsos</strong></span> <span class='ocrx_word' id='word_1_850' title='bbox 2120 5394 2242 5434; x_wconf 85' lang='lat' dir='ltr'><strong>esse</strong></span> <span class='ocrx_word' id='word_1_851' title='bbox 2276 5374 2578 5446; x_wconf 88' lang='lat' dir='ltr'><strong>particulas</strong></span> <span class='ocrx_word' id='word_1_852' title='bbox 2619 5372 3043 5439; x_wconf 88' lang='lat' dir='ltr'><strong>obliviscuntur,</strong></span> <span class='ocrx_word' id='word_1_853' title='bbox 3081 5372 3408 5427; x_wconf 84' lang='lat' dir='ltr'><strong>necessitate</strong></span> <span class='ocrx_word' id='word_1_854' title='bbox 3440 5370 3509 5425; x_wconf 82' lang='lat' dir='ltr'><strong>ad</strong></span> 
     </span>
    </p>
   </div>
   <div class='ocr_carea' id='block_1_115' title="bbox 1927 5461 3509 5537">
    <p class='ocr_par' dir='ltr' id='par_1_115' title="bbox 1927 5461 3509 5537">
     <span class='ocr_line' id='line_1_115' title="bbox 1927 5461 3509 5537; baseline -0.006 -12"><span class='ocrx_word' id='word_1_855' title='bbox 1927 5472 2235 5534; x_wconf 87' lang='lat' dir='ltr'><strong>veritatem,</strong></span> <span class='ocrx_word' id='word_1_856' title='bbox 2267 5481 2430 5537; x_wconf 86' lang='lat' dir='ltr'><strong>quam</strong></span> <span class='ocrx_word' id='word_1_857' title='bbox 2464 5463 2711 5519; x_wconf 82' lang='lat' dir='ltr'><strong>devitarc</strong></span> <span class='ocrx_word' id='word_1_858' title='bbox 2740 5461 2986 5527; x_wconf 89' lang='lat' dir='ltr'><strong>student,</strong></span> <span class='ocrx_word' id='word_1_859' title='bbox 3020 5461 3264 5517; x_wconf 90' lang='lat' dir='ltr'><strong>deducti.</strong></span> <span class='ocrx_word' id='word_1_860' title='bbox 3296 5462 3432 5516; x_wconf 84' lang='lat' dir='ltr'><strong>Nam</strong></span> <span class='ocrx_word' id='word_1_861' title='bbox 3462 5461 3509 5515; x_wconf 90' lang='lat' dir='ltr'><strong>si</strong></span> 
     </span>
    </p>
   </div>
   <div class='ocr_carea' id='block_1_116' title="bbox 1927 5553 3509 5634">
    <p class='ocr_par' dir='ltr' id='par_1_116' title="bbox 1927 5553 3509 5634">
     <span class='ocr_line' id='line_1_116' title="bbox 1927 5553 3509 5634; baseline -0.006 -17"><span class='ocrx_word' id='word_1_862' title='bbox 1927 5559 2288 5634; x_wconf 85' lang='lat' dir='ltr'><strong>perennitatis</strong></span> <span class='ocrx_word' id='word_1_863' title='bbox 2319 5557 2492 5629; x_wconf 88' lang='lat' dir='ltr'><strong>gratia</strong></span> <span class='ocrx_word' id='word_1_864' title='bbox 2527 5555 2783 5610; x_wconf 86' lang='lat' dir='ltr'><strong>universa</strong></span> <span class='ocrx_word' id='word_1_865' title='bbox 2832 5562 3061 5609; x_wconf 88' lang='lat' dir='ltr'><strong>censent</strong></span> <span class='ocrx_word' id='word_1_866' title='bbox 3106 5553 3509 5624; x_wconf 87' lang='lat' dir='ltr'><strong>providentiam</strong></span> 
     </span>
    </p>
   </div>
   <div class='ocr_carea' id='block_1_117' title="bbox 1928 5645 3510 5719">
    <p class='ocr_par' dir='ltr' id='par_1_117' title="bbox 1928 5645 3510 5719">
     <span class='ocr_line' id='line_1_117' title="bbox 1928 5645 3510 5719; baseline -0.008 -10"><span class='ocrx_word' id='word_1_867' title='bbox 1928 5653 2151 5719; x_wconf 90' lang='lat' dir='ltr'><strong>mereri,</strong></span> <span class='ocrx_word' id='word_1_868' title='bbox 2182 5667 2301 5707; x_wconf 89' lang='lat' dir='ltr'><strong>eam</strong></span> <span class='ocrx_word' id='word_1_869' title='bbox 2333 5650 2506 5705; x_wconf 87' lang='lat' dir='ltr'><strong>multo</strong></span> <span class='ocrx_word' id='word_1_870' title='bbox 2548 5647 2714 5704; x_wconf 88' lang='lat' dir='ltr'><strong>citius</strong></span> <span class='ocrx_word' id='word_1_871' title='bbox 2753 5646 2954 5701; x_wconf 87' lang='lat' dir='ltr'><strong>mereri</strong></span> <span class='ocrx_word' id='word_1_872' title='bbox 2997 5645 3209 5716; x_wconf 87' lang='lat' dir='ltr'><strong>singula</strong></span> <span class='ocrx_word' id='word_1_873' title='bbox 3237 5651 3510 5711; x_wconf 82' lang='lat' dir='ltr'><strong>statuunt,</strong></span> 
     </span>
    </p>
   </div>
   <div class='ocr_carea' id='block_1_118' title="bbox 1538 5769 2221 5829">
    <p class='ocr_par' dir='ltr' id='par_1_118' title="bbox 1538 5769 2221 5829">
     <span class='ocr_line' id='line_1_118' title="bbox 1538 5769 2221 5829; baseline -0.003 -2"><span class='ocrx_word' id='word_1_874' title='bbox 1538 5773 1772 5829; x_wconf 60' lang='lat' dir='ltr'><strong>VARI/13</strong></span> <span class='ocrx_word' id='word_1_875' title='bbox 1818 5769 2221 5829; x_wconf 70' lang='lat' dir='ltr'><strong>LECTIONES.</strong></span> 
     </span>
    </p>
   </div>
   <div class='ocr_carea' id='block_1_119' title="bbox 330 5846 926 5918">
    <p class='ocr_par' dir='ltr' id='par_1_119' title="bbox 330 5846 926 5918">
     <span class='ocr_line' id='line_1_119' title="bbox 330 5846 926 5918; baseline -0.002 -17"><span class='ocrx_word' id='word_1_876' title='bbox 330 5848 372 5880; x_wconf 67' lang='grc'><strong>’³</strong></span> <span class='ocrx_word' id='word_1_877' title='bbox 405 5852 587 5918; x_wconf 74' lang='grc' dir='ltr'>σοφοῖς</span> <span class='ocrx_word' id='word_1_878' title='bbox 625 5846 750 5903; x_wconf 90' lang='lat' dir='ltr'><strong>eod.</strong></span> <span class='ocrx_word' id='word_1_879' title='bbox 783 5847 926 5903; x_wconf 86' lang='lat' dir='ltr'><strong>Gud.</strong></span> 
     </span>
    </p>
   </div>
  </div>
