4026 6288
577 394 711 462 1191

1726 392 1788 451 S.
1831 383 2117 448 MAXIMI
2155 380 2664 443 CONFESSORIS

3699 372 3828 436 119!

575 516 632 570 in
662 512 866 584 quibus
899 518 1008 566 stat
1040 511 1426 567 universorum
1461 505 1779 578 percnnitas
1805 511 1861 556 et
1902 500 2154 556 substan-

2263 494 2516 565 διαμονῆς
2535 494 2604 546 τὰ
2629 493 2861 562 καθόλου
2892 491 3149 564 προνοίας
3179 488 3460 558 ἀξιοῦςθαί
3504 503 3662 557 φασι,
3706 488 3829 542 cati-

571 607 670 662 tia.
701 603 919 660 Etenim
951 603 1115 658 simul
1158 601 1471 658 adiciuntur
1515 597 1879 670 perennitate,
1929 601 2154 664 propter

570 697 880 752 naturalem
927 701 984 748 et
1017 693 1455 749 indissolubilem
1486 692 1632 746 inter
1658 703 1778 744 sese
1809 687 2151 750 relationem,

574 785 650 842 ita
686 795 749 841 ut
775 785 950 840 altero
977 786 1032 840 in
1060 785 1466 855 perennitatem
1509 787 1855 844 conservato,
1881 793 1986 833 nec
2019 777 2156 832 alte-

545 893 699 933 'rum
746 877 815 932 ab
863 877 968 933 hac
997 877 1247 932 custodia
1293 876 1470 930 aliena
1513 887 1656 938 esse,
1691 881 1748 927 et
1793 883 1986 925 rursus
2027 883 2154 924 cum

577 968 812 1022 alterum
861 967 965 1022 hac
1010 967 1374 1038 perennitatis
1419 964 1666 1021 custodia
1713 961 2004 1025 exciderit,
2055 974 2158 1016 nec

577 1060 816 1114 alterum
845 1074 910 1114 ea
953 1057 1094 1114 allici
1125 1059 1311 1114 dicere
1346 1073 1447 1128 par
1479 1057 1572 1112 sit.
1600 1054 1800 1110 Tribus
1825 1069 1958 1109 vero
1987 1052 2158 1123 potis-

575 1148 782 1204 simum
807 1148 986 1203 modis
1007 1149 1180 1204 Deum
1207 1149 1467 1202 omnibus
1490 1145 1780 1217 providere
1806 1153 2026 1215 negant.
2049 1143 2159 1199 Aut

575 1241 725 1294 enim
752 1240 1012 1311 ignorare
1053 1255 1180 1296 eum
1219 1240 1581 1311 providentia
1614 1240 1758 1294 viam
1797 1253 1863 1292 ac
1890 1237 2158 1291 rationem

577 1331 792 1398 dicunt.
822 1341 918 1386 aut
949 1333 1116 1397 nolle,
1149 1340 1244 1387 aut
1275 1348 1384 1387 non
1429 1347 1610 1402 posse.
1643 1331 1749 1386 Sed
1776 1329 2045 1400 profecto,
2073 1343 2160 1384 se-

576 1425 818 1480 cundum
843 1439 1168 1480 communes
1191 1425 1441 1480 omnium
1469 1423 1725 1479 notiones
1751 1423 1930 1478 bonus
1953 1431 2010 1476 et
2036 1422 2159 1491 plus

578 1532 740 1586 quam
778 1516 958 1572 bonus
986 1513 1131 1572 Deus
1161 1517 1303 1572 bona
1337 1525 1393 1572 et
1425 1531 1643 1586 semper
1673 1523 1728 1569 et
1758 1513 2014 1569 omnibus
2044 1527 2160 1567 om-

579 1608 712 1662 nino
739 1608 1024 1664 voluntate
1046 1624 1144 1664 sua
1175 1608 1433 1674 destinat,
1460 1617 1517 1662 et
1539 1607 1760 1676 sapiens
1786 1614 1842 1661 et
1871 1605 2159 1676 plusquam

579 1701 823 1770 sapiens,
851 1701 937 1756 vel
965 1702 1148 1772 potius
1174 1703 1354 1756 omnis
1383 1700 1665 1771 sapientiae
1688 1701 1830 1766 fons,
1864 1699 2015 1753 novit
2044 1711 2162 1751 om-

2253 601 2354 654 της
2393 583 2576 653 πολλῷ
2601 583 2866 654 πρότερον
2895 579 3180 650 ἀξιοῦσθαι
3211 580 3280 634 τὰ
3309 579 3456 634 κατὰ
3491 578 3664 649 μέρος
3721 579 3828 631 stu-

2252 676 2387 744 άγου
2395 692 2496 741 σιν,
2515 677 2574 728 ἐν
2593 668 2726 745 οἷςὴ
2751 673 2858 728 τῶν
2889 672 3118 727 καθόλου
3139 670 3370 742 διαμονὴ
3397 671 3495 724 καὶ
3514 669 3828 732 ὑπόστασις.

2253 765 2644 834 Συνεισάγεται
2677 765 2787 833 γὰρ
2815 763 3068 834 ἀλλήλοις
3097 761 3270 815 ταῦτα
3310 760 3400 816 διὰ
3425 760 3528 830 τὴν
3563 757 3706 814 κατὰ
3734 757 3830 826 φύ-

2256 875 2340 912 σιν
2355 858 2640 913 ἀδιάλυτον
2663 857 2801 928 πρὸς
2831 854 3038 928 ἄλληλα
3061 854 3270 925 σχέσιν,
3303 853 3400 906 καὶ
3432 851 3668 921 θατέρτῑυ
3705 849 3832 921 τιρὸξ

2252 951 2514 1023 διαμονὴν
2576 949 3040 1022 συντηρουμένου,
3099 946 3234 1018 μηδὲ
3289 946 3353 1000 τὸ
3408 947 3604 1016 ἕτερον
3635 943 3834 1014 rem;

2254 1041 2396 1100 εἶναι
2423 1046 2525 1115 τῆς
2550 1043 2801 1115 φυλακῆς
2853 1041 3160 1113 ἀλλότριον,
3211 1041 3309 1094 καὶ
3357 1039 3480 1103 ἐνὸς
3539 1036 3707 1091 πάλιν
3742 1036 3835 1106 τῆς

2255 1136 2394 1208 πρὸς
2428 1135 2693 1208 διαμονὴν
2733 1134 2982 1206 φυλακῆς
3015 1133 3398 1195 διαπίπτοντες
3443 1130 3583 1200 μηδὲ
3622 1129 3685 1181 τὸ
3717 1117 3837 1180 ἄλῗο

2254 1224 2458 1297 ταύτης
2475 1226 2764 1296 τυγχάνειν
2786 1224 2936 1292 λέγει
2963 1223 3281 1279 ἀκόλουθον.
3307 1221 3521 1283 ’Δλλως
3545 1236 3610 1273 τε
3631 1218 3688 1271 δέ
3704 1217 3839 1271 κατὰ

2257 1320 2404 1389 τρεῖς
2425 1319 2663 1388 τρόπους
2692 1317 2754 1370 τὸ
2785 1316 2861 1388 μὴ
2892 1316 3110 1370 πάντων
3127 1313 3237 1367 τῶν
3268 1313 3442 1366 όντων
3473 1311 3732 1382 προνοεῖν
3755 1308 3837 1361 ὠν

2257 1411 2390 1466 Θεὸν
2420 1411 2659 1480 λέγεται.
2691 1411 2764 1464 Ἢ
2786 1410 2894 1480 γὰρ
2915 1409 3135 1477 ἀγνοεῖν
3160 1407 3323 1461 αὑτὸν
3343 1406 3571 1474 λέγουσι
3589 1403 3693 1472 τῆς
3716 1419 3839 1474 πρε)-

2259 1503 2406 1567 νοίας
2430 1503 2526 1575 τὴν
2561 1501 2806 1574 μέθοδον,
2837 1501 2871 1572 ἢ
2909 1501 2985 1573 μὴ
3017 1499 3326 1571 βούλεσθαι,
3367 1498 3402 1571 ἢ
3441 1499 3521 1570 μὴ
3561 1497 3835 1551 δύνασθαι.

2271 1593 2434 1648 Ἀλλὰ
2469 1593 2576 1666 μὴν
2611 1593 2756 1648 κατὰ
2788 1592 2890 1656 τὰς
2933 1590 3118 1654 κοινὰς
3148 1590 3368 1644 πάντων
3400 1587 3623 1651 ἐννοίας
3648 1585 3836 1656 ἀγαθὸς

2263 1687 2341 1740 ὣν
2374 1687 2471 1742 καὶ
2495 1685 2845 1758 ύπερόιγαθος
2869 1686 2898 1738 ὁ
2928 1683 3064 1748 Θεδς
3087 1684 3177 1736 ἀεὶ
3211 1682 3430 1744 πάντως
3459 1680 3531 1734 τὰ
3563 1680 3714 1733 καλὰ
3734 1679 3836 1750 βού·

580 1769 714 1846 nino
739 1809 860 1863 quae
893 1769 1232 1860 conducunt,
1259 1801 1316 1848 et
1347 1769 1565 1863 potens,
1598 1792 1683 1847 vel
1716 1791 1901 1862 potius
1933 1789 2160 1844 inﬁnitae

2263 1780 2416 1834 λεται
2445 1777 2540 1831 καὶ
2569 1778 2733 1842 πᾶσι,
2766 1777 2864 1830 καὶ
2893 1775 3055 1842 σοφδς
3088 1773 3354 1844 ὑπάρχων
3387 1770 3485 1826 καὶ
3510 1769 3833 1840 ὑπέρσοφος,

741 1842 859 1863 ,ιη
897 1842 1232 1860 _----__-____,
1263 1842 1315 1848 ,,
1347 1842 1565 1863 r---___,
1612 1842 1682 1847 γ--
1720 1842 1898 1862 rm“
2123 1842 2152 1844 η

581 1887 859 1954 potentize,
891 1886 1162 1957 condigne
1187 1887 1299 1942 Deo
1323 1895 1380 1941 et
1403 1885 1796 1942 convenienter
1820 1885 1876 1939 in
1901 1883 2160 1939 omnibus

2268 1873 2468 1946 μᾶλλον
2495 1869 2554 1924 δὲ
2583 1869 2766 1940 πάσης
2804 1867 2999 1937 σοφίας
3031 1842 3496 1957 πηγὴςγινώσσιει
3530 1861 3755 1957 πάντως

487 1974 495 1981 ’
579 1977 780 2047 placita
814 1987 871 2032 et
917 1979 1150 2034 consilia
1197 1994 1296 2034 sua
1343 1978 1714 2034 conducibilia
1749 1977 1977 2048 pulchre
2009 1989 2163 2031 exse-

581 2070 792 2140 quitur,
821 2079 883 2126 ut
913 2071 1092 2126 bonus
1114 2080 1171 2126 et
1195 2072 1417 2142 sapiens
1439 2081 1495 2126 et
1526 2081 1742 2142 potens,
1768 2069 2041 2124 transiens
2065 2081 2163 2137 per

580 2170 782 2217 cuncta
811 2172 866 2218 et
888 2163 1124 2220 visibilia
1157 2173 1213 2220 et
1245 2164 1557 2228 invisibilia,
1589 2172 1645 2219 et
1679 2163 1934 2218 universa
1959 2169 2016 2218 et
2049 2161 2163 2216 sin-

580 2255 729 2326 gula,
763 2263 820 2310 et
849 2271 1016 2327 parva
1045 2267 1103 2313 et
1146 2273 1360 2328 magna,
1395 2267 1453 2313 et
1481 2267 1677 2313 cuncta
1703 2272 1824 2327 qua:
1858 2255 2161 2312 secundum

582 2346 900 2416 quampiam
947 2348 1244 2418 cujuslibet
1287 2348 1506 2419 generis
1531 2346 1903 2402 exsistentiam
1935 2344 2160 2407 habent,
2201 2413 2204 2417 λ

583 2437 722 2492 nihil
751 2437 819 2492 de
837 2437 1125 2503 bonitatis,
1151 2439 1436 2508 sapientiae
1459 2439 1719 2508 potentiae
1748 2451 1860 2493 suae
1893 2435 2164 2491 inﬁnitate

585 2530 894 2596 remittens,
919 2538 977 2584 et
1000 2531 1183 2585 omnia
1202 2529 1509 2586 secundum
1531 2529 1876 2601 singulorum
1895 2529 2164 2584 exsisten-
2189 2545 2191 2547 ί

587 2621 678 2675 tia
721 2621 988 2675 rationem
1019 2621 1128 2675 sibi
1163 2621 1300 2692 ipsis
1342 2629 1400 2676 et
1429 2621 1665 2678 invicem
1698 2621 1753 2676 in
1795 2620 2161 2676 indissolubili

585 2723 911 2766 cunctorum
943 2712 1136 2767 eodem
1170 2721 1228 2768 et
1251 2728 1397 2767 nexu
1427 2723 1486 2769 et
1513 2713 1833 2784 compagine
1867 2722 1924 2768 et
1967 2727 2163 2782 peren-

585 2803 757 2858 nitate
781 2819 1133 2860 conservans.
1163 2804 1303 2871 Quid
1327 2813 1532 2870 autem,
1566 2821 1749 2861 nonne
1779 2806 1952 2876 ipsam
1981 2821 2079 2875 per
2103 2819 2162 2859 se

585 2904 839 2950 naturam
870 2897 938 2951 de
968 2896 1174 2962 divina,
1204 2913 1329 2968 qua:
1358 2899 1544 2954 omnia
1583 2906 1760 2963 curet,
1803 2897 2163 2968 providentia:

583 2986 938 3051 exsistentia,
993 2987 1302 3043 luculenter
1345 2989 1618 3044 instruere
1660 2987 1947 3044 videmus?
2005 2987 2162 3055 Quod

581 3079 733 3133 enim
765 3080 1090 3136 naturaliter
1116 3082 1276 3136 nobis
1323 3079 1680 3151 providentia
1717 3079 1959 3151 cognitio
1998 3079 2160 3135 insita

2265 1963 2638 2035 συμφέροντα,
2667 1957 2854 2031 (174
2881 1958 2933 2030 b)
2970 1958 3068 2010 καὶ
3113 1955 3336 2018 δυνατὸς
3388 1952 3490 2017 ὣν,
3537 1951 3742 2022 μᾶλλον
3787 1949 3838 2003 δὲ

2261 2054 2720 2127 ἁπειροδύναμος,
2757 2052 2973 2120 ἐνεργεί
3009 2049 3226 2112 πάντως
3255 2045 3586 2117 θεοπρεπῶς
3628 2045 3689 2096 ἐν
3716 2045 3838 2096 πᾶσι

2262 2150 2331 2204 τὰ
2363 2146 2686 2218 ἐγνωσμένα
2711 2141 2862 2214 αὐτῷ
2899 2142 2996 2196 καὶ
3027 2138 3402 2212 βεϐουλημένα
3429 2136 3623 2200 καλῶς
3666 2136 3706 2167 ⁸⁸
3753 2134 3839 2188 καὶ

2266 2239 2638 2313 συμφέροντα,
2685 2235 2763 2300 ὡς
2810 2233 3017 2302 ἀγαθὸς
3045 2233 3140 2286 καὶ
3165 2229 3330 2298 σοφὸς
3355 2229 3456 2283 καὶ
3484 2226 3741 2291 δυνατὸς,
3765 2225 3838 2279 δι·

2265 2335 2415 2391 ικνού
2424 2351 2582 2407 μενος
2613 2332 2704 2386 διὰ
2729 2331 2948 2386 πάντων
2972 2328 3082 2382 τῶν
3103 2343 3164 2380 τε
3185 2324 3398 2399 ὁρατῶν
3419 2323 3521 2378 καὶ⁵
3539 2322 3656 2376 τῶν
3683 2321 3837 2391 iopa-

2263 2447 2393 2494 των,
2428 2429 2524 2482 καὶ
2553 2427 2661 2480 τῶν
2687 2423 2917 2479 καθόλου
2950 2421 3046 2476 καὶ
3073 2419 3182 2473 τῶν
3207 2417 3471 2490 μερικῶν,
3497 2417 3595 2469 καὶ
3622 2416 3732 2468 τῶν
3753 2431 3837 2485 μισ

2263 2502 2414 2593 κρῶν
2465 2521 2562 2574 καὶ
2614 2519 2725 2572 τῶν
2791 2515 3064 2588 μεγάλων,
3119 2513 3217 2566 καὶ
3271 2511 3496 2565 πάντων
3541 2509 3659 2563 τῶν
3708 2507 3838 2561 κατὰ

2265 2615 2447 2668 πᾶσαν
2469 2611 2568 2684 τὴν
2591 2609 2808 2665 οίανοῦν
2831 2607 3020 2662 οὐσίαν
3057 2606 3120 2660 τὸ
3172 2599 3316 2658 εἶναι
3368 2602 3632 2672 ἐχόντων,
3682 2597 3837 2671 μηδὲν

2263 2709 2442 2778 ὑφιεὶς
2467 2707 2566 2776 τῆς
2587 2705 2732 2758 κατὰ
2757 2703 2858 2773 τὴν
2881 2699 3200 2769 ἁγαθότητα
3225 2700 3322 2751 καὶ
3357 2696 3458 2768 τὴν
3501 2695 3705 2763 σοφίαν
3751 2693 3835 2746 καὶ

2262 2803 2362 2874 τὴν
2378 2801 2614 2870 δύναμιν
2643 2782 2929 2868 ἀπειρίας,
2955 2785 3050 2847 καὶ
3070 2793 3248 2847 πάντα
3274 2790 3418 2844 κατὰ
3452 2789 3552 2841 τὸν
3600 2783 3837 2840 ἑκάστων

2260 2897 2356 2952 τοῦ
2385 2893 2524 2950 εἷναι
2551 2895 2710 2962 λόγον
2745 2892 2880 2964 πρός
2907 2907 2966 2944 τε
2998 2890 3169 2945 ἑαυτὰ
3201 2887 3298 2943 καὶ
3331 2885 3542 2955 ἄλληλα
3573 2883 3720 2937 κατὰ
3743 2883 3837 2949 τῇ

2264 2989 2551 3045 ἀδιάλυτον
2580 2988 2799 3041 πάντων
2839 2982 3099 3054 σχετικὴν
3124 2979 3389 3053 ἁρμονίαν
3429 2994 3491 3030 τε
3525 2977 3624 3030 καὶ
3665 2975 3840 3044 διαμο-

2262 3085 2362 3155 νὴν
2395 3080 2700 3152 συντηρῶν.
2727 3079 2793 3131 Τί
2825 3078 2903 3142 δέ,
2935 3075 3112 3146 αὐτὴν
3138 3073 3264 3129 καθ’
3299 3071 3510 3140 ἑαυτὴν
3550 3069 3618 3122 ού
3671 3082 3838 3121 κατα-

585 3172 680 3236 sit,
720 3172 836 3243 ipsa
887 3182 1088 3227 natura
1138 3173 1283 3228 haud
1331 3174 1588 3244 exiguum
1621 3173 1828 3244 praebet
1863 3173 2163 3229 documen-

2265 3178 2495 3249 νοοῦμεν
2528 3173 2629 3246 τὴν
2657 3171 2820 3242 φύσιν
2842 3169 2972 3240 περὶ
2997 3167 3093 3221 τοῦ
3115 3163 3257 3220 εἶναι
3285 3162 3386 3235 τὴν
3415 3163 3510 3215 ἐπὶ
3534 3161 3718 3214 πάντα
3747 3157 3838 3210 τοῦ

587 3271 726 3329 tum,
774 3264 997 3334 quando
1026 3280 1128 3320 nos
1158 3265 1310 3320 nulla
1353 3265 1554 3336 praevia
1605 3265 1950 3320 institutione
1991 3266 2162 3321 veluti

585 3357 918 3426 propulsans
951 3357 1019 3412 ad
1050 3358 1222 3412 Deum
1249 3373 1348 3428 per
1376 3374 1572 3429 preces
1610 3359 1666 3413 in
1707 3359 1906 3413 subitis
1944 3359 2164 3415 casibus

587 3446 739 3502 illinc
761 3449 991 3503 salutem
1015 3465 1261 3520 quaerere
1285 3451 1529 3505 instruit.
1551 3451 1996 3521 Quotiescunque
2015 3450 2163 3505 enim

587 3539 774 3595 subito
822 3543 1151 3597 necessitate
1198 3542 1380 3613 aliqua
1422 3541 1964 3614 compreltendimur,
2010 3545 2166 3599 invo-

588 3632 851 3697 lentarie,
878 3633 999 3689 sine
1025 3635 1134 3689 ulla
1160 3635 1360 3704 praevia
1384 3633 1845 3700 consideratione,
1873 3635 2043 3688 Deum
2081 3633 2163 3686 in-

588 3735 788 3778 vocare
819 3723 1082 3788 solemus,
1127 3732 1385 3794 tanquam
1421 3725 1466 3779 si
1515 3724 1632 3795 ipsa
1675 3723 2021 3794 providentia
2062 3737 2167 3777 nos

590 3812 658 3867 ad
697 3828 777 3878 se,
804 3814 971 3870 nullis
1012 3815 1259 3870 consiliis
1292 3815 1792 3881 intercedentibus,
1825 3815 2085 3879 attrahat,
2109 3821 2166 3870 et

590 3906 849 3961 mentalis
883 3907 968 3962 vis
1007 3917 1208 3962 nostra:
1248 3909 1596 3964 velocitatem
1649 3916 1976 3970 antevertat,
2022 3905 2166 3961 divi-

589 4011 832 4067 numque
863 3998 1126 4053 omnibus
1151 4000 1365 4054 caeteris
1407 3999 1733 4069 praesentius
1776 3999 2038 4055 auxilium
2080 4013 2168 4052 os-

591 4088 802 4143 tendat.
827 4090 1016 4160 Neque
1035 4107 1168 4147 vero
1196 4092 1565 4147 involuntarie
1595 4101 1792 4146 natura
1815 4091 2007 4146 nos'ad
2032 4089 2166 4144 illud

591 4178 741 4248 quod
771 4189 979 4235 natura:
1006 4195 1202 4250 expers
1225 4191 1310 4237 est
1343 4182 1662 4237 deduceret.
1695 4183 1966 4238 Nimirum
1994 4181 2169 4253 quod-

593 4282 813 4336 cunque
846 4270 1081 4324 alterum
1112 4271 1407 4341 quodpiam
1454 4273 1781 4328 naturaliter
1807 4273 2080 4344 sequitur,
2109 4280 2169 4327 ut

591 4363 852 4420 omnibus
875 4365 1194 4431 obscurum,
1220 4366 1456 4421 validam
1488 4367 1654 4423 habet
1682 4368 2052 4440 invictamque
2075 4368 2171 4423 de-

593 4456 964 4512 monstranda:
995 4459 1246 4513 veritatis
1279 4459 1409 4515 vim.
1433 4459 1492 4516 Si
1530 4477 1664 4516 vero
1689 4463 1817 4532 quia
1858 4461 2166 4535 impercep-

2265 3269 2399 3324 Θεοῦ
2428 3266 2690 3340 πρόνοιαν
2721 3263 2909 3333 σαφῶς
2935 3256 3101 3314 οὖσαν
3125 3255 3492 3320 διδάσκαλονς
3525 3250 3840 3321 Τεκμήρισν

2263 3361 2373 3434 γὰρ
2395 3363 2454 3415 οὺ
2492 3359 2689 3432 μικρὸν
2712 3356 2810 3410 τοῦ
2859 3352 3106 3425 φυσικῶς
3156 3350 3289 3422 ἡμῖν
3343 3343 3688 3416 ἐνεσπαρθαι
3743 3340 3840 3411 τὴν

2263 3456 2361 3525 τῆς
2390 3453 2648 3524 προνοίας
2680 3450 2884 3519 γνῶσιν
2907 3448 2941 3517 ἡ
2972 3444 3137 3514 φύσις
3171 3439 3311 3506 αὐτὴ
3339 3439 3578 3499 δίδωσιν,
3603 3434 3840 3525 ὁπηνίκα

2262 3524 2330 3598 ἃν
2363 3545 2513 3615 ἡμᾶς
2544 3541 2844 3602 ἀδιδάκτως
2882 3536 3078 3606 ὥσπερ
3107 3533 3327 3588 ὠθοῦσα
3366 3528 3506 3600 πρὸς
3557 3526 3658 3580 τὸν
3709 3524 3840 3577 Θεδν

2261 3636 2354 3691 διὰ
2385 3637 2496 3691 τῶν
2529 3635 2705 3704 εὐχῶν
2732 3634 2788 3685 ἐν
2817 3633 2936 3694 ταῖς
2964 3627 3224 3697 ἐξαίφνης
3262 3622 3656 3695 περιστάσεσιν
3696 3621 3838 3674 ἐκεῖ·

2265 3731 2357 3786 θεν
2390 3729 2572 3800 ζητεῖν
2597 3727 2697 3799 τὴν
2722 3722 3000 3794 σωτηρίαν
3033 3715 3448 3790 παρασκευάζει
3480 3714 3554 3768 ’³.
3606 3713 3731 3766 Ὑπ’
3784 3711 3841 3764 ᾶο

2264 3825 2476 3894 νάγκης
2503 3821 2612 3893 γὰρ
2654 3821 2810 3889 ἄφνω
2839 3812 3240 3886 συλληφθέντες
3269 3807 3676 3879 ἀπροαιρέτως,
3711 3803 3838 3894 πρίν

2264 3891 2505 3969 τινακαὶ
2539 3891 2868 3982 σκέψασθαι,
2897 3906 2990 3960 τὸν
3031 3904 3171 3958 Θεὸν
3225 3897 3601 3970 ἐπιϐοὼμεθα,
3653 3894 3736 3959 ὡς
3779 3891 3840 3947 ἂν

2267 4009 2366 4080 τῆς
2385 4005 2643 4077 προνοίας
2665 4001 2836 4072 αὐτῆς
2863 3997 3001 4070 πρὸς
3020 3994 3222 4064 ἑαυτὴν
3244 3991 3342 4054 καὶ
3364 3986 3649 4058 λογισμῶν
3675 3983 3840 4055 χωρὶς

2267 4079 2530 4168 ἑλκούσης
2561 4096 2728 4168 ἡμᾶς,
2758 4093 2854 4146 καὶ
2889 4090 2949 4143 τὸ
2975 4089 3141 4158 τάχος
3161 4085 3260 4155 τῆς
3289 4085 3350 4136 ἐν
3373 4082 3510 4153 ἡμῖν
3767 4092 3839 4168 νι-

2267 4166 2780 4261 κώσης,δυνᾶμεως,
2813 4183 2910 4237 καὶ
2939 4180 3158 4234 πάντων
3183 4172 3542 4246 ἰσχυροτέραν
3570 4169 3674 4261 τῂν
3696 4166 3838 4261 θείαν

2267 4255 2728 4354 προδεικνυούσης
2755 4273 3028 4345 βοήθειαν.
3067 4269 3184 4322 Ούκ
3211 4265 3282 4319 ἂν
3315 4264 3375 4317 δέ
3405 4263 3556 4354 ἡμᾶς
3598 4255 3759 4354 ἦγενᾷ
3778 4259 3837 4311 ἁ·

2270 4347 2611 4447 προαιρέτως
2635 4372 2669 4442 ἠ
2695 4368 2860 4436 φύσις
2889 4364 2985 4418 ἐπὶ
3018 4362 3080 4415 τὺ
3117 4360 3196 4428 μὴ
3231 4357 3394 4427 φύσιν
3577 4347 3835 4447 γίνεσθαι.

2270 4441 2387 4519 Π-ᾶν
2415 4441 2473 4517 δέ
2514 4462 2577 4514 τὸ
2610 4457 2812 4529 ὁτῳοῦν
2835 4453 3082 4527 φυσικῶς
3110 4451 3399 4518 ἑπόμενον,
3419 4445 3497 4508 ὡς
3521 4445 3693 4496 πᾶσιν
3719 4441 3836 4509 ὁδη-

594 4546 767 4602 tibilis
799 4548 960 4604 nobis
987 4565 1051 4604 ea
1075 4565 1194 4620 quae
1229 4551 1442 4623 singula
1485 4563 1644 4609 curet
1679 4524 2042 4624 providentiae
2081 4524 2165 4610 est

2270 4558 2360 4609 λον
2380 4593 2396 4614 ,
2467 4524 2700 4623 ἰσχυραν
2757 4524 2872 4618 ἔχει
2935 4546 3033 4600 καὶ
3079 4539 3506 4610 ὰκαταμάχητον
3555 4531 3838 4624 autﬁin

593 4637 757 4703 ratio,
790 4647 851 4693 ut
881 4644 1048 4695 etiam
1085 4651 1170 4697 est
1209 4645 1511 4699 secundum
1559 4647 1693 4701 illud
1726 4647 1940 4713 :Quam
1985 4665 2170 4702 recon-

589 4729 706 4784 dita
749 4731 861 4801 ejus
883 4733 1108 4802 judicia,
1153 4740 1202 4787 ει
1231 4752 1392 4805 quam
1421 4737 1800 4808 investigabilia
1831 4740 1944 4806 eius
1989 4741 2087 4795 viae
2122 4741 2170 4804 δ,

589 4821 722 4877 ideo
751 4825 1156 4893 providentiam
1185 4828 1441 4897 negarint
1464 4844 1584 4885 esse
1617 4847 1742 4886 meo
1772 4832 1995 4901 quidem
2022 4833 2175 4904 judi-

591 4915 682 4970 cio
727 4915 870 4970 haud
917 4926 1065 4973 recte
1105 4918 1181 4972 ita
1210 4927 1480 4975 statuunt.
1525 4922 1660 4977 Nam
1705 4924 1751 4978 si
1784 4939 1976 4995 magna
2008 4932 2094 4979 est
2121 4932 2177 4980 et

594 5005 1043 5077 impereeptibilis
1072 5008 1216 5064 inter
1240 5010 1484 5080 singulos
1504 5011 1753 5068 homines
1774 5013 2165 5085 discrepantia,

589 5103 649 5152 et
678 5099 943 5169 cujusque
971 5101 1144 5169 ipsius
1176 5105 1533 5158 commutatio
1579 5113 1635 5160 et
1666 5105 2005 5171 vicissitudo,
2037 5107 2169 5162 dum

594 5186 653 5240 in
685 5188 810 5243 vita
837 5207 1038 5259 genere
1071 5200 1128 5246 ct
1152 5194 1400 5250 moribus
1433 5205 1490 5250 et
1511 5197 1888 5252 voluntatibus
1909 5209 1964 5253 et
1992 5200 2172 5256 consi-

593 5277 684 5332 liis
709 5287 766 5333 et
799 5282 1210 5351 cupiditatibus,
1243 5285 1298 5340 in
1329 5286 1548 5352 litteris,
1578 5287 1832 5359 negotiis,
1868 5290 2087 5357 studiis,
2117 5303 2174 5345 et

592 5369 652 5424 in
688 5370 822 5440 ipsis
854 5373 1055 5429 mentis
1084 5376 1510 5446 cogitationibus
1535 5393 1672 5448 pene
1700 5378 1950 5443 inﬁnitis,
1993 5380 2174 5435 omni-

592 5465 808 5536 busque
835 5465 920 5520 eis
951 5481 1074 5536 quae
1100 5468 1348 5538 quotidie
1373 5478 1431 5524 et
1470 5470 1700 5542 singulis
1725 5486 1866 5540 pene
1890 5472 2043 5528 horis
2071 5475 2178 5529 alia

664 5616 692 5644 ο
719 5607 882 5664 Rom.
915 5624 989 5676 xx,
1014 5609 1103 5664 '55.

2269 4621 2556 4708 ἀπόδειξιν
2577 4621 2671 4712 τῆς
2697 4639 2957 4709 ἀληθείας
2983 4632 3167 4704 (175
3201 4632 3258 4700 α)
3281 4631 3382 4700 τὴν
3412 4628 3665 4697 δύναμιν.
3694 4623 3755 4678 Et
3784 4621 3835 4678 δὲ

2267 4743 2352 4795 ὅτι
2380 4736 2766 4806 ἀκατάληπτος
2795 4735 2928 4802 ἡμῖν
2949 4730 3051 4798 τῆς
3087 4728 3196 4780 τῶν
3223 4725 3365 4780 κατὰ
3397 4722 3565 4794 μέρος
3596 4718 3831 4806 προνοίας

2268 4831 2296 4883 ό
2325 4828 2503 4894 λόγος,
2526 4803 2719 4892 ὥσπερ
2752 4816 2845 4874 οὖν
2878 4819 2977 4873 καὶ
2999 4815 3115 4868 ἔστι
3143 4811 3287 4865 κατὰ
3311 4810 3398 4874 τὸ,
3440 4809 3502 4864 Ὠ
3531 4803 3826 4873 (intepet?-

2270 4893 2424 4987 νητά
2478 4915 2551 4970 τὰ
2592 4915 2845 4983 κρίματα
2893 4910 3081 4964 αὐτοῦ
3137 4903 3239 4957 καὶ
3291 4899 3738 4987 ἀνεξιχνίαστοξ
3779 4893 3832 4947 σί

2275 4979 2404 5066 ὁδοὶ
2428 4979 2639 5066 αὐτοῦς
2671 4979 2767 5057 διὰ·
2785 4999 2950 5055 τοῦτο
2989 5001 3149 5069 φαῖεν
3197 4996 3333 5067 μηδὲ
3383 4990 3643 5060 πρόνοιαν
3685 4979 3830 5040 εἶναι.

2274 5103 2375 5157 οὑκ
2424 5097 2600 5170 ὀρθῶς
2635 5093 2823 5166 ἐροῦσι
2871 5091 3018 5145 κατὰ
3061 5090 3155 5143 τὸν
3199 5085 3334 5158 ἐμὸν
3397 5080 3578 5148 λόγον.
3623 5078 3691 5170 Ei
3735 5075 3829 5170 γαρ

2267 5193 2436 5263 πολλή
2459 5165 2550 5252 τίς
2575 5165 2726 5240 ἐστιν
2756 5187 2790 5255 ἡ
2822 5180 3059 5251 διαφορὰ
3081 5180 3183 5234 καὶ
3214 5172 3598 5241 ἁκατὰληπτος
3627 5167 3730 5263 τῶν

2269 5255 2506 5359 θρώπων
2552 5281 2788 5336 ἑκάστου
2837 5274 2976 5346 πρὸς
3021 5273 3254 5326 ἕκαστον
3289 5268 3386 5359 καλ
3421 5263 3455 5336 ἡ
3490 5263 3622 5359 πρὸς
3653 5255 3830 5359 ἑαυτὸν

2272 5350 2503 5434 ἑκάστου
2527 5370 2823 5440 ἐναλλαγὴ,
2855 5369 2914 5422 ἐν
2939 5384 3002 5421 τε
3034 5366 3171 5437 βίοις
3193 5363 3288 5416 καὶ⁵
3311 5358 3469 5430 ἣθεσι
3489 5357 3580 5409 καὶ

2275 5471 2371 5528 καὶ
2395 5435 2751 5541 προαιρέσεσι
2779 5435 2874 5516 καὶ
2905 5435 3247 5530 ἐπιθυμίαις,
3281 5450 3611 5519 ἐπιστήμαις
3642 5458 3705 5494 τε
3743 5435 3826 5494 καὶ

1858 5727 2090 5783 VARUE
2125 5725 2418 5782 LECTION
2428 5724 2530 5780 ES.

667 5833 712 5867 “
745 5834 884 5886 καλὰ
907 5837 1030 5890 cod.
1067 5835 1207 5891 Gud.
1243 5852 1318 5893 m.
1345 5853 1428 5907 pr.
1509 5839 1552 5871 "
1581 5840 2072 5911 παρασκευάζουσα
2102 5838 2268 5893 habet
2289 5835 2681 5908 apographum.
