4026 6288
622 298 767 365 1195

1792 300 1852 360 S.
1893 298 2180 361 MAXIMI
2216 297 2729 361 CONFESSORIS

3714 308 3819 375 1196

629 420 1012 473 modaverunl,
1042 427 1280 482 quocum
1326 420 1517 476 totam,
1556 420 1813 482 tanquam
1859 411 2049 467 forma:
2095 411 2212 481 pri-

2315 411 2486 484 αὺτὴν
2510 410 2588 482 τῷ
2612 409 2732 483 Θεῷ
2758 411 3203 484 προσῳκείωσαν,
3252 411 3389 483 πρὸς
3440 413 3498 467 δν
3541 415 3650 471 ὅλον
3681 421 3821 489 ἀγνῶ-

631 505 882 576 migenia:
929 505 1222 577 imaginem
1286 513 1395 560 tam
1440 514 1622 561 mente
1670 519 1835 575 quam
1886 503 2101 558 ratione
2147 518 2212 558 ac

629 596 849 668 spiritu,
883 595 1428 667 incomprehensibili
1476 595 1640 650 modo
1685 595 1932 658 unitam,
1982 603 2044 647 ut
2091 609 2213 664 qua:

629 685 1051 749 similitudinem
1083 691 1326 747 humano
1373 689 1558 761 captui
1605 703 1795 759 parem
1839 686 2090 752 haberet,
2131 685 2215 741 vi-

627 784 844 851 dentes,
881 766 1149 839 duitatem
1193 782 1250 837 in
1292 781 1563 837 Trinitatc
1605 780 1939 834 intellectam
1983 777 2213 851 mystice

629 876 967 931 didicerunt.
1000 874 1253 931 Fortasse
1277 889 1409 929 vero
1436 873 1603 929 etiam
1634 873 1879 928 animum
1917 882 1975 927 et
2009 888 2214 927 concu-

628 968 952 1038 piscentiam
985 968 1321 1023 materialem
1348 964 1576 1039 dyadem
1607 964 1905 1036 appellavit
1932 964 2211 1035 magister,

628 1070 924 1131 propterea
957 1057 1107 1129 quod
1142 1056 1387 1113 materiae
1422 1055 1741 1113 adhaereant
1778 1055 2000 1125 sintque
2042 1053 2216 1124 passi-

627 1169 711 1209 va:
738 1152 934 1208 animae
957 1151 1130 1223 partis
1162 1157 1482 1222 potestates,
1517 1165 1640 1220 qua:
1673 1164 1796 1203 cum
1826 1148 2041 1203 ratione
2072 1145 2217 1202 sedi-
2246 1152 2247 1155 ‘

628 1247 771 1303 tiose
811 1244 1149 1303 contendant
1196 1253 1548 1315 mentemque
1596 1244 1650 1298 in
1684 1241 1859 1297 multa
1905 1240 2215 1297 distrahere

630 1340 865 1411 possint,
886 1337 995 1393 nisi
1018 1337 1090 1393 ab
1112 1336 1274 1393 initio
1305 1337 1409 1392 sibi
1438 1335 1749 1393 coercuerit
1774 1350 1868 1390 eas
1900 1343 2066 1404 atque
2087 1332 2217 1387 sub-

625 1432 924 1506 jugaverit.
949 1431 1098 1499 Quas
1122 1431 1168 1487 si
1195 1431 1322 1503 quis
1347 1431 1619 1488 devicerit
1648 1439 1707 1486 et
1731 1443 1955 1485 currere
1980 1442 2091 1499 quo
2116 1427 2215 1482 de-

628 1527 765 1583 bent
789 1524 873 1580 eis
894 1522 1258 1595 persuaserit,
1292 1522 1432 1579 adeo
1460 1531 1520 1578 ut
1562 1508 1795 1577 rationis
1821 1520 2055 1592 imperio
2088 1520 2217 1575 sub-

624 1621 785 1693 jectae
812 1622 1135 1688 appareant,
1173 1625 1270 1671 aut
1298 1615 1465 1671 etiam
1511 1615 1741 1671 omnino
1785 1614 2075 1685 reliquerit
2100 1628 2214 1677 eas,

630 1721 689 1769 et
717 1711 871 1767 solus
901 1718 1156 1767 teneatur
1181 1708 1437 1765 rationali
1467 1718 1525 1766 et
1549 1708 1974 1779 contemplativa
2009 1721 2132 1777 quae
2156 1707 2211 1761 in

629 1812 888 1861 neutram
928 1810 1139 1874 partem
1164 1810 1355 1873 vergat
1387 1802 1694 1858 secundum
1719 1802 2042 1857 charitatem
2081 1814 2216 1871 gno-

630 1897 768 1951 stice
794 1894 1078 1959 illecebra,
1104 1893 1174 1949 ad
1199 1909 1364 1948 unam
1394 1902 1452 1949 et
1477 1894 1650 1950 solam
1679 1909 1748 1949 ex
1770 1894 1960 1948 multis
1982 1905 2215 1963 eamque

628 2000 825 2057 puram
853 1994 913 2041 et
955 1984 1259 2055 simplicem
1290 1993 1348 2039 et
1398 1983 1692 2040 indivisam
1733 1983 1821 2038 vis
1866 1982 1936 2039 de
1966 1981 2214 2053 appetitu

629 2077 945 2134 fortissimae
994 2074 1293 2132 motionem
1340 2084 1679 2140 contractus,
1715 2089 1822 2145 qua
1862 2072 2006 2128 circa
2040 2072 2215 2127 Deum

630 2178 899 2241 perpetuo
942 2168 1002 2224 in
1047 2168 1334 2224 identitate
1362 2167 1626 2240 perennis
1649 2167 1926 2238 appetitus
1954 2165 2217 2222 motionis

633 2261 741 2319 sibi
792 2261 1149 2319 stabilitatem
1183 2262 1568 2333 philosophice
1616 2261 1891 2325 firmavit,
1926 2261 1975 2315 is
2024 2273 2215 2315 revera

632 2355 829 2412 beatus
858 2362 965 2421 est,
998 2363 1057 2410 et
1088 2354 1274 2426 attigit
1302 2368 1415 2409 non
1458 2368 1644 2408 veram
1688 2352 1864 2408 solum
1912 2360 1970 2407 et
2000 2352 2214 2408 beatam

634 2447 943 2503 unitionem
998 2461 1123 2502 cum
1177 2452 1365 2501 sancta
1429 2443 1735 2525 Trinitate,
1793 2443 1889 2500 sed
1947 2444 2214 2499 unitatem

632 2555 854 2611 quoque
879 2539 934 2595 in
962 2550 1150 2596 sancta
1178 2538 1449 2595 Trinitate
1475 2539 1786 2604 intellectzn,
1813 2537 2043 2609 simplex
2064 2537 2217 2593 vide-

632 2633 763 2689 licet
796 2640 854 2687 et
899 2630 1172 2688 iudivisus
1201 2641 1261 2688 et
1288 2632 1580 2687 uniformis
1623 2631 1927 2688 secundum
1976 2638 2218 2702 potesta-

632 2732 746 2780 tem
791 2738 915 2779 cum
960 2724 1199 2794 simplici
1231 2722 1536 2780 secundum
1573 2725 1866 2779 essentiam
1896 2732 1953 2779 et
1981 2722 2214 2779 indivisa

632 2814 726 2870 illa
746 2828 1099 2886 congressus,
1126 2823 1185 2871 et
1212 2813 1519 2870 secundum
1548 2814 1799 2871 habitum
1826 2815 2095 2871 virtutum
2117 2815 2217 2871 bo-

632 2906 864 2962 nitatem
894 2904 1001 2962 sibi
1042 2919 1270 2977 semper
1310 2913 1653 2962 constantem
1701 2922 1802 2979 pro
1839 2906 2053 2963 viribus
2098 2907 2214 2963 suis

629 2997 938 3062 aemulatus,
972 2986 1307 3068 proprietate
1337 3006 1670 3068 potestatum
1710 3000 2037 3055 naturaliter
2068 3000 2212 3056 divi-

631 3088 876 3145 sibilium
909 3103 1009 3160 per
1033 3089 1260 3159 gratiam
1291 3090 1431 3145 uniti
1453 3090 1554 3146 Dei
1589 3091 1857 3162 deposita.

637 3288 923 3343 Enarrutio
967 3287 1032 3340 de
1077 3286 1314 3352 possibili
1354 3289 1578 3353 animm,
1618 3288 1782 3360 deque
1826 3291 2209 3348 universalibus

900 3379 1012 3448 ejus
1044 3379 1381 3434 divisionibus
1412 3388 1460 3433 et
1498 3380 1946 3436 subdivisionibus.

696 3582 979 3635 Dividitur
1018 3572 1189 3647 enim,
1242 3588 1301 3637 ut
1346 3581 1560 3646 dicunt,
1608 3583 1804 3639 animae
1850 3584 2111 3655 passibile
2156 3586 2214 3643 in

630 3689 749 3730 eam
783 3683 993 3743 partem
1020 3687 1143 3744 quae
1171 3673 1372 3729 rationi
1413 3673 1604 3730 obedit
1628 3683 1687 3731 et
1715 3675 1772 3731 in
1800 3691 1922 3732 eam
1948 3693 2070 3748 quae
2102 3693 2215 3735 non

629 3766 819 3821 obedit
865 3765 1085 3822 rationi.
1116 3765 1296 3837 Atque
1338 3781 1459 3822 eam
1505 3769 1600 3839 qui
1647 3784 1759 3825 non
1801 3770 1989 3828 obedit
2013 3774 2212 3830 rationi

631 3858 886 3912 dividunt
914 3860 969 3911 iu
1003 3872 1123 3913 eam
1148 3858 1241 3927 qui
1284 3859 1381 3913 alit
1424 3867 1480 3914 et
1507 3861 1703 3927 nutrit,
1732 3878 1895 3932 quam
1929 3865 2211 3937 physicam

629 3951 927 4020 appellant,
956 3959 1010 4003 et
1050 3950 1103 4004 in
1131 3949 1434 4022 physicam,
1467 3967 1632 4022 quam
1664 3956 1942 4026 appellant
1968 3958 2209 4026 vitalem,

630 4060 863 4114 quarum
898 4053 1093 4098 neutra
1129 4043 1327 4098 rationi
1369 4043 1637 4100 obedicns
1682 4047 1882 4117 agitur,
1931 4064 2039 4102 non
2082 4048 2214 4103 obe-

631 4138 789 4192 diens
810 4152 943 4191 vero
972 4137 1170 4193 rationi
1197 4137 1321 4191 ideo
1351 4139 1679 4208 appellatur,
1712 4142 1838 4211 quia
1864 4157 1974 4197 non
2003 4144 2212 4200 ratione

631 4228 832 4299 agitur.
856 4227 1120 4283 Crescere
1148 4227 1320 4293 enim,
1353 4229 1435 4283 vel
1481 4229 1622 4285 bona
1652 4234 1967 4289 valetudine
1995 4235 2096 4298 uti,
2126 4237 2212 4291 vel

632 4318 843 4382 vivere,
869 4331 979 4371 non
1023 4331 1194 4387 penes
1234 4332 1337 4371 nos
1375 4326 1480 4374 est.
1509 4320 1605 4375 Illa
1647 4331 1830 4376 autem
1860 4336 1981 4392 quae
2010 4325 2208 4380 rationi

630 4408 820 4465 obedit
836 4408 891 4462 in
907 4407 1018 4463 duo
1034 4407 1322 4475 dividitur,
1342 4409 1398 4463 in
1424 4414 1970 4484 concupiscentivum
1995 4423 2051 4469 et
2075 4416 2214 4471 iudi-

630 4502 932 4574 gnativum.
959 4499 1236 4557 Obediens
1251 4518 1382 4558 vero
1406 4504 1604 4561 rationi
1626 4515 1820 4561 vocant
1849 4508 1976 4576 quia
2010 4509 2208 4565 rationi

2316 520 2455 567 στως
2485 503 2783 557 ἐνωθεϊσαν
2810 503 2940 572 ὅλην
2963 504 3043 564 ὡς
3065 502 3375 573 ἀρχετύπου
3399 506 3571 559 εἰκόνα
3588 511 3707 563 κατὰ
3726 514 3822 567 νοῦν

2300 588 2410 645 ’καὶ
2445 591 2605 661 λόγον
2636 593 2733 646 καὶ
2764 591 3009 663 πνεῦμα,
3065 592 3141 657 ὡς
3191 593 3413 663 ἐφικτὸν
3455 594 3571 648 καθ’
3616 599 3823 669 ὁμοίωσιν

2313 682 2547 755 ἔχουσαν
2589 685 2652 738 τδ
2683 685 2925 756 ἐμφερὲς
2958 683 3310 755 θεασάμενοι,
3346 686 3448 757 τὴν
3483 688 3539 741 ὲν
3572 692 3632 761 τῇ
3674 693 3823 763 Τριᾶδι

2314 777 2617 848 νοουμένην
2660 778 2888 848 ἑνότητα
2924 776 3200 849 μυστικῶς
3231 777 3598 849 ἐδιδάχθησαν.
3623 781 3766 853 Τυχὸν
3784 786 3826 839 δέ

2315 870 2410 925 καὶ
2432 870 2523 924 τὸν
2553 869 2724 940 θυμὸν
2756 870 2853 924 καὶ
2879 869 2978 941 τὴν
3006 868 3304 939 ἐπιθυμίαν
3318 869 3506 941 ὑλικὴν
3523 870 3670 925 δυάδα
3687 891 3825 945 προσ.

2318 963 2623 1034 ηγόρευσεν
2661 966 2690 1016 ό
2720 962 3066 1027 διδάσκαλος,
3101 962 3191 1016 διὰ
3218 964 3281 1016 τὸ
3337 963 3628 1034 προσῦλους
3656 968 3827 1021 καὶτοῦ

2315 1053 2623 1125 παθητικοῦ
2645 1054 2748 1126 τῆς
2773 1054 2956 1126 ψυχῆς
2987 1055 3190 1126 μέρους
3236 1054 3408 1116 αὑτὰς
3443 1050 3574 1109 εἶναι
3602 1056 3826 1129 δυνάμεις,

2316 1148 2411 1202 καὶ
2428 1150 2565 1221 πρὸς
2588 1148 2682 1204 τὸν
2706 1147 2867 1217 λόγον
2890 1150 3316 1214 στασιαζούσας,
3348 1149 3443 1201 καὶ
3467 1149 3544 1212 εἰς
3564 1151 3710 1204 πολλὰ
3732 1169 3825 1205 axz-

2315 1241 2477 1295 δάσαι
2494 1241 2587 1294 τὸν
2607 1239 2733 1296 νοῦν
2747 1240 3075 1313 δυναμένας,
3094 1242 3143 1293 εί
3163 1241 3238 1311 μὴ
3255 1241 3314 1306 ἐξ
3335 1241 3827 1313 ἀρχῆςέπιστημόνως

2315 1333 2502 1403 ἄγχων
2536 1332 2717 1403 ἐαυτῷ
2743 1332 3115 1399 ὑποζεύξειεν.
3147 1326 3249 1385 Ὧν
3274 1333 3331 1386 εἴ
3361 1350 3447 1392 τις
3475 1335 3736 1405 κρατήσειε
3759 1339 3826 1388 καὶ

2316 1426 2404 1495 ἐφ’
2456 1424 2493 1478 ἃ
2520 1425 2605 1478 δεῖ
2660 1425 2981 1498 πρεπόντως
3036 1424 3299 1496 φέρεσθαι
3363 1426 3588 1491 πείσειε,
3627 1426 3827 1492 δουλικῶς

2318 1515 2735 1587 ὑπεζευγμένας
2767 1518 2836 1588 τῇ
2866 1515 3165 1588 δυναστείᾳ
3191 1516 3288 1570 τοῦ
3320 1517 3507 1586 λόγου,
3545 1518 3578 1589 ἦ
3612 1519 3693 1572 καὶ
3724 1537 3825 1573 παν-

2315 1609 2488 1673 τελῶς
2513 1609 2689 1674 αὐτὰς
2724 1607 3013 1664 ἀπολιπὼν
3042 1609 3326 1671 ἀπολίποι,
3360 1610 3461 1664 καὶ
3487 1610 3634 1680 μόνος
3657 1612 3736 1682 τῆς
3758 1613 3825 1683 (if.-

2321 1701 2523 1774 ρεποῦς
2551 1702 2675 1756 κατ’
2701 1702 2928 1774 ἀγάπην
2968 1703 3282 1773 γνωστικῆς
3323 1702 3415 1756 διὰ
3450 1702 3601 1772 λόγου
3630 1704 3709 1757 καὶ
3733 1706 3825 1756 θεω-

2322 1792 2444 1865 ρίας
2488 1793 2674 1864 ἔχεται
2724 1792 2979 1860 θέλξεως,
3031 1795 3127 1848 καὶ
3172 1795 3313 1865 πρὸς
3364 1793 3493 1865 μίαν
3521 1793 3610 1848 καὶ
3634 1794 3823 1865 μόνηνέκ

2317 1885 2428 1938 τῶν
2461 1884 2673 1939 πολλῶν
2706 1886 2955 1957 καθαράν
2994 1902 3054 1938 τε
3077 1887 3174 1940 καὶ
3223 1885 3407 1958 ἁπλῆν
3452 1887 3544 1940 καὶ
3592 1886 3823 1958 ἀδιαίρετον

2315 1980 2415 2048 τῆς
2446 1978 2565 2032 κατ’
2589 1976 2778 2048 ἔφεσιν
2799 1978 3185 2051 ἀρῤενωτάτης
3218 1976 3506 2048 δυνάμεως
3534 1978 3716 2049 κίνησιν
3742 1993 3826 2030 σνν-

2317 2070 2539 2143 εστάλη,
2564 2070 2690 2125 καθ’
2730 2072 2799 2142 ἢν
2828 2071 2960 2143 περὶ
2986 2070 3120 2125 Θεὸν
3171 2072 3572 2143 ἀκαταλήκτως
3611 2073 3663 2125 ἐν
3689 2073 3826 2125 ταυτό-

2317 2180 2439 2235 τητι
2490 2164 2594 2234 τῆς
2640 2163 2760 2218 κατ’
2792 2163 2979 2234 ἔφεσιν
3004 2164 3352 2237 ἀεικινησίας
3381 2164 3560 2236 ἐαυτῷ
3596 2165 3828 2235 φιλοσόφως

2318 2256 2560 2329 ἐπήξατο
2603 2258 2704 2330 τὴν
2738 2256 3102 2330 μονιμότητα,
3152 2257 3432 2329 μακάριος
3462 2259 3620 2322 ὅντως
3640 2259 3733 2312 ἐστὶ
3757 2256 3826 2327 τῆς

2318 2347 2553 2421 ἀληθοῦς
2577 2366 2639 2403 τε
2668 2350 2766 2404 καὶ
2806 2348 3085 2422 μακαρίας
3111 2348 3294 2420 τυχὼν
3342 2350 3405 2403 οὐ
3458 2351 3611 2422 μόνον
3645 2350 3827 2411 ἐνώσεως

2316 2440 2418 2512 τῆς
2446 2440 2584 2513 πρὸς
2611 2443 2712 2513 τὴν
2742 2441 2906 2509 ἁγίαν
2929 2440 3157 2513 Τριάδα,
3189 2440 3330 2496 ἀλλά
3379 2444 3475 2497 καὶ
3519 2443 3731 2514 ἐνότητος
3754 2443 3826 2512 τῆς

2318 2533 2461 2603 ἐντῇ
2490 2532 2626 2605 ἁγίᾳ
2648 2532 2843 2606 Τριὰδι
2868 2532 3190 2605 νοουμένης,
3228 2533 3305 2598 ὡς
3330 2534 3538 2599 ἁπλοῦς
3585 2536 3667 2590 καὶ
3703 2534 3829 2588 biui-

2320 2641 2473 2695 ρετος
2503 2626 2596 2679 καὶ
2615 2625 2893 2698 μονοειδὴς
2914 2626 3056 2681 κατά
3070 2624 3417 2699 τὴνδὺναμιν
3439 2626 3569 2699 πρὸς
3590 2627 3674 2699 τὴν
3695 2626 3825 2697 ἁπλῆν

2318 2718 2415 2773 καὶ
2438 2718 2748 2791 ἀδιαίρετον
2795 2718 2941 2773 κατὰ
2980 2719 3080 2791 τὴν
3129 2718 3323 2773 οὐσίαν
3360 2722 3719 2792 γεγενημένος,
3760 2720 3823 2772 καὶ

2317 2815 2461 2870 κατά
2482 2813 2584 2884 τὴν
2617 2811 2732 2880 ἕξιν
2787 2813 2898 2868 τῶν
2949 2812 3165 2886 ἀρετῶν
3209 2813 3314 2889 τὴν
3366 2813 3621 2880 ὡσαύτως
3656 2814 3823 2886 ἔχουσαν

2315 2902 2630 2975 ἀγαθότητα
2654 2902 2798 2959 κατά
2840 2903 2905 2958 τὸ
2941 2903 3165 2975 ἐφικτὸν
3198 2905 3624 2979 ἐκμιμούμενος,
3658 2906 3734 2960 καὶ
3755 2905 3823 2975 τὴν

2319 2997 2560 3070 ἰδιότητα
2582 2996 2690 3053 τῶν
2711 2997 2852 3053 κατά
2876 2996 3038 3069 φύσιν
3067 2998 3346 3071 μεριστῶν
3376 2999 3646 3072 δυνάμεων
3666 2999 3736 3053 διὰ
3753 2998 3821 3069 τὴν

2251 1767 2291 1822 Β

2240 3109 2284 3168 ο
2315 3090 2410 3145 τοῦ
2437 3090 2731 3156 ἐνωθέντος
2754 3090 2891 3146 Θεοῦ
2928 3092 2972 3124 ⁸⁵
2990 3090 3151 3164 χάριν
3184 3091 3547 3166 ἀποθέμενος.

2330 3289 2654 3362 Ἐξήτησις
2698 3290 2830 3361 περὶ
2858 3290 2964 3347 τοῦ
2991 3292 3328 3362 παθητικοῦ
3360 3292 3474 3364 τῆς
3495 3291 3713 3364 ψυχῆς,
3750 3292 3825 3346 καὶ

2385 3381 2504 3438 τῶν
2537 3381 2727 3437 αὑτοῦ
2756 3382 3095 3445 καθολικῶν
3139 3381 3497 3454 διαιρέσεών
3518 3402 3579 3440 τε
3616 3385 3696 3440 καί
3716 3386 3827 3440 ὐπο-

2383 3474 2750 3544 διαιρέσεων.

2387 3585 2575 3657 (176
2596 3585 2650 3656 b)
2681 3586 2982 3657 Διαιρεῖται
3023 3588 3154 3659 γὰρ,
3190 3587 3267 3652 ὥς
3298 3605 3469 3659 φασι,
3502 3592 3563 3647 τὸ
3593 3589 3827 3660 παθητικὸν

2314 3676 2425 3765 τῆςι
2436 3676 2615 3748 ψυχῆς
2642 3677 2721 3741 είς
2743 3694 2804 3731 τε
2830 3677 2893 3732 τὸ
2918 3679 3204 3745 ἐπιπειθές
3223 3680 3397 3754 λόγῳ,
3421 3682 3514 3738 καὶ
3534 3683 3591 3737 τὸ
3613 3682 3680 3755 μὴ
3697 3679 3828 3734 imbi-

2318 3785 2478 3842 μενον
2521 3769 2689 3842 λόγῳ.
2747 3770 2858 3825 Καὶ
2896 3771 2958 3825 τὸ
2990 3771 3090 3843 μὲν
3120 3771 3264 3845 λόγῳ
3304 3775 3382 3847 μὴ
3413 3775 3705 3847 πειθόμενον
3725 3772 3824 3826 διαι·

2316 3862 2504 3934 ροῦσιν
2555 3864 2637 3928 είς
2683 3864 2745 3918 τὸ
2792 3864 3118 3936 θρεπτικὸν,
3167 3865 3196 3919 ὃ
3241 3867 3471 3922 καλοῦσι
3502 3868 3723 3939 φυσικὸν,
3760 3864 3830 3917 καὶ

2314 3955 2396 4019 είς
2425 3955 2488 4010 τὸ
2516 3956 2773 4027 φυσικὸν,
2823 3955 2851 4010 ὃ
2886 3955 3112 4012 καλοῦσι
3141 3958 3410 4027 ζωτικὸν,
3453 3955 3526 4017 ὦν
3551 3956 3826 4029 οὐδέτεραν¹³

2313 4046 2460 4120 λόγῳ
2510 4047 2832 4120 πειθόμενον
2886 4050 3085 4119 ἄγεται
3114 4068 3128 4081 ·
3194 4053 3296 4107 οὐκ
3344 4053 3616 4118 ἐπιπειθὲς
3645 4052 3694 4105 δὲ
3723 4048 3827 4118 λέτυ

2315 4139 2593 4205 καλεῖται,
2638 4140 2829 4214 ἐπειδὴ
2865 4140 2939 4213 μὴ
2967 4142 3211 4212 πέφυκεν
3240 4143 3473 4214 ἄγεσθαι
3497 4144 3646 4216 λόγῳ.
3674 4141 3733 4196 Τὸ
3751 4139 3826 4209 γὰρ

2314 4233 2568 4298 αὐξάνειν
2595 4273 2609 4298 ,
2665 4233 2697 4306 ἢ
2736 4234 3004 4303 ὑγιαίνειν
3027 4276 3042 4300 ,
3094 4237 3127 4308 ἦ
3165 4236 3264 4309 ζῇν
3284 4277 3302 4301 ,
3351 4240 3452 4293 οὐκ
3482 4239 3618 4292 ἐστιν
3645 4238 3693 4290 ἐν
3713 4235 3825 4306 ημῖν.

2315 4325 2390 4379 Τὸ
2428 4326 2484 4379 δέ
2514 4326 2800 4413 ἐπιπειθέε
2832 4326 2976 4398 λόγῳ
3003 4326 3294 4400 διαιρεῖται
3337 4333 3420 4395 εἰς
3445 4331 3556 4396 δύο,
3586 4329 3640 4384 τό
3668 4344 3716 4381 τε
3736 4328 3825 4379 ἐπι-

2316 4417 2618 4489 θυμητικὸν
2646 4418 2741 4473 καὶ
2764 4418 2826 4472 τὸ
2851 4418 3101 4489 θυμικόν.
3122 4420 3439 4487 Ἐπιπειθές
3457 4423 3511 4477 δέ
3533 4422 3661 4492 λόγῳ
3679 4413 3825 4473 καλοῦ·

2317 4527 2401 4563 σιν
2452 4510 2615 4574 αὐτὸ,
2670 4509 2806 4564 διότι
2852 4510 2997 4582 λόγῳ
3040 4513 3284 4583 πέφυκεν
3330 4516 3391 4567 ἐν
3433 4517 3543 4579 τοῖς
3581 4507 3826 4569 σπουδαίοις

633 4597 687 4650 in
710 4594 871 4650 bonis
894 4602 1086 4664 agatur
1111 4604 1167 4649 et
1187 4596 1535 4667 subjiciatur.
1575 4599 1788 4654 Rursus
1812 4600 2208 4670 concupiscen-

2314 4602 2546 4671 ἄγεσθαῖ
2572 4620 2630 4657 τε
2661 4605 2754 4656 καὶ
2786 4603 3213 4659 ὑποτάσσεσθαι.
3252 4606 3421 4661 Πάλιν
3448 4606 3503 4661 δέ
3535 4605 3589 4659 τὸ
3615 4603 3825 4670 ἐπιθυμη-

630 4688 801 4742 tivum
827 4686 1084 4742 dividunt
1112 4687 1167 4741 in
1192 4688 1527 4758 voluptatem
1556 4699 1613 4745 ct
1635 4690 1902 4745 dolorem.
1938 4691 2211 4763 Concupi-

628 4780 835 4835 sccntia
885 4779 1032 4834 enim
1086 4781 1198 4834 voti
1234 4781 1319 4835 sui
1362 4796 1588 4851 compos
1632 4783 1971 4853 voluptatem
2018 4784 2207 4850 efficit,

626 4886 738 4925 non
768 4884 1017 4939 compos,
1057 4869 1327 4924 dolorem.
1359 4871 1426 4925 Et
1467 4886 1657 4927 rursus
1688 4874 2018 4928 secundum'
2039 4874 2208 4929 all‘um

628 4936 867 5014 modum‘
885 4936 1389 5031 concupiscentiam
1435 4961 1661 5018 tradunt
1689 4962 1924 5019 divisam
1969 4974 2211 5034 quatuor

627 5067 735 5106 una
765 5066 892 5107 cum
921 5067 981 5107 se
1022 5053 1137 5122 ipsa
1166 5053 1371 5109 formas
1402 5052 1620 5110 elIlcere
1654 5056 1961 5123 universas,
2007 5074 2212 5114 concu-

626 5143 972 5212 piscentiam,
1002 5145 1363 5217 voluptatem,
1398 5158 1629 5214 metum,
1660 5149 1929 5206 dolorem.
1961 5151 2212 5223 Cumque

628 5249 814 5290 rerum
840 5251 969 5305 pars
997 5238 1138 5292 bona
1169 5237 1262 5301 sit,
1290 5253 1416 5308 pars
1446 5239 1608 5304 mala,
1643 5241 1758 5297 haec
1786 5257 1916 5298 vero
1948 5252 2045 5298 aut
2074 5260 2214 5315 pra:-

631 5328 809 5383 sentia
850 5330 964 5385 sint
1004 5339 1099 5384 aut
1146 5330 1353 5396 futura,
1404 5331 1611 5387 bonum
1657 5333 1805 5403 quod
1854 5343 2213 5406 exspectatur

633 5419 1133 5490 concupiscentiam
1166 5421 1404 5489 vocavit,
1453 5423 1600 5493 quod
1648 5440 1912 5495 praesens,
1957 5427 2211 5499 volupta-

636 5519 771 5576 tem;
804 5519 860 5565 et
902 5525 1095 5566 rursus
1137 5512 1341 5568 malum
1374 5515 1523 5583 quod
1571 5527 1939 5587 exspectatur,
1976 5527 2208 5586 metum,

2317 4697 2468 4750 τικδν
2510 4696 2810 4768 διαιροῦσιν
2856 4699 2935 4763 είς
2973 4698 3167 4772 ἡδονὴν
3212 4700 3309 4755 καὶ
3333 4700 3528 4773 λύπην.
3568 4696 3823 4764 Ἐπιιηγχά-

2321 4802 2488 4838 νουσα
2528 4786 2638 4856 γὰρ
2686 4787 2950 4857 ἐπιθυμία
2979 4788 3175 4860 ἡδονὴν
3201 4790 3529 4861 ἐργάζεται,
3575 4782 3822 4853 ἀποτυγχά-

2320 4895 2485 4931 νουσα
2510 4877 2566 4931 δὲ
2596 4878 2796 4951 λῦπην.
2855 4880 2967 4933 Καὶ
2999 4880 3156 4935 πάλιν
3185 4882 3308 4937 καθ’
3331 4883 3512 4955 ἕτερον
3535 4882 3708 4957 τρόπον
3729 4874 3822 4946 φασὶ

2318 4970 2417 5041 τὴν
2477 4970 2773 5042 ἐπιθυμίαν
2828 4971 3212 5048 διαιρουμένην
3270 4975 3508 5048 τέσσαρα
3567 4978 3652 5029 σὺν
3698 4970 3820 5037 ἑαυτῇ

2317 5063 2386 5117 τὰ
2436 5063 2613 5119 πάντα
2658 5065 2773 5138 εἴδη
2819 5068 3021 5135 ποιεῖν,
3080 5067 3400 5139 ἐπιθυμίαν,
3450 5066 3644 5139 ἡδονὴν,
3683 5061 3823 5132 Ῠόδονν

2319 5155 2413 5208 καὶ
2427 5154 2625 5229 λύπην.
2655 5157 2765 5211 Καὶ
2786 5156 2975 5228 ἐπειδὴ
2996 5156 3106 5210 τῶν
3129 5158 3299 5213 ὄντων
3319 5161 3387 5215 τὰ
3410 5160 3508 5233 μέν
3522 5161 3655 5230 ἐστιν
3669 5150 3822 5224 ἀγαθὲ,

2316 5249 2385 5302 τὰ
2406 5247 2463 5301 δὲ
2492 5248 2672 5318 φαῦλα
2697 5288 2712 5312 ,
2743 5249 2914 5304 ταῦτα
2953 5250 3009 5304 δέ
3054 5250 3087 5323 ἢ
3125 5253 3367 5324 παρόντα
3406 5253 3437 5326 ἤ
3470 5247 3819 5324 μέλλοντάὲστιν

2318 5340 2771 5412 προσδοκώμενον
2836 5342 2935 5414 μὲν
3000 5344 3211 5413 ἀγαθὸν
3278 5345 3564 5417 ἐπιθυμίαν
3613 5339 3818 5396 ἐκάλεσε,

2319 5437 2494 5509 παρὸν
2512 5438 2570 5492 δέ
2597 5437 2809 5510 ἡδονὴν,
2839 5440 2931 5494 καί
2952 5439 3115 5495 πάλιν
3146 5440 3579 5514 προσδοκώμενον
3598 5434 3738 5492 κακὸν
3754 5430 3821 5500 φό-

2316 5525 2412 5582 σον
2435 5566 2450 5591 ,
2501 5529 2675 5601 παρὸν
2703 5529 2762 5584 δέ
2794 5529 2970 5603 λύπην
2994 5549 3007 5563 ο
3063 5532 3140 5597 ὡς
3187 5528 3325 5588 εἷναί
3348 5549 3405 5586 τε
3438 5531 3528 5585 καὶ
3557 5520 3817 5599 θεωρεῖσθαι

1899 5658 2138 5715 VARI/ﬁ
2183 5661 2588 5726 LECTIONES.

692 5758 741 5797 ³⁸
772 5762 1009 5834 Χριστοῦ
1037 5766 1161 5823 cod.
1190 5768 1332 5823 Gud.
1370 5784 1442 5825 m.
1476 5786 1559 5841 pr.
1642 5773 1684 5807 ’⁸
1712 5774 1773 5828 οὐ
1803 5773 2054 5847 δεύτερον
2084 5776 2209 5833 cod.
2245 5776 2386 5836 Gud.
