4026 6288
249 341 272 407 l
284 339 386 408 197

1496 341 2017 406 AMBIGUORUM
2055 344 2307 405 LIBER.

3363 342 3502 412 1198

241 459 376 532 περὶ
403 459 502 531 μὲν
533 458 602 514 τὰ
629 459 770 513 καλά
790 497 807 522 ,
857 456 970 511 είτε
1018 457 1087 511 τὰ
1114 456 1282 520 ὅντως
1311 455 1469 519 ὄντα,
1503 457 1613 510 εῐτε
1644 455 1715 510 τὰ
1735 474 1815 515 νο-

1927 472 2168 527 prmsens
2192 473 2344 521 vero,
2372 456 2616 513 dolorem
2643 475 2656 510 :
2687 457 2826 514 adeo
2853 467 2911 511 ut
2940 457 3190 528 voluptas
3213 465 3270 512 et
3294 473 3504 514 concu-

243 553 517 623 μιξόμενα
538 589 555 615 ,
607 551 708 622 τὴν
745 551 939 623 ἡδονὴν
974 549 1068 604 καὶ
1094 548 1195 621 τὴν
1224 547 1522 618 ἐπιθυμίαν
1541 590 1556 611 ,
1613 550 1742 620 περὶ
1767 549 1824 602 δὲ

238 647 310 699 τὶ
338 644 522 714 φαῦλα
545 643 644 714 τὴν
669 642 847 714 λύπην
880 641 974 696 καὶ
1001 642 1094 696 τὸν
1123 640 1308 711 φόϐον.
1339 640 1509 695 Πάλιν
1527 641 1586 696 δὲ
1612 641 1708 712 τὴν
1733 640 1826 693 λύ-

239 755 354 806 πην
404 735 703 807 διαιροῦσιν
750 736 831 799 είς
876 734 1142 806 τέσσαρα,
1200 734 1283 797 είς
1327 733 1478 805 ἄχος,
1523 735 1604 798 είς
1636 733 1820 803 ἄχθος,

242 829 323 888 είς
363 825 562 896 φθόνον
585 865 600 892 ,
651 826 732 889 είς
758 825 926 881 ἔλεον.
982 825 1094 880 Καὶ
1132 824 1194 880 τὸ
1226 823 1327 895 μὲν
1355 825 1487 896 ἄχος
1519 819 1659 883 εἶναι
1690 841 1822 893 φασι

238 917 420 989 λύπην
446 917 690 988 ἀφωνίαν
718 915 1059 988 ἐμποιοῦσαν
1087 909 1170 980 οἷς
1193 915 1260 971 ἂν
1283 916 1597 987 ἐγγένηται,
1618 915 1706 970 διὰ
1723 915 1823 986 τὴν

239 1011 320 1072 εἰς
349 1009 514 1078 βάθος
540 1008 776 1079 πάροδον
805 1006 900 1062 τοῦ
927 1005 1257 1075 λογιστικοῦ·
1289 1006 1351 1061 τό
1373 1007 1430 1064 δὲ
1455 1007 1618 1080 ἄχθος
1645 1007 1823 1076 λύπην

239 1101 518 1172 βιροῦσάν
547 1117 607 1156 τε
651 1101 746 1154 καὶ
775 1098 1089 1172 διοχλοῦσαν
1141 1099 1228 1156 ἐπ’
1254 1099 1576 1171 ἀϐουλήτοις
1605 1100 1822 1170 συμϐά-

238 1211 397 1246 σεσι·
447 1193 540 1248 τὸν
584 1192 642 1250 δὲ
689 1192 885 1261 φθόνον
921 1191 1098 1263 λύπην
1123 1192 1212 1248 ἐπ’
1235 1191 1536 1261 ἀλλοτρίοις
1562 1191 1818 1260 ἀγαθοίςο

234 1285 298 1336 τὸ
331 1286 392 1339 δὲ
434 1284 585 1349 ἔλεος
629 1283 808 1354 λύπην
840 1283 927 1339 ἐπ’
951 1284 1255 1357 ἀλλοτρίοις
1287 1287 1500 1348 κακοῖς,
1554 1283 1740 1338 Κακὸν
1766 1284 1822 1342 δὲ

236 1374 422 1426 πᾶσαν
470 1371 648 1443 λύπην
693 1371 901 1442 ἔφασαν
955 1375 1019 1444 τῇ
1071 1375 1273 1446 ἑαυτῆς
1320 1373 1502 1442 φύσει.
1561 1373 1684 1430 Κᾶν
1711 1374 1822 1446 γὰρ

235 1467 264 1518 ὁ
289 1465 580 1535 σπουδαῖος
601 1464 690 1524 ἐπ’
717 1463 1022 1535 ἀλλοτρίοις
1047 1464 1230 1540 (ι77
1252 1463 1305 1535 α)
1329 1462 1566 1538 λυπῆται
1606 1467 1820 1530 κακοῖς.

234 1557 312 1619 ὡς
341 1557 623 1627 ἐλεήμων,
674 1555 788 1614 ἀλλ’
809 1556 870 1617 οὐ
902 1556 1331 1629 προηγουμένως
1371 1556 1513 1612 κατὰ
1541 1556 1819 1629 πρόθεσιν,

175 1677 180 1682 -
234 1649 352 1703 ἀλλ’
377 1647 732 1720 ὲφεπομένως
762 1648 904 1710 κατὰ
930 1648 1273 1719 περίστασιν,
1312 1648 1372 1702 Ὀ
1399 1649 1456 1702 δὲ
1487 1648 1822 1720 θεωρητικὸς

233 1739 338 1800 κάν
385 1739 599 1803 τούτοις
641 1740 860 1811 ἀπαθὴς
900 1740 1190 1810 διαμένει,
1251 1740 1493 1814 συνάψας
1519 1741 1712 1803 ἑαυτὸν
1743 1741 1821 1812 τῷ

231 1830 376 1903 Θεῷ,
407 1832 503 1887 καὶ
521 1830 630 1888 τῶν
650 1831 775 1904 τῇδε
803 1831 1084 1902 παρόντων
1104 1829 1492 1903 ἀλλοτριὼσας.
1516 1832 1620 1893 Τὸν
1646 1833 1702 1885 δὲ
1725 1833 1821 1903 φό-

231 1925 330 1979 ϐον
359 1924 523 1982 πάλιν
548 1923 850 1996 διαιροῦσιν
880 1925 961 1989 είς
982 1922 1042 1990 ἐξ
1061 1965 1076 1990 ,
1122 1924 1202 1988 είς
1226 1924 1404 1990 ὄκνον,
1440 1925 1521 1989 είς
1545 1924 1699 1992 αἰδὼ,
1737 1927 1817 1990 είς

230 2016 522 2088 αἰσχύνην,
551 2016 631 2081 είς
654 2014 1010 2088 κατάπληξιν,
1041 2016 1122 2080 είς
1145 2015 1427 2088 ἔκπληξιν,
1452 2019 1533 2082 είς
1552 2018 1814 2087 ἀγωνίαν,

232 2109 347 2162 Καὶ
393 2107 486 2161 τὸν
531 2107 632 2179 μὲν
677 2106 836 2163 ὄκνον
884 2101 1028 2166 εἶναί
1067 2125 1242 2178 φασι,
1301 2107 1468 2182 φόϐον
1513 2108 1817 2182 μελλούσης

230 2199 516 2274 ἐνεργείας
537 2239 553 2265 ,
588 2199 687 2273 τὴν
716 2197 851 2258 αίδὼ
878 2199 937 2253 δὲ
967 2197 1134 2272 φόϐον
1176 2200 1271 2256 ἐπὶ
1298 2199 1596 2273 προσδοκίᾳ
1620 2201 1814 2278 ψόγου,

228 2291 333 2364 τὴν
379 2291 437 2346 δὲ
489 2289 754 2362 αίσχύνην
797 2289 961 2361 φόϐον
1013 2291 1101 2345 ἐπ’
1143 2291 1355 2363 αίσχρῷ
1405 2293 1813 2366 πεπραγμένῳ,

228 2385 334 2455 τὴν
378 2383 436 2437 δὲ
485 2382 829 2454 κατάπληξιν
875 2382 1042 2453 φόϐον
1088 2383 1153 2437 ἐκ
1203 2383 1449 2456 μεγάλης
1491 2385 1813 2453 φαντασίας,

228 2479 334 2549 τὴν
383 2476 440 2532 δέ
493 2473 756 2547 ἔκπληξιν
807 2475 972 2546 φόϐον
1029 2477 1095 2530 ἐκ
1147 2475 1403 2548 μεγάλων
1451 2476 1816 2548 ἀκουσμάτων

229 2569 332 2646 τὴν
377 2567 630 2641 αξσθησιν
667 2567 1074 2642 ἀφαιρούμενον
1097 2608 1114 2637 ,
1164 2568 1264 2639 τὴν
1292 2567 1534 2637 ἀγωνίαν
1555 2569 1612 2628 δὲ
1651 2570 1816 2638 φόϐον

227 2659 616 2728 διαπτώσεως,
663 2660 942 2723 τουτέστιν
970 2659 1294 2739 ἀποτυχίας.
1346 2659 1675 2736 Φοϐούμενοι
1704 2662 1814 2742 γὰρ

225 2755 524 2825 ἀποτυχεῖν
554 2753 899 2831 ἀγωνιῶμεν.
960 2751 1205 2814 Καλοῦσι
1235 2753 1291 2808 δέ
1337 2769 1484 2816 τινες
1514 2755 1685 2829 αὐτὴν
1718 2758 1814 2816 καὶ

225 2845 456 2904 δειλίαν.
516 2845 623 2902 Τδν
672 2847 730 2902 δὲ
779 2847 951 2919 θυμὸν
999 2846 1163 2902 πάλιν
1208 2839 1350 2900 εἶναι
1394 2846 1614 2920 λέγουσι
1663 2848 1812 2918 ζέσιν

223 2940 328 2998 τοῦ
374 2941 730 3016 περικαρδίου
780 2943 1014 3014 αἵματος
1063 2941 1133 2995 δι’
1156 2941 1336 3014 ὄρεξιν
1375 2926 1820 3012 ἀντιλυπήσεωςθ

225 3034 511 3105 Διαιροῦσι
537 3033 594 3089 δὲ
628 3034 720 3089 καὶ
745 3034 936 3089 τοῦτον
963 3035 1044 3099 είς
1067 3033 1214 3107 τρία,
1250 3035 1330 3098 είς
1353 3033 1544 3106 ὀργὴν,
1576 3034 1644 3105 ἧν
1668 3050 1812 3097 τινες

1855 1799 1894 1855 Β

226 3127 500 3182 ἐκάλεσαν
527 3127 690 3200 χολὴν
712 3121 816 3182 ita).
844 3126 1022 3198 χόλον,
1055 3126 1148 3181 καὶ
1176 3127 1257 3191 είς
1288 3126 1472 3198 μῆνιν,
1498 3127 1593 3180 καὶ
1615 3127 1695 3189 είς
1717 3125 1811 3179 κόν

226 3234 345 3272 ¹ιτον.
377 3219 490 3273 Καὶ
514 3218 614 3282 τὴν
645 3220 745 3282 μὲν
771 3218 942 3282 ὀργὴν
965 3214 1108 3273 εἷναί
1134 3235 1268 3282 φασι
1297 3216 1470 3282 θυμὸν
1499 3217 1636 3282 πρὸς
1665 3217 1813 3282 ἐνέρο

1920 3133 2106 3174 cessus
2142 3121 2379 3174 infelicis
2400 3128 2565 3190 atque
2599 3121 2715 3188 spei
2749 3121 3041 3174 frustratae.
3066 3121 3198 3175 Nam
3227 3121 3356 3174 dum
3386 3137 3498 3176 me-

1920 3211 2124 3266 tuimus
2167 3208 2236 3266 ne
2264 3210 2377 3266 voti
2425 3221 2708 3281 compotes
2741 3211 2958 3276 fiamus,
2990 3221 3294 3282 torpemus.
3322 3214 3498 3280 Quam

222 3234 345 3272 τον.
377 3219 490 3273 Καὶ
514 3218 614 3290 τὴν
645 3220 745 3288 μὲν
771 3218 942 3291 ὀργὴν
965 3214 1108 3273 εἷναί
1134 3235 1268 3289 φασι
1297 3216 1470 3288 θυμὸν
1499 3217 1636 3290 πρὸς
1665 3217 1813 3289 ἐνέρο

222 3327 388 3380 γειαν
416 3310 593 3382 ἀρχὴν
633 3309 730 3370 καὶ
762 3309 977 3381 κίνησιν
1006 3308 1199 3380 ἔχοντα
1219 3348 1236 3373 ,
1287 3309 1320 3380 ἢ
1357 3307 1528 3380 θυμὸν
1557 3307 1814 3378 ἐνεργού-

226 3415 416 3474 μενονο
451 3399 551 3472 τὴν
581 3399 637 3460 δὲ
668 3399 830 3472 χολὴν
860 3400 960 3471 τὴν
987 3401 1056 3455 δι’
1078 3399 1241 3454 ἀλλου
1272 3399 1488 3471 ἄμυναν
1512 3398 1608 3460 τοῦ
1635 3399 1815 3470 λυπής-

224 3507 426 3555 σαντος
447 3507 463 3524 ο
504 3490 608 3569 ’τὸν
635 3490 695 3549 δὲ
723 3491 881 3562 χόλον
911 3491 1014 3562 τὴν
1042 3490 1112 3550 δι’
1130 3489 1325 3551 ἑαυτοῦ
1352 3491 1450 3546 τοῦ
1475 3491 1816 3564 λυπηθέντος

221 3581 584 3650 ἐπεξέλευσιν
611 3584 690 3646 εἰς
716 3584 810 3639 τὸν
835 3582 1154 3656 λυπήσαντα
1173 3599 1188 3614 ο
1242 3583 1344 3655 τὴν
1364 3584 1423 3644 δὲ
1453 3585 1615 3656 μῆνιν
1642 3583 1814 3656 θυμὸν

221 3675 309 3738 εἰς
338 3672 648 3731 παλαίωσιν
700 3673 952 3746 (εἴρηται
999 3675 1058 3732 δὲ
1109 3675 1261 3747 παρὰ
1302 3676 1363 3729 τὸ
1396 3676 1578 3745 μένειν
1622 3677 1718 3735 καὶ
1744 3679 1812 3750 τῇ

223 3767 427 3842 μνήμῃ
456 3766 934 3839 παρακατέχεσθαι
957 3765 1010 3837 ),
1072 3767 1166 3821 τὸν
1201 3767 1259 3821 δὲ
1304 3767 1462 3826 κότον
1489 3767 1660 3839 θυμὸν
1689 3770 1813 3822 ἐπι,-

218 3857 502 3930 τηροῦντα
531 3857 726 3930 καιρὸν
767 3860 847 3923 είς
875 3859 1148 3929 τιμωρίαν
1173 3875 1186 3889 ⁸
1240 3859 1458 3930 εἴρηται
1484 3860 1544 3919 δέ
1576 3860 1730 3931 παρὰ
1754 3860 1814 3914 τὸ

218 3954 444 4014 κεῖσθαι
480 3954 574 4008 καὶ
605 3948 778 4016 οὗτος.
820 3952 1096 4025 Διαιροῦσι
1129 3953 1186 4016 δὲ
1223 3955 1317 4007 κο)⁴
1345 3954 1550 4008 τούτων
1581 3953 1814 4013 ἕκαστον

220 4047 306 4108 είς
339 4044 478 4098 ἄλλα
507 4044 701 4102 πολλά.
733 4045 914 4115 "Amp
943 4047 993 4096 εί
1033 4044 1322 4114 βουληθείη
1349 4063 1432 4110 τις
1461 4045 1530 4101 δι’
1551 4044 1813 4116 ἀκριϐοῦς

221 4136 530 4204 ἐξετάσεως
561 4137 899 4211 παραδοῦναι
924 4139 1111 4209 γραφῇ
1135 4178 1153 4206 ,
1190 4138 1358 4198 πολὺν
1384 4136 1630 4208 ἀθροίσει
1657 4137 1814 4206 λόγον

223 4233 324 4288 καὶ
370 4231 562 4301 χρόνον
607 4229 912 4301 δαπανήσει
934 4269 950 4296 ,
1001 4230 1074 4294 ὡς
1109 4231 1307 4302 (177
1334 4231 1387 4301 ὁ)
1421 4230 1555 4300 μηδὲ
1587 4231 1813 4284 ἀνεκτὸν

219 4319 368 4377 εἶναι
397 4325 510 4386 τοῖς
539 4323 929 4393 ἐντυγχάνουσι
957 4323 1046 4378 διὰ
1073 4322 1135 4376 τὸ
1162 4322 1387 4390 πλῆθος.
1411 4321 1573 4389 Μέγα
1595 4321 1688 4375 οὖν
1721 4323 1813 4381 καὶ

219 4415 541 4486 θαυμαστὸν
589 4417 756 4480 ὅντως
803 4415 923 4469 ἐστὶ
978 4416 1074 4470 καὶ
1122 4414 1323 4484 πολλῆς
1357 4413 1612 4484 δεόμενον
1642 4430 1811 4484 προσ-

1926 551 2190 621 piscentia
2225 552 2291 605 ad
2326 550 2468 608 bona
2496 550 2806 620 pertineant
2835 560 2892 605 et
2915 551 3060 605 circa
3089 566 3155 606 ea
3180 560 3502 621 appareant,

1925 640 2044 696 sive
2087 657 2275 696 revera
2323 649 2472 705 sunt,
2516 641 2633 696 sive
2675 649 2960 710 putantur,
3005 642 3153 696 circa
3189 643 3330 698 mala
3372 659 3505 699 vero

1925 732 2083 787 dolor
2115 744 2172 789 et
2216 745 2415 790 metus.
2449 736 2664 792 Rursus
2692 735 2937 790 dolorem
2972 735 3227 790 dividunt
3272 738 3326 791 in
3371 753 3507 808 qua-

1924 833 2074 888 tuor,
2109 824 2162 878 in
2213 841 2526 894 mmrorem,
2577 826 2631 882 in
2666 825 2996 889 molestiam,
3034 825 3088 885 in
3129 826 3410 894 invidiam,
3446 825 3502 880 in

1925 913 2382 975 miscricordiam.
2414 917 2592 986 Atque
2635 933 2926 973 intereram
2966 916 3158 971 dicunt
3186 933 3305 971 esse
3345 917 3502 979 dolo-

1926 1022 2038 1059 rem
2065 1007 2445 1064 obmutescere
2471 1009 2758 1069 t‘acientem
2784 1025 2881 1064 eos
2897 1009 2989 1080 qui
3014 1009 3124 1064 sint
3157 1010 3273 1083 ipso
3296 1011 3501 1074 allecti,

1924 1109 2219 1170 propterea
2243 1101 2391 1174 quod
2415 1118 2479 1166 ea
2507 1104 2701 1158 anima:
2727 1119 2854 1173 pars
2877 1118 3000 1172 quae
3022 1101 3249 1162 rationis
3280 1118 3345 1164 ac
3374 1116 3505 1162 conp

1924 1191 2035 1250 Silii
2076 1194 2236 1253 sedes
2278 1204 2382 1260 est,
2429 1195 2536 1250 hoc
2565 1204 2649 1252 est
2694 1194 3022 1264 λογιστικὸν,
3065 1194 3120 1248 ἰη
3168 1193 3502 1264 profundum

1926 1284 2394 1354 transgrediatur;
2431 1285 2736 1346 molestiam
2772 1296 2954 1343 autem
2992 1285 3236 1342 dolorem
3266 1301 3503 1355 gravari.

1926 1381 2037 1430 tem
2067 1386 2121 1430 et
2157 1376 2470 1438 turbantem
2514 1378 2568 1438 in
2604 1377 2822 1436 casibus
2852 1377 3204 1447 injucnndis;
3239 1377 3501 1440 invidiam

1924 1482 2054 1521 vero
2085 1467 2330 1530 dolorem
2362 1468 2416 1522 in
2443 1469 2583 1531 laetis
2614 1468 2780 1525 rebus
2809 1469 3033 1534 alienis;
3067 1469 3500 1528 misericordiam

1923 1557 2162 1630 denique
2202 1555 2448 1621 dolorem
2501 1560 2555 1615 in
2599 1560 2766 1620 rebus
2804 1561 2999 1624 alienis
3043 1561 3289 1620 adversis
3335 1570 3502 1632 atque

1925 1652 2160 1713 miseris,
2209 1651 2407 1712 Malum
2456 1668 2587 1708 vero
2635 1667 2852 1716 omnem
2898 1653 3142 1716 dolorem
3189 1662 3504 1716 statuerunt

1923 1756 2020 1795 sua
2064 1741 2236 1811 ipsius
2275 1751 2489 1797 natura.
2515 1741 2742 1798 Etiamsi
2773 1742 2919 1804 enim
2962 1743 3047 1797 vir
3075 1742 3252 1804 bonus
3276 1742 3330 1805 in
3368 1743 3504 1805 alio-

1926 1849 2048 1889 rum
2073 1833 2239 1889 rebus
2262 1834 2510 1890 adversis
2531 1835 2699 1901 dolet,
2731 1843 2790 1888 ut
2815 1833 3150 1902 misericors,
3179 1843 3361 1899 tamen
3392 1849 3499 1898 non

1925 1940 1990 1978 ex
2021 1925 2268 1995 professo
2293 1935 2348 1980 ct
2373 1926 2676 1988 secundum
2718 1925 3082 2000 propositum,
3111 1926 3205 1980 sed
3235 1926 3515 1988 secunda-.

1927 2019 2012 2073 rio
2041 2035 2140 2092 per
2182 2021 2550 2084 occasionem.
2579 2021 3048 2092 Contemplativus
3076 2032 3266 2087 contra
3309 2024 3395 2086 vel
3445 2023 3500 2085 in

1925 2107 2012 2162 his
2043 2121 2201 2165 vacat
2244 2111 2468 2175 atl'ectu,
2512 2113 2624 2175 Deo
2649 2123 3031 2186 congregatus,
3068 2123 3124 2174 et
3151 2113 3236 2175 his
3263 2116 3501 2176 terrenis

1925 2199 2090 2259 rebus
2113 2203 2402 2268 alienatus.
2428 2204 2631 2268 Melum
2656 2221 2791 2267 vero
2819 2220 3013 2268 rursus
3039 2204 3295 2267 dividunt
3329 2207 3381 2261 in
3406 2224 3502 2270 sex

1924 2302 2129 2364 partes,
2153 2295 2205 2350 in
2226 2298 2754 2368 tergiversationem,
2776 2297 3188 2362 verecundiam,
3209 2299 3500 2374 pudorem,

1922 2395 2224 2460 stuporem,
2249 2387 2777 2452 consternationem,
2806 2398 3104 2459 torporem.
3139 2389 3208 2450 Et
3239 2390 3499 2460 tergiver-

1921 2476 2189 2556 sationem
2217 2477 2438 2554 quidem
2474 2477 2745 2542 deiiniunt
2778 2487 2985 2541 metum
3019 2480 3252 2544 actionis
3279 2480 3498 2558 futura},

1920 2571 2313 2633 verecundiam
2346 2587 2476 2626 vero
2505 2584 2710 2636 metum
2741 2571 2809 2626 de
2847 2574 3257 2644 exspectatione
3281 2574 3518 2647 vitupew

1923 2661 2019 2731 rii;
2057 2662 2322 2732 pudorem
2349 2662 2477 2724 dein
2526 2671 2732 2725 metum
2768 2663 2836 2724 de
2868 2680 2926 2725 re
2959 2665 3105 2745 turpi
3151 2677 3495 2745 perpetrata;

1920 2758 2200 2821 stuporem
2246 2763 2452 2807 metum
2481 2753 2549 2807 de
2595 2752 2785 2823 grandi
2819 2761 2874 2806 et
2899 2754 3209 2810 vehementi
3239 2755 3501 2832 iinagina.

1921 2841 2071 2896 tione
2112 2851 2472 2913 conceptum;
2521 2842 3019 2901 consternationem
3051 2852 3257 2899 metum
3297 2862 3364 2901 ex
3398 2845 3502 2905 im-

1920 2933 2177 2990 manibus
2203 2935 2516 2992 rumoribus
2544 2935 2637 3005 qui
2669 2949 2892 2990 sensum
2927 2934 3214 3001 auferunt;
3246 2938 3498 3008 agoniam

1919 3026 2177 3097 denique.
2199 3026 2307 3084 \vel
2343 3034 2640 3098 torporem,
2682 3035 2887 3082 metum
2920 3026 3124 3105 lapsus,
3162 3027 3214 3082 id
3252 3037 3339 3088 est
3375 3045 3502 3086 suc.

1919 3133 2106 3174 cessus
2142 3118 2379 3174 infelicis
2400 3128 2565 3190 atque
2599 3118 2715 3188 spei
2749 3117 3041 3174 frustratae.
3066 3119 3198 3175 Nam
3227 3121 3356 3174 dum
3386 3137 3502 3176 nte-
3560 3118 3563 3119 ⁷

1915 3315 2046 3362 sunt
2088 3307 2257 3362 etiam
2303 3307 2397 3378 qui
2448 3306 2798 3362 timiditatem
2845 3308 3333 3379 νοοοηιιθυμὺν,
3380 3308 3499 3368 sive

1917 3397 2372 3469 indignationem,
2418 3414 2552 3454 vero
2595 3414 2788 3455 rursus
2832 3399 3268 3470 interpretantur
3315 3400 3502 3456 fervo.

1916 3505 2033 3546 rem
2080 3490 2361 3562 sanguinis
2408 3492 2618 3546 circum
2669 3489 2970 3561 praecordia
3011 3501 3238 3562 propter
3279 3491 3502 3548 deside-

1915 3582 2058 3636 rium
2089 3581 2298 3638 doloris
2325 3578 2567 3638 vicissim
2601 3581 2903 3652 inﬁigendi.
2946 3581 3126 3637 Etiam
3175 3582 3317 3637 hanc
3357 3583 3501 3638 divi-

1915 3670 2057 3727 dunt
2082 3671 2246 3729 modo
2284 3671 2508 3742 triplici,
2538 3672 2592 3726 in
2629 3671 2822 3744 όργὴν,
2849 3688 3014 3742 quam
3053 3682 3184 3729 sunt
3211 3672 3304 3742 qui
3331 3673 3499 3745 χολὴν

1914 3773 1969 3820 et
1996 3764 2152 3835 χόλον
2183 3765 2553 3835 appellarunt,
2584 3773 2642 3820 et
2682 3765 2738 3818 in
2776 3761 2961 3835 μῆνιν,
3002 3771 3060 3819 et
3099 3764 3153 3819 in
3197 3765 3372 3820 κότον.
3401 3767 3498 3821 At-

1913 3872 2021 3928 que
2067 3856 2236 3928 ὀργὴν
2285 3856 2506 3927 quidem
2559 3855 2832 3912 deﬁniunt
2892 3855 3324 3926 indignationem
3373 3871 3499 3926 qua

1915 3951 2246 4021 principium
2272 3961 2330 4010 et
2361 3958 2569 4006 motum
2600 3949 2767 4004 habet
2788 3948 2856 4004 ad
2887 3949 3182 4019 agendum,
3213 3951 3330 4004 sive
3357 3949 3499 4005 indi-o

1913 4044 2224 4112 gnationem
2275 4044 2565 4114 agitatam;
2615 4041 2778 4112 χολὴν
2826 4050 3009 4096 autem
3052 4042 3353 4097 vindictam
3398 4058 3498 4114 per

1913 4136 2150 4188 alterum
2189 4141 2462 4203 sumptam
2490 4131 2558 4186 de
2583 4146 2650 4186 eo
2679 4132 2774 4201 qui
2805 4131 3061 4202 iniuriam
3093 4131 3307 4198 intulit;
3341 4134 3498 4204 χόλον

1913 4237 2105 4280 contra
2132 4225 2176 4280 si
2217 4225 2341 4296 quis
2377 4240 2475 4295 per
2507 4223 2770 4293 seipsum,
2822 4223 2911 4278 cui
2957 4224 3106 4279 illata
3148 4235 3236 4280 est
3275 4225 3494 4297 iniuria,
3575 4277 3577 4280 .

1913 4340 2038 4378 eum
2066 4323 2160 4394 qui
2191 4322 2376 4379 intulit
2411 4321 2763 4392 persequitur
2791 4339 2804 4383 ;
2833 4322 2999 4393 μῆνιν
3041 4337 3212 4392 porro
3249 4323 3499 4395 indigna.

1915 4421 2120 4476 tionem
2152 4418 2646 4474 inveterascentem
2682 4418 2893 4488 (vocata
2928 4427 3014 4472 est
3044 4418 3192 4473 enim
3238 4424 3399 4491 μῆνις
3427 4423 3497 4478 de

217 4507 356 4578 οχῆς
383 4523 442 4559 τε
475 4505 571 4559 καὶ
600 4507 859 4582 σπουδῆς,
891 4507 987 4562 καί⁸
1018 4504 1123 4576 πρὸ
1151 4504 1358 4566 τούτων
1393 4505 1489 4572 τῆς
1515 4502 1666 4567 θείας
1691 4503 1808 4557 ἐπι-

1920 4525 1979 4563 eo
2008 4507 2155 4577 quod
2190 4506 2454 4566 memoria
2498 4505 2825 4578 retinetur);
2874 4505 3116 4576 denique
3158 4509 3317 4562 κότον
3357 4510 3499 4564 indi.

217 4598 453 4670 κουρίας
475 4638 490 4661 .
544 4599 605 4652 τὺ
630 4599 925 4669 δυνηθῆναι
957 4598 1172 4670 πρῶτον
1202 4597 1300 4668 μὲν
1330 4597 1428 4667 τῆς
1457 4595 1652 4666 ὑλικῆς
1677 4595 1809 4649 δυά-

217 4691 311 4752 δος
354 4690 467 4743 τῶν
496 4690 755 4761 ἐμφύτων
780 4689 1055 4761 κρατῆσαι
1082 4688 1365 4759 δυνάμεων
1388 4729 1404 4751 ,
1458 4687 1632 4757 θυμοῦ
1665 4686 1811 4754 λέγω

219 4785 318 4838 καὶ
363 4784 696 4855 ἐπιθυμίας,
753 4785 849 4838 καὶ
895 4783 992 4837 τοῦ
1021 4784 1145 4838 κατ’
1170 4782 1342 4846 αὑτὰς
1374 4781 1681 4853 μερισμοῦ,
1716 4781 1810 4835 καὶ

223 4879 495 4948 μακάριος
548 4879 608 4942 ὃς
655 4879 814 4948 ἄγειν
863 4879 1099 4950 ἑτοίμως
1141 4876 1346 4939 ταύτας
1391 4876 1516 4930 ὅποι
1561 4875 1639 4946 τῷ
1667 4874 1810 4945 λόγῳ

219 4970 370 5022 δοκεῖ
397 4969 684 5040 δεδύνηται
706 5008 723 5035 ,
779 4970 975 5041 μέχρις
1008 4969 1076 5024 ἂν
1099 4971 1213 5032 τοῖς
1241 4970 1567 5038 πρακτικοῖς
1593 4967 1685 5021 διὰ
1709 4968 1811 5034 τῆς

219 5061 424 5131 ἠθικῆς
482 5061 801 5132 φιλοσοφίας
857 5061 967 5116 τῶν
1012 5061 1296 5133 προτέρων
1344 5059 1674 5130 καθαίρηται
1720 5058 1809 5110 λο-

223 5171 466 5223 γιτμων.

1916 4600 2227 4670 ςηειίοηοηι
2277 4607 2493 4667 tempus
2524 4598 2782 4652 vindictae
2822 4598 3140 4664 observans,
3187 4601 3281 4669 qui
3315 4601 3498 4662 dictus

1915 4700 2000 4746 est
2039 4691 2168 4745 item
2213 4690 2340 4744 inde
2383 4689 2528 4758 quod
2557 4688 2712 4758 quasi
2739 4688 3060 4744 reconditus
3078 4691 3226 4760 jacet
3266 4692 3418 4756 intus
3447 4703 3500 4752 et

1917 4792 2120 4836 manet.
2149 4781 2409 4836 Dividunt
2439 4796 2570 4834 vero
2609 4781 2805 4834 horum
2835 4783 3267 4854 unumquodque
3301 4783 3357 4838 in
3393 4784 3499 4838 alia

1917 4875 2116 4941 multa;
2152 4889 2275 4944 quae
2303 4874 2348 4928 si
2385 4873 2517 4944 quid
2561 4881 2812 4928 accurate
2855 4857 3185 4944 perquirere.
3213 4881 3270 4927 et
3297 4873 3497 4934 litteris

1918 4966 2136 5020 tradere
2164 4965 2423 5031 voluerit,
2455 4981 2764 5020 sermonem
2809 4964 3041 5019 nimium
3086 4965 3396 5019 cumulabit
3442 4973 3499 5020 et

1919 5063 2135 5125 tempus
2160 5056 2419 5120 insumet,
2451 5072 2573 5125 quae
2597 5055 2934 5110 abundantia
2960 5071 2990 5109 a
3026 5055 3326 5111 lectoribus
3365 5056 3496 5112 ferri

1919 5163 2028 5202 non
2061 5149 2254 5218 possit.
2294 5149 2542 5218 Magnum
2585 5149 2771 5218 itaque
2794 5157 2957 5218 atque
2987 5147 3368 5204 admirandum
3412 5166 3500 5206 rc-

227 5262 358 5301 vera
409 5256 514 5312 est,
560 5257 615 5302 et
667 5247 814 5317 quod
858 5249 1030 5302 multa
1097 5247 1403 5301 attentione
1464 5252 1520 5298 et
1563 5243 1768 5304 studio,
1817 5254 1880 5293 ac
1935 5239 2118 5294 divina
2166 5240 2467 5310 praesertim
2517 5255 2620 5309 ope
2672 5238 2939 5310 indigeat,
2989 5240 3227 5308 primum
3270 5243 3497 5313 quidem

228 5355 391 5409 posse
441 5341 1137 5410 materialem,innatarum
1186 5346 1521 5409 potestatum
1575 5335 1804 5409 dyadem
1846 5349 2130 5404 superare,
2192 5333 2642 5403 indignationem,
2689 5333 2932 5400 inquam,
2979 5341 3035 5386 et
3099 5335 3497 5405 concupiscen~
3543 5383 3546 5387 ,

227 5435 386 5495 tiam,
419 5447 721 5503 earumque
750 5434 804 5487 in
849 5448 986 5504 quas
1028 5440 1218 5503 patent
1244 5430 1436 5485 divisae
1465 5429 1699 5500 species,
1734 5435 1898 5497 atque
1928 5427 2122 5481 beatus
2172 5435 2255 5480 est
2302 5425 2395 5494 qui
2462 5423 2714 5492 expedite
2749 5425 2846 5479 has
2901 5424 3101 5480 ducere
3165 5443 3496 5498 quocunque

229 5526 429 5580 rationi
483 5525 720 5595 placebit
759 5525 1022 5596 potuerit,
1069 5540 1245 5595 usque
1281 5523 1410 5579 dum
1456 5521 1738 5595 practicis,
1769 5519 1822 5573 id
1886 5527 1970 5574 est
2036 5517 2247 5583 activis,
2313 5518 2382 5572 ab
2418 5516 2498 5573 eis
2531 5532 2668 5587 quas
2701 5525 2828 5572 ante
2865 5516 3057 5576 habuit
3101 5530 3366 5598 purgetur
3397 5535 3497 5598 per

232 5617 639 5688 philosOphiam
681 5617 968 5676 moralem.
