4026 6288
231 323 369 386 ιὲθὸ

1464 318 1985 380 AMBIGUORUM
2025 321 2276 381 LIBER.

3347 313 3366 376 l
3378 313 3482 378 206

273 433 431 504 180
458 429 522 501 ο)
563 432 722 498 θέμις
768 432 966 494 εἰπεῖν,
998 429 1135 483 ἀλλά
1167 430 1244 500 μὴ
1293 429 1493 498 μᾶλλον
1525 431 1802 503 βούλησιν,

1920 431 2072 496 velle,
2106 432 2262 500 cujus
2321 430 2603 504 voluntate
2643 428 2825 481 omnia
2866 436 2932 481 et
2994 438 3284 482 mo\'eutur
3339 439 3396 481 et
3427 432 3479 482 iu

222 529 324 599 τὴν
376 527 554 580 πάντα
597 523 854 578 κινοῦσαν
890 541 949 576 τε
1005 524 1103 576 καὶ
1133 525 1211 586 εἰς
1252 523 1314 574 τὸ
1355 518 1496 577 εἶναι
1531 524 1627 576 καὶ
1664 540 1810 595 παρ-

226 622 474 688 άγουσαν
503 618 598 672 καὶ
629 617 983 688 συνέχουσαν,
1005 616 1330 686 κινουμένην
1353 617 1409 669 δὲ
1436 617 1688 688 οὐδαμῶς
1717 619 1807 670 οὐ-

220 712 474 783 δέποτε),
494 711 706 774 τούτοις
737 711 832 764 καί
870 710 1022 764 αὐτοὶ
1049 711 1228 778 σοφῶς
1257 710 1487 773 ἑαυτοὺς
1511 710 1806 764 ἀπετύπω-

228 823 356 870 σαν,
399 803 498 857 τοῦ
541 784 784 872 ἀφανοῦς
832 802 928 855 καὶ
966 801 1198 873 ἀοράτου
1245 802 1475 864 κάλλους
1527 802 1627 871 τῆς
1663 801 1809 866 θείας

227 895 707 967 μεγαλοπρεπείας
781 894 1105 966 εὐμιμήτως
1161 895 1421 966 φέροντες
1467 895 1808 966 φαινομένην

221 990 314 1042 διὰ.
341 988 455 1042 τῶν
477 990 691 1059 ἀρετῶν
716 988 817 1059 τὴν
859 987 1120 1059 ἰδιότητα.
1155 987 1253 1041 Διά
1288 987 1449 1041 τοῦτο
1478 987 1678 1056 ἀγαθοὶ
1715 989 1811 1044 καὶ

226 1081 468 1148 φιλόθεοι
517 1083 612 1134 κα)⁸
659 1079 1057 1152 φιλάνθρωποι,
1087 1078 1454 1150 εὔσπλαγχνοι
1487 1097 1548 1133 τε
1592 1081 1686 1134 καὶ
1736 1083 1809 1134 οἱ·

235 1171 532 1242 κτίρμονες
566 1173 845 1240 γεγόνασι,
889 1174 983 1226 καὶ
1017 1173 1148 1242 μίαν
1195 1173 1329 1242 πρὸς
1373 1173 1519 1226 ἆπαν
1548 1172 1609 1226 τὸ
1655 1173 1812 1241 γένος

223 1263 472 1316 διάθεσιν
496 1264 710 1333 ἔχοντες
746 1265 967 1334 ἀγάπης
1003 1263 1345 1336 ἐδείχθησαν,
1377 1265 1467 1333 ὐφ’
1494 1259 1562 1336 ἦς
1589 1265 1650 1318 τὸ
1679 1266 1814 1318 πάν-

223 1369 340 1406 των
383 1354 664 1424 ἐξαίρετον
719 1351 860 1420 εἶδος
904 1355 1013 1408 τῶν
1064 1357 1297 1428 ἀρετῶν,
1327 1357 1429 1426 τὴν
1483 1359 1812 1412 ταπείνωσιν

224 1441 392 1511 λέγω,
418 1445 509 1499 διά
531 1445 713 1516 πάσης
747 1445 930 1499 αὐτῶν
965 1446 1063 1516 τῆς
1087 1447 1232 1517 ζωῆς
1259 1447 1483 1515 βεϐαίαν
1513 1448 1814 1517 κατασχόν-

223 1553 318 1598 τες
348 1537 449 1608 τὴν
474 1535 814 1608 φυλακτικὴν
846 1537 944 1607 μὲν
974 1538 1082 1591 τῶν
1116 1537 1362 1606 ἀγαθῶν,
1406 1539 1712 1610 φθαρτικὴν
1757 1540 1814 1593 δὲ

222 1627 338 1679 τῶν
368 1628 647 1692 ἐναντίων,
682 1630 861 1683 οὐδενὶ
889 1631 950 1684 τὸ
990 1631 1254 1701 παράπαν
1298 1631 1566 1703 ἀλώσιμοι
1590 1632 1698 1685 τῶν
1736 1632 1814 1685 δι-

224 1714 529 1784 οχλούντων
550 1719 807 1786 γεγόνασι
837 1721 1185 1792 πειρασμῶν,
1213 1721 1323 1776 τῶν
1344 1739 1401 1777 τε
1434 1724 1694 1777 ἑκουσίων
1717 1725 1812 1778 καὶ

224 1807 322 1860 τοῦ
362 1809 450 1876 ἐφ’
479 1810 612 1878 ἡμῖν
651 1809 836 1879 λόγου,
876 1790 975 1866 καὶ
1004 1790 1113 1867 τῶν
1158 1815 1430 1868 ἀκουσίων
1455 1814 1548 1869 καὶ
1578 1816 1680 1868 οὐκ
1720 1815 1807 1884 ἐφ’
1844 1790 1884 1846 Β

226 1903 386 1971 ἡμῖν,
418 1894 509 1971 τῷ
539 1903 653 1966 τοῖς
686 1904 783 1974 μὲν
816 1904 884 1958 δι’
910 1905 1239 1977 ἐγκρατείας
1288 1907 1688 1978 ἀπομαραίνειν
1709 1907 1808 1971 τὰς

225 1995 656 2060 ἐπαναστάσεις,
692 1995 802 2048 τῶν
841 1995 897 2050 δὲ
948 1997 1014 2050 δι’
1044 1998 1319 2068 ὑπομονῆς
1366 1998 1464 2060 τὰς
1501 1997 1809 2068 προσϐολὰς

223 2084 606 2141 ἀποσείεσθαι.
638 2087 858 2157 Διχόθεν
890 2087 1002 2159 γὰρ
1045 2088 1387 2160 βαλλόμενοι,
1420 2090 1526 2143 ὑπό
1553 2107 1613 2144 τε
1651 2088 1809 2156 δόξης

226 2177 329 2230 καὶ
367 2177 614 2248 ἀτιμίας,
661 2180 906 2250 διέμενον
946 2181 1214 2246 ἀσειστοι,
1249 2183 1384 2252 πρὸς
1417 2181 1584 2254 ἀμφω
1617 2183 1810 2254 ἀκινή-

223 2285 338 2330 τως
385 2269 624 2340 ἔχοντες,
678 2272 814 2343 μήτε
866 2271 1058 2342 ὕϐρεσι
1100 2273 1533 2344 τιτρωσκόμενοι
1580 2274 1667 2330 διά
1711 2275 1810 2346 τὴν

224 2361 488 2415 ἑκουσίαν
517 2362 730 2432 ῦφεσιν,
760 2365 897 2436 μήτε
927 2364 1086 2430 δόξαν
1136 2366 1514 2438 προσιέμενοι,
1548 2368 1617 2421 δι’
1649 2368 1812 2440 ὑπερο

224 2451 536 2508 ϐάλλουσαν
588 2456 864 2527 πτωχείας
899 2456 1198 2528 οίκείωσιν,
1238 2459 1365 2513 ὅθεν
1409 2460 1470 2514 οὐ
1519 2460 1709 2532 θυμὸς,
1747 2463 1808 2515 οὐ

223 2544 450 2608 φθόνος,
485 2547 586 2600 οὐκ
631 2546 769 2619 ἔρις,
813 2548 911 2620 οὐχ
947 2549 1255 2622 ὑπόκρισις,
1295 2551 1355 2604 οὐ
1404 2551 1576 2616 δόλος,
1608 2553 1706 2607 οὐκ
1738 2555 1810 2607 ει-

229 2639 543 2709 ρωνευτική
597 2655 684 2703 τις
742 2641 838 2695 καὶ
891 2640 1188 2706 ἐπίκλοπος
1213 2641 1291 2713 τῷ
1323 2643 1633 2714 φαινομένῳ
1673 2643 1812 2698 πλά-

225 2740 406 2792 σματι
432 2726 501 2779 δι’
531 2727 746 2800 ἀπάτης
786 2729 1133 2801 ὐποσύρουσα
1157 2732 1294 2804 πρὸς
1321 2731 1449 2787 ἀλλο
1492 2733 1716 2806 στοργὴ,
1752 2733 1813 2787 τὸ

223 2815 455 2869 πάντων
522 2818 712 2872 παθῶν
780 2820 1193 2892 ὀλεθριώτατον,
1247 2824 1347 2878 οὐκ
1394 2824 1663 2897 ἐπιθυμία
1705 2826 1814 2880 τῶν

224 2905 379 2958 κατὰ
428 2907 523 2960 τὸν
576 2910 690 2980 βίον
742 2911 1044 2967 δοκούντων
1083 2909 1223 2968 εἶναι
1266 2915 1559 2986 λαμπρῶν,
1586 2916 1708 2971 οὔτε
1758 2934 1812 2971 τι

221 2995 425 3066 ἕτερον
459 2998 557 3071 τῆς
583 3005 830 3072 πονηρᾶς
867 3003 978 3058 τῶν
1010 3005 1202 3060 παθῶν
1242 3006 1505 3078 πληθύος,
1532 3008 1633 3062 οὐκ
1662 3010 1814 3063 ἀπει-

1911 521 2288 577 exsistentiam
2313 520 2613 583 ducuntur,
2641 519 2808 587 inque
2848 535 2911 572 ea
2942 520 3318 582 continentur.
3351 521 3479 574 dum

1913 615 2029 684 ipsa
2064 615 2324 669 nimirum
2355 628 2464 667 non
2505 612 2616 665 ullo
2667 625 2906 679 unquam
2939 611 3100 665 modo
3131 621 3382 667 movetur
3407 619 3480 678 Υ),

1914 707 2001 762 his
2024 709 2191 764 etiam
2227 707 2330 776 ipsi
2364 705 2642 776 sapienter
2698 717 2819 756 sese
2851 703 3235 776 reforinarunt,
3297 705 3486 759 invisi-

1911 801 2037 856 bilis
2063 817 2128 855 ac
2155 816 2256 856 nos
2287 798 2512 854 latentis
2545 794 2972 866 pulchritudinis
3001 795 3202 850 divina:
3233 797 3485 867 magnifi-

1914 893 2110 948 centiae
2138 891 2667 962 proprietatemque
2696 903 2795 957 per
2823 886 3058 942 virtutes
3086 901 3145 942 se
3174 887 3490 942 manifestat

1914 984 2152 1040 feliciter
2179 982 2490 1037 armulatam
2549 979 2818 1035 ferentes.
2846 977 3086 1049 Ideoque
3137 979 3268 1033 boni
3303 988 3360 1033 et
3389 979 3493 1032 Dei

1915 1083 2164 1130 amantes
2193 1082 2247 1127 et
2278 1070 2530 1126 benevoli
2561 1086 2688 1140 erga
2718 1068 2990 1132 homines,
3027 1069 3492 1123 etmiserieordes

1915 1167 2042 1221 facti
2074 1174 2222 1227 sunt,
2256 1179 2528 1232 unamque
2559 1163 2625 1217 ad
2670 1164 2990 1218 universum
3027 1178 3200 1231 genus
3235 1160 3490 1215 affectio-

1915 1274 2040 1313 nem
2097 1257 2378 1311 charitatis
2411 1255 2614 1310 habere
2659 1256 2760 1310 visi
2807 1263 2967 1313 sunt;
3003 1270 3033 1307 a
3081 1269 3188 1322 qua
3242 1254 3488 1305 omnium

1915 1351 2180 1406 virtutmn
2212 1347 2702 1416 exquisitissimum
2732 1363 2927 1419 genus,
2948 1345 3314 1400 humilitatem
3342 1344 3486 1404 dico,

1913 1458 2036 1513 qua:
2076 1441 2216 1495 bona
2249 1451 2450 1503 servat,
2485 1439 2703 1493 inimica
2737 1439 2980 1509 perimit,
3012 1454 3110 1508 per
3137 1447 3303 1492 totam
3335 1453 3489 1491 suam

1913 1534 2083 1588 vitam
2129 1533 2361 1588 firmiter
2410 1540 2648 1597 tuentes,
2705 1532 3066 1587 molestarum
3123 1531 3489 1586 tentationum

1913 1627 2050 1682 nulli
2107 1625 2333 1680 omnino
2382 1624 2818 1688 succubuerunt,
2884 1633 2993 1678 tam
3048 1622 3488 1678 voluntariarum

1913 1733 2144 1790 quasque
2203 1725 2405 1771 nostra:
2443 1726 2572 1771 sunt
2608 1717 2859 1776 rationis.
2892 1731 3056 1784 quam
3092 1715 3491 1768 involuntaria-

1915 1828 2034 1866 rum
2066 1826 2296 1882 quaeque
2327 1826 2432 1865 non
2464 1818 2666 1864 nostrce
2683 1819 2832 1873 sunt,
2852 1794 2983 1863 dum
3018 1810 3209 1864 harum
3237 1809 3486 1878 eruptio-

1915 1920 2016 1960 nes
2050 1903 2393 1959 continentia
2426 1902 2798 1974 reprimimus.
2841 1903 3056 1956 illarum
3089 1911 3282 1956 contra
3313 1902 3487 1971 impe-

1916 2004 2004 2051 tus
2031 1995 2357 2050 fortitudine
2394 1995 2724 2049 excutimus.
2753 1994 3024 2064 Utrinque
3063 1995 3210 2049 enim
3250 1995 3429 2065 petiti,
3459 2013 3487 2049 a

1917 2086 2092 2156 gloria
2147 2087 2296 2142 etab
2355 2085 2724 2156 ignobilitate,
2779 2085 3096 2141 inconcussi
3159 2101 3487 2156 persevera—

1914 2187 2150 2244 verunt,
2203 2188 2260 2234 et
2311 2178 2631 2232 immobiles
2660 2185 2850 2232 contra
2869 2187 3160 2248 utramque
3189 2185 3485 2241 steterunt,

1913 2283 2094 2338 neque
2118 2267 2338 2338 injuriis
2359 2267 2657 2332 vulnerati,
2688 2275 2918 2338 propter
2952 2267 3317 2323 voluntariam
3352 2266 3486 2322 sub-

1915 2361 2254 2424 missionem,
2321 2375 2502 2431 neque
2536 2360 2768 2431 gloriam
2815 2360 3194 2425 admittentes,
3261 2369 3490 2430 propter

1913 2463 2334 2524 exsuperantem
2373 2453 2711 2524 paupertatis
2743 2452 3192 2518 familiaritatem,
3223 2451 3489 2507 undenec

1915 2544 2245 2615 indignatio,
2282 2559 2385 2598 nec
2407 2545 2573 2608 livor.
2609 2560 2712 2601 nec
2765 2544 3060 2610 dissensio,
3095 2559 3197 2600 nec
3237 2543 3490 2615 hypocri-

1914 2634 2011 2699 sis,
2037 2651 2141 2690 nec
2184 2635 2367 2698 dolus,
2427 2649 2528 2689 nec
2575 2633 2956 2692 cavillatorius
2989 2645 3046 2691 et
3094 2633 3364 2689 subdolus
3394 2633 3488 2702 qui

1916 2728 2168 2800 specioso
2201 2727 2462 2798 figmento
2496 2726 2881 2783 fraudulenter
2931 2727 2999 2783 ad
3051 2726 3201 2782 aliud
3247 2727 3491 2796 pelliciat.

1916 2838 2094 2886 amor,
2117 2837 2240 2893 qua:
2297 2820 2550 2879 omnium
2580 2822 2902 2892 passionum
2952 2823 3344 2879 exitiosissima
3382 2834 3488 2887 est,

1916 2929 2019 2969 nec
2053 2913 2508 2984 concupiscentia
2553 2929 2745 2969 earum
2783 2930 2970 2969 rerum
3002 2929 3126 2985 qua:
3172 2913 3494 2969 lautissima:

1917 3005 2178 3060 videntur
2236 3005 2291 3058 in
2337 3005 2449 3059 vita
2485 3019 2632 3068 esse,
2695 3022 2799 3062 uec
2859 3005 3007 3060 aliud
3065 3005 3367 3076 quidquam
3422 3006 3492 3062 de

223 3089 326 3190 λαὶ
353 3091 485 3190 παρ’
513 3094 726 3166 ἐχθρῶν
756 3099 1269 3172 ὲπανατεινόμεναι,
1295 3101 1417 3156 οὐδέ
1445 3119 1533 3167 τις
1557 3102 1744 3175 (180
1763 3104 1812 3174 b)

1920 3098 2110 3169 iniquo
2157 3098 2478 3168 passionum
2512 3114 2700 3169 grege,
2737 3113 2918 3169 neque
2942 3098 3105 3154 minae
3151 3097 3220 3154 ab
3256 3097 3495 3155 inimicis

224 3181 473 3238 θανάτου
506 3186 709 3258 τρόπος
739 3189 920 3244 αὐτῶν
951 3193 1264 3264 ἐκυρίευσε.
1297 3194 1390 3248 Διὸ
1417 3196 1513 3249 καὶ
1545 3196 1814 3268 μακάριοι

221 3275 464 3343 δικαίως
493 3281 649 3354 παρά
675 3299 736 3336 τε
762 3283 884 3356 Θεῷ
915 3285 1008 3340 καὶ
1037 3286 1348 3358 ἀνθρώποις
1379 3287 1702 3361 ἐκρίθησαν,
1731 3291 1813 3344 ὅτι

219 3369 333 3436 τῆς
377 3373 765 3446 φανησομένης
813 3377 1056 3448 ἀρρήτου
1111 3379 1208 3433 καὶ
1261 3379 1595 3450 περιφανοῦς
1655 3381 1815 3453 δόξης

223 3462 379 3516 κατὰ
409 3463 510 3535 τὴν
533 3466 699 3537 χάριν
730 3467 828 3522 τοῦ
864 3469 1102 3539 μεγάλου
1151 3470 1328 3542 δώρου
1369 3471 1505 3526 Θεοῦ
1553 3475 1814 3544 ἐμφανεῖς

217 3555 448 3619 εἰκόνας
479 3558 708 3623 ἑαυτοὺς
745 3560 1110 3633 κατέστησαν,
1143 3563 1232 3617 ἵνα
1261 3563 1542 3636 χαίροντες
1563 3563 1639 3631 ὡς
1669 3581 1813 3634 γνω-

222 3645 418 3716 ρίμοις
446 3652 560 3714 τοῖς
582 3650 764 3723 λόγοις
790 3652 899 3707 τῶν
926 3654 1160 3725 ἀρετῶν,
1195 3657 1397 3727 μᾶλλον
1423 3657 1478 3710 δὲ
1502 3657 1644 3729 Θεῷ,
1669 3658 1812 3730 ὑπὲρ

218 3733 289 3794 οῦ
324 3741 422 3794 καὶ
454 3742 580 3797 καθ’
607 3745 846 3815 ἑκάστην
874 3746 1089 3818 ἡμέραν
1123 3747 1564 3820 ἀποθνήσκοντες
1585 3749 1809 3823 διεκαρ-

220 3831 490 3903 τέρησαν,
527 3835 828 3902 ἑνωθῶσιν,
859 3839 918 3892 ὲν
945 3831 989 3907 ᾧ
1024 3838 1238 3893 πάντων
1269 3841 1319 3895 οἱ
1359 3840 1507 3910 λόγοι
1537 3841 1648 3896 τῶν
1679 3843 1812 3912 ἀγα-

219 3923 361 3990 θῶν,
419 3925 609 3998 ῶσπερ
654 3931 804 4000 πηγῇ
855 3929 1182 4001 ἀειϐλύστῳ,
1244 3933 1700 4006 προῦφεστήκασί
1757 3953 1814 3991 τε

221 4017 374 4070 κατά
410 4017 561 4088 μίαν,
585 4019 767 4090 ἀπλῆν
787 4021 880 4076 καὶ
905 4023 1115 4077 ἑνιαίαν
1144 4023 1255 4077 τῶν
1284 4025 1504 4079 πάντων
1535 4025 1814 4097 περιοχὴν,

225 4109 329 4163 καὶ
361 4109 502 4184 πρὸς
530 4111 590 4164 ὃν
619 4112 840 4167 ἕλκουσι
888 4113 1099 4179 πάντας
1131 4115 1257 4179 τοὺς
1303 4117 1485 4182 καλῶς
1533 4120 1626 4173 καὶ
1675 4121 1816 4173 κατά

222 4202 395 4270 φύσιν
441 4206 564 4268 ταῖς
607 4205 701 4259 ἐπὶ
752 4205 928 4280 τούτῳ
971 4207 1239 4274 δοθείσαις
1283 4211 1602 4282 χρωμένους
1655 4211 1815 4266 δυνά-

224 4311 381 4362 μεσι.

1919 3191 2225 3256 intentata,
2257 3207 2438 3261 neque
2466 3191 2640 3245 ullum
2675 3191 2876 3248 mortis
2903 3207 3078 3264 genus
3107 3207 3204 3248 eos
3263 3191 3489 3247 devicit.

1919 3281 2047 3337 Ideo
2077 3282 2245 3338 etiam
2293 3281 2439 3337 beati
2473 3292 2583 3338 tam
2615 3282 2764 3354 apud
2818 3284 2991 3338 Deum
3012 3299 3177 3354 quam
3217 3282 3362 3354 apud
3397 3283 3496 3338 ho-

1917 3372 2096 3427 mines
2122 3371 2322 3427 merito
2347 3382 2478 3428 sunt
2501 3373 2760 3445 judicati,
2786 3373 2936 3445 quod
2988 3374 3325 3446 apparituraz
3349 3375 3492 3431 inef-

1916 3463 2098 3518 fabilis
2121 3475 2178 3520 et
2199 3464 2661 3534 splendidissima;
2689 3466 2878 3536 gloriae
2901 3482 3003 3537 per
3041 3468 3272 3538 gratiam
3312 3467 3494 3538 magni

1918 3553 2015 3609 Dei
2063 3553 2386 3610 manifestas
2439 3556 2706 3628 imagines
2741 3574 2862 3614 sese
2915 3559 3246 3621 effecerunt.
3277 3568 3336 3614 ut
3365 3576 3498 3630 εαυ-

1919 3645 2118 3701 dentes
2167 3654 2430 3716 tanquam
2470 3650 2620 3706 notis
2674 3661 2732 3707 et
2785 3651 3155 3707 familiaribus
3227 3652 3495 3708 virtutum

1918 3742 2248 3808 rationibus,
2280 3744 2365 3798 vel
2394 3745 2582 3816 potius
2604 3747 2738 3811 Deo,
2765 3762 2868 3817 pro
2906 3763 3018 3818 quo
3046 3749 3214 3803 etiam
3247 3749 3498 3819 quotidie

1917 3834 2055 3890 mori
2098 3848 2569 3906 perseverassent,
2626 3839 2943 3904 unirentur,
2998 3840 3052 3894 in
3083 3857 3193 3912 quo
3245 3843 3495 3897 omnium

1919 3927 2192 3984 bonorum
2238 3929 2502 3996 rationes,
2571 3939 2831 4002 tanquam
2900 3933 2956 3987 in
3017 3933 3171 3990 fonte
3224 3935 3495 4006 perenni,

1919 4023 2370 4093 praeexstiterunt
2402 4039 2501 4095 per
2525 4041 2714 4090 unam,
2742 4026 3049 4097 simplicem
3075 4038 3132 4084 et
3160 4029 3498 4100 singularem

1918 4130 2107 4170 rerum
2165 4116 2551 4172 universarum
2612 4119 3074 4189 complexionem,
3128 4132 3186 4178 et
3215 4122 3284 4177 ad
3331 4139 3498 4193 quem

1917 4222 2114 4264 omnes
2175 4210 2462 4264 attrahunt
2520 4209 2839 4280 quicunque
2896 4210 3038 4266 bene
3079 4221 3136 4268 et
3192 4214 3499 4269 secundum

1921 4310 2170 4356 naturam
2204 4300 2563 4356 facultatibus
2579 4301 2644 4356 ad
2682 4303 2786 4358 hoc
2821 4304 2966 4360 datis
2994 4314 3248 4360 utuntur.

235 4475 344 4530 Ἐκ
399 4477 508 4532 τοῦ
536 4478 636 4548 μβ
664 4479 852 4550 λόγου
879 4482 985 4538 τοῦ
1018 4483 1315 4553 Θεολόγου
1345 4483 1477 4550 περὶ
1508 4477 1596 4537 ὧν
1627 4483 1807 4552 ἐμνή-

1926 4483 2006 4535 Ε.τ
2053 4485 2460 4552 quadragesimo
2506 4487 2732 4538 secundo
2761 4487 3006 4557 Theologi
3047 4503 3288 4541 sermone
3335 4489 3396 4540 de
3441 4491 3501 4542 iis

299 4577 420 4641 σθη
457 4576 564 4630 τοῦ
581 4578 878 4646 μακαρίου
909 4578 1048 4645 Ἰὼϐ,
1073 4581 1164 4646 εἰς
1190 4579 1278 4644 τὸ,
1314 4597 1333 4631 ι
1363 4579 1441 4633 Τὰ
1459 4577 1528 4631 δὲ
1554 4577 1701 4646 ἑξῆς
1721 4597 1815 4647 μι-

299 4668 434 4737 κρὰ,
464 4668 564 4723 καί
597 4673 826 4740 μικρῶν
849 4672 1060 4726 ἕνεκεν
1091 4670 1559 4740 οίκονομηθέντα
1589 4669 1688 4740 (ϐ).
1721 4689 1739 4721 ι

297 4870 380 4940 Τῇ
409 4870 683 4946 γενομένῃ
716 4872 869 4942 παρά
897 4873 992 4927 τοῦ
1020 4873 1158 4927 Θεοῦ
1201 4872 1278 4944 τῷ
1313 4873 1437 4927 Ἰὼϐ
1473 4872 1803 4944 ἀναῤῥήσει,

223 4961 302 5023 ὡς
330 4958 512 5031 οἶμαι,
547 4963 856 5034 συγκρίνων
888 4963 956 5018 τὰ
994 4964 1132 5036 μετά
1153 4964 1281 5028 τοὺς
1302 4961 1520 5030 ἀγῶνας
1544 4962 1654 5015 τῶν
1685 4978 1806 5016 πει-

228 5051 458 5122 ρασμῶν
507 5053 732 5108 δοθέντα
778 5056 1068 5124 σωματικά
1117 5055 1293 5127 μικρά
1341 5054 1807 5126 προσηγόρευσεν,

224 5143 299 5207 ὡς
332 5145 455 5196 κατ’
478 5143 675 5200 οὐδένα
715 5146 918 5216 τρόπον
957 5148 1070 5209 τοῖς
1123 5145 1366 5208 αἰωνίοις
1411 5143 1685 5214 δυνάμενα
1711 5161 1814 5198 πα-

231 5235 622 5306 ραϐάλλεσθαι.
672 5237 909 5306 Mmde
963 5239 1020 5292 δὲ
1069 5239 1281 5293 ἕνεκεν
1347 5237 1818 5308 οίκονομηθέντα

227 5327 383 5397 φησὶ,
406 5328 519 5382 τῶν
544 5330 672 5400 περῖ
691 5330 942 5384 διάνοιαν
963 5332 1273 5401 γνωστικὴν
1301 5329 1542 5400 δηλονότι
1577 5330 1808 5400 μικρῶν,

227 5417 337 5471 τῶν
377 5421 623 5492 εὐχερῶς
671 5424 731 5475 ἐν
763 5425 879 5487 τοῖς
929 5424 1060 5494 περὶ
1109 5422 1372 5490 προνοίας
1419 5425 1515 5477 καὶ
1576 5421 1811 5494 κρίσεως

227 5509 410 5578 λόγοις
443 5514 968 5585 σκανδαλιζομένων,
1007 5516 1103 5569 καὶ
1137 5517 1268 5586 περὶ
1311 5516 1479 5588 αὐτὴν
1534 5515 1631 5587 τὴν
1659 5517 1811 5570 εὐσέ-

300 5652 328 5692 Y
364 5645 486 5700 Act.
522 5662 649 5710 xvu,
681 5647 770 5701 28.
853 5659 871 5684 ι
907 5650 1010 5705 Job
1042 5667 1157 5713 vm,
1195 5652 1246 5702 7.

1989 4588 2105 4642 qua:
2134 4573 2198 4625 de
2223 4574 2374 4627 beato
2396 4575 2523 4628 Jobo
2551 4581 2976 4632 commemoravit
3001 4581 3055 4632 in
3082 4579 3219 4633 illud
3255 4598 3271 4633 :
3316 4599 3332 4629 ι
3370 4580 3501 4645 Quae

1991 4671 2166 4717 autem
2191 4665 2377 4718 deinde
2401 4676 2576 4721 secuta
2603 4677 2748 4733 smn,
2774 4686 2965 4735 parva,
2991 4680 3039 4723 et
3063 4687 3349 4739 parvorum
3377 4689 3502 4740 gra-

1989 4754 2062 4806 tia
2091 4755 2373 4808 constituta
2401 4765 2471 4808 1.:

1987 4869 2082 4924 Dei
2131 4869 2184 4923 in
2225 4869 2423 4925 Jobum
2472 4873 2852 4943 pronuntiato,
2887 4882 2945 4928 ut
2988 4881 3144 4944 puto,
3179 4874 3498 4942 temporalia

1910 4977 1973 5015 ea
2008 4976 2132 5031 quae
2167 4974 2290 5032 post
2323 4965 2628 5019 certamina
2665 4966 3035 5020 tentationum
3069 4980 3328 5020 concessa
3369 4976 3500 5020 sunt

1912 5069 2241 5126 comparans
2288 5071 2457 5128 parva
2508 5057 2834 5128 appellavit,
2871 5073 2994 5127 quae
3037 5055 3298 5110 nimirum
3347 5056 3501 5110 nullo

1916 5148 2081 5204 modo
2107 5163 2232 5203 cum
2259 5151 2480 5205 aeternis
2509 5149 2747 5205 conferri
2787 5159 3034 5219 possent.
3061 5148 3353 5203 Parvorum
3379 5165 3502 5220 gra-

1919 5243 1994 5296 tia
2032 5243 2318 5297 constituta
2353 5250 2538 5297 autem
2570 5242 2708 5296 dicit
2740 5257 3031 5311 parvorum
3065 5241 3324 5296 videlicet
3353 5239 3499 5294 circa

1919 5333 2228 5403 guosticum
2261 5334 2462 5388 mentis
2496 5342 2720 5397 statum,
2749 5334 2841 5406 qui
2877 5333 3032 5390 facile
3067 5333 3120 5388 in
3153 5332 3498 5404 providentia

1920 5425 2202 5495 etjudicio
2229 5425 2646 5481 considerandis
2672 5426 3050 5492 offenduntur,
3070 5435 3125 5482 et
3149 5426 3294 5480 circa
3325 5424 3498 5493 ipsam

1920 5519 2175 5589 pietatem
2205 5518 2489 5572 fluctuant.
2516 5518 2590 5570 De
2620 5517 2821 5585 quibus
2850 5518 3139 5572 Dominum
3174 5516 3224 5570 in
3258 5515 3504 5584 Evange-

299 5762 378 5831 (6)
409 5763 572 5834 (ΣΙ-(Ἦ.
614 5765 740 5818 Naz.
777 5766 870 5822 Or.
914 5768 967 5822 iu
1005 5768 1219 5823 laudem
1267 5769 1322 5824 S.
1366 5769 1649 5825 Athanasii
1677 5785 1796 5840 cap.
1848 5767 1927 5833 l8,
1960 5785 2012 5839 p.
2039 5769 2163 5835 597,
2196 5777 2324 5823 tom.
2362 5768 2403 5835 Ι,
2431 5767 2572 5838 Opp.
2601 5766 2688 5820 ed.
2722 5763 2930 5820 Bcned.
