  <div class='ocr_page' id='page_1' title='image "/cluster/home/n/w/nwhite01/storage/ocr_20150623/91/hvd.32044019208024/619.png"; bbox 0 0 4026 6288; ppageno 0'>
   <div class='ocr_carea' id='block_1_1' title="bbox 608 308 739 380">
    <p class='ocr_par' dir='ltr' id='par_1_1' title="bbox 608 308 739 380">
     <span class='ocr_line' id='line_1_1' title="bbox 608 308 739 380; baseline 0 -1"><span class='ocrx_word' id='word_1_1' title='bbox 608 308 739 380; x_wconf 75' lang='lat'><strong>1211</strong></span> 
     </span>
    </p>
   </div>
   <div class='ocr_carea' id='block_1_2' title="bbox 1777 314 2714 379">
    <p class='ocr_par' dir='ltr' id='par_1_2' title="bbox 1777 314 2714 379">
     <span class='ocr_line' id='line_1_2' title="bbox 1777 314 2714 379; baseline -0.004 0"><span class='ocrx_word' id='word_1_2' title='bbox 1777 320 1841 379; x_wconf 93' lang='lat' dir='ltr'><strong>S.</strong></span> <span class='ocrx_word' id='word_1_3' title='bbox 1882 315 2169 379; x_wconf 82' lang='lat' dir='ltr'><strong>MAXIMI</strong></span> <span class='ocrx_word' id='word_1_4' title='bbox 2202 314 2714 377; x_wconf 81' lang='lat' dir='ltr'><strong>CONFESSORIS</strong></span> 
     </span>
    </p>
   </div>
   <div class='ocr_carea' id='block_1_3' title="bbox 3677 310 3783 376">
    <p class='ocr_par' dir='ltr' id='par_1_3' title="bbox 3677 310 3783 376">
     <span class='ocr_line' id='line_1_3' title="bbox 3677 310 3783 376; baseline 0.028 -3"><span class='ocrx_word' id='word_1_5' title='bbox 3677 310 3783 376; x_wconf 68' lang='lat'><strong>1212</strong></span> 
     </span>
    </p>
   </div>
   <div class='ocr_carea' id='block_1_4' title="bbox 597 417 2155 499">
    <p class='ocr_par' dir='ltr' id='par_1_4' title="bbox 597 424 2155 499">
     <span class='ocr_line' id='line_1_4' title="bbox 597 424 2155 499; baseline 0 -17"><span class='ocrx_word' id='word_1_6' title='bbox 597 424 655 484; x_wconf 90' lang='lat' dir='ltr'><strong>iu</strong></span> <span class='ocrx_word' id='word_1_7' title='bbox 697 425 923 484; x_wconf 86' lang='lat' dir='ltr'><strong>modum</strong></span> <span class='ocrx_word' id='word_1_8' title='bbox 966 442 1238 499; x_wconf 88' lang='lat' dir='ltr'><strong>equorum</strong></span> <span class='ocrx_word' id='word_1_9' title='bbox 1283 427 1615 485; x_wconf 76' lang='lat' dir='ltr'><strong>bellatorum</strong></span> <span class='ocrx_word' id='word_1_10' title='bbox 1664 428 2049 499; x_wconf 90' lang='lat' dir='ltr'><strong>celetumque,</strong></span> <span class='ocrx_word' id='word_1_11' title='bbox 2086 443 2155 497; x_wconf 89' lang='lat' dir='ltr'><strong>qu</strong></span> 
     </span>
    </p>
   </div>
   <div class='ocr_carea' id='block_1_5' title="bbox 2248 417 3785 499">
    <p class='ocr_par' dir='ltr' id='par_1_5' title="bbox 2248 417 3785 492">
     <span class='ocr_line' id='line_1_5' title="bbox 2248 417 3785 492; baseline 0 -13"><span class='ocrx_word' id='word_1_12' title='bbox 2248 458 2257 485; x_wconf 58' lang='grc' dir='ltr'>λ</span> <span class='ocrx_word' id='word_1_13' title='bbox 2286 424 2524 491; x_wconf 85' lang='grc' dir='ltr'>ποιοῦσι,</span> <span class='ocrx_word' id='word_1_14' title='bbox 2565 426 2660 480; x_wconf 80' lang='grc' dir='ltr'>καὶ</span> <span class='ocrx_word' id='word_1_15' title='bbox 2701 425 2833 488; x_wconf 79' lang='grc' dir='ltr'>τοὺς</span> <span class='ocrx_word' id='word_1_16' title='bbox 2872 420 3041 486; x_wconf 76' lang='grc' dir='ltr'>πόδας</span> <span class='ocrx_word' id='word_1_17' title='bbox 3068 422 3132 492; x_wconf 80' lang='grc' dir='ltr'>τῇ</span> <span class='ocrx_word' id='word_1_18' title='bbox 3164 422 3237 492; x_wconf 76' lang='grc' dir='ltr'>γῇ</span> <span class='ocrx_word' id='word_1_19' title='bbox 3273 417 3693 490; x_wconf 71' lang='grc' dir='ltr'>προσαράσσουσι,</span> <span class='ocrx_word' id='word_1_20' title='bbox 3713 428 3785 480; x_wconf 76' lang='lat' dir='ltr'><strong>ut</strong></span> 
     </span>
    </p>
   </div>
   <div class='ocr_carea' id='block_1_6' title="bbox 594 517 2183 593">
    <p class='ocr_par' dir='ltr' id='par_1_6' title="bbox 594 517 2183 593">
     <span class='ocr_line' id='line_1_6' title="bbox 594 517 2183 593; baseline -0.001 -17"><span class='ocrx_word' id='word_1_21' title='bbox 594 521 679 577; x_wconf 70' lang='lat' dir='ltr'><strong>Vel</strong></span> <span class='ocrx_word' id='word_1_22' title='bbox 712 529 840 576; x_wconf 90' lang='lat' dir='ltr'><strong>ante</strong></span> <span class='ocrx_word' id='word_1_23' title='bbox 870 529 1154 578; x_wconf 77' lang='lat' dir='ltr'><strong>certamen</strong></span> <span class='ocrx_word' id='word_1_24' title='bbox 1177 528 1235 576; x_wconf 89' lang='lat' dir='ltr'><strong>et</strong></span> <span class='ocrx_word' id='word_1_25' title='bbox 1257 521 1444 577; x_wconf 91' lang='lat' dir='ltr'><strong>tubam</strong></span> <span class='ocrx_word' id='word_1_26' title='bbox 1475 536 1641 578; x_wconf 84' lang='lat' dir='ltr'><strong>aures</strong></span> <span class='ocrx_word' id='word_1_27' title='bbox 1668 521 1924 593; x_wconf 83' lang='lat' dir='ltr'><strong>arrigunt</strong></span> <span class='ocrx_word' id='word_1_28' title='bbox 1947 528 2005 576; x_wconf 91' lang='lat' dir='ltr'><strong>et</strong></span> <span class='ocrx_word' id='word_1_29' title='bbox 2026 517 2183 591; x_wconf 88' lang='lat' dir='ltr'><strong>pedi-</strong></span> 
     </span>
    </p>
   </div>
   <div class='ocr_carea' id='block_1_7' title="bbox 594 611 2178 686">
    <p class='ocr_par' dir='ltr' id='par_1_7' title="bbox 594 611 2178 686">
     <span class='ocr_line' id='line_1_7' title="bbox 594 611 2178 686; baseline 0.002 -23"><span class='ocrx_word' id='word_1_30' title='bbox 594 611 700 667; x_wconf 77' lang='lat' dir='ltr'><strong>bus</strong></span> <span class='ocrx_word' id='word_1_31' title='bbox 729 621 931 669; x_wconf 89' lang='lat' dir='ltr'><strong>terram</strong></span> <span class='ocrx_word' id='word_1_32' title='bbox 957 614 1178 684; x_wconf 89' lang='lat' dir='ltr'><strong>pulsant</strong></span> <span class='ocrx_word' id='word_1_33' title='bbox 1199 623 1258 670; x_wconf 90' lang='lat' dir='ltr'><strong>et</strong></span> <span class='ocrx_word' id='word_1_34' title='bbox 1281 615 1501 686; x_wconf 85' lang='lat' dir='ltr'><strong>ungulis</strong></span> <span class='ocrx_word' id='word_1_35' title='bbox 1526 613 1764 677; x_wconf 87' lang='lat' dir='ltr'><strong>fodiunt,</strong></span> <span class='ocrx_word' id='word_1_36' title='bbox 1784 621 1840 669; x_wconf 91' lang='lat' dir='ltr'><strong>et</strong></span> <span class='ocrx_word' id='word_1_37' title='bbox 1862 613 1930 667; x_wconf 91' lang='lat' dir='ltr'><strong>ad</strong></span> <span class='ocrx_word' id='word_1_38' title='bbox 1953 628 2178 669; x_wconf 85' lang='lat' dir='ltr'><strong>cursum</strong></span> 
     </span>
    </p>
   </div>
   <div class='ocr_carea' id='block_1_8' title="bbox 589 701 2180 777">
    <p class='ocr_par' dir='ltr' id='par_1_8' title="bbox 589 701 2180 777">
     <span class='ocr_line' id='line_1_8' title="bbox 589 701 2180 777; baseline 0.003 -20"><span class='ocrx_word' id='word_1_39' title='bbox 589 714 652 757; x_wconf 72' lang='grc' dir='ltr'>ω</span> <span class='ocrx_word' id='word_1_40' title='bbox 690 701 925 759; x_wconf 86' lang='lat' dir='ltr'><strong>incitant</strong></span> <span class='ocrx_word' id='word_1_41' title='bbox 957 712 1015 758; x_wconf 83' lang='lat' dir='ltr'><strong>et</strong></span> <span class='ocrx_word' id='word_1_42' title='bbox 1048 703 1323 776; x_wconf 82' lang='lat' dir='ltr'><strong>ﬂagellum</strong></span> <span class='ocrx_word' id='word_1_43' title='bbox 1362 704 1629 777; x_wconf 87' lang='lat' dir='ltr'><strong>instigans</strong></span> <span class='ocrx_word' id='word_1_44' title='bbox 1665 705 1814 761; x_wconf 88' lang='lat' dir='ltr'><strong>haud</strong></span> <span class='ocrx_word' id='word_1_45' title='bbox 1856 721 1981 762; x_wconf 90' lang='lat' dir='ltr'><strong>raro</strong></span> <span class='ocrx_word' id='word_1_46' title='bbox 2020 715 2180 761; x_wconf 86' lang='lat' dir='ltr'><strong>ante-</strong></span> 
     </span>
    </p>
   </div>
   <div class='ocr_carea' id='block_1_9' title="bbox 589 795 2180 868">
    <p class='ocr_par' dir='ltr' id='par_1_9' title="bbox 589 795 2180 868">
     <span class='ocr_line' id='line_1_9' title="bbox 589 795 2180 868; baseline 0.004 -21"><span class='ocrx_word' id='word_1_47' title='bbox 589 801 850 860; x_wconf 81' lang='lat' dir='ltr'><strong>vertunt;</strong></span> <span class='ocrx_word' id='word_1_48' title='bbox 903 795 1010 851; x_wconf 87' lang='lat' dir='ltr'><strong>nisi</strong></span> <span class='ocrx_word' id='word_1_49' title='bbox 1057 797 1203 867; x_wconf 91' lang='lat' dir='ltr'><strong>quod</strong></span> <span class='ocrx_word' id='word_1_50' title='bbox 1251 797 1466 853; x_wconf 91' lang='lat' dir='ltr'><strong>nullum</strong></span> <span class='ocrx_word' id='word_1_51' title='bbox 1512 813 1721 868; x_wconf 86' lang='lat' dir='ltr'><strong>equos.</strong></span> <span class='ocrx_word' id='word_1_52' title='bbox 1765 797 1895 868; x_wconf 87' lang='lat' dir='ltr'><strong>quia</strong></span> <span class='ocrx_word' id='word_1_53' title='bbox 1947 797 2180 853; x_wconf 82' lang='lat' dir='ltr'><strong>rationis</strong></span> 
     </span>
    </p>
   </div>
   <div class='ocr_carea' id='block_1_10' title="bbox 594 888 2181 961">
    <p class='ocr_par' dir='ltr' id='par_1_10' title="bbox 594 888 2181 961">
     <span class='ocr_line' id='line_1_10' title="bbox 594 888 2181 961; baseline 0.003 -22"><span class='ocrx_word' id='word_1_54' title='bbox 594 893 725 940; x_wconf 86' lang='lat' dir='ltr'><strong>sunt</strong></span> <span class='ocrx_word' id='word_1_55' title='bbox 749 896 1025 956; x_wconf 79' lang='lat' dir='ltr'><strong>expertes,</strong></span> <span class='ocrx_word' id='word_1_56' title='bbox 1056 888 1395 960; x_wconf 89' lang='lat' dir='ltr'><strong>vituperium</strong></span> <span class='ocrx_word' id='word_1_57' title='bbox 1428 890 1620 961; x_wconf 79' lang='lat' dir='ltr'><strong>tangit,</strong></span> <span class='ocrx_word' id='word_1_58' title='bbox 1647 890 1692 945; x_wconf 91' lang='lat' dir='ltr'><strong>si</strong></span> <span class='ocrx_word' id='word_1_59' title='bbox 1729 889 1972 961; x_wconf 85' lang='lat' dir='ltr'><strong>legitima</strong></span> <span class='ocrx_word' id='word_1_60' title='bbox 2002 897 2181 945; x_wconf 83' lang='lat' dir='ltr'><strong>certa-</strong></span> 
     </span>
    </p>
   </div>
   <div class='ocr_carea' id='block_1_11' title="bbox 598 974 2177 1050">
    <p class='ocr_par' dir='ltr' id='par_1_11' title="bbox 598 974 2177 1050">
     <span class='ocr_line' id='line_1_11' title="bbox 598 974 2177 1050; baseline 0.004 -22"><span class='ocrx_word' id='word_1_61' title='bbox 598 974 809 1030; x_wconf 90' lang='lat' dir='ltr'><strong>minum</strong></span> <span class='ocrx_word' id='word_1_62' title='bbox 852 984 1099 1048; x_wconf 89' lang='lat' dir='ltr'><strong>tempora</strong></span> <span class='ocrx_word' id='word_1_63' title='bbox 1138 994 1248 1033; x_wconf 90' lang='lat' dir='ltr'><strong>non</strong></span> <span class='ocrx_word' id='word_1_64' title='bbox 1284 985 1606 1049; x_wconf 79' lang='lat' dir='ltr'><strong>exspectant</strong></span> <span class='ocrx_word' id='word_1_65' title='bbox 1646 995 1767 1050; x_wconf 71' lang='lat' dir='ltr'><strong>qua:</strong></span> <span class='ocrx_word' id='word_1_66' title='bbox 1802 978 1948 1034; x_wconf 69' lang='lat' dir='ltr'><strong>tuba:</strong></span> <span class='ocrx_word' id='word_1_67' title='bbox 1991 978 2177 1034; x_wconf 89' lang='lat' dir='ltr'><strong>sonitu</strong></span> 
     </span>
    </p>
   </div>
   <div class='ocr_carea' id='block_1_12' title="bbox 595 1065 2177 1141">
    <p class='ocr_par' dir='ltr' id='par_1_12' title="bbox 595 1065 2177 1141">
     <span class='ocr_line' id='line_1_12' title="bbox 595 1065 2177 1141; baseline 0.004 -21"><span class='ocrx_word' id='word_1_68' title='bbox 595 1073 653 1121; x_wconf 91' lang='lat' dir='ltr'><strong>et</strong></span> <span class='ocrx_word' id='word_1_69' title='bbox 682 1065 881 1137; x_wconf 82' lang='lat' dir='ltr'><strong>ﬂagelli</strong></span> <span class='ocrx_word' id='word_1_70' title='bbox 916 1068 1027 1124; x_wconf 92' lang='lat' dir='ltr'><strong>ictu</strong></span> <span class='ocrx_word' id='word_1_71' title='bbox 1061 1069 1461 1141; x_wconf 83' lang='lat' dir='ltr'><strong>significantur,</strong></span> <span class='ocrx_word' id='word_1_72' title='bbox 1490 1070 1626 1126; x_wconf 88' lang='lat' dir='ltr'><strong>tales</strong></span> <span class='ocrx_word' id='word_1_73' title='bbox 1657 1080 1849 1127; x_wconf 89' lang='lat' dir='ltr'><strong>contra</strong></span> <span class='ocrx_word' id='word_1_74' title='bbox 1883 1071 1987 1126; x_wconf 87' lang='lat' dir='ltr'><strong>viri</strong></span> <span class='ocrx_word' id='word_1_75' title='bbox 2023 1071 2177 1127; x_wconf 93' lang='lat' dir='ltr'><strong>nullo</strong></span> 
     </span>
    </p>
   </div>
   <div class='ocr_carea' id='block_1_13' title="bbox 592 1156 2173 1232">
    <p class='ocr_par' dir='ltr' id='par_1_13' title="bbox 592 1156 2173 1232">
     <span class='ocr_line' id='line_1_13' title="bbox 592 1156 2173 1232; baseline 0.004 -20"><span class='ocrx_word' id='word_1_76' title='bbox 592 1156 868 1229; x_wconf 89' lang='lat' dir='ltr'><strong>vituperio</strong></span> <span class='ocrx_word' id='word_1_77' title='bbox 906 1169 1141 1230; x_wconf 86' lang='lat' dir='ltr'><strong>possunt</strong></span> <span class='ocrx_word' id='word_1_78' title='bbox 1172 1160 1241 1216; x_wconf 91' lang='lat' dir='ltr'><strong>ad</strong></span> <span class='ocrx_word' id='word_1_79' title='bbox 1276 1177 1427 1216; x_wconf 90' lang='lat' dir='ltr'><strong>suam</strong></span> <span class='ocrx_word' id='word_1_80' title='bbox 1462 1162 1766 1232; x_wconf 89' lang='lat' dir='ltr'><strong>nequitiam</strong></span> <span class='ocrx_word' id='word_1_81' title='bbox 1799 1162 2173 1219; x_wconf 71' lang='lat' dir='ltr'><strong>wstimandam</strong></span> 
     </span>
    </p>
   </div>
   <div class='ocr_carea' id='block_1_14' title="bbox 588 1250 2172 1323">
    <p class='ocr_par' dir='ltr' id='par_1_14' title="bbox 588 1250 2172 1323">
     <span class='ocr_line' id='line_1_14' title="bbox 588 1250 2172 1323; baseline 0.005 -21"><span class='ocrx_word' id='word_1_82' title='bbox 588 1250 945 1305; x_wconf 82' lang='lat' dir='ltr'><strong>commoveri.</strong></span> <span class='ocrx_word' id='word_1_83' title='bbox 971 1250 1262 1323; x_wconf 78' lang='lat' dir='ltr'><strong>Negotium</strong></span> <span class='ocrx_word' id='word_1_84' title='bbox 1295 1252 1378 1309; x_wconf 89' lang='lat' dir='ltr'><strong>eis</strong></span> <span class='ocrx_word' id='word_1_85' title='bbox 1412 1262 1470 1310; x_wconf 93' lang='lat' dir='ltr'><strong>et</strong></span> <span class='ocrx_word' id='word_1_86' title='bbox 1500 1254 1745 1310; x_wconf 90' lang='lat' dir='ltr'><strong>studium</strong></span> <span class='ocrx_word' id='word_1_87' title='bbox 1783 1264 1870 1311; x_wconf 89' lang='lat' dir='ltr'><strong>est</strong></span> <span class='ocrx_word' id='word_1_88' title='bbox 1896 1254 2172 1311; x_wconf 87' lang='lat' dir='ltr'><strong>mendacii</strong></span> 
     </span>
    </p>
   </div>
   <div class='ocr_carea' id='block_1_15' title="bbox 588 1339 2173 1417">
    <p class='ocr_par' dir='ltr' id='par_1_15' title="bbox 588 1339 2173 1417">
     <span class='ocr_line' id='line_1_15' title="bbox 588 1339 2173 1417; baseline 0.004 -22"><span class='ocrx_word' id='word_1_89' title='bbox 588 1339 876 1397; x_wconf 85' lang='lat' dir='ltr'><strong>meditatio</strong></span> <span class='ocrx_word' id='word_1_90' title='bbox 923 1351 981 1398; x_wconf 90' lang='lat' dir='ltr'><strong>et</strong></span> <span class='ocrx_word' id='word_1_91' title='bbox 1029 1344 1284 1401; x_wconf 88' lang='lat' dir='ltr'><strong>veritatis</strong></span> <span class='ocrx_word' id='word_1_92' title='bbox 1333 1346 1688 1417; x_wconf 74' lang='lat' dir='ltr'><strong>expugnatio.</strong></span> <span class='ocrx_word' id='word_1_93' title='bbox 1736 1345 1917 1413; x_wconf 85' lang='lat' dir='ltr'><strong>Quare</strong></span> <span class='ocrx_word' id='word_1_94' title='bbox 1971 1346 2173 1401; x_wconf 89' lang='lat' dir='ltr'><strong>merito</strong></span> 
     </span>
    </p>
   </div>
   <div class='ocr_carea' id='block_1_16' title="bbox 584 1430 2175 1507">
    <p class='ocr_par' dir='ltr' id='par_1_16' title="bbox 584 1430 2175 1507">
     <span class='ocr_line' id='line_1_16' title="bbox 584 1430 2175 1507; baseline 0.003 -22"><span class='ocrx_word' id='word_1_95' title='bbox 584 1430 877 1501; x_wconf 89' lang='lat' dir='ltr'><strong>ejusmodi,</strong></span> <span class='ocrx_word' id='word_1_96' title='bbox 904 1435 1200 1502; x_wconf 76' lang='lat' dir='ltr'><strong>prurientes</strong></span> <span class='ocrx_word' id='word_1_97' title='bbox 1222 1436 1410 1490; x_wconf 72' lang='lat' dir='ltr'><strong>auditu</strong></span> <span class='ocrx_word' id='word_1_98' title='bbox 1433 1445 1480 1490; x_wconf 88' lang='lat' dir='ltr'><strong>et</strong></span> <span class='ocrx_word' id='word_1_99' title='bbox 1509 1435 1713 1507; x_wconf 81' lang='lat' dir='ltr'><strong>lingua,</strong></span> <span class='ocrx_word' id='word_1_100' title='bbox 1741 1436 2018 1503; x_wconf 89' lang='lat' dir='ltr'><strong>dicantur,</strong></span> <span class='ocrx_word' id='word_1_101' title='bbox 2046 1450 2175 1507; x_wconf 89' lang='lat' dir='ltr'><strong>pro-</strong></span> 
     </span>
    </p>
   </div>
   <div class='ocr_carea' id='block_1_17' title="bbox 585 1521 2174 1595">
    <p class='ocr_par' dir='ltr' id='par_1_17' title="bbox 585 1521 2174 1595">
     <span class='ocr_line' id='line_1_17' title="bbox 585 1521 2174 1595; baseline 0.004 -21"><span class='ocrx_word' id='word_1_102' title='bbox 585 1526 774 1589; x_wconf 89' lang='lat' dir='ltr'><strong>pterea</strong></span> <span class='ocrx_word' id='word_1_103' title='bbox 805 1521 953 1592; x_wconf 89' lang='lat' dir='ltr'><strong>quod</strong></span> <span class='ocrx_word' id='word_1_104' title='bbox 988 1532 1049 1578; x_wconf 92' lang='lat' dir='ltr'><strong>ut</strong></span> <span class='ocrx_word' id='word_1_105' title='bbox 1076 1524 1280 1595; x_wconf 87' lang='lat' dir='ltr'><strong>aliquis</strong></span> <span class='ocrx_word' id='word_1_106' title='bbox 1311 1541 1511 1582; x_wconf 89' lang='lat' dir='ltr'><strong>succus</strong></span> <span class='ocrx_word' id='word_1_107' title='bbox 1525 1526 1919 1582; x_wconf 86' lang='lat' dir='ltr'><strong>acerbissimus</strong></span> <span class='ocrx_word' id='word_1_108' title='bbox 1939 1536 1996 1581; x_wconf 91' lang='lat' dir='ltr'><strong>et</strong></span> <span class='ocrx_word' id='word_1_109' title='bbox 2024 1542 2174 1581; x_wconf 87' lang='lat' dir='ltr'><strong>cras-</strong></span> 
     </span>
    </p>
   </div>
   <div class='ocr_carea' id='block_1_18' title="bbox 2288 512 3787 592">
    <p class='ocr_par' dir='ltr' id='par_1_18' title="bbox 2288 512 3787 592">
     <span class='ocr_line' id='line_1_18' title="bbox 2288 512 3787 592; baseline -0.003 -20"><span class='ocrx_word' id='word_1_110' title='bbox 2288 519 2722 592; x_wconf 78' lang='grc' dir='ltr'>προσκνὴθονται</span> <span class='ocrx_word' id='word_1_111' title='bbox 2744 516 2951 585; x_wconf 81' lang='grc' dir='ltr'>ταύτην</span> <span class='ocrx_word' id='word_1_112' title='bbox 2980 516 3101 578; x_wconf 69' lang='grc' dir='ltr'>ταῖς</span> <span class='ocrx_word' id='word_1_113' title='bbox 3125 513 3337 576; x_wconf 81' lang='grc' dir='ltr'>ὁπλαῖς,</span> <span class='ocrx_word' id='word_1_114' title='bbox 3372 512 3459 567; x_wconf 74' lang='grc' dir='ltr'>καὶ</span> <span class='ocrx_word' id='word_1_115' title='bbox 3486 514 3606 584; x_wconf 56' lang='grc' dir='ltr'>πρός</span> <span class='ocrx_word' id='word_1_116' title='bbox 3629 516 3787 587; x_wconf 75' lang='grc' dir='ltr'>δρόμον</span> 
     </span>
    </p>
   </div>
   <div class='ocr_carea' id='block_1_19' title="bbox 2285 604 3785 681">
    <p class='ocr_par' dir='ltr' id='par_1_19' title="bbox 2285 604 3785 681">
     <span class='ocr_line' id='line_1_19' title="bbox 2285 604 3785 681; baseline -0.001 -17"><span class='ocrx_word' id='word_1_117' title='bbox 2285 611 2517 675; x_wconf 74' lang='grc' dir='ltr'>ἑαυτοὺς</span> <span class='ocrx_word' id='word_1_118' title='bbox 2566 610 2896 681; x_wconf 74' lang='grc' dir='ltr'><strong>διεγείρουσι</strong></span> <span class='ocrx_word' id='word_1_119' title='bbox 2921 648 2938 675; x_wconf 91' lang='grc'><strong>,</strong></span> <span class='ocrx_word' id='word_1_120' title='bbox 2991 606 3089 661; x_wconf 81' lang='grc' dir='ltr'>καὶ</span> <span class='ocrx_word' id='word_1_121' title='bbox 3149 605 3251 676; x_wconf 84' lang='grc' dir='ltr'>τὴν</span> <span class='ocrx_word' id='word_1_122' title='bbox 3303 604 3533 669; x_wconf 72' lang='grc' dir='ltr'>ὠθοῦσαν</span> <span class='ocrx_word' id='word_1_123' title='bbox 3577 608 3785 674; x_wconf 69' lang='grc' dir='ltr'>πολλάκις</span> 
     </span>
    </p>
   </div>
   <div class='ocr_carea' id='block_1_20' title="bbox 2285 697 3785 774">
    <p class='ocr_par' dir='ltr' id='par_1_20' title="bbox 2285 697 3785 774">
     <span class='ocr_line' id='line_1_20' title="bbox 2285 697 3785 774; baseline -0.003 -17"><span class='ocrx_word' id='word_1_124' title='bbox 2285 703 2770 774; x_wconf 77' lang='grc' dir='ltr'>προλαμϐάνοντες</span> <span class='ocrx_word' id='word_1_125' title='bbox 2814 701 3091 773; x_wconf 74' lang='grc' dir='ltr'>μάστιγασ</span> <span class='ocrx_word' id='word_1_126' title='bbox 3122 697 3264 769; x_wconf 75' lang='grc' dir='ltr'>πλὴν</span> <span class='ocrx_word' id='word_1_127' title='bbox 3300 698 3383 751; x_wconf 88' lang='grc' dir='ltr'><strong>δτι</strong></span> <span class='ocrx_word' id='word_1_128' title='bbox 3408 697 3511 751; x_wconf 84' lang='grc' dir='ltr'><strong>τῶν</strong></span> <span class='ocrx_word' id='word_1_129' title='bbox 3536 698 3689 752; x_wconf 74' lang='grc' dir='ltr'>ἵππων</span> <span class='ocrx_word' id='word_1_130' title='bbox 3712 703 3785 753; x_wconf 71' lang='grc' dir='ltr'><strong>οὺ-</strong></span> 
     </span>
    </p>
   </div>
   <div class='ocr_carea' id='block_1_21' title="bbox 2281 784 3787 861">
    <p class='ocr_par' dir='ltr' id='par_1_21' title="bbox 2281 784 3787 861">
     <span class='ocr_line' id='line_1_21' title="bbox 2281 784 3787 861; baseline -0.009 -13"><span class='ocrx_word' id='word_1_131' title='bbox 2281 793 2394 857; x_wconf 82' lang='grc' dir='ltr'>δεὶς</span> <span class='ocrx_word' id='word_1_132' title='bbox 2432 795 2666 847; x_wconf 75' lang='grc' dir='ltr'>ἅπτεται</span> <span class='ocrx_word' id='word_1_133' title='bbox 2713 790 2882 861; x_wconf 81' lang='grc' dir='ltr'><strong>ψόγος</strong></span> <span class='ocrx_word' id='word_1_134' title='bbox 2924 787 3031 843; x_wconf 71' lang='grc' dir='ltr'><strong>ὑπὸ</strong></span> <span class='ocrx_word' id='word_1_135' title='bbox 3074 787 3173 859; x_wconf 81' lang='grc' dir='ltr'>τῆς</span> <span class='ocrx_word' id='word_1_136' title='bbox 3220 785 3451 855; x_wconf 75' lang='grc' dir='ltr'><strong>φυσικῆς</strong></span> <span class='ocrx_word' id='word_1_137' title='bbox 3488 784 3692 852; x_wconf 76' lang='grc' dir='ltr'>ἀλογίας,</span> <span class='ocrx_word' id='word_1_138' title='bbox 3729 787 3787 857; x_wconf 69' lang='grc' dir='ltr'>μὴ</span> 
     </span>
    </p>
   </div>
   <div class='ocr_carea' id='block_1_22' title="bbox 2280 876 3784 956">
    <p class='ocr_par' dir='ltr' id='par_1_22' title="bbox 2280 876 3784 956">
     <span class='ocr_line' id='line_1_22' title="bbox 2280 876 3784 956; baseline -0.002 -18"><span class='ocrx_word' id='word_1_139' title='bbox 2280 885 2665 956; x_wconf 76' lang='grc' dir='ltr'><strong>ἀναμενόντων</strong></span> <span class='ocrx_word' id='word_1_140' title='bbox 2716 884 2843 947; x_wconf 83' lang='grc' dir='ltr'>τοὺς</span> <span class='ocrx_word' id='word_1_141' title='bbox 2887 882 3147 945; x_wconf 82' lang='grc' dir='ltr'>εὐθετους</span> <span class='ocrx_word' id='word_1_142' title='bbox 3185 879 3297 934; x_wconf 87' lang='grc' dir='ltr'><strong>τῶν</strong></span> <span class='ocrx_word' id='word_1_143' title='bbox 3340 876 3552 947; x_wconf 80' lang='grc' dir='ltr'>ἀγώνων</span> <span class='ocrx_word' id='word_1_144' title='bbox 3589 881 3784 949; x_wconf 70' lang='grc' dir='ltr'>καιροὺς,</span> 
     </span>
    </p>
   </div>
   <div class='ocr_carea' id='block_1_23' title="bbox 2280 970 3786 1048">
    <p class='ocr_par' dir='ltr' id='par_1_23' title="bbox 2280 970 3786 1048">
     <span class='ocr_line' id='line_1_23' title="bbox 2280 970 3786 1048; baseline -0.007 -16"><span class='ocrx_word' id='word_1_145' title='bbox 2280 976 2375 1042; x_wconf 83' lang='grc' dir='ltr'>οὒς</span> <span class='ocrx_word' id='word_1_146' title='bbox 2421 976 2775 1048; x_wconf 79' lang='grc' dir='ltr'><strong>διασημαίνει</strong></span> <span class='ocrx_word' id='word_1_147' title='bbox 2808 976 2844 1047; x_wconf 75' lang='grc' dir='ltr'>ἢ</span> <span class='ocrx_word' id='word_1_148' title='bbox 2884 992 2945 1029; x_wconf 83' lang='grc' dir='ltr'><strong>τε</strong></span> <span class='ocrx_word' id='word_1_149' title='bbox 2985 974 3141 1044; x_wconf 77' lang='grc' dir='ltr'>φωνὴ</span> <span class='ocrx_word' id='word_1_150' title='bbox 3181 971 3286 1043; x_wconf 80' lang='grc' dir='ltr'>τῆς</span> <span class='ocrx_word' id='word_1_151' title='bbox 3335 970 3611 1038; x_wconf 77' lang='grc' dir='ltr'><strong>σάλπιγγος</strong></span> <span class='ocrx_word' id='word_1_152' title='bbox 3650 972 3725 1023; x_wconf 78' lang='grc' dir='ltr'>καὶ</span> <span class='ocrx_word' id='word_1_153' title='bbox 3758 973 3786 1041; x_wconf 67' lang='grc' dir='ltr'><strong>ἡ</strong></span> 
     </span>
    </p>
   </div>
   <div class='ocr_carea' id='block_1_24' title="bbox 2278 1062 3785 1142">
    <p class='ocr_par' dir='ltr' id='par_1_24' title="bbox 2278 1062 3785 1142">
     <span class='ocr_line' id='line_1_24' title="bbox 2278 1062 3785 1142; baseline -0.016 -6"><span class='ocrx_word' id='word_1_154' title='bbox 2278 1070 2379 1141; x_wconf 77' lang='grc' dir='ltr'>τῆς</span> <span class='ocrx_word' id='word_1_155' title='bbox 2415 1071 2686 1142; x_wconf 81' lang='grc' dir='ltr'>μάστιγος</span> <span class='ocrx_word' id='word_1_156' title='bbox 2710 1068 2919 1141; x_wconf 84' lang='grc' dir='ltr'>πληγὴ,</span> <span class='ocrx_word' id='word_1_157' title='bbox 2944 1068 3061 1131; x_wconf 80' lang='grc' dir='ltr'>τοῖς</span> <span class='ocrx_word' id='word_1_158' title='bbox 3090 1065 3149 1119; x_wconf 72' lang='grc' dir='ltr'>δὲ</span> <span class='ocrx_word' id='word_1_159' title='bbox 3174 1064 3438 1128; x_wconf 79' lang='grc' dir='ltr'><strong>τοιούτοις</strong></span> <span class='ocrx_word' id='word_1_160' title='bbox 3469 1062 3690 1135; x_wconf 73' lang='grc' dir='ltr'><strong>ἀνδράσιν</strong></span> <span class='ocrx_word' id='word_1_161' title='bbox 3717 1066 3785 1120; x_wconf 60' lang='grc' dir='ltr'><strong>οὐ.</strong></span> 
     </span>
    </p>
   </div>
   <div class='ocr_carea' id='block_1_25' title="bbox 2277 1154 3782 1234">
    <p class='ocr_par' dir='ltr' id='par_1_25' title="bbox 2277 1154 3782 1234">
     <span class='ocr_line' id='line_1_25' title="bbox 2277 1154 3782 1234; baseline -0.003 -19"><span class='ocrx_word' id='word_1_162' title='bbox 2277 1161 2389 1227; x_wconf 87' lang='grc' dir='ltr'>δείς</span> <span class='ocrx_word' id='word_1_163' title='bbox 2422 1163 2572 1217; x_wconf 73' lang='grc' dir='ltr'>ἐστιν</span> <span class='ocrx_word' id='word_1_164' title='bbox 2607 1162 2638 1215; x_wconf 87' lang='grc' dir='ltr'><strong>ό</strong></span> <span class='ocrx_word' id='word_1_165' title='bbox 2670 1161 2810 1234; x_wconf 79' lang='grc' dir='ltr'>πρὸς</span> <span class='ocrx_word' id='word_1_166' title='bbox 2833 1158 2994 1224; x_wconf 82' lang='grc' dir='ltr'>ἀξίαν</span> <span class='ocrx_word' id='word_1_167' title='bbox 3024 1157 3128 1227; x_wconf 79' lang='grc' dir='ltr'>τῆς</span> <span class='ocrx_word' id='word_1_168' title='bbox 3174 1155 3356 1211; x_wconf 79' lang='grc' dir='ltr'>αὐτῶν</span> <span class='ocrx_word' id='word_1_169' title='bbox 3392 1154 3576 1220; x_wconf 84' lang='grc' dir='ltr'>κακίας</span> <span class='ocrx_word' id='word_1_170' title='bbox 3611 1157 3782 1228; x_wconf 67' lang='grc' dir='ltr'>ἐπινοη-</span> 
     </span>
    </p>
   </div>
   <div class='ocr_carea' id='block_1_26' title="bbox 2279 1246 3782 1325">
    <p class='ocr_par' dir='ltr' id='par_1_26' title="bbox 2279 1246 3782 1325">
     <span class='ocr_line' id='line_1_26' title="bbox 2279 1246 3782 1325; baseline -0.003 -18"><span class='ocrx_word' id='word_1_171' title='bbox 2279 1252 2438 1315; x_wconf 80' lang='grc' dir='ltr'>θῆναι</span> <span class='ocrx_word' id='word_1_172' title='bbox 2464 1254 2765 1325; x_wconf 88' lang='grc' dir='ltr'>δυνάμενος</span> <span class='ocrx_word' id='word_1_173' title='bbox 2795 1252 2984 1323; x_wconf 82' lang='grc' dir='ltr'>ψόγος.</span> <span class='ocrx_word' id='word_1_174' title='bbox 3019 1251 3225 1320; x_wconf 82' lang='grc' dir='ltr'>Ἔργον</span> <span class='ocrx_word' id='word_1_175' title='bbox 3257 1247 3445 1319; x_wconf 69' lang='grc' dir='ltr'>ἔχουσι</span> <span class='ocrx_word' id='word_1_176' title='bbox 3479 1246 3566 1301; x_wconf 76' lang='grc' dir='ltr'>καὶ</span> <span class='ocrx_word' id='word_1_177' title='bbox 3602 1248 3782 1302; x_wconf 75' lang='grc' dir='ltr'>σπούδα-</span> 
     </span>
    </p>
   </div>
   <div class='ocr_carea' id='block_1_27' title="bbox 2278 1334 3782 1414">
    <p class='ocr_par' dir='ltr' id='par_1_27' title="bbox 2278 1334 3782 1414">
     <span class='ocr_line' id='line_1_27' title="bbox 2278 1334 3782 1414; baseline -0.003 -19"><span class='ocrx_word' id='word_1_178' title='bbox 2278 1359 2392 1413; x_wconf 89' lang='grc' dir='ltr'><strong>σμα</strong></span> <span class='ocrx_word' id='word_1_179' title='bbox 2428 1343 2531 1414; x_wconf 80' lang='grc' dir='ltr'>τὴν</span> <span class='ocrx_word' id='word_1_180' title='bbox 2568 1342 2803 1413; x_wconf 78' lang='grc' dir='ltr'><strong>μελέτην</strong></span> <span class='ocrx_word' id='word_1_181' title='bbox 2846 1339 2945 1396; x_wconf 80' lang='grc' dir='ltr'>τοῦ</span> <span class='ocrx_word' id='word_1_182' title='bbox 2994 1334 3249 1409; x_wconf 80' lang='grc' dir='ltr'>ψεύδους,</span> <span class='ocrx_word' id='word_1_183' title='bbox 3310 1337 3407 1391; x_wconf 86' lang='grc' dir='ltr'>καὶ</span> <span class='ocrx_word' id='word_1_184' title='bbox 3448 1337 3542 1407; x_wconf 76' lang='grc' dir='ltr'>τὴν</span> <span class='ocrx_word' id='word_1_185' title='bbox 3571 1337 3688 1389; x_wconf 83' lang='grc' dir='ltr'><strong>κατά</strong></span> <span class='ocrx_word' id='word_1_186' title='bbox 3711 1339 3782 1406; x_wconf 69' lang='grc' dir='ltr'>τῆς</span> 
     </span>
    </p>
   </div>
   <div class='ocr_carea' id='block_1_28' title="bbox 2277 1429 3779 1506">
    <p class='ocr_par' dir='ltr' id='par_1_28' title="bbox 2277 1429 3779 1506">
     <span class='ocr_line' id='line_1_28' title="bbox 2277 1429 3779 1506; baseline -0.003 -18"><span class='ocrx_word' id='word_1_187' title='bbox 2277 1434 2539 1506; x_wconf 80' lang='grc' dir='ltr'><strong>ἀληθείας</strong></span> <span class='ocrx_word' id='word_1_188' title='bbox 2573 1435 2851 1489; x_wconf 73' lang='grc' dir='ltr'>ἔνστασιν.</span> <span class='ocrx_word' id='word_1_189' title='bbox 2897 1433 3138 1495; x_wconf 76' lang='grc' dir='ltr'><strong>Εἰκότως</strong></span> <span class='ocrx_word' id='word_1_190' title='bbox 3164 1432 3216 1484; x_wconf 87' lang='grc' dir='ltr'><strong>οί</strong></span> <span class='ocrx_word' id='word_1_191' title='bbox 3246 1429 3479 1484; x_wconf 74' lang='grc' dir='ltr'>τοιοῦτοι</span> <span class='ocrx_word' id='word_1_192' title='bbox 3500 1430 3779 1498; x_wconf 76' lang='grc' dir='ltr'><strong>κνηθόμενοι</strong></span> 
     </span>
    </p>
   </div>
   <div class='ocr_carea' id='block_1_29' title="bbox 2275 1519 3779 1592">
    <p class='ocr_par' dir='ltr' id='par_1_29' title="bbox 2275 1519 3779 1592">
     <span class='ocr_line' id='line_1_29' title="bbox 2275 1519 3779 1592; baseline -0.005 -13"><span class='ocrx_word' id='word_1_193' title='bbox 2275 1522 2391 1592; x_wconf 76' lang='grc' dir='ltr'><strong>τὴν</strong></span> <span class='ocrx_word' id='word_1_194' title='bbox 2444 1524 2642 1590; x_wconf 76' lang='grc' dir='ltr'>ἀκοὴν</span> <span class='ocrx_word' id='word_1_195' title='bbox 2694 1524 2794 1579; x_wconf 78' lang='grc' dir='ltr'>καὶ</span> <span class='ocrx_word' id='word_1_196' title='bbox 2840 1522 2957 1591; x_wconf 77' lang='grc' dir='ltr'><strong>τὴν</strong></span> <span class='ocrx_word' id='word_1_197' title='bbox 3002 1520 3280 1592; x_wconf 73' lang='grc' dir='ltr'>γλῶτταν</span> <span class='ocrx_word' id='word_1_198' title='bbox 3334 1519 3666 1589; x_wconf 74' lang='grc' dir='ltr'>λεγέσθωταν,</span> <span class='ocrx_word' id='word_1_199' title='bbox 3686 1520 3779 1573; x_wconf 79' lang='grc' dir='ltr'>διότι</span> 
     </span>
    </p>
   </div>
   <div class='ocr_carea' id='block_1_30' title="bbox 458 1886 2173 1963">
    <p class='ocr_par' dir='ltr' id='par_1_30' title="bbox 458 1886 2173 1963">
     <span class='ocr_line' id='line_1_30' title="bbox 458 1886 2173 1963; baseline 0.006 -26"><span class='ocrx_word' id='word_1_200' title='bbox 458 1902 465 1921; x_wconf 77' lang='grc' dir='ltr'><strong>ν</strong></span> <span class='ocrx_word' id='word_1_201' title='bbox 580 1899 670 1940; x_wconf 86' lang='lat' dir='ltr'><strong>res</strong></span> <span class='ocrx_word' id='word_1_202' title='bbox 697 1886 914 1942; x_wconf 88' lang='lat' dir='ltr'><strong>occulta</strong></span> <span class='ocrx_word' id='word_1_203' title='bbox 940 1889 1188 1958; x_wconf 65' lang='lat' dir='ltr'><strong>quaedam</strong></span> <span class='ocrx_word' id='word_1_204' title='bbox 1216 1890 1463 1957; x_wconf 85' lang='lat' dir='ltr'><strong>ail‘ectio,</strong></span> <span class='ocrx_word' id='word_1_205' title='bbox 1491 1900 1785 1963; x_wconf 82' lang='lat' dir='ltr'><strong>postquam</strong></span> <span class='ocrx_word' id='word_1_206' title='bbox 1811 1907 2000 1947; x_wconf 88' lang='lat' dir='ltr'><strong>ansam</strong></span> <span class='ocrx_word' id='word_1_207' title='bbox 2031 1893 2173 1947; x_wconf 89' lang='lat' dir='ltr'><strong>arri-</strong></span> 
     </span>
    </p>
   </div>
   <div class='ocr_carea' id='block_1_31' title="bbox 583 1610 2155 1688">
    <p class='ocr_par' dir='ltr' id='par_1_31' title="bbox 583 1610 2155 1688">
     <span class='ocr_line' id='line_1_31' title="bbox 583 1610 2155 1688; baseline 0.005 -22"><span class='ocrx_word' id='word_1_208' title='bbox 583 1610 859 1678; x_wconf 87' lang='lat' dir='ltr'><strong>sissimus,</strong></span> <span class='ocrx_word' id='word_1_209' title='bbox 885 1614 979 1684; x_wconf 92' lang='lat' dir='ltr'><strong>qui</strong></span> <span class='ocrx_word' id='word_1_210' title='bbox 1018 1613 1073 1669; x_wconf 92' lang='lat' dir='ltr'><strong>in</strong></span> <span class='ocrx_word' id='word_1_211' title='bbox 1106 1617 1357 1687; x_wconf 91' lang='lat' dir='ltr'><strong>corporis</strong></span> <span class='ocrx_word' id='word_1_212' title='bbox 1388 1617 1663 1688; x_wconf 89' lang='lat' dir='ltr'><strong>profundo</strong></span> <span class='ocrx_word' id='word_1_213' title='bbox 1697 1617 1991 1681; x_wconf 85' lang='lat' dir='ltr'><strong>delitescit,</strong></span> <span class='ocrx_word' id='word_1_214' title='bbox 2023 1617 2155 1674; x_wconf 80' lang='lat' dir='ltr'><strong>haut</strong></span> 
     </span>
    </p>
   </div>
   <div class='ocr_carea' id='block_1_32' title="bbox 2248 1610 3777 1688">
    <p class='ocr_par' dir='ltr' id='par_1_32' title="bbox 2274 1612 3777 1688">
     <span class='ocr_line' id='line_1_32' title="bbox 2274 1612 3777 1688; baseline -0.001 -19"><span class='ocrx_word' id='word_1_215' title='bbox 2274 1615 2528 1688; x_wconf 89' lang='grc' dir='ltr'>καθάπερ</span> <span class='ocrx_word' id='word_1_216' title='bbox 2574 1633 2659 1680; x_wconf 89' lang='grc' dir='ltr'><strong>τις</strong></span> <span class='ocrx_word' id='word_1_217' title='bbox 2696 1615 2872 1687; x_wconf 79' lang='grc' dir='ltr'>χυμὸς</span> <span class='ocrx_word' id='word_1_218' title='bbox 2908 1613 3245 1687; x_wconf 81' lang='grc' dir='ltr'>δριμύτατός</span> <span class='ocrx_word' id='word_1_219' title='bbox 3289 1629 3352 1667; x_wconf 86' lang='grc' dir='ltr'><strong>τε</strong></span> <span class='ocrx_word' id='word_1_220' title='bbox 3382 1613 3475 1667; x_wconf 84' lang='grc' dir='ltr'>καὶ</span> <span class='ocrx_word' id='word_1_221' title='bbox 3516 1612 3777 1685; x_wconf 74' lang='grc' dir='ltr'><strong>παχύτατος,</strong></span> 
     </span>
    </p>
   </div>
   <div class='ocr_carea' id='block_1_33' title="bbox 582 1703 2155 1781">
    <p class='ocr_par' dir='ltr' id='par_1_33' title="bbox 582 1706 2155 1781">
     <span class='ocr_line' id='line_1_33' title="bbox 582 1706 2155 1781; baseline 0.006 -25"><span class='ocrx_word' id='word_1_222' title='bbox 582 1716 709 1757; x_wconf 89' lang='lat' dir='ltr'><strong>raro</strong></span> <span class='ocrx_word' id='word_1_223' title='bbox 743 1719 842 1773; x_wconf 90' lang='lat' dir='ltr'><strong>per</strong></span> <span class='ocrx_word' id='word_1_224' title='bbox 865 1706 1208 1778; x_wconf 79' lang='lat' dir='ltr'><strong>pruriginem</strong></span> <span class='ocrx_word' id='word_1_225' title='bbox 1243 1710 1497 1767; x_wconf 87' lang='lat' dir='ltr'><strong>irritatus</strong></span> <span class='ocrx_word' id='word_1_226' title='bbox 1528 1711 1584 1766; x_wconf 91' lang='lat' dir='ltr'><strong>in</strong></span> <span class='ocrx_word' id='word_1_227' title='bbox 1616 1720 1866 1781; x_wconf 89' lang='lat' dir='ltr'><strong>apertum</strong></span> <span class='ocrx_word' id='word_1_228' title='bbox 1902 1724 2155 1780; x_wconf 86' lang='lat' dir='ltr'><strong>provoca-</strong></span> 
     </span>
    </p>
   </div>
   <div class='ocr_carea' id='block_1_34' title="bbox 2248 1703 3777 1781">
    <p class='ocr_par' dir='ltr' id='par_1_34' title="bbox 2272 1703 3777 1780">
     <span class='ocr_line' id='line_1_34' title="bbox 2272 1703 3777 1780; baseline -0.005 -16"><span class='ocrx_word' id='word_1_229' title='bbox 2272 1708 2351 1780; x_wconf 82' lang='grc' dir='ltr'>τῷ</span> <span class='ocrx_word' id='word_1_230' title='bbox 2388 1707 2545 1780; x_wconf 88' lang='grc' dir='ltr'>βάθει</span> <span class='ocrx_word' id='word_1_231' title='bbox 2573 1707 2668 1763; x_wconf 83' lang='grc' dir='ltr'>τοῦ</span> <span class='ocrx_word' id='word_1_232' title='bbox 2694 1707 2950 1779; x_wconf 81' lang='grc' dir='ltr'>σώματος</span> <span class='ocrx_word' id='word_1_233' title='bbox 2976 1703 3340 1776; x_wconf 79' lang='grc' dir='ltr'>ὲμφωλεύων,</span> <span class='ocrx_word' id='word_1_234' title='bbox 3370 1703 3616 1768; x_wconf 77' lang='grc' dir='ltr'><strong>πολλάκις</strong></span> <span class='ocrx_word' id='word_1_235' title='bbox 3633 1705 3777 1757; x_wconf 63' lang='grc' dir='ltr'><strong>διὰτώ</strong></span> 
     </span>
    </p>
   </div>
   <div class='ocr_carea' id='block_1_35' title="bbox 582 1776 2155 1874">
    <p class='ocr_par' dir='ltr' id='par_1_35' title="bbox 582 1776 2155 1859">
     <span class='ocr_line' id='line_1_35' title="bbox 582 1776 2155 1859; baseline 0.007 -13"><span class='ocrx_word' id='word_1_236' title='bbox 582 1799 693 1859; x_wconf 89' lang='lat' dir='ltr'><strong>tur,</strong></span> <span class='ocrx_word' id='word_1_237' title='bbox 726 1794 800 1849; x_wconf 90' lang='lat' dir='ltr'><strong>ita</strong></span> <span class='ocrx_word' id='word_1_238' title='bbox 834 1788 999 1851; x_wconf 88' lang='lat' dir='ltr'><strong>etiam</strong></span> <span class='ocrx_word' id='word_1_239' title='bbox 1034 1776 1135 1854; x_wconf 89' lang='lat' dir='ltr'><strong>hos</strong></span> <span class='ocrx_word' id='word_1_240' title='bbox 1164 1799 1438 1856; x_wconf 87' lang='lat' dir='ltr'><strong>bonorum</strong></span> <span class='ocrx_word' id='word_1_241' title='bbox 1478 1776 1796 1857; x_wconf 79' lang='lat' dir='ltr'><strong>sermonum</strong></span> <span class='ocrx_word' id='word_1_242' title='bbox 1839 1776 2155 1857; x_wconf 69' lang='lat' dir='ltr'><strong>obtrectato</strong></span> 
     </span>
    </p>
   </div>
   <div class='ocr_carea' id='block_1_36' title="bbox 2248 1776 3778 1874">
    <p class='ocr_par' dir='ltr' id='par_1_36' title="bbox 2273 1776 3778 1874">
     <span class='ocr_line' id='line_1_36' title="bbox 2273 1776 3778 1874; baseline -0.004 -18"><span class='ocrx_word' id='word_1_243' title='bbox 2273 1776 2571 1874; x_wconf 79' lang='grc' dir='ltr'>κνὴθεσθαι</span> <span class='ocrx_word' id='word_1_244' title='bbox 2607 1801 2746 1873; x_wconf 77' lang='grc' dir='ltr'>πρὸς</span> <span class='ocrx_word' id='word_1_245' title='bbox 2772 1776 2872 1872; x_wconf 83' lang='grc' dir='ltr'>τὴν</span> <span class='ocrx_word' id='word_1_246' title='bbox 2897 1802 3223 1870; x_wconf 77' lang='grc' dir='ltr'>ἐπιφάνειαν</span> <span class='ocrx_word' id='word_1_247' title='bbox 3246 1797 3613 1869; x_wconf 78' lang='grc' dir='ltr'><strong>ἐρεθιζόμενος</strong></span> <span class='ocrx_word' id='word_1_248' title='bbox 3630 1797 3778 1850; x_wconf 62' lang='grc' dir='ltr'>ἐπιδίδο-</span> 
     </span>
    </p>
   </div>
   <div class='ocr_carea' id='block_1_37' title="bbox 2266 1889 3775 1963">
    <p class='ocr_par' dir='ltr' id='par_1_37' title="bbox 2266 1889 3775 1963">
     <span class='ocr_line' id='line_1_37' title="bbox 2266 1889 3775 1963; baseline -0.005 -14"><span class='ocrx_word' id='word_1_249' title='bbox 2266 1911 2381 1958; x_wconf 89' lang='grc' dir='ltr'>ται,</span> <span class='ocrx_word' id='word_1_250' title='bbox 2413 1894 2588 1958; x_wconf 73' lang='grc' dir='ltr'>οὕτως</span> <span class='ocrx_word' id='word_1_251' title='bbox 2609 1893 2705 1948; x_wconf 80' lang='grc' dir='ltr'>καὶ</span> <span class='ocrx_word' id='word_1_252' title='bbox 2733 1893 2863 1958; x_wconf 81' lang='grc' dir='ltr'>τοὺς</span> <span class='ocrx_word' id='word_1_253' title='bbox 2893 1892 3245 1963; x_wconf 76' lang='grc' dir='ltr'>ὲπηρεαστάς</span> <span class='ocrx_word' id='word_1_254' title='bbox 3272 1890 3383 1945; x_wconf 88' lang='grc' dir='ltr'><strong>τῶν</strong></span> <span class='ocrx_word' id='word_1_255' title='bbox 3411 1890 3578 1954; x_wconf 84' lang='grc' dir='ltr'>καλῶς</span> <span class='ocrx_word' id='word_1_256' title='bbox 3604 1889 3775 1959; x_wconf 75' lang='grc' dir='ltr'>λεγομίο</span> 
     </span>
    </p>
   </div>
   <div class='ocr_carea' id='block_1_38' title="bbox 577 1979 2155 2059">
    <p class='ocr_par' dir='ltr' id='par_1_38' title="bbox 577 1979 2155 2059">
     <span class='ocr_line' id='line_1_38' title="bbox 577 1979 2155 2059; baseline 0.006 -28"><span class='ocrx_word' id='word_1_257' title='bbox 577 1986 843 2047; x_wconf 75' lang='lat' dir='ltr'><strong>puerunt,</strong></span> <span class='ocrx_word' id='word_1_258' title='bbox 869 1979 938 2035; x_wconf 87' lang='lat' dir='ltr'><strong>ad</strong></span> <span class='ocrx_word' id='word_1_259' title='bbox 973 1981 1172 2039; x_wconf 69' lang='lat' dir='ltr'><strong>animae</strong></span> <span class='ocrx_word' id='word_1_260' title='bbox 1201 1984 1601 2055; x_wconf 88' lang='lat' dir='ltr'><strong>malignitatem</strong></span> <span class='ocrx_word' id='word_1_261' title='bbox 1637 1984 1692 2039; x_wconf 90' lang='lat' dir='ltr'><strong>in</strong></span> <span class='ocrx_word' id='word_1_262' title='bbox 1728 1983 2010 2059; x_wconf 88' lang='lat' dir='ltr'><strong>publicum</strong></span> <span class='ocrx_word' id='word_1_263' title='bbox 2040 2000 2155 2040; x_wconf 81' lang='lat' dir='ltr'><strong>evo</strong></span> 
     </span>
    </p>
   </div>
   <div class='ocr_carea' id='block_1_39' title="bbox 2248 1979 3776 2059">
    <p class='ocr_par' dir='ltr' id='par_1_39' title="bbox 2265 1982 3776 2058">
     <span class='ocr_line' id='line_1_39' title="bbox 2265 1982 3776 2058; baseline 0.003 -17"><span class='ocrx_word' id='word_1_264' title='bbox 2265 2003 2374 2041; x_wconf 86' lang='grc' dir='ltr'>νων</span> <span class='ocrx_word' id='word_1_265' title='bbox 2425 1986 2666 2058; x_wconf 76' lang='grc' dir='ltr'>ὲρεθίζει</span> <span class='ocrx_word' id='word_1_266' title='bbox 2713 1986 3050 2057; x_wconf 77' lang='grc' dir='ltr'>λαῦομένους</span> <span class='ocrx_word' id='word_1_267' title='bbox 3093 1983 3355 2056; x_wconf 79' lang='grc' dir='ltr'><strong>ἀφορμῆς</strong></span> <span class='ocrx_word' id='word_1_268' title='bbox 3410 1982 3624 2054; x_wconf 76' lang='grc' dir='ltr'>μάλιστα</span> <span class='ocrx_word' id='word_1_269' title='bbox 3656 1983 3776 2053; x_wconf 71' lang='grc' dir='ltr'>δημοι</span> 
     </span>
    </p>
   </div>
   <div class='ocr_carea' id='block_1_40' title="bbox 577 2068 2155 2151">
    <p class='ocr_par' dir='ltr' id='par_1_40' title="bbox 577 2068 2155 2147">
     <span class='ocr_line' id='line_1_40' title="bbox 577 2068 2155 2147; baseline 0.008 -26"><span class='ocrx_word' id='word_1_270' title='bbox 577 2068 836 2124; x_wconf 75' lang='lat' dir='ltr'><strong>mendum</strong></span> <span class='ocrx_word' id='word_1_271' title='bbox 879 2072 1157 2144; x_wconf 65' lang='lat' dir='ltr'><strong>praecipue</strong></span> <span class='ocrx_word' id='word_1_272' title='bbox 1200 2074 1400 2141; x_wconf 87' lang='lat' dir='ltr'><strong>irritat,</strong></span> <span class='ocrx_word' id='word_1_273' title='bbox 1427 2090 1549 2146; x_wconf 75' lang='lat' dir='ltr'><strong>quae</strong></span> <span class='ocrx_word' id='word_1_274' title='bbox 1586 2074 1807 2131; x_wconf 78' lang='lat' dir='ltr'><strong>all‘ectio</strong></span> <span class='ocrx_word' id='word_1_275' title='bbox 1846 2082 2000 2132; x_wconf 90' lang='lat' dir='ltr'><strong>tanto</strong></span> <span class='ocrx_word' id='word_1_276' title='bbox 2041 2092 2155 2147; x_wconf 88' lang='lat' dir='ltr'><strong>pro-</strong></span> 
     </span>
    </p>
   </div>
   <div class='ocr_carea' id='block_1_41' title="bbox 2248 2068 3772 2151">
    <p class='ocr_par' dir='ltr' id='par_1_41' title="bbox 2266 2076 3772 2151">
     <span class='ocr_line' id='line_1_41' title="bbox 2266 2076 3772 2151; baseline -0.003 -18"><span class='ocrx_word' id='word_1_277' title='bbox 2266 2079 2470 2133; x_wconf 81' lang='grc' dir='ltr'>σιεύειν</span> <span class='ocrx_word' id='word_1_278' title='bbox 2502 2079 2603 2147; x_wconf 85' lang='grc' dir='ltr'><strong>τὴν</strong></span> <span class='ocrx_word' id='word_1_279' title='bbox 2634 2079 2775 2133; x_wconf 84' lang='grc' dir='ltr'><strong>κατά</strong></span> <span class='ocrx_word' id='word_1_280' title='bbox 2817 2077 2997 2151; x_wconf 76' lang='grc' dir='ltr'>ψυχὴν</span> <span class='ocrx_word' id='word_1_281' title='bbox 3044 2077 3395 2149; x_wconf 76' lang='grc' dir='ltr'>κακουργίαν</span> <span class='ocrx_word' id='word_1_282' title='bbox 3420 2079 3454 2149; x_wconf 81' lang='grc' dir='ltr'><strong>ἡ</strong></span> <span class='ocrx_word' id='word_1_283' title='bbox 3485 2076 3772 2147; x_wconf 76' lang='grc' dir='ltr'>κεκρυμμένη</span> 
     </span>
    </p>
   </div>
   <div class='ocr_carea' id='block_1_42' title="bbox 576 2160 2155 2243">
    <p class='ocr_par' dir='ltr' id='par_1_42' title="bbox 576 2160 2155 2238">
     <span class='ocr_line' id='line_1_42' title="bbox 576 2160 2155 2238; baseline 0.004 -21"><span class='ocrx_word' id='word_1_284' title='bbox 576 2160 803 2218; x_wconf 89' lang='lat' dir='ltr'><strong>fundius</strong></span> <span class='ocrx_word' id='word_1_285' title='bbox 832 2164 988 2220; x_wconf 91' lang='lat' dir='ltr'><strong>sedet</strong></span> <span class='ocrx_word' id='word_1_286' title='bbox 1016 2175 1225 2237; x_wconf 86' lang='lat' dir='ltr'><strong>quanto</strong></span> <span class='ocrx_word' id='word_1_287' title='bbox 1257 2183 1520 2238; x_wconf 81' lang='lat' dir='ltr'><strong>processu</strong></span> <span class='ocrx_word' id='word_1_288' title='bbox 1553 2182 1655 2223; x_wconf 93' lang='lat' dir='ltr'><strong>suo</strong></span> <span class='ocrx_word' id='word_1_289' title='bbox 1684 2168 1940 2224; x_wconf 89' lang='lat' dir='ltr'><strong>videatur</strong></span> <span class='ocrx_word' id='word_1_290' title='bbox 1968 2169 2155 2224; x_wconf 88' lang='lat' dir='ltr'><strong>debili-</strong></span> 
     </span>
    </p>
   </div>
   <div class='ocr_carea' id='block_1_43' title="bbox 2248 2160 3773 2243">
    <p class='ocr_par' dir='ltr' id='par_1_43' title="bbox 2261 2168 3773 2243">
     <span class='ocr_line' id='line_1_43' title="bbox 2261 2168 3773 2243; baseline -0.003 -18"><span class='ocrx_word' id='word_1_291' title='bbox 2261 2170 2523 2237; x_wconf 89' lang='grc' dir='ltr'>διάθεσις,</span> <span class='ocrx_word' id='word_1_292' title='bbox 2563 2171 2687 2243; x_wconf 75' lang='grc' dir='ltr'>ἥτις</span> <span class='ocrx_word' id='word_1_293' title='bbox 2728 2169 2984 2225; x_wconf 79' lang='grc' dir='ltr'>τοσοῦτον</span> <span class='ocrx_word' id='word_1_294' title='bbox 3025 2169 3088 2225; x_wconf 85' lang='grc' dir='ltr'><strong>τό</strong></span> <span class='ocrx_word' id='word_1_295' title='bbox 3139 2169 3306 2241; x_wconf 87' lang='grc' dir='ltr'>βάθος</span> <span class='ocrx_word' id='word_1_296' title='bbox 3339 2170 3583 2240; x_wconf 82' lang='grc' dir='ltr'>κατέχειν</span> <span class='ocrx_word' id='word_1_297' title='bbox 3616 2168 3773 2236; x_wconf 77' lang='grc' dir='ltr'>πέφυκε</span> 
     </span>
    </p>
   </div>
   <div class='ocr_carea' id='block_1_44' title="bbox 575 2255 2155 2337">
    <p class='ocr_par' dir='ltr' id='par_1_44' title="bbox 575 2255 2155 2332">
     <span class='ocr_line' id='line_1_44' title="bbox 575 2255 2155 2332; baseline 0.005 -23"><span class='ocrx_word' id='word_1_298' title='bbox 575 2255 699 2311; x_wconf 89' lang='lat' dir='ltr'><strong>tari.</strong></span> <span class='ocrx_word' id='word_1_299' title='bbox 727 2256 942 2313; x_wconf 82' lang='lat' dir='ltr'><strong>Etenim</strong></span> <span class='ocrx_word' id='word_1_300' title='bbox 978 2276 1086 2314; x_wconf 93' lang='lat' dir='ltr'><strong>non</strong></span> <span class='ocrx_word' id='word_1_301' title='bbox 1125 2261 1343 2317; x_wconf 81' lang='lat' dir='ltr'><strong>excedit</strong></span> <span class='ocrx_word' id='word_1_302' title='bbox 1371 2261 1441 2317; x_wconf 91' lang='lat' dir='ltr'><strong>de</strong></span> <span class='ocrx_word' id='word_1_303' title='bbox 1474 2261 1756 2332; x_wconf 87' lang='lat' dir='ltr'><strong>profundo</strong></span> <span class='ocrx_word' id='word_1_304' title='bbox 1785 2276 1885 2331; x_wconf 89' lang='lat' dir='ltr'><strong>per</strong></span> <span class='ocrx_word' id='word_1_305' title='bbox 1916 2261 2155 2318; x_wconf 79' lang='lat' dir='ltr'><strong>facinora</strong></span> 
     </span>
    </p>
   </div>
   <div class='ocr_carea' id='block_1_45' title="bbox 2248 2255 3772 2337">
    <p class='ocr_par' dir='ltr' id='par_1_45' title="bbox 2270 2261 3772 2337">
     <span class='ocr_line' id='line_1_45' title="bbox 2270 2261 3772 2337; baseline -0.005 -17"><span class='ocrx_word' id='word_1_306' title='bbox 2270 2266 2494 2337; x_wconf 78' lang='grc' dir='ltr'>μᾶλλον,</span> <span class='ocrx_word' id='word_1_307' title='bbox 2545 2266 2670 2320; x_wconf 83' lang='grc' dir='ltr'>ὅσον</span> <span class='ocrx_word' id='word_1_308' title='bbox 2708 2264 3002 2319; x_wconf 81' lang='grc' dir='ltr'>κενοῦσθαι</span> <span class='ocrx_word' id='word_1_309' title='bbox 3038 2267 3109 2336; x_wconf 77' lang='grc' dir='ltr'>τῇ</span> <span class='ocrx_word' id='word_1_310' title='bbox 3147 2264 3366 2335; x_wconf 79' lang='grc' dir='ltr'>προόδῳ</span> <span class='ocrx_word' id='word_1_311' title='bbox 3412 2262 3548 2317; x_wconf 69' lang='grc' dir='ltr'>κατὰ</span> <span class='ocrx_word' id='word_1_312' title='bbox 3582 2265 3633 2315; x_wconf 59' lang='lat' dir='ltr'><strong>ab</strong></span> <span class='ocrx_word' id='word_1_313' title='bbox 3668 2261 3772 2324; x_wconf 64' lang='lat' dir='ltr'><strong>em;</strong></span> 
     </span>
    </p>
   </div>
   <div class='ocr_carea' id='block_1_46' title="bbox 571 2346 2155 2430">
    <p class='ocr_par' dir='ltr' id='par_1_46' title="bbox 571 2346 2155 2420">
     <span class='ocr_line' id='line_1_46' title="bbox 571 2346 2155 2420; baseline 0.005 -20"><span class='ocrx_word' id='word_1_314' title='bbox 571 2346 721 2402; x_wconf 90' lang='lat' dir='ltr'><strong>edita</strong></span> <span class='ocrx_word' id='word_1_315' title='bbox 753 2348 1154 2419; x_wconf 64' lang='lat' dir='ltr'><strong>improborum</strong></span> <span class='ocrx_word' id='word_1_316' title='bbox 1203 2352 1492 2408; x_wconf 85' lang='lat' dir='ltr'><strong>hominum</strong></span> <span class='ocrx_word' id='word_1_317' title='bbox 1541 2350 1796 2420; x_wconf 77' lang='lat' dir='ltr'><strong>aﬂ‘ectio,</strong></span> <span class='ocrx_word' id='word_1_318' title='bbox 1845 2352 1941 2408; x_wconf 89' lang='lat' dir='ltr'><strong>sed</strong></span> <span class='ocrx_word' id='word_1_319' title='bbox 1990 2352 2155 2408; x_wconf 89' lang='lat' dir='ltr'><strong>etiam</strong></span> 
     </span>
    </p>
   </div>
   <div class='ocr_carea' id='block_1_47' title="bbox 2248 2346 3774 2430">
    <p class='ocr_par' dir='ltr' id='par_1_47' title="bbox 2265 2353 3774 2430">
     <span class='ocr_line' id='line_1_47' title="bbox 2265 2353 3774 2430; baseline -0.001 -20"><span class='ocrx_word' id='word_1_320' title='bbox 2265 2357 2466 2424; x_wconf 78' lang='grc' dir='ltr'>ἔδοξεν.</span> <span class='ocrx_word' id='word_1_321' title='bbox 2503 2359 2579 2413; x_wconf 84' lang='grc' dir='ltr'><strong>Οὐ</strong></span> <span class='ocrx_word' id='word_1_322' title='bbox 2628 2358 2736 2430; x_wconf 80' lang='grc' dir='ltr'><strong>γὰρ</strong></span> <span class='ocrx_word' id='word_1_323' title='bbox 2768 2358 3050 2424; x_wconf 72' lang='grc' dir='ltr'>ἐξίσταται</span> <span class='ocrx_word' id='word_1_324' title='bbox 3078 2356 3175 2412; x_wconf 84' lang='grc' dir='ltr'><strong>τοῦ</strong></span> <span class='ocrx_word' id='word_1_325' title='bbox 3218 2357 3425 2429; x_wconf 80' lang='grc' dir='ltr'>βάθους</span> <span class='ocrx_word' id='word_1_326' title='bbox 3464 2353 3774 2427; x_wconf 70' lang='grc' dir='ltr'>προφερομένη</span> 
     </span>
    </p>
   </div>
   <div class='ocr_carea' id='block_1_48' title="bbox 571 2442 2155 2524">
    <p class='ocr_par' dir='ltr' id='par_1_48' title="bbox 571 2442 2155 2515">
     <span class='ocr_line' id='line_1_48' title="bbox 571 2442 2155 2515; baseline 0.006 -23"><span class='ocrx_word' id='word_1_327' title='bbox 571 2446 797 2494; x_wconf 77' lang='lat' dir='ltr'><strong>externa</strong></span> <span class='ocrx_word' id='word_1_328' title='bbox 847 2442 1035 2498; x_wconf 91' lang='lat' dir='ltr'><strong>omnia</strong></span> <span class='ocrx_word' id='word_1_329' title='bbox 1084 2443 1269 2500; x_wconf 90' lang='lat' dir='ltr'><strong>furore</strong></span> <span class='ocrx_word' id='word_1_330' title='bbox 1314 2460 1415 2500; x_wconf 89' lang='lat' dir='ltr'><strong>suo</strong></span> <span class='ocrx_word' id='word_1_331' title='bbox 1459 2445 1805 2515; x_wconf 85' lang='lat' dir='ltr'><strong>depascitur,</strong></span> <span class='ocrx_word' id='word_1_332' title='bbox 1831 2454 1888 2503; x_wconf 90' lang='lat' dir='ltr'><strong>et</strong></span> <span class='ocrx_word' id='word_1_333' title='bbox 1914 2462 2068 2502; x_wconf 89' lang='lat' dir='ltr'><strong>suam</strong></span> <span class='ocrx_word' id='word_1_334' title='bbox 2101 2446 2155 2502; x_wconf 93' lang='lat' dir='ltr'><strong>in</strong></span> 
     </span>
    </p>
   </div>
   <div class='ocr_carea' id='block_1_49' title="bbox 2248 2442 3771 2524">
    <p class='ocr_par' dir='ltr' id='par_1_49' title="bbox 2262 2445 3771 2524">
     <span class='ocr_line' id='line_1_49' title="bbox 2262 2445 3771 2524; baseline -0.005 -19"><span class='ocrx_word' id='word_1_335' title='bbox 2262 2449 2352 2505; x_wconf 81' lang='grc' dir='ltr'><strong>διὰ</strong></span> <span class='ocrx_word' id='word_1_336' title='bbox 2378 2451 2486 2505; x_wconf 86' lang='grc' dir='ltr'><strong>τῶν</strong></span> <span class='ocrx_word' id='word_1_337' title='bbox 2509 2451 2689 2524; x_wconf 80' lang='grc' dir='ltr'>ἔργων</span> <span class='ocrx_word' id='word_1_338' title='bbox 2717 2452 2752 2522; x_wconf 87' lang='grc' dir='ltr'>ἡ</span> <span class='ocrx_word' id='word_1_339' title='bbox 2782 2449 2894 2504; x_wconf 87' lang='grc' dir='ltr'><strong>τῶν</strong></span> <span class='ocrx_word' id='word_1_340' title='bbox 2927 2449 3221 2522; x_wconf 86' lang='grc' dir='ltr'>μοχθηρῶν</span> <span class='ocrx_word' id='word_1_341' title='bbox 3247 2448 3547 2522; x_wconf 75' lang='grc' dir='ltr'>ἀνθρώπιον</span> <span class='ocrx_word' id='word_1_342' title='bbox 3570 2445 3771 2508; x_wconf 75' lang='grc' dir='ltr'>διάθεσις,</span> 
     </span>
    </p>
   </div>
   <div class='ocr_carea' id='block_1_50' title="bbox 569 2530 2155 2613">
    <p class='ocr_par' dir='ltr' id='par_1_50' title="bbox 569 2530 1928 2610">
     <span class='ocr_line' id='line_1_50' title="bbox 569 2530 1928 2610; baseline 0.007 -24"><span class='ocrx_word' id='word_1_343' title='bbox 569 2530 754 2587; x_wconf 81' lang='lat' dir='ltr'><strong>anima</strong></span> <span class='ocrx_word' id='word_1_344' title='bbox 783 2533 970 2591; x_wconf 88' lang='lat' dir='ltr'><strong>sedem</strong></span> <span class='ocrx_word' id='word_1_345' title='bbox 996 2535 1419 2609; x_wconf 83' lang='lat' dir='ltr'><strong>haudquaquam</strong></span> <span class='ocrx_word' id='word_1_346' title='bbox 1450 2538 1737 2610; x_wconf 89' lang='lat' dir='ltr'><strong>relinquit.</strong></span> <span class='ocrx_word' id='word_1_347' title='bbox 1915 2549 1928 2560; x_wconf 89' lang='lat'>&#39;</span> 
     </span>
    </p>
   </div>
   <div class='ocr_carea' id='block_1_51' title="bbox 2248 2530 3773 2613">
    <p class='ocr_par' dir='ltr' id='par_1_51' title="bbox 2264 2535 3773 2613">
     <span class='ocr_line' id='line_1_51' title="bbox 2264 2535 3773 2613; baseline -0.006 -17"><span class='ocrx_word' id='word_1_348' title='bbox 2264 2542 2399 2597; x_wconf 85' lang='grc' dir='ltr'>ἀλλὰ</span> <span class='ocrx_word' id='word_1_349' title='bbox 2429 2543 2524 2597; x_wconf 75' lang='grc' dir='ltr'>καὶ</span> <span class='ocrx_word' id='word_1_350' title='bbox 2567 2542 2639 2597; x_wconf 83' lang='grc' dir='ltr'>τὰ</span> <span class='ocrx_word' id='word_1_351' title='bbox 2682 2543 2841 2608; x_wconf 76' lang='grc' dir='ltr'>ἐκτὸς</span> <span class='ocrx_word' id='word_1_352' title='bbox 2879 2542 3059 2598; x_wconf 82' lang='grc' dir='ltr'>πάντα</span> <span class='ocrx_word' id='word_1_353' title='bbox 3094 2541 3346 2613; x_wconf 82' lang='grc' dir='ltr'>μανικῶς</span> <span class='ocrx_word' id='word_1_354' title='bbox 3389 2535 3773 2610; x_wconf 70' lang='grc' dir='ltr'>ἑπινέμεται,καί</span> 
     </span>
    </p>
   </div>
   <div class='ocr_carea' id='block_1_52' title="bbox 2265 2630 3557 2707">
    <p class='ocr_par' dir='ltr' id='par_1_52' title="bbox 2265 2630 3557 2707">
     <span class='ocr_line' id='line_1_52' title="bbox 2265 2630 3557 2707; baseline -0.002 -20"><span class='ocrx_word' id='word_1_355' title='bbox 2265 2632 2363 2707; x_wconf 81' lang='grc' dir='ltr'>τῆς</span> <span class='ocrx_word' id='word_1_356' title='bbox 2384 2635 2525 2689; x_wconf 82' lang='grc' dir='ltr'>κατὰ</span> <span class='ocrx_word' id='word_1_357' title='bbox 2548 2633 2730 2707; x_wconf 77' lang='grc' dir='ltr'>ψυχὴν</span> <span class='ocrx_word' id='word_1_358' title='bbox 2758 2634 3013 2707; x_wconf 79' lang='grc' dir='ltr'>οὐδαμῶς</span> <span class='ocrx_word' id='word_1_359' title='bbox 3041 2632 3327 2701; x_wconf 75' lang='grc' dir='ltr'>ἐξίσταται</span> <span class='ocrx_word' id='word_1_360' title='bbox 3361 2630 3557 2703; x_wconf 80' lang='grc' dir='ltr'>χώρας.</span> 
     </span>
    </p>
   </div>
   <div class='ocr_carea' id='block_1_53' title="bbox 567 2797 2156 2884">
    <p class='ocr_par' dir='ltr' id='par_1_53' title="bbox 567 2797 2156 2884">
     <span class='ocr_line' id='line_1_53' title="bbox 567 2797 2156 2884; baseline 0.009 -30"><span class='ocrx_word' id='word_1_361' title='bbox 567 2797 655 2855; x_wconf 72' lang='lat' dir='ltr'><em>Ex</em></span> <span class='ocrx_word' id='word_1_362' title='bbox 683 2800 863 2858; x_wconf 80' lang='lat' dir='ltr'><strong>eodem</strong></span> <span class='ocrx_word' id='word_1_363' title='bbox 890 2820 1160 2871; x_wconf 72' lang='lat' dir='ltr'><strong>sermone,</strong></span> <span class='ocrx_word' id='word_1_364' title='bbox 1186 2806 1243 2862; x_wconf 86' lang='lat' dir='ltr'><strong>in</strong></span> <span class='ocrx_word' id='word_1_365' title='bbox 1276 2805 1413 2863; x_wconf 84' lang='lat' dir='ltr'><strong>illud</strong></span> <span class='ocrx_word' id='word_1_366' title='bbox 1448 2823 1468 2863; x_wconf 92' lang='lat'><strong><em>:</em></strong></span> <span class='ocrx_word' id='word_1_367' title='bbox 1509 2826 1529 2860; x_wconf 78' lang='grc' dir='ltr'><strong>ι</strong></span> <span class='ocrx_word' id='word_1_368' title='bbox 1569 2804 2028 2875; x_wconf 82' lang='lat' dir='ltr'><strong>Quemadmodum</strong></span> <span class='ocrx_word' id='word_1_369' title='bbox 2058 2813 2156 2884; x_wconf 72' lang='lat' dir='ltr'><strong>ﬂos</strong></span> 
     </span>
    </p>
   </div>
   <div class='ocr_carea' id='block_1_54' title="bbox 636 2895 2155 2971">
    <p class='ocr_par' dir='ltr' id='par_1_54' title="bbox 636 2895 2155 2971">
     <span class='ocr_line' id='line_1_54' title="bbox 636 2895 2155 2971; baseline 0.008 -23"><span class='ocrx_word' id='word_1_370' title='bbox 636 2895 694 2949; x_wconf 86' lang='lat' dir='ltr'><strong>in</strong></span> <span class='ocrx_word' id='word_1_371' title='bbox 725 2895 895 2952; x_wconf 79' lang='lat' dir='ltr'><strong>hieme</strong></span> <span class='ocrx_word' id='word_1_372' title='bbox 929 2896 1089 2969; x_wconf 84' lang='lat' dir='ltr'><strong>plane</strong></span> <span class='ocrx_word' id='word_1_373' title='bbox 1124 2900 1540 2971; x_wconf 76' lang='lat' dir='ltr'><strong>intempestiuus,</strong></span> <span class='ocrx_word' id='word_1_374' title='bbox 1565 2909 1616 2956; x_wconf 84' lang='lat' dir='ltr'><strong>et</strong></span> <span class='ocrx_word' id='word_1_375' title='bbox 1647 2901 1952 2957; x_wconf 74' lang='lat' dir='ltr'><strong>mulieribus</strong></span> <span class='ocrx_word' id='word_1_376' title='bbox 1985 2902 2155 2960; x_wconf 73' lang='lat' dir='ltr'><strong>virilia</strong></span> 
     </span>
    </p>
   </div>
   <div class='ocr_carea' id='block_1_55' title="bbox 636 2984 2156 3063">
    <p class='ocr_par' dir='ltr' id='par_1_55' title="bbox 636 2984 2156 3063">
     <span class='ocr_line' id='line_1_55' title="bbox 636 2984 2156 3063; baseline 0.007 -25"><span class='ocrx_word' id='word_1_377' title='bbox 636 2994 855 3042; x_wconf 82' lang='lat' dir='ltr'><strong>ornatus</strong></span> <span class='ocrx_word' id='word_1_378' title='bbox 887 2984 971 3042; x_wconf 79' lang='lat' dir='ltr'><strong>vel</strong></span> <span class='ocrx_word' id='word_1_379' title='bbox 997 2990 1125 3044; x_wconf 70' lang='lat' dir='ltr'><strong>uiris</strong></span> <span class='ocrx_word' id='word_1_380' title='bbox 1160 2988 1453 3057; x_wconf 82' lang='lat' dir='ltr'><strong>muliebris,</strong></span> <span class='ocrx_word' id='word_1_381' title='bbox 1481 2998 1576 3047; x_wconf 88' lang='lat' dir='ltr'><strong>aut</strong></span> <span class='ocrx_word' id='word_1_382' title='bbox 1613 2992 1825 3047; x_wconf 74' lang='lat' dir='ltr'><strong>maerori</strong></span> <span class='ocrx_word' id='word_1_383' title='bbox 1854 2994 2156 3063; x_wconf 73' lang='lat' dir='ltr'><strong>geometria:</strong></span> 
     </span>
    </p>
   </div>
   <div class='ocr_carea' id='block_1_56' title="bbox 633 3076 947 3133">
    <p class='ocr_par' dir='ltr' id='par_1_56' title="bbox 633 3076 947 3133">
     <span class='ocr_line' id='line_1_56' title="bbox 633 3076 947 3133; baseline 0.016 -5"><span class='ocrx_word' id='word_1_384' title='bbox 633 3076 887 3133; x_wconf 74' lang='lat' dir='ltr'><strong>studium.</strong></span> <span class='ocrx_word' id='word_1_385' title='bbox 928 3096 947 3132; x_wconf 81' lang='grc' dir='ltr'><strong>ι</strong></span> 
     </span>
    </p>
   </div>
   <div class='ocr_carea' id='block_1_57' title="bbox 635 3180 2148 3265">
    <p class='ocr_par' dir='ltr' id='par_1_57' title="bbox 635 3180 2148 3265">
     <span class='ocr_line' id='line_1_57' title="bbox 635 3180 2148 3265; baseline 0.009 -29"><span class='ocrx_word' id='word_1_386' title='bbox 635 3180 1026 3244; x_wconf 74' lang='lat' dir='ltr'><strong>Moderationis</strong></span> <span class='ocrx_word' id='word_1_387' title='bbox 1049 3187 1104 3244; x_wconf 91' lang='lat' dir='ltr'><strong>in</strong></span> <span class='ocrx_word' id='word_1_388' title='bbox 1130 3190 1286 3246; x_wconf 90' lang='lat' dir='ltr'><strong>omni</strong></span> <span class='ocrx_word' id='word_1_389' title='bbox 1311 3206 1567 3248; x_wconf 86' lang='lat' dir='ltr'><strong>sermone</strong></span> <span class='ocrx_word' id='word_1_390' title='bbox 1598 3190 1860 3262; x_wconf 89' lang='lat' dir='ltr'><strong>omnique</strong></span> <span class='ocrx_word' id='word_1_391' title='bbox 1891 3192 2148 3265; x_wconf 80' lang='lat' dir='ltr'><strong>negotio,</strong></span> 
     </span>
    </p>
   </div>
   <div class='ocr_carea' id='block_1_58' title="bbox 562 3273 2154 3349">
    <p class='ocr_par' dir='ltr' id='par_1_58' title="bbox 562 3273 2154 3349">
     <span class='ocr_line' id='line_1_58' title="bbox 562 3273 2154 3349; baseline 0.009 -24"><span class='ocrx_word' id='word_1_392' title='bbox 562 3285 673 3340; x_wconf 87' lang='lat' dir='ltr'><strong>qua</strong></span> <span class='ocrx_word' id='word_1_393' title='bbox 718 3273 1157 3349; x_wconf 85' lang='lat' dir='ltr'><strong>uniuscujusque</strong></span> <span class='ocrx_word' id='word_1_394' title='bbox 1203 3289 1262 3337; x_wconf 91' lang='lat' dir='ltr'><strong>et</strong></span> <span class='ocrx_word' id='word_1_395' title='bbox 1303 3279 1698 3339; x_wconf 90' lang='lat' dir='ltr'><strong>universorum</strong></span> <span class='ocrx_word' id='word_1_396' title='bbox 1744 3281 1967 3340; x_wconf 87' lang='lat' dir='ltr'><strong>decoris</strong></span> <span class='ocrx_word' id='word_1_397' title='bbox 2012 3282 2154 3339; x_wconf 86' lang='lat' dir='ltr'><strong>ratio</strong></span> 
     </span>
    </p>
   </div>
   <div class='ocr_carea' id='block_1_59' title="bbox 567 3360 2157 3445">
    <p class='ocr_par' dir='ltr' id='par_1_59' title="bbox 567 3360 2157 3445">
     <span class='ocr_line' id='line_1_59' title="bbox 567 3360 2157 3445; baseline 0.011 -30"><span class='ocrx_word' id='word_1_398' title='bbox 567 3360 781 3434; x_wconf 85' lang='lat' dir='ltr'><strong>integra</strong></span> <span class='ocrx_word' id='word_1_399' title='bbox 812 3380 876 3422; x_wconf 90' lang='lat' dir='ltr'><strong>ac</strong></span> <span class='ocrx_word' id='word_1_400' title='bbox 901 3382 1042 3439; x_wconf 88' lang='lat' dir='ltr'><strong>pura</strong></span> <span class='ocrx_word' id='word_1_401' title='bbox 1067 3371 1476 3440; x_wconf 81' lang='lat' dir='ltr'><strong>manifestatur,</strong></span> <span class='ocrx_word' id='word_1_402' title='bbox 1507 3390 1608 3445; x_wconf 90' lang='lat' dir='ltr'><strong>per</strong></span> <span class='ocrx_word' id='word_1_403' title='bbox 1634 3373 1992 3431; x_wconf 85' lang='lat' dir='ltr'><strong>dissimilium</strong></span> <span class='ocrx_word' id='word_1_404' title='bbox 2018 3390 2157 3432; x_wconf 86' lang='lat' dir='ltr'><strong>enu-</strong></span> 
     </span>
    </p>
   </div>
   <div class='ocr_carea' id='block_1_60' title="bbox 564 3456 2155 3542">
    <p class='ocr_par' dir='ltr' id='par_1_60' title="bbox 564 3456 2155 3542">
     <span class='ocr_line' id='line_1_60' title="bbox 564 3456 2155 3542; baseline 0.011 -34"><span class='ocrx_word' id='word_1_405' title='bbox 564 3456 931 3514; x_wconf 85' lang='lat' dir='ltr'><strong>merationem</strong></span> <span class='ocrx_word' id='word_1_406' title='bbox 964 3463 1278 3534; x_wconf 80' lang='lat' dir='ltr'><strong>exemplum</strong></span> <span class='ocrx_word' id='word_1_407' title='bbox 1311 3480 1630 3537; x_wconf 88' lang='lat' dir='ltr'><strong>proponens</strong></span> <span class='ocrx_word' id='word_1_408' title='bbox 1661 3467 1782 3524; x_wconf 63' lang='lat' dir='ltr'><strong>hac</strong></span> <span class='ocrx_word' id='word_1_409' title='bbox 1811 3466 1951 3524; x_wconf 81' lang='lat' dir='ltr'><strong>dicit</strong></span> <span class='ocrx_word' id='word_1_410' title='bbox 1976 3469 2155 3542; x_wconf 85' lang='lat' dir='ltr'><strong>magi-</strong></span> 
     </span>
    </p>
   </div>
   <div class='ocr_carea' id='block_1_61' title="bbox 564 3547 2157 3631">
    <p class='ocr_par' dir='ltr' id='par_1_61' title="bbox 564 3547 2157 3631">
     <span class='ocr_line' id='line_1_61' title="bbox 564 3547 2157 3631; baseline 0.013 -34"><span class='ocrx_word' id='word_1_411' title='bbox 564 3551 701 3609; x_wconf 89' lang='lat' dir='ltr'><strong>ster,</strong></span> <span class='ocrx_word' id='word_1_412' title='bbox 726 3547 934 3617; x_wconf 87' lang='lat' dir='ltr'><strong>quibus</strong></span> <span class='ocrx_word' id='word_1_413' title='bbox 974 3561 1036 3606; x_wconf 89' lang='lat' dir='ltr'><strong>ut</strong></span> <span class='ocrx_word' id='word_1_414' title='bbox 1076 3552 1343 3610; x_wconf 87' lang='lat' dir='ltr'><strong>moderati</strong></span> <span class='ocrx_word' id='word_1_415' title='bbox 1386 3571 1510 3611; x_wconf 85' lang='lat' dir='ltr'><strong>esse</strong></span> <span class='ocrx_word' id='word_1_416' title='bbox 1548 3563 1606 3612; x_wconf 87' lang='lat' dir='ltr'><strong>et</strong></span> <span class='ocrx_word' id='word_1_417' title='bbox 1637 3557 1786 3613; x_wconf 90' lang='lat' dir='ltr'><strong>cauti</strong></span> <span class='ocrx_word' id='word_1_418' title='bbox 1818 3557 1995 3615; x_wconf 88' lang='lat' dir='ltr'><strong>velint</strong></span> <span class='ocrx_word' id='word_1_419' title='bbox 2028 3574 2157 3631; x_wconf 88' lang='lat' dir='ltr'><strong>pro-</strong></span> 
     </span>
    </p>
   </div>
   <div class='ocr_carea' id='block_1_62' title="bbox 564 3639 2156 3722">
    <p class='ocr_par' dir='ltr' id='par_1_62' title="bbox 564 3639 2156 3722">
     <span class='ocr_line' id='line_1_62' title="bbox 564 3639 2156 3722; baseline 0.011 -30"><span class='ocrx_word' id='word_1_420' title='bbox 564 3639 704 3694; x_wconf 88' lang='lat' dir='ltr'><strong>tervi</strong></span> <span class='ocrx_word' id='word_1_421' title='bbox 740 3650 797 3697; x_wconf 90' lang='lat' dir='ltr'><strong>et</strong></span> <span class='ocrx_word' id='word_1_422' title='bbox 830 3641 1176 3701; x_wconf 87' lang='lat' dir='ltr'><strong>immoderati</strong></span> <span class='ocrx_word' id='word_1_423' title='bbox 1210 3647 1529 3719; x_wconf 85' lang='lat' dir='ltr'><strong>nulliusque</strong></span> <span class='ocrx_word' id='word_1_424' title='bbox 1560 3650 1709 3707; x_wconf 89' lang='lat' dir='ltr'><strong>modi</strong></span> <span class='ocrx_word' id='word_1_425' title='bbox 1738 3650 1919 3722; x_wconf 88' lang='lat' dir='ltr'><strong>gnari,</strong></span> <span class='ocrx_word' id='word_1_426' title='bbox 1943 3652 2156 3709; x_wconf 88' lang='lat' dir='ltr'><strong>nullius</strong></span> 
     </span>
    </p>
   </div>
   <div class='ocr_carea' id='block_1_63' title="bbox 562 3730 2151 3814">
    <p class='ocr_par' dir='ltr' id='par_1_63' title="bbox 562 3730 2151 3814">
     <span class='ocr_line' id='line_1_63' title="bbox 562 3730 2151 3814; baseline 0.011 -30"><span class='ocrx_word' id='word_1_427' title='bbox 562 3730 785 3799; x_wconf 87' lang='lat' dir='ltr'><strong>quidem</strong></span> <span class='ocrx_word' id='word_1_428' title='bbox 821 3734 924 3801; x_wconf 90' lang='lat' dir='ltr'><strong>rei,</strong></span> <span class='ocrx_word' id='word_1_429' title='bbox 953 3736 1050 3792; x_wconf 89' lang='lat' dir='ltr'><strong>sed</strong></span> <span class='ocrx_word' id='word_1_430' title='bbox 1087 3738 1144 3793; x_wconf 93' lang='lat' dir='ltr'><strong>in</strong></span> <span class='ocrx_word' id='word_1_431' title='bbox 1171 3739 1369 3811; x_wconf 86' lang='lat' dir='ltr'><strong>primis</strong></span> <span class='ocrx_word' id='word_1_432' title='bbox 1395 3741 1715 3812; x_wconf 81' lang='lat' dir='ltr'><strong>disputandi</strong></span> <span class='ocrx_word' id='word_1_433' title='bbox 1742 3744 1812 3800; x_wconf 92' lang='lat' dir='ltr'><strong>de</strong></span> <span class='ocrx_word' id='word_1_434' title='bbox 1838 3745 1952 3801; x_wconf 88' lang='lat' dir='ltr'><strong>Deo</strong></span> <span class='ocrx_word' id='word_1_435' title='bbox 1979 3746 2151 3814; x_wconf 87' lang='lat' dir='ltr'><strong>modi,</strong></span> 
     </span>
    </p>
   </div>
   <div class='ocr_carea' id='block_1_64' title="bbox 562 3827 2154 3907">
    <p class='ocr_par' dir='ltr' id='par_1_64' title="bbox 562 3827 2154 3907">
     <span class='ocr_line' id='line_1_64' title="bbox 562 3827 2154 3907; baseline 0.015 -30"><span class='ocrx_word' id='word_1_436' title='bbox 562 3838 756 3880; x_wconf 87' lang='lat' dir='ltr'><strong>verum</strong></span> <span class='ocrx_word' id='word_1_437' title='bbox 785 3827 1050 3886; x_wconf 84' lang='lat' dir='ltr'><strong>audacter</strong></span> <span class='ocrx_word' id='word_1_438' title='bbox 1072 3841 1274 3888; x_wconf 82' lang='lat' dir='ltr'><strong>cuncta</strong></span> <span class='ocrx_word' id='word_1_439' title='bbox 1296 3833 1670 3907; x_wconf 85' lang='lat' dir='ltr'><strong>discrepantia</strong></span> <span class='ocrx_word' id='word_1_440' title='bbox 1692 3838 1839 3895; x_wconf 91' lang='lat' dir='ltr'><strong>inter</strong></span> <span class='ocrx_word' id='word_1_441' title='bbox 1861 3856 1921 3897; x_wconf 89' lang='lat' dir='ltr'><strong>se</strong></span> <span class='ocrx_word' id='word_1_442' title='bbox 1946 3848 2154 3901; x_wconf 86' lang='lat' dir='ltr'><strong>temere</strong></span> 
     </span>
    </p>
   </div>
   <div class='ocr_carea' id='block_1_65' title="bbox 525 3917 2150 3995">
    <p class='ocr_par' dir='ltr' id='par_1_65' title="bbox 525 3917 2150 3995">
     <span class='ocr_line' id='line_1_65' title="bbox 525 3917 2150 3995; baseline 0.015 -26"><span class='ocrx_word' id='word_1_443' title='bbox 525 3990 528 3994; x_wconf 21' lang='lat'><strong><em>.</em></strong></span> <span class='ocrx_word' id='word_1_444' title='bbox 560 3917 987 3978; x_wconf 90' lang='lat' dir='ltr'><strong>commiscentes</strong></span> <span class='ocrx_word' id='word_1_445' title='bbox 1012 3931 1179 3995; x_wconf 86' lang='lat' dir='ltr'><strong>atque</strong></span> <span class='ocrx_word' id='word_1_446' title='bbox 1207 3926 1614 3986; x_wconf 80' lang='lat' dir='ltr'><strong>confundentes</strong></span> <span class='ocrx_word' id='word_1_447' title='bbox 1645 3931 1906 3989; x_wconf 89' lang='lat' dir='ltr'><strong>instruat.</strong></span> <span class='ocrx_word' id='word_1_448' title='bbox 1933 3935 2150 3992; x_wconf 85' lang='lat' dir='ltr'><strong>Etenim</strong></span> 
     </span>
    </p>
   </div>
   <div class='ocr_carea' id='block_1_66' title="bbox 561 4006 2150 4093">
    <p class='ocr_par' dir='ltr' id='par_1_66' title="bbox 561 4006 2150 4093">
     <span class='ocr_line' id='line_1_66' title="bbox 561 4006 2150 4093; baseline 0.014 -33"><span class='ocrx_word' id='word_1_449' title='bbox 561 4006 605 4061; x_wconf 91' lang='lat' dir='ltr'><strong>si</strong></span> <span class='ocrx_word' id='word_1_450' title='bbox 646 4018 845 4077; x_wconf 57' lang='lat' dir='ltr'><strong>praeter</strong></span> <span class='ocrx_word' id='word_1_451' title='bbox 880 4021 1136 4069; x_wconf 89' lang='lat' dir='ltr'><strong>naturam</strong></span> <span class='ocrx_word' id='word_1_452' title='bbox 1178 4027 1265 4073; x_wconf 86' lang='lat' dir='ltr'><strong>est</strong></span> <span class='ocrx_word' id='word_1_453' title='bbox 1306 4017 1730 4093; x_wconf 77' lang='lat' dir='ltr'><strong>legitimumque</strong></span> <span class='ocrx_word' id='word_1_454' title='bbox 1769 4039 1956 4079; x_wconf 89' lang='lat' dir='ltr'><strong>rerum</strong></span> <span class='ocrx_word' id='word_1_455' title='bbox 1996 4026 2150 4082; x_wconf 84' lang='lat' dir='ltr'><strong>ordi-</strong></span> 
     </span>
    </p>
   </div>
   <div class='ocr_carea' id='block_1_67' title="bbox 560 4098 2151 4178">
    <p class='ocr_par' dir='ltr' id='par_1_67' title="bbox 560 4098 2151 4178">
     <span class='ocr_line' id='line_1_67' title="bbox 560 4098 2151 4178; baseline 0.015 -27"><span class='ocrx_word' id='word_1_456' title='bbox 560 4112 686 4152; x_wconf 90' lang='lat' dir='ltr'><strong>nem</strong></span> <span class='ocrx_word' id='word_1_457' title='bbox 715 4098 817 4156; x_wconf 83' lang='lat' dir='ltr'><strong>tlos</strong></span> <span class='ocrx_word' id='word_1_458' title='bbox 848 4103 902 4156; x_wconf 92' lang='lat' dir='ltr'><strong>in</strong></span> <span class='ocrx_word' id='word_1_459' title='bbox 931 4102 1114 4162; x_wconf 91' lang='lat' dir='ltr'><strong>hieme</strong></span> <span class='ocrx_word' id='word_1_460' title='bbox 1139 4102 1439 4178; x_wconf 87' lang='lat' dir='ltr'><strong>spectatus,</strong></span> <span class='ocrx_word' id='word_1_461' title='bbox 1465 4127 1531 4169; x_wconf 86' lang='lat' dir='ltr'><strong>ac</strong></span> <span class='ocrx_word' id='word_1_462' title='bbox 1563 4113 1894 4171; x_wconf 89' lang='lat' dir='ltr'><strong>mulieribus</strong></span> <span class='ocrx_word' id='word_1_463' title='bbox 1918 4126 2151 4175; x_wconf 88' lang='lat' dir='ltr'><strong>ornatus</strong></span> 
     </span>
    </p>
   </div>
   <div class='ocr_carea' id='block_1_68' title="bbox 558 4190 2148 4280">
    <p class='ocr_par' dir='ltr' id='par_1_68' title="bbox 558 4190 2148 4280">
     <span class='ocr_line' id='line_1_68' title="bbox 558 4190 2148 4280; baseline 0.014 -36"><span class='ocrx_word' id='word_1_464' title='bbox 558 4190 737 4247; x_wconf 87' lang='lat' dir='ltr'><strong>virilis</strong></span> <span class='ocrx_word' id='word_1_465' title='bbox 767 4194 994 4253; x_wconf 90' lang='lat' dir='ltr'><strong>indutus</strong></span> <span class='ocrx_word' id='word_1_466' title='bbox 1015 4208 1113 4254; x_wconf 88' lang='lat' dir='ltr'><strong>aut</strong></span> <span class='ocrx_word' id='word_1_467' title='bbox 1135 4201 1269 4258; x_wconf 91' lang='lat' dir='ltr'><strong>viris</strong></span> <span class='ocrx_word' id='word_1_468' title='bbox 1295 4203 1605 4272; x_wconf 87' lang='lat' dir='ltr'><strong>muliebris,</strong></span> <span class='ocrx_word' id='word_1_469' title='bbox 1629 4215 1681 4262; x_wconf 88' lang='lat' dir='ltr'><strong>et</strong></span> <span class='ocrx_word' id='word_1_470' title='bbox 1708 4208 1934 4264; x_wconf 79' lang='lat' dir='ltr'><strong>mmrori</strong></span> <span class='ocrx_word' id='word_1_471' title='bbox 1964 4220 2148 4280; x_wconf 88' lang='lat' dir='ltr'><strong>aptam</strong></span> 
     </span>
    </p>
   </div>
   <div class='ocr_carea' id='block_1_69' title="bbox 560 4287 2149 4371">
    <p class='ocr_par' dir='ltr' id='par_1_69' title="bbox 560 4287 2149 4371">
     <span class='ocr_line' id='line_1_69' title="bbox 560 4287 2149 4371; baseline 0.015 -34"><span class='ocrx_word' id='word_1_472' title='bbox 560 4287 919 4354; x_wconf 84' lang='lat' dir='ltr'><strong>geometriam</strong></span> <span class='ocrx_word' id='word_1_473' title='bbox 953 4289 1142 4348; x_wconf 90' lang='lat' dir='ltr'><strong>dicere</strong></span> <span class='ocrx_word' id='word_1_474' title='bbox 1175 4292 1300 4365; x_wconf 89' lang='lat' dir='ltr'><strong>(ille</strong></span> <span class='ocrx_word' id='word_1_475' title='bbox 1332 4297 1482 4353; x_wconf 91' lang='lat' dir='ltr'><strong>enim</strong></span> <span class='ocrx_word' id='word_1_476' title='bbox 1514 4308 1735 4371; x_wconf 87' lang='lat' dir='ltr'><strong>tempus</strong></span> <span class='ocrx_word' id='word_1_477' title='bbox 1768 4311 1935 4357; x_wconf 78' lang='lat' dir='ltr'><strong>novat</strong></span> <span class='ocrx_word' id='word_1_478' title='bbox 1964 4318 2149 4360; x_wconf 88' lang='lat' dir='ltr'><strong>suam-</strong></span> 
     </span>
    </p>
   </div>
   <div class='ocr_carea' id='block_1_70' title="bbox 561 4378 2148 4461">
    <p class='ocr_par' dir='ltr' id='par_1_70' title="bbox 561 4378 2148 4461">
     <span class='ocr_line' id='line_1_70' title="bbox 561 4378 2148 4461; baseline 0.017 -33"><span class='ocrx_word' id='word_1_479' title='bbox 561 4390 669 4445; x_wconf 89' lang='lat' dir='ltr'><strong>que</strong></span> <span class='ocrx_word' id='word_1_480' title='bbox 718 4378 1048 4447; x_wconf 88' lang='lat' dir='ltr'><strong>positionem</strong></span> <span class='ocrx_word' id='word_1_481' title='bbox 1099 4392 1157 4439; x_wconf 89' lang='lat' dir='ltr'><strong>et</strong></span> <span class='ocrx_word' id='word_1_482' title='bbox 1201 4387 1455 4447; x_wconf 88' lang='lat' dir='ltr'><strong>ordinem</strong></span> <span class='ocrx_word' id='word_1_483' title='bbox 1504 4391 1785 4461; x_wconf 85' lang='lat' dir='ltr'><strong>destituit,</strong></span> <span class='ocrx_word' id='word_1_484' title='bbox 1828 4394 1970 4452; x_wconf 89' lang='lat' dir='ltr'><strong>alter</strong></span> <span class='ocrx_word' id='word_1_485' title='bbox 2012 4412 2148 4454; x_wconf 86' lang='lat' dir='ltr'><strong>vero</strong></span> 
     </span>
    </p>
   </div>
   <div class='ocr_carea' id='block_1_71' title="bbox 2276 2807 3775 2883">
    <p class='ocr_par' dir='ltr' id='par_1_71' title="bbox 2276 2807 3775 2883">
     <span class='ocr_line' id='line_1_71' title="bbox 2276 2807 3775 2883; baseline -0.003 -16"><span class='ocrx_word' id='word_1_486' title='bbox 2276 2813 2374 2868; x_wconf 82' lang='grc' dir='ltr'>Ἐκ</span> <span class='ocrx_word' id='word_1_487' title='bbox 2402 2812 2510 2868; x_wconf 84' lang='grc' dir='ltr'>τοῦ</span> <span class='ocrx_word' id='word_1_488' title='bbox 2546 2812 2736 2869; x_wconf 81' lang='grc' dir='ltr'>αὐτοῦ</span> <span class='ocrx_word' id='word_1_489' title='bbox 2763 2812 2975 2883; x_wconf 74' lang='grc' dir='ltr'>λόγου.</span> <span class='ocrx_word' id='word_1_490' title='bbox 3007 2813 3098 2879; x_wconf 73' lang='grc' dir='ltr'><strong>είς</strong></span> <span class='ocrx_word' id='word_1_491' title='bbox 3126 2811 3219 2878; x_wconf 83' lang='grc' dir='ltr'>τὸ,</span> <span class='ocrx_word' id='word_1_492' title='bbox 3259 2832 3280 2865; x_wconf 84' lang='grc' dir='ltr'><strong>ι</strong></span> <span class='ocrx_word' id='word_1_493' title='bbox 3304 2812 3525 2881; x_wconf 69' lang='grc' dir='ltr'>Ὥσπερ</span> <span class='ocrx_word' id='word_1_494' title='bbox 3558 2807 3775 2875; x_wconf 67' lang='grc' dir='ltr'><strong>ἄνθος-ἐγ</strong></span> 
     </span>
    </p>
   </div>
   <div class='ocr_carea' id='block_1_72' title="bbox 2333 2896 3774 2973">
    <p class='ocr_par' dir='ltr' id='par_1_72' title="bbox 2333 2896 3774 2973">
     <span class='ocr_line' id='line_1_72' title="bbox 2333 2896 3774 2973; baseline -0.004 -17"><span class='ocrx_word' id='word_1_495' title='bbox 2333 2902 2576 2973; x_wconf 74' lang='grc' dir='ltr'>χειμῶνι</span> <span class='ocrx_word' id='word_1_496' title='bbox 2602 2901 2921 2968; x_wconf 71' lang='grc' dir='ltr'>παντελῶς</span> <span class='ocrx_word' id='word_1_497' title='bbox 2946 2900 3163 2970; x_wconf 78' lang='grc' dir='ltr'>ἄωρον,</span> <span class='ocrx_word' id='word_1_498' title='bbox 3211 2900 3316 2954; x_wconf 71' lang='grc' dir='ltr'><strong>καί</strong></span> <span class='ocrx_word' id='word_1_499' title='bbox 3353 2897 3578 2972; x_wconf 69' lang='grc' dir='ltr'>γυναιξὶ</span> <span class='ocrx_word' id='word_1_500' title='bbox 3603 2896 3774 2964; x_wconf 70' lang='grc' dir='ltr'>κόσμος</span> 
     </span>
    </p>
   </div>
   <div class='ocr_carea' id='block_1_73' title="bbox 2332 2988 3771 3065">
    <p class='ocr_par' dir='ltr' id='par_1_73' title="bbox 2332 2988 3771 3065">
     <span class='ocr_line' id='line_1_73' title="bbox 2332 2988 3771 3065; baseline -0.006 -15"><span class='ocrx_word' id='word_1_501' title='bbox 2332 2993 2612 3061; x_wconf 77' lang='grc' dir='ltr'>ἀνδρεῖος</span> <span class='ocrx_word' id='word_1_502' title='bbox 2636 2988 2673 3063; x_wconf 75' lang='grc' dir='ltr'><strong><em>ἢ</em></strong></span> <span class='ocrx_word' id='word_1_503' title='bbox 2712 2991 2974 3065; x_wconf 74' lang='grc' dir='ltr'>ἀνδράσι</span> <span class='ocrx_word' id='word_1_504' title='bbox 3001 2991 3367 3064; x_wconf 77' lang='grc' dir='ltr'>γυναικεῖος,</span> <span class='ocrx_word' id='word_1_505' title='bbox 3393 2991 3432 3061; x_wconf 83' lang='grc' dir='ltr'><strong>ἣ</strong></span> <span class='ocrx_word' id='word_1_506' title='bbox 3459 2988 3640 3045; x_wconf 72' lang='grc' dir='ltr'>πένθει</span> <span class='ocrx_word' id='word_1_507' title='bbox 3669 3002 3771 3057; x_wconf 69' lang='grc' dir='ltr'>τευ·</span> 
     </span>
    </p>
   </div>
   <div class='ocr_carea' id='block_1_74' title="bbox 2325 3088 2714 3159">
    <p class='ocr_par' dir='ltr' id='par_1_74' title="bbox 2325 3088 2714 3159">
     <span class='ocr_line' id='line_1_74' title="bbox 2325 3088 2714 3159; baseline -0.005 -17"><span class='ocrx_word' id='word_1_508' title='bbox 2325 3088 2541 3159; x_wconf 77' lang='grc' dir='ltr'>μετρία</span> <span class='ocrx_word' id='word_1_509' title='bbox 2563 3088 2661 3159; x_wconf 89' lang='lat'><strong>(9).</strong></span> <span class='ocrx_word' id='word_1_510' title='bbox 2695 3105 2714 3140; x_wconf 79' lang='grc' dir='ltr'><strong>ι</strong></span> 
     </span>
    </p>
   </div>
   <div class='ocr_carea' id='block_1_75' title="bbox 2326 3192 3771 3274">
    <p class='ocr_par' dir='ltr' id='par_1_75' title="bbox 2326 3192 3771 3274">
     <span class='ocr_line' id='line_1_75' title="bbox 2326 3192 3771 3274; baseline -0.003 -19"><span class='ocrx_word' id='word_1_511' title='bbox 2326 3200 2441 3274; x_wconf 78' lang='grc' dir='ltr'><strong>Τὴν</strong></span> <span class='ocrx_word' id='word_1_512' title='bbox 2464 3201 2557 3255; x_wconf 76' lang='grc' dir='ltr'><strong>ἐπὶ</strong></span> <span class='ocrx_word' id='word_1_513' title='bbox 2584 3200 2789 3266; x_wconf 79' lang='grc' dir='ltr'>παντὸς</span> <span class='ocrx_word' id='word_1_514' title='bbox 2814 3200 2978 3271; x_wconf 87' lang='grc' dir='ltr'>λόγου</span> <span class='ocrx_word' id='word_1_515' title='bbox 3006 3217 3067 3256; x_wconf 83' lang='grc' dir='ltr'><strong>τε</strong></span> <span class='ocrx_word' id='word_1_516' title='bbox 3092 3197 3190 3256; x_wconf 70' lang='grc' dir='ltr'><strong>καὶ</strong></span> <span class='ocrx_word' id='word_1_517' title='bbox 3211 3198 3534 3273; x_wconf 85' lang='grc' dir='ltr'>πράγματος</span> <span class='ocrx_word' id='word_1_518' title='bbox 3557 3192 3771 3261; x_wconf 75' lang='grc' dir='ltr'>εὐταξίαν.</span> 
     </span>
    </p>
   </div>
   <div class='ocr_carea' id='block_1_76' title="bbox 2255 3282 3772 3363">
    <p class='ocr_par' dir='ltr' id='par_1_76' title="bbox 2255 3282 3772 3363">
     <span class='ocr_line' id='line_1_76' title="bbox 2255 3282 3772 3363; baseline -0.008 -16"><span class='ocrx_word' id='word_1_519' title='bbox 2255 3290 2379 3347; x_wconf 79' lang='grc' dir='ltr'>καθ’</span> <span class='ocrx_word' id='word_1_520' title='bbox 2409 3291 2480 3363; x_wconf 79' lang='grc' dir='ltr'>ἦν</span> <span class='ocrx_word' id='word_1_521' title='bbox 2508 3290 2613 3362; x_wconf 85' lang='grc' dir='ltr'>τῆς</span> <span class='ocrx_word' id='word_1_522' title='bbox 2644 3290 2878 3346; x_wconf 74' lang='grc' dir='ltr'>ἑκάστου</span> <span class='ocrx_word' id='word_1_523' title='bbox 2916 3290 3015 3345; x_wconf 78' lang='grc' dir='ltr'>καὶ</span> <span class='ocrx_word' id='word_1_524' title='bbox 3066 3291 3294 3346; x_wconf 85' lang='grc' dir='ltr'>πάντων</span> <span class='ocrx_word' id='word_1_525' title='bbox 3333 3287 3643 3360; x_wconf 74' lang='grc' dir='ltr'>εὐπρεπείας</span> <span class='ocrx_word' id='word_1_526' title='bbox 3666 3282 3772 3338; x_wconf 67' lang='lat'><strong>616-</strong></span> 
     </span>
    </p>
   </div>
   <div class='ocr_carea' id='block_1_77' title="bbox 2259 3375 3770 3455">
    <p class='ocr_par' dir='ltr' id='par_1_77' title="bbox 2259 3375 3770 3455">
     <span class='ocr_line' id='line_1_77' title="bbox 2259 3375 3770 3455; baseline 0 -18"><span class='ocrx_word' id='word_1_527' title='bbox 2259 3400 2351 3454; x_wconf 83' lang='grc' dir='ltr'><strong>γος</strong></span> <span class='ocrx_word' id='word_1_528' title='bbox 2401 3382 2800 3454; x_wconf 78' lang='grc' dir='ltr'>ἀναφαίνεσθαι</span> <span class='ocrx_word' id='word_1_529' title='bbox 2848 3383 3101 3455; x_wconf 67' lang='grc' dir='ltr'>πέφυκεν</span> <span class='ocrx_word' id='word_1_530' title='bbox 3151 3381 3359 3455; x_wconf 75' lang='lat'><strong>(183</strong></span> <span class='ocrx_word' id='word_1_531' title='bbox 3399 3383 3467 3453; x_wconf 85' lang='grc' dir='ltr'>α)</span> <span class='ocrx_word' id='word_1_532' title='bbox 3506 3375 3770 3451; x_wconf 65' lang='grc' dir='ltr'>ἀκραιφνὴς.</span> 
     </span>
    </p>
   </div>
   <div class='ocr_carea' id='block_1_78' title="bbox 2253 3469 3772 3550">
    <p class='ocr_par' dir='ltr' id='par_1_78' title="bbox 2253 3469 3772 3550">
     <span class='ocr_line' id='line_1_78' title="bbox 2253 3469 3772 3550; baseline -0.009 -19"><span class='ocrx_word' id='word_1_533' title='bbox 2253 3476 2344 3532; x_wconf 82' lang='grc' dir='ltr'><strong>διὰ</strong></span> <span class='ocrx_word' id='word_1_534' title='bbox 2392 3477 2491 3550; x_wconf 81' lang='grc' dir='ltr'>τῆς</span> <span class='ocrx_word' id='word_1_535' title='bbox 2566 3477 2677 3531; x_wconf 84' lang='grc' dir='ltr'><strong>τῶν</strong></span> <span class='ocrx_word' id='word_1_536' title='bbox 2735 3475 3197 3548; x_wconf 82' lang='grc' dir='ltr'>ἀπεμφαινόντων</span> <span class='ocrx_word' id='word_1_537' title='bbox 3264 3472 3665 3546; x_wconf 79' lang='grc' dir='ltr'>ἀπαριθμήσεως</span> <span class='ocrx_word' id='word_1_538' title='bbox 3690 3469 3772 3520; x_wconf 58' lang='lat' dir='ltr'><strong>tio.</strong></span> 
     </span>
    </p>
   </div>
   <div class='ocr_carea' id='block_1_79' title="bbox 2254 3559 3829 3642">
    <p class='ocr_par' dir='ltr' id='par_1_79' title="bbox 2254 3559 3829 3642">
     <span class='ocr_line' id='line_1_79' title="bbox 2254 3559 3829 3642; baseline -0.015 -8"><span class='ocrx_word' id='word_1_539' title='bbox 2254 3568 2585 3642; x_wconf 79' lang='grc' dir='ltr'>ηγοῦμενος,</span> <span class='ocrx_word' id='word_1_540' title='bbox 2613 3568 2793 3625; x_wconf 84' lang='grc' dir='ltr'>ταῦτά</span> <span class='ocrx_word' id='word_1_541' title='bbox 2832 3585 3001 3641; x_wconf 83' lang='grc' dir='ltr'>φησιν</span> <span class='ocrx_word' id='word_1_542' title='bbox 3026 3569 3057 3623; x_wconf 86' lang='grc' dir='ltr'><strong>ό</strong></span> <span class='ocrx_word' id='word_1_543' title='bbox 3092 3567 3437 3635; x_wconf 90' lang='grc' dir='ltr'>διδάσκαλος,</span> <span class='ocrx_word' id='word_1_544' title='bbox 3477 3567 3555 3620; x_wconf 74' lang='grc' dir='ltr'>ἵνα</span> <span class='ocrx_word' id='word_1_545' title='bbox 3574 3564 3649 3619; x_wconf 72' lang='grc' dir='ltr'><strong>διὰ</strong></span> <span class='ocrx_word' id='word_1_546' title='bbox 3678 3559 3769 3614; x_wconf 65' lang='grc' dir='ltr'><strong>τούς</strong></span> <span class='ocrx_word' id='word_1_547' title='bbox 3824 3572 3829 3575; x_wconf 92' lang='grc'>·</span> 
     </span>
    </p>
   </div>
   <div class='ocr_carea' id='block_1_80' title="bbox 2251 3652 3772 3729">
    <p class='ocr_par' dir='ltr' id='par_1_80' title="bbox 2251 3652 3772 3729">
     <span class='ocr_line' id='line_1_80' title="bbox 2251 3652 3772 3729; baseline -0.001 -10"><span class='ocrx_word' id='word_1_548' title='bbox 2251 3682 2360 3719; x_wconf 86' lang='grc' dir='ltr'>των</span> <span class='ocrx_word' id='word_1_549' title='bbox 2402 3663 2700 3729; x_wconf 78' lang='grc' dir='ltr'>εὐτάκτους</span> <span class='ocrx_word' id='word_1_550' title='bbox 2739 3662 2886 3720; x_wconf 80' lang='grc' dir='ltr'>εἶναι</span> <span class='ocrx_word' id='word_1_551' title='bbox 2918 3662 3014 3718; x_wconf 82' lang='grc' dir='ltr'>καὶ</span> <span class='ocrx_word' id='word_1_552' title='bbox 3055 3660 3311 3726; x_wconf 82' lang='grc' dir='ltr'>εὐλαδεῖς</span> <span class='ocrx_word' id='word_1_553' title='bbox 3340 3660 3464 3725; x_wconf 80' lang='grc' dir='ltr'>τοὺς</span> <span class='ocrx_word' id='word_1_554' title='bbox 3488 3658 3678 3729; x_wconf 76' lang='grc' dir='ltr'>θρασεῖς</span> <span class='ocrx_word' id='word_1_555' title='bbox 3705 3652 3772 3706; x_wconf 64' lang='grc' dir='ltr'><strong>καὶ</strong></span> 
     </span>
    </p>
   </div>
   <div class='ocr_carea' id='block_1_81' title="bbox 2253 3746 3769 3829">
    <p class='ocr_par' dir='ltr' id='par_1_81' title="bbox 2253 3746 3769 3829">
     <span class='ocr_line' id='line_1_81' title="bbox 2253 3746 3769 3829; baseline -0.003 -18"><span class='ocrx_word' id='word_1_556' title='bbox 2253 3756 2531 3821; x_wconf 82' lang='grc' dir='ltr'>ἀτάκτους</span> <span class='ocrx_word' id='word_1_557' title='bbox 2559 3757 2659 3811; x_wconf 79' lang='grc' dir='ltr'>καὶ</span> <span class='ocrx_word' id='word_1_558' title='bbox 2690 3756 2965 3829; x_wconf 86' lang='grc' dir='ltr'>μηδεμίαν</span> <span class='ocrx_word' id='word_1_559' title='bbox 2999 3754 3158 3823; x_wconf 84' lang='grc' dir='ltr'>τάξιν</span> <span class='ocrx_word' id='word_1_560' title='bbox 3193 3754 3429 3818; x_wconf 72' lang='grc' dir='ltr'>εἰδότας,</span> <span class='ocrx_word' id='word_1_561' title='bbox 3474 3750 3660 3811; x_wconf 69' lang='grc' dir='ltr'>οὐδενὸς</span> <span class='ocrx_word' id='word_1_562' title='bbox 3681 3746 3769 3816; x_wconf 74' lang='grc' dir='ltr'>μὲν.</span> 
     </span>
    </p>
   </div>
   <div class='ocr_carea' id='block_1_82' title="bbox 2256 3840 3767 3919">
    <p class='ocr_par' dir='ltr' id='par_1_82' title="bbox 2256 3840 3767 3919">
     <span class='ocr_line' id='line_1_82' title="bbox 2256 3840 3767 3919; baseline -0.008 -17"><span class='ocrx_word' id='word_1_563' title='bbox 2256 3847 2494 3918; x_wconf 86' lang='grc' dir='ltr'>μάλιστα</span> <span class='ocrx_word' id='word_1_564' title='bbox 2534 3847 2593 3900; x_wconf 82' lang='grc' dir='ltr'>δὲ</span> <span class='ocrx_word' id='word_1_565' title='bbox 2638 3847 2742 3918; x_wconf 84' lang='grc' dir='ltr'>τῆς</span> <span class='ocrx_word' id='word_1_566' title='bbox 2784 3847 2914 3919; x_wconf 75' lang='grc' dir='ltr'>περὶ</span> <span class='ocrx_word' id='word_1_567' title='bbox 2956 3844 3092 3901; x_wconf 88' lang='grc' dir='ltr'><strong>Θεοῦ</strong></span> <span class='ocrx_word' id='word_1_568' title='bbox 3126 3845 3443 3913; x_wconf 75' lang='grc' dir='ltr'>διαλέξεως,</span> <span class='ocrx_word' id='word_1_569' title='bbox 3479 3842 3600 3897; x_wconf 76' lang='grc' dir='ltr'>ἀλλὰ</span> <span class='ocrx_word' id='word_1_570' title='bbox 3632 3840 3767 3892; x_wconf 75' lang='grc' dir='ltr'>πάντα</span> 
     </span>
    </p>
   </div>
   <div class='ocr_carea' id='block_1_83' title="bbox 2251 3928 3768 4011">
    <p class='ocr_par' dir='ltr' id='par_1_83' title="bbox 2251 3928 3768 4011">
     <span class='ocr_line' id='line_1_83' title="bbox 2251 3928 3768 4011; baseline -0.005 -20"><span class='ocrx_word' id='word_1_571' title='bbox 2251 3937 2544 4010; x_wconf 75' lang='grc' dir='ltr'>τολμηρῶς</span> <span class='ocrx_word' id='word_1_572' title='bbox 2584 3939 2841 4011; x_wconf 80' lang='grc' dir='ltr'>ἀλλήλοις</span> <span class='ocrx_word' id='word_1_573' title='bbox 2885 3938 3198 4011; x_wconf 87' lang='grc' dir='ltr'>παμμιγῶς</span> <span class='ocrx_word' id='word_1_574' title='bbox 3228 3939 3303 3993; x_wconf 88' lang='grc' dir='ltr'><strong>τά</strong></span> <span class='ocrx_word' id='word_1_575' title='bbox 3344 3936 3590 3992; x_wconf 85' lang='grc' dir='ltr'>διεστῶτα</span> <span class='ocrx_word' id='word_1_576' title='bbox 3616 3928 3768 4001; x_wconf 80' lang='grc' dir='ltr'>φόρον-</span> 
     </span>
    </p>
   </div>
   <div class='ocr_carea' id='block_1_84' title="bbox 2250 4021 3770 4105">
    <p class='ocr_par' dir='ltr' id='par_1_84' title="bbox 2250 4021 3770 4105">
     <span class='ocr_line' id='line_1_84' title="bbox 2250 4021 3770 4105; baseline -0.013 -8"><span class='ocrx_word' id='word_1_577' title='bbox 2250 4031 2352 4096; x_wconf 82' lang='grc' dir='ltr'>τάς</span> <span class='ocrx_word' id='word_1_578' title='bbox 2379 4048 2440 4085; x_wconf 90' lang='grc' dir='ltr'><strong>τε</strong></span> <span class='ocrx_word' id='word_1_579' title='bbox 2477 4032 2574 4085; x_wconf 77' lang='grc' dir='ltr'>καὶ</span> <span class='ocrx_word' id='word_1_580' title='bbox 2619 4033 2954 4105; x_wconf 72' lang='grc' dir='ltr'>συγχέοντας</span> <span class='ocrx_word' id='word_1_581' title='bbox 3001 4031 3289 4098; x_wconf 76' lang='grc' dir='ltr'>διδάξειεν.</span> <span class='ocrx_word' id='word_1_582' title='bbox 3330 4031 3397 4085; x_wconf 84' lang='lat' dir='ltr'><strong>El</strong></span> <span class='ocrx_word' id='word_1_583' title='bbox 3440 4030 3541 4102; x_wconf 76' lang='grc' dir='ltr'><strong>γὰρ</strong></span> <span class='ocrx_word' id='word_1_584' title='bbox 3585 4024 3673 4080; x_wconf 79' lang='grc' dir='ltr'><strong>τῶν</strong></span> <span class='ocrx_word' id='word_1_585' title='bbox 3695 4021 3770 4074; x_wconf 73' lang='grc' dir='ltr'>οὐκ</span> 
     </span>
    </p>
   </div>
   <div class='ocr_carea' id='block_1_85' title="bbox 2250 4117 3764 4195">
    <p class='ocr_par' dir='ltr' id='par_1_85' title="bbox 2250 4117 3764 4195">
     <span class='ocr_line' id='line_1_85' title="bbox 2250 4117 3764 4195; baseline -0.008 -17"><span class='ocrx_word' id='word_1_586' title='bbox 2250 4124 2488 4195; x_wconf 79' lang='grc' dir='ltr'>ἑχόντων</span> <span class='ocrx_word' id='word_1_587' title='bbox 2512 4123 2677 4195; x_wconf 78' lang='grc' dir='ltr'>φύσιν</span> <span class='ocrx_word' id='word_1_588' title='bbox 2702 4125 2844 4191; x_wconf 79' lang='grc' dir='ltr'>ἐστὶ,</span> <span class='ocrx_word' id='word_1_589' title='bbox 2874 4124 2972 4179; x_wconf 73' lang='grc' dir='ltr'>καὶ</span> <span class='ocrx_word' id='word_1_590' title='bbox 2999 4123 3089 4178; x_wconf 84' lang='grc' dir='ltr'><strong>διά</strong></span> <span class='ocrx_word' id='word_1_591' title='bbox 3115 4123 3281 4179; x_wconf 77' lang='grc' dir='ltr'>τοῦτο</span> <span class='ocrx_word' id='word_1_592' title='bbox 3323 4124 3445 4179; x_wconf 83' lang='grc' dir='ltr'>οὐδὲ</span> <span class='ocrx_word' id='word_1_593' title='bbox 3467 4122 3624 4189; x_wconf 76' lang='grc' dir='ltr'>τάξιν,</span> <span class='ocrx_word' id='word_1_594' title='bbox 3650 4117 3697 4171; x_wconf 83' lang='grc' dir='ltr'><strong>τό</strong></span> <span class='ocrx_word' id='word_1_595' title='bbox 3721 4130 3764 4166; x_wconf 81' lang='grc' dir='ltr'><strong>τε</strong></span> 
     </span>
    </p>
   </div>
   <div class='ocr_carea' id='block_1_86' title="bbox 2250 4210 3768 4289">
    <p class='ocr_par' dir='ltr' id='par_1_86' title="bbox 2250 4210 3768 4289">
     <span class='ocr_line' id='line_1_86' title="bbox 2250 4210 3768 4289; baseline -0.001 -19"><span class='ocrx_word' id='word_1_596' title='bbox 2250 4214 2415 4279; x_wconf 79' lang='grc' dir='ltr'>ἄνθος</span> <span class='ocrx_word' id='word_1_597' title='bbox 2472 4218 2532 4270; x_wconf 72' lang='grc' dir='ltr'>ἐν</span> <span class='ocrx_word' id='word_1_598' title='bbox 2576 4215 2812 4287; x_wconf 84' lang='grc' dir='ltr'>χειμῶνι</span> <span class='ocrx_word' id='word_1_599' title='bbox 2859 4211 3166 4289; x_wconf 74' lang='grc' dir='ltr'>ὁρώμενον,</span> <span class='ocrx_word' id='word_1_600' title='bbox 3213 4218 3314 4271; x_wconf 75' lang='grc' dir='ltr'>καὶ</span> <span class='ocrx_word' id='word_1_601' title='bbox 3357 4214 3566 4287; x_wconf 68' lang='grc' dir='ltr'>γυναιξὶ</span> <span class='ocrx_word' id='word_1_602' title='bbox 3612 4210 3768 4275; x_wconf 65' lang='grc' dir='ltr'>κόσμος</span> 
     </span>
    </p>
   </div>
   <div class='ocr_carea' id='block_1_87' title="bbox 2249 4301 3766 4383">
    <p class='ocr_par' dir='ltr' id='par_1_87' title="bbox 2249 4301 3766 4383">
     <span class='ocr_line' id='line_1_87' title="bbox 2249 4301 3766 4383; baseline -0.002 -20"><span class='ocrx_word' id='word_1_603' title='bbox 2249 4308 2494 4380; x_wconf 82' lang='grc' dir='ltr'>ἀνδρεῖος</span> <span class='ocrx_word' id='word_1_604' title='bbox 2542 4308 2999 4381; x_wconf 73' lang='grc' dir='ltr'>ἐπιϐεϐλημένος,</span> <span class='ocrx_word' id='word_1_605' title='bbox 3049 4308 3149 4363; x_wconf 78' lang='grc' dir='ltr'><strong>καὶ</strong></span> <span class='ocrx_word' id='word_1_606' title='bbox 3215 4309 3445 4383; x_wconf 77' lang='grc' dir='ltr'>ἀνδράσι</span> <span class='ocrx_word' id='word_1_607' title='bbox 3501 4301 3766 4375; x_wconf 66' lang='grc' dir='ltr'>γυναικεῖος,</span> 
     </span>
    </p>
   </div>
   <div class='ocr_carea' id='block_1_88' title="bbox 2248 4390 3767 4473">
    <p class='ocr_par' dir='ltr' id='par_1_88' title="bbox 2248 4390 3767 4473">
     <span class='ocr_line' id='line_1_88' title="bbox 2248 4390 3767 4473; baseline -0.005 -18"><span class='ocrx_word' id='word_1_608' title='bbox 2248 4402 2345 4455; x_wconf 82' lang='grc' dir='ltr'>καὶ</span> <span class='ocrx_word' id='word_1_609' title='bbox 2371 4401 2557 4456; x_wconf 77' lang='grc' dir='ltr'>πένθει</span> <span class='ocrx_word' id='word_1_610' title='bbox 2600 4401 2957 4473; x_wconf 82' lang='grc' dir='ltr'>συνημμένην</span> <span class='ocrx_word' id='word_1_611' title='bbox 2980 4401 3331 4473; x_wconf 84' lang='grc' dir='ltr'>γεωμετρίαν</span> <span class='ocrx_word' id='word_1_612' title='bbox 3367 4400 3540 4469; x_wconf 77' lang='grc' dir='ltr'>λέγειν</span> <span class='ocrx_word' id='word_1_613' title='bbox 3570 4395 3655 4468; x_wconf 81' lang='grc' dir='ltr'>(τὺ</span> <span class='ocrx_word' id='word_1_614' title='bbox 3693 4390 3767 4462; x_wconf 74' lang='grc' dir='ltr'>μὲν</span> 
     </span>
    </p>
   </div>
   <div class='ocr_carea' id='block_1_89' title="bbox 560 4465 2155 4566">
    <p class='ocr_par' dir='ltr' id='par_1_89' title="bbox 560 4465 2146 4554">
     <span class='ocr_line' id='line_1_89' title="bbox 560 4465 2146 4554; baseline 0.016 -33"><span class='ocrx_word' id='word_1_615' title='bbox 560 4465 795 4525; x_wconf 89' lang='lat' dir='ltr'><strong>invicem</strong></span> <span class='ocrx_word' id='word_1_616' title='bbox 829 4472 883 4531; x_wconf 87' lang='lat' dir='ltr'><strong>in</strong></span> <span class='ocrx_word' id='word_1_617' title='bbox 910 4474 1031 4530; x_wconf 88' lang='lat' dir='ltr'><strong>viro</strong></span> <span class='ocrx_word' id='word_1_618' title='bbox 1061 4484 1118 4531; x_wconf 91' lang='lat' dir='ltr'><strong>et</strong></span> <span class='ocrx_word' id='word_1_619' title='bbox 1143 4480 1374 4537; x_wconf 86' lang='lat' dir='ltr'><strong>muliere</strong></span> <span class='ocrx_word' id='word_1_620' title='bbox 1403 4499 1675 4554; x_wconf 84' lang='lat' dir='ltr'><strong>apparens</strong></span> <span class='ocrx_word' id='word_1_621' title='bbox 1702 4494 1957 4542; x_wconf 90' lang='lat' dir='ltr'><strong>naturam</strong></span> <span class='ocrx_word' id='word_1_622' title='bbox 1988 4489 2146 4546; x_wconf 84' lang='lat' dir='ltr'><strong>adul-</strong></span> 
     </span>
    </p>
   </div>
   <div class='ocr_carea' id='block_1_90' title="bbox 2248 4465 3766 4566">
    <p class='ocr_par' dir='ltr' id='par_1_90' title="bbox 2248 4465 3766 4566">
     <span class='ocr_line' id='line_1_90' title="bbox 2248 4465 3766 4566; baseline -0.009 -16"><span class='ocrx_word' id='word_1_623' title='bbox 2248 4494 2358 4565; x_wconf 84' lang='grc' dir='ltr'><strong>γὰρ</strong></span> <span class='ocrx_word' id='word_1_624' title='bbox 2397 4465 2849 4564; x_wconf 47' lang='grc' dir='ltr'>καινοτομεϊητδν</span> <span class='ocrx_word' id='word_1_625' title='bbox 2889 4465 3219 4566; x_wconf 28' lang='grc' dir='ltr'>χρόνονςκαί</span> <span class='ocrx_word' id='word_1_626' title='bbox 3245 4494 3350 4564; x_wconf 78' lang='grc' dir='ltr'>τῆς</span> <span class='ocrx_word' id='word_1_627' title='bbox 3380 4465 3511 4555; x_wconf 77' lang='grc' dir='ltr'>ἰδίας</span> <span class='ocrx_word' id='word_1_628' title='bbox 3547 4465 3766 4555; x_wconf 69' lang='grc' dir='ltr'>ἐξίσταται</span> 
     </span>
    </p>
   </div>
   <div class='ocr_carea' id='block_1_91' title="bbox 558 4565 2142 4653">
    <p class='ocr_par' dir='ltr' id='par_1_91' title="bbox 558 4565 2142 4653">
     <span class='ocr_line' id='line_1_91' title="bbox 558 4565 2142 4653; baseline 0.016 -39"><span class='ocrx_word' id='word_1_629' title='bbox 558 4566 698 4618; x_wconf 84' lang='lat' dir='ltr'><strong>terat</strong></span> <span class='ocrx_word' id='word_1_630' title='bbox 718 4571 775 4619; x_wconf 93' lang='lat' dir='ltr'><strong>et</strong></span> <span class='ocrx_word' id='word_1_631' title='bbox 796 4565 1017 4623; x_wconf 90' lang='lat' dir='ltr'><strong>modum</strong></span> <span class='ocrx_word' id='word_1_632' title='bbox 1041 4584 1110 4626; x_wconf 80' lang='lat' dir='ltr'><strong>ex</strong></span> <span class='ocrx_word' id='word_1_633' title='bbox 1134 4579 1331 4629; x_wconf 88' lang='lat' dir='ltr'><strong>natura</strong></span> <span class='ocrx_word' id='word_1_634' title='bbox 1363 4576 1445 4631; x_wconf 90' lang='lat' dir='ltr'><strong>eis</strong></span> <span class='ocrx_word' id='word_1_635' title='bbox 1472 4578 1892 4636; x_wconf 79' lang='lat' dir='ltr'><strong>convenientem</strong></span> <span class='ocrx_word' id='word_1_636' title='bbox 1919 4598 1983 4637; x_wconf 84' lang='lat' dir='ltr'><strong>ac</strong></span> <span class='ocrx_word' id='word_1_637' title='bbox 2013 4598 2142 4653; x_wconf 86' lang='lat' dir='ltr'><strong>pro-</strong></span> 
     </span>
    </p>
   </div>
   <div class='ocr_carea' id='block_1_92' title="bbox 556 4651 2137 4744">
    <p class='ocr_par' dir='ltr' id='par_1_92' title="bbox 556 4651 2137 4744">
     <span class='ocr_line' id='line_1_92' title="bbox 556 4651 2137 4744; baseline 0.015 -39"><span class='ocrx_word' id='word_1_638' title='bbox 556 4651 739 4744; x_wconf 89' lang='lat' dir='ltr'><strong>prium</strong></span> <span class='ocrx_word' id='word_1_639' title='bbox 772 4657 933 4724; x_wconf 87' lang='lat' dir='ltr'><strong>tollit,</strong></span> <span class='ocrx_word' id='word_1_640' title='bbox 962 4661 1124 4718; x_wconf 89' lang='lat' dir='ltr'><strong>tertia</strong></span> <span class='ocrx_word' id='word_1_641' title='bbox 1154 4664 1284 4720; x_wconf 88' lang='lat' dir='ltr'><strong>dum</strong></span> <span class='ocrx_word' id='word_1_642' title='bbox 1315 4682 1438 4737; x_wconf 73' lang='lat' dir='ltr'><strong>quae</strong></span> <span class='ocrx_word' id='word_1_643' title='bbox 1469 4672 1804 4727; x_wconf 81' lang='lat' dir='ltr'><strong>coexsistcre</strong></span> <span class='ocrx_word' id='word_1_644' title='bbox 1833 4651 2137 4744; x_wconf 80' lang='lat' dir='ltr'><strong>nequeunt,</strong></span> 
     </span>
    </p>
   </div>
   <div class='ocr_carea' id='block_1_93' title="bbox 554 4743 2140 4838">
    <p class='ocr_par' dir='ltr' id='par_1_93' title="bbox 554 4743 2140 4838">
     <span class='ocr_line' id='line_1_93' title="bbox 554 4743 2140 4838; baseline 0.016 -40"><span class='ocrx_word' id='word_1_645' title='bbox 554 4743 850 4815; x_wconf 84' lang='lat' dir='ltr'><strong>gaudium,</strong></span> <span class='ocrx_word' id='word_1_646' title='bbox 883 4749 1139 4822; x_wconf 83' lang='lat' dir='ltr'><strong>inquam,</strong></span> <span class='ocrx_word' id='word_1_647' title='bbox 1167 4766 1228 4811; x_wconf 89' lang='lat' dir='ltr'><strong>et</strong></span> <span class='ocrx_word' id='word_1_648' title='bbox 1266 4772 1592 4825; x_wconf 80' lang='lat' dir='ltr'><strong>mmrorem,</strong></span> <span class='ocrx_word' id='word_1_649' title='bbox 1627 4761 1681 4816; x_wconf 90' lang='lat' dir='ltr'><strong>in</strong></span> <span class='ocrx_word' id='word_1_650' title='bbox 1730 4780 1899 4819; x_wconf 87' lang='lat' dir='ltr'><strong>unum</strong></span> <span class='ocrx_word' id='word_1_651' title='bbox 1924 4743 2140 4838; x_wconf 73' lang='lat' dir='ltr'><strong>cogere</strong></span> 
     </span>
    </p>
   </div>
   <div class='ocr_carea' id='block_1_94' title="bbox 554 4836 2141 4921">
    <p class='ocr_par' dir='ltr' id='par_1_94' title="bbox 554 4836 2141 4921">
     <span class='ocr_line' id='line_1_94' title="bbox 554 4836 2141 4921; baseline 0.014 -30"><span class='ocrx_word' id='word_1_652' title='bbox 554 4840 752 4899; x_wconf 74' lang='lat' dir='ltr'><strong>tentet.</strong></span> <span class='ocrx_word' id='word_1_653' title='bbox 772 4836 1026 4910; x_wconf 85' lang='lat' dir='ltr'><strong>inquinat</strong></span> <span class='ocrx_word' id='word_1_654' title='bbox 1047 4858 1111 4899; x_wconf 88' lang='lat' dir='ltr'><strong>ea</strong></span> <span class='ocrx_word' id='word_1_655' title='bbox 1136 4860 1369 4914; x_wconf 88' lang='lat' dir='ltr'><strong>prorsus</strong></span> <span class='ocrx_word' id='word_1_656' title='bbox 1391 4859 1447 4904; x_wconf 90' lang='lat' dir='ltr'><strong>et</strong></span> <span class='ocrx_word' id='word_1_657' title='bbox 1470 4851 1735 4921; x_wconf 87' lang='lat' dir='ltr'><strong>perimit),</strong></span> <span class='ocrx_word' id='word_1_658' title='bbox 1758 4870 1940 4911; x_wconf 88' lang='lat' dir='ltr'><strong>nonne</strong></span> <span class='ocrx_word' id='word_1_659' title='bbox 1966 4836 2141 4914; x_wconf 86' lang='lat' dir='ltr'><strong>multo</strong></span> 
     </span>
    </p>
   </div>
   <div class='ocr_carea' id='block_1_95' title="bbox 553 4926 2143 5015">
    <p class='ocr_par' dir='ltr' id='par_1_95' title="bbox 553 4926 2143 5015">
     <span class='ocr_line' id='line_1_95' title="bbox 553 4926 2143 5015; baseline 0.018 -37"><span class='ocrx_word' id='word_1_660' title='bbox 553 4926 741 4994; x_wconf 86' lang='lat' dir='ltr'><strong>potius</strong></span> <span class='ocrx_word' id='word_1_661' title='bbox 773 4944 958 4987; x_wconf 90' lang='lat' dir='ltr'><strong>sermo</strong></span> <span class='ocrx_word' id='word_1_662' title='bbox 983 4932 1052 4991; x_wconf 90' lang='lat' dir='ltr'><strong>de</strong></span> <span class='ocrx_word' id='word_1_663' title='bbox 1084 4935 1198 4992; x_wconf 89' lang='lat' dir='ltr'><strong>Deo</strong></span> <span class='ocrx_word' id='word_1_664' title='bbox 1234 4948 1442 4997; x_wconf 89' lang='lat' dir='ltr'><strong>temere</strong></span> <span class='ocrx_word' id='word_1_665' title='bbox 1475 4951 1533 4998; x_wconf 92' lang='lat' dir='ltr'><strong>et</strong></span> <span class='ocrx_word' id='word_1_666' title='bbox 1557 4958 1589 4998; x_wconf 91' lang='lat' dir='ltr'><strong>a</strong></span> <span class='ocrx_word' id='word_1_667' title='bbox 1620 4946 1871 5015; x_wconf 89' lang='lat' dir='ltr'><strong>quolibet</strong></span> <span class='ocrx_word' id='word_1_668' title='bbox 1899 4947 2054 5005; x_wconf 84' lang='lat' dir='ltr'><strong>fusus</strong></span> <span class='ocrx_word' id='word_1_669' title='bbox 2083 4959 2143 5007; x_wconf 80' lang='lat' dir='ltr'><strong>et</strong></span> 
     </span>
    </p>
   </div>
   <div class='ocr_carea' id='block_1_96' title="bbox 552 5016 2136 5109">
    <p class='ocr_par' dir='ltr' id='par_1_96' title="bbox 552 5016 2136 5109">
     <span class='ocr_line' id='line_1_96' title="bbox 552 5016 2136 5109; baseline 0.017 -40"><span class='ocrx_word' id='word_1_670' title='bbox 552 5030 665 5109; x_wconf 75' lang='lat' dir='ltr'><strong>quo</strong></span> <span class='ocrx_word' id='word_1_671' title='bbox 695 5016 843 5076; x_wconf 85' lang='lat' dir='ltr'><strong>haud</strong></span> <span class='ocrx_word' id='word_1_672' title='bbox 877 5022 1040 5081; x_wconf 89' lang='lat' dir='ltr'><strong>decet</strong></span> <span class='ocrx_word' id='word_1_673' title='bbox 1076 5036 1326 5098; x_wconf 88' lang='lat' dir='ltr'><strong>tempore</strong></span> <span class='ocrx_word' id='word_1_674' title='bbox 1362 5039 1420 5087; x_wconf 90' lang='lat' dir='ltr'><strong>et</strong></span> <span class='ocrx_word' id='word_1_675' title='bbox 1451 5035 1576 5089; x_wconf 88' lang='lat' dir='ltr'><strong>loco</strong></span> <span class='ocrx_word' id='word_1_676' title='bbox 1609 5034 1836 5106; x_wconf 88' lang='lat' dir='ltr'><strong>insuper</strong></span> <span class='ocrx_word' id='word_1_677' title='bbox 1870 5040 2136 5109; x_wconf 86' lang='lat' dir='ltr'><strong>prolatus,</strong></span> 
     </span>
    </p>
   </div>
   <div class='ocr_carea' id='block_1_97' title="bbox 554 5104 2139 5203">
    <p class='ocr_par' dir='ltr' id='par_1_97' title="bbox 554 5104 2139 5203">
     <span class='ocr_line' id='line_1_97' title="bbox 554 5104 2139 5203; baseline 0.018 -43"><span class='ocrx_word' id='word_1_678' title='bbox 554 5104 809 5203; x_wconf 75' lang='lat' dir='ltr'><strong>informis</strong></span> <span class='ocrx_word' id='word_1_679' title='bbox 827 5123 885 5169; x_wconf 92' lang='lat' dir='ltr'><strong>et</strong></span> <span class='ocrx_word' id='word_1_680' title='bbox 908 5114 1309 5178; x_wconf 85' lang='lat' dir='ltr'><strong>inconveniens</strong></span> <span class='ocrx_word' id='word_1_681' title='bbox 1335 5125 1463 5191; x_wconf 88' lang='lat' dir='ltr'><strong>erit,</strong></span> <span class='ocrx_word' id='word_1_682' title='bbox 1486 5134 1543 5181; x_wconf 91' lang='lat' dir='ltr'><strong>et</strong></span> <span class='ocrx_word' id='word_1_683' title='bbox 1566 5104 1914 5199; x_wconf 78' lang='lat' dir='ltr'><strong>nequaquam</strong></span> <span class='ocrx_word' id='word_1_684' title='bbox 1939 5104 2139 5203; x_wconf 77' lang='lat' dir='ltr'><strong>dignus</strong></span> 
     </span>
    </p>
   </div>
   <div class='ocr_carea' id='block_1_98' title="bbox 553 5196 2143 5291">
    <p class='ocr_par' dir='ltr' id='par_1_98' title="bbox 553 5196 2143 5291">
     <span class='ocr_line' id='line_1_98' title="bbox 553 5196 2143 5291; baseline 0.018 -41"><span class='ocrx_word' id='word_1_685' title='bbox 553 5196 649 5267; x_wconf 87' lang='lat' dir='ltr'><strong>qui</strong></span> <span class='ocrx_word' id='word_1_686' title='bbox 688 5200 965 5271; x_wconf 81' lang='lat' dir='ltr'><strong>audiatur,</strong></span> <span class='ocrx_word' id='word_1_687' title='bbox 996 5223 1157 5273; x_wconf 90' lang='lat' dir='ltr'><strong>cum,</strong></span> <span class='ocrx_word' id='word_1_688' title='bbox 1187 5220 1248 5267; x_wconf 94' lang='lat' dir='ltr'><strong>ut</strong></span> <span class='ocrx_word' id='word_1_689' title='bbox 1276 5226 1379 5284; x_wconf 88' lang='lat' dir='ltr'><strong>ego</strong></span> <span class='ocrx_word' id='word_1_690' title='bbox 1405 5216 1620 5284; x_wconf 89' lang='lat' dir='ltr'><strong>sentio,</strong></span> <span class='ocrx_word' id='word_1_691' title='bbox 1651 5196 1803 5273; x_wconf 76' lang='lat' dir='ltr'><strong>tanto</strong></span> <span class='ocrx_word' id='word_1_692' title='bbox 1832 5196 2028 5291; x_wconf 66' lang='lat' dir='ltr'><strong>potius</strong></span> <span class='ocrx_word' id='word_1_693' title='bbox 2044 5218 2143 5277; x_wconf 87' lang='lat' dir='ltr'><strong>ne-</strong></span> 
     </span>
    </p>
   </div>
   <div class='ocr_carea' id='block_1_99' title="bbox 553 5294 2142 5383">
    <p class='ocr_par' dir='ltr' id='par_1_99' title="bbox 553 5294 2142 5383">
     <span class='ocr_line' id='line_1_99' title="bbox 553 5294 2142 5383; baseline 0.013 -36"><span class='ocrx_word' id='word_1_694' title='bbox 553 5304 711 5349; x_wconf 69' lang='lat' dir='ltr'><strong>masc</strong></span> <span class='ocrx_word' id='word_1_695' title='bbox 746 5294 821 5351; x_wconf 91' lang='lat' dir='ltr'><strong>sit</strong></span> <span class='ocrx_word' id='word_1_696' title='bbox 853 5296 1113 5356; x_wconf 88' lang='lat' dir='ltr'><strong>idoneum</strong></span> <span class='ocrx_word' id='word_1_697' title='bbox 1150 5302 1219 5358; x_wconf 89' lang='lat' dir='ltr'><strong>de</strong></span> <span class='ocrx_word' id='word_1_698' title='bbox 1256 5304 1367 5361; x_wconf 77' lang='lat' dir='ltr'><strong>Deo</strong></span> <span class='ocrx_word' id='word_1_699' title='bbox 1401 5305 1712 5364; x_wconf 88' lang='lat' dir='ltr'><strong>disserendi</strong></span> <span class='ocrx_word' id='word_1_700' title='bbox 1749 5317 1969 5383; x_wconf 89' lang='lat' dir='ltr'><strong>tempus</strong></span> <span class='ocrx_word' id='word_1_701' title='bbox 2002 5312 2142 5369; x_wconf 85' lang='lat' dir='ltr'><strong>deli-</strong></span> 
     </span>
    </p>
   </div>
   <div class='ocr_carea' id='block_1_100' title="bbox 551 5388 2138 5476">
    <p class='ocr_par' dir='ltr' id='par_1_100' title="bbox 551 5388 2138 5476">
     <span class='ocr_line' id='line_1_100' title="bbox 551 5388 2138 5476; baseline 0.013 -35"><span class='ocrx_word' id='word_1_702' title='bbox 551 5395 686 5476; x_wconf 70' lang='lat' dir='ltr'><strong>gant</strong></span> <span class='ocrx_word' id='word_1_703' title='bbox 712 5388 1037 5459; x_wconf 83' lang='lat' dir='ltr'><strong>prudentes,</strong></span> <span class='ocrx_word' id='word_1_704' title='bbox 1059 5404 1267 5464; x_wconf 90' lang='lat' dir='ltr'><strong>quanto</strong></span> <span class='ocrx_word' id='word_1_705' title='bbox 1300 5399 1354 5453; x_wconf 86' lang='lat' dir='ltr'><strong>in</strong></span> <span class='ocrx_word' id='word_1_706' title='bbox 1391 5400 1557 5457; x_wconf 84' lang='lat' dir='ltr'><strong>rebus</strong></span> <span class='ocrx_word' id='word_1_707' title='bbox 1588 5403 1747 5471; x_wconf 86' lang='lat' dir='ltr'><strong>plane</strong></span> <span class='ocrx_word' id='word_1_708' title='bbox 1776 5403 2138 5476; x_wconf 56' lang='lat' dir='ltr'><strong>discrepanti.</strong></span> 
     </span>
    </p>
   </div>
   <div class='ocr_carea' id='block_1_101' title="bbox 554 5474 2135 5563">
    <p class='ocr_par' dir='ltr' id='par_1_101' title="bbox 554 5474 2135 5563">
     <span class='ocr_line' id='line_1_101' title="bbox 554 5474 2135 5563; baseline 0.015 -32"><span class='ocrx_word' id='word_1_709' title='bbox 554 5474 660 5534; x_wconf 82' lang='lat' dir='ltr'><strong>bus</strong></span> <span class='ocrx_word' id='word_1_710' title='bbox 695 5480 1020 5555; x_wconf 87' lang='lat' dir='ltr'><strong>nullumque</strong></span> <span class='ocrx_word' id='word_1_711' title='bbox 1059 5490 1453 5546; x_wconf 88' lang='lat' dir='ltr'><strong>commercium</strong></span> <span class='ocrx_word' id='word_1_712' title='bbox 1495 5493 1640 5550; x_wconf 88' lang='lat' dir='ltr'><strong>inter</strong></span> <span class='ocrx_word' id='word_1_713' title='bbox 1676 5511 1735 5551; x_wconf 91' lang='lat' dir='ltr'><strong>se</strong></span> <span class='ocrx_word' id='word_1_714' title='bbox 1778 5474 2135 5563; x_wconf 81' lang='lat' dir='ltr'><strong>habentibus,</strong></span> 
     </span>
    </p>
   </div>
   <div class='ocr_carea' id='block_1_102' title="bbox 550 5576 2136 5655">
    <p class='ocr_par' dir='ltr' id='par_1_102' title="bbox 550 5576 2136 5655">
     <span class='ocr_line' id='line_1_102' title="bbox 550 5576 2136 5655; baseline 0.015 -33"><span class='ocrx_word' id='word_1_715' title='bbox 550 5582 693 5637; x_wconf 87' lang='lat' dir='ltr'><strong>quas</strong></span> <span class='ocrx_word' id='word_1_716' title='bbox 726 5576 1184 5634; x_wconf 80' lang='lat' dir='ltr'><strong>commemoravit</strong></span> <span class='ocrx_word' id='word_1_717' title='bbox 1216 5580 1502 5653; x_wconf 85' lang='lat' dir='ltr'><strong>magister,</strong></span> <span class='ocrx_word' id='word_1_718' title='bbox 1529 5587 1885 5655; x_wconf 83' lang='lat' dir='ltr'><strong>geometriam</strong></span> <span class='ocrx_word' id='word_1_719' title='bbox 1925 5604 1955 5643; x_wconf 91' lang='lat' dir='ltr'><strong>a</strong></span> <span class='ocrx_word' id='word_1_720' title='bbox 2000 5604 2136 5646; x_wconf 75' lang='lat' dir='ltr'><strong>mm-</strong></span> 
     </span>
    </p>
   </div>
   <div class='ocr_carea' id='block_1_103' title="bbox 2247 4579 3764 4659">
    <p class='ocr_par' dir='ltr' id='par_1_103' title="bbox 2247 4579 3764 4659">
     <span class='ocr_line' id='line_1_103' title="bbox 2247 4579 3764 4659; baseline -0.016 -7"><span class='ocrx_word' id='word_1_721' title='bbox 2247 4587 2472 4650; x_wconf 80' lang='grc' dir='ltr'>θέσεως.</span> <span class='ocrx_word' id='word_1_722' title='bbox 2510 4585 2540 4639; x_wconf 76' lang='grc' dir='ltr'>ὁ</span> <span class='ocrx_word' id='word_1_723' title='bbox 2569 4586 2627 4641; x_wconf 80' lang='grc' dir='ltr'>δὲ</span> <span class='ocrx_word' id='word_1_724' title='bbox 2653 4587 3073 4659; x_wconf 85' lang='grc' dir='ltr'>παραχαράττει</span> <span class='ocrx_word' id='word_1_725' title='bbox 3102 4586 3203 4658; x_wconf 80' lang='grc' dir='ltr'>τὴν</span> <span class='ocrx_word' id='word_1_726' title='bbox 3244 4588 3408 4657; x_wconf 80' lang='grc' dir='ltr'>φύσιν</span> <span class='ocrx_word' id='word_1_727' title='bbox 3447 4580 3664 4646; x_wconf 73' lang='grc' dir='ltr'>ἐναλλὰξ,</span> <span class='ocrx_word' id='word_1_728' title='bbox 3697 4579 3764 4629; x_wconf 80' lang='grc' dir='ltr'>ἀν-</span> 
     </span>
    </p>
   </div>
   <div class='ocr_carea' id='block_1_104' title="bbox 2244 4669 3764 4749">
    <p class='ocr_par' dir='ltr' id='par_1_104' title="bbox 2244 4669 3764 4749">
     <span class='ocr_line' id='line_1_104' title="bbox 2244 4669 3764 4749; baseline -0.001 -18"><span class='ocrx_word' id='word_1_729' title='bbox 2244 4676 2333 4749; x_wconf 80' lang='grc' dir='ltr'><strong>δρί</strong></span> <span class='ocrx_word' id='word_1_730' title='bbox 2378 4695 2441 4732; x_wconf 81' lang='grc' dir='ltr'><strong>τε</strong></span> <span class='ocrx_word' id='word_1_731' title='bbox 2493 4679 2590 4734; x_wconf 74' lang='grc' dir='ltr'>καὶ</span> <span class='ocrx_word' id='word_1_732' title='bbox 2640 4681 2863 4748; x_wconf 74' lang='grc' dir='ltr'>γυναικὶ</span> <span class='ocrx_word' id='word_1_733' title='bbox 2912 4678 3354 4749; x_wconf 76' lang='grc' dir='ltr'>ἐπιφαινόμενος,</span> <span class='ocrx_word' id='word_1_734' title='bbox 3389 4679 3480 4734; x_wconf 79' lang='grc' dir='ltr'>καὶ</span> <span class='ocrx_word' id='word_1_735' title='bbox 3516 4675 3607 4747; x_wconf 80' lang='grc' dir='ltr'>τὴν</span> <span class='ocrx_word' id='word_1_736' title='bbox 3623 4669 3764 4730; x_wconf 78' lang='grc' dir='ltr'>αὐτοῖς</span> 
     </span>
    </p>
   </div>
   <div class='ocr_carea' id='block_1_105' title="bbox 2245 4764 3759 4841">
    <p class='ocr_par' dir='ltr' id='par_1_105' title="bbox 2245 4764 3759 4841">
     <span class='ocr_line' id='line_1_105' title="bbox 2245 4764 3759 4841; baseline 0 -20"><span class='ocrx_word' id='word_1_737' title='bbox 2245 4768 2562 4841; x_wconf 81' lang='grc' dir='ltr'>προσοῦσαν</span> <span class='ocrx_word' id='word_1_738' title='bbox 2603 4769 2669 4822; x_wconf 79' lang='grc' dir='ltr'>ὲκ</span> <span class='ocrx_word' id='word_1_739' title='bbox 2702 4767 2920 4838; x_wconf 80' lang='grc' dir='ltr'>φύσεως</span> <span class='ocrx_word' id='word_1_740' title='bbox 2948 4768 3106 4837; x_wconf 79' lang='grc' dir='ltr'>τάξιν</span> <span class='ocrx_word' id='word_1_741' title='bbox 3133 4769 3485 4840; x_wconf 43' lang='lat' dir='ltr'><strong>“inmani;</strong></span> <span class='ocrx_word' id='word_1_742' title='bbox 3515 4766 3567 4821; x_wconf 81' lang='grc' dir='ltr'>δὲ</span> <span class='ocrx_word' id='word_1_743' title='bbox 3601 4764 3659 4816; x_wconf 68' lang='grc' dir='ltr'><strong>τὰ</strong></span> <span class='ocrx_word' id='word_1_744' title='bbox 3684 4775 3759 4830; x_wconf 78' lang='grc' dir='ltr'>μη·</span> 
     </span>
    </p>
   </div>
   <div class='ocr_carea' id='block_1_106' title="bbox 2244 4852 3762 4930">
    <p class='ocr_par' dir='ltr' id='par_1_106' title="bbox 2244 4852 3762 4930">
     <span class='ocr_line' id='line_1_106' title="bbox 2244 4852 3762 4930; baseline 0.003 -17"><span class='ocrx_word' id='word_1_745' title='bbox 2244 4858 2394 4913; x_wconf 84' lang='grc' dir='ltr'><strong>δέπω</strong></span> <span class='ocrx_word' id='word_1_746' title='bbox 2418 4860 2786 4930; x_wconf 87' lang='grc' dir='ltr'>συνυπάρχειν</span> <span class='ocrx_word' id='word_1_747' title='bbox 2807 4858 3060 4930; x_wconf 79' lang='grc' dir='ltr'>ἀλλήλοις</span> <span class='ocrx_word' id='word_1_748' title='bbox 3087 4859 3385 4930; x_wconf 82' lang='grc' dir='ltr'>δυνάμενα,</span> <span class='ocrx_word' id='word_1_749' title='bbox 3403 4856 3566 4929; x_wconf 84' lang='grc' dir='ltr'>χαράν</span> <span class='ocrx_word' id='word_1_750' title='bbox 3581 4852 3634 4907; x_wconf 73' lang='grc' dir='ltr'>τέ</span> <span class='ocrx_word' id='word_1_751' title='bbox 3655 4863 3762 4920; x_wconf 77' lang='grc' dir='ltr'>φημι</span> 
     </span>
    </p>
   </div>
   <div class='ocr_carea' id='block_1_107' title="bbox 2245 4942 3761 5022">
    <p class='ocr_par' dir='ltr' id='par_1_107' title="bbox 2245 4942 3761 5022">
     <span class='ocr_line' id='line_1_107' title="bbox 2245 4942 3761 5022; baseline -0.005 -17"><span class='ocrx_word' id='word_1_752' title='bbox 2245 4953 2339 5005; x_wconf 72' lang='grc' dir='ltr'>καὶ</span> <span class='ocrx_word' id='word_1_753' title='bbox 2367 4951 2585 5015; x_wconf 84' lang='grc' dir='ltr'>πένθος,</span> <span class='ocrx_word' id='word_1_754' title='bbox 2619 4954 2702 5015; x_wconf 82' lang='grc' dir='ltr'><strong>εἰς</strong></span> <span class='ocrx_word' id='word_1_755' title='bbox 2726 4951 2785 5005; x_wconf 80' lang='grc' dir='ltr'>ἓν</span> <span class='ocrx_word' id='word_1_756' title='bbox 2814 4952 3050 5021; x_wconf 81' lang='grc' dir='ltr'>ἀγαγεῖν</span> <span class='ocrx_word' id='word_1_757' title='bbox 3086 4951 3383 5022; x_wconf 76' lang='grc' dir='ltr'>βιαζομένη</span> <span class='ocrx_word' id='word_1_758' title='bbox 3413 4948 3562 5021; x_wconf 75' lang='grc' dir='ltr'>φόρει</span> <span class='ocrx_word' id='word_1_759' title='bbox 3588 4942 3761 4998; x_wconf 62' lang='grc' dir='ltr'>πάντως</span> 
     </span>
    </p>
   </div>
   <div class='ocr_carea' id='block_1_108' title="bbox 2244 5034 3759 5116">
    <p class='ocr_par' dir='ltr' id='par_1_108' title="bbox 2244 5034 3759 5116">
     <span class='ocr_line' id='line_1_108' title="bbox 2244 5034 3759 5116; baseline -0.005 -19"><span class='ocrx_word' id='word_1_760' title='bbox 2244 5043 2341 5097; x_wconf 70' lang='grc' dir='ltr'>καὶ</span> <span class='ocrx_word' id='word_1_761' title='bbox 2369 5043 2686 5114; x_wconf 73' lang='grc' dir='ltr'>ἀφανίζει),</span> <span class='ocrx_word' id='word_1_762' title='bbox 2717 5044 2780 5099; x_wconf 82' lang='grc' dir='ltr'><strong>οὑ</strong></span> <span class='ocrx_word' id='word_1_763' title='bbox 2811 5044 2996 5116; x_wconf 86' lang='grc' dir='ltr'>πολλῷ</span> <span class='ocrx_word' id='word_1_764' title='bbox 3027 5044 3232 5115; x_wconf 80' lang='grc' dir='ltr'>μᾶλλον</span> <span class='ocrx_word' id='word_1_765' title='bbox 3258 5046 3289 5098; x_wconf 89' lang='grc' dir='ltr'><strong>ό</strong></span> <span class='ocrx_word' id='word_1_766' title='bbox 3312 5044 3437 5115; x_wconf 77' lang='grc' dir='ltr'>περὶ</span> <span class='ocrx_word' id='word_1_767' title='bbox 3478 5036 3601 5094; x_wconf 78' lang='grc' dir='ltr'>Θεοῦ</span> <span class='ocrx_word' id='word_1_768' title='bbox 3623 5034 3759 5101; x_wconf 65' lang='grc' dir='ltr'>λόγος.</span> 
     </span>
    </p>
   </div>
   <div class='ocr_carea' id='block_1_109' title="bbox 2244 5118 3758 5208">
    <p class='ocr_par' dir='ltr' id='par_1_109' title="bbox 2244 5118 3758 5208">
     <span class='ocr_line' id='line_1_109' title="bbox 2244 5118 3758 5208; baseline -0.001 -20"><span class='ocrx_word' id='word_1_769' title='bbox 2244 5136 2320 5199; x_wconf 83' lang='grc' dir='ltr'><strong>ὡς</strong></span> <span class='ocrx_word' id='word_1_770' title='bbox 2344 5134 2503 5207; x_wconf 70' lang='grc' dir='ltr'>ἔτυχε</span> <span class='ocrx_word' id='word_1_771' title='bbox 2533 5137 2627 5189; x_wconf 71' lang='grc' dir='ltr'>καὶ</span> <span class='ocrx_word' id='word_1_772' title='bbox 2653 5136 2762 5190; x_wconf 81' lang='grc' dir='ltr'><strong>ὑπὸ</strong></span> <span class='ocrx_word' id='word_1_773' title='bbox 2789 5135 2885 5190; x_wconf 78' lang='grc' dir='ltr'>τοῦ</span> <span class='ocrx_word' id='word_1_774' title='bbox 2918 5137 3201 5208; x_wconf 83' lang='grc' dir='ltr'>τυχόντος,</span> <span class='ocrx_word' id='word_1_775' title='bbox 3228 5125 3323 5190; x_wconf 68' lang='grc' dir='ltr'>καὶ</span> <span class='ocrx_word' id='word_1_776' title='bbox 3347 5135 3502 5208; x_wconf 80' lang='grc' dir='ltr'>ἡνίκα</span> <span class='ocrx_word' id='word_1_777' title='bbox 3527 5131 3610 5184; x_wconf 75' lang='grc' dir='ltr'><strong>καὶ</strong></span> <span class='ocrx_word' id='word_1_778' title='bbox 3632 5119 3682 5179; x_wconf 70' lang='grc' dir='ltr'>οὗ</span> <span class='ocrx_word' id='word_1_779' title='bbox 3703 5118 3758 5191; x_wconf 72' lang='grc' dir='ltr'>μὴ</span> 
     </span>
    </p>
   </div>
   <div class='ocr_carea' id='block_1_110' title="bbox 2246 5220 3756 5303">
    <p class='ocr_par' dir='ltr' id='par_1_110' title="bbox 2246 5220 3756 5303">
     <span class='ocr_line' id='line_1_110' title="bbox 2246 5220 3756 5303; baseline -0.01 -18"><span class='ocrx_word' id='word_1_780' title='bbox 2246 5227 2487 5300; x_wconf 85' lang='grc' dir='ltr'>καθῆκον</span> <span class='ocrx_word' id='word_1_781' title='bbox 2526 5226 2608 5282; x_wconf 74' lang='grc' dir='ltr'>ἔτι</span> <span class='ocrx_word' id='word_1_782' title='bbox 2639 5230 3078 5303; x_wconf 78' lang='grc' dir='ltr'>προφερόμενος,</span> <span class='ocrx_word' id='word_1_783' title='bbox 3113 5227 3304 5299; x_wconf 79' lang='grc' dir='ltr'>ἀειδὴς</span> <span class='ocrx_word' id='word_1_784' title='bbox 3338 5227 3487 5282; x_wconf 76' lang='grc' dir='ltr'>ἔσται</span> <span class='ocrx_word' id='word_1_785' title='bbox 3517 5223 3601 5277; x_wconf 72' lang='grc' dir='ltr'>καὶ</span> <span class='ocrx_word' id='word_1_786' title='bbox 3621 5220 3756 5303; x_wconf 56' lang='grc' dir='ltr'>ἀπρεξ</span> 
     </span>
    </p>
   </div>
   <div class='ocr_carea' id='block_1_111' title="bbox 2245 5302 3756 5396">
    <p class='ocr_par' dir='ltr' id='par_1_111' title="bbox 2245 5302 3756 5396">
     <span class='ocr_line' id='line_1_111' title="bbox 2245 5302 3756 5396; baseline -0.007 -12"><span class='ocrx_word' id='word_1_787' title='bbox 2245 5318 2372 5390; x_wconf 80' lang='grc' dir='ltr'>πὴς,</span> <span class='ocrx_word' id='word_1_788' title='bbox 2406 5320 2501 5374; x_wconf 78' lang='grc' dir='ltr'>καὶ</span> <span class='ocrx_word' id='word_1_789' title='bbox 2532 5320 2643 5374; x_wconf 82' lang='grc' dir='ltr'>οὐδ’</span> <span class='ocrx_word' id='word_1_790' title='bbox 2669 5302 2811 5385; x_wconf 73' lang='grc' dir='ltr'>δλως</span> <span class='ocrx_word' id='word_1_791' title='bbox 2838 5321 3174 5395; x_wconf 72' lang='grc' dir='ltr'>ἀκουσθῆναι</span> <span class='ocrx_word' id='word_1_792' title='bbox 3209 5321 3340 5396; x_wconf 73' lang='grc' dir='ltr'>περι</span> <span class='ocrx_word' id='word_1_793' title='bbox 3375 5320 3501 5376; x_wconf 85' lang='grc' dir='ltr'>Θεοῦ</span> <span class='ocrx_word' id='word_1_794' title='bbox 3526 5315 3669 5382; x_wconf 74' lang='grc' dir='ltr'><strong>ἄξιος.</strong></span> <span class='ocrx_word' id='word_1_795' title='bbox 3690 5302 3756 5373; x_wconf 66' lang='lat' dir='ltr'><strong>tv‘</strong></span> 
     </span>
    </p>
   </div>
   <div class='ocr_carea' id='block_1_112' title="bbox 2241 5406 3756 5485">
    <p class='ocr_par' dir='ltr' id='par_1_112' title="bbox 2241 5406 3756 5485">
     <span class='ocr_line' id='line_1_112' title="bbox 2241 5406 3756 5485; baseline -0.006 -19"><span class='ocrx_word' id='word_1_796' title='bbox 2241 5406 2304 5466; x_wconf 75' lang='grc' dir='ltr'>οὗ</span> <span class='ocrx_word' id='word_1_797' title='bbox 2337 5412 2539 5483; x_wconf 83' lang='grc' dir='ltr'>μᾶλλον</span> <span class='ocrx_word' id='word_1_798' title='bbox 2572 5412 2831 5468; x_wconf 81' lang='grc' dir='ltr'>τοσοῦτον</span> <span class='ocrx_word' id='word_1_799' title='bbox 2866 5410 3078 5469; x_wconf 76' lang='grc' dir='ltr'>τιθέναι</span> <span class='ocrx_word' id='word_1_800' title='bbox 3123 5414 3240 5471; x_wconf 80' lang='grc' dir='ltr'>δεῖν</span> <span class='ocrx_word' id='word_1_801' title='bbox 3278 5412 3430 5485; x_wconf 74' lang='grc' dir='ltr'>οἶμαι</span> <span class='ocrx_word' id='word_1_802' title='bbox 3467 5411 3523 5463; x_wconf 82' lang='grc' dir='ltr'><strong>τὺ</strong></span> <span class='ocrx_word' id='word_1_803' title='bbox 3548 5406 3756 5470; x_wconf 76' lang='grc' dir='ltr'>εὔκαιρον</span> 
     </span>
    </p>
   </div>
   <div class='ocr_carea' id='block_1_113' title="bbox 2241 5498 3752 5573">
    <p class='ocr_par' dir='ltr' id='par_1_113' title="bbox 2241 5498 3752 5573">
     <span class='ocr_line' id='line_1_113' title="bbox 2241 5498 3752 5573; baseline 0.005 -22"><span class='ocrx_word' id='word_1_804' title='bbox 2241 5500 2370 5563; x_wconf 81' lang='grc' dir='ltr'>τοὺς</span> <span class='ocrx_word' id='word_1_805' title='bbox 2420 5500 2550 5555; x_wconf 78' lang='grc' dir='ltr'>νοῦν</span> <span class='ocrx_word' id='word_1_806' title='bbox 2589 5501 2836 5573; x_wconf 78' lang='grc' dir='ltr'>ἔχοντας,</span> <span class='ocrx_word' id='word_1_807' title='bbox 2866 5503 2993 5557; x_wconf 81' lang='grc' dir='ltr'>ὅσον</span> <span class='ocrx_word' id='word_1_808' title='bbox 3040 5503 3262 5558; x_wconf 83' lang='grc' dir='ltr'>πάντων</span> <span class='ocrx_word' id='word_1_809' title='bbox 3307 5498 3623 5571; x_wconf 78' lang='grc' dir='ltr'>ἀσυγκρίτως</span> <span class='ocrx_word' id='word_1_810' title='bbox 3650 5502 3752 5559; x_wconf 57' lang='grc' dir='ltr'><strong>πρ·</strong></span> 
     </span>
    </p>
   </div>
   <div class='ocr_carea' id='block_1_114' title="bbox 2238 5586 3750 5668">
    <p class='ocr_par' dir='ltr' id='par_1_114' title="bbox 2238 5586 3750 5668">
     <span class='ocr_line' id='line_1_114' title="bbox 2238 5586 3750 5668; baseline 0.001 -24"><span class='ocrx_word' id='word_1_811' title='bbox 2238 5592 2406 5665; x_wconf 81' lang='grc' dir='ltr'>6ε6λη</span> <span class='ocrx_word' id='word_1_812' title='bbox 2416 5593 2613 5665; x_wconf 78' lang='grc' dir='ltr'>μένων,</span> <span class='ocrx_word' id='word_1_813' title='bbox 2643 5595 2829 5650; x_wconf 76' lang='grc' dir='ltr'>πένθει</span> <span class='ocrx_word' id='word_1_814' title='bbox 2853 5596 2911 5650; x_wconf 76' lang='grc' dir='ltr'>δὲ</span> <span class='ocrx_word' id='word_1_815' title='bbox 2936 5596 3285 5668; x_wconf 81' lang='grc' dir='ltr'>γεωμετρίαν</span> <span class='ocrx_word' id='word_1_816' title='bbox 3318 5586 3633 5667; x_wconf 71' lang='grc' dir='ltr'>ἀνάρμοστόν</span> <span class='ocrx_word' id='word_1_817' title='bbox 3658 5595 3750 5650; x_wconf 74' lang='grc' dir='ltr'><strong>φη·</strong></span> 
     </span>
    </p>
   </div>
   <div class='ocr_carea' id='block_1_115' title="bbox 621 5728 2383 5819">
    <p class='ocr_par' dir='ltr' id='par_1_115' title="bbox 621 5728 2383 5819">
     <span class='ocr_line' id='line_1_115' title="bbox 621 5728 2383 5819; baseline 0.012 -34"><span class='ocrx_word' id='word_1_818' title='bbox 621 5728 700 5799; x_wconf 85' lang='grc' dir='ltr'><strong>(θ)</strong></span> <span class='ocrx_word' id='word_1_819' title='bbox 740 5731 889 5788; x_wconf 85' lang='lat' dir='ltr'><strong>idem</strong></span> <span class='ocrx_word' id='word_1_820' title='bbox 942 5735 1067 5793; x_wconf 76' lang='lat' dir='ltr'><strong>ibid.</strong></span> <span class='ocrx_word' id='word_1_821' title='bbox 1108 5753 1230 5810; x_wconf 86' lang='lat' dir='ltr'><strong>cap.</strong></span> <span class='ocrx_word' id='word_1_822' title='bbox 1268 5739 1324 5809; x_wconf 69' lang='grc'>4,</span> <span class='ocrx_word' id='word_1_823' title='bbox 1365 5756 1421 5813; x_wconf 87' lang='lat' dir='ltr'><strong>p.</strong></span> <span class='ocrx_word' id='word_1_824' title='bbox 1454 5741 1577 5797; x_wconf 60' lang='lat'><strong>$90.</strong></span> <span class='ocrx_word' id='word_1_825' title='bbox 1623 5754 1753 5801; x_wconf 90' lang='lat' dir='ltr'><strong>tom.</strong></span> <span class='ocrx_word' id='word_1_826' title='bbox 1795 5745 1836 5814; x_wconf 88' lang='lat' dir='ltr'><strong>l,</strong></span> <span class='ocrx_word' id='word_1_827' title='bbox 1867 5745 2006 5819; x_wconf 80' lang='lat' dir='ltr'><strong>Opp.</strong></span> <span class='ocrx_word' id='word_1_828' title='bbox 2041 5748 2132 5805; x_wconf 89' lang='lat' dir='ltr'><strong>ed.</strong></span> <span class='ocrx_word' id='word_1_829' title='bbox 2172 5747 2383 5807; x_wconf 80' lang='lat' dir='ltr'><strong>Bened.</strong></span> 
     </span>
    </p>
   </div>
  </div>
