4026 6288
164 330 312 399 lilii

1404 338 1921 404 AMBIGUORUM
1959 344 2209 407 LIBER.

3284 348 3421 417 1214

157 469 249 506 σιν
278 454 309 505 ὁ
334 448 674 515 διδᾶσκαλος.
722 450 782 505 '0
832 448 888 504 δι
934 449 1136 519 μᾶλλον
1185 451 1414 524 ἀπορεῖν
1462 455 1608 525 ὑμᾶς
1652 472 1749 508 πε-

1851 472 1972 513 rore
2011 458 2281 513 dissidere
2320 460 2419 514 ait.
2452 458 2554 514 Hic
2594 467 2781 515 autem
2822 476 2993 532 magis
3034 462 3307 530 haasitare,
3341 468 3417 521 utl

158 542 420 621 ποίηχεν.
465 541 541 606 ὡς
589 538 760 613 οἶμαι,
812 542 956 595 κατὰ
998 540 1239 596 τοιούσδε
1288 546 1545 615 τρόπους,
1578 548 1613 617 ἢ
1657 550 1741 599 ὅτι

155 651 267 705 περ
312 636 362 687 oi
405 633 589 705 χώρας
634 634 784 697 τινὸς
811 633 899 686 διὰ
935 636 1333 705 στρατιωτικῆς
1366 640 1744 707 κρατήσαντες

153 729 345 801 χειρὸς
388 729 701 800 γεωμετρίᾳ
746 729 953 798 ταύτην
1034 730 1536 803 καταδιαιροῦνται,
1580 735 1744 806 ἡνίκα

156 824 444 893 βασιλείας
470 823 619 893 νόμῳ
651 825 876 893 κρατεῖν
915 825 932 892 (
963 822 1122 892 183
1154 822 1221 894 b)
1263 823 1514 888 ἐθέλωσι,
1568 828 1743 897 χαρᾶς

155 919 213 971 δὲ
241 920 342 971 καὶ
371 919 562 988 χρῆμα
599 919 876 989 μέγιστον,
898 919 1097 989 χαρᾶς,
1128 922 1242 980 τοῖς
1279 921 1416 989 μόνα
1436 921 1507 973 τὰ
1536 922 1741 991 παρόν-

155 1026 226 1063 τα
263 1008 691 1078 μεταδιώκουσιν
730 1008 936 1077 ἀγαθὰ,
964 1010 1057 1061 καὶ
1083 1010 1144 1061 τὸ
1170 1010 1398 1080 νικητὰς
1426 1012 1625 1075 αὐτοὺς
1652 1029 1745 1079 γε-

158 1102 376 1165 νέσθαι,
410 1102 503 1155 καὶ
532 1101 761 1155 πλοῦτον
794 1100 989 1172 ἁθρόον
1022 1102 1350 1171 κτήσασθαι,
1388 1098 1471 1165 οἷς
1510 1104 1572 1157 τὸ
1602 1105 1743 1157 οἱον-

155 1193 251 1245 οὖν
299 1193 497 1255 πένθος
543 1195 779 1246 συνεῖναι
832 1193 1150 1263 ἀμήχανονο
1187 1194 1220 1263 ἢ
1252 1194 1436 1265 ἐπειδή
1487 1212 1651 1264 φασιν
1694 1197 1742 1248 οἱ

157 1284 289 1355 περὶ
324 1284 500 1338 ταῦτα
528 1285 695 1338 δεινοὶ
732 1284 856 1345 τοὺς
900 1286 1340 1353 ἁναγκαστικοὺς
1386 1286 1529 1349 ίδίως
1556 1286 1744 1340 συλλο-

156 1380 397 1449 γισμοὺς
431 1379 674 1450 ἀνῆφθαι
709 1383 776 1449 τῇ
816 1381 1155 1452 γεωμετρίᾳ,
1188 1382 1447 1452 φορτικός
1477 1399 1560 1444 τις
1599 1382 1743 1436 εικό-

155 1489 266 1534 τως
308 1471 633 1542 ὀφθήσεται,
692 1473 787 1524 καὶ
824 1472 885 1524 τὸ
928 1472 1171 1541 καθῆκον
1211 1472 1287 1542 μὴ
1345 1473 1609 1542 συνορῶν,
1654 1474 1743 1527 τὸν

159 1562 463 1616 πενθοῦντα
499 1563 951 1633 συλλογιζόμενος
1004 1565 1100 1617 καὶ
1155 1564 1367 1632 ἀλόγως
1408 1564 1574 1617 αὐτὸν
1618 1581 1746 1617 πεν-

158 1654 358 1707 θοῦντα
397 1654 569 1719 δεῖξαι
626 1652 997 1725 πειρώμενοςι
1045 1655 1077 1723 ἦ
1127 1654 1290 1725 τυχὸν
1346 1655 1441 1709 καὶ
1468 1655 1617 1724 αὐτῴ
1663 1654 1744 1725 τῷ

159 1746 449 1799 πενθοῦντι
488 1746 619 1817 φαίη
663 1762 748 1809 τις
781 1745 1125 1818 ἀνάρμοστον
1170 1742 1400 1800 εἶναιτὸ
1442 1747 1746 1814 συλλογίζε-

159 1838 298 1897 σθαι.
336 1839 656 1909 πιθανότητι
709 1838 881 1907 λόγων
936 1839 1127 1892 ἑαυτὸν
1197 1837 1588 1909 μηχανώμενος
1622 1838 1741 1891 πεί-

160 1929 273 1982 θειν
299 1929 383 1993 ὡς
410 1930 471 1983 οὐ
506 1930 743 1983 πέπονθε
779 1931 878 1999 τὴν
910 1929 1058 2000 ἔργῳ
1085 1930 1181 1982 καὶ
1209 1930 1500 2001 πράγματι
1533 1928 1741 1998 συμϐᾶ-

161 2037 253 2074 σαν
283 2021 440 2090 αὐτῷ
470 2022 777 2093 συμφορὰν,
819 2024 851 2093 ἦ
887 2022 979 2074 καὶ
1010 2022 1161 2091 αὑτῴ
1188 2022 1265 2091 τῷ
1292 2022 1499 2082 πένθει,
1528 2022 1647 2092 ἦτοι
1676 2024 1739 2089 τῇ

158 2113 354 2166 τούτου
394 2113 574 2184 φύσει,
619 2113 898 2176 παντελῶς
949 2112 1213 2168 ἐναντίον.
1256 2112 1608 2182 Ἐκκρούεται
1636 2110 1742 2183 γὰρ

163 2205 357 2277 ὥσπερ
401 2206 463 2259 τὸ
518 2205 716 2267 πένθος
747 2207 775 2257 ὁ
815 2204 1029 2258 πενθῶν
1066 2203 1543 2273 συλλογιζόμενος,
1600 2202 1744 2255 οὕτω

160 2300 253 2352 καὶ
277 2300 343 2351 τὸ
374 2297 572 2360 πένθος
594 2298 685 2351 τοῦ
737 2294 874 2352 εἶναι
904 2298 1099 2361 πένθος
1132 2298 1414 2360 ἐκπίπτει,
1445 2296 1582 2367 πρὸς
1618 2295 1744 2349 συλ-

159 2390 421 2460 λογισμὸν
488 2390 930 2461 μετατιθέμενος.
976 2388 1293 2443 Ἀποϐαλὼν
1351 2388 1462 2460 γάρ
1509 2406 1594 2451 τις
1647 2387 1740 2441 τὸν

159 2482 234 2543 εἰς
265 2480 328 2532 ὃν
360 2480 461 2544 τὰς
496 2481 716 2540 ἐλπίδας
755 2476 868 2551 εἶχε
904 2480 1002 2550 τῆς
1040 2480 1318 2550 διαδοχῆς,
1356 2478 1596 2550 περιττὰ
1634 2479 1745 2531 λοι-

160 2574 256 2624 πὴν
290 2574 515 2642 ἡγεῖται
544 2573 611 2627 τὰ
644 2572 767 2643 τῇδε
807 2572 1005 2629 πάντα.
1050 2572 1163 2626 Καὶ
1196 2570 1343 2625 κατὰ
1382 2569 1570 2625 τοῦτον
1618 2571 1748 2634 ῐσως

159 2664 245 2716 τὸν
267 2662 479 2735 τρόπον
504 2664 604 2717 οὐκ
628 2664 731 2729 ἔξω
761 2664 921 2732 λόγου
953 2665 1087 2735 φαίη
1134 2682 1219 2725 τις
1250 2660 1388 2717 εἶναι
1422 2664 1493 2716 τὰ
1536 2663 1747 2735 θεωρη-

161 2757 345 2822 θέντα,
386 2759 548 2827 γνοὺς
582 2758 941 2829 μὴδύνασθαι
976 2758 1299 2829 συμϐαίνειν
1331 2757 1583 2829 ἀλλήλοις
1608 2756 1752 2810 κατὰ

161 2849 217 2902 τὸ
230 2850 371 2903 αὐτὸ
389 2852 490 2921 τὴν
510 2852 687 2923 χαρὰν
699 2852 792 2905 καὶ
814 2851 875 2904 τὸ
897 2850 1110 2915 πένθος,
1129 2850 1228 2920 τῆς
1245 2848 1515 2921 ἑκατέρου
1540 2866 1753 2919 ποιητι-

162 2942 259 3011 κῆς
286 2942 475 3006 αἰτίας
502 2945 601 2997 οὐκ
619 2945 684 2997 ὲκ
717 2943 823 2995 τῶν
846 2943 1026 2997 αὐτῶν
1056 2942 1239 3015 ἀρχῶν
1256 2940 1487 3014 ἐχούσης
1511 2941 1752 3013 δηλονότι

163 3032 253 3095 τὰς
310 3034 591 3103 ἀφορμάς.
620 3034 729 3086 Καὶ
766 3033 972 3087 τούτων
1005 3036 1216 3105 μάρτυς
1254 3031 1514 3102 ἐχέγγυος
1539 3032 1569 3083 ὁ
1600 3031 1753 3100 ἆγιος

1842 550 2083 615 videtur,
2116 568 2213 607 vos
2237 552 2370 607 fecit
2400 553 2550 608 hisce
2582 553 2758 608 modis
2790 572 2802 607 :
2837 556 2946 619 vel,
2971 556 3118 626 quod
3150 557 3243 627 qui
3276 558 3422 613 mili-

1845 644 1946 697 tari
1992 660 2158 699 manu
2206 646 2485 715 regionem
2531 646 2772 715 aliquam
2815 658 3257 718 occupaverunt,
3290 666 3421 721 geo-

1843 733 2052 786 metria!
2094 748 2196 802 ope
2238 734 2603 803 dispertiunt,
2644 752 2770 790 cum
2816 737 2966 805 regni
3010 738 3128 808 lege
3168 740 3419 794 obtinere

1842 822 2137 887 voluerint,
2168 824 2369 877 summi
2404 824 2589 894 gaudii
2619 840 2753 879 vero
2783 826 3061 893 negotium
3098 842 3240 889 esse.
3268 839 3418 884 certe

1843 913 2027 983 gaudii
2068 914 2149 969 eis
2190 915 2284 984 qui
2325 916 2441 970 sola
2482 916 2773 985 praesentia
2818 926 3120 988 sequantur
3155 920 3327 985 bona,
3365 930 3421 975 et

1844 1007 2157 1077 superiores
2187 1008 2324 1072 fieri,
2351 1016 2407 1063 et
2434 1008 2657 1063 divitias
2686 1009 2890 1079 spissas
2918 1026 3263 1082 comparare,
3294 1028 3421 1067 cum

1842 1098 2046 1168 quibus
2072 1100 2375 1154 commodis
2396 1101 2794 1171 qualiscunque
2823 1117 3030 1157 moeror
3050 1104 3279 1175 junctus
3299 1121 3421 1161 esse

1843 1208 1953 1247 non
1979 1195 2155 1263 possit
2178 1210 2192 1247 :
2216 1194 2326 1257 vel,
2349 1210 2474 1249 cum
2503 1194 2597 1265 qui
2627 1194 2683 1249 in
2706 1194 2811 1250 bac
2832 1211 2890 1251 re
2918 1196 3084 1265 periti
3111 1206 3241 1251 sunt
3260 1198 3423 1268 syllo-

1842 1285 2047 1353 gismos
2082 1286 2304 1355 preprie
2339 1286 2619 1341 coactivos
2658 1287 2827 1341 tribui
2861 1289 3177 1358 geometriae
3212 1289 3419 1353 dicant,

1844 1377 2027 1433 fatuus
2048 1379 2245 1433 merito
2267 1378 2567 1445 videbitur,
2590 1386 2645 1433 et
2668 1379 2800 1449 quid
2829 1379 3022 1434 deceat
3044 1396 3236 1450 parum
3263 1382 3423 1435 intel-

1843 1473 2037 1543 ligens,
2056 1471 2148 1541 qui
2173 1471 2239 1525 ad
2266 1471 2443 1541 ipsum
2466 1481 2790 1525 mmrentem
2814 1472 3088 1541 applicato
3107 1472 3421 1543 syllogismo

1844 1565 2026 1634 inepte
2065 1579 2191 1618 eum
2235 1578 2472 1618 moerere
2514 1564 2749 1633 probare
2792 1572 3023 1618 conatus
3062 1563 3227 1617 fuerit
3276 1580 3289 1616 :
3335 1563 3418 1616 vel

1844 1656 2073 1710 fortasse
2115 1655 2278 1709 ctiam
2327 1655 2396 1709 ab
2449 1655 2567 1724 ipso
2612 1671 2879 1719 mmrore,
2914 1656 2965 1710 id
3013 1664 3096 1711 est
3143 1671 3174 1711 a
3223 1664 3421 1710 natura

1843 1750 1993 1820 ejus,
2024 1749 2326 1802 abhorrere
2371 1747 2569 1815 aliquis
2611 1748 2844 1812 dixerit,
2877 1763 2981 1802 nec
3018 1747 3313 1802 convenire
3362 1756 3424 1800 ut

1844 1840 1936 1908 qui
1991 1846 2192 1894 mmret
2246 1838 2589 1907 syllogismos
2645 1839 2867 1909 colligat
2924 1854 2987 1893 ac
3045 1838 3424 1908 probabilibus

1844 1930 2151 1985 rationibus
2185 1931 2289 1985 sibi
2327 1932 2657 2000 persuadere
2687 1939 2861 1985 tentet
2889 1946 3076 1984 casum
3104 1930 3197 1999 qui
3232 1944 3422 1983 revera

1844 2022 2108 2078 acciderit
2133 2023 2239 2077 sibi
2271 2039 2380 2077 non
2410 2022 2697 2077 accidisse.
2722 2021 3010 2089 Quomodo
3039 2022 3187 2076 enim
3218 2035 3425 2077 mmror

1844 2133 1909 2171 cx
1925 2133 1989 2172 eo
2013 2117 2307 2187 expellitur
2320 2115 2439 2186 qui,
2459 2116 2588 2170 dum
2608 2124 2826 2176 mmret,
2854 2115 3212 2170 ratiocinatur
3238 2124 3295 2170 et
3317 2116 3425 2186 syl-

1846 2209 2092 2279 logismis
2120 2224 2341 2279 operam
2373 2208 2488 2271 dat,
2518 2208 2590 2261 ita
2624 2208 2790 2261 etiam
2828 2222 3031 2263 mteror
3069 2222 3273 2263 maeror
3304 2222 3424 2262 esse

1847 2301 2077 2363 desinit,
2106 2315 2230 2355 cum
2276 2300 2342 2353 ad
2388 2299 2763 2370 syllogismum
2799 2313 2857 2353 se
2898 2298 3175 2353 transfert.
3207 2298 3342 2353 Nam
3380 2299 3425 2352 si

1848 2392 1973 2463 quis
2000 2407 2127 2447 eum
2160 2391 2342 2446 amisit
2378 2392 2434 2445 in
2469 2406 2579 2460 quo
2611 2405 2763 2460 spem
2800 2389 3166 2445 successionis
3193 2388 3428 2443 colloca-

1848 2495 2031 2549 vcrat,
2074 2484 2349 2556 superflua
2393 2484 2499 2538 sibi
2543 2493 2600 2538 et
2634 2498 2772 2537 vana
2815 2483 2931 2537 htee
2979 2491 3196 2536 terrena
3243 2481 3426 2535 omnia

1850 2578 2097 2633 habebit.
2130 2578 2197 2632 Et
2236 2578 2342 2631 hoc
2382 2576 2616 2631 fortasse
2654 2574 2819 2630 modo
2863 2575 3012 2629 haud
3056 2574 3355 2628 abhorrere
3397 2588 3427 2626 a

1853 2672 2063 2725 ratione
2102 2670 2303 2739 aliquis
2338 2668 2540 2723 dixerit
2574 2684 2637 2723 ea
2673 2682 2795 2737 quae
2827 2665 3179 2736 contemplati
3215 2678 3426 2729 sumus,

1852 2764 1901 2818 si
1933 2760 2249 2816 meminerit
2273 2774 2384 2814 non
2414 2773 2573 2829 posse
2601 2774 2710 2813 una
2741 2757 3060 2828 contingere
3085 2756 3344 2827 gaudium
3374 2763 3432 2809 et
3527 2740 3535 2748 ’

1856 2869 2180 2917 maerorem,
2212 2867 2337 2907 cum
2384 2850 2673 2920 utriusque
2717 2847 2961 2903 efﬁciens
2995 2862 3161 2902 causa
3206 2863 3317 2902 non
3362 2861 3431 2899 ex

1855 2947 2060 3004 eisdem
2085 2943 2373 3015 principiis
2406 2943 2652 3013 profecta
2683 2940 2772 2995 sit.
2798 2938 2969 3010 Cujus
3005 2939 3083 2993 rei
3117 2953 3348 3009 sponsor
3373 2944 3430 2993 et

1866 3040 2021 3096 testis
2050 3036 2212 3093 nobis
2240 3044 2325 3091 est
2349 3040 2572 3090 sanctus
2598 3041 2653 3087 et
2680 3031 2864 3086 divina
2895 3030 3112 3099 sapiens
3140 3028 3433 3100 Dionysius

165 3124 252 3177 nl.
280 3123 534 3194 θεόφρων
572 3126 846 3189 Διονύσιος
874 3128 903 3180 ὁ
954 3125 1370 3196 Ἀρεοπαγίτης,
1436 3124 1634 3178 οὑτωσὶ
1673 3124 1749 3178 δι·-

1859 3131 2209 3203 ArcOpagita,
2235 3130 2330 3201 qui
2356 3129 2423 3184 de
2454 3126 2700 3199 angelica
2731 3124 3103 3194 descriptione
3130 3124 3204 3177 ita
3228 3120 3433 3178 edisse-

165 3215 317 3279 εξιὼν
341 3217 590 3289 περὶτῆς
608 3218 907 3289 ἀγγελικῆς
928 3217 1343 3289 είκονογραφίας
1366 3233 1409 3268 ο(
1438 3216 1521 3270 Τὰ
1549 3216 1606 3270 δὲ
1625 3233 1761 3285 γεω·

171 3309 408 3381 μετρικὰ
460 3309 553 3363 καὶ
599 3310 889 3364 τεκτονικὰ
931 3310 1124 3381 σκεύη,
1154 3308 1216 3363 τὸ
1244 3308 1632 3380 θεμελιωτικὸν
1665 3322 1761 3376 και

164 3401 507 3470 οἰκοδομικὸν
525 3402 621 3456 καὶ
642 3402 1006 3466 τελειωτικὸν,
1025 3402 1120 3455 καὶ
1136 3402 1236 3454 ὅσα
1260 3400 1398 3454 ἄλλα
1423 3400 1524 3470 τῆς
1538 3400 1757 3469 ἀναγω-

167 3492 257 3560 γοῦ
289 3494 393 3548 καὶ
414 3494 843 3567 ἐπιστρεπτικῆς
896 3498 1011 3548 ἐστι
1053 3494 1163 3548 τῶν
1182 3493 1486 3565 δευτέρων(
1509 3491 1669 3564 184
1691 3492 1753 3563 a)

168 3586 429 3657 προνοίας
456 3586 590 3657 (10).
616 3607 634 3640 ι
664 3586 853 3642 Ταῦτα
892 3587 949 3641 δὲ
982 3588 1162 3642 πάντα
1202 3586 1437 3658 φαιδρὰν
1486 3585 1756 3640 ἐνδείκνυ-

168 3693 251 3730 τιι
285 3677 596 3749 διαγωγὴν,
638 3673 782 3752 ᾗτινι
815 3678 1035 3741 πάντως
1059 3677 1120 3732 τὸ
1147 3677 1343 3741 πένθος
1367 3679 1630 3742 ἐναντίον,
1659 3678 1754 3731 καὶ

168 3767 250 3820 διὰ
287 3766 456 3820 τοῦτο
493 3768 859 3838 ἀνάρμοστον.
893 3768 955 3820 El
988 3766 1046 3820 δὲ
1080 3767 1179 3821 καὶ
1207 3767 1384 3831 ἄλλως
1414 3766 1563 3821 ἐστιν
1592 3767 1754 3820 ὲκλα-

171 3857 277 3911 θεῖν
321 3859 417 3912 τὸν
468 3860 651 3923 τόπον,
704 3862 806 3914 οὐκ
857 3860 1087 3931 ἄκαιρον
1132 3856 1273 3913 εἶναι
1301 3861 1530 3931 νομίζω,
1564 3860 1753 3914 καὶτὸ

169 3951 256 4003 τοῦ
293 3951 473 4022 Σιρὰχ
514 3950 690 4021 Ἰησοῦ
737 3950 1056 4023 προσθεῖναι
1088 3954 1204 4013 τοῖς
1234 3951 1562 4022 εἰρημένοις.
1598 3952 1751 4003 Ἐστι

168 4040 220 4092 δὲ
254 4042 420 4094 τοῦτο
440 4058 453 4070 ·
482 4044 761 4097 Μουσικὰ
794 4043 864 4096 ἐν
895 4041 1097 4097 πένθει
1117 4084 1132 4107 ,
1163 4042 1407 4112 ἄκαιρος
1449 4042 1748 4113 διήγησις.

179 4132 261 4195 Ὠς
292 4129 394 4186 οὖν
427 4135 526 4203 τῆς
572 4134 840 4204 μουσικῆς
889 4135 1068 4199 πάσας
1102 4135 1465 4207 περιεχούσης
1493 4136 1591 4199 τὰς
1619 4151 1750 4188 παι-

170 4223 401 4286 δεύσεις,
427 4220 501 4277 ὧν
528 4227 659 4295 μίαν
692 4228 827 4293 φασὶ
866 4226 964 4298 τὴν
998 4229 1343 4301 γεωμετρίαν
1377 4229 1425 4281 ol
1456 4227 1586 4299 περὶ
1611 4227 1745 4281 ταῦ-

171 4332 235 4369 τα
271 4317 375 4387 τὴν
411 4317 650 4387 σπουδὴν
676 4319 992 4389 ἐσχηκότες,
1018 4322 1214 4374 τούτου
1238 4322 1420 4392 χάριν,
1460 4320 1535 4383 ὡς
1568 4316 1745 4391 οἶμαι,

175 4409 588 4478 συμφερόμενος
617 4409 693 4479 τῷ
721 4410 820 4480 τὴν
844 4412 1253 4482 προρρηθεῖσαν
1282 4412 1562 4482 ὲκθεμένῳ
1586 4412 1748 4482 ῥῆσιν

174 4500 200 4551 ὁ
225 4500 549 4564 διδάσκαλος
596 4502 939 4571 ἀνάρμοστον
991 4506 1095 4573 ἔφη
1132 4503 1209 4574 τῷ
1254 4503 1439 4557 πένθει
1477 4504 1575 4573 τὴν
1612 4520 1751 4571 γεω·

176 4592 423 4663 μετρίαν.
478 4594 538 4644 Εἰ
592 4594 648 4646 δέ
693 4611 776 4657 τις
840 4595 1009 4664 φαίη.
1058 4595 1122 4646 Τί
1162 4595 1362 4665 δήποτε
1410 4594 1510 4656 τὰς
1560 4592 1750 4655 λοιπὰς

176 4686 368 4755 παρεὶς
398 4686 708 4751 παιδεύσεις
739 4687 943 4756 ταύτην
993 4688 1160 4757 μόνην
1188 4688 1261 4751 ὡς
1311 4687 1649 4756 ἀνάρμοστον
1678 4684 1755 4754 τῷ

176 4776 357 4831 πένθει
394 4780 731 4850 παρείληφες
766 4780 945 4850 φαμὲν
968 4781 1050 4833 ὅτι
1084 4778 1287 4849 ταύτην
1317 4777 1587 4847 ὲσκόπησε
1627 4792 1758 4829 κατα

179 4868 400 4938 ἁλληλον
436 4867 575 4924 εἶναι
614 4872 816 4934 πάσαις
873 4875 994 4936 ταῖς
1020 4870 1431 4941 προλεχθείσαις
1460 4868 1755 4929 ἐπιϐολαῖς.
1810 4888 1813 4891 ·

184 4962 408 5015 Ἔπειτα
450 4963 507 5014 δὲ
561 4964 654 5015 καὶ
690 4962 779 5015 διὰ
823 4963 1025 5032 ταύτης
1059 4963 1156 5032 τῆς
1194 4964 1325 5031 μιᾶς
1368 4962 1462 5014 καὶ
1495 4963 1550 5013 αἱ
1580 4961 1760 5013 λοιπαὶ

183 5052 571 5122 συνεκδοχικῶς
618 5054 1179 5123 συμπαρελήφθησαν.
1225 5053 1409 5105 Ταῦτα
1467 5052 1585 5122 μὲν,
1636 5051 1755 5103 κατ’

182 5142 278 5212 ἐμὲ
308 5146 496 5215 φάναι,
533 5146 792 5218 λελέχθω.
836 5148 903 5201 Εἰ
940 5148 995 5200 δέ
1026 5165 1108 5209 τις
1141 5147 1197 5200 τὸ
1239 5150 1486 5217 κρεῖττον
1517 5143 1752 5215 ἐξεύροι,

184 5236 499 5305 ὁμολογήσω
544 5240 706 5310 χάριν
742 5240 850 5293 τῶν
885 5240 1241 5309 ἠγνοημένων
1285 5238 1415 5309 παρ’
1445 5236 1613 5291 αὐτοῦ
1656 5237 1755 5310 τὴν

188 5329 382 5394 γνῶσιν
414 5331 613 5386 λαϐὼν.

267 5604 293 5645 δ
332 5608 495 5663 Eecli.
529 5626 657 5674 xx".
688 5612 739 5666 6.

1862 3225 1934 3281 rit
1963 3241 1977 3276 :
2013 3243 2030 3274 ‹
2062 3220 2407 3279 Gcometrica
2433 3228 2615 3276 autem
2641 3224 2805 3289 atque
2828 3214 3041 3271 fabrilia
3070 3214 3435 3269 instrumenta

1859 3315 2125 3372 fundandi
2151 3323 2209 3370 et
2228 3311 2535 3369 aedificandi
2562 3308 2993 3378 absolvendique
3018 3307 3355 3369 facultatem,
3378 3313 3436 3359 et

1859 3422 2202 3478 quaecunque
2251 3404 2357 3460 alia
2402 3399 2774 3457 subductricis
2820 3407 2878 3454 ct
2921 3396 3261 3453 deductricis
3305 3404 3436 3451 sunt

1859 3500 2182 3555 inferiorum
2214 3494 2596 3568 providentiae.
2629 3512 2646 3545 υ
2689 3491 2819 3559 Quae
2854 3488 3039 3546 omnia
3072 3489 3246 3544 hilare
3279 3502 3437 3542 mon-

1858 3601 2037 3652 strant
2074 3591 2409 3654 institutum,
2437 3588 2523 3644 cui
2562 3587 2723 3658 plane
2766 3584 3094 3639 adversatur
3130 3595 3356 3645 mmror,
3381 3589 3437 3634 et

1857 3686 2107 3742 dissidet.
2137 3684 2248 3739 Sed
2284 3682 2450 3736 etiam
2485 3680 2532 3734 si
2569 3678 2730 3732 aliter
2765 3676 2946 3731 locum
2979 3672 3227 3741 accipere
3257 3678 3432 3740 potes,

1857 3778 2001 3834 haud
2043 3787 2223 3832 tamen
2266 3774 2700 3842 in0pportunum
2734 3782 2854 3823 esse
2887 3780 3011 3820 reor
3039 3764 3204 3819 etiam
3242 3761 3433 3816 Siracb

1852 3872 1982 3927 Jesu
2028 3870 2111 3925 eis
2152 3883 2274 3938 qua:
2320 3864 2683 3920 disseruimus
2728 3874 3008 3931 apponere
3057 3857 3288 3911 dictum.
3336 3854 3438 3909 Est

1854 3971 2035 4017 autem
2095 3958 2201 4015 hoc
2257 3976 2271 4013 :
2332 3957 2532 4012 Musica
2589 3956 2644 4008 in
2706 3952 2848 4007 luctu
2902 3959 2978 4005 est
3037 3948 3435 4019 intempestivus

1852 4073 2023 4110 sermo
2042 4054 2091 4108 ιι.
2121 4053 2259 4109 Cum
2298 4051 2464 4121 igitur
2500 4047 2708 4103 musica
2743 4060 2936 4100 omnes
2971 4044 3292 4114 disciplinas
3323 4040 3434 4095 cir-

1852 4146 2272 4216 cumplectatur,
2305 4156 2537 4212 quarum
2581 4155 2747 4194 unam
2784 4153 2905 4194 esse
2946 4136 3303 4208 geometriam
3345 4133 3432 4187 di.

1852 4248 1987 4294 cunt
2017 4238 2111 4307 qui
2133 4237 2187 4290 in
2211 4236 2277 4289 i's
2293 4235 2457 4289 rebus
2488 4232 2731 4287 studium
2750 4236 3081 4300 posuerunt,
3113 4235 3428 4297 propterea,

1854 4341 1913 4388 ut
1952 4314 2107 4403 puto,
2139 4329 2401 4399 magister
2436 4325 2765 4396 supradicta:
2800 4323 2951 4379 vocis
2994 4320 3440 4391 interpretationi

1854 4424 2158 4480 assentiens
2197 4419 2555 4491 geometriam
2600 4434 2628 4470 a
2674 4431 2914 4471 maerore
2958 4413 3227 4468 dissidere
3275 4412 3436 4465 dixit.

1859 4514 1965 4570 Sed
1995 4514 2039 4568 si
2068 4512 2194 4581 quis
2225 4511 2370 4564 dicat
2404 4528 2415 4562 :
2450 4508 2589 4575 Quid
2630 4507 2849 4561 tandem
2887 4505 3101 4559 caeteris
3134 4501 3442 4571 disciplinis

1860 4604 2081 4661 omissis
2119 4604 2260 4656 hanc
2300 4602 2469 4655 solam
2512 4609 2769 4666 tanquam
2812 4598 3268 4665 incongruentem
3314 4610 3442 4649 cum

1863 4712 2099 4752 mterore
2148 4692 2485 4763 composuit,
2522 4689 2923 4759 respondemus
2964 4688 3106 4741 banc
3147 4703 3273 4740 eum
3318 4694 3442 4754 apte

1866 4789 2069 4844 vidisse
2116 4802 2277 4857 posse
2313 4784 2466 4855 jungi
2508 4798 2633 4839 cum
2678 4798 2842 4853 supra
2888 4779 3203 4851 propositis.
3237 4778 3441 4832 Deinde

1864 4897 1996 4935 vero
2042 4880 2209 4934 etiam
2252 4878 2354 4932 hac
2398 4892 2506 4931 una
2549 4876 2775 4944 reliqua:
2815 4888 3034 4943 quoque
3078 4870 3271 4925 eadem
3314 4875 3444 4924 sunt

1866 4974 2281 5043 comprehensae
2314 4980 2479 5040 atque
2512 4970 2839 5040 conjunctae.
2867 4968 3044 5035 Atque
3076 4964 3191 5018 haec
3229 4977 3315 5017 me
3349 4977 3442 5015 cx-

1862 5066 2111 5137 posuisse
2146 5062 2400 5118 sulliciat.
2431 5062 2631 5117 Verum
2667 5060 2711 5113 si
2750 5057 2875 5127 quis
2914 5055 3112 5110 melius
3146 5052 3442 5123 investiga-

1861 5156 2026 5221 verit,
2053 5155 2099 5210 si
2128 5169 2321 5210 eorum
2354 5168 2477 5221 qua:
2508 5148 2824 5221 ignorabam
2850 5147 2919 5202 ab
2942 5162 3009 5202 eo
3035 5142 3445 5214 interpretatio-

1864 5266 1987 5305 nem
2020 5262 2287 5318 accepero
2302 5286 2317 5311 ,
2341 5243 2546 5315 gratias
2570 5241 2806 5295 habebo.

1795 5503 1867 5516 ψ

272 5763 380 5834 UO)
418 5764 635 5836 Dionj's.
670 5764 917 5837 Arenpag
970 5763 1043 5818 De
1081 5763 1269 5819 cwlrsti
1302 5764 1597 5819 hicrarchia
1641 5780 1759 5835 (τις).
1810 5763 1893 5828 15,
1925 5778 1980 5833 p.
2008 5762 2127 5829 151,
2161 5771 2291 5816 tom.
2324 5760 2363 5826 l,
2397 5759 2534 5831 Opp.
2576 5758 2665 5816 ed.
2690 5760 2883 5815 \‘enct.
