4026 6288
579 316 715 385 1219

1735 317 1796 374 S.
1837 309 2126 375 ΜΑΧίΜί
2165 310 2676 377 CONFESSORIS

3703 321 3832 387 1220

574 437 690 491 Sub
717 437 934 492 actione
967 436 1114 492 enim
1145 451 1267 508 qua:
1295 435 1440 490 facta
1472 441 1599 488 sunt
1623 431 1763 486 facta
1797 437 1948 493 sunt,
1975 425 2134 481 omni:

2267 426 2384 481 Ἐπ’
2405 431 2657 502 ἐνεργείᾳ
2676 428 2786 502 γὰρ
2814 429 2882 485 τά
2904 429 3173 502 γενόμενα
3197 433 3412 503 γέγονε,
3438 435 3587 488 πᾶσα
3611 433 3669 488 δέ
3691 436 3835 507 ἐνέρ-

571 541 704 580 vero
725 525 870 582 actio
893 525 962 581 ad
983 525 1150 581 finem
1173 526 1412 596 aliquem
1433 524 1695 595 pertinet,
1718 537 1787 576 ne
1812 521 1918 575 ﬁne
1941 529 2144 573 careat.

571 619 950 690 Quodcunque
977 620 1130 675 enim
1163 619 1498 674 naturalium
1531 618 1810 674 actionum
1840 615 2000 670 finem
2036 628 2147 667 non

571 709 757 776 habet,
780 711 835 766 id
862 727 965 767 nec
989 711 1300 782 perfectum
1331 720 1435 777 est,
1458 710 1584 766 linis
1605 719 1791 765 autem
1814 705 2144 762 naturalium

569 802 848 857 actionum
883 819 1074 858 eorum
1108 820 1230 875 qua:
1261 803 1400 859 facta
1435 812 1563 860 sunt
1592 803 1662 858 ad
1696 815 1917 857 causam
1952 797 2149 852 motio-

569 895 658 951 nis
691 906 774 950 est
805 905 999 951 status.
1032 897 1526 964 Quemadmodum,
1555 905 1616 951 ut
1647 911 1715 950 ex
1747 908 1858 949 uno
1889 906 2148 962 quaecun—

567 1003 676 1056 que
709 997 837 1042 sunt
870 989 1116 1043 omnium
1155 989 1417 1044 motionis
1454 987 1678 1042 modum
1718 985 2144 1056 perspiciamus,

567 1079 772 1142 anima,
801 1094 927 1134 cum
961 1080 1351 1136 intellectualis
1382 1089 1438 1135 et
1466 1079 1752 1134 rationalis
1779 1075 2019 1132 essentia
2050 1075 2143 1140 sit,

566 1180 625 1225 et
659 1174 863 1242 cogitat
901 1180 956 1227 et
995 1172 1386 1238 ratiocinatur,
1427 1172 1689 1228 facultate
1727 1179 1888 1226 utens
1928 1177 2142 1232 mente,

501 1261 507 1266 ’
567 1262 830 1326 motione,
856 1263 1208 1334 cogitatione,
1231 1264 1448 1319 actione
1475 1264 1714 1334 denique
1747 1261 2004 1331 cogitato.
2030 1259 2145 1313 lioc

565 1355 714 1408 enim
748 1356 1038 1426 cogitantis
1069 1363 1126 1411 et
1151 1357 1272 1428 ejus
1303 1356 1450 1428 quod
1487 1357 1760 1428 cogitatur
1790 1351 2145 1424 cogitationis

566 1445 689 1500 finis
730 1457 834 1513 cst,
869 1457 931 1503 ut
966 1449 1113 1519 quod
1158 1450 1569 1504 extremitatum
1609 1457 1858 1503 mutuam
1904 1447 2048 1501 inter
2083 1461 2143 1501 se

561 1540 890 1595 relationem
952 1542 1379 1597 circumscribit.
1430 1541 1684 1612 Cogitare
1747 1540 1896 1595 enim
1961 1538 2142 1593 anima

561 1628 766 1684 desinit
810 1631 945 1686 illud
999 1633 1298 1704 cogitatum
1347 1641 1634 1703 postquam
1683 1631 1962 1702 cogitavit.
2006 1630 2141 1684 Nam

562 1723 863 1793 cogitatum
913 1725 1136 1795 proprie
1190 1715 1390 1792 semel,
1436 1741 1614 1796 neque
1665 1727 1899 1790 iterum,
1945 1725 2142 1780 anima:

2253 538 2379 590 γεια
2423 523 2559 594 πρός
2592 529 2644 576 τι
2677 523 2829 587 τέλος
2858 524 3008 578 ἐστιν
3033 563 3048 587 ,
3107 524 3194 577 ἵνα
3240 525 3316 596 μὴ
3346 526 3564 596 ἀτελής.
3629 528 3704 580 To
3732 529 3833 596 γὰρ

2251 615 2403 678 τέλος
2457 615 2530 686 μὴ
2573 614 2695 687 ἔχον
2739 615 2852 670 τῶν
2895 618 3036 671 κατὰ
3066 615 3229 685 φύσιν
3260 617 3555 688 ἐνεργειῶν
3602 618 3730 671 οὐδὲ
3753 620 3835 671 τέ-

2251 705 2394 760 λειόν
2418 706 2555 770 ἐστι,
2584 708 2739 772 τέλος
2765 708 2824 762 δὲ
2851 707 2961 761 τῶν
2990 709 3133 762 κατὰ
3162 707 3322 777 φύσιν
3347 710 3667 780 ἐνεργειῶν,
3688 713 3721 780 ἡ
3743 712 3833 780 τῆς

2251 799 2389 868 πρὺς
2431 799 2492 852 τὸ
2533 801 2710 854 αἴτιον
2759 800 2870 856 τῶν
2905 800 3291 871 γεγενημένων
3323 804 3598 872 κινήσεως
3628 803 3832 866 στάσις.

2251 887 2377 944 Οἷον
2409 891 2495 946 ἵνα
2526 892 2586 957 ἐξ
2609 893 2726 957 ἐνὸς
2757 893 2850 948 τὸν
2878 894 2972 946 ἐπὶ
2997 895 3216 946 πάντων
3242 892 3353 946 τῶν
3375 893 3548 946 ὄντων
3570 898 3834 966 κατανοή·

2252 999 2434 1053 σωμεν
2464 984 2563 1054 τῆς
2590 985 2864 1056 κινήσεως
2887 985 3112 1056 τρόπον,
3141 986 3173 1056 ή
3202 983 3372 1055 ψυχὴ,
3405 985 3567 1038 οὐσία
3597 987 3832 1055 νοεράτε

2251 1076 2346 1129 καὶ
2374 1075 2566 1148 λογικὴ
2597 1077 2956 1147 ὑπάρχουσα,
3006 1076 3102 1131 καὶ
3143 1079 3258 1131 νοεῖ
3285 1078 3381 1131 καὶ⁵
3400 1075 3707 1146 λογίζεται,
3743 1079 3828 1133 δῦ-

2251 1183 2416 1236 ναμιν
2449 1167 2645 1238 ἔχουσα
2674 1169 2766 1223 τὸν
2795 1167 2941 1234 νοῦν,
2978 1169 3198 1240 κίνησιν
3226 1169 3283 1224 δὲ
3311 1169 3412 1240 τὴν
3440 1172 3656 1240 νόησιν,
3689 1172 3829 1242 ἐνέρ-

2249 1275 2404 1327 γειαν
2446 1260 2503 1313 δὲ
2554 1260 2615 1313 τὸ
2661 1261 2861 1334 νόημα.
2923 1263 3103 1334 Πέρας
3147 1263 3257 1334 γὰρ
3304 1261 3468 1316 τοῦτο
3513 1263 3620 1333 τῆς
3647 1281 3707 1317 τε
3744 1265 3826 1318 τοῦ

2251 1351 2500 1417 νοοῦντος
2535 1353 2628 1406 καὶ⁵
2653 1353 2748 1407 τοῦ
2775 1356 3071 1425 νοουμένου
3105 1353 3348 1426 νοήσεως
3372 1357 3545 1419 ἐστιν,
3580 1356 3660 1418 ὡς
3687 1373 3824 1426 περι-

2247 1444 2526 1514 οριστικὺν
2559 1448 2658 1516 τῆς
2693 1446 2830 1517 πρὸς
2858 1446 3065 1516 ἄλληλα
3091 1446 3202 1500 τῶν
3228 1447 3415 1518 ἄκρων
3442 1446 3698 1517 ὑπάρχον
3723 1448 3819 1516 σχέο

2251 1551 2409 1596 σεως.
2467 1535 2686 1590 Νοοῦσα
2715 1537 2826 1609 γὰρ
2859 1537 2892 1608 ἠ
2925 1537 3070 1608 ψυχὴ
3103 1537 3321 1591 ἵσταται
3362 1537 3462 1590 τοῦ
3489 1541 3641 1591 νοεῖν
3668 1540 3813 1591 tanaim

2245 1626 2308 1678 τὸ
2353 1626 2546 1698 νοηθὲν
2601 1629 2738 1698 μετὰ
2783 1630 2881 1701 τὴν
2919 1631 3084 1684 αὑτοῦ
3127 1630 3332 1701 νόησιν.
3393 1631 3472 1684 Τὸ
3503 1631 3621 1702 γὰρ
3653 1629 3817 1700 νοηθὲν

2247 1720 2461 1790 κυρίως
2493 1719 2639 1786 ἅπαξ
2660 1763 2674 1786 ,
2733 1722 2836 1776 οὐκ
2863 1722 2944 1776 ἔτι
2992 1721 3092 1794 τὴν
3127 1722 3262 1795 πρὸς
3289 1723 3351 1776 τὸ
3378 1723 3648 1794 νοηθῆναι
3679 1724 3817 1776 πάλιν

559 1788 876 1868 facultatem
907 1788 1191 1884 provocat,
1222 1825 1278 1871 et
1308 1788 1408 1886 per
1436 1788 1679 1885 singulas
1710 1788 1959 1887 quasque
1993 1818 2134 1887 cogi-

2245 1788 2560 1868 ἐκκαλεῖται
2593 1816 2692 1885 τῆς
2719 1814 2900 1886 ψυχῆς
2924 1788 3183 1886 δύναμιν,
3217 1816 3310 1870 καὶ
3344 1788 3724 1872 καθίέκαστον
3748 1818 3820 1868 v6-

447 1971 464 1988 .
559 1903 796 1959 lationes
829 1905 910 1960 sic
943 1915 1148 1962 statum
1184 1907 1332 1978 capit
1362 1908 1758 1979 qualiscunque
1793 1907 2141 1978 cegitatisuis

559 1995 615 2049 in
671 1996 966 2067 cogitando
1016 2013 1084 2054 eo
1136 1999 1287 2069 quod
1345 1999 1641 2070 cogitatur.
1687 1999 1919 2066 Quando
1974 1999 2142 2071 igitur

557 2089 742 2143 omnia
775 2090 1012 2161 cogitata
1046 2091 1293 2147 omnium
1327 2107 1450 2163 qua:
1483 2093 1713 2165 cogitari
1747 2102 1979 2164 possunt
2011 2108 2135 2148 sen-

558 2177 802 2234 sibilium
854 2188 912 2235 et
958 2182 1344 2254 cogitabilium
1396 2184 1730 2254 cogitatione
1785 2184 2136 2249 transiverit,

555 2267 772 2326 desinet
819 2272 1038 2340 anima,
1089 2274 1171 2329 uti
1220 2275 1290 2329 ab
1337 2275 1598 2330 omnibus
1641 2291 1763 2345 qua:
1804 2276 2137 2346 cogitantur,

557 2360 632 2414 ita
681 2362 849 2416 etiam
898 2379 926 2418 a
980 2375 1094 2420 tota
1148 2366 1482 2436 cogitatione
1533 2378 1702 2438 atque
1752 2367 2018 2422 relatione
2070 2367 2136 2422 ad

555 2453 742 2507 omnia
790 2462 898 2509 tam
946 2457 1175 2514 relativa
1224 2475 1390 2529 quam
1434 2461 1782 2532 cogitabilia,
1823 2476 1926 2518 nec
1971 2457 2140 2516 habet

556 2544 832 2614 reliquum
878 2549 1106 2605 omnino
1145 2551 1281 2621 quid
1320 2552 1554 2624 cogitet,
1586 2561 1710 2623 post
1748 2553 2136 2625 cogitationem

553 2649 748 2690 eorum
777 2653 899 2708 qua:
927 2642 1254 2699 naturaliter
1280 2645 1511 2716 cogitari
1543 2654 1795 2716 possunt,
1823 2655 1948 2718 post
1973 2663 2136 2718 quam

554 2741 720 2797 supra
763 2740 1005 2787 mentem
1049 2741 1107 2790 et
1147 2735 1417 2792 rationem
1467 2746 1524 2794 et
1561 2739 1930 2811 cognitionem
1972 2739 2137 2796 modo

553 2834 658 2874 nec
705 2820 1041 2894 intelligibili
1082 2841 1187 2882 nec
1222 2829 1572 2900 perceptibili
1617 2845 1720 2887 nec
1758 2831 1968 2888 eﬁ'abili
2010 2848 2135 2887 cum

552 2911 668 2967 Deo
714 2913 970 2982 unietur,
1015 2933 1128 2974 non
1184 2921 1435 2993 cogitans
1482 2923 1741 2990 omnino,
1792 2923 1904 2979 imo
1955 2939 2135 2995 neque

553 3003 914 3064 considerans
937 3009 1112 3065 Deum
1143 3019 1239 3066 aut
1260 3013 1565 3070 aestimans.
1592 3015 1742 3070 Nihil
1768 3015 1916 3071 enim
1955 3023 2134 3072 exstat

551 3110 745 3152 eorum
767 3114 893 3169 quas
917 3101 1252 3172 cogitantur,
1271 3121 1383 3175 quo
1411 3121 1511 3176 per
1539 3108 1862 3163 relationem
1886 3107 2127 3179 aliquam
2158 3147 2205 3207 α

551 3189 734 3244 anima
787 3192 1181 3263 cogitationem
1215 3211 1368 3251 suam
1394 3196 1635 3270 dirigere
1658 3202 1857 3270 possit,
1897 3199 1995 3255 sed
2033 3216 2133 3270 per

550 3277 859 3349 simplicem
896 3282 1124 3355 (quippe
1154 3284 1348 3340 habitu
1392 3301 1458 3342 ac
1506 3288 1774 3345 relatione
1820 3288 2130 3362 vacantem)

549 3370 884 3440 unitionem,
913 3390 1036 3445 qua:
1083 3375 1318 3449 cogitari
1346 3392 1457 3432 non
1489 3379 1658 3449 capit,
1684 3388 1741 3435 et
1791 3380 2130 3437 ineffabilem

549 3462 846 3532 quamdam
890 3474 946 3520 et
998 3466 1146 3523 baud
1198 3469 1579 3542 vestigabilem
1624 3472 1918 3538 rationem,
1965 3489 2132 3544 quam

549 3557 701 3612 solus
729 3559 884 3614 novit
910 3561 1055 3617 Deus
1083 3562 1179 3633 qui
1231 3564 1660 3621 inenarrabilem
1719 3567 1861 3623 hanc
1899 3567 2128 3639 gratiam

549 3649 730 3720 dignis
780 3653 1031 3724 largitur,
1061 3662 1117 3709 et
1169 3657 1268 3726 qui
1320 3672 1440 3712 eam
1494 3649 1793 3728 aliquando
1844 3661 2125 3731 accepturi

551 3751 698 3806 sunt,
746 3745 968 3814 quando
1019 3749 1381 3804 conversione
1439 3758 1496 3804 et
1554 3751 1938 3808 immutatione
1979 3755 2128 3808 omni

549 3837 732 3891 omnia
773 3839 1064 3906 vacabunt,
1101 3851 1391 3912 postquam
1454 3858 1641 3898 rerum
1693 3862 1816 3915 quae
1857 3847 2131 3902 exsistunt

551 3931 812 4000 quaalibct
841 3933 989 3988 circa
1019 3935 1323 4005 quidquam
1354 3937 1526 3991 motio
1556 3953 1784 4008 prorsus
1830 3940 2128 3995 terminum

551 4024 826 4080 invenerit
891 4027 1219 4084 infinitatem
1275 4030 1447 4084 Deum
1501 4032 1878 4098 comitantem,
1930 4032 1986 4087 in
2019 4047 2126 4103 qua

549 4130 893 4187 qumcunque
923 4127 1204 4173 metantur
1228 4129 1431 4174 statum
1451 4127 1697 4178 Sumunt.
1717 4124 1848 4178 .lure
1877 4123 2124 4193 quidem,

551 4208 816 4273 arbitror,
854 4211 1231 4280 gravissimam
1257 4226 1502 4269 meretur
1522 4214 2008 4286 reprehensionem
2031 4215 2125 4285 qui

550 4301 1039 4369 praeessistentiam
1063 4305 1370 4360 animarum
1396 4308 1608 4372 statuit,
1642 4307 1901 4378 gentilem
1934 4307 1989 4361 in
2011 4323 2129 4365 mo-

551 4393 683 4447 dum
707 4395 1072 4451 commiscens
1099 4412 1222 4466 qua:
1247 4414 1278 4454 a
1319 4400 1706 4456 commistione
1736 4401 2044 4456 abhorrent
2069 4409 2127 4455 et

2242 1923 2362 1977 ημα
2404 1906 2549 1960 οὕτω
2581 1910 2770 1963 στάσιν
2800 1907 3018 1978 δέχεται
3051 1909 3152 1980 τῆς
3179 1909 3340 1974 ποίας
3376 1910 3470 1965 ἐπὶ
3500 1910 3587 1979 τῷ
3611 1913 3817 1979 νοήματι

2243 1996 2343 2051 τοῦ
2393 1997 2679 2069 νοηθέντος
2725 2000 2985 2069 νοήσεως.
3022 1999 3218 2054 Ἦνίκα
3253 1995 3348 2054 οὖν
3396 2000 3586 2052 πάντα
3617 2000 3685 2053 τά
3711 2001 3817 2070 νοή-

2245 2107 2394 2161 ματα
2447 2089 2558 2144 τῶν
2598 2091 2906 2175 νοουμένων
2945 2091 3166 2146 πάντων
3204 2089 3486 2161 αίσθητῶν
3513 2107 3576 2143 τε
3630 2093 3719 2143 καὶ
3742 2107 3816 2142 νο-

2217 2181 2389 2251 ,ητῶν
2419 2179 2566 2237 κατὰ
2589 2179 2689 2253 τὴν
2716 2182 2905 2254 νόησιν
2929 2182 3196 2256 παρέλθῃ,
3221 2182 3481 2247 παύεται,
3508 2181 3704 2252 ὥσπερ
3721 2183 3817 2236 τῶν

2241 2273 2550 2343 νοουμένων
2581 2275 2840 2330 ἁπάντων
2862 2314 2878 2340 ,
2916 2273 3061 2330 οὕτω
3091 2275 3188 2330 καὶ
3216 2275 3317 2345 τῆς
3347 2275 3479 2346 ὅλης
3507 2275 3745 2347 νοήσεὼς
3766 2291 3815 2327 τε

2241 2363 2336 2417 καὶ
2390 2365 2631 2434 σχέσεως
2701 2365 2842 2435 πρὸς
2893 2364 2964 2419 τὰ
3020 2364 3187 2435 σχιτά
3236 2366 3419 2419 πάντα
3480 2366 3577 2418 καὶ
3633 2366 3815 2435 νοητά,

2239 2455 2338 2510 οὐκ
2368 2455 2568 2528 ἔχουσα
2599 2457 2790 2511 λοιπὸν
2812 2457 2867 2511 τί
2891 2455 3086 2528 νοῆσαι
3117 2457 3180 2510 τὸ
3211 2457 3511 2527 παράπαν,
3565 2458 3707 2528 μετά
3731 2457 3815 2528 τὴν

2236 2549 2346 2603 τῶν
2395 2550 2656 2622 νοηθῆναι
2701 2549 2951 2621 φυσικῶς
2991 2550 3309 2622 δυναμένων
3339 2553 3563 2622 νόησιν,
3627 2551 3816 2622 μεθ’ῆν

2238 2641 2380 2714 ὑπὲρ
2417 2641 2544 2698 νοῦν
2594 2643 2688 2698 καὶ
2737 2643 2897 2712 λόγον
2943 2644 3042 2697 καὶ
3083 2643 3289 2714 γνῶσιν
3316 2645 3606 2715 ἀνοήτως,
3651 2643 3814 2713 ἁγνῶ-

2238 2749 2381 2797 στως
2409 2750 2468 2787 τε
2500 2734 2596 2788 καὶ
2627 2735 2818 2807 (186
2837 2735 2891 2807 ί»)
2934 2736 3233 2808 ἀφράστως
3265 2736 3408 2790 κατὰ
3448 2736 3638 2808 ἁπλῆν
3667 2753 3816 2810 1:909—

2237 2824 2402 2898 δολὴν
2433 2827 2766 2900 ἐνωθήσεται
2804 2825 2885 2899 τῷ
2915 2828 3037 2899 Θεῷ
3061 2869 3076 2894 ,
3135 2829 3198 2883 οὐ
3226 2829 3426 2883 νοοῦσα
3452 2831 3812 2894 παντάπασιν,

2235 2916 2359 2971 οὔτε
2395 2917 2502 2990 μὴν
2546 2919 2641 2973 τὸν
2681 2919 2816 2974 Θεὸν
2857 2919 3205 2992 λογιζομένη.
3241 2921 3318 2974 Οὐ
3347 2922 3460 2990 γάρ
3492 2922 3613 2976 ἐστί
3638 2939 3693 2975 τι
3720 2923 3815 2975 τῶν

2235 3011 2546 3082 νοουμένων
2564 3054 2580 3079 ,
2633 3012 2722 3066 ἵνα
2751 3013 2894 3068 κατά
2920 3029 3046 3068 τινα
3075 3013 3264 3084 σχέσιν
3297 3015 3331 3084 ἡ
3355 3014 3504 3085 ψυχὴ
3531 3013 3639 3087 τὴν
3665 3012 3814 3069 αὐτοῦ

2235 3102 2463 3176 δύνηται
2481 3105 2666 3171 νόησιν
2685 3105 2852 3176 ἔχειν,
2878 3104 3018 3160 ἀλλὰ
3039 3105 3184 3161 κατὰ
3209 3105 3310 3178 τὴν
3340 3105 3540 3176 ἁπλῆν,
3557 3107 3638 3170 ὡς
3668 3107 3815 3175 ἄσχιο

2239 3215 2361 3264 τον,
2408 3198 2502 3252 καὶ
2533 3199 2676 3269 ὑπὲρ
2705 3198 2893 3271 νόησιν
2921 3198 3117 3253 ἐνωσιν
3142 3237 3157 3263 ,
3205 3198 3299 3252 καί
3349 3215 3474 3252 τινα
3518 3198 3682 3266 λόγον
3729 3200 3816 3270 ἄῤ·

2242 3291 2406 3362 ῥητόν
2447 3307 2509 3345 τε
2563 3292 2660 3345 καὶ⁵
2703 3292 3111 3364 ἀνερμήνευτον
3135 3331 3150 3354 ,
3209 3290 3269 3344 δν
3313 3290 3474 3360 μόνος
3499 3287 3647 3345 οἶδεν
3678 3294 3705 3344 6
3730 3290 3815 3361 τὴν

2240 3380 2447 3450 ἄφατον
2487 3381 2696 3454 ταύτην
2735 3382 2899 3454 χάριν
2942 3384 3061 3446 τοῖς
3089 3379 3263 3447 ἀξίοις
3298 3381 3650 3452 δωρούμενος
3675 3380 3809 3445 Θεὸς.

2239 3474 2336 3527 καὶ
2381 3475 2430 3528 οἱ
2478 3474 2688 3545 ταύτην
2721 3473 2950 3545 ὕστερον
2981 3473 3273 3528 πείσεσθαι
3303 3471 3594 3543 μέλλοντες
3616 3513 3632 3533 ,
3667 3473 3814 3542 ἡνίκα

2241 3565 2420 3620 πάντα
2460 3566 2671 3637 τροπῆς
2701 3564 2967 3635 ἐλεύθερα
3017 3565 3114 3618 καὶ
3156 3562 3497 3626 ἀλλοιώσεως
3530 3562 3688 3616 ἔσται
3716 3563 3814 3614 πά·

2242 3676 2342 3728 σης
2365 3699 2378 3720 ,
2435 3659 2537 3729 τῆς
2586 3657 2708 3712 καθ’
2729 3658 2912 3712 ὁτιοῦν
2963 3657 3094 3728 περί
3127 3674 3180 3710 τι
3223 3656 3492 3726 κινήσεως
3522 3654 3636 3708 τῶν
3661 3653 3814 3707 ὄντων

2240 3750 2522 3814 παντελῶς
2559 3751 2735 3822 πέρας
2766 3749 3042 3822 λαϐούσης
3085 3749 3186 3819 τὴν
3217 3747 3346 3818 περὶ
3373 3746 3509 3800 Θεὸν
3540 3747 3810 3818 ἀπειρξαν,

2239 3847 2296 3898 ἐν
2391 3844 2460 3899 τὰ
2490 3843 2786 3914 κινούμενα
2817 3844 2995 3897 πάντα
3022 3842 3240 3913 δέχεται
3269 3841 3484 3895 στάσιν.
3525 3841 3662 3912 Περὶ
3689 3839 3811 3893 Θεδν

2237 3937 2348 4008 γὰρ
2372 3977 2386 4002 ,
2454 3936 2568 3990 ἀλλ’
2592 3936 2653 3988 οὐ
2700 3935 2836 3997 Θεὸς
2861 3973 2876 3998 ,
2937 3936 2971 4006 ἡ
3016 3932 3270 4003 ἀπειρία,
3315 3933 3468 3996 ἔστις
3493 3933 3595 3985 καὶ
3619 3931 3812 3997 ταύτης

2238 4027 2590 4098 ἀσυγκρίτως
2624 4026 2965 4097 ὑπέρκειται.
3018 4025 3256 4088 Δικαίως
3283 4023 3437 4092 γοῦν,
3468 4020 3645 4095 οἶμαι,
3678 4025 3808 4094 μέμ-

2236 4120 2384 4186 ψεως
2427 4118 2578 4184 ἄξιος
2627 4117 2889 4188 πλείστης
2924 4117 2955 4170 ὁ
2991 4116 3092 4187 τὴν
3121 4115 3469 4187 προθπαρειν
3496 4116 3607 4168 τῶν
3631 4115 3804 4187 ψυχῶν

2237 4208 2584 4279 δογματίζων
2633 4209 2752 4261 ἐστὶ
2776 4249 2790 4272 ,
2851 4207 2948 4261 καὶ
2997 4208 3096 4278 τὴν
3139 4208 3400 4278 ἀκίνητον
3433 4207 3666 4262 καθόλου
3706 4207 3804 4259 τῶν

2238 4303 2473 4371 λογικῶν
2506 4301 2670 4356 ἐνάδα
2701 4300 2976 4364 θεσπίζων
2997 4340 3011 4361 ,
3061 4303 3251 4371 φύρων
3286 4300 3616 4371 Ἑλληνικῶς
3643 4301 3707 4354 τὰ
3737 4300 3803 4370 μη

2238 4396 2522 4466 φυρόμενα
2547 4436 2563 4461 ,
2626 4395 2721 4447 καὶ
2753 4392 2930 4459 λέγων
2963 4393 3082 4462 ἅμα
3115 4393 3259 4445 κατὰ
3287 4393 3387 4462 τὴν
3413 4393 3652 4462 ὓπαρξιν
3677 4387 3802 4444 εἶναι

551 4484 854 4540 secundum
881 4486 1246 4544 substantiam
1303 4501 1720 4564 contemporare
1751 4508 1876 4547 cum
1900 4507 2126 4563 genera-

2239 4489 2300 4557 τῇ
2333 4485 2546 4554 γενέσει
2575 4483 2684 4538 τῶν
2710 4482 2948 4552 λογικῶν
2972 4481 3074 4552 τὴν
3103 4483 3314 4536 στάσιν.
3345 4483 3420 4535 Οὐ
3445 4482 3559 4554 γὰρ
3588 4482 3802 4552 συμϐαί-

553 4577 699 4632 tione
731 4577 1080 4634 rationalium
1121 4589 1320 4637 statum
1349 4599 1621 4639 asserens.
1647 4584 1834 4655 Neque
1861 4585 2010 4639 enim
2037 4600 2130 4656 ge-

2239 4598 2314 4635 νει
2347 4580 2426 4644 τῷ
2457 4578 2649 4651 ἀληθεῖ
2677 4577 2824 4649 λόγῳ
2866 4575 2965 4647 τὴν
2993 4575 3213 4643 γένεσιν
3243 4575 3683 4647 πρππινοεῖσθαι
3711 4575 3800 4642 τῆς

549 4671 891 4728 nerationem
908 4684 1035 4730 ante
1063 4683 1289 4742 statum,
1319 4692 1443 4746 quae
1475 4678 1775 4732 immobilis
1804 4685 2004 4733 natura
2032 4678 2126 4744 sit,

548 4770 644 4815 aut
694 4769 899 4818 statum
954 4773 1080 4834 post
1136 4765 1473 4820 immobilem
1541 4767 1978 4837 generationem,
2032 4777 2128 4822 aut

550 4851 788 4924 denique
818 4871 926 4910 una
949 4872 1073 4910 cum
1108 4857 1466 4928 generatione
1497 4866 1700 4912 statum
1755 4860 1998 4930 cogitare
2037 4875 2126 4914 ra-

551 4945 719 5000 tionis
749 4946 968 5002 veritati
1001 4949 1286 5019 competit.
1333 4948 1454 5003 Non
1484 4950 1631 5003 enim
1674 4949 1904 5005 facultas
1955 4966 2126 5022 gene-

553 5037 781 5092 rationis
834 5049 918 5093 est
955 5048 1151 5105 status,
1196 5039 1335 5095 adeo
1377 5049 1439 5094 ut
1468 5056 1596 5094 cum
1631 5041 1986 5112 generatione
2027 5057 2124 5097 eo-

553 5142 673 5180 rum
704 5144 826 5198 qua:
865 5129 1007 5186 facta
1035 5141 1166 5186 sunt
1194 5149 1301 5187 una
1336 5133 1636 5204 cogitetur,
1661 5133 1757 5188 sed
1796 5133 2124 5190 facultativae

550 5233 745 5273 eorum
769 5237 891 5291 quae
925 5223 1067 5278 facta
1111 5234 1241 5280 sunt
1269 5227 1648 5297 generationis
1701 5227 1941 5284 actionis
2000 5227 2125 5283 linis

551 5317 768 5375 exstat;
809 5327 873 5366 ac
904 5314 1251 5384 simpliciter,
1282 5327 1341 5372 ut
1390 5317 1584 5388 paucis
1612 5317 1915 5386 absolvam,
1957 5321 2000 5374 si
2031 5337 2127 5376 eo-

554 5418 673 5456 rum
695 5412 779 5459 est
801 5412 978 5460 status
1005 5422 1128 5476 qua;
1155 5409 1224 5462 ad
1254 5410 1388 5478 quid
1416 5420 1566 5475 sunt,
1621 5427 1731 5466 non
1780 5412 1848 5466 ad
1890 5428 2124 5483 genera-

555 5493 781 5561 tionem,
813 5496 910 5552 sed
944 5497 1012 5551 ad
1072 5499 1369 5555 motionem
1426 5517 1548 5558 esse
1584 5501 1810 5564 dicitur,
1839 5503 1906 5557 ad
1962 5519 2125 5573 quam

551 5589 719 5642 etiam
785 5589 1157 5647 differentiam
1202 5593 1368 5662 capit,
1409 5594 1538 5647 dum
1596 5595 1666 5654 ad
1711 5600 2125 5666 generationem

553 5679 777 5747 quidem
824 5683 1050 5739 minime
1108 5683 1368 5749 refertur,
1401 5684 1468 5739 ad
1509 5701 1674 5756 quam
1709 5687 1938 5743 differre
1975 5688 2124 5749 haud

553 5773 722 5847 capit.
755 5775 939 5838 Donec
968 5777 1136 5852 igitur
1159 5787 1362 5835 statum
1411 5777 1597 5845 audio,
1635 5781 1812 5842 solum
1857 5783 2122 5846 t'CSsilliO—

2233 4673 2480 4734 στάσεως
2503 4713 2519 4736 ,
2576 4670 2836 4740 ἀκίνητον
2881 4667 3047 4738 φύσει
3099 4667 3221 4720 κατ’
3251 4667 3417 4721 αὐτὸν
3441 4667 3796 4739 ὑπάρχουσαν.

2231 4763 2356 4817 οὔτε
2393 4759 2837 4833 μετεπινοείσθαι
2869 4759 3060 4813 στάσιν
3087 4758 3351 4827 ἀκινήτου
3381 4759 3663 4826 γενέσεως,
3687 4755 3797 4809 οὕτε

2235 4857 2341 4927 μὴν
2368 4851 2800 4908 συνεπινοεῐσθαι
2826 4853 2891 4922 τῇ
2913 4849 3128 4920 γενέσει
3147 4850 3248 4922 τὴν
3272 4851 3489 4905 στάσιν.
3514 4851 3589 4904 οὗ
3605 4849 3706 4919 γὰρ
3717 4847 3798 4900 δύο

2231 4964 2395 5016 ναμις
2430 4945 2528 5014 τῆς
2557 4941 2830 5012 γενέσεως
2865 4943 2898 5011 ὴ
2937 4940 3131 5004 στάσις
3161 4941 3344 5002 ἐστὶν,
3396 4941 3489 4995 ἵνα
3534 4955 3794 4994 συνεπινο·

2229 5041 2334 5109 ηθῇ
2367 5041 2434 5108 τῇ
2460 5037 2674 5106 γενέσει
2704 5035 2814 5088 τῶν
2839 5035 3250 5103 γεγενημένων,
3282 5033 3421 5087 ἀλλὰ
3446 5035 3546 5104 τῆς
3569 5033 3699 5088 κατὰ
3714 5030 3796 5082 δύο

2230 5149 2392 5200 ναμιν
2446 5128 2732 5199 ἐνεργείας
2792 5126 2889 5195 τῆς
2949 5127 3057 5178 τῶν
3114 5125 3506 5195 γεγενημένων
3551 5126 3795 5194 γενέσεως

2231 5225 2381 5286 τέλος
2413 5223 2652 5292 ὑπάρχει
2680 5262 2693 5279 ,
2756 5221 2852 5274 καὶ
2881 5217 3090 5283 ἁπλῶς,
3130 5218 3219 5272 ἶνα
3248 5219 3488 5274 συνελὼν
3519 5220 3668 5278 εἴπω.
3698 5215 3793 5268 τῶν

2234 5319 2368 5388 πρός
2397 5333 2450 5368 τι
2477 5316 2613 5370 οὖσα
2645 5315 2679 5384 ἡ
2712 5313 2923 5376 στάσις,
2959 5312 3021 5366 οὐ
3055 5310 3193 5381 πρὸς
3221 5311 3475 5378 γένεσιν,
3519 5311 3649 5364 ἀλλὰ
3675 5307 3794 5378 πρ⁵ς

2231 5412 2446 5478 κίνησιν
2479 5407 2701 5476 λέγεται
2727 5445 2740 5469 ,
2801 5405 2936 5476 πρὸς
2965 5404 3032 5475 ἦν
3077 5403 3173 5456 καὶ
3201 5403 3608 5475 άντιδιαστολὴν
3633 5400 3792 5456 ἐπιδέ-

2229 5519 2384 5571 χεται
2409 5541 2424 5564 ,
2460 5497 2717 5569 οὐδαμῶς
2743 5497 2844 5568 τὴν
2871 5495 3009 5566 πρὸς
3042 5493 3258 5561 γένεσιν
3283 5496 3568 5564 ἀναφοράν
3593 5496 3812 5561 ἔχουσα..

2231 5596 2369 5667 πρὸς
2419 5597 2485 5665 ἣν
2532 5591 2822 5662 διαστολὴν
2869 5589 2971 5643 οὐκ
3020 5588 3350 5658 ἐπιδέχεται.
3393 5591 3539 5653 Ἕως
3567 5589 3685 5642 δ’ἇν
3711 5580 3791 5638 οὖν

2231 5691 2420 5745 στάσιν
2469 5685 2675 5747 ἀκούω,
2734 5684 2935 5756 (187
2963 5683 3020 5754 a)
3075 5682 3290 5737 παῦλαν
3339 5681 3504 5754 μόνον
3561 5679 3787 5751 μανθάνω

2231 5783 2516 5855 κινήσεως.
2555 5779 2615 5838 Ei
2643 5777 2697 5832 δέ
2729 5777 2837 5835 τῶν
2866 5776 2982 5858 ἅμα
3011 5775 3155 5837 κατὰ
3182 5775 3283 5853 τὴν
3313 5774 3546 5850 ὕπαρξιν
3572 5774 3662 5834 οὐκ
3686 5771 3784 5829 ἔστι
