4026 6288
254 259 386 324 1221

1496 252 2015 314 AMBIGUORUM
2052 252 2301 311 LIBER.

3372 250 3511 317 1222

245 374 466 447 γένεσις
513 371 605 423 καὶ
654 368 865 427 στάσις,
913 364 1021 436 ἄρα
1053 362 1483 435 παραχαράττει,
1518 363 1703 432 σαφῶς
1737 361 1829 413 τὸν

1946 377 2057 415 nem
2090 359 2350 415 motionis
2380 358 2644 428 intelligo.
2666 356 2723 413 Si
2748 372 2878 411 vero
2912 359 3216 415 secundum
3241 362 3513 418 cxsisten-

247 468 349 537 τῆς
378 462 638 534 ἀληθείας
667 461 825 528 λόγον
857 458 884 508 ὁ
912 456 1073 510 τοῦτο
1103 456 1377 518 θεσπίζων
1396 495 1411 519 ,
1458 455 1553 507 καὶ
1580 455 1680 523 τὴν
1704 453 1827 507 ἀκί-

248 575 413 630 νητον
470 556 584 626 ἅμα
631 556 716 624 τῇι
747 553 960 620 γενέσει
1008 548 1469 620 προῦπάρχουσαν
1513 547 1675 600 ὲνάδα
1720 545 1829 598 τῶν

248 649 491 719 λογικῶν
518 643 882 718 δογματίζων.
941 643 1004 695 Εἰ
1029 642 1087 694 δέ
1117 658 1201 704 τις
1230 640 1408 709 λέγοι,
1445 640 1555 693 Καὶ
1586 639 1704 703 πῶς
1738 638 1831 691 ἐπὶ

248 742 391 797 Θεοῦ
439 740 658 809 λέγεται
702 735 924 800 στάσις,
982 734 1059 805 μὴ
1097 732 1297 803 ἔχουσα
1329 729 1831 802 προεπινοουμένην

250 836 506 906 κίνησινς
568 830 710 901 φημὶ
740 827 956 900 πρῶτον
988 828 1108 897 μὲν,
1143 824 1218 878 Οὐ
1247 823 1441 878 ταύτὸν
1471 822 1711 891 Κτίστης
1736 821 1833 874 καὶ

249 926 455 991 κτίσις,
490 924 555 977 ἵν’
574 923 711 992 ὅπερ
739 920 821 973 ἐν).
853 917 1076 973 δυνατὸν
1105 916 1411 987 προσεῖναι,
1446 913 1565 968 κατ’
1586 914 1832 982 ἀνάγκην

248 1017 332 1087 τῷ
376 1016 551 1085 ἑτέρῳ
597 1011 861 1074 ὡσαύτως
906 1006 1347 1080 ὲπιθεωρηθῆναι
1393 1005 1656 1075 δύνηται,
1711 1004 1835 1057 ἐπεὶ

249 1110 465 1177 οῦτωγε
516 1105 772 1177 οὐδαμῶς
820 1103 884 1157 τὸ
935 1102 1077 1156 κατά
1123 1101 1286 1171 φύσιν
1328 1098 1586 1169 διάφορον
1628 1096 1835 1151 τούτοιν

250 1204 408 1257 ἔσται
435 1198 744 1269 καταφανές
764 1216 775 1227 ·
812 1196 1002 1250 ἔπειτα
1031 1193 1236 1265 κυρίως
1263 1193 1459 1253 εἰπεῖν,
1490 1190 1519 1241 ὁ
1543 1188 1678 1252 Θεὸς
1710 1187 1833 1241 οὔτε

251 1294 488 1345 κινεῖται
516 1287 795 1350 παντελῶς
826 1285 950 1339 οὕτε
982 1286 1199 1338 ἵσταται
1226 1282 1403 1353 (τοῦτο
1428 1280 1537 1351 γάρ
1564 1280 1674 1333 τῶν
1693 1278 1835 1332 κατά

252 1386 420 1454 ερύσιν
468 1379 903 1453 πεπερασμένων
960 1378 1055 1430 καὶ
1099 1375 1275 1446 ἀρχὴν
1308 1372 1401 1426 τοῦ
1435 1369 1576 1427 εἶναι
1604 1372 1836 1442 ἐχόντων

252 1478 405 1530 ἐστὶν
432 1474 610 1544 ἴδιον),
643 1472 765 1526 οὔτε
800 1471 905 1541 μήν
935 1487 990 1522 τι
1019 1470 1162 1520 ποιεῖ
1193 1465 1565 1528 παντάπασιν,
1591 1462 1714 1516 οὔτε
1735 1462 1838 1515 πά-

255 1588 377 1639 σχει
421 1567 530 1621 τῶν
565 1569 665 1621 ὅσα
694 1566 780 1618 ἐπ’
805 1561 970 1616 αὑτοῦ
1000 1561 1068 1614 δι’
1090 1562 1239 1630 ἡμᾶς
1276 1558 1369 1612 καὶ
1392 1559 1592 1610 νοεῖται
1624 1554 1718 1609 καὶ
1745 1553 1835 1607 λέ-

252 1676 436 1728 γεται,
465 1656 554 1711 διὰ
576 1656 635 1709 τὸ
661 1654 802 1709 κατὰ
824 1652 986 1721 φύσιν
1010 1651 1150 1721 ὑπὲρ
1178 1652 1357 1704 πᾶσαν
1377 1644 1518 1702 εἶναι
1546 1646 1758 1717 κίνησίν
1777 1662 1835 1697 τε

1935 454 2066 508 tiatn
2098 452 2384 524 generatio
2418 461 2474 504 et
2510 458 2684 505 status
2733 464 2843 503 non
2894 458 3342 522 contemporant,
3398 471 3514 509 ma-

1931 547 2132 601 nifesto
2173 543 2428 600 veritatis
2489 544 2758 597 rationem
2818 541 3096 597 adulterat
3155 545 3204 601 is
3256 548 3352 616 qui
3406 548 3514 603 hoc

1933 636 2195 707 praedicat
2262 642 2428 703 atque
2482 634 2755 688 unitatem
2812 634 3155 689 immobilem
3217 653 3326 692 una
3388 654 3515 693 cum

1932 727 2289 798 generatione
2328 734 2456 781 ante
2480 725 2769 781 rationalia
2799 728 3182 797 przeexsistere
3212 730 3422 783 statuit.
3450 733 3520 785 At

1933 820 1977 875 si
2031 820 2152 889 quis
2194 820 2379 873 dicat:
2409 819 2477 873 Et
2514 819 2793 887 quomodo
2826 820 2939 874 Deo
2961 820 3286 874 attribuitur
3317 830 3515 887 status,

1935 927 2060 967 cum
2088 911 2388 966 motionem
2415 920 2541 965 ante
2571 926 2629 965 se
2657 910 2835 979 ipsum
2857 912 3087 982 cogitari
3116 927 3228 966 non
3251 912 3520 967 admittit?

1935 1004 2179 1059 Primum
2206 1002 2430 1073 quidem
2479 1002 2826 1073 respondeo:
2880 1003 2998 1058 Non
3050 1004 3199 1060 idem
3253 1005 3519 1060 Conditor

1935 1105 2019 1150 est
2039 1104 2205 1165 atque
2228 1095 2495 1160 conditio,
2517 1104 2579 1149 ut
2620 1096 2769 1165 quod
2829 1097 2923 1150 uni
2967 1097 3147 1153 inesse
3187 1106 3391 1168 potest,
3424 1115 3520 1153 ne-

1935 1190 2174 1244 cessario
2231 1190 2398 1244 etiam
2453 1190 2509 1243 in
2564 1190 2740 1244 altero
2813 1205 2921 1243 una
2973 1190 3256 1245 observari
3309 1199 3517 1261 queat,

1935 1282 2158 1351 quando
2207 1282 2283 1335 ita
2342 1280 2570 1351 quidem
2628 1283 2899 1337 naturalis
2948 1283 3149 1337 horum
3204 1284 3520 1339 differentia

1935 1374 2259 1429 nullomodo
2313 1374 2607 1429 manifesta
2667 1376 2827 1430 erit:
2886 1375 3113 1441 deinde,
3177 1386 3239 1431 ut
3297 1376 3520 1447 proprie

1938 1467 2138 1532 dicam,
2190 1468 2338 1523 Deus
2379 1482 2559 1537 neque
2598 1475 2854 1522 movetur
2909 1468 3135 1523 omnino
3180 1484 3361 1539 neque
3416 1480 3523 1525 stat

1940 1560 2071 1632 (hoc
2108 1560 2257 1614 enim
2313 1576 2505 1615 eorum
2555 1570 2641 1616 est
2688 1561 2971 1631 peculiare
3015 1577 3137 1632 qua:
3193 1563 3522 1619 naturaliter

1940 1652 2233 1707 terminata
2262 1661 2577 1723 suntatque
2626 1650 2849 1708 initium
2890 1654 3229 1710 exsistentize
3268 1655 3519 1727 habent),

252 1750 353 1802 καὶ
376 1748 590 1810 στάσιν,
613 1746 710 1800 καὶ
734 1744 922 1815 μηδενὶ
944 1743 1089 1813 λόγῳ
1106 1743 1218 1804 τοῖς
1240 1740 1362 1793 καθ’
1378 1739 1524 1810 ἡμᾶς
1538 1738 1584 1770 ’⁸
1602 1736 1839 1790 ὑποϐάλ-

1946 1758 2119 1813 neque
2158 1743 2459 1813 quidquam
2490 1745 2715 1798 omnino
2742 1744 2874 1800 facit
2900 1755 2993 1800 aut
3019 1747 3230 1816 patitur
3257 1763 3521 1817 quaecun-

252 1836 445 1893 λεσθαι
477 1836 717 1906 τρόποις.
755 1834 939 1889 Ταῦτα
974 1830 1396 1903 παρεκϐατικῶς
1431 1827 1671 1898 εἰρήσθω
1706 1825 1835 1896 περὶ

252 1927 350 1981 τοῦ
409 1927 577 1999 μηδὲν
626 1927 822 1998 χρῆναι
866 1925 1044 1993 λέγειν
1103 1923 1213 1976 τῶν
1262 1922 1430 1975 ὄντων
1484 1918 1627 1973 κατὰ
1672 1917 1834 1986 φύσιν

252 2019 676 2091 ἀπολελυμένως
730 2019 1012 2089 ἐνεργεῖν,
1073 2015 1159 2069 ἵνα
1218 2016 1294 2086 μὴ
1344 2013 1583 2066 ἀναίτιόν
1626 2028 1680 2063 τι
1725 2009 1836 2062 τῶν

256 2113 404 2184 μετά
430 2112 561 2167 Θεὸν
590 2111 844 2181 ἀφρόνως
871 2109 1214 2179 εἰσάγωμεν,
1272 2104 1615 2177 ἐνεργεῖσθαι
1643 2103 1701 2156 δὲ
1730 2120 1835 2172 φυ-

256 2205 429 2268 σικῶς
462 2204 523 2256 τὸ
550 2204 797 2274 ἐνεργεῖν
830 2200 977 2255 τοῦθ’
998 2201 1138 2272 ὅπερ
1166 2197 1561 2269 ένεργούμενον
1590 2195 1836 2266 πέφυκεν

254 2297 525 2367 ἐνεργεῖν.

263 2667 379 2723 Τοῦ
421 2667 608 2723 αὐτοῦ
634 2668 821 2738 λόγου
868 2669 955 2736 εις
986 2667 1089 2733 τὸ,
1139 2665 1347 2721 «Ἀλλ’
1402 2665 1455 2719 ει
1498 2663 1837 2736 ἀσώματον,

332 2758 497 2812 οὔπω
546 2758 664 2828 μὲν
728 2757 871 2813 οὐδὲ
932 2758 1111 2814 τοῦτο
1183 2757 1296 2826 τῆς
1358 2758 1580 2824 οὐσίας
1656 2772 1842 2827 παρα-

328 2850 653 2918 στατικὸν,
706 2849 909 2918 ὣσπερ
967 2849 1110 2905 οὐδὲ
1171 2849 1237 2903 τὸ
1304 2846 1671 2918 ἀγέννητον,
1740 2847 1839 2904 καὶ

329 2943 400 2997 τὸ
426 2942 716 3012 ἄναρχον,
764 2941 863 2997 καὶ
900 2943 969 2995 τὸ
1003 2941 1432 3004 ἀναλλοίωτον,
1468 2939 1568 2993 καὶ
1618 2938 1840 3009 ἀφθαρ-

331 3049 462 3097 τον,
515 3031 613 3086 καὶ
662 3032 779 3087 ὅσα
834 3032 968 3101 περὶ
1023 3031 1169 3087 Θεοῦ
1216 3032 1254 3101 ἢ
1301 3031 1438 3100 περὶ
1482 3028 1630 3085 Θεὸν
1685 3027 1840 3085 εἶναι

330 3125 588 3195 λέγεται.
628 3143 647 3176 ι

333 3236 480 3309 Πρὸς
520 3237 649 3299 τοὺς
689 3235 942 3307 ἀνόμοιον
978 3235 1214 3305 μάλιστα
1255 3232 1335 3305 τῷ
1366 3233 1541 3303 Πατρὶ
1579 3234 1669 3287 τὸν
1716 3233 1845 3287 Υἱὸν

261 3330 593 3401 κακούργως
616 3330 955 3397 εἰσάγοντας,
982 3328 1072 3382 διὰ
1100 3327 1193 3382 τοῦ
1222 3327 1463 3396 νομίζειν
1486 3326 1674 3380 οὐσίαν
1706 3325 1846 3380 εἶναι

260 3422 360 3477 τοῦ
414 3420 625 3495 [ἰατρὸς
679 3420 740 3475 τό
791 3421 1104 3491 ἀγέννητον,
1160 3420 1236 3484 ὡς
1295 3416 1446 3491 οἶμαι
1467 3460 1483 3485 ,
1544 3420 1635 3474 τὸν
1689 3420 1847 3489 λόγον

265 3518 616 3587 ποιούμενος,
670 3515 764 3570 καὶ
815 3517 879 3570 ὲκ
931 3515 1039 3569 τῶν
1088 3515 1288 3586 ὁμοίων
1348 3514 1410 3568 τὸ
1474 3514 1592 3567 δέον
1648 3514 1847 3576 αὐτοὺς

266 3611 567 3679 ὶπιγνῶναι
603 3608 886 3674 διδάσκων,
925 3609 1100 3663 ταῦτά
1137 3625 1303 3680 φησιν
1329 3611 1357 3662 ὁ
1401 3609 1739 3672 διδάσκαλος,
1781 3607 1845 3661 ἵν’

228 3726 233 3733 ·
266 3703 376 3757 ὑπὸ
405 3703 504 3772 τῆς
528 3701 786 3772 ἀληθείας
809 3700 946 3772 πρὸς
969 3701 1067 3765 τὴν
1094 3700 1376 3753 εὐσέϐειαν
1405 3700 1846 3768 συνελαυνόμενοι

267 3794 539 3858 εὐπειθῶς
588 3795 685 3849 σὺν
722 3796 858 3863 ἡμῖν
890 3794 952 3846 τὸ
1002 3794 1075 3864 μὴ
1125 3793 1270 3861 ἔχειν
1309 3791 1521 3859 γένεσιν
1572 3792 1756 3861 (187
1792 3790 1845 3860 ὁ)

267 3888 364 3941 τὸν
384 3886 603 3957 Πατέρα
626 3886 785 3956 μδνον
811 3883 1007 3955 δηλοῦν
1030 3884 1091 3938 τὸ
1116 3885 1416 3954 ἀγέννητον
1443 3884 1843 3954 ὁμολογήσωσι,

268 3978 576 4037 συνειδότες
600 3977 674 4042 ὡς
716 3977 876 4048 εἴπερ
904 3976 1093 4031 οὐσίαν
1124 3976 1259 4029 Θεοῦ
1284 3976 1345 4029 τὸ
1370 3974 1665 4046 ἀγέννητον
1705 3972 1847 4029 εἶναι

268 4070 492 4133 πάντως
537 4068 835 4139 βιάσαιντο,
881 4068 1068 4123 οὐσίαν
1100 4066 1237 4121 Θεοῦ
1265 4068 1357 4120 καὶ
1388 4068 1448 4122 τὸ
1473 4068 1762 4137 ἀσώματον
1790 4068 1848 4134 ἐξ

264 4164 546 4231 ἀκάγκης,
586 4161 763 4216 καὶτὸ
808 4161 1061 4229 ἄναρχον,
1098 4159 1195 4212 καὶ
1235 4161 1297 4212 τὸ
1334 4159 1621 4223 ἀθάνατον,
1664 4160 1757 4213 καὶ
1788 4160 1849 4213 τὸ

267 4254 649 4317 ἀναλλιδίωτον,
707 4253 801 4306 καὶ
850 4252 910 4304 τὸ
959 4250 1267 4321 ἄφθαρτον,
1316 4252 1413 4305 καὶ
1471 4253 1572 4305 ὅσα
1614 4253 1702 4306 διὰ
1751 4253 1849 4322 τῆς

268 4347 605 4418 περητικῆς
652 4347 984 4416 ἀναιρέσεως
1027 4345 1116 4399 διὰ
1166 4345 1265 4416 τὴν
1300 4345 1575 4415 ὑπεροχὴν
1622 4347 1652 4398 ὁ
1717 4346 1848 4410 Θεὸς

1938 1854 2046 1908 que
2073 1856 2169 1909 per
2189 1855 2292 1894 nos
2317 1841 2629 1910 cogitantur
2657 1841 2724 1894 de
2740 1856 2808 1895 eo
2842 1848 2898 1895 et
2919 1840 3201 1907 dicuntur,
3230 1850 3523 1912 prepterea

1943 1933 2093 2003 quod
2136 1933 2464 1988 naturaliter
2528 1949 2746 1989 omnem
2782 1944 2839 1989 et
2881 1934 3182 1989 motionem
3230 1942 3285 1991 et
3320 1944 3523 1992 statum

1941 2034 2190 2095 supcrat,
2219 2042 2400 2095 neque
2426 2026 2535 2080 ulla
2588 2027 2806 2081 ratione
2838 2037 3043 2083 nostra:
3088 2035 3300 2085 naturae
3344 2028 3524 2082 modis

1942 2118 2210 2188 subjacet.
2246 2118 2373 2173 Haac
2411 2134 2510 2189 per
2541 2118 2945 2189 digressionem
2994 2118 3141 2175 dicta
3190 2120 3303 2175 sint
3348 2120 3416 2175 de
3456 2133 3524 2175 eo
3613 2155 3617 2159 -

1939 2209 2085 2278 quod
2110 2210 2246 2263 nihil
2276 2211 2332 2263 in
2356 2211 2523 2265 rebus
2550 2210 2875 2264 naturaliter
2928 2210 3181 2265 absolute
3214 2226 3375 2282 agere
3424 2212 3523 2266 de-

1940 2300 2173 2357 beamus
2198 2301 2407 2369 dicere,
2455 2316 2526 2356 ne
2557 2300 2689 2372 quid
2722 2315 2886 2355 causa
2933 2316 3137 2355 vacans
3171 2317 3363 2356 eorum
3403 2317 3525 2372 quin

1940 2399 2067 2462 post
2094 2392 2268 2446 Deum
2303 2401 2435 2448 sunt
2489 2392 2674 2463 inepte
2709 2388 3058 2456 inducamus,
3093 2392 3190 2447 sed
3245 2393 3330 2464 agi
3366 2401 3528 2448 natu-

1942 2485 2134 2540 raliter
2151 2500 2273 2542 esse
2299 2500 2463 2557 agere
2500 2484 2555 2540 id
2577 2484 2723 2555 quod
2754 2491 2940 2539 actum
2970 2500 3131 2556 agere
3146 2484 3347 2539 valeat.

1944 2666 2201 2737 Ejusdem
2219 2667 2475 2721 sermonis
2498 2667 2551 2720 in
2574 2665 2710 2719 illud
2729 2683 2777 2720 η
2798 2666 2902 2720 Sed
2920 2666 2967 2720 si
2990 2668 3379 2736 incorporeum,
3397 2683 3530 2720 non-

2017 2756 2145 2810 dum
2172 2766 2349 2811 tamen
2376 2758 2475 2810 hoc
2498 2757 2738 2809 essentia:
2784 2756 3174 2825 patrocinatur,
3226 2772 3329 2808 non
3359 2758 3529 2825 magis

2016 2865 2180 2920 quam
2206 2848 2345 2919 quod
2369 2848 2688 2918 ingenitum,
2731 2855 2782 2901 et
2819 2849 2935 2900 sine
2969 2848 3144 2913 initio,
3174 2854 3225 2899 et
3270 2848 3525 2903 immuta-

2017 2942 2142 3007 bile,
2169 2950 2218 2995 et
2235 2943 2351 2996 sine
2397 2944 2639 3007 interitu,
2681 2949 2732 2995 et
2768 2955 3096 3011 quarcttnque
3155 2940 3219 2993 de
3274 2940 3384 2995 Deo
3432 2951 3524 2997 aut

2015 3038 2157 3091 circa
2174 3036 2345 3091 Deum
2365 3052 2476 3090 esse
2503 3038 2773 3090 dicuntur.
2796 3055 2813 3088 ι

2017 3255 2100 3312 Ad
2141 3274 2238 3313 eos
2290 3258 2345 3312 in
2377 3259 2575 3329 primis
2620 3260 2714 3329 qui
2750 3260 2947 3317 Filium
3002 3262 3148 3317 Patri
3201 3262 3525 3337 dissimilem

1946 3350 2155 3406 nefarie
2185 3352 2568 3416 introducunt,
2621 3368 2688 3407 eo
2726 3354 2899 3425 quod,
2930 3365 2991 3409 ut
3042 3357 3304 3422 arbitror,
3348 3360 3529 3417 Patris

1944 3444 2236 3498 essentiam
2269 3443 2322 3496 in
2355 3458 2421 3497 eo
2452 3443 2727 3498 collocant
2782 3446 2929 3514 quod
2962 3446 3243 3517 ingenitus
3292 3450 3382 3513 sit,
3406 3466 3527 3506 ser-

1946 3550 2165 3588 monem
2202 3534 2469 3604 dirigens,
2520 3544 2575 3615 et
2623 3552 2691 3591 ex
2720 3535 2997 3593 similibus
3045 3539 3177 3608 quid
3226 3556 3526 3610 agnoscere

1948 3628 2188 3682 debeant
2211 3626 2514 3691 instruens,
2542 3616 2656 3681 haec
2706 3626 2843 3682 dicit
2874 3631 3157 3700 magister,
3203 3642 3265 3687 ut
3292 3634 3527 3690 veritate

1946 3719 2013 3773 ad
2045 3719 2307 3789 pietatem
2360 3719 2537 3773 coacti
2601 3716 2840 3774 libenter
2896 3735 3019 3776 eum
3077 3721 3241 3779 nobis
3280 3722 3527 3795 eo’quod

1947 3812 2111 3867 Pater
2137 3809 2490 3881 generatione
2512 3819 2666 3865 caret
2724 3812 2862 3868 nihil
2894 3813 2999 3868 nisi
3045 3815 3193 3884 quod
3247 3816 3530 3888 ingenitus

1950 3902 2021 3957 sit
2040 3900 2262 3971 probari
2304 3899 2632 3964 concedant,
2660 3916 2934 3956 memores
2962 3901 3131 3971 quod,
3160 3903 3204 3957 si
3233 3904 3531 3959 essentiam

1948 3991 2047 4046 Dei
2096 3992 2255 4061 plane
2306 3990 2411 4044 hoc
2456 4006 2575 4045 esse
2599 3991 3005 4047 contenderent
3053 3995 3201 4064 quod
3242 3996 3529 4067 ingenitus

1949 4091 2053 4145 est,
2097 4083 2263 4138 etiam
2322 4083 2829 4152 incorporalitatem
2895 4085 3052 4155 ejus,
3113 4096 3169 4141 et
3218 4088 3364 4157 quod
3408 4091 3530 4146 sine

1952 4175 2130 4241 initio,
2157 4184 2213 4229 et
2238 4176 2567 4229 immortalis
2594 4185 2696 4243 est,
2726 4186 2781 4230 et
2808 4177 3190 4245 immutabilis,
3224 4190 3279 4235 et
3300 4180 3531 4237 interitu

1950 4275 2120 4331 caret,
2174 4275 2229 4321 ct
2286 4282 2629 4336 quiecunque
2685 4267 2953 4337 privative
3028 4280 3254 4340 propter
3300 4289 3535 4343 exsupe-

1955 4360 2193 4414 rantiam
2224 4360 2371 4413 Deus
2401 4375 2525 4414 esse
2563 4360 2772 4414 dicitur
2803 4360 2975 4431 (certe
3014 4363 3057 4416 si
3085 4363 3189 4417 sibi
3217 4373 3535 4423 constantes

268 4433 411 4489 εἶναι
464 4435 700 4503 λέγεται,
749 4434 928 4502 λέγειν
974 4436 1217 4498 εἰκότως,
1269 4436 1478 4498 ἑαυτοῖς
1528 4435 1659 4502 γοῦν
1708 4451 1841 4488 στοι-

1958 4449 2390 4517 essevoluerint)
2444 4450 2760 4503 necessario
2820 4450 3010 4522 utique
3038 4461 3284 4508 statuere
3329 4470 3533 4527 cogen-

268 4530 515 4600 χοῦντες,
558 4528 1033 4599 ὲκθιασθήσονται,
1080 4529 1176 4582 καὶ
1225 4527 1366 4581 οὓτω
1415 4527 1616 4590 πολλὰς
1659 4527 1848 4590 οὐσίας

266 4618 430 4684 Θεοῦ,
465 4621 561 4672 καὶ
586 4620 646 4672 οὔ
669 4620 815 4690 μίαν,
850 4620 1052 4690 μᾶλλον
1077 4619 1154 4683 δὲ,
1188 4620 1519 4689 κυριώτερον
1558 4620 1731 4672 εἰπεῖν
1758 4619 1852 4671 καὶ

268 4710 655 4781 ἀληθέστερον,
695 4712 986 4767 πολυθεϊαν
1020 4711 1337 4780 Ἑλληνικὴν
1375 4710 1657 4773 νοσοῦντες
1700 4712 1854 4776 ὲλεγῂ

268 4806 587 4878 χθήσονται,
621 4806 759 4884 τ’ξπερ
809 4806 884 4868 ὼς
914 4803 1107 4868 ἀσεϐὲς
1148 4805 1321 4857 εἰπεῖν
1350 4805 1727 4874 αἰσχυνόμενοι
1754 4805 1853 4875 τῆς

267 4899 531 4963 ἀπονοίας
571 4898 788 4962 πάντως
834 4898 1121 4967 ἀφέξονται
1157 4896 1250 4952 καὶ
1282 4897 1359 4966 μὴ
1411 4897 1743 4967 βουλόμενοι.
1772 4896 1853 4950 Τά

268 4989 382 5061 γάρ
427 4988 727 5059 στερητικά
768 4990 801 5061 ἢ
855 4989 1172 5062 ἀναιρετικά
1220 4988 1347 5060 περί
1394 5005 1445 5041 τι
1501 4988 1853 5060 θεωρούμενα

269 5083 371 5134 οὐκ
396 5082 526 5136 αὐτὸ
551 5084 727 5135 ἐκεῖνο
757 5084 1012 5152 τυγχάνει
1049 5082 1176 5135 ὄντα
1199 5082 1258 5134 τὸ
1286 5080 1415 5150 περὶ
1440 5081 1467 5133 ὃ
1494 5080 1851 5152 θεωροῦνται,

271 5174 395 5227 ἐπεὶ
427 5175 649 5237 πάντως
691 5175 905 5226 ἔσονται
941 5172 1050 5227 τῶν
1080 5174 1455 5245 σημαινόντων
1491 5174 1552 5227 τὸ
1592 5174 1645 5227 τί
1680 5175 1850 5238 ἐστιν,

271 5265 346 5325 ὡς
378 5266 558 5319 έκεῖνο
602 5263 735 5323 αὐτὸ
779 5264 927 5331 ὄντα,
974 5264 1089 5319 ἀλλ’
1128 5266 1188 5318 οὐ
1227 5264 1287 5319 τὸ
1313 5264 1366 5318 τε
1408 5266 1508 5318 οὐκ
1543 5265 1693 5320 ἔστιν
1719 5267 1853 5320 αὐτὸ

272 5353 447 5405 ἐκεῖνο
493 5352 851 5421 σημαίνοντα·
921 5355 969 5409 εἰ
1008 5354 1062 5406 δὲ
1100 5353 1279 5419 τοῦτο,
1328 5355 1454 5423 ὄρος
1500 5355 1710 5410 ἐκείνου
1757 5356 1850 5411 τοῦ

1957 4549 2067 4603 tur,
2128 4539 2377 4609 adeoque
2406 4555 2518 4593 non
2555 4556 2720 4593 unam
2755 4549 3019 4607 statuere,
3056 4542 3153 4598 sed
3206 4547 3409 4601 multas
3437 4547 3532 4602 Dei

1955 4630 2246 4695 essentias,
2277 4629 2407 4694 imo,
2468 4638 2527 4683 ut
2550 4630 2725 4700 magis
2748 4632 2971 4705 proprie
3005 4647 3070 4687 ac
3116 4635 3302 4690 verius
3327 4636 3530 4704 dicam,

1955 4720 2102 4790 quod
2156 4721 2379 4791 gentilis
2404 4721 2701 4777 multorum
2752 4724 2981 4779 deorum
3016 4725 3299 4797 religionis
3338 4730 3532 4786 morbo

1955 4811 2209 4866 laborent
2237 4812 2318 4867 sic
2347 4813 2745 4881 traducentur;
2777 4816 2948 4886 quod,
2989 4827 3049 4871 ut
3107 4818 3360 4890 impium,
3396 4836 3535 4877 con-

1958 4901 2099 4958 ﬁteri
2134 4904 2177 4958 si
2222 4915 2572 4972 reverentur,
2622 4909 2865 4963 amentia
2910 4924 3006 4963 sua
3050 4909 3211 4979 plane
3240 4911 3326 4965 vel
3372 4912 3533 4969 inviti

1956 4996 2251 5051 decedent.
2285 4998 2563 5053 Privativa
2593 4999 2741 5052 enim
2788 5001 2904 5054 sive
2946 5000 3201 5070 negativa
3231 5018 3353 5071 quae
3384 5003 3535 5061 circa

1956 5103 2073 5143 rem
2127 5090 2368 5159 aliquam
2404 5091 2773 5146 observantur
2817 5092 2965 5147 haud
2997 5092 3181 5163 ipsum
3233 5095 3373 5150 illud
3401 5107 3534 5152 sunt

1957 5181 2102 5237 circa
2129 5183 2277 5253 quod
2310 5185 2705 5250 observantur,
2763 5186 2889 5255 quia
2922 5186 3147 5255 quidem
3179 5189 3406 5244 omnino
3451 5192 3532 5247 sic

1956 5288 2154 5329 eorum
2197 5286 2533 5347 essentquzc
2577 5278 2709 5348 quid
2768 5279 2839 5332 sit
2895 5279 3179 5346 denotant,
3234 5291 3294 5336 ut
3353 5282 3533 5352 ipsum

1958 5366 2092 5420 illud
2135 5367 2478 5429 cxsistentia.
2512 5371 2605 5424 sed
2640 5387 2747 5424 non
2779 5372 2910 5442 quid
2942 5389 3052 5428 non
3078 5372 3151 5428 sit
3185 5374 3319 5429 illud
3350 5375 3528 5444 ipsum

1578 5493 1812 5549 VARIE
1850 5494 2245 5555 LECTIONES.

343 5555 389 5587 "
417 5557 560 5626 ὑμᾶς
588 5558 713 5613 cod.
740 5558 880 5615 Gud.

348 5667 422 5737 λθ)
456 5670 605 5725 Idem
632 5674 755 5728 ibid.
786 5690 905 5744 cap.
935 5676 988 5736 9,
1023 5691 1077 5745 p.
1112 5675 1235 5741 50l,
1272 5684 1404 5732 tom.
1438 5677 1480 5742 l,
1511 5668 1649 5752 Opp.
1677 5680 1765 5734 ed.
1802 5680 2007 5739 Bened.
