4026 6288
201 311 368 377 1225

1460 310 1981 375 AMBIGUORUM
2018 311 2273 375 LIBER.

3334 308 3471 376 1226

190 442 322 489 τας
346 425 445 495 τῆς
489 423 727 494 φύσεως.
764 422 826 477 Ei
853 425 965 495 γάρ
994 420 1343 489 ἐξετάζουσιν
1371 424 1508 494 ἡμῖν
1536 422 1798 493 στοιχεῖόν

1900 423 2182 481 hominem
2210 422 2297 478 vel
2324 421 2523 479 bovem
2546 421 2630 477 vel
2648 436 2877 492 equum,
2914 420 3012 477 sed
3050 419 3200 494 quod
3225 420 3315 477 his
3341 421 3474 481 sub-

192 535 290 581 τι,
328 520 461 590 φέρε
506 519 681 571 εἰπεῖν
725 516 758 587 ἢ
809 516 1097 588 ἄνθρωπον
1136 516 1172 588 ἢ
1215 516 1384 570 ἴππον
1425 515 1461 587 ἢ
1510 513 1659 585 βοῦν,
1697 515 1801 570 οὐκ

191 612 382 680 ἀρκεῖ
431 608 567 681 πρὸς
607 609 823 664 τελείαν
859 608 1166 679 κατάληψιν
1210 607 1274 663 τὸ
1316 607 1475 676 σῶμα
1517 607 1697 676 λέγειν
1736 608 1801 661 τὸ

195 703 507 772 στοιχεῖον,
545 700 581 772 ἢ
612 700 871 772 γεννητὸν
920 700 1081 772 μόνον
1119 700 1153 772 ἢ
1191 699 1434 770 φθαρτὸν
1455 698 1548 752 τὸν
1588 699 1800 771 ἀνθρωο

194 812 321 848 πον
343 795 378 865 ἤ
414 795 507 847 τὸν
556 793 683 863 βοῦν
713 793 747 864 ἢ
778 793 874 846 τὸν
923 793 1111 860 ῐππον,
1141 794 1282 849 ἀλλά
1311 795 1396 850 δεῖ
1446 793 1800 868 παραστῆσαι

192 887 315 940 καὶ
366 886 431 940 τὸ
476 885 689 949 τούτοις
751 886 1147 956 ὑποκείμενον,
1199 888 1338 960 ὅπερ
1397 890 1653 957 γεννᾶται
1707 888 1801 941 καί

193 976 501 1046 φθείρεται
547 977 644 1029 καὶ
686 975 1012 1033 πεποίωται.
1080 975 1250 1048 Σῶμα
1297 977 1356 1031 δὲ
1398 978 1434 1049 ἢ
1470 978 1726 1049 γέννησις
1763 975 1799 1046 ἢ

194 1066 416 1137 φθορὰ,
469 1065 724 1136 οὐδαμῶς
761 1064 1033 1137 ὑπάρχον,
1090 1067 1219 1119 ἐπεὶ
1244 1066 1400 1123 ἔσται
1447 1068 1589 1122 κατά
1642 1066 1801 1122 τοῦτο

193 1159 466 1227 ἀνάγκης
482 1156 797 1222 ἀκολουθία,
818 1156 874 1209 εί
890 1174 944 1210 τι
965 1156 1150 1228 σῶμα,
1182 1159 1281 1212 καὶ
1324 1161 1590 1230 στοιχεῖον
1636 1155 1797 1223 εἶναι,

196 1253 309 1306 καὶ
335 1252 467 1305 εἴτι
504 1251 763 1321 γεννητὸν
800 1250 835 1321 ἢ
872 1250 1139 1323 φθαρτὸν,
1174 1251 1208 1322 ἢ
1250 1250 1540 1323 ἄνθρωπος
1595 1248 1736 1305 εἶναι
1761 1250 1797 1322 ἢ

199 1344 348 1415 ﬁcii;
381 1345 415 1415 ἢ
442 1345 627 1408 ἵππος.
660 1346 738 1398 υὺ
772 1344 882 1415 γάρ
912 1344 966 1397 εί
993 1360 1045 1397 τι
1071 1344 1251 1416 σῶμα,
1278 1344 1496 1408 πάντως
1521 1343 1583 1409 ιε
1628 1344 1799 1411 ἀνάγ·

197 1452 318 1507 κης
345 1436 445 1490 καὶ
468 1438 738 1507 στοιχεῖον
766 1437 801 1508 ἢ
822 1435 1110 1507 ἄνθρωπος
1139 1437 1174 1508 ἢ
1223 1434 1351 1507 βοῦς
1374 1436 1410 1507 ἢ
1441 1436 1629 1500 ἴππος.
1664 1436 1731 1489 Εἴ
1746 1452 1801 1489 τι

201 1532 318 1602 μὲν
355 1530 469 1603 γάρ
499 1532 783 1601 στοιχεῖον,
826 1531 1047 1594 πάντως
1101 1529 1162 1595 δε
1189 1529 1439 1601 ἀνάγκης
1468 1528 1569 1583 καὶ
1617 1529 1797 1598 σῶμα,

196 1625 312 1677 οὐκ
340 1623 399 1676 εἴ
414 1640 471 1677 τι
495 1622 555 1677 δὲ
576 1624 759 1694 σῶμα,
782 1623 1002 1687 πάντως
1027 1621 1088 1688 ἐξ
1107 1624 1357 1693 ἀνάγκης
1380 1622 1477 1676 καὶ
1515 1624 1797 1691 στοιχεῖον.

1896 516 2108 588 jectum
2135 516 2230 580 sit,
2279 514 2337 571 id
2364 524 2454 570 est
2494 514 2645 584 quod
2673 523 2975 585 generetur
3009 526 3067 569 et
3124 514 3388 580 intereat.
3417 524 3476 571 et

1900 606 2171 676 qualitate
2200 606 2464 663 all'ectum
2491 605 2565 660 sit
2592 614 2997 675 repraesentare
3042 616 3280 675 oportet.
3333 608 3477 661 Cor-

1902 714 2008 769 pus
2027 714 2164 754 vero
2184 697 2616 769 haudquaquam
2647 697 2937 770 generatio
2989 706 3095 762 est,
3143 708 3243 753 aut
3301 699 3477 755 inter-

1902 792 2043 857 itus;
2069 791 2346 862 siquidem
2378 791 2506 847 inde
2534 791 2854 847 necessario
2876 800 3237 861 sequeretur,
3265 792 3313 847 si
3340 793 3475 863 quid

1900 900 2105 955 corpus
2123 884 2219 948 sit.
2247 884 2543 955 ettiguram
2563 899 2710 950 esse,
2740 893 2819 948 et,
2839 883 2885 939 si
2902 882 3039 955 quid
3064 884 3382 953 generalnile
3404 885 3479 941 sit

1900 978 1985 1032 vel
2032 977 2334 1041 interibile.
2389 984 2447 1032 et
2482 976 2761 1033 hominem
2807 992 2953 1043 esse,
2998 976 3087 1032 vel
3136 977 3332 1033 bovem
3389 978 3477 1033 vel

1898 1081 2124 1137 equum.
2144 1068 2335 1138 Neque
2357 1067 2531 1134 enim,
2558 1066 2605 1121 si
2622 1066 2755 1136 quid
2774 1081 2978 1137 corpus
2993 1076 3101 1133 est,
3127 1069 3354 1125 omnino
3371 1085 3475 1125 ne-

1900 1176 2055 1216 cessa
2086 1162 2233 1217 rium
2255 1170 2317 1218 ut
2333 1161 2508 1233 ﬁgura
2528 1160 2603 1217 sit
2619 1161 2706 1215 vel
2724 1160 2891 1216 homo
2920 1163 3010 1218 vel
3032 1162 3137 1218 bos
3156 1163 3243 1225 vel
3275 1180 3474 1234 equus.

1898 1253 2038 1308 Nam
2057 1252 2104 1308 si
2130 1252 2265 1323 quid
2290 1252 2489 1324 ﬁgura,
2523 1252 2841 1309 necessario
2868 1269 3101 1323 prorsus
3145 1256 3315 1311 etiam
3349 1272 3477 1312 cor-

1900 1362 2005 1417 pus
2025 1355 2133 1411 est,
2150 1361 2266 1403 non
2298 1362 2434 1403 vero
2462 1346 2511 1402 si
2542 1346 2680 1415 quid
2703 1362 2931 1417 corpus,
2957 1348 3278 1403 necessario
3306 1349 3473 1405 etiam

1901 1436 2096 1507 ﬁgura.
2133 1435 2324 1507 Neque
2347 1436 2395 1491 si
2433 1434 2569 1505 quid
2590 1450 2817 1506 corpus,
2865 1436 2952 1490 vel
3004 1436 3350 1507 generabilc,
3379 1439 3471 1495 vel

1900 1525 2206 1590 interibile,
2265 1524 2587 1580 necessario
2628 1538 2858 1594 prorsus
2908 1524 3076 1579 etiam
3135 1524 3303 1580 homo
3356 1536 3474 1591 est,

1898 1616 2121 1688 quando
2152 1618 2228 1672 ita
2257 1616 2485 1687 quidem
2516 1616 2685 1673 etiam
2720 1617 2887 1671 homo
2943 1616 3172 1672 omnino
3223 1620 3477 1676 necessa-

199 1715 352 1769 Οὔτε
394 1716 449 1768 εί
479 1732 533 1769 τι
591 1715 751 1785 σῶμα
794 1715 829 1787 ἢ
877 1715 1137 1785 γεννητὸν
1181 1714 1216 1785 ἢ
1268 1714 1525 1786 φθαρτὸν,
1580 1712 1798 1775 πάντως

1902 1710 1990 1767 rio
2050 1717 2202 1766 esset
2252 1708 2630 1779 quodcunque
2687 1721 2912 1776 corpus,
2957 1706 3044 1761 vel
3099 1706 3476 1779 quodcunque

205 1806 275 1871 ἐξ
343 1807 595 1877 ἀνάγκης
646 1777 743 1861 καὶ
1122 1844 1138 1871 ,
1202 1777 1335 1860 ’ἐπεὶ
1382 1777 1532 1860 alicui
1575 1820 1640 1874 γε
1706 1805 1798 1859 καὶ

1901 1803 2224 1876 generabile
2249 1777 2338 1861 εει
2364 1803 2451 1858 vel
2486 1801 2791 1858 interibile.
2833 1800 2970 1856 Nam
3020 1801 3067 1857 si
3100 1802 3236 1872 quid
3285 1777 3472 1869 homo,

201 1898 509 1967 ἄνθρωπος
566 1897 721 1951 ἔσται
780 1897 1000 1962 πάντως
1054 1897 1117 1965 ἐξ
1173 1898 1423 1969 ἀνάγκης
1471 1900 1583 1953 πᾶν
1640 1898 1695 1951 εί
1744 1913 1800 1951 τι

203 1991 404 2061 σῶμα,
465 1989 558 2043 καὶ
584 1990 695 2044 πᾶν
723 1989 777 2043 ετ
812 2006 869 2042 τι
907 1987 1249 2060 γεννώμενον
1298 1990 1446 2045 ἐστιν
1494 1988 1529 2061 ἢ
1583 1988 1802 2061 φθειρό-

212 2098 413 2152 μενον.
476 2081 544 2134 Εί
592 2098 646 2135 τι
712 2080 810 2151 μὲν
881 2080 992 2153 γὰρ
1050 2081 1377 2154 ἄνθρωπος,
1446 2082 1668 2144 πάντως
1739 2080 1798 2147 ἔξ

204 2173 472 2242 ἀνάγκης
511 2172 606 2227 καὶ
645 2171 807 2243 σῶμα
846 2174 943 2227 καὶ
981 2173 1327 2244 γεννώμενον
1358 2173 1455 2229 καὶ
1508 2172 1801 2245 φθειρόμε-

216 2282 342 2329 νον,
377 2265 479 2318 οὑκ
506 2264 558 2318 ετ
579 2281 633 2317 τι
660 2262 720 2317 δὲ
750 2263 912 2334 σῶμα
942 2262 1256 2335 ἢγεννητὸν
1287 2263 1322 2334 ἢ
1360 2262 1623 2335 φθαρτὸν,
1665 2261 1798 2316 πάν-

202 2371 325 2419 τως
355 2353 416 2422 ἑξ
442 2353 689 2425 ἀνάγκης
746 2353 843 2408 καὶ
897 2351 1211 2425 ἄνθρωπος.
1261 2352 1400 2408 Οὔτε
1451 2352 1561 2425 γὰρ
1599 2352 1797 2405 ἕπεται

204 2447 461 2510 πάντως,
510 2446 637 2500 ἐπεὶ
681 2444 834 2499 ἔσται
883 2447 913 2501 6
947 2446 1259 2517 ἄνθρωπος,
1310 2445 1370 2510 ιξ
1416 2444 1664 2515 ἀνάγκης
1701 2440 1798 2496 καὶ

206 2545 487 2611 στοιχεῖον
528 2540 624 2595 καὶ
674 2537 803 2609 βοῦς
842 2539 939 2593 καὶ
974 2538 1164 2603 ίππος,
1218 2538 1314 2592 καὶ
1339 2539 1451 2592 πᾶν
1495 2536 1550 2590 εῐ
1576 2553 1631 2590 τι
1667 2533 1797 2589 ἀλλο

205 2633 534 2700 ὲνσὼματον
561 2632 657 2687 καὶ
679 2629 1021 2702 γεννώμενον
1049 2631 1146 2685 καὶ¹
1179 2629 1561 2701 φθειρόμενον.
1592 2628 1668 2682 Οὐ
1685 2627 1796 2698 γὰρ

207 2723 612 2796 κατηγορεῖται
666 2740 797 2777 ποτε
828 2724 897 2777 τά
956 2724 1161 2794 μερικά
1196 2722 1341 2776 κατὰ
1389 2721 1499 2775 τῶν
1537 2720 1793 2784 καθόλου.

204 2813 342 2867 οὔτε
369 2816 437 2867 τά
469 2813 582 2882 εῐδη
617 2812 729 2866 τῶν
769 2810 966 2880 γενῶν,
1013 2810 1141 2865 οὔτε
1171 2811 1281 2866 τῶν
1325 2809 1690 2881 περιεχόντων
1726 2808 1796 2863 τὰ

210 2905 614 2978 περιεχόμενα,
676 2904 773 2958 καὶ
819 2904 907 2958 διά
956 2903 1116 2957 τοῦτο
1161 2902 1286 2958 οὐδὲ
1335 2902 1682 2971 ἀντιστρέφει
1724 2901 1795 2955 τά

208 2999 451 3056 nubilo-4
478 3001 589 3063 τοῖς
616 2998 709 3052 ἐπὶ
738 2998 962 3069 μέρους.
992 2994 1115 3053 οὐδὲ
1158 2996 1226 3050 τὰ
1255 2994 1388 3067 γένη
1424 2996 1538 3059 τοῖς
1572 2994 1791 3063 εἴδεσιν,

1901 1895 2220 1951 necessario
2234 1889 2477 1966 'prorsus
2497 1895 2668 1950 etiam
2703 1908 2925 1964 corpus,
2960 1902 3019 1948 et
3040 1894 3354 1964 generabile
3377 1934 3392 1960 ,
3416 1903 3475 1949 et

1901 1986 2206 2053 interibile,
2231 2000 2346 2041 non
2368 2000 2505 2042 vero
2530 1986 2577 2041 si
2600 1984 2735 2056 quid
2759 1999 2987 2054 corpus,
3014 1984 3103 2039 vel
3135 1985 3472 2056 generabile,

1898 2080 1987 2139 vel
2042 2078 2352 2145 interibile,
2414 2077 2736 2137 necessario
2789 2091 3023 2147 prorsus
3068 2077 3242 2132 etiam
3285 2078 3474 2133 homo.

1898 2174 2092 2243 Neque
2134 2172 2287 2228 enim
2326 2171 2555 2229 omnino
2605 2168 2832 2241 quando
2899 2169 3064 2224 homo
3107 2178 3221 2236 est,
3282 2186 3478 2225 ncces-

1897 2266 2046 2321 sario
2068 2265 2323 2335 sequitur
2357 2272 2420 2319 ut
2448 2273 2509 2323 et
2534 2264 2705 2335 ﬁgura
2736 2271 2795 2321 et
2828 2263 2931 2320 bos
2962 2271 3019 2319 et
3057 2278 3239 2334 equus
3281 2261 3377 2327 sit.
3417 2271 3477 2318 et

1894 2359 1945 2414 si
1966 2358 2117 2429 quod
2140 2357 2293 2413 aliud
2321 2372 2655 2428 corporeum
2677 2367 2735 2414 et
2748 2365 3073 2429 generatum
3092 2364 3151 2410 et
3178 2355 3473 2412 iuteriens.

1897 2450 2191 2521 Nunquam
2215 2452 2364 2506 enim
2384 2448 2746 2521 particularia
2783 2447 3156 2519 praedicantur
3214 2447 3286 2502 de
3344 2446 3473 2502 uni-

1903 2543 2234 2607 versalibus,
2268 2558 2455 2613 neque
2493 2542 2708 2613 species
2724 2540 2797 2598 de
2814 2540 3136 2613 generibus,
3196 2555 3379 2611 neque
3403 2539 3475 2596 de

1905 2629 2323 2687 continentibus
2360 2638 2644 2690 contenta.
2704 2628 2944 2699 ideoque
2995 2643 3179 2700 neque
3223 2628 3475 2699 recipro-

1898 2733 2099 2779 cantur
2122 2722 2269 2778 inter
2296 2737 2358 2780 sc
2380 2721 2716 2777 universalia
2770 2730 2831 2778 et
2880 2721 3260 2793 particularia,
3288 2738 3475 2793 neque

1898 2830 2102 2887 genera
2126 2823 2184 2869 et
2200 2812 2435 2885 species.
2498 2829 2683 2883 neque
2724 2815 3045 2870 communia
3106 2823 3165 2869 et
3224 2816 3479 2886 peculia-

1909 2905 2014 2971 ria,
2043 2919 2225 2975 neque
2246 2903 2492 2974 denique
2520 2902 2871 2966 continentia
2926 2911 2987 2959 et
3047 2911 3332 2959 contenta.
3376 2904 3472 2961 Sic

1898 2998 2069 3071 igitur
2094 2995 2406 3055 secundum
2431 2995 2576 3054 hanc
2595 2996 3013 3068 explieationen
3059 3005 3119 3054 et
3159 2997 3229 3053 de
3253 2997 3394 3052 bove
3413 3007 3474 3053 et

206 3090 338 3143 οὐδὲ
366 3089 435 3143 τά
466 3089 623 3144 κοινὰ
653 3091 765 3153 τοῖς
819 3088 1133 3153 ἰδιάζουσιν,
1167 3088 1289 3141 οὐδὲ
1320 3087 1510 3159 {189
1536 3104 1569 3142 a
1588 3087 1630 3157 ),
1664 3104 1788 3141 συν-

1900 3091 2140 3161 deequo
2158 3098 2218 3145 et
2263 3087 2333 3145 de
2376 3088 2633 3159 quolibet
2682 3088 2796 3144 alio
2852 3088 3230 3145 statuendum.
3279 3088 3473 3158 Itaque

210 3180 411 3234 ελόντα
462 3181 655 3251 φάναι,
698 3182 811 3243 τοῖς
868 3178 1274 3251 περιεχομένοις
1324 3180 1394 3235 τά
1441 3179 1791 3251 περιέχοντα.

210 3271 409 3335 υῦτως
435 3268 530 3327 οὖν
559 3271 701 3325 κατά
727 3270 820 3325 τὸν
842 3269 1176 3327 «metm
1225 3270 1386 3338 λόγον
1420 3270 1518 3331 καὶ
1550 3271 1646 3325 ἐπὶ
1670 3268 1794 3341 βοὸς

211 3366 312 3419 καὶ
350 3365 522 3418 ἵππου
555 3364 649 3418 καὶ
670 3362 872 3427 παντὸς
900 3361 996 3417 τοῦ
1025 3364 1070 3395 ⁸³
1098 3361 1277 3417 ὁτιοῦν
1311 3361 1504 3431 ἑτέρου
1532 3360 1790 3431 ληπτᾶον.

213 3457 277 3513 ει
302 3457 490 3512 τοίνυν
514 3458 615 3511 οὐκ
645 3459 806 3528 ἀρκεῖ
846 3456 981 3527 πρὸς
1032 3455 1242 3510 τελείαν
1272 3456 1473 3524 γνῶσιν
1515 3454 1624 3510 τῶν
1654 3470 1797 3526 119a-

210 3552 450 3622 γμάτων
505 3551 568 3603 τὸ
626 3549 829 3620 πλῆθος
871 3548 983 3603 τῶν
1029 3548 1157 3619 περὶ
1197 3548 1341 3603 αὐτά
1402 3547 1797 3619 θεωρουμένων

211 3646 422 3709 εἰπεῖν,
474 3643 619 3712 λέγω
672 3642 743 3713 δὴ
791 3641 855 3697 τὸ
915 3641 1076 3710 σῶμα
1119 3642 1213 3695 καὶ
1254 3640 1316 3695 τὸ
1354 3638 1644 3708 γεννᾶσθαι
1700 3638 1798 3692 καὶ

213 3734 570 3807 φθείρεσθαι,
610 3733 713 3787 καὶ
766 3734 869 3788 ὅσα.
915 3731 1141 3787 τοιαῦτα
1187 3731 1319 3802 περὶ
1355 3731 1414 3785 τὸ
1437 3729 1796 3801 ὑποκείμενόν

214 3832 390 3895 ὲπιν,
425 3828 562 3882 ἀλλὰ
599 3828 682 3882 δεῖ
709 3827 930 3890 πάντως
955 3827 1054 3881 καὶ
1081 3825 1145 3884 τὸ
1175 3824 1539 3894 ὑποκείμενον
1562 3822 1797 3890 τούτοις,

213 3920 474 3990 θεμελίου
494 3919 697 3990 τρόπον
728 3918 812 3989 ἐφ’
845 3912 892 3987 ᾧ
914 3916 1089 3973 ταῦτα
1127 3917 1349 3989 βέϐηκε,
1387 3916 1440 3971 τί
1463 3918 1611 3970 ἐστιν
1631 3916 1801 3970 ἐνδεί-

218 4009 440 4073 ξασθαι,
470 4010 521 4062 εί
552 4008 845 4079 μέλλοιμεν
881 4007 1104 4073 τελείως
1144 4008 1242 4061 καὶ
1274 4004 1708 4077 ,ἀπαραλείπτως
1737 4005 1799 4063 τὸ

216 4100 513 4172 νοούμενον
579 4098 935 4171 παριστάναι.
998 4101 1068 4155 Ἢ
1115 4099 1227 4169 γὰρ
1276 4098 1560 4171 ἄνθρωπον
1602 4100 1800 4173 ἔχομεν

216 4195 399 4247 εἰπεῖν
444 4192 477 4263 ἢ
515 4191 643 4262 βοῦν
693 4192 728 4263 ἢ
768 4192 955 4258 ἵππον,
984 4189 1159 4248 ταῦτα
1194 4191 1258 4264 δὴ
1286 4192 1357 4247 τὰ
1397 4193 1475 4265 μὴ
1510 4194 1639 4249 ὅντα
1670 4196 1801 4250 αὐτὸ

218 4285 384 4339 τοῦτο
410 4285 592 4354 σῶμα,
618 4285 735 4340 ἀλλ’
760 4285 1073 4355 ὲνσώματα,
1104 4284 1201 4339 καὶ
1226 4284 1303 4355 μὴ
1328 4285 1460 4340 ὄντα
1488 4286 1622 4339 αὐτὸ
1642 4287 1801 4343 τοῦτο

226 4377 515 4448 γεννήσεις
541 4379 635 4430 καὶ
677 4377 908 4448 φθορὰς,
938 4376 1075 4431 ἀλλὰ
1103 4375 1420 4446 γεννώμενα
1456 4378 1551 4431 καὶ
1581 4377 1802 4451 φθειρό-

223 4485 387 4538 μενα,
424 4468 500 4532 ὡς
531 4464 670 4522 εἶναι
696 4468 893 4533 ταῦτα,
920 4467 1083 4537 σῶμά
1102 4482 1244 4537 φημι
1285 4468 1380 4522 καὶ
1427 4467 1682 4539 γέννησιν
1705 4475 1800 4528 καὶ

1896 3198 2010 3239 non
2034 3182 2240 3240 sullicit
2257 3181 2329 3237 ad
2366 3182 2586 3254 plenam
2640 3197 2832 3239 rerum
2868 3180 3240 3253 cognitionem
3274 3196 3473 3237 eorum

1897 3291 2023 3347 quae
2048 3276 2201 3333 circa
2226 3290 2327 3332 eas
2358 3284 2683 3346 spectantur
2730 3274 2889 3345 plura
2940 3288 3294 3337 enumerare,
3345 3288 3472 3328 cor-

1894 3384 2019 3439 pus,
2056 3368 2305 3439 inquam,
2359 3376 2419 3423 et
2448 3366 2599 3437 quod
2645 3373 2943 3438 generetur
3003 3372 3060 3423 et
3113 3365 3371 3431 intereat,
3416 3372 3476 3419 et

1902 3475 2251 3530 quaecunque
2282 3459 2337 3515 id
2363 3474 2541 3530 genus
2592 3457 2907 3529 subjectum
2961 3456 3321 3521 comitantur,
3370 3455 3473 3513 sed

1897 3550 2047 3621 quod
2077 3550 2167 3607 his
2188 3550 2501 3621 subjectum
2531 3558 2637 3615 est,
2670 3556 2733 3605 ut
2786 3548 3212 3605 fundamentum
3260 3548 3318 3604 in
3362 3563 3473 3619 quo

1901 3644 1991 3698 illa
2020 3649 2190 3707 stant,
2216 3641 2451 3697 omnino
2480 3642 2651 3698 etiam
2669 3641 2805 3712 quid
2836 3640 2911 3697 sit
2946 3641 3317 3697 demonstrari
3332 3654 3477 3711 opus

1897 3744 2005 3801 est,
2032 3734 2079 3791 si
2100 3733 2350 3805 perfecte
2374 3742 2431 3791 et
2472 3734 2637 3805 plene
2672 3732 2807 3804 quid
2845 3732 3121 3804 cogitetur
3170 3747 3477 3803 repraesen-

1898 3837 2019 3883 tare
2044 3825 2411 3883 voluerimus.
2441 3824 2551 3881 Aut
2567 3824 2719 3881 enim
2764 3824 3050 3881 hominem
3084 3822 3357 3878 habemus
3382 3821 3473 3877 di-

1899 3934 2030 3977 cere
2062 3928 2160 3975 aut
2182 3919 2380 3975 bovem
2407 3926 2506 3974 aut
2526 3932 2734 3987 equum
2769 3915 3011 3987 hecjam
3036 3930 3162 3985 qua:
3192 3929 3308 3969 non
3341 3920 3476 3967 sunt

1899 4013 2082 4084 ipsum
2103 4012 2211 4067 hoc
2238 4026 2459 4082 corpus,
2489 4009 2588 4066 sed
2615 4008 2947 4080 corporalia,
2976 4014 3033 4062 et
3062 4023 3184 4081 qua:
3213 4022 3324 4063 non
3346 4013 3479 4061 sunt

1901 4105 2008 4160 hoc
2030 4104 2214 4174 ipsum
2241 4100 2631 4174 generationes
2646 4108 2705 4155 et
2727 4097 3115 4164 interitus.scd
3144 4106 3405 4169 generata
3419 4106 3479 4152 et

1902 4195 2268 4259 intereuntia,
2296 4193 2438 4249 adeo
2468 4201 2529 4249 ut
2563 4193 2701 4257 haec,
2729 4206 2959 4263 corpus,
2994 4190 3246 4261 inquam,
3279 4198 3335 4244 et
3386 4206 3480 4261 ge-

1901 4288 2117 4345 neratio
2134 4295 2193 4342 et
2227 4287 2507 4351 interitus.
2529 4284 2822 4340 manifesto
2835 4284 3099 4339 animalia
3118 4282 3478 4347 comitentur,

1903 4382 2000 4439 sed
2026 4396 2139 4439 non
2188 4379 2452 4435 animalia
2502 4378 2617 4449 ipsa
2656 4377 2931 4433 exsistant
2971 4377 3113 4442 hac,
3144 4391 3369 4448 corpus,
3395 4375 3480 4431 in-

1913 4488 2099 4543 quam,
2131 4480 2192 4527 et
2208 4471 2495 4541 generatio
2526 4478 2585 4525 et
2620 4470 2903 4525 interitus.

224 4558 462 4630 φθορὰν,
493 4557 695 4629 δηλαδὴ
726 4557 855 4628 περὶ
891 4556 961 4610 τά
995 4555 1133 4621 ζῶα,
1197 4556 1315 4611 ἀλλ’
1375 4557 1437 4611 οὐ
1470 4558 1539 4612 τά
1562 4558 1679 4623 ζῶα
1707 4562 1881 4616 ταῦτα
1914 4561 2199 4629 ὑπάρχειν,
2233 4559 2393 4628 σῶμα
2422 4558 2565 4626 λέγω
2594 4559 2688 4613 καὶ
2716 4559 2971 4629 γέννησιν
3000 4560 3095 4613 καὶ
3114 4558 3345 4631 φθοράν.

296 4653 361 4706 Ei
418 4649 599 4704 τοίνυν
630 4650 784 4704 οὐδὲν
816 4650 879 4704 τὸ
909 4648 1133 4705 σύνολον
1162 4649 1272 4702 τῶν
1301 4648 1471 4705 ὅντων
1513 4650 1632 4706 ἐστὶ
1676 4654 1798 4707 κατ’

1977 4652 2167 4721 Itaque
2202 4649 2249 4704 si
2276 4648 2413 4703 nihil
2435 4649 2505 4705 de
2528 4650 2694 4705 rebus
2714 4650 2944 4705 omnino
2963 4649 3273 4713 secundum
3303 4649 3481 4720 ipsam

222 4742 361 4796 αὐτὸ
387 4741 450 4794 τδ
468 4736 610 4794 εἶναι
633 4741 773 4812 ὅπερ
801 4740 919 4795 ἐστὶ
944 4741 1039 4796 καὶ
1065 4740 1283 4810 λέγεται
1307 4742 1369 4796 τὸ
1388 4742 1667 4815 ἄθροισμα
1690 4746 1799 4800 τῶν

224 4836 359 4904 ἡμῖν
389 4832 521 4905 περὶ
572 4833 704 4888 αὐτὸ
740 4833 1048 4904 νοουμένων
1084 4851 1148 4888 τε
1176 4835 1272 4889 καὶ
1310 4834 1639 4908 λεγομένων,
1682 4838 1799 4892 ἀλλ’

224 4925 411 4997 ἔτερόν
435 4942 491 4978 τι
539 4925 696 4996 παρά
735 4924 931 4992 ταῦτα,
974 4925 1038 4980 τὸ
1061 4927 1190 4999 περὶ
1212 4927 1242 4981 ὃ
1274 4927 1447 4982 ταῦτά
1483 4930 1623 4995 ἐστι,
1677 4946 1801 4983 συν-

224 5017 444 5071 εκτιιιὺν
468 5017 571 5087 μὲν
596 5017 825 5084 τούτων,
851 5018 984 5073 αὐτὸ
1006 5018 1066 5072 δὲ
1092 5018 1300 5083 τούτοις
1321 5020 1575 5090 οὐδαμῶς
1589 5023 1803 5093 συνεχό-

228 5122 387 5173 μενον
416 5106 449 5177 ⁸(
470 5105 592 5160 οὐδὲ
645 5106 753 5178 γάρ
782 5107 931 5161 ἔστιν
958 5110 1023 5162 ὲκ
1072 5111 1302 5174 τούτων,
1335 5108 1368 5180 ἢ
1410 5106 1605 5175 ταῦτα,
1648 5111 1684 5181 ἡ
1740 5128 1793 5165 τι

226 5199 453 5264 τούτων,
487 5200 521 5270 ἢ
546 5198 611 5253 ἐκ
643 5218 825 5267 τινων,
855 5201 891 5273 ἡ
912 5218 1057 5266 τινος
1084 5201 1288 5267 αὐτῶν,
1322 5201 1355 5272 ἢ
1395 5202 1463 5257 ὲν
1506 5202 1734 5267 τούτοις.
1760 5205 1796 5276 ἦ

227 5304 388 5356 τισιν,
424 5292 460 5362 ἦ
488 5307 597 5346 τινι
624 5292 853 5360 τούτων,
880 5292 942 5348 τὸ
967 5294 1097 5366 περὶ
1145 5293 1176 5349 δ
1219 5293 1395 5349 ταῦτα
1437 5294 1531 5348 καὶ
1556 5294 1671 5350 ἔστι
1701 5297 1798 5351 καὶ

230 5377 506 5450 λέγεται),
564 5382 865 5438 παυσάσθω
917 5386 1071 5440 πᾶσα
1117 5383 1265 5456 ψυχὴ
1306 5386 1468 5439 παντὶ
1509 5384 1654 5457 λόγῳ
1689 5387 1797 5440 τῶν

230 5474 356 5544 περὶ
385 5475 520 5530 Θεοῦ
545 5476 790 5547 θρασέως
820 5477 1094 5550 ἐπιπηδᾷν
1125 5478 1405 5549 εἰθισμένη
1428 5476 1520 5531 τοῦ
1545 5477 1798 5548 διακενῆς

228 5563 469 5633 ἁσεσεῖν,
519 5568 614 5621 καὶ
670 5568 729 5621 ἐν
776 5570 889 5634 τοῖς
933 5572 1149 5643 μικροῖς
1195 5568 1443 5642 μαθοῦσα
1466 5567 1566 5639 τὴν
1591 5568 1799 5623 οἰκείαν

1903 4740 2381 4808 exsistentiam,id
2400 4748 2490 4797 est
2518 4738 2669 4810 quod
2699 4754 2895 4799 eorum
2914 4755 3037 4810 quae
3061 4755 3093 4795 a
3119 4738 3286 4794 nobis
3310 4738 3380 4793 de
3411 4753 3480 4793 eo

1906 4833 2225 4906 cogitantur
2284 4841 2345 4890 et
2362 4830 2627 4887 dicuntur
2650 4830 3013 4903 congregatio
3050 4837 3110 4886 et
3150 4837 3315 4885 estet
3338 4827 3480 4883 dici-

1907 4936 2020 4993 tur,
2051 4926 2149 4983 sed
2178 4925 2331 4982 aliud
2364 4924 2498 4997 quid
2525 4924 2598 4981 ab
2641 4924 2732 4983 his
2769 4924 3079 4990 diversum,
3131 4922 3188 4978 id
3217 4921 3481 4979 videlicet

1904 5018 2054 5090 quod
2083 5019 2176 5074 illa
2203 5017 2569 5082 comitantur,
2599 5032 2670 5073 ea
2711 5031 3052 5073 conservans
3080 5031 3147 5072 ac
3185 5014 3481 5072 continens

1903 5111 2151 5182 quidem,
2182 5111 2361 5181 ipsum
2385 5123 2520 5164 vero
2547 5108 2637 5164 his
2656 5122 3003 5177 nequaquam
3027 5115 3355 5164 contentum
3382 5115 3481 5164 aut

1906 5210 2298 5261 conservatum
2330 5201 2411 5273 (id
2447 5201 2599 5256 enim
2632 5199 2781 5256 circa
2807 5199 2960 5269 quod
3012 5199 3129 5255 haec
3155 5206 3215 5254 et
3263 5207 3397 5256 sunt
3420 5206 3482 5254 et

1905 5298 2173 5359 dicuntur
2203 5311 2313 5351 non
2333 5303 2423 5350 est
2451 5310 2523 5350 ex
2546 5294 2655 5358 bis,
2685 5309 2867 5364 neque
2888 5293 3028 5359 haec,
3052 5309 3235 5364 neque
3268 5291 3481 5363 aliquid

1910 5389 2137 5453 horum,
2161 5403 2342 5457 neque
2373 5402 2441 5442 ex
2472 5386 2772 5457 aliquibus,
2795 5401 2977 5456 neque
2994 5386 3230 5457 alicujus
3260 5400 3476 5450 eorum,

1906 5495 2090 5551 neque
2122 5480 2180 5535 in
2212 5479 2323 5542 his,
2354 5484 2450 5534 aut
2474 5478 2776 5549 aliquibus,
2825 5486 2923 5534 aut
2984 5478 3173 5549 aliquo
3228 5476 3476 5544 borum),

1900 5570 2122 5626 desinat
2142 5585 2281 5625 vane
2308 5581 2366 5626 et
2396 5568 2565 5642 impie
2598 5586 2760 5642 agere
2790 5570 2972 5629 omnis
3017 5569 3203 5626 anima
3240 5569 3475 5627 cuilibet

1489 5687 1720 5746 VABIA‘I
1778 5687 2178 5745 LECTIOMJS.

294 5753 343 5787 ’³
368 5754 617 5814 Fortasse
646 5778 759 5814 του.

552 5853 799 5913 Parnm.
866 5851 985 5911 Gn.
1016 5852 1163 5912 XCI.

3081 5852 3162 5913 39
