4026 6288
532 306 668 377 1227

1698 313 1759 372 S.
1799 307 2052 370 MAXIM
2059 306 2089 366 Ι
2127 303 2638 368 CONFESSOBIS

3651 302 3783 372 12%

525 431 622 480 Det
652 438 838 479 rerum
882 422 1085 479 rationi
1133 424 1400 479 insultare
1432 423 1748 494 petulanter
1795 423 1981 488 solita,
2033 435 2099 475 ac

2207 419 2510 485 ἀσθένειαν,
2537 419 2632 472 καὶ
2662 419 2790 489 σιγῇ
2824 414 3070 471 σεὸέσθω
3116 415 3279 487 μόνον
3304 415 3408 489 τὴν
3433 417 3683 489 ἆρῥητόν
3717 438 3779 474 τε

525 516 612 569 vel
634 515 689 569 in
730 516 916 586 parvis
946 517 1225 588 propriam
1260 515 1668 570 animadvertat
1690 514 2097 574 inﬁrmitatem,

526 619 581 663 et
610 609 775 666 tacite
808 619 1130 666 revereatur
1157 610 1495 666 ineffabilem
1535 611 1714 666 solum
1749 610 2012 679 omnique
2041 617 2100 664 et

527 700 866 772 cogitatione
889 701 1283 773 et-cognitione
1315 701 1656 772 superiorem
1683 702 1884 756 divina:
1910 715 2102 756 essen-

529 795 620 847 tia:
657 793 972 848 veritatem.
1009 793 1121 849 Nec
1170 793 1287 864 ipsa
1349 792 1522 858 enim,
1584 801 1646 846 ut
1698 801 1860 846 antea
1908 790 2099 846 docuit

528 894 753 941 sanctus
773 925 788 951 ,
839 905 858 937 ι
881 886 1152 941 Accurata
1171 887 1256 941 vel
1285 887 1568 957 paululum
1607 885 1943 940 conditionis
1977 900 2102 954 per-

530 976 716 1045 ceptio
745 995 762 1027 ι
803 976 1108 1031 secundum
1137 991 1324 1030 veram
1361 976 1632 1030 rationem
1676 991 1707 1030 a
1750 987 1938 1031 nostra
2002 991 2100 1031 co-

529 1068 782 1137 gnitione
808 1067 1321 1138 comprehenditur,
1378 1077 1439 1122 ut
1479 1083 1582 1138 ego
1629 1082 1852 1137 quoque
1903 1067 2101 1138 paulu-

527 1161 643 1214 lum
682 1174 937 1216 sermone
986 1159 1332 1224 immorarer,
1373 1167 1538 1230 atque
1569 1175 1844 1216 summam
1886 1168 1944 1213 et
1990 1172 2101 1212 non

529 1253 910 1325 vestigabilem
939 1254 1266 1323 sapientiam
1289 1252 1615 1308 admirarer.
1642 1252 1780 1319 Quis
1805 1251 1952 1307 enim
1998 1252 2103 1306 ho-

531 1346 740 1400 minum
769 1345 1123 1416 quantumvis
1145 1346 1497 1400 eruditorum
1535 1344 1905 1400 rationalibus
1926 1344 2104 1400 fretus

530 1438 917 1494 instrumentis
946 1447 1006 1492 et
1030 1437 1379 1493 documentis
1403 1452 1525 1507 qua:
1552 1453 1664 1491 non
1690 1445 1820 1492 sunt
1864 1434 2104 1491 conﬁsus

527 1547 720 1586 eorum
778 1547 901 1601 qum
955 1538 1086 1585 sunt
1139 1531 1502 1602 majestatem-
1543 1530 1761 1585 ratione
1812 1543 2106 1601 aggressus

528 1635 883 1690 cognoscere,
906 1635 1170 1676 enarrare
1192 1628 1358 1691 atque
1407 1622 1644 1692 probare
1677 1621 1926 1692 poterit?
1947 1621 2105 1689 Quaa-

529 1728 657 1767 nam
677 1711 889 1768 suntde
913 1712 1232 1768 exsistentia
1252 1713 1453 1784 cuique
1471 1729 1662 1768 eorum
1687 1729 1807 1784 qua:
1830 1714 2103 1769 exsistunt

530 1801 600 1854 ab
633 1800 794 1855 initio
818 1801 1040 1856 inserta:
1074 1802 1320 1857 rationes
1349 1811 1514 1873 atque
1540 1783 1856 1874 implicata),
1905 1819 2103 1858 secun-
2136 1783 2177 1837 Β

529 1891 660 1947 dum
693 1907 832 1963 quas
870 1893 1304 1964 unumquodque
1336 1903 1392 1949 et
1428 1904 1513 1950 est
1540 1905 1597 1951 et
1627 1905 1881 1951 naturam
1914 1896 2100 1962 habet,

527 1993 586 2040 et
613 1984 846 2040 formam
872 1993 927 2041 et
955 1985 1198 2055 speciem
1229 1995 1453 2042 nactum
1511 1995 1616 2052 est,
1647 1997 1704 2043 et
1736 1989 2102 2058 compositum

528 2085 636 2141 est,
671 2085 728 2131 et
761 2077 926 2141 valet,
944 2085 1001 2131 et
1030 2079 1161 2148 agit,
1196 2085 1253 2132 et
1279 2079 1512 2148 patitur,
1566 2095 1636 2134 ne
1675 2094 2104 2135 commemorem

537 2168 863 2238 quantitatis
905 2177 961 2222 et
1005 2169 1292 2239 qualitatis
1339 2180 1395 2225 et
1454 2170 1765 2227 aleetionis
1797 2181 1855 2227 et
1889 2171 1995 2227 loci
2047 2181 2105 2228 et

531 2259 799 2329 temporis
827 2267 884 2313 et
911 2259 1206 2329 positionis
1236 2269 1292 2315 et
1335 2261 1602 2317 motionis
1629 2269 1686 2316 et
1721 2261 1947 2317 habitus
1994 2261 2107 2317 dif-

530 2349 826 2405 ferentium
853 2366 918 2406 ac
948 2351 1363 2420 proprietatem,
1396 2352 1465 2407 ad
1505 2367 1633 2423 quae
1655 2361 1712 2408 et
1739 2362 1928 2410 nostra
1957 2354 2110 2415 laute

529 2451 696 2513 atque
721 2442 1010 2512 magniﬁce
1035 2443 1322 2498 rationalis
1352 2443 1586 2500 facultas
1613 2461 1683 2500 ex
1715 2445 1836 2516 pari
1869 2461 2106 2502 numero

531 2533 866 2589 diliunditur
893 2534 950 2589 in
1013 2544 1276 2604 mentem,
1306 2545 1364 2591 et
1391 2535 1808 2608 cogitationem,
1835 2547 1893 2593 et
1945 2538 2109 2593 intel-

534 2625 763 2688 lectum,
824 2634 881 2680 et
909 2627 1265 2693 sententiam,
1303 2637 1361 2683 et
1393 2629 1836 2699 .reputationem,
1876 2638 1932 2686 et
1985 2647 2106 2686 ser-

531 2731 751 2773 monem
783 2718 839 2773 in
876 2725 1073 2790 mente:
1101 2729 1452 2792 conceptum,
1488 2721 1669 2792 'jnque
1728 2724 2002 2794 prolatum
2049 2731 2106 2778 et

531 2817 821 2866 sonantem
849 2821 1184 2878 sermunem,
1218 2813 1324 2868 hoc
1347 2822 1433 2869 est
1459 2829 1652 2870 vocem
1697 2823 1753 2870 et
1784 2817 2102 2881 clamorem,

531 2908 589 2955 et
617 2915 811 2958 rursus
841 2903 1205 2974 recolligitur,
1246 2911 1308 2958 ut
1337 2905 1392 2960 in
1423 2916 1635 2976 quanto
1663 2915 1720 2962 et
1755 2909 1903 2977 quali
1934 2916 1990 2962 et
2020 2923 2106 2963 re-

530 2992 722 3064 liquis,
765 2995 1231 3064 quemadmodum
1263 2998 1669 3062 recensuimus,
1702 2998 1866 3070 hujus
1894 2999 2103 3070 absque

531 3101 596 3142 ea
627 3086 1076 3156 quamdoctrina
1106 3097 1162 3143 et
1191 3105 1280 3144 ars
1299 3090 1456 3144 novit
1501 3090 1665 3162 hujus
1704 3090 2018 3146 diii‘erentia
2047 3099 2106 3146 et

532 3178 907 3248 proprietate?
924 3178 1062 3246 Quis
1075 3187 1159 3236 est
1189 3181 1282 3251 qui
1307 3181 1455 3236 norit
1475 3197 1668 3238 eorum
1688 3198 1810 3253 qua:
1833 3183 2108 3239 exsistunt

536 3270 782 3324 rationes
814 3278 876 3324 ut
922 3272 1091 3325 etiam
1127 3273 1420 3340 exsistunt,
1474 3274 1938 3344 quemadmodum
1969 3276 2104 3342 dixi,

532 3368 588 3415 et
617 3360 924 3426 distant,et
957 3363 1298 3420 immobilem
1331 3365 1400 3420 de
1431 3375 1630 3422 natura
1659 3376 1866 3422 statum
1898 3368 2108 3424 habent

533 3459 592 3508 et
628 3453 930 3510 motionem
962 3455 1200 3512 invicem
1223 3473 1344 3514 sese
1385 3474 1496 3515 non
1543 3462 1854 3527 turbantes,
1887 3462 2020 3518 dum
2051 3464 2107 3518 in

534 3549 779 3604 motione
797 3557 1022 3615 statum,
1050 3562 1107 3608 et
1131 3553 1186 3608 in
1215 3563 1386 3618 statu,
1418 3555 1564 3625 quod
1602 3556 1839 3612 maxime
1865 3557 2106 3622 mireris,

534 3643 839 3698 motionem
869 3645 1108 3700 habent?
1136 3647 1413 3716 quodnam
1434 3637 1841 3704 contrariorum
1883 3649 2031 3705 inter
2050 3665 2110 3706 se

537 3736 594 3790 in
623 3737 790 3791 unius
820 3738 1016 3793 mundi
1061 3740 1510 3796 constitutionem
1568 3742 1640 3797 sit
1697 3743 2002 3809 vinculum,
2054 3751 2110 3799 et

535 3829 775 3885 ordinati
815 3839 872 3886 et
925 3829 1202 3888 inconinsi
1262 3840 1446 3890 motus
1497 3843 1554 3890 et
1612 3833 2111 3891 administrationis

537 3921 779 3976 modus?
804 3923 898 3992 qui
931 3939 1148 3978 rursum
1174 3924 1230 3978 in
1271 3926 1601 3994 corporibus
1652 3927 1860 3982 nostris
1887 3936 2109 3982 contra-

536 4013 746 4069 riorum
774 4015 1080 4070 secundum
1110 4017 1530 4087 permistionem
1560 4020 1888 4089 compositio
1943 4021 2017 4075 sit
2044 4035 2111 4075 ac

537 4119 733 4168 nexus,
764 4121 875 4175 quo
903 4122 1028 4176 quae
1072 4108 1404 4162 naturaliter
1457 4108 1668 4164 distant
1727 4111 1782 4164 in
1839 4110 2110 4167 familiare

535 4195 960 4250 contubernium
987 4208 1281 4268 coguntur,
1316 4200 1523 4269 quique
1578 4201 1871 4256 medietate
1923 4212 2111 4257 extre-

534 4285 789 4339 mitatum
814 4287 1198 4342 austeritatem
1224 4289 1458 4361 mitigat,
1493 4305 1700 4362 perque
1760 4307 1818 4347 se
1869 4293 2108 4349 invicem

535 4387 720 4430 meare
749 4375 870 4430 sine
900 4390 1040 4430 noxa
1072 4376 1316 4443 instruit,
1365 4386 1422 4435 et
1475 4380 1618 4435 hanc
1671 4382 2108 4452 compositorum

2200 513 2296 566 καὶ
2321 511 2466 582 ύπέρ
2491 511 2681 582 νόησιν
2728 511 2824 564 καὶ
2864 509 3046 580 πάσης
3087 510 3347 564 ἐπέκεινα
3389 510 3655 580 γνώσεως
3686 513 3784 582 τῆς

2200 602 2354 667 θείας
2376 603 2567 666 οὐσίας
2605 601 2890 672 όντότητα.
2919 619 2937 652 ι
2985 601 3121 654 ούδέ
3161 601 3306 672 αὐτὴ
3353 601 3466 672 γὰρ
3512 604 3663 655 κατὰ
3693 620 3782 673 μι-

2201 694 2358 766 κρὸν,
2390 695 2468 758 ὡς
2503 691 2798 767 προλαϐὼν
2820 691 3062 756 ἐδίδαξεν
3082 693 3112 745 ὁ
3140 692 3316 761 ᾶγιος,
3359 693 3394 762 ἡ
3419 693 3524 761 τῆς
3554 693 3786 756 κτίσεως

2202 786 2439 860 ἀκριϐὴς
2460 787 2793 859 κατανόησις
2813 787 2891 858 (l)
2925 804 2945 838 ι
2981 787 3126 841 κατὰ
3154 785 3245 840 τὸν
3273 787 3454 858 ἀληθῆ
3491 787 3656 856 λόγον
3685 788 3790 840 ὑπὸ

2199 881 2301 953 τῆς
2329 880 2490 952 ἡμῶν
2529 879 2849 951 περιέχεται
2879 877 3158 949 γνώσεως,
3186 879 3272 932 ἵνα
3302 878 3499 949 κάγὼ(
3529 879 3698 950 189
3727 881 3781 944 ἐ)

2205 973 2403 1045 μικρόν
2451 989 2506 1025 τι
2540 970 2950 1043 προσδιατριψω
2987 968 3068 1040 τῷ
3115 969 3280 1040 λόγῳ,
3334 970 3434 1023 καὶ
3484 973 3593 1040 τῆς
3648 969 3787 1038 ὑπὲρ

2202 1067 2384 1120 πάντα
2417 1064 2613 1134 σοφίας
2645 1065 2918 1133 θαυμάσω
2946 1063 3008 1117 τὸ
3054 1063 3486 1134 ἀνεξιχνίαστον.
3529 1063 3636 1126 Τίς
3683 1062 3789 1132 γὰρ

2203 1161 2313 1212 τῶν
2347 1158 2489 1227 ἄγαν
2510 1158 2692 1226 σοφῶν
2720 1159 2841 1221 ταῖς
2869 1157 3120 1225 ὶογικαῖς
3143 1155 3418 1210 πιστεύων
3448 1155 3672 1225 ἐφόδοις
3699 1155 3792 1209 καὶ

2202 1251 2324 1312 ταῖς
2352 1249 2454 1302 οὐκ
2482 1247 2674 1312 οὔσαις
2708 1246 2928 1320 θαρρῶν
2971 1247 3283 1315 ἀποδείξεσι
3327 1248 3472 1319 μετὰ
3499 1247 3671 1314 λόγου
3697 1248 3793 1317 τὴν

2204 1343 2314 1394 τῶν
2344 1341 2517 1396 ὄντων
2545 1339 2792 1396 ἐπελθὼν
2825 1340 3222 1412 μεγαλειότητα
3238 1340 3541 1411 δυνήσεται
3565 1338 3792 1407 γνῶναι,

2203 1435 2379 1487 εἰπεῖν
2419 1450 2489 1488 τε
2529 1434 3064 1505 καίπαραστῆσαη
3118 1433 3276 1497 Τίνες
3322 1434 3374 1486 οί
3423 1434 3660 1502 ἑκάστῳ
3695 1433 3792 1486 τῶν

2204 1525 2377 1580 ὄντων
2410 1528 2477 1598 τῇ
2511 1525 2746 1599 ὑπάρξει
2781 1525 3018 1598 πρώτως
3056 1524 3580 1594 ἐγκαταωηθέντες
3630 1524 3789 1592 λόγοι,

2205 1619 2330 1674 καθ’
2359 1619 2455 1683 οὓς
2482 1619 2580 1674 καὶ
2605 1620 2724 1673 ἐστι
2752 1619 2847 1673 καὶ
2896 1619 3109 1689 πέφυκε
3158 1617 3270 1672 τῶν
3310 1618 3486 1672 ὄντων
3537 1617 3791 1678 ἕκαστον,

2205 1714 2300 1768 καὶ
2325 1713 2752 1783 είδοπεποίηται,
2789 1713 2885 1766 καὶ
2921 1711 3342 1784 ἐσχημάτισται,
3385 1712 3485 1766 καὶ
3520 1711 3797 1765 συντέθει-

2206 1825 2316 1871 ται,
2357 1809 2455 1862 καὶ
2494 1807 2744 1870 δύναται,
2779 1805 2875 1860 καὶ
2923 1807 3158 1876 ἐνεργεῖ,
3193 1805 3290 1860 καὶ
3313 1805 3545 1874 πάσχει,
3585 1805 3678 1857 ἵνα
3729 1803 3802 1873 μὴ

2207 1899 2353 1968 λέγω
2379 1899 2481 1970 τὴν
2510 1901 2569 1952 ἐν
2598 1897 2678 1969 τῷ
2711 1896 2866 1968 ποσῷ
2890 1915 2949 1950 τε
2977 1899 3070 1952 καὶ
3108 1896 3188 1967 τῷ
3237 1897 3397 1966 ποιῷ,
3424 1898 3525 1951 καὶ
3561 1899 3637 1966 τῇ
3679 1897 3802 1966 σχέ-

2210 2009 2314 2057 σει,
2345 1992 2442 2044 καὶ
2486 1989 2564 2061 τῷ
2609 1990 2783 2061 τόπῳ,
2814 1990 2910 2043 καὶ
2937 1988 3019 2060 τῷ
3045 1988 3244 2060 χρόνῳ,
3287 1989 3392 2043 καὶ
3409 1991 3482 2060 τῇ
3518 1989 3702 2053 θέσει,
3735 1992 3801 2059 τῇ

2207 2100 2269 2136 τε
2296 2083 2510 2154 κινήσει
2535 2084 2630 2136 καὶ
2657 2083 2788 2149 ἕξει,
2832 2082 3100 2154 διαφορὰν
3124 2083 3220 2136 καὶ
3277 2082 3550 2153 ἰδιότητα,
3600 2084 3736 2151 προς
3763 2083 3799 2135 ἃ

2209 2176 2304 2230 καὶ
2325 2177 2361 2247 ή
2400 2175 2524 2230 καθ’
2569 2176 2718 2246 ἡμᾶς
2763 2174 3127 2247 μεγαλοφυῶς
3182 2174 3376 2245 λογικὴ
3431 2175 3690 2244 πέφυκεν
3724 2177 3801 2229 ίσ-

2215 2269 2467 2340 αρίθμως
2501 2267 2869 2323 πλατύνεσθαι
2899 2267 3133 2339 δύναμις
3175 2269 3256 2331 είς
3300 2267 3564 2333 νοῦν,κα“ι
3593 2269 3799 2340 νόησιν,

2211 2363 2308 2416 καὶ
2358 2361 2586 2428 ἔννοιαν,
2642 2360 2740 2414 καὶ
2785 2360 3048 2426 διάνοιαν,
3105 2360 3204 2415 καὶ
3243 2359 3522 2424 σύννοιαν,
3572 2361 3675 2414 καὶ
3714 2362 3803 2414 τὸν

2210 2453 2520 2508 ἐνδιάθετον
2561 2453 2741 2524 λόγον,
2794 2453 2888 2508 τόν
2937 2469 3001 2508 τε
3047 2453 3191 2509 κατὰ
3245 2453 3536 2524 προφορὰν
3569 2454 3673 2508 καὶ
3712 2455 3803 2508 τὸν

2210 2547 2514 2618 γεγωνότα,
2539 2545 2791 2602 τουτέστι
2819 2545 3006 2618 φωνὴν
3043 2545 3140 2601 καὶ
3182 2544 3456 2617 κραυγὴν.
3499 2546 3601 2599 καὶ
3647 2541 3802 2607 αὖθις

2213 2637 2567 2708 συνάγεσθαι,
2615 2637 2786 2709 χωρὶς
2811 2637 2913 2708 τῆς
2944 2637 3067 2691 κατ’
3094 2637 3412 2707 ἐπιστήμην
3443 2637 3544 2690 καὶ
3579 2637 3798 2706 τέχνην,

2211 2729 2365 2783 ὥσπε
2375 2746 2406 2800 ρ
2435 2729 2494 2782 ἐν
2520 2726 2672 2798 ποσῷ
2695 2743 2764 2780 τε
2787 2727 2884 2780 καὶ
2908 2726 3050 2796 ποιῷ
3077 2725 3173 2780 καὶ
3198 2727 3314 2789 τοῖς
3348 2725 3594 2790 λοιποῖς,
3619 2725 3801 2788 καθὼς

2210 2818 2610 2893 ἁπηρίθμηται,
2641 2817 2834 2872 τούτου
2863 2817 3130 2889 διαφορᾶς
3155 2833 3216 2870 τε
3239 2815 3334 2870 καὶ
3361 2816 3667 2888 ίδιότητοςς
3707 2817 3800 2874 τίς

2210 2913 2240 2966 ὁ
2264 2911 2552 2982 γινώσκων
2571 2910 2700 2975 τοὺς
2729 2909 2924 2980 λόγους
2946 2909 3058 2964 τῶν
3084 2910 3257 2964 όντων
3285 2908 3475 2974 καθὼς
3505 2910 3608 2964 καὶ
3637 2910 3795 2973 είσὶν,

2210 3006 2287 3070 ὡς
2323 3001 2500 3072 εἷπον,
2530 3006 2626 3059 καὶ
2656 3005 2999 3077 διαφέρουσι,
3049 3004 3145 3058 καὶ
3192 3003 3390 3058 στάσιν
3417 3002 3652 3074 ἔχουσιν
3679 3002 3798 3056 ἀκί-

2212 3111 2373 3166 νητον
2420 3096 2522 3169 τὴν
2575 3095 2719 3150 κατὰ
2768 3095 2935 3166 φύσιν
2971 3095 3064 3149 καὶ
3103 3093 3242 3166 πρὸς
3281 3092 3497 3165 ἄλληλα
3529 3094 3795 3165 μηδαμῶς

2211 3187 2655 3259 μεταπίπτουσαν
2692 3187 2929 3259 κίνησιν,
2987 3189 3047 3241 ἐν
3083 3189 3151 3258 τῇ
3192 3188 3407 3258 κινήσει
3435 3185 3540 3258 τὴν
3578 3188 3791 3247 στάσιν,

2207 3283 2302 3335 καὶ
2343 3283 2402 3336 ἐν
2453 3283 2520 3352 τῇ
2575 3280 2763 3334 στάσει
2814 3279 2877 3333 τὸ
2930 3277 3367 3350 παραδοξότατον
3419 3278 3525 3350 τὴν
3582 3279 3797 3349 κίνησιν

2207 3370 2432 3442 έχοντα;
2485 3370 2572 3434 τίς
2628 3370 2768 3441 πρὸς
2819 3367 3026 3440 ἄλληλα
3076 3368 3190 3422 τῶν
3235 3368 3501 3422 ἐναντίων
3547 3370 3634 3432 είς
3681 3367 3794 3429 ἐνὸς

2207 3463 2416 3534 κόσμου
2451 3463 2715 3518 σύστασιν
2756 3464 2788 3516 ὁ
2816 3461 3039 3534 δεσμὸς,
3071 3462 3288 3533 καὶτῆς
3314 3461 3594 3517 εὐτάκτου
3619 3479 3679 3515 τε
3705 3462 3794 3515 καὶ

2208 3555 2451 3627 ἀφύρτου
2480 3554 2753 3628 κινήσεώς
2783 3573 2844 3610 τε
2870 3555 2968 3609 καὶ
2999 3555 3321 3627 διοικήσεως
3365 3554 3398 3606 ὁ
3426 3553 3666 3623 τρόπος-ς
3713 3552 3794 3615 τίς

2208 3647 2371 3704 πάλιν
2394 3649 2502 3702 τῶν
2531 3647 2654 3702 καθ’
2683 3649 2831 3720 ἡμᾶς
2861 3649 3136 3719 σωμάτων
3157 3648 3191 3718 ἡ
3219 3645 3332 3702 τῶν
3353 3645 3628 3700 ἐναντίων
3658 3644 3796 3699 κατὰ

2207 3743 2309 3816 τὴν
2346 3744 2547 3815 κρᾶσιν
2578 3743 2667 3798 διὰ
2701 3743 3006 3806 συνθέσεως
3037 3741 3348 3814 συμπλοκὴ,
3399 3741 3470 3797 τὰ
3527 3739 3794 3796 διεστῶτα

2209 3836 2352 3889 κατὰ
2392 3833 2491 3906 τὴν
2540 3833 2704 3904 φύσιν
2753 3835 2836 3897 είς
2889 3832 3112 3906 φιλικὴν
3174 3833 3459 3888 συνοικίαν
3520 3834 3792 3901 ἐνὰγουσα

2210 3926 2398 3998 (190
2432 3927 2499 3997 a)
2531 3927 2625 3980 καὶ
2652 3928 2718 3998 τῇ
2757 3925 3015 3996 μεσότητι
3040 3925 3102 3979 τὸ
3127 3927 3186 3979 ἐν
3223 3929 3339 3990 τοῖς
3363 3926 3568 3997 ἄκροις
3589 3927 3796 3997 ubam-

2214 4020 2304 4091 ρδν
2328 4018 2748 4090 τιθασσεύουσα,
2788 4018 2886 4072 καὶ
2922 4021 3125 4090 χωρεῖν
3173 4017 3245 4072 δι’
3272 4019 3525 4090 ἀλλήλων
3550 4020 3792 4090 ἀλυμάνο

2209 4127 2319 4174 τως
2369 4109 2872 4182 παρασκευάζουσα
2929 4111 3025 4166 καὶ
3073 4110 3281 4183 ταύτην
3331 4113 3642 4184 ποιουμένη
3688 4113 3794 4166 τῶν

2211 4201 2483 4256 συνθέτων
2526 4203 2877 4275 συντήρησιν,
2928 4204 3031 4274 τὴν
3081 4204 3192 4258 τῶν
3254 4205 3446 4275 ἄκρων
3492 4204 3645 4258 κατὰ
3699 4206 3794 4275 τὴν

2211 4292 2412 4364 κρᾶσιν
2445 4293 2526 4356 είς
2578 4292 2787 4365 ἄλληλα
2841 4292 3238 4368 περιχώρησιν,
3279 4295 3374 4348 καὶ
3405 4294 3527 4358 πῶς
3565 4295 3794 4350 ἕκαστον

2209 4384 2416 4440 τούτων
2446 4385 2585 4450 ἐστὶ,
2609 4387 2707 4440 καὶ
2735 4386 2788 4440 τί
2817 4387 2957 4452 ἐστι,
2997 4387 3095 4440 καὶ
3147 4385 3252 4440 ποῦ
3281 4387 3452 4457 φέρον
3479 4387 3515 4458 ἢ
3554 4388 3794 4459 φερόμε-

535 4465 894 4522 stabilitatem
967 4468 1228 4535 instituit,
1305 4473 1712 4529 extremitatum
1799 4477 2105 4532 secundum

2210 4493 2300 4530 vov
2325 4475 2419 4530 καὶ
2461 4476 2554 4530 ἐπὶ
2608 4477 2714 4531 τίνι
2766 4478 3059 4548 γεγένηται
3102 4477 3136 4549 ἢ
3174 4477 3336 4548 φέρει
3376 4477 3411 4548 ἢ
3457 4479 3709 4551 φέρεται,
3734 4478 3793 4530 οὐ

533 4557 845 4614 mistionem
873 4560 928 4614 in
947 4575 1006 4615 se
1039 4559 1275 4618 invicem
1296 4566 1736 4637 congressionem
1751 4583 1815 4623 ac
1849 4569 2109 4639 reditum,

532 4658 590 4705 et
618 4652 898 4721 quomodo
928 4652 1130 4709 horum
1160 4657 1597 4729 unumquodque
1635 4659 1726 4723 sit,
1759 4669 1815 4715 et
1843 4659 1978 4731 quid
2012 4663 2107 4728 sit,

530 4745 589 4794 et
617 4755 728 4814 quo
756 4741 939 4796 ferens
969 4752 1067 4798 aut
1094 4743 1267 4799 latum
1298 4754 1356 4800 et
1399 4747 1467 4802 ad
1505 4748 1638 4818 quid
1674 4751 1980 4819 perveniat,
2020 4753 2109 4808 vel

537 4831 682 4886 {erat
712 4833 798 4887 vel
826 4832 1058 4900 feratur,
1091 4851 1204 4890 non
1232 4837 1498 4904 solum,ut
1523 4839 1732 4895 dictum
1764 4851 1868 4906 est,
1903 4844 2108 4913 quibus

528 4924 860 4994 aprincipio
917 4926 1034 4982 haec
1075 4928 1352 4984 exsistunt
1401 4932 1734 4999 rationibus,
1801 4935 1896 4992 sed
1940 4938 2106 4993 etiam

528 5015 734 5084 quibus
761 5015 829 5070 ad
861 5031 921 5072 se
957 5019 1074 5088 ipsa
1133 5027 1190 5074 et
1221 5019 1456 5077 invicem
1519 5023 1752 5080 inﬁnitis
1803 5034 1860 5081 et
1901 5029 2109 5100 cogita-

530 5107 682 5163 tione
712 5117 770 5164 et
793 5110 1016 5165 actione
1044 5120 1100 5166 et
1127 5111 1450 5169 dividantur
1484 5123 1543 5171 et
1575 5117 1842 5172 uniantur
1889 5120 2106 5176 modis?

528 5205 696 5266 atque
768 5215 960 5256 rursus
1033 5218 1285 5272 quaenam
1354 5207 1695 5278 singulorum
1750 5226 2104 5283 quorumque

527 5288 804 5352 essentiaa,
833 5299 1066 5358 naturae,
1094 5295 1323 5364 speciei,
1374 5297 1583 5364 formae,
1651 5302 2097 5372 compositionis,

528 5378 832 5444 facultatis,
868 5382 1125 5450 actionis,
1181 5388 1474 5456 passionis,
1509 5391 1579 5446 sit
1622 5393 1801 5447 ratio?
1851 5409 2103 5464 quaenam

527 5471 656 5526 dein
711 5489 904 5529 rursus
968 5479 1276 5546 generalis,
1332 5497 1442 5551 qua
1495 5486 1943 5541 extremitatibus
2002 5503 2106 5558 pro

525 5564 870 5636 singulorum
922 5566 1030 5624 ﬁne
1076 5581 1178 5639 per
1231 5573 1584 5630 medietatem
1645 5586 1873 5634 mutuus
1932 5594 2106 5637 nexus

605 5749 678 5822 (Ι)
712 5748 860 5808 Idem
893 5749 1016 5804 ibid.
1049 5765 1170 5822 cap.
1195 5750 1248 5808 5.

2212 4569 2393 4639 μόνον,
2451 4567 2531 4632 ὡς
2574 4567 2810 4641 εἴρηται,
2867 4561 2951 4630 οἷς
3005 4567 3441 4640 προηγουμένως
3486 4567 3794 4639 ὑπάρχουσι

2209 4659 2384 4714 ταῦτα
2411 4658 2611 4730 λόγοις,
2645 4657 2782 4713 ἀλλὰ
2811 4658 2909 4713 καὶ
2935 4653 3018 4722 οἷς
3051 4659 3190 4730 πρὸς
3231 4657 3403 4712 ἑαυτά
3427 4672 3492 4709 τε
3532 4657 3632 4710 καὶ
3659 4657 3794 4728 πρὸς

2211 4752 2417 4823 ἄλληλα
2451 4751 2668 4824 μυρίοις
2684 4751 2806 4806 κατ’
2825 4750 3075 4808 ἐπίνοιάν
3111 4768 3172 4804 τε
3209 4751 3308 4805 καὶ
3338 4750 3632 4820 ἐνέργειαν
3656 4749 3794 4802 διαι-

2213 4842 2440 4915 ροῦνται
2473 4859 2533 4898 τε
2577 4844 2673 4898 καὶ
2716 4842 2963 4899 ἐνοῦνται
3001 4842 3269 4914 τρόποις;
3325 4843 3424 4898 καὶ
3469 4839 3630 4912 αὖθις
3664 4843 3795 4906 τίςό

2207 4934 2366 5004 λόγος
2399 4935 2500 5005 τῆς
2529 4933 2627 4989 τοῦ
2670 4935 2795 4989 καθ’
2815 4935 3048 4988 ἕκαστον
3076 4933 3287 5000 οὐσίας,
3316 4934 3565 5004 φύσεως,
3599 4934 3793 4996 εἴδους.

2210 5028 2511 5098 σχήματος,
2544 5027 2870 5093 συνθέσεως,
2891 5027 3199 5097 δυνάμεως,
3221 5027 3535 5097 ἐνεργείας,
3553 5026 3790 5092 πάθουςς

2201 5119 2290 5182 τίς
2321 5119 2377 5172 δέ
2405 5119 2573 5174 πάλιν
2611 5121 2640 5173 ὁ
2665 5119 2900 5174 καθόλου
2928 5121 3043 5183 τοῖς
3064 5119 3259 5190 ἄκροις
3293 5119 3441 5174 κατὰ
3473 5119 3537 5172 τὸ
3560 5119 3791 5174 ἑκάστου

2205 5210 2378 5280 πέρας
2407 5209 2498 5264 διὰ
2533 5209 2630 5264 τοῦ
2686 5212 2854 5282 μέσου
2895 5211 2999 5282 τὴν
3043 5210 3185 5282 πρὸς
3236 5210 3448 5282 ἄλληλα
3496 5211 3792 5280 συνάφειαν

2202 5302 2444 5373 ἐνεργῶν
2477 5293 2658 5372 λόγος,
2685 5304 2774 5358 τνα
2798 5302 2890 5358 τόν
2914 5321 2974 5358 τε
3004 5303 3130 5358 νοῦν
3155 5304 3251 5359 καὶ
3283 5303 3344 5357 τὸ
3385 5302 3680 5374 νοούμενον
3705 5300 3791 5354 διὰ

2209 5394 2310 5465 τῆς
2355 5396 2526 5467 μέσης
2565 5399 2823 5468 νοήσεως,
2877 5397 3120 5468 σχέσεως
3157 5396 3329 5468 οὔσης
3377 5397 3648 5465 ἐνωτικῆς
3681 5395 3786 5447 τῶν

2211 5488 2560 5560 διῃρημένων
2591 5491 2721 5562 περὶ
2752 5489 2815 5543 τὸ
2845 5490 2906 5555 ἐξ
2942 5490 3147 5560 ἀμφοῖν
3175 5490 3378 5561 νόημα,
3410 5489 3658 5559 συναφθῇ
3696 5486 3784 5540 καὶ

2212 5579 2525 5651 περιληφθῇ
2557 5580 2810 5653 ἀλλήλοις
2837 5580 3093 5653 ἑκάτερα,
3122 5583 3215 5636 καὶ
3251 5581 3420 5655 μηδὲν
3441 5581 3506 5636 τὸ
3532 5585 3781 5651 παράπαν
