4026 6288
230 282 388 349 1229
1488 280 2009 347 AMBIGUORUM
2051 288 2301 349 LIBER.
3365 291 3499 357 1230

220 408 387 461 κατὰ
412 402 574 458 τοῦτο
606 401 793 473 δειχθῇ
820 399 927 455 τῶν
960 400 1100 471 μετὰ
1120 400 1255 456 Θεὸν
1272 404 1620 476 περιγραφῆς
1646 404 1808 474 (map.

1929 404 2186 469 ellieitur,
2225 406 2364 461 ratio
2415 407 2506 472 sit,
2541 418 2599 463 ut
2632 410 2780 479 quod
2809 412 3014 481 cogitat
3047 422 3103 467 et
3157 416 3305 483 quod
3349 416 3498 485 mgi-

222 516 337 570 χον
356 497 643 567 ἐλεύθερον
668 512 683 561 ;
711 494 907 565 ὥσπερ
929 494 1024 547 καὶ
1052 494 1121 547 τὰ
1140 495 1375 565 αἰσθητά
1418 495 1597 552 πάντα
1630 498 1725 551 καὶ
1755 498 1808 550 τί]

1928 506 2076 551 tatur
2135 514 2234 567 per
2266 498 2504 553 mediam
2556 503 2969 570 cogitationem,
3010 521 3133 575 quae
3173 506 3499 561 distantium

227 589 639 660 αἰσθανόμενα,
721 587 890 658 ἤγουν
949 585 1265 657 αἰσθητικά,
1337 587 1428 641 διὰ
1482 587 1582 659 τῆς
1648 590 1808 660 μέσης

1924 586 2073 640 circa
2120 588 2444 656 cogitatum,
2502 589 2794 644 amborum
2844 594 3095 661 prolem,
3155 595 3364 651 unitiva
3415 606 3502 652 est

218 682 567 754 αἰσθήσεως,
596 679 837 749 σχέσεως
865 677 1035 748 οὔσης
1087 679 1275 748 κοινῆς
1314 680 1423 732 τῶν
1474 670 1808 753 διῃρημένωι

1928 678 2169 743 affectio,
2207 688 2269 734 ut
2304 688 2536 750 utraque
2568 682 2804 738 invicem
2840 685 3146 755 iungantur
3173 696 3231 741 et
3253 703 3504 758 compre-

213 773 444 843 ἄκρων,
500 770 610 824 τῶν
659 771 761 841 μὲν
814 768 889 834 ὡς
924 769 993 823 δι’
1050 769 1221 838 αὐτῆς
1266 770 1808 841 ἁντιλαμϐανομένωι

1926 770 2261 836 hendantur,
2320 787 2460 828 neve
2514 774 2817 844 quidquam
2859 776 3086 832 omnino
3132 793 3326 835 eorum
3382 797 3504 849 qua:

213 867 346 921 τῶν
370 863 670 935 αἰσθητῶν,
699 863 808 917 τῶν
846 861 906 914 δὲ
944 861 1011 914 δι’
1043 860 1217 930 αὐτῆς
1249 861 1681 927 ὑποπιπτόντων;
1706 865 1808 925 τοῖς

1931 872 2058 932 post
2083 863 2257 917 Deum
2287 862 2403 917 sint
2432 864 2954 935 circumscriptione
2991 882 3197 923 vacans
3248 871 3510 923 ostenda-

214 957 673 1030 αἰσθανομένοις,
708 956 839 1026 περὶ
867 954 929 1009 τὸ
959 954 1340 1025 αἰσθητήριον,
1390 954 1450 1007 ὲν
1482 948 1526 1023 ᾧ
1556 954 1615 1007 τὸ
1647 954 1808 1024 πέρας

1932 953 2060 1007 tur?
2093 952 2568 1020 Quemadmodum
2614 956 2900 1012 sensibilia
2954 974 3175 1029 quoque
3226 960 3411 1014 omnia
3448 972 3505 1016 et

214 1052 334 1123 τῆς
381 1051 617 1105 ἑκάστου
668 1047 815 1102 κατὰ
858 1046 955 1117 τὴν
1006 1045 1193 1115 σχέσιν
1230 1045 1516 1117 δυνάμεως
1573 1045 1808 1117 ὑπάρχοι

1927 1061 2051 1114 quae
2086 1046 2356 1107 sentiunt.
2411 1046 2527 1102 sive
2580 1062 2747 1103 sensu
2793 1049 3046 1118 prazdita,
3108 1066 3209 1120 per
3258 1052 3501 1107 medium

214 1144 566 1213 καθέστηκε,
604 1141 701 1195 καὶ
742 1140 872 1211 περὶ
921 1139 951 1193 ὃ
979 1138 1236 1210 ἀλλήλοις
1274 1139 1343 1192 τά
1395 1139 1542 1210 άκρα
1583 1138 1674 1192 διὰ
1721 1138 1808 1207 τῆς

1928 1152 2173 1201 sensum,
2206 1152 2331 1207 quae
2363 1137 2695 1193 distantium
2747 1140 3163 1197 extremitatum
3188 1144 3504 1198 communis

217 1231 410 1304 μέσης
437 1232 678 1302 σχέσεως
710 1227 967 1284 ἑνοῦσθαι
992 1229 1227 1297 πέφυκε.

1928 1229 2148 1284 ati‘cctio
2167 1238 2276 1296 est,
2305 1229 2497 1286 alteris
2524 1247 2626 1301 per
2649 1247 2775 1287 eam
2825 1234 3112 1290 sensibilis
3155 1237 3506 1307 percipienti-

218 1323 363 1389 bus,
401 1322 598 1379 alteris
659 1336 761 1392 per
821 1335 944 1376 eam
1010 1320 1081 1376 iis
1117 1336 1242 1391 qua:
1299 1322 1550 1377 sentiunt
1625 1320 2065 1386 suecidcntibus,
2109 1320 2258 1376 circa
2304 1321 2579 1377 sentiendi
2629 1323 3084 1392 instrumentum,
3150 1328 3243 1382 ubi
3303 1328 3502 1400 singuli

214 1419 502 1489 cujusque
530 1415 838 1473 secundum
892 1414 1244 1471 all‘ectionem
1285 1410 1564 1474 facultatis
1618 1415 1891 1471 terminus
1949 1416 2253 1470 collocatus
2315 1422 2423 1481 est,
2463 1424 2521 1470 et
2581 1416 2728 1487 circa
2777 1417 2926 1487 quod
2971 1434 3070 1488 per
3113 1420 3349 1476 mediam
3417 1422 3500 1476 af-

214 1510 526 1566 fectionem
553 1510 671 1565 sive
713 1507 1039 1564 relationem
1085 1509 1354 1565 uniuutur
1389 1509 1794 1566 extremitates.
1837 1507 2065 1574 llorum,
2098 1509 2185 1563 vel
2217 1507 2388 1563 unius
2441 1509 2742 1564 alteriusve
2797 1508 2999 1565 horum
3063 1513 3309 1567 rationes
3373 1528 3501 1568 cum

216 1600 569 1672 investigare
620 1614 915 1665 conamur,
948 1597 1213 1656 imbecilli
1267 1602 1431 1672 plane
1483 1611 1542 1657 et
1589 1600 1728 1656 muti
1761 1599 1818 1656 in
1856 1599 2221 1670 explicatione
2282 1601 2689 1668 lmsitabimus,
2724 1616 2829 1656 nec
2886 1609 3086 1672 praeter
3113 1602 3356 1658 divinam
3400 1620 3501 1674 po-

216 1702 491 1750 testatem
538 1711 652 1767 quo
704 1706 950 1753 mentem
995 1705 1256 1753 accurate
1289 1695 1584 1767 inligamus
1632 1695 1993 1751 habebimus.

296 1788 547 1854 Τούτων,
601 1791 810 1862 ἦτινος
858 1790 1067 1845 τούτων
1120 1790 1352 1861 ὲρευνᾷν
1402 1789 1808 1860 ἐπιχειροῦντες

1992 1789 2174 1858 Atque
2234 1788 2361 1853 hoc,
2410 1797 2472 1843 ut
2524 1788 2787 1855 arbitror,
2836 1788 2971 1843 illud
3022 1798 3109 1844 est
3155 1789 3302 1859 quod
3361 1789 3503 1847 dixit

215 1883 354 1945 τοὺς
395 1880 615 1951 λόγους,
641 1882 822 1938 ἄτονοι
862 1880 1141 1945 παντελῶς
1172 1881 1264 1935 καὶ
1295 1882 1501 1950 ἄφωνοι
1538 1882 1667 1952 περὶ
1718 1878 1808 1932 τὸν

1917 1888 2169 1946 sanctus,
2220 1887 2464 1935 mentem
2523 1890 2769 1935 nostram
2815 1880 2884 1935 ad
2912 1879 3175 1951 pietatem
3208 1896 3496 1944 exercens,

216 1973 390 2043 λόγον
417 1973 674 2045 μένομεν,
709 1974 811 2028 οὐκ
831 1973 1049 2046 ἔχοντες
1080 1967 1127 2042 ᾧ
1156 1989 1262 2027 τινι
1295 1973 1387 2027 τὸν
1411 1971 1538 2027 νοῦν
1566 1958 1808 2043 ἀκριϐῶς

1924 1992 1940 2024 ι
1972 1973 2086 2028 Νεε
2127 1973 2293 2042 plena
2336 1982 2394 2027 et
2427 1980 2687 2027 accurata
2719 1973 2805 2029 vel
2848 1973 3135 2042 paululum
3164 1972 3503 2028 conditionis

220 2063 420 2135 (190
459 2065 511 2133 ὁ)
542 2064 937 2135 ὲπερεισόμεθα
965 2103 981 2129 ,
1013 2063 1154 2135 πλὴν
1180 2063 1278 2134 τῆς
1322 2061 1473 2127 θείας
1506 2061 1808 2133 δυνάμεως.

1917 2065 2222 2137 perceptio.
2263 2084 2282 2117 ι
2346 2064 2506 2132 Quod
2554 2081 2690 2120 vero
2731 2066 2803 2121 ad
2846 2065 2982 2121 illud
3017 2066 3216 2121 attinet
3251 2082 3265 2120 :
3314 2086 3333 2118 ι
3393 2066 3501 2123 Sed
3546 2134 3547 2137 η

220 2157 343 2210 Καὶ
372 2156 537 2210 τοῦτό
573 2158 690 2210 ὲστι
746 2157 811 2210 τδ
856 2156 1169 2229 εἰρημένον,
1209 2155 1286 2219 ὡς
1316 2150 1494 2227 οἶμαι,
1548 2154 1627 2225 τῷ
1648 2154 1810 2224 ἁγίῳ,

216 2244 671 2315 γυμνάζοντιτὸν
685 2243 951 2316 ἡμέτερον
976 2244 1102 2299 νοῦν
1127 2244 1261 2317 πρὸς
1275 2245 1337 2298 εὐ
1348 2244 1582 2309 σέϐειαν,
1609 2263 1627 2296 ι
1655 2242 1814 2297 Κατὰ

221 2337 431 2409 μικρὸν
462 2336 616 2408 γοῦν,
647 2337 769 2391 οὐδὲ
807 2338 841 2409 ἡ
875 2338 973 2408 τῆς
1009 2337 1245 2403 κτίσεως
1278 2337 1514 2409 ἀκριϐὴς
1542 2337 1812 2406 κατανόη-

220 2445 335 2490 σις.
382 2445 401 2479 ι
443 2428 518 2499 (l)
546 2428 620 2481 Τδ
653 2427 732 2495 δὲ,
779 2446 798 2480 ι
851 2427 1011 2482 Ἀλλά
1045 2428 1181 2483 πολύ
1217 2428 1324 2500 πρὸ
1367 2427 1573 2483 τούτων
1607 2428 1640 2500 ἠ
1672 2426 1814 2499 ὑπὲρ

216 2519 405 2576 ταῦτα
435 2522 534 2576 καὶ
566 2520 626 2586 ἐξ
657 2517 725 2592 ἧς
748 2519 924 2575 ταῦτα
964 2519 1148 2590 φύσις,
1179 2517 1421 2591 ἄληπτός
1448 2537 1507 2573 τε
1546 2520 1643 2574 καὶ
1676 2520 1813 2574 άπε-

221 2612 518 2683 ρίληπτος,
554 2631 573 2666 ι
615 2612 758 2668 κατὰ
791 2612 974 2666 κοινοῦ
1003 2611 1186 2665 θετέον
1213 2611 1313 2683 τῆς
1333 2611 1562 2676 κτίσεως
1590 2611 1685 2666 καὶ
1713 2611 1814 2682 τῆς

220 2705 375 2777 ὑπὲρ
398 2704 574 2760 ταῦτα
624 2705 719 2760 καὶ
750 2704 844 2775 ἀφ’
876 2700 1095 2778 ἧστινος
1124 2703 1302 2758 ταῦτα
1326 2743 1344 2767 ,
1371 2703 1571 2775 δηλαδὴ
1602 2702 1671 2757 τὰ
1700 2703 1816 2757 κτί-

222 2815 435 2868 σματα,
465 2797 680 2868 φύσεως
708 2797 767 2853 τὺ
790 2816 809 2850 ι
846 2795 1124 2869 ’Δληπτός
1150 2813 1211 2851 τε
1234 2796 1323 2851 καὶ
1356 2794 1749 2866 ἀπερίληπτος.
1788 2812 1808 2847 ι

221 2891 303 2946 Th
332 2890 416 2956 δὲ,
448 2909 468 2944 ι
514 2892 628 2962 οὐχ
654 2892 736 2946 ὅτι
766 2890 934 2957 ἐστιν,
962 2890 1213 2962 suam;
1244 2910 1263 2944 ο
1303 2891 1452 2943 ἐστὶν
1475 2930 1489 2954 ,
1519 2887 1810 2960 ὲπενεχθὲν

220 2983 649 3055 προκατάληψις
709 2983 860 3037 ἐστιν
910 2981 1320 3053 ἀνθυποφορᾶς.
1386 2980 1506 3033 ’Ἱνα
1573 2978 1682 3050 γὰρ
1737 2979 1814 3051 μὴ

223 3073 562 3147 καταδράμῃ
587 3071 755 3128 αὐτοῦ
782 3072 918 3145 πρὸς
951 3071 1010 3125 ὃν
1042 3070 1072 3124 ό
1101 3070 1282 3141 λόγος,
1315 3073 1564 3142 φάσκων,
1597 3068 1811 3124 Οὐκοῦν

1915 2157 2091 2212 multo
2123 2156 2298 2228 magis
2342 2163 2540 2211 natura
2580 2156 2673 2213 illa
2713 2157 2801 2213 bis
2844 2156 3159 2219 sublimior.
3194 2167 3253 2213 et
3282 2172 3352 2213 ex
3392 2172 3502 2229 qua

1916 2249 2032 2305 lnec
2072 2248 2345 2320 originem
2385 2258 2676 2305 traxerunt
2724 2248 3183 2320 imperceptibilis
3218 2260 3385 2321 atque
3417 2252 3502 2306 in-

1914 2337 2467 2409 comprehensibilis,
2513 2356 2531 2389 ι
2578 2336 2740 2404 illud,
2793 2358 2811 2390 ι
2844 2338 3302 2409 imperceptibilis
3328 2349 3386 2396 et
3415 2340 3500 2396 in-

1914 2430 2454 2501 comprehensibilis,
2483 2450 2501 2481 ι
2540 2430 2597 2485 in
2620 2445 2916 2486 commune
2958 2431 3141 2487 estde
3183 2430 3503 2488 conditione

1916 2531 1975 2577 et
2018 2530 2216 2577 natura
2250 2522 2340 2579 bis
2369 2522 2722 2587 sublimiore,
2745 2530 2804 2577 et
2827 2538 2896 2579 ex
2933 2538 3043 2593 qua
3086 2522 3203 2579 haec
3229 2522 3502 2595 originem

1919 2621 2229 2676 traxerunt,
2256 2623 2343 2669 est
2361 2613 2609 2678 condita,
2636 2613 2991 2683 sumendum.
3027 2615 3165 2671 Illud
3196 2630 3329 2671 vero
3352 2617 3501 2687 quod

1916 2701 2092 2767 addit,
2132 2721 2148 2751 ι
2183 2702 2302 2757 Non
2358 2702 2505 2772 quod
2558 2711 2663 2769 est,
2691 2702 2787 2759 sed
2825 2719 2968 2773 qua,
3004 2723 3022 2756 ι
3056 2713 3141 2760 est
3178 2704 3502 2775 anticipatio

1916 2793 2300 2865 subjectionis.
2357 2792 2436 2849 Ne
2490 2794 2641 2848 enim
2677 2794 2922 2849 oll‘endat
2961 2795 3030 2849 ad
3060 2811 3224 2866 quem
3259 2797 3379 2867 ejus
3418 2807 3503 2851 est

1918 2897 2125 2946 sermo,
2151 2882 2384 2939 dicens:
2420 2883 2609 2954 Itaque
2652 2885 2697 2939 si
2740 2883 3176 2955 impereeptibile
3221 2896 3307 2941 est
3351 2890 3499 2957 quod

1917 2971 2152 3027 colimus
2185 2988 2249 3028 ac
2287 2988 2636 3040 veneramur,
2684 2988 2817 3028 vana
2855 2971 3024 3042 igitur
3054 2973 3500 3032 Christianorum

1920 3064 2262 3134 praedicatio,
2291 3081 2431 3120 vana
2465 3066 2632 3121 etiam
2663 3065 2798 3120 lides
2829 3080 2894 3120 ac
2916 3081 3187 3137 nusquam
3231 3068 3498 3136 stabilita,

222 3167 273 3220 εί
292 3166 544 3237 άληπτον
580 3164 757 3234 πάντη
786 3164 851 3219 τὸ
874 3162 1039 3227 σέϐας
1063 3163 1243 3233 ήμῶν,
1275 3163 1431 3218 κενὸν
1465 3164 1571 3235 ἄρα
1594 3162 1655 3217 τὸ
1678 3164 1808 3234 Χρι-

1919 3158 2035 3212 lucc
2082 3158 2295 3227 profert
2340 3169 2402 3214 ut
2439 3166 2736 3230 praevertat
2773 3159 3203 3217 obtrectatorem
3230 3162 3346 3218 sive
3379 3178 3499 3219 ser-

224 3259 469 3314 στιανῶν
494 3258 777 3330 κήρυγμα,
805 3255 937 3327 κενὴ
962 3255 1022 3311 δὲ
1056 3256 1153 3313 καὶ
1188 3256 1225 3328 ἠ
1259 3254 1462 3322 πίστις,
1494 3254 1617 3309 κατ’
1659 3255 1811 3309 οὐδε·

222 3352 315 3417 νὸς
371 3347 761 3421 στηριζομένη,
808 3344 986 3401 ταῦτά
1060 3362 1201 3417 φησι
1262 3344 1668 3416 προλαμϐάνων
1725 3344 1815 3399 τὸν

223 3443 582 3516 ἑπηρεαστὴν
613 3442 770 3511 λόγον
806 3440 839 3514 ἢ
872 3440 1184 3512 ἄνθρωπον.
1226 3439 1345 3493 Οὐκ
1386 3437 1523 3509 ἔφην
1570 3437 1814 3509 ἄληπτον

223 3535 373 3594 εἶναι
423 3535 627 3609 ταύτην
670 3536 769 3607 τὴν
796 3532 981 3605 φύσιν,
1022 3533 1152 3605 περὶ
1193 3528 1263 3606 ἦς
1320 3533 1349 3587 ὁ
1390 3530 1573 3600 λόγος,
1619 3531 1812 3602 ὅτιπερ

225 3629 496 3698 ὑπάρχει,
527 3626 664 3681 ἀλλὰ
720 3624 773 3678 τί
823 3624 1085 3695 ὑπάρχει,
1142 3624 1239 3678 καὶ
1286 3621 1631 3692 προσεπάγει
1680 3620 1815 3693 πρὸς

222 3721 329 3791 τὴν
363 3719 638 3789 τοῦλόγου
691 3716 986 3789 βεϐαίωσιν
1030 3714 1113 3779 τὸ,
1153 3731 1171 3765 ι
1222 3713 1364 3766 Πολὺ
1409 3711 1518 3782 γὰρ
1568 3708 1814 3781 διαφέρει

222 3811 324 3866 τοῦ
345 3805 485 3864 εἶναί
500 3827 553 3864 τι
574 3807 868 3862 πεπεῖσθαι
895 3805 958 3859 τὸ
983 3802 1190 3859 τίποτὲ
1211 3805 1330 3857 ἐστι
1352 3802 1513 3856 τοῦτο
1537 3799 1756 3864 εἰδέναι,
1789 3819 1807 3851 ι

224 3902 503 3967 τουτέστι,
524 3899 696 3973 πολλὴ
726 3899 1022 3972 πρόσεστιν
1051 3898 1085 3967 ἡ
1106 3895 1343 3966 διαφορὰ
1374 3894 1469 3948 τοῦ
1519 3892 1813 3947 πεπεῖσθαι

223 3996 357 4068 περί
408 4011 556 4059 τινος
603 3995 798 4066 ὅτιπερ
851 3992 1087 4064 ὑπάρχει
1139 3988 1282 4063 πρὸς
1331 3987 1395 4042 τὸ
1460 3986 1662 4045 είδέναι
1712 3984 1811 4056 τὴν

223 4089 435 4161 ἀκριϐῆ
454 4088 554 4159 τῆς
573 4086 760 4151 οὐσίας
787 4086 983 4139 τούτου
1010 4082 1337 4155 κατάληψιν.
1365 4079 1458 4151 Μὴ
1482 4079 1598 4143 οὖν,
1622 4078 1808 4150 φησὶν,

224 4180 590 4253 εὐγνωμόνως
616 4179 773 4251 ἡμιῖιν
796 4178 1063 4232 εἰπόντων
1086 4177 1331 4247 ἄληπτον
1359 4170 1500 4228 εἶναι
1530 4172 1629 4246 τὴν
1661 4171 1811 4227 θείαν

223 4273 441 4337 οὐσίαν,
493 4270 820 4343 κακούργως
870 4268 962 4323 τὸν
994 4268 1153 4338 λόγον
1189 4266 1586 4339 μεταϐιϐάσῃς,
1636 4266 1715 4329 είς
1749 4264 1811 4318 τὸ

222 4364 387 4437 δῆθεν
418 4363 662 4431 εἰσάγειν
691 4362 841 4433 ἡμᾶς
866 4360 1112 4431 άληπτον
1149 4359 1344 4429 αὐτὴν,
1393 4358 1474 4421 είς
1513 4356 1685 4427 αὐτὴν
1712 4354 1810 4426 τὴν

226 4457 488 4532 ὓπαρξιν.
523 4457 632 4509 κὰκ
659 4454 854 4508 τούτου
908 4449 1143 4523 συνάξῃς
1201 4450 1390 4504 άθεῖαν
1424 4451 1571 4521 ἡμᾶς
1628 4449 1807 4517 πάντη

1925 3265 2142 3305 monem
2176 3250 2293 3305 sive
2336 3249 2641 3306 hominem.
2676 3252 2796 3307 Non
2833 3254 3028 3309 statuit
3060 3256 3500 3328 impereeptibile

1922 3357 2043 3397 esse
2076 3340 2222 3413 quod
2255 3340 2327 3397 sit
2362 3341 2476 3397 haec
2505 3342 2575 3398 de
2622 3360 2731 3415 qua
2768 3360 2953 3401 sermo
2983 3355 3203 3412 natura,
3231 3349 3327 3404 sed
3363 3349 3498 3419 quid

1922 3433 2015 3497 sit,
2057 3442 2113 3487 et
2158 3432 2225 3488 ad
2257 3434 2645 3511 stabiliendam
2666 3452 2824 3491 suam
2854 3438 3192 3495 sententiam
3230 3440 3385 3496 addit
3416 3441 3499 3496 in-

1922 3540 2133 3596 super:
2187 3544 2205 3577 ι
2233 3526 2461 3580 Multum
2500 3527 2650 3582 enim
2695 3528 2884 3584 ditl‘crt
2925 3546 3250 3601 persuasum
3296 3534 3500 3591 habere

1921 3617 2067 3686 quod
2100 3616 2309 3687 aliquid
2330 3628 2416 3672 est
2442 3627 2500 3673 et
2530 3635 2693 3675 nosse
2716 3620 2980 3691 quidnam
3016 3623 3121 3678 hoc
3150 3625 3243 3692 sit,
3266 3645 3283 3677 ι
3326 3627 3380 3681 id
3414 3636 3501 3683 est

1923 3711 2157 3765 multum
2207 3711 2397 3765 dill‘ert
2446 3712 2515 3767 de
2551 3728 2609 3768 re
2650 3714 2834 3783 aliqua
2867 3716 3013 3785 quod
3048 3717 3120 3773 sit
3177 3735 3499 3788 persuasum

1923 3802 2129 3859 habere
2177 3816 2235 3857 et
2267 3812 2475 3858 certam
2504 3814 2563 3859 et
2607 3816 2926 3861 accuratam
2964 3809 3218 3864 essentia:
3251 3811 3372 3882 ejus
3398 3828 3499 3865 no-

1924 3896 2132 3952 tionem
2184 3905 2394 3953 tenere.
2450 3898 2573 3953 Noli
2630 3899 2821 3969 igitur,
2866 3900 3067 3971 inquit,
3104 3917 3229 3958 cum
3274 3921 3378 3959 nos
3432 3922 3500 3959 ex

1921 3988 2065 4043 bona
2096 3988 2203 4045 ﬁde
2246 3988 2455 4062 percipi
2504 3989 2745 4046 divinam
2793 3994 3089 4049 essentiam
3131 4011 3291 4066 posse
3330 4012 3500 4067 nege-

1922 4097 2064 4145 mus,
2088 4096 2402 4137 sermonem
2432 4083 2667 4153 maligne
2699 4084 2755 4139 in
2784 4085 2958 4154 ipsam
2988 4086 3351 4143 substantiam
3383 4099 3498 4144 tor-

1919 4189 2113 4244 quere,
2138 4182 2399 4245 tanquam
2420 4191 2542 4230 eam
2566 4176 2824 4233 videlicet
2852 4178 3344 4251 imperceptibilcm
3379 4197 3500 4237 esse

1920 4277 2249 4335 statuamus,
2300 4284 2409 4323 neu
2465 4268 2591 4324 inde
2638 4285 2740 4326 nos
2791 4272 2964 4327 Deum
3005 4274 3317 4345 negandum
3362 4292 3501 4346 prac-

1919 4360 2104 4416 dicare
2159 4361 2481 4418 conctudas.
2544 4363 2613 4418 Et
2663 4365 2830 4434 paulo
2875 4374 2997 4436 post
3040 4366 3304 4437 subjicit:
3354 4367 3496 4434 Quid

1918 4453 2065 4506 enim
2108 4468 2229 4507 esse
2278 4469 2473 4511 censes
2518 4455 2718 4521 Deum,
2771 4458 2817 4511 si
2863 4458 3085 4527 quidem
3137 4459 3499 4515 rationalibus
3606 4444 3609 4449 v

226 4550 577 4623 πρεσϐεύειν.
610 4549 719 4602 Καὶ
746 4545 886 4617 μετά
923 4546 1047 4598 τινὰ
1074 4560 1266 4615 φησιν,
1295 4542 1361 4594 Τί
1389 4542 1496 4611 γὰρ
1546 4538 1806 4611 ὑπολήψῃ

1917 4546 2075 4623 plane
2115 4545 2506 4603 instrumentis
2550 4548 2714 4604 ﬁdem
2745 4549 2977 4605 habebis
3012 4552 3141 4621 (hoc
3184 4561 3269 4607 est
3302 4554 3347 4606 si
3383 4569 3499 4608 scr-

224 4644 282 4697 τὸ
340 4644 522 4706 Θεῖον,
581 4642 738 4712 εἴπερ
788 4639 925 4702 ὅλως
994 4639 1115 4700 ταῖς
1181 4636 1431 4704 λογικαῖς
1496 4630 1808 4695 πιστεύσεις

225 4736 438 4805 ἐφόδοις
489 4732 812 4804 (τουτέστιν,
852 4732 903 4785 εί
946 4730 1053 4785 οἴει
1116 4728 1194 4800 τῷ
1256 4728 1401 4799 λόγῳ
1441 4726 1806 4805 ’περιτρέχων

225 4827 595 4882 ὲναποκλείειν
627 4824 828 4894 γνώσει
864 4823 971 4878 τινὶ
1011 4821 1272 4877 δύνασθαι
1310 4819 1371 4872 τὸ
1419 4817 1803 4889 ζητούμενον);

232 4940 250 4974 ι
285 4922 524 4992 Πότερον
551 4918 713 4991 σῶμα
743 4917 925 4989 (191
952 4916 1004 4987 α)
1056 4912 1382 4987 (τουτέστιν,
1412 4906 1562 4982 Ἀρα
1585 4908 1804 4981 σῶμα);

226 5014 335 5070 Καὶ
367 5012 487 5078 πῶς
520 5012 585 5067 τὸ
637 5010 867 5082 ἄπειρον
911 5008 1005 5063 καὶ
1056 5007 1316 5079 ἀόριστον
1350 5004 1448 5058 καὶ
1495 5001 1807 5073 ἀσχημάτι-

225 5124 347 5162 στον
380 5108 475 5161 καὶ
507 5104 713 5174 ἀναφὲς
747 5103 842 5157 καὶ
864 5101 1135 5173 άόρστονς
1175 5117 1194 5151 ι
1231 5099 1322 5152 ἴνα
1363 5096 1803 5167 σαφηνιζὸμενον

225 5202 409 5274 νοηθῇ,
459 5199 634 5262 οὑτως
676 5196 787 5251 τῶν
835 5194 1034 5249 κοινῶν
1069 5190 1293 5247 ὲννοιῶν
1356 5187 1803 5261 κεκρατηκυιῶν,

226 5293 446 5365 ἄπειρον
473 5287 613 5345 εἶναι
641 5289 702 5343 τὸ
739 5290 916 5352 Θεῖον,
964 5288 1102 5358 ὅπερ
1142 5284 1262 5337 ἐστὶ
1292 5282 1466 5353 πέρας
1504 5280 1592 5351 ,μὴ
1631 5279 1797 5350 ἔχειν.

224 5388 393 5441 Τοῦτο
418 5386 529 5457 γὰρ
554 5383 649 5438 τοῦ
678 5382 906 5454 τέτρασι
930 5377 1320 5450 διειλημμένου
1370 5374 1609 5446 πέρασιν
1643 5374 1796 5439 ἴδιον,

224 5482 434 5552 κέντρῳ
467 5479 562 5532 καὶ
594 5479 853 5548 γραμμῇ,
890 5471 1184 5543 ἐπιφανείᾳ
1229 5470 1325 5524 καὶ
1357 5466 1582 5538 στερεῷ,
1620 5466 1790 5538 πρόσο

293 5639 368 5711 (ι)
399 5638 547 5711 Idem
577 5636 701 5711 ibid-
735 5649 857 5704 cap.
971 5647 1026 5702 ρ.
1058 5630 1184 5711 λέξις

1919 4650 2080 4688 mone
2106 4635 2549 4691 circumveniens
2576 4639 2723 4706 quod
2749 4639 3019 4707 quaeritur
3044 4656 3205 4710 posse
3231 4642 3285 4696 in
3310 4643 3493 4713 aliqua

1913 4726 2231 4797 cognitione
2285 4727 2492 4783 includi
2526 4729 2748 4799 putas)?
2810 4750 2828 4781 ι
2857 4727 3145 4801 Corpusne
3190 4733 3320 4802 (hoc
3383 4745 3490 4800 est,

1912 4817 2054 4875 Num
2086 4820 2359 4892 corpus)?
2392 4820 2458 4875 Et
2487 4836 2727 4891 quonam
2761 4838 2893 4895 ergo
2920 4825 3085 4880 modo
3111 4827 3203 4896 qui
3242 4826 3493 4882 inﬁnitus

1910 4920 1968 4966 et
2004 4911 2397 4969 interminatus
2447 4922 2503 4969 et
2544 4914 2896 4988 inﬂguratus,
2954 4917 3049 4987 qui
3092 4916 3333 4988 denique
3385 4936 3491 4976 nec

1914 5005 2059 5076 tangi
2105 5021 2208 5061 nec
2238 5007 2414 5063 oculis
2466 5010 2620 5064 cerni
2656 5010 2883 5081 potest?
2915 5030 2933 5062 ι
2974 5020 3034 5065 ιιι
3064 5011 3168 5065 hoc
3197 5012 3361 5067 modo
3393 5013 3489 5068 de-

1914 5106 2278 5153 monstratum
2340 5099 2713 5172 intelligatur,
2768 5101 2918 5172 quod
2976 5117 3300 5157 communes
3351 5105 3488 5159 adeo

1911 5190 2170 5246 notiones
2204 5190 2489 5257 evincunt,
2517 5191 2793 5247 inﬁnitum
2826 5208 2950 5249 esse
2992 5194 3186 5259 Deum,
3224 5194 3370 5265 quod
3405 5206 3489 5250 est

1912 5284 2212 5338 terminum
2245 5298 2356 5337 non
2378 5282 2604 5338 habere.
2641 5281 2756 5339 lloc
2780 5284 2926 5339 enim
2961 5284 3237 5356 peculiare
3264 5294 3349 5340 est
3369 5286 3488 5357 ejus

1908 5373 2057 5445 quod
2092 5381 2331 5443 quatuor
2374 5372 2697 5428 distinctum
2726 5385 2811 5429 est
2848 5375 3120 5437 terminis,
3173 5383 3378 5445 puncto
3432 5385 3487 5429 ct

1908 5469 2075 5535 linea,
2111 5466 2404 5537 superﬁcie
2428 5476 2484 5523 et
2510 5467 2707 5536 solido,
2745 5478 3012 5540 przetcrca
3045 5468 3227 5525 trilms
3262 5484 3483 5538 quoque

294 5694 365 5779 (Ιὶ
396 5710 545 5765 Idem
578 5708 698 5761 ibid.
733 5694 852 5775 cap.
886 5694 939 5769 7,
974 5694 1036 5771 'p.
1083 5702 1205 5767 500,
1243 5698 1332 5755 ed.
1363 5697 1566 5754 Bencd.
1600 5694 1735 5766 Opp.
1771 5705 1900 5749 tom.
1936 5695 1973 5760 l.
