4026 6288
488 296 616 363 Ῑέξθί
1656 296 1714 356 S.
1755 294 2046 357 ΜᾹΧῙΜΙ
2085 295 2101 355 (

2212 295 2594 358 iFESSORIS
3619 287 3764 355 1232

485 407 793 477 distantiis,
847 406 1195 479 longitudine
1243 413 1300 462 et
1341 405 1634 461 latitudine
1667 414 1722 460 et
1753 404 2068 468 altitudine,

2212 421 2258 459 ιι
2289 405 2345 459 δὲ
2388 407 2484 460 καὶ
2521 403 2856 475 διαστήμασι
2899 401 3067 478 τρισὶ,
3100 403 3267 474 μήκει
3294 401 3393 456 καὶ
3437 401 3638 456 πλάτει
3666 405 3796 455 καὶ⁴

485 517 609 573 qum
646 502 778 573 ipsa:
804 501 1008 556 iterum
1042 515 1138 555 sex
1173 500 1429 555 terminis
1461 499 1881 564 discernuntur,
1924 513 2068 567 quo-

2212 497 2352 561 άθει,
2385 499 2484 551 καὶ
2512 497 2697 561 αὐτοῖς
2722 494 2782 561 ἓξ
2804 488 3210 569 διειλημμένοις
3237 494 3500 565 πέρασιν,
3521 494 3766 547 ἑκάστου

489 607 612 646 rum
661 589 1043 661 unusquisque
1095 588 1360 644 videlicet
1413 588 1634 643 duobus
1673 587 1962 652 deﬁnitur,
2008 594 2069 640 ut

2212 590 2430 662 ηλονότι
2473 589 2595 644 δυσὶ
2628 589 3136 663 περιγραφομένου,
3171 583 3284 642 οἷον
3332 589 3399 640 τὸ
3431 589 3536 658 μὲν
3585 589 3768 658 μῆκος

488 680 780 751 longitudo
825 679 1119 751 superiore
1151 688 1210 735 et
1239 679 1535 745 inferiore,
1568 678 1805 734 latitudo
1838 677 2070 734 dextero

2212 683 2252 755 ᾦ
2282 684 2396 739 άνω
2424 699 2484 737 τε
2541 682 2638 738 καὶ
2675 682 2754 752 τῷ
2786 681 2962 748 κάτω,
3015 681 3077 736 τὸ
3118 681 3177 735 δὲ
3217 679 3423 744 πλάτος
3477 677 3562 748 τῷ
3598 676 3768 747 δεξιῷ

487 783 546 828 et
592 774 754 838 laevo,
811 771 1048 828 altitudo
1094 772 1364 828 anteriori
1403 771 1642 828 termino
1670 779 1728 826 et
1750 769 2068 842 posteriori.

2212 775 2266 829 al.
2291 773 2372 845 τῷ
2395 771 2695 847 ἀριστερῷ,
2723 772 2787 827 τὸ
2807 772 2864 826 δὲ
2885 771 3051 843 βάθος
3083 769 3165 841 τῷ
3191 770 3405 841 ἐμπρὸς
3435 770 3642 839 πέρατι
3667 769 3770 821 καὶ

488 867 670 937 Atque
702 867 926 932 iterum,
957 881 1084 922 cum
1121 865 1329 922 eaedem
1359 879 1682 922 communes
1705 863 1960 920 notiones
1985 863 2072 918 in-

2212 868 2254 940 ῷ
2290 867 2487 923 ὀπίσω.
2529 868 2642 922 Καὶ
2699 866 2883 931 πάλιν,
2934 865 3046 919 τῶν
3074 863 3254 918 αὐτῶν
3292 862 3492 915 κοινῶν
3545 858 3771 913 ἐννοιῶν

492 960 786 1015 deﬁnitum
819 961 995 1016 Deum
1025 973 1149 1016 esse
1180 959 1488 1026 insinuent,
1516 958 1624 1014 hoc
1640 966 1728 1016 est
1745 973 1856 1014 non
1876 972 2074 1029 capere

2212 963 2439 1032 ιόριστον
2487 960 2579 1015 τὸν
2611 959 2744 1014 Θεὸν
2788 956 3147 1028 είσαγουσῶν,
3179 956 3428 1010 τουτέστι
3470 953 3552 1024 μὴ
3581 951 3772 1004 ἐπιδε-

492 1053 712 1123 plenam
749 1067 818 1107 ex
851 1052 1187 1123 quibusnam
1227 1059 1446 1108 constet
1487 1051 1799 1124 subjectum
1831 1051 2076 1122 explica-

2212 1055 2403 1126 όμενον
2438 1051 2848 1119 διεξοδεύουσαν
2901 1047 3204 1114 ἀνάπτυξιν
3234 1089 3250 1112 ,
3300 1048 3366 1101 ἐκ
3413 1046 3587 1099 τίνων
3646 1059 3771 1095 συν-

494 1145 722 1208 tionem,
755 1159 860 1200 nec
882 1144 1056 1214 magis
1085 1143 1379 1201 admittere
1404 1143 1460 1199 in
1483 1145 1606 1200 loco
1631 1143 2074 1208 collocationem,

2212 1163 2378 1219 στηκε
2408 1146 2470 1202 τὸ
2501 1145 2887 1217 ὑποκείμενον,
2912 1146 3047 1216 μήτε
3069 1142 3176 1215 μὴν
3201 1141 3300 1212 τὴν
3327 1141 3388 1194 ὲν
3412 1138 3574 1208 τόπῳ
3589 1136 3764 1198 θέσιν,

492 1241 589 1289 aut
619 1235 759 1288 intra
799 1243 1020 1303 tempus
1050 1233 1272 1289 initium
1301 1234 1391 1289 vel
1424 1235 1615 1301 linem,
1648 1233 1879 1304 insuper
1907 1233 2076 1289 etiam

2212 1271 2215 1312 ι
2242 1242 2342 1314 τὴν
2362 1241 2423 1294 ἑν
2447 1240 2630 1312 χρόνῳ
2659 1238 2838 1311 ἀρχὴν
2880 1237 2915 1309 ἢ
2945 1235 3123 1301 τέλος,
3181 1232 3410 1305 προσέτι
3457 1231 3562 1286 καὶ
3593 1231 3768 1298 άσχηο

494 1326 875 1398 inﬁguratum,
903 1335 966 1381 ut
998 1327 1094 1397 qui
1137 1341 1249 1382 non
1289 1327 1555 1399 globosus
1577 1333 1664 1383 est
1687 1335 1782 1383 aut
1806 1326 2080 1398 quadran-

2212 1331 2469 1397 ιάτιστον,
2497 1324 2612 1402 οἷον
2639 1329 2724 1383 ὅτι
2767 1327 2830 1381 οὐ
2873 1324 3216 1398 σφαιροειδὲς
3263 1323 3298 1396 ἢ
3347 1318 3764 1393 τετράγωνονῆ

493 1418 656 1487 gulus
689 1426 786 1473 aut
827 1426 1050 1476 erectus
1081 1426 1178 1474 aut
1208 1418 1473 1475 deorsum
1498 1434 1755 1492 vergens,
1789 1419 1924 1490 quin
1943 1423 2080 1476 'eum

2212 1423 2367 1494 ιρθιον
2398 1421 2433 1494 ἢ
2462 1422 2614 1476 κάτω
2653 1418 2928 1485 νενευκὸς,
2977 1418 3069 1471 ναὶ
3103 1417 3211 1488 μὴν
3246 1415 3344 1468 καὶ
3389 1412 3617 1480 ἀναφὲς
3679 1412 3765 1462 καὶ

493 1509 660 1565 etiam
697 1517 904 1567 tactum
952 1521 1012 1567 et
1057 1513 1242 1568 visum
1303 1511 1519 1584 fugere,
1564 1527 1692 1569 cum
1726 1511 1916 1567 sensui
1969 1526 2083 1566 non

2212 1515 2456 1588 ιόρατον,“
2489 1514 2566 1579 ὡς
2612 1514 2866 1585 αἰσθήσει
2923 1512 3000 1583 μὴ
3053 1509 3362 1566 ὕποπίπτον
3421 1505 3634 1579 (ταῦτα
3663 1503 3760 1573 γάρ

494 1601 776 1673 subjaceat
826 1603 967 1674 (haec
1001 1603 1153 1659 enim
1187 1619 1485 1676 corporum
1521 1614 1652 1661 sunt
1682 1603 1956 1677 propria),
1987 1604 2088 1660 ab-

2212 1602 2458 1673 ιωμάτων
2489 1599 2646 1672 tam),
2691 1601 3014 1674 παράλογον
3059 1600 3125 1653 ἐκ
3172 1599 3282 1652 τῶν
3324 1593 3772 1651 ἀνασκευασθέν-

494 1693 727 1748 surdum
757 1703 843 1749 est
872 1710 941 1750 ex
976 1696 1060 1751 eis
1100 1711 1224 1767 quae
1261 1696 1570 1753 evertimus
1596 1697 1847 1753 divinum
1882 1713 2087 1768 corpus

2212 1712 2297 1750 nov
2331 1694 2692 1766 ὑπειληφέναι
2727 1696 2791 1748 τὸ
2818 1693 2966 1749 θεῖον
2997 1689 3143 1749 εἶναι
3169 1693 3329 1764 σῶμα
3365 1691 3468 1744 καὶ
3521 1690 3772 1758 ἀνάγκην

493 1798 641 1851 esse,
691 1793 860 1855 atque
895 1785 953 1840 in
1005 1793 1086 1842 tot
1138 1801 1368 1843 necesse
1406 1785 1617 1842 habere
1653 1786 1828 1842 dividi
1853 1787 1911 1842 in
1951 1795 2088 1856 quot

2212 1805 2335 1862 χειν
2367 1789 2448 1854 είς
2471 1788 2712 1844 τοσαῦτα
2742 1787 3062 1860 μερίζεσθαι
3081 1789 3162 1851 είς
3188 1787 3288 1841 ὅσα
3310 1785 3481 1840 πάλιν
3509 1784 3595 1847 ὡς
3624 1782 3776 1852 σῶμα

497 1890 716 1931 rursum
743 1916 760 1942 ,
808 1885 872 1932 ut
910 1891 1136 1948 corpus,
1177 1877 1556 1943 contrahatur,
1597 1876 1905 1950 collegisse.
1937 1877 2088 1933 Indi-

2212 1880 2510 1950 ιυνάγεται.
2559 1881 2792 1952 Ἀμερὲς
2817 1879 2928 1952 γάρ
2963 1877 3140 1950 πάντη
3169 1878 3232 1932 τὸ
3287 1877 3452 1931 Θεῖόν
3488 1877 3670 1939 ἐστιν,
3695 1875 3776 1927 ὃτι

494 1966 702 2023 viduus
745 1966 894 2023 enim
928 1967 1091 2038 plane
1125 1975 1212 2023 est
1245 1968 1412 2034 Deus,
1447 1967 1578 2039 quia
1619 1976 1678 2024 et
1706 1969 1871 2040 plane
1915 1983 2092 2039 quan-

497 2060 673 2116 titatis
700 2075 936 2132 expers;
971 2061 1304 2132 quantitatis
1323 2070 1508 2118 autem
1532 2062 1698 2133 plane
1719 2077 1937 2133 expers,
1961 2064 2090 2133 quia

496 2160 554 2207 et
584 2152 875 2223 qualitatis
915 2153 1079 2225 plane
1113 2167 1350 2224 expers;
1383 2153 1670 2224 qualitatis
1697 2163 1880 2210 autem
1928 2156 2092 2226 plane

505 2260 724 2316 expers,
763 2246 896 2316 quia
942 2253 1002 2301 et
1043 2246 1275 2300 omnino
1326 2244 1603 2317 simplex;
1646 2246 1881 2317 simplex
1906 2254 2091 2302 autem

497 2339 681 2410 plane,
721 2338 870 2410 quod
901 2338 1132 2394 omnino
1175 2352 1287 2393 non
1318 2337 1528 2406 distat;
1560 2337 1731 2395 distat
1757 2349 1943 2396 autem
1971 2355 2093 2395 om-

498 2434 635 2489 nino
667 2432 818 2504 quod
868 2447 1102 2504 prorsus
1143 2431 1397 2488 inﬁnitus
1439 2439 1563 2492 est:
1605 2433 1858 2492 inﬁnitus
1907 2441 2093 2491 autem

497 2533 585 2582 est
613 2541 868 2598 prorsus,
891 2525 1042 2597 quod
1073 2535 1130 2582 et
1155 2539 1387 2598 prorsus
1407 2525 1709 2582 immobilis
1726 2526 2094 2598 (nequaquam

497 2619 650 2675 enim
709 2629 968 2676 movetur
1021 2619 1170 2692 quod
1212 2635 1325 2675 non
1377 2618 1546 2678 habet
1593 2619 1692 2676 ubi
1742 2619 2094 2693 moveatur);

501 2713 806 2770 immobilis
836 2721 1023 2770 autem
1053 2713 1239 2785 plane,
1287 2712 1437 2784 quod
1472 2720 1530 2768 et
1557 2711 1720 2769 initio
1752 2713 1980 2769 omnino
2011 2727 2101 2769 ea.

501 2815 587 2862 ret
629 2805 791 2878 (nihil
833 2805 982 2862 enim
1009 2813 1139 2862 ante
1171 2821 1231 2862 se
1251 2805 1420 2862 habet
1445 2820 1546 2862 seu
1570 2807 1771 2879 majus,
1800 2806 1940 2864 nihil
1970 2823 2099 2864 cum

501 2912 561 2977 se
595 2898 716 2970 ipso
761 2913 862 2954 seu
891 2897 1126 2970 aequale,
1164 2897 1307 2953 nihil
1336 2906 1464 2969 post
1501 2911 1584 2966 se,
1614 2898 1833 2970 quodve
1858 2899 2100 2965 conferri

500 2996 599 3045 aut
653 3004 851 3061 capere
903 2991 1083 3062 ipsum
1131 2991 1370 3062 possit);
1429 2992 1593 3048 initio
1635 3000 1823 3049 autem
1871 2995 2100 3050 omnino

502 3090 677 3149 caret,
709 3071 859 3154 quod
887 3089 946 3138 et
978 3083 1260 3156 ingenitus
1290 3092 1376 3140 est
1404 3085 1589 3156 plane,
1612 3083 1892 3158 ingenitus
1916 3095 2100 3142 autem

2191 1975 2290 2030 καὶ
2315 1972 2603 2038 παντελῶς
2631 1974 2861 2037 άποσον,
2895 1971 3101 2027 άποσον
3125 1970 3184 2026 δὲ
3211 1967 3524 2030 παντελῶς,
3560 1967 3652 2020 ὅτι
3687 1965 3778 2017 καὶ

2192 2065 2480 2131 παντελῶς
2509 2068 2720 2131 ἄποιον,
2738 2067 2932 2122 ἄποιον
2957 2065 3016 2120 δὲ
3043 2061 3347 2125 παντελῶς,
3365 2060 3453 2113 ὅτι
3474 2057 3579 2112 καὶ
3605 2054 3780 2124 πάντη

2193 2159 2422 2226 ἁπλοῦν,
2452 2158 2660 2214 ἀπλοῦν
2687 2159 2746 2215 δὲ
2765 2159 2964 2230 πάντη,
2991 2158 3074 2210 ὅτι
3101 2156 3198 2211 καὶ
3213 2154 3550 2209 ἀδιάστατον
3579 2147 3780 2218 enim,

2192 2253 2521 2309 ἀδιάστατον
2543 2254 2602 2310 δὲ
2633 2253 2813 2323 πάντη
2863 2253 2946 2308 ὅτι
2975 2253 3065 2307 καὶ
3105 2251 3286 2320 πάντη
3331 2247 3597 2316 ἄπειρον,
3635 2243 3785 2297 ἄπει-

2196 2361 2292 2418 ρον
2319 2345 2377 2401 δὲ
2411 2344 2612 2419 πάντη.
2643 2347 2726 2400 ὅτι
2755 2346 2852 2400 καὶ
2895 2343 3072 2415 πάντη
3100 2341 3366 2412 ἀκίνητον
3415 2337 3508 2407 (οὐ
3546 2335 3784 2389 κινεῖται

2193 2437 2306 2510 γὰρ
2334 2437 2510 2512 πάντη
2540 2439 2761 2493 πώποτε
2789 2439 2853 2492 τὸ
2882 2436 2959 2510 μὴ
2987 2438 3113 2508 ἔχον
3148 2433 3255 2490 ποῦ
3281 2429 3635 2504 κινηθῆναι),
3673 2427 3788 2482 ἀκίο

2196 2548 2363 2603 νητον
2381 2531 2440 2586 δὲ
2463 2532 2666 2603 πάντη,
2689 2533 2772 2586 ὅτι
2799 2532 2896 2585 καὶ
2912 2528 3195 2589 παντελῶς
3243 2525 3423 2597 (19],
3459 2525 3515 2593 ὁ.)
3550 2521 3790 2591 ἄναρχον

2198 2623 2281 2694 (οὐ
2313 2623 2424 2697 γὰρ
2449 2622 2564 2696 ἔχει
2595 2640 2648 2678 τι
2694 2621 2802 2693 πρὸ
2831 2619 2998 2676 αὑτοῦ
3032 2619 3129 2675 καὶ
3170 2616 3377 2690 μεῖζον,
3422 2612 3558 2667 οὔτε
3601 2628 3661 2664 τι
3694 2609 3788 2662 σὺν

2199 2717 2351 2790 αὑτῷ
2375 2717 2471 2771 καὶ
2503 2717 2643 2782 ἴσον,
2667 2714 2794 2770 οὔτε
2834 2733 2888 2768 τι
2922 2714 3040 2786 μετ’
3065 2711 3219 2778 αὐτὸ,
3261 2708 3356 2764 καὶ
3393 2701 3781 2777 παραμετρεῖ-

2201 2809 2326 2866 σθαι
2357 2809 2450 2863 καὶ
2481 2811 2684 2881 χωρεῖν
2708 2807 2842 2863 αὐτὸ
2859 2804 3202 2877 δυνάμενον),
3227 2803 3473 2872 ἄναρχον
3492 2797 3557 2852 δὲ
3589 2797 3790 2864 πάντη,

2199 2904 2284 2959 ὅτι
2313 2902 2409 2958 καὶ
2427 2902 2726 2973 ἀγέννητον
2740 2901 2942 2970 πάντη,
2960 2897 3258 2968 ἀγέννητον
3275 2893 3333 2946 δὶ
3354 2892 3567 2962 πάντη,
3597 2888 3684 2942 ὃτι
3699 2886 3792 2940 καὶ

2202 2992 2484 3058 παντελῶς
2519 2990 2577 3047 ἓν
2607 2993 2703 3046 καὶ
2738 2989 3068 3063 μονῶτατον,
3107 2989 3166 3045 ἓν
3197 2986 3254 3041 δὲ
3275 2987 3455 3056 πάντη
3490 2983 3592 3037 καὶ
3620 2978 3795 3052 μονώ·

2201 3100 2388 3152 τατον,
2417 3085 2498 3139 ὅτι
2523 3083 2619 3138 καὶ
2646 3082 2929 3147 παντελῶς
2952 3082 3201 3154 ἄσχετον,
3227 3079 3324 3134 καὶ
3346 3076 3438 3131 διὰ
3467 3074 3639 3129 τοῦτο
3661 3089 3792 3125 παν-

504 3175 688 3246 plane,
723 3174 874 3246 quod
907 3185 964 3232 et
995 3177 1225 3232 omnino
1251 3192 1398 3233 unus
1426 3185 1484 3234 et
1515 3177 1699 3246 solus;
1731 3192 1874 3233 unus
1913 3185 2100 3233 autem

2212 3179 2446 3233 τάπασιν
2480 3176 2722 3251 άρῤητόν
2763 3193 2826 3230 τε
2876 3175 2972 3231 καὶ
3003 3175 3300 3246 ἄγνωστον,
3337 3169 3436 3225 καὶ
3479 3169 3669 3237 πάσης
3693 3165 3796 3234 ἐἰς

505 3268 731 3322 omnino
762 3276 819 3323 et
866 3270 1041 3336 solus,
1077 3270 1226 3342 quod
1277 3280 1336 3326 et
1364 3269 1592 3326 omnino
1627 3279 1778 3326 caret
1810 3271 2101 3327 aﬁ'ectione

2212 3271 2318 3326 τῶν
2367 3271 2456 3326 ἐπ’
2487 3271 2622 3327 αὐτὸ
2662 3269 2847 3335 καλῶς
2876 3283 2936 3326 τε
2960 3269 3057 3322 καὶ
3079 3264 3402 3339 θεοπρεπῶς
3448 3259 3796 3330 κινουμένων

505 3369 563 3416 et
608 3361 899 3428 relatione,
952 3369 1010 3416 et
1065 3361 1137 3417 ob
1175 3361 1284 3418 hoc
1333 3361 1558 3433 penitus
1597 3360 1898 3417 ineﬁ‘abilis
1921 3370 1978 3417 et
2020 3361 2101 3416 in-

2212 3364 2467 3436 γνώσεως
2509 3365 2686 3437 πέρας
2713 3363 3048 3438 μονῶτατον,
3088 3359 3185 3416 καὶ
3239 3355 3566 3432 μονωτάτην
3597 3351 3794 3422 γνῶσιν

508 3454 787 3526 cognitus,
835 3453 1129 3525 omnisque
1162 3468 1356 3509 eorum
1393 3452 1490 3524 qui
1521 3451 1696 3523 probe
1741 3461 1798 3508 et
1828 3452 1943 3512 Deo
1970 3468 2101 3510 con-

2212 3457 2335 3530 ἓχον
2379 3457 2555 3531 ἀληθῆ
2598 3457 2662 3512 τὸ
2704 3457 2780 3530 μὴ
2817 3453 3204 3527 γινώσκεσθαι.

510 3545 799 3601 venienter
847 3544 918 3601 ad
979 3559 1109 3602 eum
1154 3554 1560 3616 promoventur
1603 3543 1936 3618 cognitionis
1978 3543 2106 3603 ﬁnis
2143 3549 2366 3618 unicus,
2401 3559 2458 3606 ct
2483 3550 2704 3606 unicam
2771 3547 3148 3620 cognitionem
3178 3556 3368 3600 veram
3416 3537 3639 3595 habens
3670 3547 3788 3590 eam

511 3638 662 3710 quod
706 3653 820 3694 non
866 3637 1044 3710 possit
1066 3638 1346 3712 cognosci.

2222 3827 2326 3883 Ἕκ
2346 3823 2459 3880 τοῦ
2481 3821 2672 3879 αὐτοῦ
2705 3819 2916 3891 λόγου,
2936 3822 3025 3886 εἰς
3056 3815 3149 3883 τὸ,
3183 3833 3203 3869 ι
3239 3815 3312 3870 ει
3343 3811 3457 3885 τὰρ
3497 3811 3570 3867 τὸ
3601 3809 3689 3882 μὴ
3719 3809 3790 3863 ὃν

2277 3915 2572 3988 οὐδαμοῦ,
2610 3914 2678 3970 τὸ
2718 3911 3002 3984 μηδαμοῦ
3056 3909 3249 3979 τυχὸν
3297 3904 3445 3962 οὐδὲ
3478 3903 3577 3971 ὄν,
3618 3905 3673 3957 ei
3722 3899 3792 3954 δὲ

2273 4013 2412 4067 ἐστι
2462 4025 2606 4076 που,
2664 4005 2926 4071 πάντως,
2989 4001 3236 4072 ἐπείπερ
3277 3999 3472 4064 ἐστιν,
3522 3995 3564 4066 ἢ
3597 3995 3670 4050 ἐν
3711 3991 3792 4060 τῷ

2222 4110 2227 4118 ‘
2273 4101 2479 4170 παντί,
2513 4102 2553 4172 ἢ
2575 4099 2733 4169 ὑπὲρ
2758 4097 2828 4153 τὸ
2854 4096 2980 4152 πᾶν
3016 4095 3117 4167 (5).

2279 4219 2362 4272 Δι’
2395 4217 2464 4290 ἢν
2500 4213 2706 4282 αίτίαν,
2739 4212 2872 4276 ίσως
2899 4213 2928 4265 ὸ
2958 4207 3174 4264 ἀκούων
3204 4207 3343 4280 ipsi,
3365 4205 3478 4278 Τὴν
3512 4203 3796 4274 ἀντιστρο-

517 4308 734 4363 sionem
783 4306 1082 4378 ancipitem
1123 4307 1388 4380 magister
1436 4307 1646 4380 posuit,
1697 4307 1890 4364 addito
1941 4327 1959 4362 ι
1991 4308 2101 4364 for-

2212 4311 2320 4384 φὴν
2369 4305 2674 4380 ἀμφίϐολον
2733 4303 2762 4355 ὁ
2810 4300 3131 4364 διδάσκαλος
3185 4298 3359 4360 ἔθετο,
3419 4295 3689 4368 προσθεὶς
3735 4293 3795 4346 τὸ

519 4411 666 4454 tasse
690 4417 709 4450 ι
735 4399 1005 4454 adverbio
1021 4401 1045 4453 ?
1062 4415 1190 4456 cum
1217 4399 1286 4457 de
1313 4399 1681 4457 rationalibus
1703 4401 2101 4473 suppositioni-

2216 4423 2236 4458 ι
2273 4400 2438 4475 τυχὸν
2476 4420 2496 4454 ι
2549 4398 2862 4471 ἐπίρρημα,
2903 4395 3039 4448 πᾶσι
3092 4391 3254 4463 δήλου
3292 4389 3470 4455 δντος,
3511 4389 3658 4442 κατά
3701 4385 3797 4448 τὰς

520 4493 626 4548 bus
649 4508 812 4548 nemo
829 4508 940 4548 non
967 4493 1188 4551 dubitet
1210 4495 1346 4566 quin
1365 4497 1490 4568 jure
1513 4497 1742 4552 omnino
1765 4496 2101 4552 concedatur

2212 4495 2436 4568 λογικάς
2459 4491 2771 4556 ὑποθέσεις,
2801 4488 2921 4554 τοῦ,
2965 4486 3026 4542 τὸ
3066 4480 3324 4558 μηδαμοῦ
3355 4482 3416 4536 ὃν
3465 4480 3605 4553 μηδὲ
3634 4475 3798 4538 εἶναι.

522 4583 577 4638 id
633 4599 748 4640 non
804 4578 945 4642 esse”
978 4587 1132 4658 quod
1183 4603 1460 4659 nusquam
1513 4587 1604 4644 sit.
1651 4587 1754 4644 Cui
1799 4603 1903 4660 pro
1948 4587 2101 4644 exilis

2212 4589 2441 4653 δικαίως
2471 4585 2823 4640 παντάπασιν
2850 4579 3254 4653 ὁμολογεῖσθαι.
3308 4575 3454 4649 Πρὸς
3483 4573 3546 4628 δν
3580 4571 3723 4626 κο.τά
3742 4571 3800 4624 τὸ

521 4687 723 4733 nostra:
740 4675 1120 4750 intelligentia:
1139 4679 1443 4751 indigentia
1460 4679 1944 4752 respondebimus,
1960 4680 2101 4752 quod

2212 4679 2315 4750 τῆς
2353 4677 2581 4750 πτωχῆς
2629 4673 2790 4747 ἡμῶν
2838 4671 3080 4735 διανοίας
3135 4665 3349 4731 ὲπιδεὲς
3401 4663 3665 4736 ἐροῦμεν,
3720 4664 3800 4715 ὅτι

523 4767 780 4825 Eunomii
812 4772 1043 4842 ejusque
1071 4771 1496 4842 discipulorum,
1543 4773 1642 4844 qui
1681 4773 1859 4830 Deum
1903 4787 1967 4829 ut
1992 4774 2101 4845 ipse

2213 4771 2481 4843 Εὐνόμιον
2518 4769 2613 4823 καὶ
2638 4768 2765 4831 τοὺς
2791 4766 2931 4838 ἀμφ’
2954 4762 3140 4830 αὑτὸν,
3169 4760 3432 4831 λέγοντας
3473 4757 3681 4812 εἰδέναι
3713 4755 3800 4808 τὸν

514 3822 600 3879 Ex
634 3824 816 3878 eodem
867 3839 1108 3879 sermone
1135 3823 1192 3879 in
1223 3822 1363 3879 illud
1392 3841 1411 3881 :
1440 3844 1460 3877 ι
1480 3823 1624 3881 Nam
1660 3826 1709 3880 si
1741 3825 1800 3882 id
1835 3825 1976 3899 quod
2005 3843 2111 3883 non

585 3926 664 3972 est
711 3933 974 3989 nusquam
999 3926 1096 3985 est,
1135 3934 1202 3973 ne
1228 3925 1306 3972 est
1344 3918 1556 3990 quidem
1590 3918 1833 3990 fortasse.
1887 3917 2110 3986 Quodsi

587 4009 782 4066 alicubi
829 4026 941 4066 esse
985 4011 1205 4076 dixeris,
1241 4009 1430 4081 procul
1467 4011 1645 4078 dubio,
1680 4012 2108 4084 quandoquidem

585 4111 685 4170 est,
722 4102 809 4158 vel
842 4104 897 4159 in
923 4105 1166 4160 universo
1215 4112 1313 4172 est,
1348 4103 1432 4160 vel
1461 4121 1627 4177 supra
1654 4106 1979 4160 universum.
2008 4125 2029 4159 ι

586 4214 705 4282 Qua
742 4215 811 4271 de
851 4231 1041 4281 causa,
1083 4216 1322 4272 audiens
1364 4215 1605 4272 fortasse
1631 4217 1872 4288 inquiet,
1907 4218 2101 4274 inver-

521 4872 580 4928 se
613 4859 796 4929 ipsum
831 4875 997 4916 nosse
1029 4860 1327 4932 iactarent,
1379 4859 1652 4915 insaniam
1693 4875 1956 4917 coercere
1988 4871 2109 4917 stu-

523 4951 661 5007 dens
693 4961 922 5024 propter
947 4951 1085 5007 tales
1110 4965 1398 5008 sermones
1425 4951 1481 5006 in
1503 4951 1768 5022 placitum
1803 4951 2108 5007 absurdum

526 5041 758 5114 redegit.
790 5045 900 5098 Aut
939 5043 1112 5109 enim,
1166 5058 1292 5098 cum
1346 5043 1522 5099 Deum
1565 5052 1826 5116 tanquam
1873 5043 1991 5114 ipse
2049 5058 2109 5100 se

527 5137 709 5204 ipsum
757 5150 921 5190 nosse
959 5135 1157 5191 dicunt
1193 5135 1571 5192 necessarium
1596 5135 1759 5207 plane
1789 5135 2017 5200 habent,
2046 5144 2110 5190 ut

487 5234 495 5244 '
527 5225 694 5280 etiam
735 5225 830 5280 ubi
864 5226 937 5280 sit
993 5242 1162 5296 quem
1211 5227 1401 5281 norint
1445 5224 1552 5298 ipsi
1579 5223 1862 5298 adjiciunt,
1900 5227 1956 5282 in
1987 5227 2108 5300 ple-

529 5329 657 5369 nam
684 5315 895 5387 cogniti
925 5316 1504 5387 comprehensionem,
1530 5325 1589 5372 et
1624 5317 1700 5373 ita
1717 5318 1859 5374 nihil
1882 5317 2111 5375 omnino

529 5409 600 5466 ab
631 5409 1017 5465 exsistentiuin
1051 5410 1166 5466 ullo
1203 5410 1508 5467 secundum
1542 5411 1693 5482 ipsos
1725 5411 1874 5468 Deus
1902 5411 2110 5479 diﬁ‘ert,

2212 4864 2348 4920 Θεὸν
2381 4864 2458 4928 ὡς
2489 4861 2653 4927 αὐτὸς
2675 4859 2893 4928 ἑαυτὸν,
2947 4857 3048 4929 τῆς
3075 4855 3281 4928 πολλῆς
3310 4855 3561 4924 ἐπισχεῖν
3607 4850 3804 4922 μανίας

2214 4956 2541 5030 βουλόμενος
2609 4953 2693 5019 είς
2753 4952 2958 5009 άτοπον
3006 4949 3169 5017 δόξαν
3219 4947 3310 5002 διὰ
3376 4944 3488 4999 τῶν
3539 4942 3804 4999 τοιούτων

2213 5045 2474 5118 ἀπήγαγε
2503 5043 2706 5114 λόγων.
2755 5043 2829 5098 Ἦ
2855 5042 2967 5116 γάρ
3014 5040 3273 5110 λέγοντας
3315 5037 3518 5092 είδέναι
3545 5035 3643 5089 τὸν
3671 5033 3802 5087 Θεὸν

2213 5138 2290 5204 ῶς
2329 5135 2497 5202 αὐτὸς
2523 5135 2742 5202 ἑαυτὸν,
2769 5135 2870 5190 καὶ
2908 5135 2970 5190 τὸ
3002 5133 3106 5188 ποῦ
3136 5132 3244 5205 χρὴ
3273 5131 3367 5187 τὸν
3392 5127 3800 5200 γινωσκόμενον

2215 5229 2358 5288 εἶναι
2408 5231 2787 5304 προσεπάγειν
2836 5228 3040 5291 αὐτοὺς
3095 5225 3318 5289 πάντως
3372 5222 3614 5293 ἀνάγκη,
3665 5222 3798 5292 πρὸς

2215 5323 2434 5380 τελείαν
2469 5321 2566 5378 τοῦ
2595 5321 3005 5394 γινωσκομένου
3020 5319 3067 5352 ’⁸
3112 5315 3444 5388 κατάληψιν,
3503 5315 3600 5368 καὶ
3647 5311 3797 5364 οὐδὲν

2217 5411 2436 5476 οὐδενὸς
2482 5411 2594 5465 τῶν
2649 5411 2822 5465 θντων
2844 5409 2907 5465 τὸ
2939 5408 3208 5483 παράπαν
3239 5407 3388 5463 οὕτω
3409 5421 3475 5476 γε
3523 5403 3795 5474 διενήνοχε

1839 5545 1927 5599 VA
1937 5546 2076 5602 ΒΙᾸΞ
2117 5545 2526 5602 LECTIONES.

621 5639 669 5671 ⁸⁸
699 5637 902 5694 Eadem
945 5654 1141 5694 manus
1171 5639 1226 5693 in
1256 5637 1382 5694 cod.
1412 5636 1557 5692 Gud.
1597 5654 1769 5709 marg.
1788 5639 1958 5696 rubro
1985 5640 2281 5713 adscripsit
2311 5640 2738 5714 σημαινομένου.

601 5756 680 5828 (3)
708 5757 857 5813 Idem
885 5758 1012 5814 ibid.
1043 5773 1164 5828 cap.
1197 5757 1287 5825 i0,
1321 5772 1378 5828 p.
1409 5754 1531 5811 502.
1563 5754 1704 5827 Opp.
1733 5757 1869 5818 edit.
1900 5758 2103 5816 Bened.
2139 5770 2271 5816 tom.
2305 5760 2348 5816 l.
