4026 6288
233 372 372 441 1233
1466 383 1985 445 AMBIGUORUM
2023 384 2274 444 LIBER.
3357 367 3494 435 1234

228 493 353 547 κατ’
382 493 579 557 αὐτοὺς
598 492 627 546 ὀ
650 491 803 556 Θεὸς,
835 490 986 563 τόπῳ
1015 493 1109 548 καὶ
1125 493 1286 556 αὐτὸς
1308 496 1804 568 περιγραφόμενος,

1914 498 2031 566 ipse
2051 497 2173 551 loco
2198 493 2679 563 circumscriptus,
2701 506 2812 562 quo
2836 491 2975 547 nihil
2996 490 3298 546 absurdius
3315 489 3486 544 foret:

222 574 294 638 οἷ
318 584 370 636 τί
394 582 594 651 γένοιτ’
625 581 692 636 ἂν
720 580 1107 654 ἀτοπώτερον;
1142 583 1175 655 ἤ
1207 584 1283 656 μὴ
1308 585 1567 654 λέγοντας
1609 586 1735 655 ποῦ,
1767 589 1802 660 ἦ

1909 594 2027 650 aut,
2072 587 2120 641 si
2175 602 2304 641 eum
2361 599 2633 654 nusquam
2665 584 2752 638 vel
2799 598 3028 652 prorsus
3071 598 3181 641 non
3220 581 3491 636 exsistere

228 674 372 744 μηδὲ
405 670 548 729 εἶναι
582 674 643 726 τὸ
678 673 900 727 σύνολον
933 674 1135 741 λέγειν,
1190 677 1332 732 κατά
1370 677 1469 749 τὴν
1512 679 1678 735 αὐτοῦ
1706 678 1804 735 τοῦ

1909 686 2188 741 statuunt,
2227 676 2537 733 secundum
2565 676 2740 745 ipsius
2771 675 3004 729 rationis
3027 674 3489 745 suppositionem,

220 767 386 835 λόγου
422 766 700 829 ὑπόθεσιν,
732 760 793 821 οὗ
815 765 870 819 τί
901 765 1118 835 γένοιτ’
1156 766 1224 822 ἂν
1264 768 1610 842 ἀθεώτερονς
1662 772 1804 841 (πῶς

1909 768 2041 838 quid
2079 768 2225 823 foret
2247 767 2421 838 magis
2449 767 2723 838 impium?
2754 766 3055 836 (quomodo
3082 765 3230 821 enim
3268 781 3491 834 compa-

222 859 337 929 γάρ
368 859 465 913 καὶ
490 859 675 931 (192
702 858 759 928 a)
796 858 849 931 τί
893 859 959 913 ἂν
992 859 1078 929 εἰη
1119 859 1179 916 τὸ
1210 860 1286 933 μὴ
1325 863 1543 926 πάντως
1601 865 1702 920 τεοῦ
1744 866 1804 920 τὸ

1910 868 2088 916 ratum
2127 868 2185 915 et
2212 860 2347 931 quid
2381 870 2531 916 esset
2562 860 2711 929 quod
2745 859 2975 914 omnino
3002 855 3204 911 alicubi
3232 872 3355 911 esse
3378 872 3490 912 non

222 944 370 1003 εἶναι
405 948 641 1021 apum
678 949 897 1014 πάντως
948 945 1091 1004 εἶναι
1137 950 1198 1017 ἐξ
1239 952 1487 1025 ἀνάγκης
1530 954 1728 1020 αὐτοὺς
1771 958 1804 1028 η

1910 950 2198 1021 haberet?)
2240 957 2337 1005 aut
2370 950 2532 1020 plane
2561 948 2875 1005 necessario
2923 962 3048 1003 esse
3079 962 3207 1002 eum
3260 944 3493 999 rationis

221 1040 527 1094 ἀκολουθία
571 1040 666 1095 τοῦ
695 1040 857 1111 λόγου
893 1041 1077 1113 λέγειν
1122 1044 1371 1116 βιάζεται
1410 1047 1505 1102 καὶ
1546 1048 1803 1121 μηδαμοῦ

221 1127 392 1197 εἶναι,
424 1133 519 1186 καὶ
566 1132 659 1187 διά
702 1132 861 1188 τοῦτο
917 1134 1059 1189 εἰναι
1122 1136 1222 1207 μὲν
1289 1139 1384 1192 καὶ
1422 1138 1691 1212 ὑπάρχειν
1746 1140 1808 1195 τὸ

221 1226 407 1291 θεῖον,
438 1225 491 1278 τί
519 1226 576 1279 δὲ
612 1221 752 1281 εἶναι
804 1228 899 1281 καί
930 1226 1198 1300 ὑπάρχειν
1229 1230 1306 1302 μὴ
1338 1230 1557 1287 εἰδέναι.
1608 1234 1671 1287 Εἰ
1696 1234 1806 1304 γὰρ

220 1313 288 1365 τι»
314 1313 419 1367 ποῦ
444 1315 504 1368 τὸ
533 1315 685 1369 Θείον
712 1312 855 1372 εἶναι
885 1319 1007 1371 κατ’
1052 1319 1251 1386 αὐτοὺς
1278 1322 1577 1391 ἄγνωστον,
1624 1323 1806 1397 πολλῷ

223 1403 435 1473 μᾶλλον
462 1406 594 1459 αύτδ
614 1407 676 1459 τὸ
708 1407 882 1472 Θείον,
910 1410 939 1461 ὅ
974 1408 1026 1462 τί
1057 1426 1190 1463 ποτε
1224 1412 1343 1465 κατ’
1389 1412 1580 1467 ούσίαν
1633 1413 1803 1480 ἐστὶν,

222 1494 644 1567 ἀγνωστότερον
668 1496 841 1551 ἔσται.
889 1497 982 1552 Διὸ
1014 1499 1151 1570 μηδὲ
1197 1518 1298 1555 που
1345 1496 1485 1555 εἶναι
1512 1502 1573 1556 τὸ
1610 1504 1686 1573 μὴ
1719 1520 1807 1572 γι-

222 1586 578 1657 νωσκόμενον
630 1588 990 1653 εύσεϐοὖντας
1056 1590 1256 1656 αὐτοὺς
1309 1592 1524 1664 ἀνάγκη
1586 1593 1806 1658 πάντως

220 1678 538 1748 ὁμολογεῖν.
565 1679 665 1733 Διά
693 1679 921 1753 ταύτην,
960 1679 1037 1745 ὡς
1087 1677 1265 1753 οἶμαι,
1304 1683 1405 1755 τὴν
1458 1683 1640 1739 αἰτίαν
1669 1702 1807 1756 συμ-

223 1771 667 1842 περιφερόμενος
717 1773 818 1843 μὲν
852 1774 965 1838 τοῖς
1028 1774 1157 1845 περὶ
1204 1774 1471 1845 Εὐνόμιον
1517 1776 1803 1847 ἀμφέϐαλε

1905 1041 2308 1113 consequentia
2357 1049 2605 1097 statuere
2632 1039 2757 1095 illos
2777 1040 2941 1111 cogit,
2962 1050 3019 1095 et
3041 1055 3315 1109 nusquam
3337 1053 3483 1098 esse.

1906 1148 2116 1205 perque
2156 1133 2263 1188 hoc
2313 1148 2436 1188 esse
2471 1131 2695 1203 quidem
2734 1140 2795 1187 et
2832 1131 3099 1187 exsistere
3125 1130 3322 1194 Deum,
3352 1128 3487 1199 quid

1904 1232 2094 1279 autem
2136 1224 2211 1280 sit
2253 1232 2310 1278 et
2339 1223 2570 1279 exsistat
2600 1238 2660 1278 se
2690 1238 2801 1277 non
2832 1238 3016 1277 nosse.
3058 1221 3115 1276 Si
3164 1220 3313 1277 enim
3356 1221 3485 1276 ubi-

1906 1331 2034 1371 nam
2072 1316 2147 1371 sit
2171 1317 2318 1372 Deus
2343 1314 2585 1386 ignorari
2609 1323 2881 1380 statuunt,
2907 1314 3080 1368 multo
3101 1314 3273 1384 magis
3305 1314 3483 1384 ipsum

1904 1409 2123 1465 Numen
2152 1408 2405 1464 divinum
2435 1408 2705 1479 quidnam
2735 1406 3039 1463 secundum
3064 1406 3363 1461 essentiam
3391 1406 3483 1469 sit,

1906 1503 2272 1574 ignorabitur.
2307 1502 2490 1570 Quare
2514 1503 2558 1557 si
2602 1502 2858 1573 religiose
2880 1510 2937 1556 et
2970 1501 3059 1570 pie
3079 1516 3241 1570 agere
3271 1500 3483 1562 volunt.

1904 1593 2054 1663 quod
2108 1593 2397 1664 ignoratur
2432 1608 2536 1648 nec
2575 1607 2807 1662 usquam
2831 1606 2954 1647 esse
2986 1592 3214 1645 omnino
3249 1606 3484 1645 consen-

1906 1685 2011 1740 tire
2041 1684 2346 1740 debebunt.
2386 1686 2464 1739 De
2515 1684 2643 1749 hac,
2701 1692 2765 1738 ut
2804 1681 3067 1744 arbitror,
3102 1697 3267 1737 causa
3297 1682 3485 1735 Euno-

1907 1775 2111 1831 mianis
2152 1775 2495 1847 morigerans
2523 1774 2839 1829 inversione
2869 1790 2967 1829 eos
2995 1772 3175 1828 induit
3200 1772 3484 1842 magister,

221 1863 328 1933 τὴν
357 1865 719 1937 ἀντιστροφὴν
750 1868 778 1920 ὁ
807 1865 1127 1931 διδάσκαλος
1149 1906 1167 1935 ,
1198 1868 1258 1921 τδ
1310 1885 1331 1920 ι
1366 1868 1530 1940 τυχὸν
1567 1887 1587 1921 s
1637 1870 1800 1943 ὲπίῤ-

1909 1867 2168 1923 adverbio
2219 1887 2237 1919 ι
2266 1867 2499 1922 fortasse
2527 1886 2545 1919 ι
2592 1865 2793 1935 posito,
2829 1864 3101 1934 nobisque
3133 1862 3488 1919 consideran-

222 1957 385 2026 ρημα
415 1955 665 2026 θέμενος,
710 1957 804 2012 καὶ
845 1959 977 2030 ἡμῖν
1025 1959 1454 2031 καταλιμπάνων
1498 1964 1640 2016 νοεῖν
1689 1962 1804 2017 ὃτι-

226 2064 343 2118 περ
376 2047 440 2100 ού
475 2048 695 2112 πάντως
745 2048 807 2103 τὸ
866 2049 1119 2122 μηδαμοῦ
1171 2049 1232 2104 τδ
1271 2052 1496 2125 μηδαμῆ
1539 2052 1805 2125 μηδαμῶς

222 2135 286 2192 ὃν
308 2139 542 2207 εἰσάγει.
575 2139 708 2192 Θεὸν
729 2139 839 2213 γὰρ
868 2142 1028 2211 ἡμεῖς
1067 2136 1208 2196 εἷναί
1240 2160 1444 2215 φαμεν,
1476 2146 1571 2199 καὶ
1627 2144 1805 2218 μηδα-

227 2227 338 2296 μοῦ
372 2230 683 2299 τυγχάνειν,
716 2229 795 2301 τῷ
822 2229 900 2303 μὴ
924 2230 1001 2295 ὡς
1052 2231 1111 2286 ὲν
1138 2233 1287 2303 τόπῳ
1334 2232 1607 2297 οὑσιωδῶς
1662 2231 1807 2288 κατὰ

224 2320 331 2387 τὴν
368 2318 607 2391 ὕπαρξιν
638 2321 1095 2392 περιγράφεσθαι,
1139 2322 1235 2378 καὶ
1272 2322 1491 2388 πάντως
1521 2318 1684 2390 εἶναι,
1727 2322 1805 2395 τῷ

227 2412 308 2481 μὴ
337 2411 547 2465 δεῖσθαι
577 2414 855 2476 παντελῶς
886 2414 981 2468 τοῦ
1006 2415 1211 2480 παντὸς
1238 2416 1349 2470 τῶν
1377 2415 1549 2471 ὄντων
1577 2417 1715 2490 πρὸς
1748 2416 1807 2470 τὸ

223 2501 396 2569 εἶναι,
424 2499 499 2559 ὧν
520 2508 689 2579 χωρὶς
718 2504 814 2587 καὶ
844 2502 914 2580 ἧν
934 2507 1031 2583 καί
1067 2506 1203 2572 ἐστι,
1242 2508 1334 2561 καὶ
1379 2510 1467 2563 ἀεὶ
1522 2504 1663 2563 εἶναι
1712 2508 1806 2562 δυ-

224 2600 489 2670 νήσεται,
520 2599 717 2668 μᾶλλον
744 2600 801 2654 δὲ
836 2599 991 2654 ἐστιν
1033 2601 1140 2656 ἀεί.
1178 2601 1254 2656 Ού
1283 2601 1392 2673 γὰρ
1422 2601 1571 2655 θέσιν
1604 2601 1716 2671 ἔχει
1736 2601 1807 2658 τά

223 2689 363 2742 ὄντα
388 2691 419 2742 δ
460 2692 554 2743 καὶ
581 2690 711 2762 πρὶν
729 2687 871 2745 εἰναι
900 2689 968 2744 τὰ
986 2689 1119 2744 ὄντα
1143 2691 1428 2764 ὑπάρχων.
1455 2693 1518 2746 Εἰ
1547 2692 1655 2762 γὰρ
1672 2694 1806 2763 παρ’

223 2781 365 2852 ἡμῖν
387 2781 485 2835 οὐκ
514 2783 573 2836 ὲν
601 2785 713 2846 τοῖς
741 2785 1019 2854 τεχνητοῖς
1043 2784 1260 2848 πάντως
1288 2784 1349 2838 τὸ
1369 2780 1508 2839 εἶναι
1539 2785 1680 2839 κατά
1706 2784 1808 2856 τὴν

223 2871 343 2925 ima
353 2872 466 2942 ρξιν
481 2872 856 2937 ύποστατικῶς
874 2873 1085 2945 ἔχουσιν
1099 2876 1148 2929 οἰ
1174 2877 1409 2946 τεχνῖται
1435 2893 1501 2929 πε
1510 2892 1741 2948 ριγεγρα
1748 2893 1808 2945 μ-

224 2967 396 3036 μένον
427 2968 490 3022 τὸ
523 2967 875 3040 φθειρόμενον
904 2969 1064 3024 τοῦτο
1098 2973 1357 3043 πρᾶγμα,
1386 2971 1483 3025 καὶ
1511 2971 1807 3042 ἀληθέστε-

223 3075 322 3127 ρον
359 3059 565 3130 κυρίως
593 3052 769 3115 εἰπεῖν
804 3062 1073 3133 μηδέποτε
1094 3063 1175 3129 ὃν,
1205 3064 1258 3116 τί
1292 3063 1356 3117 ἄν
1378 3081 1459 3128 τις
1501 3063 1636 3135 φαίη
1678 3062 1807 3134 περί

219 3153 327 3220 τῆς
377 3152 621 3223 ἀρρήτου
681 3154 777 3208 καὶ
818 3154 1101 3223 ἀγνώστου
1169 3159 1266 3210 καὶ
1314 3156 1599 3227 ἀχωρήτου
1637 3156 1803 3210 πᾶσιν

220 3242 432 3312 ὁμοίως
464 3246 561 3298 καὶ
591 3245 679 3299 ἀεὶ
698 3245 966 3311 ὡσαύτως
984 3246 1216 3320 ἐχούσης
1238 3246 1524 3311 δυνάμεως
1549 3265 1570 3315 ;

228 3426 334 3480 Ἐκ
364 3426 471 3481 τοῦ
492 3430 679 3485 αὑτοῦ
698 3432 908 3501 λόγου,
934 3434 1022 3500 εἰς
1042 3433 1129 3499 τὸ,
1160 3453 1179 3486 ι
1205 3434 1346 3489 Εἴτε
1385 3437 1691 3505 φαντασία
1710 3454 1802 3505 τις

288 3520 375 3591 ἦν
398 3523 670 3592 ἠμερινή,
700 3525 822 3580 sits
838 3525 1060 3594 νυκτὸς
1078 3527 1355 3599 ἀψευδὴς
1367 3530 1529 3600 ὄψις.
1551 3530 1673 3585 sits
1692 3531 1800 3587 τοῦ

290 3617 657 3686 ἡγεμονικοῦ
691 3620 977 3686 τύπωσις,
1018 3622 1460 3693 συγγενομένου
1504 3623 1625 3692 τοῖς
1658 3623 1803 3695 μέλ-

289 3711 525 3763 λουσιν
551 3708 634 3775 ὡς
659 3710 963 3780 παροῦσιν
978 3710 1079 3782 (4).
1109 3731 1130 3765 s

293 3802 523 3873 Ἀκρως
568 3802 871 3874 καθαρθεὶς
919 3803 1031 3858 τῶν
1080 3801 1163 3869 οἷς
1204 3803 1535 3876 μολύνεσθαι
1584 3802 1799 3874 πέφυκε

217 3892 336 3946 τῶν
365 3891 668 3965 ἀνθρώπων
693 3897 728 3966 ἡ
766 3895 931 3965 φύσις
950 3898 980 3950 ὁ
1001 3897 1275 3968 μακάριος
1315 3892 1470 3962 οὗτος
1499 3898 1690 3970 Πατὴρ
1711 3899 1802 3953 διά

220 3983 326 4053 τῆς
360 3986 676 4056 πρακτικῆς
712 3986 1053 4057 φιλοσοφίας,
1081 3988 1267 4060 (192
1323 3990 1376 4061 b)
1407 3991 1502 4044 καὶ
1544 3989 1637 4045 τὸν
1675 3991 1800 4045 νοῦν

218 4074 289 4128 δι’
318 4075 446 4130 ὅλου
476 4076 737 4155 ποωθείς
759 4078 836 4149 τῷ
867 4080 1010 4151 ἀγίῳ
1043 4079 1323 4150 Πνεύματι
1351 4084 1473 4147 ταῖς
1517 4082 1800 4149 ἐπιϐολαῖς

217 4166 339 4221 τῶν
366 4167 529 4222 θείων
570 4167 965 4241 θεωρημάτων,
993 4170 1082 4225 διά
1114 4175 1215 4244 τῆς
1256 4173 1493 4245 ἀληθοῦς
1536 4176 1677 4229 κατά
1702 4175 1801 4246 τὴν

222 4257 430 4327 γνῶσιν
456 4259 867 4329 μυσταγωγίας,
893 4256 980 4315 οἷα
999 4262 1066 4333 δὴ
1094 4262 1161 4317 τὰ
1186 4264 1277 4319 ῐσα
1302 4266 1416 4329 τοῖς
1447 4266 1630 4335 ἁγίοις
1668 4283 1803 4338 προ-

220 4352 431 4419 φήταις
460 4350 672 4416 παθὼν,
704 4353 773 4407 τὰ
804 4352 917 4426 εἴδη
944 4355 1045 4426 τῆς
1086 4359 1429 4427 προφητείας
1480 4359 1540 4412 ιν
1590 4358 1803 4422 τούτοις

222 4444 358 4512 ἡμῖν
391 4444 799 4515 ἀπηρίθμησεν.
846 4442 943 4510 οἷς
988 4446 1148 4516 εἴπερ
1197 4448 1260 4502 τὸ
1290 4449 1404 4502 δεῖν
1424 4449 1563 4514 ὅλως
1594 4450 1802 4521 τολμᾷν

221 4533 369 4587 οὕτω
402 4536 760 4605 μεγαλοφυῶς
806 4556 869 4592 τε
913 4540 1008 4593 καὶ
1047 4540 1414 4604 ὲνθεαστικῶς
1462 4543 1799 4614 εἰρημένοις,

223 4627 324 4679 καὶ
360 4627 581 4681 πάντων
609 4628 718 4684 τῶν
750 4631 825 4701 μὴ
848 4630 1107 4686 τοιούτων
1136 4628 1246 4696 οἷος
1282 4634 1446 4697 αὐτὸς
1474 4630 1544 4705 ἦν
1570 4636 1600 4687 ὁ
1650 4635 1802 4689 διδά-

1905 1960 2038 2016 dum
2088 1961 2340 2031 reliquit,
2374 1960 2523 2032 quod
2561 1974 2910 2030 nequaquam
2942 1958 2996 2013 id
3036 1958 3182 2027 quod
3217 1974 3485 2027 nusquam

1904 2052 2134 2109 exsistat
2176 2053 2403 2109 omnino
2440 2053 2709 2108 exsistere
2743 2051 2944 2123 neget?
2990 2052 3163 2105 Deum
3200 2049 3349 2104 enim
3382 2064 3486 2103 nos

1904 2161 2026 2201 esse
2072 2145 2333 2211 dicimus,
2388 2153 2448 2201 et
2497 2160 2769 2215 nusquam
2798 2160 2943 2209 esse,
2988 2144 3117 2213 quia
3161 2158 3293 2207 non,
3325 2141 3482 2212 quasi

1906 2234 2140 2301 inloco,
2182 2235 2555 2291 essentialiter
2601 2232 2909 2289 secundum
2960 2232 3330 2287 substantiam
3378 2229 3487 2285 cir-

1905 2326 2319 2393 cumscribitur,
2369 2336 2427 2383 et
2471 2341 2593 2382 esse
2636 2326 2885 2391 omnino,
2926 2324 3054 2394 quia
3102 2332 3217 2379 tota
3266 2320 3487 2376 univer-

1904 2423 2069 2480 sitate
2117 2438 2311 2480 eorum
2341 2438 2465 2493 quae
2504 2430 2636 2477 sunt
2666 2420 2828 2491 plane
2876 2434 2988 2474 non
3036 2426 3164 2489 eget
3207 2417 3275 2472 ad
3327 2432 3485 2471 suam

1905 2515 2312 2581 exsistentiam,
2342 2516 2466 2572 sine
2488 2513 2694 2585 quibus
2717 2521 2775 2567 et
2797 2519 2941 2577 erat,
2961 2520 3019 2567 et
3038 2519 3144 2574 est,
3184 2520 3242 2564 et
3268 2524 3487 2577 semper

1907 2624 2032 2666 esse
2076 2610 2303 2680 poterit,
2364 2608 2452 2663 vel
2495 2607 2685 2676 potius
2727 2620 2947 2675 semper
2990 2610 3097 2659 est.
3138 2601 3296 2657 Haud
3338 2600 3485 2656 enim

1906 2716 2008 2772 pro
2047 2700 2323 2772 positione
2361 2698 2539 2755 utitur
2566 2697 2650 2754 eis
2680 2712 2806 2767 qua
2825 2704 2958 2752 sunt
2987 2695 3083 2767 qui
3114 2694 3197 2750 vel
3229 2703 3357 2749 ante
3384 2691 3489 2747 fuit

1905 2809 2071 2864 quam
2106 2793 2225 2864 ipsa
2254 2808 2379 2862 quae
2417 2799 2567 2847 sunt.
2601 2784 2736 2846 Nam
2766 2788 2815 2844 si
2842 2804 3015 2859 penes
3036 2802 3138 2842 nos
3167 2787 3222 2840 in
3254 2784 3372 2839 suis
3399 2800 3489 2838 ar-

1908 2881 2093 2938 tiﬁciis
2147 2880 2571 2937 substantialem
2615 2879 2996 2935 exsistentiam
3034 2876 3277 2931 artiﬁces
3328 2875 3489 2945 plane

1905 2987 2020 3028 non
2041 2972 2249 3027 habent
2267 2969 2763 3041 circumscriptam,
2791 2985 2911 3026 rem
2931 2968 3280 3025 interituram
3303 2967 3485 3030 istam,

1906 3073 1964 3118 et
1994 3079 2117 3135 quae
2138 3062 2327 3119 verius
2347 3077 2629 3134 nunquam
2650 3076 2772 3118 esse
2786 3060 3087 3125 diceretur,
3101 3058 3259 3129 quid,
3280 3072 3486 3128 quaeso.

1907 3158 1978 3214 de
1999 3157 2267 3213 inell‘abili
2300 3164 2357 3213 et
2387 3156 2668 3228 incognita
2692 3165 2750 3211 et
2772 3156 3034 3211 omnibus
3059 3153 3265 3226 pariter
3289 3152 3488 3223 imper-

1829 3241 1874 3302 (Ξ
1903 3250 2153 3320 ceptibili
2188 3265 2256 3306 ac
2288 3264 2508 3320 semper
2543 3248 2737 3305 eadem
2767 3254 3043 3318 potestate
3081 3244 3323 3301 dixeris?

1902 3438 1988 3494 Ita:
2027 3437 2208 3492 eodem
2246 3453 2511 3502 sermone,
2544 3438 2600 3492 in
2624 3435 2806 3491 illud:
2845 3454 2865 3488 ι
2901 3433 3023 3491 Sive
3045 3434 3297 3489 diurnum
3321 3432 3487 3503 quod-

1975 3530 2101 3584 dam
2124 3536 2242 3585 ενοι
2255 3538 2549 3600 spectrum.
2571 3531 2679 3585 sive
2699 3530 2915 3583 minime
2945 3527 3118 3598 fallas:
3148 3527 3311 3581 noctis
3336 3527 3485 3588 visio,

1969 3623 2077 3677 sive
2119 3623 2318 3692 prmia
2347 3622 2593 3693 quaedam
2622 3621 2809 3675 mentis
2837 3620 3134 3691 impressio,
3160 3620 3342 3690 futura
3367 3625 3489 3670 tan-

1970 3731 2132 3785 quam
2173 3715 2456 3785 praesentia
2488 3714 2757 3769 exhibens.
2784 3732 2805 3765 ι

1971 3804 2176 3861 Beatus
2223 3804 2316 3861 hic
2360 3805 2523 3861 Pater
2574 3804 2645 3861 iis
2693 3804 2898 3875 quibus
2946 3800 3236 3858 hominum
3289 3807 3487 3855 natura

1897 3907 2305 3970 eonspurcatur
2353 3914 2455 3969 per
2505 3898 2765 3963 activam,
2810 3913 2934 3968 qua
2972 3896 3198 3961 dicitur,
3240 3894 3487 3965 philoso-

1901 3991 2091 4063 phiam
2139 3991 2365 4062 penitus
2402 4000 2689 4064 purgatus,
2735 4006 2801 4046 ac
2832 3999 3016 4046 mente
3064 4005 3096 4044 a
3139 3997 3332 4043 sancto
3361 3986 3487 4057 Spi—

1900 4086 2014 4140 ritu
2040 4086 2356 4142 divinarum
2387 4085 2918 4157 contemplationum
2948 4082 3248 4155 propositis
3271 4097 3342 4137 ex
3371 4090 3485 4137 toto

1902 4184 2266 4247 praeparatus,
2295 4180 2414 4246 .‘per
2465 4191 2654 4231 veram
2711 4173 3046 4245 cognitionis
3093 4172 3484 4235 initiationem,

1901 4264 2108 4334 quippe
2150 4263 2345 4320 eadem
2386 4272 2553 4334 atque
2585 4264 2760 4319 sancti
2796 4264 3084 4334 propheta
3114 4277 3327 4333 passus,
3361 4275 3488 4331 pro-

1900 4354 2106 4424 phetia:
2143 4352 2358 4423 species
2408 4353 2463 4408 in
2488 4353 2576 4408 his
2609 4353 2771 4409 nobis
2802 4350 3171 4408 enumeravit.
3214 4350 3347 4417 Quae
3376 4358 3485 4402 tam

1903 4446 2195 4515 magniﬁce
2261 4454 2427 4515 atque
2468 4445 2656 4501 divine
2706 4445 3084 4515 pronuntiata,
3136 4450 3195 4497 et
3239 4440 3486 4504 omnium

1902 4540 1996 4609 qui
2036 4556 2143 4595 non
2199 4540 2336 4595 tales
2375 4540 2556 4608 qualis
2590 4539 2707 4608 ipse
2742 4538 3002 4609 magister
3032 4538 3135 4595 fuit
3170 4538 3485 4591 facultatem

1902 4630 2246 4701 superantia,
2292 4630 2574 4700 suscipere
2616 4628 3029 4698 interpretanda
3053 4626 3262 4682 audere
3290 4627 3485 4681 saltem

210 4717 429 4782 Διτιιιιλος
459 4718 559 4790 τὴν
584 4719 813 4792 δύναμιν
841 4722 1284 4793 ὑπερϐαίνουσιν,
1326 4724 1643 4781 ἐπιϐάλλειν
1682 4727 1796 4780 οἰδ-

1909 4737 2007 4778 uos
2049 4722 2254 4778 debere
2288 4730 2579 4793 postquam
2606 4721 2741 4776 utile
2774 4721 2958 4775 visum
2993 4728 3101 4779 est.
3140 4719 3486 4787 conjectura-

229 4811 376 4879 ιιεθα
401 4814 692 4883 χρήσιμον,
717 4816 1110 4885 στοχαπικῶς,
1145 4815 1259 4877 ἀλλ’
1283 4816 1385 4872 οὐκ
1411 4818 1802 4888 ἀποφαντικιῖκς

227 4900 387 4954 τοῦτο
416 4903 684 4974 ποιητέον.
728 4899 899 4974 Οἶμαι
942 4906 1123 4962 τοίνυν
1182 4908 1557 4979 στοχαστικῶς
1617 4910 1803 4963 εἰπεῖν

231 4995 373 5049 κατά
390 4996 491 5068 τὴν
512 4997 652 5068 ἐμὴν
675 4999 1062 5069 ἅμὸλυωπίαν,
1087 5020 1105 5052 ι
1136 5001 1434 5070 φαντασίαν
1480 5004 1586 5073 ints
1596 5003 1749 5075 ρινὴν
1778 5022 1797 5056 s

229 5087 393 5141 αὑτὸν
433 5090 715 5161 εἰρηκέναι
754 5092 853 5162 τὴν
879 5091 988 5145 τῶν
1016 5093 1365 5164 ἀπροσὼπως
1392 5096 1505 5158 τοῖς
1526 5095 1699 5164 ἁγίοις
1726 5096 1804 5160 ὡς

230 5177 301 5230 δι’
326 5180 636 5250 αἰσθήσεως
659 5182 1009 5253 ἀκουομένων
1042 5184 1433 5255 πνευματικῶς
1470 5187 1565 5240 καὶ
1613 5203 1804 5255 φαινο-

234 5267 409 5337 μένων
437 5271 614 5341 λόγων
646 5275 741 5328 καὶ
764 5276 1108 5346 πραγμάτων
1135 5276 1263 5347 ὄψιν
1294 5294 1354 5329 τε
1394 5277 1490 5331 καὶ
1519 5278 1804 5349 ὲνήχησιν.

231 5359 310 5412 UO
347 5361 456 5433 γὰρ
479 5362 545 5435 δὴ
577 5363 758 5433 λέγειν
800 5364 961 5437 θέμις
1012 5367 1107 5421 ἐπὶ
1150 5366 1260 5420 τῶν
1291 5366 1453 5421 θείων
1496 5368 1559 5420 τὸ
1589 5367 1804 5439 θαύμα-

236 5449 361 5505 στὸν
376 5453 419 5485 ³⁷
454 5453 674 5519 πάντως
708 5455 821 5509 δεῖν
867 5459 1123 5529 παρεῖναι
1168 5457 1305 5530 πρὸς
1335 5456 1671 5513 διατύπωσιν
1702 5458 1804 5528 τῆς

1908 4816 2036 4871 liter
2062 4816 2189 4880 hoc,
2213 4831 2326 4870 non
2352 4814 2695 4870 enuntiative
2723 4813 2834 4870 erit
2865 4812 3199 4868 faciendum.
3232 4811 3488 4865 Arbitror

1910 4909 2101 4981 igitur,
2123 4918 2184 4965 ut
2218 4907 2352 4978 quid
2383 4907 2633 4978 suspicer
2663 4922 2766 4978 pro
2794 4906 2992 4961 hebete
3017 4921 3139 4960 meo
3166 4910 3223 4958 et
3248 4904 3486 4957 obtunso

1910 5000 2135 5072 ingenio
2168 4998 2405 5064 edicam,
2436 5018 2455 5050 ι
2478 4998 2742 5052 diurnum
2773 5005 3053 5067 spcctrum
3077 5014 3095 5047 ο
3127 5010 3252 5049 eum
3282 4992 3485 5047 dixisse

1910 5091 2182 5147 visionem
2215 5099 2270 5145 et
2293 5091 2538 5145 sonitum
2569 5089 2776 5144 sanctis
2805 5087 2939 5144 viris
2965 5096 3223 5157 tanquam
3246 5101 3343 5156 per
3361 5100 3487 5140 seu-

1911 5199 2034 5238 snm
2072 5184 2435 5254 spiritualiter
2468 5183 2719 5238 auditum
2749 5197 2814 5236 ac
2844 5181 3020 5235 visum
3052 5166 3236 5235 rerum
3271 5195 3337 5233 ac
3365 5195 3489 5233 ver-

1914 5275 2135 5330 borum.
2182 5276 2260 5330 De
2303 5273 2508 5329 divinis
2537 5273 2684 5329 enim
2724 5290 2836 5328 non
2872 5272 2954 5329 fas
2987 5282 3072 5329 est
3100 5282 3340 5328 statuere
3379 5275 3484 5328 mi-

1911 5368 2161 5422 raculum
2198 5383 2327 5422 vere
2360 5365 2554 5421 adesse
2590 5375 2847 5437 oportere
2876 5366 2942 5420 ad
2978 5366 3264 5438 imaginem
3297 5364 3487 5435 impri-

1910 5460 2190 5526 mendam,
2232 5458 2327 5515 sed
2368 5459 2510 5514 miro
2541 5458 2783 5530 quodam
2814 5468 2870 5514 ct
2918 5458 3140 5515 insolito
3168 5458 3351 5519 modo.
3382 5471 3486 5512 nec

594 5622 597 5625 ,
1524 5569 1757 5625 VARIA'I
1792 5570 2193 5630 LECTIONES.

308 5654 667 5736 ".l‘l‘eccntior
698 5674 893 5736 manus
920 5658 1382 5736 vociAOaupasrbv
1412 5665 1797 5736 superscripsit
1824 5664 1880 5720 in
1909 5664 2051 5721 Gud.
2085 5665 2225 5721 libro
2255 5682 2413 5735 φαντ,
2443 5680 2554 5736 quo
2586 5665 2884 5735 φανταστὸν
2924 5663 3325 5722 emendandum
3360 5684 3483 5729 esse

239 5722 590 5793 signiﬁcaret.
621 5729 776 5793 Quod
810 5731 982 5800 magis
1014 5722 1213 5799 placet.

310 5840 386 5909 (i)
414 5841 562 5898 idem
590 5844 711 5898 ibid.
738 5860 857 5917 cap.
895 5847 975 5914 19,
1009 5863 1063 5917 p.
1097 5847 1231 5913 510,
1266 5858 1394 5904 tom.
1428 5851 1469 5907 ι.
1503 5851 1639 5922 Opp.
1664 5852 1806 5913 edit.
1841 5850 2046 5908 Bcncd.
