4026 6288
598 373 734 438 19.35
1759 379 1816 437 S.
1860 377 2146 438 ΜΑΧῙΜΙ

2284 378 2693 442 NFESSORIS
2861 437 2866 442 .
3685 378 3789 442 12°36

595 493 814 556 spectro
841 485 952 540 ullo
979 494 1270 556 praesente,
1306 501 1407 542 nec
1431 488 1662 550 vocibus
1692 490 2050 546 sensibilibus
2079 506 2180 561 per

2284 494 2604 564 φαντασίας,
2640 491 2778 548 ἀλλὰ
2809 491 3129 565 παραδόξως
3177 508 3235 545 τε
3283 494 3376 547 καὶ
3424 493 3688 564 ὑπερφυῶς
3716 498 3790 549 καὶ

593 593 782 632 auram
829 579 1175 645 sonantibus,
1212 579 1503 653 imaginem
1536 581 1774 649 edicere,
1801 598 1966 653 quam
2006 583 2174 639 rebus

2284 589 2360 659 μὴ
2388 587 2664 659 παρόντος
2695 585 2996 659 προσώπου
3049 585 3149 639 καὶ
3210 585 3404 654 φωνῶν
3453 585 3699 656 αἰσθητῶν
3732 588 3792 656 μὴ

593 671 802 727 divinis
833 672 1082 728 initiatus
1113 688 1307 730 revera
1335 681 1392 729 et
1431 675 1618 729 audiat
1646 661 1706 730 et
1746 675 1953 732 videat.
1989 675 2174 746 Siqui-

599 762 726 818 dem
781 764 964 820 omnis
1014 765 1336 835 imaginatio
1385 773 1482 821 aut
1523 767 1876 836 praesentium
1929 778 2034 834 est,
2081 776 2177 822 aut

600 853 1009 922 prmtcritorum
1035 872 1050 920 ;
1079 854 1392 910 futurorum
1423 865 1607 911 autem
1634 872 1914 927 nunquam
1944 868 2047 914 est.
2081 859 2177 914 Est

597 942 748 996 enim
779 943 998 998 all‘ectio
1025 945 1438 999 extremitatum
1464 943 1517 997 in
1545 944 1725 999 medio
1748 946 2034 1001 collocata.
2065 944 2175 1000 Ex-

601 1036 908 1090 tremitates
953 1044 1136 1091 autem
1161 1037 1287 1093 dico
1317 1035 1369 1090 id
1397 1035 1543 1105 quod
1575 1035 1908 1109 imaginatur
1942 1046 1998 1094 et
2029 1037 2175 1108 quod

601 1127 839 1196 imagine
872 1137 1123 1198 apparet,
1167 1145 1234 1184 ex
1263 1132 1466 1199 quibus
1511 1148 1610 1202 per
1642 1130 1878 1186 mediam
1911 1129 2178 1201 imagina-

605 1216 834 1283 tionem,
873 1234 996 1288 qum
1033 1222 1445 1276 evtremitatum
1485 1222 1706 1278 all‘ectio
1743 1229 1801 1276 et
1845 1221 2042 1276 relatio
2071 1230 2176 1286 est,

605 1309 783 1381 imago
835 1312 1104 1379 nascitur,
1153 1314 1389 1372 actionis
1443 1325 1502 1371 et
1544 1314 1818 1387 passionis
1873 1315 2176 1378 terminus,

601 1403 833 1457 actionis
861 1404 1086 1473 quidem
1118 1405 1238 1476 ejus
1265 1407 1412 1476 quod
1444 1407 1795 1480 imaginatur,
1827 1415 1884 1462 et
1911 1405 2180 1477 passionis

600 1493 722 1561 ejus
752 1495 900 1564 quod
933 1495 1169 1568 imagine
1199 1511 1448 1570 apparet,
1476 1500 1918 1556 extremitatibus
1941 1516 2040 1568 per
2068 1516 2182 1556 me-

611 1585 758 1640 diam
797 1587 1266 1660 imaginationem,
1317 1592 1372 1647 id
1424 1603 1511 1648 est
1561 1593 1888 1647 relationem
1937 1601 1994 1647 et
2031 1590 2168 1645 ali‘e-

608 1677 846 1732 ctionem
865 1679 1014 1734 circa
1035 1679 1206 1750 ipsam
1227 1682 1542 1753 imaginem.
1563 1682 1994 1738 cohmrentibus.
2019 1683 2181 1749 Qum-

606 1786 823 1840 cunque
869 1772 1018 1826 enim
1065 1774 1370 1829 secundum
1424 1775 1708 1846 quidpiam
1759 1777 1928 1831 altera
1963 1784 2180 1846 petunt,

2279 681 2673 752 κτυπουμινων
2709 679 2780 734 δι’
2835 679 3001 752 ἀέρος
3060 679 3159 750 τὴν
3235 677 3533 749 φαντασίαν
3577 679 3791 749 ἐνεργεῖν,

2281 769 2423 825 ὥστε
2451 769 2670 842 άληθῶς
2698 769 2922 824 ἀκούειν
2963 769 3058 824 καὶ
3092 769 3226 840 όρᾷν
3263 767 3358 821 τὸν
3410 767 3480 820 τά
3518 767 3624 820 θεῖα
3661 783 3793 837 uua-:-

2283 864 2689 936 αγωγούμενον.
2739 863 2958 935 Ἐπειδὴ
3007 863 3117 936 γάρ
3167 864 3317 917 πᾶσα
3362 861 3615 932 φαντασία
3651 860 3680 932 ἢ
3711 860 3796 914 τῶν

2283 959 2592 1030 παρόντων,
2623 957 2657 1029 ἢ
2690 957 2800 1012 τῶν
2835 954 3251 1026 παρελθόντων⁹
3280 953 3392 1008 τῶν
3414 954 3470 1008 δὲ
3506 955 3655 1024 μήπω
3679 970 3796 1020 γενο-

2289 1052 2467 1123 μένων
2492 1050 2840 1106 παντάπασίν
2883 1052 3031 1104 ἐστιν
3062 1047 3340 1120 οὐδαμῶς.
3374 1046 3559 1116 Σχέσις
3582 1044 3677 1116 γάρ
3705 1046 3795 1098 ἑστι

2286 1146 2400 1209 τοῖς
2423 1142 2614 1214 ἄκροις
2639 1142 2710 1196 δι’
2737 1143 2946 1212 ἑαυτῆς
2978 1141 3369 1214 μεσιτεύουσα.
3407 1139 3579 1208 Ἄκρα
3599 1137 3650 1190 δέ
3686 1153 3796 1207 φημι

2283 1233 2347 1286 τό
2377 1251 2436 1286 τε
2480 1231 2869 1304 φανταστικὸν,
2926 1231 3020 1287 καὶ
3071 1230 3133 1285 τὸ
3172 1227 3504 1301 φανταστὸν,
3537 1227 3591 1294 ἐξ
3627 1220 3691 1280 ὧν
3730 1223 3797 1276 διὰ

2292 1323 2466 1394 μέσης
2493 1325 2594 1394 τῆς
2615 1322 2936 1393 φαντασίας,
2967 1321 3209 1393 σχέσεως
3239 1320 3412 1390 οὑσης
3431 1319 3534 1372 τῶν
3568 1314 3796 1388 bipenni

2288 1414 2580 1486 φάντασμα
2635 1414 2871 1484 γίνεται,
2919 1413 3096 1486 πέρας
3153 1413 3404 1484 ὑπάρχον
3450 1410 3703 1482 ἐνεργείας
3726 1408 3795 1461 καὶ

2289 1507 2518 1573 πάθους,
2553 1508 2836 1578 ἐνεργείας
2868 1507 2966 1577 μὲν
2999 1505 3094 1559 τοὺ
3128 1503 3519 1573 φανταστικοῦ,
3551 1501 3726 1563 πάθους
3754 1499 3795 1552 θλ

2287 1599 2383 1652 τοῦ
2406 1597 2739 1670 φανταστοῦ,
2766 1597 2877 1651 τῶν
2903 1597 2993 1652 διὰ
3027 1597 3202 1667 μέσης
3235 1596 3339 1666 τῆς
3375 1593 3677 1664 φαντασίας,
3709 1590 3796 1660 σχέ-

2291 1708 2429 1754 σεως
2488 1689 2670 1744 αὑτῶν
2750 1688 3106 1760 ὑπαρχούσης
3184 1687 3321 1757 περὶ
3392 1684 3543 1748 αὑτὸ,
3606 1681 3795 1751 ἀλλήλοις

2291 1781 2474 1854 (193
2497 1779 2551 1851 α)
2587 1779 3016 1850 συναπτομένων
3046 1779 3256 1856 ἄκρων.
3286 1776 3478 1830 Πάντα
3501 1774 3601 1846 γάρ
3620 1774 3678 1828 τά
3694 1773 3796 1826 κατὰ

603 1873 769 1928 agerc
791 1859 1075 1926 dicuntur,
1107 1877 1448 1933 quacunque
1474 1871 1658 1918 autem
1687 1864 1991 1919 secundum
2017 1864 2181 1934 quid-

2284 1875 2346 1928 τί
2367 1891 2526 1927 τινων
2553 1869 3064 1942 ἀντιλαμδανόμενα
3101 1871 3353 1940 ἐνεργεῖν
3382 1867 3614 1936 λέγεται,
3656 1866 3790 1919 πάντα

603 1948 749 2017 piam
787 1950 978 2007 alteris
1029 1952 1345 2017 succidunt,
1389 1955 1525 2025 pati.
1579 1955 1766 2025 Itaque
1789 1971 1914 2025 quae
1962 1961 2178 2025 petunt,

547 2103 550 2106 ,
606 2040 930 2096 naturaliter
955 2052 1147 2114 agunt,
1173 2059 1296 2114 quze
1318 2052 1586 2115 petuntur
1609 2047 1940 2102 naturaliter
1960 2045 2184 2115 patiun-

601 2137 713 2195 tur,
751 2146 877 2188 cum
927 2134 1198 2204 passionis
1227 2143 1284 2192 et
1319 2137 1556 2193 actionis
1593 2137 1891 2193 terminum
1939 2138 2182 2193 habeant

601 2230 850 2278 mutuam
883 2224 1029 2280 inter
1059 2242 1119 2282 se
1149 2243 1249 2298 per
1275 2228 1519 2284 medium
1545 2229 1960 2285 cohaerentiam.
1997 2229 2179 2296 Quare

601 2314 672 2370 de
712 2315 916 2373 divinis
945 2319 1096 2389 quod
1145 2321 1384 2391 imagine
1429 2331 1656 2392 apparet
1707 2337 1818 2377 non
1849 2322 2044 2378 adesse
2069 2329 2181 2377 sta-

599 2417 755 2464 tuere
801 2420 1231 2466 consentaneum
1277 2413 1517 2479 videtur,
1563 2413 1784 2484 quando
1827 2413 1882 2469 id
1925 2429 2034 2470 non
2067 2415 2180 2485 jam

600 2499 919 2555 adiuturum
955 2509 1042 2558 est
1073 2502 1220 2572 quod
1258 2505 1563 2561 secundum
1600 2507 1883 2578 propriam
1923 2509 2182 2564 substan-

601 2584 736 2640 tiam
769 2586 838 2641 ad
875 2587 954 2642 rei
981 2588 1159 2644 instar
1179 2591 1292 2662 jam
1315 2592 1492 2659 adest,
1523 2609 1706 2665 neque
1734 2595 1986 2652 divinum
2012 2595 2178 2652 simul

599 2692 724 2734 esse
748 2679 1016 2746 creditur,
1045 2697 1171 2738 cum
1207 2686 1514 2742 naturalem
1553 2690 2004 2761 consequentiam
2038 2689 2176 2746 nihil

601 2778 847 2839 superet.
875 2772 1011 2828 Nam
1036 2775 1082 2829 si
1109 2791 1212 2831 nos
1231 2787 1396 2833 noctu
1420 2795 1521 2849 per
1543 2795 1798 2838 somnum
1826 2782 2178 2853 imaginando

598 2871 658 2919 et
695 2861 954 2921 videmus
971 2873 1028 2922 et
1064 2867 1342 2935 audimus,
1377 2872 1599 2928 nemine
1630 2889 2006 2944 saepenumero
2037 2891 2180 2946 pra:-

599 2965 756 3012 sente
785 2959 880 3029 qui
912 2959 1172 3031 loquatur
1202 2971 1299 3020 aut
1339 2962 1612 3032 videatur,
1642 2967 1816 3022 multo
1842 2966 2012 3038 magis
2043 2966 2182 3038 vigi-

600 3047 782 3104 lantes
811 3065 1006 3107 revera
1031 3054 1212 3109 sancti
1255 3053 1361 3110 hoc
1395 3058 1692 3126 patientur,
1723 3061 1838 3115 Deo
1869 3061 1924 3115 in
1954 3061 2036 3116 eis
2061 3060 2183 3133 agi-

603 3148 757 3195 tante
799 3143 940 3198 mira
979 3145 1216 3215 quadam
1259 3149 1432 3218 gratia
1471 3150 1849 3221 vigilantibus,
1880 3153 2030 3223 quod
2077 3168 2182 3208 nos

601 3240 813 3289 naturae
855 3235 976 3306 lege
1007 3252 1107 3306 per
1139 3215 1392 3294 somnum
1426 3215 1554 3310 pati
1577 3215 1988 3298 consuevimus.
2017 3261 2038 3294 ‹
2057 3243 2181 3300 Non
2209 3215 2251 3276 ο

600 3321 851 3378 fallacem
874 3343 892 3376 ι
935 3334 1118 3382 autem
1156 3346 1174 3379 ι
1202 3329 1383 3386 noctis
1415 3330 1686 3388 visionem
1706 3351 1725 3384 ι
1771 3349 1899 3389 eum
1929 3335 2183 3406 suspicor

602 3411 791 3468 dicere
820 3423 918 3470 aut
935 3431 1122 3472 rerum
1142 3417 1455 3476 futurarum
1477 3421 1534 3477 in
1556 3423 1766 3481 somnis
1787 3433 1991 3480 certam
2015 3435 2184 3496 atque

603 3516 919 3562 accuratam
938 3500 1514 3580 comprehensionem,
1546 3523 1607 3570 ut
1628 3514 1872 3587 Josepho
1893 3525 1950 3572 et
1967 3517 2182 3573 Danieli

603 3597 804 3664 accidit
832 3610 879 3665 ο,
906 3609 1005 3656 aut
1027 3617 1213 3658 rerum
1236 3603 1550 3661 divinarum
1569 3605 1841 3662 visionem
1864 3609 2181 3679 quamdam,

605 3688 920 3759 cuiusmodi
954 3694 1023 3750 de
1057 3696 1322 3766 perfecta,
1351 3715 1475 3770 quae
1495 3715 1562 3757 ex
1591 3716 1806 3757 summa
1837 3701 2098 3772 puritatis
2128 3711 2186 3757 et

603 3778 938 3840 innocentiae
958 3786 1302 3856 plenitudine
1329 3790 1577 3847 nascitur
1605 3791 2069 3864 impassibilitate,
2096 3793 2184 3849 vel

604 3875 823 3932 eameis
865 3889 1185 3936 sanctorum
1219 3883 1395 3941 oculis
1434 3884 1716 3942 obveniat.
1756 3905 1774 3938 ι
1799 3885 2130 3956 Principalis
2157 3903 2177 3938 ι

601 3975 814 4031 autem,
858 3970 915 4025 id
951 3982 1039 4029 est
1076 3977 1304 4040 mentis.
1350 3997 1369 4030 ι
1403 3979 1666 4049 praaviam
1708 3979 2129 4052 impressionem
2157 3999 2176 4033 ι

601 4059 881 4117 dicentem
924 4066 1180 4136 suspicor
1216 4084 1344 4124 eum
1389 4071 1704 4142 signiﬁcare
1749 4073 2069 4130 futurorum
2110 4075 2186 4131 si-

603 4153 872 4220 mulacra,
912 4157 1118 4213 sanctis
1145 4160 1411 4232 singulari
1446 4165 1684 4234 quodam
1722 4167 1887 4223 modo
1920 4183 2022 4239 per
2052 4171 2186 4223 sim-

603 4243 808 4312 plicem
860 4247 1153 4316 quamdam
1194 4252 1461 4323 nulloque
1523 4253 1814 4313 intervallo
1884 4259 2182 4315 distantem

2282 1963 2341 2018 δὲ
2367 1965 2508 2019 κατά
2531 1981 2586 2018 τι
2613 1962 2794 2026 ἄλλοις
2819 1960 3199 2016 ὑποπίπτοντα
3233 1961 3492 2030 πάσχειν.
3524 1958 3600 2011 Τά
3626 1953 3702 2010 οὖν
3724 1972 3798 2008 κα-

2281 2055 2702 2129 ταλαμϐάνοντα
2727 2052 2977 2126 φυσικῶς
3031 2053 3349 2125 ἐνεργοῦσι,
3375 2053 3447 2107 τά
3491 2050 3545 2106 δὲ
3575 2050 3798 2120 καταλαμ-

2285 2147 2562 2218 ϐανόμενα
2589 2144 2840 2216 φυσικῶς
2865 2143 3159 2215 πάσχουσι,
3197 2141 3380 2214 πέρας
3431 2142 3613 2213 ἔχοντα
3646 2139 3799 2202 πάθους

2285 2240 2381 2295 καὶ
2407 2237 2690 2312 ἐνεργείας
2708 2236 2809 2308 τὴν
2837 2235 2976 2310 πρὸς
3003 2233 3209 2305 ἄλληλα
3262 2233 3411 2288 κατά
3452 2232 3512 2285 τὸ
3548 2231 3686 2304 μέσον
3712 2247 3799 2284 συν-

2285 2334 2502 2404 άφειαν.
2532 2330 2631 2385 Διά
2652 2329 2810 2384 τοῦτο
2843 2329 2953 2384 δεῖν
2991 2327 3083 2382 ἐπὶ
3111 2327 3219 2381 τῶν
3260 2327 3430 2382 θείων
3460 2325 3517 2380 τὸ
3563 2322 3800 2395 φανταστὸν

2284 2424 2496 2482 οἴεσθαι
2551 2423 2628 2496 μὴ
2679 2423 2935 2493 παρεῖναι
2979 2420 3190 2492 νομίζω
3228 2419 3570 2492 πρόσφορον,
3601 2415 3704 2472 ἐπεὶ
3726 2415 3798 2468 οὐκ

2285 2516 2367 2572 έτι
2400 2515 2586 2588 μέλλει
2614 2516 2871 2586 παρεῖναι
2915 2511 2979 2568 τὸ
3025 2504 3150 2568 καθ’
3183 2512 3492 2567 ὑπόστασιν
3539 2510 3660 2564 ίδίαν
3694 2523 3801 2578 πρα-

2274 2607 2647 2680 γματειωδῶς
2687 2607 2791 2678 ἤδη
2832 2605 3029 2678 παρὸν,
3081 2604 3176 2660 καὶ
3210 2604 3334 2676 ἅμα
3369 2604 3508 2680 μηδὲ
3550 2603 3675 2658 θεῖον
3699 2595 3800 2654 εἰναι

2284 2697 2624 2761 πιστεύεται,
2650 2695 2750 2767 τῆς
2783 2693 2928 2749 κατά
2966 2694 3136 2765 φύσιν
3185 2694 3520 2752 ἀκολουθίας
3551 2692 3688 2746 πλέον
3711 2688 3801 2757 ἔχον

2284 2788 2460 2845 οὐδέν.
2502 2787 2568 2840 Εἰ
2598 2786 2710 2858 γάρ
2758 2786 2924 2858 ἡμεῖς
2973 2785 3098 2840 καθ’
3132 2784 3305 2840 ὕπνον
3353 2784 3566 2854 νύκτωρ
3596 2774 3803 2852 φανταζό-

2289 2899 2442 2955 μενοι
2476 2881 2571 2934 καὶ
2596 2879 2814 2953 ὁρῶμεν
2839 2880 2937 2934 καί.
2975 2877 3273 2949 ἀκούομεν,
3335 2876 3593 2935 πολλάκις
3628 2867 3803 2942 μηδενὸς

2284 2976 2442 3040 ὄντος
2488 2972 2585 3028 τοῦ
2636 2971 2928 3035 λαλοῦντος
2982 2971 3016 3041 ἦ
3068 2969 3381 3043 δρωμένου,
3443 2957 3804 3062 πολλῷ-μᾶλλον

2284 3067 2690 3141 γρηγοροῦντες
2721 3064 2944 3137 ἀληθῶς
2971 3065 3021 3118 οἱ
3053 3064 3201 3134 ἅγιοι
3240 3061 3525 3118 πείσονται
3562 3057 3713 3117 τοῦτο,

2286 3140 2424 3215 Θεοῦ
2469 3157 2823 3230 ἐνεργοῦντος
2858 3155 3047 3219 αὑτοῖς
3092 3153 3436 3226 γρηγοροῦσι
3470 3148 3602 3204 κατὰ
3623 3140 3804 3214 παράδο-

2287 3253 2377 3319 ξον
2391 3251 2574 3325 χάριν,
2593 3251 2730 3322 ὅπερ
2755 3249 2920 3320 ἡμεῖς
2942 3247 3178 3318 πάσχειν
3200 3245 3359 3317 νόμῳ
3376 3243 3586 3315 φύσεως
3612 3232 3804 3325 aut:in

2285 3324 2478 3399 sm.
2503 3341 2796 3413 εἰώθαμεν.
2835 3358 2855 3392 ι
2906 3338 3144 3409 Ἀψευδῆ
3171 3339 3229 3392 δι
3257 3336 3460 3399 νυκτὸς
3494 3334 3607 3404 seu
3631 3348 3648 3382 ι
3684 3324 3805 3380 αὑτὸν

2285 3434 2660 3507 ὑπολαμϐάνω
2683 3419 2919 3504 λέγεινῆ
2949 3429 3050 3503 τὴν
3072 3431 3134 3484 ὲν
3159 3431 3272 3494 τοῖς
3297 3427 3496 3492 ὕπνοις
3521 3424 3650 3480 κατά
3669 3415 3803 3507 ψυχὴν

2284 3505 2492 3599 ἀκριδῆ
2512 3525 2807 3596 γινομένην
2829 3521 2939 3577 τῶν
2969 3521 3281 3594 μελλόντων
3329 3517 3658 3591 πραγμάτων
3675 3505 3803 3599 κατάὴ-

2283 3593 2576 3689 ληῷινξῶς
2605 3593 2692 3670 ἐπ’
2736 3593 2939 3684 Ἰωσὴφ
2971 3593 3070 3666 καί
3089 3609 3310 3679 Δανιὴλ,
3349 3609 3385 3679 ἢ
3431 3603 3680 3661 ὀπτασίαν
3708 3593 3800 3651 τινὰ

2287 3708 2450 3763 θείων
2479 3706 2824 3778 πραγμάτων
2861 3705 2949 3759 διὰ
2993 3704 3096 3774 τὴν
3134 3705 3199 3757 ὲκ
3230 3701 3446 3770 πολλῆς
3491 3693 3803 3765 καθαρότητος

2287 3800 2466 3873 ἄκραν
2496 3797 2767 3854 ἀπάθειαν
2798 3799 2896 3853 καὶ
2925 3795 3133 3868 σαρκὸς
3171 3793 3482 3864 ὀφθαλμοῖς
3530 3785 3680 3857 ἁγίων
3707 3782 3805 3834 6m-

2285 3892 2618 3947 πίπτουσαν.
2655 3909 2675 3944 ι
2730 3890 2845 3962 Τὴν
2897 3889 2955 3944 δὲ
2998 3887 3094 3943 τοῦ
3153 3884 3494 3959 ἡγεμονικοῦ
3537 3879 3746 3934 τύπωσιν
3787 3883 3800 3920 ι

2284 3981 2442 4056 οἶμαι
2475 3985 2605 4039 κατ“-
2639 3981 2881 4054 ἔμφασιν
2919 3979 3084 4035 αὑτὸν
3115 3978 3299 4048 λέγειν
3333 3978 3464 4039 τοὺς
3498 3967 3804 4064 μονοτρόπςί

2285 4080 2362 4144 ὡς
2387 4080 2446 4132 ὲν
2469 4079 2662 4142 εἰκόνι,
2709 4074 2854 4130 κατὰ
2883 4075 2984 4145 τὴν
3038 4074 3218 4145 ἁπλῆν
3263 4071 3364 4126 καὶ
3409 4067 3703 4158 ἀδιάστατον
3735 4071 3805 4158 £30

2285 4169 2474 4242 νοεροῦ
2508 4168 2819 4242 προσδολὴν
2850 4169 2968 4231 τοῖς
2998 4166 3178 4235 ἁγίοις
3204 4157 3692 4236 προσφαινομένους
3724 4160 3805 4247 τηεν

2289 4257 2594 4332 μελλόντων
2644 4256 2870 4319 τύπους.
2916 4255 3090 4324 Κάγὼ
3137 4253 3237 4325 μὲν
3281 4246 3461 4307 ταῦτα
3501 4246 3806 4332 στοχαστυιως

605 4332 926 4390 intellectus
972 4339 1395 4409 applicationem
1445 4348 1793 4417 apparentia.
1847 4350 2028 4420 Atque
2080 4367 2182 4424 ego

2286 4330 2418 4422 περὶ
2447 4349 2654 4404 τούτων
2692 4348 2974 4420 θαρρήσας
3004 4343 3179 4410 εἷπον,
3201 4344 3306 4414 τῆς
3339 4341 3462 4435 κατ’
3492 4336 3622 4435 αὑτὰ

603 4422 829 4492 quidem
855 4425 970 4481 haec
987 4425 1056 4483 de
1074 4427 1195 4485 istis
1212 4432 1661 4502 coniecturaliter
1678 4437 1864 4495 dicere
1885 4419 2181 4506 audebam,

2423 4440 2588 4514 χάριν
2639 4439 2742 4493 οὑκ
2768 4419 3034 4510 εἰληφὼς,
3073 4434 3254 4506 (193
3279 4435 3330 4504 θ)
3362 4431 3454 4486 διὰ
3487 4429 3579 4500 τὴν
3603 4422 3682 4479 τοῦ
3719 4419 3806 4514 “.5.

602 4515 699 4585 qui
735 4518 1064 4587 experiundi
1105 4522 1379 4593 ejusmodi
1423 4529 1656 4599 gratiam
1685 4541 1884 4588 nactus
1911 4549 2022 4588 non
2050 4505 2178 4598 sim,

2286 4505 2553 4598 τάξαντος
2589 4505 2971 4584 κέλευσιν.Ἐί
3017 4525 3077 4579 δέ
3131 4505 3216 4589 τις
3246 4523 3358 4577 τῶν
3407 4516 3690 4591 εἰληφότων

600 4607 723 4679 ejus
740 4610 1135 4685 quidemjusso
1171 4616 1266 4687 qui
1290 4616 1347 4673 id
1375 4619 1511 4676 mihi
1545 4623 1750 4693 negotii
1788 4623 2047 4696 injunxit.
2075 4625 2182 4681 Sed

2295 4625 2458 4696 χάριν
2508 4621 2721 4686 τούτοις
2780 4620 3013 4691 ἐντύχοι,
3094 4619 3170 4690 μή
3230 4634 3298 4688 με
3365 4616 3467 4686 τῆς
3535 4599 3804 4680 προπετείας

602 4701 651 4757 si
673 4703 797 4774 quis
822 4719 1020 4762 eorum
1048 4709 1142 4778 qui
1174 4711 1403 4780 gratiam
1437 4714 1586 4769 nacti
1615 4724 1746 4770 sunt
1773 4716 1916 4772 hanc
1938 4718 2182 4789 qualem-

2297 4717 2598 4790 μέμψαιτο,
2628 4715 2765 4771 ἀλλά
2798 4714 3002 4787 μᾶλλον
3026 4713 3127 4784 τῆς
3157 4711 3472 4804 εὐπειθείας
3498 4697 3802 4804 undequi:

603 4809 828 4865 cunque
880 4813 1061 4854 meam
1097 4801 1463 4872 scriptionem‘
1503 4805 1722 4877 legerit,
1765 4823 1922 4878 rogo,
1966 4826 2037 4865 ne
2091 4826 2181 4867 me

2291 4810 2398 4865 κᾶν
2422 4808 2681 4880 οὐδεμίαν
2722 4804 3070 4877 ἔμφαντικὴν
3114 4804 3345 4875 δύναμιν
3375 4799 3472 4856 τού
3523 4798 3702 4851 σκοποῦ
3724 4798 3803 4840 των

602 4885 923 4954 petulantiae
964 4889 1276 4958 criminari,
1306 4893 1403 4949 sed
1436 4895 1608 4965 magis
1645 4895 2020 4952 obedientiam
2055 4913 2182 4969 pro-

2291 4899 2670 4974 προτεθέντων
2693 4900 2723 4954 ό
2747 4897 2939 4972 παρὼν
2962 4897 3062 4971 ἔχῃ
3082 4897 3245 4965 λόγος

605 4980 739 5037 bare
769 4982 925 5050 velit,
990 4984 1209 5041 etiamsi
1247 4986 1350 5043 ista
1417 4986 1714 5058 disputatio
1747 5005 1942 5047 eorum
1976 4965 2100 5049 oua;
2149 4965 2430 5066 proposita
2471 5001 2636 5051 erant
2673 4965 2946 5050 summam
2992 4965 3062 5047 et
3096 4989 3383 5048 cardinem
3450 4965 3801 5043 demonstrandi

605 5072 717 5127 vim
763 5073 964 5130 habeat
1005 5077 1236 5133 nullam.

2300 5240 2406 5295 Ἐκ
2439 5237 2550 5295 τοῦ
2585 5237 2774 5294 αὑτοῦ
2805 5237 3017 5307 λόγου,
3055 5236 3143 5302 εἰς
3164 5234 3255 5298 τὸ,
3287 5252 3307 5286 ι
3340 5232 3551 5296 Παύλῳ
3578 5223 3639 5280 δὲ
3656 5216 3803 5307 εἰμὲνξ

2358 5329 2586 5401 ἐκφορὰ
2609 5325 2690 5400 ἦν
2725 5329 2765 5384 ἆ
2800 5305 3112 5398 παρέσχεν
3150 5329 3184 5380 ὁ
3219 5327 3415 5395 τρίτος
3443 5316 3695 5389 οὐρανὸςο

2359 5422 2398 5490 ἠ
2427 5393 2901 5491 μέχρις-ἐκείνοι)
2927 5393 3209 5488 πρόοδος,
3302 5413 3606 5476 ἀνάϐασις,
3636 5403 3670 5472 ἦ
3692 5393 3802 5456 Μ

2367 5516 2558 5584 ληψις
2734 5532 2752 5563 ι

2363 5615 2532 5693 Φασὶν
2567 5615 2618 5668 οἱ
2648 5616 2759 5680 τοῖς
2788 5613 2955 5679 θείοις
2981 5612 3162 5684 σοφῶς
3191 5606 3644 5683 ὲμμελετήσαντες
3663 5592 3800 5660 λάτοιπς

607 5226 694 5283 Ex.
733 5229 911 5284 eodem
956 5247 1218 5299 sermone,
1257 5236 1315 5290 in
1359 5235 1496 5292 illud
1522 5253 1542 5292 :
1575 5258 1594 5291 ι
1631 5237 1780 5304 Quod
1829 5241 1877 5295 si
1905 5239 2078 5296 Paulo
2121 5257 2185 5296 ea

675 5334 794 5388 qua:
839 5324 1051 5378 tertium
1087 5326 1275 5381 caelum
1315 5327 1360 5393 ί,
1400 5338 1560 5402 atque
1590 5331 1661 5386 ad
1692 5330 1830 5386 illud
1863 5349 2028 5405 usque
2060 5350 2189 5404 pro-

675 5413 896 5484 gressio,
920 5414 1004 5468 vel
1027 5420 1283 5486 ascensio,
1319 5421 1400 5475 vel
1421 5425 1733 5494 assumptio,
1757 5425 2011 5492 exhibuit,
2041 5425 2189 5481 evul-

677 5519 809 5574 gare
853 5506 1102 5563 licuisset.
1135 5529 1154 5562 ι

677 5595 783 5665 Qui
812 5598 868 5654 in
895 5599 1099 5657 divinis
1130 5602 1408 5674 sapienter
1437 5607 1787 5664 sermonibus
1826 5610 2030 5666 versati
2059 5619 2188 5665 sunt

687 5728 709 5754 υ
746 5715 884 5772 Gen.
917 5734 1024 5784 xu,
1054 5718 1162 5787 58;
1191 5718 1328 5774 Dan.
1356 5737 1414 5788 It,
1446 5722 1532 5778 19.
1616 5727 1630 5764 ί
1663 5725 1705 5780 ll
1736 5725 1864 5782 Cor.
1901 5743 1995 5792 xu,
2025 5728 2080 5781 2.

686 5833 761 5899 (ὅ)
794 5835 937 5892 Idem
965 5838 1086 5892 ibid.
1122 5855 1241 5910 cap.
1273 5841 1362 5907 ΞΟ,
1395 5858 1448 5912 p.
1481 5843 1606 5911 510,
1640 5852 1770 5900 tom.
1806 5845 1842 5900 l.
1877 5844 2018 5916 Opp.
2047 5829 2182 5902 edit.
2217 5844 2418 5902 Bencd.
