4026 6288
224 322 359 387 1237

1474 319 1995 382 AMBIGUORUM
2036 320 2266 383 LIBER
2275 355 2299 383 ,τ

3352 311 3491 378 1238

215 434 330 488 τῶν
356 430 642 504 ὀνομάτων
675 429 820 485 κατά
862 430 1151 504 περίληψιν
1175 432 1243 487 τά
1278 432 1377 505 μὲν
1419 432 1610 497 οὐσίας
1632 429 1797 497 εἶναι,

1926 433 2324 499 'ocabulorum,
2356 431 2402 488 si
2435 430 2921 504 comprehendere
2963 430 3240 497 volumus,
3278 442 3492 502 partem

214 529 291 582 τὰ
318 527 378 581 δὲ
403 527 663 596 σχέσεως,
699 526 769 580 τά
811 524 868 579 δὲ
897 525 1119 599 χάριτος
1155 527 1189 598 ἢ
1226 525 1523 592 ἀπωλείας.
1557 522 1686 584 Οἴον
1721 528 1807 581 ού-

218 620 346 684 στας
382 620 503 691 μὲν,
543 619 622 683 ὡς
652 620 781 673 ὅταν
823 618 1059 688 λέγωσιν
1102 637 1121 672 ι
1156 619 1466 691 ἄνθρωπος’
1502 639 1520 673 ι
1566 620 1804 691 σχέσεως

212 712 298 777 δὲ,
330 711 407 775 ὡς
430 712 560 765 ὅταν
604 711 839 780 λέγωσιν
873 730 891 764 ι
927 712 1154 781 ἀγαθὸς,
1179 730 1199 764 ι
1241 712 1275 783 ἢ
1306 713 1496 782 ἆγιος,
1528 731 1548 765 ι
1574 712 1607 784 ἢ
1641 712 1807 782 σοφὸς

212 802 530 875 ἄνθρωπος,
562 823 579 855 ι
611 803 644 875 ἢ
678 802 737 856 τὸ
766 803 1007 857 ἐναντίον
1042 823 1060 856 ι
1094 804 1334 876 πονηρὸς
1366 804 1676 877 ἄνθρωπος,
1706 824 1725 857 ι
1771 806 1805 877 ἢ

222 915 244 947 ‹
293 896 507 967 ἄφρων,
542 896 621 967 »ἢ
660 915 679 948 ι
711 896 1045 968 ἀκάθαρτος·
1087 917 1105 949 ι
1140 896 1223 969 (τὸ
1264 897 1374 969 γὰρ
1415 898 1553 970 πρός
1589 898 1643 952 τί
1689 916 1806 963 πως

214 988 369 1059 ἔχειν
399 989 508 1044 τῶν
536 990 600 1044 ἐκ
626 989 924 1063 δαμέτρου
967 992 1082 1056 τοίς
1110 992 1377 1057 ἐναντίοις
1402 993 1806 1066 διειλημμένων

213 1082 455 1137 ἕκαστον
489 1083 523 1153 ῆ
551 1084 734 1155 σχέσις
766 1084 1090 1156 παριστῶσα
1122 1085 1346 1151 δικαίως
1369 1086 1427 1154 ἐξ
1466 1082 1542 1140 ὧν
1573 1086 1685 1158 ἔχει
1706 1088 1808 1158 τὴν

216 1175 621 1246 προαιρετικὴν
645 1175 761 1241 ἕξιν
793 1176 1103 1232 ἐνδιάθετον
1133 1178 1556 1251 προσαγορεύει)
1580 1180 1808 1251 χάριτος

215 1265 298 1329 δὲ,
329 1267 460 1320 ὅταν
500 1267 632 1333 Θεὸς
663 1271 691 1323 ό
736 1268 1023 1341 ἄνθρωπος
1049 1273 1162 1334 τοῖς
1187 1270 1367 1341 λόγοις
1392 1271 1756 1345 ὀνομάζηται,
1778 1274 1807 1325 ό

210 1358 309 1412 διὰ
353 1360 571 1414 πάντων
596 1361 835 1432 ὑπήκοος
854 1362 974 1433 Θεῷ
1004 1363 1295 1432 γενόμενος
1330 1361 1640 1435 ἄνθρωπος,
1666 1363 1810 1418 κατά

216 1453 305 1511 τὸ.
333 1453 484 1523 Ἐγὼ
502 1451 662 1520 εἶπα,
683 1455 821 1510 Θεοί
839 1455 1001 1522 ἐστε,
1025 1454 1149 1508 οὔτε
1171 1456 1312 1511 κατά
1332 1455 1494 1526 φύσιν
1516 1456 1642 1523 οὔτε
1664 1458 1808 1513 κατὰ

219 1548 413 1617 σχέσιν
442 1548 581 1619 έχων
624 1549 685 1603 τὺ
735 1544 875 1603 εἶναι
905 1550 938 1621 ἢ
976 1549 1261 1605 καλεῖσθαι
1298 1551 1452 1619 Θεὸς,
1498 1551 1635 1607 ἀλλά
1664 1554 1808 1608 κατὰ

215 1639 380 1691 θέσιν
408 1642 532 1694 ⁸καί
574 1640 733 1712 χάριν
764 1641 1059 1713 γενόμενός
1090 1659 1151 1696 τε
1185 1643 1281 1696 καὶ
1307 1645 1735 1715 ὀνομαζόμενος
1774 1647 1808 1718 ἢ

217 1732 337 1804 γὰρ
376 1732 537 1803 χάρις
573 1734 673 1804 τῆς
718 1734 923 1800 θέσεως
968 1735 1203 1806 ἀσχετός
1253 1738 1372 1791 ἐστι
1431 1737 1805 1803 παντάπασιν,

218 1824 326 1876 οὐκ
355 1824 557 1895 ἔχουσα
586 1827 686 1897 τὴν
708 1826 924 1881 οίανοῦν
943 1827 1202 1902 δεκτικὴν
1234 1830 1438 1901 ἑαυτῆς
1473 1832 1531 1885 ἐν
1558 1834 1625 1902 τῇ
1654 1830 1814 1901 φύσει

218 1916 503 1988 δύναμιν,
529 1918 655 1972 ἐπεὶ
691 1918 793 1973 ούκ
825 1919 907 1973 ἔτι
948 1921 1107 1992 χάρις
1135 1921 1308 1985 ἐστὶν,
1361 1921 1500 1977 ἀλλά
1533 1923 1633 1993 τῆς
1673 1924 1816 1978 κατά

220 2006 329 2077 τὴν
362 2007 597 2079 φυσικὴν
622 2006 853 2080 δύναμιν
878 2008 1163 2081 ἐνεργείας
1190 2010 1516 2081 φανέρωσις.
1541 2012 1650 2066 Καὶ
1671 2012 1817 2068 οὕτω

221 2115 289 2165 γε
322 2099 487 2153 πάλιν
512 2098 612 2152 ούκ
645 2098 799 2154 ἔσται
831 2101 1134 2173 παράδοξον
1170 2102 1229 2155 τὸ
1253 2102 1562 2173 γινόμενον,
1599 2106 1648 2157 εί
1674 2106 1817 2160 κατά

221 2190 487 2262 δεκτικὴν
529 2192 746 2262 φύσεως
771 2193 1007 2265 δύναμιν
1047 2197 1081 2264 ἠ
1112 2195 1308 2261 θέωσις
1336 2192 1425 2268 ἦν.
1456 2196 1678 2264 Φύσεως
1708 2202 1818 2272 γὰρ

224 2281 294 2334 ἂν
334 2282 561 2346 εἰκότως
587 2284 769 2355 ἔργον.
788 2284 902 2338 ἀλλ’
927 2285 987 2339 ού
1012 2286 1148 2341 Θεοῦ
1164 2286 1336 2360 δῶρον
1357 2291 1391 2358 ἡ
1417 2289 1615 2355 θέωσις
1641 2291 1815 2359 ἔσται,

226 2374 327 2428 καὶ
360 2375 652 2445 δυνήσεται
685 2378 781 2432 καὶ
819 2377 1005 2451 (194
1049 2380 1104 2451 a)
1154 2378 1318 2450 φύσει
1356 2380 1490 2445 Θεὸς
1526 2383 1821 2449 ότοιούτος

225 2464 376 2523 εἶναι
402 2470 499 2523 καὶ
534 2471 745 2543 κυρίως
791 2472 1325 2545 προσαγορεύεσθαι.
1363 2474 1533 2529 Οὐδὲν
1557 2476 1665 2548 γάρ
1692 2477 1820 2530 ἄλλο

226 2559 576 2634 καθέστηκεν
610 2564 643 2634 ὴ
670 2563 813 2617 κατά
846 2562 1013 2631 φύσιν
1053 2563 1163 2617 τῶν
1185 2563 1359 2618 ὄντων
1384 2566 1616 2620 ἑκάστου
1659 2566 1813 2621 δύνα-

225 2671 325 2723 μις
359 2655 394 2723 ἢ
425 2654 642 2723 φύσεως
686 2655 826 2726 πρὸς
860 2655 1143 2727 ἐνέργειαν
1190 2656 1548 2728 ἀπαράϐατος
1584 2657 1819 2729 κίνησις.

184 2742 189 2747 ’
228 2747 359 2812 Πῶς
386 2748 444 2801 δὲ
484 2748 577 2802 καὶ
610 2738 887 2821 ἐξίστησιν
921 2748 1118 2804 ἑαυτοῦ
1149 2751 1241 2803 τὸν
1276 2749 1569 2821 θεούμενον
1613 2752 1646 2822 ἡ
1685 2751 1821 2805 θέω-

228 2856 341 2903 σις,
390 2840 439 2892 εί
483 2842 595 2904 τοῖς
637 2841 786 2911 ὅροις
823 2841 922 2911 τῆς
971 2841 1187 2911 φύσεως
1233 2842 1372 2914 αὑτὴ
1424 2842 1819 2913 περιείληπτο,

227 2932 473 2986 συνιδεῖν
502 2932 603 2987 ούκ
647 2933 777 3004 ἔχω.
824 2932 1103 2999 Ὡσαύτως
1128 2935 1185 2988 δὲ
1217 2935 1311 2989 καὶ
1343 2938 1406 3013 ἐκ
1444 2936 1539 2989 τοῦ
1574 2936 1821 2990 ἐναντίου

227 3023 513 3078 ἀπώλειαν
572 3026 664 3079 καὶ
720 3025 886 3097 ᾅδην,
944 3028 1040 3082 καὶ
1087 3028 1239 3092 υἱοὺς
1284 3027 1586 3097 ἀπωλείας,
1622 3030 1717 3083 καὶ
1755 3029 1824 3083 τὰ

227 3113 461 3167 τοιαῦτα
490 3116 964 3188 προσαγορεύουσι
1011 3117 1141 3183 τοὺς
1168 3120 1230 3172 τὸ
1261 3119 1335 3190 μὴ
1366 3119 1425 3174 ὂν
1470 3122 1611 3175 κατά
1646 3120 1823 3175 διάθε-
1852 3134 1895 3202 α

232 3225 323 3259 σιν
365 3209 581 3272 ἑαυτοῖς
612 3210 1050 3281 ύποστήσαντας,
1076 3212 1171 3265 καὶ
1200 3214 1316 3277 τοῖς
1340 3213 1565 3284 τρόποις
1594 3214 1749 3285 αὐτῷ
1782 3218 1828 3248 ’³

227 3298 327 3352 διὰ
368 3300 588 3354 πάντων
617 3302 954 3374 γενομένους
999 3309 1399 3376 παρεμφερεῖς.
1448 3302 1617 3377 Οἶμαι
1648 3307 1830 3362 τοίνυν

228 3392 329 3444 τὸν
367 3392 525 3461 ἆγιον
561 3394 751 3450 τοῦτον
786 3398 881 3450 καὶ
921 3397 1097 3468 μέγαν
1135 3398 1460 3454 διδάσκαλον
1484 3402 1577 3454 ἐπὶ
1602 3401 1727 3454 νοῦν
1760 3404 1831 3457 τὰ

231 3487 616 3556 προειρημένα
653 3487 888 3543 λαϐόντα
915 3490 1014 3561 τὴν
1059 3491 1119 3545 ἐν
1167 3492 1381 3555 τούτοις
1432 3494 1692 3565 ἁρπαγὴν
1734 3495 1829 3549 τοῦ

234 3578 401 3645 ἁγίου
446 3579 771 3634 Ἀποστόλου
817 3582 1212 3645 διασκευάσαι,
1269 3586 1569 3654 προσφυῶς
1613 3587 1831 3658 ἑκάστῳ

232 3670 339 3738 τὴν
366 3671 715 3740 ἁρμόζουσαν
745 3674 929 3746 φωνὴν
954 3675 1355 3746 ἀπονείμαντα.
1394 3678 1486 3731 Διὸ
1513 3696 1532 3729 ι
1563 3680 1822 3749 πρόοδονο

236 3764 344 3833 μὲν
383 3765 547 3818 αὐτὸν
579 3767 794 3821 ὑπονοῶ
828 3768 1008 3838 λέγειν
1034 3770 1133 3841 τὴν
1170 3769 1276 3835 ἔξω
1308 3771 1409 3840 τῆς
1434 3773 1671 3841 φυσικῆς
1691 3774 1827 3828 ἀνά-

235 3873 383 3926 γκης
426 3857 517 3910 τὸν
548 3858 701 3925 ἀγιον
742 3860 1066 3914 ’Ᾱπὸστολον
1098 3864 1532 3932 καταστήσασαν
1565 3863 1663 3934 τῆς
1703 3865 1834 3935 ἀρε-

234 3950 343 4018 τῆς
376 3951 521 4004 κατά
552 3950 652 4024 τὴν
680 3952 792 4019 ἕξιν
815 3953 1106 4020 ἀπάθειαν,
1131 3954 1254 4008 καθ’
1278 3956 1344 4027 ἢν
1367 3955 1629 4027 οὐδεμίαν
1658 3955 1832 4010 εἵλετο

237 4043 383 4113 πρὸς
426 4043 526 4115 τὴν
572 4044 736 4115 φύσιν
782 4044 927 4117 ἔχειν
968 4046 1347 4120 προαιρέσεως
1375 4048 1582 4118 σχέσιν,
1615 4049 1691 4113 ὡς
1737 4050 1834 4104 καὶ

236 4134 419 4202 αὐτῆς
447 4135 547 4206 τῆς
568 4136 689 4191 κατ’
713 4137 970 4209 αἴσθησιν
1008 4141 1248 4209 φυσικῆς
1282 4139 1567 4210 ἐνεργείας
1601 4140 1708 4207 ἔξω
1740 4159 1833 4211 γε-

239 4228 492 4293 νόμενον,
548 4229 750 4298 μᾶλλον
787 4231 845 4285 δὲ
889 4232 985 4285 καὶ
1028 4232 1232 4302 ταύτην
1276 4234 1413 4303 πρὸς
1448 4236 1832 4307 πνευματικὴν

237 4321 363 4385 ἕξιν
418 4322 815 4393 μεταϐαλόντα’
852 4342 873 4374 ι
911 4324 1178 4379 ἀνάϐασιν
1217 4344 1236 4376 ι
1268 4326 1325 4379 δὲ
1373 4333 1475 4397 τὴν
1502 4345 1561 4380 τε
1606 4328 1715 4382 τῶν
1748 4330 1833 4384 atl-

242 4414 464 4485 σθητῶν
496 4417 714 4470 πάντων
752 4416 1063 4488 ἀπόλειψιν,
1095 4419 1198 4471 οὐκ
1251 4418 1331 4472 ἔτι
1378 4419 1752 4489 ἐνεργούντων
1797 4423 1829 4491 ἦ

242 4506 663 4576 ἐνεργουμένων
716 4508 849 4579 παρ’
893 4507 1045 4579 αύτῷ
1088 4509 1231 4562 κατά
1277 4508 1377 4579 τὴν
1412 4509 1665 4579 αἴσθησιν
1690 4550 1705 4574 ,
1739 4513 1834 4565 καὶ
1870 4491 1910 4545 ί)

241 4598 349 4666 τῆς
390 4599 522 4669 περὶ
566 4599 706 4654 αύτά
745 4600 889 4654 κατά
919 4600 1083 4671 φύσιν
1126 4601 1185 4653 ἐν
1214 4600 1491 4669 πνεύματι
1522 4604 1836 4672 γνωστικῆς

245 4692 489 4762 θεωρίας
523 4692 861 4767 ὑπέρϐασιν’
887 4711 908 4746 ι
946 4692 1217 4763 ἀνάληψις
1247 4711 1266 4745 ι
1300 4693 1358 4746 δὲ
1378 4693 1479 4765 τὴν
1508 4694 1567 4746 ἐν
1591 4693 1671 4764 τῷ
1710 4694 1831 4764 Θεῷ

245 4784 552 4857 γενομένην
575 4786 726 4856 αύτῷ
762 4786 902 4858 μετά
944 4785 1114 4840 ταῦτα
1169 4787 1340 4857 μονήν
1368 4802 1429 4839 τε
1474 4786 1570 4839 καὶ
1600 4786 1833 4858 ἵδρυσιν,

247 4879 316 4948 ἣν
344 4877 676 4948 προσφόρως
708 4898 727 4929 ι
762 4877 1033 4948 ἀνάληψιν
1068 4898 1086 4931 ι
1125 4879 1155 4931 ὁ
1185 4877 1509 4942 διδάσκαλος
1554 4873 1726 4941 εἶπεν,
1760 4878 1838 4942 ὡς

249 4971 493 5026 παθόντα
529 4970 730 5039 μᾶλλον
754 4972 789 5043 ἢ
813 4972 1089 5044 δράσαντα
1117 4972 1207 5024 τὸν
1236 4970 1562 5024 ’Λπόστολον
1585 4971 1685 5043 τὴν
1706 4971 1840 5024 ἀνά-

249 5062 414 5132 ληψιν
449 5062 883 5134 ἐνδεικνύμενος.
937 5064 1003 5116 Ἡ
1040 5062 1311 5133 ἀνάληψις
1345 5060 1455 5133 γὰρ
1497 5061 1670 5125 πάθος
1723 5063 1842 5116 ἐστί

251 5156 345 5209 τοῦ
380 5155 939 5228 ἀναλαμϐανομένου,
990 5154 1180 5228 (194
1228 5155 1279 5227 b)
1341 5155 1597 5225 ἐνέργεια
1643 5155 1702 5208 δὲ
1744 5153 1840 5208 τοῦ

254 5249 754 5319 ἀναλαμϐάνοντος.
814 5246 917 5305 Ὧν
973 5248 1266 5320 τοιγαροῦν
1322 5247 1572 5317 φυσικῶν
1635 5265 1697 5301 τε
1748 5251 1845 5302 καὶ

256 5342 527 5413 σχετικῶν
559 5344 841 5415 ὀνομάτων
886 5344 1102 5415 ὑπῆρχε
1155 5344 1361 5415 Κύριος
1399 5344 1428 5394 ὁ
1488 5340 1841 5405 Ἀπόστολος,

257 5439 401 5492 κατά
422 5454 484 5491 τε
514 5439 678 5508 φύσιν
709 5439 805 5493 καὶ
836 5438 1023 5510 σχέσιν
1052 5437 1298 5509 ὑπερέϐη
1329 5437 1430 5508 τὴν
1462 5435 1679 5507 κλῆσιν.
1700 5436 1842 5505 ὑπὲρ

259 5532 423 5600 φύσιν
445 5535 539 5586 καὶ
563 5533 765 5605 ἀρετὴν
794 5533 891 5586 καὶ
920 5532 1123 5603 γνῶσιν
1149 5530 1502 5604 ἀνθρωπίνην
1526 5530 1843 5600 γενόμενος.

334 5686 358 5725 s
387 5677 545 5731 Joan.
574 5692 626 5738 Χ,
660 5677 748 5730 5-2.

1907 526 2230 582 substantiae
2256 540 2401 592 esse,
2442 534 2657 596 partem
2691 523 3022 589 an‘eetionis,
3054 534 3270 594 partem
3297 525 3491 597 gratiae

1906 628 2004 675 aut
2037 619 2328 690 perniciei.
2371 617 2545 685 Quale
2585 611 2692 683 est,
2749 617 3076 673 substantia
3126 619 3380 688 quidem,
3433 629 3495 674 ut

1906 725 2032 765 cum
2087 710 2283 766 dicunt
2331 729 2350 761 ι
2385 710 2582 777 homo;
2618 729 2636 761 ι
2688 708 3008 763 all‘ectionis
3042 726 3196 776 vero,
3247 720 3309 773 ut
3361 726 3489 767 cum

1907 802 2103 858 dicunt
2165 822 2183 852 ι
2215 804 2417 869 bonus,
2462 823 2481 855 ι
2515 803 2626 867 ,νει
2676 822 2693 853 ι
2727 811 2976 864 sanctus,
3007 822 3025 855 ι
3080 804 3166 858 vel
3216 823 3233 856 ι
3270 805 3494 875 sapiens

1909 896 2097 961 homo,
2132 916 2149 948 ι
2192 905 2289 951 aut
2331 897 2674 951 contrarium
2707 897 2840 953 huic
2884 916 2904 947 ι
2932 897 3110 952 malus
3148 896 3335 962 homo,
3368 918 3385 951 ι
3410 900 3496 954 vel

1917 1008 1935 1041 ι
1966 988 2254 1058 insipiens,
2285 1007 2304 1039 ι
2346 989 2430 1043 vel
2462 988 2792 1058 «impurus»
2833 988 2920 1059 (ad
2962 988 3175 1059 aliquid
3215 990 3365 1044 enim
3406 991 3494 1045 ali-

1909 1080 2187 1152 quomodo
2232 1096 2291 1136 se
2323 1080 2528 1137 habere
2566 1095 2759 1136 eorum
2799 1096 2923 1151 quae
2951 1081 3245 1136 contrariis
3290 1082 3501 1138 directe

1910 1173 2119 1227 distant
2166 1172 2599 1243 unumquodque
2644 1171 2868 1227 aﬂ'ectio
2914 1172 3031 1227 sive
3067 1172 3263 1227 relatio
3297 1188 3502 1244 reprae-

1910 1273 2137 1319 sentans
2184 1265 2310 1335 jure
2347 1280 2415 1319 ex
2444 1264 2652 1335 quibus
2694 1263 3001 1320 voluntatis
3029 1264 3280 1321 habitum
3337 1266 3505 1322 habet

1914 1354 2064 1411 intus
2088 1366 2417 1427 conceptum
2448 1356 2730 1427 appellat).
2763 1356 2952 1427 gratiae
2999 1373 3150 1422 vero,
3183 1374 3309 1413 cum
3337 1358 3505 1411 homo

1913 1450 2060 1504 Deus
2095 1450 2153 1504 in
2185 1450 2539 1505 sermonibus
2582 1450 2917 1520 appellatur,
2975 1450 3141 1505 homo
3182 1466 3282 1521 per
3318 1450 3505 1505 omnia

1912 1542 2027 1597 Deo
2060 1542 2326 1598 obediens
2356 1542 2555 1608 factus,
2605 1542 2913 1599 secundum
2957 1542 3141 1597 illud:
3196 1540 3310 1615 Ego
3356 1544 3505 1597 dixi:

1914 1634 2004 1690 Dii
2042 1637 2165 1691 estis
2201 1638 2249 1700 ε,
2278 1652 2382 1692 nec
2440 1646 2638 1692 natura
2688 1652 2790 1692 nec
2830 1635 3127 1691 affectione
3171 1636 3344 1691 Deum
3382 1650 3505 1691 esse

1915 1737 2015 1783 aut
2037 1729 2301 1799 appellari
2323 1728 2559 1794 habens,
2593 1728 2693 1784 sed
2718 1728 2999 1799 positione
3035 1736 3092 1783 et
3125 1727 3304 1798 gratia
3328 1726 3507 1782 factus

1918 1830 1974 1876 et
2005 1822 2347 1892 appellatus;
2372 1821 2665 1892 positionis
2683 1822 2833 1877 enim
2856 1823 3031 1893 gratia
3056 1821 3353 1877 affectione
3385 1835 3506 1875 om—

1916 1913 2050 1968 nino
2080 1923 2258 1979 caret,
2308 1922 2415 1969 nec
2438 1915 2609 1970 habet
2635 1917 3086 1985 qualemcunque
3119 1914 3207 1969 sui
3243 1928 3505 1983 capacem

1915 2007 1973 2061 in
2000 2016 2196 2062 natura
2222 2016 2574 2077 potestatem,
2610 2024 2740 2064 cum
2768 2025 2879 2063 non
2908 2009 3150 2079 amplius
3191 2008 3369 2079 gratia
3407 2007 3503 2068 sit,

1918 2099 2013 2155 sed
2043 2100 2267 2154 virtutis
2298 2102 2537 2156 naturali
2570 2101 2833 2158 facultate
2866 2100 3083 2173 agentis
3120 2109 3179 2156 et
3216 2099 3508 2155 ellicientis

1919 2190 2314 2248 manifestatio.
2347 2193 2528 2263 Atque
2557 2194 2639 2249 sic
2671 2209 2896 2247 rursum
2928 2192 3080 2262 quod
3118 2193 3179 2246 ﬁt
3210 2191 3359 2246 haud
3396 2190 3507 2244 mi-

1920 2299 2047 2338 rum
2082 2286 2211 2349 erit,
2243 2284 2289 2337 si
2322 2300 2420 2354 per
2453 2299 2713 2354 capacem
2755 2294 2969 2338 natura:
3015 2282 3336 2338 facultatem
3384 2279 3507 2335 dei-

1922 2373 2111 2430 ﬁcatio
2140 2376 2304 2430 foret.
2352 2375 2576 2431 Naturae
2619 2375 2770 2431 enim
2824 2376 3195 2447 probabiliter
3243 2391 3406 2445 opus,
3452 2383 3509 2429 at

1922 2484 2033 2523 non
2066 2468 2165 2523 Dei
2190 2469 2398 2524 donum
2425 2470 2706 2525 deiﬁcatio
2740 2479 2912 2535 esset,
2939 2480 2995 2525 et
3041 2470 3167 2525 talis
3197 2469 3366 2524 etiam
3412 2483 3511 2524 na-

1926 2570 2047 2616 tura
2080 2562 2227 2618 Deus
2254 2563 2373 2619 ﬁeri
2400 2565 2785 2636 appellarique
2836 2564 3062 2636 proprie
3108 2572 3318 2635 posset.
3361 2562 3512 2618 Nihil
3548 2592 3549 2595 η
3622 2564 3629 2569 ’

1922 2656 2075 2710 enim
2118 2657 2269 2711 aliud
2298 2668 2384 2714 est
2424 2660 2699 2715 naturalis
2732 2677 2916 2715 rerum
2948 2676 3073 2731 quae
3102 2659 3382 2715 exsistunt
3413 2672 3515 2713 cu-

1919 2748 2118 2819 jusque
2146 2748 2379 2804 facultas
2402 2765 2567 2819 quam
2602 2759 2815 2804 natura:
2842 2749 2907 2802 ad
2938 2748 3215 2819 agendum
3239 2755 3513 2818 perpetua

1924 2840 2115 2894 motio.
2148 2840 2437 2906 Quomodo
2460 2850 2647 2895 autem
2677 2840 2962 2895 deiﬁcatio
2990 2856 3117 2894 eum
3159 2840 3252 2908 qui
3278 2838 3509 2892 deiﬁca-

1923 2939 2018 2985 tur
2045 2947 2076 2986 a
2106 2946 2166 2986 se
2212 2931 2332 3003 ipso
2365 2931 2595 2997 alienet,
2648 2931 2693 2986 si
2754 2946 2820 2986 ea
2862 2939 3079 2984 natura:
3126 2929 3331 2983 ﬁnibus
3359 2943 3513 2982 com-

1927 3021 2203 3091 prehensa
2232 3029 2377 3087 erat,
2416 3023 2523 3077 hoc
2564 3022 2881 3092 intelligere
2918 3036 3025 3075 non
3063 3035 3311 3090 possum.
3338 3017 3516 3088 {Eque

1928 3129 2063 3169 vero
2086 3114 2254 3168 etiam
2285 3128 2357 3169 ex
2392 3113 2674 3168 contrario
2696 3111 3003 3183 perniciem
3033 3119 3089 3166 et
3125 3111 3427 3175 infernum,
3461 3120 3518 3165 et

1930 3204 2199 3275 perniciei
2235 3204 2402 3269 ﬁlios,
2464 3213 2522 3259 et
2546 3203 2746 3259 similia
2784 3204 3067 3274 appellant
3108 3217 3206 3257 eos
3234 3202 3330 3272 qui
3367 3201 3517 3272 quod

1932 3314 2043 3353 non
2072 3305 2158 3353 est
2184 3297 2492 3353 secundum
2541 3296 2897 3352 affectionem
2929 3294 3037 3350 sibi
3091 3302 3515 3366 repraasentant,

1932 3392 2297 3462 moribusque
2327 3393 2379 3449 ei
2415 3408 2517 3463 per
2541 3390 2727 3446 omnia
2760 3389 2889 3445 facti
2928 3397 3059 3444 sunt
3089 3404 3377 3459 suppares.
3413 3385 3517 3441 Ar-

1932 3484 2112 3539 bitror
2145 3485 2315 3555 igitur
2348 3485 2499 3540 hunc
2525 3492 2781 3539 sanctum
2808 3493 2865 3539 et
2904 3498 3163 3554 magnum
3190 3480 3517 3551 magistrum

1930 3596 2058 3635 cum
2107 3578 2162 3634 in
2182 3593 2250 3633 ea
2306 3594 2430 3648 quae
2485 3593 2653 3648 supra
2704 3576 2817 3633 dixi
2864 3575 3129 3630 animum
3192 3571 3523 3629 intendisset

1930 3679 2423 3726 commemoratum
2460 3669 2575 3724 illic
2599 3669 2773 3723 sancti
2808 3669 3055 3739 Apostoli
3086 3674 3306 3738 raptum
3342 3679 3519 3720 “exor-

1932 3778 2113 3827 nasse,
2147 3770 2273 3831 apte
2306 3777 2462 3817 suam
2499 3760 2704 3833 cuique
2745 3775 2936 3816 vocem
2991 3769 3047 3815 et
3092 3769 3520 3814 consentanea'n

1934 3857 2344 3913 distribuendo.
2399 3856 2580 3923 Quare
2639 3875 2657 3908 ι
2722 3855 3170 3926 progressionem
3217 3873 3235 3906 ι
3298 3852 3521 3923 quidem

1933 3963 2062 4003 eum
2095 3947 2281 4003 dicere
2314 3947 2569 4017 suspicor
2626 3944 2854 4000 virtutis
2909 3944 3216 4000 secundum
3267 3942 3523 3997 habitum

1935 4041 2437 4112 impassihilitatcm
2502 4056 2626 4111 quae
2679 4046 2934 4095 sanctum
2984 4037 3312 4110 Apostolum
3368 4046 3525 4092 extra

1936 4135 2240 4190 naturalem
2304 4134 2693 4190 necessitatem
2746 4133 3087 4197 constituat,
3153 4148 3261 4202 qua
3316 4130 3523 4185 nullam

1935 4231 2239 4285 voluntatis
2290 4228 2358 4285 ad
2391 4238 2649 4283 naturam
2687 4227 3010 4283 relationem
3066 4224 3272 4279 habere
3323 4223 3525 4286 voluit,

1933 4339 2061 4378 cum
2087 4336 2244 4381 extra
2274 4322 2447 4392 ipsam
2478 4336 2702 4391 quoque
2731 4319 3037 4374 naturalem
3071 4316 3377 4371 secundum
3398 4330 3527 4368 sen-

1932 4433 2059 4473 sum
2099 4416 2376 4471 actionem
2421 4414 2759 4470 constitutus
2791 4420 2968 4476 esset,
3018 4411 3130 4464 imo
3164 4410 3351 4480 potius
3387 4408 3531 4462 hanc

1941 4523 2161 4579 quoque
2190 4507 2244 4560 in
2280 4506 2625 4577 Spiritualem
2649 4506 2898 4559 habitum
2927 4503 3294 4558 convertisset
3330 4519 3342 4554 :
3381 4520 3400 4551 ι
3441 4515 3532 4554 as-

1942 4600 2262 4655 censionem
2301 4617 2321 4649 ι
2365 4614 2500 4652 vero
2530 4597 2776 4650 omnium
2816 4593 3166 4648 sensibilium
3211 4590 3534 4646 derelictio—

1944 4708 2093 4757 nem,
2116 4706 2239 4761 quae
2264 4705 2373 4745 non
2410 4689 2648 4758 amplius
2678 4695 2907 4757 agerent
2939 4693 3034 4739 aut
3058 4694 3353 4754 agerentur
3384 4683 3437 4735 in
3467 4697 3535 4733 eo

1942 4783 2251 4839 secundum
2279 4796 2528 4842 sensum,
2564 4788 2621 4834 et
2655 4777 2928 4831 naturalis
2961 4776 3015 4829 in
3045 4774 3247 4845 spiritu
3288 4773 3433 4827 circa
3469 4786 3535 4826 ea

1945 4876 2209 4947 gnostieae
2246 4871 2732 4943 contemplationis
2772 4867 3267 4941 transgressionem
3313 4881 3326 4917 :
3383 4882 3401 4913 ι
3443 4878 3534 4916 as-

1943 4968 2317 5038 sumptiouem
2351 4985 2368 5017 ο
2398 4981 2531 5019 vero
2562 4965 2616 5018 in
2649 4964 2761 5018 Deo
2784 4977 2908 5032 qua:
2938 4960 3169 5030 posthac
3196 4956 3354 5011 ﬂeret
3376 4971 3532 5008 man-

1944 5060 2158 5114 sionem
2194 5067 2251 5111 et
2298 5054 2756 5118 aediﬁcationem,
2799 5067 2963 5123 quam
3018 5048 3282 5120 magister
3332 5048 3535 5101 idoneo

1940 5167 2073 5208 sane
2106 5150 2380 5205 vocabulo
2414 5167 2434 5199 ι
2467 5145 2906 5215 assumptionem
2946 5162 2963 5194 ι
2994 5141 3236 5205 vocavit,
3270 5156 3381 5209 quo
3412 5144 3537 5208 pas-

1941 5261 2066 5300 sum
2119 5243 2295 5314 magis
2316 5257 2440 5296 esse
2467 5256 2632 5311 quam
2679 5238 2856 5308 egisse
2901 5234 3337 5304 assumptionem
3387 5232 3537 5302 Apo-

1942 5338 2148 5395 stolum
2181 5336 2540 5407 significaret.
2562 5331 2880 5401 Assumptio
2913 5330 3062 5386 enim
3089 5329 3275 5399 passio
3298 5338 3384 5383 est
3412 5329 3536 5396 ejus

1946 5432 2042 5502 qui
2093 5429 2438 5491 assumitur,
2498 5425 2644 5480 actio
2700 5432 2885 5478 autem
2938 5423 3059 5493 ejus
3126 5420 3223 5490 qui
3277 5418 3531 5473 assumit.

1946 5526 2192 5591 Quorum
2220 5521 2389 5592 igitur
2416 5518 2749 5574 naturalium
2776 5525 2831 5571 et
2861 5514 3213 5571 relativorum
3246 5510 3536 5564 nominum

1534 5735 1768 5800 VAHL‘E
1810 5730 2103 5793 LECTION
2114 5731 2215 5788 ES.

332 5818 380 5851 ⁵⁸
409 5817 543 5871 αὐτὸ
572 5815 698 5873 cod.
730 5814 871 5870 Gud.
