4026 6288
225 354 368 420 1241

1492 334 2036 423 ἈΜΒιουοιιυΜ
2058 362 2331 426 LIBER.

3369 366 3510 434 1242

223 467 505 540 ὑπεροχαὶ
551 466 640 521 διὰ
676 465 779 539 τὴν
825 464 1019 536 ὕφεσιν
1068 467 1189 531 ταῖς
1246 468 1365 538 μετ’
1392 468 1564 534 αὒτάς
1607 470 1803 538 ἀποερά⁴

1922 470 2095 525 Deum
2124 470 2333 540 excipit
2355 470 2664 526 secundum
2691 472 3069 544 cognitionem
3108 471 3354 547 negatio,
3382 497 3509 550 quae

222 576 480 615 σκονται.
549 559 639 622 Ὦς
688 562 799 629 γὰρ
834 558 978 630 ἅπερ
1018 559 1182 629 ἡμεῖς
1216 560 1355 612 νοεῖν
1398 561 1460 613 οὐ
1512 560 1811 632 δυνάμεθα,

219 656 345 717 τοῖς
384 653 524 723 ὑπὲρ
558 652 708 723 ημᾶς
746 650 922 719 ἀγίοις
970 651 1227 720 ἀγγέλοις
1276 652 1384 706 sisi.
1435 652 1640 723 νοητὰ,
1672 652 1817 706 οὕτω

220 747 330 799 καὶ
358 747 472 808 τοῖς
512 744 655 815 ὑπὲρ
680 745 826 815 ἡμᾶς
862 744 1039 812 ἀγίοις
1065 744 1321 814 ἀγγέλοις
1346 745 1417 800 τὰ
1442 745 1519 817 μὴ
1547 744 1816 816 νοούμενα

218 841 345 901 τοῖς
381 838 526 908 ὑπὲρ
564 837 764 900 αὐτοὺς
802 837 983 905 ἁγίοις
1032 837 1292 906 ἀγγέλοις
1340 838 1449 891 είσὶ
1488 838 1681 908 νοητὰ,
1718 837 1818 892 καὶ

219 931 375 985 οὕτω
416 929 541 983 καθ’
572 928 701 1000 ἑξῆς
749 928 858 981 ἀπὸ
888 928 1169 999 δυνάμεως
1200 930 1280 993 είς
1326 928 1557 999 δύναμιν
1587 927 1819 983 ἀναϐαί-

219 1044 339 1079 νων
359 1028 387 1079 ό
416 1024 573 1093 λόγος
607 1023 704 1077 καὶ
732 1022 1060 1093 ὑψοὺμενος,
1088 1022 1184 1091 καὶ
1209 1022 1392 1085 πάσας
1420 1021 1608 1088 τάξεις
1633 1037 1694 1073 τε
1721 1020 1816 1074 καὶ

216 1116 489 1187 δυνάμεις
513 1114 827 1181 διαϐαίνων,
865 1116 947 1179 είς
980 1114 1041 1169 τὸ
1078 1115 1320 1189 ἀρρητόν
1346 1131 1407 1169 τε
1446 1115 1543 1168 καὶ
1584 1113 1815 1183 ἀνόητον

217 1208 387 1283 λήγει
418 1211 512 1265 καὶ
542 1209 823 1273 παντελῶς
867 1208 1170 1277 ἄγνωστον.
1227 1209 1290 1261 Εί
1328 1207 1510 1261 τοίνυν
1540 1206 1686 1261 κατά
1723 1207 1817 1260 τὸν

234 1302 644 1374 Ἀρεοπαγίτην
676 1299 956 1354 Διονύσιον
993 1301 1052 1354 al
1084 1299 1185 1371 μὲν
1220 1299 1529 1368 ἀποφάσεις
1570 1298 1665 1351 ἐπὶ
1703 1297 1816 1351 τῶν

218 1396 393 1450 θείων
419 1395 641 1465 ἀληθεῖς
680 1395 783 1466 (6),
812 1394 870 1448 αἱ
908 1392 965 1447 δὲ
997 1393 1341 1463 καταφάσεις
1370 1392 1708 1463 ἀνάρμοστοι
1745 1392 1811 1462 τῇ

172 1536 182 1543 .
219 1491 560 1563 κρυφιότητι
618 1489 731 1543 τῶν
785 1489 1141 1560 ἀπορρήτων,
1180 1488 1407 1551 εἰκότως
1444 1488 1474 1539 ὁ
1524 1484 1812 1550 θεσπέσιος

230 1583 566 1647 Ἀπόστολος
596 1580 788 1636 πασῶν
823 1581 934 1634 τῶν
967 1580 1086 1636 κατ’
1110 1581 1275 1634 αὑτὸν
1303 1580 1561 1651 γνώσεων
1593 1581 1812 1651 ἀποφή-

216 1692 327 1738 σας
366 1674 466 1746 τὴν
495 1676 705 1743 νόησιν,
751 1675 849 1729 καὶ
880 1674 1066 1745 πάσης
1095 1674 1355 1745 ὑπεράνω
1379 1674 1676 1745 γενόμενος
1700 1673 1812 1728 τῶν

212 1769 397 1822 ὄντων
432 1769 694 1840 σχέσεως,
714 1766 841 1822 οὔτε
880 1768 938 1821 ὲν
971 1767 1210 1839 σώματι,
1238 1766 1425 1831 καθὼς
1456 1765 1635 1831 εἶπεν,
1666 1768 1808 1821 εικό-

212 1877 328 1922 τως
372 1855 461 1930 ἦν,
502 1858 832 1932 ἐνεργοῦσαν
883 1858 985 1913 οὐκ
1025 1857 1167 1929 ἔχων
1208 1858 1310 1929 τὴν
1353 1858 1629 1929 αἴσθησιν,
1681 1856 1807 1912 οὔτε

212 1954 380 2016 ἐκτὸς
409 1949 568 2015 αὖθις
594 1951 690 2006 τοῦ
719 1949 994 2022 σώματος,
1021 1950 1302 2024 ἀργοῦσαν
1332 1951 1471 2023 ἔχων
1496 1952 1596 2024 τὴν
1621 1952 1809 2022 νόησιν

212 2042 365 2096 κατά
397 2043 489 2096 τὸν
516 2042 709 2116 καιρὸν
729 2044 829 2115 τῆς
853 2042 1004 2114 αὑτῷ
1032 2043 1335 2115 γενομένης
1367 2045 1654 2116 ἁρπαγῆς,
1683 2045 1807 2100 καθ’

213 2138 286 2205 ἦν
320 2136 623 2206 ἀφράστως
654 2152 715 2189 τε
741 2136 837 2190 καὶ
869 2134 1171 2204 ἀγνὼστως
1193 2136 1317 2190 τινὰ
1348 2135 1640 2208 δεξάμενος
1664 2137 1810 2193 κατά

213 2229 427 2297 μύησιν
454 2227 827 2299 ὑπερκόσμιον
876 2228 1106 2298 ῥήματα
1162 2230 1292 2301 σιγῇ
1342 2229 1519 2282 ταῦτα
1564 2230 1808 2301 τιμήσας

210 2320 454 2389 ἐφύλαξε
488 2319 771 2385 παντελῶς
803 2320 1108 2394 ἀνίκφορα,
1146 2321 1226 2387 ῶς
1278 2321 1422 2393 μήτε
1462 2322 1555 2376 νοῦ
1588 2325 1803 2393 νοῆσαι,

214 2413 361 2483 μήτε
392 2412 648 2485 γλώσσης
688 2413 946 2485 λαλῆσαι,
981 2415 1122 2486 μήτε
1164 2416 1339 2486 ἀκοῆς
1367 2414 1512 2470 αὐτά
1540 2414 1808 2483 δέξασθαι

206 2505 556 2576 δυναμένων.
608 2508 758 2561 Ποιεί
786 2507 870 2575 δὲ,
909 2507 1094 2571 καθὼς
1125 2510 1175 2563 oi
1215 2508 1616 2581 πεπειραμένοι
1646 2510 1803 2578 φασὶ,

207 2596 314 2667 τὴν
345 2596 446 2666 μὲν
475 2599 535 2651 ἐν
565 2600 631 2669 τῇ
660 2597 919 2670 λεχθείσῃ
954 2617 974 2651 ι
1015 2600 1233 2671 προόδῳ
1270 2618 1290 2651 ι
1330 2600 1433 2671 τῆς
1470 2601 1676 2673 ἀρετῆς
1707 2617 1805 2654 τε-

206 2686 367 2742 λείαν
404 2690 607 2762 πρᾶξιν
651 2691 836 2756 πίστις
885 2691 1024 2763 ὀρθὴ
1074 2693 1171 2747 καὶ
1201 2691 1367 2761 φόϐος
1393 2693 1475 2756 είς
1514 2692 1650 2746 Θεὸν
1680 2691 1807 2747 ἀνό-

208 2782 430 2846 θευτος,
469 2782 572 2855 τὴν
608 2783 667 2837 δὲ
707 2784 850 2839 κατά
881 2784 983 2856 τὴν
1010 2783 1276 2839 ἀνάϐασιν
1302 2783 1607 2839 ἄπταιστον
1638 2800 1801 2854 φυσι-

188 2874 316 2947 -κὴν
357 2875 594 2948 θεωρίαν
635 2877 792 2940 ἐλπὶς
825 2876 1014 2949 (196
1048 2876 1104 2949 a)
1144 2876 1338 2947 βεϐαία
1390 2877 1485 2932 καὶ
1516 2876 1802 2949 ἀλὼϐητος

207 2968 454 3034 σύνεσις,
480 2970 583 3041 τὴν
612 2970 670 3025 δὲ
695 2970 838 3025 κατά
865 2973 967 3040 τὴν
996 2989 1016 3023 ί
1038 2970 1308 3040 ἀνάληψιν
1347 2990 1366 3025 ι
1384 2970 1584 3026 θέωσιν
1608 2972 1799 3045 ἀγάπη

205 3063 417 3130 τελεία,
449 3065 547 3117 καὶ
586 3062 713 3128 νοῦς
758 3066 871 3128 τοῖς
919 3058 1041 3118 οὖσι
1082 3063 1209 3118 καθ’
1238 3063 1516 3137 ὑπεροχὴν
1561 3068 1802 3136 πάμπαν

1920 576 1951 616 a
1982 561 2138 617 nullo
2171 561 2402 617 omnino
2428 577 2626 619 eorum
2651 580 2777 635 quae
2806 576 2936 621 sunt
2972 566 3299 634 aﬂirmatur,
3324 587 3508 642 neque

1919 655 2069 711 ullus
2100 654 2170 710 de
2201 664 2403 712 caetero
2439 657 2669 713 omnino
2717 657 2847 713 linis
2888 665 3069 713 exstat
3106 670 3205 715 aut
3237 664 3509 721 terminus

1922 747 2022 818 qui
2074 747 2221 804 hanc
2252 748 2606 819 negationem
2647 749 3108 820 comprehendat.
3130 751 3505 819 Quemadmo-

1917 839 2049 895 dum
2080 840 2229 897 enim
2262 841 2611 896 sensibilium
2645 841 2957 897 secundum
2991 852 3249 900 naturam
3283 850 3507 918 negatio

1915 942 2047 989 sunt
2086 933 2483 1005 intelligibilia,
2526 935 2600 991 ita
2638 934 2807 991 etiam
2846 935 2903 990 in
2938 936 3022 991 eis
3042 938 3136 1008 qui
3157 940 3503 1009 superiorem

1917 1027 2189 1083 mundum
2211 1028 2496 1098 complent
2517 1029 2775 1084 essentiis
2793 1045 2859 1085 ac
2888 1031 3262 1100 potestatibus
3301 1034 3506 1103 prima-

1917 1119 2129 1175 riorum
2178 1120 2487 1176 secundum
2519 1121 2619 1176 Dei
2646 1122 3024 1192 cognitionem
3055 1139 3181 1194 quae
3223 1124 3507 1180 excellunt

1915 1220 2146 1282 propter
2187 1213 2620 1270 submissionem
2673 1214 2758 1270 eis
2789 1230 2915 1285 quae
2954 1222 3083 1286 post
3125 1232 3186 1273 se
3218 1227 3349 1271 sunt
3400 1230 3503 1272 ne-

1913 1315 2134 1376 gantur.
2160 1306 2234 1362 Ut
2271 1308 2420 1362 cnim
2437 1323 2562 1377 quae
2577 1323 2683 1363 nos
2709 1308 3020 1380 intelligere
3044 1324 3156 1363 non
3179 1324 3500 1379 possumus,

1913 1397 2141 1462 sanctis,
2172 1397 2393 1467 quinos
2429 1408 2718 1468 superant,
2757 1399 2972 1470 angelis
3021 1400 3305 1455 intellecta
3348 1408 3500 1466 sunt,

1914 1489 1990 1544 ita
2020 1506 2145 1560 quae
2168 1490 2380 1561 angelis
2407 1507 2509 1546 nos
2550 1492 2948 1562 superantibus
2974 1535 2989 1559 ,
3024 1508 3135 1547 non
3166 1504 3299 1548 sunt
3334 1492 3469 1548 intel
3488 1526 3502 1536 η

1910 1582 2053 1637 lecta
2081 1582 2166 1637 eis
2204 1590 2338 1638 sunt
2392 1584 2606 1655 angelis
2640 1583 2850 1640 sanctis
2887 1584 3173 1640 intellecta
3222 1600 3346 1654 quae
3400 1585 3504 1640 hos

1908 1685 2196 1749 superant,
2224 1686 2390 1749 atque
2428 1679 2504 1734 ita
2534 1678 2804 1750 deinceps
2849 1696 2880 1734 a
2911 1688 3190 1749 potestate
3238 1680 3293 1734 in
3345 1691 3504 1751 pote-

1911 1778 2110 1824 statem
2142 1770 2449 1826 ascendens
2482 1771 2651 1838 ratio,
2687 1781 2745 1828 et
2768 1773 3027 1839 exaltata,
3054 1784 3112 1829 et
3131 1788 3325 1828 omnes
3346 1774 3501 1829 ordi-

1910 1878 2012 1919 nes
2033 1871 2203 1933 atque
2234 1872 2545 1934 potestates
2571 1873 2939 1937 transgressa,
2989 1866 3044 1921 in
3087 1866 3368 1922 ineil‘ahile
3399 1867 3501 1921 de-

1908 1952 2046 2008 sinit
2080 1969 2147 2009 ac
2209 1950 2371 2024 plane
2426 1954 2795 2025 incognitum.
2840 1955 3034 2026 Itaque
3098 1956 3144 2011 si
3192 1956 3499 2017 secundum

1907 2046 2234 2120 Dionysium
2257 2048 2649 2120 Areopagitam
2674 2050 2998 2120 negationes
3027 2049 3082 2106 in
3104 2051 3275 2106 rebus
3292 2050 3502 2106 divinis

1906 2140 2199 2196 veritatem
2234 2140 2465 2206 habent,
2488 2148 2683 2197 contra
2711 2141 3110 2199 aﬂirmationes
3136 2160 3327 2198 rerum
3359 2143 3503 2198 inef-

1907 2232 2159 2289 fabilium
2189 2233 2518 2289 obscuritati
2541 2250 2653 2289 non
2678 2236 3064 2302 conveniunt,
3100 2236 3330 2291 divinus
3352 2236 3503 2306 Apo-

1907 2326 2085 2382 stolus
2100 2327 2352 2382 omnium
2381 2340 2612 2382 suarum
2650 2327 3033 2398 cognitionum
3076 2329 3367 2385 intellectu
3395 2344 3499 2385 ne-

1906 2428 2055 2491 gato,
2101 2420 2366 2489 omnique
2415 2436 2602 2475 rerum
2631 2436 2758 2491 quae
2806 2431 2938 2477 sunt
2983 2422 3281 2478 aﬂ‘ectione
3335 2437 3502 2490 supc-

1907 2522 2047 2577 rata,
2093 2528 2277 2582 neque
2328 2513 2385 2568 in
2440 2528 2697 2585 corpore,
2751 2523 2814 2570 ut
2855 2514 3033 2583 dixit,
3070 2515 3245 2571 fuisse
3300 2516 3501 2586 proba-

1904 2604 2093 2662 biliter
2129 2606 2403 2671 videatur,
2460 2621 2588 2661 cum
2642 2607 2885 2662 activum
2916 2623 3028 2662 non
3070 2607 3307 2663 haberet
3364 2623 3499 2663 sen-

1902 2712 2052 2763 sum.
2086 2714 2269 2769 neque
2301 2714 2498 2754 rursus
2529 2707 2687 2754 extra
2711 2715 2918 2770 corpus
2943 2742 2958 2766 ,
2994 2717 3120 2757 cum
3153 2702 3500 2759 intellectum

1905 2789 2111 2845 habere
2153 2800 2464 2846 cessantem
2492 2806 2561 2846 eo
2591 2807 2703 2860 qno
2730 2799 2923 2862 raptus
2970 2802 3057 2847 est
3085 2802 3356 2863 tempore.
3386 2811 3501 2864 quo

1905 2882 1961 2937 in
1990 2890 2153 2953 raptu
2171 2882 2529 2938 inenarrabili
2550 2883 2793 2953 quodam
2825 2892 2883 2938 et
2916 2883 3200 2955 incognito
3221 2885 3387 2940 modo
3407 2901 3500 2941 se-

1904 2975 2149 3032 cundum
2170 2976 2456 3033 caelestem
2481 2975 2853 3032 initiationem
2872 2977 3125 3047 quaedam
3146 2976 3318 3033 verba
3341 2993 3501 3034 acce-

1904 3067 2008 3139 pit,
2030 3083 2155 3137 quae
2187 3066 2356 3123 tacite
2388 3067 2598 3124 coleret
2618 3076 2674 3122 et
2692 3083 2980 3138 nunquam
3010 3067 3349 3139 divulganda
3367 3085 3499 3126 cus-

205 3157 476 3222 ὶκουσίως
502 3158 928 3230 πεπηρωμένος.
969 3157 1081 3211 Καὶ
1106 3156 1209 3227 τῆς
1240 3158 1340 3228 μὲν
1368 3160 1682 3231 πρακτικῆς
1709 3177 1801 3229 φι-

1910 3160 2142 3229 todiret,
2170 3169 2385 3232 utpote,
2407 3178 2531 3233 quae
2564 3178 2742 3233 neque
2769 3177 2927 3218 mens
2949 3162 3284 3233 intelligere,
3316 3177 3501 3232 neque

205 3250 468 3321 λοσοφίας
501 3250 666 3306 πάλιν
717 3251 880 3322 ἔργον
922 3245 1062 3305 εἷναί
1110 3267 1247 3320 φασι
1307 3250 1494 3323 πάσης
1547 3252 1640 3306 τὸν
1672 3253 1798 3306 νοῦν

205 3345 438 3415 ἐμπαθῆ
478 3344 784 3415 φαντασίας
810 3342 1053 3416 καθαρὸν
1087 3343 1452 3414 καταστῆσαι,
1482 3344 1664 3415 τῆςνδὲ
1691 3362 1799 3415 φυ-

207 3437 375 3506 σικῆς
407 3436 644 3509 θεωρίας
689 3437 875 3508 πάσης
909 3436 1012 3507 τῆς
1044 3436 1104 3489 ὲν
1144 3438 1260 3501 τοίς
1297 3432 1419 3491 οὖσι
1456 3436 1582 3491 καθ’
1611 3437 1679 3508 ἢν
1712 3438 1799 3492 al-

203 3530 332 3586 τίαν
357 3532 702 3602 ὑπάρχουσιν
717 3527 958 3601 ἀληθοῦς
980 3526 1240 3597 γνώσεως
1263 3529 1428 3584 αὐτὸν
1453 3530 1800 3601 ἐπιστήμονα

200 3626 401 3687 δεῖται,
433 3626 535 3696 τῆς
559 3625 617 3678 δὲ
649 3625 973 3696 θεολογικῆς
1009 3623 1408 3699 μυσταγωγίας
1449 3624 1639 3693 ὅμοιον
1673 3623 1797 3693 Θεῷ

204 3718 300 3771 καὶ
334 3716 471 3779 ἴσον,
501 3716 577 3781 ῶς
608 3718 852 3786 ἐφικτὸν,
884 3721 950 3789 τῇ
979 3719 1165 3790 χάριτι
1187 3714 1331 3771 κατά
1353 3715 1453 3784 τὴν
1491 3711 1607 3777 ἕξιν
1635 3712 1796 3782 ποιῆ-

204 3827 321 3873 σαι,
362 3812 595 3882 μηδενὸς
632 3812 696 3865 τὸ
731 3812 953 3866 σύνολον
984 3810 1066 3865 ἔτι
1092 3810 1202 3864 τῶν
1235 3807 1378 3881 μετά
1404 3807 1537 3861 Θεὸν
1567 3806 1660 3861 διὰ
1694 3807 1796 3877 τὴν

203 3904 309 3959 ὐπε
320 3905 485 3976 ροχὴν
523 3904 654 3959 ὄντα
675 3905 938 3975 νοήμονα.

1903 3252 2092 3323 lingua
2144 3251 2353 3319 effari,
2405 3269 2587 3323 neque
2621 3268 2790 3308 aures
2823 3253 3114 3324 percipere
3169 3265 3400 3324 possent
3445 3252 3498 3310 ³.

1901 3344 2081 3400 Ellicit
2105 3354 2314 3409 autem,
2345 3353 2406 3400 ut
2437 3346 2475 3401 ii
2498 3346 2593 3416 qui
2623 3346 2839 3417 esperti
2879 3354 3011 3402 sunt
3050 3345 3280 3401 tradunt
3311 3388 3326 3413 ,
3376 3348 3503 3403 vir-

1900 3436 2036 3491 tutis
2063 3435 2120 3490 in
2164 3454 2182 3487 ι
2214 3436 2627 3506 progressione,
2686 3456 2704 3489 ι
2762 3453 2931 3508 quam
2977 3437 3142 3502 dixi,
3192 3438 3500 3511 perfectam

1901 3529 2180 3585 actionem
2230 3528 2369 3585 ﬁdes
2414 3540 2565 3585 recta
2594 3539 2650 3585 et
2687 3540 2873 3586 metus
2905 3533 2963 3586 in
3012 3532 3188 3588 Deum
3235 3534 3499 3588 incorru-

1902 3630 2053 3693 ptus,
2084 3623 2397 3679 naturalem
2429 3640 2566 3679 vero
2601 3625 2656 3679 in
2694 3643 2713 3676 ι
2749 3626 3083 3682 ascensione
3118 3644 3137 3677 ι
3166 3626 3499 3682 inoﬂ‘ensam

1903 3714 2431 3785 contemplationem
2481 3731 2610 3786 spes
2644 3717 2799 3772 llrma
2852 3727 2910 3773 et
2959 3718 3315 3775 immaculata
3360 3734 3497 3774 con-

1902 3806 2162 3871 scientia,
2195 3806 2611 3863 deiﬁeationem
2639 3808 2884 3879 denique
2920 3810 2974 3865 in
3008 3829 3026 3862 ι
3060 3810 3443 3881 assumptione
3469 3829 3490 3862 ι

1903 3898 2151 3967 perfecta
2185 3899 2436 3956 charitas
2462 3916 2527 3957 ac
2557 3916 2717 3956 mens
2748 3903 2916 3958 rebus
2944 3918 3069 3973 quae
3096 3912 3228 3959 sunt
3271 3904 3499 3973 penitus

198 4009 255 4054 et
304 3998 472 4068 plane
510 3999 662 4053 ultro
732 3996 1011 4052 abdicata.
1061 3997 1244 4066 Atque
1299 3993 1498 4050 activa;
1564 3989 1792 4062 quidem
1833 3989 2205 4061 philosophia:
2246 4006 2443 4047 rursus
2489 4007 2614 4048 esse
2659 3992 2862 4048 dicunt
2928 4002 3176 4049 mentem
3246 3994 3494 4064 passioni

198 4093 500 4149 obnoxiam
566 4094 718 4150 omni
781 4092 1179 4164 imaginatione
1230 4105 1298 4147 ac
1348 4087 1606 4146 saeculari
1658 4100 1857 4158 pompa
1896 4084 2159 4153 liberare,
2215 4086 2496 4143 naturalis
2543 4096 2732 4143 autem
2791 4087 3284 4159 contemplationis
3340 4094 3494 4149 omni

197 4204 325 4243 eam
389 4203 580 4244 rerum
655 4203 763 4258 qua
826 4201 996 4242 causa
1042 4186 1316 4241 exsistant
1370 4198 1501 4240 vera
1547 4180 1869 4253 cognitione
1908 4180 2196 4243 imbuere.
2250 4180 2576 4254 theologica:
2622 4182 2867 4253 denique
2924 4183 3263 4239 initiationis
3306 4191 3365 4237 et
3409 4182 3499 4237 in-

197 4281 530 4336 structionis
554 4296 677 4336 eam
712 4281 827 4335 Deo
862 4279 1133 4350 aqualem
1170 4288 1229 4334 et
1257 4293 1474 4350 parem,
1512 4285 1788 4347 quatenus
1826 4274 1978 4338 licet,
2027 4274 2206 4345 gratia
2276 4275 2591 4332 secundum
2663 4276 2921 4332 habitum
2954 4276 3193 4333 reddere
3217 4316 3233 4343 ,
3267 4282 3328 4330 ut
3381 4275 3495 4346 iam

195 4391 545 4448 quantaque
573 4384 699 4447 post
745 4376 921 4432 Deum
959 4382 1091 4431 sunt
1119 4383 1351 4447 propter
1382 4372 1745 4430 eminentiam
1772 4370 1935 4429 olane
1971 4368 2213 4442 ignoret.

212 4583 315 4641 Ἐκ
351 4583 460 4639 τοῦ
514 4582 702 4638 αὐτοῦ
751 4584 963 4652 λόγου,
998 4582 1087 4647 εις
1130 4579 1221 4647 τὸ,
1265 4597 1284 4632 ι
1325 4576 1464 4633 Οὐδ’
1500 4576 1579 4633 ἂν
1602 4575 1792 4631 αὐτόν

1910 4593 1979 4649 Bx
2009 4594 2190 4647 eodem
2218 4608 2479 4657 sermone,
2526 4594 2583 4647 in
2621 4593 2763 4647 illud
2798 4610 2817 4648 :
2859 4611 2878 4646 ι
2916 4593 3026 4648 Nec
3062 4594 3127 4648 ab
3177 4594 3371 4647 "tundo
3407 4595 3494 4647 ὅπη

259 4676 607 4746 δυνηθῆναι
635 4675 908 4747 χωρῆσαι
944 4675 1051 4729 τὸν
1083 4674 1241 4728 κάτω
1272 4672 1509 4742 κόσμον
1532 4715 1546 4737 ,
1581 4669 1784 4727 Ἰωάν-

264 4787 384 4838 νης
441 4773 475 4825 ὀ
513 4770 622 4824 τοῦ
656 4771 852 4840 Λόγου
906 4768 1281 4838 πρόδρομος,
1323 4767 1363 4835 ἡ
1402 4764 1639 4837 μεγάλη
1673 4763 1787 4835 τῆς

163 4934 170 4940 .
264 4863 557 4932 ἀληθείας
583 4860 776 4932 φωνὴ,
803 4858 1099 4930 διωρίζετο
1135 4858 1213 4916 ⁷.»

266 4972 542 5046 Εὖκαιρον
585 4969 656 5046 ἦν
682 4974 830 5045 κάμὲ
862 4974 999 5046 πρὸς
1038 4973 1129 5027 τὸν
1158 4972 1314 5041 ἆγιον
1338 4972 1528 5026 τοῦτον
1561 4973 1657 5027 καὶ
1695 4972 1791 5045 μέ-

1964 4687 2146 4757 feriort'
2197 4702 2347 4757 posse
2417 4686 2539 4756 capi
2585 4685 2823 4739 Joannes
2887 4684 3034 4740 Verbi
3092 4701 3392 4757 prwcursor
3443 4696 3494 4743 et

1963 4796 2162 4851 magna
2193 4779 2432 4832 veritatis
2460 4794 2560 4832 vox
2588 4779 2975 4848 pronuntiavit.
3003 4799 3022 4830 ι

1961 4976 2351 5049 Opportunum
2378 4989 2500 5035 erat
2536 4990 2596 5035 ut
2625 4989 2683 5036 et
2715 4995 2820 5052 ego
2851 4989 3106 5035 sanctum
3132 4979 3285 5034 hunc
3319 4989 3488 5051 atque

199 5084 300 5136 γαν
343 5072 444 5140 τῆς
483 5068 744 5141 ἀληθείας
788 5066 1130 5133 διδάσκαλον,
1184 5066 1243 5121 τὸ
1285 5066 1519 5137 μέγεθος
1571 5066 1788 5139 ὁρῶντα

1910 5087 2154 5144 nagnum
2174 5072 2429 5128 veritatis
2458 5072 2809 5144 magistrum,
2871 5088 2999 5129 cum
3045 5072 3489 5144 magnitudinem

199 5161 292 5232 τῆς
335 5161 487 5233 αὐτῷ
536 5162 691 5232 παρά
723 5160 859 5231 Θεοῦ
888 5159 1138 5231 δοθείσης
1180 5159 1394 5230 σοφίας,
1426 5161 1603 5214 εἰπεῖν
1645 5161 1785 5232 ὅπερ

200 5253 381 5319 Δαϐὶδ,
408 5256 437 5308 ό
463 5253 573 5306 τῶν
606 5251 908 5325 προφητῶν
937 5252 1033 5306 καὶ
1057 5249 1326 5321 βασιλέων
1350 5251 1780 5323 ἐπισημότατος,

1894 5163 2184 5234 sapientiae
2223 5163 2477 5219 viderem
2527 5179 2560 5219 a
2597 5165 2713 5220 Deo
2745 5164 2797 5219 ei
2823 5163 3001 5231 datae,
3067 5166 3142 5220 ita
3170 5165 3494 5236 alloquerer

1896 5263 1960 5309 ut
2008 5253 2183 5309 David
2221 5255 2624 5326 prophetarum
2674 5272 2979 5328 regumque
3032 5257 3487 5330 insignissimus,

203 5344 335 5414 πρὸς
362 5343 455 5399 τὸν
482 5344 637 5406 Θεὸν,
669 5342 732 5397 τὸ
763 5343 993 5415 ἄπειρον
1025 5341 1125 5413 τῆς
1162 5344 1223 5395 ὲν
1265 5343 1434 5395 πᾶσιν
1474 5343 1640 5397 αὐτοῦ
1679 5360 1780 5413 με-

1910 5349 2386 5414 )eum,inlinitam
2432 5352 2555 5423 ejus
2606 5351 2663 5407 in
2692 5353 2954 5409 omnibus
3010 5355 3182 5409 rebus
3228 5356 3489 5427 majesta-

200 5437 546 5507 γαλειότητος
594 5435 992 5505 καταπλαγεὶς,
1025 5433 1391 5499 ὲνθεαστικῶς
1424 5435 1778 5504 ἀπεφθέγξα-

200 5544 278 5595 το,
305 5530 481 5598 λέγων
508 5545 521 5557 ·
540 5527 1005 5598 Ἑθιιυμαστώθη
1042 5527 1079 5596 ἠ
1115 5524 1338 5598 ’γνῶσίς
1368 5541 1488 5581 σου
1506 5526 1577 5593 ἐξ
1605 5526 1774 5597 ἐμοῦ,

266 5660 293 5701 ³
325 5664 342 5719 l
372 5663 499 5720 Cor.
527 5680 586 5731 tt,
619 5665 673 5720 9.

268 5779 339 5859 (ὃ)
374 5780 998 5859 ῐὶίοηξεῆΑΓοορειεὶ-Βε
1030 5784 1247 5854 mystica
1291 5785 1448 5843 tltcol.
1482 5802 1601 5858 cap.
1640 5786 1683 5854 Ι,
1718 5803 1772 5859 p.

203 5840 484 5919 δίιμοιη.
518 5843 557 5908 l.
582 5852 724 5924 Opp.
762 5840 867 5907 ed.“
888 5855 1017 5909 Ven.

1887 5450 1996 5497 tem
2022 5442 2360 5511 admiratus,
2394 5444 2587 5501 divino
2614 5447 2847 5503 numine
2875 5448 3076 5518 plenus
3101 5450 3295 5505 dicens
3330 5467 3347 5504 :
3376 5448 3485 5504 lli-

1888 5533 2108 5590 rabilior
2153 5535 2293 5603 facta
2321 5547 2399 5592 est
2429 5539 2507 5594 tui
2539 5540 2788 5612 cognitio,
2835 5550 2884 5595 et
2936 5539 3186 5596 invaluit.
3240 5558 3402 5600 quam
3427 5552 3484 5595 ut

1960 5776 2055 5867 (7)7
2078 5789 2241 5867 Greg.
2264 5792 2396 5867 Naz.
2427 5810 2508 5867 or.
2545 5795 2701 5851 theol.
2730 5795 2793 5863 ll,
2827 5812 2946 5867 cap.
2976 5795 3065 5862 9.0,
3098 5812 3151 5867 p.
3185 5797 3309 5865 511,
3342 5806 3476 5852 tom.

1891 5858 1930 5915 1.
1963 5861 2103 5933 Opp.
2135 5858 2268 5918 edit.
2305 5862 2511 5921 Bcned.
