4026 6288
542 343 680 411 1247

1691 359 1752 420 8.
1794 358 2051 422 MAXIM
2061 361 2084 421 Ι
2122 360 2639 425 CONFESSORIS

3691 356 3832 427 1218

537 481 672 520 vero
697 465 1058 537 Evangelium
1089 466 1274 532 Lucae,
1303 475 1366 524 ut
1389 469 1536 539 quod
1565 472 1889 542 ampliorem
1919 489 2130 529 sermo-
2161 547 2162 554 γ

2262 474 2358 530 μίαν
2385 477 2500 538 τοῖς
2543 477 2768 546 τρόποις
2801 473 3170 544 κατάλληλον,
3199 475 3300 544 τῆς
3341 474 3401 529 δὲ
3447 473 3735 542 θεολογίας
3769 475 3835 528 τὸ

515 557 628 624 ,nis
660 558 1069 614 enarrationem
1104 559 1410 622 contineat.
1443 572 1501 620 ct
1545 563 1914 622 institutionis
1947 566 2124 621 histo-

538 652 679 704 riam
712 651 891 706 modis
917 667 1219 722 congruam
1247 663 1307 712 et
1336 665 1802 723 consentaneam;
1835 658 2130 730 theologia:

2237 567 2380 622 κατά
2427 567 2702 640 Ἰωάννην,
2731 566 2792 634 ἐξ
2818 561 2887 640 ἦς
2919 569 3015 622 καὶ
3061 569 3143 632 εἰς
3180 569 3248 638 ἠν
3277 565 3609 638 θεοπρεπῶς
3631 564 3836 637 ήρξατὸ

2235 675 2297 711 τε
2319 660 2418 714 καὶ
2447 658 2629 732 ἔληξε.

539 743 782 814 denique
829 745 1141 816 symbolum
1183 761 1308 805 esse
1349 748 1579 805 Joannis
1626 750 2012 822 Evangelium,
2059 767 2128 807 ex
2165 765 2280 822 quo
2340 759 2397 807 et
2441 751 2500 808 in
2578 751 2728 824 quod
2772 752 2887 809 Deo
2929 752 3335 810 convenienter
3381 749 3740 808 indicaverit
3779 759 3840 803 et

541 838 812 894 finiverit.

613 931 794 1001 Atque
823 947 1020 988 rursus
1058 940 1121 988 ut
1147 933 1430 989 sensibilis
1457 933 1702 989 mundus
1729 935 1980 1004 quinque
2004 950 2135 991 sen-

547 1038 715 1080 suum
747 1026 1077 1082 naturaliter
1119 1035 1207 1081 est
1251 1026 1564 1090 institutor,
1596 1027 1730 1082 dum
1772 1027 2024 1099 subjacet
2052 1027 2137 1084 eis

545 1104 714 1188 atque
754 1117 822 1172 ad
873 1133 933 1173 se
978 1117 1565 1188 comprehendendum
1613 1134 1712 1174 eos
1755 1118 2006 1185 deducit,
2058 1119 2137 1175 ita

547 1206 715 1262 etiam
743 1207 1136 1262 intellectualis
1163 1208 1404 1264 mundus
1425 1209 1696 1264 virtutum
1721 1217 1830 1275 est,
1855 1209 1988 1264 dum
2011 1209 2136 1264 ani-

549 1316 650 1355 ma:
682 1299 1042 1355 facultatibus
1072 1300 1314 1356 obnoxia
1347 1301 1414 1356 ad
1448 1301 1706 1372 spiritum
1745 1317 1842 1358 eas
1872 1301 2134 1367 instituit,

547 1402 606 1448 et
633 1393 936 1448 uniformes
970 1393 1155 1450 reddit
1201 1394 1460 1464 circaque
1494 1409 1624 1451 eum
1671 1394 1942 1452 duntaxat
1982 1409 2140 1451 com-

521 1485 759 1540 .moveri
791 1486 1021 1556 ejusque
1050 1487 1511 1556 perceptionibus
1545 1487 1705 1542 inniti
1737 1487 1918 1558 jubet.
1952 1488 2023 1544 Et
2055 1487 2142 1559 ip-

550 1574 630 1630 sis
662 1589 793 1630 vero
840 1577 1093 1646 corporis
1141 1577 1404 1634 sensibus
1450 1578 1761 1634 secundum
1809 1579 2143 1636 diviniorem

551 1666 825 1723 rationem
873 1671 958 1724 eis
999 1670 1444 1738 convenientem,
1493 1671 1712 1728 institui
1743 1673 1901 1728 aiunt
1943 1674 2144 1731 anima:

551 1759 880 1824 facultates,
933 1769 994 1816 ut
1036 1762 1242 1832 quibus
1300 1762 1371 1818 ad
1421 1763 1697 1834 agendum
1743 1765 2010 1835 paulatim
2054 1766 2143 1821 in-

553 1861 865 1918 struantur,
897 1854 1208 1910 rationibus
1247 1855 1511 1912 nimirum
1543 1873 1668 1927 qum
1698 1857 1754 1913 in
1785 1858 1957 1914 rebus
1996 1859 2148 1914 exsi-

553 1944 832 1999 stentibns
887 1945 1060 2001 insint
1102 1948 1590 2017 apprcliendendis
1638 1965 1705 2006 ac
1745 1951 2146 2021 percipiendis.

555 2044 655 2100 per
704 2048 842 2102 quas
904 2035 1074 2090 veluti
1145 2052 1245 2106 per
1301 2038 1513 2095 litteras
1572 2042 1838 2111 quasdam
1903 2043 1988 2098 eis
2053 2042 2150 2113 qui

555 2124 846 2180 oculorum
913 2125 969 2182 in
1033 2130 1328 2186 veritatem
1397 2132 1574 2188 aciem
1644 2134 1944 2190 intendunt
2004 2136 2152 2192 Deus

557 2214 756 2271 Sermo
780 2217 1006 2288 legitur.
1034 2220 1191 2278 Unde
1222 2232 1281 2279 et
1307 2225 1653 2296 exemplares
1678 2228 1878 2283 animm
1913 2230 2151 2284 faculta-

560 2317 678 2363 tum
707 2311 978 2383 imagines
1009 2330 1209 2372 sensus
1231 2330 1595 2386 vocavernnt,
1615 2337 1744 2377 cum
1769 2325 2154 2394 unusquisque

558 2417 762 2458 sensus
782 2420 911 2460 cum
940 2405 1313 2465 instrumento
1349 2427 1476 2478 suo,
1513 2414 1815 2486 unicuique
1841 2416 2038 2472 anima!
2072 2416 2154 2472 fa-

560 2495 756 2550 cultati
781 2499 1185 2556 convenienter
1212 2504 1425 2560 ratione
1453 2506 1627 2578 magis
1658 2508 1889 2580 mystica
1913 2507 1981 2564 de
2003 2509 2159 2579 prin«

562 2585 710 2656 cipio
741 2602 773 2642 a
816 2599 1016 2645 natura
1061 2593 1366 2650 attributus
1397 2596 1492 2654 sit.
1521 2597 1601 2653 Ac
1632 2597 1912 2655 facultatis
1943 2599 2156 2656 intelli-

562 2676 752 2745 gendi,
798 2680 916 2734 sive
971 2682 1195 2749 mentis,
1247 2685 1451 2751 visum,
1505 2685 1793 2743 rationalis
1838 2703 1993 2753 vero,
2037 2689 2157 2744 sive

564 2772 840 2828 sermonis
864 2773 1138 2841 auditum,
1167 2777 1336 2833 animi
1370 2779 1658 2846 olfactum,
1683 2783 2159 2852 concupiscentiae

563 2871 806 2933 gustum.
838 2865 1023 2922 vitalis
1066 2876 1274 2924 tactum
1309 2886 1431 2926 esse
1473 2887 1700 2928 sensum
1746 2872 1961 2939 dicunt,
1989 2882 2157 2945 atque

563 2957 894 3028 simpliciter
917 2969 979 3014 ut
999 2961 1205 3016 clarius
1229 2979 1318 3019 me
1343 2965 1674 3034 exprimam,
1699 2967 1908 3022 mentis
1929 2966 2156 3038 quidem

564 3047 750 3119 imago
778 3057 863 3104 est
895 3051 1067 3118 visus,
1102 3053 1210 3109 hoc
1240 3063 1326 3110 est
1351 3057 1570 3123 oculus,
1608 3058 1888 3114 sermonis
1931 3069 2020 3114 est
2061 3073 2161 3116 au-

2313 933 2429 988 Καὶ
2459 933 2626 991 πάλιν
2666 932 2859 1004 ὥσπερ
2902 935 2932 988 ό
2971 934 3234 1005 αἰσθητὸς
3285 934 3502 1006 κόσμος
3551 951 3839 1004 avuspu-

2240 1027 2396 1090 τικός
2444 1027 2562 1081 ἐστι
2626 1028 2769 1082 κατὰ
2841 1026 3008 1099 φύσιν
3059 1027 3173 1081 τῶν
3257 1028 3424 1083 «iv-rs
3473 1028 3838 1099 αἰσθήσεων,

2244 1117 2570 1173 ὑποπίπτων
2615 1119 2809 1183 αὐταῖς
2853 1119 2949 1173 καὶ
2997 1118 3137 1189 πρὸς
3183 1118 3288 1190 τήν
3332 1119 3544 1174 ἑαυτοῦ
3598 1121 3838 1190 κατάλη-

2243 1205 2340 1275 ψιν
2366 1206 2616 1278 ὁδηγῶν,
2667 1206 2814 1262 οὕτω
2847 1209 2944 1262 καὶ
2970 1208 3001 1261 ό
3034 1209 3179 1262 κατὰ
3223 1208 3472 1263 διάνοιαν
3502 1209 3716 1281 κόσμος
3737 1211 3840 1265 νῦν

2245 1298 2483 1368 ἀρετῶν,
2527 1303 2651 1364 ταῖς
2696 1301 2801 1371 τῆς
2838 1301 3021 1372 ψυχῆς
3058 1303 3387 1359 ὑποπίπτων
3407 1304 3685 1375 δυνάμεσι
3707 1322 3839 1360 στοι-

2242 1391 2382 1461 χειοῖ
2408 1388 2580 1453 αὑτάς
2633 1390 2773 1459 πρὸς
2817 1389 2880 1444 sb
2924 1390 3179 1462 πνεῦμα,
3229 1393 3496 1456 ἐνοιιδεΐς
3539 1393 3838 1466 ἐργαζόμεο

2243 1501 2334 1547 νος
2390 1482 2468 1554 τῷ
2511 1485 2642 1553 περὶ
2689 1483 2827 1538 αὐτὸ
2855 1484 3019 1555 μόνον
3063 1484 3237 1550 αὐτάς
3269 1486 3576 1552 κινεῖσθαι,
3601 1488 3704 1541 καὶ
3728 1491 3835 1552 ui;

2244 1575 2412 1630 αὐτοῦ
2463 1574 2816 1647 ἀντιλήψεων
2843 1575 3248 1648 ἐπερειδισθαι.
3288 1578 3401 1632 Καὶ
3429 1578 3618 1643 αὑτὰς
3646 1579 3709 1632 δὲ
3748 1581 3831 1643 τὰς

2243 1668 2527 1740 αἰσθήσεις
2553 1668 2648 1724 τοῦ
2676 1667 2951 1741 σώματος,
2977 1670 3120 1725 κατὰ
3138 1669 3233 1725 τὸν
3256 1672 3453 1735 αὐταῖς
3483 1673 3837 1742 ἐμπρέποντα

2248 1761 2523 1832 θειότερον
2569 1760 2752 1831 λόγον,
2779 1763 3194 1834 στοιχειωτικὰς
3232 1758 3378 1817 εἷναί
3406 1781 3553 1834 φασι
3618 1765 3733 1818 τῶν
3755 1766 3838 1834 τῆς

2201 1819 2222 1872 ι
2249 1819 2757 1924 ψυχῆςιδυνάμέων,
2783 1819 3158 1925 στοιχειούσας
3175 1819 3342 1918 αὑτάς
3363 1819 3564 1926 ἠρέμα
3584 1856 3732 1926 πρὸς
3772 1819 3841 1908 ἐξ

2251 1943 2492 2016 ἐργειαν,
2510 1948 2630 2009 ταῖς
2646 1945 2711 2018 δὴ
2727 1947 2772 1979 ¹⁹
2791 1945 3000 2002 ἑαυτῶν
3014 1945 3332 2018 ἀντιλήψεσι
3353 1946 3472 2001 τῶν
3501 1948 3568 2002 ἐν
3592 1950 3715 2012 τοῖς
3739 1943 3844 2003 οὖσι

2251 2037 2448 2106 λόγων,
2469 2038 2537 2092 δι’
2559 2031 2636 2092 ὧν
2653 2037 2730 2102 ὼς
2741 2037 3194 2112 διὰγραμμάτων
3210 2040 3372 2093 τινῶν
3393 2041 3518 2103 τοίς
3540 2038 3845 2105 demum

2253 2129 2394 2201 πρὸς
2426 2129 2524 2203 τήν
2551 2130 2814 2203 ἀλήθειαν
2875 2132 2906 2185 ό
2951 2131 3088 2196 Θεὸς
3142 2133 3318 2201 Λόγος
3374 2131 3844 2202 ἀναγινώσκεται.

2254 2223 2422 2278 Ὅθεν
2450 2224 2544 2278 καὶ
2573 2223 3089 2297 παραδιιγματικὰς
3108 2224 3219 2280 τῶν
3256 2225 3522 2295 ψυχικῶν
3563 2224 3848 2294 δυνάμεων

2254 2317 2474 2381 σίκόνας
2495 2317 2594 2382 τὰς
2614 2317 2900 2388 αἰσθήσεις
2921 2317 3211 2382 ἐκάλεσαν,
3257 2317 3334 2380 ὼς
3363 2317 3623 2386 ἐκάπης
3673 2317 3849 2386 αἰσθή-

2257 2427 2395 2475 σεως
2427 2409 2567 2479 μετὰ
2613 2409 2710 2464 τοῦ
2742 2409 2919 2480 αὐτῆς
2963 2409 3228 2482 ὀργάνου,
3252 2409 3428 2479 ἧγουν
3460 2409 3844 2480 αἰσθητηρίου.

2256 2501 2694 2574 προηγουμένως
2718 2501 2912 2572 (198
2958 2501 3012 2574 ιι)
3038 2501 3250 2575 ἑκάστῃ
3274 2501 3516 2572 δυνάμει
3547 2501 3658 2572 τῆς
3679 2501 3849 2571 ψυχῆς

2257 2593 2539 2663 ἀναλόγως
2565 2594 2962 2666 μυστιωτὲρῳ
3013 2596 3122 2648 τινὶ
3151 2593 3296 2666 λόγῳ
3329 2593 3481 2649 κατὰ
3515 2593 3693 2662 quia:
3712 2610 3847 2646 νενε-

2265 2684 2538 2757 μημένης.
2572 2685 2685 2740 Καί
2713 2703 2881 2756 φασιν
2911 2683 3058 2740 εἶναι
3085 2687 3184 2758 τῆς
3209 2687 3311 2757 μὲν
3342 2686 3553 2757 νοερᾶς
3572 2685 3849 2754 δυνάμεως

2257 2777 2380 2848 ἦτοι
2402 2776 2501 2830 τοῦ
2529 2776 2624 2831 νοῦ
2645 2779 2746 2848 τὴν
2782 2778 3022 2850 ὀπτικήν
3073 2778 3352 2850 αἴσθησιν,
3380 2779 3488 2848 τῆς
3509 2777 3580 2831 δδ
3633 2774 3850 2843 λογικῆς

2259 2867 2384 2939 ἦτοι
2409 2867 2504 2923 τοῦ
2532 2869 2692 2938 λόγου
2724 2868 2827 2942 τὴν
2848 2871 3211 2942 ἀκουστικὴν,
3250 2871 3355 2942 τῆς
3377 2869 3438 2924 δὲ
3476 2868 3736 2939 θυμικῆς
3762 2867 3851 2936 τὴν

2217 3000 2222 3002 -
2260 2961 2654 3034 όσφραντικὴν,
2691 2963 2794 3034 τῆς
2834 2964 3243 3036 ἐπιθυμητικῆς
3277 2964 3338 3018 δὲ
3374 2967 3479 3036 τὴν
3527 2962 3853 3032 γευστικὴν,

2259 3057 2360 3125 τῆς
2381 3053 2440 3110 δὲ
2469 3054 2708 3126 ζωτικῆς
2727 3054 2828 3127 τήν
2851 3055 3113 3128 άπτικὴν,
3137 3056 3232 3110 καὶ
3256 3054 3449 3118 ἁπλῶς
3474 3056 3574 3108 ἳνα
3598 3052 3853 3123 σαφέστε-

565 3137 736 3204 ditus,
771 3141 878 3198 hoc
925 3153 1012 3199 est
1056 3146 1234 3209 auris,
1266 3147 1439 3203 animi
1485 3155 1573 3204 est
1613 3149 1874 3216 olfactus,
1919 3151 2029 3208 hoc
2071 3160 2160 3208 est

2267 3163 2362 3218 ρον
2392 3148 2552 3214 ετπω,
2586 3145 2686 3204 τοῦ
2715 3148 2817 3215 μὲν
2843 3148 2937 3203 νοῦ
2964 3150 3115 3204 ἐστιν
3153 3148 3321 3204 εἰκὼν
3359 3150 3395 3220 ή
3429 3148 3589 3218 ὄψις,
3641 3147 3852 3218 ήγουνό

523 3295 526 3297 λ
567 3247 758 3298 nasus,
802 3236 1269 3306 concupiscentia:
1306 3246 1392 3295 est
1436 3249 1654 3312 gustus,
1687 3250 1854 3314 atque
1898 3229 2028 3300 vitae
2071 3251 2161 3300 est

568 3334 778 3394 tactus;
814 3330 1020 3400 quibus
1059 3335 1242 3389 anima
1289 3335 1595 3390 secundum
1640 3335 1763 3401 Dei,
1808 3337 1908 3408 qui
1956 3347 2159 3396 cuncta

567 3421 851 3490 sapienter
890 3423 1152 3494 instituit,
1197 3426 1375 3498 legem
1407 3429 1738 3484 naturaliter
1783 3429 2029 3486 innitens
2065 3445 2168 3502 per

523 3582 528 3584 _
569 3529 700 3569 snas
740 3514 1050 3587 facultates,
1082 3529 1141 3577 et
1185 3521 1254 3575 ad
1299 3521 1584 3578 sensibilia
1625 3524 1777 3579 varie
1821 3524 2164 3593 transducta,

528 3663 530 3666 ,
572 3606 618 3660 si
651 3606 794 3663 bene
825 3625 922 3681 per
954 3610 1250 3669 facultates
1288 3629 1421 3670 suas
1448 3630 1546 3671 usa
1578 3614 1749 3671 fuerit
1789 3615 1847 3672 in
1895 3616 2168 3687 multipli-

572 3700 734 3756 cibus
764 3718 952 3758 rerum
985 3706 1299 3768 rationibus
1332 3709 1683 3781 colligendis,
1720 3719 1778 3766 et
1805 3709 1874 3766 ad
1899 3726 1959 3766 se
1987 3710 2164 3781 ipsam

573 3793 857 3863 sapienter
897 3797 1197 3855 transferre
1228 3803 1473 3871 potuerit
1518 3802 1779 3860 universa
1823 3819 1948 3874 qum
1987 3802 2170 3859 oculis
2217 3834 2222 3838 -

573 3885 834 3956 objacent
878 3888 932 3943 in
978 3890 1184 3960 quibus
1230 3893 1376 3948 Deus
1420 3893 1622 3950 tacitus
1661 3910 1842 3965 praeco
1869 3893 2168 3958 delitescit,

576 3980 1012 4049 pulcherrimum
1043 3985 1209 4040 etiam
1238 3985 1358 4057 ipsa
1387 3986 1459 4042 de
1478 3988 1765 4044 voluntate
1795 3987 1852 4042 in
1885 3987 2170 4043 intellectu

575 4081 635 4128 et
673 4074 1025 4144 spiritualem
1078 4077 1351 4134 mundum
1406 4080 1618 4146 condit,
1651 4079 2008 4151 generalibus
2034 4094 2174 4148 qua-
2207 4096 2210 4100 '

578 4175 706 4217 tuor
747 4165 1052 4223 virtutibus
1086 4169 1489 4225 elementorum
1540 4171 1596 4225 in
1652 4170 1875 4226 modum
1923 4170 2070 4225 inter
2113 4187 2172 4227 sc

571 4255 786 4325 junctis
837 4257 906 4312 ad
966 4259 1159 4314 mundi
1204 4258 1631 4332 intelligibiliter
1693 4262 1822 4318 inde
1871 4262 1927 4316 in
1971 4263 2171 4334 spiritu
2218 4299 2220 4302 ν

577 4349 1001 4404 consummandi
1031 4352 1593 4422 eompaginationem,
1618 4353 1883 4408 nimirum
1911 4353 2043 4408 dum
2067 4368 2175 4429 pro

2265 3237 2568 3309 ὀφθαλμὸς,
2593 3256 2690 3293 του
2722 3240 2782 3294 δὲ
2805 3241 2967 3308 λόγου
2993 3240 3147 3294 ἐστὶν
3167 3241 3201 3310 ή
3227 3239 3390 3309 ἀκοὴ,
3427 3239 3612 3309 ἤγουν
3646 3237 3711 3291 τὺ
3743 3232 3852 3298 οὖς.

2265 3333 2362 3387 τοῦ
2391 3333 2452 3388 δέ
2472 3331 2647 3404 θυμοῦ
2668 3335 2830 3388 ἐστιν
2852 3335 2888 3404 ή
2911 3333 3204 3406 δσφρησις,
3229 3334 3400 3405 ήγουν
3437 3334 3474 3402 ἡ
3512 3331 3632 3404 ῥὶς.
3670 3330 3770 3400 τῆς
3801 3329 3853 3382 δὲ

2266 3423 2563 3496 ἐπιθυμίας
2589 3425 2742 3480 ἐστὶν
2775 3427 2812 3497 ή
2845 3424 3058 3496 γεῦσις,
3089 3426 3188 3482 καὶ
3207 3428 3307 3498 τῆς
3335 3425 3490 3497 ζωῆς
3519 3426 3557 3496 ἠ
3595 3424 3745 3494 ἀφήο
3770 3416 3853 3483 αἶς

2265 3519 2302 3589 ἡ
2344 3517 2494 3590 ψυχὴ
2525 3517 2668 3573 κατὰ
2696 3518 2793 3573 τὸν
2845 3517 3016 3590 νόμον
3051 3517 3148 3572 τοῦ
3177 3517 3249 3572 τὰ
3292 3517 3476 3572 πάντα
3521 3517 3716 3585 σοφῶς
3761 3514 3847 3582 δη-

2273 3610 2710 3682 μιουργήσαντος
2758 3609 2898 3666 Θεοῦ
2954 3609 3100 3666 κατὰ
3144 3609 3309 3678 φύσιν
3373 3608 3730 3680 ἐποχουμένη
3769 3604 3851 3661 διὰ

2268 3699 2380 3756 τῶν
2399 3701 2571 3771 αὐτῆς
2597 3700 2903 3772 δυνάμεων,
2935 3701 3034 3755 καὶ
3060 3699 3200 3772 πρὸς
3225 3698 3299 3755 τά
3329 3698 3575 3770 αἰσθητὰ
3605 3694 3854 3756 ποικίλως

2269 3789 2720 3862 διαϐιϐαζομένη,
2752 3793 2802 3850 εί
2851 3790 2956 3863 μέν
2973 3790 3161 3855 καλῶς
3205 3789 3474 3862 χρήσαιτο
3502 3791 3632 3853 ταῖς
3669 3785 3854 3855 αἰσθή-

2273 3899 2394 3940 σεσι
2421 3883 2512 3938 διὰ
2544 3883 2656 3940 τῶν
2693 3882 2918 3940 οἰκείων
2968 3882 3258 3954 δυνάμεων
3304 3882 3434 3944 τοὺς
3475 3879 3854 3942 παντοδαποῖς

2271 3975 2382 4032 τῶν
2409 3975 2578 4030 ὄντων
2602 3976 2795 4047 λόγους
2827 3975 3228 4048 άναλιγομάνη,
3260 3977 3360 4031 καὶ
3380 3975 3598 4046 δυνηθῇ
3637 3970 3852 4044 μεταῦιο

2275 4067 2442 4123 ϐάσαι
2470 4069 2610 4142 πρὸς
2660 4068 2866 4140 ἑαυτήν
2913 4069 3097 4140 σοφῶς
3141 4070 3254 4123 πᾶν
3282 4069 3345 4123 τὸ
3370 4066 3682 4140 ὁρώμενον,
3725 4067 3786 4118 ἐν
3819 4056 3860 4130 ᾧ

2273 4158 2582 4229 κέκρυπται
2606 4158 2740 4223 Θεὸς
2777 4161 2960 4232 σιωπῇ
2988 4159 3417 4231 κηρυττόμενος.
3444 4157 3746 4211 κάλλιστον
3774 4153 3862 4206 καὶ

2274 4251 2416 4322 αὐτὴ
2448 4251 2592 4305 κατὰ
2622 4250 2944 4323 προαίρεσιν
2968 4253 3028 4305 ἐν
3058 4253 3127 4324 τῇ
3157 4249 3368 4322 διανοίᾳ
3411 4248 3510 4304 καὶ
3555 4262 3861 4317 πνευματι-

2275 4345 2372 4399 κὸν
2421 4343 2627 4415 κόσμον
2673 4344 3102 4416 ἐδημιούργησε,
3158 4343 3260 4409 τὰς
3293 4343 3523 4413 γενικὰς
3576 4341 3854 4409 τέσσαρας

578 4457 725 4497 nexu
761 4450 817 4496 et
856 4441 1228 4512 applicatione
1273 4442 1596 4499 facultatum
1647 4444 1823 4514 ipsius
1873 4444 1929 4498 in
1976 4459 2162 4499 sensus

2277 4438 2484 4506 ἀρετάς
2533 4437 2817 4508 στοιχείων
2860 4436 3020 4507 δίκην
3086 4437 3352 4509 ἀλλήλαις
3401 4435 3673 4494 συνθεῖσα
3729 4429 3862 4503 πρὸς

573 4532 814 4591 actionis
846 4511 1090 4606 singulas
1125 4535 1360 4590 virtutes
1399 4534 1549 4590 sistit
1577 4553 1591 4590 ε
1617 4511 1683 4588 ut
1707 4534 2062 4606 prudentiam
2104 4549 2162 4588 ex

2281 4530 2564 4601 σύμπηξιν
2591 4529 2688 4585 τοῦ
2715 4530 2778 4596 ἐξ
2807 4529 2990 4586 αὐτῶν
3018 4530 3228 4602 νοητῶς
3272 4530 3417 4583 κατὰ
3465 4527 3699 4599 πνεῦμα
3737 4541 3870 4595 συμ-

573 4625 828 4696 gnostiea
877 4635 933 4682 et
978 4626 1155 4697 perita
1191 4626 1586 4682 intellectualis
1617 4634 1675 4682 et
1718 4626 2004 4683 rationalis
2047 4639 2175 4680 cum

573 4733 835 4774 sermone
884 4719 1208 4775 facultatum
1252 4719 1321 4775 ad
1364 4719 1590 4776 videndi
1625 4720 2000 4791 audiendique
2045 4735 2175 4776 sen-

572 4826 701 4868 sum
726 4812 1128 4882 applicatarum
1153 4812 1302 4869 circa
1336 4813 1626 4868 sensibilia
1651 4829 1751 4868 sua
1777 4813 2032 4879 actione;
2065 4811 2180 4868 for-

577 4904 879 4960 titudinem
909 4922 1045 4963 vero
1086 4923 1157 4962 ex
1185 4922 1399 4962 summa
1443 4907 1614 4961 animi
1655 4906 1725 4962 ad
1756 4906 2040 4968 olfactum.
2069 4905 2179 4962 hoc

579 5004 668 5050 est
711 5012 928 5060 nasum,
963 4998 1018 5052 in
1068 5013 1180 5068 quo
1228 4995 1396 5052 animi
1438 4997 1696 5066 Spiritum
1745 4997 1934 5052 sedem
1967 4996 2178 5053 habere

579 5084 798 5152 dicunt,
847 5090 1108 5160 applicati
1151 5090 1301 5146 circa
1340 5105 1504 5145 suum
1550 5089 1812 5146 sensibile
1867 5090 2178 5146 secundum

582 5178 861 5235 sctiOncm
905 5183 1317 5253 aequabilitate;
1357 5185 1777 5255 temperantiam
1821 5198 1890 5238 ex
1919 5182 2184 5253 concupi-

583 5268 852 5324 scentivze
882 5272 1160 5329 facultatis
1183 5275 1254 5330 ad
1278 5284 1500 5347 gustum
1524 5275 1812 5347 applicata:
1839 5274 1988 5330 circa
2017 5288 2182 5329 suum

588 5361 857 5418 sensibile
884 5365 1169 5422 moderato
1200 5385 1340 5436 usu;
1365 5370 1642 5442 justitiam
1665 5385 1734 5426 ex
1761 5384 1920 5440 aequa
1947 5375 2004 5424 et
2032 5367 2187 5422 ordi-

588 5466 720 5511 nata
747 5463 807 5512 et
837 5456 893 5512 in
916 5459 1138 5515 cunctis
1160 5462 1418 5532 aequabili
1447 5479 1548 5534 per
1573 5471 1779 5520 tactum
1803 5472 1862 5519 ct
1885 5462 2034 5518 circa
2059 5460 2184 5516 uni-

588 5565 750 5605 versa
799 5550 918 5606 fere
972 5553 1254 5610 sensibilia
1300 5554 1488 5611 vitalis
1538 5555 1817 5612 facultatis
1873 5553 2181 5612 secundum

532 5717 538 5722 _
587 5643 866 5699 actionem
900 5645 1318 5704 distributione.
1351 5647 1430 5703 Ex
1464 5647 1554 5704 his
1594 5647 1947 5720 generalibus
1986 5659 2184 5701 rursus

2279 4623 2662 4694 πληρουμένου
2695 4623 2926 4693 κόσμου,
2975 4622 3120 4680 κατὰ
3169 4622 3496 4694 συμπλοκὴν
3534 4621 3730 4690 μέντοι
3773 4617 3869 4684 τῆς

2279 4714 2418 4783 πρὸς
2443 4713 2545 4778 τὰς
2577 4713 2864 4784 αἰσθήσεις
2904 4713 3015 4766 τῶν
3045 4713 3221 4785 αὐτῆς
3252 4711 3545 4781 δυνάμεων
3589 4708 3868 4781 ἐνεργείας

2278 4806 2519 4878 ἑκάστην
2545 4808 2748 4878 ἀρετὴν
2774 4807 3135 4878 ὑποστήσασα
3162 4822 3177 4835 ·
3212 4798 3327 4860 οἷον
3347 4805 3449 4875 τὴν
3475 4803 3581 4874 μὲν
3610 4802 3868 4872 φρόνησιν

2277 4897 2347 4952 ἐκ
2379 4897 2479 4969 τῆς
2507 4896 2654 4952 κατὰ
2683 4897 3007 4968 συμπλοκήν
3039 4896 3140 4967 τῆς
3176 4914 3236 4950 τε
3273 4897 3478 4966 νοερᾶς
3518 4895 3620 4948 καὶ
3650 4891 3868 4961 λογικῆς

2278 4991 2564 5062 δυνάμεως
2590 4990 2726 5060 πρὸς
2756 4990 2857 5061 τὴν
2901 4991 3142 5062 ὀπτικήν
3191 5007 3251 5044 τε
3283 4991 3381 5044 καὶ
3407 4987 3756 5058 άκουστικὴν
3793 4985 3869 5040 αἱ·

2281 5085 2497 5155 σθησιν,
2531 5085 2664 5156 περὶ
2698 5084 2769 5140 τὰ
2794 5084 2976 5139 αὐτῶν
3003 5083 3266 5155 αἰσθητὰ,
3319 5082 3642 5153 γνωπικῆς
3689 5097 3752 5134 τε
3783 5079 3869 5132 καὶ

2281 5177 2723 5250 ἐπιστημονικῆς
2761 5178 3068 5249 ἐνεργείας,
3120 5176 3220 5248 τήν
3264 5177 3324 5231 δέ
3359 5175 3622 5246 ἀνδρείαν
3661 5174 3732 5228 ἐκ
3776 5172 3867 5239 τῆς

2281 5273 2425 5328 κατὰ
2476 5271 2802 5343 συμπλοκήν
2855 5269 2954 5326 τοῦ
2988 5269 3224 5342 θυμικοῦ
3253 5269 3392 5342 πρὸς
3419 5268 3520 5339 τὴν
3566 5267 3864 5337 ὄσφρησιν,

2283 5368 2455 5440 ήγουν
2484 5369 2577 5421 τὸν
2636 5365 2913 5438 μυκτῆρα,
2965 5367 3024 5419 ἐν
3077 5358 3123 5432 ᾧ
3163 5363 3228 5417 τὸ
3273 5361 3532 5433 θυμικὸν,
3571 5360 3649 5424 ῶς
3686 5373 3863 5428 φασιν.

2287 5459 2572 5524 αὐλίζεται
2631 5458 2852 5529 πνεῦμα
2885 5496 2904 5523 ,
2958 5456 3147 5528 (199
3197 5457 3254 5525 ο)
3327 5455 3458 5525 περὶ
3511 5454 3575 5507 τὸ
3630 5449 3864 5521 συμφυὲς

2289 5548 2549 5620 αἰσθητὸν
2598 5547 2778 5619 ἄκρας
2835 5547 2980 5602 κατὰ
3033 5548 3135 5617 τήν
3185 5545 3477 5617 ἐνέργειαν
3516 5542 3860 5615 ὁμαλότητα.

2288 5641 2390 5713 τὴν
2437 5641 2494 5696 δὲ
2541 5638 2904 5713 σωφροσύνην
2936 5641 3002 5694 ἐκ
3039 5639 3143 5710 τῆς
3192 5640 3336 5692 κατὰ
3383 5634 3710 5708 συμπλοκὴν
3769 5628 3858 5698 τῆς

1890 5767 2124 5827 νΛΒΙᾹΞ
2153 5763 2561 5822 LECTIONES.

666 5830 716 5864 '°
741 5836 862 5898 ταῖς
892 5838 948 5890 δὲ
983 5837 1101 5893 cod.
1139 5838 1280 5894 Gud.
1340 5915 1343 5919 _
