4026 6288
139 312 296 379 1249

1418 308 1936 374 AMBIGUORUM
1977 310 2230 372 LIBER.

3290 314 3430 382 1250

139 425 279 479 κατ’
313 419 613 493 ἐπιθυμίαν
668 419 957 491 δυνάμεως
987 418 1125 491 πρὸς
1169 419 1270 492 τὴν
1317 420 1616 490 γευστικὴν
1642 421 1731 474 αίο

1835 426 2074 487 quatuor
2111 418 2413 474 virtutibus
2451 420 2593 476 duas
2637 423 3011 491 generaliores
3038 424 3108 482 de
3152 432 3431 499 composi-

140 517 350 587 σθησιν
386 516 518 586 περὶ
590 514 654 567 τὸ
713 514 913 567 οἰκεῖον
975 513 1235 584 αἰσθητὸν
1304 514 1731 585 μεμετρημένης

138 605 429 673 χρήσεως,
467 600 567 671 τὴν
619 600 675 654 δὲ
726 600 1078 671 δικαιοσύνην
1131 606 1197 655 ἑκ
1244 602 1345 674 τῆς
1372 604 1431 657 εν
1469 604 1612 666 ὅλοις
1644 602 1734 657 διὰ

134 698 253 764 τῆς
284 691 522 764 ἀπτικῆς
555 694 651 746 καὶ
702 694 834 764 ’περὶ⁵
880 693 985 748 ὅλα
1029 694 1219 765 σχεδὸν
1250 695 1321 749 τά
1359 695 1594 764 αίσθητά
1630 695 1733 765 τῆς

136 788 392 857 ζωτικῆς
450 786 737 856 δυνάμεως
792 786 936 841 κατά
981 787 1080 859 τὴν
1137 787 1423 859 ἐνέργειαν
1478 788 1603 859 ί¹σης
1636 789 1734 844 καὶ

138 882 419 935 εὐτάκτου
446 882 541 935 καὶ
574 879 878 951 ἁρμονικῆς
921 880 1319 952 διανεμήσεως.
1366 881 1464 934 Ἐκ
1504 880 1562 934 δὲ
1592 880 1718 935 τού-

137 990 262 1027 των
292 971 451 1037 αὖθις
479 973 588 1027 τῶν
607 973 840 1042 γενικῶν
866 972 1153 1044 τεσσάρων
1184 974 1400 1046 ἀρετῶν
1435 973 1533 1029 δύο
1575 992 1729 1044 γενι-

140 1065 407 1137 κωτέρας
430 1065 576 1119 κατά
605 1064 855 1119 σύνθεσιν
884 1066 1090 1139 ἀρετὰς
1123 1069 1300 1120 ποιεῖν
1328 1066 1731 1134 ἐκδιδάσκεται,

137 1158 250 1227 τὴν
286 1157 481 1227 σοφίαν
507 1158 652 1227 φημὶ
675 1156 773 1211 καὶ
791 1156 891 1229 τὴν
931 1158 1237 1229 πραότητα,
1256 1157 1354 1230 τὴν
1386 1158 1486 1229 μὲν
1513 1158 1732 1229 σοφίαν,

140 1248 225 1313 ὡς
276 1250 456 1313 πέρας
494 1243 663 1303 οὖσαν
699 1247 811 1302 τῶν
858 1250 1158 1317 γνωστῶν,
1195 1248 1308 1302 τῶν
1349 1250 1409 1304 δὲ
1448 1250 1731 1321 πρακτῶν,

140 1341 249 1411 τὴν
279 1339 595 1411 πραότητα·
620 1334 733 1392 οἷον
760 1339 824 1393 ὲκ
857 1339 959 1410 μὲν
994 1338 1098 1407 τῆς
1146 1340 1463 1410 φρονήσεως
1504 1338 1602 1392 καὶ
1633 1340 1734 1410 τῆς

140 1431 502 1500 δικαιοσύνης
539 1432 681 1485 ποιεῖ
704 1431 803 1501 τὴν
840 1430 1056 1501 σοφίαν,
1073 1430 1149 1495 ὡς
1177 1431 1435 1500 γνώσεως
1461 1432 1562 1502 τῆς
1587 1431 1734 1486 κατά

140 1524 249 1595 τὴν
284 1525 553 1595 φρόνησιν
580 1525 674 1578 καὶ
701 1526 801 1595 τῆς
833 1527 977 1580 κατά
994 1526 1095 1596 τὴν
1122 1523 1475 1596 δικαιοσύνην
1498 1524 1734 1594 ἐπιστή-

148 1633 265 1686 μης
292 1615 651 1687 ὑπάρχουσαν
713 1616 1043 1684 συνεκτικὴν
1078 1615 1285 1676 αίτίαν,
1336 1616 1431 1668 καὶ
1458 1614 1550 1670 διὰ
1576 1615 1737 1668 τοῦτο

144 1709 332 1778 πέρας
351 1708 464 1763 τῶν
493 1707 776 1778 γνωστῶν,
813 1708 888 1772 ὡς
913 1703 1092 1773 εἷπον,
1122 1708 1496 1780 τυγχάνουσαν
1518 1723 1534 1739 ο
1578 1709 1644 1760 ἑκ
1676 1708 1734 1762 δὲ

1840 510 1989 564 tione
2032 510 2272 566 virtutes
2308 511 2525 568 edicere
2565 513 2750 579 discit,
2777 515 3130 585 sapientiam,
3177 522 3427 592 inquam,

1837 610 1894 656 et
1928 602 2433 669 mansuetudinem,
2459 605 2787 675 sapientiam
2813 609 3062 677 quidem,
3092 628 3217 681 qua:
3240 630 3429 672 rerum

1842 696 2314 765 perceptibilium,
2356 698 2858 764 mansuetudinem,
2892 716 3018 770 qua:
3044 718 3229 759 rerum
3266 722 3434 775 agen-

1840 788 2036 843 darum
2072 787 2201 843 linis
2221 798 2342 855 est;
2368 804 2495 844 nam
2526 804 2594 845 ex
2624 790 2919 860 prudentia
2946 795 3231 863 etjustitia
3260 798 3432 853 eﬂicit

1841 877 2192 945 sapientiam,
2217 895 2340 949 qua:
2362 880 2698 951 cognitionis
2719 897 2751 937 a
2784 883 3084 952 prudentia
3112 895 3170 941 et
3195 889 3333 944 artis
3359 890 3433 944 ab

1837 971 2050 1041 iustitia
2085 972 2382 1027 moderatae
2413 986 2578 1027 causa
2610 979 2696 1029 est
2725 977 3126 1039 conservatrix.
3163 977 3428 1048 ideoque,

1841 1073 1903 1118 ut
1949 1064 2087 1130 dixi,
2136 1063 2584 1136 perceptibilium
2632 1066 2759 1121 finis
2807 1076 2893 1122 est
2930 1086 2943 1123 :
2979 1084 3047 1123 ex
3102 1070 3432 1128 fortitudine

1839 1171 1976 1211 vero
2029 1167 2087 1212 et
2135 1156 2503 1227 temperantia
2548 1159 3064 1225 mansuetudinem,
3115 1178 3238 1231 qua:
3288 1164 3430 1220 nihil

1839 1246 1989 1301 aliud
2025 1256 2111 1303 est
2156 1263 2321 1317 quam
2363 1248 2535 1304 animi
2574 1259 2632 1304 et
2670 1250 3137 1320 concupiscentiae
3185 1256 3432 1324 perfecta

1840 1350 1907 1393 au
1936 1356 2000 1394 ea
2024 1356 2147 1409 qua:
2167 1350 2380 1395 natura:
2405 1341 2684 1396 contraria
2714 1352 2843 1396 sunt
2866 1344 3240 1410 itmnobilitas,
3263 1364 3429 1417 quam

1840 1432 2066 1502 quidam
2094 1432 2456 1487 indolentiam
2484 1444 2776 1499 vocarunt,
2803 1434 3041 1505 ideoque
3074 1452 3268 1495 eorum
3308 1456 3433 1509 qua:

1842 1523 1946 1579 sub
1987 1524 2259 1581 actionem
2291 1526 2498 1581 cadunt
2532 1528 2659 1583 finis
2688 1538 2790 1583 est.
2837 1530 2945 1584 Has
2974 1546 3108 1585 vero
3140 1548 3337 1588 rursus
3371 1534 3431 1589 in

1840 1624 2106 1672 virtutem
2131 1619 2383 1673 omnium
2407 1621 2901 1690 generalissimam,
2925 1623 3254 1679 ebaritatem
3279 1626 3430 1691 dico,

1842 1710 2142 1775 contrahit,
2164 1727 2287 1780 qua:
2309 1710 2558 1767 dimovet
2579 1729 2643 1768 ea
2674 1730 2796 1784 qua:
2822 1730 2892 1768 ex
2922 1715 3059 1784 ipsa,
3082 1725 3141 1771 et
3173 1718 3432 1774 conciliat

142 1803 251 1870 τῆς
277 1799 537 1870 ἀνδρείας
586 1798 681 1854 καὶ
734 1799 834 1871 τῆς
891 1799 1252 1873 σωφροσύνης
1279 1800 1380 1870 τὴν
1423 1800 1731 1872 πραότητα,

1836 1814 1901 1852 ea
1939 1814 2061 1868 quae
2091 1814 2191 1869 per
2221 1799 2418 1869 ipsam,
2451 1810 2508 1856 et
2554 1802 2610 1856 in
2654 1819 2825 1858 unum
2859 1803 3065 1860 conﬁat
3092 1821 3158 1860 ea
3204 1823 3328 1876 qua:
3371 1808 3431 1867 in

148 1892 329 1963 μηδὲν
382 1892 513 1947 ἀλλο
562 1891 944 1963 τυγχάνουσαν
982 1893 1015 1964 ἢ
1068 1892 1245 1964 θυμοῦ
1300 1893 1396 1949 καὶ
1437 1892 1735 1963 ἐπιθυμίας

144 1984 394 2055 παντελῆ
428 1984 564 2057 πρὸς
594 1985 662 2039 τά
702 1986 854 2057 παρά
885 1985 1051 2055 φύσιν
1091 1985 1409 2056 ἀκινησίαν,
1461 1985 1531 2056 ἦν
1587 2001 1735 2048 τινες

146 2077 424 2132 ἐκάλεσαν
475 2076 771 2143 ἀπάθειαν,
803 2078 901 2131 καὶ
965 2077 1054 2132 διά
1098 2076 1262 2131 τοῦτο
1309 2077 1421 2131 τῶν
1472 2076 1735 2149 πρακτῶν

145 2167 308 2232 τέλος
350 2168 728 2240 ὑπάρχουσαν.
792 2167 1013 2232 Ταύτας
1059 2168 1119 2222 δὲ
1166 2167 1333 2223 πάλιν
1371 2168 1452 2233 είς
1493 2169 1592 2238 τὴν
1622 2166 1734 2222 τῶν

148 2260 353 2314 πασῶν
376 2261 753 2331 γενικωτάτην
804 2260 1032 2332 ἀρετὴν,
1066 2260 1213 2332 φημὶ
1253 2259 1311 2314 δὲ
1354 2260 1453 2332 τὴν
1486 2259 1732 2331 ἀγάπην,

150 2354 405 2423 συνάγει,
433 2353 765 2423 εχστατικὴν
789 2349 956 2409 οὖσαν
994 2352 1102 2407 τῶν
1147 2352 1207 2420 ἐξ
1236 2351 1410 2424 αὐτῆς
1437 2353 1532 2407 καὶ
1561 2369 1732 2423 προσ-

149 2444 442 2516 αγωγικὴν
479 2443 591 2499 τῶν
622 2443 693 2499 δι’
714 2443 885 2515 αὐτῆς
929 2443 1027 2498 καὶ
1067 2444 1453 2517 ἑνοποιητικὴν
1490 2444 1600 2499 τῶν
1652 2447 1733 2509 είς

147 2536 324 2608 αὐτὴν
352 2536 675 2609 ἀρξαμένων
701 2554 762 2593 τε
791 2538 886 2591 καὶ
935 2536 1267 2607 κινηθέντων
1298 2536 1395 2590 καὶ
1431 2536 1730 2607 ληξάντων,

148 2632 246 2685 καὶ
282 2630 655 2702 διαφερόντως
685 2631 782 2685 επὶ
817 2630 955 2683 πᾶσι
988 2629 1398 2700 θεοποιητικήν.
1442 2628 1601 2684 Οῦτω
1633 2629 1733 2700 μὲν

148 2720 243 2776 οὖν
272 2724 309 2793 ἠ
345 2721 495 2792 ψυχὴ
521 2720 815 2792 κινουμένη
847 2736 910 2774 τε
939 2718 1122 2789 σοφῶς
1150 2719 1244 2773 καὶ
1272 2718 1574 2792 ἐνεργοῦσα
1606 2718 1733 2773 καθ’

150 2812 210 2867 δν
237 2813 342 2867 καὶ
386 2812 505 2868 ἔστι
546 2813 643 2868 καὶ
684 2812 979 2884 γεγένηται
1015 2809 1237 2883 θεοτελῆ
1269 2810 1430 2879 λόγον
1480 2811 1589 2865 τῶν
1634 2810 1733 2881 μὲν

152 2905 434 2977 αἰσθητῶν
464 2905 751 2977 χρησίμως
781 2903 873 2958 διὰ
901 2905 1011 2958 τῶν
1046 2903 1354 2975 αἰσθήσεων
1388 2902 1733 2978 ἀντιλαμϐά-

150 3016 331 3065 νεται,
364 2999 492 3062 τοὺς
542 3000 601 3051 ἐν
646 2998 833 3061 αὐτοῖς
865 2996 1216 3069 πνευματικὴ
1270 2995 1465 3064 λόγους
1499 2996 1734 3049 οἰκειου-

153 3093 317 3163 μένη,
366 3091 466 3156 τάς
518 3092 577 3146 δὲ
624 3091 909 3161 αίσθησεις
967 3090 1161 3155 αὑτὰς,
1215 3087 1564 3157 λογισθείσας
1627 3088 1730 3160 ἤδη
1758 3130 1802 3189 C

152 3183 345 3255 (199
361 3182 415 3253 ι)
444 3185 514 3254 τῇ
564 3182 659 3237 τοῦ
690 3181 851 3251 λόγου
878 3181 1190 3254 περιουσίᾳ,
1240 3180 1431 3254 ῶσπερ
1481 3181 1733 3253 ὀχήματα

151 3272 349 3343 λογικά
373 3263 662 3345 προσίεται
680 3275 788 3328 τῶν
818 3275 988 3345 αὐτῆς
1008 3274 1315 3345 δυνάμεων,
1353 3274 1521 3339 αὒτάς
1545 3275 1603 3328 δὲ
1633 3276 1732 3340 τὰς

150 3365 414 3435 δυνάμεις
451 3367 570 3429 ταῖς
595 3366 820 3437 ἀρεταῖς
853 3366 1137 3432 συνάπτει,
1161 3366 1257 3419 καί
1276 3366 1476 3437 ἑαυτὴν
1513 3366 1602 3422 διά
1621 3365 1733 3421 τῶν

152 3455 367 3527 ἀρετῶν
399 3459 514 3521 τοῖς
537 3458 595 3510 εν
622 3459 818 3522 αὑταῖς
858 3456 1151 3529 θειοτέροις
1172 3456 1375 3527 λόγοις,
1417 3458 1469 3511 οί
1500 3457 1558 3511 δὲ
1586 3457 1730 3512 θειό-

150 3565 303 3623 τεροι
340 3548 696 3622 τῶνδάρετῶν
732 3550 881 3618 λόγοι
936 3549 1017 3621 τῷ
1061 3551 1119 3603 ὲν
1168 3550 1352 3615 αὐτοῖς
1384 3550 1606 3620 ἀφανῶς
1637 3567 1733 3606 κε-

151 3641 464 3712 κρυμμένῳ
496 3640 856 3712 πνευματικῷ
890 3640 989 3710 νῷ,
1036 3641 1065 3693 ό
1097 3639 1154 3693 δὲ
1197 3640 1572 3712 πνευματικὸς
1606 3640 1733 3703 νοῦς

150 3733 258 3787 τῶν
278 3735 346 3787 ἀν
391 3734 514 3797 ταῖς
566 3735 796 3805 ἀρεταῖς
844 3732 1136 3803 θειοτέρων
1172 3730 1368 3802 λόγων,
1408 3734 1592 3787 πᾶσαν
1631 3735 1733 3803 τῆς

152 3827 332 3897 ψυχῆς
368 3826 438 3897 ἢν
467 3824 582 3898 ἔχει
632 3826 772 3896 πρὸς
807 3824 878 3879 τά
921 3823 1167 3893 παρόντα
1227 3825 1469 3897 φυσικήν
1527 3841 1587 3878 τε
1635 3827 1733 3878 καὶ

154 3918 551 3989 προαιρετικὴν
580 3915 767 3986 σχίσιν
822 3912 1207 3984 διωθούμενος,
1265 3912 1443 3983 ἁπλῆν
1466 3914 1595 3986 ὅλην
1626 3914 1732 3984 ὅλῳ

152 4008 339 4063 δίδωσι
363 4004 443 4078 τῷ
468 4006 611 4078 Θεῷ,
636 4007 666 4060 ό
686 4005 745 4060 δὲ
773 4004 907 4068 Θεὸς
934 4004 1144 4077 ταύτην
1160 4004 1231 4058 δι’
1262 4005 1386 4058 ὅλου
1416 4003 1732 4077 περιλαϐὼν

157 4099 294 4166 μετά
349 4096 444 4151 τοῦ
490 4096 909 4168 συμπεφυκότος
956 4095 1095 4166 αὐτῇ
1149 4093 1398 4167 σώματος
1449 4096 1731 4165 ἀναλόγως

154 4188 292 4243 αὑτά
338 4188 579 4259 ἐξομοιοῖ
607 4186 810 4258 ἑαυτῷ,
843 4185 987 4239 ὥστε
1043 4184 1111 4239 δι’
1138 4185 1311 4255 αὐτῆς
1359 4186 1487 4257 ὅλης
1537 4188 1733 4258 ἀπερι-

154 4282 380 4351 γράφως
396 4280 515 4334 ὅλον
540 4277 826 4349 φαίνεσθαι
852 4275 1136 4340 δύνασθαι,
1161 4276 1250 4329 τὸν
1264 4277 1309 4308 ³⁸
1333 4278 1598 4348 μηδαμῶς
1623 4295 1731 4332 τινι

154 4372 258 4426 τῶν
284 4373 463 4427 ὅντων
515 4371 639 4426 καθ’
673 4368 853 4426 ὁτιοῦν
881 4371 943 4438 ιε
981 4370 1175 4426 ἑαυτοῦ
1230 4370 1524 4441 φαίνεσθαι
1567 4372 1730 4440 φύσιν

157 4464 370 4536 ἔχοντα.
393 4466 503 4519 Καὶ
528 4465 689 4519 τοῦτο
718 4464 881 4536 τυχόν
906 4465 1056 4537 ἐστιν
1084 4465 1220 4535 ὅπερ
1248 4465 1449 4534 νοήσας
1485 4465 1515 4517 ό
1549 4463 1731 4534 μακά-

161 4572 269 4629 ριος
297 4551 455 4621 οὗτος
484 4558 576 4613 καὶ
607 4557 781 4631 μέγας
796 4556 1119 4620 διδάσκαλος
1140 4556 1200 4608 ὲν
1218 4554 1299 4625 τῷ
1322 4555 1402 4618 είς
1432 4554 1735 4627 Καισάριον

158 4648 244 4704 τὸν
276 4650 510 4720 ἀδελφὸν
549 4649 855 4721 Ἐπιταφίῳ
890 4650 1246 4712 ἀναστάσεως
1276 4647 1405 4719 ἔφη,
1448 4665 1468 4700 ι
1518 4648 1733 4714 Μικρὸν

160 4739 215 4795 δὲ
247 4740 480 4815 ὕστερον
527 4742 627 4797 καὶ
662 4742 726 4796 τὸ
782 4741 1047 4811 συγγενὲς
1093 4740 1321 4811 σαρκίον
1375 4739 1733 4794 ἀπολαϐοῦσα

165 4835 317 4905 (περὶ
356 4835 458 4904 τῆς
513 4833 691 4905 ψυχῆς
744 4833 987 4906 δηλονότι
1036 4825 1372 4903 φάσκων)ᾧ
1403 4832 1473 4887 τά
1522 4831 1733 4887 ἐκεῖθεν

165 4926 643 4998 συνεφιλοσόφησε,
670 4927 822 4997 παρά
848 4926 951 4996 τῆς
1001 4926 1097 4981 καὶ
1124 4923 1322 4997 δούσης
1353 4925 1450 4979 καὶ
1501 4940 1731 4979 πιστευ-

164 5017 343 5090 θείσης
372 5018 499 5088 γῆς,
528 5018 731 5089 τρόπον
784 5018 845 5075 ὅν
888 5012 1030 5074 οἶδεν
1071 5019 1101 5073 δ
1134 5016 1310 5073 ταῦτα
1345 5016 1613 5089 συνδήσας
1639 5015 1737 5070 καὶ

162 5108 414 5176 διαλύσας
442 5111 599 5178 Θεὸς,
651 5111 831 5183 τούτῳ
886 5109 1320 5184 συγκληρονομεῐ
1364 5111 1465 5181 τῆς
1512 5108 1725 5163 ἐκεῖθεν

165 5201 340 5276 δόξης,
367 5204 463 5259 καὶ
512 5203 769 5276 καθάπερ
802 5204 912 5258 τῶν
960 5203 1254 5276 μοχθηρῶν
1284 5200 1454 5257 αὐτοῦ
1489 5200 1726 5272 μετέσχε

166 5294 250 5351 διά
275 5296 375 5368 τὴν
409 5298 716 5368 συμφυΐαν,
757 5295 901 5350 οῦτω
953 5296 1048 5350 καὶ
1100 5296 1212 5351 τῶν
1244 5294 1497 5368 τερπνῶν
1529 5292 1732 5362 ἑαυτῆς

172 5388 539 5456 μεταδίδωσιν,
570 5389 693 5443 ὅλον
722 5390 801 5451 είς
825 5387 1024 5460 ἑαυτὴν
1058 5386 1407 5451 ἀναλώσασα,
1437 5385 1536 5439 xui.
1576 5400 1732 5452 γενο-

172 5478 302 5551 μόνη
329 5481 426 5535 σῦν
445 5480 623 5553 τούτῳ
653 5481 733 5545 ἓν,
760 5482 855 5535 καὶ
877 5480 1113 5551 πνεῦμα,
1141 5478 1238 5534 καὶ
1262 5478 1408 5544 νοῦς,
1445 5478 1541 5531 καὶ
1577 5474 1731 5540 Θεὸς,

171 5572 563 5637 καταποθέντος
609 5571 716 5626 ὑπὸ
776 5572 873 5641 τῆς
931 5570 1078 5641 ζωῆς
1128 5570 1222 5625 τοῦ
1278 5568 1476 5641 θνητοῦ
1544 5582 1603 5619 τε
1636 5565 1733 5619 καὶ

1838 1887 2013 1960 ipsam
2041 1900 2381 1959 occeperunt
2408 1901 2467 1946 et
2486 1901 2634 1947 mota
2662 1902 2792 1947 sunt
2815 1902 2870 1949 et
2895 1895 3059 1951 tinem
3089 1897 3433 1963 habuerunt,

1835 1993 2070 2049 quaeque
2101 1979 2158 2034 in
2188 1980 2453 2036 omnibus
2498 1981 2741 2052 denique
2789 1984 3027 2041 maxime
3056 1986 3300 2042 deificat.
3339 1990 3433 2046 Sic

1836 2069 2007 2140 igitur
2033 2071 2215 2127 anima
2259 2081 2466 2127 motata
2494 2075 2776 2144 sapienter
2811 2085 2869 2132 et
2910 2093 3081 2148 agens
3123 2081 3431 2138 secundum

1835 2162 2035 2219 divinae
2099 2164 2463 2235 perfectionis
2516 2167 2788 2223 rationem
2843 2186 2951 2239 qua
2997 2182 3055 2226 et
3103 2173 3319 2229 exsistit
3372 2184 3432 2231 et

1835 2256 1979 2311 facta
2004 2263 2110 2321 est,
2145 2257 2428 2313 sensibilis
2467 2260 2689 2329 quidem
2730 2262 2940 2317 utiliter
2960 2279 3061 2333 per
3089 2280 3284 2321 sensus
3306 2283 3433 2336 per-

1833 2347 1991 2419 cipit,
2028 2364 2334 2420 earumque
2367 2352 2612 2407 rationes
2642 2353 2954 2423 spiritualis
2998 2356 3107 2411 sibi
3152 2358 3449 2430 adjungit,.

1835 2439 1989 2511 ipsos
2012 2456 2143 2497 vero
2168 2456 2387 2508 sensus,
2422 2444 2651 2499 rationis
2681 2445 2943 2502 facultate
2962 2449 3075 2519 jam
3100 2452 3427 2517 asstimatos,

1835 2540 2097 2601 tanquam
2124 2532 2380 2589 vehicula
2413 2535 2704 2590 rationalia
2733 2552 2959 2593 suarum
2991 2540 3169 2610 ipsius
3196 2541 3428 2600 faculta-

1834 2629 1952 2676 tum
1984 2622 2247 2691 admittit,
2296 2624 2555 2695 ipsasque
2588 2626 2882 2684 facultates
2914 2630 3218 2687 virtutibus
3258 2649 3431 2704 seque

1835 2713 2012 2783 ipsam
2058 2729 2160 2784 per
2193 2715 2429 2770 virtutes
2472 2716 2845 2773 divinioribus
2888 2734 3077 2785 earum
3118 2723 3431 2780 rationibus

1833 2805 2103 2877 adiungit,
2138 2815 2198 2861 et
2236 2806 2541 2863 diviniores
2561 2807 2832 2861 virtutum
2868 2809 3111 2865 rationes
3153 2813 3429 2883 spirituali

1834 2898 1927 2968 qui
1950 2898 2006 2953 in
2024 2898 2107 2954 eis
2131 2899 2352 2953 occulto
2379 2899 2514 2953 latet
2538 2899 2878 2967 intellectui;
2910 2903 3217 2972 spiritualis
3240 2914 3428 2974 autem

1834 2989 2147 3045 intellectus
2174 2989 2512 3044 diviniorum
2561 2990 2617 3045 in
2650 2988 2951 3047 virtutibus
2996 2994 3281 3066 rationum
3307 3012 3430 3052 om-

1835 3097 1964 3138 nem
2007 3081 2225 3149 animaz,
2258 3098 2423 3154 quam
2471 3083 2640 3140 habet
2672 3084 2740 3138 ad
2776 3086 3071 3155 prasentia
3118 3088 3427 3143 naturalem

1836 3174 2249 3246 voluntatisquc
2304 3175 2564 3231 affectum
2612 3186 2669 3231 et
2722 3176 3049 3233 relationem
3101 3193 3429 3245 removens,

1837 3266 2147 3337 simplicem
2182 3275 2353 3322 totam
2400 3268 2499 3323 toti
2550 3269 2719 3324 tradit
2748 3269 2884 3335 Deo,
2916 3277 3085 3340 atque
3128 3270 3275 3326 Deus
3306 3286 3446 3339 eam,

1833 3374 1903 3415 ex
1937 3368 2058 3415 toto
2096 3376 2206 3415 una
2237 3376 2364 3416 cum
2394 3376 2628 3432 corpore
2661 3379 2900 3434 quocum
2936 3372 3168 3433 cognata
3192 3347 3284 3420 est
3306 3379 3428 3418 ara-

1834 3452 2052 3523 plexus,
2084 3456 2484 3510 convenienter
2510 3465 2809 3527 utrumque
2853 3456 2961 3511 sibi
2991 3456 3098 3528 ipsi
3139 3456 3428 3524 assimilat,

1833 3542 1974 3598 adeo
2007 3552 2069 3598 ut
2109 3559 2209 3615 per
2258 3544 2436 3615 ipsam
2487 3554 2656 3599 totam
2705 3547 2867 3616 plane
2913 3547 3431 3619 incircumscriptus

1833 3650 2104 3707 apparere
2131 3644 2186 3691 et
2220 3644 2373 3692 totus
2404 3639 2602 3709 possit,
2638 3639 2730 3708 qui
2774 3655 2840 3694 ea
2881 3648 3083 3695 natura
3120 3650 3208 3696 est
3236 3650 3299 3696 ut
3326 3656 3430 3696 eo-

1836 3742 1959 3782 rum
1988 3729 2085 3797 qui
2130 3735 2260 3782 sunt
2290 3728 2386 3783 ulli
2421 3729 2534 3783 ullo
2566 3729 2728 3783 modo
2761 3729 2831 3784 de
2856 3744 2916 3784 se
2948 3730 3068 3800 ipso
3101 3746 3213 3786 non
3254 3747 3429 3803 appa—

1834 3828 1972 3875 reat.
2020 3822 2199 3890 Atque
2245 3820 2353 3876 hoc
2396 3830 2481 3877 est
2528 3822 2764 3877 fortasse
2806 3821 2953 3891 quod
2992 3823 3189 3879 beatus
3232 3824 3325 3880 hic
3369 3835 3429 3882 et

1834 3928 2066 3983 magnus
2109 3913 2305 3969 doctor
2347 3910 2405 3969 in
2448 3914 2635 3969 animo
2681 3914 2890 3969 habens
2938 3915 2997 3971 in
3031 3916 3327 3988 Epitapbio
3366 3918 3428 3974 in

1831 4002 2132 4059 Caasarium
2154 4004 2385 4059 fratrem
2404 4004 2627 4061 dicebat
2649 4022 2665 4059 :
2693 4025 2712 4057 ι
2738 4005 2869 4061 Post
2885 4007 3051 4061 etiam
3069 4007 3375 4077 aliquanto,
3397 4026 3418 4059 μ

1832 4094 1889 4150 id
1932 4104 2019 4150 est
2048 4104 2173 4166 post
2204 4098 2694 4165 resurrectionem,
2733 4115 2755 4151 ι
2791 4114 2918 4152 cum
2964 4108 3253 4170 cognatam
3299 4114 3427 4154 car-

1834 4206 1960 4245 nem
1989 4190 2080 4262 (de
2120 4190 2305 4246 anima
2337 4191 2598 4246 videlicet
2632 4190 2908 4263 loquens),
2952 4207 3116 4261 quam
3159 4208 3285 4246 cum
3336 4192 3428 4247 hic

1833 4280 2345 4352 pliilOSOpharetur,
2377 4283 2583 4336 sociam
2614 4282 2830 4348 habuit,
2856 4297 2886 4336 a
2910 4291 3081 4347 terra,
3108 4298 3231 4353 quae
3252 4292 3308 4336 et
3330 4281 3427 4335 de-

1835 4374 1996 4429 derat
2024 4384 2081 4427 et
2103 4374 2159 4426 in
2184 4373 2346 4427 tidem
2375 4386 2687 4443 acceperat,
2719 4375 2931 4444 recepit
2956 4375 3123 4444 (quod
3148 4375 3427 4443 quomodo

1767 4480 1811 4535 ι)
1841 4466 1933 4519 liet
1981 4464 2128 4518 Deus
2171 4464 2346 4528 novit,
2396 4464 2491 4533 qui
2525 4478 2589 4517 ea
2637 4464 2784 4518 inter
2824 4480 2885 4519 se
2930 4466 3216 4535 conjunxit
3260 4478 3426 4537 atque

1833 4553 2135 4624 dissolvit),
2170 4563 2285 4608 tum
2326 4554 2549 4608 demum
2581 4569 2703 4608 eam
2738 4570 2960 4624 quoque
3000 4555 3069 4609 ad
3103 4557 3290 4625 gloria:
3318 4575 3425 4612 ca:-

1832 4644 1991 4700 lestis
2016 4645 2397 4699 [nereditatem
2434 4661 2622 4700 secum
2665 4644 3056 4711 admissuram,
3082 4656 3139 4700 et
3163 4648 3427 4717 quemad-

1836 4736 2063 4792 modum
2106 4735 2179 4791 ob
2223 4720 2433 4791 natura:
2457 4735 2907 4807 coniunctionem
2940 4753 3308 4793 aerumnarum
3343 4739 3429 4809 ip-

1834 4827 1952 4883 sius
1990 4826 2266 4898 particeps
2303 4825 2503 4891 fuerat,
2552 4826 2634 4882 sic
2678 4826 2845 4883 etiam
2875 4828 3253 4899 jucunditates
3295 4844 3423 4883 suas

1835 4934 1961 4975 cum
1998 4920 2114 4991 ipsa
2145 4921 2697 4989 communicaturam,
2734 4931 2909 4976 totum
2936 4921 3193 4976 videlicet
3221 4936 3425 4991 corpus

1839 5013 1896 5069 in
1938 5029 1997 5069 se
2040 5014 2217 5085 ipsam
2250 5012 2659 5078 absumentem,
2692 5021 2748 5068 et
2790 5028 2915 5067 cum
2958 5027 3027 5067 eo
3073 5028 3245 5066 unum
3288 5012 3424 5066 effc-

1837 5114 2004 5169 ctam,
2048 5114 2106 5160 et
2136 5104 2415 5174 spiritum,
2458 5110 2515 5157 ct
2544 5108 2809 5162 mentem.
2841 5110 2897 5155 et
2934 5099 3132 5163 Deum,
3160 5100 3421 5169 absorpta

1836 5198 2108 5255 nimirum
2134 5212 2166 5253 a
2193 5197 2305 5251 vita
2330 5212 2398 5252 eo
2423 5195 2571 5266 quod
2595 5194 2827 5250 mortale
2848 5202 2906 5249 et
2925 5192 3192 5248 caducum
3222 5201 3360 5247 erat.
3393 5210 3411 5244 ι

1833 5290 2123 5357 Quomodo
2155 5291 2303 5346 enim
2334 5304 2436 5359 per
2480 5296 2770 5359 peccatum
2800 5301 2928 5341 caro
2962 5284 3033 5340 ab
3068 5285 3293 5340 interitu
3324 5284 3422 5339 ab-

1838 5393 2028 5453 sorpta
2082 5392 2230 5445 erat,
2278 5397 2309 5435 a
2358 5394 2527 5435 carne
2577 5394 2710 5434 vero
2761 5379 2942 5433 anima
2993 5376 3062 5432 de
3107 5376 3421 5432 actionibus

1839 5472 2043 5544 agnita,
2073 5470 2143 5525 ab
2164 5468 2344 5524 anima
2366 5483 2499 5523 vero
2519 5484 2620 5539 per
2639 5468 2854 5539 plenam
2877 5465 3239 5539 ignorantiam
3263 5462 3418 5534 agni-

1839 5564 1918 5620 tio
1942 5564 2063 5627 Dci,
2088 5562 2229 5619 adeo
2252 5571 2312 5618 ut
2332 5562 2420 5617 vel
2450 5577 2517 5617 an
2546 5562 2689 5617 Deus
2714 5569 2860 5618 esset
2885 5561 3184 5634 ignoraret,
3212 5559 3284 5613 ita
3303 5557 3416 5629 jam

1436 5677 1670 5733 VARIZE
1710 5674 2112 5733 LECTIUNES.

244 5748 288 5782 ³⁸
314 5751 421 5806 τῶν
449 5752 613 5810 habet
646 5753 1016 5828 apograplium
