4026 6288
629 304 772 373 Ῑὲὃῐ
1763 298 1825 357 S.
1866 294 2156 356 ΜΛΧΙΜΙ
2194 293 2219 354 (

2215 292 2708 356 IONFESSORIS
3705 287 3805 354 1252

627 429 876 488 tempore
904 414 1330 470 resurrectionis
1357 426 1666 468 secundum
1693 410 1983 480 pulchram
2028 410 2216 463 inver-

2249 414 2290 468 Α
2324 412 2539 482 ῥέοντος
2557 407 2658 477 (8).
2697 429 2716 459 ο
2766 403 2856 468 Ὠς
2885 404 2995 475 γὰρ
3029 400 3302 471 κατεπόθη
3339 399 3422 453 διὰ
3472 397 3562 469 τὴν
3588 400 3805 471 ἁμαρτίαν

625 509 837 565 sionem
867 507 922 562 in
951 514 1144 562 sancto
1165 505 1378 575 Spiritu
1403 512 1724 559 eventuram
1750 500 1818 556 de
1843 500 1938 555 Dei
1963 500 2057 570 qui
2082 511 2213 552 caro

2319 504 2354 573 ὴ
2377 500 2515 574 σὰρξ
2543 499 2649 553 ὑπὸ
2684 501 2785 570 τῆς
2809 498 3037 568 φθορᾶς,
3072 495 3177 549 ὑπὸ
3201 494 3257 548 δὲ
3298 495 3394 566 τῆς
3422 495 3604 564 σιρκδς
3633 497 3663 565 ἡ
3694 496 3808 568 ψυχὴ

624 601 802 656 factus
848 608 933 655 est
977 600 1152 670 gratia
1195 613 1326 653 caro
1370 596 1440 652 ab
1469 595 1656 650 anima
1702 594 1866 664 plane
1898 593 1955 648 in
2005 591 2212 661 Spiritu

2319 594 2628 664 γνωσθεῖσα
2654 594 2777 656 ταῖς
2800 590 3124 663 ἐνεργείαις,
3142 588 3246 642 ὑπὸ
3263 587 3320 641 δέ
3351 589 3448 657 τῆς
3475 587 3630 656 ψυχῆς
3651 587 3723 640 διὰ
3737 590 3808 656 τῆς

623 692 976 756 absorbetur,
1012 692 1194 746 anima
1231 697 1414 746 autem
1448 704 1478 742 a
1508 689 1641 751 Deo,
1671 685 1767 756 qui
1797 699 1928 739 vera
1955 683 2066 738 vita
2109 692 2213 747 est,

2320 685 2622 750 παντελοῦς
2653 683 2932 754 ἀγνωσίας
2965 685 3000 755 ἠ
3025 684 3319 752 ἐπίγνωσις
3345 680 3438 734 τοῦ
3461 678 3604 743 Θεοῦ,
3629 680 3692 744 ὡς
3710 682 3809 749 μηδὲ

621 793 680 839 et
704 798 872 854 quem
908 783 999 837 illa
1031 783 1206 837 solum
1242 781 1488 836 omnium
1535 788 1592 832 et
1637 777 1861 832 unicum
1895 783 2007 831 tota
2039 783 2211 830 totum

2321 781 2506 851 (200
2551 779 2604 848 ιι)
2635 779 2684 831 εἰ
2711 776 2828 831 ἔστι
2871 775 3008 837 Θεὸς
3039 770 3421 843 γινώσκεσθαι,
3465 770 3667 841 οὖτωδὴ
3712 771 3811 823 πὰν-

624 877 680 931 in
730 885 1028 947 conspectu
1062 882 1418 946 apparentem
1455 873 1640 938 habet,
1677 881 1752 936 et,
1786 879 1847 926 ut
1891 869 2214 940 simpliciter

2316 889 2427 936 τως
2453 871 2529 942 τῷ
2565 868 2746 941 καιρῷ
2774 868 2873 940 τῆς
2895 866 3248 928 ἀναστάσεως
3282 862 3420 917 κατά
3450 862 3542 933 τὴν
3579 859 3725 924 καλῶς
3746 878 3813 930 γε·

622 968 828 1033 dicam,
865 979 1064 1023 cuneta
1105 976 1292 1022 nostra
1333 967 1494 1022 aliter
1523 974 1689 1035 atque
1722 965 1776 1018 in
1810 963 1896 1018 his
1925 962 2212 1034 praesenti-

2316 960 2630 1034 νησομὲνην
2670 959 3038 1032 ἀντιστροφὴν
3067 961 3126 1011 ἐν
3171 957 3448 1027 Πνεῦματι
3479 955 3604 1026 ἁγίῳ
3644 955 3717 1008 διὰ
3739 957 3812 1024 τὴν

623 1058 730 1113 bus
759 1058 946 1124 rebus,
997 1057 1142 1113 circa
1177 1073 1315 1128 quas
1343 1073 1493 1112 nunc
1535 1071 1729 1110 smnus
1755 1063 1812 1110 et
1853 1055 2123 1126 degimus,
2155 1067 2213 1108 se

2317 1055 2482 1126 χάριν
2516 1053 2610 1107 τοῦ
2629 1051 3009 1123 σαρκωθέντος
3045 1048 3183 1103 Θεοῦ
3219 1045 3638 1120 καταποθήσεται
3661 1046 3690 1116 ἡ
3713 1044 3814 1115 σὰρξ

624 1152 852 1217 habent,
886 1153 940 1207 in
978 1152 1165 1206 futuro
1196 1151 1384 1206 divine
1413 1149 1789 1206 manifestabit
1815 1149 1989 1220 gratia
2025 1163 2214 1203 resur-

2317 1147 2423 1202 ὑπὸ
2449 1147 2550 1218 τῆς
2563 1145 2746 1216 ψυχῆς
2772 1145 2830 1198 ἐν
2851 1142 3146 1214 πνεύματι,
3175 1142 3211 1214 ἡ
3238 1141 3295 1194 δέ
3321 1138 3466 1210 ψυχὴ
3485 1137 3582 1192 ὑπὸ
3593 1136 3673 1190 τοῦ
3694 1137 3810 1200 θεοῦ,

625 1245 910 1310 rectionis,
948 1257 1008 1299 ut
1045 1244 1324 1314 quomodo
1351 1260 1450 1314 per
1475 1252 1763 1315 peccatum
1795 1243 1890 1298 hic
1915 1258 2064 1298 mors
2087 1256 2215 1296 cor-

2313 1240 2414 1311 τῆς
2443 1240 2616 1303 ὅντως
2643 1236 2812 1308 οὔσης
2859 1237 3030 1309 ζωῆς,
3067 1235 3145 1300 ὡς
3206 1233 3372 1287 αὑτὸν
3433 1229 3708 1303 μονώτατον
3749 1228 3812 1283 διὰ

626 1335 884 1390 roborata
914 1335 1222 1401 absorbuit,
1248 1335 1328 1390 sic
1355 1337 1479 1406 jure
1507 1335 1782 1390 inﬁrmata
1813 1335 1928 1390 illic
1955 1350 2055 1405 per
2086 1349 2216 1404 gra-

2316 1336 2539 1390 πάντων
2567 1336 2689 1389 ὅλον
2716 1334 2815 1405 ὅλη
2849 1332 3290 1405 προφαινόμενον
3321 1329 3536 1401 ἔχουσα,
3563 1326 3648 1380 καὶ
3673 1326 3812 1388 ἁπλῶς

625 1427 758 1482 tiam
804 1428 1190 1483 absorbeatur.
1237 1427 1419 1494 Quare
1462 1429 1508 1483 si
1551 1428 1732 1483 anima
1766 1427 1929 1493 bene,
1963 1427 2044 1481 uti
2078 1425 2212 1492 dixi,

2315 1431 2513 1497 εἰπεῖν,
2544 1428 2919 1502 ἀντιστρόφως
2962 1429 3078 1492 τοῖς
3111 1424 3370 1496 παροῦσι,
3397 1421 3519 1491 περὶ
3537 1419 3571 1474 ἃ
3594 1417 3811 1489 νῦνέσμέν

621 1520 741 1576 suis
776 1520 1134 1576 facultatibus
1167 1528 1375 1586 utetur,
1411 1529 1470 1576 et
1513 1521 1815 1576 secundum
1864 1520 1962 1576 Dei
2006 1536 2211 1592 propo-

2314 1539 2374 1576 τε
2403 1522 2498 1576 καὶ
2529 1519 2914 1592 διεξαγόμεθα,
2942 1517 3122 1572 πάντα
3157 1515 3299 1570 κατά
3317 1514 3378 1567 τὺ
3411 1510 3591 1584 μέλλον
3611 1508 3742 1575 δείξει
3762 1507 3809 1560 τὰ

617 1613 812 1676 situm,
855 1612 1105 1668 sensibili
1156 1613 1264 1668 hoc
1304 1614 1513 1668 mundo
1545 1628 1645 1684 per
1680 1613 1995 1684 spirituales
2039 1615 2095 1668 in
2145 1630 2207 1670 eo

2314 1613 2564 1685 ἡμετέρα
2591 1615 2625 1684 ἡ
2651 1609 2967 1683 θεοπρεπὴς
3027 1609 3128 1680 τῆς
3168 1606 3512 1668 ἀναστάσεως
3558 1601 3711 1673 χάρις,
3751 1599 3812 1652 ἵνα

622 1702 865 1758 rationes
915 1704 1194 1774 sapienter
1237 1714 1528 1776 peragrato
1581 1704 1649 1759 ad
1699 1706 1871 1760 Deum
1922 1705 2210 1776 perveniet

2243 1773 2269 1776 _
2315 1705 2506 1776 ὥσπερ
2557 1705 2647 1758 διά
2680 1703 2778 1774 τὴν
2809 1701 3088 1774 ἁμαρτίαν
3109 1697 3347 1754 ἐνταῦθα
3379 1696 3622 1750 κατέτιεν
3645 1695 3670 1746 ὁ
3697 1691 3811 1745 θάνα-

621 1805 748 1846 οιιιιι
783 1773 1176 1862 intelligentia;
1217 1773 1276 1849 at
1321 1773 1544 1848 sivmale
1579 1801 1788 1860 utetur,
1829 1773 2030 1866 praeter
2071 1811 2208 1850 cou-

2242 1773 2281 1830 B
2314 1815 2406 1862 τος
2438 1773 2689 1868 ἰσχύσας,
2719 1773 2865 1850 οῦτω
2895 1773 3341 1863 καταποθήσεται
3397 1787 3608 1849 δικαίως
3644 1782 3812 1852 ἀσθενή-

620 1881 936 1938 venientem
986 1883 1255 1940 rationem
1287 1887 1544 1955 praesenti
1596 1887 1806 1941 mundo
1849 1888 2208 1957 perlnstrato,

2319 1907 2418 1954 σας
2453 1891 2573 1943 ἐκεῖ
2605 1887 2697 1943 διὰ
2747 1888 2849 1959 τὴν
2895 1887 3080 1959 χάριν.
3134 1882 3323 1937 Ταῦτα
3355 1880 3457 1952 μὲν
3491 1880 3540 1932 εἰ
3567 1875 3734 1939 καλῶς,
3761 1874 3812 1935 ὡς

621 1990 730 2030 non
767 1977 986 2031 occulto
1033 1977 1177 2032 forte
1226 1978 1281 2032 in
1315 1979 1555 2035 infamiae
1598 1981 1832 2036 allectus
1882 1981 2096 2051 illapsa,
2129 1981 2211 2036 di-

2315 1984 2554 2056 εἴρηται,
2609 1983 2876 2054 χρήσαιτο
2925 1981 3047 2044 ταῖς
3077 1977 3254 2046 αὐτῆς
3301 1974 3582 2044 δυνάμεσι,
3611 1969 3691 2023 καὶ
3713 1967 3812 2019 κατὰ

619 2067 746 2123 vina
777 2082 999 2138 quoque
1048 2069 1102 2124 in
1144 2069 1330 2125 futuro
1358 2070 1531 2141 gloria
1558 2072 1760 2128 merito
1801 2073 2038 2137 excidet,
2071 2073 2209 2128 hor-

2313 2077 2406 2130 τὸν
2434 2075 2647 2131 σκοπὸν
2669 2073 2764 2128 τοῦ
2802 2073 2962 2140 Θεοῦ,
2991 2072 3082 2126 τὸν
3129 2067 3395 2140 αἰσθητὸν
3427 2066 3617 2136 κόσμον
3647 2061 3716 2115 διὰ
3739 2059 3813 2111 τῶν

621 2159 903 2231 rendaque
929 2160 1128 2232 judicii
1173 2161 1230 2216 in
1275 2161 1518 2217 inﬁnitas
1554 2164 1895 2219 :eternitates
1936 2165 2208 2220 sententia

2314 2172 2374 2226 ἐν
2397 2169 2547 2241 αὑτῷ
2583 2167 2974 2239 πνευματικῶν
3010 2165 3186 2234 λόγων
3240 2164 3274 2234 ἠ
3301 2160 3452 2232 ψυχὴ
3482 2154 3642 2226 σοφῶς
3665 2149 3812 2241 δίοδεξδ·

619 2252 974 2309 damnabitur
1006 2261 1066 2308 ut
1102 2269 1264 2309 omne
1303 2270 1430 2309 eum
1467 2255 1579 2310 Deo
1603 2255 1886 2312 vinculum
1924 2267 1978 2312 et
2004 2272 2206 2313 nexum

2316 2281 2457 2318 σασα
2486 2239 2626 2335 πρὸς
2653 2261 2786 2315 Θεὸν
2817 2259 2950 2333 ἐλθῃ
2981 2257 3122 2330 μετά
3171 2255 3481 2314 συνέσεωςο
3521 2249 3567 2301 εἰ
3610 2244 3657 2298 δὲ
3681 2239 3813 2335 ιιαῴ

616 2346 856 2412 amittat,
889 2347 946 2402 in
977 2362 1142 2417 quam
1175 2347 1505 2402 sententiam
1537 2348 1584 2402 si
1619 2363 1678 2404 se
1713 2348 1927 2413 induet,
1960 2366 2019 2406 se
2061 2349 2206 2421 inju-

2314 2333 2605 2429 χρήσαιτο,
2645 2353 2798 2426 παρὰ
2827 2353 2920 2407 τδν
2943 2350 3137 2406 δέοντα
3159 2346 3322 2417 λόγον
3360 2343 3457 2398 τδν
3507 2337 3715 2429 παρόντα
3731 2333 3812 2429 δια·

622 2437 763 2492 riam
795 2439 908 2508 pati
951 2437 1142 2493 dicere
1170 2455 1283 2493 non
1307 2439 1553 2506 habebit,
1582 2455 1710 2495 cum
1752 2441 2012 2498 all‘ectum
2057 2443 2210 2498 Non-

2221 2451 2224 2454 ’
2313 2424 2567 2519 θρίέσασα
2590 2424 2822 2518 κὸσεέον,
2854 2443 2960 2499 οὐκ
2984 2440 3178 2513 ἄδηλόν
3209 2454 3334 2500 πως
3354 2435 3437 2499 εἰς
3471 2430 3606 2502 παθη
3645 2424 3809 2519 eripias

619 2530 866 2585 existens
890 2539 1374 2601 reprasentantem
1396 2532 1600 2588 habeat
1624 2542 2024 2599 accusatorem,
2042 2549 2205 2604 quem

2313 2511 2823 2604 ἐκπίπτουσαίκαίι
2858 2539 2959 2608 τῆς
3010 2511 3166 2597 Gaia;
3205 2530 3370 2600 δόξης
3398 2525 3612 2586 σεύας
3649 2511 3816 2574 κατὰτὸ

622 2623 876 2694 ignorare
907 2638 1020 2678 non
1047 2623 1240 2695 possit.
1267 2623 1377 2681 Sed
1402 2624 1472 2680 ad
1513 2626 1857 2697 propositum
1888 2641 2076 2683 sermo
2116 2643 2208 2685 re-

2317 2631 2512 2703 μὲλλον
2546 2630 2991 2703 ἀποριφήσεται,
3046 2624 3286 2697 φοὸεράν
3316 2621 3408 2676 ἐπ’
3436 2617 3614 2675 αἰῶσιν

619 2715 902 2798 vocandus
927 2724 1032 2770 est.
1517 2767 1528 2778 ,

2311 2699 2557 2778 λαϐοῦσα
2609 2699 2940 2795 κατάκρισιν
2991 2718 3092 2791 τὴν
3131 2716 3269 2789 πρὸς
3323 2715 3420 2768 τὸν
3467 2709 3593 2765 Θεὸν
3619 2699 3813 2775 σχετικὴν

618 2807 997 2879 ἀλλοτρίωσιν,
1026 2801 1170 2882 ἐφῇ
1203 2809 1510 2882 τρεχομένη
1533 2811 1634 2865 οὐκ
1673 2810 1788 2883 ἔχει
1817 2811 1999 2882 λέγειν
2032 2812 2111 2877 ῶς
2140 2813 2202 2867 οὒ
2240 2815 2486 2881 δικαίως,
2547 2818 2648 2889 τὴν
2681 2815 3071 2887 ὑποστήσασαν
3129 2811 3192 2865 τὸ
3237 2810 3317 2882 μὴ
3347 2808 3410 2862 ὃν
3452 2803 3668 2862 διάθεσιν
3721 2806 3816 2889 11f-

618 2901 820 2972 ήγορον
872 2902 1109 2974 ἔχουσα,
1186 2905 1254 2976 ἢν
1313 2903 1582 2975 ἀγνοῆσαι
1631 2905 1886 2960 οὐδέποτε
1958 2905 2208 2964 δύναται.
2267 2910 2411 2966 ’Δλλ⁹
2454 2913 2550 2967 ἐπὶ
2603 2885 2699 2966 -τδ
2759 2885 3122 2984 προκείμενον
3192 2906 3328 2979 ἡμῖν
3414 2895 3714 2957 tuath
3754 2885 3817 2940 τδν

617 2994 798 3062 λόγον.
1299 3027 1316 3038 ν
2223 3015 2226 3018 ·

688 3086 908 3142 Etenim
938 3086 1274 3158 evangelista
1307 3085 1501 3143 dicens
1532 3103 1547 3141 :
1581 3086 1716 3141 Sunt
1751 3103 1873 3143 vero
1905 3089 2066 3143 etiam
2099 3088 2210 3146 alia

2391 3089 2575 3144 Εἰπὼν
2607 3087 2718 3160 γὰρ
2742 3088 2772 3140 ὁ
2800 3085 3226 3156 εὐαγγελιστής·
3259 3083 3443 3136 Ἔστι
3467 3076 3533 3132 δὲ
3578 3075 3666 3130 και
3701 3074 3816 3129 ἄλλα

615 3195 780 3251 quam
810 3177 978 3234 multa
1005 3194 1124 3249 qua
1153 3179 1306 3234 Jews
1329 3179 1470 3250 fecit,
1496 3193 1615 3250 qua:
1636 3180 1681 3233 si
1698 3180 1754 3233 in
1782 3197 1946 3234 unum
1979 3183 2205 3237 conscri-

2231 3168 2278 3228 (ἶ
2310 3183 2515 3240 πολλὰ
2553 3183 2674 3238 ὅσα
2702 3182 2998 3249 ἐποίησεν
3037 3181 3074 3234 ὀ
3097 3175 3366 3246 Ἰησοῦς,
3408 3173 3576 3230 ἅτινα
3603 3170 3697 3250 ἐᾲγ
3714 3165 3817 3237 τρά-

614 3271 885 3336 berentur,
925 3286 990 3324 ne
1021 3272 1195 3342 ipsum
1234 3271 1446 3341 quidem
1489 3272 1744 3326 mundum
1775 3281 2054 3343 capturum
2096 3290 2204 3330 esse

2308 3292 2492 3346 φηται
2541 3274 2676 3329 καθ’
2717 3273 2810 3339 ἓν,
2867 3270 3013 3326 οὐδὲ
3053 3268 3242 3324 αὐτὸν
3293 3262 3461 3336 οἶμαι
3496 3263 3598 3318 τὸν
3645 3261 3821 3326 κόσμον

615 3361 846 3416 arbitror
875 3361 1031 3416 libros
1051 3363 1272 3434 scriptos
1303 3361 1346 3428 ι,
1369 3379 1469 3434 per
1493 3362 1612 3419 haec
1634 3363 1795 3420 nobis
1825 3365 2114 3432 revelavit,
2139 3383 2205 3424 ea

2307 3364 2579 3436 χωρῆσαι
2599 3365 2676 3419 τὰ
2697 3363 3047 3436 γραφόμενα
3066 3359 3299 3426 βιϐλία,
3343 3357 3596 3428 ἐνέφηνεν
3633 3353 3738 3423 ἡμῖν
3757 3348 3819 3402 citi

613 3468 738 3522 quae
761 3453 830 3508 ab
850 3468 910 3508 se
930 3454 1136 3526 scripta
1164 3465 1349 3510 essent
1379 3457 1878 3527 complanationem
1907 3457 2203 3530 quamdam

2304 3457 2538 3524 τούτων,
2569 3458 2653 3514 ὃτι
2683 3457 2752 3511 τὰ
2779 3441 3066 3527 γραφέντα
3102 3450 3242 3525 πρδς
3287 3449 3459 3504 αὐτοῦ
3483 3438 3820 3518 προομαλισμός

613 3545 873 3614 praeviam
899 3561 1021 3602 esse
1055 3547 1403 3618 perfectioris
1446 3557 1503 3606 et
1530 3551 1713 3606 adhuc
1745 3550 2203 3622 imperceptibilis

2305 3555 2390 3618 τίς
2418 3555 2536 3607 ἐστι
2565 3552 2661 3606 τοῦ
2687 3550 3020 3622 τελεωτέρου
3051 3546 3149 3602 καλ
3175 3545 3316 3609 τέως
3366 3543 3549 3617 (ξω
3575 3540 3623 3603 ο)
3650 3533 3815 3608 excepi.-

612 3636 869 3692 rationis.
917 3638 1031 3695 Hae
1077 3639 1244 3712 igitur
1309 3643 1583 3698 sententia
1631 3641 1899 3699 Joannem
1945 3654 2201 3700 sanctum

2302 3662 2398 3700 του
2432 3643 2617 3714 λόγου.
2646 3643 2803 3698 Κατά
2832 3641 3040 3712 ταύτην
3067 3636 3164 3694 οὖν
3190 3638 3290 3711 τὴν
3331 3637 3544 3691 ἔννοιαν
3585 3631 3730 3687 εἰπών

500 3765 501 3768 η
611 3730 1004 3800 evangelistam
1031 3731 1078 3787 si
1104 3708 1232 3804 quis
1256 3748 1657 3804 praecursorem
1685 3737 1996 3807 appellarit,
2018 3737 2074 3792 in

2303 3737 2397 3792 τὸν
2419 3708 2580 3807 ἅγιον
2634 3708 3036 3804 εὐαγγελιστῦξν
3099 3708 3360 3799 Ἰωάννην
3387 3727 3692 3800 πρόδρομον,
3717 3720 3762 3771 ἐν

611 3821 876 3877 nimirum
925 3823 1224 3895 Evangelio
1269 3826 1419 3897 quod
1463 3827 1535 3882 ad
1582 3829 2003 3900 przeparandam
2053 3831 2198 3886 viam

2277 3829 2600 3904 ,συνέταξεν
2635 3827 2960 3900 [εὐαγγελίῳ
3007 3822 3458 3899 προοδοποιοῦντι
3501 3820 3596 3891 τὴν
3637 3816 3820 3871 διάνοιαν

612 3912 919 3969 intellectui
963 3913 1029 3970 ad
1071 3917 1462 3986 perfectiorem
1507 3918 1775 3975 rationem
1822 3920 2198 3992 recipiendam

2303 3925 2440 3993 πρὸς
2475 3919 2793 3992 παραδοχὴν
2814 3918 2910 3974 τοῦ
2932 3917 3267 3989 τελεωτέρου
3291 3915 3478 3985 λόγου,
3504 3913 3598 3984 τῆς
3620 3905 3819 3978 ἀληθείας

609 4008 943 4076 composuit,
977 4007 1022 4062 is
1056 4023 1086 4062 a
1128 4008 1365 4064 veritate
1409 4027 1522 4065 non
1563 4012 1864 4068 aberrabit.
1900 4013 1993 4069 Sic
2031 4013 2199 4085 igitur

2299 4016 2400 4086 οὐχ
2428 4016 2829 4086 ἁμαρτήσεται.
2857 4012 3138 4083 Ταύτῃτοι
3177 4009 3275 4063 καὶ
3325 4007 3569 4080 μεγάλην
3611 4003 3697 4072 τῆς
3719 3998 3819 4063 ἀλη-

611 4113 865 4168 magnam
893 4098 1148 4155 veritatis
1173 4115 1369 4155 vocem
1395 4100 1594 4157 doctor
1618 4113 1783 4159 vocat
1811 4119 1939 4159 eum
1969 4106 2063 4175 qui
2087 4105 2200 4176 spi-

2301 4109 2450 4173 θειας
2481 4106 2749 4162 ἀποκαλεῖ
2777 4104 2961 4178 φωνὴν
2983 4105 3013 4158 ὁ
3062 4102 3391 4166 διδάσκαλος
3432 4101 3504 4154 τὰ
3533 4088 3819 4164 mantat!!!

609 4188 828 4243 ritualia
857 4195 1134 4245 tonuerat.
1165 4190 1403 4247 Tonitru
1443 4203 1632 4249 autem
1665 4205 1752 4252 est
1780 4211 1886 4251 vox
1921 4197 2059 4252 nihil
2089 4199 2195 4253 nisi

2302 4200 2698 4271 βροντήσαντα.
2735 4196 2946 4270 Βροντὴ
2973 4194 3031 4250 δέ
3054 4197 3174 4250 ἐστι
3216 4195 3372 4267 φωνὴ
3411 4195 3568 4265 μόνον
3595 4183 3816 4248 πωτᾶτ’-λη’

608 4288 881 4335 terrorem
927 4281 1289 4339 audientibus
1335 4299 1532 4342 creans
1560 4326 1576 4348 .
1625 4287 1767 4344 nihil
1818 4289 2009 4360 utique
2060 4291 2194 4346 clari

2298 4291 2381 4358 ξιν
2421 4291 2535 4354 τοῖς
2571 4290 2866 4344 ἁκούουσιν
2917 4284 3245 4359 ἐμποιοῦσα,
3302 4284 3473 4358 μηδὲν
3522 4281 3816 4354 μέντοιλτρα·

549 4417 553 4422 .
606 4370 882 4437 reddens,
943 4374 1126 4444 qualis
1169 4384 1256 4430 est
1302 4375 1698 4434 elementarius
1749 4396 1948 4435 sermo.
2002 4381 2139 4437 Omn

2297 4382 2486 4446 νοῦσα,
2514 4376 2740 4452 οἷόσπερ
2772 4381 2923 4436 ἐστὶν
2959 4381 2989 4434 ὁ
3019 4376 3369 4450 στοιχειὼδης
3402 4377 3576 4446 λόγος.
3613 4371 3711 4432 Πᾶς
3737 4366 3818 4434 γάρ

604 4461 754 4516 enim
780 4478 964 4519 sermo
990 4463 1262 4520 divinitus
1289 4464 1345 4520 in
1372 4465 1478 4523 hoc
1501 4471 1702 4524 saeculo
1728 4470 2046 4525 hominibus
2069 4487 2194 4541 per-

2227 4520 2266 4545 ...
2294 4474 2454 4542 λόγος
2487 4473 2674 4528 θεόθεν
2707 4475 2823 4538 τοῖς
2842 4471 3155 4545 ἀνθρώποις
3186 4471 3329 4525 κατά
3365 4471 3460 4524 τὸν
3487 4465 3647 4522 αἰῶνα
3675 4459 3817 4515 τοῦτον

603 4554 845 4625 scriptus
884 4571 1194 4626 praecursor
1239 4569 1329 4615 est
1381 4561 1729 4631 perfectioris
1775 4563 2052 4618 sermonis
2093 4563 2188 4634 qui

2226 4552 2267 4579 υ
2293 4567 2529 4639 γραφεὶς
2567 4565 2876 4638 πρόδρομός
2929 4567 3048 4619 ἐστι
3081 4564 3176 4619 τοῦ
3206 4564 3274 4619 δι’
3315 4563 3484 4619 αὐτοῦ
3528 4552 3816 4630 ἀγράφωςιν

600 4648 881 4704 nullarum
927 4649 1239 4707 litterarum
1284 4669 1389 4724 ope
1432 4670 1530 4725 per
1579 4671 1638 4711 se
1687 4657 1741 4710 in
1777 4656 1976 4726 spiritu
2019 4656 2190 4711 menti

2292 4653 2568 4724 πνεύματι
2587 4654 2730 4709 κατά
2759 4653 2886 4708 νοῦν
2906 4654 3249 4725 μηνυομένου
3272 4655 3367 4707 καὶ
3384 4657 3442 4717 ἐς
3460 4652 3668 4722 ὕστερον
3687 4655 3816 4713 φανηο

601 4743 900 4809 reveletur,
951 4745 1157 4814 quique
1194 4745 1251 4800 in
1302 4746 1492 4802 futuro
1541 4749 1847 4818 apparebit,
1897 4748 2189 4805 veritatem

2293 4745 2528 4816 σομένου
2560 4741 2890 4816 τελεωτέρου
2923 4745 3112 4814 λόγου,
3152 4745 3231 4809 ῶς
3279 4744 3538 4817 ἀλήθειαν
3584 4739 3673 4812 μὲν
3708 4733 3813 4802 ἔχων

597 4832 822 4902 quidem
857 4835 912 4889 in
949 4850 1006 4890 se
1037 4835 1157 4906 ipso
1190 4837 1490 4892 revelatam
1519 4837 1751 4904 habens,
1785 4839 1881 4894 sed
1905 4840 2187 4895 involucra

2293 4839 2353 4891 ἐν
2382 4837 2560 4910 ἐαυτῷ
2593 4838 2962 4910 μηνυομένην,
2999 4839 3060 4892 οὐ
3119 4837 3230 4910 μὴν
3259 4837 3317 4891 δέ
3369 4836 3539 4906 αὐτὴν
3572 4832 3813 4897 eia-mpm-

598 4939 702 4979 suo
725 4923 990 4980 nudatam
1024 4941 1136 4981 non
1158 4927 1478 4982 ostendens.
1502 4925 1594 4983 Sic
1623 4928 1811 4999 igitur,
1840 4929 1921 4983 uti
1949 4929 2188 4997 videtur,

2292 4931 2514 4996 λῦπτως
2537 4931 2580 4964 ³⁸
2616 4931 2834 5003 γυμνὴν
2863 4931 3083 4996 δεικνὺς
3115 4932 3215 5003 τὴν
3242 4930 3522 5003 ἀλήθειαν.
3573 4923 3710 4981 οὕτω
3740 4917 3811 4988 μὲν

599 5017 768 5072 totius
800 5033 969 5074 sacra:
989 5018 1294 5092 Scriptura:
1325 5020 1642 5077 intellectus
1672 5023 1761 5093 pie
1804 5023 2186 5093 eomplanatus

2290 5021 2407 5090 οὖν,
2441 5023 2518 5088 ὼς
2542 5019 2719 5094 οἶμαι,
2749 5025 2852 5095 τῆς
2898 5024 3052 5088 θείας
3094 5024 3221 5096 ὅλης
3248 5024 3473 5097 Γραφῆς
3502 5023 3530 5074 ὁ
3563 5017 3675 5077 νοῦς
3698 5012 3811 5064 εὗσε·

598 5105 738 5160 nihil
773 5107 996 5165 ditlicile
1045 5118 1142 5164 aut
1193 5110 1460 5182 inaequale
1493 5113 1548 5167 in
1589 5114 1672 5168 eis
1712 5129 1834 5184 qua:
1878 5113 2181 5170 secundum

2292 5115 2406 5179 θῶς
2447 5117 2850 5187 ὀμαλιζόμενος
2889 5116 3338 5189 οῦδὲν-δυσχερὲς
3369 5115 3402 5187 ἥ
3449 5108 3714 5183 ἀνώμαλον
3749 5097 3811 5155 8ιά

598 5195 890 5253 historiam
921 5201 1027 5256 sibi
1056 5205 1338 5260 contraria
1362 5219 1482 5259 esse
1507 5204 1770 5260 videntur
1801 5198 2006 5262 habere
2030 5222 2185 5260 mon-

2290 5206 2402 5262 τῶν
2449 5195 2602 5263 ’καθ’
2661 5209 2910 5282 ἱστορίαν
2981 5210 3258 5265 δοκουσῶν
3315 5205 3673 5262 ἐναντιώσεων
3707 5196 3811 5282 Ex"?

597 5287 887 5344 strabitur.
932 5291 1322 5363 Antiquiorum
1367 5296 1516 5350 enim
1554 5297 1936 5369 unusquisque
1967 5306 2187 5353 sancto-

2290 5297 2663 5372 δειχθήσεται.
2721 5278 2838 5366 Ili;
2885 5300 2996 5374 γὰρ
3035 5300 3146 5357 τῶν
3202 5299 3468 5356 ἀνέκαθεν
3513 5293 3669 5365 ἁγίων
3703 5278 3809 5339 κατά

673 5447 691 5488 ι
726 5449 884 5507 Joan.
921 5467 1034 5516 xxi,
1063 5451 1157 5509 25.

1870 5550 2107 5608 VARMB
2145 5551 2442 5612 LECTION
2451 5555 2551 5612 ES.

668 5613 710 5645 "
743 5614 1008 5672 Rescribe
1040 5617 1144 5672 ἀπε
1152 5616 1526 5690 ρικαλύπτως.
2583 5657 2588 5662 ·

663 5747 740 5819 (8)
771 5749 932 5823 Greg.
963 5753 1095 5809 Νη.
1128 5752 1220 5818 0r.
1248 5755 1453 5828 funebr.
1492 5759 1543 5812 in
1573 5757 1786 5816 laudent
1820 5763 1954 5820 (ἕως.
1987 5765 2171 5835 fratris
2211 5767 2340 5825 hab.
2383 5782 2503 5838 cap.
2534 5766 2627 5833 21,
2657 5780 2712 5835 p.
2743 5766 2872 5830 213,
2917 5775 3050 5821 tom.
3083 5764 3126 5821 1.
3155 5763 3274 5836 Opp
3323 5763 3410 5819 ed.
3433 5757 3632 5817 ‘Bened.
