4026 6288
204 343 347 418 1253

1479 337 1997 400 AMBlGUORUM
2038 338 2288 399 LIBER.

3329 345 3467 415 1254

195 460 300 515 τὸν
326 458 502 529 ἀληθῆ
531 458 690 527 λόγον
725 456 820 511 τοῦ
869 456 936 510 δι’
975 453 1146 510 αὐτοῦ
1196 452 1534 525 μηνυομένου
1575 468 1635 504 τε
1687 451 1763 503 κα¹

1889 462 2010 500 rum
2045 462 2238 501 revera
2274 449 2397 520 ejus
2428 451 2572 518 quod
2604 453 2720 523 ipse
2763 457 3033 515 revelaret
3060 469 3119 516 et
3149 463 3467 531 przeforma-

195 552 657 623 προτυπουμένου
691 550 990 621 μυστηρίου
1023 547 1329 620 πρόδρομος
1355 540 1535 616 ἧν,λδι’
1556 537 1631 598 ὧν
1651 542 1784 597 ἔπα-

196 644 302 713 σχὲ
335 660 394 697 τε
425 643 523 697 καὶ
557 643 686 714 ἔδρα
713 643 808 697 καὶ
851 642 1003 710 ἔλεγε
1038 642 1107 694 τὰ
1147 640 1351 695 τούτων
1390 637 1783 711 προκηρύττων

193 734 511 806 ἀρχέτυπα.
533 736 627 789 Διὸ
648 735 743 788 καὶ
768 735 882 788 ἀντ’
899 734 1144 806 ἀλλήλων
1163 732 1468 803 ἀμέμπτως
1490 731 1786 802 παραλαμ-

194 826 481 890 ϐάνονται,
537 828 633 882 καὶ
690 829 908 881 πάντων
944 827 1208 890 ἅπαντες,
1261 826 1355 880 καί⁵
1390 824 1620 888 ἕκαστος
1650 826 1782 879 ὲκά-

196 934 354 982 στου,
388 920 486 973 καὶ
512 920 635 974 άντί
659 921 769 973 τῶν
794 920 889 972 ὑπ’
913 918 1095 974 αὐτῶν
1116 917 1541 990 συγγραφεισῶν
1562 916 1780 987 βίϐλων,

193 1011 298 1063 καὶ
328 1012 445 1064 ἀντ’
492 1012 674 1065 αὐτῶν
724 1014 782 1066 αἰ
837 1011 1009 1082 βίϐλοι
1060 1012 1213 1082 παρά
1267 1012 1333 1080 τῇ
1392 1009 1651 1081 συνηθείᾳ
1680 1011 1782 1080 τῆς

194 1101 426 1172 Γραφῆς
479 1102 999 1174 προσαγορεύονται.
1062 1102 1171 1155 Καὶ
1207 1101 1359 1173 δηλοῖ
1402 1102 1561 1155 τοῦτο
1596 1100 1781 1169 σαςρῶς

190 1192 291 1244 τὸν
343 1195 655 1265 Βαπτιατὴν
721 1195 974 1265 Ἰωάννην
1045 1193 1232 1247 Ἠλίαν
1294 1194 1389 1248 καὶ
1452 1192 1619 1246 ποιῶν
1685 1194 1783 1247 καὶ

188 1283 372 1351 λέγων
410 1286 438 1337 ό
470 1284 695 1355 Κύριος,
721 1286 833 1339 εἴτε
864 1287 953 1340 διὰ
984 1286 1085 1357 τὴν
1116 1286 1237 1356 ἴσην
1265 1286 1366 1355 τῆς
1417 1286 1622 1356 ἀρετῆς
1646 1286 1780 1351 ἕξιν,

189 1374 271 1437 ῶς
302 1392 472 1444 φασιν
516 1377 568 1429 οἰ
624 1377 961 1441 διδάσκαλοι,
1013 1379 1108 1430 καὶ
1164 1379 1263 1448 τὴν
1322 1377 1463 1432 κατὰ
1520 1377 1645 1431 νοῦν
1692 1377 1783 1431 διά

189 1465 417 1519 πάντων
446 1469 819 1539 καθαρότητα,
861 1470 957 1522 καὶ
987 1470 1049 1522 τὸ
1080 1470 1180 1539 τῆς
1203 1470 1478 1532 πολιτείας
1500 1470 1777 1535 σύντονον,

188 1557 305 1610 εἴτε
354 1559 446 1611 διά
506 1559 609 1632 τὴν
656 1561 715 1614 ὲν
754 1560 1086 1631 ἀμφοτέροις
1124 1562 1429 1634 ταυτότητα
1476 1561 1576 1632 τῆς
1625 1563 1684 1616 ὲν
1712 1565 1778 1632 τῇ

188 1649 379 1721 χάριτι
411 1651 715 1722 δυνάμεως,
748 1653 927 1722 (201
954 1661 1010 1719 a)
1046 1653 1157 1706 εἴτε
1218 1654 1343 1709 καθ’
1374 1654 1558 1726 ἕτερον
1614 1654 1773 1724 λόγον

187 1741 532 1811 ἀπόκρυφον,
573 1743 734 1808 αὐτὸς
786 1743 852 1797 ἂν
900 1744 1071 1817 εἰδείη
1106 1748 1135 1799 6
1163 1744 1336 1814 λέγων
1362 1745 1439 1810 ὡς
1480 1747 1634 1811 Θεὸς,
1677 1748 1774 1802 καὶ

184 1836 236 1886 οἰ
258 1837 395 1907 παρ’
424 1837 593 1890 αὐτοῦ
618 1838 688 1892 τά
706 1839 929 1893 τοιαῦτα
962 1842 1235 1912 μυστήρια
1261 1842 1627 1913 σοφιζόμενοι.
1663 1846 1771 1899 Καὶ

184 1925 353 1979 πάλιν
377 1928 617 1983 Μωῦσέα
646 1930 739 1982 τὸν
785 1930 970 2002 νόμον,
1001 1932 1098 1985 καὶ
1144 1938 1427 2004 προφήτας
1465 1936 1563 1999 τάς
1590 1938 1771 1991 αὐτῶν

181 2019 537 2089 προφητικπ
596 2020 834 2090 βίὸλους,
871 2024 1131 2089 καλέσας,
1182 2027 1241 2078 ὲν
1284 2022 1366 2091 οἷς
1422 2028 1559 2099 πρὸς
1597 2030 1686 2084 τὸν
1710 2032 1770 2084 ὲν

179 2112 249 2181 τῇ
319 2112 514 2182 γεέννῃ
587 2113 1014 2186 βασανιζόμενον
1070 2116 1323 2173 πλούσιον
1377 2120 1626 2189 φήσαντα
1678 2121 1770 2174 τὸν

182 2202 536 2272 πατριάρχην
574 2205 869 2273 εἰσήγαγεν
922 2205 1192 2277 Ἀϐραάμο
1222 2208 1472 2277 Ἔχουσι
1514 2213 1770 2266 Μωῦσέα

178 2292 281 2346 καί
319 2294 465 2360 τοὺς
517 2296 852 2364 προφήτας,
897 2297 1340 2353 ἀκουσάτωσαν
1373 2300 1593 2366 αὐτῶν,
1647 2304 1769 2357 ἀντὶ

176 2383 288 2437 τῶν
325 2385 420 2438 ὑπ’
453 2387 636 2442 αὐτῶν
683 2390 1105 2461 συγγραφεισῶν
1140 2390 1301 2445 θείων
1329 2391 1527 2463 βίϐλων
1568 2394 1769 2459 αὐτοὺς

179 2478 430 2543 ἐκείνους
457 2482 861 2553 παραθέμενος,
906 2483 1150 2540 Μωῦσέα
1174 2485 1316 2555 φημὶ
1347 2485 1442 2537 καὶ
1477 2485 1604 2565 τοὺς
1630 2503 1768 2555 προ-

177 2568 381 2638 φήτας.
420 2571 529 2623 Καὶ
558 2570 870 2642 θαυμαστὸν
917 2574 1095 2628 οὐδέν.
1130 2576 1193 2629 Εἰ
1224 2574 1333 2645 γὰρ
1361 2568 1440 2637 εἷς
1468 2574 1618 2629 ἐστιν
1642 2576 1670 2627 6
1698 2574 1766 2627 δι’

178 2657 365 2709 αὐτῶν
386 2661 911 2733 καταγγελλόμενος,
945 2664 995 2717 οί
1021 2667 1223 2729 πάντες
1254 2665 1330 2729 ὡς
1369 2661 1450 2729 εἰς
1476 2666 1536 2719 ὃν
1558 2683 1766 2736 καταγ-

177 2748 434 2817 γέλλουσι
511 2754 751 2809 νοεῖσθαι
824 2755 1117 2821 δύνανται,
1193 2758 1289 2811 καὶ
1364 2758 1485 2812 ἀντὶ
1548 2759 1765 2814 πάντων

174 2839 411 2906 ἶκαστος
434 2844 528 2897 καὶ
552 2846 753 2911 πάντες
773 2847 992 2902 πάντων
1008 2848 1248 2913 εὐσεϐῶς
1272 2851 1765 2923 ἀντιπαραλαμϐά-

176 2932 386 2995 νεσθαι,
412 2933 523 2987 τῶν
550 2954 608 2989 τε
624 2936 1104 3010 διακονησαμένων
1120 2940 1199 3012 τῷ
1218 2942 1362 2996 κατά
1388 2941 1489 3014 τὴν
1520 2945 1765 3000 Παλαιὰν

177 3025 462 3097 Διαθήκην
543 3030 830 3102 μυστηρίῳ
894 3032 990 3086 καὶ
1060 3034 1170 3087 τῶν
1244 3034 1641 3089 πιστευθέντων
1701 3038 1764 3091 τὸ

1889 547 1973 591 ret
2015 540 2261 609 mysterii
2307 557 2617 610 praecursor
2648 556 2787 610 erat,
2821 548 3086 621 imagines
3129 570 3227 624 per
3256 572 3320 612 ea
3350 574 3472 628 qua:

1886 628 2201 696 patiebatur
2240 640 2298 686 et
2338 634 2535 703 agebat
2562 645 2620 690 et
2646 637 2867 695 dicebat
2908 642 3107 697 horum
3137 651 3470 718 exemplaria

1885 719 2211 790 primigenia
2240 726 2635 792 pra-nuntians.
2666 728 2846 795 Quare
2877 732 3045 787 etiam
3078 735 3215 791 bene
3241 748 3296 793 et
3332 757 3470 810 prce.

1887 819 1970 865 ter
1997 814 2485 882 reprehensionem
2519 834 2619 890 pro
2647 838 2705 876 se
2741 823 2976 879 invicem
3011 829 3378 898 accipiuntur,
3413 845 3470 888 et

1883 919 1984 972 pro
2012 907 2272 962 omnibus
2303 924 2495 965 omnes
2532 922 2590 966 et
2621 914 2859 985 quisque
2893 934 2993 987 pro
3026 936 3265 991 quoque,
3300 926 3468 980 etiam

1883 1012 1983 1065 pro
2018 998 2177 1053 libris
2201 1000 2270 1053 ab
2296 1000 2431 1070 ipsis
2465 1007 2818 1077 conscriptis,
2852 1018 2911 1063 et
2937 1026 3037 1080 pro
3090 1011 3225 1082 ipsis
3258 1015 3383 1070 libri
3411 1018 3467 1071 in

1883 1085 2183 1157 Scriptura:
2216 1105 2316 1144 usu
2339 1094 2709 1161 appellantur.
2736 1098 2890 1164 Quod
2925 1114 3113 1170 aperte
3152 1106 3469 1164 manifestat

1870 1177 2155 1249 Dominus:
2188 1180 2455 1236 Joannem
2479 1183 2783 1254 “baptistaln
2832 1188 3005 1244 Eliam
3060 1202 3116 1246 et
3160 1195 3368 1252 faciens
3412 1210 3469 1253 et

1880 1269 2072 1327 dicens
2117 1282 2178 1339 ιη,
2226 1274 2343 1329 sive
2392 1286 2620 1347 propter
2676 1295 2863 1349 parem
2933 1284 3148 1341 virtutis
3192 1288 3464 1356 habitum,

1881 1372 1942 1417 ut
1988 1363 2245 1435 discipuli
2280 1367 2495 1434 dicunt,
2527 1386 2589 1425 ac
2630 1374 2833 1429 mentis
2880 1392 2977 1444 per
3019 1382 3202 1433 omnia
3250 1384 3465 1451 purita-

1882 1464 2030 1520 tem,
2107 1468 2442 1530 propterque
2492 1465 2929 1521 conversationis
2995 1480 3050 1523 et
3110 1470 3233 1527 iitae
3281 1491 3465 1545 aequa-

1878 1546 2111 1615 litatem,
2142 1552 2259 1621 sive
2290 1553 2361 1607 oh
2392 1553 2737 1612 identitatem
2767 1559 3053 1631 utriusque
3085 1564 3139 1617 in
3168 1567 3339 1635 gratia
3368 1584 3465 1637 po-

1878 1641 2111 1705 testatis,
2144 1642 2271 1699 sive
2317 1646 2387 1699 de
2422 1648 2525 1701 alia
2568 1652 2787 1704 occulta
2830 1653 3066 1721 ratione,
3117 1656 3231 1725 ipse
3272 1660 3366 1727 qui
3402 1671 3463 1715 ut

1878 1731 2022 1787 Deus
2044 1734 2264 1791 locutus
2285 1747 2370 1792 est
2391 1739 2638 1806 sciverit,
2662 1751 2720 1797 et
2738 1744 2831 1813 qui
2861 1746 2989 1799 talia
3017 1748 3083 1802 ab
3106 1764 3172 1803 eo
3199 1752 3460 1822 mysteria

1873 1824 2054 1879 edocti
2089 1837 2235 1882 sunt.
2271 1829 2448 1901 Atque
2486 1832 2685 1888 iterum
2731 1836 2955 1908 Moysen
2999 1840 3198 1910 legem,
3234 1853 3291 1897 et
3325 1860 3458 1914 pro-

1872 1914 2067 1984 phetas
2124 1918 2295 1975 libros
2344 1937 2536 1977 eorum
2593 1928 2944 1996 propheticus
3005 1933 3314 2002 appellans,
3364 1937 3459 1991 ubi

1870 2010 2243 2065 Abrahamqu
2291 2014 2661 2083 patriarcham
2710 2020 2776 2073 ad
2824 2021 3050 2077 divitem
3108 2024 3161 2079 in
3208 2028 3459 2098 gehenna

1870 2100 2191 2158 alﬂictatum
2219 2112 2272 2159 et
2298 2116 2553 2162 vexatum
2586 2109 2889 2167 introducit
2914 2114 3188 2172 dicentem
3214 2136 3227 2173 :
3249 2120 3457 2175 Haben:

1868 2193 2081 2265 Moysen
2102 2205 2151 2249 et
2181 2200 2486 2268 prophetas,
2521 2203 2744 2258 audiant
2771 2221 2855 2259 eos
2880 2215 2928 2272 η,
2962 2224 3063 2277 pro
3094 2210 3251 2265 libris
3279 2213 3346 2267 ab
3372 2216 3459 2269 eis

1869 2287 2200 2356 conscriptis
2230 2289 2380 2358 ipsos
2418 2291 2541 2345 illos
2574 2309 2811 2363 ponens,
2849 2297 3092 2369 Moysen,
3124 2302 3370 2372 inquam,
3400 2315 3457 2360 et

1868 2379 2186 2448 prophetas.
2214 2382 2405 2452 Neque
2435 2385 2635 2441 mirum
2682 2389 2806 2444 hoc.
2839 2391 2976 2446 Nam
3011 2394 3056 2448 si
3085 2411 3227 2450 unus
3247 2406 3332 2450 est
3356 2414 3458 2467 per

1867 2483 1966 2524 eos
1994 2472 2348 2540 praedicatus,
2381 2478 2625 2534 universi
2659 2490 2916 2552 tanquam
2948 2502 3092 2560 unus
3120 2504 3285 2558 quem
3312 2507 3455 2560 pra:-

1868 2564 2057 2619 dieant
2094 2567 2423 2639 intelligere,
2456 2582 2514 2627 et
2543 2589 2645 2642 pro
2680 2577 2955 2633 universis
2995 2559 3197 2652 singuli
3224 2559 3454 2654 quique,

1867 2665 1923 2711 et
1956 2673 2152 2714 omnes
2183 2676 2281 2730 pro
2313 2664 2592 2731 omnibus,
2620 2668 2708 2737 pie
2740 2670 2913 2741 accipi
2945 2684 3195 2741 possunt,
3222 2677 3316 2746 qui
3349 2678 3455 2734 Ve-

1870 2746 2006 2802 teris
2050 2747 2387 2805 Testameuti
2431 2756 2691 2823 mysterio
2745 2757 3122 2818 inservierunt
3152 2772 3208 2818 et
3252 2766 3473 2833 quibus.

1866 2839 2147 2911 Evangelii
2179 2842 2368 2912 gratiae
2411 2846 2730 2913 praedicatio
2762 2850 2971 2906 credita
3011 2864 3149 2907 erat.
3184 2855 3365 2925 Itaque
3394 2871 3456 2914 ut

1866 2946 2098 3001 magnus
2132 2932 2371 2989 Joannes
2399 2934 2642 3005 Baptista
2670 2939 2724 2993 in
2758 2949 2927 2996 totam
2948 2944 3085 2998 Novi
3114 2946 3451 3004 Testamenti

1864 3023 2094 3093 ejusque
2122 3027 2308 3083 cultus
2335 3028 2567 3099 gratiam
2600 3030 2690 3099 pie
2724 3031 2958 3105 intelligi
2990 3047 3190 3106 potest,
3231 3039 3303 3094 ita
3326 3042 3457 3111 jure

175 3117 443 3188 κήρυγμα
471 3119 575 3190 τῆς
615 3124 759 3176 κατά
789 3122 851 3176 τὸ
890 3125 1223 3193 Εὐαγγέλιον
1257 3127 1502 3197 χάριτος.
1550 3129 1763 3183 Οὐκοῦν

1869 3112 1924 3167 in
1975 3123 2149 3169 totum
2202 3117 2416 3173 Novum
2464 3120 2876 3179 Testamentum
2935 3127 3167 3197 ejusque
3214 3131 3449 3199 cultum,

173 3205 367 3280 ῶσπερ
396 3211 475 3273 εἰς
497 3212 624 3278 ὃλην
645 3209 811 3267 οὖσαν
833 3215 936 3286 τῆς
966 3217 1176 3287 Καινῆς
1234 3219 1509 3291 Διαθήκης
1536 3221 1631 3274 καὶ
1667 3222 1768 3293 τῆς

174 3299 295 3350 κατ’
338 3300 508 3372 αὐτὴν
551 3301 809 3374 λατρείας
846 3307 874 3359 6
914 3305 1087 3376 μέγας
1134 3306 1450 3378 Βαπτιστὴς
1513 3311 1768 3381 Ἰωάννης

174 3388 419 3454 εὐσεδῶς
470 3394 1002 3465 παραλαμϐάνεσθαι
1032 3398 1297 3468 ιδύναται,
1353 3401 1498 3455 οὕτω
1542 3402 1766 3467 δικαίως

172 3478 249 3543 τίς
275 3480 411 3553 ὅλην
440 3483 540 3555 τὴν
569 3486 780 3558 Καινὴν
800 3488 1080 3560 Διαθὴκην
1138 3491 1236 3544 καὶ
1276 3490 1384 3563 τηνο
1420 3492 1542 3545 κατ’
1594 3493 1763 3565 αὐτὴν

171 3567 453 3641 λατρείαν,
512 3574 819 3646 πρόδρομον
874 3573 1041 3633 οὖσαν
1102 3578 1199 3649 τῆς
1259 3579 1319 3632 ὲν
1377 3579 1456 3650 τῷ
1510 3580 1761 3651 μέλλοντι

170 3660 333 3716 αἰῶνι
362 3665 629 3736 μυστικῆς
657 3665 765 3719 τῶν
796 3668 1056 3739 ἀρρήτων
1100 3668 1324 3738 ἀγαθῶν
1373 3671 1758 3744 κρυφιότητος,

172 3752 262 3806 καὶ
305 3751 562 3824 Ἰωάννης
601 3757 631 3809 ό
661 3756 835 3827 μέγας
880 3758 1098 3831 ἀληθῶς
1125 3760 1521 3833 εὐαγγελιστης
1548 3761 1759 3836 ληφθῆ-

170 3860 256 3898 ναι
308 3844 557 3909 δύναται,
607 3848 683 3913 ὡς
736 3850 1047 3922 πρόδρομος
1110 3852 1264 3924 φωνὴ
1316 3852 1418 3906 τοῦ
1472 3853 1757 3924 μέλλοντος

169 3936 387 4006 τρανῶς
427 3938 705 3995 λαλεῖσθαι
759 3941 1034 4013 θειοτέρου
1086 3942 1270 4012 λόγου,
1318 3946 1414 3999 καὶ
1441 3945 1607 4001 εἰκὼν
1657 3948 1756 4020 τῆς

166 4026 593 4103 δειχθησομὲνης
650 4032 927 4104 ἀληθείας.
976 4036 1118 4109 Σκιᾷ⁴
1149 4036 1260 4109 γὰρ
1303 4040 1401 4097 καὶ
1439 4040 1608 4094 εἰκόνι
1658 4044 1755 4096 καὶ

167 4119 398 4198 ἀληθείᾳ
454 4124 517 4176 τὸ
562 4124 686 4195 καθ’
742 4127 891 4197 ἡμᾶς
936 4126 1073 4181 ὅλον·
1103 4127 1215 4199 τῆς,
1251 4131 1525 4200 σωτηρίας
1570 4133 1753 4202 σοφῶς

167 4190 495 4284 ᾧκοωμήθη
530 4190 852 4287 μυστήριον.
878 4190 1077 4271 Σκιὰν
1261 4190 1429 4289 εἶχεν
1460 4190 1520 4275 ὁ⁷
1539 4190 1749 4293 νόμος,

167 4301 237 4364 ὥς
259 4321 433 4374 φησιν
459 4306 490 4359 6
517 4306 661 4370 θεῖος
698 4308 1043 4377 ’Δπόστολος,
1090 4310 1211 4364 τῶν
1228 4313 1581 4380 μελλόντων
1606 4316 1752 4385 ἀγα-

168 4392 511 4475 θῶν,ίοὺκ
558 4398 755 4467 αὐτὴν
810 4400 1011 4470 (201
1070 4401 1141 4470 b)
1197 4401 1312 4471 τὴν
1368 4406 1573 4457 εἰκόνα
1627 4404 1748 4459 τῶν

165 4492 544 4562 πραγμάτων,
574 4493 644 4548 δι’
668 4490 739 4567 ἦς
763 4496 890 4559 τοὺς
919 4496 1061 4552 κατά
1084 4497 1250 4567 νόμον
1282 4498 1501 4562 οἰκείως
1532 4500 1746 4565 ἑαυτοῖς

168 4583 281 4636 κατ’
338 4583 589 4657 ἀμυδράν
636 4604 758 4641 τινα
798 4588 908 4642 τῶν
945 4587 1162 4660 ἀληθῶν
1197 4588 1439 4659 ἔμφασιν
1487 4591 1625 4660 πρὸς
1646 4591 1745 4662 τὴν

165 4674 254 4728 τοῦ
283 4674 619 4747 Εὑαγγελίου
648 4680 963 4751 παραδοχὴν
1006 4682 1036 4734 6
1068 4679 1225 4749 λόγος
1254 4681 1645 4751 ἐπαιδαγώγει.
1673 4685 1747 4737 T6

167 4762 221 4815 δὲ
276 4766 611 4839 Εὐαγγέλιον
641 4774 824 4827 εἰκόνα
866 4774 1129 4845 κέκτηται
1172 4774 1282 4828 τῶν
1316 4774 1554 4847 ἀληθῶν,
1590 4776 1745 4842 ὅλους

169 4856 287 4928 ἔχον
335 4862 549 4929 τρανῶς
597 4864 929 4919 ἀτιεντεῦθεν
981 4865 1086 4937 ήδη
1124 4867 1252 4929 τοὺς
1283 4866 1392 4921 τῶν
1441 4868 1745 4939 μελλόντων

169 4950 389 5017 ἀγαθῶν
424 4954 720 5025 ὁμοιότητα
763 4958 1163 5029 κτησαμένους.
1196 4959 1479 5031 Ἐτοίμους
1518 4962 1547 5014 ό
1589 4961 1747 5030 λόγος

168 5039 231 5093 δι’
259 5044 475 5108 ἐλπίδος
504 5047 796 5112 καθίστησι
834 5053 901 5121 τῇ
932 5052 1211 5125 παραδοχῇ
1246 5052 1347 5124 τῆς
1375 5052 1484 5105 τῶν
1530 5053 1746 5126 ἀληθῶν

169 5132 496 5204 ἁρχετυπίας
539 5136 857 5211 ψυχωθῆναι
890 5142 984 5195 καί⁹
1024 5142 1276 5211 γενέσθαι
1327 5144 1505 5208 ζώσας
1531 5146 1748 5207 εἰκόνας

170 5225 422 5295 Χριστοῦ,
467 5229 562 5283 καὶ⁴
595 5231 792 5284 ταυτὸν
830 5231 978 5304 αὑτῷ
1017 5235 1218 5304 μᾶλλον
1268 5234 1411 5289 κατά
1449 5235 1548 5307 τὴν
1586 5238 1746 5309 χάριν

170 5314 201 5385 ἦ
231 5318 581 5389 άφομοίωμα,
605 5321 768 5392 τυχὸν
811 5323 868 5375 δὲ
895 5325 990 5377 κιαι)⁸
1034 5325 1195 5388 αὐτὸς
1230 5327 1257 5379 6
1306 5324 1532 5396 Κύριος,
1579 5330 1627 5380 εἰ
1663 5327 1739 5397 μὴ

172 5411 419 5481 φορτικὸς
455 5412 485 5465 ό
526 5412 683 5482 λόγος
714 5417 859 5468 τισὶν
902 5412 1040 5470 εἶναι
1083 5418 1247 5471 δοκεῖ.
1298 5418 1386 5479 Ὠς
1433 5418 1741 5490 πρόδρομος

170 5501 358 5557 ἑαυτοῦ
386 5505 523 5577 πρὸς
539 5504 634 5560 τοῦ
665 5507 922 5583 θεοφόρου
953 5508 1273 5565 διδασκάλου
1300 5513 1751 5591 προσηγόρευται

172 5593 283 5663 νῦν,
309 5598 383 5663 ὡς
414 5600 605 5655 ἑαυτὸν
654 5601 930 5672 ἀναλόγως
978 5606 1093 5668 τοῖς
1133 5604 1551 5678 ὑποδεχομένοις
1600 5609 1745 5663 κατά

236 5784 276 5816 ιι
301 5776 488 5836 Matth.
515 5798 588 5847 χι,
615 5782 703 5838 Η.

781 5792 806 5819 υ
838 5783 971 5840 Luc.
998 5801 1107 5851 xvi,
1138 5788 1228 5842 29.
1303 5797 1324 5820 °
1358 5787 1525 5845 Hebr.
1563 5806 1615 5857 κ,
1646 5791 1695 5846 1.

1870 3209 1963 3275 qui
1996 3208 2170 3263 futuri
2206 3211 2306 3265 aevi
2354 3212 2597 3283 mysticae
2647 3215 3011 3274 inellabilium
3054 3220 3325 3280 bonorum
3356 3242 3451 3283 oc-

1867 3300 2185 3356 cultationis
2228 3318 2539 3371 pmeursor
2569 3316 2684 3373 est,
2726 3311 2896 3366 etiam
2939 3313 3179 3372 Joannes
3220 3334 3453 3391 magnus

1867 3404 2059 3445 revera
2091 3394 2427 3463 evangelista
2456 3405 2643 3465 potest
2678 3400 2877 3471 accipi,
2914 3413 2974 3458 ut
3004 3420 3107 3460 vox
3141 3410 3451 3476 praecursor

1863 3480 2157 3537 divinioris
2204 3484 2493 3543 Sermonis
2530 3501 2721 3559 aperte
2763 3494 2897 3548 olim
2941 3500 3358 3565 pronuntiandi,
3392 3513 3452 3560 et

1862 3574 2221 3631 simulacrum
2265 3580 2518 3635 veritatis
2546 3583 3014 3642 demonstrandae.
3054 3588 3257 3646 Umbra
3294 3594 3447 3648 enim

1860 3678 1927 3721 et.
1967 3666 2267 3723 simulacro
2315 3680 2370 3726 et
2415 3674 2650 3729 veritate
2698 3684 2871 3731 totum
2922 3679 3119 3735 salutis
3150 3684 3295 3752 apud
3345 3700 3451 3741 nos

1862 3761 2186 3831 mysterium
2241 3764 2521 3833 sapienter
2577 3767 2958 3837 dispensatum
3014 3782 3118 3828 est.
3192 3775 3444 3832 Umbram

1861 3855 1999 3909 enim
2033 3856 2254 3910 habebat
2288 3860 2392 3924 lex,
2438 3868 2499 3913 ut
2539 3860 2675 3915 dicit
2702 3861 2922 3919 divinus
2942 3863 3258 3935 Apostolus,
3303 3869 3449 3938 [utu-

1858 3965 2039 4003 rorum
2070 3949 2348 4016 bonorum,
2381 3969 2485 4006 non
2516 3954 2689 4024 ipsum
2720 3972 2898 4010 rerum
2939 3958 3304 4025 sirnulacrum,
3335 3978 3444 4031 qua

1858 4056 1960 4095 suo
1983 4042 2089 4097 sibi
2112 4058 2296 4098 sermo
2321 4044 2485 4100 modo
2525 4062 2628 4115 per
2659 4046 2951 4107 obscuram
2976 4052 3270 4120 quamdam
3295 4056 3442 4109 veri-

1856 4139 2028 4193 tatum
2066 4134 2525 4219 significationem
2566 4139 2632 4193 ad
2658 4140 3015 4219 Evangelium
3054 4146 3440 4216 accipiendum

1852 4225 1992 4296 legis
2012 4226 2256 4282 cultores
2279 4218 2581 4286 instrueret
2606 4240 2651 4285 °.
2682 4233 3039 4304 Evangeliqu
3062 4248 3247 4305 autem
3268 4240 3443 4295 simu-

1850 4318 2059 4373 lacrum
2103 4320 2353 4389 possidet
2388 4322 2723 4389 veritatum,
2767 4335 2824 4380 et
2869 4335 3014 4383 totos
3055 4338 3246 4399 aperte
3290 4342 3443 4389 tenet

1851 4410 1982 4465 hinc
2016 4412 2129 4481 jam
2175 4412 2270 4482 qui
2316 4413 2421 4468 sibi
2468 4414 2781 4471 futurorum
2814 4417 3086 4476 bonorum
3122 4422 3442 4501 similitudi-

1782 4484 1823 4538 ί)
1853 4518 1977 4556 nem
2009 4504 2407 4572 quaesiverunt.
2451 4507 2730 4577 Praeparat
2771 4524 2954 4566 sermo
2990 4528 3090 4582 per
3114 4530 3264 4585 spem
3293 4488 3441 4573 veri-

1854 4602 2025 4647 tatqu
2056 4594 2230 4649 forma
2258 4596 2583 4666 primigenia
2616 4610 2836 4668 recepta
2874 4604 3175 4659 animatum
3221 4608 3290 4661 iri
3336 4625 3439 4664 nos

1848 4693 1907 4738 et
1940 4684 2093 4740 vivas
2123 4685 2331 4741 Christi
2363 4687 2477 4743 fore
2508 4687 2797 4759 imagines,
2829 4691 2941 4747 imo
2973 4694 3118 4750 idem
3149 4698 3295 4766 quod
3343 4702 3436 4755 ille

1850 4775 2038 4845 potius
2084 4792 2183 4847 per
2226 4779 2455 4848 gratiam
2504 4780 2621 4836 fore
2666 4798 2830 4852 quam
2874 4786 3257 4855 simulacrum,
3302 4793 3437 4861 quin

1850 4868 2085 4924 fortasse
2109 4870 2193 4924 vel
2226 4870 2403 4940 ipsum
2431 4872 2723 4929 Dominum
2765 4875 2884 4932 fore
2904 4917 2919 4943 ,
2949 4877 3055 4932 nisi
3097 4879 3293 4936 durius
3330 4862 3437 4937 hoc

1848 4960 2058 5016 dictum
2103 4962 2382 5034 aliquibus
2438 4965 2714 5023 videatur.
2767 4968 3239 5034 Quemadmodum
3286 4990 3436 5029 nunc

1848 5069 2156 5124 przecursor
2190 5055 2274 5109 sui
2318 5055 2493 5127 ipsius
2533 5073 2564 5112 a
2616 5058 2806 5113 divino
2849 5060 3077 5115 doctore
3126 5065 3435 5133 appellatus

1846 5154 1932 5201 est
1959 5146 2055 5217 qui
2093 5163 2212 5202 sese
2246 5147 2328 5201 eis
2356 5164 2478 5217 qua:
2506 5157 2561 5202 et
2584 5149 2651 5203 de
2676 5151 2874 5205 Vetere
2894 5160 2950 5205 et
2976 5151 3043 5206 de
3066 5153 3218 5209 Novo
3245 5155 3436 5212 Testa-

1848 5250 2034 5294 mento
2062 5250 2350 5309 acceperat
2374 5241 2770 5296 convenienter
2793 5243 3149 5310 ostendisset,
3180 5263 3276 5317 per
3302 5250 3434 5303 reni-

1846 5342 2026 5403 gmata
2060 5342 2116 5388 et
2159 5349 2324 5388 voces
2365 5342 2421 5388 et
2456 5334 2723 5405 imagines
2752 5335 2837 5390 sui
2884 5336 3057 5406 ipsius
3100 5355 3432 5409 pnecursor,

1845 5440 2053 5494 perque
2100 5424 2215 5479 luec
2260 5425 2326 5479 ad
2373 5426 2661 5482 veritatem
2697 5428 2784 5484 his
2821 5431 3085 5486 nudatam
3116 5432 3430 5500 deducens;

1847 5517 1900 5571 id
1929 5516 2077 5587 quod
2101 5517 2276 5587 ipsius
2293 5518 2511 5573 Domini
2538 5521 2725 5577 verbis
2753 5532 3005 5589 testatur,
3030 5524 3234 5594 quibus
3254 5524 3429 5580 dixit:

1846 5610 2028 5665 Adhuc
2055 5610 2221 5666 multa
2252 5612 2391 5667 vobis
2412 5613 2582 5668 dicere
2605 5615 2788 5682 habeo,
2811 5616 2901 5671 sed
2925 5633 3030 5671 non
3053 5619 3265 5687 potestis
3292 5632 3432 5672 nunc
