4026 6288
590 329 727 393 1255

1720 322 1781 382 S.
1819 318 2111 381 MAXIMI
2147 314 2660 378 CONFESSORIS

3691 318 3797 385 1256

584 438 833 510 bajulare
863 446 911 502 P,
956 432 1337 493 sublimiorem
1374 432 1597 505 quidem
1637 448 1703 488 ea
1729 450 1851 503 quae
1879 445 2178 504 pmgressa

2281 446 2338 484 τε
2366 430 2469 501 τὴν
2496 428 2742 484 Παλαιὰν
2766 428 2908 487 κατά
2948 444 3009 483 τι
3037 427 3135 500 τὴν
3179 426 3326 483 Νέαν
3365 427 3626 498 Διαθήκην
3647 430 3801 500 iussi-

585 537 726 591 erat,
751 527 845 581 sed
872 542 937 581 ea
961 541 1085 596 quae
1108 534 1232 596 post
1254 540 1313 578 se
1335 540 1434 594 per
1453 523 1703 578 divinum
1735 522 2003 592 Spiritum
2024 520 2171 576 circa

2281 540 2401 586 νων,
2455 522 2525 575 δι’
2579 520 2921 592 αἰνιγμάτων
2981 538 3045 575 τε
3103 520 3202 575 καὶ
3253 519 3452 590 φωνῶν
3510 522 3602 575 καὶ
3650 524 3801 578 τύπων

588 620 767 688 ipsum
814 618 997 672 futura
1044 625 1190 671 esset
1224 615 1576 669 humiliorem
1623 625 1679 668 et
1713 615 1886 684 ipsam
1928 612 2175 682 discipli-

588 725 715 765 nam
745 708 1037 778 discipulis
1060 707 1399 779 signiﬁcans.
1428 706 1605 771 Unde,
1648 706 1707 760 ni
1748 706 1927 770 fallor,
1972 704 2175 776 adjecit

588 804 727 858 illud
762 802 938 858 :Cum
994 812 1176 856 autem
1233 802 1433 855 uenerit
1483 799 1577 854 ille
1631 799 1868 853 veritatis
1922 797 2170 867 Spiritus,

588 895 806 948 deducet
838 911 925 948 vos
952 892 1007 947 iu
1031 894 1176 947 omni
1202 894 1420 947 veritate
1444 902 1503 957 tt;
1532 892 1617 947 vel
1642 893 1726 947 eis
1750 907 1873 962 quae
1893 890 2025 945 alibi
2053 890 2131 945 ait
2157 906 2171 943 :

589 987 726 1041 Ecce
755 1003 848 1058 ego
882 1004 991 1041 una
1020 1003 1140 1039 cum
1160 986 1298 1039 vobis
1332 1001 1421 1038 ero
1445 1001 1626 1038 omnes
1649 986 1758 1039 dies
1784 1000 1950 1055 usque
1975 983 2045 1037 ad
2080 983 2177 1037 (rei

588 1078 1093 1132 consummationem
1128 1087 1171 1130 ι.
1202 1076 1323 1132 Non
1353 1076 1501 1146 quod
1530 1083 1721 1145 postea
1752 1075 1913 1146 plane
1944 1089 2054 1127 non
2089 1073 2177 1126 fu-

590 1178 753 1224 turus
781 1170 852 1225 sit
884 1185 992 1223 una
1023 1184 1148 1224 cum
1184 1168 1285 1233 eis,
1321 1169 1419 1224 sed
1464 1168 1613 1239 quod
1652 1167 1946 1223 sublimior
1982 1165 2180 1221 videli-

590 1272 678 1319 cet
720 1264 790 1319 sit
824 1263 1045 1319 futurus
1073 1278 1238 1333 quam
1268 1278 1433 1334 quem
1481 1278 1548 1318 eo
1604 1276 1777 1332 usque
1824 1260 2177 1315 humiliorem

590 1356 894 1419 novissent,
920 1363 982 1408 ut
1013 1370 1175 1425 quem
1209 1354 1279 1409 ad
1325 1370 1479 1409 suam
1507 1352 1825 1407 facultatem
1868 1350 2178 1421 augendam

591 1457 776 1505 essent
797 1448 1059 1518 agnituri.
1088 1446 1235 1501 Idem
1265 1446 1411 1501 enim
1437 1461 1535 1516 per
1558 1459 1617 1499 se
1645 1458 1864 1513 semper
1884 1442 2176 1507 exsistens,

592 1541 909 1610 nullamque
953 1556 1023 1594 ex
1069 1538 1452 1594 immutatione
1481 1535 1927 1599 conversionem,
1976 1548 2079 1588 nec
2122 1533 2179 1587 in

589 1633 762 1704 magis
807 1640 903 1686 aut
949 1632 1135 1686 minus
1183 1637 1539 1701 augmentum
1592 1636 1689 1683 aut
1733 1624 2179 1681 imminutionem

588 1726 912 1788 admittens,
954 1722 1215 1778 omnibus
1256 1722 1442 1777 omnia
1484 1736 1583 1791 per
1630 1718 1895 1774 bonitatis
1926 1718 1988 1772 ﬁt
2018 1733 2181 1771 exsu-

2273 615 2594 688 προτρέχων
2635 615 2801 678 αὑτὸς
2827 613 3048 681 ἑαυτοῦ,
3089 615 3187 668 καὶ
3228 615 3320 669 διὰ
3350 614 3550 668 τούτων
3589 616 3708 685 πρὸς
3728 620 3807 690 τὴν

2273 712 2447 781 χωρὶς
2494 708 2705 763 τούτων
2755 708 2906 777 άγων
2948 707 3229 779 ἀλήθειαν,
3273 710 3393 771 τοῖς
3444 708 3599 762 αὑτοῦ
3640 710 3805 779 Κυρξοδ

2273 802 2454 870 λόγοις
2508 799 2672 855 τοῦτο
2713 801 3175 871 τικμαιρομένου,
3233 800 3301 853 δι’
3348 794 3425 853 ὢν
3458 800 3648 868 ἔλεγεν,
3709 805 3809 856 ἐει

2275 893 2480 949 πολλὰ
2502 895 2621 964 ἔχω
2651 894 2857 964 λέγειν
2873 893 3036 964 ὑμῖν,
3073 894 3213 949 ἀλλ’
3237 896 3311 949 οὐ
3342 893 3603 949 δύνασθε
3620 896 3809 959 βαστὰο

2277 984 2396 1047 ζειν
2418 985 2550 1054 ἄρτι
2569 999 2584 1017 ⁶
2618 985 2903 1056 σημαίνων
2935 984 3036 1056 τὴν
3076 984 3423 1055 ὑψηλοτέραν
3456 985 3553 1053 μὲν
3578 985 3670 1053 τῆς
3705 1002 3812 1055 epo-

2277 1076 2572 1147 λαϐούσης.
2640 1074 3061 1147 χθαμαλοτιραν
3112 1075 3172 1128 δὲ
3236 1076 3330 1128 καὶ
3382 1075 3552 1146 αὑτὴν
3595 1077 3684 1147 τῆς
3725 1096 3800 1149 μετ

2279 1168 2450 1239 αὑτὴν
2476 1168 2570 1221 διὰ
2600 1167 2695 1220 τοῦ
2726 1166 2873 1220 Θείου
2921 1168 3240 1237 Πνεῦματος
3282 1168 3417 1236 περὶ
3454 1168 3611 1221 αὑτοῦ
3638 1170 3812 1237 μέλλου-

2281 1277 2381 1313 σαν
2453 1258 2692 1324 ἔσεσθαι,
2767 1260 2909 1332 πρὸς
2984 1260 3184 1324 αὑτοὺς
3253 1260 3619 1315 διδασκαλίαν.
3685 1263 3812 1317 ὐθτν

2279 1351 2505 1415 εἰκότως
2550 1352 2830 1421 ἐπήγαγεν
2857 1368 2872 1383 ⁶
2913 1352 3101 1407 Ὅταν
3151 1352 3222 1406 δὲ
3285 1352 3442 1421 ἔλθῃ
3502 1353 3726 1421 ἐκεῖνος,
3762 1356 3812 1408 τὸ

2280 1444 2523 1514 Πνεῦμα
2582 1443 2694 1512 τῆς
2753 1444 3063 1512 ἀληθείας,
3119 1444 3412 1514 ὁδηγήσει
3458 1444 3609 1515 ὑμᾶς
3652 1446 3713 1499 ἐν
3756 1446 3810 1514 τῇ

2278 1538 2530 1605 ἀληθείᾳ
2561 1536 2728 1604 πάσῃ
2752 1552 2768 1567 ο
2792 1537 2826 1607 ἢ
2860 1538 2955 1591 καὶ
2976 1536 3043 1589 δι’
3076 1531 3152 1592 ὧν
3185 1538 3421 1607 ἑτέρωθί
3449 1552 3630 1607 φησιν·
3674 1537 3807 1598 Ἰδοὺ.

2433 1630 2563 1697 μεθ’
2602 1627 2771 1699 ὑμῶν
2807 1632 2925 1697 ειμι
2968 1627 3172 1695 πάσας
3218 1630 3329 1696 τὰς
3372 1630 3589 1699 ἡμέρας
3616 1628 3711 1694 ἕως
3733 1627 3810 1695 τῆς

2281 1718 2643 1781 συντελείας
2676 1716 2785 1771 τοῦ
2805 1716 3024 1781 αιῶνος
3049 1732 3065 1748 ·
3088 1719 3187 1788 οὑχ
3206 1718 3284 1782 ὡς
3310 1720 3453 1789 μετὰ
3487 1719 3636 1772 τοῦτο
3661 1737 3811 1771 παντε-

588 1816 920 1888 perantiam,
971 1815 1197 1870 humilis
1245 1813 1588 1877 humilibus,
1639 1811 1895 1866 sublimis
1935 1808 2187 1864 sublimi-

2284 1804 2394 1868 λῶς
2442 1805 2625 1876 (202
2654 1806 2710 1875 a)
2760 1806 2861 1859 οὑκ
2927 1807 3192 1878 ἐσομένου
3238 1811 3359 1879 μετ’
3403 1809 3600 1873 αὐτῶν,
3643 1810 3812 1874 ἀλλ’ὡς

590 1910 717 1975 bus,
745 1918 801 1964 et
829 1910 913 1963 eis
945 1908 1039 1979 qui
1068 1924 1127 1963 se
1156 1923 1258 1978 per
1297 1922 1357 1961 se
1389 1904 1569 1975 ipsum
1600 1903 1932 1959 deificentur
1963 1901 2183 1972 proprie

588 2002 758 2066 Deus,
805 2002 943 2057 adeo
988 2010 1051 2056 ut
1094 1999 1383 2072 prmsentis
1431 1998 1533 2053 aevi
1588 1997 1775 2051 omnia
1824 1993 2185 2066 providentiae

588 2094 739 2150 circa
768 2093 1047 2148 hominem
1089 2094 1278 2147 formae
1309 2101 1474 2161 atque
1517 2087 1777 2159 mysteria
1800 2127 1816 2152 ,
1841 2094 2185 2156 quantacun-

587 2202 698 2257 que
726 2194 878 2251 sunt,
909 2185 1016 2240 via:
1058 2181 1387 2255 praeparatio
1424 2190 1481 2235 et
1522 2180 1835 2234 futurorum
1864 2175 2066 2246 prazvia
2091 2174 2186 2228 de-

590 2278 823 2349 scriptio
854 2277 946 2332 sit.
974 2276 1341 2345 Comparatus
1375 2273 1542 2343 igitur
1576 2280 1631 2326 et
1664 2271 1782 2341 ipse
1812 2266 2029 2323 Domini
2060 2282 2186 2335 per-

590 2369 871 2441 ceptibilis
901 2369 1124 2424 interim
1155 2381 1339 2421 sermo
1381 2380 1508 2420 cum
1546 2378 1613 2419 eo
1644 2362 1741 2433 qui
1782 2360 1956 2431 magis
1993 2358 2187 2430 mysti-

589 2477 691 2518 cus
712 2460 1004 2530 discipulis
1031 2459 1162 2513 olim
1190 2458 1435 2521 dabitur,
1467 2465 1524 2511 et
1555 2455 1825 2526 pristinus
1844 2454 1964 2523 ejus
1992 2466 2186 2507 rursus

589 2566 718 2606 cum
763 2550 1008 2605 secundo
1054 2548 1348 2611 adventus,
1381 2547 1466 2602 sui
1519 2546 1693 2616 ipsius
1735 2558 2046 2615 przecursor
2075 2550 2181 2607 est,

591 2643 830 2696 obscure
861 2639 1085 2710 quidem
1115 2638 1170 2692 in
1212 2653 1271 2692 se
1312 2636 1615 2691 ostendens
1637 2635 1703 2690 ad
1730 2633 2076 2688 audientium
2104 2633 2185 2687 fa-

591 2731 882 2793 cultatem,
908 2742 1019 2782 non
1060 2726 1414 2796 patefaciens,
1446 2740 1597 2780 nunc
1620 2739 1743 2794 quae
1766 2723 1822 2777 in
1847 2722 2070 2777 occulto
2090 2737 2188 2793 pec

591 2837 693 2876 nes
724 2834 784 2875 se
812 2820 978 2874 tacite
1005 2817 1170 2872 habet
1197 2818 1476 2888 mysteria,
1511 2825 1806 2886 propterea
1850 2813 1999 2884 quod
2041 2813 2185 2868 inte-

2286 1898 2621 1969 ὑψηλοτέρου
2699 1897 2943 1969 δηλονότι
2998 1901 3147 1971 ,παρ’
3217 1901 3280 1955 ὃν
3360 1903 3503 1966 τέως
3574 1904 3815 1971 ἠπίσταντο

2284 1988 2729 2062 χθαμαλώτερον,
2754 1990 2831 2055 ὼς
2854 1992 2994 2061 πρὸς
3019 1992 3119 2064 τὴν
3165 1994 3381 2049 ἑαυτῶν
3428 1995 3647 2066 δύναμιν
3691 1995 3815 2065 γινώ-

2287 2080 2515 2135 σκεσθαι
2567 2081 2873 2152 μέλλοντος.
2911 2084 3185 2149 Ὡσαύτως
3232 2086 3345 2161 γὰρ
3395 2087 3645 2157 ὑπάρχων
3662 2090 3733 2141 ἀεὶ
3764 2089 3815 2141 δι’

2285 2174 2501 2239 ἑαυτὸν,
2540 2175 2637 2229 καὶ
2668 2176 2939 2247 μηδεμίαν
2966 2178 3418 2249 παραδεχόμενος
3456 2180 3515 2246 ἐξ
3538 2178 3814 2240 ἀλλοιώσεως

2288 2266 2616 2338 μεταϐολὴν,
2667 2266 2795 2321 οὔτε.
2830 2268 2895 2321 τὸ
2929 2268 3131 2337 μᾶλλον
3172 2270 3270 2324 καὶ
3294 2264 3489 2342 ἦττον,
3518 2273 3643 2323 πᾶσι
3683 2272 3815 2322 πάντα

2284 2359 2499 2427 γίνεται
2556 2359 2627 2413 δι’
2678 2359 2989 2431 ὑπερϐολὴν
3047 2360 3412 2433 άγαθότητος,
3471 2360 3701 2424 ταπεινὸς
3735 2362 3817 2423 τοῖς

2283 2452 2583 2519 ταπεινοῖς,
2634 2451 2840 2522 ὑψηλὸς
2872 2455 2987 2515 τοῖς
3032 2452 3281 2523 ὑψηλοῖς,
3328 2454 3432 2508 καὶ
3475 2456 3583 2517 τοῖς
3615 2454 3673 2507 δι’
3696 2453 3816 2506 αὑτὸν

2286 2544 2607 2615 θεουμᾶνοις
2632 2544 2661 2598 ό
2708 2544 2871 2615 φύσει
2906 2545 3060 2610 Θεὸς,
3102 2545 3179 2609 ὡς
3210 2542 3354 2601 εἶναι
3389 2547 3463 2601 τὰ
3491 2546 3583 2599 τοῦ
3609 2547 3817 2616 παρόντος

2283 2635 2479 2699 αίῶνος
2507 2636 2685 2690 πάντα
2716 2640 2817 2708 τῆς
2867 2637 2996 2707 περὶ
3018 2637 3112 2690 τὸν
3155 2638 3453 2711 ἄνθρωπον
3484 2638 3711 2711 προνοίας
3731 2639 3815 2702 siin

2227 2776 2236 2788 ,
2282 2741 2343 2778 τε
2379 2724 2477 2779 καὶ
2506 2728 2801 2797 μυστήρια,
2834 2726 2939 2781 κᾶν
2967 2726 3179 2797 μεγάλα
3206 2723 3265 2800 ᾗ,
3297 2726 3695 2799 προοδοποίησίν
3729 2743 3816 2777 τινα

2283 2819 2381 2872 καὶ
2426 2820 2870 2890 προδιατύπωσιν
2916 2821 3027 2875 τῶν
3068 2821 3396 2892 μελλόντων.
3444 2820 3816 2892 Συγκρινόμινος

592 2911 699 2965 rim
726 2908 1034 2965 conditioni
1062 2908 1224 2979 plane
1250 2908 1363 2962 sint
1388 2905 1872 2977 imperceptibilia.
1899 2903 2182 2976 Quidquid

2283 2907 2378 2967 οὖν
2425 2913 2519 2967 καὶ
2554 2912 2717 2977 αὐτὸς
2764 2915 2795 2966 ό
2829 2913 2970 2977 τέως
3018 2913 3117 2967 τοῦ
3168 2915 3379 2984 κυρίου
3430 2913 3664 2985 χωρητὺς
3700 2912 3817 2978 λόγος

587 3005 765 3068 enim,
808 3012 870 3057 ut
906 3002 1042 3066 dixi,
1090 3001 1294 3058 litteris
1321 3001 1570 3071 subiacet
1600 3006 1656 3055 et
1696 2997 1946 3064 vocibus,
1977 2999 2030 3052 id
2061 2997 2181 3053 fieri

2286 3003 2423 3073 πρὸς
2472 3002 2565 3057 τὸν
2632 3003 2895 3074 μέλλοντα
2969 3004 3086 3067 τοῖς
3144 3003 3425 3074 μαθηταῖς
3484 3002 3818 3075 μυστικώτερα

591 3112 703 3153 non
730 3104 911 3169 potest
941 3097 1077 3168 quin
1107 3104 1162 3151 et
1193 3111 1355 3150 suum
1397 3110 1466 3150 ex
1494 3101 1670 3149 semet
1700 3092 2063 3158 intellectum,
2095 3093 2182 3148 vel

2285 3096 2769 3167 ἑπιχορηγεῖσθαι,
2795 3097 2831 3167 ἢ
2855 3114 2915 3151 τε
2945 3096 3190 3169 προτέρα
3217 3096 3387 3151 πάλιν
3415 3096 3579 3151 αὑτοῦ
3607 3092 3819 3166 παρουσία

592 3192 640 3247 si
684 3168 971 3261 spirituale
1023 3188 1157 3259 quid
1207 3188 1301 3251 sit,
1333 3196 1612 3258 quatenus
1648 3185 2078 3255 haudquaquam
2126 3182 2181 3239 in

2286 3188 2355 3257 τῇ
2398 3186 2653 3259 δευτέρα,
2708 3168 3018 3259 πρόδρομός
3068 3168 3219 3241 ἔστιν
3268 3186 3495 3251 ἑαυτοῦ,
3550 3183 3819 3258 παραδείξας

592 3283 809 3337 litteras
832 3290 997 3352 atque
1022 3279 1394 3335 elocutionem
1418 3278 1588 3341 cadit,
1614 3285 1875 3345 tanquam
1907 3275 1975 3330 ad
2009 3276 2181 3331 mani-

2291 3278 2395 3349 μὲν
2422 3277 2681 3349 ἀμυδρῶς
2711 3280 2772 3332 ιν
2815 3278 2999 3349 ἐαυτῷ
3026 3279 3165 3351 πρὸς
3187 3278 3286 3351 τὴν
3327 3281 3446 3333 τῶν
3472 3276 3820 3348 ὑποδεχομένου

593 3375 796 3429 festum
848 3382 906 3429 et
972 3372 1324 3444 perspicuum
1375 3370 1579 3440 dirigat
1627 3368 1898 3434 verbum;
1946 3367 2185 3437 ideoque

2287 3372 2541 3442 δύναμιν,
2580 3372 2642 3425 οὐ
2689 3372 3015 3444 φανερώσας
3057 3372 3116 3426 δὲ
3166 3372 3263 3428 νῦν
3298 3374 3454 3446 άπερ
3506 3373 3613 3444 ἔχει
3650 3385 3820 3437 eratm-

593 3481 935 3538 quaacunque
967 3482 999 3521 a
1024 3464 1248 3521 Christo
1274 3465 1388 3519 Deo
1415 3461 1706 3532 discipulis
1748 3461 1805 3515 in
1838 3459 2185 3515 inenarrabi-

2292 3463 2472 3533 μόνως
2507 3464 2641 3534 παρ’
2690 3464 2875 3535 ἑαυτῷ
2916 3466 2979 3519 ὲν
3017 3465 3323 3535 ἀποκρύφῳ
3363 3467 3655 3536 μυστήρια,
3679 3461 3750 3515 ta
3776 3458 3821 3510 τὸ

594 3558 703 3614 lem
762 3558 1104 3614 intellectum
1164 3566 1225 3613 et
1289 3554 1807 3625 interpretationem
1856 3551 2003 3607 dicta
2052 3561 2184 3608 sunt

2286 3556 2355 3624 τῇ
2391 3554 2565 3613 κτίσει
2609 3556 2748 3614 τέως
2790 3553 2936 3611 εἶναι
2976 3558 3258 3622 παντελῶς
3282 3558 3569 3631 άχώρητα.
3619 3556 3719 3611 Πᾶν
3740 3554 3819 3621 γὰρ

591 3650 861 3705 Joannem
918 3649 1149 3704 fortasse
1196 3647 1422 3703 divinus
1467 3646 1559 3700 hic
1602 3644 1801 3700 doctor
1846 3643 2180 3714 appellavit,

2286 3646 2318 3699 ὃ
2347 3648 2672 3718 γράμμασιν
2714 3649 3034 3717 ὑποπίπτει,
3061 3650 3246 3716 καθὼς
3272 3653 3516 3724 εἴρηται,
3546 3652 3633 3704 καὶ
3663 3647 3821 3717 φωναῖς

596 3756 992 3814 praecursorem
1035 3741 1266 3812 gratiam
1308 3755 1378 3795 ex
1425 3754 1494 3793 eo
1530 3752 1643 3809 quo
1685 3737 1753 3792 ad
1800 3735 2183 3807 recipiendum

2290 3739 2511 3804 πάντως
2539 3740 2625 3794 ὅτι
2667 3742 2765 3796 καὶ
2805 3742 2900 3797 τὸν
2933 3744 3228 3816 νοούμενον
3268 3744 3329 3810 ἐξ
3353 3744 3548 3811 αὑτοῦ,
3576 3743 3670 3799 κᾶν
3698 3753 3820 3793 mv-

596 3843 758 3904 aptus
786 3841 910 3889 erat
937 3833 1169 3904 pulchre
1210 3840 1378 3903 atque
1416 3830 1699 3901 sapienter
1725 3829 2041 3883 nominans.

2294 3830 2521 3902 ματικὺν
2559 3826 2618 3904 ᾖ,
2662 3831 2807 3887 ὅσον,
2841 3834 2981 3906 πρὸς
3026 3834 3094 3888 τὸ
3146 3835 3389 3907 μηδόλως
3436 3835 3709 3907 γράμμασι
3750 3824 3821 3879 ul

596 3930 904 3999 ὲκφωνήσει
973 3926 1342 3999 προσπίπτον,
1416 3927 1603 3997 φωνῆς
1680 3923 1839 3993 λόγον
1904 3921 1985 3987 ὡς
2048 3920 2188 3992 πρὸς
2258 3924 2460 3994 τρανὸν
2532 3924 2690 3994 λόγον
2733 3926 2944 3997 ἐπέχει,
2994 3927 3091 3983 καὶ
3138 3927 3229 3981 διὰ
3269 3927 3435 3981 τοῦτο
3477 3927 3646 3981 πάντα
3677 3919 3818 3976 said

597 4016 835 4089 Χριστοῦ
885 4015 983 4071 τοῦ
1032 4016 1172 4071 Θεοῦ
1215 4018 1328 4080 τοῖς
1410 4015 1678 4087 μαθηταῖς
1766 4012 2070 4083 λαληθέντα
2122 4013 2262 4085 πρὸς
2296 4012 2389 4067 τὸν
2428 4014 2701 4086 ἁλάλητον
2756 4016 2884 4073 νοῦν
2938 4016 3060 4090 ἦτοι
3116 4018 3302 4090 νόησιν
3369 4017 3620 4087 Ἰωάννην
3661 4009 3819 4075 [συιδ

600 4117 891 4178 θεσπέσιος
947 4108 1103 4180 οὗτος
1136 4112 1460 4178 διδάσκαλος
1515 4111 1932 4185 προσηγόρευσε
1960 4148 1977 4177 ,
2018 4110 2118 4183 τὴν
2182 4109 2494 4183 πρόδρομον
2539 4112 2701 4185 χάριν
2735 4114 2801 4169 ἐκ
2827 4112 2922 4170 τοῦ
2968 4113 3223 4170 δεκτικοῦ
3260 4113 3449 4180 καλῶς
3471 4130 3535 4169 τι
3565 4111 3654 4168 καὶ
3680 4105 3819 4177 σοφῶς

599 4210 895 4281 ὀνομάσας.

601 4396 688 4453 Ea:
715 4392 894 4448 eodem
919 4406 1183 4456 sermone,
1232 4390 1289 4445 in
1333 4388 1503 4445 illud:
1544 4406 1563 4443 ι
1589 4389 1898 4461 Disputatio
1944 4402 2067 4442 vero
2115 4403 2181 4443 ea

2288 4389 2474 4459 (202
2530 4388 2584 4459 θ)
2638 4388 2735 4442 Ἐκ
2789 4388 2900 4443 τοῦ
2952 4386 3142 4443 αὑτοῦ
3194 4388 3424 4456 λόγου,
3477 4389 3563 4452 είς
3609 4382 3689 4447 τὸ,
3738 4377 3816 4429 ιό

674 4502 795 4560 qua:
820 4486 884 4539 de
909 4484 1018 4539 Deo
1042 4484 1351 4554 suscipitur,
1380 4499 1483 4554 quo
1530 4482 1831 4555 perfectior,
1865 4497 1924 4534 eo
1978 4496 2184 4551 quoque

674 4578 933 4651 αἰθερίίὶον
951 4586 1046 4642 est,
1111 4576 1453 4649 pluribusque
1519 4574 1961 4647 objectationibus
2011 4581 2180 4644 patet,
2224 4608 2269 4666 ο

675 4675 732 4729 in
766 4674 935 4744 iisque
976 4671 1244 4726 diiuendis
1297 4686 1363 4725 ac
1417 4668 1762 4725 dissolvendis
1815 4670 1936 4739 plus
1992 4667 2188 4738 negotii

675 4767 908 4838 facessit.
934 4785 953 4819 ι

676 4884 736 4939 Si
768 4899 890 4954 qua:
923 4880 1066 4937 facta
1107 4888 1240 4935 sunt
1272 4879 1446 4934 multa
1478 4888 1630 4941 sunt,
1666 4876 1932 4932 dilferunt
1960 4889 2186 4945 quoque
2216 4840 2231 4855 κ

604 4976 835 5031 omnino
889 4989 1012 5044 quae
1067 4971 1212 5026 facta
1264 4978 1414 5035 sunt,
1482 4967 1760 5038 siquidem
1817 4966 1991 5019 multa
2031 4974 2183 5020 sunt.

610 5064 756 5119 Fieri
783 5064 933 5119 enim
967 5080 1078 5118 non
1104 5069 1292 5133 potest
1318 5060 1453 5132 quin
1474 5075 1597 5130 qua:
1622 5058 1818 5124 multa,
1850 5056 2048 5112 eadem
2076 5071 2185 5110 non

608 5148 666 5206 et
726 5152 943 5207 diversa
999 5151 1136 5206 sint.
1202 5152 1381 5223 Atque
1434 5151 1480 5205 si
1531 5149 1753 5205 diversa
1794 5155 1926 5203 sunt
1990 5146 2190 5211 multa,

610 5243 844 5298 diversa.-
882 5252 1013 5299 sunt
1057 5244 1229 5299 etiam
1277 5242 1654 5314 intelligendas
1692 5241 1938 5296 rationes
1984 5239 2192 5310 quibus

612 5334 924 5391 secundum
950 5336 1249 5391 essentiam
1280 5336 1578 5400 exsistunt,
1614 5334 1821 5406 quibus
1859 5341 1918 5388 et
1961 5341 2194 5404 propter

612 5442 751 5497 quas
777 5426 952 5499 magis
974 5426 1245 5481 dill‘erunt
1278 5441 1401 5498 qua:
1429 5426 1733 5493 diderunt;
1767 5441 1881 5480 non
1921 5423 2074 5480 enim
2102 5422 2193 5477 in-

614 5523 700 5569 ter
743 5530 862 5570 sese
914 5512 1176 5569 diﬂ‘erent
1220 5530 1345 5584 quas
1409 5513 1677 5570 dillerunt
1712 5554 1726 5579 ,
1774 5512 1884 5568 nisi
1941 5511 2194 5566 rationes

684 5662 715 5706 ν
746 5654 903 5710 Joan.
926 5668 1037 5717 xvn,
1071 5651 1158 5706 12.
1230 5665 1260 5705 q
1290 5654 1428 5712 ibid.
1458 5655 1543 5709 i3.
1626 5663 1651 5694 π
1676 5653 1865 5710 Matth.
1900 5669 2086 5718 xxvm,
2116 5651 2208 5707 20.

2360 4480 2432 4534 δὲ
2486 4480 2622 4548 περὶ
2680 4481 2830 4535 Θεοῦ
2884 4482 3088 4550 λόγος,
3145 4479 3273 4545 ὅσῳ
3318 4478 3675 4545 τελεώτερος,
3710 4480 3817 4523 τοσ-

2364 4572 2520 4636 ούτῳ
2561 4570 3083 4639 ὄυσεξρικτότερος,
3135 4571 3236 4623 καὶ
3284 4569 3534 4633 πλείους
3572 4565 3666 4628 τὰς
3687 4562 3816 4615 am-

2363 4663 2588 4731 λήψεις
2659 4662 2856 4731 ἔχων,
2937 4661 3039 4716 καί
3116 4654 3221 4727 τὸς
3303 4660 3518 4727 λύσεις
3576 4650 3815 4725 3.010080-

2365 4752 2556 4823 τέρας.
2594 4771 2615 4807 ι

2365 4866 2428 4921 Et
2478 4866 2652 4921 πολλὰ
2684 4864 2753 4919 τὰ
2790 4866 3051 4935 γεγονότα
3080 4865 3217 4927 ἐστὶ.
3263 4865 3359 4919 καὶ
3393 4864 3616 4931 διάφορα
3643 4854 3813 4909 πάντως

2293 4958 2364 5012 τά
2389 4960 2652 5028 γεγονότα
2694 4958 2866 5024 ἐστὶν,
2904 4961 3062 5030 εἴπερ
3090 4956 3280 5011 πολλά.
3313 4958 3388 5010 Οὑ
3418 4956 3525 5026 γὰρ
3552 4947 3742 5005 δυνατὸν
3761 4938 3811 4993 τὰ

2294 5050 2469 5104 πολλά
2511 5050 2586 5122 μὴ
2636 5048 2733 5104 καὶ
2761 5049 2996 5120 διάφορα
3044 5043 3204 5101 εἶναι.
3254 5048 3361 5102 Καὶ
3406 5049 3453 5100 εί
3499 5038 3704 5111 διάφορά
3725 5038 3811 5087 ἔπι

2292 5145 2363 5198 τὰ
2384 5143 2574 5210 πολλὰ,
2603 5143 2898 5214 διαφόρους
2944 5141 3039 5195 καὶ
3063 5142 3191 5204 τοὺς
3230 5134 3314 5203 οἷς
3342 5140 3462 5193 κατ’
3483 5136 3657 5192 οὐσίαν
3677 5129 3811 5195 ὑπὲρ·

2294 5252 2449 5308 χουσι
2481 5235 2674 5304 λόγους
2701 5234 2944 5305 νοητέον,
2977 5228 3055 5297 οἷς
3085 5231 3290 5304 μᾶλλον
3326 5231 3424 5285 καὶ
3470 5230 3539 5284 δι’
3563 5225 3649 5288 οὓς
3670 5215 3813 5308 5m?“

2298 5307 2449 5397 ρουσι
2476 5326 2545 5379 τὰ
2592 5324 2955 5396 διαφέροντα·
2996 5324 3059 5378 οὑ
3092 5322 3203 5395 γὰρ
3247 5322 3316 5376 ἂν
3347 5322 3589 5391 διέφερον
3612 5307 3810 5381 αλλήλων

2294 5418 2363 5471 τὰ
2392 5416 2735 5488 διαφέροντα,
2772 5416 2848 5489 μὴ
2874 5415 2985 5471 τῶν
3012 5414 3186 5486 λόγων
3214 5407 3297 5479 οἷς
3320 5413 3601 5483 γεγόνασιν
3626 5403 3810 5489 ἑχόντξιν

2288 5485 2574 5578 διαφοράνξ
2621 5507 2683 5561 Et
2724 5485 2905 5561 τοίνυν
2952 5485 3145 5577 ὥσπερ
3189 5504 3247 5560 αί
3293 5502 3567 5573 αίσθήσεις
3614 5485 3809 5570 φυσικῶς

686 5776 763 5845 (9)
791 5776 936 5831 Idem
963 5778 1087 5833 ibid.
1115 5792 1233 5846 cap.
1271 5776 1362 5839 2|,
1395 5791 1449 5845 p.
1478 5776 1602 5841 5H,
1638 5784 1770 5831 tom.
1797 5774 1838 5830 l.
1863 5773 2002 5845 Oop.
2036 5773 2124 5828 ed.
2152 5770 2357 5827 Bened.
