4026 6288
182 353 323 420 1257

1450 354 1968 419 AMBIGUORUM
2010 352 2262 412 LIBER.
2305 313 2312 322 ’

3296 350 3432 416 i258

173 464 717 537 ἀντιλαμϐανόμεναι
764 467 875 521 τῶν
913 467 1188 539 αἰσθητῶν
1243 467 1299 534 ἐξ
1337 469 1580 537 ἀνάγκης
1619 466 1759 520 κατὰ

1879 461 2066 531 ιυὶὺυε
2092 459 2234 515 facta
2269 468 2399 513 sunt
2433 459 2807 515 diﬁ'erentiam
2842 461 3132 518 baberent.
3163 463 3221 518 Si
3244 464 3434 534 igitur,

174 556 499 629 παραδοχὴν
554 556 756 622 πολλὰς
807 559 1089 613 ποιοῦνται
1159 560 1252 611 καὶ
1309 558 1599 628 διαφόρους
1650 556 1756 609 τῶν

169 648 564 718 ὑποκειμένων
593 651 689 702 καὶ
735 650 1154 704 ὑποπιπτόντων
1193 650 1382 709 αὑταῖς
1409 648 1508 712 τὰς
1542 647 1758 716 ἀντιλή-

170 739 325 809 ψεις,
358 739 500 794 οὕτω
527 741 622 795 καὶ
650 743 678 794 ὁ
703 741 825 804 νοῦς
848 741 1066 796 πάντων
1096 741 1338 810 φυσικῶς
1368 738 1761 809 ἀντιλαμϐανό-

173 829 349 901 μενος
385 831 493 885 τῶν
522 834 580 886 ιν
617 834 728 896 τοῖς
760 829 877 886 οὖσι
933 833 1130 901 λόγων,
1178 830 1259 896 οἷς
1287 833 1535 903 ἀπείροις
1563 830 1760 884 ἐνθέω-

176 920 296 988 ρῶν
329 920 609 990 ἐνεργείας
633 921 770 974 Θεοῦ
811 922 1013 986 πολλάς
1065 925 1295 976 ποιεῖται
1342 922 1436 975 καὶ
1475 920 1760 991 ἀπείρους,

173 1014 360 1066 εἰπεῖν
397 1013 619 1082 ἀληθὲς,
669 1014 774 1068 τῶν
811 1007 888 1068 ὧν
921 1015 1381 1086 ἀντιλαμϐάνεται
1409 1013 1569 1068 Θείων
1607 1017 1761 1085 ἐνερ-

173 1107 350 1173 γειῶν
403 1107 688 1178 διαφοράς,
728 1109 916 1162 ἄτονον
955 1108 1180 1172 εἰκότως
1228 1108 1340 1174 ἔξει
1391 1106 1490 1177 τὴν
1533 1105 1762 1176 δύναμιν

172 1200 276 1252 καὶ
302 1199 400 1270 τὴν
435 1200 656 1270 μέθοδον
698 1200 903 1271 ἄπορον
931 1200 1032 1271 τῆς
1065 1199 1498 1272 ἐπιστημονικῆς
1533 1199 1762 1270 ἐρεύνης

171 1293 277 1346 τοῦ
301 1293 474 1356 ὅντως
513 1293 667 1357 ὄντος
716 1292 972 1363 ἀληθοῦς,
1017 1295 1118 1348 οὐκ
1166 1293 1306 1364 ἔχων
1335 1293 1529 1362 νοῆσαι
1558 1295 1675 1356 πῶς
1707 1295 1764 1346 ὲν

173 1387 403 1458 ἑκάστῳ
451 1387 559 1442 τῶν
611 1388 732 1442 καθ’
787 1389 948 1442 ἑαυτὸ
996 1389 1242 1442 ἑκάστων
1270 1391 1316 1422 ³³
1372 1388 1517 1458 λόγῳ
1568 1390 1664 1442 καὶ
1706 1390 1764 1441 ὲν

175 1479 355 1534 πᾶσιν
399 1477 538 1548 ὁμοῦ
577 1477 699 1532 καθ’
740 1477 835 1542 οὓς
867 1479 1175 1548 ὑπάρχουσι
1204 1479 1272 1531 τά
1314 1479 1492 1532 πάντα
1525 1477 1705 1547 λόγοις
1737 1480 1766 1531 ὁ

177 1572 356 1643 μηδὲν
395 1571 470 1625 ὢν
495 1572 608 1625 τῶν
650 1571 818 1625 ὄντων
861 1573 1078 1644 ἀληθῶς
1104 1575 1198 1627 καί
1244 1573 1422 1626 πάντα
1455 1573 1661 1644 κυρίως
1690 1572 1765 1626 ὣν

175 1666 277 1719 καὶ
307 1664 450 1732 ὑπὲρ
473 1664 648 1718 πάντα
689 1664 840 1728 Θεός.
875 1666 938 1718 Εί
986 1665 1118 1733 γοῦν
1156 1668 1303 1719 πᾶσα
1351 1665 1469 1719 θεία
1509 1667 1650 1720 κατὰ
1675 1665 1767 1718 τὸν

174 1754 358 1825 ἀληθῆ
417 1754 576 1822 λόγον
621 1755 869 1825 ἐνέργεια
923 1754 1022 1808 τὸν
1074 1755 1210 1809 Θεὸν
1259 1755 1483 1827 άμερῶς
1530 1757 1649 1810 ὅλον
1697 1756 1764 1809 δι’

178 1845 388 1915 ἑαυτῆς
416 1846 475 1898 ὲν
491 1846 706 1916 ἑκάστῳ
731 1845 852 1900 καθ’
875 1847 1048 1918 ὅνπερ
1067 1849 1193 1901 τινὰ
1221 1849 1380 1916 λόγον
1405 1849 1554 1901 ἐστὶν
1585 1848 1768 1913 tamen;

179 1938 577 2008 ὑποσημαίνει,
624 1939 710 2002 τίς
763 1940 1006 2011 ἀκριϐῶς
1048 1943 1197 1994 ἐστιν
1239 1941 1269 1993 ὁ
1316 1941 1508 2010 νοῆσαί
1559 1958 1619 1994 τε
1674 1941 1769 1995 καὶ

177 2036 364 2086 εἰπεῖν
399 2034 719 2104 δυνάμενος,
771 2035 888 2098 πῶς
931 2036 988 2087 ἐν
1032 2036 1168 2089 πᾶσί
1197 2052 1256 2088 τε
1302 2035 1496 2099 κοινῶς
1533 2035 1652 2098 ὅλος
1676 2036 1770 2088 καὶ

179 2128 239 2179 ὲν
284 2127 506 2198 ἑκάστῳ
537 2127 646 2182 τῶν
701 2127 872 2181 ὄντων
926 2127 1268 2196 ἰδιαζόντως,-
1304 2128 1525 2201 ἀμερῶς
1565 2145 1626 2181 τε
1677 2129 1770 2181 καὶ

179 2217 504 2286 ἁμερίστως
528 2218 674 2270 ἐστὶν
697 2219 726 2270 ὁ
745 2218 896 2283 Θεὸς,
933 2220 1066 2289 μήτε
1088 2219 1347 2283 ποικίλως
1371 2219 1771 2273 συνδιαστελλόο

181 2323 355 2376 μενος
379 2311 497 2369 ταῖς
535 2309 643 2361 τῶν
683 2308 854 2362 ὄντων
897 2305 976 2372 οἷς
1007 2309 1217 2364 ἔνεστιν
1257 2311 1332 2374 ὡς
1361 2310 1436 2364 ὢν
1469 2311 1664 2381 (203
1701 2317 1769 2378 a)

181 2397 446 2468 ἀπείροις
492 2399 800 2468 διαφοραῖς,
864 2403 1002 2470 μήτε
1029 2396 1122 2455 οὖν
1175 2401 1598 2472 συστελλόμενος
1632 2404 1772 2455 κατά

181 2488 288 2559 τὴν
320 2489 416 2541 τοῦ
454 2489 573 2552 ἐνὸς
622 2491 929 2556 ἰδιάζουσαν
983 2491 1239 2562 ὓπαρξιν,
1301 2495 1437 2564 μήτε
1470 2493 1771 2546 συστέλλων

183 2579 337 2632 κατὰ
385 2579 485 2650 τὴν
542 2582 668 2651 μίαν
719 2583 938 2636 πάντων
993 2584 1179 2654 ἑνικὴν
1230 2584 1460 2655 ὀλότητα
1519 2585 1617 2648 τὰς
1666 2585 1772 2636 τῶν

181 2670 365 2723 ὅντων
394 2671 679 2741 διαφορᾶς,
718 2671 856 2724 ἀλλὰ
886 2673 1064 2726 πάντα
1087 2675 1144 2726 ὲν
1174 2674 1340 2727 πᾶσίν
1364 2675 1511 2727 ἐστιν
1534 2673 1769 2744 άληθῶς,

183 2762 215 2815 ὁ
246 2764 524 2834 μηδέποτε
556 2764 653 2834 τῆς
691 2765 897 2828 οἰκείας
947 2766 1190 2836 ἀμεροῦς
1228 2767 1530 2838 ἁπλότητος
1559 2769 1772 2832 ἐξιστά-

188 2873 392 2927 μενος;
426 2855 617 2922 Καλῶς
650 2853 744 2911 οὗν
787 2860 818 2910 ὁ
844 2857 1163 2922 διδάσκαλος
1193 2858 1298 2930 ἔφη
1328 2859 1426 2923 τὰς
1460 2859 1776 2930 ἀντιλήψεις

184 2948 284 3003 τοῦ
315 2950 446 3020 περὶ
472 2950 724 3020 Θεότητος
753 2949 910 3018 λόγου
943 2949 1143 3012 πολλὰς
1168 2947 1329 3012 εἶναι,
1358 2951 1416 3017 ἐξ
1437 2945 1513 3005 ὧν
1543 2952 1625 3004 ὅτι
1659 2951 1774 3003 ἐστὶ

193 3043 362 3110 μόνον
425 3043 556 3105 Θεὸς
608 3041 993 3110 διδασκόμεθα,
1057 3044 1150 3095 καὶ
1207 3044 1306 3107 τὰς
1357 3044 1538 3104 λύσεις
1597 3046 1772 3115 ὲργωο

1867 560 1929 606 ut
1961 567 2161 606 sensus
2192 551 2526 606 naturaliter
2575 553 2864 608 sensibilia
2909 555 3284 626 percipientes
3339 573 3438 613 ne-

1860 645 2107 698 cessario
2143 644 2348 698 multas
2375 659 2480 714 pro
2514 645 2838 715 receptione
2870 645 3081 702 faciunt
3114 658 3170 704 et
3191 649 3438 704 diversas

1858 750 2054 791 eorum
2085 753 2208 806 quae
2273 737 2566 807 subjaeent
2594 739 2854 794 sensibus
2882 748 2941 794 et
2971 741 3267 796 succidunt
3313 756 3430 810 pcr-

1861 827 2171 897 ceptiones,
2204 828 2284 882 sic
2317 828 2484 882 etiam
2513 845 2692 895 mens,
2711 845 2836 884 cum
2867 845 3062 885 omnes
3107 833 3438 886 naturaliter

1862 916 1922 971 in
1955 918 2125 972 rebus
2149 919 2392 974 rationes
2411 920 2706 989 percipiat,
2744 922 2796 974 in
2846 921 3049 992 quibus
3080 921 3316 976 inﬁnitis
3343 921 3437 975 Dei

1863 1012 2114 1067 actiones
2143 1012 2416 1068 intuendo
2439 1013 2643 1067 multas
2668 1014 2835 1068 eﬁicit
2867 1024 2924 1067 et
2965 1013 3230 1077 inﬁnitas,
3264 1024 3324 1068 ut
3347 1030 3442 1067 ve-

1866 1120 1990 1158 rum
2022 1103 2225 1167 dicam,
2252 1104 2566 1158 divinarum
2593 1120 2621 1158 a
2640 1111 2714 1158 se
2743 1114 3130 1173 perceptarum
3155 1105 3439 1158 actionum

1867 1199 2246 1267 virtutumque
2268 1197 2634 1262 differentias,
2669 1197 2885 1250 inﬁrma
2941 1205 3129 1251 utetur
3175 1197 3441 1250 nimirum

1867 1289 2127 1344 facultate
2173 1289 2502 1359 irritamque
2532 1289 2764 1343 habebit
2816 1303 2962 1342 vene
2997 1287 3249 1343 veritatis
3279 1287 3443 1341 inda-

1866 1379 2061 1450 gandae
2109 1379 2248 1432 artis
2298 1395 2412 1434 sua:
2471 1379 2616 1433 viam
2649 1387 2820 1448 atque
2850 1377 3146 1441 rationem,
3185 1393 3310 1431 cum
3358 1377 3444 1431 in-

1870 1471 2292 1542 telligerebaud
2321 1471 2796 1542 queatquomodo
2843 1470 2899 1524 in
2951 1483 3281 1538 unaquaque
3329 1467 3444 1522 sin-

1868 1567 2120 1635 gulorum
2155 1580 2504 1636 quorumque
2549 1563 2786 1627 ratione,
2816 1572 2872 1616 et
2931 1563 2986 1616 in
3023 1562 3239 1616 cunctis
3281 1560 3444 1615 simul

1870 1658 2074 1728 quibus
2106 1668 2308 1713 cuncta
2332 1659 2608 1712 exsistunt
2639 1657 2970 1720 rationibus,
3014 1656 3058 1710 is
3091 1656 3186 1725 qui
3253 1669 3446 1708 revera

1874 1753 2102 1806 interea
2132 1767 2253 1821 quae
2290 1759 2420 1805 sunt
2465 1765 2577 1804 non
2599 1759 2878 1810 censetur,
2912 1757 2968 1801 et
2999 1747 3185 1802 omnia
3217 1746 3444 1816 proprie

1871 1848 1962 1912 sit,
1992 1857 2047 1902 et
2080 1863 2246 1918 supra
2271 1847 2455 1901 omnia
2507 1848 2670 1900 Deus.
2707 1845 2872 1898 Certe
2909 1844 2953 1898 si
3005 1842 3187 1897 omnis
3233 1842 3443 1905 divina,

1873 1950 1933 1995 ut
1955 1956 2147 1994 verum
2174 1949 2280 2003 est,
2306 1940 2454 1993 actio
2485 1948 2543 1994 et
2575 1939 2754 1992 virtus
2805 1938 2976 1991 Deum
3029 1933 3318 1990 individue
3362 1941 3447 1986 to-

1875 2043 1992 2086 tum
2053 2049 2152 2102 per
2204 2035 2561 2101 semetipsam
2609 2031 2664 2084 in
2711 2041 3043 2099 unaquaque
3097 2042 3180 2092 re,
3227 2041 3448 2098 quaqua

1872 2125 2086 2181 ratione
2113 2126 2258 2180 inest
2310 2125 2534 2195 proprie
2591 2123 2884 2194 signiﬁcat,
2940 2121 3066 2191 quis
3107 2128 3362 2175 accurate
3393 2125 3450 2173 et

1873 2217 2184 2285 intelligere
2213 2225 2269 2270 et
2297 2231 2559 2270 enarrare
2587 2215 2814 2285 poterit,
2839 2212 3121 2283 quomodo
3148 2213 3201 2266 in
3231 2210 3451 2265 cunctis

1871 2310 2245 2363 communiter
2303 2319 2451 2364 totus
2508 2318 2565 2362 et
2621 2309 2676 2362 in
2720 2323 3055 2377 unoquoque
3089 2321 3284 2361 eorum
3329 2321 3452 2375 qua:

1871 2402 2270 2472 suntprivatim
2301 2403 2540 2473 partium
2566 2416 2768 2471 expers
2789 2407 2846 2455 et
2867 2401 3194 2455 individuus
3219 2399 3452 2453 exsistat

1874 2495 2042 2558 Deus,
2077 2511 2258 2565 neque
2307 2496 2460 2549 varie
2512 2509 2575 2548 ac
2618 2493 3006 2562 multipliciter
3048 2492 3312 2546 diductus
3344 2505 3452 2544 una

1874 2602 2000 2641 cum
2050 2603 2236 2642 rerum
2267 2588 2496 2657 quibus,
2553 2597 2612 2640 ut
2662 2587 2960 2650 exsistens,
3023 2587 3166 2640 inest
3220 2583 3456 2638 inﬁnitis

1875 2678 2227 2738 diﬁ‘erentiis,
2291 2691 2471 2747 neque
2514 2687 2832 2732 contractus
2889 2677 3193 2732 secundum
3255 2676 3456 2745 singuli

1876 2771 2146 2840 cujusque
2181 2772 2518 2838 peculiarem
2547 2770 2947 2832 exsistentiam,
2989 2780 3170 2838 neque
3232 2778 3456 2823 contra-

1878 2861 2018 2916 hens
2038 2861 2346 2915 secundum
2373 2877 2539 2916 unam
2563 2872 2891 2916 cunctorum
2927 2866 2982 2913 et
3007 2860 3339 2929 singularem
3375 2867 3458 2911 to-

1880 2953 2090 3006 titatem
2124 2967 2318 3007 eorum
2346 2968 2468 3022 qua:
2497 2959 2626 3005 sunt
2661 2951 3032 3014 diﬂerentias,
3066 2949 3162 3003 sed
3185 2948 3371 3002 omnia
3405 2947 3458 3000 iu

1879 3044 2138 3100 omnibus
2174 3059 2364 3098 revera
2391 3043 2621 3099 exsistat
2649 3044 2695 3098 is
2717 3043 2812 3114 qui
2861 3053 3145 3118 nunqum
3189 3041 3457 3111 peculiari

187 3133 476 3203 δατ-τέρας,
528 3134 589 3198 ἐξ
632 3129 707 3187 ὧν
763 3135 924 3186 πάλιν
977 3135 1029 3186 τί
1071 3135 1170 3187 οὐκ
1222 3135 1338 3188 ἐστι
1389 3136 1770 3206 μανθάνομεν⁹

1881 3153 1977 3192 sua
2003 3147 2059 3192 et
2091 3137 2380 3192 individua
2406 3138 2768 3208 simplicitate
2823 3135 3082 3221 excidat?
3119 3135 3265 3188 Bene
3291 3133 3456 3204 igitur

191 3225 337 3296 πρὸς
368 3225 430 3279 τὸ
456 3228 661 3280 παῦσαι
686 3229 1006 3300 περιεργίας
1035 3227 1344 3296 ἀνωφελοῦς
1383 3231 1477 3282 κει.)⁸
1507 3230 1666 3298 βλαόε
1678 3231 1776 3300 ρᾶς

190 3319 322 3381 τοὺς
358 3317 562 3388 ληπτὸν
603 3321 882 3389 οἰομένους
924 3321 984 3373 τὸ
1026 3321 1167 3373 θεῖον
1203 3324 1316 3383 τοῖς
1348 3321 1616 3384 διακένοις
1647 3323 1778 3376 ἀναο

192 3410 473 3478 πλασμοῖς
502 3411 598 3480 τῆς
629 3412 806 3464 αὐτων
834 3412 1095 3474 διανοίας,
1177 3411 1302 3465 οὐδὲ.
1332 3411 1390 3464 τὸ
1419 3412 1645 3483 ἔσχατον
1669 3413 1778 3466 τῶν

192 3503 252 3557 ἐν
281 3505 402 3565 τοῖς
428 3498 546 3557 οὖσι
581 3504 700 3556 καθ’
743 3504 801 3557 ὅν
827 3506 946 3556 ἐστι
985 3506 1078 3556 καὶ
1112 3504 1347 3574 ὑπάρχει
1375 3504 1530 3574 λόγον
1560 3506 1779 3576 άληθῶς

193 3595 318 3649 ἔστι
340 3594 562 3665 ληπτόν.

1882 3231 2144 3299 magister
2183 3231 2410 3286 deitatis
2433 3231 2663 3285 rationis
2702 3229 2906 3284 multas
2931 3243 3052 3283 esse
3075 3226 3461 3296 perceptiones

1881 3322 2042 3389 dixit,
2073 3323 2140 3377 de
2181 3324 2387 3393 quibus
2417 3324 2600 3378 solum
2637 3322 2792 3392 quod
2839 3322 2984 3374 Deus
3011 3321 3082 3373 sit
3131 3319 3460 3372 doceamur.-

1879 3416 2298 3486 solutionesque
2324 3415 2674 3486 operosiores
2689 3422 2744 3468 et
2774 3411 3136 3474 dilliciliores,
3169 3411 3239 3464 de
3261 3408 3463 3478 quibus

1881 3524 2076 3562 rursus
2098 3507 2232 3578 quid
2255 3523 2366 3562 non
2391 3509 2465 3562 sit
2487 3509 2800 3572 discamus;
2839 3523 2951 3576 quo
2983 3507 3054 3559 ab
3087 3503 3269 3558 inutili
3296 3503 3464 3571 atque

1881 3601 2081 3654 nociva
2113 3601 2437 3654 curiositate
2466 3609 2755 3654 revocaret
2806 3615 2903 3653 eos
2937 3598 3030 3667 qui
3087 3595 3339 3650 divinum
3366 3608 3463 3646 va-

194 3691 287 3744 nis
347 3690 700 3762 ingeniorum
765 3705 994 3747 suorum
1049 3691 1324 3761 ﬁgmentis
1377 3694 1850 3763 comprehendere
1889 3709 2052 3763 posse
2079 3694 2185 3748 sibi
2221 3696 2502 3759 videntur,
2546 3696 2753 3765 quibus
2804 3711 2870 3748 ne
2934 3693 3188 3746 ultimum
3235 3687 3461 3760 quidem

194 3799 400 3841 eorum
431 3800 553 3862 qua:
577 3796 706 3842 sunt
757 3802 867 3858 qua
893 3785 965 3840 sit
1014 3787 1232 3842 ratione
1291 3799 1348 3840 et
1383 3788 1614 3842 exsistat
1646 3803 1774 3841 vere
1815 3790 2210 3858 comprehendi
2243 3798 2447 3860 potest.

210 3978 320 4031 Ἐκ
364 3976 470 4029 τοῦ
495 3975 627 4044 περὶ
669 3976 806 4032 Υίοῦ
845 3976 1079 4046 πρώτου
1112 3977 1320 4046 λόγου,
1362 3979 1450 4060 εἰς
1497 3976 1585 4040 τὸ,
1625 3999 1646 4020 ο
1682 3977 1782 4028 Διὰ

268 4068 451 4125 τοῦτο
489 4070 676 4139 μονὰς
718 4069 820 4124 ἀπ’
865 4067 1059 4137 ἀρχῆς
1105 4071 1194 4135 είς
1236 4068 1429 4123 δυάδα
1470 4067 1779 4135 κινηθεῖσα

263 4161 448 4234 μέχρι
477 4160 715 4231 Τριόδος
743 4163 893 4229 ἔστη
920 4161 1053 4231 (10).
1088 4179 1107 4212 ι

270 4277 393 4330 Πᾶν
440 4277 581 4330 κατά
627 4275 788 4345 φύσιν
846 4275 1165 4344 κινούμενον
1210 4275 1278 4328 δι’
1325 4277 1506 4328 αἰτίαν
1565 4276 1781 4339 πάντως

201 4373 462 4433 κινεῖται,
503 4369 597 4422 καὶ
623 4370 733 4421 πᾶν
753 4368 814 4421 τὸ
839 4367 905 4420 δι’
940 4367 1126 4420 αἰτίαν
1158 4368 1476 4437 κινουμένου
1509 4369 1575 4421 δι’
1601 4368 1782 4421 αἰτίαν

206 4465 426 4525 πάντως
472 4461 566 4515 καὶ
627 4461 764 4526 ἔστι,
801 4461 911 4513 πᾶν
955 4461 1014 4514 δὲ
1051 4460 1112 4513 τὸ
1157 4461 1226 4512 δι’
1270 4461 1451 4514 αἰτίαν
1493 4461 1551 4513 ὃν
1591 4461 1685 4513 καὶ
1717 4460 1782 4512 δι’

1887 3977 1968 4030 Ex
1997 3979 2170 4047 primo
2215 3978 2278 4030 de
2338 3975 2472 4029 Filio
2513 3991 2774 4037 sermone,
2843 3975 2896 4026 in
2932 3972 3108 4026 illud:
3147 3991 3165 4023 ι
3203 3969 3464 4034 Quocirca

1955 4071 2135 4123 unitas
2176 4071 2434 4140 principio
2465 4071 2519 4122 in
2576 4069 2841 4122 binarium
2897 4076 3039 4121 motu
3102 4066 3156 4117 in
3209 4064 3466 4117 Trinitate

1952 4163 2205 4216 constitit.
2235 4183 2254 4213 ι

1951 4255 2331 4322 Quodcunque
2381 4250 2688 4306 secundum
2745 4257 2999 4303 naturam
3044 4256 3332 4312 movetur,
3367 4260 3464 4300 ue-

1882 4363 2036 4404 cesse
2083 4356 2170 4401 est
2219 4353 2279 4399 ut
2331 4345 2397 4400 de
2451 4360 2614 4398 causa
2669 4351 2978 4406 moveatur,
3011 4347 3067 4395 et
3096 4339 3468 4410 quodcunque

1883 4442 1951 4495 de
2011 4455 2176 4494 causa
2215 4447 2489 4502 movetur,
2526 4452 2750 4491 necesse
2787 4446 2871 4491 est
2901 4443 2959 4488 ut
2995 4437 3061 4490 de
3093 4447 3256 4486 mulsa
3300 4434 3466 4487 etiam

205 4551 388 4605 αέτῖαν
432 4552 744 4622 κινούμενον
778 4550 948 4622 ἀρχὴν
993 4551 1089 4621 μὲν
1118 4548 1230 4620 εἶχε
1272 4553 1489 4614 πάντως
1518 4551 1612 4604 τοῦ
1645 4546 1772 4602 εἶναι

1885 4540 2158 4594 exsistat;
2217 4529 2587 4597 quodcunque
2640 4543 2772 4581 vero
2822 4529 2888 4581 de
2926 4544 3088 4582 causa
3137 4527 3355 4582 exsistit
3386 4533 3470 4578 at-'

206 4644 306 4714 τὴν
345 4642 410 4696 δι’
447 4642 515 4712 ἢν
547 4645 658 4694 ἐστι
691 4645 785 4696 καὶ
809 4644 866 4710 ἐξ
888 4637 955 4715 ἥς
982 4644 1115 4714 πρὸς
1146 4645 1204 4696 τὲ
1240 4638 1380 4696 εἶναι
1405 4642 1543 4713 ἧχοη
1577 4642 1780 4704 αἰτίαν,

207 4733 361 4798 τέλος
389 4734 445 4786 δὲ
467 4732 560 4786 τοῦ
594 4735 863 4787 κινεῖσθαι
889 4734 988 4806 τὴν
1026 4735 1196 4806 αὐτὴν
1237 4735 1304 4788 δι’
1335 4735 1401 4806 ῆν
1429 4737 1658 4788 κινεῖται
1690 4735 1784 4787 καὶ

207 4831 347 4902 πρὸς
379 4830 446 4900 ἣν
473 4826 761 4894 ἐπείγεται
798 4828 999 4882 αἰτίαν.
1029 4830 1142 4881 Πᾶν
1184 4829 1241 4881 δὲ
1279 4829 1339 4882 τὸ
1370 4828 1435 4881 δι’
1476 4828 1656 4880 αἰτίαν
1688 4825 1784 4880 καὶ

205 4923 265 4976 ὃν
300 4921 394 4974 καὶ
424 4917 740 4990 κινούμενον
785 4919 882 4972 καὶ
922 4919 1147 4991 γενητὸν
1196 4922 1434 4983 πάντως.
1493 4921 1552 4973 El
1594 4919 1650 4972 δὲ
1687 4917 1781 4972 τοῦ

208 5009 532 5081 κινουμένου
557 5008 713 5072 τέλος
747 5009 894 5062 ἐστίν
943 5010 976 5081 ἠ
1019 5010 1087 5063 δι’
1135 5011 1202 5080 ἣν
1246 5013 1478 5063 κινεῖται
1527 5011 1697 5072 αἰτία,
1749 5011 1783 5079 ὴ

208 5104 344 5174 αὐτὴ
398 5103 616 5158 πάντως
669 5102 786 5154 ἐστὶ
835 5103 899 5171 τῇ
959 5101 1024 5154 δι’
1061 5103 1125 5173 ἢν
1165 5102 1458 5172 γεγένηται
1494 5104 1588 5155 καὶ
1636 5103 1782 5155 ἔστιν

209 5200 380 5270 αἰτία.
415 5196 526 5250 Μία
552 5189 646 5248 οὖν
670 5193 779 5266 ἄρα
815 5195 1029 5258 πάντως
1060 5195 1155 5248 τοῦ
1187 5194 1438 5249 ὁπωσοῦν
1491 5196 1644 5258 ὄντος
1690 5196 1784 5248 καὶ

209 5292 530 5362 κινουμένου
560 5292 702 5344 κατὰ
741 5289 904 5358 φύσιν
931 5290 1006 5352 ὡς
1040 5290 1184 5360 ἀρχὴ
1213 5292 1308 5343 καὶ
1340 5291 1494 5354 τέλος
1526 5290 1675 5344 αἰτία
1717 5289 1783 5343 δι’

209 5385 280 5456 ἢν
305 5385 400 5438 καὶ
427 5383 543 5437 ἔσει
573 5384 666 5437 καὶ
697 5386 928 5436 κινεῖται
971 5385 1078 5437 πᾶν
1109 5379 1169 5435 τὸ
1202 5381 1261 5435 ὃν
1309 5383 1403 5436 καὶ
1438 5380 1779 5452 κινούμενον.

211 5476 545 5548 Δραστήριος
603 5473 709 5546 γὰρ
756 5473 1076 5544 ὑπάρχουσα
1127 5473 1358 5543 δύναμις
1404 5473 1498 5525 καὶ
1539 5475 1684 5523 ποιεῖ
1717 5474 1785 5524 τὰ

1887 4635 1993 4690 que
2027 4620 2094 4672 de
2131 4635 2294 4672 causa
2330 4627 2601 4678 movetur,
2651 4618 2870 4671 initium
2925 4635 3147 4688 quoque
3199 4622 3470 4675 exsisten-

1887 4713 1975 4766 tite
2017 4720 2078 4766 ut
2123 4711 2324 4765 habeat
2379 4721 2604 4763 necesse
2670 4715 2755 4764 est
2816 4727 2934 4764 eam
2992 4727 3090 4780 per
3141 4727 3303 4782 quam
3371 4722 3467 4766 ex-

1886 4806 2032 4861 sistit
2083 4813 2138 4860 et
2170 4821 2236 4858 ex
2281 4820 2389 4874 qua
2441 4805 2507 4859 ad
2567 4804 2946 4858 exsistentiam
3009 4805 3172 4859 ducta
3221 4814 3305 4858 est
3338 4819 3462 4858 ean-

1888 4912 2028 4961 sam,
2056 4898 2218 4950 linem
2251 4911 2383 4950 vero
2419 4896 2682 4950 motionis
2708 4895 2966 4950 eamdem
3003 4912 3108 4965 qua
3143 4904 3467 4950 moveturet

1889 4991 1958 5046 ad
1989 5006 2150 5060 quam
2171 4999 2432 5060 properat
2455 5004 2704 5043 causam.
2745 4989 3126 5056 Quodcunque
3163 4997 3348 5041 autem
3369 5004 3468 5058 per

1890 5096 2112 5136 causam
2135 5092 2190 5135 et
2229 5088 2313 5134 est
2342 5089 2397 5134 et
2436 5087 2694 5132 movetur
2727 5077 2934 5130 factum
2973 5086 3031 5130 ut
3071 5076 3145 5131 sit
3190 5076 3316 5130 item
3373 5091 3468 5131 ne—

1885 5190 2040 5230 cesse
2077 5182 2184 5228 est.
2237 5172 2396 5238 Quod
2456 5172 2502 5226 si
2548 5173 2672 5242 ejus
2725 5170 2871 5239 quod
2929 5180 3182 5223 movetur
3223 5167 3348 5223 ﬁnis
3382 5179 3470 5223 est

1887 5283 2053 5323 causa
2083 5283 2181 5337 per
2215 5281 2378 5335 quam
2431 5271 2708 5324 ῐηοτειυτ,
2768 5276 2994 5315 necesse
3025 5270 3111 5314 CSl
3157 5259 3351 5314 eadem
3397 5261 3467 5314 εἰι

1886 5374 2050 5414 causa
2077 5371 2362 5426 perquam
2416 5351 2620 5409 factum
2648 5361 2836 5406 est'et
2890 5351 3128 5405 exsistit.
3168 5351 3312 5421 Ergo
3358 5363 3468 5403 una

1886 5451 2120 5504 omnino
2143 5457 2230 5502 est
2263 5448 2382 5517 ejus
2406 5446 2554 5516 quod
2589 5453 2869 5512 utcunque
2893 5444 3109 5499 exsistit.
3137 5454 3188 5497 et
3216 5443 3472 5495 movetur

1476 5592 1714 5648 VARle
1761 5592 2053 5648 LECTIUN
2065 5593 2166 5646 ES.

303 5669 347 5700 "
368 5667 596 5721 ἑκάστου
631 5666 755 5720 c'od.
777 5664 918 5719 Gud.

285 5760 395 5834 (I0)
423 5760 582 5832 Greg.
613 5759 742 5814 Νη.
783 5757 873 5814 Or.
913 5758 1085 5813 Theo].
1118 5759 1209 5816 ΠΙ.
1244 5759 1306 5811 de
1342 5757 1494 5826 Filio,
1525 5775 1644 5828 cap.
1683 5759 1734 5823 '2,
1768 5776 1820 5830 p.
1856 5759 1978 5822 524,
2019 5767 2146 5812 tom.
2177 5751 2518 5828 l0pp.‘edit.
2545 5748 2742 5810 Bcned.

415 5857 667 5915 ΡΑτιιοι.
734 5853 852 5912 (in.
896 5851 1056 5912 XCI.

2957 5839 3032 5902 ΕΟ
