4026 6288
609 347 744 412 1259

1771 336 1835 396 S.
1875 329 2163 396 MAXIMI
2203 327 2716 394 CONFESSORIS

3705 333 3816 401 ιειο

617 455 926 515 secundum
981 462 1239 511 naturam
1270 462 1333 506 ut
1365 447 1585 504 initium
1615 454 1672 501 et
1707 443 1832 501 ﬁnis
1871 459 2040 501 causa
2085 458 2188 514 per

2295 443 2548 513 γινόμενα
2578 444 2904 515 θεοπρεπῶς
2935 444 3012 508 ὡς
3043 445 3186 516 ἀρχὴ
3213 443 3308 498 καὶ
3349 437 3714 514 προϐάλλεται,
3744 450 3818 501 καὶ

605 565 768 621 quam
786 557 844 604 et
871 554 959 605 est
986 555 1043 602 et
1071 551 1332 601 movetur
1353 540 1727 612 quodcunque
1765 547 1851 594 est
1892 544 1954 592 et
1996 550 2188 590 move-

607 652 723 698 tur.
759 642 1002 698 Strenua
1022 639 1170 694 enim
1192 645 1251 692 et
1281 634 1470 692 elﬁcax
1497 648 1620 688 cum
1653 631 1736 687 vis
1776 630 1869 694 sit,
1897 630 2014 684 Deo
2056 642 2189 682 con-

607 733 900 788 venienter
923 739 1033 784 tam
1062 728 1230 785 eﬁici-t
1263 743 1327 782 ea
1353 741 1474 796 quae
1529 724 1688 788 ﬁunt,
1749 732 1810 777 ut
1858 720 2103 782 initium,
2131 724 2189 771 et

607 820 893 892 producit,
929 833 1097 889 quam
1133 815 1306 872 trahit
1359 813 1726 885 providenter
1781 826 1848 865 ea
1882 824 2010 880 quae
2063 821 2185 863 mo-

609 922 831 978 ventur,
857 920 919 966 ut
953 909 1289 978 ﬁnis,atque
1317 906 1596 962 terminat.
1647 905 1765 959 Jam
1801 903 1848 957 si
1897 900 2187 971 quodcun-

609 1022 718 1078 que
744 1013 1000 1060 movetur
1029 1000 1315 1056 etfactum
1358 1007 1442 1052 est
1491 1013 1588 1067 per
1615 1011 1840 1050 causam
1889 992 2105 1048 exsistit
2131 999 2188 1046 et

612 1105 871 1152 movetur
901 1103 958 1149 et
982 1095 1191 1148 factum
1226 1101 1330 1155 est,
1397 1089 1648 1159 sequitur
1681 1098 1741 1141 ιιι
1792 1102 1894 1141 nec
1927 1085 2185 1140 eﬂ‘ectum

611 1188 685 1242 sit
717 1185 1095 1257 quodcunque
1116 1182 1455 1238 exsistentize
1477 1195 1696 1235 causam
1736 1178 1904 1232 habet
1955 1178 2183 1241 nullam,

611 1293 715 1332 nec
737 1276 943 1331 mobile
978 1275 1068 1329 sit.
1101 1274 1221 1329 Non
1285 1273 1434 1328 enim
1462 1281 1726 1327 movetur
1766 1270 1992 1325 onmino
2038 1270 2187 1340 quod

611 1366 950 1422 exsistentiae
976 1381 1144 1420 causa
1169 1375 1344 1420 caret.
1376 1365 1431 1420 Si
1457 1375 1636 1419 autem
1669 1363 1817 1434 quod
1853 1379 2016 1418 causa
2037 1369 2190 1417 caret

612 1458 754 1514 idem
783 1465 934 1512 caret
951 1456 1482 1528 motione,sequitur
1517 1467 1577 1512 ut
1602 1456 1852 1510 divinum
1887 1455 1958 1511 sit
1989 1455 2188 1509 immo-

609 1547 738 1613 bile,
757 1545 906 1616 quod
925 1545 1264 1601 exsistentiae
1283 1562 1395 1601 suae
1411 1561 1632 1601 causam
1656 1561 1765 1600 non
1792 1545 1959 1601 habet
1981 1559 2190 1600 rerum-

608 1656 715 1710 que
741 1656 864 1709 qua:
894 1648 1024 1694 sunt
1050 1639 1296 1695 omnium
1329 1655 1496 1695 causa
1518 1648 1621 1695 est.
1660 1639 1944 1706 Quomodo
1997 1639 2187 1710 igitur,

608 1729 844 1784 fortasse
875 1729 1107 1799 aliquis
1137 1729 1530 1802 interrogabit,
1565 1730 1919 1786 admirabilis
1959 1730 2053 1786 hic
2085 1730 2188 1785 do-

608 1830 729 1876 ctor
766 1831 1024 1890 tanquam
1056 1822 1260 1877 mobile
1298 1824 1606 1879 introducit
1633 1825 1811 1880 Deum
1867 1823 1926 1878 in
1976 1837 2190 1894 praepo-

609 1913 773 1968 sitis?
799 1913 898 1967 Cui
935 1913 1402 1983 respondebimus
1426 1916 1576 1984 quod
1601 1926 1832 1972 noverat
1861 1917 2055 1986 procul
2082 1916 2190 1971 du-

610 2003 739 2060 bio:
781 2005 941 2059 Ratio
992 2007 1260 2077 cujusque
1301 2008 1438 2062 artis
1483 2023 1841 2075 conservans,
1885 2008 2190 2064 immobilis

609 2097 834 2153 omnino
862 2097 930 2151 ad
955 2112 1016 2152 se
1047 2114 1297 2165 manens,
1337 2110 1399 2154 ut
1429 2102 1685 2172 exemplo
1714 2115 1860 2167 utar,
1916 2118 2041 2156 cum
2091 2117 2191 2172 per

609 2188 856 2258 singulas
917 2191 1127 2245 formas
1172 2207 1368 2245 eorum
1414 2208 1536 2261 quae
1595 2192 1663 2247 ad
1711 2193 1964 2248 eamdem
2013 2203 2186 2249 artem

611 2282 895 2351 pertinent
949 2281 1248 2347 formatur,
1281 2282 1494 2336 moveri
1527 2283 1736 2338 dicitur
1776 2285 1984 2354 potius,
2041 2285 2190 2355 quod

612 2373 922 2427 secundum
959 2389 1019 2428 se
1051 2383 1240 2428 movet
1287 2373 1340 2427 id
1383 2373 1534 2443 quod
1590 2383 1708 2428 arte
1731 2375 1987 2440 eﬁicitur,
2024 2391 2191 2445 quam

611 2463 759 2532 quod
791 2465 1068 2519 movendo
1098 2474 1382 2534 appareat,
1405 2465 1515 2526 vel,
1538 2474 1599 2519 ut
1628 2467 1721 2520 lux
1749 2483 1872 2536 quae
1895 2467 1962 2522 ad
1993 2467 2191 2523 viden-

609 2555 742 2608 dum
800 2563 986 2609 movet
1025 2556 1206 2610 visum
1246 2556 1452 2612 dicitur
1505 2559 1740 2624 moveri,
1785 2575 1915 2614 cum
1963 2575 2192 2616 movens

609 2647 792 2702 omnis
813 2647 968 2702 visus
1011 2649 1236 2718 proprie
1281 2664 1448 2705 causa
1485 2652 1558 2706 sit
1606 2652 1781 2724 magis
1831 2667 1995 2721 quam
2041 2652 2190 2723 quod

612 2748 895 2803 movetur,
927 2741 1004 2794 ita
1037 2750 1095 2795 et
1121 2740 1374 2796 divinum
1403 2745 1564 2813 plane
1586 2745 1868 2801 immobile
1919 2747 2192 2805 exsistens

615 2845 719 2898 pro
743 2832 990 2886 essentia
1014 2847 1111 2886 sua
1158 2841 1326 2903 atque
1362 2843 1582 2897 natura,
1606 2845 1798 2907 utpote
1831 2838 2112 2895 inﬁnitum
2136 2849 2194 2896 et

608 2934 721 2974 non
753 2919 1033 2976 ali‘ectum-
1064 2930 1124 2976 et
1182 2924 1627 2992 interminatum,
1673 2937 1936 2998 tanquam
1989 2931 2192 3000 aliquis

607 3011 832 3068 conscia
862 3013 1003 3069 ratio
1024 3030 1214 3071 rerum
1246 3033 1367 3087 quae
1396 3030 1526 3074 sunt
1566 3021 1840 3077 essentias
1871 3021 2191 3079 inhabitans

2292 532 2440 587 ἕλκει
2469 534 2538 588 τά
2562 536 2863 606 κινούμενα
2885 536 3260 608 προνοητικῶς
3298 534 3381 599 ὡς
3422 535 3574 598 τέλος
3600 537 3686 589 καὶ
3725 539 3820 608 apt.

2290 623 2374 690 ζει
2409 624 2591 698 (203
2621 628 2651 681 ὁ
2670 629 2710 698 ).
2736 628 2798 681 Et
2846 627 2904 682 δὲ
2946 629 3054 680 πᾶν
3082 626 3407 697 κινούμενον
3436 629 3530 680 καὶ
3557 629 3756 697 γενητὸν
3770 630 3824 682 δι’

2291 719 2469 774 αἰτίαν
2491 719 2610 772 ἔστι
2631 737 2690 772 τε
2726 719 2821 774 καὶ
2851 723 3082 774 κινεῖται
3120 721 3215 772 καὶ
3239 719 3557 790 γεγένηται,
3586 723 3684 773 πᾶν
3709 721 3734 773 δ
3766 725 3824 792 μὴ

2288 811 2354 864 δι’
2390 811 2570 866 αἰτίαν
2608 813 2760 866 ἐστὶν
2803 813 2926 866 οὐδὲ
2975 813 3204 882 ποιητόν
3255 811 3428 873 ἐστιν,
3482 811 3600 864 οὐδὲ
3646 813 3824 881 κινητὸν

2287 902 2553 974 δηλονότι.
2615 905 2691 957 Οὐ
2743 904 2850 976 γὰρ
2897 905 3133 958 κινεῖται
3181 903 3242 956 rb
3279 904 3594 956 παντάπασι
3636 903 3701 971 μὴ
3731 902 3824 972 ἔχον

2288 994 2382 1048 τοῦ
2410 992 2552 1048 εἶναι
2584 996 2787 1049 αἰτίαν.
2814 997 2878 1049 Ei
2915 996 2972 1049 δὲ
3015 997 3076 1049 rb
3108 996 3354 1050 ἀναίτιον
3382 993 3598 1057 πάντως
3627 995 3712 1047 καὶ
3733 995 3826 1046 ἀπιξ-

2289 1103 2471 1156 νητον,
2507 1087 2765 1157 ἀκίνητον
2793 1085 2902 1159 ἄρα
2931 1087 2994 1140 τὸ
3024 1087 3208 1150 Θεῖον,
3260 1086 3338 1149 ὡς
3385 1084 3478 1139 τοῦ
3518 1079 3647 1137 εἶναι
3689 1085 3821 1154 μηδε-

2294 1179 2424 1248 μίαν
2455 1177 2581 1248 έχον
2634 1178 2840 1242 αἰτίαν,
2882 1179 2980 1233 καὶ
3009 1178 3231 1233 πάντων
3279 1177 3392 1232 τῶν
3435 1177 3600 1229 ὅντων
3622 1177 3824 1246 ὑπάρχον

2290 1269 2458 1324 αἰτία.
2521 1268 2646 1333 Πῶς
2673 1265 2786 1337 οὖν,
2833 1270 2965 1334 ἴσως
3016 1271 3132 1341 ἐρεῖ
3159 1287 3265 1334 τις,
3308 1269 3340 1321 ὁ
3381 1267 3678 1338 θαυμαστὸς
3703 1263 3824 1331 οὗτος

2290 1361 2613 1426 διδάσκαλος
2638 1361 2957 1433 κινούμενον
2987 1363 3198 1432 εἰσάγει
3238 1362 3298 1415 rb
3330 1362 3490 1414 Θεῖον
3524 1363 3581 1413 έν
3605 1363 3702 1422 τοῖς
3721 1375 3823 1425 προ-

2291 1454 2500 1508 τεθεϊσι
2528 1471 2542 1520 ;
2578 1455 2722 1527 Πρὸς
2761 1455 2820 1508 ὃν
2851 1455 3087 1526 ἐροῦμεν
3117 1456 3201 1508 ὅτι
3243 1455 3456 1518 παντὸς
3502 1453 3688 1525 μᾶλλον
3716 1453 3819 1524 ᾔδει,

2290 1545 2352 1600 τό
2377 1560 2389 1573 '
2435 1545 2704 1617 Ἐκάστης
2759 1545 2955 1616 τέχνης
3008 1546 3325 1609 συνεκτικὸς
3385 1545 3564 1614 λόγος,
3622 1545 3824 1614 ἀκίνητος

2297 1635 2477 1708 μένων
2526 1637 2881 1692 παντάπασιν
2932 1637 3016 1706 ἐφ’
3051 1637 3269 1701 ἑαυτὸν,
3324 1637 3418 1690 ἵνα
3474 1636 3822 1707 παραδείγματι

2293 1729 2614 1801 χρήσωμαι,
2670 1728 2792 1782 καθ’
2845 1727 3084 1782 ἕκαστον
3113 1725 3256 1793 εἶδος
3285 1729 3397 1782 τῶν
3438 1730 3544 1783 ὑπὸ
3566 1731 3656 1799 τὴν
3694 1728 3825 1796 αὐτὴν

2294 1821 2491 1893 τέχνην
2543 1821 2948 1894 μορφούμενος,
2999 1823 3274 1877 κινεῖσθαι
3324 1823 3552 1892 λέγεται
3594 1821 3662 1893 τῷ
3697 1825 3826 1875 κινεῖν

2299 1915 2504 1987 μᾶλλον
2538 1915 2662 1968 καθ’
2697 1915 2890 1970 ἑαυτὸν
2936 1917 2998 1970 τὸ
3032 1917 3402 1988 τεχνοὺμενον
3429 1918 3462 1989 ἢ
3499 1917 3575 1987 τῷ
3611 1916 3826 1970 κινεῖσθαι

2299 2009 2733 2080 προφαινόμενος
2755 2026 2769 2041 ο
2822 2010 2878 2080 ἢ,
2917 2010 2994 2074 ὡς
3039 2011 3156 2080 φῶς
3188 2011 3325 2082 πρὸς
3384 2010 3448 2063 rb
3481 2012 3610 2082 όρᾷν
3635 2010 3826 2081 τὴνδφιν

2296 2100 2466 2153 κινῶν
2493 2098 2715 2167 λέγεται
2767 2099 3058 2163 κινεῖσθαι,
3095 2101 3382 2169 κινητικὸν
3423 2101 3656 2170 ὑπάρχον
3689 2101 3827 2166 πάσης

2296 2193 2474 2263 ὅψεως
2503 2192 2713 2264 κυρίως
2740 2193 2888 2265 ἥπερ
2917 2193 3160 2264 κινητὸν,
3189 2192 3337 2246 οὕτω
3375 2193 3476 2246 καὶ
3501 2193 3560 2245 rb
3579 2185 3713 2246 Θείον
3735 2193 3828 2245 ἀκί-

2297 2301 2459 2355 νητον
2491 2285 2666 2356 πάντη
2718 2285 2840 2338 καθ’
2889 2283 3077 2338 οὐσίαν
3125 2285 3223 2337 καὶ
3269 2283 3443 2352 φύσιν
3494 2284 3732 2354 ὑπάρχον,
3769 2281 3826 2343 ὡς

2297 2379 2527 2450 ἄπειρον
2555 2378 2652 2432 καὶ
2682 2377 2911 2448 ἄσχετον
2945 2378 3036 2432 καὶ
3064 2378 3340 2449 ἀόριστον,
3372 2379 3628 2441 οἱονείτις
3652 2380 3826 2445 ἐπιδ-τηε

2301 2472 2522 2542 μονικὺς
2589 2470 2749 2540 λόγος
2801 2472 3127 2544 ἐνυπάρχων
3169 2475 3292 2535 ταῖς
3328 2472 3448 2526 τῶν
3481 2470 3826 2530 δντωνοὺσθιις

2297 2561 2517 2630 λέγεται
2557 2560 2852 2626 κινεῖσθαι,
2888 2562 2966 2633 τῷ
3005 2566 3172 2615 κινεῖν
3234 2563 3612 2635 προνοητικῶς
3648 2561 3826 2613 ἕκαστον

2295 2654 2406 2710 τῶν
2435 2654 2608 2708 ὄντων
2638 2654 2761 2708 καθ’
2794 2653 2854 2708 ὃν
2899 2654 3176 2708 κινεῖσθαι
3209 2655 3430 2724 πέφυκε
3469 2654 3638 2723 λόγον,
3676 2650 3825 2712 nidi;

2299 2747 2473 2802 αἴτιον
2509 2747 2690 2801 πάντα
2715 2746 2786 2800 τὰ
2825 2747 3284 2818 κατηγορούμενα
3315 2748 3469 2800 κατὰ
3502 2745 3607 2798 τῶν
3634 2738 3696 2797 ὧν
3717 2744 3826 2795 ἐστιν

2297 2843 2468 2896 αἴτιον
2494 2839 2720 2904 ἀπαθῶς
2755 2840 3167 2910 ἀναδεχόμενον.
3210 2840 3516 2894 ’Δνελείται
3549 2838 3688 2892 τοῦτο
3704 2835 3824 2908 Cati}-

2300 2949 2399 2996 σας
2443 2933 2473 2984 ὁ
2521 2932 2839 3002 θεοφάντωρ
2902 2933 2998 2984 καὶ
3058 2933 3236 3002 μέγας
3287 2930 3675 3002 Ἀρεοπαγίτης
3711 2926 3826 2993 uno;

2298 3021 2580 3086 Διονύσιος
2615 3025 2673 3074 ὲν
2701 3015 2782 3086 οἷς
2820 3038 2975 3092 φησι·
3017 3043 3034 3075 ι
3061 3021 3125 3075 Τί
3165 3022 3368 3095 δήποτε
3411 3023 3476 3076 rb
3507 3022 3649 3075 Θεῖον
3678 3017 3823 3072 0!an-

610 3102 1077 3171 moveridicitur,
1109 3107 1479 3176 providenter
1532 3127 1725 3166 eorum
1773 3129 1898 3183 quae
1923 3124 2053 3170 sunt
2098 3130 2190 3171 se-

614 3194 848 3217 ‘--__I____
892 3211 1039 3217 __--__
1093 3215 1159 3217 HM
1404 3201 1417 3217 ι
1909 3216 1912 3217 ,
2107 3207 2118 3217 ι

2298 3115 2448 3184 λόγοι
2488 3116 2620 3169 ποτὲ
2671 3116 2772 3186 μὲν
2828 3115 3029 3187 ἔρωτα,
3080 3115 3213 3168 ποτὲ
3261 3114 3319 3168 δὲ
3370 3116 3613 3184 ἀγάπην,
3645 3110 3751 3164 ποτὲ
3782 3107 3823 3158 δὲ

609 3194 853 3251 cundum
889 3211 1046 3252 suam
1093 3201 1533 3272 unumquodque
1563 3219 1672 3273 qua
1703 3216 1990 3262 moveatur
2017 3207 2190 3264 ratio-

607 3305 738 3345 nem
762 3290 1060 3359 movendo,
1091 3301 1245 3359 et,ut
1275 3309 1461 3360 causa,
1487 3311 1830 3368 quaecunque
1857 3298 1925 3354 de
1945 3299 2013 3355 iis
2055 3316 2194 3371 quo-

609 3397 735 3436 rum
765 3391 846 3437 est
878 3397 1044 3438 causa
1072 3384 1471 3454 praadicantur,
1493 3386 1613 3442 sine
1629 3388 1830 3443 aﬁ‘ectu
1855 3391 2190 3461 recipiendo.

608 3471 769 3541 Quod
791 3475 1298 3531 commendandum
1330 3480 1602 3549 suscipiet
1624 3484 1718 3550 qui
1744 3480 1798 3534 in
1824 3482 1911 3537 his
1936 3499 2192 3553 quaeren-

609 3563 697 3621 dis
717 3566 964 3621 studium
999 3569 1186 3638 posuit
1215 3569 1444 3640 divinus
1489 3581 1546 3626 et
1576 3587 1808 3643 magnus
1870 3582 2025 3631 vates
2067 3591 2194 3630 san-

609 3665 736 3714 ctus
756 3660 1061 3733 Dionysius
1087 3662 1444 3734 Areopagita,
1474 3663 1569 3719 ubi
1606 3665 1719 3721 ait:
1755 3686 1772 3717 ι
1795 3667 1940 3734 Quid
1970 3669 2192 3724 tandem

611 3751 854 3824 theologi
893 3753 1207 3824 signiﬁcare
1234 3757 1447 3821 volunt,
1481 3773 1608 3811 cum
1642 3758 1892 3814 divinum
1950 3759 2192 3826 Numen,

609 3859 760 3900 nunc
800 3861 1068 3911 amorem,
1099 3862 1248 3902 nunc
1275 3849 1630 3915 charitatem,
1681 3867 1831 3906 nunc
1879 3853 2116 3908 amabile
2139 3863 2195 3909 et

609 3935 840 3991 charum
871 3938 1111 3992 vocant?
1135 3957 1153 3990 ι
1186 3938 1561 4004 ρυιεειὶοιιεω
1588 3940 1827 3997 absolvit
1859 3943 1947 3999 bis
1971 3944 2193 4000 verbis:

613 4048 633 4082 ι
667 4029 826 4096 Quod
866 4030 957 4084 hic
995 4039 1272 4097 movetur,
1314 4032 1429 4088 illic
1479 4044 1708 4100 movet;
1740 4054 1758 4086 ι
1795 4044 1963 4106 atque
1994 4045 2056 4092 ut
2103 4038 2192 4092 lu-

608 4121 886 4176 culentius
915 4122 1125 4178 dicam:
1163 4124 1320 4178 Nunc
1372 4140 1527 4179 amor
1577 4125 1831 4180 divinum
1882 4136 1968 4183 est
2024 4136 2193 4199 atque

609 4212 855 4268 charitas
878 4221 934 4266 et
951 4221 1224 4281 movetur,
1245 4232 1392 4271 nunc
1412 4217 1649 4272 amabile
1670 4226 1829 4273 estet
1851 4219 2104 4285 charum,
2138 4231 2195 4275 et

611 4315 798 4360 movet
817 4306 885 4360 ad
913 4323 973 4362 se
999 4322 1340 4378 quaecunque
1373 4325 1618 4364 amorem
1653 4319 1820 4380 atque
1853 4313 2188 4369 charitatem

611 4397 868 4469 capiunt;
915 4407 972 4453 et
1010 4409 1071 4454 ut
1122 4417 1315 4456 rursus
1374 4403 1628 4472 apertius
1668 4403 1887 4458 dicam:
1943 4405 2196 4462 Movctur

2297 3207 2528 3278 ὲραστδν
2578 3210 2674 3261 καὶ
2705 3209 2994 3278 ἀγαπητὸν
3037 3207 3376 3262 ἀποκαλοῦσι
3404 3226 3419 3274 ;
3448 3228 3464 3259 ι
3521 3201 3823 3277 Συμπεραίνει

2295 3299 2387 3352 τὸν
2408 3298 2569 3376 λόγον
2593 3299 2794 3352 οὑτωσὶ
2819 3301 3067 3368 φάσκων·
3104 3301 3369 3372 ι”υτιπερ
3399 3299 3478 3370 τῷ
3511 3299 3606 3369 μὲν
3628 3297 3822 3354 κινεῖται.

2293 3392 2373 3464 τῷ
2393 3383 2460 3448 ’δὲ
2482 3396 2658 3448 κινεῖ·
2696 3411 2714 3444 ι
2752 3394 2848 3447 καὶ
2882 3393 3214 3466 σαφέστερον
3247 3395 3449 3455 εἰπεῖν,
3494 3393 3578 3457 Ὠς
3610 3392 3695 3462 μὲν
3717 3388 3819 3458 ἔρως

2297 3486 2544 3559 ὑπάρχον
2572 3485 2758 3558 (204
2787 3489 2861 3554 a)
2889 3486 2950 3539 rb
2979 3487 3134 3540 Θείον
3170 3488 3266 3539 καὶ
3296 3488 3490 3558 ἀγάπη
3524 3486 3741 3544 κινεῖται,
3766 3479 3824 3539 ὡς

2295 3576 2354 3630 δὲ
2384 3577 2614 3648 ἐραστδν
2647 3578 2742 3630 καὶ
2767 3576 3055 3646 ἀγαπητὸν
3081 3579 3224 3630 κινεῖ
3248 3577 3385 3648 πρὸς
3417 3577 3576 3631 ἑαυτὸ
3601 3575 3751 3628 πάντα
3772 3569 3822 3622 τὰ

2297 3666 2502 3738 ἔρωτος
2527 3667 2622 3721 καὶ
2649 3667 2872 3737 ἀγάπης
2906 3667 3167 3720 δεκτικά·
3217 3667 3313 3720 καὶ
3357 3667 3672 3739 τρανότερον
3706 3656 3824 3720 αὖθις

2298 3758 2485 3828 φάναιο
2523 3760 2768 3812 Κινείται
2807 3758 2908 3828 μὲν
2936 3758 3012 3821 ὡς
3047 3757 3230 3827 σχέσιν
3270 3758 3541 3828 ἐμποιοῦν
3579 3752 3823 3810 ἐνδιάθετον

2297 3849 2503 3920 ἔρωτος
2546 3849 2642 3902 καὶ
2677 3849 2901 3918 ἀγάπης
2927 3851 3037 3909 τοῖς
3070 3847 3274 3901 τούτων
3312 3848 3602 3912 δεκτικοῖς,
3646 3845 3760 3898 κινεῖ
3781 3839 3822 3893 δὶ

2295 3939 2372 4002 ὼς
2418 3939 2667 3992 ἑλκτικὸν
2703 3939 2863 4006 φύσει
2901 3937 3001 4006 τῆς
3049 3936 3159 3989 τῶν
3206 3937 3293 3988 ἐπ’
3341 3937 3499 4008 αὐτῷ
3551 3931 3823 4004 κινουμένων

2299 4031 2542 4100 ἐφέσεως
2566 4043 2580 4058 '
2609 4031 2704 4082 καὶ
2742 4029 2926 4084 πάλιν·
2968 4031 3126 4083 Κινεί
3168 4029 3266 4082 καὶ
3297 4032 3555 4091 κινεῖται,
3588 4028 3656 4090 ὠς
3696 4019 3824 4092 διψῶν

2295 4101 2360 4174 rb
2393 4120 2672 4191 διψᾶσθαι,
2717 4121 2810 4174 καὶ
2841 4120 2983 4192 ἐρῶν
3028 4121 3090 4174 rb
3129 4120 3379 4191 ἐρᾶσθαι,
3426 4121 3520 4175 καὶ
3551 4115 3750 4186 ἀγαπῶν
3780 4110 3822 4162 τὸ

2298 4215 2638 4285 ἀγαπᾶσθαι.
2667 4213 2824 4266 Κατὰ
2848 4212 3038 4266 τοῦτον
3067 4215 3268 4286 τρόπον
3293 4214 3387 4267 καὶ
3409 4215 3441 4267 ὁ
3470 4213 3694 4281 θεόφρων
3716 4207 3822 4272 Γρη-

2298 4307 2483 4379 γόριός
2512 4323 2668 4378 φησι·
2707 4325 2726 4358 ι
2750 4307 2935 4370 Μονὰς
2961 4307 3056 4360 ἀπ’
3084 4308 3261 4378 ἀρχῆς
3295 4309 3378 4370 είς
3399 4307 3567 4361 δυάδα
3597 4301 3821 4372 κινηθεῖσα

2302 4400 2464 4471 μέχρι
2494 4397 2726 4470 Τριάδος
2774 4396 2923 4468 ἔστη.
2957 4416 2975 4449 ι
3035 4400 3281 4451 Κινείται
3319 4397 3432 4467 γὰρ
3471 4399 3527 4449 έν
3563 4393 3633 4464 τῷ
3662 4388 3818 4452 ταύτης

610 4487 744 4542 dum
779 4488 1039 4545 allectum
1071 4493 1278 4547 amoris
1301 4502 1357 4548 et
1410 4493 1703 4548 charitatis
1725 4494 1922 4551 inserit
1951 4498 2034 4553 eis
2068 4515 2190 4568 qua:

2295 4490 2527 4562 δεκτικῷ
2572 4489 2670 4562 νῷ,
2725 4489 2837 4542 εἴτε
2881 4489 3193 4564 Πάγγελικῴ,
3243 4490 3355 4542 εἴτε
3414 4485 3728 4558 ἀνθρωπίνῳ.
3767 4475 3815 4527 δι’

611 4581 812 4637 horum
859 4585 1083 4653 capacia
1133 4593 1286 4650 sunt,
1348 4596 1534 4640 movet
1575 4593 1768 4641 contra
1809 4588 1941 4642 dum
1994 4603 2192 4647 natura

611 4675 838 4731 attrahit
889 4690 1083 4732 eorum
1141 4693 1263 4747 qua:
1331 4678 1398 4732 ad
1467 4693 1529 4732 se
1585 4688 1916 4734 moveantur
1976 4683 2193 4752 appeti-

613 4780 762 4835 tum;
826 4780 885 4825 et
933 4785 1126 4825 rursus
1187 4789 1200 4823 :
1265 4770 1445 4826 Movet
1485 4781 1542 4827 et
1596 4781 1851 4826 movetur
1908 4775 2064 4843 quasi
2114 4776 2192 4830 si-

613 4863 756 4928 tiens
807 4862 974 4926 sitiri,
1021 4871 1078 4916 et
1115 4878 1308 4917 amans
1349 4865 1545 4929 amari,
1605 4875 1662 4920 et
1719 4865 1959 4935 diligens
2013 4867 2190 4939 diligi.

611 4953 726 5020 Qua
775 4953 1048 5009 sententia
1107 4952 1276 5007 etiam
1345 4952 1573 5009 divinus
1635 4955 1937 5025 Gregorius
1989 4956 2128 5011 dixit
2179 4975 2192 5011 :

619 5063 637 5095 ι
678 5043 874 5100 Unitas
925 5042 1232 5114 principio,
1263 5044 1319 5099 in
1373 5044 1651 5100 binarium
1709 5055 1857 5101 mota
1908 5047 1966 5101 in
2005 5047 2193 5102 Trini-

611 5143 724 5188 tate
775 5137 1046 5191 constitit.
1100 5155 1118 5188 ι
1162 5136 1413 5194 Movetur
1457 5138 1607 5194 enim
1666 5139 1724 5193 in
1775 5147 1963 5196 mente
2020 5140 2196 5210 ipsius

613 5240 837 5296 capace,
861 5228 978 5282 sive
1006 5229 1274 5299 angelica.
1307 5229 1424 5285 sive
1458 5229 1726 5299 humana,
1768 5247 1870 5302 per
1933 5231 2110 5302 ipsam
2141 5243 2199 5287 et

615 5316 672 5371 in
703 5316 824 5387 ipsa
850 5317 918 5373 de
952 5319 1066 5389 ipsa
1107 5320 1450 5391 inquirente,
1489 5333 1567 5387 ει,
1610 5331 1672 5378 ut
1711 5323 2066 5380 manifestius
2106 5323 2194 5379 di-

615 5401 768 5474 cam,‘
809 5410 1034 5466 instruit
1077 5428 1200 5467 eam
1255 5412 1493 5469 indivise
1547 5414 1605 5470 in
1657 5414 1842 5485 primo
1885 5415 2098 5486 impetu
2125 5417 2196 5472 de

618 5498 850 5557 unitatis
890 5503 1132 5568 ratione,
1183 5520 1252 5560 ne
1287 5506 1573 5575 separatio
1616 5507 1812 5576 prima:
1861 5523 2044 5564 causze
2106 5507 2194 5562 in-

616 5590 855 5648 feratur:
883 5595 1274 5665 impellitvero
1301 5612 1424 5652 eam
1467 5599 1535 5652 ad
1587 5599 1963 5669 recipiendam
2025 5600 2192 5655 etiam

615 5681 858 5741 divinam
888 5696 1055 5758 atque
1099 5688 1537 5745 inenarrabilem
1591 5691 2016 5758 fecunditatem,
2065 5709 2188 5764 my-

2299 4584 2468 4652 αὐτῆς
2499 4581 2595 4635 καὶ
2621 4584 2677 4634 ὲν
2701 4583 2838 4652 αὐτῇ
2867 4581 2964 4644 τὰς
2997 4581 3125 4650 περὶ
3170 4581 3341 4650 αὐτῆς
3370 4579 3632 4644 ἐξετάσεις
3675 4583 3818 4623 ποιου-

2302 4676 2470 4746 μένῳ,
2506 4676 2600 4729 κα)⁵
2625 4675 2956 4745 σαφέστερον
2981 4676 3176 4737 εἰπεῖν,
3207 4673 3449 4726 διδάσκει
3483 4668 3634 4722 αὐτὸν
3667 4658 3817 4730 ἁμερί-

2300 4786 2440 4832 στως
2469 4770 2526 4821 ὲν
2554 4770 2619 4840 τῇ
2653 4767 2844 4840 πρώτῃ
2878 4765 3150 4836 προσϐολῇ
3175 4764 3266 4817 τὸν
3301 4765 3429 4834 περὶ
3458 4759 3666 4834 μονάδος
3682 4754 3813 4821 λόγον.

2299 4862 2387 4914 ῖνα
2413 4863 2488 4933 μὴ
2525 4862 2791 4932 διαίρεσις
2814 4859 2890 4930 τῷ
2913 4857 3116 4928 πρώτῳ
3149 4857 3307 4928 αἰτίῳ
3329 4852 3639 4924 ὲπεισαχθῇ,
3667 4843 3815 4918 προδι-

2298 4953 2451 5017 δάζει
2476 4953 2531 5006 δὲ
2571 4953 2733 5006 αὑτὸν
2761 4952 2853 5004 καὶ
2893 4950 2990 5022 τὴν
3032 4950 3185 5003 θείαν
3215 4950 3310 5003 καὶ
3351 4949 3645 5019 ἀπόρρητον
3670 4937 3813 4993 τούτου

2297 5047 2630 5117 γονιμότητα
2651 5044 2929 5111 δέξασθαι,
2960 5043 3193 5110 λέγουσα
3229 5041 3502 5110 μυστικῶς
3529 5055 3584 5091 τε
3611 5034 3691 5089 καὶ
3716 5045 3814 5099 κρυ·

2297 5136 2434 5207 φίως
2483 5136 2632 5208 αὐτῷ
2693 5136 2769 5208 μὴ
2820 5137 2930 5190 δεῖν
2967 5137 3156 5204 ἄγονον
3200 5131 3339 5187 εἶναι
3383 5132 3592 5186 πώποτε
3645 5119 3814 5197 φρονεῖν

2295 5229 2454 5284 τοῦτο
2504 5229 2566 5283 rb
2616 5229 2824 5298 ἀγαθὸν
2879 5228 3039 5297 λόγου
3081 5228 3175 5282 καὶ
3228 5226 3443 5294 σοφίας,
3479 5224 3511 5296 ἢ
3552 5211 3813 5290 ἀγιαστιιῆς

2299 5322 2604 5394 δυνάμεως,
2643 5322 2945 5393 όμοουσίων
2988 5337 3050 5375 τε
3088 5322 3182 5374 καὶ
3208 5319 3595 5380 ένυποστάτων,
3645 5312 3715 5363 ἵνα
3755 5303 3810 5374 μὴ

2305 5413 2561 5467 σύνθετον
2585 5416 2649 5467 ἐκ
2674 5412 2884 5468 τούτων
2906 5413 3192 5484 ὑποληφθῇ
3223 5411 3282 5464 τὸ
3313 5411 3466 5465 Θεῖον
3493 5408 3565 5470 ὡς
3591 5395 3812 5472 συμβᾶσιν

2301 5507 2495 5571 κότων,
2525 5507 2618 5559 καὶ
2641 5506 2763 5576 οὐχ)⁸
2791 5504 2965 5560 ταῦτα
2995 5506 3240 5576 ὑπάρχον
3271 5505 3358 5558 ἀεὶ
3389 5498 3647 5568 πιστευθῇ.
3671 5489 3809 5547 limi-

2304 5599 2429 5652 σθαι
2468 5597 2560 5652 οὖν
2596 5600 2627 5669 ἡ
2661 5597 2866 5668 Θεὸτης
2920 5596 3136 5666 λέγεται
3191 5598 3266 5661 ὡς
3311 5595 3459 5649 αἰτία
3507 5593 3596 5662 τῆς
3623 5582 3724 5639 καθ’
3765 5577 3808 5630 ὃν

2299 5691 2536 5760 ὑπάρχει
2580 5690 2782 5761 τρόπον
2820 5689 3142 5756 ἐξετάσεως.
3191 5690 3354 5742 Ἀνευ
3402 5686 3505 5757 γάρ
3549 5674 3803 5747 ὶλλάμψωε

689 5776 802 5851 (ιι)
830 5777 1057 5850 Dionys.
1082 5780 1350 5852 AreOpag.
1381 5780 1456 5835 De
1495 5782 1686 5840 divinis
1715 5785 2030 5852 nominibus,
2062 5802 2182 5856 cap.
2217 5788 2272 5854 4,
2305 5802 2359 5857 p.
2391 5775 2515 5850 365.
2545 5792 2679 5839 tom.
2709 5781 2890 5853 lOpp.
2918 5782 3007 5837 ed.
3043 5782 3178 5836 Ven.
