4026 6288
539 354 674 421 ι263

1693 355 1755 416 S.
1790 352 2081 416 MAXIM!
2116 352 2631 418 CONFESSORIS

3632 360 3746 423 ΗΜ

530 469 587 526 id
605 476 691 525 est
720 468 1063 525 voluntatem
1097 476 1154 525 et
1173 472 1614 541 generationem,
1643 487 1702 527 se
1730 472 1968 528 invicem
2004 488 2101 528 co-

2207 475 2349 543 φημὶ
2400 475 2455 529 δὲ
2488 458 2586 543 τὴν
2630 473 2856 544 θέλησιν
2884 476 2981 530 καὶ
3041 475 3140 549 τὴν
3196 477 3468 548 γέννησιν,
3525 476 3746 549 ἀλλήλοις

430 620 437 623 _
529 563 816 619 inﬂantur.
847 560 1327 628 Quemadmodum
1363 565 1512 620 enim
1548 575 1705 621 extra
1739 564 2021 639 videntem
2045 572 2102 620 et

530 655 710 708 visum
740 669 852 717 non
895 663 982 710 est
1040 654 1215 721 visus,
1248 672 1432 727 neque
1462 656 1728 729 cogitatio
1770 664 1926 713 extra
1948 657 2101 728 cogi-

531 755 737 805 tantem
773 757 834 803 et
861 748 1186 820 cogitatum,
1210 749 1286 805 ita
1338 764 1441 805 nec
1472 758 1627 805 extra
1657 757 2011 820 generantem
2047 755 2106 803 et

530 847 854 907 generatum
884 839 1193 910 generatio,
1225 856 1330 896 nec
1351 849 1509 896 extra
1556 834 1835 896 volentem
1862 848 1920 896 et
1963 840 2105 896 voli-

533 938 646 985 tum
668 929 944 993 voluntas,
965 928 1116 998 quia,
1150 939 1212 985 ut
1255 929 1696 985 demonstratum
1721 938 1825 997 est,
1867 945 1972 986 nec
2002 944 2102 985 vo-

531 1020 690 1075 litum
726 1020 981 1088 sequitur
1033 1020 1373 1075 voluntatem
1407 1021 1528 1076 sine
1560 1022 1682 1093 ejus
1709 1021 1805 1092 qui
1834 1023 1955 1077 vult
1991 1020 2105 1077 col-

529 1112 761 1167 latione.
797 1110 952 1176 Quod
983 1110 1029 1166 si
1064 1110 1232 1167 simul
1276 1120 1408 1167 sunt
1464 1112 1582 1168 haec
1626 1113 1935 1169 secundum
1967 1112 2104 1167 aﬂ‘e-

528 1216 702 1270 ctum,
730 1203 1035 1262 immobilis
1054 1203 1204 1261 enim
1254 1206 1547 1262 amborum
1588 1206 1842 1273 adeetus,
1867 1236 1940 1247 --
1967 1221 2102 1262 con-

528 1296 875 1367 temporabat
907 1308 1040 1367 ergo
1060 1299 1350 1367 generanti
1381 1299 1554 1363 Patri,
1586 1299 1737 1354 Patri
1757 1298 1852 1370 qui
1885 1313 2104 1369 semper

524 1398 664 1453 erat,
702 1405 803 1460 per
826 1390 1239 1461 generationem
1267 1392 1433 1447 etiam
1458 1392 1760 1447 secundum
1806 1406 1902 1446 vos
1933 1406 2105 1462 gene-

528 1492 680 1537 ratus
753 1481 947 1547 Filius,
1003 1498 1132 1539 cum
1182 1483 1328 1541 inter
1381 1485 1740 1555 semetipsum
1786 1493 1844 1539 et
1885 1484 2103 1540 Patrem

522 1578 874 1640 generantem
944 1570 1105 1625 nullo
1165 1570 1331 1627 modo
1416 1571 1674 1628 admittat
1754 1573 2104 1630 intervallum

523 1659 992 1730 temporis,neque
1004 1671 1090 1719 est
1104 1662 1340 1732 amplius
1384 1664 1685 1719 voluntatis
1710 1664 1881 1720 Filius
1902 1663 2098 1728 Filius,

522 1749 619 1804 sed
652 1749 832 1804 Patris
881 1750 1223 1820 generantis.
1260 1751 1441 1822 Atque
1483 1753 1620 1818 hmo,
1656 1754 1857 1824 inquit,
1888 1770 1959 1810 ex
1998 1755 2101 1809 bu-

2206 567 2454 621 συνόντα.
2528 569 2614 632 Ὠς
2660 569 2768 640 γὰρ
2798 568 2894 623 τοῦ
2924 569 3161 641 ὁρῶντος
3212 572 3306 624 καὶ
3352 569 3450 623 τοῦ
3501 571 3746 640 ὁρωμένου

2205 660 2372 731 χωρὶς
2399 661 2500 714 οὐκ
2529 660 2676 715 ἐστιν
2727 663 2940 729 ὅρασις,
2971 661 3096 715 οὔτε
3138 662 3232 715 τοῦ
3268 662 3515 725 νοοῦντος
3550 662 3636 715 καὶ
3669 661 3747 716 τοῦ

2204 751 2494 821 νοουμένου
2525 752 2730 824 νόησις,
2763 751 2936 817 οὕτως
2963 754 3086 807 οὐδὲ
3112 754 3207 807 τοῦ
3238 754 3532 823 γεννῶντος
3558 756 3645 807 καὶ
3668 754 3749 810 τοῦ

2203 843 2542 914 γεννωμένου
2588 844 2863 915 γέννησις,
2919 845 3042 899 οὐδὲ
3095 845 3192 898 τοῦ
3247 844 3492 910 θέλοντος
3535 847 3623 899 καὶ
3673 846 3750 899 τοῦ

2205 933 2504 1006 θέλομένου
2539 935 2779 1008 θέλησις,
2811 938 2893 991 ὅτι
2929 938 3063 1009 μηδὲ
3091 939 3286 992 ἕπεται
3314 938 3530 1009 θελήσει
3548 939 3603 992 τὸ
3627 940 3754 1010 θελη.

2204 1025 2298 1080 θὲν
2319 1065 2335 1089 ,
2376 1026 2454 1091 ὡς
2479 1027 2716 1100 ἐδείχθη,
2746 1029 2918 1099 χωρὶς
2950 1030 3051 1100 τῆς
3092 1029 3189 1083 τοῦ
3227 1029 3474 1093 Θέλοντος
3508 1047 3754 1101 συνεισφο-

2206 1118 2326 1189 ρᾶς.
2360 1119 2424 1172 Ei
2459 1118 2517 1173 δὲ
2558 1119 2670 1173 τῶν
2702 1119 2819 1190 ἅμα
2844 1119 3021 1175 ταῦτα
3065 1121 3186 1174 ὲστι
3239 1122 3382 1175 κατὰ
3424 1121 3525 1189 τὴν
3575 1121 3753 1191 σχέσιν,

2203 1209 2460 1281 ἀκίνητος
2481 1210 2590 1283 γὰρ
2615 1213 2648 1283 ἡ
2685 1210 2773 1265 ἐπ’
2801 1212 3007 1283 ἀμφοῖν
3055 1213 3261 1283 σχέσις,
3309 1214 3430 1285 ἃμα
3468 1210 3533 1285 ἦν
3564 1215 3659 1283 ἄρα
3690 1214 3757 1283 τῷ

2204 1300 2468 1369 γεννῶντι
2502 1301 2696 1373 Πατρὶ,
2726 1302 2815 1355 ἀεὶ
2837 1300 2951 1356 ὄντι
2985 1302 3182 1372 Πατρὶ,
3212 1302 3301 1356 διὰ
3332 1305 3652 1373 γεννήσεως,
3677 1305 3752 1356 καὶ

2204 1391 2330 1447 καθ’
2373 1392 2520 1464 ὑμᾶς
2571 1394 2600 1446 6
2637 1390 2981 1463 γεννώμενος
3013 1391 3156 1454 Υἱὸς,
3218 1391 3293 1462 μὴ
3343 1390 3756 1461 παραδεχόμενος

2204 1480 2328 1536 καθ’
2364 1481 2677 1555 οἱονδήποτε
2706 1480 2909 1553 τρόπον
2959 1480 3164 1552 μεταξὺ
3198 1480 3367 1536 αὐτοῦ
3407 1481 3505 1536 καὶ
3532 1479 3623 1534 τοῦ
3650 1484 3767 1547 γεν-’

2206 1575 2407 1641 νῶντος
2454 1575 2669 1646 Πατρός
2729 1575 3087 1647 παρενθήκην
3134 1575 3351 1646 χρόνου,
3400 1574 3498 1629 καὶ
3555 1575 3648 1627 οὐκ
3692 1573 3757 1626 ἔτι

2206 1666 2480 1737 θελήσεώς
2525 1670 2675 1721 ἐστιν
2708 1667 2837 1731 Υἱὸς
2884 1669 2913 1721 6
2950 1667 3099 1731 Υίὸς,
3156 1666 3292 1721 ἀλλὰ
3330 1665 3433 1720 τοῦ
3495 1664 3758 1734 γεννῶντος

2207 1759 2443 1829 Πατρός.
2474 1759 2585 1811 Καὶ
2614 1758 2812 1823 ταῦτα,
2846 1759 3033 1829 φησὶν,
3056 1760 3118 1811 ὲκ
3143 1758 3255 1812 τῶν
3281 1757 3407 1812 καθ’
3439 1759 3585 1830 ἡμᾶς
3616 1773 3760 1827 παρα·

522 1840 697 1897 manis
737 1841 945 1896 nostris
972 1841 1120 1898 dicta
1151 1842 1264 1898 sint
1311 1846 1621 1917 exemplis;
1654 1856 1710 1903 at
1749 1864 1872 1919 qua:
1909 1849 1965 1904 in
1990 1850 2102 1905 Deo

2208 1825 2521 1921 δειγμάτων
2555 1849 2816 1923 εἰρήσθω,
2938 1850 2995 1904 δὲ
3028 1851 3123 1905 τοῦ
3150 1848 3286 1904 Θεοῦ
3315 1850 3410 1904 καὶ
3612 1825 3758 1904 πάντα

520 1930 969 1998 considerantur,
1010 1948 1180 2005 supra
1203 1935 1321 1995 htec
1348 1952 1569 2008 quoque
1615 1938 1800 1995 omnia
1828 1950 1978 2003 sunt,
2009 1941 2100 1996 cui

522 2023 803 2094 generatio
829 2022 1065 2082 fortasse
1100 2035 1186 2081 est
1202 2027 1463 2103 gignendi
1486 2031 1764 2087 voluntas.
1796 2034 1855 2088 ln
1868 2032 2100 2092 dubium

438 2182 442 2187 ο
520 2130 652 2169 vero
698 2115 751 2169 id
785 2115 1015 2171 adduxit
1049 2133 1146 2189 per
1178 2138 1195 2169 ι
1242 2119 1474 2178 fortasse
1509 2142 1528 2175 ι
1580 2125 1928 2188 adverbium,
1976 2142 2106 2197 prov-

518 2212 709 2273 ptcrea
729 2206 879 2277 quod
908 2207 1033 2262 Filii
1065 2223 1133 2263 ex
1173 2209 1337 2266 Patre
1384 2215 1676 2283 generatio
1706 2216 1876 2270 etiam
1908 2217 2105 2272 volun-

522 2306 687 2355 tatem
723 2306 967 2368 superat.
998 2299 1191 2371 Neque
1218 2302 1370 2357 enim
1419 2314 1711 2375 separatur
1761 2309 2046 2363 voluntate
2073 2325 2104 2363 a

520 2391 681 2446 Patre
731 2390 926 2458 Filius,
986 2408 1170 2463 neque
1222 2394 1338 2450 ullo
1387 2397 1552 2453 modo
1609 2398 1794 2455 Patris
1845 2401 2104 2456 voluntas

518 2482 895 2555 cogitantibus
916 2483 1082 2538 nobis
1125 2484 1391 2556 anticipat
1420 2486 1647 2554 Filium,
1685 2489 1816 2559 quia
1873 2506 1975 2546 nec
2002 2492 2103 2546 Pa-

521 2581 605 2626 ter
637 2572 1000 2628 antecedebat
1018 2572 1242 2641 Filium,
1267 2591 1379 2630 non
1404 2578 1578 2648 magis
1590 2594 1757 2649 quam
1788 2579 2103 2636 intellectus

517 2670 646 2718 ante
678 2680 990 2721 sermonem
1027 2681 1097 2721 ex
1127 2666 1272 2737 ipso,
1292 2675 1392 2723 aut
1438 2670 1532 2724 lux
1555 2681 1682 2727 ante
1727 2672 2099 2742 splendorem.

515 2757 652 2812 Nam
676 2757 837 2812 sim’ul
872 2758 1144 2814 habentes
1189 2760 1569 2816 exsistentiam
1625 2779 1793 2818 unam
1844 2766 2008 2820 Pater
2047 2774 2104 2820 et

517 2848 612 2918 qui
635 2865 702 2904 ex
730 2864 798 2904 eo
826 2849 946 2905 sine
974 2849 1135 2906 initio
1164 2860 1460 2922 generatus
1481 2862 1566 2908 est
1594 2853 1788 2920 Filius,
1821 2864 1877 2910 et
1907 2857 2105 2913 volun-

516 2947 688 2994 tatem
745 2940 954 2996 habent
1000 2941 1311 3013 simplicem
1372 2951 1538 3014 atque
1600 2945 1979 3015 individuam,
2041 2958 2103 3003 ut

517 3032 683 3086 etiam
708 3033 1007 3088 essentiam
1034 3050 1201 3090 unam
1233 3043 1290 3091 et
1324 3044 1604 3095 naturam.

2208 1943 2408 2010 ταῦτα,
2438 1937 2484 2012 ᾧ
2510 1944 2768 2016 γέννησις
2801 1943 2931 2007 ίσως
2965 1944 3117 1998 ἐστὶν
3144 1945 3178 2016 ἡ
3208 1942 3304 1997 τοῦ
3328 1945 3528 2015 γεννᾷν
3553 1942 3757 2014 θέλησις.

2217 2040 2530 2113 Ἀμφέὸαλε
2576 2041 2634 2094 δὲ
2666 2040 2828 2095 τοῦτο
2871 2041 2961 2095 διὰ
2986 2039 3082 2095 τοῦ
3117 2060 3135 2093 ι
3168 2041 3331 2104 Ἴσως
3355 2058 3375 2092 ι
3417 2040 3759 2112 ὲπιῤῥήματος

2203 2130 2293 2185 διὰ
2348 2129 2412 2184 τὸ
2463 2131 2559 2184 καὶ
2603 2129 2747 2200 ὑπὲρ
2777 2128 3001 2198 θέλησιν
3029 2124 3171 2182 είναι
3201 2127 3303 2199 τὴν
3346 2128 3415 2181 ἐκ
3461 2126 3554 2180 τοῦ
3578 2124 3761 2195 Πατρδς

2204 2218 2300 2274 τοῦ
2336 2218 2467 2272 Υίοῧ
2521 2220 2798 2291 γέννησιν.
2852 2218 2928 2273 οὐ
2962 2218 3074 2289 γὰρ
3128 2216 3427 2288 μεσάξεται
3474 2216 3671 2287 θελήσει
3707 2215 3759 2266 ἐκ

2202 2312 2298 2367 τοῦ
2330 2311 2514 2382 (205
2541 2311 2593 2381 ὁ)
2627 2312 2838 2381 Πατρός
2880 2313 2909 2364 6
2932 2311 3087 2375 Υἱὸς,
3113 2311 3235 2362 οὐδὲ
3266 2312 3661 2379 προεπινοεῖται
3681 2305 3758 2359 τοῦ

2207 2398 2338 2451 Υἱοῦ
2381 2399 2503 2452 καθ’
2546 2399 2728 2452 ὁτιοῦν
2763 2400 2796 2466 ἡ
2841 2397 2936 2452 τοῦ
2969 2399 3185 2469 Πατρὸς
3227 2399 3473 2469 θέλησις’,
3533 2399 3610 2451 ὅτι
3647 2395 3756 2467 μηδὲ

2206 2491 2460 2562 προῦπῆν
2495 2493 2523 2545 6
2550 2490 2740 2562 Πατὴρ
2769 2490 2864 2544 τοῦ
2891 2491 3047 2556 Υίοῦ,
3089 2492 3280 2563 ὥσπερ
3325 2492 3451 2546 οὐδὲ
3485 2490 3603 2554 νοῦς
3625 2490 3757 2557 λόγου

2203 2583 2299 2637 τοῦ
2329 2584 2391 2648 ἐξ
2421 2582 2610 2647 αὑτοῦ,
2649 2584 2773 2637 οὔτε
2817 2585 2937 2653 φῶς
2986 2584 3083 2638 τοῦ
3133 2585 3592 2655 ἁπαυγάσματος.
3634 2582 3758 2650 ’Δμα

2205 2672 2315 2743 γὰρ
2352 2674 2415 2727 τὸ
2445 2669 2584 2727 εἶναι
2619 2673 2834 2745 ἔχοντες
2863 2675 2958 2728 καὶ
2986 2674 3208 2746 θέλησιν
3250 2674 3382 2747 μίαν
3427 2674 3632 2745 ἔχουσιν
3661 2674 3687 2724 ὅ
3708 2687 3756 2723 τε

2207 2766 2396 2840 Πατὴρ
2444 2767 2539 2821 mi.
2587 2769 2617 2820 6
2670 2767 2732 2832 ἐξ
2787 2766 2954 2820 αὐτοῦ
2998 2767 3252 2840 ἅνάρχως
3299 2768 3587 2837 γεννηθεὶς
3638 2765 3757 2827 Υἱὸς,

2204 2859 2386 2929 ἁπλῇν
2414 2876 2471 2911 τε
2513 2858 2608 2912 καὶ
2628 2858 2954 2929 ἀδιαίρετον,
2978 2860 3172 2930 ὥσπερ
3200 2854 3293 2913 οὖν
3323 2861 3423 2913 καὶ
3449 2858 3628 2913 οὐσίαν
3653 2855 3759 2928 μίαν

2205 2950 2303 3003 καὶ
2341 2950 2525 3019 φύσιν.

526 3210 600 3263 Ea:
633 3210 814 3264 eodem
838 3226 1102 3278 sermone,
1133 3214 1188 3267 in
1222 3214 1361 3270 illud
1382 3233 1402 3271 :
1444 3236 1463 3268 ‹
1490 3218 1706 3291 Alioqui
1737 3220 1866 3292 quid
1912 3225 2095 3294 prohi-

2214 3223 2310 3275 Ἐκ
2354 3217 2460 3273 τοῦ
2505 3218 2694 3273 αὑτοῦ
2728 3217 2940 3287 λόγου,
2990 3219 3079 3285 είς
3112 3219 3200 3273 τό·
3239 3234 3260 3270 ι
3292 3215 3463 3272 Ἐπεί
3492 3216 3551 3271 τι
3576 3213 3758 3270 κωλύει

584 3303 667 3356 bet
689 3305 970 3374 quominus
996 3306 1108 3376 ipse
1135 3323 1339 3379 quoque
1370 3309 1543 3365 allata
1568 3312 1667 3365 hac
1697 3316 2097 3386 propositione:
2170 3356 2173 3357 ν

582 3392 748 3447 Pater
773 3395 953 3464 maior
975 3404 1172 3451 natura
1201 3405 1297 3461 est,
1317 3416 1380 3453 ac
1392 3400 1580 3455 deinde
1603 3413 1875 3475 assumpta
1901 3404 2096 3471 altera,

585 3484 797 3540 Natura
829 3496 1011 3542 autem
1044 3503 1151 3544 non
1179 3494 1394 3547 omnino
1424 3496 1620 3566 major,
1674 3513 1768 3551 nec
1812 3497 1997 3565 Pater,
2022 3500 2097 3555 ita

540 3600 545 3605 δ
588 3587 855 3650 postremo
902 3580 1216 3638 concludam
1248 3585 1470 3658 :Mnjus
1521 3591 1687 3658 igitur
1733 3593 1947 3647 omnino
1992 3609 2098 3647 non

586 3673 784 3743 majus,
826 3673 928 3740 vei,
962 3673 1128 3729 Pater
1151 3679 1365 3732 omnino
1397 3697 1501 3734 non
1522 3680 1688 3736 Pater
1706 3682 1732 3737 .’
1752 3704 1771 3735 ι

582 3782 721 3837 Cum
753 3784 819 3839 de
875 3800 1039 3841 causa
1073 3788 1337 3863 majorem
1377 3790 1517 3847 Filio
1561 3794 1805 3862 Patrem,
1854 3796 1985 3867 quia
2028 3812 2096 3853 ex

514 3866 676 3932 Patre
702 3876 775 3931 sit
807 3877 1001 3943 Filius,
1025 3889 1081 3935 at
1108 3897 1219 3936 non
1246 3898 1312 3937 ex
1344 3883 1485 3939 Filio
1519 3886 1684 3941 Pater
1705 3866 1955 3953 exsistat,
2000 3890 2099 3946 do-

516 3976 638 4023 ctor
672 3968 954 4038 sapienter
1010 3969 1290 4038 deﬁniret,
1352 3975 1543 4031 Ariani
1592 3978 1741 4047 quod
1792 3979 1861 4035 de
1899 3988 2097 4035 natura

513 4075 678 4115 causa
705 4061 776 4114 sit
806 4061 1189 4132 propositione
1234 4077 1519 4137 assumpta
1559 4069 1611 4122 ei
1656 4069 1895 4140 maligne
1948 4071 2098 4141 quod

515 4150 583 4206 de
638 4161 839 4206 natura
875 4154 1053 4224 majus
1086 4155 1159 4208 sit
1215 4157 1584 4225 collegerunt.
1619 4160 1800 4231 Atque
1858 4162 2097 4233 primum

516 4236 742 4295 strenue
775 4241 923 4310 quod
954 4240 1046 4296 isti
1071 4243 1286 4313 privata
1314 4247 1737 4305 ratiocinatione
1759 4251 2100 4323 collegerunt

517 4331 681 4384 diluit
712 4330 940 4386 dicens:
982 4332 1189 4389 «Haud
1241 4335 1357 4391 scio
1392 4353 1450 4392 se
1504 4338 1725 4409 ipsosne
1782 4341 1970 4413 potius
2027 4358 2098 4401 an

513 4439 609 4479 vos
642 4424 707 4478 ad
743 4439 884 4494 quos
905 4424 1153 4497 dirigunt
1178 4443 1494 4485 sermonem
1520 4432 1767 4503 captiosa
1794 4415 1900 4491 bac
1930 4450 2097 4508 argn-

513 4513 858 4569 mentatione
888 4514 1346 4574 circumveniant.
1376 4539 1395 4571 ›
1419 4519 1611 4592 Neque
1653 4522 1803 4578 enim
1832 4524 2097 4595 simplici-

2273 3311 2424 3382 κάμὲ
2470 3309 2701 3379 ταύτην
2746 3312 3047 3379 πρότασιν
3090 3308 3513 3379 ποιησάμενον
3538 3308 3645 3377 τὴν
3666 3305 3756 3366 ὅτι,

2282 3405 2347 3457 '0
2382 3402 2583 3470 Πατὴρ
2625 3400 2839 3470 μείζων
2878 3399 2955 3470 τῇ
3004 3401 3210 3471 φύσει,
3263 3401 3477 3456 ἔπειτα
3517 3399 3755 3469 προσλα-

2271 3498 2455 3550 ϐόντα
2488 3493 2575 3556 τὸ,
2621 3495 2808 3548 Φύσει
2857 3493 2926 3547 δὲ
2976 3495 3048 3548 οὐ
3102 3493 3341 3560 πάντως
3375 3493 3602 3565 μεῖζον,
3642 3487 3759 3545 οὐδὲ

2271 3588 2495 3657 Πατὴρ,
2557 3585 2946 3655 συναγαγεῖν,
3010 3587 3083 3640 Τὸ
3134 3586 3345 3657 μεῖζον
3415 3590 3491 3642 οὐ
3554 3588 3759 3647 πάντως

2270 3679 2486 3750 μεῖζον,
2514 3677 2575 3747 ἦ,
2618 3677 2681 3731 '0
2698 3677 2901 3747 Πατὴρ
2926 3680 2999 3733 οὐ
3024 3678 3263 3745 πάντως
3282 3678 3511 3747 Πατήρ.
3547 3696 3566 3730 ι

2284 3794 2615 3865 Ἐπειδήπερ
2655 3793 2877 3864 μείζονα
2923 3793 3002 3863 τῷ
3033 3794 3191 3866 αίτίῳ
3233 3794 3332 3848 τοῦ
3379 3793 3516 3849 Υίοῦ
3547 3794 3633 3848 τὸν
3662 3793 3756 3846 Πα·

2198 3887 2333 3959 τέρα
2364 3884 2545 3955 σοφῶς
2566 3888 2595 3939 6
2621 3885 2965 3949 διδάσκαλος,
2981 3885 3058 3949 ὡς
3084 3887 3149 3940 ὲκ
3172 3885 3268 3940 τοῦ
3288 3886 3506 3959 Πατρδς
3522 3887 3663 3947 ὄντος
3680 3881 3758 3935 τοῦ

2200 3977 2355 4041 Υίοῦ,
2392 3976 2508 4030 ἀλλ’
2537 3976 2638 4030 οὐκ
2672 3977 2736 4029 ὲκ
2760 3975 2856 4028 τοῦ
2888 3975 3020 4031 Υίοῦ
3047 3976 3140 4031 τοῦ
3182 3977 3396 4047 Πατρὸς
3431 3978 3755 4048 ὑπάρχοντος.

2199 4070 2509 4143 διωρίζετο,
2554 4070 2958 4141 προσλαϐόντες
2987 4071 3039 4123 oi
3091 4071 3360 4143 Ἀρειανοὶ
3401 4072 3507 4143 τὴν
3532 4075 3591 4124 τὸ
3615 4068 3757 4123 αίτιον

2204 4163 2369 4235 φύσει
2399 4164 2669 4235 πρότασιν
2701 4163 2937 4234 συνῆγον
2974 4163 3129 4234 αὐτῷ
3161 4163 3490 4237 κακούργως
3534 4164 3593 4217 τὸ
3620 4161 3756 4231 φύσει

2203 4253 2408 4326 μεῖζον.
2450 4253 2678 4326 Πρῶτον
2715 4253 2813 4323 μὲν
2843 4254 3128 4309 ὲπιλύεται
3161 4256 3430 4325 γενναίως
3448 4256 3512 4310 τὸ
3549 4252 3756 4325 παραλε·

2199 4347 2539 4417 λογισμένως
2570 4346 2662 4399 ὑπ’
2715 4345 2895 4400 αὐτῶν
2944 4346 3210 4421 συναχθὲν
3237 4348 3432 4402 είπιίινο
3481 4368 3501 4401 ι
3521 4348 3625 4402 Οὐκ
3658 4338 3754 4397 οἶδα

2201 4439 2430 4511 πότερον
2464 4438 2698 4502 ἑαυτοὺς
2722 4436 3204 4509 παραλογίζονται,
3248 4439 3282 4508 ἦ
3313 4441 3443 4503 τοὺς
3478 4439 3609 4511 πρὸς
3632 4435 3713 4496 οὓς
3731 4434 3756 4483 ὃ

2200 4529 2378 4597 λόγος.
2406 4548 2425 4582 ι
2487 4530 2562 4584 Οὐ
2601 4529 2709 4600 γὰρ
2760 4528 2949 4593 ἁπλῶς
2999 4530 3100 4583 ὅσα
3154 4530 3298 4584 κατά
3350 4548 3499 4594 τινος
3547 4529 3752 4595 λέγεται,

515 4613 599 4657 ter
628 4618 972 4675 quaecunque
1006 4605 1076 4661 de
1105 4607 1293 4679 aliquo
1355 4586 1642 4679 dicuntur,
1674 4615 1841 4670 etiam
1873 4586 1957 4671 de.
1993 4617 2100 4673 isto

2205 4618 2382 4674 ταῦτα
2420 4620 2517 4674 καὶ
2550 4618 2693 4673 κατὰ
2721 4618 2815 4672 τοῦ
2850 4619 3218 4690 ἀποκειμένου
3243 4619 3421 4690 τούτῳ
3447 4617 3749 4689 ῥηθήσεται·
3846 4620 3855 4625 ’

513 4695 772 4750 dicentur
792 4697 943 4766 quod
986 4698 1091 4769 ipsi
1122 4701 1413 4772 subjacet;
1442 4704 1542 4759 sed
1572 4713 1726 4776 patet
1775 4707 1844 4769 de
1878 4724 2010 4779 quo,
2044 4718 2103 4765 et

512 4803 765 4858 quaenam
792 4787 1071 4857 dicantur.
1124 4790 1398 4849 Nimirum
1439 4812 1785 4868 quaecunque
1834 4796 1903 4854 de
1933 4814 2101 4854 causa

514 4893 773 4951 tanquam
798 4895 990 4949 causa,
1024 4880 1223 4955 inquit,
1280 4886 1562 4952 dicuntur,
1587 4904 1651 4944 ea
1696 4891 1862 4945 etiam
1918 4892 1987 4947 de
2031 4905 2099 4947 eo

512 4971 659 5043 quod
689 4970 757 5026 de
789 4982 988 5029 natura
1018 4984 1103 5030 est
1136 4976 1414 5034 dicentur.
1450 4979 1641 5051 Neque
1673 4983 1822 5036 enim
1866 4984 2100 5039 rationis

513 5070 593 5115 est
632 5077 696 5115 ea
738 5078 861 5133 qua:
889 5073 949 5119 ut
977 5070 1232 5139 exemplo
1262 5071 1371 5127 hoc
1402 5080 1551 5141 utar,
1604 5073 1674 5129 de
1711 5075 1962 5146 sapiente
2013 5076 2100 5130 vel

514 5169 641 5222 rege
671 5163 731 5208 ut
762 5158 1010 5226 sapiente
1045 5161 1132 5216 vel
1167 5170 1229 5217 ut
1257 5180 1385 5237 rege
1409 5164 1677 5222 dicuntur
1725 5167 1894 5223 etiam
1939 5167 2007 5222 de
2038 5183 2104 5223 eo

512 5246 661 5314 quo“
685 5247 772 5303 δίε
795 5252 1043 5322 ευῦἱδοθτ
1068 5254 1276 5325 dicere,
1306 5268 1369 5314 ut
1421 5260 1764 5331 hominibus,
1792 5271 1865 5319 ,et
1903 5272 2105 5335 praeter

515 5340 691 5408 legem
741 5344 999 5409 essentite
1030 5342 1373 5408 definitione
1422 5369 1619 5410 eorum
1655 5370 1781 5425 quae
1815 5355 2101 5427 subjacent

519 5443 623 5481 una
649 5434 1119 5503 comprehendere
1153 5453 1278 5508 quae
1300 5441 1369 5497 de
1403 5443 1680 5515 sapientia
1712 5453 1774 5499 ut
1804 5445 2100 5516 sapientia,

516 5536 748 5593 quaeque
797 5525 865 5582 de
931 5543 1105 5600 regno
1155 5539 1216 5586 ut
1250 5548 1422 5607 regno
1462 5535 1748 5603 dicuntur,
1778 5536 1831 5591 id
1866 5545 1951 5592 est
1980 5552 2103 5607 qua:

518 5612 653 5669 nihil
684 5617 912 5674 omnino
947 5623 1365 5681 communicant
1388 5641 1515 5682 cum
1563 5628 1780 5685 ratione
1817 5628 2098 5694 essentne,

2190 4711 2344 4766 ἀλλὰ
2368 4710 2528 4782 δῆλον
2553 4711 2697 4766 κατὰ
2723 4712 2868 4777 τίνος
2898 4711 2995 4766 καὶ
3031 4711 3155 4764 τίνα
3188 4712 3334 4765 τοῦτ’
3371 4710 3539 4765 ἔστιν.
3574 4707 3641 4762 Οὐ
3663 4702 3750 4773 γὰρ

2204 4807 2304 4861 ὅσα
2331 4806 2474 4861 κατὰ
2504 4804 2601 4859 τοῦ
2631 4804 2807 4859 αίτίου
2837 4805 2913 4870 ὡς
2949 4805 3148 4872 αἰτίου,
3174 4806 3331 4876 φησι,
3353 4803 3589 4873 λέγεται,
3608 4798 3753 4853 ταῦτα

2202 4898 2299 4953 καὶ
2340 4896 2486 4952 κατὰ
2510 4896 2604 4951 τοῦ
2640 4898 2800 4968 φύσει
2839 4897 3161 4970 ῥηθήσεται.
3204 4899 3320 4952 Οὐκ
3340 4898 3457 4951 ἐστι
3491 4897 3596 4967 γὰρ
3618 4894 3751 4962 λόγον

2200 4990 2270 5046 τὰ
2308 4991 2451 5046 κατά
2494 5007 2641 5055 τινος
2689 4992 2827 5064 φέρε
2887 4994 3059 5046 είπεῖν
3094 4993 3261 5062 σοφοῦ
3310 4993 3344 5063 ἤ
3401 4991 3652 5062 βασιλέως
3690 4985 3752 5047 ὡς

2204 5080 2374 5151 σοφοῦ
2408 5081 2442 5155 ἦ
2471 5080 2548 5146 ὡς
2579 5081 2844 5152 βασιλέως
2872 5083 3143 5153 λεγόμενα
3170 5084 3267 5138 καὶ
3290 5083 3435 5138 κατὰ
3457 5081 3552 5137 τοῦ
3569 5081 3755 5134 ὑποκει-

2203 5171 2369 5243 μένου
2400 5171 2613 5236 τούτοις
2637 5173 2891 5246 ῥηθῆναι,
2913 5173 2991 5238 ὡς
3017 5174 3343 5247 ἀνθρώπων,
3370 5175 3466 5229 καλ⁵
3496 5182 3751 5242 συμπαριο

2201 5264 2502 5336 λαμϐάνειν
2536 5264 2794 5335 ἀθέσμως
2823 5265 2901 5337 τῷ
2929 5267 3029 5337 τῆς
3056 5267 3248 5332 οὐσίας
3274 5268 3407 5339 ’ὅρῳ
3434 5266 3541 5320 τῶν
3561 5264 3752 5316 ὑποκει-

2206 5356 2385 5427 μένων
2426 5357 2498 5411 τὰ
2529 5356 2676 5412 κατὰ
2699 5358 2801 5428 τῆς
2842 5359 3037 5428 σοφίας
3064 5359 3143 5423 ὡς
3173 5360 3391 5427 σοφίας,
3421 5357 3514 5413 καὶ
3540 5354 3607 5410 τὰ
3630 5347 3751 5405 κατὰ

2207 5445 2308 5515 τῆς
2343 5445 2622 5517 βασιλείας
2645 5447 2722 5512 ὡς
2742 5447 3023 5518 βασιλείας
3041 5450 3331 5520 λεγόμενα,
3379 5449 3448 5505 τὰ
3469 5446 3625 5519 μηδὲν
3641 5436 3752 5495 καθ’

2207 5536 2334 5591 όλου
2363 5537 2440 5610 τῷ
2490 5538 2636 5612 λόγῳ
2667 5539 2770 5610 τῆς
2801 5540 2991 5605 οὐσίας
3023 5542 3214 5617 (ξω
3239 5542 3309 5612 α)
3335 5534 3748 5596 ἐπικοινωνοῦντα

2206 5627 2283 5693 ὡς
2311 5629 2645 5696 συστατικὰς
2677 5630 2948 5705 διαφορὰς
2983 5635 3152 5704 αὐτῆς
3183 5635 3280 5688 καὶ
3323 5622 3749 5707 cunning.th

592 5748 704 5818 (l3)
734 5750 884 5810 Idem
916 5754 1046 5813 ibid.
1076 5770 1200 5829 cap.
1225 5758 1317 5827 15,
1349 5776 1406 5832 p.
1439 5761 1569 5833 554,
1600 5769 1738 5821 tom.
1770 5764 1793 5821 Ι
1821 5763 1962 5837 Opp.
1986 5763 2122 5822 edit.
2158 5762 2367 5822 Bened.
