4026 6288
300 362 435 429 1265

1530 363 2044 426 AMBIGUORUM
2082 364 2328 425 LIBER.

3404 362 3536 432 1266

295 475 391 529 τοῦ
423 477 544 527 κατ’
570 474 742 543 αὐτὴν
774 473 902 544 ὅρου
934 472 1406 545 παραλαμϐάνειν.
1442 472 1673 527 Ἔπειτα
1701 473 1864 544 σοφώ·

1975 482 2033 527 ut
2071 472 2410 528 differentias
2460 472 2630 541 ipsam
2673 475 3072 531 constituentes
3117 483 3541 551 etcomplcntcs

295 584 453 638 τερον
494 564 808 637 συμπλέξας
863 566 1045 629 αὐτοῖς
1084 568 1149 619 ὲκ
1196 566 1295 636 τῆς
1345 564 1527 619 αὐτῶν
1553 566 1867 636 προτάσεως

300 659 659 729 συλλογισμὸν
708 656 1027 729 περιτρέπει
1086 657 1284 720 αὐτοὺς
1312 657 1543 720 ἑαυτοῖς.
1604 657 1759 726 Ἔχει
1812 656 1869 709 δέ

294 749 472 815 οὕτως
498 768 511 781 ·
579 750 732 804 Ἐπεὶ
775 749 829 802 τί
881 748 1084 802 κωλύει
1144 749 1288 819 κάμὲ
1345 749 1550 818 ταύτην
1604 738 1869 819 πρότασιν

296 844 665 915 ποιησάμενον
700 842 800 913 τὴν
849 842 952 905 ὅτι,
1000 842 1060 894 Ὅ
1103 841 1292 913 Πατὴρ
1340 841 1540 912 μείζων
1578 844 1644 911 τῇ
1684 840 1865 909 φύσει,

295 937 489 991 ἔπειτα
518 936 895 1007 προσλαῦόντα
924 935 1006 997 τὸ,
1042 933 1208 987 Φύσει
1240 934 1297 987 δὲ
1326 936 1388 988 οὐ
1435 935 1653 994 πάντως
1685 929 1870 1003 μεῖζον

290 1030 416 1084 οὐδὲ
464 1030 672 1101 Πατὴρ,
732 1028 981 1083 ἐντεῦθεν
1038 1012 1386 1097 συναγαγεῖν.
1440 1030 1513 1082 Τὸ
1573 1026 1756 1099 μεῖξον
1808 1027 1867 1079 οὐ

295 1123 514 1184 πάντως
563 1121 768 1192 μεῖζον,
818 1121 875 1189 ἢ,
943 1114 1003 1174 '0
1056 1121 1249 1192 Πατὴρ
1278 1122 1340 1175 οὐ
1379 1122 1599 1185 πάντως
1656 1121 1866 1191 Πατὴρ.

295 1214 440 1281 Πρὸς
470 1212 615 1264 δὲτὸ
647 1212 981 1283 σαφέστερον
1017 1213 1147 1283 ἡμῖν
1193 1211 1445 1281 γενέσθαι
1485 1211 1578 1264 κα)⁸
1614 1224 1869 1264 συνεκτι-

292 1303 533 1371 κώτερον
580 1302 994 1372 διαγράφωμεν,
1050 1305 1096 1355 εί
1129 1302 1295 1369 δοκεῖ,
1342 1303 1583 1374 σχήματι
1614 1302 1676 1355 τὸ
1713 1302 1869 1371 λεγό-

295 1411 479 1463 μενον,
511 1398 575 1448 ἐκ
604 1395 704 1465 μὲν
730 1397 829 1466 τῆς
859 1397 967 1449 τῶν
995 1396 1250 1449 ἐναντίων
1279 1396 1677 1465 ἐπιχειρήσεως
1704 1396 1869 1465 ἀρχό-

294 1503 468 1556 μενοι,
496 1487 576 1551 είς
598 1487 653 1541 δὲ
685 1487 785 1556 τὴν
813 1486 907 1541 τοῦ
936 1488 1148 1559 Πατρδς
1172 1486 1581 1549 καταπαύοντες
1612 1486 1869 1540 διδασκα-

290 1580 433 1636 λίαν.
772 1575 777 1580 ’

365 1671 634 1742 Πρὸτασις
696 1671 1014 1743 Ἀρειανῶν,
1074 1674 1243 1743 ήγουν
1312 1668 1683 1741 Εὐνομιανῶν·
1763 1691 1780 1721 ι
1810 1672 1870 1723 El

289 1762 451 1831 φύσει
484 1764 654 1828 αἴτιος
683 1766 709 1817 6
746 1764 932 1835 Πατὴρ
965 1763 1059 1817 τοῦ
1088 1762 1243 1825 Υίοῦ,
1281 1763 1480 1833 μείζων
1522 1763 1579 1816 δὲ
1617 1766 1647 1817 6
1682 1764 1869 1833 Πατὴρ

286 1855 385 1908 τοῦ
421 1855 574 1920 Υίοὺ,
608 1856 808 1926 μείζων
829 1856 935 1924 ἄρα
969 1859 1032 1926 τῇ
1060 1855 1219 1924 φύσει
1257 1857 1285 1907 6
1314 1856 1504 1926 Πατὴρ
1532 1855 1627 1909 τοῦ
1661 1855 1811 1908 Υίοῦ.
1844 1874 1863 1907 ι

301 1946 576 2009 Ἐπίλυσις
619 1947 713 2000 τοῦ
769 1947 927 2015 ἁγίου
965 1948 1175 2017 [ἰατρὸς
1216 1948 1373 2018 ἡμῶν
1440 1948 1745 2018 Γρηγορίου
1780 1948 1870 2001 διὰ

286 2041 387 2107 τῆς
412 2041 489 2102 είς
518 2038 719 2093 ἄτοπον
748 2041 1052 2111 ἀπαγωγῆς
1092 2039 1520 2109 περιτρέποντος
1551 2041 1675 2101 τοὺς
1710 2040 1868 2091 ἐναν-

286 2128 457 2192 τίους*
484 2149 502 2181 ι
524 2130 585 2182 Et
603 2130 763 2199 φύσει
788 2132 990 2201 μείζων
1016 2131 1304 2201 καθ’ὑμᾶς
1325 2133 1353 2183 6
1376 2131 1567 2201 Πατὴρ
1594 2130 1689 2185 τοῦ
1715 2130 1865 2195 Υίοῦ,

286 2218 351 2271 τὸ
377 2219 435 2272 δὲ
473 2222 634 2289 φύσει
666 2223 725 2274 οὐ
767 2223 986 2284 πάντως
1024 2222 1286 2292 μείζωνῆ
1323 2220 1538 2293 Πατὴρ,
1593 2222 1655 2275 τὸ
1684 2222 1869 2291 μεῖζον

285 2307 397 2380 ἄρα
413 2309 473 2362 οὐ
494 2311 707 2374 πάντως
743 2311 949 2381 μεῖζον,
979 2311 1011 2380 ἢ
1032 2314 1061 2365 6
1084 2310 1272 2382 Πατὴρ
1291 2311 1352 2363 οὐ
1375 2311 1591 2372 πάντως
1610 2310 1758 2381 [Ιατή
1769 2326 1817 2380 ρ.
1843 2328 1863 2361 ι

359 2488 515 2543 Οὕτω
542 2492 965 2560 περιτρέπονται
994 2492 1107 2553 τοῖς
1149 2491 1374 2553 οἰκείοις
1414 2487 1721 2551 ἐαλωκότες
1756 2504 1853 2558 μη·

283 2583 599 2652 κινήμασιν
652 2585 699 2636 ot
756 2584 856 2651 τὴν
902 2582 1167 2652 ἀλήθειαν
1216 2582 1664 2651 ὰπαναινόμενοι,
1719 2582 1868 2636 κενοὶ

285 2676 460 2739 κενῶς
492 2678 593 2745 τῆς
630 2677 914 2740 εὐσεϐείας
958 2675 1393 2746 ἐκτιναχθέντες.
1443 2676 1570 2728 Ἐπὶ
1604 2676 1713 2746 γὰρ
1760 2677 1867 2729 τῶν

282 2768 544 2821 τοιούτων
590 2768 762 2837 λόγων
791 2767 859 2821 τὰ
901 2769 1351 2837 συμπεράσματα
1394 2765 1502 2819 τῶν
1547 2765 1867 2837 προτάσεων

283 2862 391 2912 εἰσι
422 2860 738 2924 συστατικὰ,
757 2860 868 2914 τῶν
889 2860 946 2913 δὲ
969 2858 1462 2928 συμπερασμάτων
1489 2860 1542 2911 αἱ
1574 2858 1867 2929 προτάσεις

282 2948 620 3020 ὑπάρχουσιν
659 2950 955 3019 ὁριστικαὶ,
1001 2947 1083 3011 οἷς
1113 2949 1603 3019 περιπεπτώκασιν
1640 2950 1703 3003 ὲκ
1736 2949 1866 3002 πολ-

280 3040 382 3110 λῆς
415 3040 657 3109 ἀμαθίας
690 3041 739 3094 οἱ
761 3042 985 3106 ἑαυτοὺς
1015 3042 1256 3111 οἰόμενοι
1291 3040 1510 3110 σοφούς.

1970 567 2090 636 ejus
2112 565 2491 621 deﬁnitionem
2520 565 2832 622 admittere.
2870 569 3076 625 Deinde
3117 574 3422 642 sapientius
3445 578 3543 630 ad-

1964 656 2159 725 juncto
2190 656 2273 710 eis
2300 670 2366 710 ex
2396 656 2775 726 propositione
2803 656 3049 727 ipsorum
3071 662 3387 733 syllogismo
3441 680 3540 719 suo

1971 750 2216 821 ipsorum
2276 766 2373 806 eos
2420 752 2602 823 gladio
2634 753 2870 822 jugulat.
2905 752 3036 820 Qua:
3084 755 3157 809 ita
3186 774 3243 812 se
3298 758 3539 814 habent:

1917 908 1922 912 _
1979 844 2229 914 «Alioqui
2258 844 2391 915 quid
2419 844 2679 915 prohibet
2716 846 3012 915 quominus
3056 845 3172 915 ipse
3202 863 3420 917 quoque
3468 852 3543 903 al-

1970 935 2077 989 lata
2110 935 2213 990 hac
2245 936 2622 1005 propositione
2651 953 2663 989 :
2698 936 2859 991 Pater
2902 937 3077 1008 major
3110 947 3307 992 natura
3336 950 3439 1004 est,
3484 956 3547 993 ae

1971 1025 2169 1079 deinde
2204 1034 2483 1097 assumpta
2506 1027 2697 1090 altera,
2732 1027 2937 1083 Natura
2963 1037 3146 1083 autem
3181 1032 3407 1084 omnino
3437 1048 3545 1085 non

1972 1113 2164 1183 major,
2193 1128 2295 1169 uec
2312 1114 2507 1181 Pater;
2536 1116 2610 1169 ita
2645 1125 2925 1185 postremo
2977 1119 3338 1173 concludam:
3376 1121 3548 1191 Majus

1973 1204 2142 1273 igitur
2175 1206 2403 1260 omnino
2423 1222 2531 1261 non
2561 1209 2758 1278 majus,
2788 1211 2895 1271 vel,
2947 1210 3107 1264 Pater
3156 1214 3383 1266 omnino
3435 1228 3545 1267 non

1972 1294 2154 1349 Pater.
2181 1316 2200 1346 ι
2240 1296 2443 1350 Verum
2466 1313 2576 1367 quo
2601 1299 2776 1369 magis
2804 1300 2963 1354 nobis
3000 1300 3093 1355 fiat
3112 1304 3463 1372 perspicuum
3493 1315 3549 1357 ct

1970 1399 2435 1453 consummatum,
2467 1404 2587 1459 age,
2617 1390 2672 1444 in
2707 1390 3020 1457 formulam,
3070 1394 3114 1446 si
3176 1394 3374 1463 placet,
3404 1397 3548 1450 redi~

1972 1494 2164 1550 gamus
2192 1481 2341 1551 quod
2399 1481 2623 1546 dicitur,
2666 1483 2735 1537 ab
2761 1484 3206 1539 adversariorum
3259 1488 3547 1543 conamine

1974 1571 2319 1641 incipientes,
2351 1583 2407 1628 et
2434 1574 2489 1627 in
2518 1573 2697 1628 Patris
2728 1574 3039 1630 doctrinam
3084 1576 3425 1631 desinentes.

2041 1663 2351 1733 Propositio
2380 1664 2729 1728 Arianorum,
2750 1666 2866 1722 sive
2890 1668 3392 1723 Eunomianorum:
3431 1689 3448 1721 ι
3483 1671 3537 1724 Si

1973 1754 2136 1808 Pater
2185 1765 2379 1809 natura
2420 1755 2541 1809 Filii
2596 1772 2760 1811 causa
2780 1765 2886 1821 est,
2923 1768 2979 1812 et
3012 1760 3185 1829 major
3214 1760 3377 1813 Pater
3410 1761 3549 1815 Filio

1904 1826 1944 1880 Β
1972 1854 2075 1907 est,
2111 1846 2364 1915 sequitur
2393 1857 2453 1901 ut
2478 1848 2643 1902 Pater
2674 1856 2871 1903 natura
2890 1848 3031 1903 Filio
3068 1826 3242 1919 major
3265 1852 3356 1905 sit.
3388 1873 3405 1901 ι
3445 1853 3547 1907 So-

1975 1936 2114 1990 lutio
2148 1937 2322 1991 sancti
2349 1939 2522 1992 nostri
2580 1939 2755 2008 patris
2799 1939 3049 2010 Gregorii
3104 1942 3171 1996 ad
3241 1944 3547 1998 absurdum

1970 2028 2299 2083 deducentis
2330 2043 2385 2083 et
2411 2029 2752 2086 confutantis
2776 2032 3125 2089 adversarios
3151 2034 3225 2088 ita
3260 2053 3271 2088 :
3314 2056 3329 2086 ι
3363 2036 3419 2089 Si
3452 2052 3548 2089 na-

1973 2127 2092 2174 tura
2124 2122 2429 2175 secundum
2464 2138 2561 2177 vos
2590 2122 2755 2177 Pater
2808 2125 2981 2194 major
3011 2135 3095 2180 est
3124 2126 3281 2192 Filio,
3324 2128 3379 2181 id
3414 2141 3545 2180 vero

1968 2213 2115 2283 quod
2143 2223 2338 2269 natura
2365 2224 2452 2268 est
2509 2230 2858 2284 nequaquam
2897 2220 3075 2287 majus
3109 2227 3192 2273 est
3223 2219 3407 2284 Patre,
3458 2236 3549 2274 sc-

1970 2305 2161 2375 quitur
2192 2315 2251 2359 ut
2279 2307 2459 2376 majus
2491 2307 2719 2361 omnino
2748 2323 2859 2361 non
2899 2309 2971 2362 sit
3004 2310 3200 2379 majus,
3234 2320 3330 2365 aut
3358 2319 3419 2364 ut
3447 2313 3548 2365 Pa—

1968 2406 2054 2452 ter
2081 2398 2309 2452 omnino
2338 2413 2448 2452 non
2498 2398 2661 2452 Pater
2684 2398 2775 2452 sit.
2816 2419 2833 2450 ι

2040 2488 2118 2542 Ita
2148 2488 2505 2543 confutantur
2549 2489 2665 2544 suis
2711 2489 2953 2559 ipsorum
2995 2491 3245 2545 artificiis
3273 2494 3419 2561 capti
3455 2510 3545 2546 vc-

1970 2581 2152 2635 ritatis
2180 2590 2552 2651 renegatores,
2602 2590 2658 2635 et
2700 2582 2852 2637 leves
2893 2584 3098 2652 pietate
3145 2584 3341 2638 leviter
3378 2599 3549 2639 exeu—

1970 2674 2202 2728 tiuntur.
2236 2674 2312 2728 De
2343 2674 2546 2728 talibus
2590 2675 2737 2728 enim
2788 2675 2952 2730 dictis
3000 2677 3385 2731 conclusiones
3416 2694 3551 2730 con-

1968 2768 2205 2822 stituunt
2242 2765 2669 2835 propositiones,
2723 2767 3112 2821 conclusiones
3172 2776 3355 2822 autem
3411 2769 3549 2822 deti-

1968 2858 2129 2912 niunt
2154 2858 2578 2928 propositiones,
2598 2858 2802 2928 quibus
2830 2874 2889 2913 se
2915 2859 3212 2913 induerunt
3232 2872 3332 2929 pro
3358 2877 3553 2930 magna

1969 2963 2066 3001 sua
2097 2947 2406 3018 ignorantia
2442 2946 2521 3001 illi
2549 2946 2643 3016 qui
2677 2946 2783 3003 sibi
2821 2948 3100 3017 sapientes
3130 2947 3262 3017 ipsis
3292 2948 3552 3002 videntur

1970 3054 2110 3094 esse.

288 3276 311 3308 ι
349 3258 546 3312 Ἔστω
599 3260 667 3314 δὲ
692 3262 792 3316 καί
824 3263 1143 3333 ἐνεργείας,
1183 3270 1235 3321 sl
1286 3267 1467 3334 δοκεῖ,
1503 3268 1648 3322 οὐδὲ
1676 3269 1864 3335 οὕτως

1979 3287 1997 3320 ι
2034 3267 2111 3323 Sit
2148 3269 2307 3320 etiam
2335 3268 2576 3330 actionis,
2611 3266 2656 3319 si
2686 3267 2761 3319 ita
2806 3266 3032 3329 videtur,
3085 3282 3176 3318 nec
3210 3269 3283 3318 sic
3339 3265 3551 3335 quidem

354 3347 512 3418 ἡμᾶς
534 3352 833 3422 αἱρήσετε.
887 3357 1038 3410 Αὐτὸ
1084 3358 1153 3410 δὲ
1206 3360 1382 3413 τοῦτο
1422 3359 1759 3428 ἐνεργηκὼς
1787 3360 1866 3414 ἂν

351 3442 447 3507 εἴη
476 3442 541 3495 τὸ
591 3446 936 3512 ὀμοούσιον,
971 3450 1021 3500 εί
1052 3449 1152 3502 καί
1189 3449 1412 3515 ἄτοπος
1430 3448 1633 3516 ἄλλως
1679 3450 1718 3519 ἡ
1755 3449 1863 3518 τῆς

353 3533 487 3601 περὶ
504 3535 676 3589 τοῦτο
698 3538 1001 3608 ἐνεργείας
1026 3542 1337 3610 ὑπόληψις
1377 3542 1511 3613 (ll).
1551 3560 1571 3594 ι

365 3728 583 3800 Ἐπειδὴ
620 3731 668 3782 οἱ
690 3730 790 3801 τὴν
818 3730 1069 3801 γλῶσσαν
1097 3732 1228 3785 ὡσεὶ
1258 3732 1419 3803 ξυρὸν
1441 3734 1581 3786 κατὰ
1602 3733 1701 3803 τῆς
1730 3732 1863 3803 ἁληο

279 3819 431 3883 θείας
467 3822 816 3892 ὴκονημένην
852 3822 1066 3893 ἔχοντες
1100 3824 1287 3892 ἔλεγον
1320 3824 1486 3893 δῆθεν
1522 3825 1856 3894 ἐρωτῶντες·

289 3908 353 3966 Ὀ
378 3913 567 3983 [ἰατὴρ
582 3904 770 3978 οὐσίας
793 3916 959 3981 ἐστὶν,
987 3917 1019 3986 ἢ
1057 3917 1340 3987 ἐνεργείας
1366 3916 1536 3985 ὄνομα
1561 3918 1747 3988 (206
1771 3919 1821 3986 b)
1845 3934 1858 3984 ;

278 4005 370 4058 ἵνα
410 4006 459 4057 εί
508 4007 605 4076 μὲν
641 4008 884 4078 εἴπωμεν
910 4008 1100 4072 οὐσίας
1136 4009 1309 4077 ὄνομα
1347 4004 1487 4063 εἶναι
1538 4011 1616 4073 τὸ,
1649 4011 1858 4081 Πατὴρ,

275 4096 532 4151 ἐντεῦθεν
563 4098 909 4168 συναγάγωσι
944 4100 1003 4152 τὸ
1028 4100 1366 4171 ἐτεροούσιον
1408 4097 1546 4155 εἶναι
1578 4101 1655 4172 τῷ
1686 4104 1861 4171 Πατρὶ

275 4188 370 4239 τὸν
402 4188 547 4253 Υίὺν,
579 4189 655 4252 ὡς
678 4189 780 4260 τῆς
806 4190 979 4261 αὐτῆς
1008 4191 1198 4255 οὐσίας
1231 4192 1326 4245 δύο
1358 4192 1432 4264 μὴ
1466 4194 1860 4263 ἐπιδεχομένης

277 4282 376 4333 καὶ
433 4280 667 4352 διάφορα
716 4283 924 4353 κυρίως
966 4284 1209 4353 ὀνόματα
1266 4286 1354 4353 (εἰ
1406 4287 1512 4357 γὰρ
1557 4289 1618 4339 τὸ
1670 4287 1859 4357 Πατὴρ

276 4373 469 4435 οὐσίας
521 4374 669 4426 ἐστὶν
707 4374 900 4444 ὄνομα,
950 4376 1051 4429 οὐκ
1082 4377 1147 4430 ἄν
1186 4393 1317 4429 ποτε
1359 4381 1458 4446 τῆς
1485 4379 1655 4447 αὐτῆς
1688 4378 1861 4448 ὄνομα

277 4465 364 4532 εἴη
398 4465 459 4517 τὸ
496 4465 622 4524 Υἱὸς
648 4466 687 4534 )“
747 4469 796 4519 εί
834 4466 891 4520 δὲ
928 4467 1229 4537 ἐνεργείας,
1287 4469 1474 4537 σαφῶς
1506 4469 1600 4522 τοῦ
1646 4472 1859 4541 [ἰατρὸς

280 4554 495 4626 ποίημα
525 4556 617 4610 τὸν
658 4559 779 4612 Υίὸν
820 4559 1221 4631 ὁμολογοῦντας
1268 4562 1538 4627 δείξωσιν,
1584 4562 1658 4626 ὡς
1707 4563 1860 4634 ἐνέρ-

276 4660 458 4717 imm,
500 4650 639 4717 μετά
660 4651 719 4703 τὸ
751 4652 849 4720 τὴν
883 4653 1224 4724 κυριολεξίαν
1263 4653 1622 4719 ἀντιθετικῶς
1658 4656 1862 4721 διεξελ-

2041 3374 2258 3413 causam
2304 3356 2615 3411 obtinebitis.
2666 3355 2865 3409 Eodem
2912 3356 3053 3409 enim
3117 3355 3269 3409 modo
3323 3357 3550 3408 dicemus

2042 3451 2135 3503 hoc
2167 3448 2338 3519 ipsum
2357 3449 2518 3518 egisse
2558 3447 2775 3501 Patrem
2800 3487 2813 3509 ,
2854 3456 2910 3499 ut
2953 3445 3415 3501 consubstantialis
3451 3448 3552 3516 ipsi

2039 3536 2203 3594 Filius
2235 3547 2385 3603 esset;
2437 3538 2532 3591 etsi
2589 3536 2825 3607 alioquin
2874 3537 3196 3591 absurditate
3227 3554 3331 3589 non
3391 3547 3536 3590 caret

2039 3632 2339 3705 hujasmodi
2385 3632 2606 3685 actionis
2632 3631 2875 3700 opinio.)

2039 3744 2143 3812 Qui
2176 3744 2418 3812 linguam
2447 3751 2706 3811 tanquam
2743 3743 3070 3797 novaculam
3110 3749 3307 3796 contra
3345 3743 3552 3797 verita—

1970 3848 2079 3892 tem
2132 3844 2350 3890 acutam
2399 3832 2604 3887 habent
2662 3848 2789 3887 cum
2831 3833 3104 3897 dicerent,
3144 3834 3551 3904 interrogantes

1968 3928 2234 3981 nimirum
2261 3942 2272 3977 :
2301 3925 2460 3978 Pater
2481 3921 2809 3977 essentizene
2826 3930 2933 3987 est,
2954 3938 3024 3976 an
3052 3923 3289 3978 actionis
3308 3939 3510 3977 nomen
3534 3926 3550 3975 3

1968 4027 2048 4081 ut,
2101 4017 2149 4072 si
2208 4015 2472 4070 essentia:
2527 4014 2751 4082 quidem
2818 4028 3021 4068 nomen
3089 4029 3213 4068 esse
3270 4033 3289 4065 ι
3326 4015 3486 4069 Pater
3525 4035 3541 4064 ι

1968 4109 2341 4171 statuerimus,
2408 4107 2533 4162 inde
2617 4107 2810 4160 alienae
2885 4122 2917 4159 a
2986 4107 3148 4161 Patre
3228 4107 3551 4161 substantiae

1972 4203 2165 4257 Filium
2238 4216 2361 4256 esse
2457 4201 2743 4271 colligant,
2806 4198 2955 4269 quod
3029 4199 3225 4253 eadem
3292 4205 3551 4254 substan-

1969 4295 2043 4349 tia
2078 4294 2192 4348 duo
2228 4304 2286 4346 et
2347 4294 2567 4348 diversa
2619 4292 2844 4362 proprie
2902 4291 3052 4345 haud
3101 4291 3284 4360 capiat
3328 4292 3551 4347 nomina

1968 4384 2117 4452 (nam
2142 4382 2189 4437 si
2220 4383 2381 4436 Pater
2400 4382 2654 4437 essentia:
2675 4390 2760 4436 est
2787 4394 3013 4444 nomen,
3034 4388 3385 4451 nequaquam
3407 4381 3554 4451 ejus-

1967 4475 2093 4529 dem
2124 4474 2200 4529 sit
2233 4493 2251 4524 ι
2294 4474 2494 4528 Filius:
2522 4487 2729 4528 nomen
2772 4472 2814 4541 ),
2857 4473 2945 4527 sin
2978 4472 3239 4535 actionis,
3278 4482 3341 4527 ut
3402 4474 3550 4527 clare

1968 4572 2132 4633 atque
2161 4572 2350 4633 aperte
2388 4564 2588 4617 Filium
2648 4563 2829 4617 Patris
2867 4564 3250 4617 conditionem
3304 4572 3550 4617 statuere

1965 4669 2088 4718 nos,
2138 4654 2291 4707 velut
2342 4653 2562 4708 actione
2586 4652 2909 4716 conflatum,
2939 4652 3235 4707 ostendere
3283 4653 3565 4716 liabeant,_

279 4741 396 4794 Θείν
446 4738 649 4806 εὐθέως
709 4746 846 4814 πρὸς
875 4746 1075 4809 αὐτοὺς
1100 4746 1194 4799 τὸν
1234 4746 1553 4801 διδάσκαλον
1600 4748 1861 4819 εἰρηκότα

1970 4756 2254 4816 postquam
2286 4744 2355 4799 dc
2385 4745 2632 4814 propriis
2674 4742 2996 4798 nominibus
3018 4752 3211 4797 contra
3250 4742 3549 4812 disputavit

276 4830 406 4884 οὔτε
442 4834 629 4895 οὐσίας
655 4829 793 4888 εἶναι
827 4837 889 4890 τὸ
920 4837 1117 4905 πατὴρ
1144 4838 1338 4907 ὄνομα,
1388 4837 1514 4892 οὐτε
1553 4840 1859 4910 ἐνεργείας,

1970 4839 2225 4910 magister
2279 4838 2577 4908 statimque
2642 4836 2782 4892 dixit
2826 4848 3008 4907 neque
3058 4834 3309 4892 essentia:
3373 4835 3551 4889 Patris

277 4920 420 4973 ἀλλὰ
458 4923 717 4992 σχέσεως,
764 4927 857 4979 καὶ
886 4926 980 4978 τοῦ
1014 4925 1133 4987 πῶς
1183 4928 1297 4996 ἔχει
1348 4928 1485 4998 πρὸς
1528 4928 1621 4981 τὸν
1665 4929 1793 4982 Υίὸν
1829 4933 1857 4984 ὁ

1970 4943 2167 4983 nomen
2224 4944 2383 4991 esse,
2430 4940 2612 4997 neque
2661 4928 2918 4990 actionis,
2976 4927 3072 4983 sed
3130 4925 3432 4989 relationis,
3495 4934 3566 4980 et'

279 5012 489 5083 Πατὴρ,
520 5014 552 5085 ἢ
583 5015 611 5066 6
637 5015 762 5078 Υἱὸς
792 5017 928 5087 πρὸς
956 5017 1046 5071 τὸν
1094 5019 1334 5089 Πατέρα,
1368 5021 1857 5091 συμπεριφορικῶς

1970 5018 2235 5088 ιιιοιιιοιίο
2293 5018 2363 5072 ad
2398 5018 2598 5072 Filium
2650 5033 2709 5072 se
2746 5018 2929 5081 Pater,
3012 5025 3109 5071 aut
3151 5014 3323 5071 Filius
3348 5015 3416 5069 ad
3450 5017 3550 5070 Bas

276 5105 550 5173 ἐνήγαγεν
592 5106 784 5160 εἰπών·
847 5126 869 5159 ι
899 5110 1079 5164 Ἔστω
1128 5113 1221 5165 καὶ
1273 5112 1578 5182 ἐνεργείας,
1622 5115 1672 5167 εί
1702 5114 1864 5169 τοῦτο

1971 5121 2108 5166 trem
2146 5125 2205 5165 se
2227 5109 2452 5177 habeat,
2492 5108 2727 5163 comiter
2751 5108 2919 5163 infert
2946 5108 3141 5163 dicens
3172 5124 3185 5160 :
3222 5124 3241 5157 ι
3266 5106 3350 5162 Sit
3378 5104 3546 5161 etiam

276 5195 445 5262 δοκεῖ,
474 5216 492 5248 ι
528 5200 623 5251 καὶ
665 5201 942 5272 ἐπιφέρει·
996 5221 1015 5256 ι
1047 5204 1190 5257 Αὐτὸ
1237 5205 1293 5257 δὲ
1334 5205 1494 5258 τοῦτο
1535 5206 1862 5278 ἐνηργηκὼς

1970 5204 2221 5266 actionis,
2253 5202 2301 5256 si
2327 5203 2401 5257 ita
2431 5201 2670 5265 videtur,
2700 5209 2757 5255 et
2780 5200 2954 5266 addit,
2988 5199 3227 5255 «Eodem
3254 5199 3403 5254 enim
3426 5213 3547 5252 mo-r

280 5288 348 5341 ἂν
399 5296 484 5361 atq
537 5292 598 5345 τὸ
634 5294 943 5364 ὁμοούσιον.
977 5316 994 5347 ι
1050 5298 1172 5361 Πῶς
1208 5293 1305 5351 οὖν
1344 5300 1557 5367 ἐνεργεῖ
1584 5299 1644 5352 τὸ
1667 5299 1861 5367 ὁμοού-

1970 5299 2037 5353 do
2056 5299 2303 5353 dicemus
2329 5297 2627 5366 hocipsum
2651 5295 2828 5365 egisse
2853 5296 3069 5349 Patrem
3096 5300 3157 5347 ut
3185 5292 3548 5347 consubstan-

281 5398 425 5447 ctov;
462 5379 694 5455 ζητήσαι
734 5401 816 5448 τις
862 5386 928 5439 ἂν
966 5388 1128 5459 τυχὸν
1158 5388 1266 5441 τῶν
1310 5390 1451 5456 ἄγαν
1496 5390 1863 5455 ἐξεταστικῶν

1970 5389 2118 5443 tialis
2153 5386 2256 5457 ipsi
2282 5388 2455 5441 Filius
2477 5393 2645 5441 esset.
2696 5403 2715 5437 ι
2761 5382 3052 5451 Quomodo
3102 5383 3292 5454 igitur,
3334 5388 3551 5447 quan-er

280 5476 375 5528 καὶ
428 5476 594 5545 μηδὲν
635 5477 744 5529 τῶν
794 5481 1183 5549 συμφερόντων
1227 5483 1444 5550 ἀγνοεῖν
1489 5484 1855 5552 ἀνεχομένων.

1970 5481 2201 5537 fortasse
2237 5481 2440 5550 aliquis
2480 5464 2760 5535 curiosior
2804 5484 2861 5532 et
2913 5476 3051 5532 nihil
3090 5472 3237 5543 quod
3305 5469 3439 5525 utile
3473 5468 3560 5522 sit.

278 5562 455 5617 Τοῦτο
499 5565 557 5617 δὲ
608 5565 750 5619 κατὰ
778 5567 984 5620 τοιόνδε
1027 5569 1230 5639 τρόπον
1267 5569 1716 5641 ὁμαλισθήσεται.
1753 5571 1857 5623 Δύο

1970 5575 2219 5644 ignorare
2247 5571 2548 5636 sustinens,
2574 5569 2855 5640 quomodo
2877 5568 3074 5638 agitat.
3101 5560 3551 5619 consubstantia-

285 5655 512 5712 διαϐόλου
561 5657 659 5721 τὰς
709 5659 989 5730 ἐνεργείας
1037 5656 1178 5715 εἷναί
1241 5679 1406 5731 φασιν
1446 5664 1505 5715 ὲν
1551 5666 1665 5726 τοῖς
1709 5663 1851 5729 οὖσι,

1970 5664 2030 5717 lis
2063 5662 2237 5718 Filius
2274 5661 2395 5719 sit?
2424 5660 2585 5729 Quod
2628 5661 2735 5717 hoc
2762 5660 2878 5715 fere
2937 5656 3099 5712 modo
3137 5651 3553 5725 explanabitur.

297 5850 307 5858 ,
348 5792 463 5869 (ιι)
492 5795 640 5853 Idem
670 5799 793 5855 ibid.
820 5815 940 5871 cap.
985 5798 1069 5867 l6,
1102 5816 1158 5871 p.
1189 5799 1313 5867 535,
1353 5808 1485 5855 tom.
1514 5801 1554 5854 1.
1584 5800 1722 5871 Opp.
1762 5800 1852 5857 ed.
1886 5800 2091 5856 Bened.
