4026 6288
504 367 637 434 1267

1662 369 1724 426 S.
1765 366 2048 428 MAXIM!
2085 365 2590 429 CONFESSORIS

3620 361 3758 428 1268

500 487 644 541 Duas
695 487 751 540 in
797 485 1114 540 universum
1179 485 1426 540 actiones
1486 483 1540 538 in
1594 484 1758 539 rebus
1787 493 2072 545 statuunt.

2186 485 2314 554 μίαν
2347 487 2444 555 μὲν
2475 486 2575 556 τὴν
2601 486 2952 557 προάγουσαν
2990 485 3053 538 ὲκ
3089 484 3197 538 τῶν
3219 485 3389 538 ὅντων
3415 485 3667 554 φυσικῶς
3689 486 3755 538 τὰ

499 593 731 648 quarum
763 593 868 631 una
899 586 988 632 est
1016 592 1142 648 qua:
1167 593 1233 632 es
1268 576 1336 631 iis
1383 591 1504 646 qua:
1561 587 1690 630 sunt
1748 575 2076 630 naturaliter

499 677 750 738 procreat
777 684 902 738 qua:
929 668 1042 724 sint
1070 667 1324 739 ejusdem
1354 678 1408 723 et
1439 668 1658 739 generis
1713 677 1770 722 et
1799 669 2074 733 essentia,

497 754 716 824 sibique
747 754 884 825 ipsis
938 755 1131 811 eadem
1181 756 1386 826 ubique
1414 766 1470 811 et
1500 755 1831 812 constantia.
1864 757 1939 812 De
1969 773 2076 826 qua

497 845 668 902 veluti
696 847 1040 918 morigerans
1067 849 1337 920 argutulis
1358 849 1468 903 illis
1498 858 1644 904 recte
1665 849 1944 920 magister,
1966 864 2077 919 quo

499 939 778 1010 paulisper
833 940 1028 996 saltem
1059 941 1554 1012 a'blasphemando
1608 957 1704 996 eos
1758 940 2072 1012 prohibeat,

499 1029 635 1084 dicit
671 1048 684 1083 :
726 1050 742 1081 ι
778 1031 912 1086 Esto
943 1047 1076 1087 vero
1104 1032 1406 1088 secundum
1438 1047 1555 1096 vos,
1581 1051 1598 1084 ι
1622 1033 1928 1088 secundum
1959 1032 2075 1087 dis-

499 1122 804 1190 putationis
832 1123 1198 1194 suppositum,
1239 1145 1256 1176 ι
1291 1134 1412 1180 esto
1438 1125 1602 1180 etiam
1632 1124 1862 1181 actionis
1878 1141 2075 1180 nomen

499 1215 711 1281 Patent
746 1223 803 1271 et
825 1214 910 1272 his
937 1215 1247 1288 subjungit:
1287 1236 1304 1268 ι
1330 1216 1536 1272 Eodem
1561 1218 1706 1272 enim
1739 1217 1902 1272 modo
1929 1217 2078 1272 dice-

498 1320 624 1360 mus
653 1305 755 1360 hoc
783 1306 960 1376 ipsum
991 1307 1168 1378 egisse
1192 1307 1432 1372 Patrem;
1463 1307 1480 1358 i
1519 1307 1570 1361 id
1602 1317 1688 1362 est
1718 1316 1778 1361 ut
1835 1308 2075 1362 consub-

496 1399 769 1453 stantialis
799 1400 901 1470 ipsi
932 1400 1107 1455 Filius
1131 1409 1298 1463 esset,
1333 1408 1591 1471 tanquam
1631 1399 1876 1456 ediceret
1904 1401 2076 1455 actio-

496 1509 620 1547 nem
653 1493 1024 1548 essentialiter
1064 1493 1408 1548 substantem
1439 1502 1496 1548 et
1549 1492 1846 1556 viventem,
1879 1508 2072 1562 quem-

494 1583 788 1639 admodum
818 1593 872 1640 et
914 1585 1234 1640 Sermonem
1265 1583 1510 1654 profecto
1538 1583 1720 1636 vivum
1751 1592 1808 1636 et
1838 1593 2074 1652 potesta—

498 1686 607 1731 tem
640 1683 695 1731 et
714 1677 1042 1746 sapientiam
1090 1693 1188 1747 per
1203 1693 1262 1732 se
1278 1676 1448 1747 ipsam
1466 1676 1804 1732 substantem
1827 1676 2072 1746 unigeni-

2180 578 2418 648 ὁμογενῆ
2476 579 2571 632 καὶ
2621 578 2883 649 ὀμοούσια
2928 578 3020 630 καὶ
3069 579 3286 639 ἑαυτοῖς
3338 579 3521 644 πάντη
3560 577 3753 630 ταὺτά.

2181 668 2318 720 Καθ’
2348 671 2414 740 ἢν
2457 669 2946 740 συμπεριενεχθεὶς
2973 672 3086 732 τοῖς
3114 668 3464 738 λογολέσχαις
3495 667 3760 730 επιεικῶς

2180 759 2316 830 πρὸς
2341 760 2403 813 τὸ
2440 761 2636 831 μικρὸν
2679 759 2812 828 γοῦν
2845 761 3091 829 ἐπισχεῖν
3119 760 3319 823 αὐτοὺς
3360 758 3456 812 τοῦ
3507 758 3755 829 βλασφη-

2181 854 2305 920 μεῖν
2331 869 2496 922 φησιν
2534 855 2562 907 ὁ
2607 852 2946 918 διδάσκαλος.
3004 873 3022 903 ι
3053 853 3236 906 Ἔστω
3262 851 3318 904 δὲ
3351 851 3475 904 καθ’
3527 853 3694 921 ὑμεῖς,
3735 869 3753 901 ι

2177 945 2318 998 κατά
2340 945 2430 998 τὸν
2471 945 2803 1000 ἀποδοθέντα
2835 945 3036 998 σκοπὸν
3061 942 3156 997 τοῦ
3194 943 3378 1011 λόγου,
3423 962 3442 994 ι
3465 944 3563 996 καὶ
3606 944 3758 1010 ἐνερ-

2154 1035 2330 1104 ’γείας
2355 1036 2527 1107 ὅνομσι
2558 1039 2586 1090 ὁ
2618 1037 2828 1108 Πατήρ.
2863 1031 2959 1099 Οἷς
2993 1037 3212 1102 ἐπαγειο
3273 1053 3292 1086 ι
3316 1034 3460 1088 Αὐτὸ
3509 1035 3568 1087 δὲ
3600 1033 3761 1086 τοῦτο

2176 1128 2497 1199 ἐνηργηκὼς
2525 1127 2593 1182 ἂν
2625 1128 2711 1199 εἴη
2737 1130 2766 1182 ὁ
2796 1126 3004 1196 Πατὴρ,
3022 1145 3040 1175 ι
3076 1125 3321 1196 δηλονότι
3351 1126 3414 1177 τὺ
3443 1125 3756 1194 ὀμοοὺσιον,

2173 1219 2250 1284 ὡς
2269 1221 2549 1291 ἐνέργειαν
2570 1219 2844 1284 οὑσιωδιῖκς
2861 1217 3184 1287 ὑφεστῶσαν
3213 1219 3309 1270 καὶ
3345 1216 3552 1281 ζῶσαν,
3570 1217 3760 1285 ὥσπερ

2175 1313 2270 1366 οῦν
2299 1311 2496 1382 ἀμέλει
2529 1312 2626 1366 καὶ
2653 1311 2812 1380 λόγον
2834 1311 3014 1375 ζῶντα
3049 1310 3142 1364 καὶ
3176 1309 3408 1380 δύναμιν
3431 1310 3531 1363 καὶ
3567 1307 3760 1376 σοφίαν

2174 1403 2590 1457 αὑουπόστατον
2639 1402 2731 1455 τὸν
2779 1401 3044 1472 μονογενῆ
3095 1401 3234 1454 Θεοῦ
3277 1401 3449 1469 Λόγον
3490 1400 3589 1453 καὶ
3632 1399 3761 1451 Ti?”

2174 1493 2270 1548 τοῦ
2323 1494 2539 1564 Πατρὸς
2586 1494 2875 1565 εἰρήκασιν
2921 1493 2971 1546 οἱ
3019 1491 3314 1562 Θεόφρονες
3346 1490 3448 1559 τῆς
3497 1489 3759 1559 ἀληθείας

2173 1587 2503 1642 διδάσκαλοι.
2550 1587 2662 1657 Τὴν
2717 1586 2775 1640 δὲ
2819 1585 3015 1655 ἑτέραν
3072 1584 3354 1656 ἑνέργειάν
3402 1599 3576 1649 φασιν
3619 1577 3757 1634 εἶναι

2173 1681 2281 1734 τῶν
2317 1680 2476 1742 ἐκτὸς
2509 1678 2943 1750 ἀπεργαστικὴν,
2979 1677 3098 1731 καθ’
3141 1679 3208 1746 ἣν
3240 1677 3368 1747 περί
3400 1693 3455 1728 τι
3481 1674 3594 1727 τῶν
3626 1674 3750 1738 ἕξω-

499 1778 612 1824 tum
644 1769 741 1825 Dei
781 1772 1103 1825 Sermonem
1119 1780 1176 1825 et
1205 1769 1402 1824 Filium
1425 1769 1601 1825 Patris
1622 1768 1794 1824 divini
1821 1768 2070 1823 veritatis

2184 1769 2266 1824 Βεν
2297 1770 2488 1840 (207
2517 1772 2582 1836 a)
2622 1768 2718 1822 καὶ
2767 1768 3121 1839 ὲτεροουσίων
3175 1766 3413 1836 ἐνεργῶν
3459 1783 3546 1828 τις
3573 1764 3760 1831 ἔτερόν

495 1862 751 1917 doctores
768 1861 1049 1918 dixerunt.
1074 1861 1313 1918 Alteram
1343 1870 1524 1917 autem
1555 1862 1828 1917 actionem
1861 1859 1927 1915 ad
1970 1877 2067 1914 es-

2184 1879 2220 1915 rt
2251 1863 2350 1932 τῆς
2378 1861 2512 1924 ἰδίας
2543 1861 2730 1925 οὐσίας
2758 1859 3038 1930 ἀλλότριον
3061 1861 3126 1913 ὲκ
3145 1857 3599 1928 προῦποκειμένη
3630 1856 3760 1925 ὕλης

499 1961 654 2009 terna
683 1954 968 2009 ellicienda
1000 1955 1276 2024 pertinere
1307 1962 1578 2018 statuunt,
1617 1969 1726 2024 qua
1764 1953 1891 2024 quis
1919 1953 2063 2008 circa

2184 1951 2312 2018 τινὸς
2346 1951 2774 2018 κατασκευάζει.
2808 1951 3026 2023 Ταύτην
3064 1951 3122 2004 δὲ
3161 1951 3260 2021 τὴν
3305 1949 3594 2020 ἐνέργειαν
3641 1951 3759 2006 ταῖς

495 2054 783 2103 externum
813 2046 1021 2116 aliquid
1051 2055 1108 2102 et
1136 2048 1328 2103 alienae
1356 2047 1606 2104 essentia:
1635 2063 1802 2118 agens
1824 2047 2063 2102 alienum

2184 2045 2386 2116 τέχναις
2429 2044 2872 2115 ὲπιστημονικῶς
2904 2041 3231 2112 συγκεῖσθαί
3260 2059 3412 2110 φασι.
3461 2041 3603 2111 Περὶ
3640 2036 3711 2112 ἧς
3732 2043 3760 2094 6

494 2135 628 2209 quid
657 2153 688 2192 a
717 2138 941 2208 propria
971 2140 1212 2194 essentia
1241 2147 1408 2210 atque
1437 2139 1715 2194 diversum
1743 2155 1810 2192 ex
1841 2137 2073 2192 materia

489 2228 600 2298 jam
631 2228 782 2299 prius
814 2230 1117 2286 exsistente
1149 2230 1408 2286 instituit.
1461 2231 1610 2285 lianc
1655 2239 1840 2284 autem
1896 2229 2076 2284 actio-

495 2337 621 2376 nem
639 2337 766 2378 cum
789 2324 1004 2379 artibus
1026 2323 1328 2378 secundum
1347 2323 1633 2377 scientiam
1665 2320 2068 2376 communicari

493 2425 550 2470 et
577 2417 936 2487 compositam
967 2432 1088 2472 esse
1129 2416 1306 2470 aiunt.
1338 2417 1414 2471 De
1443 2431 1550 2486 qua
1581 2415 1802 2470 divinus
1826 2414 2020 2470 doctor
2054 2432 2068 2468 :

499 2528 519 2561 ι
541 2509 678 2573 Etsi,
707 2507 908 2578 inquit,
923 2508 1166 2579 alioquin
1182 2507 1521 2563 absurditate
1541 2522 1651 2562 non
1673 2515 1843 2571 caret,
1864 2526 1882 2558 ι
1911 2507 2066 2578 juxta

490 2614 656 2670 quam
694 2597 956 2654 videlicet
983 2597 1253 2654 rationem
1282 2605 1502 2668 accepta
1549 2606 1656 2659 est,
1690 2616 1708 2649 ι
1749 2597 2066 2673 hujusmodi

491 2688 728 2745 actionis
772 2690 983 2762 opinio,
1019 2709 1038 2742 ι
1095 2689 1400 2761 ρηοδετιίηι
1442 2690 1486 2744 si
1529 2690 1597 2745 de
1631 2691 1792 2746 Patre
1841 2697 1898 2745 et
1927 2690 2066 2745 Filio

493 2782 780 2852 accipitur,
824 2783 895 2838 de
939 2783 1145 2853 quibus
1184 2798 1254 2838 ne
1308 2783 1551 2853 priorem
1585 2782 1807 2854 quidem
1841 2784 2066 2854 proprie

2171 2137 2416 2208 θεόφρων
2441 2135 2762 2200 διδάσκαλός
2787 2153 2947 2207 φησι,
2994 2157 3010 2188 ι
3037 2137 3102 2190 El
3136 2137 3230 2190 καὶ
3273 2137 3470 2198 ἄτοπος
3503 2135 3707 2198 ἄλλως,
3735 2151 3754 2184 ι

2173 2229 2304 2301 παρ’
2330 2229 2389 2284 ὃν
2419 2229 2626 2300 ἐλήφθη
2663 2229 2908 2301 δηλονότι
2936 2229 3160 2298 τρόπον,
3187 2248 3206 2281 ι
3229 2229 3292 2282 Ἥ
3309 2231 3412 2297 τῆς
3437 2229 3574 2298 περὶ
3601 2225 3759 2281 τοῦτο

2171 2323 2453 2394 ἐνεργείας
2484 2321 2812 2392 ὑπόληψις,ι
2868 2320 2963 2374 καὶ
3006 2320 3242 2390 μάλιστα
3275 2320 3369 2374 ἐπὶ
3403 2320 3631 2390 Πατρδς
3664 2318 3755 2372 καὶ

2174 2415 2306 2467 Υἱοῦ
2332 2413 2772 2484 λαμϐανομένης,
2803 2412 2887 2481 ἐφ’
2913 2408 2989 2466 ὧν
3017 2410 3140 2465 οὐδὲ
3169 2412 3267 2482 τὴν
3292 2410 3519 2483 πρώτην
3547 2410 3752 2480 κυρίως

2173 2506 2431 2573 δέξασθαι
2466 2509 2497 2560 ὁ
2527 2506 2760 2577 εὐσεϐὴς
2796 2507 3052 2578 ἀνέχεται
3094 2505 3242 2570 νοῦς,
3276 2505 3368 2558 διὰ
3396 2504 3463 2557 τδ
3488 2503 3588 2557 καὶ
3619 2501 3757 2569 ὑπὲρ

2173 2599 2377 2671 ταύτην
2405 2594 2547 2654 εἶναι
2569 2601 2668 2671 τὴν
2700 2602 2765 2654 ὲκ
2787 2599 2883 2653 τοῦ
2933 2599 3145 2670 Πατρδς
3181 2598 3277 2653 καὶ
3310 2597 3428 2668 ἅμα
3466 2596 3550 2667 τῷ
3585 2595 3759 2666 Πατρὶ

2173 2694 2269 2747 καὶ
2295 2695 2354 2747 ὲν
2383 2693 2461 2764 τῷ
2493 2695 2671 2764 [Iath
2702 2694 2980 2765 ἄφραστον
3006 2693 3101 2746 καὶ
3131 2690 3493 2763 ἀπερινόητον
3523 2687 3759 2759 ὓπαρξιν

2173 2785 2268 2838 τοῦ
2308 2786 2668 2856 Μονογενοῦς.

490 2873 761 2928 actionem
804 2883 1046 2930 statuere
1096 2889 1199 2930 nos
1235 2873 1358 2945 pius
1410 2889 1605 2930 sensus
1647 2875 1880 2944 patitur.
1923 2885 2211 2944 propterea
2241 2876 2391 2945 quod
2443 2877 2609 2930 etiam
2645 2877 2789 2932 hanc
2826 2885 3056 2946 superat
3093 2874 3391 2931 ineﬂ‘abilis
3437 2884 3499 2929 et
3539 2873 3752 2928 incom-

490 2962 882 3033 prehensibilis
909 2965 1185 3036 Unigeniti
1218 2967 1546 3031 substantia,
1578 2982 1685 3036 qua
1723 2982 1791 3020 ex
1821 2966 1978 3020 Patre
2003 2975 2060 3020 et
2086 2981 2212 3021 cum
2240 2968 2402 3025 Patre
2423 2979 2477 3024 et
2505 2969 2561 3025 in
2597 2971 2758 3025 Patre
2798 2977 2904 3023 est.

491 3173 575 3230 Ea:
601 3176 828 3230 secundo
859 3177 922 3230 de
946 3174 1080 3230 Filio
1115 3192 1374 3239 sermone,
1403 3177 1457 3230 in
1496 3175 1631 3230 illud
1658 3192 1675 3230 :
1721 3195 1740 3228 ι
1775 3177 1913 3231 Deus
1948 3194 2067 3232 vero

2184 3180 2284 3234 Ἐκ
2339 3179 2447 3233 τοῦ
2491 3179 2553 3244 ,ϐ’
2601 3178 2733 3248 περὶ
2776 3178 2913 3234 Υιοῦ
2940 3179 3150 3248 λόγου.
3197 3178 3286 3240 εἰς
3330 3175 3418 3228 τό·
3467 3194 3484 3224 ι
3517 3173 3664 3240 Θεὸς
3699 3171 3762 3224 δὲ

562 3267 769 3322 dicatur
817 3285 921 3322 non
953 3270 1158 3322 ratione
1187 3267 1356 3334 Verbi,
1391 3269 1481 3323 sed
1523 3271 1691 3340 partis
1715 3286 1832 3341 quae
1860 3273 1912 3324 in
1944 3287 2071 3325 acu--

561 3356 736 3413 lorum
767 3375 976 3414 sensum
1016 3358 1174 3413 cadit.
1225 3356 1338 3424 Quo
1377 3359 1515 3412 enim
1570 3359 1721 3413 modo
1764 3359 1933 3424 illius,
1982 3361 2073 3431 qui

565 3453 777 3523 praprie
809 3450 946 3506 Deus
969 3459 1044 3506 est
1073 3450 1212 3505 Deus
1254 3449 1355 3505 dici
1389 3451 1586 3522 queat?
1615 3449 2071 3517 Quemadmodum

563 3543 724 3599 Pater
775 3562 876 3599 non
929 3545 1298 3609 humanitatis,
1333 3544 1424 3599 sed
1460 3543 1610 3598 Verbi
1667 3553 1920 3616 respectu.
1957 3545 2072 3600 Du-

560 3637 685 3708 plici
720 3639 910 3710 quippe
955 3647 1149 3692 natura
1178 3638 1486 3703 constabat;
1521 3654 1621 3708 quo
1651 3636 1726 3706 ﬁt
1755 3645 1811 3691 ut
1846 3638 2071 3692 alterum

563 3734 629 3786 de
680 3741 899 3804 utroque
938 3731 1148 3803 proprie
1205 3731 1434 3797 dicatur,
1487 3730 1719 3786 alterum
1764 3733 2070 3804 improprie,

564 3833 749 3878 contra
794 3842 957 3896 quam
996 3825 1049 3878 in
1098 3825 1242 3879 nobis
1292 3842 1348 3878 se
1384 3841 1465 3878 res
1512 3825 1684 3879 liabet.
1738 3824 1878 3880 Deus
1933 3827 2074 3880 enim

565 3918 776 3986 proprie
801 3926 976 3971 noster
994 3916 1132 3971 Deus
1158 3925 1253 3980 est,
1283 3933 1384 3970 non
1413 3925 1591 3971 autem
1615 3919 1824 3989 proprie
1843 3917 2026 3972 Pater.
2049 3938 2066 3968 ι

573 4051 593 4083 ι
623 4033 870 4086 Alterum
908 4032 1133 4102 praprie
1178 4031 1248 4087 de
1289 4040 1524 4101 utroque
1551 4052 1568 4082 ι
1609 4041 1692 4086 est
1733 4033 2072 4102 ponendum,

495 4133 552 4178 et
591 4123 659 4177 de
685 4123 846 4178 Patre
877 4123 1030 4178 etde
1065 4123 1200 4186 Deo,
1247 4131 1308 4177 ut
1331 4137 1564 4192 quorum
1609 4131 1910 4193 utrumque
1942 4139 2072 4194 pro-

495 4213 613 4280 prie
643 4221 826 4282 potest
855 4213 924 4267 de
945 4212 1168 4268 Christo
1197 4213 1307 4267 dici
1335 4221 1564 4283 propter
1593 4214 1916 4270 substantia:
1955 4216 2076 4269 uni-

497 4313 686 4358 tatem.
727 4302 933 4358 Christi
965 4304 1116 4359 enim
1157 4304 1321 4360 Pater
1363 4303 1591 4374 proprie
1629 4313 1714 4360 est
1748 4305 1913 4371 Deus,
1945 4306 2073 4376 quia

498 4391 669 4446 Filius
705 4403 762 4449 et
806 4381 953 4449 Deus
991 4392 1186 4450 Sermo
1235 4401 1292 4450 et
1337 4384 1504 4449 unus.
1537 4405 1740 4449 sancta:
1788 4395 2075 4450 Trinitatis

495 4484 714 4539 exsistit
764 4485 849 4541 vel
913 4494 1037 4555 post
1097 4485 1591 4552 carniﬁcationem,
1647 4497 1709 4543 ut
1763 4490 1929 4546 etiam
1976 4491 2069 4546 Dei

495 4577 742 4648 ejusdem
789 4577 999 4635 Christi
1055 4596 1252 4636 rursus
1290 4589 1380 4637 est
1435 4582 1679 4652 proprie,
1724 4584 1855 4654 quia
1905 4583 2073 4638 homo

497 4683 688 4725 revera
715 4679 800 4725 est
827 4678 1057 4741 propter
1085 4687 1332 4736 carnem,
1371 4681 1428 4728 et
1459 4688 1606 4728 unus
1638 4673 1926 4729 hominum
1975 4689 2075 4744 ap-

496 4759 848 4829 pellabatur;
891 4776 1015 4832 qua:
1055 4761 1206 4817 enim
1241 4763 1483 4832 partium
1529 4773 1680 4827 sunt,
1711 4780 1775 4819 ea
1825 4765 1896 4820 de
1933 4775 2072 4826 toto,

495 4851 641 4920 quod
665 4851 793 4906 inde
822 4852 1095 4917 consistit,
1121 4853 1347 4924 proprie
1372 4854 1765 4924 praedicantur,
1793 4857 1922 4927 quia
1949 4873 2076 4927 pro-

494 4942 612 5013 prie
646 4943 843 5014 recipit
888 4960 1231 5016 quaecunque
1271 4945 1600 5001 naturaliter
1647 4947 1918 5003 inhaerent
1949 4965 2075 5018 par-

495 5034 664 5098 tibus,
701 5035 849 5091 unde
893 5037 1060 5092 etiam
1105 5046 1384 5092 constant.
1443 5057 1459 5085 ‹
1493 5039 1736 5092 Alterum
1770 5037 2074 5109 improprie

496 5126 566 5181 de
599 5136 876 5198 utroque:
923 5142 1080 5199 mque
1127 5128 1456 5200 capiendum
1491 5139 1576 5185 est
1616 5139 1672 5184 et
1720 5130 1788 5186 de
1839 5131 1953 5186 Deo
2015 5138 2074 5185 et.

499 5216 569 5271 de
608 5218 789 5280 Patre,
834 5221 966 5288 quia
1015 5231 1313 5292 utrumque
1360 5221 1688 5277 vocabulum
1735 5225 1804 5277 de
1849 5222 2074 5280 Christo

496 5308 722 5378 proprie
761 5309 871 5364 dici
907 5312 1120 5380 nequit,
1158 5320 1386 5383 propter
1427 5313 1734 5368 naturalem
1770 5330 1963 5369 earum
2006 5330 2073 5368 ex

497 5400 703 5469 quibus
751 5409 808 5456 et
849 5401 904 5456 in
936 5404 1143 5472 quibus
1174 5405 1427 5460 consistit
1454 5414 1777 5460 naturarum
1807 5406 2071 5461 differen-

498 5489 652 5544 tiam.
685 5485 817 5559 Quae
846 5490 996 5547 enim
1039 5494 1093 5548 ei
1139 5495 1286 5564 quod
1333 5493 1402 5550 de
1440 5495 1842 5565 compositione
1897 5505 2071 5552 totum

498 5586 584 5635 est
619 5581 903 5639 adbarent
931 5581 1000 5637 de
1031 5599 1140 5639 una
1169 5585 1409 5640 alterave
1450 5586 1692 5654 partium
1721 5601 1970 5647 suarum,
2007 5601 2072 5640 ea

502 5686 780 5742 nunquam
815 5675 1037 5746 proprie
1066 5675 1538 5747 praedicabantur.
1563 5696 1581 5727 ‹
1605 5668 1808 5732 Contra
1840 5696 1857 5727 ι
1891 5686 2074 5732 autem

2245 3273 2480 3342 λέγοιτο
2535 3272 2614 3327 ἂν
2642 3274 2714 3328 οὐ
2748 3272 2856 3326 τοῦ
2905 3272 3124 3340 Λόγου,
3179 3266 3284 3322 τοῦ
3328 3265 3641 3334 ὁρωμένου
3676 3262 3758 3316 δέ.

2247 3365 2380 3432 Πῶς
2421 3367 2534 3436 γὰρ
2587 3365 2681 3433 εἴη
2730 3365 2835 3418 τοῦ
2893 3362 3112 3428 κυρίως
3149 3359 3300 3414 Θεοῦ
3342 3360 3524 3422 Θεὸς;
3562 3358 3761 3419 ὥσπερ

2247 3457 2346 3512 καὶ
2389 3457 2596 3527 Πατὴρ
2627 3459 2698 3512 οὐ
2748 3456 2856 3510 τοῦ
2898 3455 3221 3524 ὁρωμένου,
3261 3451 3366 3506 τοῦ
3429 3451 3630 3519 Λόγου
3676 3447 3758 3501 δέ.

2248 3550 2353 3604 Καί
2385 3550 2493 3620 γὰρ
2537 3546 2616 3620 ἦν
2657 3547 2934 3614 διπλοῦς,
2965 3545 3122 3600 ὥστε
3152 3545 3222 3599 τὸ
3254 3542 3369 3614 μὲν
3411 3542 3636 3607 κυρίως
3673 3539 3761 3592 ἐπ’

2245 3643 2490 3713 ἀμφοῖν,
2517 3641 2585 3697 τὸ
2613 3641 2681 3695 δὲ
2711 3643 2784 3696 οὐ
2807 3639 3025 3709 κυρίως
3043 3656 3056 3670 ·
3089 3637 3375 3702 ἐναντίως
3402 3635 3471 3688 δὲ
3603 3631 3764 3700 ἡμῶν

2246 3735 2393 3805 ἔχει.
2435 3734 2634 3804 Ἠμῶν
2661 3733 2772 3803 γὰρ
2808 3732 3023 3802 κυρίως
3059 3729 3203 3797 Θεὸς
3249 3732 3283 3785 ὀ
3322 3729 3489 3793 Θεὸς.
3539 3728 3616 3780 οὐ
3659 3743 3761 3779 κιν-

2242 3830 2388 3896 ρίως
2417 3827 2484 3880 δὲ
2517 3825 2720 3896 Πατήρ
2756 3824 2891 3896 (15).
2926 3845 2944 3877 ι

2251 4030 2324 4082 Τδ
2358 4029 2455 4098 μὲν
2485 4027 2690 4098 κυρίως
2717 4028 2802 4080 ἐπ’
2824 4027 3026 4095 ἀμφοῖν
3045 4023 3250 4087 θετέον,
3271 4021 3388 4084 τοῦ,
3425 4019 3641 4087 Πατὴρ,
3675 4018 3760 4070 καὶ

2177 4119 2293 4183 τοῦ,
2324 4119 2476 4183 Θεὸς,
2500 4119 2575 4180 ὼς
2619 4117 2822 4188 ἀμφοῖν
2864 4115 2958 4168 ἐπὶ
2991 4111 3230 4184 Χριστοῦ
3265 4110 3474 4180 κυρίως
3509 4107 3763 4175 λέγεσθαι

2175 4209 2494 4282 δυναμένων
2535 4209 2623 4262 διὰ
2656 4207 2756 4278 τὴν
2813 4207 2943 4276 μίαν
2993 4205 3320 4258 ὑπόστασιν.
3364 4198 3611 4269 Χριστοῦ
3658 4198 3761 4267 γὰρ

2183 4305 2370 4375 Πατὴρ
2403 4303 2608 4374 κυρίως
2645 4302 2795 4356 ἐστὶν
2821 4302 2850 4354 ὁ
2874 4299 3030 4360 Θεὸς,
3053 4297 3130 4360 ὼς
3154 4295 3284 4349 Υίοῦ
3311 4294 3406 4347 καὶ
3427 4291 3568 4344 Θεοῦ
3593 4290 3760 4356 Λόγου

2177 4398 2273 4452 καὶ
2319 4397 2440 4461 ἐνὸς
2488 4396 2590 4465 τῆς
2640 4395 2800 4462 ἁγίας
2829 4391 3062 4460 naso;
3113 4389 3453 4457 ὑπάρχοντος
3486 4385 3586 4437 καὶ
3629 4381 3758 4449 μετὰ

2178 4491 2277 4559 τὴν
2309 4487 2612 4558 σάρκωσιν,
2649 4486 2744 4540 καὶ
2779 4482 2917 4538 Θεοῦ
2955 4480 3051 4534 τοῦ
3093 4477 3262 4532 αὑτοῦ
3311 4475 3554 4547 Χριστοῦ
3606 4473 3757 4526 πάλιν

2131 4551 2150 4595 ›
2181 4551 2575 4650 κυρίως-ἐστὶν,
2607 4577 2681 4640 ὡς
2715 4573 3005 4647 ἀνθρώπου
3033 4571 3177 4625 κατά
3207 4569 3466 4640 ἀλήθειαν
3484 4567 3642 4626 δντος
3674 4563 3756 4617 διὰ

2176 4672 2278 4741 τὴν
2310 4671 2512 4742 σάρκα,
2543 4671 2636 4724 καὶ
2667 4668 2783 4731 ἑνὸς
2816 4666 2925 4720 τῶν
2947 4664 3250 4735 ἀνθρώπων
3291 4655 3753 4730 χρηματίζοντοςο

2175 4765 2245 4817 τὰ
2283 4765 2391 4833 γὰρ
2424 4763 2534 4816 τῶν
2577 4759 2761 4831 μερῶν
2786 4759 2880 4812 τοῦ
2933 4756 2994 4821 ἐξ
3029 4754 3211 4809 αὐτῶν
3239 4753 3363 4806 ὃ).ου
3394 4750 3605 4822 κυρίως
3644 4762 3757 4801 κατ-

2176 4857 2482 4922 ηγορεῖται.
2497 4852 2572 4914 ὡς
2589 4848 2978 4920 ἐπιδεχομένου
2997 4847 3174 4900 πάντα
3198 4843 3403 4913 κυρίως
3425 4842 3495 4895 τὰ
3520 4839 3757 4910 φυσικῶς

2183 4943 2458 5013 προσόντα
2491 4946 2602 5005 τοῖς
2640 4941 2886 5012 μίρεσιν,
2915 4937 2975 5001 ἐξ
3002 4931 3078 4990 ὧν
3103 4936 3194 4989 καὶ
3221 4933 3519 5004 ὑφέστηκε.
3565 4952 3584 4982 ι
3612 4931 3682 4983 Τὸ
3704 4929 3756 4982 δὴ

2187 5039 2238 5090 δυ
2269 5037 2474 5106 κυρίως
2500 5033 2765 5095 ὡσαύτως
2790 5031 2876 5085 ἐπ’
2909 5031 3115 5101 ἀμφοῖν
3140 5049 3159 5078 ι
3181 5024 3582 5096 ληπτέονηοῦ,
3609 5024 3754 5083 Θεὸς.

2181 5129 2274 5182 καὶ
2321 5127 2440 5187 τοῦ,
2477 5126 2689 5196 Πατὴρ,
2745 5123 2822 5187 ὡς
2883 5122 3089 5193 ἀμφοῖν
3137 5120 3232 5172 ἐπὶ
3266 5115 3509 5187 Χριστοῦ
3564 5114 3755 5181 κυρίως

2179 5217 2440 5289 λεχθῆναι
2475 5217 2550 5286 μὴ
2581 5214 2916 5280 δυναμένων,
2966 5211 3054 5264 διὰ
3085 5213 3184 5278 τὴν
3224 5209 3462 5278 φυσικὴν
3499 5203 3754 5274 διαφορὰν

2179 5309 2288 5363 τῶν
2320 5308 2378 5373 ἐξ
2401 5301 2476 5360 ὧν
2509 5306 2602 5358 καὶ
2629 5309 2684 5359 ἐν
2705 5299 2796 5369 αἶς
2827 5305 3125 5370 συνέστηκε
3157 5299 3394 5367 φύσεων.
3433 5297 3514 5348 Τὰ
3546 5295 3655 5363 γὰρ
3682 5289 3754 5358 τῷ

2179 5400 2320 5455 κατὰ
2370 5399 2620 5452 σύνθεσιν
2672 5397 2778 5464 ὅλῳ
2826 5394 3099 5466 προσόντα
3133 5389 3364 5458 θατέρου
3416 5388 3525 5439 τῶν
3567 5380 3753 5436 ἑαυτοῦ

2181 5493 2364 5564 μερῶν
2393 5492 2649 5545 οὐδέποτε
2691 5487 2896 5559 κυρίως
2942 5481 3480 5553 κατηγορηθήσεται.
3528 5498 3545 5527 ι
3571 5478 3749 5528 Ἐνανο

2179 5585 2306 5648 τίως
2333 5604 2350 5634 ι
2388 5583 2446 5636 δὲ
2483 5583 2555 5651 «ἣ
2585 5581 2671 5649 ἐφ’
2711 5579 2868 5648 ἡμῶν
2911 5576 3106 5647 (207
3130 5575 3191 5644 b)
3227 5574 3372 5641 ἔχει.
3413 5590 3432 5622 ι
3483 5567 3751 5622 τουτέστιν

2183 5674 2419 5744 ἐμπάλιν
2470 5672 2651 5734 καθὼς
2704 5670 2790 5738 ἐφ’
2842 5667 3000 5738 ἡμῶν
3052 5667 3188 5738 ἔχει.
3244 5662 3442 5717 Ἦνίκα
3501 5659 3607 5727 γὰρ
3658 5653 3750 5725 τὴν

572 5816 683 5886 (15)
712 5817 874 5888 Greg.
897 5819 1149 5876 Nazianz.
1179 5819 1332 5876 Orat.
1363 5819 1558 5875 Thcol.
1598 5820 1687 5887 IV,
1720 5821 1786 5876 de
1814 5821 1975 5885 Filio,
2004 5836 2124 5889 cap.
2159 5821 2211 5883 8,
2245 5836 2297 5889 p.
2326 5819 2453 5885 535,
2493 5825 2628 5872 tom.
2665 5813 2684 5868 l
2714 5811 2854 5883 Opp.
2887 5809 3022 5868 edit.
3056 5803 3260 5863 Bened.
