4026 6288
224 357 362 427 1269

1443 371 1958 439 AMBIGUORUM
1999 374 2247 437 LIBER.

3317 373 3453 440 1270

217 473 484 545 διαφορὰν
513 475 704 545 θεωρῶ
740 475 847 531 τῶν
877 478 1113 546 φύσεων,
1170 482 1263 537 καὶ
1303 483 1401 553 τὴν
1449 485 1630 540 αὐτῶν
1668 486 1775 540 κατ

1897 503 1916 536 ι
1947 500 2109 555 quam
2144 486 2202 538 in
2242 485 2399 539 nobis
2427 500 2485 538 se
2532 500 2619 539 res
2652 484 2837 550 habet,
2866 503 2885 537 ›
2926 485 3034 540 hoc
3056 490 3144 539 est
3165 497 3363 538 rursus
3391 490 3455 538 ut

217 566 463 620 ἐπίνοιαν
497 567 758 637 ποιοῦμαι
794 567 1087 641 διάκρισιν,
1124 572 1184 626 οὑ
1218 573 1452 645 δύναμαι
1477 574 1538 630 τὸ
1562 577 1647 630 ἔπ’
1680 578 1787 645 ἁμ-

216 658 342 723 φοῖν
363 656 568 727 κυρίως
581 657 811 722 τιθέναι,
826 660 944 723 τοῦ,
972 662 1181 733 Πατήρ,
1207 664 1352 736 φημὶ
1375 666 1468 719 καὶ
1488 667 1605 729 τοῦ,
1632 667 1783 731 Θεός.

214 748 295 803 Οὐ
329 748 441 820 γὰρ
487 750 692 820 κυρίως
720 750 814 803 τοῦ
846 752 1019 820 Λόγου
1049 752 1181 818 Θεός
1211 757 1359 809 ἐστιν
1401 761 1429 811 ό
1470 760 1679 830 Πατὴρ,
1724 761 1785 814 οὑ

211 838 274 890 δὲ
301 840 509 910 κυρίως
540 840 725 911 Πατὴρ
751 841 851 911 τῆς
899 845 1100 915 σαρκός
1138 848 1286 899 ἐστιν
1318 850 1346 901 ό
1375 848 1526 913 Θεός.
1565 868 1584 901 ι
1609 851 1790 905 Ἐναν-

209 931 348 993 τίως
371 931 449 996 δὲ,
476 950 495 984 ι
531 932 809 989 τουτέστιν
837 935 1071 1005 ἔμπαλιν
1100 938 1178 1003 δὲ,
1218 940 1250 1010 ἢ
1302 941 1674 1012 ἀντιστρόφως
1703 942 1783 1007 δὲ,

209 1021 311 1077 τοῦ
346 1039 406 1076 τε
450 1026 691 1095 «κυρίως
718 1045 737 1078 ι
769 1026 1013 1098 δηλονότι
1045 1030 1140 1084 καλ⁵
1172 1050 1190 1083 ι
1216 1032 1277 1085 οὑ
1302 1033 1528 1104 κυρίως,
1555 1054 1572 1085 ι
1604 1035 1694 1088 ἐπί
1723 1052 1783 1088 τε

209 1113 316 1182 τῆς
343 1112 588 1178 ἑνώσεως
618 1117 712 1170 καὶ
747 1118 849 1185 τῆς
897 1119 1028 1189 μίας
1077 1123 1448 1188 ὑποστάσεως,
1486 1127 1577 1179 ἐπί
1603 1144 1661 1180 τε
1689 1129 1785 1199 τῆς

207 1202 478 1272 διαφορᾶς
506 1208 616 1260 τῶν
638 1208 855 1277 φύσεων
893 1213 987 1266 καὶ
1020 1214 1117 1284 τῆς
1160 1217 1284 1269 κατ’
1330 1217 1574 1273 ἐπίνοιαν
1604 1219 1785 1273 αὑτῶν

207 1294 537 1366 διακρίσεως
590 1300 1037 1374 λαμϐανομένων,
1074 1306 1149 1370 ὡς
1194 1309 1294 1378 τῆς
1330 1310 1427 1380 μὲν
1485 1311 1613 1381 μίαν
1652 1314 1785 1366 ὑπο⁹

209 1386 458 1451 στάσεως
481 1391 682 1462 κυρίως
708 1393 841 1447 Θεὸν
869 1398 961 1449 καὶ
986 1398 1203 1469 Πατέρα
1221 1398 1532 1469 λεγόμενον,
1559 1403 1635 1467 ὡς
1664 1405 1779 1469 ἑνὸς

207 1476 472 1567 ξίριστοῦ,
531 1482 623 1535 τὸν
666 1484 798 1538 Θεὸν
842 1488 1234 1561 ἐπιδεχομένης
1263 1495 1405 1549 κατά
1447 1496 1545 1567 τὴν
1586 1499 1782 1550 ἀποδο-

210 1565 399 1620 Θεῖσαν
459 1571 660 1637 αἰτίαν,
717 1575 819 1644 τῆς
871 1576 929 1629 δὲ
983 1582 1105 1642 κατ’
1138 1582 1326 1635 οὑσίαν
1372 1565 1633 1656 διαφορᾶς
1673 1588 1782 1640 τῶν

210 1655 431 1722 φύσεων
456 1657 690 1728 ἔμπαλιν
720 1663 781 1715 τὸ
812 1666 886 1735 μὴ
927 1670 1133 1738 κυρίως
1157 1655 1564 1745 ἐπιδεχομένης,
1599 1676 1779 1743 καθὼς

206 1745 297 1813 ἐφ’
327 1747 485 1818 ἡμῶν
510 1748 643 1819 ἔχει.
690 1752 877 1823 Ἦμῶν
900 1756 1009 1829 γάρ
1046 1760 1253 1830 κυρίως
1283 1762 1382 1832 μὲν
1408 1764 1538 1828 Θεὸς
1567 1768 1594 1819 ό
1626 1767 1777 1833 Θεὸς,

205 1835 400 1928 ῶσπερ
447 1840 540 1892 καὶ
595 1842 693 1913 τῆς
739 1845 833 1899 τοῦ
868 1848 1041 1917 Λόγου
1096 1854 1318 1923 σαρκὸς,
1369 1856 1428 1908 οὑ
1475 1859 1677 1928 κυρίως
1722 1861 1778 1913 δὲ

206 1927 420 2021 ξΙατὴρ.
448 1929 635 2021 ῶσπερ
665 1936 785 1989 οὐδὲ
808 1938 905 2007 τῆς
941 1939 1040 1993 τοῦ
1090 1944 1270 2011 Λόγου
1322 1948 1544 2015 σαρκός.
1591 1948 1779 2021 Ἐνηλ-

204 2014 497 2113 λαγμένως
524 2018 617 2077 οὖν
654 2028 723 2080 τά
759 2028 854 2081 τοῦ
888 2030 1009 2084 ὅλου
1039 2035 1153 2096 τοῖς
1182 2014 1405 2106 μέρεσι,
1431 2039 1523 2092 καὶ
1563 2041 1640 2110 τῷ
1672 2014 1779 2113 ὅλῳ

203 2108 286 2204 τά-
300 2111 408 2164 τῶν
437 2114 655 2169 οἰκείων
686 2119 871 2190 μερῶν
901 2124 1266 2195 ὲκφωτητέον,
1311 2130 1403 2182 καὶ
1434 2129 1587 2184 ἔσται
1612 2108 1779 2204 ρᾳδεέι

204 2202 301 2255 καὶ
340 2208 581 2279 σαφὴςή
625 2211 717 2262 τοῦ
761 2216 1126 2283 προκειμένου
1168 2220 1495 2291 κατάληψις.
1550 2202 1779 2280 natm

203 2295 543 2368 σαφέστερον
583 2301 805 2372 γένηται
857 2306 918 2358 τὸ
962 2308 1272 2378 λεγόμενον,
1330 2313 1493 2383 ἡνίκα
1551 2314 1650 2385 μὲν
1705 2317 1780 2380 ὡς

202 2386 505 2455 ὑπόστασις
565 2394 594 2445 ὁ
649 2395 880 2465 Χριστὸς
931 2399 1241 2471 θεωρεῖται,
1293 2405 1353 2457 τὸ
1411 2408 1656 2479 «κυρίως
1693 2411 1780 2463 ἐπ’

201 2479 428 2570 άμφοῐν,
457 2501 475 2535 ι
505 2486 619 2550 τοῦ,
649 2487 801 2553 Θεὸς,
833 2490 976 2560 λέγω
1022 2495 1115 2547 καὶ
1154 2495 1272 2562 τοῦ,
1303 2497 1512 2570 Πατὴρ,
1573 2501 1776 2566 θετέον,

200 2567 370 2659 ἡνίκα
396 2571 451 2624 δὲ
482 2571 567 2627 διά
594 2575 690 2645 τὴν
714 2578 1286 2659 άσύγχυτοννῦπαρξιν
1315 2587 1423 2639 τῶν
1443 2567 1528 2641 ’.ἐν
1573 2586 1653 2654 οἷς
1687 2592 1779 2644 καὶ

201 2658 265 2723 ἐξ
291 2652 370 2713 ὧν
402 2663 549 2716 ἐστιν
587 2668 643 2718 αἱ
679 2668 770 2721 τοῦ
822 2670 1061 2739 Χριστοῦ
1096 2674 1287 2741 φύσεις
1322 2674 1676 2748 θεωροῦνται,
1718 2682 1781 2735 τὸ

207 2770 230 2802 ι
252 2750 489 2821 ἔμπαλιν
512 2776 530 2807 ι
576 2758 778 2824 θετέον,
814 2762 950 2833 ὅπερ
992 2766 1110 2818 ἐστὶ
1150 2767 1211 2819 τὸ
1241 2770 1315 2839 μὴ
1341 2772 1564 2838 κυρίως,
1597 2772 1777 2838 καθὼς

200 2841 290 2910 ἐφ’
343 2846 502 2915 ἡμῶν
558 2847 693 2919 ἔχει.
743 2852 851 2906 Καὶ
895 2855 1047 2923 δηλοῖ
1098 2856 1255 2910 τοῦτο
1304 2860 1492 2927 σαφῶς
1546 2860 1720 2930 λέγων
1751 2866 1778 2917 ό

199 2932 521 3001 διδάσκαλος
550 2938 635 2993 διὰ
658 2940 750 2994 τοῦ
786 2945 1109 3012 ἐπαγαγεῖν,
1152 2948 1291 3001 «Καὶ
1318 2948 1475 3003 τοῦτο
1506 2954 1649 3005 ποιεῖ
1669 2956 1778 3017 τοῖς

200 3029 501 3098 αἰρετικοῖς
535 3032 633 3102 τὴν
685 3033 917 3106 πλάνην,
952 3038 1118 3107 ἡτῶν
1156 3039 1434 3111 ὀνομάτων
1473 3042 1772 3111 ὲπίζευξις,

1888 573 1956 629 de
1994 575 2155 629 nobis
2200 590 2258 629 se
2306 574 2473 629 habet
2520 589 2628 629 res.
2668 574 2900 641 Quando
2936 574 3085 630 enim
3130 581 3452 628 naturarum

1887 676 2076 738 specto
2125 667 2519 732 differentiam,
2552 682 2761 738 easque
2794 666 3127 738 cogitatione
3172 664 3450 729 discerno,

1887 758 1956 813 de
1996 767 2231 828 utroque
2266 758 2488 828 proprie
2520 772 2727 827 ponere
2757 771 2868 811 non
2892 769 3138 826 possum,
3170 754 3239 808 de
3267 752 3449 817 Patre,

1888 848 2134 918 inquam,
2165 858 2220 904 et
2253 848 2321 903 de
2355 849 2489 904 Deo.
2538 846 2698 903 Haud
2740 847 2890 903 enim
2918 846 3141 917 proprie
3170 843 3452 900 Sermonis

1885 938 2030 993 Deus
2075 948 2160 993 est
2204 939 2386 1004 Pater,
2438 955 2619 1010 neque
2663 938 2883 1009 proprie
2929 939 3091 994 Pater
3135 936 3324 992 carnis
3369 942 3455 990 est

1887 1029 2052 1084 Deus.
2098 1047 2115 1080 ι
2140 1029 2341 1085 Contra
2396 1045 2580 1100 quam,
2610 1048 2628 1081 ›
2670 1029 2778 1084 hoc
2811 1039 2897 1085 est
2935 1042 3128 1084 rursus
3163 1042 3317 1092 vero,
3366 1027 3452 1079 vel

1886 1122 2162 1176 contrario
2202 1123 2388 1189 modo,
2430 1124 2577 1193 quod
2620 1122 2881 1177 nimirum
2929 1122 3172 1191 pertinet
3221 1120 3289 1175 ad
3317 1118 3451 1173 illud

1893 1232 1911 1266 ι
1940 1215 2160 1284 ριιοιιιιίε
2189 1235 2206 1266 ι
2240 1224 2296 1269 et
2342 1235 2359 1265 ι
2387 1215 2705 1286 improprie,
2740 1231 2757 1264 ι
2798 1213 2866 1268 ad
2895 1212 3200 1268 unitionem
3235 1220 3291 1265 et
3321 1210 3453 1265 sub-

1885 1307 2099 1361 stantia:
2139 1306 2425 1375 unitatem,
2459 1307 2524 1362 ad
2557 1307 2925 1363 differentiam
2956 1314 3274 1359 naturarum
3301 1312 3358 1359 et
3382 1303 3451 1358 ad

1883 1396 2178 1453 discrimen
2217 1414 2327 1468 quo
2375 1408 2557 1452 mente
2589 1396 2944 1467 percipimus,
2975 1411 3101 1450 cum
3133 1394 3452 1449 substantiae

1885 1487 2066 1542 unitas
2138 1488 2355 1558 proprie
2394 1487 2501 1541 dici
2563 1488 2737 1541 Deum
2775 1494 2832 1541 et
2874 1486 3112 1549 Patrem,
3175 1494 3236 1539 ut
3288 1483 3452 1539 unius

1882 1578 2108 1643 Christi,
2161 1579 2229 1633 de
2276 1594 2443 1634 causa
2496 1577 2758 1647 praedicta
2792 1577 2964 1631 Deum
2994 1576 3267 1637 admittat,
3300 1590 3453 1629 cum-

1882 1686 1989 1741 que
2039 1687 2232 1726 rursus
2278 1670 2590 1726 essentialis
2646 1678 2968 1724 naturarum
3002 1668 3315 1724 differentia
3347 1669 3451 1722 im-

1883 1761 2109 1831 proprie
2146 1762 2258 1816 dici
2299 1762 2548 1831 recipiat,
2581 1760 3045 1831 quemadmodum
3095 1761 3151 1813 in
3199 1759 3363 1814 nobis
3392 1773 3451 1813 se

1884 1869 1971 1909 res
2017 1854 2205 1909 habet.
2252 1854 2452 1909 Noster
2505 1854 2653 1909 enim
2702 1852 2925 1923 proprie
2978 1852 3124 1906 Deus
3162 1858 3247 1905 est
3283 1850 3451 1912 Deus,

1882 1952 1944 1998 ut
1980 1945 2144 1999 etiam
2187 1944 2470 1999 Sermonis
2493 1944 2697 2008 carnis,
2726 1943 2823 1999 sed
2847 1958 2957 1996 non
2990 1943 3230 2013 proprie,
3266 1943 3449 2005 Pater,

1882 2046 2065 2091 utnec
2090 2036 2370 2091 Sermonis
2402 2036 2602 2090 carnis.
2626 2034 2867 2090 Invicem
2893 2036 3038 2089 enim
3068 2045 3234 2104 atque
3260 2041 3453 2087 mutuo

1880 2142 2004 2196 quae
2036 2128 2204 2182 totius
2256 2136 2385 2182 sunt
2426 2127 2690 2183 debemus
2732 2128 3002 2198 partibus,
3044 2142 3275 2197 quaeque
3324 2140 3455 2195 pro-

1881 2219 2123 2287 priarum
2165 2229 2250 2273 est
2276 2219 2525 2288 partium:
2547 2220 2646 2274 toti
2678 2220 2946 2275 debemus
2988 2219 3255 2282 tribucre,
3289 2224 3451 2285 atque

1881 2310 2061 2363 facilis
2082 2310 2190 2364 erit
2214 2320 2271 2363 et
2299 2310 2590 2379 perspicua
2619 2326 2809 2365 eorum
2840 2326 2961 2380 quae
2983 2317 3289 2364 tractantur
3306 2323 3456 2363 eom-

1881 2401 2196 2470 prehcnsio.
2216 2402 2283 2456 Et
2303 2418 2411 2471 quo
2438 2402 2609 2472 magis
2637 2403 2992 2473 perspicuum
3027 2402 3119 2455 fiat
3142 2398 3288 2470 quod
3305 2398 3451 2462 dico,

1880 2493 2099 2561 quando
2147 2502 2207 2547 ut
2258 2493 2620 2548 substantiam
2689 2493 3125 2563 contemplamur
3174 2489 3451 2545 Christum

1884 2584 2017 2637 illud
2063 2603 2079 2634 ι
2115 2584 2338 2654 proprie
2383 2584 2449 2638 de
2508 2593 2800 2654 utroque,»
2840 2583 2907 2639 de
2942 2585 3074 2645 Deo,
3116 2582 3361 2651 inquam,
3397 2593 3456 2632 et

1882 2676 2063 2739 Patre,
2092 2675 2445 2745 ponendum;
2480 2676 2703 2745 quando
2739 2685 2923 2730 autem
2958 2691 3055 2744 per
3081 2671 3458 2729 exsistentiam

1883 2766 2230 2822 inconf'usam
2256 2783 2450 2822 eorum
2484 2768 2540 2822 in
2570 2768 2774 2837 quibus
2798 2776 2853 2822 et
2880 2783 2947 2821 ex
2975 2765 3179 2836 quibus
3200 2771 3456 2819 constant

1880 2857 2085 2914 Christi
2130 2869 2360 2923 naturae,
2422 2858 2557 2914 illud
2603 2877 2621 2909 ι
2650 2875 2844 2913 rursus
2869 2878 2886 2909 ι
2928 2856 3266 2927 ponendum,
3306 2855 3457 2925 quod

1880 2957 1965 3004 est
2010 2964 2119 3003 non
2160 2948 2402 3019 proprie,
2447 2950 2916 3019 quemadmodum
2962 2950 3018 3004 in
3064 2948 3223 3003 nobis
3265 2964 3325 3004 se
3364 2964 3457 3002 res

1882 3040 2066 3095 habet.
2122 3040 2189 3094 Et
2231 3040 2338 3094 hoc
2383 3041 2657 3113 significat
2704 3043 2993 3097 manifesta
3033 3042 3279 3113 magistri
3328 3058 3454 3097 ora-

197 3118 689 3192 ὲπαλλαττομένων
714 3126 821 3178 τῶν
850 3128 1131 3197 ὀνομάτων
1154 3129 1240 3183 διὰ
1272 3131 1371 3202 τὴν
1400 3132 1719 3205 σύγκρασιν.
1750 3154 1768 3186 ι

197 3208 393 3228 ..μαι
465 3211 507 3228 ..
590 3214 602 3228 .
654 3213 667 3228 .
834 3220 846 3228 .
910 3218 1099 3228 .---
1187 3222 1194 3228 .
1303 3222 1314 3228 _
1482 3223 1546 3228 --

1884 3131 1979 3197 tio,
2025 3146 2150 3187 cum
2202 3132 2478 3202 subjiciat,
2537 3151 2554 3183 ι
2589 3132 2768 3202 Atque
2815 3132 2922 3188 hoc
2954 3141 3039 3187 est
3088 3131 3234 3202 quod
3276 3132 3454 3186 haere-

197 3208 436 3280 Σημεῖον
461 3211 541 3277 δὲ,
579 3213 740 3281 ἡνίκα
792 3220 849 3270 αί
904 3218 1202 3291 (208a)
1248 3222 1435 3289 φύσεις
1476 3223 1773 3279 διίστανται

197 3304 321 3363 ταῖς
346 3301 637 3373 ἐπινοίαις,
675 3309 1059 3381 συνδιῄρηνται
1090 3314 1183 3365 καὶ
1218 3313 1284 3367 τά
1312 3314 1569 3383 ὀνόματα,
1606 3318 1777 3371 Τουτ-

196 3392 369 3461 έστιν,
405 3394 510 3459 ἕως
551 3398 848 3454 ὑπόστασιν
876 3403 1006 3471 μίαν
1052 3408 1275 3471 σκοπεῖς
1317 3408 1409 3460 τὸν
1455 3410 1709 3479 Χριστὸν,
1741 3413 1774 3481 ὴ

197 3484 322 3538 κατ’
377 3488 691 3561 ἐπαλλαγὴν
770 3492 878 3544 τῶν
947 3494 1229 3564 ὀνομάτων
1303 3496 1578 3563 ὲπίζευξίς
1629 3502 1774 3555 ἐστιν

193 3575 527 3649 ἀδιαίρετος,
564 3581 784 3634 ἐπειδάν
813 3581 869 3634 δὲ
903 3585 1025 3648 ταῖς
1055 3585 1319 3650 ἐπινοίαις
1356 3587 1648 3660 διαστήσῃς
1676 3591 1775 3655 τὰς

197 3666 557 3738 συμπλούσας
637 3672 736 3744 τὴν
800 3674 931 3744 μίαν
1006 3676 1306 3731 ὑπόστασιν
1375 3680 1469 3732 τοῦ
1536 3681 1773 3752 Χριστοῦ

195 3758 411 3828 φύσεις,
446 3764 738 3828 συνδιεῖλες
758 3771 879 3832 ταῖς
914 3769 1109 3839 φύσεσι
1163 3774 1257 3826 καλ⁵
1305 3774 1372 3826 τὰ
1422 3775 1696 3845 ὀνόματαο
1738 3778 1771 3848 ἢ

195 3851 382 3917 πάλιν,
417 3855 648 3928 ἐπείπερ
678 3859 776 3930 τὴν
813 3859 974 3931 φύσιν
1007 3862 1229 3927 διπλοῦς
1261 3866 1290 3917 ό
1323 3866 1578 3938 Χριστὸς,
1609 3870 1774 3939 ἄμφω

194 3948 586 4014 κατηγορεῖται
612 3949 803 4015 αὑτοῦ,
834 3950 896 4004 τὸ
921 3952 1051 4018 Θεὸς
1077 3957 1171 4008 καὶ
1201 3956 1412 4029 Πατὴρ,
1442 3961 1644 4031 κυρίως
1675 3962 1772 4031 μὲν

193 4035 359 4104 ἡνίκα
408 4045 834 4108 συνεκφωνεῖται
880 4047 1232 4119 καταλλήλως
1285 4054 1405 4115 ταῖς
1458 4052 1653 4120 φύσεσι
1703 4046 1771 4107 τὰ

190 4127 459 4216 ὀνόματα,
490 4132 549 4183 οὑ
580 4134 789 4204 κυρίως
827 4135 882 4189 δὲ
904 4137 1033 4192 ὅταν
1060 4141 1094 4210 ἡ
1117 4141 1260 4196 κατὰ
1301 4141 1465 4210 φύσιν
1505 4144 1771 4216 ἐκατέρου

191 4217 307 4271 τῶν
340 4219 400 4283 ἐξ
423 4213 497 4273 ὧν
523 4224 584 4275 ὲν
620 4218 702 4287 οἷς
734 4242 794 4278 τε
825 4227 918 4280 καὶ
963 4227 1107 4300 ἅπερ
1150 4231 1268 4284 ἐστὶ
1309 4230 1526 4305 θατέρῳ
1554 4233 1643 4288 διὰ
1671 4213 1771 4306 τὴν

196 4312 329 4382 μίαν
361 4314 658 4370 ὑπόστασιν
706 4319 1137 4392 ἐπηλλαγμένως
1180 4323 1507 4379 άντιδίδοται
1554 4327 1768 4397 κτῆσις.

191 4402 374 4475 Ὅπερ
409 4411 578 4461 ποιεῖν
612 4410 686 4482 μὴ
716 4411 1106 4481 γινώσκοντες,
1159 4414 1192 4486 ἢ
1228 4416 1565 4490 κυριώτερος
1594 4420 1771 4473 εἰπεῖν

1880 3226 2017 3280 ticos
2051 3225 2107 3279 in
2148 3241 2398 3280 errorem
2436 3226 2667 3290 inducit,
2705 3242 2904 3297 nempe
2936 3227 3222 3281 nominum
3256 3225 3453 3279 horum

1874 3314 2211 3382 conjunctio,
2244 3314 2569 3383 permutatis
2588 3314 2849 3370 videlicet
2872 3315 3014 3368 inter
3045 3330 3104 3377 se
3131 3312 3455 3369 nominibus

1882 3414 2112 3475 propter
2147 3413 2359 3460 natura:
2416 3406 2706 3475 utriusque
2756 3406 3176 3460 connexionem.
3210 3424 3228 3456 ι
3280 3406 3433 3475 Argu

1876 3506 2063 3552 mento
2103 3506 2189 3551 est
2223 3496 2367 3566 quod
2407 3512 2532 3551 cum
2579 3507 2793 3551 natura:
2824 3496 3013 3550 animo
3043 3504 3098 3549 et
3121 3495 3455 3565 cogitatione

1875 3588 2315 3658 distinguuntur,
2371 3587 2533 3642 simul
2569 3602 2792 3657 quoque
2844 3586 3070 3641 nomina
3100 3585 3452 3641 dividuntur.

1877 3678 1991 3732 Hoc
2043 3687 2148 3743 est,
2194 3675 2441 3746 quandiu
2488 3676 2774 3732 Christum
2831 3693 2996 3731 unam
3061 3676 3455 3747 contemplaris

1877 3767 2264 3831 substantiam,
2314 3766 2599 3820 nominum
2647 3766 2951 3821 secundum
2988 3766 3453 3837 permutationem

1876 3856 2197 3929 coniunctio
2233 3855 2515 3911 individua
2548 3866 2653 3920 est,
2674 3856 2766 3911 ubi
2796 3867 2979 3911 autem
3024 3857 3304 3912 intellectu
3338 3856 3456 3911 dis.

1884 3946 2270 4003 criminaveris
2308 3956 2539 4002 naturas
2557 3963 2678 4017 quae
2697 3945 2903 4002 Christi
2932 3947 3252 4001 substantia:
3272 3948 3453 4001 unita-

1877 4052 1986 4097 tem
2010 4050 2420 4103 consummant,
2455 4056 2562 4095 una
2590 4056 2716 4094 cum
2742 4040 2955 4094 naturis
2984 4040 3207 4094 nomina
3234 4053 3455 4109 quoque

1873 4132 2347 4202 discriminabisﬁ
2370 4144 2467 4186 aut
2521 4148 2733 4196 rursus,
2787 4146 2911 4185 cum
2958 4130 3213 4185 Christus
3255 4129 3455 4199 duplex

1873 4238 2073 4282 natura
2119 4224 2210 4290 sit,
2256 4234 2555 4294 utrumque
2596 4225 2666 4279 de
2709 4241 2776 4280 eo
2832 4222 3187 4293 pratdicatur,
3224 4232 3281 4277 et
3308 4222 3459 4279 Deus

1870 4321 2133 4388 et_Pater,
2156 4320 2384 4391 pr0prie
2403 4318 2624 4390 quidem
2643 4319 2866 4390 quando
2890 4320 3109 4375 naturis
3123 4318 3456 4375 convenien-

1874 4423 1958 4469 ter
1987 4413 2213 4468 nomina
2252 4412 2420 4467 simul
2452 4414 2912 4482 pronuntiantur,
2940 4412 3241 4483 improprie
3269 4420 3455 4467 autem

194 4497 272 4568 μὴ
300 4498 638 4569 ἀνεχόμενοι,
664 4505 712 4556 oi
739 4503 863 4556 τότε
894 4506 989 4558 καὶ
1014 4507 1063 4558 oi
1088 4504 1183 4560 νῦν
1204 4510 1472 4578 αίρετικοὶ
1491 4510 1581 4563 τὸν
1614 4528 1771 4580 μονο-

1878 4506 2098 4577 quando
2132 4506 2402 4559 naturalis
2445 4506 2739 4574 utriusque
2767 4506 3049 4574 possessio
3077 4520 3273 4559 eorum
3308 4504 3454 4559 unde

188 4590 325 4661 γενῆ
373 4590 504 4643 Θεὸν
553 4594 722 4661 Λόγον
765 4594 1107 4668 βλασφημεῖν
1153 4599 1213 4652 οὑ
1257 4600 1670 4672 παραιτοῦνται,
1719 4606 1768 4657 οί

194 4679 296 4750 μὲν
320 4681 401 4742 είς
427 4681 634 4751 κτίσμα
661 4684 997 4752 κατάγοντες
1033 4686 1121 4739 διὰ
1152 4685 1222 4739 τὰ
1259 4686 1601 4758 ἀνθρώπινα,
1634 4691 1682 4741 oi
1712 4690 1768 4741 δὲ

187 4772 289 4843 τὴν
322 4773 634 4844 οἰκονομίαν
670 4776 990 4845 συγχέοντες
1040 4777 1130 4830 διὰ
1150 4778 1250 4847 τὴν
1291 4778 1519 4851 ἄρνησιν
1563 4779 1671 4832 τῶν
1710 4781 1768 4847 ἐξ

190 4856 268 4916 ὧν
302 4866 417 4917 ἐστι
441 4864 679 4932 φύσεων.
722 4866 915 4932 ’Λλλος
946 4868 1002 4921 δὲ
1018 4870 1157 4923 πάνυ
1189 4868 1258 4923 τὰ
1284 4868 1407 4923 θεῖα
1435 4870 1599 4939 σοφὸς
1638 4872 1765 4926 τοῦ-

188 4975 283 5009 τον
328 4957 625 5028 ἐρωτηθεὶς
679 4963 811 5031 παρ’
872 4961 1010 5031 ἐμοῦ
1044 4962 1135 5016 τὸν
1163 4962 1326 5016 τόπον
1364 4962 1505 5033 ἔφη·
1545 4964 1619 5017 Τὸ
1670 4968 1768 5035 μὲν

194 5069 213 5100 ι
236 5046 464 5123 κυρίως,
485 5070 503 5103 ι
537 5053 597 5104 τὸ
620 5051 680 5105 δὲ
719 5070 737 5103 ι
764 5053 826 5105 οὑ
864 5054 1068 5126 κυρίως
1097 5056 1183 5107 ἐπ’
1212 5057 1436 5126 ἀμφοῖν,
1472 5076 1489 5106 ι
1538 5059 1636 5127 τῆς
1668 5059 1766 5111 αὐ-

187 5142 289 5213 τῆς
309 5145 425 5196 ἐστι
457 5144 797 5216 κατηγορίας
825 5146 924 5212 τῆς
968 5146 1243 5215 ηετικῆς,
1275 5147 1389 5200 εῐτε
1418 5149 1517 5218 τῆς
1550 5151 1762 5221 Πατὴρ,

186 5236 300 5289 εἴτε
323 5236 423 5306 τῆς
451 5236 605 5301 Θεὸς,
635 5237 669 5308 ἢ
695 5238 789 5291 καὶ
815 5239 971 5292 ἑκατέ
982 5255 1099 5309 ρας,
1148 5236 1219 5301 ὡς
1266 5239 1350 5307 ἐφ’
1380 5240 1495 5304 ἐνὸς
1529 5240 1764 5311 Χριστοῦ

186 5328 500 5400 τιθεμένης,
556 5330 648 5384 τοῦ
691 5330 1019 5396 συνεστῶτος
1062 5335 1125 5386 έκ
1164 5333 1309 5387 δυοῖν
1336 5335 1447 5387 τῶν
1483 5336 1763 5403 ἐναντίων,

196 5421 479 5491 «κυρίως»
532 5424 622 5475 καί
660 5441 679 5472 ι
706 5424 767 5475 οὑ
809 5423 1035 5492 κυρίως.
1061 5442 1079 5475 ι
1134 5423 1196 5477 Εί
1235 5424 1331 5495 μὲν
1358 5424 1490 5489 Θεὸς
1526 5427 1764 5497 όΠατὴρ
1808 5470 1811 5474 ,

186 5514 281 5565 τοῦ
334 5513 573 5583 Χριστοῦ
623 5514 843 5585 λεχθείη
894 5514 1036 5568 κατὰ
1088 5515 1188 5586 τὴν
1234 5517 1479 5571 ἐπίνοιαν
1510 5516 1621 5569 τῶν
1671 5518 1764 5571 δύο

190 5604 430 5673 φύσεων,
491 5623 508 5656 ι
534 5604 739 5676 κυρίως
764 5623 782 5657 ι
816 5605 914 5676 μὲν
946 5604 1041 5658 τοῦ
1096 5606 1397 5677 κτίσματος
1432 5607 1500 5662 ἂν
1525 5607 1760 5677 λέγοιτο,

193 5715 213 5749 ι
240 5696 300 5749 ού
334 5694 537 5767 κυρίως
565 5714 584 5749 ι
616 5694 675 5748 δὲ
703 5694 799 5750 τοῦ
828 5694 963 5749 Θεοῦ
1007 5695 1186 5765 λόγου.
1232 5696 1464 5768 Ὁμοίως
1495 5696 1552 5751 δὲ
1577 5699 1671 5751 καὶ
1700 5699 1764 5751 ὲκ

187 5782 291 5841 τῶν
325 5784 582 5843 ἐναντίων
607 5785 796 5858 Πατὴρ
839 5805 858 5840 ι
882 5786 1086 5859 κυρίως
1112 5806 1131 5841 ι
1187 5786 1282 5841 τοῦ
1340 5787 1537 5857 Λόγου,
1571 5786 1667 5841 τοῦ
1706 5788 1766 5843 δὲ

1870 4606 1926 4651 et
1957 4597 2012 4649 in
2049 4596 2253 4665 quibus
2273 4595 2492 4649 exsistit
2512 4595 2660 4663 quod
2688 4596 2906 4650 exsistit
2939 4596 3193 4650 alterutri
3224 4602 3455 4664 propter

1871 4690 2196 4746 substantia;
2262 4689 2530 4743 unitatem
2598 4689 2835 4743 invicem
2894 4687 3243 4740 attribuitur.
3295 4686 3450 4751 Quod

1871 4800 1997 4838 cum
2028 4783 2212 4838 facere
2253 4781 2521 4847 nesciant,
2551 4789 2666 4845 aut,
2694 4790 2754 4834 ut
2784 4780 2958 4850 magis
2990 4778 3211 4850 pr0prie
3248 4776 3451 4843 dicam,

1873 4891 1983 4931 non
2027 4876 2342 4930 sustineant
2397 4885 2457 4929 et
2506 4874 2873 4944 refragentur,
2926 4880 3142 4927 veteres
3181 4878 3237 4925 et
3286 4867 3452 4927 hodie

1870 4966 1965 5037 qui
2012 4974 2231 5021 exstant
2259 4965 2511 5020 haeretici
2535 4964 2878 5035 unigenitum
2923 4963 3093 5017 Deum
3129 4960 3452 5018 Sermonem

1870 5060 2255 5130 blasphemare
2292 5075 2402 5113 non
2437 5059 2770 5119 detrectant,
2824 5070 2971 5109 nunc
3022 5053 3090 5108 ad
3138 5064 3453 5109 creaturam

1869 5166 1998 5207 eum
2024 5149 2391 5221 deprimendo
2418 5158 2645 5219 pr0pter
2684 5148 2945 5213 humana,
2981 5162 3130 5202 nunc
3162 5144 3449 5215 dispensa-

1872 5243 2081 5297 tionem
2102 5240 2496 5295 conl'undendo
2526 5255 2623 5309 per
2642 5254 2833 5293 earum
2870 5238 3014 5292 unde
3041 5245 3257 5292 constat
3284 5243 3449 5291 natu-

1872 5349 2057 5388 rarum
2096 5332 2531 5401 renegationem.
2564 5330 2719 5384 Alius
2739 5343 2872 5383 vero
2914 5327 3231 5382 divinarum
3264 5341 3449 5382 rerum

1868 5424 2244 5496 peritissimus
2289 5439 2319 5477 a
2350 5437 2435 5476 me
2483 5421 2776 5477 consultus
2819 5419 2872 5473 in
2906 5419 3057 5473 hunc
3082 5418 3195 5473 fere
3224 5411 3449 5471 modum
3502 5446 3507 5455 ν

1869 5515 2269 5585 interpretatus
2293 5523 2420 5568 cst:
2453 5511 2566 5567 lloc
2601 5532 2617 5563 ι
2647 5511 2892 5582 proprie,
2918 5532 2935 5563 ι
2985 5518 3042 5566 ct
3082 5506 3241 5573 illud,
3276 5524 3295 5557 ι
3347 5505 3452 5561 im-

1868 5607 2093 5677 proprie
2139 5624 2157 5656 ι
2207 5606 2275 5660 de
2306 5613 2561 5674 utroque,
2591 5626 2606 5654 ι
2633 5602 2880 5674 ejusdem
2933 5610 3017 5657 est
3045 5596 3451 5670 praedicationis

1870 5696 2131 5763 relative,
2160 5696 2278 5751 sive
2300 5697 2501 5761 Patris,
2529 5695 2645 5749 sive
2669 5694 2790 5760 Dei,
2812 5695 2932 5749 sive
2958 5691 3124 5748 etiam
3154 5687 3448 5757 utriusque

1869 5786 2133 5855 nominis,
2155 5795 2216 5843 ut
2235 5786 2302 5843 de
2328 5803 2436 5843 uno
2452 5784 2673 5843 Christo
2698 5793 2994 5849 usurpatae,
3022 5781 3115 5853 qui
3136 5795 3204 5836 ex
3223 5777 3446 5834 duobus
