4026 6288
264 329 365 404 127

1511 346 2027 412 AMBIGUORUM
2065 356 2312 421 LIBER.

3380 373 3518 442 1Ἠῶ

252 456 364 510 ἀπὸ
396 453 533 518 ιδίας
567 453 740 525 ἀρχῆς
769 452 998 523 ἔχειτὸν
1035 453 1245 525 εἱρμὸν,
1275 453 1360 506 ἵνα
1464 455 1523 507 τὸ
1556 456 1725 509 κῶλον
1746 456 1828 510 οὗ·

1944 462 2119 559 Absit.
2147 464 2253 521 Sed
2283 485 2442 524 suum
2472 477 2900 548 unumquodque
2928 497 2956 535 a
2987 497 3089 538 suo
3116 486 3339 556 praprio
3364 488 3520 559 prin-

252 565 366 612 τως
396 547 818 618 ὁμαλιζόμενον,
862 565 879 596 ι
905 546 989 608 Ὠς
1018 546 1128 616 γὰρ
1158 546 1417 600 ἀδύνατον
1443 543 1578 601 εἶναι
1605 549 1834 619 λέγομεν

254 644 494 716 πονηρὸν
527 640 667 698 εἶναι
693 644 846 706 Θεὸν,
879 662 898 693 ι
927 641 1022 695 καὶ
1054 642 1229 707 στίξαι
1260 642 1546 723 καὶ-πάλιν
1571 645 1837 717 ἄρξασθαι

251 739 528 809 νοήματος
558 738 749 808 ἐτέρου
779 736 875 790 καὶ
903 739 1366 806 προσεπαγαγείν,
1407 739 1510 792 «Ἢ
1537 740 1613 810 μὴ
1639 735 1831 801 εἶναι.»

250 833 379 886 ἀντὶ
407 831 501 885 τοῦ
532 831 886 902 ἀνύπαρκτον
912 825 1073 883 εἶναι.

1942 553 2090 622 cipio
2122 571 2322 612 nexum
2354 560 2539 629 habet,
2567 575 2628 619 ut
2652 569 2958 626 membrum
2989 553 3258 632 orationis
3284 553 3416 635 illud
3440 581 3517 637 ita

1944 647 2377 716 eomplanelur:
2417 672 2434 704 σ
2469 653 2938 721 Quemadmodum
2978 667 3126 720 enim
3179 669 3516 739 impossibile

1939 752 2060 793 esse
2091 741 2324 799 dicimus
2355 751 2554 802 malum
2582 767 2702 806 esse
2731 753 2920 823 Deum,
2949 777 2966 808 ι
2991 767 3245 830 ροειιιυιε
3271 763 3516 820 inciden-

1941 830 2069 886 dum
2092 843 2194 900 est,
2234 848 2292 892 ut
2318 857 2508 898 rursus
2538 846 2774 902 alterum
2815 852 3160 907 enuntiatum
3201 854 3327 910 inde
3357 857 3515 911 addi-

1941 929 2056 976 tum
2091 923 2320 996 incipiat
2371 948 2384 983 :
2444 952 2459 982 ς
2490 933 2599 989 Ant
2642 953 2750 994 non
2772 955 2892 995 esse
2913 982 2929 1007 ,
2958 961 2976 993 ›
3011 941 3066 997 id
3091 952 3176 999 est
3198 944 3517 1002 exsistentia

1938 1027 2150 1069 carere.

264 1184 370 1256 Ἐκ
415 1197 522 1252 τοῦ
569 1195 758 1250 αὐτοῦ
802 1195 1014 1263 λόγου,
1063 1196 1151 1260 εις
1179 1200 1270 1259 τό,
1311 1212 1331 1246 ι
1392 1197 1571 1263 Exue
1597 1190 1705 1258 τὰς
1733 1190 1828 1244 τοί

1937 1192 2024 1246 Ex
2057 1196 2236 1250 eodem
2269 1214 2536 1266 sermone,
2560 1204 2613 1256 in
2651 1204 2784 1258 illud
2817 1223 2836 1260 :
2880 1225 2897 1258 ι
2937 1207 3108 1261 Habes
3140 1205 3241 1276 ﬁlii
3275 1210 3516 1280 appella-

321 1291 458 1347 υἱοῦ
516 1287 924 1357 προσηγορίας
952 1327 968 1354 ,
1027 1283 1236 1351 ,βάδιζε
1295 1285 1372 1340 δι’
1411 1285 1642 1342 αὐτῶν.
1701 1283 1841 1338 ὅσαι

317 1382 555 1452 ὑψηλαὶ
585 1421 600 1444 ,
658 1379 908 1444 eanec,
965 1378 1064 1432 καὶ
1115 1377 1628 1447 ὅσαισωματικοὶ,
1684 1394 1839 1446 συμ-

319 1473 546 1540 παθῶς,
575 1469 819 1541 μᾶλλον
841 1469 909 1523 δὲ
938 1469 1087 1524 ὅλον
1111 1469 1345 1536 θεῖκῶς,
1377 1472 1476 1524 ἵνα
1508 1471 1651 1540 γένῃ
1686 1470 1834 1535 Θεὸς

316 1564 585 1622 κάτωθεν
615 1559 889 1615 ἀνελθὼν
933 1558 1031 1613 διὰ
1057 1559 1165 1612 τὸν
1192 1562 1554 1616 κατελθόντα
1580 1560 1653 1614 δι’
1675 1558 1832 1628 ἡμᾶς

317 1656 550 1710 ἄνωθεν
579 1654 720 1724 «(18).
762 1673 780 1704 ι

2011 1290 2206 1353 tiones,
2241 1307 2336 1361 per
2379 1309 2467 1347 eas
2518 1295 2727 1363 incede,
2761 1317 2854 1369 per
2901 1317 3018 1365 eas,
3051 1301 3298 1370 inquam,
3335 1320 3512 1356 onmes

2008 1397 2125 1450 qua:
2163 1381 2410 1438 sublimes
2447 1395 2600 1450 sunt,
2637 1389 2837 1455 divine,
2882 1408 2976 1462 per
3017 1409 3296 1461 corporeus
3338 1405 3509 1448 autem

2010 1473 2271 1538 humane,
2296 1475 2402 1527 imo
2433 1493 2553 1529 vero
2583 1495 2799 1548 prorsus
2828 1481 3029 1546 divine,
3056 1491 3111 1534 ut
3141 1499 3205 1536 ea:
3231 1484 3349 1536 imis
3377 1483 3512 1536 hisce

2011 1560 2296 1615 ascendens
2335 1562 2437 1630 ﬁas
2477 1564 2614 1619 Deus
2652 1576 2865 1638 propter
2895 1585 3014 1623 eum
3052 1571 3142 1640 qui
3177 1581 3389 1642 prapter
3419 1588 3510 1624 nos

2006 1650 2071 1701 de
2097 1653 2339 1736 supernis
2363 1653 2645 1710 descendit.
2677 1677 2695 1707 ι

330 1771 392 1824 '0
445 1771 538 1824 τὸν
584 1769 710 1823 νοῦν
763 1768 851 1822 διὰ
897 1769 996 1840 τῆς
1039 1768 1250 1840 ὑψηλῆς
1283 1768 1517 1839 θεωρίας
1560 1768 1704 1822 κατὰ
1735 1767 1828 1840 τὴν

2007 1782 2110 1849 Qui
2154 1795 2393 1841 mentem
2433 1789 2657 1844 sublimi
2697 1793 3159 1862 contemplatione
3192 1810 3291 1864 per
3323 1795 3515 1848 unius-

246 1865 480 1919 ἑκάστου
515 1864 623 1918 τῶν
651 1863 812 1917 θείων
841 1863 1124 1931 ὀνομάτων
1169 1862 1417 1915 ἐπίνοιαν
1447 1863 1832 1930 καταφωτίσας

246 1959 346 2012 καὶ
380 1959 516 2028 πρὸς
548 1957 638 2010 τὸν
669 1957 898 2029 ἀρχικὸν
929 1957 1164 2009 ἑκάστου
1216 1956 1312 2008 καὶ
1347 1955 1716 2024 πνευματικὸν
1743 1955 1832 2006 λό-

245 2067 345 2117 γον
379 2047 672 2118 ἀναγαγών
701 2065 761 2100 τε
809 2050 904 2101 καὶ
937 2048 1312 2118 μεταποιήσας
1337 2087 1351 2112 ,
1408 2045 1502 2097 καὶ
1546 2047 1658 2108 τοῖς
1692 2044 1832 2114 ὑπὲρ

245 2142 449 2214 ἀρετῆς
479 2142 661 2205 πόνοις
705 2140 767 2193 τὸ
800 2140 1056 2211 φρόνημα
1089 2139 1189 2207 τῆς
1220 2138 1422 2208 σαρκὸς
1450 2137 1830 2201 καθυποτάξας

243 2235 325 2304 τῷ
361 2235 627 2304 πνεύματι
647 2277 660 2301 ,
702 2234 938 2304 ὑπήκοός
964 2251 1023 2286 τε
1062 2233 1224 2304 μέχρι
1253 2232 1486 2286 Θανάτου
1515 2233 1827 2301 γενόμενος,

243 2321 401 2391 οὗτος
435 2326 648 2396 άληθῶς
680 2326 861 2397 βάδιζε
900 2343 920 2376 ς
948 2326 1034 2378 διὰ
1063 2325 1173 2377 τῶν
1201 2324 1364 2378 θείων
1391 2322 1772 2395 προσηγοριῶν
1805 2343 1822 2374 ι

244 2421 553 2489 ἀμέμπτως
604 2418 747 2472 κατά
779 2436 841 2471 τε
883 2419 1100 2488 πνεῦμα
1152 2419 1246 2472 καὶ
1281 2419 1459 2488 σάρκα
1486 2459 1498 2481 ,
1553 2418 1650 2488 τὴν
1679 2418 1829 2470 θείαν

245 2512 345 2564 καὶ
366 2512 500 2581 πρὸς
518 2509 650 2563 Θεὸν
673 2510 915 2580 ἄγουσαν
939 2510 1164 2580 πορείαν
1183 2511 1524 2578 ποιούμενος,
1547 2531 1561 2558 ι
1578 2507 1790 2578 ὑψηλῶς
1806 2529 1821 2556 ι

248 2604 351 2671 μὲν
402 2604 540 2657 κατὰ
589 2605 689 2673 τὴν
737 2605 1008 2674 μυστικὴν
1055 2605 1288 2676 θεωρίαν
1336 2605 1424 2657 διὰ
1465 2605 1573 2656 τῶν
1611 2602 1829 2671 ὑψηλῶν

241 2696 525 2765 όνομάτων
550 2737 564 2761 ,
629 2717 646 2747 ι
685 2696 987 2767 συμπαθῶς
1024 2717 1040 2747 ι
1086 2697 1140 2748 δὲ
1200 2697 1337 2749 κατὰ
1380 2697 1478 2766 τὴν
1518 2696 1828 2765 πρακτικὴν

245 2790 586 2859 φιλοσοφίαν,
628 2790 713 2842 διὰ
741 2789 846 2842 τῶν
879 2789 1214 2859 σωματικῶν
1245 2788 1380 2860 πρὸς
1407 2791 1507 2858 τὴν
1535 2789 1647 2841 ἄνω
1675 2785 1827 2860 λῆξιν

243 2882 618 2951 ἐπειγόμενος,
659 2901 677 2932 ι
711 2882 911 2953 μᾶλλον
933 2882 990 2935 δὲ
1018 2881 1080 2934 τὸ
1104 2881 1224 2933 ὅλον
1251 2881 1496 2943 θεῖκῶς,›
1523 2881 1598 2944 ὡς
1622 2880 1829 2952 θεωρη-

237 2976 404 3044 τικῆς
435 2974 602 3044 οὓσης
653 2977 746 3028 καὶ
778 2977 876 3044 τῆς
907 2975 1163 3044 πράξεως
1210 2975 1303 3028 καὶ
1348 2975 1572 3045 λογικῆς
1605 2978 1828 3047 χάριτος

1935 1876 2206 1946 cujusque
2255 1877 2570 1934 divinarum
2621 1884 3048 1952 appellationum
3099 1885 3510 1955 interpretatio-

1935 1984 2058 2020 nem
2091 1967 2386 2024 illustravit
2411 1981 2467 2026 et
2495 1973 2561 2027 ad
2592 1975 2952 2045 principalem
2980 1978 3249 2047 cujusque
3272 1986 3329 2032 et
3351 1979 3514 2048 spiri-

1936 2060 2140 2114 tualem
2177 2063 2445 2118 rationem
2483 2066 2745 2121 subduxit
2776 2078 2941 2138 atque
2978 2069 3417 2132 transformavit,
3449 2086 3513 2124 ac

1933 2151 2218 2207 laboribus
2257 2171 2356 2223 pro
2397 2157 2601 2211 virtute
2637 2160 2912 2228 susceptis
2951 2160 3297 2230 prudentiam
3331 2160 3514 2215 carnis

1933 2242 2155 2311 spiritui
2201 2245 2466 2315 subjecit,
2511 2248 2579 2302 ad
2622 2261 2856 2304 mortem
2902 2266 3080 2320 usque
3123 2251 3388 2306 obedieas
3427 2251 3512 2306 fa-

1932 2345 2052 2390 ctus
2079 2346 2124 2402 ⁸,
2154 2338 2198 2391 is
2231 2355 2359 2393 vere
2397 2340 2588 2395 incede
2629 2361 2645 2391 ι
2685 2358 2785 2411 per
2813 2342 3026 2398 divinas
3059 2344 3454 2414 appellationes
3485 2364 3504 2396 ο

1930 2439 1986 2482 et
2016 2431 2212 2498 spiritu
2247 2431 2813 2501 irreprehensibiliter
2836 2445 2892 2489 et
2916 2452 3102 2500 carne,
3128 2436 3375 2490 divinum
3407 2437 3513 2490 iter

1930 2529 1986 2574 et
2023 2521 2170 2589 quod
2208 2522 2273 2576 ad
2319 2525 2489 2578 Deum
2533 2525 2689 2580 ducit
2733 2526 3077 2596 ingrediens,
3123 2547 3140 2578 ι
3185 2527 3441 2582 sublimis
3487 2547 3505 2579 ι

1931 2612 2154 2682 quidem
2190 2616 2494 2669 scentulum
2531 2619 2820 2688 mysticam
2855 2620 3377 2690 contemplationem
3415 2634 3516 2689 per

1931 2703 2197 2759 sublimes
2254 2707 2682 2775 appellationes,
2719 2728 2736 2760 ι
2769 2711 3070 2781 eademque
3125 2713 3342 2780 patiens
3375 2730 3394 2764 ›
3427 2726 3514 2766 se-

1931 2796 2172 2851 cundum
2211 2799 2510 2867 practicam
2545 2800 2982 2870 philosophiam,
3016 2803 3146 2855 dum
3183 2819 3281 2871 per
3311 2818 3513 2872 corpo-

1932 2890 2066 2943 ralia
2107 2890 2174 2943 ad
2217 2906 2510 2960 supernam
2556 2908 2819 2961 properas
2857 2894 3120 2962 quietem,
3164 2913 3181 2943 ι
3233 2893 3343 2946 imo
3380 2908 3512 2947 vero

1931 2999 2158 3052 prorsus
2187 2982 2400 3047 divine,
2439 3003 2456 3034 ι
2501 2999 2623 3037 cum
2659 2985 3083 3054 contemplativa
3114 2996 3205 3038 tua
3239 2984 3404 3037 etiam
3441 2984 3513 3038 sit

243 3070 320 3140 μὴ
351 3069 711 3140 ἀμοιρούσης·
746 3067 864 3121 ἀλλ’
885 3068 1008 3122 ὅτου
1037 3069 1198 3139 χάριν
1229 3067 1327 3138 τὴν
1360 3068 1496 3137 πρὸς
1525 3067 1622 3139 τὴν
1651 3069 1828 3138 σάρκα

1936 3073 2078 3127 actio
2123 3080 2179 3127 et
2221 3073 2479 3127 rationali
2522 3074 2698 3144 gratia
2743 3089 2853 3127 non
2898 3073 3169 3144 indigeat;
3215 3072 3310 3128 sed
3354 3073 3513 3143 cujus

237 3163 528 3232 γνωμικὴν
582 3161 935 3234 ἀλλοτρίωσιν
995 3160 1083 3214 διὰ
1131 3161 1230 3230 τῆς
1278 3161 1491 3224 τελείας
1524 3161 1826 3231 περιτομῆς

237 3254 351 3306 τῶν
398 3255 568 3325 αὐτῆς
617 3254 867 3323 φυσικῶν
913 3254 1231 3324 κινημάτων
1283 3254 1458 3306 είλετο
1505 3253 1692 3323 σαφῶς
1721 3255 1827 3305 ὐπ-

239 3345 524 3418 αγορεύων
554 3347 765 3418 ὅτιπερ,
804 3345 891 3400 ἵνα
919 3346 1144 3416 γένηται
1171 3348 1263 3399 καὶ
1289 3346 1451 3410 αὐτὸς
1472 3347 1654 3417 χάριτι
1673 3346 1824 3409 Θεὸς,

239 3442 386 3514 ὑπὲρ
412 3441 514 3514 τὴν
544 3441 676 3513 ὕλην
709 3442 852 3496 κατὰ
881 3441 1061 3512 σάρκα
1092 3439 1180 3493 διὰ
1205 3443 1303 3510 τῆς
1329 3439 1642 3510 πράξεως³³
1663 3479 1677 3502 ,
1735 3440 1827 3492 καὶ

238 3535 385 3588 κατὰ
410 3532 534 3587 νοῦν
559 3533 647 3586 διὰ
674 3533 907 3604 θεωρίας
939 3533 1080 3602 ὑπὲρ
1110 3532 1169 3584 τὸ
1195 3527 1354 3596 εἶδος,
1390 3532 1573 3602 (209
1594 3533 1645 3600 b)
1674 3532 1730 3598 ἐξ
1753 3524 1826 3583 ὧν

238 3628 272 3699 ἡ
313 3625 426 3680 τῶν
451 3626 622 3681 ὄντων
655 3625 889 3696 ὖπαρξις
922 3627 1231 3694 ὑφέστηκεν
1257 3664 1271 3684 ,
1333 3625 1523 3677 ἑαυτὸν
1552 3625 1826 3693 καταστή-

242 3739 344 3782 σας
363 3762 379 3785 ,
440 3721 533 3773 καὶ
562 3721 622 3773 τὸ
651 3720 772 3773 ὅλον
798 3722 970 3772 εἰπεῖν
991 3759 1005 3783 ,
1065 3721 1205 3773 κατὰ
1234 3720 1332 3790 τὴν
1359 3720 1472 3785 ἕξιν
1501 3721 1597 3790 τῆς
1629 3721 1826 3791 ἀρετῆς

238 3815 334 3864 καὶ
387 3813 486 3882 τῆς
533 3810 786 3879 γνώσεως
830 3811 991 3874 άῦλος
1044 3811 1141 3863 καὶ
1189 3810 1427 3873 ἀνείδεος
1463 3810 1638 3878 πάντη
1671 3812 1827 3876 γενό-

243 3921 404 3972 μενος
430 3943 443 3964 ,
497 3904 584 3956 διὰ
613 3903 704 3955 τὸν
733 3903 800 3954 δι’
829 3903 974 3972 ἡμᾶς
1025 3903 1080 3953 ὲν
1110 3901 1212 3972 ὕλῃ
1244 3903 1338 3955 καὶ
1362 3904 1492 3955 εῖδει
1530 3903 1654 3956 καθ’
1678 3905 1826 3972 ἡμᾶς

238 3995 459 4066 ἀληθῶς
489 3995 546 4061 ἐξ
572 3999 603 4066 ἡ
614 3994 728 4066 μῶν
757 3995 1051 4065 γενόμενον
1074 3994 1208 4047 Θεὸν
1232 3993 1426 4062 Λόγον,
1453 3994 1544 4047 τὸν
1569 3996 1708 4048 κατὰ
1729 3995 1827 4062 φύ-

240 4104 327 4138 σιν
383 4089 585 4156 κυρίως
629 4086 791 4141 άϋλον
828 4087 922 4139 καὶ
966 4085 1224 4139 ἀνείδεον.
1269 4086 1340 4138 ’Ἡ
1389 4085 1485 4139 καὶ
1530 4085 1690 4138 πάλιν
1721 4085 1780 4138 τό
1807 4104 1822 4117 °

246 4201 263 4230 ι
293 4178 512 4232 Μᾶλλον
534 4178 590 4230 δὲ
619 4179 738 4231 ὅλον
767 4177 983 4243 θεῖκῶς,
1001 4195 1018 4229 ι
1053 4176 1141 4230 διὰ
1167 4177 1264 4247 τὴν
1289 4178 1652 4249 ἐγγενομένην
1679 4178 1825 4247 αὐτῷ

240 4267 652 4339 κατορθώσαντι
709 4266 807 4338 τὴν
857 4269 1086 4339 ὲφικτὴν
1136 4267 1446 4340 ἀνθρώποις
1487 4269 1690 4341 ἀρετὴν
1735 4272 1829 4324 καὶ

239 4359 445 4429 γνῶσιν
464 4399 480 4422 ,
518 4359 581 4413 ἐκ
612 4360 710 4428 τῆς
746 4359 884 4431 πρὸς
911 4360 1003 4413 τὸν
1027 4360 1158 4414 Θεὸν
1191 4362 1288 4414 καὶ
1314 4362 1406 4413 τὸν
1431 4362 1662 4432 πλησίον
1688 4379 1828 4432 συμ-

1931 3163 2106 3236 gratia
2160 3164 2464 3218 voluntatis
2520 3181 2550 3218 a
2604 3181 2772 3220 carne
2825 3166 3216 3219 alienationem
3269 3163 3514 3234 perlecta

1929 3257 2052 3327 ejus
2096 3255 2433 3310 naturalium
2483 3257 2786 3311 motionum
2837 3257 3261 3312 circumcisione
3303 3255 3512 3326 ceperit

1928 3361 2120 3422 aperte
2157 3353 2386 3417 indicat,
2412 3354 2676 3408 nimirum
2714 3364 2776 3408 ut
2807 3355 2972 3408 etiam
3015 3355 3130 3424 ipse
3162 3354 3333 3425 gratia
3367 3354 3516 3409 Deus

1930 3442 2110 3507 ﬁeret,
2133 3459 2300 3513 super
2320 3445 2605 3498 materiam
2634 3445 2689 3498 in
2713 3460 2878 3499 carne
2903 3461 3002 3514 per
3027 3446 3319 3508 actionem,
3345 3444 3514 3514 inque

1931 3545 2112 3590 mente
2145 3551 2244 3606 per
2275 3537 2793 3606 contemplationem
2826 3553 2993 3607 super
3019 3537 3272 3600 formam,
3298 3551 3365 3591 ex
3392 3536 3515 3605 qui-

1929 3631 2032 3685 bus
2069 3646 2253 3684 rerum
2287 3639 2483 3684 natura
2520 3638 2771 3693 constat,
2805 3645 2924 3685 sese
2959 3632 3333 3693 constituens,
3360 3638 3421 3685 et
3451 3636 3515 3684 ut

1931 3732 2103 3776 totum
2131 3723 2366 3795 edicam,
2393 3722 2697 3776 secundum
2727 3722 2978 3776 habitum
3004 3721 3227 3778 virtutis
3251 3729 3307 3779 et
3329 3721 3514 3792 cogni-

1934 3816 2099 3870 tionis
2147 3816 2526 3870 immaterialis
2572 3825 2627 3869 et
2673 3815 2861 3870 formae
2899 3830 3096 3884 expers
3136 3816 3296 3884 plane
3335 3815 3516 3870 lactus

1931 3923 2028 3975 per
2058 3907 2224 3961 Deum
2259 3906 2582 3960 Sermonem
2613 3907 2705 3975 qui
2737 3914 2961 3976 pr0pter
2983 3921 3084 3960 nos
3113 3906 3168 3960 in‘
3195 3905 3426 3960 materia
3457 3915 3514 3961 et

1929 3999 2105 4053 forma
2140 4014 2332 4053 revera
2363 3998 2428 4052 ad
2461 4014 2563 4051 nos
2592 3997 2659 4052 de
2694 3997 2855 4052 nobis
2889 3998 3162 4067 pervenit,
3191 3998 3286 4067 qui
3318 4006 3516 4054 natura

1932 4107 2032 4146 sua
2063 4092 2289 4161 proprie
2319 4100 2404 4146 est
2432 4090 2814 4145 immaterialis
2843 4091 3141 4160 formaque.
3173 4105 3390 4160 expers.
3415 4089 3514 4144 Vel

1930 4182 2100 4235 etiam
2136 4196 2348 4246 rursus,
2377 4181 2511 4236 illud
2551 4197 2565 4234 :
2613 4199 2630 4232 ι
2669 4180 2784 4234 lmo
2813 4194 2947 4234 vero
2983 4195 3209 4249 prorsus
3241 4179 3449 4243 divine,
3486 4197 3512 4230 ι

1929 4271 2069 4326 dixit
2120 4281 2347 4342 propter
2391 4273 2543 4343 ejus,
2588 4273 2684 4342 qui
2727 4272 2987 4326 virtutem
3035 4287 3099 4326 ac
3145 4271 3517 4340 cognitionem

1931 4374 2166 4436 quantas
2223 4365 2546 4419 hominibus
2606 4365 2801 4420 liceret
2852 4364 3136 4428 exercuit,
3185 4380 3254 4419 ex
3309 4362 3405 4418 Dei
3459 4370 3516 4421 et

243 4435 500 4516 παθείας.
531 4429 830 4519 ἀπάθειαν,
857 4453 996 4524 ὑπὲρ
1022 4455 1122 4525 τῆς
1148 4453 1259 4508 τῶν
1283 4454 1458 4508 ἄλλων
1483 4429 1705 4523 ότρειλῆς
1729 4429 1828 4508 πά·

1936 4429 2170 4524 proximi
2203 4469 2413 4517 amore,
2436 4445 2678 4508 liberum
2713 4454 2782 4508 ab
2817 4453 3019 4508 all‘ectu
3054 4461 3280 4517 statum,
3305 4467 3418 4522 quo
3447 4451 3519 4506 de

243 4560 394 4616 σχειν
427 4546 522 4598 καὶ
552 4543 652 4615 τὴν
681 4543 860 4616 ψυχὴν
892 4544 1126 4615 ἑτοίμως
1155 4543 1461 4614 προΐεσθαι,
1497 4544 1572 4608 ὼς
1592 4543 1825 4615 κηλίδων

241 4635 592 4691 παντάπασιν
628 4636 888 4707 ὑπάρχων
915 4635 1220 4708 ἐλεύθερος.

247 4905 360 4960 Τοῦ
379 4904 590 4968 αὑτοῦ.
617 4905 686 4959 ἐκ
713 4905 820 4960 τοῦ
850 4907 937 4972 εἰς
963 4905 1034 4958 τὰ
1059 4905 1351 4962 Γενέθλια
1379 4909 1590 4977 λόγου,
1619 4911 1706 4977 εἰς·
1730 4911 1820 4980 τὸ,

313 5001 499 5068 Νόμοι
545 5002 786 5068 φύσεως
837 5001 1241 5053 καταλύονται
1261 5016 1276 5031 ο
1310 5002 1698 5071 πληρωθῆναι
1730 5004 1830 5059 δεῖ

313 5091 418 5145 τὸν
453 5090 576 5144 ἄνω
611 5092 866 5162 κόσμον.
916 5093 1172 5159 Χριστὸς
1215 5094 1448 5147 κελεύει
1471 5112 1484 5126 ·
1529 5095 1615 5164 μὴ
1653 5097 1820 5152 ἀντι-

312 5181 617 5251 τείνωμεν.
657 5202 675 5232 ι

313 5294 475 5348 Κατὰ
499 5295 762 5365 ἀλήθειαν
791 5298 839 5350 οἱ
874 5297 1029 5368 νόμοι
1061 5301 1160 5368 τῆς
1191 5297 1407 5368 φύσεως
1428 5299 1825 5366 καταλυθέντες

242 5386 340 5458 τήν
365 5385 460 5441 τοῦ
504 5387 620 5441 ἄνω
666 5389 873 5458 κόσμου
909 5390 1197 5460 πλήρωσιν
1238 5390 1584 5462 εἰργάσαντο.
1625 5391 1825 5461 Δηλον-

317 5514 340 5545 ι
377 5503 617 5575 Philipp.
651 5520 706 5568 ιι,
735 5502 786 5557 8.

1931 4547 2167 4601 aliorum
2199 4537 2390 4600 debito
2424 4546 2667 4615 patiatur
2697 4547 3050 4616 animamque
3078 4546 3318 4601 libenter
3347 4545 3517 4616 proji-

1931 4637 2072 4702 ciat,
2101 4645 2294 4706 utpote
2333 4637 2403 4691 ab
2444 4636 2704 4690 omnibus
2741 4637 2968 4692 omnino
2997 4635 3168 4692 navis
3197 4645 3254 4691 et
3286 4637 3521 4691 maculis

1927 4729 2095 4785 liber.

1929 4911 2190 4983 Ejusdem
2246 4927 2310 4964 ex
2359 4928 2600 4966 sermone
2660 4912 2716 4966 in
2768 4911 3146 4979 Nativitatent,
3197 4914 3252 4967 in
3305 4912 3443 4966 illud
3495 4929 3515 4968 :

2009 5023 2027 5056 ι
2070 5004 2232 5075 Leges
2263 5015 2472 5060 natura:
2506 5003 2814 5069 solvuntur;
2843 5003 3052 5075 impleri
3083 5013 3284 5075 oportet
3310 5014 3361 5059 et
3391 5022 3516 5059 con-

2001 5098 2265 5151 summari
2307 5097 2561 5151 mundum
2602 5113 2913 5168 supernum.
2945 5094 3182 5150 Christus
3209 5098 3358 5167 jubet
3395 5115 3414 5154 :
3451 5115 3520 5152 ne

2003 5189 2338 5244 obsistamus.
2374 5207 2392 5240 ι

2003 5300 2176 5372 Leges
2202 5311 2414 5355 natura:
2449 5315 2639 5354 revera
2673 5301 2866 5356 soluta:
2898 5301 3124 5371 superni
3155 5303 3343 5356 mundi
3379 5318 3516 5357 con-

1934 5393 2359 5449 summationem
2395 5394 2723 5450 ell'ecerunt.
2755 5393 3032 5450 Nimirum
3065 5412 3174 5450 non
3209 5395 3402 5452 solutis
3430 5395 3516 5450 eis

1526 5572 1766 5630 VARIE
1803 5572 2208 5630 LECTIONES.

315 5665 360 5698 “
393 5664 449 5720 ln
480 5666 795 5737 apograpbo
835 5675 1013 5722 exstat
1051 5666 1190 5738 ὑπὲρ
1220 5666 1318 5738 τὴν
1350 5664 1541 5738 ὑλικὴν
1570 5666 1712 5721 κατὰ
1739 5664 1920 5738 σάρκα
1944 5666 2044 5738 τῆς
2072 5664 2352 5737 πράξεως,
2381 5680 2504 5734 quat
2536 5665 2785 5736 suppleri
2819 5675 2875 5722 et
2903 5668 3210 5723 emendavi.

247 5775 608 5901 “esca-“em
639 5793 760 5848 οειιι-
815 5777 907 5844 Ἦν
937 5794 1061 5850 Pas.
1118 5779 1242 5845 556,
1293 5790 1426 5837 tom.
1477 5779 1678 5853 lOpp.
1729 5776 1820 5836 ed.

2005 5778 2126 5857 (l9)_
2145 5777 2307 5857 Qreg.
2333 5777 2473 5857 ἣδε-ε
2492 5775 2672 5857 0r._in
2696 5778 2991 5852 Theophan.
3027 5795 3146 5852 cap.
3189 5783 3244 5850 2,
3294 5796 3351 5857 ι).
3382 5784 3505 5852 661.,

1932 5846 2068 5906 t-om.
2097 5846 2126 5906 Ἰ
2155 5846 2292 5921 Opp.
2318 5847 2408 5905 ed.
2433 5846 2637 5904 Bened.
