4026 6288
558 302 697 373 1275
1726 301 1789 364 8.
1831 300 2120 364 ΜΔΧΙΜΙ
2156 298 2672 365 CONFESSORIS
3662 304 3781 382 1276

554 432 830 491 supernus
862 414 1104 472 mundus
1138 413 1496 487 imperfectus
1534 411 1829 470 mansisset
1859 421 2024 485 atque
2057 412 2143 469 in-

2200 411 2322 474 ιότι
2366 411 2446 486 μὴ
2475 412 2893 470 καταλυθέντων
2920 414 2969 448 ἰ
3008 414 3236 488 tum;
3265 415 3339 472 ἂν
3388 418 3421 471 6
3460 418 3572 473 ἄνω
3616 420 3790 491 κόσμος

554 512 992 562 consummatus.
1017 502 1280 572 Quaenam
1323 513 1453 558 sunt
1488 510 1673 558 autem
1709 502 1829 559 istae
1866 519 1989 574 qua:
2028 502 2139 559 sol-

2240 502 2479 576 διέμιιντ
2514 504 2613 561 καὶ
2657 506 3005 580 ἀπλήρωτος.
3040 510 3199 574 Τίνες
3229 512 3285 565 δὲ
3328 511 3380 565 oi
3428 509 3791 582 καταλυόμενοι

553 603 765 652 vuntur
796 595 948 667 leges
982 594 1231 651 natura?
1263 594 1361 649 Est
1390 586 1680 666 conceptio
1717 609 1815 666 per
1847 595 2139 662 sationem,

2240 594 2398 668 νόμοι
2430 597 2534 670 τῆς
2577 596 2794 668 φύσεώς
2828 601 3006 669 είσιν;
3066 601 3134 657 Ἦ
3187 602 3275 657 διὰ
3322 605 3536 674 σπορᾶς
3567 602 3794 676 σύλληψις

555 695 614 746 et
645 703 745 760 per
775 686 1086 751 interitum,
1119 693 1180 741 ut
1214 694 1371 758 puto,
1404 688 1709 758 generatio,
1735 702 1969 757 quarum
2007 702 2144 742 nen-

2244 686 2341 743 καὶ⁵
2377 689 2411 761 ἡ
2441 688 2530 743 διὰ
2554 678 2765 762 φθορᾶς
2805 691 2978 759 ἐστιν,
3010 693 3086 758 ώς
3109 691 3285 764 οἶμαι,
3325 695 3606 764 γέννησις,
3629 690 3698 751 ὧν
3719 701 3796 752 οὐ·

558 793 642 837 tra
661 795 852 837 veram
880 780 974 835 Dei
1003 779 1439 835 incarnationem
1471 780 1884 851 perfectamque
1913 778 2142 834 humani

2241 778 2462 852 δέτερον
2511 780 2614 851 τὴν
2650 781 2913 854 ἀληθινὴν
2956 783 3051 837 τοῦ
3090 783 3229 838 Θεοῦ
3279 785 3568 856 σάρκωσιν
3602 786 3690 840 καὶ
3723 804 3798 840 τε·

559 873 810 944 eorporis
854 872 1288 943 assumptionem
1335 871 1494 943 plene
1538 872 1866 944 designavit.
1903 871 2145 929 Sationis

2246 868 2395 925 λείαν
2439 871 2856 944 ὲνανθρώπησιν
2903 873 3189 940 παντελῶς
3238 877 3661 948 ὲχαρακτήρισε.
3691 879 3800 932 Σπο-

557 965 709 1020 enim
734 979 863 1021 vere
890 964 994 1020 fuit
1023 963 1331 1036 conceptio,
1356 973 1412 1020 et
1439 964 1701 1021 interitus
1724 964 1953 1020 omnino
1980 980 2147 1035 gene-

2251 963 2352 1033 ρᾶς
2405 963 2516 1037 γὰρ
2570 964 2788 1036 ἀληθῶς
2845 966 3210 1038 ὴσὺλληψις.
3251 968 3351 1023 καὶ
3382 968 3591 1039 φθορᾶς
3635 969 3799 1037 γέγονε

561 1056 732 1122 ratio,
782 1072 921 1127 pura
974 1067 1139 1128 atque
1191 1057 1567 1123 immaculata,
1609 1065 2010 1129 proptereaque
2057 1057 2143 1113 vel

2245 1055 2484 1127 πάμπαν
2518 1057 2552 1128 ἡ
2593 1055 2872 1129 γέννησις,
2907 1059 3128 1131 καθαρὰ
3155 1059 3251 1113 καὶ⁵
3285 1059 3595 1129 άνέπαφος,
3626 1062 3801 1116 uim

561 1158 683 1218 post
703 1148 948 1220 generati
981 1157 1198 1220 partum
1227 1150 1381 1221 virgo
1407 1158 1605 1215 mater,
1633 1165 1759 1205 eum
1786 1167 1887 1221 per
1914 1150 1969 1206 id
1994 1149 2145 1221 quod

2245 1147 2407 1203 τοῦτο
2439 1149 2719 1222 Παρθένος
2750 1151 2847 1205 καὶ
2883 1151 3023 1222 μετὰ
3046 1150 3138 1205 τὸν
3166 1151 3324 1205 τόκον
3354 1152 3459 1205 τοῦ
3482 1151 3799 1221 γεννηθέντος

559 1241 777 1312 peperit
812 1242 994 1313 potius
1036 1241 1157 1297 sine
1200 1243 1454 1312 passione
1492 1251 1866 1315 permaneret,
1896 1243 1952 1298 id
1996 1241 2145 1314 qu'od

2247 1242 2282 1313 ή
2313 1241 2536 1314 Μήτηρ,
2572 1241 2664 1296 διὰ
2707 1244 2801 1297 τοῦ
2854 1243 3080 1298 τοκετοῦ
3131 1244 3337 1315 μᾶλλον
3370 1242 3593 1315 ἀπαθὴς
3630 1242 3801 1314 διαμεί-

561 1334 726 1389 etiam
758 1335 959 1389 mirum
986 1343 1044 1390 et
1068 1343 1268 1406 praeter
1291 1350 1512 1391 omnem
1540 1345 1752 1392 naturae
1778 1337 1952 1408 legem
1980 1347 2145 1409 atque

2247 1348 2414 1398 νασα,
2453 1333 2483 1387 6
2524 1334 2622 1388 καὶ
2662 1334 2966 1406 παράδοξον
2998 1336 3094 1389 καὶ
3121 1336 3299 1389 πάντα
3336 1336 3561 1404 φύσεως
3584 1335 3730 1405 νόμον
3752 1351 3799 1387 τε

562 1423 831 1479 rationem
868 1422 1072 1480 factum
1107 1433 1214 1489 est,
1242 1425 1323 1480 uti
1358 1425 1505 1482 Deus
1535 1425 1629 1497 qui
1663 1441 1732 1481 ex
1765 1425 1855 1481 illa
1890 1426 1947 1481 in
1979 1442 2146 1484 carne

2253 1425 2349 1479 καὶ
2374 1424 2534 1496 λόγον
2562 1425 2887 1498 ἐκϐεϐηκὸς,
2917 1428 3010 1483 καὶ
3036 1425 3168 1490 Θεδς
3188 1430 3219 1481 6
3246 1425 3307 1492 ἐξ
3332 1426 3512 1496 αὐτῆς
3536 1426 3799 1497 σαρκὶγεν-

559 1514 711 1571 nasei
750 1515 1008 1588 dignatus
1048 1526 1154 1582 est,
1185 1518 1282 1589 qui
1319 1517 1654 1591 virginitatis
1689 1519 1912 1575 vincula
1953 1519 2054 1586 illi,
2087 1528 2149 1575 ut

2254 1516 2487 1591 νηθῆναι
2538 1517 2906 1585 καταξιώσας,
2957 1518 3288 1587 διασφίγξας
3339 1520 3489 1589 αὐτῇ
3535 1516 3717 1588 μᾶλλον
3743 1519 3800 1581 ὥς

559 1607 758 1673 matri,
790 1609 977 1679 potius
1011 1610 1271 1665 astrinxit
1303 1626 1404 1681 per
1437 1611 1873 1683 generationem.
1904 1612 1964 1667 Id
1999 1613 2148 1683 quod

2253 1609 2423 1680 μητρὶ
2452 1607 2521 1663 τά
2544 1610 2643 1680 τῆς
2660 1610 2964 1681 παρθενίας
2995 1610 3249 1681 (210a)
3274 1608 3459 1680 δεσμὰ
3484 1607 3575 1663 διὰ
3600 1608 3691 1680 τῆς
3710 1625 3801 1678 τεν·

560 1700 710 1756 l'actu
757 1717 868 1757 non
917 1702 1102 1758 minus
1141 1718 1307 1773 quam
1353 1703 1545 1758 auditu
1589 1719 1717 1759 vere
1760 1705 2147 1761 admirandum

2252 1701 2486 1773 νήσεως.
2512 1702 2586 1755 Τὸ
2615 1701 2932 1774 θαυμαστὸν
2960 1702 3131 1768 ὅντως
3156 1704 3252 1758 καὶ
3279 1704 3524 1775 πρᾶγμα
3548 1704 3640 1754 καὶ
3670 1702 3802 1755 hou-

561 1800 669 1859 est,
695 1794 947 1866 generari
985 1795 1245 1850 nimirum
1284 1795 1548 1853 infantem
1581 1807 1637 1852 et
1667 1807 1827 1868 partu
1858 1798 1971 1864 edi,
1999 1799 2151 1871 geni-

2212 1782 2223 1833 ί
2258 1809 2392 1864 σμα,
2425 1792 2682 1866 γέννησιν
2738 1793 2994 1863 γενέσθαι
3031 1793 3265 1867 βρέφους
3308 1794 3410 1848 καὶ
3458 1793 3695 1866 πρόοδον,
3718 1793 3802 1849 τῶν

562 1882 768 1939 talibus
806 1883 1068 1940 claustris
1110 1885 1304 1940 matris
1346 1902 1456 1941 non
1497 1889 1726 1958 apertis.
1757 1888 1994 1946 Necesse
2035 1900 2152 1946 erat

2265 1885 2607 1957 γεννητικῶν
2648 1885 2916 1958 κλείθρων
2956 1887 3051 1957 τῆς
3083 1886 3351 1959 τεκούσης
3384 1885 3464 1958 μὴ
3498 1887 3801 1954 άνοιγέντων.

559 1974 711 2029 enim
751 1990 966 2043 revera,
1001 1992 1226 2032 necesse
1268 1986 1387 2032 erat
1425 1987 1486 2033 ut
1521 1989 1731 2035 natura:
1770 1980 2025 2037 conditor
2059 1998 2149 2054 per

2264 1976 2413 2031 Ἔδει
2460 1977 2569 2048 γάρ
2609 1978 2781 2042 ὅντως
2809 2022 2825 2045 ,
2862 1978 2969 2033 ἔδει
3000 1978 3092 2032 τὸν
3122 1979 3354 2051 ποιητὴν
3386 1979 3492 2047 τῆς
3532 1976 3726 2047 φύσεως
3749 1974 3803 2029 δι’

561 2065 918 2136 semetipsum
988 2076 1245 2124 naturam
1313 2071 1618 2127 emendans
1678 2076 1884 2143 primas
1946 2083 2151 2132 natura:

2258 2067 2456 2122 ἑαυτοῦ
2499 2069 2596 2139 τὴν
2623 2066 2784 2139 φύσιν
2808 2068 3280 2141 ἐπανορθούμενον
3309 2068 3566 2142 πρώτους
3602 2066 3799 2120 καταλῦ-

562 2148 714 2229 leges
741 2158 1105 2228 dissolveret,
1138 2162 1344 2233 quibus
1376 2175 1667 2234 peccatum
1705 2176 1934 2237 propter
1968 2166 2152 2223 inobe-

2260 2177 2350 2214 σαι
2381 2160 2510 2223 τοὺς
2542 2160 2744 2231 νόμους
2777 2160 2875 2232 τῆς
2905 2159 3146 2230 φύσεως,
3173 2155 3258 2225 οἷς
3280 2162 3314 2232 ἡ
3344 2161 3597 2232 ἁμαρτία
3630 2159 3707 2213 διὰ
3728 2159 3804 2226 τῆς

561 2250 825 2306 dientiam
894 2268 1081 2323 parem
1142 2268 1268 2309 eum
1336 2255 1755 2312 irrationalibus
1817 2258 2151 2316 animalibus

2258 2249 2544 2323 παρακοῆς
2575 2252 2673 2324 τὴν
2698 2253 2869 2324 αὐτὴν
2897 2255 3011 2318 τοῖς
3042 2254 3259 2323 ἀλόγοις
3283 2253 3451 2320 ζώοις
3472 2254 3598 2316 τοὺς
3628 2250 3804 2321 ἀνθρώ-

562 2340 815 2398 homines
847 2343 1203 2399 damnaverat
1232 2345 1438 2402 habere
1477 2362 1546 2401 ex
1585 2347 1901 2418 semetipsis
1934 2365 2152 2405 succes-

2258 2363 2393 2409 πους
2422 2344 2567 2415 ἔχειν
2599 2344 2697 2415 τῆς
2726 2343 2785 2410 ἐξ
2826 2344 3073 2415 ἀλλήλων
3126 2344 3387 2415 διαδοχῆς
3434 2344 3664 2414 ίδιότητα
3698 2356 3804 2393 κατ·-

561 2430 775 2487 sionem
833 2434 1220 2493 continuanda:
1274 2437 1492 2509 stirpis,
1545 2448 1602 2494 et
1650 2440 1844 2509 prima:
1898 2443 2039 2497 adeo
2089 2458 2151 2498 ae

2258 2437 2506 2499 εδίκασε,
2535 2436 2629 2488 καὶ
2670 2433 2816 2489 οὕτω
2856 2437 2955 2505 τῆς
2986 2436 3209 2508 πρώτης
3237 2437 3334 2490 καί⁵
3365 2435 3542 2497 ὅντως
3572 2433 3704 2490 θείας
3726 2432 3801 2500 δη-

567 2537 758 2579 revera
799 2523 1003 2581 divinae
1046 2528 1350 2584 creationis
1389 2530 1538 2600 leges
1579 2530 1891 2598 innovaret,
1916 2542 1977 2587 ut
2008 2534 2157 2603 quod

2262 2526 2556 2597 μιουργίας
2608 2527 2738 2590 τοὺς
2786 2518 2987 2596 νόμούς
3029 2526 3468 2591 ἀνανεώσασθαι,
3504 2526 3591 2579 ἴνα
3634 2523 3804 2593 ὃπερὸ

569 2614 735 2669 homo
765 2632 833 2671 ex
872 2618 1225 2689 negligentia,
1259 2629 1318 2676 ut
1352 2621 1623 2687 infirmus,
1656 2623 2015 2694 perdidisset,
2053 2625 2159 2682 hoc

2258 2617 2549 2690 ἄνθρωπος
2589 2618 2650 2683 ἐξ
2673 2617 3006 2690 ἀπροσεξίας
3039 2617 3115 2683 ὡς
3142 2618 3378 2690 ἀσθενὴς
3410 2612 3801 2690 ﬁgadean

567 2707 717 2764 Deus
753 2709 822 2765 de
862 2711 1158 2767 clementia
1203 2730 1323 2780 sua,
1357 2725 1417 2770 ut
1456 2726 1673 2786 potens,
1706 2726 2066 2774 restauraret.
2099 2719 2157 2775 Si

2257 2707 2347 2763 διά
2368 2707 2786 2778 φιλανθρωπίαν
2810 2710 2838 2762 6
2859 2707 2994 2771 Θεὸς
3017 2707 3093 2772 ῶς
3120 2707 3347 2771 δυνατὸς
3375 2705 3803 2779 ἐπανορθώσηται.

567 2800 736 2870 igitur
765 2800 914 2874 leges
943 2813 1159 2861 natura:
1181 2806 1250 2861 de
1286 2819 1514 2877 peccato
1544 2809 1815 2880 imposita:
1847 2811 1905 2867 in
1935 2810 2157 2868 Christo

2260 2800 2323 2855 Ei
2352 2801 2534 2855 τοίνυν
2572 2801 2620 2854 oi
2660 2800 2752 2855 διά
2789 2798 2888 2872 τὴν
2922 2800 3201 2873 ἁμαρτίαν
3234 2801 3393 2873 νόμοι
3424 2800 3526 2869 τῆς
3549 2798 3801 2869 φύσεωςὲν

565 2890 762 2946 soluta:
790 2902 941 2958 sunt,
967 2903 1026 2949 et
1050 2896 1233 2951 omnis
1259 2897 1556 2953 atl'eetuum
1584 2899 1803 2956 servilis
1825 2900 2155 2959 insurrectio

2258 2889 2484 2963 Χριστῷ
2518 2889 2922 2959 κατελύθησαν,
2976 2891 3073 2944 καλ⁵
3124 2893 3278 2944 πᾶσα
3327 2889 3693 2961 δουλοπρεπὴς
3717 2886 3803 2940 τῶν

567 2977 637 3033 de
677 2977 963 3036 Sermonis
1004 2982 1247 3040 adventu
1285 2987 1509 3057 penitus
1545 2997 1755 3045 remota
1790 3000 1897 3057 est,
1928 3006 2157 3048 necesse

2260 2980 2450 3035 παθῶν
2484 2980 2859 3044 ἐπανάστασις
2907 2979 2996 3034 διά
3044 2980 3146 3051 τῆς
3197 2982 3510 3054 παρουσίας
3550 2979 3635 3034 τοῦ
3678 2979 3798 3046 λόγον

564 3076 652 3125 est
681 3072 909 3128 omnino
945 3083 1004 3129 ut
1036 3090 1312 3146 supernus
1344 3078 1587 3135 mundus
1619 3091 2060 3148 consummetur,
2092 3092 2154 3138 ut

2212 3122 2227 3141 ,
2263 3072 2544 3138 παντελῶς
2578 3073 2879 3141 ἀπεγένετο
2904 3114 2921 3140 ,
2957 3072 3318 3145 πληρωθῆναι
3368 3075 3457 3128 δεῖ
3502 3074 3698 3136 πάντως
3732 3070 3802 3171 τὸν

568 3163 646 3218 ait
678 3166 965 3237 magister.
1000 3167 1068 3222 Et
1098 3178 1296 3226 contra
1330 3170 1438 3227 hoc
1473 3187 1545 3227 ne
1578 3172 1989 3245 obstrepamus.
2022 3173 2158 3230 Nam

2211 3161 2229 3179 ’
2265 3166 2377 3220 ἅνω
2402 3166 2633 3236 κόσμον,
2662 3164 2738 3229 ῶς
2763 3181 2931 3235 φησιν
2955 3167 2984 3219 6
3012 3165 3354 3229 διδάσκαλος.
3385 3166 3505 3220 Καὶ
3530 3165 3656 3231 πρὸς
3678 3161 3801 3216 τοῦτο

569 3260 615 3312 si
647 3266 827 3325 vetus,
856 3260 951 3329 qui
990 3270 1220 3332 peccato
1257 3263 1597 3335 subiacebat,
1624 3265 1797 3322 Adam
1836 3266 2070 3338 simplex
2100 3249 2159 3323 et

2268 3258 2344 3329 μὴ
2376 3257 2793 3328 ἀντιτείνωμεν.
2834 3259 2897 3311 Εἰ
2921 3257 3031 3329 γὰρ
3058 3259 3087 3310 6
3128 3257 3360 3322 παλαιὸς
3393 3257 3507 3311 ὑπὸ
3547 3257 3639 3327 τὴν
3659 3255 3800 3323 ἁμαρ·

568 3349 729 3404 exilis
759 3351 945 3416 homo,
973 3352 1180 3423 primas
1216 3354 1271 3408 in
1313 3356 1511 3427 spiritu
1547 3357 1700 3428 leges
1733 3368 1946 3414 natura:
1972 3359 2158 3414 inobe-

2264 3350 2386 3404 τίαν
2423 3351 2468 3382 ³⁸
2518 3350 2691 3421 Ἀδὰμ
2718 3349 2875 3421 ψιλὸς
2920 3349 3207 3421 ἄνθρωπος
3243 3349 3317 3404 ῶν
3344 3351 3476 3414 τοὺς
3512 3349 3736 3421 πρώτους
3756 3345 3801 3397 iv

571 3440 779 3496 dientia
814 3442 1091 3509 dissolvit,
1129 3444 1562 3519 inferioremque
1598 3448 1863 3504 mundum
1892 3450 2046 3520 prole
2080 3465 2161 3505 re-

2267 3440 2540 3514 πνεύματι
2573 3443 2774 3514 νόμους
2802 3443 2902 3514 τῆς
2939 3442 3156 3512 φύσεως
3179 3442 3267 3496 διά
3297 3443 3396 3514 τῆς
3435 3441 3700 3514 παρακοῆς
3723 3452 3802 3489 κα-

573 3535 742 3603 plevit
766 3535 833 3591 de
861 3551 963 3592 suo
988 3542 1199 3595 semine
1228 3550 1284 3595 et
1314 3542 1369 3595 in
1397 3558 1563 3598 carne
1602 3553 1721 3599 sata
1760 3544 1816 3599 in
1852 3544 2163 3611 interitum,

2267 3531 2508 3598 ταλύσας
2534 3534 2627 3587 τὸν
2656 3536 2807 3588 κάτω
2837 3534 3042 3606 κόσμον
3085 3534 3374 3606 ἐπλήρωσε
3404 3534 3520 3588 τῶν
3549 3527 3803 3587 κατ’σύτδν

576 3628 1036 3695 transgressionis
1085 3644 1200 3685 sua:
1244 3631 1614 3689 similitudine
1663 3634 1926 3707 princeps
1964 3635 2164 3702 factus,

2271 3626 2437 3697 σαρκὶ
2482 3625 2861 3697 γεννηθέντων
2898 3627 2981 3690 είς
3028 3625 3240 3697 φθορὰν
3263 3666 3278 3687 .
3308 3625 3387 3696 τῷ
3416 3622 3706 3697 ὁμοιώματι
3725 3618 3801 3688 τῆς

575 3721 632 3768 et
661 3729 827 3771 nemo
855 3717 1213 3789 obloquelur,
1243 3723 1418 3778 multo
1449 3725 1624 3796 magis
1655 3726 1750 3796 qui
1783 3726 1903 3782 sine
1934 3737 2165 3798 peccato

2269 3716 2437 3773 αὑτοῦ
2472 3716 2842 3790 παραϐάσεως
2877 3718 3173 3789 γενόμενος
3222 3716 3496 3790 ἀρχηγὸς,
3542 3715 3633 3769 καὶ
3667 3710 3802 3771 οὐδεὶς

574 3816 663 3861 est
690 3822 866 3863 novus
892 3809 1065 3865 Adam
1091 3811 1346 3869 Christus
1369 3815 1519 3871 Deus
1544 3816 1695 3887 leges
1722 3817 2164 3875 irrationalitatis

2268 3811 2505 3882 ἀντερεῖ,
2529 3808 2710 3881 πολλῷ
2745 3808 2946 3881 μᾶλλον
2969 3811 2998 3865 6
3027 3810 3420 3882 ἀναμάρτητος
3443 3808 3582 3873 νέος,
3608 3808 3635 3859 6
3668 3801 3801 3870 Ἀδὰμ

576 3908 789 3955 natura:
814 3900 884 3956 de
910 3913 1139 3972 peccato
1169 3904 1349 3961 illatas
1374 3906 1712 3975 dissolverit,
1737 3918 1798 3964 ut
1816 3909 1983 3976 ratio,
2007 3925 2166 3981 supe-

2271 3900 2510 3973 Χριστὸς
2535 3900 2564 3953 ό
2601 3900 2736 3964 Θεὸς
2768 3900 2899 3964 τοὺς
2927 3898 3017 3953 διὰ
3046 3898 3145 3971 τὴν
3177 3898 3456 3970 ἁμαρτίαν
3504 3890 3801 3964 ἐπεισαχθέν·

581 3990 894 4064 rioremque
923 3996 1190 4050 mundum
1225 4008 1373 4054 recte
1407 3998 1476 4054 iis
1501 4000 1800 4070 repleverit
1833 4017 1975 4072 quos
2005 4017 2074 4057 ex
2110 4017 2170 4058 se

2269 4011 2371 4059 τας
2411 3997 2480 4066 τῇ
2527 3993 2687 4065 φύσει
2729 3993 2929 4066 νόμους
2980 3995 3079 4064 τῆς
3128 3990 3353 4061 ἀλογίας
3404 3982 3794 4049 καταλύσας.ὦς

582 4083 638 4138 in
683 4084 885 4154 spiritu
938 4095 1169 4157 generat
1213 4088 1472 4146 interitus
1517 4101 1804 4163 expertes,
1843 4094 2172 4152 obedientia:

2273 4085 2450 4155 λόγος,
2492 4083 2588 4140 τὸν
2632 4085 2746 4141 ἄνω
2784 4076 3363 4157 κόσμονπληρώσειεν
3399 4083 3469 4136 ἀν
3499 4079 3699 4174 δικαίως
3720 4073 3801 4174 τῶ)

582 4189 696 4229 sua:
743 4176 1110 4233 similitudine
1158 4180 1417 4252 princeps
1456 4182 1655 4239 factus.
1689 4185 1757 4240 Et
1798 4201 1964 4241 nemo
2005 4187 2171 4244 iidem

2272 4178 2394 4233 κατ’
2421 4176 2585 4232 αὐτὸν
2614 4179 2696 4242 είς
2724 4176 3036 4250 ἀφθαρσίαν
3065 4174 3340 4246 πνεύματι
3365 4173 3717 4243 γεννωμένων,
3740 4173 3797 4233 τῳ

583 4267 819 4337 deneget
847 4283 1041 4345 eorum
1067 4270 1164 4341 qui
1187 4271 1273 4326 vel
1302 4273 1584 4343 paululum
1615 4288 1913 4335 senserunt
1937 4281 2035 4337 Dei
2069 4282 2173 4337 im-

2272 4268 2583 4342 ὀμοιώματι
2620 4269 2722 4340 τῆς
2766 4268 2936 4323 αὐτοῦ
2972 4267 3219 4338 ὑπακοῆς
3262 4266 3554 4336 γενόμενος
3582 4254 3796 4331 ἀρχηγός.

586 4354 799 4425 perium
830 4357 1061 4429 ejusque
1094 4360 1526 4432 magnitudinem
1554 4377 1921 4437 agnoverunt.
1952 4369 2043 4427 Sic
2071 4371 2173 4442 igi-

2273 4362 2384 4416 Καὶ
2412 4362 2713 4416 ἀπιστείτω
2742 4359 2932 4431 μηδεὶς
2957 4358 3065 4414 τῶν
3092 4357 3198 4411 κᾶν
3231 4355 3427 4430 μικρὸς
3454 4346 3798 4442 ὲπῃσθημένων

589 4457 679 4500 tur
704 4448 961 4517 superior
989 4450 1232 4508 mundus
1260 4454 1509 4524 repletur
1538 4433 1613 4512 iis
1634 4459 1729 4529 qui
1762 4460 1830 4518 de
1859 4433 2171 4519 Christoin

2208 4461 2249 4521 υ
2273 4456 2372 4525 τῆς
2401 4454 2495 4508 τοῦ
2543 4452 2680 4506 Θεοῦ
2717 4451 3043 4514 δυναστείας
3071 4449 3165 4504 καὶ
3191 4448 3254 4503 τδ
3298 4446 3529 4520 μέγεθος
3558 4441 3728 4529 αύτῆς-
3742 4433 3798 4505 μὴ

586 4538 786 4608 spiritu
827 4548 1186 4610 generantur,
1207 4551 1264 4599 et
1287 4544 1367 4600 sic
1392 4544 1556 4602 linem
1584 4526 1815 4605 sortitur
1835 4552 2172 4608 convenien-

2274 4545 2635 4613 ἀγνοούντων.
2677 4540 2835 4596 Οὕτω
2865 4541 2966 4611 μὲν
2984 4536 3083 4603 ρύν
3107 4540 3137 4592 6
3165 4539 3278 4594 ἀνω
3315 4539 3521 4609 κόσμος
3553 4526 3794 4604 πληροῦται

589 4638 698 4684 tem
738 4631 976 4687 carnalis
1015 4640 1072 4688 et
1111 4632 1395 4692 inferioris
1438 4637 1605 4710 hujus
1647 4643 2020 4713 generationis
2061 4644 2170 4710 lex,

2277 4637 2464 4707 (210
2488 4636 2541 4707 θ)
2580 4634 2690 4688 τῶν
2720 4633 2865 4688 κατά
2912 4632 3149 4704 Χριστὸν
3180 4632 3238 4685 ἐν
3264 4631 3538 4702 πνεύματι
3577 4614 3796 4713 γεννωμὲς

585 4728 642 4775 et
674 4720 741 4777 ad
781 4726 1125 4794 superiorem
1162 4727 1433 4784 mundum
1466 4705 1725 4802 aequabili
1761 4706 1945 4789 omnia
1979 4705 2175 4792 ordine

2275 4705 2446 4794 ,ἠ
2468 4705 2562 4780 καὶ
2615 4724 2758 4779 οὕτω
2796 4727 2977 4796 πέρας
3013 4722 3229 4794 δέχεται
3277 4721 3584 4793 πρόσφορον
3625 4717 3650 4770 ό
3688 4705 3793 4802 κιςά

586 4812 1016 4887 diSpunguntur.
1533 4798 1549 4802 '

2278 4818 2458 4890 σάρκα
2502 4818 2669 4888 νόμος
2718 4816 2812 4871 καὶ
2864 4816 2964 4885 τῆς
3001 4814 3153 4868 κάτω
3188 4814 3531 4884 γεννήσεως,
3572 4807 3655 4864 καὶ
3694 4798 3794 4873 πρὸς

2278 4910 2374 4964 τὸν
2406 4910 2521 4966 ἀνω
2545 4909 2750 4980 κόσμον
2780 4908 2959 4961 πάντα
3003 4905 3494 4978 άναρῤυθμίζεται.

1008 5085 1133 5173 Alia
1169 5119 1224 5173 in
1266 5119 1407 5176 idem
1446 5120 1756 5176 observatio.

2626 5122 2823 5188 Ἀλλη
2853 5118 3105 5187 ἐπιϐολὴ
3131 5119 3218 5186 εἰς
3246 5116 3313 5171 τὸ
3353 5116 3522 5170 αὐτό.

658 5223 799 5280 Cum
822 5242 954 5284 vero
980 5231 1148 5287 aliam
1171 5248 1395 5305 quoque
1420 5235 1668 5308 magistri
1696 5250 1881 5291 sermo
1907 5235 2181 5305 interpre-

2364 5231 2583 5305 Ἐπειδὴ
2614 5232 2671 5285 δὲ
2716 5230 2810 5285 καὶ
2835 5229 2998 5286 ἀλλον
3028 5226 3155 5281 νοῦν
3184 5225 3322 5300 πρὸς
3348 5223 3564 5289 τούτοις
3589 5223 3617 5275 6
3644 5213 3720 5270 τοῦ
3736 5211 3794 5309 δι·

593 5313 858 5407 tationem
890 5318 1185 5379 admittere
1217 5324 1354 5381 mihi
1381 5326 1655 5392 videatur,
1683 5327 1801 5382 hac
1828 5341 2049 5397 quoque
2078 5340 2179 5397 pro

2281 5323 2553 5379 δασκάλου
2576 5322 2735 5391 λόγος
2762 5319 2903 5392 ἔχων
2931 5335 3023 5391 μοι
3066 5314 3338 5387 φαίνεται,
3368 5314 3582 5407 λεκτέον
3598 5308 3680 5407 καὶ

592 5406 805 5464 viribus
846 5411 988 5467 meis
1027 5415 1138 5471 erit
1179 5418 1569 5488 proponenda,
1602 5418 1719 5474 Deo
1765 5419 1820 5474 in
1846 5392 2182 5490 —Evangeliis

2281 5432 2375 5470 τον
2406 5413 2483 5479 ὡς
2509 5413 2634 5469 καθ’
2666 5414 2815 5484 ἡμᾶς
2845 5413 2964 5465 ἐστι
2993 5407 3242 5472 δυνατὸν,
3282 5405 3419 5461 Θεοῦ
3442 5407 3536 5460 τὸν
3555 5392 3794 5490 λόγον

593 5495 716 5566 ipso
747 5513 1059 5560 sermonem
1084 5506 1378 5580 dirigente.
1407 5509 1534 5566 Sola
1561 5519 1619 5567 et
1642 5513 1807 5568 unica
1838 5528 2024 5568 rerum
2057 5511 2181 5567 uni-

2286 5504 2563 5581 mea“
2594 5481 3115 5570 ‘toigEl'Jaﬁst;
3157 5497 3220 5552 Ἢ
3249 5497 3386 5570 μόνη
3409 5497 3519 5551 τῶν
3548 5495 3666 5552 ὅλων
3684 5481 3795 5543 αἰτία

1904 5644 2145 5704 VARIJE
2185 5638 2595 5700 LECTIONES.

674 5747 721 5779 "
749 5746 1135 5831 Apograpbum
1170 5762 1584 5830 καταλυθέντες.
1664 5768 1707 5799 ³⁵
1738 5766 1782 5823 Α
1806 5767 1980 5838 prima
2015 5779 2177 5821 manu
2208 5762 2475 5834 scriptum
2511 5766 2596 5815 est
2624 5756 2724 5831 τῆς
2755 5752 3032 5827 ἁμαρτίας
3060 5752 3121 5807 in
3143 5750 3269 5808 eod.
3293 5749 3437 5807 Gud.
