4026 6288
136 347 288 412 1277
303 394 318 402 α

1391 355 1912 418 AMBIGUORUM
1952 362 2208 426 LIBER.

3279 372 3420 440 1278'

131 463 241 517 καὶ
297 462 432 526 Θεὸς
488 459 694 531 Ἰησοῦς
749 462 779 512 6
817 462 950 533 ἐμὸς
1000 462 1058 516 ὲν
1096 463 1434 536 παραϐολαῖς
1479 464 1729 536 ,κρυφίως

1851 483 2118 526 rersarum
2159 489 2324 528 causa
2369 485 2534 546 atque
2576 478 2723 536 Deus
2764 499 2920 538 meus
2957 485 3117 541 Iesus
3158 489 3213 542 in
3258 504 3419 558 para-

130 553 413 608 διδάσκων
452 552 728 624 πρόϐατον
754 552 905 618 θείας
940 554 1300 617 ἑκατοντάδος
1328 554 1730 624 ἁποφοιτῆσαν,

133 647 243 701 καὶ
269 646 526 716 δραχμὴν
548 646 698 710 θἐίας
729 647 954 710 δεκάδος
984 648 1468 720 παραπολομένην,
1499 648 1593 702 καὶ
1619 649 1732 700 υίδν

131 738 359 792 ἄσωτον
404 737 662 807 ἀφραδιῖκῖ
689 738 734 770 ⁸⁸
771 738 867 792 τοῦ
908 740 1120 811 πατρὸς
1167 740 1600 812 ἀποπηδήσαντα
1639 740 1735 791 καὶ

136 831 453 902 ἀδελφικῖκ
494 830 644 894 θείας
694 831 884 896 δυάδος
924 833 1024 903 τὴν
1077 834 1332 904 ὁμόνοιαν
1366 835 1604 887 λύσαντα
1644 833 1735 885 τὸν

131 923 441 994 ἄνθρωπον
519 924 749 978 ἐκάλεσε
802 926 1079 998 πρόϐατον
1117 928 1215 997 μὲν
1261 927 1338 991 ὡς
1396 928 1693 999 προνοητδν
1719 966 1732 989 ,

132 1012 335 1087 οἶμαι,
381 1017 478 1070 καὶ⁸
531 1017 834 1087 ἀγόμενον,
891 1019 987 1072 καὶ
1020 1019 1371 1089 ταττόμενον,
1418 1021 1511 1073 καὶ
1555 1020 1735 1090 τριῶν

135 1107 428 1178 χρειωδῶν
452 1107 533 1178 τῷ
560 1111 886 1180 κεκτημένῳ
915 1112 1268 1183 παρεκτικὸν,
1312 1111 1485 1183 μαλοῦ
1509 1114 1604 1165 καὶ
1630 1113 1728 1182 ἀμο

138 1199 242 1254 νοῦ
267 1202 366 1254 καὶ¹
393 1201 689 1270 γάλακτος,
723 1201 800 1266 ὡς
836 1203 1172 1272 τρεφόμενόν
1207 1221 1266 1256 τε
1315 1206 1408 1257 καὶ
1442 1205 1734 1274 τρέφοντα,

139 1298 228 1370 τῷ
268 1298 416 1370 λόγῳ
461 1315 521 1352 τε
579 1301 674 1352 καὶ
718 1299 794 1368 τῷ
841 1301 1030 1371 τρόπῳ
1058 1302 1160 1370 τῆς
1207 1305 1442 1373 φυσικῆς
1477 1302 1737 1374 θεωρίκςν

140 1391 248 1443 καὶ
279 1390 599 1460 ἐνδυόμενον
650 1392 746 1444 καὶ
777 1391 1034 1446 ὲνδύοντα
1078 1391 1157 1463 τῷ
1194 1394 1382 1462 τρόπῳ
1411 1394 1511 1464 τῆς
1540 1395 1740 1464 ἠθικῆς

141 1482 474 1552 φιλοσοφίας
497 1524 513 1546 ,
567 1483 660 1536 καὶ
714 1483 1050 1538 πλουτοῦντα
1086 1486 1179 1538 καὶ
1212 1485 1565 1548 πλουτίζοντα
1601 1486 1742 1538 κατὰ.

142 1577 251 1647 τὴν
286 1575 382 1629 τοῦ
425 1577 616 1646 ὁμοίου
652 1577 907 1648 γέννησιν
937 1577 1014 1648 τῷ
1052 1579 1336 1649 μυστηρίῳ
1369 1579 1468 1648 τῆς
1505 1577 1741 1647 ἀληθοῦς

144 1670 412 1739 ἰποψίαςο
444 1669 696 1740 δραχμὴν
718 1669 796 1736 δὲ,
825 1670 898 1732 ὡς
930 1669 1184 1740 λαμπρὸν
1212 1671 1302 1722 καὶ
1322 1669 1621 1741 βασιλικὸν,
1651 1671 1743 1722 καὶ

143 1759 230 1830 τῷ
264 1758 369 1826 τῆς
394 1761 608 1823 είκόνος
633 1760 778 1830 λόγῳ
811 1764 1316 1832 χαρακτηριστικδν
1341 1765 1441 1828 τῆς
1471 1761 1620 1824 θείας
1646 1763 1742 1832 ἀρ-

148 1851 449 1922 χετυπίας,
481 1853 576 1906 καὶ
607 1852 735 1921 ὅλης
765 1853 1085 1924 ὑπάρχοντα
1111 1854 1208 1922 τῆς
1250 1853 1439 1922 Θεῖκῆς
1467 1853 1740 1924 ὡραιότη-

145 1961 246 2006 τος
278 1943 358 2008 ὡς
403 1943 624 2012 ἐφικτὸν
667 1944 953 1997 δεκτικόνο
1003 1945 1118 1997 υἱὸν
1151 1944 1243 2008 δὲ,
1284 1944 1359 2008 ὡς
1406 1944 1740 2015 κληρονόμον

146 2037 266 2090 τῶν
291 2037 574 2106 πατρικῶν
605 2035 827 2103 ἀγαθῶν
875 2039 966 2089 καὶ
1002 2037 1245 2108 ἰσότιμον
1280 2035 1359 2107 τῷ
1396 2037 1566 2106 ττατρ)⁸
1599 2035 1744 2087 κατὰ

147 2128 254 2199 τὴν
285 2131 352 2180 ὲκ
378 2128 601 2199 χάριτος
633 2129 871 2201 δωρεάν.
902 2128 1106 2182 Τοῦτον
1133 2128 1190 2182 δὲ
1233 2129 1324 2181 τὸν
1353 2127 1640 2198 ἄνθρωπον
1667 2127 1742 2190 ὡς

153 2222 260 2290 μὲν
294 2220 571 2291 πρόσατον
609 2221 954 2293 πλανηθέντα
993 2224 1022 2275 6
1058 2223 1365 2294 προνοητὴς
1402 2221 1536 2285 Θεὸς
1576 2221 1744 2292 ζητή-

154 2329 262 2375 σας
292 2313 368 2376 ὡς
399 2312 603 2384 ποιμὴν
646 2309 792 2387 εὗρε,
823 2314 916 2368 καὶ
946 2318 1057 2378 τοῖς
1087 2314 1312 2379 οἰκείοις
1341 2313 1512 2385 ὤμοις
1537 2315 1744 2378 ἐπιθεὶς

151 2403 298 2474 πρὸς
328 2404 427 2475 τὴν
449 2403 558 2457 τῶν
595 2405 880 2476 συννόμων
922 2406 1240 2476 ἐπανήγαγε
1289 2404 1553 2474 μάνδραν·
1588 2404 1664 2467 ὠς
1689 2403 1744 2458 δὲ

151 2497 348 2548 εἰκόνα
381 2495 791 2566 συγχωσθεῖσαν
827 2498 1007 2567 (211
1057 2497 1112 2568 a)
1166 2499 1278 2560 τοῖς
1315 2496 1513 2550 πάθεσι
1551 2495 1646 2549 καὶ
1683 2495 1744 2548 τὸ

153 2587 388 2659 ἀρχικὸν
423 2589 618 2654 κάλλος
650 2589 1038 2661 ἀχρειώσαντα
1077 2591 1150 2653 ὡς
1196 2589 1360 2658 σοφία
1401 2589 1500 2662 τὴν
1547 2586 1742 2642 ἑαυτοῦ
1773 2626 1779 2634 ι

155 2684 342 2752 σάρκα
374 2683 569 2754 λύχνου
616 2686 817 2756 τρόπον
863 2685 1068 2753 ἐξάψας
1108 2684 1184 2755 τῷ
1231 2685 1369 2753 φωτὶ
1417 2685 1517 2755 τῆς
1551 2681 1742 2737 ἑαυτοῦ

153 2777 415 2845 θεότητος
457 2778 485 2829 6
509 2778 680 2846 Λόγος
708 2769 858 2850 εὗρε,
887 2779 978 2831 καὶ
1009 2780 1185 2848 χαρᾶς
1217 2777 1476 2831 ὑπόθεσιν
1501 2775 1744 2847 μεγάλης

153 2871 397 2924 ποιεῖται
441 2870 540 2940 τὴν
591 2869 830 2942 εῦρεσιν,
868 2871 934 2924 δι’
969 2868 1037 2944 ἦς
1082 2871 1181 2940 τῆς
1217 2871 1367 2934 θείας
1401 2869 1623 2933 δεκάδος
1645 2869 1746 2942 τὴν

152 2960 398 3030 Ιλλειψιν
448 2961 857 3033 ἀνεπλήρωσεν.
922 2964 1010 3026 Ὠς
1051 2962 1107 3015 δὲ
1150 2963 1266 3015 υἱὸν
1308 2961 1651 3033 νεκρωθέντα
1677 2964 1743 3033 τῇ

153 3055 408 3126 ἁμαρτίᾳ
442 3055 536 3109 καὶ
564 3055 906 3125 ἀπολόμενον
937 3057 1008 3126 τῇ
1052 3056 1183 3126 περὶ
1212 3057 1305 3109 τὸν
1337 3056 1471 3110 Θεὸν
1499 3053 1746 3126 ἀγνωσία

1834 561 1976 616 bolis
2015 565 2232 621 occulte
2274 566 2480 622 docens
2506 569 2574 624 de
2605 587 2706 627 ove
2734 589 2857 642 qua:
2885 575 2954 631 de
2982 576 3172 633 divino
3198 593 3418 635 centum

1835 670 2065 710 numero
2100 657 2381 714 aberravit
2405 663 2452 726 ί,
2478 669 2534 716 et
2567 662 2636 718 de
2673 663 2937 720 drachma
2973 685 3096 737 qua:
3130 669 3199 724 de
3233 670 3418 726 divina

1835 745 2040 802 decade
2093 749 2291 804 amissa
2342 762 2428 808 est
2458 765 2518 817 ιι,
2557 764 2614 809 ct
2663 755 2731 811 de
2783 757 2894 811 ﬁlio
2944 761 3174 831 prodigo
3220 764 3312 832 qui
3361 773 3422 818 et

1837 850 2045 910 patrem
2079 843 2486 903 inconsiderate
2517 849 2814 921 dereliquit
2847 862 2904 906 et
2935 853 3191 909 fraterna:
3224 855 3422 911 divinae

1837 935 2030 1005 dyadis
2046 938 2397 1000 concordiam
2417 941 2640 1006 solvit',
2657 943 2934 1000 hominem
2953 947 3247 1015 appellavit
3262 962 3422 1002 ovem

1836 1027 2084 1097 quidem,
2111 1041 2173 1084 ut
2199 1032 2358 1102 cujus
2383 1049 2514 1088 cura
2545 1035 2801 1101 habetur,
2828 1046 2981 1107 puto,
3009 1039 3215 1108 quique
3244 1040 3423 1110 agitur

1837 1131 1893 1178 et
1947 1123 2002 1178 in
2057 1123 2310 1180 ordinem
2365 1125 2636 1198 redigitur
2689 1131 3107 1201 possessorique
3164 1147 3265 1186 suo
3319 1133 3422 1188 tria

1841 1216 2153 1271 necessaria
2193 1227 2448 1287 praestat,
2477 1219 2656 1274 lanam
2689 1230 2745 1275 et
2773 1237 2972 1292 agnum
3008 1233 3065 1277 et
3097 1224 3210 1289 lac,
3240 1234 3303 1280 ut
3329 1226 3424 1293 qui

1841 1309 2006 1362 alitur
2031 1319 2088 1364 et
2116 1309 2242 1373 alit,
2268 1311 2483 1365 ratione
2513 1320 2568 1366 et
2599 1313 2762 1367 modo
2791 1315 3060 1369 naturalis
3087 1317 3429 1386 contempla-

1844 1399 2034 1464 tionis,
2063 1412 2120 1456 et
2147 1402 2240 1472 qui
2271 1403 2507 1458 vcstitur
2533 1414 2591 1459 et
2617 1407 2781 1460 vestit
2806 1409 2969 1462 modo
2996 1409 3222 1462 moralis
3251 1409 3429 1478 philo-

1843 1493 2075 1562 sophiae,
2097 1502 2155 1548 ct
2176 1494 2269 1563 qui
2294 1494 2505 1550 ditatur
2529 1505 2586 1551 et
2608 1496 2749 1551 ditat
2767 1500 3068 1554 secundum
3095 1501 3242 1570 paris
3265 1517 3430 1572 gene-

1845 1585 2114 1638 rationem
2139 1585 2401 1656 mystcrio
2417 1602 2561 1641 verte
2581 1587 2911 1643 intuitionis.
2929 1589 3063 1644 Item
3086 1589 3425 1654 drachmam,

1847 1687 2033 1746 utpote
2068 1677 2298 1733 nitidam
2335 1687 2390 1733 ct
2424 1679 2659 1749 regalem
2699 1679 3060 1751 imaginisque
3089 1681 3259 1736 verbo
3289 1681 3430 1735 divi-

1847 1787 1970 1825 nam
2011 1770 2279 1841 originem
2316 1771 2740 1840 exprimentem,
2770 1780 2827 1826 et
2863 1773 3042 1827 omnis
3075 1772 3273 1828 divinae
3309 1774 3431 1844 pul-

1845 1863 2182 1918 chritudinis
2208 1880 2374 1934 quam
2408 1874 2591 1934 potest
2619 1865 2738 1921 ﬁeri
2768 1881 3044 1936 capacem.
3072 1868 3205 1922 Item
3231 1866 3425 1930 ﬁlium,

1847 1966 1902 2010 ut
1925 1968 2277 2025 paternorum
2305 1959 2576 2013 bonorum
2603 1959 2874 2015 lueredem
2899 1969 2955 2014 et
2976 1961 3094 2030 pari
3122 1975 3246 2014 eum
3273 1967 3428 2030 patre

1845 2047 2054 2101 honore
2109 2048 2382 2102 fruentem
2437 2048 2506 2103 de
2559 2050 2747 2119 gratia:
2799 2065 3047 2104 munere.
3093 2049 3249 2104 Hunc
3295 2063 3430 2104 vero

1845 2138 2124 2191 hominem
2161 2147 2419 2208 tanquam
2452 2154 2614 2194 ovem
2649 2150 2927 2195 errantem
2963 2141 3108 2194 Deus
3133 2138 3430 2209 providen-

1847 2230 1920 2284 tia
1951 2245 2049 2284 sua
2074 2230 2400 2301 vestigatam
2431 2239 2493 2286 ut
2516 2241 2705 2302 pastor
2730 2232 2962 2296 invenit,
2984 2233 3210 2302 suisque
3236 2231 3430 2286 hume-

1845 2321 1921 2376 ris
1956 2321 2214 2392 injectam
2254 2321 2324 2376 ad
2359 2323 2702 2378 consortium
2738 2324 2882 2378 ovile
2919 2324 3159 2378 reduxit.
3194 2324 3266 2379 Ut
3298 2325 3433 2378 ima-

1845 2411 2025 2482 ginem
2051 2427 2184 2466 vero
2213 2411 2508 2466 all‘ectibus
2535 2421 2958 2482 conspurcatam
2983 2421 3040 2467 et
3063 2413 3230 2482 regali
3255 2411 3432 2466 forma

1845 2504 2097 2559 orbatam
2144 2503 2372 2569 Sermo,
2406 2513 2466 2558 ut
2497 2504 2770 2575 sapientia
2799 2505 2886 2560 sui
2919 2505 3092 2574 ipsius
3122 2519 3343 2559 carnem
3377 2504 3432 2558 in

1847 2595 2086 2651 lucerna:
2110 2597 2334 2650 modum
2365 2597 2645 2651 incensam
2672 2597 2796 2652 luce
2819 2596 3125 2651 divinitatis
3147 2612 3259 2652 sua:
3285 2596 3435 2650 inve-

1847 2690 1947 2751 nit.
1978 2699 2034 2745 ct
2060 2691 2241 2761 magni
2271 2690 2456 2761 gaudii
2489 2690 2840 2746 occasionem
2882 2691 3024 2745 banc
3060 2689 3432 2744 inventionem

1849 2781 2010 2846 facit,
2041 2799 2148 2852 qua
2193 2783 2395 2838 divina:
2440 2783 2665 2838 decadis
2707 2783 2984 2837 defectum
3033 2782 3329 2852 supplevit.
3365 2781 3434 2836 Ut

1848 2875 2020 2930 ﬁlitun
2053 2891 2185 2928 vero
2216 2883 2446 2945 peccato
2475 2875 2865 2929 mortiﬁcatum
2904 2885 2963 2929 et
2994 2875 3088 2928 Dei
3127 2873 3431 2944 ignorantia

1847 2967 2127 3038 perditum
2173 2976 2233 3022 ut
2273 2978 2432 3050 pater
2473 2968 2654 3022 bonus
2698 2967 2958 3022 reducem
2999 2967 3239 3035 recepit,
3271 2965 3434 3036 eique

1847 3059 2094 3130 pristinae
2136 3059 2422 3130 dignitatis
2465 3058 2699 3130 insignia
2742 3059 2903 3129 plene
2941 3072 3135 3112 rursus
3171 3055 3342 3119 indit,
3376 3067 3432 3110 et

153 3147 234 3208 ὠς
272 3145 458 3217 πατὴρ
490 3145 696 3215 ἁγαθός
724 3147 1128 3218 ἐπιστρέφοντα
1160 3148 1496 3219 προσήκατο,
1519 3147 1614 3200 καὶ
1641 3146 1741 3217 τῆς

1851 3149 1992 3220 quod
2022 3149 2318 3203 maximum
2350 3148 2598 3202 omnimn
2637 3164 2770 3203 sane
2805 3156 2890 3202 est
2921 3146 3124 3216 cuique
3157 3161 3432 3200 summum

157 3238 436 3308 προτέρας
469 3237 630 3302 ἀξίας
659 3238 931 3309 ἐπιτίθησι
965 3238 1126 3292 πάλιν
1165 3237 1471 3301 ἁνελλιπῶς
1499 3238 1568 3292 τὰ
1605 3255 1745 3307 γνω-

159 3331 430 3402 ρίσματα,
459 3333 554 3385 καὶ
583 3332 644 3384 τδ
678 3332 742 3402 δὴ
786 3333 1042 3402 μέγιστον
1079 3332 1297 3386 πάντων
1338 3332 1432 3386 καὶ
1465 3330 1743 3403 μυστικώ-

153 3440 344 3488 τατον,
373 3423 464 3476 τὸν
499 3423 696 3494 μόσχον
721 3422 839 3476 θύει
869 3423 960 3476 τὸν
991 3423 1256 3488 σιτευτὸν,
1286 3424 1434 3486 ὅστις
1466 3425 1596 3477 ποτὲ
1631 3421 1697 3495 ἦν
1717 3425 1746 3476 6

159 3516 366 3587 μόσχος
388 3508 544 3578 οὗτος
572 3517 666 3570 καὶ
695 3518 728 3588 ή
752 3515 946 3572 τούτου
969 3516 1274 3588 παρᾶδοξος
1304 3515 1467 3570 θυσία
1490 3511 1664 3586 (οἶμαι
1689 3516 1746 3569 δὲ

157 3607 245 3661 δτι
273 3608 302 3660 6
327 3606 627 3678 ἀκρότατός
666 3610 783 3662 ἐστι
819 3608 915 3662 τοῦ
948 3609 1090 3663 κατὰ
1126 3609 1224 3680 τὴν
1261 3609 1412 3663 θείαν
1441 3609 1536 3663 καὶ
1569 3609 1746 3682 ἄρῤη·

157 3717 253 3754 τον
274 3701 537 3772 πρόνοιαν
567 3701 932 3774 ἁπερινοήτου
966 3703 1061 3756 καὶ
1083 3702 1363 3771 ἀγνώστου
1392 3703 1594 3774 τρόπου
1616 3720 1749 3773 κρυο

159 3793 433 3861 φιὼτατός
465 3812 524 3847 τε
564 3796 656 3848 καὶ
687 3796 1096 3864 ἀγνωστότατος
1137 3797 1332 3864 Λόγος,
1379 3797 1471 3849 καὶ
1500 3799 1532 3866 ή
1558 3796 1746 3850 τούτου

161 3884 478 3958 θεοπρεπὴς
508 3889 620 3949 τοῖς
650 3883 770 3941 οὖσι
805 3887 1138 3958 μετάδοσις).
1176 3891 1271 3941 καὶ
1301 3889 1476 3958 χαρᾶς
1505 3889 1748 3959 ἀρρήτου

161 3980 403 4032 ποιεῖται
431 3979 729 4048 κεφάλαιον
752 3979 846 4034 τοῦ
879 3979 996 4033 υἱοῦ
1027 3982 1126 4050 τὴν
1150 3981 1427 4038 ἐπάνοδον.
1455 3980 1561 4052 πλη
1573 3980 1752 4052 ρώσα-

161 4087 268 4125 σαν
322 4071 682 4141 μεγαλοφυῶς
735 4071 845 4126 τῶν
895 4073 1028 4126 υἱῶν
1076 4073 1172 4144 τήν
1218 4073 1406 4137 δυάδα,
1451 4073 1572 4144 ἦτις
1621 4074 1752 4127 ποτέ

162 4166 318 4218 ἔστιν
349 4163 515 4237 αὕτη,
553 4165 649 4218 καλ⁵
690 4167 724 4236 ὴ
761 4166 868 4236 πρὸ
907 4165 1078 4236 αὐτῆς
1117 4165 1282 4230 δεκὰς
1314 4165 1425 4219 τῶν
1466 4166 1749 4238 δραχμῶν,

164 4256 265 4309 καὶ
299 4258 333 4327 ή
377 4257 484 4327 πρὸ
517 4258 740 4328 ἐκείκης
763 4257 874 4311 τῶν
914 4258 1207 4331 προϐάτων
1253 4259 1573 4326 ἑκατοντάς.
1617 4261 1753 4333 ιιερὶ

165 4342 244 4404 ὧν
272 4349 370 4403 νῦν
415 4349 618 4419 λέγειν,
656 4353 705 4406 εί
752 4354 920 4418 δοκεῖ,
968 4351 1416 4424 παραλείψωμεν,
1448 4354 1757 4423 εὐκαιρότε-

169 4461 269 4524 ρον,
326 4446 386 4498 ὲν
429 4445 610 4508 ἄλλοις
672 4443 789 4516 μετ’
833 4444 1111 4516 ἐμμελοῦς
1163 4445 1492 4514 ἐξεργασίας
1539 4445 1629 4497 τὸν
1669 4444 1753 4512 ἐφ’

1853 3240 1997 3296 inest
2026 3239 2382 3312 mysterium,
2407 3239 2642 3294 vitulum
2680 3248 2882 3294 mactat
2913 3238 3252 3308 saginatum,
3284 3235 3438 3306 quis-

1852 3332 1978 3402 quis
2003 3341 2124 3386 erat
2148 3330 2358 3386 vitulus
2389 3331 2491 3386 iste
2518 3339 2574 3386 et
2607 3330 2900 3386 miriﬁcum
2945 3331 3067 3400 ejus
3105 3327 3434 3384 sacriﬁciqu

1855 3423 1994 3494 (erat
2016 3437 2170 3486 vero,
2192 3431 2252 3476 ut
2276 3422 2409 3476 mihi
2434 3422 2676 3486 videtur,
2695 3438 2945 3478 sunuuus
2968 3421 3037 3476 de
3061 3420 3247 3475 divina
3271 3425 3440 3488 atque

1855 3513 2120 3568 ineﬂ‘abili
2168 3513 2519 3584 providentia
2571 3511 3026 3584 imperceptibilis
3072 3520 3129 3566 et
3175 3508 3437 3578 incogniti

1855 3606 2003 3661 modi
2039 3607 2235 3662 Sermo
2267 3606 2676 3662 occultissimus
2709 3614 2874 3670 atque
2910 3604 3070 3674 plane
3106 3600 3439 3673 incognitus.

1853 3700 2084 3770 ejusque
2125 3715 2252 3756 cum
2287 3700 2370 3756 eis
2406 3699 2501 3770 qui
2543 3699 2817 3754 exsistunt
2853 3696 3041 3751 divina
3072 3693 3443 3750 communica—

1858 3791 1980 3862 tio),
2004 3799 2062 3848 et
2097 3807 2200 3863 pro
2235 3791 2421 3864 gaudii
2461 3790 2763 3847 ineﬁ‘abilis
2805 3803 3022 3844 summa
3059 3786 3158 3842 ﬁlii
3202 3784 3440 3840 reditum

1857 3887 2044 3951 habet,
2070 3901 2178 3956 qua
2206 3884 2444 3940 ﬁliorum
2482 3883 2616 3957 dyas
2649 3881 2939 3953 magniﬁce
2975 3879 3192 3950 expleta
3225 3886 3283 3933 et
3313 3891 3444 3931 con-

1857 3989 2128 4036 summata
2157 3987 2262 4043 est,
2287 3977 2544 4050 quisquis
2570 3983 2655 4032 est
2676 3974 2891 4031 reditus
2919 3973 3044 4037 iste,
3069 3981 3128 4027 et
3155 3969 3445 4025 drachma-

1859 4088 1982 4128 rum
2019 4088 2142 4143 quae
2175 4086 2303 4127 eum
2338 4084 2644 4142 praegressa
2679 4075 2765 4123 est
2798 4067 2993 4131 decas,
3017 4073 3074 4120 et
3102 4062 3289 4117 ovium
3318 4073 3446 4114 cen-

1860 4173 1976 4222 tum
2020 4177 2287 4220 numerus
2328 4169 2456 4216 ante
2495 4161 2641 4215 hanc
2685 4163 3174 4214 commemoratus.
3203 4153 3280 4208 De
3322 4151 3445 4220 qui-

1861 4257 1995 4321 bus,
2023 4256 2069 4311 si
2096 4255 2282 4318 lubet,
2313 4268 2462 4307 nunc
2489 4250 2676 4307 dicere
2705 4248 3054 4310 omittamus,
3081 4238 3448 4316 opportunius

1861 4348 1917 4402 in
1947 4347 2071 4402 aliis
2094 4361 2222 4401 cum
2247 4355 2512 4399 accurato
2542 4341 2730 4398 studio
2757 4338 2987 4410 mystice
3023 4335 3079 4390 in
3119 4344 3448 4402 unoquoque

1863 4456 1987 4510 quae.
2037 4439 2170 4493 insit
2217 4451 2482 4500 numero,
2526 4435 2572 4489 si
2622 4435 2772 4490 Deus
2816 4429 3070 4492 dederit,
3105 4421 3448 4482 observatnri

166 4520 391 4609 ἑκάστῳ
419 4538 640 4608 ἀριθμῷ
692 4538 971 4610 μυστικῶς
1017 4538 1152 4591 Θεοῦ
1181 4537 1414 4600 διδόντος
1450 4537 1492 4569 ³⁷
1527 4537 1747 4604 συνοψό·

1869 4509 2160 4587 rationem.
2195 4530 2252 4584 Si
2288 4529 2457 4598 igitur
2485 4535 2546 4580 ut
2575 4541 2734 4580 ovem
2769 4524 2950 4578 bonus
2983 4529 3170 4591 pastor
3204 4514 3452 4572 humeris

173 4647 331 4702 μενοι
362 4629 544 4699 λόγον.
591 4631 652 4684 Εἰ
683 4631 862 4684 τοίνυν
911 4629 986 4694 ὡς
1044 4631 1143 4701 μὲν
1189 4629 1465 4700 πρόϐατον
1513 4631 1541 4682 6
1596 4629 1760 4691 καλὸς

169 4721 382 4792 ποιμὴν
415 4724 528 4785 τοῖς
557 4719 731 4792 ὤμοις
761 4721 970 4786 ἐπιθεὶς
1003 4721 1141 4794 πρὸς
1171 4722 1239 4774 τὰ
1267 4720 1513 4790 σύννομα
1543 4719 1636 4772 τὸν
1667 4720 1759 4772 ἇν-

173 4815 395 4887 θρωπον
420 4815 764 4886 ἐπανήγαγε,
790 4815 885 4867 καὶ
908 4813 984 4877 ὡς
1013 4811 1268 4885 δραχμὴν
1306 4811 1398 4866 διὰ
1421 4813 1518 4881 τῆς
1551 4810 1762 4874 εἰκόνος

173 4907 275 4978 τὴν
313 4906 600 4978 βασιλικὴν
633 4906 946 4960 ὲκτύπωσιν
980 4905 1176 4976 ἔχοντα
1232 4904 1326 4958 τὸν
1373 4903 1660 4972 ἄνθρωπον
1687 4903 1763 4967 ὼς

177 4997 344 5067 σοφία
369 4998 464 5052 τοῦ
485 4998 621 5052 Θεοῦ
653 5001 748 5054 καὶ
777 5000 992 5070 Πατρός
1022 4999 1116 5051 καὶ
1142 4997 1371 5067 δύναμις
1393 4996 1479 5050 διὰ
1504 4996 1604 5067 τῆς
1633 5012 1765 5068 σαρ-

177 5088 406 5153 κώσεως
435 5085 593 5161 εὗρεν
621 5092 648 5144 6
677 5091 880 5162 Κύριος
911 5091 1004 5143 καὶ
1026 5089 1239 5160 Σωτὴρ,
1273 5090 1368 5142 καὶ
1396 5088 1474 5150 ὡς
1499 5088 1613 5141 υἱὸν
1643 5090 1767 5141 ἐπι-ι

181 5182 490 5253 στρέφοντα
531 5184 850 5254 προσήκατο
896 5184 925 5236 ὁ
977 5182 1180 5250 ἀγαθὸς
1222 5182 1317 5234 καὶ
1351 5180 1765 5251 πανοικτίρμων

185 5276 404 5348 Πατὴρ,
441 5276 538 5330 καὶ
563 5279 679 5340 ταῖς
715 5277 840 5329 κατ’
871 5276 1100 5347 οὐρανὸν
1138 5275 1403 5343 δυνάμεσι
1428 5272 1767 5345 συναριθμή-

185 5381 288 5429 σας
329 5365 698 5434 ἐγκατέταξεν
720 5407 735 5432 ,
779 5366 1011 5420 ἑκάστου
1071 5364 1184 5419 τῶν
1237 5365 1295 5416 ἐν
1351 5367 1466 5428 τοῖς
1516 5365 1768 5434 οὐρανοῖς

184 5457 428 5529 ἀριθμοῦ
471 5459 770 5532 πληρώσας
802 5457 900 5531 τὴν
935 5457 1176 5528 ἔλλειψιν
1221 5456 1313 5510 διὰ
1347 5456 1444 5511 τοῦ
1499 5456 1768 5522 σωθέντος

267 5580 285 5613 ί
311 5575 447 5632 Luc.
475 5592 562 5640 xv,
596 5577 648 5632 ι.
720 5589 749 5617 ιι
779 5577 913 5632 ibid.
940 5575 993 5631 8.
1069 5587 1098 5614 ν
1132 5575 1264 5632 ibid.
1293 5576 1380 5632 12.

1866 4623 2127 4692 iniectam
2168 4619 2236 4674 ad
2284 4626 2575 4674 consortes
2614 4615 2896 4669 hominem
2938 4611 3270 4680 reportavit,
3302 4616 3358 4662 et
3394 4612 3454 4658 ut

1866 4712 2188 4768 drachmam
2226 4710 2467 4781 regalem
2510 4708 2568 4762 in
2604 4707 2844 4776 imagine
2885 4702 3116 4774 eﬁigiem
3158 4701 3452 4755 habentem

1868 4802 2150 4860 hominem
2191 4809 2254 4856 ut
2287 4799 2562 4871 sapientia
2597 4799 2693 4855 Dei
2735 4815 2800 4853 ac
2840 4796 3016 4850 Patris
3051 4803 3109 4849 et
3143 4794 3320 4847 virtus
3358 4805 3456 4861 per

1869 4896 2344 4954 carniﬁcationem
2374 4894 2644 4950 Dominus
2670 4902 2728 4948 et
2757 4891 3010 4947 Salvator
3038 4887 3278 4948 invenit,
3306 4894 3363 4939 et
3397 4890 3458 4938 ut

1872 4991 2048 5046 ﬁlium
2083 4988 2346 5044 reducem
2384 4988 2568 5043 bonus
2600 4994 2658 5042 et
2692 4999 2911 5054 semper
2946 4979 3264 5037 misericors
3297 4977 3459 5031 Pater

1872 5091 2158 5153 receptum
2223 5080 2546 5137 coelestibus
2610 5077 2982 5148 potestatibus
3038 5068 3454 5129 annumeravit,

1875 5177 2315 5248 uniuscujusque
2351 5172 2596 5230 cmlestis
2628 5170 2849 5225 numeri
2886 5167 3106 5223 defectu
3142 5179 3242 5235 per
3277 5161 3457 5216 homi-

1874 5285 2001 5325 nem
2031 5268 2299 5323 salvatum
2329 5265 2608 5335 suppleto,
2635 5261 2985 5317 manifestum
3015 5266 3099 5314 est
3124 5255 3271 5328 quod
3301 5252 3461 5310 Chria

1873 5371 1993 5418 stus
2015 5361 2164 5416 Deus
2191 5357 2534 5430 superiorem
2560 5355 2826 5410 mundum
2853 5351 3168 5422 complevit,
3195 5347 3380 5403 divine
3403 5344 3459 5398 in

1874 5454 2174 5525 semetipso
2203 5452 2320 5522 ipse
2344 5461 2673 5506 cunctorum
2698 5447 2931 5502 salutem
2962 5451 3241 5516 operatus.

1474 5688 1716 5747 VABUE
1748 5686 2160 5746 LECTIONES.

283 5786 328 5820 "
358 5785 746 5859 Apographum
780 5784 1053 5857 ἀφθαδῶς.

1143 5785 1187 5818 ³⁷
1216 5785 1422 5843 Eadem
1452 5801 1649 5843 manus
1670 5783 1912 5842 correxit
1942 5782 2203 5855 μυστικὸν
2233 5779 2308 5845 ὡς
2343 5776 2477 5834 Θεοῦ
2507 5774 2762 5841 διδόντος,
2790 5782 2900 5830 etc.
