4026 6288
562 315 703 382 1279

1732 323 1796 385 S.
1830 320 2115 383 MAXIM]
2160 319 2674 384 CONFESSORIS

3692 319 3838 384 1280

564 426 882 499 ἀνθρώπου,
915 427 1073 500 δῆλον
1100 428 1177 493 ὡς
1201 427 1294 485 τὸν
1317 428 1432 485 ἄνω
1503 433 1709 503 κόσμον
1774 434 2065 506 ἐπλήρωσε
2091 430 2328 504 Χριστὸς
2365 434 2394 487 6
2459 432 2618 502 Θεὸς,
2656 431 2760 505 τὴν
2807 432 3025 491 πάντων
3058 436 3120 492 ὲν
3161 435 3342 509 ἐαυτῷ
3374 433 3701 506 Θεοπρεπικ
3747 437 3845 490 αὒ-

560 523 877 596 τουργήσας
900 523 1203 596 σωτηρίαν.

957 703 1084 760 Alia
1112 705 1167 759 in
1195 706 1334 761 idem
1361 705 1757 777 contemplatio.
2176 709 2226 767 Α

630 817 740 876 Sed
777 818 944 876 aliter
980 835 1235 891 quoque,
1271 820 1316 877 si
1357 822 1567 891 placet,
1599 821 1745 878 hanc
1784 822 2148 893 quaestionem

560 919 985 983 pertractemus.
1011 912 1118 981 Qui
1152 930 1340 970 rerum
1377 927 1633 972 accurate
1664 915 2027 987 dispexerunt
2054 934 2152 973 na-

563 1012 767 1069 turam,
789 1004 1227 1076 uniuscujusque
1253 1012 1466 1062 naturae
1491 1007 1667 1079 legem
1696 1007 1930 1064 rationis
1955 1024 2152 1064 secun-

562 1096 695 1152 dum
719 1113 882 1168 quam
907 1097 982 1154 sit
1005 1108 1062 1153 et
1083 1099 1359 1155 exstiterit
1381 1108 1729 1157 constantem
1755 1112 1811 1158 et
1836 1102 2155 1158 immutabi-

564 1188 673 1244 lem
701 1189 1034 1247 soliditatem
1062 1207 1184 1248 esse
1215 1200 1487 1261 statuunt,
1513 1203 1571 1249 et
1606 1195 1743 1267 legis
1774 1202 1986 1255 naturae
2021 1195 2157 1253 dell.

565 1281 836 1337 nitionem
866 1283 946 1338 sic
972 1282 1114 1339 bene
1139 1299 1198 1339 se
1221 1284 1453 1351 habere,
1480 1294 1540 1341 ut
1563 1287 1700 1342 mihi
1724 1284 1966 1353 videtur,
1992 1304 2157 1344 nemo

568 1371 800 1431 rationis
835 1374 1115 1446 particeps
1144 1376 1243 1431 ubi
1275 1377 1513 1433 audierit
1539 1394 1651 1434 non
1684 1382 1973 1437 concedet.
1999 1380 2158 1448 Quod

567 1463 614 1518 si
648 1479 842 1520 verum
874 1475 991 1532 est,
1028 1477 1257 1537 apparet
1290 1470 1410 1540 lege
1445 1478 1660 1526 naturae
1694 1472 2012 1529 necessario
2051 1484 2159 1530 tam

571 1557 843 1613 rationem
884 1566 1101 1615 natura:
1139 1562 1408 1617 custodiri
1452 1563 1807 1631 inviolatam,
1839 1582 2002 1636 quam
2042 1570 2162 1640 ejus

571 1648 883 1703 secundum
939 1650 1274 1720 positionem
1327 1653 1556 1709 omnino
1613 1655 1799 1710 locum
1855 1659 2163 1728 perservari

572 1738 945 1796 immutatum.
974 1743 1178 1799 Verum
1219 1746 1313 1816 qui
1353 1747 1474 1819 lege
1515 1754 1574 1802 et
1613 1748 1830 1805 ratione
1874 1757 1931 1805 et
1967 1759 2164 1807 natura

572 1834 855 1904 sapienter
893 1852 993 1907 per
1028 1838 1274 1910 singulas
1315 1842 1529 1911 species
1567 1856 1754 1897 rerum
1795 1843 2166 1901 substantiam

574 1923 823 1991 deﬁniit,
854 1927 902 1983 is
929 1936 1132 1985 natura
1161 1939 1221 1985 et
1249 1932 1368 2003 lege
1394 1940 1451 1988 et
1478 1933 1763 1988 intellectu
1788 1944 1845 1989 et
1871 1936 2086 1991 ratione
2113 1946 2168 1992 et

578 2014 703 2072 loco
728 2026 787 2073 et
810 2020 1058 2076 motione
1087 2024 1344 2093 superior
1367 2026 1676 2082 secundum
1705 2027 1918 2083 nullum
1945 2038 2170 2084 natura~

575 2108 713 2165 lium
751 2112 865 2184 agit
896 2113 978 2169 eis
1014 2130 1138 2185 quae
1170 2126 1383 2174 naturae
1422 2120 1670 2192 subjecta
1710 2129 1859 2187 sunt,
1897 2123 1996 2179 sed
2032 2123 2169 2179 sibi-

575 2203 798 2275 metipsi
843 2216 1213 2278 congruenter
1254 2210 1310 2264 in
1361 2210 1432 2266 iis
1471 2226 1594 2282 quae
1634 2213 1924 2285 subjacent
1959 2224 2169 2272 naturae

577 2303 797 2352 sectans
820 2301 1322 2368 supernaturaliter
1344 2318 1410 2358 ea
1434 2318 1556 2373 quae
1581 2306 1885 2360 secundum
1911 2315 2170 2363 naturam

580 2395 709 2441 sunt
734 2397 792 2442 et
824 2388 956 2444 facit
977 2397 1035 2445 et
1063 2391 1293 2460 patitur,
1326 2394 1614 2465 utrisque,
1643 2403 1756 2449 tam
1799 2396 1906 2450 sibi
1942 2397 2171 2467 patienti

577 2492 743 2547 quam
774 2479 857 2535 eis
882 2496 1005 2550 qua:
1035 2481 1174 2536 fiunt
1200 2483 1434 2539 mirifice
1478 2486 1803 2542 custodiens
1841 2487 2173 2543 naturaliter

580 2567 848 2626 illibatam
895 2574 1291 2630 constantiam.
1324 2573 1404 2630 Ita
1446 2584 1504 2631 et
1549 2577 1619 2631 ad
1666 2592 1768 2632 nos
1814 2578 1934 2648 ipse
1980 2594 2171 2633 revera

581 2672 766 2719 motus
811 2676 911 2719 sua
957 2665 1103 2735 apud
1154 2681 1260 2721 nos
1305 2669 1627 2738 apparentia
1674 2668 1954 2739 perfectus
2006 2670 2173 2726 homo

581 2754 759 2811 factus
781 2764 899 2822 est,
926 2758 1083 2813 nullo
1109 2768 1292 2814 tamen
1320 2760 1486 2815 modo
1512 2760 1580 2817 de
1608 2764 1908 2834 semetipso
1958 2772 2170 2832 motus,

585 2845 910 2917 nullumque
947 2848 1108 2918 plane
1147 2849 1341 2905 localis
1382 2851 1915 2924 circumscriptionis
1956 2856 2176 2926 pericu-

581 2936 696 2992 lum
733 2949 1018 3008 expertus,
1052 2948 1219 3011 atque
1257 2957 1360 2997 nos
1398 2942 1643 3014 perfecte
1688 2944 1990 3011 deiﬁcavit,
2029 2946 2173 3002 nihil

581 3028 810 3084 omnino
856 3039 1064 3087 nostra
1114 3039 1329 3089 natura:
1379 3034 1450 3091 de
1507 3036 1890 3093 immutatione
1942 3039 2177 3095 interci-

583 3119 761 3189 piens,
789 3128 1080 3193 totumque
1121 3139 1186 3179 ac
1220 3124 1387 3196 plene
1434 3142 1494 3182 se
1536 3129 1763 3184 tradens
1802 3138 1858 3184 et
1894 3138 2071 3186 totum
2108 3130 2176 3187 de

585 3209 856 3266 ineﬁ‘abili
913 3211 1288 3284 inviolalaque
1345 3216 1557 3271 unione
1614 3218 1838 3286 plenum
1896 3218 2177 3275 hominem

584 3314 813 3357 sumens
855 3302 998 3359 nihil
1046 3304 1115 3361 de
1168 3306 1344 3362 altera
1394 3308 1738 3379 perfectione
1788 3309 2079 3376 diminuit,
2122 3318 2178 3367 et

2611 704 2811 775 ’Ἄλλη
2862 705 3075 776 θεωρία
3105 708 3194 774 εις
3215 705 3283 760 τὸ
3306 705 3481 761 αὐτό.

2318 820 2433 874 Καὶ
2462 819 2638 885 ἄλλως
2684 820 2763 887 δὲ,
2795 821 2843 875 εἰ
2876 800 3045 888 δοκεῖ,
3096 822 3472 893 Θεωρήσωμεν
3517 818 3582 874 τὺ
3618 821 3850 891 προκεῖ-

2255 928 2419 982 μενον
2463 910 2691 983 ἄπορον.
2742 914 2911 967 Φασὶν
2959 914 3008 968 οἱ
3054 913 3166 967 τῶν
3199 913 3380 983 (211
3430 912 3484 981 ὁ)
3530 912 3703 966 ὄντων
3745 913 3849 983 τὴν

2255 1003 2418 1073 φύσιν
2464 1004 2707 1072 ἀκριϐῶς
2750 1005 3144 1078 διαθρῆσαντες
3185 1009 3349 1076 νόμον
3415 999 3561 1059 εἶναι
3630 1003 3850 1074 φόσεως

2255 1097 2498 1168 ἑκάστης
2539 1097 2637 1169 τὴν
2682 1096 2776 1152 τοῦ
2828 1099 2951 1153 καθ’
2984 1100 3043 1154 ὃν
3074 1100 3193 1153 ἐστι
3224 1099 3319 1152 καὶ
3350 1098 3655 1168 γεγένηται
3684 1097 3848 1165 λόγου

2257 1189 2479 1261 ἀρρεπῆ
2529 1190 2625 1244 καὶ
2658 1190 3020 1244 ἀναλλοίωτον
3054 1190 3415 1262 μονιμότητα,
3442 1188 3543 1243 καὶ
3572 1188 3759 1252 καλῶς
3783 1189 3850 1242 ἂν

2259 1280 2404 1354 ἔχειν
2439 1282 2584 1337 οὕτω
2599 1283 2691 1337 τὸν
2707 1284 2833 1356 ὅρον
2853 1282 2949 1337 τοῦ
2983 1286 3148 1354 νόμου
3170 1284 3270 1354 τῆς
3298 1281 3542 1352 φύσεως,
3565 1282 3645 1345 ὼς
3674 1277 3844 1351 οἶμαι,

2260 1377 2371 1440 πᾶς
2407 1375 2572 1445 λόγου
2615 1374 2957 1448 μετειληφὼς
3004 1375 3220 1430 ἀκούων
3275 1376 3635 1446 συνθήσεται.
3693 1375 3753 1428 Εἰ
3793 1375 3847 1427 δὲ

2262 1468 2422 1523 τοῦτὸ
2449 1469 2603 1522 ἔστιν
2636 1469 2856 1540 ἀληθὲς,
2878 1468 3122 1536 δηλονότι
3147 1469 3175 1521 ὁ
3203 1469 3374 1537 νόμος
3405 1467 3509 1537 τῆς
3545 1465 3765 1535 φύσεως
3792 1466 3847 1531 ἒξ

2264 1561 2511 1631 ἀνάγκης
2545 1559 2736 1633 ὥσπερ
2761 1560 2855 1613 τὸν
2888 1559 3045 1629 λόγον
3074 1558 3434 1630 ἀπαράϐατον
3465 1557 3732 1628 φυλάττει
3756 1558 3846 1626 τῆς

2267 1649 2506 1721 φύσεως,
2548 1649 2692 1703 οὕτω
2724 1652 2820 1704 καὶ
2853 1649 2946 1703 τὸν
2983 1649 3154 1718 αὐτῆς
3189 1648 3334 1703 κατὰ
3384 1647 3487 1719 τὴν
3523 1646 3681 1700 θέσιν
3718 1645 3849 1700 πᾶν-

2266 1760 2374 1806 τως
2402 1743 2655 1813 διατηρεῖ
2691 1742 2855 1796 τόπον
2898 1741 3268 1813 ἀμετάθετον.
3316 1740 3463 1795 Ἀλλ’
3504 1742 3535 1794 6
3581 1740 3736 1811 νόμῳ
3764 1741 3853 1792 καὶ

2268 1835 2413 1906 λόγῳ
2456 1836 2552 1889 καὶ
2585 1835 2745 1905 φύσει
2792 1833 2974 1904 σοφῶς
3018 1834 3260 1905 διορίσας
3298 1832 3422 1886 καθ’
3446 1832 3690 1886 ἕκαστον
3723 1825 3857 1893 εἶδος

2270 1928 2371 1999 τὴν
2395 1927 2504 1981 τῶν
2527 1927 2696 1981 ὄντων
2731 1928 3052 1990 ὑπόστασιν,
3085 1925 3227 1997 ὑπὲρ
3254 1925 3418 1996 φύσιν
3441 1924 3546 1977 καὶ
3574 1925 3743 1994 νόμον
3767 1923 3857 1975 καὶ

2274 2022 2399 2076 νοῦν
2430 2021 2527 2076 καὶ
2546 2021 2705 2090 λόγον
2736 2019 2831 2073 καὶ
2857 2019 3024 2072 τόπον
3053 2021 3146 2071 καὶ
3169 2016 3385 2087 κίνησιν
3412 2016 3710 2087 ὑπάρχων,
3740 2016 3854 2067 κατ’

2270 2111 2424 2166 οὐδὲν
2455 2112 2563 2165 τῶν
2607 2110 2749 2164 κατὰ
2785 2108 2946 2179 φύσιν
2990 2110 3207 2179 ἐνεργεῖ
3236 2111 3348 2172 τοῖς
3377 2106 3486 2161 ὑπὸ
3520 2105 3715 2177 φύσιν,
3746 2105 3856 2157 ἀλλ’

2272 2204 2449 2275 ἑαυτῴ
2500 2203 2795 2275 προσφυῶς
2843 2203 2981 2274 ὑπὲρ
3032 2201 3194 2270 φύσιν
3241 2201 3308 2255 τὰ
3352 2201 3499 2254 κατὰ
3550 2199 3718 2268 φύσιν
3757 2197 3859 2250 τῶν

2274 2297 2379 2352 ὑπὸ
2433 2296 2594 2367 φύσιν
2649 2297 3052 2368 μετερχόμενος
3107 2293 3212 2365 δρᾷ
3250 2310 3309 2345 τε
3351 2292 3449 2346 καὶ
3487 2291 3714 2362 πάσχει,
3758 2291 3860 2360 ἀμ-

2274 2392 2394 2461 φοῖν
2432 2387 2714 2458 φυλάττων
2756 2386 2936 2458 ἑαυτῷ
2986 2403 3047 2439 τε
3094 2386 3359 2455 πάσχοντι
3413 2383 3511 2437 καὶ
3561 2385 3680 2446 τοῖς
3726 2382 3861 2451 δρω-

2277 2481 2461 2552 μένοις
2494 2479 2815 2549 παραδόξως
2849 2478 2991 2532 κατὰ
3037 2476 3200 2548 φύσιν
3233 2475 3541 2547 ἀκραιφνὲς
3566 2474 3632 2528 τὸ
3658 2474 3855 2543 ἀμετά-

2275 2572 2450 2627 6ολον.
2490 2570 2648 2633 Οὕτω
2711 2588 2770 2625 τε
2798 2571 2950 2625 κάτω
3004 2570 3141 2643 πρὸς
3199 2570 3348 2641 ἡμᾶς
3404 2568 3577 2631 αὐτὸς
3624 2564 3861 2637 κινηθεὶς

2276 2665 2494 2738 ἀληθῶς
2531 2668 2599 2738 τῇ
2650 2664 2775 2718 καθ’
2830 2665 2977 2736 ἡμᾶς
3030 2664 3293 2733 ὲκεράνσει
3344 2660 3641 2731 ἅνθρωπος
3676 2660 3859 2727 γέγονε

2277 2755 2500 2819 τέλειος,
2551 2754 2627 2827 μὴ
2678 2752 2917 2826 κινηθεὶς
2957 2752 3153 2807 ἑαυτοῦ
3198 2752 3262 2805 τὸ
3308 2751 3580 2821 παράπαν
3633 2750 3733 2803 καὶ
3773 2748 3859 2813 τῆς

2277 2848 2336 2902 ὲν
2379 2849 2529 2918 τόπῳ
2576 2845 2924 2918 περιγραφῆς
2968 2843 3235 2915 μηδαμῶς
3273 2843 3474 2912 πεῖραν
3522 2837 3740 2905 λαὸὼν,
3778 2857 3862 2891 xu:

2277 2940 2426 3012 ἡμᾶς
2456 2939 2655 2993 ὲθέωσε
2685 2937 2927 3001 τελείως,
2962 2936 3129 3009 μηδὲν
3151 2934 3307 3007 ἡμῶν
3332 2925 3432 3005 τῆς
3474 2932 3701 3003 φύσεως
3742 2949 3866 2984 παν-

2277 3033 2485 3087 τάπασι
2534 3031 2656 3086 κατ’
2705 3028 2989 3085 ἀλλοίωσιν
3049 3027 3406 3099 ὑφελόμενος,
3456 3027 3583 3079 ὅλον
3641 3040 3705 3077 τε
3752 3022 3865 3084 δοὺς

2278 3124 2583 3190 ἁνελλιπῶς
2622 3126 2814 3180 ἑαυτὸν
2856 3125 2950 3179 καὶ
2981 3123 3101 3178 ὅλον
3147 3122 3292 3175 κατὰ
3336 3119 3437 3192 τὴν
3468 3118 3758 3190 ἄφραστον
3780 3116 3863 3169 καὶ

2279 3220 2561 3291 ἀλώὁητον
2584 3219 2776 3273 ἒνωσιν
2802 3218 2987 3289 πλήρη
3018 3199 3111 3269 τὸν
3138 3213 3426 3285 ἄνθρωπον
3448 3211 3691 3280 εἰληφὼς
3718 3208 3861 3263 οὐδὲν

2278 3314 2378 3383 τῆς
2407 3314 2528 3367 κατ’
2556 3313 2743 3383 ἓτερον
2769 3310 3005 3383 ἐμείωσε
3034 3309 3403 3377 τελειότητος,
3435 3305 3532 3361 καὶ
3558 3305 3711 3358 ἔστιν
3740 3304 3864 3373 alr;-

584 3408 777 3450 revera
819 3403 905 3451 est
941 3405 1091 3454 totus
1128 3399 1277 3455 Deus
1319 3400 1490 3467 idem,
1518 3410 1576 3456 et
1616 3408 1765 3456 totus
1804 3402 1970 3458 homo
2008 3398 2174 3470 idem,

2282 3403 2393 3469 θῶς
2426 3404 2545 3469 ὅλος
2573 3404 2703 3469 Θεὸς
2738 3406 2767 3458 6
2795 3404 2979 3467 αὐτὸς,
3017 3402 3112 3489 θεαὶ
3139 3402 3261 3465 ὅλος
3284 3398 3576 3489 ἄνθρωπος
3684 3396 3860 3489 task.

584 3485 720 3541 dum
764 3488 1061 3560 utriusque
1103 3506 1299 3547 eorum
1342 3493 1399 3547 in
1437 3493 1642 3563 quibus
1684 3492 1873 3550 revera
1917 3504 2004 3550 est
2044 3510 2179 3551 con-

587 3580 959 3636 summatione
991 3582 1216 3640 sibimet
1243 3585 1574 3642 testificatur
1601 3587 1891 3658 utriusque
1924 3588 2181 3644 immuta-

587 3666 858 3725 biiitatem
896 3680 1063 3742 atque
1104 3674 1491 3729 constantiam.
1522 3673 1614 3730 Sic
1651 3676 1798 3731 Deus
1836 3675 2001 3731 solvit
2032 3676 2183 3747 leges

587 3766 823 3825 naturae,
851 3759 984 3815 ἀοι.
1014 3763 1519 3833 supernaturaliter
1546 3766 1602 3820 in
1626 3765 1985 3822 naturalibus
2006 3766 2182 3822 utitur

588 3859 811 3906 natura.

588 4071 715 4133 Alia
743 4074 1139 4147 contemplatio,
1172 4078 1226 4132 in
1275 4077 1413 4133 illud
1442 4096 1460 4134 :
1494 4098 1512 4130 (
1551 4077 1929 4136 Consummari
1977 4092 2181 4156 Oportet

1024 4167 1282 4222 mundum
1324 4169 1671 4240 superiorem.
1705 4190 1723 4222 ι

664 4290 722 4348 Si
743 4291 914 4364 igitur
936 4292 1214 4361 Christus,
1228 4302 1289 4348 ut
1308 4294 1498 4357 homo.
1512 4295 1781 4352 deiibatio
1797 4305 2004 4354 nostra:
2019 4307 2185 4354 natus

592 4399 670 4440 ra:
696 4394 755 4441 et
777 4386 937 4455 quasi
965 4385 1301 4443 fermentum
1335 4389 1507 4443 totius
1524 4404 1720 4445 massae
1743 4391 1893 4460 apud
1916 4392 2089 4447 Deum
2118 4408 2183 4448 ac

594 4474 816 4532 Patrem
842 4485 950 4544 est,
979 4488 1064 4534 est
1095 4494 1228 4535 vero
1255 4479 1401 4551 apud
1434 4481 1611 4535 Deum
1640 4497 1704 4537 ac
1734 4483 1955 4538 Patrem
1987 4500 2185 4540 secun-

593 4566 728 4624 dum
775 4568 1138 4627 humanitatis
1187 4573 1510 4643 opinionem
1548 4573 1597 4629 is
1635 4574 1730 4645 qui
1780 4591 2065 4647 nunquam
2112 4579 2183 4633 de

594 4672 696 4714 sua
737 4657 798 4713 in
855 4659 1023 4715 Patre
1075 4660 1359 4716 soliditate
1397 4662 1670 4725 excessit,
1724 4669 1787 4717 ut
1841 4663 2069 4728 Sermo,
2109 4679 2183 4720 ne

596 4750 941 4824 ambigamus
984 4752 1144 4822 quin,
1196 4753 1502 4809 secundum
1559 4754 1736 4823 ipsius
1773 4756 1919 4826 apud
1962 4757 2181 4813 Patrem

596 4844 946 4916 petitionem,
993 4860 1098 4901 nos
1148 4844 1325 4900 futuri
1367 4845 1543 4902 simus
1576 4846 1672 4901 ubi
1715 4846 1836 4917 ipse
1881 4858 1969 4904 est
2005 4850 2182 4905 nostri

597 4935 821 5008 generis
872 4936 1161 4994 delibatio.
1218 4935 1697 5003 Quemadmodum
1749 4938 1903 4994 enim
1955 4949 2186 5011 propter

600 5042 706 5085 nos
732 5028 1021 5086 descendit
1052 5030 1400 5096 immutatus,
1436 5040 1495 5086 et
1517 5030 1686 5087 homo
1707 5032 1778 5087 ad
1806 5033 1984 5089 nostri
2013 5033 2189 5090 instar

599 5119 781 5184 factus
824 5131 914 5178 est
955 5133 1156 5194 praeter
1197 5124 1373 5179 ullum
1415 5132 1728 5195 peccatum,
1764 5134 2055 5202 postquam
2089 5126 2190 5182 ad-

605 5211 936 5269 mirabiliter
978 5216 1143 5272 solvit
1193 5216 1344 5288 teges
1400 5226 1643 5283 naturae,
1697 5218 1775 5273 ita
1827 5233 1937 5275 nos
1968 5234 2190 5288 Quoque

603 5314 1011 5373 consequenter
1057 5322 1159 5377 per
1220 5324 1348 5363 eum
1402 5310 1795 5379 ascendemus,
1848 5312 1951 5369 Dei
1994 5312 2190 5378 futuri,

584 5393 670 5448 "ut
694 5391 810 5460 ille,
839 5396 1031 5466 gratia:
1055 5399 1341 5468 mysterio,
1373 5400 1626 5471 nihilque
1659 5412 1920 5460 naturam
1943 5412 2193 5479 nostram

607 5485 835 5541 omnino
881 5486 1322 5545 immulabimur.
1377 5492 1558 5563 Atque
1612 5495 1709 5561 ita,
1747 5496 2053 5552 secundum
2103 5510 2195 5551 sa-

611 5576 855 5646 pientem
878 5579 1227 5650 magistrum,
1253 5582 1512 5651 superior
1539 5600 1733 5641 rursus
1760 5586 2004 5657 repletur
2027 5603 2192 5642 mun-

612 5668 738 5733 dus,
777 5670 1042 5727 membris
1083 5673 1337 5742 corporis
1369 5690 1436 5730 ex
1472 5674 1741 5748 dignitate
1782 5688 1949 5750 atque
1992 5681 2194 5738 merito

613 5759 684 5816 ad
722 5773 889 5833 caput
916 5765 1283 5837 congregatis,
1315 5766 1579 5823 nimirum
1629 5785 1755 5826 cum
1792 5784 1955 5828 suum
1987 5784 2188 5830 unum-

2278 3498 2346 3569 τῇ
2377 3494 2500 3550 κατ’
2551 3496 2720 3566 ἄμφω
2768 3493 2876 3547 τῶν
2907 3496 2968 3547 ὲν
3003 3483 3086 3555 οἷς
3134 3490 3350 3561 ἀληθῶς
3400 3488 3520 3542 ἐστι
3568 3487 3863 3555 τελειότητι

2285 3587 2578 3661 μαρτυρῶν
2620 3585 2799 3658 ἑαυτῷ
2842 3586 2903 3639 τὸ
2963 3586 3086 3639 κατ’
3134 3583 3303 3655 ἄμφω
3344 3581 3622 3651 ἄτρεπτόν
3671 3597 3734 3633 τε
3782 3578 3863 3633 καὶ

2282 3675 2695 3731 ἀναλλοίωττον.
2736 3674 2894 3729 Οὕτω
2931 3673 3049 3728 λύει
3094 3673 3223 3737 τοὺς
3248 3671 3451 3742 νόμους
3490 3670 3598 3741 τῆς
3636 3670 3861 3740 φύσεως,

2285 3767 2425 3839 ὑπὲρ
2459 3764 2622 3837 φύσιν
2652 3769 2710 3821 ὲν
2733 3768 2850 3831 τοῖς
2896 3764 3039 3821 κατὰ
3076 3762 3239 3835 φύσιν
3272 3763 3336 3834 τῇ
3367 3760 3535 3826 φύσει
3566 3760 3861 3834 χρώμενος.

2283 3861 2311 3913 6
2331 3861 2487 3925 Θεός.

2288 4088 2486 4154 ’Ἄλλη
2519 4084 2756 4153 θεωρία,
2792 4086 2881 4150 εὶς
2910 4085 2997 4139 τόο
3036 4103 3055 4137 ι
3081 4081 3479 4153 Πληρωθῆναι
3505 4081 3604 4136 δεῖ
3624 4082 3733 4136 τὸν
3753 4078 3863 4135 ἄνω

2925 4176 3180 4244 κόσμον.
3208 4193 3229 4227 ι

2357 4303 2423 4356 Ei
2443 4303 2621 4356 τοίνυν
2655 4300 2884 4374 ἀπαρχὴ
2909 4303 3009 4373 τῆς
3040 4299 3162 4391 κεν
3209 4301 3358 4371 ἡμᾶς
3380 4298 3626 4391 φύσεως,
3657 4298 3735 4363 ὡς
3768 4296 3860 4391 γᾶν-

2289 4392 2530 4465 θρωπος,
2560 4394 2708 4447 ἐστὶν
2728 4394 2757 4447 6
2790 4391 3026 4464 Χριστὸς
3051 4389 3191 4463 πρὸς
3225 4391 3317 4445 τὸν
3349 4390 3483 4445 Θεὸν
3509 4390 3609 4444 καὶ
3636 4389 3856 4456 Πατέρα.

2287 4486 2384 4540 καὶ
2413 4480 2524 4540 οἷον
2558 4485 2704 4558 ζύμη
2728 4472 2827 4539 τοῦ
2853 4485 2975 4539 ὅλου
2999 4487 3343 4556 φυράματος,
3371 4483 3490 4536 ἐστι
3513 4482 3575 4536 δὲ
3614 4481 3753 4552 πρὸς
3776 4480 3861 4532 τὸν

2287 4579 2420 4633 Θεὸν
2453 4580 2548 4633 καὶ
2599 4577 2822 4649 Πατέρα
2867 4578 3006 4632 κατὰ
3054 4578 3151 4649 τὴν
3184 4573 3428 4631 ἔπινοιαύ
3459 4579 3563 4645 τῆς
3592 4573 3858 4645 ἀνθρωπό-

2284 4684 2447 4740 τητος
2497 4671 2527 4723 6
2582 4667 2855 4740 μηδέποτε
2897 4668 2997 4736 τῆς
3025 4668 3085 4720 ὲν
3111 4665 3190 4738 τῷ
3217 4667 3396 4738 Πατρὶ
3420 4667 3625 4730 ἐκστὰς
3654 4663 3857 4736 μονῳδ-

2217 4803 2260 4859 D
2285 4778 2488 4859 enroc,
2522 4760 2610 4859 dt;-
2651 4759 2828 4859 λόγος,
2866 4757 3049 4859 ςκέε
3084 4757 3140 4859 rt)
3172 4758 3703 4859 pipdﬂt‘c‘tﬁewpav-
3751 4754 3856 4807 ἔστι

2294 4852 2440 4918 σθαι,
2482 4851 2625 4907 κατὰ
2674 4852 2775 4922 τὴν
2825 4849 2992 4905 αὑτοῦ
3040 4849 3177 4920 πρὸς
3226 4848 3319 4902 τὸν
3370 4848 3597 4922 Πατέρα
3638 4848 3855 4918 ultum.

2293 4942 2423 4998 ἔνθα
2456 4943 2618 5007 αὐτός
2655 4942 2804 4995 ἐστιν
2835 4942 2868 5012 ἠ
2914 4941 3144 5012 ἀπαρχὴ
3199 4938 3293 4994 τοῦ
3346 4938 3622 5011 ἡμετέρου
3665 4938 3854 5007 γένους.

2306 5038 2397 5101 Ὧς
2435 5036 2544 5108 γὰρ
2589 5038 2779 5109 γέγονε
2837 5034 2990 5087 κάτω
3033 5032 3102 5086 δι’
3156 5032 3305 5103 ἡμᾶς
3355 5030 3731 5093 ἀναλλοιιὶιτως
3777 5029 3857 5083 καὶ

2297 5128 2588 5201 ἄνθρωπος
2621 5127 2745 5181 καθ’
2782 5128 2933 5197 ἡμᾶς
2970 5126 3137 5197 χωρὶς
3168 5127 3339 5196 μόνης
3373 5122 3674 5195 ἁμαρτίαι.
3707 5121 3855 5181 λύσας

2294 5220 2593 5293 ὑπερφυῶς
2620 5220 2750 5284 τοὺς
2781 5219 2983 5287 νόμους
3013 5219 3114 5288 τῆς
3143 5215 3382 5287 φύσεως,
3417 5215 3565 5270 οὕτω
3590 5215 3686 5269 καὶ
3712 5212 3854 5285 ἡμεῖς

2295 5311 2438 5367 κατὰ
2466 5310 2529 5365 τὸ
2562 5309 2854 5364 ἀκόλουθον
2881 5309 2995 5363 ἄνω
3032 5307 3100 5361 δι’
3143 5305 3307 5361 αὐτὸν
3361 5304 3727 5375 γενησόμεθα,
3773 5300 3854 5354 ali

2295 5405 2410 5460 Θεοὶ
2437 5404 2558 5465 κατ’
2587 5402 2755 5457 αὑτὸν
2780 5401 2861 5473 τῷ
2894 5401 2997 5469 τῆς
3019 5400 3243 5472 χάριτος
3270 5397 3582 5471 μυστηρίῳ,
3622 5396 3784 5467 μηδὲν
3804 5391 3855 5445 οδ

2297 5494 2561 5567 παράπαν
2609 5491 2952 5554 ἀλλοιοῦντες
2988 5491 3090 5561 τῆς
3131 5489 3367 5559 φύσεως.
3408 5489 3521 5542 Καὶ
3554 5486 3698 5542 οὕτω
3733 5484 3855 5552 πλη·

2303 5585 2492 5659 ροῦται
2525 5584 2690 5639 πάλιν
2748 5581 2891 5637 κατὰ
2935 5581 3027 5636 τὸν
3088 5582 3251 5652 σοφὸν
3300 5579 3620 5635 διδάσκαλον
3673 5578 3702 5629 ό
3757 5576 3853 5648 ἄγω

2301 5677 2525 5748 κόσμος,
2557 5676 2695 5747 πρὸς
2718 5674 2816 5746 τὴν
2857 5674 3099 5745 κεφαλὴν
3129 5673 3239 5728 τῶν
3269 5670 3447 5745 μελῶν
3491 5670 3584 5726 τοῦ
3624 5667 3853 5737 σώματος

2305 5771 2433 5827 κατ’
2454 5769 2608 5837 ἀξίαν
2652 5767 3059 5840 συναγομένων,
3109 5768 3339 5822 ἑκάστου
3382 5761 3625 5835 δηλονότι
3677 5757 3848 5830 μέλους
