4026 6288
629 329 764 396 1283

1820 328 1880 388 S.
1918 323 2205 387 MAXIMI
2245 323 2755 388 CONFESSORIS

3762 329 3889 396 ιω

616 462 832 508 servata
859 463 991 509 sunt
1013 453 1080 509 ad
1116 454 1367 524 ipsorum
1390 449 1728 522 principium
1773 457 1939 518 atque
1972 459 2194 502 causam

2301 443 2584 513 ὑψιτενοῦς
2611 447 2880 519 γραμμῆς
2914 449 3008 503 τὸν
3033 449 3125 504 άεὶ
3148 451 3412 515 ὡσαύτως
3442 451 3637 524 ἔχοντα
3670 454 3773 505 καὶ
3796 453 3888 520 τῆς

614 547 906 618 astringat,
939 563 1041 618 per
1068 556 1283 613 totum;
1316 545 1622 602 secundum
1656 543 1896 614 partium
1942 539 2198 611 pr0prie-

618 647 807 702 tatem,
843 656 968 694 cum
995 656 1096 710 per
1120 649 1360 696 erectam
1386 638 1612 709 quidem
1643 636 1846 690 lineam
1877 634 2072 696 Deum,
2101 629 2198 701 qui

615 747 836 804 semper
861 734 968 789 sibi
992 742 1210 790 constat
1239 733 1572 804 propriaque
1605 729 1888 786 soliditate
1913 741 2198 795 nunquam

614 825 844 890 excidit,
878 833 1106 896 propter
1138 825 1392 881 stabilem
1428 834 1483 879 et
1513 821 1918 878 immutabilem
1958 818 2199 873 colloca-

617 915 852 982 tionem,
900 934 999 989 per
1036 918 1426 988 obliquitatem
1477 931 1612 971 vero
1665 924 1834 969 totam
1870 912 1967 968 Dei
2004 911 2199 968 condi-

617 1010 824 1066 tionem
847 1012 1055 1082 ubique
1085 1026 1408 1081 suspensam
1433 1026 1567 1063 crux
1599 1008 1894 1079 signiﬁcat,
1942 1021 2064 1076 qua:
2090 1004 2196 1060 alia

613 1103 954 1158 exsistentiae
975 1104 1246 1174 principia
1270 1113 1364 1158 aut
1399 1103 1820 1158 fundamentum
1843 1111 2000 1155 extra
2023 1099 2196 1154 Deum

614 1208 724 1249 non
794 1195 992 1256 habet;
1049 1194 1358 1250 secundum
1417 1195 1688 1249 actionem
1748 1193 2010 1264 denique,
2070 1207 2196 1247 cum

613 1302 805 1342 eorum
853 1288 944 1357 qui
988 1287 1138 1342 cruci
1165 1287 1341 1342 sufﬁxi
1370 1295 1502 1342 sunt
1535 1285 1940 1342 inactivitatem
1964 1293 2026 1340 et
2051 1298 2202 1338 mor-

616 1378 972 1434 tiﬁcationem
1012 1379 1282 1446 denotat;
1329 1395 1442 1450 quo
1485 1378 1970 1449 contemplationis
2007 1376 2193 1442 modo,

614 1470 700 1524 uti
737 1470 874 1524 mihi
914 1471 1158 1537 videtur,
1185 1473 1474 1543 prophetae
1501 1488 1649 1526 nunc
1687 1472 1900 1527 dictum
1934 1471 2197 1541 magister

513 1557 516 1560 ’
611 1562 852 1631 excepit.
879 1560 1354 1629 Quemadmodum
1390 1563 1559 1634 igitur
1584 1563 2020 1632 uniuscujusque
2044 1561 2196 1632 prin-

612 1653 830 1724 cipatus
878 1656 1163 1720 (convenit
1226 1656 1372 1711 enim
1420 1656 1490 1710 de
1527 1656 1734 1710 nostris
1777 1654 1947 1710 rebus
2004 1661 2196 1724 petere

610 1747 862 1816 exempla
899 1747 1102 1816 quibus
1135 1748 1424 1802 veritatem
1457 1763 1645 1801 rerum
1675 1759 2042 1817 supernarnm
2070 1759 2198 1813 pro-

611 1837 830 1908 bemus)
858 1838 1110 1909 quaedam
1149 1848 1281 1894 sunt
1315 1839 1552 1911 insignia
1576 1839 1779 1909 quibus
1799 1838 1894 1908 qui
1918 1836 2198 1907 accipiunt

610 1929 870 1985 omnibus
899 1939 1201 1986 noscantur
1221 1931 1369 2002 quod
1402 1933 1542 1988 alter
1563 1931 1787 2002 quidem
1807 1947 1956 1986 nunc
1977 1930 2046 1985 ab
2070 1945 2196 2001 rege

612 2032 796 2078 teneat
843 2023 1250 2095 magistratum,
1299 2025 1379 2081 uti
1431 2026 1652 2096 praesidi
1702 2033 1832 2080 sunt
1879 2039 2020 2094 quos
2055 2022 2196 2078 dici-

607 2129 734 2170 mus
772 2115 1033 2180 codicilli,
1065 2117 1206 2171 alter
1239 2132 1372 2172 vero
1401 2117 1577 2184 illum,
1603 2117 1684 2172 uti
1733 2117 1996 2180 duciano,
2030 2131 2194 2186 quem

607 2208 867 2274 dicimus,
918 2209 1132 2280 gladius
1182 2209 1396 2281 insigne
1442 2220 1548 2276 est,
1578 2218 1745 2281 atque
1776 2209 1902 2264 aliis
1933 2209 2036 2263 alia
2067 2216 2196 2264 sunt

607 2301 865 2372 insignia,
907 2319 1031 2372 qua:
1065 2302 1168 2373 ipsi
1220 2303 1290 2358 ab
1341 2319 1466 2374 rege
1513 2302 1795 2372 accipiunt
1841 2301 2195 2372 propriisque

605 2391 866 2446 manibus
891 2391 1212 2461 praeferunt,
1242 2408 1369 2447 cum
1397 2401 1582 2447 autem
1615 2392 1782 2447 domo
1808 2391 2193 2462 egrediuntur,

605 2484 930 2540 domesticis
961 2483 1189 2540 tradunt
1218 2485 1489 2556 portanda
1517 2485 1781 2550 servitiis,
1822 2485 1877 2539 in
1902 2484 2052 2539 hunc
2075 2499 2196 2540 mo-

605 2578 738 2634 dum
776 2578 942 2634 etiam
975 2578 1244 2634 Dominus
1270 2587 1462 2634 noster
1505 2578 1668 2634 Jesus
1704 2577 1962 2634 Christus
2001 2576 2196 2632 Imma-

603 2669 797 2725 nitatis
819 2679 1074 2741 respectu
1095 2671 1310 2742 proprii
1335 2670 1494 2742 regni
1515 2670 1769 2742 symbola
1790 2685 2014 2725 crucem
2038 2685 2193 2724 suam

604 2761 818 2832 accepit
847 2770 904 2816 et
949 2777 1208 2834 egressus
1249 2762 1306 2817 in
1343 2763 1597 2818 humeris
1618 2763 1886 2834 portavit,
1927 2762 2196 2833 primum-

603 2867 712 2924 que
769 2852 888 2922 ipse
926 2852 1216 2924 bajulavit,
1269 2853 1470 2908 deinde
1515 2853 1678 2909 alteri
1741 2853 1918 2919 dedit,
1975 2853 2079 2908 hac
2134 2867 2194 2906 re

602 2945 922 3019 signiﬁcans
977 2963 1106 3004 eum
1155 2949 1244 3004 cui
1298 2948 1596 3019 imperium
1659 2948 1959 3004 mandetur
1991 2948 2194 3003 debere

602 3040 843 3111 primum
885 3043 1085 3112 praeire
1111 3044 1194 3097 eis
1215 3041 1312 3112 qui
1346 3057 1414 3098 eo
1442 3041 1683 3112 imperio
1710 3041 1991 3096 ducantur
2018 3050 2186 3110 atque

605 3133 749 3188 tueri
796 3149 894 3189 eos
925 3134 1019 3205 qui
1066 3135 1149 3189 illi
1189 3135 1527 3190 addicuntur
1563 3134 1664 3207 (ita
1693 3134 1845 3190 enim
1869 3135 2041 3204 jussis
2075 3136 2195 3206 ejus
2222 3158 2266 3215 ρ

601 3233 658 3281 et
680 3226 1172 3282 adhortationibus
1199 3227 1464 3283 lubenter
1489 3226 1816 3299 parebunt),
1839 3242 1904 3282 ac
1935 3228 2199 3297 deinceps

604 3333 702 3374 eos
749 3319 847 3390 qui
896 3319 1005 3374 sibi
1067 3318 1312 3374 mandati
1376 3329 1509 3375 sunt
1557 3319 1705 3374 idem
1741 3318 1925 3374 facere
1974 3318 2195 3388 jubere.

603 3410 764 3477 Quod
787 3411 834 3466 si
853 3411 1074 3466 Domini
1101 3412 1279 3466 nostri
1308 3413 1440 3467 Jesu
1471 3411 1680 3468 Christi
1729 3412 1946 3482 insigne
1979 3411 2197 3482 imperii

605 3519 740 3558 crux
765 3513 873 3570 est,
901 3520 1064 3574 quam
1111 3505 1167 3559 in
1201 3505 1452 3561 humeris
1480 3504 1773 3576 bajulavit,
1806 3503 1950 3559 scire
1978 3511 2201 3574 oportet

603 3595 737 3666 quid
764 3611 864 3666 per
890 3611 988 3651 eos
1015 3595 1360 3664 signiﬁcasse
1389 3597 1622 3666 cupiens
1666 3606 1778 3650 tam
1821 3598 2052 3667 mystice
2081 3595 2199 3650 haec

600 3683 948 3756 disposuerit
995 3694 1164 3756 atque
1212 3685 1566 3741 sustinuerit.
1622 3686 2012 3758 Symbolorum
2039 3687 2195 3756 gnari

605 3778 896 3834 humerum
917 3778 1112 3835 dicunt
1127 3780 1367 3836 actionis
1389 3796 1512 3836 esse
1530 3780 1950 3847 documentum,
1975 3795 2197 3836 crucem

605 3887 737 3928 vero
761 3873 1251 3943 impassibilitatis,
1276 3883 1468 3946 utpote
1500 3874 1927 3930 mortiﬁcatione
1953 3873 2196 3929 afﬁcien-

607 3973 738 4019 tem.
784 3964 882 4019 llis
925 3965 1097 4036 igitur
1131 3965 1444 4037 aenigmatis
1483 3966 1754 4022 Dominus
1798 3974 1994 4021 noster
2031 3976 2197 4036 atque

606 4057 790 4120 Deus,
839 4064 1075 4126 utraque
1115 4067 1412 4113 exsecutus
1465 4073 1701 4128 quorum
1748 4067 1879 4114 sunt
1905 4058 2197 4130 mnigmata

609 4148 886 4216 (actionis,
913 4147 1159 4217 inquam,
1181 4158 1235 4204 et
1256 4149 1766 4222 impassibilitatis),
1792 4167 1859 4206 ne
1887 4152 2034 4206 actio
2057 4168 2197 4206 vana

608 4239 785 4307 gloria
828 4238 1204 4308 perimeretur
1234 4253 1328 4293 eas
1363 4239 1635 4296 indicavit
1672 4242 1911 4298 virtutes
1939 4259 2040 4314 per
2061 4259 2199 4315 quas

613 4345 845 4385 munere
885 4345 987 4383 suo
1031 4329 1357 4399 perfunctus
1390 4333 1463 4388 sit
1485 4349 1588 4403 pro
1616 4334 1700 4388 eis
1719 4335 1813 4406 qui
1845 4335 1900 4389 in
1929 4335 2198 4407 obsequio

608 4421 714 4476 sibi
753 4437 818 4476 ac
864 4421 970 4476 ﬁde
1005 4422 1260 4488 haberet,
1310 4423 1426 4480 fere
1466 4426 1618 4481 clara
1662 4427 1974 4482 vociferans
2018 4445 2153 4484 voce
2180 4447 2194 4461 ο

2300 539 2510 604 οίκείας
2551 541 2918 613 μονιμότητος
2961 543 3215 614 οὐδαμῶς
3256 546 3615 616 ἐξιστάμενον
3664 545 3762 599 διὰ
3795 546 3887 615 τὴν

2303 631 2582 704 σταθηράν
2605 634 2704 686 καὶ
2731 634 3136 707 ἀμετακίνητον
3169 637 3377 708 ἵδρυσιν
3407 638 3545 691 Θεὸν
3583 637 3614 691 6
3657 639 3889 707 σταυρὸς

2301 723 2472 794 δηλοῖ,
2504 724 2594 779 διά
2619 725 2678 779 δέ
2706 726 2809 796 τῆς
2835 729 3139 799 ἐγκαρσίας
3166 730 3274 800 τὴν·
3295 729 3518 784 ἃπασαν
3548 729 3736 784 κτίσιν
3759 729 3888 783 Θεοῦ

2302 818 2586 882 παντελῶς
2622 821 2946 892 ἠρτημένην
2993 823 3294 895 ὑποφαίνη,
3347 824 3515 887 ἄλλας
3565 823 3754 895 ἀρχάς
3801 822 3890 876 τοῦ

2301 906 2441 965 εἶναι
2483 910 2620 965 Θεοῦ
2662 912 2832 984 χωρὶς
2867 914 2900 986 ἢ
2935 913 3094 984 βάσιν
3122 916 3222 969 οὐκ
3252 915 3487 986 ἔχουσαν
3523 932 3540 947 ·
3580 915 3714 970 κατ’
3743 916 3888 986 ἐνέρ-

2299 1021 2453 1073 γειαν
2493 1005 2573 1073 δέ,
2629 1007 2760 1060 ὅταν
2831 1007 2941 1061 τῶν
3003 1008 3098 1063 ὑπ’
3160 1008 3308 1080 αὐτῷ
3373 1011 3750 1082 πηγνυμένων
3803 1011 3892 1082 τὴν

2299 1097 2575 1169 ἀπραξίαν
2627 1098 2779 1170 δηλοῖ
2809 1099 2902 1153 καὶ
2931 1100 3028 1173 τὴν
3067 1101 3358 1174 νέκρωσιν,
3396 1103 3525 1158 καθ’
3561 1105 3754 1161 ὅντινα
3777 1108 3891 1177 τρό-

2301 1210 2401 1247 πον
2432 1193 2668 1264 Θεωρίας
2699 1193 2817 1256 νῦν,
2848 1193 2925 1258 ὡς
2965 1191 3141 1267 οἶμαι,
3178 1197 3269 1250 τὸν
3301 1198 3651 1268 προφητικὸν
3693 1201 3724 1252 6
3755 1199 3890 1254 διδά-

2303 1285 2502 1350 σκαλος
2531 1285 2789 1359 ἐξείληφε
2820 1273 3005 1358 λόγον.
3045 1289 3261 1363 Ὠσπερ
3295 1286 3390 1344 οὖν
3435 1291 3688 1360 ἑκάστης
3725 1293 3886 1362 ἀρχῆς

2301 1379 2489 1450 (καλὸν
2521 1379 2632 1452 γὰρ
2667 1383 2782 1445 τοῖς
2823 1381 2946 1435 καθ’
2985 1383 3134 1452 ἡμᾶς
3161 1382 3578 1454 παραδείγμασι
3610 1384 3732 1435 τῶν
3758 1384 3886 1454 ὖὲρ

2300 1473 2450 1542 ήμᾶς
2501 1473 2848 1545 πραγμάτων
2907 1473 3250 1540 ἐνδείξασθαι
3294 1475 3393 1546 τὴν
3439 1475 3733 1546 ἀλήθειαν)
3791 1479 3881 1529 eisi

2300 1564 2366 1632 σή
2378 1563 2593 1632 μαντρά
2619 1579 2739 1617 τινα
2779 1562 2848 1616 δι’
2881 1556 2957 1616 ὧν
2996 1565 3046 1616 cl
3075 1564 3453 1634 λαμϐάνοντες
3502 1565 3729 1636 ἔκδηλοι
3765 1570 3879 1620 πᾶσι

2299 1655 2540 1725 γίνονται
2585 1657 2667 1710 ὅτι
2697 1658 2726 1710 6
2759 1657 2858 1726 μὲν
2886 1657 3049 1728 τήνδε
3099 1657 3274 1730 ἀρχὴν
3302 1662 3457 1731 παρά
3488 1659 3589 1713 τοῦ
3634 1659 3880 1727 βασιλέως

2300 1748 2544 1818 εἴληφεν,
2572 1743 2684 1802 οἷον
2715 1748 2744 1800 6
2774 1748 2958 1821 άρχων
2981 1750 3107 1813 τοὺς
3129 1749 3455 1821 λεγομένους
3487 1751 3680 1823 (213
3711 1755 3766 1820 α)
3791 1770 3882 1805 ιω-

2306 1841 2598 1906 δικίλλους,
2645 1842 2674 1895 6
2699 1842 2756 1896 δέ
2785 1842 2875 1896 διὰ
2901 1842 2994 1897 τοῦ
3041 1842 3230 1912 ξίφους
3251 1843 3351 1914 τὴν
3377 1843 3694 1916 λεγομένην
3717 1845 3876 1899 ὃοκιαο

2305 1934 2402 2006 νὴν
2419 1934 2488 2002 ⁸⁸,
2515 1935 2610 1989 καὶ
2637 1936 2796 2000 ἄλλος
2818 1936 2984 2009 ἄλλην
3005 1937 3095 1992 διά
3125 1955 3270 2001 τινος
3296 1937 3489 2009 ἐτέρου
3523 1939 3700 2009 συνθή
3711 1955 3878 2008 ματος.

2307 2028 2403 2081 καὶ
2439 2029 2593 2100 παρὰ
2634 2029 2733 2099 μὲν
2757 2027 2849 2082 τοῦ
2883 2028 3152 2099 βασιλέως
3193 2029 3348 2084 αὐτοὶ⁵
3379 2029 3639 2100 δέχονται
3675 2029 3767 2084 καί
3802 2031 3881 2100 φέ-

2309 2134 2463 2189 ρουσι
2503 2117 2662 2170 τοῦτο
2698 2119 2820 2182 ταῖς
2870 2118 3030 2182 ἰδίαις
3065 2119 3277 2190 χερσὶν,
3325 2119 3646 2185 ἐξελθόντες
3693 2121 3749 2173 δὲ
3781 2123 3875 2183 τοῖς

2302 2207 2526 2270 οἰκείοις
2542 2207 2745 2262 διδόασι
2761 2207 2921 2261 τοῦτο
2938 2208 3206 2279 κομίζειν,
3235 2209 3428 2263 τοῦτον
3455 2209 3554 2264 τὸν
3569 2211 3771 2281 τρόπον
3798 2212 3880 2263 καὶ

2304 2297 2332 2350 6
2364 2298 2642 2368 Δεσπότης
2669 2297 2830 2368 ἡμῶν
2872 2299 3081 2369 Ἰησοῦς
3103 2301 3131 2351 6
3177 2301 3414 2372 Χριστὸς
3449 2303 3598 2355 κατὰ
3643 2304 3743 2375 τὴν
3779 2304 3881 2357 ἐπί·

2307 2408 2456 2444 νοιαν
2482 2391 2583 2460 τῆς
2600 2389 3036 2462 ,ἁνθρωπότητος
3060 2391 3127 2443 τά
3158 2391 3402 2462 σύμϐολα
3430 2395 3532 2462 τῆς
3563 2393 3702 2458 ίδίας
3727 2396 3882 2464 ἀρχῆς

2303 2485 2394 2538 τὸν
2423 2483 2589 2539 αὐτοῦ
2630 2485 2861 2556 σταυρὸν
2895 2484 3187 2556 δεξάμενος
3213 2487 3303 2540 ἐπὶ
3329 2487 3438 2538 τῶν
3481 2486 3657 2557 ὤμων
3679 2487 3880 2557 ἐξῆλθεν

2310 2577 2720 2660 ἔχωνηπρῶτος
2749 2578 2913 2641 αὐτὸς
2939 2578 3242 2649 βαστάσας,
3281 2577 3475 2631 ἔπειτα
3499 2579 3695 2632 τοῦτον
3727 2579 3878 2650 ἑτέρῳ

2302 2671 2450 2734 δοὺς,
2485 2670 2574 2723 διά
2609 2670 2815 2724 τούτων
2845 2672 3131 2740 ἐμφαίνων
3160 2672 3244 2724 ὅτι
3277 2670 3360 2724 δεῖ
3387 2670 3483 2724 τὸν
3514 2672 3697 2740 ἀρχὴν
3726 2673 3879 2741 ἐγχει-

2305 2761 2594 2834 ριζόμενον
2615 2762 2834 2833 πρῶτον
2865 2761 3226 2833 καθηγεῖσθαι
3263 2761 3373 2813 τῶν
3399 2761 3470 2813 δι’
3505 2760 3687 2830 αὐτῆς
3708 2761 3879 2830 ἀγομέ-

2302 2873 2409 2909 νων
2435 2855 2531 2908 καὶ
2555 2854 2878 2926 ἀντέχεσθαι
2906 2855 3016 2908 τῶν
3048 2854 3140 2908 ὑπ’
3165 2853 3337 2924 αὐτῆς
3360 2855 3824 2924 ὑπσγορευμένων
3840 2854 3875 2883 ⁸⁸

2303 2948 2469 3015 (οὕτω
2504 2948 2616 3020 γὰρ
2642 2948 2708 3002 ἂν
2745 2948 3155 3018 εὐπαράδεκτος
3193 2948 3252 3000 ἐν
3288 2947 3410 3010 ταῖς
3453 2947 3766 3016 ὑποθήκαις
3803 2962 3876 3012 τεο

2303 3043 2572 3113 νήσεται),
2601 3042 2696 3094 καὶ
2732 3041 2856 3094 τότε
2905 3040 3273 3113 προστάσσειν
3313 3043 3426 3102 τοῖς
3470 3039 3878 3110 ἐγχειρισθεῖσιν

2304 3133 2452 3204 αὺτῷ
2478 3135 2579 3203 τὴν
2612 3134 2923 3200 ταυτότητά
2950 3133 3104 3203 δρᾷν.
3141 3133 3204 3185 El
3241 3131 3300 3184 δέ
3340 3132 3404 3185 τὸ
3443 3132 3766 3203 σήμαντρον
3795 3133 3880 3199 τῆς

2299 3227 2394 3280 τοῦ
2459 3228 2668 3296 Κυρίου
2722 3226 2879 3296 ήμῶν
2932 3225 3110 3295 Ἰησοῦ
3166 3224 3407 3294 Χριστοῦ
3449 3224 3636 3294 ἀρχῆς
3679 3217 3877 3278 ἐστινὸ

2302 3320 2553 3388 σταυρὸς,
2590 3318 2649 3372 ὃν
2687 3318 2917 3371 ἐπὶτῶν
2959 3317 3125 3388 ὤμων
3162 3318 3345 3389 φέρων
3385 3317 3643 3388 ἐκόμισε,
3697 3317 3878 3386 γνῶναι

2301 3411 2549 3481 προσῆκε
2573 3411 2625 3465 τί
2656 3409 2743 3464 διὰ
2767 3409 2976 3463 τούτων
2999 3410 3242 3481 ἐμφῆναι
3261 3408 3594 3480 βουλόμενος
3615 3407 3878 3479 μυστικῶς

2299 3498 2444 3553 οὕτω
2489 3498 2666 3554 ταῦτα
2702 3498 2921 3570 διέθηκέ
2959 3516 3019 3552 τε
3057 3501 3152 3553 καὶ
3176 3499 3494 3569 ὑπέμεινεν.
3519 3500 3698 3553 Φασὶν
3717 3498 3877 3553 οἰτῶν

2303 3591 2594 3663 συμϐόλων
2615 3593 2985 3662 ἐπιστήμονες
3017 3590 3110 3644 τὸν
3140 3591 3238 3662 μὲν
3273 3583 3425 3659 ὦμον
3458 3587 3724 3662 πράξεως
3758 3584 3875 3642 εἶναι

2299 3689 2621 3758 τεκμήριον,
2649 3687 2742 3740 τὸν
2777 3687 2835 3740 δὲ
2875 3687 3109 3758 σταυρὸν
3139 3685 3432 3748 ἀπαθείας.
3479 3680 3570 3739 οἷα
3626 3686 3874 3754 νέκρωσιν

2302 3778 2655 3848 ἐμποιοῦντα.
2687 3778 2786 3832 Διὰ
2825 3779 3032 3832 τούτων
3057 3775 3151 3832 οὖν
3183 3779 3292 3832 τῶν
3338 3779 3690 3848 αἰνιγμάτων
3728 3779 3754 3829 6
3782 3774 3876 3829 Κύ-

2305 3889 2420 3943 ριος
2460 3871 2622 3942 ἡμῶν
2659 3872 2752 3924 καὶ
2797 3871 2950 3936 Θεὸς,
3003 3871 3292 3941 ἀμφότερα
3331 3869 3626 3937 διεξελθὼν
3666 3869 3773 3922 τῶν
3813 3861 3873 3920 ὧν

2299 3967 2406 4017 εἱσι
2463 3962 2532 4015 τά
2593 3963 2892 4034 αἰνίγματα
2936 3962 3213 4036 (πράξεώς
3252 3963 3309 4016 τέ
3355 3981 3500 4034 φημι
3550 3964 3649 4016 καὶ
3686 3959 3872 4020 τελείας

2301 4055 2619 4118 ἀπαθείαςὶ,
2655 4060 2796 4108 ὥστε
2837 4057 2909 4126 μὴ
2945 4055 3426 4128 παραφθείρεσθαι
3463 4055 3558 4109 διὰ
3586 4054 3872 4120 κενοδοξίας

2299 4146 2400 4217 τὴν
2424 4145 2648 4216 πρᾶξιν,
2681 4145 2850 4210 ἔδειξε
2894 4146 2960 4200 δι’
2997 4140 3071 4199 ὦν
3109 4147 3273 4210 αὐτὸς
3327 4146 3742 4215 κατεπράξατο,
3780 4146 3874 4203 τοῖς

2301 4240 2585 4309 ὑπηκόοις,
2635 4242 2922 4311 μονονουχὶ
2964 4240 3304 4312 διαπρυσίως
3351 4241 3491 4311 βοῶν
3519 4242 3628 4306 ὅτι,
3669 4261 3689 4292 ι
3725 4237 3872 4294 Τοῦτο

2303 4333 2576 4404 σύμϐολον
2607 4333 2842 4404 ὑπάρχει
2864 4333 2965 4403 τῆς
2987 4333 3161 4404 ἀρχῆς
3203 4351 3306 4404 μου
3346 4350 3359 4363 ⁸
3393 4353 3412 4386 ι
3469 4336 3582 4399 πᾶς
3618 4331 3715 4389 οὖν
3744 4335 3872 4393 631:;

2301 4423 2360 4488 ἐξ
2384 4423 2540 4494 ὑμῶν
2573 4423 2985 4492 ἐπιθυμητικῶς
3015 4423 3130 4494 ἔχει
3161 4423 3300 4495 πρὸς
3321 4423 3533 4495 ταύτην
3557 4426 3660 4496 τὴν
3696 4422 3866 4496 ἀρχὴν,

609 4514 724 4569 Hoc
763 4514 1074 4586 symbolum
1120 4517 1233 4572 mei
1264 4518 1482 4589 imperii
1515 4527 1600 4574 est
1631 4537 1643 4573 :
1673 4521 1991 4590 quicunque
2023 4523 2192 4593 igitur

2301 4514 2755 4585 ἀπαρνησάσθω
2801 4514 3044 4580 ἑαυτὸν,
3088 4514 3188 4569 καί
3238 4514 3436 4583 ἀράτω
3485 4516 3594 4570 τὸν
3624 4515 3870 4582 σταυρὸν·

607 4605 676 4662 de
693 4606 854 4663 vobis
883 4607 1062 4680 diligit
1089 4609 1196 4665 hoc
1218 4610 1540 4682 imperium,
1580 4613 1624 4667 is
1655 4629 1712 4667 se
1744 4615 1921 4684 ipsum
1949 4615 2190 4687 abneget,

607 4709 658 4752 et
689 4699 846 4755 tollat
879 4718 1086 4757 crucem
1130 4721 1285 4758 suam
1331 4714 1381 4758 et
1422 4721 1506 4759 me
1553 4713 1810 4774 sequatur
1854 4715 1904 4771 7,
1948 4706 2057 4761 hoc
2110 4716 2194 4762 est

607 4793 880 4848 actionem
926 4795 1245 4864 passionum
1284 4795 1737 4860 interfectricem,
1771 4795 2102 4866 probitatem
2137 4807 2193 4853 ct

608 4885 854 4939 animum
919 4885 1214 4941 honestum
1259 4895 1312 4941 et
1349 4886 1420 4941 ab
1466 4887 1616 4940 omni
1659 4887 1870 4942 invidia
1908 4889 2189 4945 liberum:

608 4976 813 5046 quibus
853 4976 1042 5032 verbis
1100 4976 1372 5048 signiﬁcat
1424 4992 1483 5032 se
1536 4993 1732 5034 omnes
1779 4979 1884 5035 sibi
1936 4983 2195 5038 similiter

610 5071 814 5141 cupere
848 5071 956 5126 hoc
997 5070 1230 5141 imperio
1257 5071 1566 5142 impertire.
1609 5070 1767 5139 Quod
1805 5073 1978 5139 enim,
2017 5075 2191 5132 «Cum

610 5176 779 5216 cruce
822 5163 1168 5229 contollitur,
1205 5181 1223 5214 ι
1267 5163 1406 5219 dicit
1451 5162 1737 5234 magister,
1778 5181 1848 5219 eo
1891 5166 1998 5222 hoc
2033 5169 2198 5224 nobis

612 5251 816 5308 docere
868 5255 1112 5319 videtur,
1147 5253 1296 5326 quod
1323 5271 1451 5312 cum
1485 5255 1744 5313 rationali
1784 5259 2072 5317 hominum
2096 5279 2196 5318 na-

614 5352 740 5399 tura
786 5360 887 5416 per
921 5347 1196 5404 actionem
1241 5357 1302 5404 et
1350 5365 1474 5420 qua:
1524 5350 1577 5405 ei
1622 5353 1920 5424 conjuncta
1959 5363 2045 5410 est
2096 5355 2202 5410 im-

681 5484 714 5528 !
741 5477 935 5536 Matth.
969 5496 1079 5546 xvr,
1109 5482 1198 5536 24.

2301 4607 2512 4671 αὐτοῦ,
2536 4606 2635 4660 καὶ
2661 4607 3064 4661 ἀκολουθείτω
3083 4623 3207 4676 μοι,
3235 4607 3514 4661 τουτέστιν
3545 4609 3644 4679 τὴν
3680 4625 3864 4679 νεκρω-

2299 4699 2462 4769 τικὴν
2513 4697 2620 4752 νῶν
2645 4697 2838 4752 παθῶν
2883 4697 3102 4770 πράξιν,
3139 4697 3238 4769 τήν
3268 4699 3588 4771 άγαθότητα
3617 4703 3711 4754 καὶ
3745 4700 3783 4731 δ’
3816 4698 3866 4750 τὸ

2299 4791 2402 4860 τῆς
2428 4790 2692 4862 ἀφθονίας
2721 4790 2908 4855 καλὸν,
2943 4791 3032 4844 διά
3059 4790 3268 4845 τούτων
3313 4792 3599 4862 ἐμφαίνων
3643 4794 3723 4846 ὅτι
3769 4789 3864 4860 γλί-

2301 4901 2454 4957 χεται
2484 4882 2695 4946 πάντας
2721 4884 2924 4953 ὁμοίως
2952 4882 3135 4953 ἐαυτῷ
3157 4883 3366 4955 ταύτην
3403 4882 3862 4954 μεταχειρίζεσθαι

2298 4981 2399 5051 τὴν
2429 4979 2626 5049 ἀρχήν.
2663 4976 2737 5029 Τὸ
2766 4975 2876 5047 γάρ
2916 4971 3092 5030 εἰπεῖν
3133 4977 3226 5031 τὸν
3268 4976 3529 5046 θεοφόρον
3566 4976 3862 5032 διδάσκαλον

2299 5075 2381 5128 ὅτι
2414 5091 2433 5124 ι
2469 5071 2562 5143 Τῷ
2586 5069 2806 5142 σταυρῷ
2829 5069 3242 5141 συνεπαίρεται,
3285 5091 3303 5121 ι
3352 5065 3510 5142 οἶμαι
3550 5070 3641 5124 διὰ
3683 5069 3864 5123 τούτων

2301 5163 2540 5237 ἔμφασιν
2574 5164 2708 5233 ήμίν
2741 5160 2950 5214 τοιάνδε
2978 5161 3260 5232 παρέχειν,
3285 5162 3367 5215 ὅτι
3397 5162 3496 5233 τῆς
3525 5161 3750 5231 λογικῆς
3778 5155 3861 5227 φά·

2305 5274 2444 5322 σεως
2467 5255 2577 5310 τῶν
2611 5252 2922 5327 ἀνθρώπων
2953 5253 3042 5307 διὰ
3065 5255 3320 5326 πράξεως
3351 5255 3447 5308 καὶ
3470 5255 3571 5326 τῆς
3593 5255 3729 5326 αὐτῇ
3752 5268 3860 5306 συν·

2303 5351 2640 5423 εζευγμένης
2671 5347 2944 5412 ἀπαθείας
2979 5346 3296 5418 ὑψουμένης
3325 5346 3510 5418 (213
3555 5347 3611 5418 ι)
3653 5344 3805 5407 αὐτὸς
3836 5341 3859 5393 6

1920 5600 2157 5658 VARUE
2194 5599 2605 5659 LECTIONES.

684 5707 844 5794 “_(:_r.
877 5710 1014 5794 God.
1065 5713 1276 5794 τιιφσε,
1327 5715 1441 5794 vn,
1489 5715 1669 5794 4,50,
1706 5717 1781 5794 de
1811 5733 1966 5792 erog.
1995 5720 2134 5794 _mi_l.
2166 5732 2387 5794 _annon.
2429 5717 2545 5783 xv.
2594 5677 2684 5782 ιιξ
2731 5723 2814 5794 a,_
2849 5717 2917 5794 de
2986 5726 3166 5794 venat.
3229 5720 3420 5794 ferar”
3473 5715 3856 5794 31,251.60

615 5781 886 5850 quadrim.
922 5784 1075 5840 brev.
1154 5786 1197 5819 “
1229 5787 1483 5843 Fortasse
1530 5781 1943 5858 ὕπαγομένωνῗ
1991 5790 2037 5824 δ’
2071 5790 2272 5845 Eadem
2305 5805 2498 5844 manus
2534 5781 2932 5859 ‘superscripsit
2957 5793 3096 5843 κατά
3132 5791 3187 5844 in
3215 5791 3339 5844 cod.
3368 5781 3510 5845 Gud.
