4026 6288
640 312 773 376 1287

1777 308 1839 367 S.
1874 308 2160 369 ΜΑΧΙΜΙ

2299 309 2710 372 NFESSORIS
3712 319 3814 382 1288

632 429 962 495 visibilibus,
1012 437 1070 484 et
1105 428 1161 483 in
1206 426 1290 482 eis
1337 440 1461 496 qua:
1500 425 1647 496 tangi
1683 436 1920 497 possunt
1961 427 2080 498 ipse
2108 427 2194 498 qui

2305 428 2498 495 λαϐαῖς
2523 431 2618 485 καὶ
2640 433 2846 500 φωναῖς
2865 429 3184 500 τυπωθῆναι
3206 427 3546 494 κατεδέξατο,
3559 428 3637 481 ἵνα
3650 430 3704 482 ὲκ
3716 433 3815 486 τάν-

627 523 799 579 tactui
852 537 964 578 non
1018 520 1334 576 obnoxius:
1363 519 1448 573 vel
1485 519 1633 588 quod
1674 529 1901 590 propter
1946 535 2069 582 nos.
2107 522 2203 591 qui

625 613 798 668 crassi
849 622 906 668 et
957 613 1195 683 pingues
1235 626 1430 666 sumus
1485 611 1793 674 intellectu,
1847 628 2051 681 corpus
2082 611 2202 667 ﬁeri

626 722 692 762 ac
743 714 934 763 nostra
981 707 1160 776 gratia
1206 706 1409 760 litteris
1476 712 1534 759 et
1579 704 1806 776 syllabis
1853 714 1910 759 et
1949 705 2200 771 vocibus,

626 799 862 869 exprimi
900 813 1097 868 passus
1140 805 1246 860 est,
1289 805 1350 852 ut
1394 813 1461 851 ex
1505 797 1765 851 omnibus
1811 797 1898 852 his
1933 813 2035 851 nos
2072 811 2200 851 eum

625 901 927 960 sequentes
968 898 1095 961 post
1141 892 1304 961 paulo
1351 891 1418 946 ad
1482 906 1604 945 sese
1653 891 1832 960 ipsum
1891 890 2198 960 colligeret,

625 984 816 1039 unitos
859 984 914 1037 in
942 983 1163 1054 spiritu,
1192 993 1249 1038 et
1297 984 1352 1037 in
1395 983 1702 1052 simplicem
1733 983 1879 1038 circa
1913 996 2041 1036 eum
2080 995 2201 1036 om-

2301 539 2411 575 των
2439 523 2644 576 τούτων
2678 525 2827 594 ἡμᾶς
2852 525 3154 593 ἑπομένους
3183 522 3332 592 αὐτῷ
3366 522 3504 575 κατά
3534 521 3687 592 βραχὺ
3715 526 3818 594 πρὶς

2302 613 2494 668 ἑαυτὸν
2525 615 2831 687 συναγάγῃ,
2869 612 3285 682 ὲνοποιηθέντας
3317 612 3398 679 τῷ
3426 612 3674 679 πνεύματι
3694 653 3707 676 ,
3748 618 3820 667 καὶ

2301 705 2382 767 εἰς
2405 703 2503 777 τὴν
2527 706 2705 776 ἀπλῆν
2730 707 2858 778 περὶ
2882 704 3047 759 αὑτοῦ
3076 706 3172 758 καὶ
3191 706 3422 774 ἄσχετον
3449 703 3644 756 ἔννοιαν
3663 706 3823 771 ἁναγά-

2305 811 2428 862 γοι,
2481 797 2737 851 τοσοῦτον
2779 799 2930 868 ἡμᾶς
2971 797 3251 850 δι’ὲαυτὸν
3294 795 3432 864 πρὸς
3467 795 3647 847 ἕνωσιν
3673 797 3822 850 ἑαυτοῦ

2310 893 2593 956 συστείλας
2612 934 2627 960 ,
2681 895 2806 947 ὅσον
2851 895 3016 957 αὐτὸς
3047 895 3115 948 δι’
3137 895 3280 964 ἡμᾶς
3312 895 3505 946 ἑαυτὸν
3535 895 3824 961 συγκαταβά-

2310 999 2450 1048 σεως
2480 984 2624 1057 λόγῳ
2652 985 2970 1041 διέστειλεν.

623 1077 794 1147 nique
839 1077 1044 1133 aﬁ‘ectu
1090 1078 1319 1132 liberam
1365 1077 1754 1147 cogitationem
1798 1077 2111 1139 reduceret,
2143 1076 2196 1129 in
2239 1084 2452 1132 tantum
2513 1095 2618 1134 nos
2639 1089 2868 1150 propter
2894 1094 2952 1134 se
2987 1079 3095 1135 sibi
3155 1077 3551 1134 coadunandos
3577 1078 3822 1143 attrahens,

625 1169 686 1224 in
725 1180 994 1238 quantum
1039 1168 1156 1238 ipse
1197 1177 1426 1238 propter
1479 1183 1583 1221 nos
1625 1167 1935 1222 clementia:
1977 1167 2194 1220 ratione
2229 1181 2349 1221 sese
2398 1170 2659 1224 removit.

679 1570 756 1609 “ea:
803 1553 910 1608 alio
949 1553 1168 1607 collecta
1209 1554 1400 1624 specie,
1442 1554 1499 1606 in
1542 1568 1708 1606 unum
1760 1553 2026 1623 quoddam
2064 1555 2202 1607 veri-

692 1649 816 1702 tatis
853 1646 1221 1700 simulacrum.
1257 1665 1274 1696 ι

690 1761 772 1816 Ex
818 1759 1226 1823 essentialibus,
1265 1757 1320 1811 id
1364 1765 1468 1825 est,
1514 1773 1578 1812 ex
1618 1759 1735 1828 ipsa
1760 1759 2022 1822 essentia,
2050 1757 2196 1828 quod

622 1855 767 1910 Deus
808 1852 1038 1908 exsistat
1088 1865 1436 1921 nequaquam
1485 1850 1856 1920 cognoscitur.
1908 1850 2007 1904 Est
2049 1851 2196 1904 enim

619 1946 781 2016 plane
821 1940 1190 1999 intractabilis
1241 1949 1297 1997 et
1347 1941 1495 1995 invia
1546 1941 1820 1996 universa:
1865 1940 2193 2003 conditioni,

620 2055 687 2094 ex
715 2036 836 2108 pari
883 2045 996 2091 tam
1042 2035 1248 2090 visibili
1292 2051 1458 2104 quam
1510 2034 1802 2098 invisibili,
1839 2035 2100 2105 cogitatio
2150 2035 2194 2088 si

620 2146 933 2203 quaeramus
976 2129 1111 2201 quid
1162 2129 1253 2193 sit,
1289 2129 1383 2185 sed
1430 2145 1497 2184 ex
1544 2129 1612 2183 iis
1656 2144 1777 2197 qua:
1819 2128 1968 2181 circa
2006 2142 2198 2181 essen-

621 2225 752 2279 tiam
787 2230 936 2287 sunt,
989 2223 1035 2277 si
1095 2221 1240 2276 bene
1283 2228 1447 2290 atque
1498 2221 1589 2289 pie
1632 2221 2023 2283 observantur,
2077 2233 2196 2272 sese

621 2317 768 2371 Deus
817 2312 1168 2370 solummodo
1210 2312 1355 2382 quod
1405 2311 1479 2366 sit
1527 2310 1950 2380 intelligendum
2001 2309 2196 2363 viden-

622 2406 771 2461 tibus
805 2403 1058 2474 largitur.
1099 2401 1455 2470 Quaacunque
1506 2415 1642 2454 vero
1699 2401 1846 2454 circa
1895 2399 2195 2454 essentiam

621 2505 752 2551 sunt
801 2510 914 2549 non
959 2493 1094 2563 quid
1130 2493 1222 2556 sit,
1268 2491 1365 2547 sed
1405 2493 1537 2561 quid
1574 2507 1684 2545 non
1737 2491 1810 2544 sit
1857 2491 2192 2562 signiﬁcant,

620 2586 793 2642 veluti
837 2585 985 2654 quod
1013 2599 1122 2638 non
1163 2583 1340 2638 factus
1371 2591 1475 2648 est,
1514 2584 1660 2652 quod
1710 2583 1990 2653 principio
2019 2592 2191 2649 caret,

621 2677 768 2747 quod
789 2675 918 2740 ﬁne,
944 2675 1088 2745 quod
1116 2689 1348 2744 corpore
1375 2683 1546 2734 caret.
1569 2690 1800 2744 quaeque
1821 2675 1928 2728 alia
1956 2676 2197 2745 ejusmo-

623 2770 678 2823 di
700 2768 845 2823 circa
864 2767 1159 2822 essentiam
1184 2776 1335 2830 sunt,
1365 2778 1422 2822 et
1447 2768 1653 2836 aliquid
1687 2783 1794 2820 non
1816 2783 1963 2831 esse,
2001 2785 2193 2822 verum

621 2875 729 2914 non
765 2857 973 2927 aliquid
1036 2873 1159 2911 eam
1199 2872 1321 2911 esse
1366 2857 1629 2927 probant;
1672 2857 1768 2911 sed
1804 2857 1970 2911 etiam
2007 2857 2194 2927 provi-

617 2952 821 3006 dentiae
847 2959 903 3004 et
941 2951 1138 3021 judicii
1189 2952 1454 3016 rationes,
1502 2952 1708 3021 quibus
1742 2953 2061 3006 universum
2105 2970 2194 3008 sa-

619 3044 839 3112 pienter
895 3043 1058 3112 regit,
1101 3059 1336 3112 quarum
1401 3045 1550 3098 socia
1599 3060 1913 3114 congruens
1972 3062 2194 3115 (pioque

616 3142 831 3188 naturae
881 3133 1279 3202 contemplatio
1327 3136 1475 3188 circa
1539 3136 1709 3188 Deum
1774 3151 1896 3190 esse
1961 3137 2190 3202 dicitur,
2223 3167 2265 3222 ρ

616 3224 924 3281 conditoris
954 3226 1040 3279 sui
1075 3226 1424 3280 solummodo
1453 3227 1829 3282 exsistentiam
1858 3231 2194 3284 convenien-

619 3326 700 3372 ter
733 3318 1140 3372 demonstrans.
1195 3319 1334 3373 Dum
1378 3319 1550 3389 igitur
1599 3321 2055 3377 aﬂirmationibus
2098 3323 2196 3378 ad-

618 3419 908 3465 versantur
955 3413 1298 3480 ncgationes.
1347 3420 1540 3467 mutuo
1570 3414 1714 3468 inter
1757 3431 1814 3468 se
1845 3415 1990 3470 circa
2019 3415 2191 3471 Deum

615 3511 670 3555 ct
707 3503 881 3556 amice
938 3502 1045 3556 sibi
1097 3504 1399 3558 conciliant
1448 3521 1568 3560 sese
1627 3514 1684 3560 ct
1740 3508 2025 3576 excipiunt
2072 3526 2084 3560 :
2133 3516 2194 3562 ut

615 3593 938 3664 negationes
965 3609 1077 3648 non
1102 3595 1313 3664 aliquid
1334 3612 1456 3650 esse
1495 3598 1690 3662 Deum,
1719 3598 1814 3653 sed
1841 3599 2054 3670 aliquid
2083 3615 2192 3654 non

613 3700 733 3739 csse
776 3685 1150 3757 signiﬁcantes
1180 3689 1330 3742 circa
1368 3689 1473 3743 hoc
1509 3691 1656 3759 quod
1684 3692 1895 3762 aliquid
1930 3701 2014 3747 est
2045 3693 2193 3762 quod

615 3778 719 3832 hoc
756 3783 866 3832 non
912 3788 997 3834 est
1045 3781 1418 3836 conciliantur
1460 3781 1942 3848 amrntationibus,
1999 3795 2193 3840 contra

613 3867 1000 3925 allirmationes
1032 3873 1211 3926 solum
1247 3873 1395 3942 quod
1426 3885 1531 3939 est,
1557 3876 1691 3944 quid
1717 3892 1849 3930 vero
1880 3877 2100 3931 tandem
2138 3876 2190 3930 id

612 3961 684 4015 sit
740 3977 851 4016 non
917 3965 1206 4032 aperiens,
1257 3965 1408 4020 circa
1465 3967 1572 4021 hoc
1621 3969 1768 4037 quod
1817 3969 2024 4037 aliquid
2076 3986 2190 4024 non

560 4103 565 4107 .
609 4060 697 4107 est
735 4054 883 4122 quod
924 4055 1029 4109 hoc
1059 4065 1143 4110 est
1190 4058 1564 4111 conciliantur
1614 4059 2027 4128 ncgationibus,
2068 4075 2194 4113 cum

612 4143 847 4198 invicem
891 4148 1346 4202 contrarietatem
1383 4151 1689 4204 ostendunt
1721 4167 1788 4204 ex
1821 4152 2193 4220 oppositione,

611 4233 758 4288 circa
791 4236 962 4289 Deum
996 4246 1184 4291 autem
1217 4238 1652 4294 familiaritatem
1679 4242 1747 4296 dc
1778 4242 2192 4297 extremitatum

611 4333 802 4378 mutua
842 4325 896 4378 in
941 4341 1020 4390 se,
1074 4335 1238 4395 prout
1285 4343 1375 4382 res
1413 4327 1540 4393 fert,
1578 4332 1943 4386 conversione
1982 4342 2187 4387 natam.

622 1371 710 1428 Ea:
737 1370 915 1425 eodem
953 1385 1212 1434 sermone,
1255 1369 1311 1422 in
1350 1367 1490 1422 illud
1533 1384 1551 1422 :
1597 1386 1617 1419 ι
1648 1367 1770 1422 Νοη
1797 1383 1861 1421 ex
1896 1369 1961 1421 iis
1991 1385 2110 1439 qua:
2147 1371 2204 1426 in

693 1465 806 1533 ipso
845 1469 989 1526 sunt,
1025 1461 1116 1514 sed
1156 1475 1219 1514 ea:
1245 1462 1310 1514 iis
1360 1477 1477 1531 qua:
1507 1468 1630 1514 sunt
1668 1461 1806 1513 circa
1851 1461 2043 1531 ipsum,
2091 1463 2203 1517 alia

2316 1371 2413 1426 Ἐκ
2442 1371 2548 1427 τοῦ
2576 1371 2764 1426 αὐτοῦ
2791 1371 2999 1442 λόγου,
3035 1373 3122 1436 εἰς
3147 1371 3217 1423 τό
3235 1387 3248 1400 ο
3304 1387 3324 1422 ι
3358 1369 3483 1423 οὐκ
3512 1367 3577 1421 ἐκ
3603 1367 3704 1420 τῶν
3729 1369 3821 1421 κατ’

2373 1462 2584 1528 αὐτὸν,
2612 1463 2752 1517 ἀλλ’
2772 1462 2840 1516 ἐκ
2861 1460 2981 1515 τῶν
3005 1460 3137 1530 περὶ
3155 1460 3362 1525 αὑτὸν,
3387 1459 3582 1525 ἄλλης
3601 1457 3661 1522 ἐξ
3674 1459 3819 1513 ἄλλον

2373 1555 2714 1623 φαντασίας
2759 1553 3236 1623 συλλεγομένης,
3270 1554 3359 1618 εὶς
3386 1551 3460 1604 ἓν
3499 1568 3551 1603 τι
3589 1550 3687 1618 τῆς
3712 1551 3820 1618 ἁλη-

2375 1647 2538 1712 θείας
2572 1645 2852 1714 ῑνδαλμα.
2886 1663 2905 1697 s

2389 1760 2484 1813 Ἐκ
2512 1759 2620 1813 τῶν
2655 1758 2796 1812 κατά
2825 1757 2922 1829 τὴν
2950 1757 3170 1820 οὐσίαν,
3206 1759 3456 1810 τουτέστι
3488 1755 3551 1807 ἐκ
3577 1754 3664 1823 τῆς
3685 1753 3824 1813 οὐσίας

2304 1851 2508 1922 αὐτῆς,
2559 1853 2588 1904 6
2629 1850 2764 1913 Θεὸς
2816 1849 3072 1903 οὐδέποτέ
3125 1867 3179 1902 τι
3231 1849 3498 1918 ὑπάρχων
3535 1845 3821 1914 γινώσκεται.

2305 1941 2610 2011 Ἀμήχανος
2638 1942 2744 2013 γάρ
2778 1943 2872 1994 καὶ
2902 1940 3180 2005 παντελῶς
3201 1941 3405 2002 ἄϐατος
3433 1939 3580 2010 πάσῃ
3598 1940 3656 2007 τῇ
3674 1936 3824 1998 κτίσει,

2303 2033 2470 2102 ὀρατῇ
2517 2049 2576 2084 τε
2637 2032 2729 2084 καὶ
2776 2031 2993 2101 ἀοράτῳ
3045 2030 3188 2082 κατὰ
3235 2030 3295 2082 τὸ
3333 2029 3488 2093 ἴσον,
3551 2029 3580 2097 ἡ
3625 2023 3823 2097 περὶτοῦ

2301 2122 2356 2174 τί
2397 2120 2740 2192 καθέστηκεν
2769 2121 2949 2176 ἔννοια
2975 2162 2990 2187 ,
3047 2121 3162 2175 ἀλλ’
3188 2123 3252 2176 ὲκ
3281 2121 3391 2174 τῶν
3428 2123 3555 2190 περὶ
3578 2122 3663 2187 τὴν
3685 2116 3825 2168 οὐσίαν

2307 2212 2468 2282 μόνον
2527 2215 2609 2266 ὅτι
2654 2213 2806 2276 ἔστι,
2863 2213 2957 2268 καὶ
2997 2213 3171 2268 ταῦτα
3204 2214 3390 2277 καλῶς
3419 2231 3479 2265 τε
3526 2213 3612 2265 καὶ
3641 2206 3824 2268 εὐσεϐῶς

2305 2305 2721 2377 Θεωρουμένων,
2752 2310 2863 2370 τοῖς
2888 2307 3089 2378 ὁρῶσιν
3113 2309 3142 2360 6
3165 2305 3298 2371 Θεὸς
3324 2305 3523 2360 ἑαυτὸν
3543 2301 3824 2357 ὑπενδίδωτι.

2305 2402 2488 2454 Πάντα
2523 2401 2580 2453 δὲ
2630 2399 2699 2453 τὰ
2737 2401 2866 2472 περὶ
2893 2400 2990 2471 τὴν
3016 2401 3206 2454 οὐσίαν
3242 2401 3302 2452 οὐ
3335 2399 3404 2452 τὸ
3435 2397 3488 2450 τί
3514 2397 3680 2458 ἐστιν,
3725 2391 3824 2445 ἀλλὰ

2303 2489 2356 2542 τί
2405 2491 2504 2542 οὐκ
2555 2490 2699 2543 ἐστιν
2734 2490 3018 2560 ὑποδηλοῖ,
3078 2488 3261 2561 (214
3281 2491 3331 2558 b)
3367 2484 3485 2542 οἷον
3515 2487 3571 2540 τὸ
3595 2485 3822 2554 ἀγένητῡν.

2302 2579 2361 2631 τὸ
2413 2579 2692 2651 ἄναρχον,
2747 2580 2808 2634 τὸ
2856 2582 3116 2652 ἄπειρον,
3176 2581 3235 2633 τὸ
3282 2580 3604 2650 ἀσώματον,
3656 2576 3824 2630 miris:

2303 2669 2527 2724 τοιαῦτα
2578 2671 2708 2741 περὶ
2756 2670 2851 2741 τὴν
2882 2671 3070 2724 οὐσίαν
3114 2671 3221 2724 εἰσὶ
3247 2714 3261 2736 ,
3323 2673 3423 2725 καὶ
3451 2671 3510 2724 τό
3541 2688 3589 2724 τι
3619 2669 3682 2740 μὴ
3704 2663 3823 2728 εἶναι,

2301 2763 2400 2832 οὐχ
2433 2763 2514 2814 ὅτι
2544 2763 2598 2814 δὲ
2646 2763 2709 2815 τό
2739 2779 2792 2815 τι
2823 2760 2962 2816 εἶναι
2994 2764 3165 2835 αὐτὴν
3189 2764 3538 2833 παρεστῶσιν
3560 2778 3572 2792 ⁸
3623 2762 3736 2816 ἀλλά
3759 2762 3824 2813 καὶ

2301 2856 2351 2906 οἱ
2405 2855 2507 2924 τῆς
2553 2856 2811 2925 προνοίας
2863 2857 2960 2909 καὶ
3001 2856 3102 2925 τῆς
3135 2857 3367 2926 κρίσεως
3406 2856 3590 2924 λόγοι,
3638 2851 3825 2913 καθ’ὡς

2299 2947 2361 2998 τὸ
2393 2948 2503 2998 πᾶν
2533 2948 2712 3016 σοφῶς
2741 2947 3072 3016 διεξάγεται,
3132 2949 3252 3018 μεθ’
3273 2941 3346 3000 ὧν
3377 2948 3478 3002 καὶ
3511 2949 3542 3016 ή
3569 2944 3825 3015 ἐναρμόνιος

2301 3041 2398 3110 τῆς
2449 3039 2664 3110 φύσεως
2717 3041 2922 3111 θεωρία
2970 3043 3098 3112 περὶ
3137 3041 3271 3094 Θεοῦ
3325 3037 3474 3094 εἶναι
3514 3040 3731 3105 λέγεται,
3759 3037 3825 3087 τὸν

2299 3133 2628 3204 δημιουργὸν
2663 3135 2861 3204 ἑαυτῆς
2906 3136 2988 3188 ὅτι
3033 3133 3148 3188 ἔστι
3181 3136 3339 3204 μόνον
3368 3134 3645 3203 ἀναλόγως
3663 3127 3824 3184 δεικνύ-

2298 3243 2451 3280 ουσα.
2504 3226 2791 3290 Ἐναντίως
2822 3222 2916 3280 οὖν
2946 3229 3066 3290 ταῖς
3099 3230 3448 3297 καταφάσεσι
3481 3227 3724 3295 κειμένων
3746 3223 3826 3274 τῶν

2299 3318 2673 3387 ἀποφάσεων,
2724 3318 2955 3384 ἐναλλὰξ
3003 3319 3263 3389 ἀλλήλαις
3315 3320 3448 3391 περὶ
3482 3320 3610 3373 Θεὸν
3649 3315 3825 3387 φιλικῶς

2302 3413 2704 3482 συμπλέκονται
2758 3414 2852 3466 καὶ
2903 3413 3147 3484 ἀλλήλων
3194 3413 3822 3484 ἀντιπαραλαμὸἀνονται·

2297 3502 2408 3558 οἷον
2459 3507 2516 3560 αἱ
2567 3506 2665 3576 μὲν
2710 3507 3011 3574 ἀποφάσεις
3055 3507 3118 3560 τὸ
3153 3508 3226 3578 μή
3261 3524 3313 3559 τι
3341 3503 3486 3560 εἷναι
3509 3547 3523 3569 ,
3559 3505 3682 3559 ἀλλά
3705 3521 3746 3555 τι
3769 3501 3825 3570 μὴ

2280 3597 2440 3652 -εἷναι
2477 3600 2840 3670 σημαίνουσαι
2862 3601 2920 3654 τὸ
2947 3600 3123 3664 Θεῖον,
3147 3617 3211 3652 πε
3221 3601 3276 3671 pi.
3305 3601 3368 3652 τό
3395 3618 3454 3653 τι
3482 3596 3617 3653 εἶναι
3636 3599 3688 3650 τὸ
3704 3595 3824 3648 τοῦτο

2300 3692 2375 3762 μὴ
2404 3691 2484 3759 ὃν,
2519 3691 2764 3747 ἑνοῦνται
2795 3697 2915 3757 ταῖς
2943 3694 3334 3762 καταφάσεσιν,
3372 3694 3430 3746 αἱ
3454 3694 3513 3747 δὲ
3542 3690 3823 3758 καταφάσεις

2297 3782 2357 3835 τὸ
2386 3783 2546 3851 μόνον
2579 3784 2659 3837 ὅτι
2689 3784 2827 3850 ἐστι,
2863 3784 3046 3838 τίποτε
3075 3787 3132 3839 δὲ
3163 3785 3321 3838 τοῦτό
3347 3788 3468 3839 ἐστι
3499 3787 3572 3855 μὴ
3596 3781 3821 3850 δηλοῦσα.

2300 3875 2429 3944 περὶ
2454 3873 2516 3927 τό
2545 3893 2596 3928 τι
2625 3875 2700 3946 μὴ
2728 3872 2866 3929 εἶναι
2895 3877 2956 3929 τὸ
2978 3876 3140 3930 τοῦτο
3167 3877 3225 3929 ὃν
3251 3877 3501 3931 ἐνοῦνται
3526 3879 3636 3939 ταῖς
3656 3871 3823 3942 amre-i-

2301 3981 2417 4017 σεσι
2443 4007 2457 4028 ,
2510 3967 2648 4038 πρὸς
2681 3968 2781 4038 μὲν
2817 3968 3049 4038 ἀλλήλας
3077 3969 3418 4023 δεικνύουσαι
3454 3971 3550 4039 τὴν
3579 3970 3631 4035 ἐξ
3657 3963 3822 4021 amet.

2300 4074 2435 4122 σεως
2465 4059 2815 4130 ἐναντιότητα
2841 4103 2857 4128 ,
2916 4062 3045 4133 περὶ
3073 4048 3148 4114 δελ
3173 4063 3262 4115 τὸν
3293 4062 3426 4115 Θεὸν
3463 4061 3537 4132 τῷ
3570 4063 3640 4122 είς
3663 4054 3824 4124 ἀλληλῦ

2296 4147 2405 4199 τῶν
2434 4146 2622 4220 ἄκρων
2655 4150 2797 4204 κατά
2831 4153 3168 4222 περίπτωσιν
3202 4152 3386 4225 τρόπῳ
3417 4152 3518 4225 τὴν
3545 4149 3818 4216 οἰκειότητα.

611 4501 696 4558 Ex
728 4503 907 4557 eodem
937 4520 1200 4568 sermone,
1240 4505 1296 4558 in
1335 4505 1469 4560 illud
1499 4525 1518 4562 :
1576 4528 1593 4558 ι
1628 4509 1759 4564 Cum
1807 4527 1926 4564 vero
1963 4512 2188 4565 bonitati

2309 4514 2411 4568 Ἐκ
2444 4512 2551 4566 τοῦ
2579 4511 2766 4566 αὐτοῦ
2793 4515 2982 4582 λόγου
3009 4533 3022 4546 ο
3086 4533 3105 4565 ι
3147 4515 3306 4568 Ἐπεὶ
3343 4515 3413 4568 δὲ
3459 4518 3568 4569 οὐκ
3597 4514 3739 4580 ἤρκει
3764 4507 3816 4573 τῇ

678 4595 848 4650 solum
884 4612 981 4650 sua
1018 4599 1181 4669 ipsius
1220 4599 1660 4671 contemplatione
1697 4605 1890 4658 moveri
1940 4621 2044 4657 non
2076 4605 2188 4674 suf-

677 4686 876 4757 ﬁceret,
918 4690 1010 4742 sed
1039 4690 1259 4760 diffundi
1289 4692 1482 4746 bonum
1516 4701 1674 4764 atque
1711 4697 2001 4765 prapagari
2029 4714 2185 4766 opor-

678 4787 830 4844 teret,
860 4787 918 4832 ut
943 4779 1119 4850 pluria
1142 4791 1311 4834 essent
1342 4797 1458 4851 qua:
1488 4781 1734 4850 bene/icio
1768 4783 2131 4854 afﬁcerentur.
2159 4805 2178 4837 ›

674 4896 849 4964 Quem
898 4912 1041 4966 szepc
1087 4898 1195 4952 dixi
1248 4914 1415 4953 senex
1456 4900 1547 4954 ille
1591 4916 1822 4972 magnus
1855 4912 1909 4958 et
1937 4906 2184 4974 sapiens,

607 5003 771 5056 quem
806 4987 873 5042 de
914 4987 1019 5042 hoc
1062 4989 1183 5043 loco
1221 4991 1499 5054 consului,
1551 5007 1807 5062 magnum
1843 5003 1899 5048 et
1936 4995 2186 5051 divinum

606 5078 930 5149 Gregorium
969 5080 1054 5134 his
1093 5081 1279 5136 verbis
1321 5082 1633 5152 signiﬁcare
1683 5087 1974 5155 respondit
2013 5089 2186 5144 Deum

607 5167 866 5221 eumdem
930 5169 984 5222 in
1047 5172 1347 5240 semetipso
1396 5188 1592 5239 unum,
1645 5182 1838 5243 utpote
1883 5176 1978 5246 qui
2041 5194 2186 5233 unus

607 5256 831 5324 proprie
887 5259 978 5322 sit,
1027 5276 1090 5315 ac
1140 5261 1278 5316 nihil
1331 5264 1561 5319 omnino
1625 5265 1772 5335 quod
1825 5283 1935 5322 una
1991 5284 2180 5324 secum

607 5348 838 5420 cogitari
883 5351 1060 5420 possit
1113 5354 1314 5409 habeat
1362 5367 1562 5411 natura
1613 5357 1918 5424 diversum,
1977 5363 2075 5416 sed
2126 5363 2182 5418 in

607 5442 908 5513 semetipso
967 5443 1167 5500 habeat
1205 5449 1385 5502 solum
1442 5450 1782 5504 soliditatem
1827 5450 2186 5524 impercepti-

607 5531 798 5597 bilem,
842 5533 1004 5589 initio
1043 5551 1108 5590 ac
1154 5537 1261 5592 ﬁne
1291 5548 1595 5605 carentem,
1650 5551 1705 5594 et
1757 5543 2187 5613 incomprehen-

607 5624 846 5690 sibilem,
905 5641 974 5681 ex
1031 5643 1139 5698 qua
1199 5629 1268 5684 dc
1315 5629 1530 5685 inﬁnita
1587 5632 1853 5689 bonitatis
1891 5645 1948 5689 et
1995 5638 2184 5707 gratiae

2365 4603 2683 4673 ἀγαθότητι
2714 4603 2891 4656 τοῦτο
2925 4604 2992 4655 τὸ
3020 4602 3312 4656 κινεῖσθαι
3331 4604 3524 4670 μόνον
3551 4601 3619 4669 τῇ
3641 4595 3817 4662 ἑαυτῆς

2365 4697 2597 4764 θεωρίᾳ.
2633 4697 2771 4750 ἀλλ’
2798 4695 2918 4748 ἔδει
2951 4696 3199 4764 χεθῆναι
3233 4698 3300 4750 τὸ
3325 4697 3548 4767 ἀγαθὸν
3576 4695 3662 4748 καὶ
3685 4688 3817 4746 (idsi--

2362 4804 2466 4844 σαι
2492 4791 2572 4856 ὡς
2599 4791 2830 4843 πλέονα
2856 4789 3009 4843 εἶναι
3038 4792 3109 4843 τὰ
3133 4791 3594 4859 εὐεργετούμενα
3629 4786 3741 4857 (ει).
3771 4801 3784 4832 ι

2365 4904 2468 4956 Τὸν
2517 4904 2781 4966 πολλάκις
2831 4904 3121 4975 εἰρημένον
3167 4905 3450 4974 ἐρωτήσας
3505 4903 3622 4972 περὶ
3664 4897 3814 4951 τούτου

2295 4998 2468 5068 μέγαν
2526 4998 2621 5049 καὶ
2671 4998 2834 5064 σοφὸν
2885 4998 3115 5066 γέροντα
3159 4997 3353 5064 δηλοῦν
3397 4998 3500 5064 ἔφη
3550 4996 3631 5048 διὰ
3655 4991 3814 5046 τούτων

2290 5089 2378 5142 τὸν
2434 5073 2607 5158 μέγαν
2666 5088 2760 5140 καὶ
2807 5087 3066 5156 Θεοφόρον
3109 5088 3409 5158 Γρηγόριον
3462 5089 3520 5140 τὸ
3567 5086 3649 5137 τὸν
3686 5078 3812 5135 αὐτὸν

2289 5179 2422 5233 Θεὸν
2451 5181 2508 5232 ἐν
2533 5179 2710 5249 ἑαυτῷ
2740 5179 2921 5250 μόνον,
2956 5175 3044 5231 οἶα
3070 5179 3132 5248 δὴ
3168 5180 3263 5232 ἕνα
3293 5181 3496 5248 κυρίως
3521 5179 3659 5238 ὅντα,
3685 5170 3812 5244 μηδὲν

2293 5272 2471 5343 ἑαυτῷ
2499 5274 2559 5326 τὸ
2586 5273 2849 5344 παράπαν
2879 5274 3363 5342 συνεπινοούμενον
3387 5272 3570 5342 ἔχοντα
3597 5267 3717 5322 κατά
3737 5264 3812 5330 τὴν

2291 5367 2453 5435 φύσιν
2480 5365 2736 5435 διάφορον
2755 5406 2770 5430 ,
2821 5366 2878 5416 ὲν
2907 5364 3086 5434 ἑαυτῷ
3109 5381 3169 5416 τε
3200 5365 3361 5435 μόνον
3386 5364 3572 5434 έχοντα
3595 5361 3682 5428 τὴν
3705 5359 3812 5409 ἀπε-

2294 5458 2536 5528 ρινόητον
2576 5458 2810 5530 ἄναρχόν
2842 5475 2900 5511 τε
2951 5458 3044 5511 καὶ
3074 5458 3304 5528 ἄπειρον
3351 5461 3443 5510 καὶ
3481 5455 3810 5522 ἀκατάληπτον

2294 5549 2630 5619 μονιμότητα
2659 5589 2673 5611 ,
2724 5548 2783 5614 ἐξ
2811 5544 2878 5622 ἦς
2917 5549 3058 5603 κατὰ
3085 5548 3454 5619 ἀπειρὸδωρον
3479 5549 3622 5619 χύσιν
3645 5538 3808 5610 ἁγαθό-

2290 5654 2450 5707 τητος
2495 5638 2566 5692 τά
2605 5637 2736 5694 ὄντα
2784 5642 2848 5694 ὲκ
2883 5638 2978 5693 τοῦ
3019 5640 3093 5710 μὴ
3122 5639 3274 5702 ὄντος
3303 5637 3634 5710 παραγαγεῖν
3659 5647 3707 5685 τε
3735 5626 3807 5685 καὶ

676 5737 786 5808 (21)
815 5737 962 5796 idem
989 5743 1113 5799 ibid.
1140 5761 1240 5816 cap
1299 5747 1353 5813 9,
1386 5763 1440 5817 p.
1482 5748 1605 5815 668,
1633 5759 1764 5806 tom.
1796 5753 1836 5807 1.
1866 5751 2005 5823 Opp.
2039 5754 2171 5810 edit.
2215 5755 2419 5810 Bcned.
