4026 6288
196 231 344 298 1259

1434 228 1960 297 AMBIGUORUM
1998 230 2252 292 LIBER.

3309 234 3448 305 1290

195 342 624 414 ὑποστήσασθαι
647 380 664 405 ,
717 340 941 411 θελῆσαι
990 341 1086 395 καὶ
1129 342 1320 395 ἑαυτὸν
1358 340 1638 408 ἀναλόγως
1669 342 1778 401 τοῖς

1892 340 2215 396 abundantia
2249 357 2311 397 ea
2351 357 2471 411 qua:
2515 344 2787 399 exsistant
2826 361 2911 401 ex
2960 360 3073 403 non
3129 349 3448 406 exsistentia

195 434 349 499 ὅλοις
396 435 494 488 καὶ
538 433 619 504 τῷ
663 433 786 488 καθ’
820 432 1050 486 ἕκαστον
1098 433 1386 502 ἀκράντοις
1434 430 1776 502 μεταδοῦναι,

195 525 302 596 τὴν
334 527 472 596 πρὸς
500 524 561 578 τὸ
583 521 723 581 εἶναι
754 525 849 578 καὶ
876 523 1150 594 διαμένειν
1174 523 1392 593 ἑκάστῳ
1421 523 1781 595 χαριζόμενον

195 616 462 687 δύναμιν,
493 616 637 672 κατὰ
661 615 752 669 τὸν
776 615 932 683 ἅγιον
962 615 1059 669 καὶ
1080 614 1381 670 θεοείκελον
1411 614 1592 685 (215
1610 614 1667 685 α)
1694 614 1783 683 μὲ-

198 722 311 776 γαν
359 704 636 758 Διονύσιον
680 704 773 757 τὸν
806 702 1201 774 ’Δρεοπαγίτην
1248 704 1565 772 φάσκοντα,
1622 702 1684 756 τὸ
1725 703 1782 756 ἓν

200 794 475 866 ὑμνητέον
503 796 596 849 Litt
616 793 776 861 θεοῦ,
807 794 884 865 τῷ
914 793 1133 848 πάντων
1160 793 1595 864 ὑπεξαιρεῖσθαι,
1621 794 1701 856 είς
1722 793 1783 847 τὸ

198 884 349 944 εἶναι
393 886 695 957 ἀγαθότητι
745 886 1138 956 παραγαγόντα
1186 888 1283 956 τήν
1326 903 1384 939 τε
1430 885 1538 938 τῶν
1575 884 1783 951 νοητῶν

199 983 391 1034 πᾶσαν
420 980 778 1049 διακόσμησιν
812 980 910 1033 καὶ
938 978 1037 1047 τὴν
1062 978 1168 1031 τῶν
1192 978 1403 1049 ὁρατῶν
1428 976 1780 1051 εὐπρέπειαν,

202 1073 492 1140 ἀναλόγως
541 1071 757 1141 ἑκάστῳ
806 1071 915 1123 τῶν
960 1070 1276 1139 κτισμάτων
1309 1070 1450 1123 κατά
1476 1086 1599 1122 τινα
1628 1068 1784 1138 λόγον

200 1164 521 1235 ἀπόρρητον
552 1163 747 1231 σοφίας
774 1160 1065 1231 άμειώτως
1083 1162 1442 1232 ἐνυπάρχειν,
1471 1161 1570 1215 καὶ
1592 1160 1785 1231 μηδενὶ

192 1251 356 1321 λόγῳ
384 1252 419 1320 ἢ
450 1250 634 1321 τρόπῳ
660 1248 722 1303 τὸ
747 1248 966 1315 σύνολον
992 1250 1153 1305 πάλιν
1177 1250 1524 1322 κατέχεσθαι,
1550 1254 1661 1314 τοῖς
1687 1251 1785 1322 μὲν
1828 1280 1829 1283 η

203 1343 355 1397 κατὰ
402 1344 665 1412 περιττὴν
710 1342 1056 1413 άγαθόδωρον
1089 1342 1244 1413 χύσιν
1270 1383 1285 1406 ,
1342 1345 1453 1406 τοῖς
1485 1343 1542 1396 δὲ
1585 1342 1784 1413 μέσως,

204 1438 326 1497 τοῖς
372 1436 429 1489 δὲ
482 1436 543 1487 τὸ
599 1435 740 1488 κατά
791 1454 845 1488 τι
898 1435 1026 1503 γοῦν
1082 1435 1433 1502 ὲξεικονίζειν
1484 1437 1648 1511 αὑτὸν
1693 1437 1785 1489 δύ-

205 1526 408 1579 νασθαι
431 1527 565 1595 (25).
606 1528 715 1580 Καὶ
742 1527 901 1580 τοῦτο
931 1526 997 1580 ἂν
1027 1528 1113 1596 εἴη
1140 1528 1323 1599 τυχὸν.
1358 1528 1502 1581 κατὰ
1527 1529 1623 1601 τὴν
1648 1530 1786 1599 ἐμὴν

202 1614 543 1686 ἀφροσύνην,
573 1616 634 1666 τὸ
660 1612 874 1687 χεῖσθαι
903 1615 965 1667 τὸ
994 1616 1197 1684 ἀγαθὸν
1228 1615 1322 1669 καὶ
1350 1616 1578 1680 ὁδεύειν,
1611 1616 1671 1667 τὸ
1696 1615 1786 1669 τὸν

1882 434 2124 502 proferat
2150 443 2316 504 atque
2345 435 2650 491 subsistere
2686 437 2870 502 faciat,
2904 440 3146 497 voluisse
3203 443 3446 512 seipsum

1881 542 2102 596 quoque
2125 527 2399 583 universis
2426 528 2821 583 convenienter
2841 538 2897 582 et
2920 530 3151 602 singulis
3176 533 3447 589 illibatum

1882 618 2316 683 communicare,
2354 618 2692 674 exsistentiae
2746 619 3047 689 unicuique
3087 630 3144 677 et
3186 626 3418 691 perenni

1884 709 2014 765 tatis
2051 708 2373 765 facultatem
2403 708 2710 779 largiendo.
2740 708 2898 775 Quod
2920 719 3144 765 sanctus
3169 720 3335 781 atque
3367 712 3453 766 di-

1882 801 2047 854 vinus
2080 799 2171 855 ille
2208 814 2439 869 magnus
2470 798 2764 869 Dionysius
2787 798 3116 870 Areopagita
3140 800 3450 870 signiﬁcare

1884 890 2127 956 videtur,
2177 890 2370 946 dicens
2420 890 2690 945 unitatem
2724 905 2846 946 esse
2888 890 2944 944 in
2992 892 3106 946 Deo
3149 892 3455 961 praedican-

1884 983 2031 1046 dam,
2072 981 2204 1037 inde
2235 980 2385 1052 quod
2428 980 2497 1035 de
2527 980 2803 1035 universis
2844 980 3175 1050 excipiatur,
3226 980 3322 1049 qui
3358 980 3453 1033 bo-

1885 1071 2057 1126 nitate
2081 1086 2179 1125 sua
2211 1070 2265 1124 in
2285 1069 2663 1125 exsistentiam
2681 1069 3001 1139 produxerit
3023 1085 3243 1124 omnem
3269 1084 3453 1124 rerum
3536 1086 3539 1091 '

1885 1178 2009 1231 qua:
2047 1162 2436 1234 intelliguntur
2460 1160 2736 1225 ordinem,
2775 1175 3007 1230 quasque
3056 1160 3321 1215 videntur
3358 1177 3454 1216 ve-

1886 1261 2183 1319 nustatem,
2211 1262 2273 1308 ut
2322 1251 2622 1319 unicuique
2666 1259 2933 1305 creaturae
2972 1251 3278 1305 secundum
3315 1251 3455 1307 inet.

1886 1342 2107 1397 fabilem
2135 1340 2426 1411 quamdam
2454 1338 2737 1409 sapientiae
2769 1340 3035 1392 rationem
3071 1340 3455 1395 indeminutus

1889 1434 2039 1496 insit,
2074 1443 2131 1487 et
2166 1442 2346 1487 tamen
2394 1432 2547 1485 nulla
2604 1430 2833 1483 omnino
2893 1431 3108 1485 ratione
3152 1441 3249 1485 aut
3296 1432 3459 1485 modo

1891 1538 2080 1578 rursus
2103 1521 2629 1593 comprehendatur,
2661 1532 2827 1590 atque
2853 1520 2941 1575 his
2966 1521 3188 1590 quidem
3216 1521 3282 1576 de
3310 1522 3460 1591 larga

1888 1614 2157 1667 bonorum
2192 1626 2419 1665 suorum
2449 1620 2508 1664 et
2535 1609 2709 1663 effusa
2743 1609 3099 1674 abundantia,
3127 1609 3316 1667 alteris
3349 1625 3465 1664 mc-

202 1705 304 1759 ἓνα
353 1707 482 1759 Θεὸν
534 1706 809 1774 ἀναλόγως
859 1706 993 1776 πρὸς
1034 1707 1102 1758 τά
1136 1707 1359 1762 δεκτικὰ
1408 1711 1476 1779 τῇ
1506 1707 1790 1779 μεταδόσει

1892 1704 2181 1767 diocriter,
2219 1703 2340 1756 aliis
2390 1702 2442 1754 in
2504 1710 2715 1757 tantum
2762 1709 2823 1755 ut
2868 1701 3271 1771 aliquantulum
3312 1713 3464 1758 certe

202 1797 316 1850 τῶν
348 1796 571 1865 ἀγαθῶν
605 1796 989 1865 πληθύνεσθαι.
1027 1816 1043 1846 ι

1898 1794 2073 1863 ipsius
2113 1793 2407 1863 imaginem
2448 1791 2659 1847 referre
2695 1791 2932 1863 possint.
2984 1792 3161 1862 Atque
3205 1793 3311 1848 hoc
3347 1793 3464 1847 for—

204 1896 356 1943 tasse
399 1895 505 1955 est,
542 1897 603 1941 ut
646 1902 779 1942 mere
823 1887 1045 1941 videtur
1108 1888 1456 1958 ignorantiaa,
1502 1887 1634 1944 illud
1668 1885 1814 1956 quod
1852 1885 2059 1955 bonum
2127 1883 2436 1937 eﬂ’unditur
2468 1892 2524 1936 et
2562 1883 2939 1953 progreditur,
2972 1883 3117 1955 quod
3165 1884 3330 1948 Deus,
3366 1869 3463 1955 qui

207 1996 357 2035 unus
394 1988 501 2045 est,
534 1988 701 2051 prout
754 1980 879 2050 quis
924 1995 1093 2052 capax
1136 1991 1240 2048 est,
1284 1982 1556 2037 bonorum
1603 1977 2005 2051 multiplicatur
2060 1975 2585 2033 communicatione.

217 2157 320 2211 Ἐκ
352 2156 457 2211 τοῦ
480 2157 667 2211 αὑτοῦ
688 2159 899 2226 λόγου,
930 2162 1016 2222 εἰς
1041 2156 1125 2222 τὸ,
1162 2176 1179 2206 ι
1206 2150 1497 2226 Δευτέραν
1526 2158 1795 2212 κοινωνεῖ

279 2248 644 2313 κοινωνίαν,
701 2248 859 2301 πολὺ
908 2248 1016 2317 τῆς
1060 2249 1350 2317 προτέρας
1394 2248 1792 2317 παραδοξοτέ-

274 2358 397 2409 pm—
423 2341 555 2408 (eo).
610 2362 623 2391 ι

286 2433 401 2484 υὺκ
432 2426 498 2501 ἦν
541 2430 875 2500 θαυμαστδν,
911 2431 985 2493 ὡς
1013 2426 1201 2499 οἶμαι,
1254 2427 1534 2491 τοσοῦτον,
1588 2429 1793 2498 καίπερ

207 2523 269 2577 δν
296 2521 638 2592 τηλικοῦτον.
675 2521 734 2573 τὸ
766 2520 905 2573 κατὰ
933 2520 1032 2591 τὴν
1060 2520 1284 2593 πρώτην
1317 2520 1514 2574 πλάσιν
1544 2518 1793 2590 καθαρὰν

203 2612 379 2671 οὖσαν
413 2615 511 2684 τὴν
540 2613 703 2683 φύσιν
731 2613 838 2665 τῶν
867 2611 1202 2683 ἀνθρώπων,
1260 2612 1355 2667 ἅτε
1388 2612 1450 2683 δὴ
1490 2616 1631 2683 χειρὶ
1660 2610 1794 2664 Θεοῦ

207 2704 571 2776 τιμηθεῖσαν,
625 2703 759 2773 πρὸς
792 2703 1302 2758 κοινωνίανοὲαυτοῦ
1329 2703 1415 2757 διὰ
1440 2703 1537 2773 τῆς
1559 2701 1797 2773 ἐμπνεύ-

210 2814 352 2859 σεως
385 2796 613 2863 ἀγαγεῖν
642 2795 736 2846 τὸν
765 2794 896 2846 Θεὸν
921 2833 937 2858 ,
988 2794 1066 2865 τῷ
1097 2794 1269 2865 όμοῑῳ
1310 2794 1659 2865 μεταδιδόντα
1691 2793 1789 2864 τῆς

207 2885 540 2940 κατέίκόνα
590 2883 739 2948 θείας
778 2884 1139 2954 ὠραιῦτητος,
1189 2884 1311 2937 ὅσον
1352 2885 1412 2937 τὸ
1448 2884 1793 2954 ῥυπωθεῖσαν

206 2975 418 3045 ταύτην
478 2975 570 3027 καὶ
617 2974 752 3027 Θεοῦ
783 2972 1257 3044 δραπετεύσασαν,
1293 2973 1358 3027 δι’
1384 2965 1458 3027 ὧν
1489 2970 1795 3041 ἀνεμάξατο

1901 2156 1981 2213 Ea:
2009 2155 2184 2209 eodem
2218 2170 2481 2217 sermone,
2532 2155 2586 2207 in
2612 2153 2745 2207 illud
2778 2171 2795 2209 :
2845 2173 2862 2205 ι
2887 2153 3124 2209 Alteram
3177 2152 3470 2206 communi'

1968 2249 2231 2303 cntionem
2266 2248 2636 2313 communicat,
2678 2248 2852 2318 priore
2900 2245 3067 2301 multo
3106 2243 3471 2299 admirabilio-

1969 2356 2096 2394 rem.
2120 2358 2136 2390 Ι

1966 2430 2087 2488 Non
2118 2429 2191 2484 ita
2233 2427 2620 2483 admirandum
2648 2437 2788 2490 erat,
2827 2436 2889 2483 ut
2928 2433 3081 2496 puto,
3114 2424 3472 2498 quantumvis

1897 2538 2154 2592 magnum
2209 2522 2301 2585 sit,
2362 2521 2509 2591 quod
2546 2522 2694 2575 Deus
2751 2520 3049 2577 humanam
3096 2525 3350 2572 naturam
3404 2516 3472 2571 de

1896 2612 2070 2680 prima
2137 2613 2420 2666 creatione
2484 2628 2700 2681 puram,
2746 2612 2952 2682 quippe
2976 2626 3097 2679 quae
3162 2609 3257 2663 Dei
3310 2624 3471 2665 manu

1896 2706 2164 2758 honorata
2189 2712 2330 2763 erat.
2362 2703 2429 2757 ad
2460 2703 2545 2757 sui
2579 2702 3040 2756 communionem
3094 2700 3253 2757 duxit
3286 2699 3474 2754 inﬂato

1899 2794 2132 2867 Spiritu,
2165 2810 2352 2865 parem
2378 2793 2562 2848 divina
2599 2792 2854 2864 imaginis
2908 2790 3323 2861 pulchritudine
3376 2790 3475 2843 ini-

1896 2888 2159 2957 pertiens,
2193 2900 2357 2956 quam
2388 2884 2533 2955 quod
2567 2884 2840 2939 maculata
2866 2884 2968 2937 hac
3009 2882 3218 2951 Deique
3248 2880 3473 2952 fugitiva

1895 2978 2038 3032 facta
2084 2978 2401 3048 passionum
2477 2975 2943 3045 eonspurcatione
3017 2981 3214 3027 natura
3265 2988 3472 3029 versari

210 3068 406 3122 παθῶν
426 3107 442 3131 ,
486 3066 658 3137 ταύτῃ
693 3065 1091 3138 προσομιλῆσαι
1118 3064 1536 3132 καταδέξασθαι,
1574 3065 1669 3117 καὶ
1698 3062 1790 3115 τοῦ

1900 3069 2150 3133 indulsit,
2186 3068 2498 3139 pejorisque
2522 3067 2972 3123 communionem
3006 3081 3115 3119 non
3176 3065 3471 3132 aversavit,

210 3159 458 3229 χείρονος
490 3159 782 3229 μετασχεῖν
805 3198 821 3222 ,
880 3157 973 3211 καὶ
1002 3155 1079 3227 τῷ
1106 3157 1281 3227 πάντη
1316 3158 1425 3209 τῶν
1454 3156 1792 3226 πραγμάτων

210 3252 435 3321 ἀμίκτῳ
457 3254 524 3321 τῇ
550 3247 841 3321 παραδόξῳ
867 3247 1058 3301 ὲνὼσει
1079 3250 1489 3317 προσεπιτεῖναι
1511 3247 1570 3300 τὸ
1587 3246 1788 3317 θαῦμα.

212 3344 489 3413 Πρότερον
516 3343 614 3412 μὲν
640 3340 750 3410 γὰρ
779 3340 899 3393 κατ’
924 3338 1111 3392 οὐδένα
1138 3339 1339 3410 τρόπον
1368 3339 1400 3409 ἢ
1427 3339 1583 3407 λόγον
1606 3338 1793 3400 οὐσίας

212 3434 248 3503 ἢ
278 3431 649 3494 ὑποστάσεως,
693 3430 802 3483 τῶν
834 3431 891 3483 ὲν
918 3425 1000 3493 οἷς
1031 3429 1099 3483 τὰ
1125 3429 1254 3483 ὅντα
1284 3430 1461 3506 πάντα
1490 3427 1794 3491 καθολικῶς

213 3524 545 3595 θεωρεῖται,
603 3520 664 3573 τὸ
702 3520 759 3575 ἓν
810 3520 946 3590 πρὸς
986 3521 1077 3574 τὸν
1116 3520 1248 3573 Θεὸν
1296 3521 1329 3591 ἡ
1362 3519 1526 3590 φύσις
1560 3518 1791 3589 εἰλήφει,

212 3615 312 3668 νῦν
364 3612 422 3665 δὲ
475 3612 536 3664 τὸ
585 3610 707 3665 καθ’
748 3610 1047 3664 ὑπόστασιν
1099 3611 1157 3663 ἓν
1206 3611 1341 3681 πρὸς
1373 3610 1535 3665 αὑτὸν
1576 3610 1663 3663 διὰ
1695 3609 1794 3672 τῆς

214 3703 499 3774 ἁφράστου
531 3701 777 3762 ὲνώσεως
807 3699 965 3753 ἔλαϐε
986 3740 1002 3765 ,
1058 3699 1147 3752 τὸν
1179 3700 1377 3754 οἰκεῖον
1407 3700 1605 3772 δηλαδὴ
1656 3699 1793 3752 κατὰ

212 3796 316 3867 τὴν
352 3794 542 3847 οὐσίαν
578 3790 957 3853 ἀναλλοιὼτως
990 3792 1125 3863 πρὸς
1155 3790 1255 3861 τὴν
1284 3792 1435 3843 θείαν
1464 3790 1653 3843 οὐσίαν
1676 3789 1792 3843 διά-

217 3904 385 3955 φορον
436 3884 871 3954 διαφυλάττουσα
918 3882 1074 3950 λόγον
1098 3924 1112 3948 ,
1168 3882 1304 3952 πρὸς
1333 3883 1401 3953 ἦν
1436 3882 1545 3953 ἔχει
1578 3882 1665 3936 διὰ
1696 3883 1793 3952 τῆς

215 3977 464 4041 ἐνὼσεως
516 3977 576 4029 τὸ
622 3975 745 4031 καθ’
787 3975 1086 4029 ὑπόστασιν
1137 3974 1194 4029 ἓν
1240 3976 1332 4028 καὶ
1362 3974 1654 4046 διάφορον,
1706 3976 1792 4027 ἵνα

215 4069 299 4140 τῷ
329 4070 428 4139 μὲν
461 4067 555 4121 τοῦ
588 4063 727 4120 εἶναι
756 4065 922 4136 λόγῳ,
966 4066 1088 4119 καθ’
1111 4066 1171 4120 ὃν
1205 4067 1495 4138 γεγένηται
1529 4068 1623 4120 καὶ
1652 4065 1789 4129 ἔστι,

214 4161 462 4230 διαμένοι
488 4160 548 4211 τὸ
573 4158 775 4229 ἑαυτῆς
798 4158 857 4212 ὃν
880 4159 1084 4229 κυρίως
1108 4158 1303 4229 ἔχουσα
1324 4161 1464 4213 κατὰ
1482 4158 1659 4214 πάντα
1677 4157 1794 4229 τρό-

217 4271 323 4307 πιν
349 4252 623 4321 ἁμείωτον
646 4289 661 4313 ,
715 4249 791 4319 τῷ
820 4250 876 4303 δὲ
907 4249 1002 4301 τοῦ
1038 4268 1153 4314 πως
1185 4250 1376 4323 (215
1398 4251 1457 4321 b)
1485 4245 1624 4303 εἶναι
1649 4250 1792 4321 λόγῳ

216 4343 280 4397 τὸ
312 4341 611 4411 ὑφεστάναι
643 4340 835 4403 θεῖκῶς
860 4339 1103 4394 λαϐοῦσα
1131 4345 1229 4409 τῆς
1259 4342 1387 4411 περί
1412 4359 1464 4395 τι
1492 4342 1618 4396 ἄλλο
1640 4343 1792 4411 κινή-

1900 3161 2030 3215 etin
2087 3176 2213 3214 eum
2255 3176 2429 3229 usque
2477 3159 2571 3229 qui
2628 3158 2978 3228 negotiorum
3030 3156 3235 3227 ubique
3289 3155 3475 3228 dispar

1840 3304 1845 3308 .
1900 3261 2061 3321 atque
2091 3253 2305 3306 alienus
2333 3260 2417 3305 est
2461 3250 2776 3306 admirabili
2833 3248 3082 3305 unitione
3116 3248 3353 3304 intendit
3376 3251 3475 3302 mi~

1901 3344 2170 3397 raculum.
2209 3343 2372 3397 Prius
2424 3343 2570 3397 enim
2606 3343 2762 3396 nullo
2802 3343 2964 3397 modo
2990 3352 3086 3396 aut
3130 3342 3343 3399 ratione
3389 3356 3474 3395 es-

1902 3434 2091 3489 sentia:
2126 3434 2536 3497 substantiaeve,
2576 3434 2629 3487 in
2660 3434 2862 3503 quibus
2897 3435 3158 3488 universa
3190 3449 3312 3503 quae
3346 3445 3474 3494 sunt

1901 3523 2228 3593 generaliter
2254 3522 2696 3592 conspiciuntur,
2758 3522 3023 3577 unitatem
3059 3538 3182 3576 cum
3225 3523 3337 3577 Deo
3373 3535 3473 3577 nav

1903 3625 2024 3668 tura
2074 3616 2242 3685 cepit,
2264 3630 2413 3668 nunc
2442 3629 2577 3668 vero
2602 3614 2925 3669 substantia:
2954 3629 3078 3669 cum
3106 3628 3174 3667 eo
3201 3612 3472 3669 unitatem

1902 3705 2165 3759 ineffabili
2199 3702 2449 3759 unitione
2488 3711 2647 3759 nacta
2675 3712 2780 3767 est,
2806 3703 2880 3757 ita
2904 3713 2963 3757 ut
3006 3703 3284 3773 propriam
3320 3700 3473 3757 vidc~

1901 3798 2027 3853 licet
2052 3796 2422 3849 essentialiter
2449 3795 2789 3848 immutatam
2813 3802 2868 3848 et
2912 3808 2941 3847 a
2993 3793 3177 3848 divina
3231 3793 3470 3849 essentia

1900 3890 2174 3943 diversam
2218 3886 2526 3941 custodiret
2588 3886 2892 3949 rationem,
2947 3901 3071 3939 cum
3127 3901 3233 3955 qua
3283 3885 3469 3941 divina

1899 3981 2139 4037 essentia
2164 3980 2315 4034 unita
2346 3980 2513 4034 habet
2542 3988 2598 4036 et
2641 3980 2910 4037 unitatem
2958 3987 3013 4034 et
3067 3978 3465 4044 diversitatem,

1901 4082 1963 4127 ut
1993 4072 2328 4127 exsistentiae
2373 4071 2605 4134 ratione,
2670 4086 2775 4139 qua
2818 4069 2960 4126 facta
3010 4078 3095 4125 est
3147 4077 3203 4124 et
3230 4071 3464 4136 exsistit,

1900 4164 2045 4234 quod
2079 4162 2357 4234 peculiare
2419 4163 2522 4217 sibi
2570 4163 2738 4219 habet
2772 4167 3059 4233 perservet
3117 4161 3268 4215 nulla
3313 4172 3469 4232 parte

1900 4257 2267 4321 deminutum,
2307 4273 2409 4311 nec
2459 4258 2743 4327 qualitatis
2788 4257 3001 4311 ratione
3048 4255 3291 4311 divinam
3327 4255 3471 4309 exsi-

1904 4349 2157 4403 stcntiam
2198 4356 2352 4403 nacta
2379 4349 2638 4405 motionis
2672 4349 2814 4403 circa
2856 4348 3005 4402 aliud
3064 4347 3198 4417 quid
3230 4347 3471 4403 libratio‘

221 4452 362 4497 σεως
412 4433 510 4503 τὴν
560 4432 732 4503 ῥοπὴν
786 4431 1067 4495 παντελῶς
1124 4434 1261 4503 μήτε
1308 4434 1552 4505 γινώσκῃ
1576 4474 1590 4496 ,
1658 4434 1790 4503 μήτε

1902 4456 2025 4495 nem
2057 4441 2259 4494 sentiat
2292 4441 2405 4494 ullo
2435 4441 2599 4493 modo
2643 4446 2739 4493 aut
2774 4440 3051 4494 admittat.
3103 4438 3218 4495 lloc
3248 4438 3471 4507 quidem

220 4525 539 4597 προσίηται.
583 4524 768 4599 Ταύτῃ
798 4523 927 4591 γοῦν
958 4523 1093 4577 πολὺ
1125 4524 1227 4594 τῆς
1256 4524 1528 4595 προτέρας
1555 4524 1790 4595 παραδο-

1902 4528 2064 4582 modo
2103 4543 2285 4582 sermo
2312 4529 2755 4581 communionem
2800 4529 2984 4597 priore
3016 4529 3190 4583 multo
3236 4528 3476 4581 admira~

223 4618 452 4688 ξοτέραν
496 4614 594 4687 τὴν
626 4615 761 4685 πρὸς
790 4614 890 4685 τὴν
919 4614 1083 4684 φύσιν
1116 4614 1226 4669 τῶν
1255 4616 1557 4686 ἀνθρώπων
1588 4617 1615 4670 ό
1638 4616 1790 4682 λόγος

1905 4620 2159 4674 biliorem
2194 4635 2316 4674 cum
2350 4620 2636 4673 hominum
2666 4629 2859 4674 natura
2895 4620 3098 4683 eﬁ‘ecit,
3131 4635 3256 4673 cum
3303 4620 3475 4687 ipsam

223 4709 521 4777 ἐποιήσατο
576 4706 898 4772 κοινωνίαν,
958 4705 1128 4777 αὑτὴν
1177 4706 1276 4778 τὴν
1320 4706 1484 4775 φύσιν
1525 4705 1790 4768 οὐσιωδῶς

1905 4719 2159 4765 naturam
2210 4712 2579 4767 cssentialiter
2608 4712 2712 4769 sibi
2768 4711 3072 4769 secundum
3108 4710 3474 4771 substantiam

224 4799 401 4870 ἐαυτῷ
438 4798 560 4851 καθ’
585 4798 883 4851 ὑπόστασιν
911 4795 1121 4860 ἐνώσας

1907 4802 2209 4872 copularet.

237 4984 339 5037 Ἐκ
384 4982 492 5047 τοῦ
529 4982 717 5036 αὐτοῦ
742 5021 756 5046 ,
800 4984 887 5048 εὶς
911 4983 978 5036 τὸ
1000 5023 1014 5048 ,
1076 4982 1263 5037 (Νυνὶ
1289 4981 1354 5035 δέ
1386 4999 1485 5051 μοι
1506 4982 1672 5047 δέξαι
1703 4974 1790 5051 rip

1917 4985 1999 5039 Ea:
2043 4984 2243 5046 eodem,
2270 4984 2324 5036 in
2357 4983 2492 5037 illud
2515 5001 2533 5037 :
2564 4984 2744 5037 «Nunc
2770 4989 2949 5035 autem
2979 4988 3285 5052 conceptum
3310 4984 3488 5052 accipe

297 5074 541 5140 κύησιν,
568 5074 665 5126 καί
695 5076 1163 5143 προσκίρτησον,
1192 5074 1289 5129 καὶ
1315 5078 1365 5128 εὶ
1390 5073 1475 5143 μὴ
1507 5075 1585 5141 ὡς
1616 5076 1788 5129 Ἰωάν

1982 5092 2044 5128 ac
2066 5073 2339 5145 prwsulta,
2377 5075 2492 5127 etsi
2519 5091 2624 5127 non
2674 5082 2730 5125 ut
2764 5073 2992 5127 Joannes
3036 5088 3099 5126 ea:
3137 5082 3308 5139 utero,
3351 5083 3490 5128 certe

294 5171 411 5231 της
460 5165 581 5218 ἀπὸ
623 5166 921 5235 γαστρός,
977 5168 1115 5221 ἀλλ’
1139 5168 1217 5232 ὡς
1259 5165 1440 5220 Δαϐίδ
1478 5166 1575 5220 ἐπὶ
1606 5165 1680 5235 τῇ
1710 5184 1790 5220 καί

1980 5176 2037 5219 ιιι
2058 5166 2227 5221 David
2252 5166 2313 5217 ob
2341 5181 2480 5220 arcw
2498 5167 2888 5236 repositionem.
2916 5185 2933 5214 ι

296 5255 596 5308 τα.-ταύσει
625 5255 735 5324 τῆς
758 5256 1009 5310 κιϐωτοῦ
1034 5255 1168 5328 (27).
1185 5275 1203 5309 ι

313 5344 567 5417 Ἰωάννης
618 5348 647 5400 ὁ
698 5347 874 5418 μέγας
928 5350 988 5402 οὑ
1039 5346 1199 5419 μόνον
1244 5348 1537 5419 μετανοίας
1583 5348 1678 5401 καὶ
1711 5349 1790 5419 τῆς

1981 5346 2223 5401 Joannes
2256 5360 2488 5416 magnus
2520 5360 2629 5399 non
2678 5346 2854 5401 solum
2892 5346 3233 5415 pmnitentite
3260 5355 3317 5401 et
3365 5360 3495 5415 pra-

301 5505 418 5578 (25)
449 5505 533 5561 Cf.
561 5506 781 5578 Dionys.
800 5507 1067 5578 Areopag.
1096 5508 1170 5562 De
1183 5509 1345 5564 divin.
1370 5525 1571 5563 nomm.
1591 5523 1713 5578 cap.
1740 5509 1796 5572 2,

235 5578 259 5647 ξ
300 5574 388 5638 Μ,
422 5592 544 5646 pag.
592 5574 719 5631 522.
759 5586 891 5632 tom.
947 5574 1166 5647 ’1,Ὁιψ.
1218 5582 1305 5635 ed.
1341 5581 1558 5642 Venet.,
1586 5574 1790 5633 ctalihi.

1911 5574 1935 5647 ί
1987 5578 2095 5647 (27)
2128 5577 2272 5630 Idem
2308 5577 2431 5631 ibid.
2462 5592 2580 5646 cap.
2612 5577 2696 5640 17,
2736 5593 2788 5645 p.
2834 5578 2957 5642 67d,
2989 5585 3122 5631 tom.
3159 5575 3199 5630 l.
3230 5574 3366 5644 Opp.
3398 5574 3488 5633 ed.

302 5648 418 5717 ⁸26)
465 5647 626 5717 Grcg.
677 5648 804 5701 Naz.
847 5648 935 5701 0r.
982 5650 1035 5701 in
1082 5646 1379 5722 Themi/mn.
1428 5667 1546 5721 cap.
1591 5651 1669 5701 l3.
1920 5646 2119 5699 Heneti.

556 5743 821 5804 I‘M'not..
873 5745 983 5804 Gtt.
1049 5744 1202 5805 XCI;

3102 5737 3171 5803 ιιι

1908 5524 1959 5576 p.
1997 5506 2120 5567 672,
2149 5515 2279 5561 tom.
2316 5506 2356 5558 l.
2385 5505 2523 5574 Opp.
2556 5505 2643 5560 ed.
2681 5505 2884 5561 Bened.
