4026 6288
573 227 710 300 1291

1715 219 1778 281 S.
1818 216 2110 279 MAXIMI
2139 215 2658 284 CONFESSORIS

3653 233 3763 304 12!!

577 331 700 407 :icat
731 341 1098 419 philosophiae
1120 335 1586 412 impa‘ssibilitatis
1629 342 1686 390 et
1719 334 1982 406 gnosticae
2013 347 2140 388 con-

2250 334 2392 388 κατὰ
2426 334 2526 406 τὴν
2558 336 2873 411 πρακτικὴν
2908 335 3232 410 φιλοσοφίαν
3257 338 3517 408 ἀπαθείας
3545 345 3629 398 καὶ
3647 362 3764 414 γνω-

575 432 952 506 templationis
987 431 1166 502 imago
1188 437 1295 496 est,
1327 427 1495 499 hujus
1525 434 1588 481 ut
1613 439 1793 497 praeco
1813 433 1870 480 et
1887 423 2148 494 baptista,

570 532 801 586 alterius
833 536 897 584 ut
920 525 1156 582 eremita
1183 531 1241 579 et
1267 537 1300 577 a
1334 519 1544 577 mundo
1565 518 1789 590 penitus
1810 524 2148 588 segregatus,

569 621 721 676 illius
750 633 886 674 vero
944 623 1008 671 ut
1044 613 1234 670 Levita
1264 619 1322 668 et
1372 609 1634 667 sacerdos
1675 615 1733 665 et
1764 607 1938 664 divini
1992 605 2149 662 verbi

443 734 446 737 ·
565 728 905 784 ,ιιι-ωουτεοιι,
932 709 1030 767 sed
1062 709 1230 764 etiam
1257 708 1378 779 ejus
1403 719 1525 778 quae
1547 704 1603 758 in
1643 703 1733 758 his
1775 698 2151 772 deprehendi-

571 815 664 860 tur
691 801 989 860 habitualis
1011 799 1334 856 constantiae
1369 813 1435 854 ac
1477 795 1796 853 stabilitatis
1837 791 2149 866 symbolum

571 907 765 968 utpote
796 895 891 968 qui
920 909 988 950 ex
1016 903 1179 950 utero
1219 891 1307 948 vel
1340 905 1515 962 usque
1543 887 1615 944 ad
1667 896 1906 943 mortem
1947 884 2148 941 animae

569 989 626 1045 in
653 989 740 1044 his
770 997 1019 1042 tenorem
1054 984 1347 1040 infractum
1367 979 1734 1037 conservavit.
1759 976 1932 1034 David
1958 985 2146 1034 autem

570 1082 973 1146 confessionis,
1033 1078 1268 1135 actionis
1320 1083 1486 1144 atque
1540 1070 2026 1142 contemplationis
2087 1077 2146 1126 et

569 1177 687 1247 ipse
714 1173 891 1245 imago
922 1180 1026 1237 est,
1051 1177 1111 1224 ut
1137 1165 1378 1225 Judaicae
1403 1165 1582 1222 tribus
1609 1174 1666 1220 et
1693 1171 1883 1234 pastor
1903 1162 2146 1234 primum

567 1276 626 1320 et
653 1274 840 1336 postea
865 1280 979 1324 rex.
1005 1270 1061 1318 et
1111 1258 1529 1330 Allophylorum
1583 1255 1888 1319 confector,
1941 1263 2000 1311 at
2029 1269 2142 1310 non

569 1359 704 1414 item
731 1355 1028 1412 habitualis
1052 1354 1270 1410 illarum
1322 1351 1638 1408 stabilitatis
1675 1349 2009 1421 symbolum.
2033 1347 2146 1402 Ex-

567 1449 707 1508 cidit
746 1447 896 1504 enim
948 1454 1075 1518 post
1125 1443 1462 1517 agnitionem
1489 1482 1506 1510 ,
1570 1441 1875 1498 humanum
1931 1435 2144 1509 aliquid

568 1554 786 1612 passus,
817 1545 874 1592 et
898 1535 1126 1591 virtutis
1149 1541 1314 1605 atque
1345 1530 1676 1604 cognitionis
1729 1529 1983 1586 habitum
2029 1541 2144 1582 non

2257 428 2449 499 στικῆς
2476 427 2714 501 θεωρίας
2733 430 2883 484 ἐστὶν
2909 429 3077 487 είκὼν
3094 471 3110 500 ,
3159 433 3260 504 τῆς
3289 432 3391 506 μὶν
3416 433 3490 499 ὡς
3512 435 3667 506 κῆρυξ
3691 441 3768 494 καὶ

2257 517 2598 591 βαπτιστὴς,
2650 521 2752 594 τῆς
2797 521 2856 576 δὲ
2903 521 2984 586 ὡς
3019 522 3285 596 ὶρημίτης
3334 524 3432 579 καὶ
3467 524 3560 580 τοῦ
3596 528 3769 600 κόσμου

2256 610 2435 683 πάντη
2462 611 2907 685 κεχωρισμένος,
2939 614 3042 686 τῆς
3065 613 3125 669 δὶ
3157 613 3234 679 ὠς
3259 614 3487 686 Λευίτης
3515 617 3603 671 καὶ
3623 620 3769 690 apti);

2253 701 2350 757 καὶ
2379 701 2516 756 Θεοῦ
2544 703 2722 773 Λόγου
2753 703 3081 777 πρόδρομος,
3116 704 3253 760 ἀλλὰ
3280 706 3378 760 καὶ
3405 705 3502 778 τῆς
3527 708 3583 761 έν
3599 709 3771 775 τούτοις

2253 797 2398 853 κατά
2426 798 2527 871 τὴν
2553 798 2668 865 ἕξιν
2693 799 2961 873 ἀτρεψίας
2986 799 3254 873 σύμϐολον
3277 842 3293 868 ,
3349 802 3426 867 ὥς
3453 804 3555 858 ἀπὸ
3575 806 3770 874 γαστρός

2253 889 2352 944 καὶ
2401 890 2564 964 μέχρι
2606 890 2838 947 θανάτου
2886 893 2980 948 τὸν
3011 895 3071 948 ὲν
3096 893 3308 958 τούτοις
3345 895 3446 966 τῆς
3467 895 3628 967 ψυχῆς
3648 899 3773 952 τόνον

2251 980 2568 1052 ἀμείλικτον
2605 982 2963 1055 διατηρήσας.
3007 983 3072 1038 '0
3096 983 3156 1038 δὲ
3183 985 3350 1040 Δαϐὶδ
3387 984 3774 1058 ὲξομολογήσευς

2252 1068 2507 1142 πράξεώς
2549 1088 2610 1126 τε
2667 1072 2766 1128 καὶ
2807 1073 3046 1145 θεωρίας
3099 1074 3194 1129 καὶ
3238 1075 3402 1141 αὐτός
3454 1076 3593 1130 ἔστιν
3623 1077 3774 1146 eiad»,

2251 1162 2328 1226 ὡς
2359 1162 2460 1234 τῆς
2489 1162 2791 1236 Ἰουδαϊκῆς
2835 1164 3010 1236 φυλῆς
3053 1165 3152 1220 καὶ
3195 1166 3400 1240 ποιμὴν
3427 1167 3667 1238 πρότερον
3698 1171 3775 1223 καὶ

2252 1254 2481 1328 ὕστερον
2527 1255 2823 1326 βασιλεὺς,
2881 1256 2977 1314 καὶ
3027 1257 3140 1314 τῶν
3167 1257 3480 1329 ἀλλοφύλων
3515 1259 3774 1332 ἀναιρίτης,

2249 1348 2312 1403 οὐ
2365 1348 2474 1422 μὴν
2505 1348 2566 1403 δὲ
2614 1348 2712 1404 καὶ
2755 1349 2857 1422 τῆς
2890 1349 3099 1405 τούτων
3127 1349 3276 1406 κατὰ
3300 1350 3401 1424 τὴν
3425 1350 3536 1417 ἕξιν
3557 1352 3776 1424 ἀτρεψίσς

2249 1439 2542 1512 σύμϐολον.
2569 1439 2859 1514 Παρέπεσε
2875 1441 2985 1514 γὰρ
3009 1441 3149 1515 μετά
3170 1443 3270 1514 τὴν
3289 1441 3775 1516 ὲπίγνωσιν,ἀνθρὼ-

2251 1532 2409 1588 πινόν
2451 1549 2508 1586 τι
2557 1531 2750 1588 παθὼν
2771 1572 2787 1598 ,
2843 1532 2939 1588 καὶ
2973 1533 3075 1604 τὴν
3099 1532 3212 1601 ἕξιν
3236 1533 3339 1606 τῆς
3365 1533 3566 1604 ἀρετῆς
3592 1533 3775 1603 καὶτῆς
3805 1572 3812 1580 .

568 1629 813 1690 servavit
844 1627 1216 1683 immutatum.
1247 1625 1617 1693 Quamobrem
1658 1621 1893 1679 fortasse
1941 1635 2047 1677 nec
2073 1620 2140 1675 de

2248 1621 2506 1693 γνώσεως
2557 1624 2662 1680 οὐκ
2709 1623 2976 1695 ἐφύλαξεν
3023 1625 3314 1697 ἄτρεπτον.
3371 1626 3465 1679 Διὸ
3504 1624 3652 1698 τυχόν
3683 1623 3775 1680 om

567 1721 736 1779 Verbi
765 1728 948 1786 utero,
983 1716 1264 1792 quomodo
1286 1733 1516 1790 magnus
1543 1716 1804 1779 Joannes.
1842 1713 2140 1779 exsultasse

2249 1691 2359 1770 ἀπὸ
2407 1713 2646 1787 γαστρὸς
2696 1691 2792 1769 τοῦ
2839 1714 3004 1784 λόγου
3061 1691 3468 1800 προσκιρτῆσαι
3512 1691 3774 1787 γέγραπται

565 1821 850 1878 narratur,
879 1810 976 1868 sed
1006 1817 1131 1882 post
1154 1809 1455 1882 perfectam
1497 1807 1916 1880 Allophylorum
1973 1805 2149 1860 inter-

565 1906 862 1963 necionem
882 1919 1134 1974 araeque
1163 1901 1594 1967 restitutionem,
1642 1901 1750 1957 hoc
1780 1909 1868 1956 est
1900 1906 2026 1970 post
2057 1911 2146 1952 re-

565 2009 786 2067 pressas
808 1993 1095 2066 passiones
1119 2006 1510 2062 reversamque
1531 2004 1728 2046 rursus
1747 1988 2142 2060 cognitionem.

566 2087 750 2159 Imago
775 2085 944 2159 igitur
965 2083 1195 2142 Joannis
1219 2082 1445 2155 quidem
1474 2091 1560 2139 est
1581 2081 1831 2138 omnium
1858 2080 2064 2136 virtute
2089 2087 2146 2134 et

563 2178 878 2251 cognitione
911 2191 1012 2250 per
1039 2175 1424 2248 paenitentiam
1442 2175 1500 2230 in
1522 2173 1724 2246 spiritu
1753 2179 2144 2240 generatorum

565 2270 932 2340 habitumque
958 2267 1016 2323 in
1041 2267 1132 2324 his
1151 2267 1502 2322 immutatum
1534 2264 1604 2320 ad
1646 2263 1810 2319 tinem
1835 2277 2012 2332 usque
2044 2274 2145 2330 per

565 2376 926 2435 progressum
976 2358 1438 2432 perservantium.
1471 2355 1645 2411 David
1702 2369 1840 2410 vero
1893 2351 2141 2409 omnium

564 2463 692 2526 post
713 2453 1052 2525 agnitionem
1101 2449 1563 2520 delinquentium,
1603 2459 1908 2516 rursusque
1954 2441 2142 2514 gaudii

564 2545 739 2602 divini
764 2542 1191 2599 exsultationem
1218 2540 1286 2597 de
1313 2541 1520 2597 virtute
1543 2538 1922 2610 etcognitione
1943 2535 2142 2590 anima:

563 2652 666 2710 per
693 2635 1075 2707 paenitentiam
1106 2632 1515 2696 reducentium.
1557 2632 1749 2703 Itaque
1802 2629 1988 2685 brevis
2020 2642 2142 2684 esse

556 2728 796 2788 Studens
826 2743 1058 2801 magnus
1081 2727 1366 2800 magister,
1391 2736 1449 2783 et
1476 2723 1751 2782 sermonis
1769 2723 1882 2782 vim
1909 2723 1964 2777 in
2012 2720 2140 2776 lati-

557 2817 813 2876 tudinem
843 2832 1074 2888 pronam
1100 2816 1302 2888 spiritu
1347 2816 1685 2887 restringere
1717 2812 1972 2884 cupiens,
2012 2824 2138 2866 eum

559 2909 772 2965 Joanne
799 2919 857 2965 et
881 2909 1110 2982 Davide,
1140 2907 1353 2981 magnis
1371 2906 1704 2973 duumviris,
1729 2922 1831 2979 per
1848 2905 2139 2975 utriusque

2247 1807 2393 1862 κατὰ
2440 1805 2534 1862 τὺν
2583 1806 2756 1878 μέγαν
2789 1807 3044 1879 Ἰωάννην
3063 1847 3081 1874 ,
3130 1806 3268 1864 ἀλλὰ
3303 1807 3448 1878 μετά
3471 1807 3566 1878 τὴν
3589 1805 3682 1860 τιῖιν
3700 1806 3774 1861 άλ-

2244 1898 2496 1968 λοφύλων
2521 1898 2736 1954 τελείαν
2759 1899 3042 1972 ἀναίρεσιν
3070 1899 3167 1954 καὶ
3189 1898 3289 1973 τήν
3311 1899 3417 1970 τῆς
3438 1897 3655 1953 κιϐωτοῦ
3671 1900 3777 1954 ἁπο-

2247 1992 2613 2062 κατάστασιν,
2668 1993 2918 2049 τουτέστι
2952 1993 3093 2066 μετά
3121 1991 3220 2066 τὴν
3245 1993 3363 2048 τῶν
3392 1990 3578 2048 παθῶν
3601 1988 3776 2061 ὑποχώ-

2250 2101 2410 2158 ρησιν
2455 2085 2554 2140 καὶ
2583 2085 2685 2160 τὴν
2715 2085 2816 2157 τῆς
2846 2083 3104 2155 γνώσεως
3145 2079 3304 2149 αὖθις
3332 2083 3606 2138 ιπάνοδον.
3632 2081 3776 2145 ’τύπος

2246 2172 2341 2232 οὖν
2371 2177 2522 2232 ἐστιν
2570 2177 2600 2231 ό
2647 2175 2746 2249 μὲν
2781 2177 3036 2248 Ἰωάννης
3081 2175 3302 2230 πάντων
3344 2175 3458 2229 τῶν
3486 2173 3776 2244 κατ’ἀρετὴν

2246 2268 2341 2324 καὶ
2373 2268 2576 2338 γνῶσιν
2608 2268 2696 2324 διὰ
2732 2268 3024 2341 μετανοίας
3054 2268 3115 2323 ὲν
3140 2266 3421 2339 πνεύματι
3448 2266 3774 2336 γεννωμένων,

2244 2360 2342 2414 καὶ⁵
2377 2359 2541 2433 μέχρι
2577 2359 2767 2424 τέλους
2815 2359 2905 2414 διὰ
2943 2359 3230 2432 προκοπῆς
3259 2359 3363 2432 τὴν
3395 2359 3454 2414 ὲν
3477 2357 3667 2419 τούτοις
3686 2354 3778 2419 έξιν

2245 2453 2516 2525 ἄτρεπτον
2573 2451 3015 2525 διατηρούντων,
3080 2455 3110 2508 ό
3141 2453 3198 2506 δὲ
3243 2451 3417 2506 Δαϐὶδ
3470 2451 3668 2505 πάντων
3691 2447 3776 2500 τῶν

2247 2545 2389 2618 μετά
2447 2545 2548 2618 τὴν
2607 2546 2905 2616 ἐπίγνωσιν
2956 2547 3426 2618 παραπιπτόντων
3447 2587 3463 2612 ,
3524 2545 3612 2600 καὶ
3649 2542 3776 2596 πάλιν

2242 2635 2330 2690 διὰ
2359 2636 2653 2708 μετανοίας
2693 2637 2755 2692 τὸ
2783 2637 2906 2692 κατ’
2925 2638 3132 2712 ἀρετὴν
3161 2638 3256 2692 καὶ
3281 2638 3488 2706 γνῶσιν
3521 2634 3776 2703 ἑπανσγόν·

2243 2745 2352 2782 των
2375 2729 2474 2801 τῆς
2498 2728 2676 2801 ψυχῆς
2697 2729 2798 2802 τῆς
2817 2729 2970 2796 θείας
2991 2731 3167 2802 χαρᾶς
3189 2730 3527 2802 ἅγαλλίαμα.
3552 2728 3777 2797 Σύντομος

2245 2818 2433 2891 (216
2450 2820 2507 2894 α)
2535 2816 2630 2876 οὖν
2655 2821 2938 2893 ὑπάρχων,
2966 2822 3063 2877 καὶ
3082 2821 3160 2894 τῷ
3179 2821 3456 2892 πνεύματι
3478 2821 3572 2893 τὴν
3591 2821 3661 2883 είς
3674 2817 3778 2873 πλά-

2241 2930 2335 2977 τος
2379 2912 2474 2991 τοῦ
2515 2914 2679 2984 λόγου
2729 2913 2962 2988 δύναμιν
3008 2915 3214 2988 νοερῶς
3260 2915 3546 2979 συστείλας
3585 2915 3612 2968 ό
3641 2911 3779 2983 μέγας

561 3000 815 3056 habitum
867 3000 1209 3072 comparavit
1264 2999 1438 3056 divini
1484 2999 1690 3071 eloquii
1715 2997 2138 3063 auscultatores,

2245 3005 2588 3093 διδάσκαλος,
2631 3005 2856 3080 Ἰωάννῃ
2891 3008 2985 3062 καὶ
3007 3007 3170 3062 Δαϐὶδ
3201 3010 3317 3072 τοῖς
3341 3003 3599 3079 μεγάλοις
3625 3001 3779 3075 παρείς

550 3100 824 3165 πιαηιιιιοηι
851 3093 1107 3150 alterutri
1134 3093 1335 3150 horum
1367 3091 1614 3158 omnino,
1643 3090 1723 3146 uti
1783 3088 2026 3156 videtur,
2071 3104 2140 3145 eo

2245 3115 2383 3152 κασε
2437 3089 2525 3152 διὰ
2571 3097 2671 3170 τῆς
2717 3097 2842 3154 καθ’
2863 3099 3125 3171 ἑκάτερον
3169 3098 3337 3164 ἕξεως
3375 3101 3506 3163 τοὺς
3534 3096 3635 3151 τῶν
3655 3093 3780 3148 θείων

557 3186 657 3258 qui
684 3186 998 3241 luculenter
1016 3185 1084 3240 de
1111 3193 1349 3254 utroque
1388 3183 1798 3238 demonstratus
1825 3190 1911 3238 est
1949 3181 2136 3247 modo,

553 3280 946 3351 unusquisque
1013 3295 1209 3336 eorum
1257 3278 1354 3350 qui
1389 3278 1478 3351 pie
1536 3279 1730 3333 vivunt
1785 3277 2136 3348 respondeat,

557 3374 714 3445 quasi
742 3374 951 3429 diserte
980 3373 1253 3430 clamans:
1277 3370 1604 3440 Quicunque
1631 3369 1881 3423 divinum
1917 3366 2141 3422 virtutis

548 3475 615 3522 ct
641 3465 976 3537 cognitionis
1015 3464 1072 3520 in
1099 3463 1259 3520 vobis
1286 3479 1386 3534 per
1415 3461 1796 3534 paenitentiam
1843 3461 2139 3532 ingenera-

557 3567 676 3615 tum
722 3558 1014 3630 recepistis
1039 3571 1378 3623 sermonem,
1411 3556 1528 3611 sive
1569 3556 1626 3610 in
1663 3554 1844 3625 magni
1905 3553 2137 3610 Joannis

556 3650 785 3708 modum
814 3667 884 3706 ex
922 3649 1198 3722 principio
1231 3663 1408 3719 usque
1436 3647 1507 3705 ad
1542 3647 1704 3703 finem
1736 3663 1838 3718 per
1871 3661 2136 3718 progres-

555 3757 680 3799 sum
736 3741 967 3797 ﬁrmiter
1013 3737 1390 3796 conservastis
1443 3736 1784 3793 habitualem
1831 3735 2028 3793 animae
2065 3735 2136 3791 de

555 3831 678 3902 ipso
727 3830 1161 3888 exsultationem
1213 3829 1483 3894 divinam,
1522 3828 1674 3883 nulla
1714 3827 1939 3883 omnino
1972 3827 2134 3882 mali-

546 3923 785 3994 gnitatis
815 3922 1001 3992 specie
1039 3929 1096 3976 et
1119 3921 1427 3992 ignorantia
1450 3918 1743 3978 subactivi.
1781 3919 1897 3975 sive
1923 3918 1979 3974 in
2013 3934 2136 3974 mo-

547 4011 688 4066 dum
739 4011 886 4065 beati
933 4009 1177 4076 Davidis,
1230 4009 1396 4065 etiam
1430 4007 1486 4078 lsi
1531 4007 1836 4064 secundum
1886 4007 2135 4062 divinum

550 4117 780 4158 cursum
808 4101 969 4157 vobis
1021 4100 1157 4171 quid
1200 4116 1365 4172 grave
1401 4099 1692 4163 acciderit,
1743 4098 1994 4170 gnaviter
2032 4114 2134 4169 per

553 4193 938 4265 paenitentiam
957 4207 1182 4264 operam
1216 4191 1342 4246 date
1377 4199 1438 4245 ut
1474 4192 1737 4246 virtutem
1773 4199 1831 4246 et
1860 4190 2135 4262 cognitio-

553 4298 686 4339 nem
741 4283 1062 4337 constantiae
1115 4282 1302 4337 nervis
1360 4289 1418 4336 et
1448 4280 1769 4348 divinorum
1814 4295 2135 4336 sermonum

2239 3189 2434 3260 λογίων
2465 3190 2740 3262 ἀκροατὰς
2759 3233 2775 3257 ,
2825 3189 2902 3255 ὡς
2927 3191 3010 3244 ἑνὶ
3039 3190 3256 3253 πάντως
3283 3189 3524 3257 τούτων,
3573 3187 3781 3255 καθάπερ

2231 3277 2395 3352 ὀἶμαι
2415 3323 2430 3347 ,
2480 3281 2624 3336 κατὰ
2646 3281 2739 3337 τὸν
2771 3284 2856 3352 ἐφ’
2882 3282 3100 3355 ἑκάστῳ
3129 3281 3308 3346 καλῶς
3333 3281 3657 3337 ἀποδοθέντα
3679 3276 3780 3349 τρό·

2241 3388 2375 3436 πον,
2428 3372 2661 3434 ἑκάστου
2689 3372 2802 3427 τῶν
2828 3373 2950 3426 κατ’
2967 3373 3251 3428 εὐσέϐειαν
3279 3372 3505 3437 ζώντων
3533 3367 3780 3441 ὲνισχημί·

2238 3481 2354 3529 νου,
2404 3464 2570 3518 οἱονεὶ
2611 3463 2906 3536 διαρρήδην
2961 3462 3100 3534 βοῶν
3117 3463 3163 3495 ⁸⁸
3213 3463 3410 3533 ὅτιπερ
3461 3462 3657 3523 Πάντες
3691 3459 3781 3510 ὅσοι

2237 3556 2328 3611 τὸν
2355 3555 2498 3611 θεῖον
2527 3555 2626 3627 τῆς
2650 3554 2851 3628 ἀρετῆς
2880 3555 2976 3610 καὶ
2997 3555 3098 3627 τῆς
3118 3552 3371 3624 γνώσεως
3406 3555 3468 3608 ὲν
3495 3551 3690 3616 ἑαυτώ
3714 3547 3782 3602 διὰ

2241 3647 2529 3719 μετανοίας
2572 3647 2929 3718 κυῖσκόμενον
2973 3646 3229 3714 ἐδέξασθε
3255 3645 3456 3716 Λόγον,
3498 3645 3533 3717 ἢ
3564 3641 3690 3698 κατά
3711 3638 3782 3692 τόν

2241 3740 2416 3812 μέγαν
2449 3738 2704 3811 Ἰωάννην
2731 3738 2792 3806 ἐξ
2821 3737 2999 3812 ἀρχῆς
3027 3736 3190 3810 μέχρι
3213 3737 3401 3801 τέλους
3429 3736 3518 3790 διὰ
3544 3728 3784 3807 προκοπῆς

2235 3833 2299 3888 τὸ
2349 3831 2610 3904 έπάύτῷ
2653 3831 2756 3904 τῆς
2798 3829 2979 3902 ψυχῆς
3037 3829 3183 3884 κατὰ
3229 3829 3331 3900 τὴν
3378 3828 3497 3894 ἕξιν
3539 3824 3784 3896 ἀτρέπτως

2241 3925 2386 3979 θεῖον
2433 3924 2803 3996 διατηρήσατε
2851 3923 3164 3993 σκίρτημα,
3224 3920 3418 3992 μηδενὶ
3466 3918 3529 3973 τὸ
3565 3912 3784 3986 παράπαν

2238 4015 2579 4085 ὑπαγόμενοι
2622 4012 2824 4076 κακίας
2861 4011 2994 4066 είδει
3043 4012 3140 4066 καὶ
3176 4008 3447 4081 ἀγνωσία,
3495 4008 3528 4079 ἢ
3565 4003 3691 4060 κατά
3713 4001 3784 4053 τόν

2239 4109 2511 4180 μακάριον
2552 4105 2717 4160 Δαϐὶδ
2741 4145 2757 4168 ,
2813 4104 2918 4160 κάν
2975 4105 3024 4158 εί
3085 4100 3402 4176 συμϐέϐηκέ
3451 4119 3505 4156 τι
3554 4095 3684 4152 κατὰ
3712 4091 3785 4143 τόν

2236 4199 2377 4255 θεῖον
2397 4199 2596 4270 δρόμον
2622 4198 2750 4269 ὑμῖν
2771 4195 3090 4268 ἀϐούλητον,
3107 4194 3411 4266 φιλοπόνως
3430 4190 3520 4246 διὰ
3539 4184 3785 4261 μετανοίας

2237 4291 2568 4357 σπουδάζετε
2596 4289 2731 4363 πρὸς
2753 4289 2980 4352 ἑαυτοὺς
2998 4286 3099 4359 τὴν
3113 4285 3315 4357 ἀρετὴν
3337 4279 3691 4352 ἐπαναγαγεῖν
3711 4273 3786 4326 καὶ

551 4372 1047 4430 exercitationibus
1073 4373 1141 4428 ad
1168 4389 1267 4429 vos
1296 4373 1596 4441 reducatis,
1633 4383 1798 4444 atque
1824 4389 1894 4428 ne
1918 4374 2134 4445 ignavia

2244 4388 2342 4459 τὴν
2370 4385 2573 4456 γνῶσιν
2601 4383 2885 4456 ὑπομονῆς
2923 4381 3099 4445 τόνοις
3131 4382 3226 4436 καὶ
3253 4379 3431 4448 λόγων
3457 4378 3616 4432 θείων
3641 4370 3786 4432 deadl-

553 4475 653 4524 nut
677 4466 930 4522 socordia
982 4465 1227 4521 divinam
1285 4467 1431 4523 hanc
1464 4467 1522 4522 in
1553 4466 1733 4531 vobis,
1759 4467 2004 4533 virtutis,
2044 4467 2134 4523 in-

552 4574 742 4630 quam,
769 4569 826 4615 et
851 4560 1204 4631 cognitionis,
1235 4575 1418 4616 arcam
1449 4559 1818 4616 destituentes
1845 4574 1908 4614 ac
1928 4558 2138 4616 deden-

554 4661 640 4709 tes
661 4652 780 4708 Heli
805 4652 1112 4709 sacerdotis
1161 4653 1305 4708 malo
1349 4652 1747 4718 succumbatis,
1797 4661 1855 4708 et
1900 4652 2136 4709 humero

553 4745 789 4801 actionis
835 4745 1085 4816 percussi
1141 4753 1420 4800 retrorsus
1456 4744 1718 4803 cadentes
1758 4745 1906 4802 circa
1947 4745 2136 4818 templi

554 4837 612 4893 in
642 4836 825 4893 Selom
847 4846 1038 4909 portas
1065 4835 1474 4892 interﬁciamiui
1498 4847 1544 4892 ι.

623 5028 683 5084 ld
704 5027 875 5098 quod,
907 5038 967 5084 ut
1016 5029 1156 5084 mihi
1181 5029 1423 5095 videtur,
1463 5030 2138 5102 apertius'demonstrans

551 5118 751 5174 beatus
771 5120 864 5175 hic
891 5119 1052 5176 Pater
1077 5120 1133 5175 in
1162 5121 1420 5177 oratione
1458 5122 1516 5177 in
1551 5123 1760 5179 Novam
1788 5124 2133 5180 Dominicam

554 5209 775 5264 habita:
815 5209 1067 5268 «Canere
1095 5228 1249 5279 vero,
1304 5215 1509 5286 inquit,
1548 5216 1785 5272 Domino
1822 5234 2025 5274 novum
2045 5221 2137 5292 ju-

553 5301 754 5357 bemur
777 5311 1028 5369 cantum,
1062 5305 1180 5361 sive
1209 5307 1305 5376 qui
1333 5307 1389 5362 in
1416 5307 1776 5380 _Babylonem
1826 5312 2136 5387 malamque

628 5426 652 5456 ι
682 5418 712 5473 Ι
739 5419 878 5490 Reg.
910 5433 986 5483 tv,
1019 5419 1106 5474 17.

2245 4478 2405 4550 μασι,
2440 4479 2538 4533 καὶ
2574 4477 2650 4550 μὴ
2677 4478 2746 4549 τῇ
2778 4474 3028 4548 ῥᾳθυμία
3053 4476 3170 4536 τοῖς
3193 4471 3426 4526 πάθεσιν
3456 4470 3658 4524 ἔκδοτον
3679 4460 3785 4516 rati-

2238 4589 2342 4643 την
2387 4573 2488 4642 τὴν
2531 4572 2592 4626 ὲν
2632 4570 2766 4640 ὑμῖν
2809 4565 3001 4632 Θείαν,
3053 4565 3156 4635 τῆς
3197 4561 3404 4635 ἀρετῆς
3425 4561 3570 4630 λέγω
3604 4552 3785 4620 καὶτῆς

2239 4665 2498 4736 γνώσεως
2521 4701 2538 4728 ,
2599 4661 2858 4724 ἐάσαντες
2906 4657 3143 4715 κιϐωτὸν
3189 4656 3254 4710 τὸ
3297 4654 3395 4710 τοῦ
3442 4653 3627 4724 ἱερέως
3654 4645 3784 4736 Ἥλιι

2245 4734 2559 4828 ύπομένητε
2585 4753 2789 4817 πάθος,
2845 4751 2941 4805 καὶ
2983 4747 3251 4812 όπισθίως
3279 4746 3545 4810 πεσόντες
3570 4738 3689 4828 περί
3707 4734 3785 4798 τὰς

2243 4851 2420 4914 πύλας
2447 4847 2541 4902 τοῦ
2571 4845 2702 4902 ναοῦ
2729 4845 2827 4900 τοῦ
2855 4847 2914 4898 ὲν
2939 4842 3141 4915 Σηλὼμ
3167 4841 3478 4912 ἀποθάνητε
3494 4879 3512 4906 ,
3553 4837 3640 4891 τόν
3661 4827 3786 4902 ὦμον

2240 4943 2340 5013 τῆς
2367 4939 2622 5014 πράξεως
2651 4936 3051 5008 συντριϐέντες.

2313 5035 2516 5105 Ὅπε-ρ,
2550 5032 2627 5097 ὡς
2654 5027 2831 5102 οἶμαι,
2876 5029 3215 5098 σαφέστερον
3250 5023 3526 5080 διδάσκων
3570 5020 3601 5074 ό
3633 5015 3786 5105 μακά·

2244 5143 2361 5200 ριος
2408 5103 2567 5188 οὗτος
2607 5120 2797 5192 Πατὴρ
2840 5121 2899 5173 ὲν
2935 5117 3014 5188 τῷ
3042 5117 3122 5181 είς
3149 5115 3250 5186 τὴν
3276 5113 3490 5184 Καινὴν
3531 5103 3787 5200 Κυριακην

2244 5196 2394 5289 λόγῳ
2429 5216 2625 5286 φησὶν·
2679 5233 2700 5266 ι
2730 5213 2912 5284 ngam
2958 5210 3014 5264 δὲ
3060 5209 3139 5280 τῷ
3196 5207 3389 5279 Κυρίῳ
3432 5201 3583 5279 ᾆσμα
3628 5196 3788 5289 καινόν

2243 5287 2609 5380 κελευόμεθα,
2646 5303 2758 5359 εἴτε
2797 5303 2848 5356 oi
2878 5303 2958 5366 είς
2987 5299 3289 5356 Βαϐυλῶνα
3312 5298 3409 5354 καὶ
3440 5297 3537 5368 τὴν
3572 5287 3788 5360 πονηρὰν

1774 5491 1778 5494 ’
1827 5494 2064 5554 VARle
2106 5496 2522 5556 LECTIONES.

623 5580 670 5614 “
697 5580 834 5638 Cod.
863 5581 1032 5648 Gud.,
1063 5581 1111 5638 si
1143 5581 1360 5638 schedae
1387 5598 1501 5638 non
1529 5582 1748 5654 fallunt,
1780 5587 1949 5645 habet
1975 5591 2130 5647 νοῶν.

626 5694 740 5767 (28)
773 5695 936 5770 Greg.
970 5696 1103 5754 Naz.
1133 5697 1188 5754 in
1226 5695 1360 5753 Nov.
1403 5697 1640 5795 ροπιὶηη
1678 5717 1800 5775 cap.
1831 5705 1884 5775 1,
1908 5721 1964 5779 p.
2002 5707 2126 5777 835,
2169 5715 2298 5766 tom.
2321 5707 2362 5765 Ι.
2384 5705 2526 5779 Opp.
2547 5702 2637 5762 ed.
2664 5699 2870 5759 Bened.
