4026 6288
250 342 387 406 1293

1485 333 2001 396 AMBIGUORUM
2034 332 2293 395 LIBER.

3365 326 3497 392 1294

248 451 521 520 σύγχυσιν
569 447 970 519 κατασυρέντες
1012 445 1119 499 ὑπὸ
1156 444 1256 514 τῆς
1304 445 1598 516 ἁμαρτίας,
1642 443 1836 497 ἔπειτα

1942 444 2317 499 confusionem
2364 453 2587 514 peccato
2653 459 2845 499 sumus
2892 443 3145 512 detracti,
3190 444 3391 501 deinde
3444 445 3497 499 in

245 542 386 615 πρὸς
435 538 794 613 Ἰερουσαλὴμ
821 538 1217 601 ἀνασωθέντες,
1253 537 1415 591 κάκεῖ
1446 537 1546 607 μὲν
1564 537 1627 589 οὐ
1662 536 1825 590 δυνά-

1928 535 2230 590 Jerusalem
2278 551 2470 590 rursus
2500 535 2691 591 salvati
2754 540 2941 607 (atque
2983 536 3094 593 illic
3130 536 3353 607 quidem
3392 552 3501 591 non

248 649 404 703 μενοι
435 630 533 703 τὴν
583 629 738 683 θείαν
777 627 927 699 ᾄδειν
970 626 1114 698 ᾠδὴν
1145 626 1220 689 ὡς
1268 626 1362 678 ἐπὶ
1391 625 1493 695 γῆς
1518 623 1825 695 ἀλλοτρίας,

1942 627 2213 696 potuimus
2235 627 2484 682 divinum
2506 642 2751 693 carmen,
2778 636 2840 683 ut
2870 628 2925 682 in
2953 637 3097 683 terra
3147 630 3351 694 aliena,
3399 644 3496 684 ca-

246 722 491 778 ένταῦθα
517 722 575 776 δὲ
604 721 732 774 νέαν
758 719 901 791 ᾠδὴν
932 719 1027 772 καὶ
1060 717 1341 771 πολιτείαν
1374 717 1678 787 ἱστάμενοι,
1719 714 1828 767 εἴτε

247 816 301 869 οἱ
337 814 624 886 μείναντες
663 814 721 865 έν
758 811 837 883 τῷ
861 807 1012 880 καλῷ
1042 810 1136 862 καλ⁵
1182 807 1605 878 προκόπτοντες,
1642 806 1736 858 καὶ
1768 801 1831 856 τὸ

251 907 353 977 μὲν
391 902 817 974 κατωρθωκότες
861 900 985 972 ήδη,
1029 899 1091 952 τὸ
1134 898 1193 952 δὲ
1241 896 1637 969 κατορθοῦντες
1679 891 1831 965 παρά

248 994 345 1048 τοῦ
373 990 689 1048 καινοποιοῦ
723 988 1063 1059 Πνεύματος.
1088 1005 1106 1037 ι
1146 986 1334 1040 Ταῦτα
1384 986 1584 1056 (216
1610 984 1673 1054 b)
1707 999 1831 1036 στο-

249 1082 528 1156 ῃστικῶς
559 1080 701 1136 κατά
746 1079 844 1152 τὴν
874 1078 1013 1150 ἐμὴν
1048 1077 1362 1149 ἀφροσύνην
1400 1073 1700 1146 νενοηκότα
1730 1071 1825 1126 τὸν

246 1173 573 1230 διδάσκαλον
604 1173 772 1243 φάναι
830 1169 1061 1240 νομίζω·
1097 1189 1115 1220 ι
1144 1169 1281 1222 Νυνὶ
1315 1166 1373 1221 δέ
1411 1183 1503 1238 μοι
1547 1164 1699 1230 δέξαι
1728 1164 1828 1236 τὴν

250 1266 451 1337 κύησιν
491 1266 588 1318 καὶ
626 1260 1055 1333 προσκίρτησον,
1104 1260 1152 1313 εί
1196 1260 1289 1312 καὶ
1328 1256 1403 1329 μὴ
1453 1258 1530 1321 ὡς
1577 1255 1833 1326 Ἰωάννης

247 1358 362 1416 ἀπὸ
399 1356 661 1428 γαστρὸς,
693 1354 812 1409 ἀλλ’
831 1352 906 1417 ὡς
938 1352 1106 1406 Δαδὶδ
1144 1352 1239 1405 ἐπὶ
1270 1353 1337 1422 τῇ
1368 1349 1710 1404 καταπαύσει
1734 1348 1835 1419 τῆς

250 1446 514 1516 κιὸωτοῦ,
546 1446 626 1517 τῷ
657 1445 777 1500 κατ’
802 1444 962 1510 ἀξίαν
988 1443 1085 1497 καὶ
1112 1442 1268 1511 γένος
1307 1441 1407 1512 τῆς
1441 1439 1669 1511 θεωρίας
1700 1440 1830 1509 τρό·

249 1560 343 1614 mp
372 1538 722 1611 συνῃρηκότα
752 1536 853 1608 τὴν
903 1527 1013 1589 τῶν
1054 1533 1368 1606 εἰρημένων
1411 1532 1667 1604 θεωρίαν.
1699 1530 1835 1584 Φασὶ

184 1638 191 1641 ⁷
249 1636 364 1707 γὰρ
389 1634 438 1686 oi
467 1631 578 1685 τῶν
606 1630 863 1684 τοιούτων
890 1625 1138 1698 ἀκριϐεῖς
1163 1624 1491 1697 ἐπιμεληταὶ
1522 1623 1835 1695 μυστηρίων

249 1725 347 1779 καὶ
388 1722 501 1777 τῶν
528 1721 614 1775 ἐπ’
642 1720 830 1782 αὐτοῖς
857 1715 1248 1786 πνευματικῶν
1272 1713 1448 1782 λόγων
1487 1712 1717 1783 ἐρασταὶ
1739 1710 1835 1763 καὶ

1930 728 2083 779 nere,
2109 714 2201 770 hic
2222 724 2407 771 autem
2438 733 2641 773 novum
2667 733 2892 773 carmen
2922 733 3231 788 novamque
3264 721 3390 775 vitae
3415 734 3505 773 ra-

1932 804 2137 859 tionem
2211 806 2575 877 inchoamus).
2636 807 2752 863 sive
2799 806 2893 878 qui
2946 808 3247 864 mansimus
3301 809 3355 863 in
3398 808 3501 863 ho-

1930 905 2089 952 nesto
2112 905 2275 967 atque
2303 898 2577 970 progressi
2604 914 2835 964 sumus,
2885 898 3085 969 partim
3108 900 3218 970 jam
3256 916 3314 955 re
3356 901 3501 957 bene

1932 995 2104 1071 gesta.
2124 990 2321 1059 partim
2351 998 2605 1061 gerentes
2625 990 2809 1045 adhuc
2836 990 3079 1061 Spiritus
3116 990 3503 1051 iustauratoris

1932 1093 2055 1150 ope.
2082 1097 2100 1131 ι
2127 1078 2251 1135 Hac
2274 1080 2577 1135 secundum
2623 1096 2799 1135 meam
2849 1080 3211 1152 ignorantiam
3254 1082 3505 1153 suspicor

1932 1170 2253 1241 magistrum
2281 1172 2336 1226 in
2367 1172 2551 1227 animo
2573 1171 2835 1227 habuisse
2855 1186 2981 1227 cum
3027 1172 3264 1229 diceret:
3312 1173 3505 1230 «Nune

1933 1272 2118 1319 autem
2167 1276 2493 1335 conceptum
2538 1264 2723 1335 accipe
2746 1273 2802 1320 et
2822 1265 3104 1335 prazsulta,
3140 1275 3198 1321 et
3233 1266 3277 1321 si
3306 1282 3418 1323 non
3443 1276 3505 1323 ut

1932 1351 2172 1409 Joannes
2199 1353 2266 1408 de
2298 1363 2477 1419 utero,
2513 1363 2691 1409 tamen
2730 1362 2791 1409 ut
2815 1354 2986 1409 David
3016 1355 3088 1409 ob
3113 1355 3506 1426 repositionem

1934 1459 2097 1510 arcae,
2124 1463 2144 1496 ι
2199 1452 2255 1498 et
2288 1444 2771 1515 contemplationis
2814 1445 3124 1500 secundum
3182 1445 3504 1518 dignitatem

1935 1542 2102 1605 atque
2126 1549 2301 1605 genus
2329 1534 2498 1590 modo
2525 1535 2801 1591 dictorum
2842 1536 3363 1607 contemplationem
3399 1553 3508 1593 una

1934 1625 2445 1696 comprehendisse.
2477 1624 2581 1692 Qui
2628 1626 2774 1681 enim
2802 1641 2929 1683 cum
2975 1627 3158 1684 studio
3188 1637 3245 1685 et
3288 1643 3422 1685 cura
3452 1630 3507 1685 in

1936 1716 2252 1786 huiusmodi
2282 1717 2560 1789 mysteriis
2585 1728 2897 1783 versantur,
2941 1719 3429 1792 spiritualiumque
3450 1722 3508 1776 in

247 1813 671 1886 φιλοθεάμονες,
701 1807 796 1863 τδν
838 1782 1070 1861 καθόλου
1122 1806 1222 1875 τῆς
1278 1782 1561 1874 Γραφικῆς
1608 1800 1836 1873 θεωρίας

1942 1805 2022 1862 eis
2049 1807 2325 1862 rationum
2365 1814 2640 1862 amatores
2700 1816 2757 1861 et
2804 1816 3159 1879 spectatores,
3192 1782 3511 1883 generalem

249 1902 430 1970 λόγον,
465 1898 562 1951 ἕνα
593 1896 955 1966 τυγχάνοντα,
982 1892 1227 1963 δεκαχῶς
1264 1890 1673 1962 πλατυνόμενον
1698 1889 1834 1943 θεω-

251 1990 489 2065 ρεῖσθαι,
520 1990 692 2059 τόπῳ,
724 1986 924 2059 χρόνῳ,
944 1985 1118 2055 γένει,
1141 1985 1443 2058 προσώπῳ,
1479 1982 1630 2053 ἀξία,
1666 1982 1835 2053 ἤγουν

252 2082 673 2154 ἐπιτηδεύματι,
707 2083 1010 2151 πρακτικῇ,
1040 2083 1269 2153 φυσικῇ,
1296 2080 1581 2152 θεολογικῇ
1613 2078 1832 2149 φιλοσο-

252 2176 377 2246 φίᾳ,
425 2172 705 2239 ἐνεστῶτι,
744 2173 839 2225 καὶ
893 2171 1164 2242 μέλλοντι,
1199 2174 1371 2243 ἤγουν
1399 2173 1555 2244 τύπῳ
1586 2173 1681 2225 καὶ
1706 2169 1840 2241 ἀλη-

251 2264 400 2335 θεία,
431 2264 525 2317 καὶ⁵
551 2262 707 2327 αὖθις
740 2264 1108 2334 συναγόμενον
1140 2263 1269 2327 τοὺς
1303 2262 1465 2316 πέντε
1494 2261 1643 2333 τρισὶ
1676 2278 1837 2331 περι-

251 2356 487 2427 γράφειν
516 2354 761 2427 τρόποις,
786 2354 883 2407 καὶ
911 2353 1075 2408 πάλιν
1102 2353 1224 2407 δυσὶ
1248 2352 1374 2418 τοὺς
1401 2357 1572 2426 τρεῖς,
1600 2353 1840 2416 καὶτοὺς

250 2446 350 2501 δύο
382 2446 462 2499 ἑνὶ
489 2446 799 2515 συγκλείειν
828 2444 1108 2508 παντελῶς
1136 2444 1213 2515 μὴ
1242 2444 1370 2516 ἀριθ
1378 2462 1479 2516 μου
1487 2444 1634 2515 μένῳ
1657 2444 1804 2515 λόγῳ
1822 2458 1837 2473 ο

249 2534 367 2593 οἷον
394 2537 519 2601 τοὺς
542 2537 682 2590 κατὰ
703 2536 893 2607 χρόνον
915 2535 1012 2590 καὶ
1052 2538 1217 2590 τόπον
1248 2536 1343 2590 κα)⁸
1383 2536 1538 2605 γένος
1560 2535 1655 2590 καὶ
1681 2536 1843 2607 πρόσ-

247 2647 402 2685 ωπον
429 2630 522 2684 καὶ
546 2629 724 2693 ἀξίαν,
748 2628 907 2683 πέντε
925 2630 1302 2699 τυγχάνοντες,
1325 2629 1400 2692 είς
1416 2630 1563 2699 τρεῖς
1590 2627 1842 2696 συνάγειν

250 2722 383 2785 τοὺς
402 2721 498 2792 τῆς
525 2721 832 2791 πρακτικῆς
854 2721 947 2776 καὶ
984 2722 1219 2792 φυσικῆς
1250 2722 1343 2775 καὶ
1362 2720 1697 2791 θεολογικῆς,
1719 2718 1844 2773 τού-

251 2831 384 2877 τους
412 2812 470 2866 δὲ
499 2812 661 2867 πάλιν
692 2814 845 2884 τρεῖς
882 2811 1062 2878 δντας,
1086 2812 1166 2876 εις
1184 2811 1298 2877 δύο,
1323 2812 1448 2875 τοὺς
1471 2812 1534 2865 τὸ
1564 2812 1739 2884 παρόν
1782 2828 1842 2865 τε

252 2902 356 2957 καὶ
384 2901 444 2954 τὸ
462 2902 654 2972 μέλλον
671 2902 1058 2972 σημαίνοντας,
1094 2902 1189 2956 καὶ
1210 2902 1433 2960 τούτους
1467 2903 1549 2967 είς
1572 2902 1664 2957 τὸν
1694 2902 1843 2956 τελε-

256 2993 447 3047 στικδν
473 2993 569 3047 καὶ
593 2992 819 3057 ἁπλοῦν,
856 2992 933 3058 ῶς
962 3010 1117 3062 φασι,
1168 2994 1263 3047 καὶ
1310 2994 1527 3048 πάντων
1559 3010 1842 3065 περιεκτι-

254 3083 366 3195 κὸῖ
397 3081 637 3154 ἄρρητον
673 3082 853 3151 λόγον,
900 3081 961 3149 ἐξ
1007 3078 1069 3137 οὗ
1124 3082 1269 3137 κατά
1294 3083 1521 3156 πρόοδον
1550 3084 1775 3154 γέγονεν
1807 3086 1841 3156 ἠ
1868 3134 1915 3195 c

257 3173 526 3245 καθολικὴ
574 3173 683 3227 τῶν
723 3173 831 3228 ὑπὸ
865 3172 1103 3247 θεωρίαν
1127 3176 1227 3246 τῆς
1247 3174 1475 3246 Γραφῆς
1504 3174 1727 3247 τρόπων
1754 3174 1841 3229 δε-

258 3267 390 3330 κὰς,
428 3266 524 3319 καὶ
549 3266 630 3329 είς
656 3265 717 3319 δν
759 3266 837 3330 ὡς
864 3264 1041 3337 ἀρχὴν
1068 3266 1214 3320 κατά
1244 3267 1595 3338 περιγραφὴν
1630 3268 1665 3339 ὴ
1699 3266 1841 3340 αὑτὴ

256 3357 427 3420 δεκάς
464 3356 807 3421 ἀνατατικῶς
836 3357 918 3421 είς
955 3356 1163 3429 μονάδα
1194 3357 1360 3411 πάλιν
1382 3357 1701 3428 συνάγεται.
1730 3359 1842 3413 Καὶ

259 3447 410 3500 κατά
452 3447 554 3518 μὲν
604 3447 795 3518 χρόνον
843 3448 871 3500 δ
907 3446 1007 3518 τῆς
1056 3446 1281 3519 Γραφῆς
1329 3446 1616 3518 θεωρεῖται
1659 3446 1839 3516 λόγος,

258 3536 430 3609 ἡνίκα
454 3538 515 3591 τὺ
538 3538 698 3605 uoce,
727 3536 790 3591 τὺ
815 3533 946 3601 Ἦν,
985 3534 1049 3589 τὸ
1083 3537 1261 3603 Ἔστι,
1290 3536 1353 3589 τὸ
1383 3536 1599 3600 Ἔσται,
1621 3537 1690 3591 ’τὸ
1728 3536 1842 3608 Πρὸ

258 3628 441 3690 τοῦδε.
467 3629 530 3681 τὸ
564 3628 763 3701 Παρὸν,
802 3627 864 3681 τὺ
888 3627 1043 3681 Μετὰ
1074 3628 1215 3694 τόδε,
1243 3629 1338 3681 καὶ
1381 3627 1506 3682 ἸΞπλ⁸
1530 3626 1709 3692 τοῦδε,
1745 3629 1841 3681 καὶ

270 3721 603 3795 ’Δπ’ἀρχῆς,
618 3722 679 3775 τὸ
703 3721 996 3793 Παρελθδν,
1018 3721 1079 3775 τὸ
1099 3720 1329 3784 Μέλλον,
1359 3718 1641 3782 ἐνιαυτούς
1665 3736 1723 3770 τε
1750 3720 1845 3773 καὶ

261 3816 491 3886 καιροὺς
533 3814 628 3868 καὶ
676 3817 851 3886 μῆνας
900 3816 995 3868 καὶ
1037 3812 1337 3882 ἑϐδομάδας
1383 3812 1476 3865 καὶ⁸
1504 3810 1717 3882 ἡμέρας
1751 3811 1845 3863 καὶ

260 3906 467 3969 νύκτας
486 3907 581 3961 καὶ
599 3907 666 3961 τὰ
687 3905 889 3960 τούτων
911 3905 1076 3977 μέρη,
1100 3905 1194 3959 καὶ
1212 3903 1396 3967 ἁπλῶς
1413 3905 1515 3957 ὃσα
1537 3903 1844 3974 ἐμφαντικά

265 3997 463 4069 (21⁷
497 3997 566 4067 α)
598 3996 817 4068 χρόνου,
865 3995 1049 4067 δηλοῖ·
1086 3994 1231 4049 κατά
1278 3994 1340 4048 δὲ
1385 3994 1573 4058 τόπον,
1599 3994 1726 4046 ὅταν
1754 3993 1845 4046 ού-

267 4088 435 4159 ρανδν
466 4087 561 4140 καὶ
594 4086 828 4157 γῆνκαὶ
872 4087 1011 4158 ἀέρα
1046 4087 1141 4140 καὶ
1166 4084 1465 4152 θάλασσαν,
1494 4084 1841 4156 οίκουμένην,

265 4175 505 4248 πέρατα,
575 4174 783 4248 χώρας,
847 4176 1069 4246 νήσους,
1123 4174 1332 4237 πόλεις,
1390 4173 1575 4239 ναοὺς,
1627 4172 1843 4242 κώμας,

264 4269 497 4338 ἀγροὺς,
530 4268 657 4341 δρη,
692 4269 1006 4341 φάραγγας,
1034 4270 1209 4334 ὀδοὺς,
1250 4268 1546 4336 ποταμοὺς,
1580 4266 1841 4338 ἐρήμους,

265 4360 486 4429 ληνοὺς,
516 4359 752 4425 ἅλωνας,
802 4359 1157 4429 ἀμπελῶνας,
1198 4359 1294 4413 καὶ
1330 4357 1517 4422 ἁπλῶς
1544 4358 1645 4411 δσα
1681 4358 1846 4410 τόπον

1940 1898 2168 1953 tradunt
2217 1897 2521 1969 Scriptura:
2561 1900 2999 1981 contemplanda:
3052 1902 3346 1965 rationem,
3380 1918 3507 1959 cum

1938 2006 2046 2045 una
2078 1990 2172 2058 sit,
2199 1990 2523 2063 decemplici
2554 1992 2719 2047 modo
2770 1991 3030 2047 diffusam
3071 1992 3333 2063 spectari,
3365 1992 3510 2060 loco,

1940 2093 2205 2155 tempore,
2234 2100 2456 2155 genere,
2481 2099 2742 2155 persona,
2793 2083 3086 2156 dignitate,
3134 2083 3249 2139 sive
3299 2082 3509 2147 studio,

1937 2175 2138 2241 activa,
2163 2176 2425 2241 naturali,
2466 2176 2775 2247 theologica
2804 2175 3178 2247 philosophia,
3216 2175 3513 2247 praesentia

1939 2282 2002 2322 ac
2029 2266 2210 2321 futura
2231 2308 2245 2333 ,
2278 2266 2392 2322 sive
2426 2266 2601 2337 figura
2619 2276 2675 2321 et
2720 2266 2976 2331 veritate,
3025 2275 3083 2322 et
3130 2280 3323 2321 rursus
3348 2266 3515 2321 colle-

1940 2366 2084 2413 ctam
2113 2358 2360 2428 quinque
2421 2355 2604 2411 tribus
2647 2355 3123 2427 comprehendere
3162 2354 3364 2422 modis,
3393 2371 3517 2409 rut-

1939 2464 2145 2521 susque
2171 2448 2388 2504 duabus
2417 2456 2531 2503 tres
2558 2456 2619 2503 et
2645 2446 2784 2502 duas
2815 2463 2924 2502 una
2954 2446 3240 2503 includere
3287 2446 3517 2502 omnino

1942 2543 2176 2606 ratione,
2230 2557 2355 2612 qua:
2387 2556 2498 2597 non
2533 2548 2891 2595 numeretur:
2942 2540 3024 2595 sic
3064 2538 3349 2611 temporis,
3378 2537 3511 2603 loci,

1941 2633 2458 2705 generis,personze,
2487 2631 2788 2704 dignitatis,
2835 2646 2961 2688 cum
3010 2630 3255 2702 quinque
3289 2630 3419 2696 sint,
3460 2631 3521 2686 in

1943 2734 2056 2780 tres
2079 2724 2340 2795 colligere
2368 2722 2560 2778 activae
2590 2730 2648 2777 et
2673 2722 2942 2777 naturalis
2966 2732 3024 2778 et
3048 2722 3388 2794 theologicae,
3421 2722 3522 2778 has

1943 2830 2073 2870 vero
2105 2828 2319 2877 rursus,
2356 2827 2480 2868 cum
2500 2821 2611 2868 tres
2633 2812 2764 2877 sint,
2788 2813 2844 2866 in
2868 2810 3006 2866 duas
3034 2826 3156 2881 quae
3178 2811 3248 2866 ad
3283 2826 3523 2883 praesen-

1946 2908 2075 2964 tiam
2130 2916 2297 2975 atque
2343 2904 2589 2959 futurum
2640 2911 2925 2974 spectant,
2972 2910 3029 2958 et
3067 2901 3169 2958 has
3207 2901 3428 2957 demum
3464 2902 3522 2956 in

1945 2998 2468 3055 consummatoriam
2486 3005 2543 3052 et
2562 2995 2890 3067 simplicem,
2916 3002 2979 3050 ut
3005 2994 3182 3060 aiunt,
3222 2993 3519 3063 omniaque

1947 3088 2507 3160 cotnprehendentem
2543 3086 2877 3143 ineﬂ‘abilem
2914 3085 3207 3151 rationem,
3244 3084 3391 3140 unde
3422 3099 3522 3155 per

1944 3181 2384 3254 progressionem
2408 3180 2683 3251 generalis
2719 3178 3012 3234 modorum
3046 3178 3150 3235 sub
3177 3176 3521 3247 contempla-

1944 3274 2093 3329 tione
2116 3273 2418 3344 Scriptum
2474 3272 2639 3327 decas
2668 3272 2809 3327 facta
2840 3280 2982 3337 erat,
3026 3279 3086 3326 et
3143 3269 3201 3326 in
3227 3285 3415 3343 quam,
3459 3280 3521 3324 ut

1943 3366 2297 3437 principium,
2322 3362 2844 3434 circumscriptione
2873 3361 3069 3417 eadem
3102 3361 3269 3418 decas
3300 3376 3522 3417 reversa

1944 3459 2000 3512 in
2051 3456 2313 3511 unionem
2367 3469 2563 3509 rursus
2612 3452 2916 3523 colligitur.
2980 3451 3160 3521 Atque
3212 3448 3521 3505 secundum

1946 3556 2161 3616 tempus
2187 3544 2489 3614 Scriptum
2512 3543 2653 3598 ratio
2694 3548 2998 3612 spectatur,
3023 3556 3150 3596 cum
3190 3536 3521 3609 Aliquando,

1944 3636 2095 3699 Erat,
2125 3636 2242 3700 Est,
2273 3633 2415 3699 Erit,
2446 3632 2590 3689 Ante
2637 3632 2767 3697 hoc,
2800 3631 3069 3695 Praesens,
3106 3630 3236 3684 Post
3289 3627 3415 3692 hoc,
3467 3634 3525 3678 et

1946 3725 2061 3781 Sub
2090 3725 2216 3791 hoc,
2251 3733 2308 3780 et
2337 3724 2421 3779 Ab
2448 3724 2628 3791 initio,
2668 3722 3036 3785 Prtezeritum,
3078 3720 3373 3782 Futurum,
3420 3733 3524 3773 an-

1945 3833 2048 3873 nos
2079 3828 2136 3874 et
2168 3826 2520 3888 tempestates
2574 3826 2632 3872 et
2680 3829 2900 3871 menses
2949 3823 3006 3870 et
3057 3811 3436 3868 hebdomades
3467 3816 3525 3865 et

1945 3906 2065 3962 dies
2094 3914 2152 3961 et
2192 3915 2385 3961 noctes
2435 3906 2746 3975 horumque
2791 3912 2997 3975 partes,
3062 3909 3120 3957 et
3153 3900 3525 3971 quodcunque

1946 3998 2271 4070 simpliciter
2303 4007 2521 4067 tempus
2554 3995 2811 4059 denotat,
2857 3991 3165 4065 signiﬁcat;
3218 3989 3525 4046 secundum

1946 4093 2150 4155 locum,
2184 4103 2311 4143 cum
2345 4087 2547 4142 emtum
2584 4095 2642 4140 et
2672 4085 2925 4141 tellurem
2957 4092 3015 4137 et
3043 4096 3227 4136 aerem
3258 4088 3316 4135 et
3348 4093 3523 4143 mare,

1948 4191 2172 4245 terram,
2210 4178 2502 4243 terminos,
2539 4176 2820 4247 regiones,
2873 4174 3102 4239 insulas,
3136 4172 3324 4236 urbes,
3374 4170 3524 4235 fana,

1948 4274 2122 4337 vicos,
2166 4286 2353 4342 agros,
2381 4276 2618 4333 montes,
2649 4267 2839 4331 valles,
2864 4265 3001 4330 vias,
3027 4263 3244 4327 lluvios,
3283 4261 3525 4322 deserta.

1947 4366 2124 4428 lacus,
2181 4378 2375 4426 areas,
2421 4362 2607 4415 vineta
2661 4369 2719 4414 et
2777 4356 3107 4428 simpliciter
3157 4354 3527 4425 quodcunque

268 4451 700 4522 χαρακτηρίζειν
740 4449 987 4513 δύναται,
1037 4449 1314 4520 σημαίνῃ·
1364 4447 1507 4500 κατά
1555 4446 1712 4514 γένος
1763 4445 1842 4511 δὲ,

1950 4454 2131 4508 locum
2176 4451 2468 4520 exprimat,
2509 4449 2807 4519 signiﬁcat:
2845 4446 3147 4501 secundum
3175 4459 3347 4515 genus
3371 4457 3525 4505 vero,

269 4542 579 4607 καθολικῶς
616 4544 717 4614 μὶν
753 4544 961 4597 ὁπόταν
1007 4543 1293 4611 ἀγγέλους,
1342 4543 1503 4615 ἢὸσα
1542 4541 1642 4611 τῆς
1673 4542 1728 4593 έν
1754 4541 1846 4593 οὐ·

272 4637 459 4707 ρανοῖς
486 4634 605 4688 ἐστι.
642 4635 751 4689 τῶν
778 4634 983 4706 νοερῶν
1010 4632 1212 4688 οὐσιῶν
1239 4634 1675 4705 διακοσμήσεως,
1710 4632 1847 4703 πρὸς

269 4729 331 4782 δὲ
359 4728 455 4782 καὶ
495 4728 647 4799 ἥλιον
688 4727 783 4782 καὶ
831 4726 1087 4798 σελήνην,
1122 4725 1384 4795 ἀστέρας,
1432 4725 1569 4797 πῦρ,
1616 4725 1712 4779 καὶ
1747 4724 1849 4777 ὅσα

271 4824 335 4874 ἐν
378 4819 522 4892 ἀέρι,
554 4821 615 4874 έν
648 4822 741 4891 γῇ,
776 4820 835 4872 έν
878 4818 1126 4890 θαλάσσῃ
1164 4817 1420 4889 τυγχάνει
1457 4816 1608 4879 δντα,
1640 4815 1673 4885 ἢ
1709 4814 1847 4881 ζῶα,

272 4910 309 4982 ἢ
342 4909 615 4979 ζωόφυτα,
644 4909 680 4979 ἦ
715 4906 879 4976 φυτὰ,
921 4907 1017 4960 καὶ
1064 4907 1165 4960 ὅσα
1204 4906 1270 4959 ὲκ
1306 4905 1410 4975 γῆς
1462 4903 1851 4975 μεταλλεύεται

276 4999 373 5054 καὶ
422 4999 639 5069 τέχναις
681 4997 984 5068 ἀνθρώπων
1030 4996 1349 5062 ὑποπίπτει,
1398 4995 1493 5050 καὶ
1535 4995 1637 5049 ὅσα
1687 4994 1854 5063 ἔτερα

274 5090 527 5153 τοιαῦτα.
562 5090 734 5162 δηλοῖ,
775 5090 1093 5161 ἰδιοτρόπως
1126 5088 1184 5141 δὲ
1227 5087 1411 5154 πάλιν,
1465 5087 1594 5140 ὅταν
1641 5084 1854 5155 ἀνθρώ-

276 5200 435 5248 πους,
487 5181 640 5252 ἔθνη,
684 5181 870 5246 λαοὺς,
917 5179 1193 5249 γλώσσας,
1231 5178 1426 5249 φυλὰς,
1456 5175 1716 5248 πατριὰς,
1758 5176 1854 5228 καὶ

274 5276 379 5328 ὅσα
405 5272 654 5339 τοιαῦτα,
687 5274 784 5327 σὺν
810 5271 1029 5344 ἀριθμῷ
1063 5271 1097 5343 ἢ
1132 5269 1370 5341 ἀριθμοῦ
1395 5269 1564 5340 χωρὶς
1587 5267 1850 5339 ὀνομάζῃ·

278 5369 423 5421 κατά
450 5366 739 5438 πρόσωπον
764 5364 843 5427 δὲ,
878 5366 1008 5417 ὅταν
1047 5363 1199 5417 τόνδε
1228 5362 1318 5415 τὸν
1346 5360 1599 5429 ἄγγελον,
1634 5360 1667 5431 ἢ
1704 5358 1856 5411 τόνδε

277 5458 373 5511 τὸν
402 5457 764 5528 ἀρχάγγελον,
795 5456 829 5525 ἢ
873 5456 1147 5526 Σεραφὶμ,
1182 5453 1216 5523 ἢ
1245 5456 1345 5506 ὅσα
1374 5451 1483 5505 τῶν
1517 5452 1575 5503 ὲν
1604 5450 1857 5522 οὐρανοῖς

280 5549 659 5618 διαιτωμένων
702 5547 905 5619 νοερῶν
943 5545 1163 5610 οὐσιῶν,
1205 5543 1265 5608 ἐξ
1297 5543 1563 5614 ὀνόματος
1609 5541 1771 5613 καλῇ,
1822 5541 1855 5610 ἢ

1950 4540 2282 4611 generaliter
2310 4540 2547 4607 primum
2576 4552 2701 4592 cum
2736 4536 2962 4605 angelos
2991 4534 3075 4587 vel
3117 4531 3387 4602 quidquid
3413 4545 3527 4584 ma-

1950 4629 2104 4685 lestis
2161 4635 2249 4683 est
2310 4624 2772 4681 intellectualium
2838 4623 3205 4677 essentiarum
3278 4619 3528 4682 ordinis,

1949 4720 2150 4777 deinde
2176 4734 2309 4775 vero
2326 4718 2493 4775 etiam
2519 4718 2691 4773 solem
2714 4723 2770 4770 et
2794 4714 3003 4778 lunam,
3024 4710 3231 4777 stellas,
3248 4710 3451 4781 ignem,
3473 4716 3533 4763 et

1951 4810 2321 4882 quodcunque
2352 4810 2409 4864 iu
2440 4806 2679 4873 aere,‘in
2704 4814 2871 4867 terra,
2904 4804 2962 4858 in
3010 4801 3149 4856 mari
3177 4806 3375 4864 exstat,
3410 4797 3532 4854 sive

1952 4902 2231 4967 animalia,
2259 4901 2374 4957 sive
2404 4900 2700 4971 zoophyta,
2724 4899 2857 4953 siva:
2890 4896 3110 4967 plautas,
3148 4903 3208 4948 et
3246 4890 3533 4962 quodcun-

1921 5039 1929 5049 .
1954 5012 2062 5066 que
2085 5010 2154 5049 ex
2182 5002 2328 5050 terra
2355 4992 2619 5049 ell‘oditur
2646 4990 2973 5059 artibusque
2997 4986 3287 5041 hominum
3312 4982 3535 5054 subjici-

1958 5098 2070 5152 tur,
2093 5095 2152 5141 et
2183 5099 2526 5155 quaecunque
2554 5082 2664 5137 alia
2687 5079 2983 5153 ejusmodi,
3008 5077 3277 5143 ostendit,
3318 5076 3536 5148 specia-

1956 5179 2085 5235 liter
2116 5193 2250 5233 vero
2271 5191 2486 5241 rursus,
2509 5189 2637 5230 cum
2662 5173 2936 5237 homines,
2976 5170 3252 5235 nationes,
3276 5170 3531 5241 populos,

1956 5271 2193 5341 linguas,
2244 5267 2446 5331 tribus,
2498 5272 2711 5336 gentes,
2762 5272 2819 5317 et
2850 5277 2974 5333 quae
3004 5270 3134 5317 sunt
3182 5260 3404 5332 generis
3427 5260 3535 5313 hn-

1955 5356 2221 5428 jusmodi,
2246 5369 2372 5410 cum
2396 5367 2632 5407 numero
2673 5358 2770 5405 aut
2812 5350 2933 5406 sine
2972 5363 3211 5404 numero
3256 5348 3533 5417 appellat;

1962 5447 2268 5503 secundum
2299 5459 2590 5517 personam
2617 5459 2773 5507 vero,
2804 5457 2931 5497 cum
2962 5442 3114 5496 hunc
3137 5441 3417 5510 angelum,
3444 5436 3535 5489 vel

1966 5541 2118 5594 hunc
2142 5536 2555 5606 archangelum,
2581 5534 2670 5589 vel
2704 5533 3019 5603 Seraphim,
3059 5531 3145 5585 vel
3195 5538 3539 5599 quaecunque

298 5640 632 5712 ’Δὸραάμ,ἧ
678 5641 882 5700 Ἰσαὰκ,
914 5639 947 5709 ἢ
994 5635 1208 5701 Ἰακὼϐ,
1239 5637 1273 5707 ἢ
1299 5637 1487 5706 ἔτερόν
1519 5652 1642 5688 τινα
1670 5634 1776 5687 τῶν
1804 5636 1842 5686 ἐι

1965 5628 2423 5686 intellectualium
2478 5626 2533 5680 in
2583 5627 2723 5682 caelo
2754 5626 3144 5686 essentiarum,
3181 5620 3405 5675 nomine
3439 5634 3539 5688 ap-

284 5709 568 5805 ἀπαίνῳῆ
610 5709 763 5803 ψόγῳ
800 5733 869 5802 τῇ
914 5730 1106 5801 Γραφῇ
1148 5728 1439 5798 κειμένων,
1493 5724 1565 5781 δι’
1594 5726 1842 5797 ὀνόματος

1966 5722 2157 5794 pellat.
2211 5720 2295 5775 vel
2346 5718 2647 5786 Abraham,
2708 5717 2792 5773 vel
2836 5717 3009 5782 lsaac,
3064 5714 3153 5767 vel
3208 5711 3400 5778 Jacob,
3451 5709 3537 5766 vel
