4026 6288
559 301 694 369 1295

1733 307 1792 366 S.
1836 305 2121 366 ΜΑΧῘΜΙ
2157 304 2666 365 CONFESSORIS

3621 316 3728 384 1-296

557 439 722 494 alium
749 436 1064 510 quempiam
1085 451 1278 493 eorum
1312 437 1407 508 qui
1463 438 1517 492 in
1547 437 1830 508 Scriptura
1881 447 1976 492 aut
2016 439 2124 492 lau-

2240 417 2578 489 παραδηλοῖ·
2614 419 2735 472 κατ’
2773 417 2931 484 ἀξίαν
2958 419 3036 485 δὲ,
3067 423 3229 492 ἡνίκα
3258 423 3534 495 βασιλείαν,
3559 432 3588 503 ἦ
3615 432 3735 501 βασι.

557 526 762 582 dantur
777 535 875 580 aut
891 526 1301 596 vituperantur,
1317 527 1540 583 nomine
1557 527 1808 594 denotat;
1833 529 2134 584 secundum

575 610 901 688 dignitatem
937 619 1384 688 autem,quando
1413 635 1665 690 regnum,
1692 631 1788 676 aut
1820 636 2023 691 regem,
2042 628 2137 674 aut

557 716 859 778 pastorem,
880 717 977 765 aut
993 725 1235 780 gregem,
1265 720 1361 766 aut
1384 711 1750 776 sacerdotem,
1770 721 1864 766 aut
1881 711 2136 766 sacerdo-

559 801 831 868 tium,aut
849 801 1168 869 agricolam,
1187 809 1283 856 aut
1303 811 1612 871 praetorem,
1633 812 1728 856 aut
1745 802 2131 864 architectum,

559 902 618 949 et
650 893 978 963 simpliciter
1008 892 1053 948 si
1071 891 1205 962 quid
1229 893 1380 947 aliud
1396 908 1591 948 eorum
1611 893 1814 963 quibus
1834 893 2135 947 humanum

558 998 733 1055 genus
765 983 1036 1039 dividitur
1069 983 1394 1044 studiorum
1440 994 1496 1039 et
1523 986 1946 1054 professionum.
1973 984 2133 1051 Quaa-

557 1090 794 1145 cumque
815 1074 962 1131 enim
979 1074 1224 1144 quinque
1247 1074 1354 1129 illis
1375 1076 1555 1130 modis
1577 1077 1974 1146 comprehensa
1994 1075 2135 1129 ratio

556 1164 822 1231 ostendit,
859 1165 1098 1220 essentia
1123 1173 1180 1219 et
1208 1173 1478 1234 potestate
1495 1174 1551 1220 et
1575 1167 1814 1230 actione,
1847 1166 2131 1236 primariis

557 1254 705 1311 circa
739 1270 804 1310 ea
851 1253 1328 1317 distinctionibus,
1363 1256 1742 1321 consistentia,
1792 1255 1857 1310 ea
1909 1267 2134 1311 movent

554 1344 783 1400 omnino
813 1352 910 1398 aut
930 1351 1244 1409 moventur,
1275 1354 1445 1415 agunt
1471 1354 1567 1400 aut
1599 1355 1858 1416 aguntur,
1884 1354 2135 1415 spectant

555 1444 653 1491 aut
698 1441 1041 1506 spectantur,
1097 1433 1294 1488 dicunt
1347 1443 1444 1489 aut
1477 1434 1760 1500 dicuntur,
1806 1435 2008 1491 docent
2037 1442 2134 1490 aut

557 1526 853 1599 docentur,
894 1525 1194 1580 advertunt
1233 1533 1331 1579 aut
1363 1535 1647 1600 avertunt,
1681 1537 1738 1582 et
1783 1526 2128 1598 simpliciter,

552 1626 616 1674 ut
647 1615 839 1686 paucis
867 1615 1069 1680 dicam,
1095 1615 1229 1670 dum
1261 1616 1472 1671 faciunt
1508 1624 1603 1672 aut
1657 1617 1966 1686 patiuntur,
1997 1618 2136 1672 acti-

551 1723 676 1764 vam
707 1715 765 1762 et
791 1707 1104 1762 naturalem
1134 1718 1190 1762 et
1223 1707 1589 1778 theologicam
1620 1707 1688 1764 de
1723 1717 1915 1762 mutuo
1939 1723 2129 1763 earum

551 1799 703 1855 inter
719 1814 778 1855 se
797 1815 943 1855 nexu
962 1799 1114 1853 varie
1135 1799 1298 1854 nobis
1318 1799 1680 1856 introducunt
1696 1801 2128 1872 philoSOphiam,

550 1903 676 1944 cum
730 1889 1164 1960 unumquodque
1221 1905 1418 1946 eorum
1480 1890 1745 1951 nimirum
1805 1908 1928 1962 qua:
1983 1893 2130 1949 dicta

549 1991 681 2036 sunt
719 1980 1075 2037 multifariam
1127 1983 1618 2053 contemplationis
1646 1983 1795 2039 circa
1836 1999 1895 2040 se
1946 1985 2126 2054 ipsum

549 2071 981 2142 cegitationibus
1013 2087 1138 2126 eum
1173 2073 1336 2127 laude
1364 2080 1457 2127 aut
1482 2072 1761 2143 vituperio
1802 2074 2124 2144 accipiatur,

550 2177 787 2234 suasque
820 2150 1064 2220 rationes
1088 2163 1366 2219 faciendas
1387 2173 1485 2218 aut
1505 2179 1617 2219 non
1640 2163 1937 2226 faciendas,
1967 2174 2128 2218 natu-

557 2254 702 2310 rales
727 2262 824 2309 aut
851 2254 1233 2318 innaturales,'
1251 2254 1628 2322 intelligibiles
1662 2261 1759 2308 aut
1787 2268 1897 2308 non
1925 2254 2129 2310 intelli-

548 2344 749 2415 gibiles
770 2345 1048 2402 ostendat.
1075 2345 1286 2416 Duplex
1311 2344 1482 2410 enim,
1509 2345 1591 2398 uti
1613 2344 1750 2409 dixi,
1767 2345 2125 2418 uniuscujus-

557 2450 664 2506 que
717 2436 951 2490 rationis
994 2435 1192 2490 modus
1220 2445 1325 2500 est,
1375 2436 1445 2490 ad
1484 2435 1803 2492 facultatem
1847 2437 1968 2508 ejus
2030 2437 2126 2507 qui

548 2523 1034 2595 contemplationis
1091 2526 1148 2580 in
1203 2527 1286 2582 eis
1339 2527 1778 2597 explorationem
1825 2528 2127 2598 prudenter

547 2605 809 2682 instituit,
844 2625 904 2672 ut
925 2633 993 2674 ex
1017 2618 1398 2674 faciendorum
1425 2628 1482 2674 et
1511 2620 1845 2675 naturalium
1871 2628 1928 2675 et
1965 2621 2127 2678 intel-

546 2708 840 2780 ligibilium
864 2710 1144 2764 rationum
1164 2710 1464 2780 positione,
1515 2720 1573 2767 et
1596 2727 1664 2766 ex
1703 2712 2122 2782 phantasiarum

544 2817 658 2858 non
687 2801 1076 2858 faciendarum
1099 2813 1155 2858 et
1175 2803 1574 2858 innaturalium
1605 2812 1663 2860 et
1691 2820 1803 2859 non
1859 2806 2122 2876 intelligi-

545 2893 740 2948 bilium
764 2893 1118 2968 ademptione
1133 2894 1316 2950 activa
1337 2904 1394 2949 et
1422 2897 1698 2952 naturalis
1728 2904 1785 2952 et
1811 2897 2120 2965 theologica

545 2984 795 3053 pariatur
829 2984 937 3054 piis
965 2985 1339 3056 philos0phia,
1372 2986 1458 3040 vel
1491 2988 1641 3056 quod
1683 2987 1829 3042 idem
1859 2997 1965 3053 est,
2023 2988 2120 3043 Dei

544 3089 722 3131 amor.
753 3074 886 3142 Quae
915 3091 1109 3132 rursus
1135 3076 1461 3132 dividuntur
1490 3080 1745 3148 praasenti
1796 3095 1860 3134 ae
1908 3079 2118 3146 futuro,
2149 3090 2194 3150 ο

545 3178 670 3219 cum
689 3166 940 3222 umbram
966 3175 1022 3222 et
1059 3167 1352 3226 veritatem
1396 3167 1660 3232 habeant,
1707 3179 1764 3226 et
1817 3181 2003 3242 typum
2066 3183 2124 3228 et

545 3255 946 3328 archetypiam.
983 3257 1143 3326 Quod
1171 3259 1216 3314 si
1245 3261 1517 3331 egregiam
1555 3261 1721 3317 homo
1743 3272 1912 3333 atque
1943 3266 2120 3320 subli-

544 3363 691 3402 mem
719 3348 828 3404 hoc
853 3349 1060 3405 saeculo
1086 3350 1253 3406 habet
1284 3349 1602 3408 facultatem
1635 3369 1912 3409 summum
1940 3357 2121 3426 adipi-

544 3438 738 3494 scendi
765 3439 991 3495 virtutis
1020 3449 1077 3494 et
1103 3441 1439 3512 cognitionis
1466 3453 1522 3498 et
1570 3445 1855 3514 sapientiae
1893 3447 2120 3502 modum

542 3529 960 3601 exeellendique
987 3531 1218 3586 scientia
1254 3548 1441 3588 rerum
1487 3534 1821 3601 divinarum,
1864 3537 2035 3593 habet
2065 3539 2121 3594 in

543 3627 674 3690 typo
702 3627 759 3676 et
782 3621 1021 3692 imagine
1053 3623 1505 3696 archetyporum.
1535 3627 1722 3698 Typus
1753 3629 1903 3683 enim
1927 3645 2121 3686 revera

541 3710 726 3765 omnis
773 3720 967 3766 nostra
1014 3727 1308 3793 nuncquae
1351 3725 1612 3773 censetur
1673 3719 1880 3775 veritas
1926 3730 2033 3787 est,
2063 3731 2122 3778 et

543 3803 742 3858 umbra
764 3805 990 3876 majoris
1019 3806 1251 3863 rationis
1271 3818 1444 3880 atque
1477 3811 1657 3882 imago
1679 3821 1784 3869 est.
1841 3814 2004 3870 Ratio
2051 3831 2118 3870 ea

542 3910 666 3964 quae
709 3895 766 3951 in
796 3896 1074 3954 universis
1127 3899 1502 3972 inpraesentia
1544 3903 1612 3958 ad
1669 3920 1842 3975 usque
1869 3907 2119 3964 futurum

543 3983 712 4050 inest,
752 3986 1140 4042 universorum
1191 3989 1488 4054 conditrix,
1525 4005 1650 4046 cum
1706 4002 1816 4046 tam
1875 3993 1930 4048 in
1991 4003 2120 4065 typo

541 4089 704 4144 quam
757 4075 813 4130 in
843 4076 1079 4132 veritate
1103 4078 1258 4141 insit,
1315 4088 1426 4156 tam
1481 4080 1751 4134 exsistere
1787 4081 2117 4153 intelligitur

541 4180 706 4236 quam
733 4166 1085 4231 videri,-c_um
1118 4176 1228 4222 tam
1284 4169 1635 4237 praesentiam
1658 4185 1821 4238 quam
1869 4169 2118 4225 futurum

543 4264 655 4309 tam
702 4264 891 4326 typum
919 4271 1084 4326 quam
1119 4258 1408 4312 veritatem
1440 4268 1686 4328 superet,
1719 4274 1787 4314 eo
1806 4259 1953 4330 quod
1979 4261 2116 4316 nihil

540 4344 876 4413 oppositum,
915 4345 1064 4416 quod
1086 4361 1273 4402 secum
1319 4362 1427 4402 una
1453 4357 1755 4418 spectetur,
1793 4349 1979 4405 habet.
2007 4349 2115 4420 Op-

2238 509 2353 575 λέα,
2400 509 2433 578 ἢ
2483 511 2740 580 ποιμένα,
2771 511 2805 582 ἢ
2844 511 3100 584 ποίμνην,
3137 515 3169 584 ἢ
3205 516 3369 587 ἱερέα,
3407 519 3438 590 ἢ
3471 522 3734 596 ἱερωσύνην,

2236 603 2270 672 ἢ
2304 603 2568 673 γεωργὸν,
2605 603 2637 674 ἢ
2667 605 2994 675 στρατηγὸν,
3031 606 3064 677 ἢ
3095 608 3465 678 ἀρχιτέκτονα,
3491 616 3573 667 καὶ
3590 615 3736 678 ἁπλῶς

2236 691 2289 744 εῐ
2317 690 2542 770 τιέᾶλλο
2589 692 2700 747 τῶν
2736 688 2818 756 οἷς
2859 693 3115 766 διῄρηται
3160 697 3221 749 τὸ
3273 699 3583 770 ἀνθρώπινον
3617 704 3738 769 γένος

2236 767 2656 855 ἐπιτηδεύμασι.
2688 785 2876 839 Ταῦτα
2907 785 3017 858 γὰρ
3045 787 3223 842 πάντα
3254 789 3350 843 ὅσα
3379 767 3485 852 τοῖς
3507 767 3642 845 πέντε

2239 877 2532 948 ριεχόμενα
2561 877 2784 948 τρόποις
2824 877 3026 943 ἔδειξεν
3052 881 3081 933 ὁ
3113 881 3292 949 λόγος,
3331 883 3480 953 οὐσία
3507 885 3586 936 καὶ
3617 885 3741 938 δυνά-

2239 986 2328 1039 μει
2345 968 2439 1023 καὶ
2466 969 2737 1041 ἐνεργείᾳ,
2757 972 2876 1034 ταῖς
2898 970 3028 1042 περὶ
3056 971 3193 1024 αὐτὰ
3223 970 3456 1043 πρώταις
3478 973 3737 1044 διαιρέσεσι,

2237 1061 2626 1130 συνιστάμενα,
2653 1061 2685 1132 ἢ
2711 1064 2851 1114 κινεί
2872 1063 3088 1126 πάντως
3109 1063 3142 1133 ἢ
3173 1065 3420 1125 κινεῖται,
3442 1063 3471 1134 ἢ
3494 1064 3740 1132 ἐνεργεῖται

2233 1150 2267 1219 ἢ
2310 1152 2540 1222 ἐνεργεῖ,
2571 1153 2604 1223 ἢ
2641 1153 2836 1223 θεωρεῖ
2885 1155 2917 1224 ἦ
2965 1153 3325 1226 θεωρεῖται,ῆ
3358 1153 3499 1208 λαλεί
3543 1156 3571 1227 ἦ
3607 1156 3742 1210 λαλεῖο

2232 1259 2345 1308 ται,
2391 1243 2424 1314 ἢ
2470 1244 2713 1298 διῖάσκει
2761 1245 2794 1315 ἢ
2846 1245 3178 1311 διδάσκεται,
3212 1247 3245 1318 ἢ
3274 1247 3557 1317 ἐπιτροπὴν
3585 1248 3613 1316 ἢ
3637 1250 3740 1305 eno»

2232 1336 2442 1405 τροπὴν
2494 1337 2728 1407 δέχεται,
2771 1340 2867 1392 καὶ
2914 1337 3102 1400 ἁπλῶς
3152 1338 3239 1392 ἵνα
3286 1336 3512 1390 συνελὼν
3551 1323 3740 1407 ataui,

2233 1423 2493 1478 ποιοῦντα
2523 1426 2554 1496 ἢ
2591 1427 2869 1496 πάσχοντα
2896 1426 2997 1495 τὴν
3038 1425 3349 1497 πρακτικὴν
3385 1425 3634 1496 (217ὁ)
3668 1423 3741 1477 καὶ

2231 1516 2330 1583 τὴν
2363 1515 2602 1585 φυσικὴν
2651 1521 2746 1569 καὶ
2790 1515 2888 1587 τὴν
2933 1515 3248 1586 θεολογικὴν
3291 1517 3429 1571 κατὰ
3483 1514 3741 1586 συμπλοκὴν

2231 1605 2298 1657 δι’
2331 1605 2578 1675 ἀλλήλων
2623 1603 2880 1668 ποικίλως
2908 1608 3040 1676 ἡμῖν
3073 1604 3420 1678 εἰσηγοῦνται
3461 1605 3740 1676 φιλοσοφίαν,

2231 1697 2461 1749 ἑκάστου
2488 1694 2686 1767 δηλαδὴ
2717 1697 2826 1750 τῶν
2853 1696 3258 1770 ὠνομασμένων
3308 1697 3633 1768 πολυτρόπως
3653 1699 3743 1761 ταῖς

2232 1788 2362 1856 περὶ
2390 1786 2522 1838 αὐτὸ
2555 1786 2699 1840 κατὰ
2727 1787 2827 1857 τὴν
2863 1785 3096 1860 θεωρίαν
3143 1790 3412 1855 ἐπινοίαις
3447 1787 3743 1856 ὲπαινετῶςῆ

2229 1876 2448 1947 ψεκτῶς
2469 1875 2914 1949 λαμὸανομένου,
2945 1881 3042 1935 καὶ
3069 1880 3195 1944 τοὺς
3220 1883 3308 1935 ἐπ’
3340 1879 3486 1952 αὖτῴ
3513 1880 3745 1951 ποιητέους

2228 1970 2262 2042 ἢ
2293 1970 2353 2023 ού
2383 1969 2695 2042 ποιητέους,
2727 1970 2761 2041 ἢ
2793 1973 3116 2044 φυσικοὺςῆ
3147 1974 3473 2043 άφυσίκους,
3509 1974 3539 2043 ἦ
3568 1972 3743 2040 νοητοὺς

2228 2063 2262 2134 ἢ
2313 2062 2575 2133 ἀνοήτους
2629 2063 2822 2130 λόγους
2871 2064 3240 2132 ὲκφαίνοντος.
3291 2063 3476 2128 Διττδς
3535 2064 3648 2132 γὰρ,
3689 2062 3746 2124 ὡς

2228 2153 2390 2226 ἔφην,
2426 2155 2454 2207 ὁ
2491 2154 2575 2222 ἐφ’
2603 2154 2819 2222 ἑκάστῳ
2846 2153 2991 2223 λόγῳ
3014 2154 3217 2224 τρόπος
3245 2154 3388 2218 ἐστὶ,
3421 2153 3553 2207 κατά
3590 2151 3640 2205 τὸ
3678 2151 3748 2204 δν-

2227 2237 2389 2292 νατὸν
2431 2237 2509 2309 τῷ
2564 2238 2876 2310 ποιουμένῳ
2921 2239 3019 2311 τὴν
3066 2241 3156 2294 ἐπ’
3193 2242 3383 2304 αὐτοῖς
3422 2241 3637 2303 συνετῶς
3672 2243 3747 2310 τῆς

2234 2327 2469 2400 Θεωρίας
2517 2328 2778 2396 ἐξέτασιν,
2823 2331 2908 2384 ἵνα
2949 2329 3012 2383 ἐκ
3047 2348 3107 2384 τε
3133 2332 3236 2402 τῆς
3261 2333 3374 2385 τῶν
3408 2332 3650 2403 ποιητέων
3675 2330 3747 2382 καὶ

2229 2417 2477 2489 φυσικῶν
2512 2422 2604 2474 καὶ
2635 2420 2840 2492 νοητῶν
2869 2421 3044 2491 λόγων
3075 2421 3300 2488 θέσεως,
3331 2424 3427 2478 καὶ
3467 2427 3526 2477 ἐκ
3553 2423 3637 2492 τῆς
3668 2420 3748 2474 τῶν

2226 2513 2287 2565 οὺ
2329 2511 2600 2584 ποιητέων
2639 2514 2734 2566 καί⁵
2768 2513 3056 2584 ἀφυσίκων
3088 2515 3182 2568 καὶ
3227 2516 3470 2586 ἀνοήτων
3495 2510 3748 2584 φαντασιῶν

2226 2602 2591 2674 ἀφαιρέσεως,
2619 2603 2654 2672 ἡ
2684 2602 2962 2673 πρακτικὴ
2994 2603 3088 2656 καὶ
3128 2604 3161 2673 ἡ
3196 2605 3404 2674 φυσικὴ
3437 2604 3524 2657 καὶ
3560 2605 3590 2672 ή
3620 2599 3752 2654 θεολο-

2227 2692 2358 2762 γικὴ
2393 2692 2728 2764 περιποιηθῇ
2762 2697 2874 2757 τοῖς
2906 2693 3158 2748 εὐσεϐέσι
3190 2694 3500 2765 φιλοσοφία,
3526 2695 3687 2746 τοῦτον

2230 2785 2378 2837 ἔστιν
2427 2785 2625 2850 εἰπεῖν,
2685 2783 2956 2854 φιλοθεῖα.
3007 2787 3116 2840 Καὶ
3169 2782 3332 2842 αὗται
3363 2787 3419 2841 δὲ
3444 2786 3593 2839 πάλιν
3615 2783 3679 2854 τῷ
3704 2797 3750 2834 τε

2226 2874 2455 2946 παρόντι
2489 2875 2583 2929 καὶ
2602 2874 2681 2945 τῷ
2706 2875 2954 2947 μέλλοντι
2980 2876 3337 2948 διαιροῦνται,
3366 2877 3443 2940 ὡς
3471 2876 3613 2930 σκιὰν
3631 2875 3753 2943 ἔχου-

2226 2987 2318 3024 σαι
2350 2971 2446 3025 καὶ
2495 2970 2778 3043 ἀλήθειαν,
2828 2973 2923 3026 καὶ
2962 2970 3134 3025 τύπον
3167 2971 3261 3025 καὶ
3302 2969 3648 3042 ἀρχετυπίαν.
3683 2963 3750 3026 Ὠς

2225 3061 2271 3115 δ’
2310 3062 2376 3116 ἂν
2408 3061 2704 3136 ὑπερφυῶς
2747 3079 2808 3116 τε
2856 3065 2951 3118 καὶ
3002 3061 3224 3134 ὑψηλῶς
3264 3061 3490 3116 δυνατόν
3521 3061 3623 3112 ἐστι
3646 3053 3755 3110 κατὰ

2223 3153 2315 3206 τὸν
2361 3153 2535 3208 αίῶνα
2578 3154 2766 3209 τοῦτον
2809 3154 2889 3226 τῷ
2940 3153 3215 3226 ἀνθρώπῳ
3243 3153 3306 3208 τὸ
3336 3153 3623 3226 ἀκρότατον
3650 3145 3756 3217 φθά-

2227 3258 2422 3308 σαντες
2454 3245 2654 3315 μέτρον
2679 3246 2778 3316 τῆς
2806 3245 3010 3317 ἀρετῆς
3039 3246 3135 3299 καὶ
3163 3247 3260 3316 τῆς
3297 3245 3554 3313 γνώσεως
3575 3242 3655 3294 καὶ
3679 3237 3753 3306 τῆς

2227 3335 2418 3406 σοφίας
2466 3336 2852 3406 περιγενέσθαι
2890 3339 2988 3408 τὴν
3027 3337 3139 3390 τῶν
3182 3336 3343 3390 θείων
3388 3331 3755 3405 ὲπιστήμην,ὲν

2221 3426 2380 3498 τύπῳ
2423 3429 2518 3481 καὶ
2561 3427 2732 3482 εἰκόνι
2777 3429 2884 3482 τῶν
2924 3429 3250 3499 ἀρχετύπων
3296 3427 3441 3482 ἐστί.
3481 3426 3646 3487 Τύπος
3674 3420 3758 3491 γάρ

2223 3520 2371 3572 ἐστιν
2409 3517 2482 3583 ὡς
2539 3517 2758 3590 ἀληθῶς
2802 3520 2952 3573 πᾶσα
2983 3522 3118 3592 παρ’
3158 3519 3317 3590 ἡμῶν
3354 3518 3452 3573 νῦν
3483 3515 3610 3571 εἶναι
3637 3530 3758 3585 νομι-

2224 3610 2428 3682 ζομένη
2473 3610 2723 3682 ἀλήθεια,
2761 3612 2857 3665 καὶ
2908 3611 3038 3665 σκιὰ
3082 3609 3177 3664 τοῦ
3225 3611 3478 3679 μείζονος
3519 3610 3661 3678 λόγου
3686 3605 3759 3659 καὶ

2223 3692 2409 3760 εἰκών.
2455 3705 2512 3758 Ὀ
2547 3707 2604 3759 ὲν
2640 3706 2781 3770 ὅλοις
2824 3707 2970 3761 κατά
3004 3705 3063 3760 τὸ
3110 3706 3289 3777 παρὸν
3335 3706 3472 3776 πρὸς
3519 3705 3576 3758 τὸ
3603 3701 3759 3774 μέλλον

2223 3797 2318 3852 καὶ
2347 3797 2456 3852 τῶν
2503 3796 2642 3852 ὅλων
2677 3799 2959 3868 ποιητικὸς
2991 3799 3149 3868 λόγος
3175 3797 3609 3868 κατανοούμενός
3642 3796 3760 3847 ἐστιν

2222 3890 2297 3953 ὡς
2327 3891 2384 3942 ὲν
2405 3889 2565 3962 τύπῳ
2595 3891 2690 3944 καὶ
2717 3889 2970 3960 ἀληθείᾳ,
2996 3889 3091 3942 καὶ
3132 3887 3208 3943 ὢν
3237 3889 3334 3943 καὶ
3355 3891 3681 3960 φαινόμενος,
3703 3880 3761 3939 ὡς

2224 3980 2370 4051 ὑπὲρ
2397 3981 2459 4034 τὸ
2501 3981 2678 4052 παρὸν
2710 3981 2806 4035 καὶ
2840 3981 2902 4034 τὸ
2930 3981 3124 4052 μέλλον
3157 3980 3255 4045 ὢν,
3307 3983 3406 4035 καὶ
3455 3979 3591 4050 ὑπὲρ
3622 3975 3762 4028 τύπον

2222 4073 2316 4124 καὶ
2355 4071 2643 4143 ἀλήθειαν,
2673 4072 2753 4143 τῷ
2788 4073 2957 4144 μηδὲν
2988 4072 3135 4143 ἔχειν
3168 4072 3548 4142 ἀντικείμενον
3571 4064 3762 4120 συνθεω-

2223 4164 2511 4236 ρούμενον.
2582 4165 2912 4220 Ἀντίκειται
2966 4165 3026 4220 δὲ
3079 4169 3148 4237 τῇ
3203 4164 3438 4236 ἀληθείᾳ
3476 4163 3536 4217 τδ
3583 4158 3761 4231 ψεῦδος.

2223 4257 2426 4328 (218
2454 4257 2518 4326 α)
2560 4256 2732 4328 Ὑπὲρ
2791 4245 3052 4327 ἀλήθειαν
3074 4258 3183 4330 ἄρα
3222 4259 3251 4310 ὁ
3276 4258 3417 4328 πρὸς
3438 4256 3496 4310 ὃν
3523 4255 3586 4307 τά
3621 4252 3761 4304 πάντα

2223 4348 2522 4417 συνάγεται
2553 4348 2736 4417 λόγος,
2773 4351 2870 4405 καὶ
2904 4345 3081 4415 αὖθις,
3122 4351 3199 4413 ὡς
3231 4347 3523 4422 ἄνθρωπος
3552 4344 3638 4400 καὶ
3659 4340 3762 4400 Θεδς

539 4433 780 4503 positum
799 4443 982 4491 autem
1010 4434 1230 4490 veritati
1259 4445 1344 4490 est
1381 4435 1750 4492 mendacium.
1790 4439 1978 4508 Itaque
2017 4454 2110 4493 ve-

2224 4440 2507 4510 ὑπάρχων,
2542 4439 2636 4493 καὶ
2661 4440 2802 4512 ὑπὲρ
2830 4443 3012 4495 πᾶσαν
3046 4441 3122 4494 ὣν
3162 4420 3383 4520 ἀληθῶς
3412 4429 3762 4508 ἀνθρωπότητά

538 4525 759 4586 ritatem
792 4535 1018 4596 superat
1055 4541 1122 4582 ea
1169 4525 1238 4582 ad
1265 4541 1428 4596 quam
1486 4529 1754 4594 universa,
1777 4529 2113 4599 colliguntur

2218 4545 2280 4582 τε
2317 4530 2412 4582 καὶ
2438 4527 2690 4598 θεότητα.

538 4617 701 4684 ratio,
736 4619 1054 4689 pariterque
1119 4633 1337 4684 rursus,
1407 4628 1468 4673 ut
1516 4619 1681 4675 homo
1720 4628 1778 4676 et
1817 4621 1984 4685 Deus,
2021 4620 2188 4677 etiam
2228 4635 2446 4675 omnem
2492 4635 2683 4675 revera
2745 4619 3144 4675 humanitatem
3205 4629 3262 4674 et
3307 4609 3642 4674 divinitatem
3685 4627 3760 4666 su-

577 4719 718 4765 erat.

577 4724 718 4765 erat.
2004 4741 2011 4746 -

539 4724 576 4850 Ρ
607 4801 961 4870 Coliiguntur
985 4803 1154 4872 igitur
1186 4805 1405 4874 priores
1465 4804 1689 4873 quidem
1728 4799 1969 4872 Quinque
2013 4821 2110 4860 ra—

537 4895 720 4951 tiones
775 4894 844 4949 de
889 4894 1190 4950 multifaria
1257 4897 1499 4965 ipsarum
1530 4894 1994 4966 contemplatione
2055 4896 2148 4979 in.

533 4985 768 5040 activam
795 4992 852 5040 et
866 4987 1174 5042 naturalem
1199 4996 1256 5042 et
1285 4987 1648 5058 theologicam
1673 4986 2108 5056 philosophiam,

535 5074 620 5130 ha:
643 5089 778 5129 vero
827 5091 1024 5132 rursus
1050 5077 1105 5132 in
1147 5077 1500 5147 praesentiam
1544 5087 1712 5146 atque
1747 5076 2017 5142 futurum,
2053 5077 2110 5133 id

533 5175 622 5220 est
664 5173 853 5235 typum
899 5177 1064 5238 atque
1102 5167 1416 5233 veritatem,
1451 5167 1744 5238 praesentia
1775 5182 1908 5221 vero
1939 5174 1996 5222 et
2025 5167 2112 5222 fu-

535 5256 810 5334 turumiin
825 5258 1152 5328 principale,
1202 5261 1319 5315 sive
1345 5259 1400 5314 in
1438 5259 1732 5324 rationem,
1784 5258 1840 5314 id
1875 5267 1959 5314 est
1984 5257 2108 5314 Ser-

534 5362 777 5410 monem,
807 5363 930 5418 quae
955 5349 1164 5414 eratin
1191 5349 1486 5420 principio,
1519 5365 1643 5419 quae
1696 5359 1872 5405 semet
1911 5349 2024 5420 pati
2052 5358 2109 5405 et

531 5436 724 5494 videre
752 5436 885 5494 facit
918 5452 1015 5494 eos
1037 5438 1130 5508 qi
1161 5439 1250 5493 sui
1289 5439 1440 5509 digni
1481 5438 1613 5493 facti
1661 5438 1890 5505 fuerint,
1927 5448 1983 5493 et
2009 5454 2108 5508 per

531 5543 597 5584 ea
621 5545 745 5598 quae
773 5531 920 5592 dicta
953 5538 1084 5586 sunt
1115 5546 1334 5586 summo
1355 5548 1481 5585 eum
1512 5531 1698 5587 studio
1724 5532 1792 5586 ad
1829 5548 1950 5588 sese
1980 5534 2106 5600 iter,

532 5627 590 5674 et
605 5620 869 5676 deeadem
897 5637 995 5691 per
1025 5622 1174 5692 ipsos
1203 5622 1400 5676 factam
1457 5623 1780 5696 per.ipsum_
1821 5623 2109 5678 effecerint

536 5709 851 5776 monadem,
884 5712 952 5766 de
987 5711 1139 5769 omni
1171 5727 1267 5766 eos
1297 5711 1540 5767 motione
1593 5712 1836 5781 passioni
1870 5712 2107 5768 obnoxia

2293 4801 2631 4868 Συνάγονται
2676 4801 2860 4855 τοίνυν
2896 4802 2944 4854 οἱ
2981 4799 3082 4871 μὲν
3116 4801 3376 4873 πρότεροι
3413 4798 3574 4852 πέντε
3603 4795 3760 4871 τρόποι

2220 4877 2365 4948 κατὰ
2389 4893 2490 4962 τὴν
2517 4893 2605 4946 ἐπ’
2640 4894 2822 4957 αὐτοῖς
2863 4891 3204 4962 πολύτροπον
3233 4893 3469 4962 θεωρίαν
3524 4890 3599 4952 εἰς
3643 4902 3761 4957 πρα-

2219 4987 2417 5058 κτικὴν
2439 4986 2530 5039 καὶ
2545 4985 2780 5057 φυσικὴν
2807 4986 2905 5039 καὶ
2919 4984 3236 5055 θεολογικὴν
3267 4982 3605 5054 φιλοσοφίαν,
3631 4970 3761 5031 αὗται

2219 5079 2276 5131 δὲ
2318 5078 2484 5133 πάλιν
2511 5081 2591 5142 είς
2615 5077 2680 5132 τὸ
2708 5076 2881 5150 παρὸν
2911 5077 3004 5130 καὶ
3030 5079 3112 5140 είς
3137 5075 3198 5130 τὸ
3231 5076 3447 5147 μέλλον,
3485 5077 3600 5146 ἢτοι
3623 5069 3762 5124 τύπον

2220 5170 2314 5224 καὶ
2361 5151 2650 5242 ἀλήθειαν,
2701 5169 2762 5223 τὸ
2808 5169 2986 5241 παρὸν
3038 5169 3094 5222 δὲ
3145 5168 3244 5222 καὶ
3287 5167 3349 5220 τὸ
3399 5166 3592 5238 μέλλον
3622 5163 3692 5224 είς
3716 5159 3765 5212 τὺ

2220 5261 2472 5331 ἀρχικὸν,
2510 5261 2681 5331 ἤγουν
2713 5259 2806 5314 τὸν
2856 5260 2914 5312 ἐν
2956 5253 3111 5330 ἀρχῇ
3155 5257 3349 5327 Λόγον,
3393 5257 3488 5309 τὸν
3539 5250 3766 5307 ποιοῦντα

2219 5353 2415 5406 παθεῖν
2462 5351 2623 5405 αὑτὸν
2668 5351 2764 5404 καὶ
2817 5351 2948 5404 ίδείν
2982 5351 3111 5414 τοὺς
3140 5348 3325 5414 ἀξίους
3368 5347 3534 5402 αὑτοῦ
3562 5340 3767 5414 γενομέ-

2220 5461 2365 5508 νους,
2409 5443 2504 5498 καὶ¹
2537 5442 2624 5498 διὰ
2657 5442 2769 5496 τῶν
2813 5441 3126 5512 εἰρημένων
3160 5430 3464 5510 φιλοπόνως
3511 5437 3608 5506 τὴν
3651 5431 3766 5502 πῷς

2218 5531 2378 5584 αὐτὸν
2397 5530 2800 5602 ποιησαμένους
2826 5531 3072 5600 πορείαν,
3094 5531 3188 5584 καὶ
3212 5530 3311 5598 τὴν
3331 5529 3395 5582 δι’
3416 5527 3613 5589 αὐτοὺς
3636 5539 3764 5593 γενο-

2220 5623 2390 5692 μένην
2434 5623 2632 5676 δεκάδα
2677 5623 2745 5676 δι’
2783 5623 2944 5676 αὑτὸν
2990 5611 3387 5694 ποιησαμένους
3437 5619 3654 5691 μονάδα,
3684 5614 3764 5682 τὴν

2218 5716 2415 5799 αὐτοὺς
2449 5715 2739 5792 ἐκτινάξαν
2778 5717 2980 5778 παντὸς
3023 5714 3305 5786 ὲμπαθοῦς
3335 5730 3387 5766 τε
3419 5713 3517 5766 καὶ
3559 5701 3762 5781 φυσικοῦ
