4026 6288
295 394 433 461 1297

1526 402 2041 465 AMBIGUORUM
2080 406 2333 466 LIBER.

3398 414 3545 482 1298

286 509 383 564 mi.
428 510 625 581 νοητοῦ
671 511 992 583 κινήματος,
1022 512 1118 567 καὶ
1146 512 1245 585 την
1276 513 1334 566 ὲν
1361 514 1547 586 χάριτι
1584 514 1736 569 θείαν
1764 517 1851 569 αὑ-

1965 526 2016 572 et
2049 519 2286 573 naturali
2316 528 2371 574 et
2397 519 2753 575 intellectuali
2781 521 3139 579 decussuram
3184 522 3539 599 divinamquc

284 603 403 665 τοῖς
434 601 575 655 κατὰ
622 604 723 670 τὴν
772 604 1066 676 ὁλόκληρον
1111 603 1227 668 ἕξιν
1287 606 1735 677 ἐμμορφώσασαν
1764 607 1866 677 τῆς

285 693 431 747 κατὰ
459 692 623 762 φύσιν
653 694 806 758 θείας
824 695 1127 765 ἁπλότητος
1158 695 1418 767 ἰδιότητα.
1463 698 1657 751 Ἰστέον
1682 699 1737 751 δὲ
1768 698 1863 751 καὶ

280 781 463 847 τοῦτο,
492 782 575 836 ὄτι
610 782 708 854 τῆς
749 784 849 853 μὲν
874 783 1130 857 προνοίας
1159 786 1186 837 6
1216 782 1374 852 λόγος
1401 787 1467 857 τῇ
1501 789 1732 859 φυσικῇ,
1769 787 1864 841 καὶ

277 873 309 924 6
333 871 434 940 τῆς
464 872 698 945 κρίσεως
722 873 880 941 λόγος
900 876 965 945 τῇ
1000 877 1277 947 πρακτικῇ
1310 877 1687 948 κατέσπαρται
1715 876 1863 947 φιλο-

281 964 469 1035 σοφίᾳ,
503 965 643 1018 κατὰ
672 966 798 1029 τοὺς
822 967 1005 1029 αὐτοῖς
1034 966 1348 1037 πρέποντας
1380 968 1638 1038 τρόπους,
1673 962 1755 1032 οἷς
1775 969 1864 1024 διὰ

276 1058 379 1129 τῆς
408 1059 641 1131 θεωρίας
666 1061 776 1115 τῶν
805 1062 974 1117 όντων
1010 1080 1070 1116 τε
1120 1064 1213 1116 καὶ
1246 1064 1549 1134 γινομένων
1577 1065 1863 1135 ἐμφαίνον-

274 1166 391 1204 ται.
417 1151 625 1217 Ταῦτα,
667 1152 851 1216 καθὼς
886 1154 1122 1225 εἴρηται,
1159 1156 1453 1217 νενοηκότα
1479 1155 1569 1209 τὸν
1598 1156 1861 1228 θεόφρονα

274 1238 470 1294 τοῦτον
513 1240 834 1297 διδάσκαλον
880 1241 1104 1314 οἷμαιδδ
1136 1244 1464 1315 προσφόρως
1505 1246 1633 1308 τοὺς
1660 1246 1861 1315 ὀνομα-

278 1331 509 1396 σθέντας
538 1333 728 1404 ἁγίους
761 1336 825 1389 ὲκ
856 1334 951 1389 τοῦ
977 1335 1119 1389 κατὰ
1148 1336 1303 1406 γένος
1336 1338 1431 1391 καὶ
1456 1335 1615 1402 ἀξίαν
1648 1336 1856 1409 τρόπου

272 1423 378 1492 τῆς
407 1424 494 1475 ἐπ’
512 1425 698 1489 αὐτοῖς
722 1424 958 1497 Θεωρίας
987 1427 1240 1494 καλέσαι,
1267 1428 1357 1481 τὸν
1381 1428 1445 1481 δὲ·
1466 1428 1859 1509 μέγαν.’1ωὰνο

271 1531 375 1585 νην
421 1517 516 1570 καί¹
552 1518 615 1570 ὲκ
655 1516 751 1570 τοῦ
786 1519 974 1572 τόπου.
1027 1518 1227 1591 Διόπερ
1267 1520 1295 1573 6
1338 1520 1440 1589 μὲν
1484 1518 1638 1587 ἅγιος
1674 1519 1858 1574 Ἰωὰν-

270 1623 394 1676 νης,
422 1609 497 1672 ὡς
526 1609 623 1679 μὲν
653 1608 829 1681 κῆρυξ
863 1609 1175 1680 μετανοίας,
1208 1610 1461 1681 πράξεώς
1484 1612 1635 1664 ἐστιν
1666 1610 1852 1675 εἰκὼν,

266 1694 347 1759 ὡς
376 1696 433 1748 δὲ
464 1697 1062 1769 ἐρημίτης,ἀπαθείας,
1091 1700 1168 1763 ὡς
1189 1700 1419 1771 Λευϊτης
1445 1700 1501 1753 δὲ
1528 1700 1621 1754 καὶ
1652 1703 1850 1773 ἱερεὺς,

270 1788 586 1859 γνωστικῆς
617 1788 873 1860 θεωρίας,
908 1790 983 1854 ὡς
1029 1790 1085 1843 δὲ
1114 1790 1209 1844 τοῦ
1242 1791 1405 1861 λόγου
1437 1796 1853 1865 προσκιρτήσας

1972 610 2027 663 in
2062 609 2238 680 gratia
2277 610 2358 663 eis
2388 610 2690 664 secundum
2747 611 3019 682 integrum
3073 616 3321 671 habitum
3374 618 3543 674 infor-

1968 710 2237 755 maturam
2270 700 2467 755 divina:
2486 701 2814 756 naturaliter
2834 702 3203 773 simplicitatis
3236 709 3543 779 proprieta-

1968 797 2099 845 tem.
2137 790 2433 846 Sciendum
2466 801 2652 847 autem
2682 792 2786 847 hoc
2808 808 3026 863 quoque
3048 805 3156 860 est,
3182 798 3545 865 providentia:

1967 879 2234 934 rationem
2259 881 2517 945 naturali,
2544 879 2736 950 judicii
2761 880 3027 936 rationem
3061 882 3240 937 activa
3264 899 3385 940 esse
3419 887 3544 956 phi-

1964 967 2213 1038 losophia
2249 980 2444 1034 satam,
2469 971 2769 1025 secundum
2798 971 2993 1027 modos
3034 973 3451 1041 convenientes,
3482 977 3541 1032 in

1963 1059 2166 1129 quibus
2185 1076 2285 1131 per
2310 1076 2502 1116 eorum
2532 1078 2654 1132 qua:
2668 1062 2941 1118 exsistunt
2965 1071 3022 1118 et
3044 1063 3181 1119 ﬁunt
3205 1066 3543 1135 contempla-

1902 1184 1911 1195 ι
1946 1149 2167 1215 tionem
2198 1150 2634 1207 manifestantur.
2669 1150 2805 1217 Hoc,
2846 1152 2926 1209 uti
2956 1152 3091 1219 dixi,
3148 1154 3430 1209 intellectu
3459 1163 3541 1209 at-

1964 1258 2072 1312 que
2131 1243 2367 1299 consilio
2421 1244 2671 1299 divinum
2728 1246 2876 1300 hunc
2924 1245 3165 1301 arbitror
3211 1246 3539 1317 magistrum

1960 1344 2203 1399 sanctos,
2226 1351 2365 1406 quos
2391 1337 2707 1407 appellavit,
2727 1347 3095 1408 congruenter
3128 1353 3197 1393 ex
3223 1338 3387 1393 modo
3408 1353 3542 1393 cono

1958 1426 2328 1495 templationis
2372 1439 2564 1482 eorum
2615 1442 2842 1483 vocasse
2883 1428 3211 1483 secundum
3259 1443 3432 1500 genus
3482 1436 3541 1484 et

1957 1514 2303 1587 dignitatem,
2335 1533 2591 1589 magnum
2636 1532 2770 1573 vero
2799 1518 3067 1574 Joannem
3099 1518 3265 1575 etiam
3315 1518 3383 1574 de
3430 1520 3538 1574 loci

1957 1608 2142 1663 modo.
2168 1608 2350 1675 Quare
2377 1616 2601 1664 sanctus
2623 1608 2883 1675 Joannes,
2912 1618 2973 1665 ut
3029 1608 3371 1681 poenitentiae
3396 1625 3535 1679 prte-

1960 1716 2046 1766 co,
2077 1702 2311 1758 actionis
2341 1710 2426 1757 est
2447 1702 2645 1775 imago,
2684 1711 2744 1758 ut
2770 1702 3020 1769 eremita,
3048 1701 3531 1773 impassibilitatis,
3616 1706 3621 1711 ’

1957 1800 2017 1846 ut
2042 1790 2232 1848 Levita
2249 1801 2305 1847 et
2334 1792 2617 1857 sacerdos,
2643 1794 2905 1864 gnosticaa
2935 1790 3441 1861 contemplationis,
3474 1798 3539 1845 ut

266 1878 380 1932 ἀπὸ
429 1880 688 1953 γαστρὸς,
730 1882 997 1953 ἁτρεψίας
1048 1884 1144 1937 καὶ
1187 1884 1288 1953 τῆς
1340 1885 1460 1937 κατ’
1505 1884 1705 1957 ἀρετὴν
1752 1888 1845 1939 καὶ

1959 1899 2077 1938 vero
2122 1885 2351 1939 rationis
2381 1900 2448 1940 ex
2474 1893 2631 1940 utero
2662 1884 2961 1949 exsultans,
2988 1882 3309 1939 constantia:
3342 1889 3400 1936 et
3437 1881 3538 1937 ha-

268 1969 475 2036 γνῶσιν
521 1970 690 2037 ἓξεώς
736 1974 852 2026 ἐστι
904 1972 1171 2044 σύμϐολον
1195 1991 1209 2004 ·
1242 1977 1270 2027 6
1296 1975 1352 2028 δὲ
1378 1975 1532 2045 ἅγιος
1559 1977 1745 2042 Δαὸὶδ,
1776 1978 1849 2042 ὡς

271 2061 374 2128 μὲν
426 2062 682 2125 Ἰουδαῖος
715 2062 917 2136 (218
947 2064 1011 2136 ὁ)
1041 2067 1135 2119 καὶ
1171 2068 1397 2139 ποιμὴν,
1439 2068 1539 2137 τὴν
1570 2067 1638 2121 δι’
1659 2066 1851 2137 ἐξομο-

269 2150 551 2222 λογήσεως
591 2158 904 2225 πρακτικὴν
939 2156 1261 2229 φιλοσοφίαν
1296 2157 1641 2223 είκονίζεται,
1676 2158 1752 2221 ὡς
1794 2157 1851 2213 δὲ

268 2242 523 2311 βασιλεὺς
566 2244 801 2316 Ἰσραὴλ,
834 2246 933 2318 τὴν
967 2248 1312 2322 θεωρητικὴν
1356 2251 1660 2320 εἰσηγεῖται
1691 2267 1853 2321 μυστ-

266 2335 535 2403 αγωγίαν.
595 2336 757 2403 Γένος
812 2338 905 2392 οὖν
961 2338 1055 2392 τοῦ
1108 2340 1207 2411 μὲν
1256 2340 1415 2408 ἁγίου
1479 2340 1728 2395 Ἰωάννου
1791 2341 1853 2395 τὸ

270 2424 424 2489 ἔθνος
450 2428 543 2480 καὶ
565 2431 597 2498 ἡ
631 2429 772 2500 φυλὴ
800 2430 857 2497 ἐξ
899 2422 974 2485 ὧν
1004 2425 1239 2503 ὑπῆρχε,
1275 2431 1402 2499 ἀξία
1423 2432 1479 2485 δὲ
1505 2432 1566 2486 τὸ
1589 2434 1853 2503 κήρυγμα

271 2516 370 2569 καὶ
407 2519 701 2591 ἱερωσύνη,
744 2521 840 2575 καὶ¹
875 2522 1039 2588 τόπος
1079 2525 1114 2593 ἡ
1147 2522 1352 2594 ἔρημος
1390 2525 1448 2579 ὲν
1477 2517 1719 2599 ᾖδιῆγε’
1758 2523 1852 2578 τοῦ

266 2608 327 2663 δὲ
355 2611 509 2678 ἁγίου
548 2613 709 2665 Δαϐὶδ
738 2613 1024 2680 ὡσαύτως,
1057 2616 1117 2669 τὸ
1146 2615 1244 2686 μὲν
1285 2616 1444 2685 γένος
1468 2616 1530 2669 τὸ
1552 2615 1705 2679 ἔθνος
1736 2616 1853 2668 ἐστὶ

270 2701 370 2754 καὶ
402 2704 436 2773 ἡ
468 2704 629 2776 φυλὴ,
662 2704 722 2759 τὸ
753 2705 810 2758 δὲ
832 2707 1194 2778 ἐπιτήδευμα,
1237 2707 1408 2778 ἧγουν
1438 2708 1472 2779 ή
1499 2706 1645 2774 ἀξία,
1672 2708 1705 2777 ἡ
1734 2724 1853 2759 ποι-

273 2795 512 2866 μαντικὴ
560 2797 655 2850 καὶ
709 2799 741 2867 ή
788 2798 1055 2869 βασιλεία.
1109 2793 1206 2862 Ai;
1243 2799 1527 2871 ἑκάτερος,
1572 2797 1853 2866 ἀναλόγως

271 2884 453 2955 ἐζυτῷ
482 2888 623 2941 κατὰ
640 2889 733 2941 τὸν
765 2890 1044 2961 πρέποντα
1074 2890 1231 2959 λόγον
1260 2890 1369 2943 τῶν
1402 2890 1489 2943 ὲπ’
1520 2888 1669 2959 αύτῷ
1697 2888 1853 2957 λεγο-

272 2976 455 3044 μένων
486 2979 705 3048 τρόπων
748 2980 1148 3051 θεωρούμενος,
1185 2980 1247 3033 τὺ
1282 2980 1350 3034 δι’
1384 2978 1549 3033 αὑτοῦ
1587 2979 1855 3049 δηλούμε-

269 3082 367 3121 νον
397 3086 417 3123 t
437 3070 756 3136 ἀπταίστως
781 3092 799 3125 ι
833 3074 1135 3144 μυστήριον
1157 3072 1456 3128 δείκνυσιν.

1954 1975 2100 2031 bitus
2128 1976 2346 2032 virtutis
2370 1980 2425 2031 et
2453 1976 2784 2047 cognitionis
2816 1975 3127 2047 symbolum
3162 1982 3283 2030 est:
3314 1982 3539 2028 sanctus

1952 2076 2143 2121 contra
2199 2068 2392 2133 David,
2444 2074 2506 2122 ut
2549 2066 2773 2123 Judzeus
2803 2076 2858 2121 et
2904 2074 3111 2137 pastor,
3141 2065 3373 2120 activam
3434 2079 3535 2134 per

1958 2158 2361 2214 confessionem
2428 2158 2835 2229 philosophiam
2872 2157 3085 2229 figurat,
3112 2165 3171 2210 ut
3194 2170 3293 2210 rex
3334 2153 3543 2239 Israel,

1952 2250 2427 2320 contemplativam
2464 2248 2767 2303 introducit
2792 2247 3203 2319 mystagogiam.
3226 2245 3411 2301 Genus
3431 2244 3535 2316 igi-

1957 2349 2047 2395 tur
2069 2340 2242 2395 sancti
2264 2339 2494 2396 Joannis
2528 2355 2661 2411 gens
2687 2349 2773 2394 est
2801 2348 2857 2394 et
2892 2340 3073 2394 tribus
3102 2338 3247 2394 unde
3265 2338 3535 2409 originem

1954 2428 2209 2494 ducebat,
2238 2429 2476 2501 dignitas
2498 2444 2630 2484 vero
2658 2428 2995 2500 prazconium
3027 2437 3083 2483 et
3129 2427 3533 2493 sacerdotium,

1952 2529 2010 2575 et
2038 2521 2194 2575 locus
2214 2520 2501 2576 desertum
2546 2519 2641 2576 ubi
2659 2518 2869 2574 versari
2912 2518 3163 2585 solebat;
3197 2517 3371 2572 sancti
3406 2532 3539 2573 con-

1954 2620 2036 2665 tra
2082 2610 2305 2665 Davidis
2338 2611 2459 2682 pari
2496 2610 2660 2667 modo
2713 2625 2889 2682 genus
2949 2618 3035 2666 est
3064 2626 3196 2681 gens
3232 2618 3291 2664 et
3338 2608 3534 2673 tribus,

1955 2717 2175 2766 munus,
2200 2701 2255 2755 id
2269 2710 2352 2757 est
2375 2701 2934 2775 dignitas,pastorale
2953 2700 3193 2758 ofﬁcium
3210 2710 3265 2755 et
3286 2714 3534 2770 regnum.

1953 2791 2189 2857 Quibus,
2219 2791 2597 2863 philosophia,
2656 2793 2908 2861 inquam,
2939 2792 3117 2845 activa
3168 2800 3225 2845 et
3285 2801 3535 2845 conteru-

1954 2882 2157 2951 plativa
2208 2883 2563 2954 mystagogia,
2613 2882 2659 2937 si
2709 2890 2941 2951 uterque
2984 2881 3093 2937 sibi
3141 2880 3538 2936 convenienter

1955 2972 2257 3027 secundum
2289 2981 2684 3043 congruentem
2710 2972 3003 3028 modorum
3038 2972 3095 3027 in
3135 2972 3218 3026 eis
3268 2970 3538 3025 indicato

1954 3077 2077 3115 rum
2100 3062 2368 3118 rationem
2390 3072 2689 3134 spectatur,
2720 3064 3043 3136 mysterium
3080 3077 3177 3134 per
3204 3070 3379 3118 semet
3411 3076 3532 3115 ma-

1956 3152 2275 3209 nifestatum
2305 3154 2423 3210 sine
2453 3174 2472 3207 ι
2497 3155 2666 3211 ullius
2690 3155 2995 3211 offensione
3021 3174 3038 3207 ι
3086 3154 3457 3211 demonstrat.

1873 3275 1946 3291 .-

282 3332 388 3391 Ἕκ
419 3338 526 3392 τοῦ
554 3339 741 3393 αὐτοῦ
772 3340 980 3411 λόγου,
1013 3343 1099 3408 εις
1124 3342 1189 3395 τὸ
1214 3358 1227 3371 ⁸
1261 3360 1274 3393 ι
1300 3344 1399 3395 Ἂν
1430 3342 1518 3407 είς
1541 3341 1846 3409 Αἴγυπτον

1959 3337 2034 3395 Ex
2064 3337 2245 3392 eodem
2270 3352 2534 3402 sermone,
2563 3337 2620 3391 in
2658 3335 2795 3389 illud
2828 3352 2841 3387 :
2877 3353 2894 3385 ι
2924 3332 2979 3389 Si
3007 3334 3061 3387 in
3093 3332 3382 3405 [Egi/ptum
3409 3349 3535 3404 pro-

340 3428 555 3499 φεύγῃ,
592 3434 909 3501 προθύμως
937 3431 1499 3502 συμφυγαδεύθητι·
1535 3430 1727 3487 καλὸν
1764 3427 1843 3494 τῷ

340 3517 573 3584 Χριστῷ
615 3520 985 3590 συμφεύγειν
1027 3518 1385 3590 διωκομένῳ.
1426 3519 1528 3573 Ἂν
1568 3519 1635 3573 ἐκ
1664 3519 1843 3588 Αίγύ-

343 3622 469 3672 πτῳ
506 3610 811 3678 βραδύνῃ,
868 3612 1140 3666 κάλεσον
1179 3611 1369 3666 αὑτὸν
1410 3610 1480 3675 ἐξ
1516 3611 1841 3681 Αίγύπτου,

336 3700 537 3773 καλῶς
570 3703 697 3756 ἐκεῖ
716 3705 1252 3774 προσκυνούμενον
1274 3704 1406 3776 (29).
1442 3724 1459 3756 ι

341 3895 453 3961 Δεῖ,
483 3895 735 3967 καθάπερ
761 3892 941 3967 οἶμαι,
984 3898 1120 3970 πρὸς
1145 3898 1222 3969 τῷ
1250 3898 1542 3967 γινώσκειν
1570 3901 1650 3964 είς
1673 3901 1842 3969 Αἴγυ-

264 4000 404 4047 πτον
430 3986 666 4052 φυγόντα
707 3988 798 4039 τὸν
841 3987 1054 4057 Κύριον
1076 3989 1172 4041 καὶ
1198 3988 1302 4041 ὑπὸ
1343 3989 1487 4052 τίνος
1516 3990 1845 4061 διωκόμενον

264 4071 413 4122 κατὰ
440 4072 501 4123 τὸ
532 4074 824 4128 ἀκόλουθον
854 4076 1073 4131 είδέναι.
1102 4079 1299 4146 Φεύγει
1346 4079 1525 4132 τοίνυν
1570 4082 1598 4133 6
1638 4082 1843 4152 Κύριος

259 4162 330 4212 οὐ
363 4163 524 4231 μόνον
552 4163 739 4226 ἁπλῶς
772 4166 852 4228 είς
892 4167 1187 4234 Αἴγυπτον,
1216 4168 1357 4221 ἀλλὰ
1389 4169 1481 4222 καὶ
1512 4170 1615 4222 ὑπὸ
1662 4171 1842 4242 Ἥρως

259 4250 359 4305 δου
412 4252 761 4322 διωκόμενος,
804 4255 898 4309 τοῦ
958 4252 1261 4327 τηνικαῦτα
1302 4260 1401 4328 τῆς
1447 4260 1707 4325 Ἰουδαίας
1740 4265 1843 4334 γῆς

266 4341 666 4411 βασιλεύοντος.
711 4346 1109 4416 Ἐρμηνεύεται
1133 4350 1187 4402 δὲ
1212 4351 1240 4402 6
1277 4350 1545 4422 Ἡρώδης,
1580 4353 1655 4416 ὥς
1683 4372 1841 4423 φασι,

266 4436 460 4500 πάθος,
512 4439 603 4490 καὶ¹
642 4438 987 4510 δερμάτινος,
1036 4443 1133 4495 καὶ
1187 4442 1368 4512 φύσις,
1402 4445 1435 4513 ἡ
1475 4444 1533 4497 δὲ
1568 4445 1845 4512 Αἴγυπτος

264 4526 363 4579 καὶ
407 4528 544 4597 αὐτὴ
573 4529 853 4600 πολλαχῶς
890 4531 1247 4602 λαμϐάνεται,
1276 4532 1418 4586 κατὰ
1447 4533 1548 4597 τὰς
1592 4535 1677 4587 ἐπ’
1705 4536 1842 4607 αὐτῇ

264 4618 377 4673 τῶν
404 4619 758 4692 θεωρητικῶν
788 4623 1005 4693 τρόπων
1034 4624 1303 4689 ἐπινοίας,
1346 4625 1477 4679 ποτὲ
1506 4626 1606 4695 μὲν
1637 4627 1719 4691 είς
1752 4628 1844 4683 τὸν

2018 3429 2208 3501 fugiat,
2238 3428 2412 3483 alacri
2441 3428 2627 3485 animo
2641 3435 2690 3480 te
2710 3427 2810 3497 ipsi
2830 3425 2967 3496 fuga:
2987 3424 3230 3479 comitem
3254 3423 3492 3494 adjunge
3512 3465 3528 3490 ,

2018 3520 2337 3591 prwctarum
2367 3528 2445 3574 est
2473 3537 2592 3577 cum
2622 3518 2829 3576 Christo
2852 3518 3267 3589 persecutionem
3298 3517 3533 3587 patiente

2016 3613 2212 3684 fugere.
2246 3611 2304 3666 Si
2334 3612 2721 3665 diuturniorem
2757 3610 2813 3663 in
2840 3608 3072 3681 Eyypto
3104 3623 3312 3661 moram
3339 3607 3527 3679 faciat,

2015 3723 2079 3759 ex
2124 3704 2350 3777 Egypto
2387 3721 2507 3758 eum
2556 3720 2703 3767 voca,
2746 3703 2835 3772 qui
2879 3703 2979 3755 rite
3027 3698 3141 3754 illic
3191 3698 3451 3753 adoratur
3480 3705 3529 3753 et

2019 3799 2233 3853 colitur.
2268 3816 2286 3849 ι

2018 3910 2316 3974 Debemus,
2349 3917 2410 3963 ut
2429 3908 2649 3979 opinor,
2678 3922 2805 3964 cum
2829 3908 3127 3963 Dominum
3157 3906 3214 3961 in
3233 3904 3528 3976 [Egyptum

1945 4004 2151 4075 fugisse
2181 4006 2443 4069 sciamus,
2476 4019 2642 4060 nosse
2671 4004 2843 4061 etiam
2883 4012 3293 4074 consequenter
3328 4017 3525 4073 quem-

1942 4112 2071 4150 nam
2103 4106 2513 4167 persecutorem
2564 4096 2784 4166 fugerit.
2845 4096 3005 4167 Fugit
3042 4097 3221 4167 igitur
3254 4093 3526 4151 Dominus

1944 4203 2054 4242 non
2077 4187 2256 4241 solum
2292 4186 2624 4255 simpliciter
2656 4186 2712 4240 in
2753 4186 3071 4260 Egyptum,
3122 4186 3218 4243 sed
3261 4187 3427 4241 etiam
3458 4185 3529 4239 ab

1947 4276 2182 4342 Herode,
2216 4276 2416 4332 Judaea:
2448 4284 2610 4331 terra:
2646 4284 2778 4332 tunc
2826 4278 3093 4348 temporis
3139 4290 3267 4348 rege
3296 4274 3531 4346 petitus,

1947 4367 2183 4423 Herodis
2214 4382 2370 4431 vero,
2394 4368 2476 4422 uti
2516 4368 2761 4432 tradunt,
2793 4368 3182 4439 interpretatio
3205 4374 3293 4423 est
3320 4365 3528 4437 passio,

1945 4465 2001 4512 et
2026 4457 2313 4527 pellieeus,
2348 4465 2405 4511 et
2438 4464 2663 4520 natura,
2691 4456 2959 4531 [Egyptus
2992 4466 3179 4513 autem
3220 4456 3337 4526 ipsa
3387 4454 3530 4515 mule

1949 4548 2191 4603 tifariam
2238 4548 2482 4602 refertur
2522 4549 2830 4604 secundum
2863 4550 3424 4619 contemplativorum
3468 4548 3529 4603 in

1949 4654 2014 4694 ea
2038 4638 2329 4692 modorum
2357 4638 2619 4703 rationes,
2669 4639 2832 4693 modo
2888 4639 2955 4693 ad
2995 4647 3322 4709 praesentem
3366 4652 3527 4691 mun-

262 4715 541 4770 ἐνεστῶτα
600 4718 828 4791 κόσμον,
874 4719 1005 4773 ποτὲ
1039 4720 1094 4773 δὲ
1135 4722 1215 4783 είς
1254 4720 1352 4794 τὴν
1380 4721 1586 4791 σάρκα.
1613 4724 1742 4779 ποτὲ
1785 4724 1842 4779 δὲ

1959 4729 2105 4794 dum,
2138 4729 2301 4783 modo
2330 4729 2398 4784 ad
2423 4744 2668 4795 carnem,
2709 4730 2873 4785 modo
2893 4731 2961 4785 ad
3000 4738 3314 4801 peccatum,
3359 4727 3527 4784 modo

263 4805 344 4867 είς
374 4806 473 4875 τὴν
518 4807 819 4879 ἁμαρτίαν,
847 4809 978 4862 ποτὲ
1012 4809 1069 4863 δὲ
1094 4811 1173 4872 εἰς
1204 4810 1304 4882 τὴν
1343 4811 1587 4882 ἄγνοιαν,
1624 4816 1757 4869 ποτὲ
1784 4814 1842 4869 δὲ

1959 4819 2015 4876 ad
2053 4820 2444 4891 ignorantiam,
2480 4822 2645 4877 modo
2674 4823 2742 4877 ad
2779 4822 3150 4886 vexationem,
3188 4836 3297 4886 qua
3346 4818 3525 4890 potis-

262 4899 343 4959 είς
370 4898 474 4968 τὴν
502 4900 764 4963 κάκωσιν,
800 4901 921 4955 καθ’
942 4901 1010 4972 ἣν
1042 4900 1278 4974 μάλιστα
1298 4902 1391 4957 νῦν
1419 4904 1678 4976 ἐπιϐολὴν
1706 4907 1842 4979 πρέ-

261 5006 366 5041 πον
397 4991 547 5042 ὲστὶν
582 4992 902 5059 ἐκδέξασθαι
932 4994 1031 5065 τὴν
1061 4995 1141 5057 είς
1166 4994 1440 5061 Αἴγυπτον
1484 4995 1581 5051 τοῦ
1634 4998 1841 5068 Κυρίου

262 5078 461 5147 φυγήν.
513 5078 695 5133 Καλὸν
753 5080 847 5134 οὖν
898 5082 1014 5136 ἐστι
1082 5082 1421 5153 συμφεύγειν
1458 5086 1538 5149 είς
1568 5085 1844 5155 Αἴγυπτον

259 5168 339 5238 τῷ
371 5170 621 5243 Χριστῷ,
646 5174 895 5229 τουτέστι
935 5174 1015 5247 τῷ
1044 5177 1103 5230 ὲν
1138 5176 1270 5249 ἡμῖν
1303 5176 1681 5249 διαγνωστικῷ
1716 5180 1845 5253 θείῳ

259 5260 429 5331 λόγῳ,
452 5262 545 5316 διὰ
574 5267 880 5338 νηπιότητα
905 5268 1046 5334 τέως
1078 5270 1417 5343 διωκομένῳ,
1448 5271 1515 5325 δι’
1538 5274 1687 5345 ἡμᾶς
1716 5274 1845 5339 τοὺς

260 5352 385 5403 κατ’
420 5352 587 5408 αὐτὸν
622 5356 1012 5425 νηπιάξοντας,
1048 5360 1154 5413 ὑπὸ
1194 5359 1289 5415 τοῦ
1321 5361 1653 5432 κρατοῦντος
1684 5362 1844 5434 ἡμῶν

260 5439 343 5493 ἐτι
386 5443 484 5496 καὶ
518 5444 895 5514 βασιλεύοντος
923 5449 1011 5504 διὰ
1048 5450 1158 5505 τῶν
1198 5452 1464 5523 ὲμπαθῶν
1493 5454 1592 5525 τῆς
1639 5454 1847 5526 σαρκὸς

261 5533 584 5603 κινημάτων
618 5536 903 5610 (219α)
938 5540 1126 5611 χοῖκοῦ
1184 5544 1551 5615 φρονήματος,
1612 5544 1694 5607 εἰς
1748 5544 1845 5615 τὴν

1948 4913 2151 4967 simum
2190 4914 2649 4985 interpretatione
2700 4916 2918 4970 Domini
2965 4915 3020 4970 in
3052 4912 3527 4985 [Egytumfugam

1948 5021 2100 5062 nunc
2129 5006 2383 5077 accipere
2412 5007 2699 5062 debemus.
2731 5007 3065 5062 Praeclarum
3095 5012 3182 5059 est
3208 5003 3378 5075 igitur
3397 5018 3527 5058 cum

1949 5097 2175 5157 Christo
2193 5099 2248 5155 in
2284 5097 2575 5171 Egyptum
2602 5100 2813 5169 fugere,
2855 5098 2911 5153 id
2949 5106 3036 5154 est
3086 5112 3213 5152 cum
3254 5095 3526 5167 dijudiea-
3564 5146 3567 5147 ν

1946 5196 2067 5242 tore
2116 5186 2171 5241 in
2209 5186 2372 5243 nobis
2408 5203 2668 5243 sermone
2703 5186 2916 5251 divino,
2972 5193 3196 5256 propter
3236 5183 3564 5261 infantiam,

1944 5276 2135 5335 tandiu
2161 5278 2604 5345 persecutionem
2634 5276 2902 5347 patiente,
2930 5285 3159 5347 propter
3183 5289 3286 5331 nos
3322 5275 3419 5345 qui
3457 5290 3526 5329 eo

1946 5362 2185 5418 infantes
2216 5378 2431 5429 sumus,
2468 5364 2915 5434 persecutionem
2944 5364 3190 5435 patiente
3220 5378 3251 5417 a
3310 5370 3527 5416 terrena

1945 5468 2067 5523 qua:
2098 5454 2152 5509 in
2189 5454 2353 5509 nobis
2398 5454 2584 5509 adhuc
2627 5470 2727 5525 per
2779 5462 2965 5511 motus
3014 5454 3199 5510 carnis
3233 5449 3528 5509 affectibus

1946 5546 2213 5601 obnoxios
2237 5546 2557 5603 dominatur
2591 5548 2897 5613 voluntate,
2934 5547 2991 5601 in
3034 5545 3383 5602 vexationem
3423 5553 3527 5614 per

1569 5658 1798 5714 VARIAS
1836 5658 2241 5719 LECTIONES.

333 5718 381 5750 “
412 5720 487 5783 ὡς
509 5717 660 5793 οἶμαι
694 5725 855 5780 habet
882 5726 1024 5783 liber
1042 5728 1297 5797 scriptus.

333 5811 449 5882 (29)
477 5812 639 5885 Greg.
665 5817 793 5872 Naz.
827 5819 916 5874 0r.
944 5822 995 5874 in
1024 5819 1345 5891 Theophan.,
1370 5838 1489 5893 cap.
1525 5823 1607 5891 18,
1640 5824 1817 5879 tonu.l
1875 5822 2037 5895 0pp.,
2074 5840 2127 5896 p.
2161 5826 2283 5895 675,
2315 5825 2447 5883 edit.
2478 5824 2679 5880 Bencd.
