4026 6288
534 436 668 503 129°

1688 435 1749 497 S.
1792 434 2078 496 MAXIMI
2113 429 2626 493 CONFESSORIS

3636 426 3755 495 i300

528 552 763 607 activam
790 592 806 616 ,
843 549 1021 607 donec
1065 565 1162 622 per
1208 547 1703 621 impassibilitatem
1748 566 1896 606 mors
1932 549 2094 604 nobis

2217 548 2289 601 5ιά
2336 548 2434 617 τῆς
2481 545 2793 620 πρακτικῆς
2830 543 3101 611 κάκωσιν,
3133 542 3240 609 ἕως
3286 535 3353 599 οὗ
3393 542 3618 611 θάνατος
3642 548 3754 617 ἡμῖν

526 646 768 701 indicata
795 643 964 700 fuerit
995 658 1191 699 eorum
1223 644 1318 713 qui
1360 643 1534 698 divini
1585 645 1639 698 in
1668 644 1829 701 nobis
1875 643 2099 699 infantis

527 735 815 794 Sermonis
846 732 1047 790 animae
1073 733 1434 801 insidiantur,
1486 734 1593 790 hoc
1635 746 1721 791 est
1768 751 1961 791 eorum
2002 734 2100 805 qui

525 835 778 883 nostram
808 826 1115 882 secundum
1148 825 1471 883 Sermonem
1512 828 1570 881 in
1598 829 1712 884 Deo
1756 844 2103 885 consumma-

529 926 645 971 tum
668 916 839 970 vitam
864 914 1199 971 mortiﬁcare
1230 914 1484 981 student,
1532 916 2103 987 constitutionemque

525 1006 750 1063 Christo
785 1015 1215 1063 consentaneam
1236 1045 1251 1071 ,
1293 1006 1410 1061 sive
1464 1006 1719 1060 habitum
1753 1007 2104 1077 exstinguere

529 1098 739 1153 furiose
770 1108 1061 1165 conantur,
1090 1098 1184 1167 qui
1216 1112 1400 1152 sermo
1431 1095 1654 1151 divinus
1668 1113 1771 1167 per
1818 1111 2001 1151 acrem
2034 1095 2104 1151 de

528 1188 812 1243 voluntate
859 1185 1027 1241 animi
1086 1185 1264 1240 nostri
1318 1184 1638 1239 ﬁrmitatem
1691 1194 1949 1254 tanquam
2008 1200 2106 1254 per

530 1279 736 1333 nubem
784 1278 961 1333 levem
1007 1276 1074 1331 ad
1108 1285 1351 1331 nostram
1378 1273 1672 1348 Egyptum
1706 1276 1941 1341 accedit,
1981 1291 2104 1331 car-

530 1384 689 1435 nem,
742 1370 986 1438 inquam,
1032 1377 1088 1422 et
1146 1378 1328 1423 motus
1379 1368 1498 1438 ejus
1560 1376 1616 1422 et
1656 1367 1889 1422 aﬂ‘ectus
1934 1367 2107 1422 veluti

541 1460 841 1515 simulacra
888 1457 1137 1527 quaedam
1190 1458 1500 1513 manufacta
1542 1457 1790 1512 concutit
1839 1470 2005 1528 atque
2039 1458 2108 1515 de

532 1550 663 1606 sede
688 1565 786 1605 sua
821 1548 1013 1621 dejicit
1040 1558 1096 1604 et
1131 1548 1199 1602 ab
1230 1549 1411 1603 anima
1446 1548 1612 1619 plane
1652 1547 1892 1618 repellit,
1928 1562 2111 1603 remo-

468 1682 471 1685 ι
533 1642 715 1711 tisque
740 1640 1073 1711 imaginibus
1094 1640 1150 1693 in
1211 1654 1270 1694 se
1315 1640 1520 1709 ipsum,
1578 1646 1640 1693 ut
1684 1638 1868 1706 decet,
1917 1637 2112 1693 adora-

537 1733 742 1788 tionem
780 1731 1109 1785 transducit.
1147 1728 1261 1785 Hoc
1286 1730 1454 1802 igitur
1474 1730 1637 1785 modo
1671 1746 1772 1785 nos
1795 1745 1921 1786 cum
1945 1729 2111 1785 Chri-

533 1832 622 1881 sto
643 1824 1090 1894 persecutionem
1130 1822 1375 1891 patiente
1402 1822 1543 1877 bene
1575 1822 1838 1893 fugimus,
1871 1821 1940 1877 de
1970 1820 2110 1891 fuga:

533 1931 663 1972 cum
698 1931 766 1971 eo
799 1914 1068 1970 consortii
1114 1913 1405 1969 vexatione
1438 1925 1635 1983 sponte
1672 1922 1929 1982 suscepta
1962 1927 2105 1982 prae-
2143 1894 2181 1948 Β

537 2006 744 2062 claram
809 2005 1148 2075 accipientes
1217 2003 1528 2060 mercedem
1584 2003 2103 2074 impassibilitatem.

537 2096 756 2151 Rursus
788 2111 921 2152 vero
951 2095 1236 2150 Christum
1263 2111 1329 2151 ex
1350 2093 1587 2166 Egypto
1610 2109 1951 2150 revocamus
1974 2092 2107 2147 dum

537 2187 790 2243 divinum
823 2186 880 2241 in
924 2187 1086 2242 nobis
1124 2186 1544 2258 dijudicationis
1589 2200 1901 2240 sermonem
1937 2184 2106 2238 affec-

537 2280 691 2335 tibus
708 2280 953 2350 expulsis
978 2288 1035 2335 et
1067 2277 1314 2335 enecatis
1340 2292 1450 2331 non
1499 2276 1741 2347 patimur
1786 2273 2109 2346 impruden-

539 2378 628 2424 ter
658 2383 887 2438 operam
919 2368 1052 2423 dare
1074 2366 1288 2421 artibus
1317 2364 1580 2420 adversus
1605 2379 1668 2419 ea
1689 2378 1812 2433 quae
1832 2378 1941 2417 non
1980 2369 2111 2416 sunt

539 2454 924 2522 molientibus,
979 2471 1161 2525 neque
1208 2468 1433 2509 carnem
1480 2467 1793 2508 sermonem
1827 2452 1882 2507 in
1925 2450 2112 2506 nobis-

541 2547 795 2617 metipsis
826 2547 1004 2602 solum
1039 2547 1225 2616 potius
1262 2561 1425 2616 quam
1477 2546 1535 2600 in
1579 2544 1796 2599 caeteris
1841 2542 1938 2613 qui
1981 2558 2109 2598 cum

542 2638 709 2693 nobis
736 2646 1141 2693 conversantur
1172 2637 1394 2709 agnosci
1425 2636 1682 2692 sinimus.
1732 2635 1848 2689 imo
1882 2634 2111 2704 pulchre

542 2737 600 2783 et
630 2727 888 2799 religiose
919 2728 975 2782 in
1020 2728 1215 2783 activae
1251 2726 1556 2783 secundum
1590 2725 1937 2781 vexationem
1982 2724 2110 2794 phi-

544 2821 809 2891 losophia:
845 2821 1041 2877 formis
1083 2836 1183 2892 per
1228 2820 1466 2875 virtutes
1522 2818 1877 2890 praeinstituti
1923 2834 2114 2874 ascen-

542 2912 743 2967 damus
766 2927 831 2967 ex
866 2910 936 2967 iis
960 2927 1061 2982 per
1082 2910 1604 2981 contemplationem
1640 2909 1708 2964 ad
1742 2924 1934 2965 eorum
1976 2924 2115 2980 quo-

448 2998 455 3002 ’
544 3020 668 3058 rum
708 3004 901 3059 forma:
947 3004 1064 3059 istm
1115 3011 1171 3058 et
1222 3002 1489 3075 imagines
1536 3010 1663 3057 sunt
1720 3001 2110 3073 cognitionem,

543 3094 719 3149 veluti
749 3092 818 3149 de
845 3091 1079 3166 Egypto
1108 3093 1292 3163 aliqua
1327 3091 1643 3147 inludzeam
1664 3091 1895 3162 pulchre
1925 3106 2116 3146 ascen-

544 3186 739 3241 dentes
760 3186 1103 3256 comitesque
1132 3193 1356 3240 nostros
1404 3182 1707 3239 ascendere
1748 3184 2111 3247 instruentes,

545 3286 604 3332 et
634 3276 704 3332 de
727 3276 912 3333 carnis
937 3275 1223 3332 Sermonis
1243 3274 1392 3345 quod
1409 3274 1666 3331 Christus
1699 3273 1773 3330 sit
1799 3273 2115 3345 cognitione

545 3384 648 3437 per
670 3369 909 3423 activam
936 3368 1409 3440 transgrediamur
1430 3366 1498 3423 ad
1523 3366 1774 3439 gloriam,
1804 3365 1911 3422 hoc
1940 3372 2026 3420 est
2047 3363 2117 3420 ad

546 3458 829 3529 Unigeniti
854 3458 1001 3529 apud
1030 3458 1247 3514 Patrem
1272 3473 1432 3513 suum
1454 3457 1847 3528 cognitionem.
1872 3456 1952 3511 Ita
1980 3472 2119 3527 prae-

546 3548 696 3603 clare
728 3548 932 3619 aliquis
949 3555 1114 3618 atque
1144 3548 1233 3619 pie
1264 3563 1391 3604 cum
1414 3547 1641 3604 Christo
1671 3549 2117 3618 persecutionem

547 3640 787 3709 patiente
815 3640 975 3712 fugit,
1005 3648 1062 3695 et
1096 3640 1171 3695 ita
1201 3656 1395 3695 rursus
1427 3655 1556 3696 eum
1582 3650 1803 3697 revocat
1836 3640 1906 3695 de
1934 3639 2117 3695 activa

548 3730 617 3785 ad
648 3732 1173 3803 contemplationem
1196 3739 1253 3788 et
1282 3732 1655 3803 cognitionem
1678 3731 2116 3803 transgrediens,

548 3824 732 3878 omnia
764 3840 890 3879 cum
932 3840 1186 3883 sermone
1228 3825 1531 3881 secundum
1569 3840 1879 3881 sermonem
1907 3823 2119 3879 faciens

549 3931 650 3986 pro
679 3932 954 3973 sermone.
980 3917 1059 3973 Ne
1089 3926 1271 3974 autem
1304 3918 1524 3973 mireris
1565 3917 1713 3988 quod
1753 3917 2021 3989 Egyptus
2062 3916 2122 3971 in

549 4008 894 4063 vexationem
959 4009 1265 4064 secundum
1343 4009 1607 4065 virtutem
1665 4010 1978 4065 institutam
2027 4006 2122 4062 hic

552 4109 723 4154 tracta
752 4109 836 4154 est
855 4140 871 4161 .
906 4100 1004 4155 sed
1040 4100 1334 4171 diligenter
1361 4117 1424 4156 ea
1455 4100 1745 4156 considera
1781 4117 1904 4170 qua:
1931 4100 1986 4154 in
2015 4100 2122 4154 Ve-

553 4188 655 4241 teri
688 4187 1041 4241 Testamento
1080 4197 1375 4242 narrantur
1404 4229 1419 4253 ,
1473 4187 1752 4258 quomodo
1796 4204 1905 4242 non
1939 4189 2120 4243 solum

552 4276 809 4332 lsraelem
845 4277 936 4331 illa
967 4277 1234 4333 lateribus
1273 4276 1636 4333 conficiendis
1679 4276 1991 4343 vexaverit,
2023 4276 2121 4333 sed

552 4367 704 4436 ipsos
726 4364 1007 4437 Egyptios
1040 4380 1261 4435 quoque
1283 4382 1385 4437 per
1417 4365 1615 4437 Moysis
1641 4365 2039 4436 profectionem
2064 4366 2120 4421 in

554 4456 840 4512 interitum
880 4456 1255 4512 cruciaverit:
1290 4456 1649 4512 Vexationem
1679 4456 1826 4512 enim
1861 4465 1916 4511 et
1966 4465 2119 4511 tene-

2205 640 2417 713 μηνυθῇ
2447 639 2534 695 διὰ
2566 640 2665 709 τῆς
2694 634 2967 701 ἀπαθείας
2990 635 3104 691 τῶν
3133 634 3446 707 ζητούντων
3472 635 3569 707 τὴν
3597 637 3757 710 ψυχὴν

2202 732 2297 788 τοῦ
2331 734 2389 789 ἐν
2410 734 2543 805 ⁴ἡμῖν
2583 729 2953 804 νηπιάξοντος
2998 728 3283 784 θειοτάτου
3314 728 3505 798 λόγου,
3531 728 3756 785 τουτέστι

2202 824 2314 879 τῶν
2339 824 2440 896 τῆν
2464 823 2623 896 ἡμῶν
2650 822 2795 878 κατά
2830 822 2925 877 τὸν
2949 821 3109 891 λόγον
3147 820 3372 891 θεοτελῆ
3405 819 3551 891 ζωὴν
3577 821 3760 891 νεκρῶ·

2206 934 2299 972 σαι
2328 915 2614 979 θελόντων,
2640 915 2736 969 καὶ
2765 913 2864 986 τὴν
2889 913 3199 985 χριστοειδῆ
3226 912 3582 977 κατάποσιν,
3612 914 3759 983 ῆγουν

2204 1009 2341 1075 ἕξιν,
2368 1008 2630 1079 ἀφανίσαι
2660 1006 3025 1079 μαινομένων,
3045 1004 3143 1059 τοῦ
3164 1004 3253 1060 διὰ
3277 1005 3383 1076 τῆς
3404 1003 3561 1075 ἡμῶν
3574 1003 3758 1059 ἀδιστάο

2206 1118 2334 1156 κτου
2358 1100 2498 1155 κατά
2524 1098 2844 1171 προαίρεσιν
2876 1097 3185 1169 προθυμίας
3207 1092 3403 1168 ὥσπερ
3437 1095 3527 1149 διὰ
3555 1094 3757 1163 νεφέλης
3830 1120 3833 1123 <

2206 1190 2417 1262 κούφης
2460 1188 2833 1251 ἐπιϐαίνοντος
2859 1186 3019 1258 ἡμῶν
3047 1188 3114 1256 τῇ
3146 1186 3433 1256 Αἰγύπτῳ,
3462 1182 3602 1252 λέγω
3627 1183 3678 1235 δέ
3700 1184 3759 1251 τῇ

2208 1282 2393 1355 σαρκὶ,
2433 1280 2531 1334 καὶ
2572 1278 2644 1334 τὰ
2690 1278 2900 1348 ταύτης
2944 1276 3229 1347 κινήματά
3256 1292 3319 1329 τε
3345 1274 3449 1328 καὶ
3486 1272 3757 1343 παθήματα

2206 1372 2397 1444 ὥσπερ
2427 1371 2553 1427 τινὰ
2605 1370 2961 1442 χειροποίητα
3018 1365 3214 1422 εἴδωλα
3262 1365 3642 1427 κατασείοντος
3680 1363 3760 1417 καὶ

2207 1464 2308 1536 τῆς
2324 1464 2487 1534 ἕδρας
2522 1459 2943 1535 μετακινούντός
2967 1477 3028 1513 τε
3051 1460 3145 1514 καὶ
3176 1457 3464 1521 παντελῶς
3492 1457 3589 1528 τῆς
3608 1455 3760 1525 ψυχῆς

2209 1552 2627 1624 ἀπωθουμένου,
2680 1552 2775 1606 καὶ
2842 1552 2924 1615 είς
2975 1549 3167 1604 ἐαυτὸν
3219 1547 3359 1620 μετά
3414 1548 3518 1617 τὴν
3565 1544 3761 1598 είκόνων

2209 1644 2483 1715 ἀποϐολὴν
2508 1643 2738 1708 δεόντως
2757 1642 3087 1715 μετάγοντος
3099 1641 3198 1711 τὴν
3221 1634 3761 1710 προσκύνησιν.ούτω

2214 1735 2313 1806 μὲν
2338 1734 2433 1789 οὖν
2461 1734 2855 1806 συμφεύγομεν
2877 1733 3060 1799 καλῶς
3099 1731 3177 1803 τῷ
3198 1730 3427 1803 Χριστῷ
3455 1729 3760 1797 διωκομένῳ.

2210 1824 2311 1895 τῆς
2346 1825 2445 1879 σὺν
2477 1822 2629 1894 αὒτῷ
2677 1824 2858 1893 φυγῆς
2906 1824 2996 1877 διά
3046 1823 3145 1894 τῆς
3186 1819 3441 1875 ἑκουσίου
3492 1815 3759 1878 κακώσεως

2213 1914 2378 1969 καλὸν
2400 1913 2776 1986 λαμϐάνοντες
2804 1913 3001 1985 μισθὸν
3040 1912 3140 1982 τὴν
3172 1910 3473 1965 ἀπάθειαν.
3504 1907 3762 1975 Καλούμεν

2211 2008 2269 2061 δέ
2298 2006 2460 2061 πάλιν
2485 2004 2577 2059 τὸν
2611 2003 2846 2075 Χριστὸν
2872 2003 2933 2067 ἐξ
2958 2002 3235 2071 Αἰγύπτου
3267 2000 3346 2072 μὴ
3382 2000 3579 2065 ἐῶντες
3607 1996 3690 2051 τὸν
3713 1996 3761 2049 ἐν

2212 2100 2346 2170 ημῖν
2378 2097 2520 2152 θεῖον
2552 2096 2652 2166 τῆς
2682 2093 3028 2165 διαγνώσεως
3056 2093 3216 2163 λόγον
3248 2091 3392 2162 μετά
3421 2090 3522 2162 τὴν
3548 2088 3649 2143 τῶν
3672 2104 3761 2140 πα-

2215 2187 2324 2242 θῶν
2376 2184 2727 2257 ὑποχώρησιν
2774 2184 2869 2239 καὶ
2916 2184 3130 2238 τελείαν
3188 2183 3467 2254 νέκρωσιν
3498 2182 3613 2245 ταῖς
3643 2176 3765 2231 κατά

2213 2277 2326 2332 τῶν
2361 2278 2438 2349 μὴ
2466 2277 2637 2331 ὄντων
2672 2278 2944 2349 μηχαναῖς
2979 2275 3226 2347 ἀνοήτως
3270 2271 3644 2346 προσανέχειν,
3671 2286 3761 2339 μη·

2215 2366 2272 2420 δέ
2306 2366 2489 2438 σάρκα
2513 2365 2672 2434 λόγον
2712 2366 2770 2419 ἐν
2815 2364 3030 2427 ἑαυτοῖς
3061 2362 3222 2433 μόνον
3251 2360 3286 2433 ῆ
3312 2362 3375 2415 ἐν
3414 2358 3617 2430 ἑτέροις
3652 2355 3763 2425 ἡμῖν

2217 2453 2642 2528 προσομιλοῦσιν
2689 2453 2854 2508 αὐτὸν
2916 2450 3327 2524 συγχωροῦντες
3407 2444 3759 2520 γινώσκεσθαι.

2234 2547 2397 2602 ’Δλλά
2434 2545 2619 2611 καλῶς
2644 2562 2706 2599 τε
2730 2543 2829 2598 καὶ
2856 2543 3067 2606 πιστῶς
3093 2544 3152 2595 ἐν
3175 2542 3290 2605 τοῖς
3318 2538 3468 2593 κατά
3488 2536 3585 2607 τὴν
3607 2534 3762 2589 κάκω-

2219 2656 2304 2694 σιν
2332 2640 2432 2710 τῆς
2456 2639 2765 2710 πρακτικῆς
2780 2633 3099 2706 φιλοσοφίας
3123 2633 3316 2696 τύποις
3328 2630 3424 2685 διὰ
3447 2628 3556 2682 τῶν
3581 2622 3762 2696 ἀρετῶν

2218 2729 2713 2804 προπαιδευθέντες
2757 2728 3141 2798 ἀναϐαίνωμεν
3180 2728 3245 2779 ἐκ
3274 2722 3501 2777 ’τούτων
3527 2719 3612 2773 διά
3647 2715 3760 2768 θεω-

2220 2824 2343 2897 ρίας
2371 2824 2463 2878 ἐπὶ
2486 2823 2588 2893 τὴν
2612 2815 2687 2877 ὧν
2712 2822 2819 2875 είσι
2844 2820 3007 2874 τύποι
3035 2819 3131 2873 καὶ
3168 2815 3611 2889 προχαράγματα

2221 2895 2325 2978 σιν,
2349 2911 2496 2967 ὥσπε
2506 2928 2537 2983 ρ
2556 2911 2665 2965 ἀπό
2692 2928 2838 2974 τινος
2861 2907 3141 2979 Αἰγύπτου
3171 2909 3251 2971 είς
3274 2905 3375 2978 τὴν
3414 2902 3585 2957 Ἰούδα
3610 2895 3762 2957 καλῶς

2219 3003 2602 3067 ἀναϐαίνοντες
2655 3002 2753 3057 καὶ
2801 3000 2927 3066 τοὺς
2983 3001 3081 3054 σὺν
3120 3000 3254 3069 ἡμῖν
3282 2994 3600 3051 ἀναϐαίνειν
3635 2986 3761 3043 διδά-

2221 3111 2467 3158 σκοντες,
2496 3093 2591 3148 καὶ
2619 3091 2729 3147 ἀπὸ
2754 3090 2848 3145 τοῦ
2882 3090 3060 3162 σάρκα
3096 3089 3269 3158 Λόγον
3295 3084 3507 3140 ειδέναι
3536 3082 3622 3135 τὸν
3650 3079 3762 3147 Χρι-

2222 3187 2345 3241 στὸν
2372 3184 2462 3240 διὰ
2493 3184 2595 3254 τῆς
2628 3182 2941 3255 πρακτικῆς
2988 3178 3416 3252 μεταϐαίνωμεν
3450 3173 3544 3227 ἐπὶ
3578 3170 3666 3241 τὴν
3688 3165 3761 3255 δότ

2141 3237 2184 3295 c
2219 3237 3083 3348 édvvtqvvtbg'hdovoyevoﬁcunepd
3110 3237 3326 3340 [ἰατρὸς
3349 3263 3540 3335 (219
3556 3262 3605 3331 ιι)
3623 3237 3761 3313 αὐτοῦ

2216 3368 2440 3439 γνῶσιν.
2474 3363 2632 3420 Οὕτω
2662 3382 2745 3429 τις
2778 3361 2961 3426 καλῶς
2986 3378 3049 3415 τε
3079 3361 3175 3415 καὶ
3203 3357 3448 3420 εύσεϐῶς
3495 3349 3761 3423 συμφεύγει

2216 3462 2439 3537 Χριστῷ
2481 3459 2821 3531 διωκομένῳ,
2877 3456 2974 3511 καὶ
3021 3454 3166 3510 οὕτω
3225 3450 3394 3505 πάλιν
3424 3446 3586 3503 αύτδν
3631 3441 3763 3496 καλεῖ

2220 3555 2355 3627 πρὸς
2382 3551 2616 3624 θεωρίαν
2645 3549 2742 3605 καὶ
2779 3547 2983 3617 γνῶσιν
3020 3545 3128 3601 ἀπὸ
3152 3544 3252 3614 τῆς
3283 3537 3595 3613 πρακτικῆς
3622 3548 3762 3627 μετα-

2218 3624 2442 3709 ϐαίνων,
2475 3641 2655 3698 πάντα
2692 3640 2881 3697 ποιῶν,
2911 3638 3009 3693 σὺν
3046 3636 3128 3707 τῷ
3151 3633 3471 3706 λόγῳκατὰ
3510 3630 3599 3683 τὸν
3629 3624 3763 3691 λόγον

2219 3738 2358 3809 ὑπὲρ
2389 3732 2487 3791 τοῐι⁹
2536 3734 2721 3802 λόγου.
2753 3730 2848 3801 Μὴ
2876 3730 3101 3801 φανήτω
3148 3726 3206 3781 δέ
3262 3742 3345 3779 σοι
3374 3718 3670 3793 παράδοξον
3696 3713 3761 3773 είς

2217 3827 2317 3898 τὴν
2346 3824 2466 3880 κατ’
2486 3822 2688 3895 ἀρετὴν
2715 3819 2987 3892 ληφθεῖσα
3012 3816 3109 3873 νῦν
3144 3818 3179 3888 ῆ
3206 3816 3486 3884 Αἴγυπτος
3526 3809 3760 3898 Way.

2219 3891 2336 3991 air
2380 3891 2686 3987 ἐπίσκηψον
2736 3891 2985 3984 ἀκριϐῶς
3034 3910 3150 3971 τοῖς
3202 3905 3345 3961 κατά
3403 3903 3505 3972 τὴν
3552 3891 3763 3991 Παλαιὰν

2223 3986 2579 4079 ἱστορηθεῖσι,
2600 4002 2719 4067 πῶς
2755 4002 2818 4056 ού
2854 4001 3020 4073 μόνον
3046 3999 3139 4053 τὸν
3178 3995 3395 4065 Ἰσραὴλ
3416 3990 3601 4055 ἐπίεζε
3633 3986 3760 4079 πλινο

2222 4076 2576 4170 θουργοῦντα,
2617 4093 2757 4148 ἀλλά
2808 4093 2904 4147 καὶ
2951 4090 3149 4154 αὐτοὺς
3188 4087 3525 4158 Δίγυπτίους
3563 4080 3645 4136 διὰ
3682 4076 3761 4143 τῆς

2222 4189 2470 4253 Μωσέως
2508 4185 2805 4258 ἐπιδημίας
2840 4186 2922 4248 είς
2951 4183 3161 4253 φθοράν
3201 4176 3515 4242 ἐϐασάνιζε.
3540 4173 3761 4228 Κάκιικπς

2221 4280 2330 4350 γάρ
2356 4277 2545 4347 ῶσπερ
2568 4276 2663 4330 καὶ
2685 4274 2895 4337 σκότος,
2927 4271 3004 4337 ὡς
3028 4271 3188 4341 ἔφην,
3219 4272 3253 4340 ἡ
3292 4268 3590 4337 Αιγυπτος
3616 4262 3761 4350 ἐρμξλσ

2221 4345 2457 4426 νεύεται.
2515 4345 2676 4421 Πᾶσα
2730 4366 2787 4419 δέ
2838 4362 2978 4418 κατά
3003 4362 3095 4417 τὸν
3121 4361 3308 4415 εἰκότα
3347 4358 3509 4426 λόγον
3531 4345 3760 4425 ἑρμηνεία

2220 4460 2320 4532 τὴν
2364 4459 2663 4529 ἐπαινετὴν
2710 4456 3017 4527 ἐπιδέχεται
3062 4454 3160 4508 καὶ
3187 4453 3290 4522 τὴν
3318 4448 3527 4521 ψεκτὴν
3571 4442 3656 4497 τοῦ
3684 4437 3759 4489 ὑπ’

552 4548 702 4611 bras,
747 4548 824 4602 uti
857 4547 992 4614 dixi,
1017 4547 1304 4619 Egyptum
1329 4548 1785 4618 interpretantur.
1809 4546 2001 4602 Omnis
2025 4563 2117 4601 au-

2226 4548 2437 4603 ἐκείνου
2458 4547 2550 4602 διὰ
2570 4549 2673 4618 τῆς
2697 4543 2927 4614 θεωρίας
2956 4543 3032 4606 ὡς
3062 4542 3157 4595 ἐπὶ
3186 4540 3250 4594 τὸ
3271 4539 3525 4592 πλεῖστον
3557 4534 3757 4624 ἔννοιαν.

553 4645 665 4691 tem
697 4637 999 4708 probabilis
1023 4635 1412 4708 interpretatio
1437 4637 1558 4707 ejus
1578 4636 1724 4706 quod
1755 4636 1859 4690 sub
1895 4651 1953 4690 se
1981 4635 2128 4690 cadit

554 4732 665 4785 tam
684 4730 1021 4786 laudabilem
1043 4731 1374 4801 plerumque
1397 4746 1561 4801 quam
1580 4728 2007 4799 vituperabilem
2028 4744 2129 4799 per

554 4825 1084 4893 contemplationem
1133 4822 1377 4879 admittit
1425 4823 1835 4894 cogitationem.
1879 4821 2038 4889 Quod
2082 4822 2127 4877 si

555 4915 739 4970 carnis
771 4915 915 4971 bene
944 4914 1178 4971 valentis
1203 4922 1260 4969 et
1309 4914 1727 4985 pinguescentis
1770 4915 2130 4983 passionibus

556 5007 739 5061 anima
762 5007 1045 5062 cruciatur
1071 5014 1128 5060 et
1171 5006 1531 5070 obscuratur,
1583 5005 1849 5059 virtutum
1878 5012 2024 5060 statu
2073 5012 2131 5059 et

556 5096 890 5165 cognitionis
912 5095 1332 5165 illuminatione
1383 5094 1795 5158 recedentibus,
1851 5094 1969 5164 pari
2010 5108 2132 5147 om-

558 5183 692 5236 nino
714 5183 915 5247 modo,
968 5186 1049 5238 uti
1112 5185 1495 5254 consequitur,
1541 5200 1669 5237 cum
1716 5184 1901 5238 anima
1942 5183 2130 5238 divina

556 5274 827 5328 virtutum
866 5276 1277 5344 pulchritudine
1325 5286 1381 5331 et
1422 5277 1826 5331 illuminatione
1856 5276 2130 5347 cognitio-

557 5366 649 5421 nis
680 5373 933 5422 servetur
948 5375 1112 5435 atque
1135 5368 1463 5433 illustretur,
1484 5378 1749 5422 externus
1772 5368 1940 5423 homo
1961 5368 2129 5439 perit,

562 5458 695 5512 dum
747 5472 876 5513 caro
921 5466 1145 5528 propter
1188 5458 1476 5514 Sermonis
1528 5460 1880 5530 praesentiam
1928 5460 2132 5515 bonam

563 5548 949 5604 habitudinem
984 5550 1292 5603 naturalem
1320 5550 1533 5620 abjicit,
1559 5551 1612 5605 in
1645 5568 1754 5621 qua
1779 5551 2129 5617 delitescens,

563 5640 651 5693 vel
693 5642 878 5709 potius
914 5656 1173 5710 regnans,
1228 5656 1456 5710 serpens
1506 5643 1563 5696 in
1595 5643 1866 5697 umbilico
1910 5651 2129 5713 potens,

563 5728 714 5782 velut
763 5729 931 5798 aliqui
979 5745 1163 5784 rerum
1215 5731 1578 5799 pulchrarum
1612 5733 1911 5802 dissipator
1937 5734 2130 5788 invisi-

566 5819 695 5875 bilis
718 5820 950 5886 Pharao,
980 5822 1231 5891 reptabat
1265 5833 1321 5879 et
1347 5824 1582 5881 animam
1640 5826 1828 5882 delicti
1858 5826 2134 5883 morsibus

2226 4640 2293 4696 Ei
2319 4639 2502 4693 τοίνυν
2532 4617 2736 4709 σαρκὸς
2765 4633 3099 4704 εύεκτούσης
3152 4630 3249 4686 καὶ⁴
3294 4623 3645 4697 πιαινομὲνης
3667 4617 3761 4709 τοῖς

2226 4732 2456 4787 πάθεσιν
2485 4730 2520 4800 ἡ
2547 4728 2694 4801 ψυχὴ
2727 4724 3076 4799 βασανίζεται
3106 4722 3201 4778 καὶ
3229 4718 3535 4787 σκοτίζεται
3559 4714 3649 4785 τῆς
3672 4708 3760 4764 τῶν

2226 4819 2442 4895 ἀρετῶν
2471 4818 2641 4885 ἐξεως
2672 4819 2767 4872 καὶ
2813 4817 2912 4871 τοῦ
2938 4812 3223 4887 φωτισμοῦ
3248 4815 3349 4885 τῆς
3376 4810 3622 4880 γνώσεως

2229 4891 2574 4987 χωρούντων,
2598 4911 2692 4966 τὸν
2713 4908 2876 4963 αὐτὸν
2903 4907 3101 4979 τρόπον
3125 4905 3346 4967 πάντως
3375 4900 3516 4956 κατὰ
3540 4897 3598 4950 τὸ
3619 4891 3757 4990 είκδῗ

2228 4986 2324 5062 καῖ
2350 5008 2450 5079 τῆς
2501 5004 2680 5076 ψυχῆς
2712 5001 2791 5072 τῷ
2821 4999 2955 5070 θείῳ
3002 4996 3188 5053 κάλλει
3218 4995 3327 5049 τῶν
3356 4992 3565 5063 ἀρετῶν
3593 4986 3676 5079 καὶ
3696 4986 3758 5047 τῷ

2230 5074 2495 5167 φωτισβῷ
2642 5074 2905 5160 γνώσεως
2943 5084 3359 5159 φρουρουμένης
3393 5100 3455 5136 τε
3512 5080 3601 5133 καὶ
3641 5074 3758 5141 λιμ-

2230 5185 2600 5257 πρυνομένης,
2627 5184 2656 5236 ὁ
2676 5181 2781 5247 ἔξω
2810 5178 3097 5250 ἄνθρωπος
3124 5173 3521 5245 διαφθείρεται,
3545 5168 3636 5237 τῆς
3659 5176 3761 5257 σαξ-

2232 5252 2328 5340 κδς
2356 5252 2446 5329 διά
2492 5252 2593 5345 τῆν
2627 5270 2925 5341 ἐπιδημίαν
2967 5267 3064 5322 τοῦ
3099 5266 3261 5334 λόγου
3293 5264 3393 5335 τὴν
3440 5258 3660 5332 φυσικὴν
3687 5252 3760 5345 εύ-

2232 5369 2381 5435 eam
2417 5344 2886 5434 ἀποϐαλλομένης,
2924 5362 2982 5413 ἐν
3011 5354 3464 5435 ᾖκρυπτόμενος,
3506 5351 3683 5425 μᾶλλον
3712 5344 3757 5396 δε

2235 5459 2558 5531 βασιλεύων,
2594 5459 2624 5509 ὁ
2661 5456 2758 5525 τὴν
2817 5455 2910 5508 ἐπὶ
2953 5452 3050 5506 τοῦ
3088 5448 3335 5522 ὀμφαλοῦ
3380 5446 3601 5516 δύναμιν
3644 5439 3759 5531 ἔχων

2231 5530 2466 5625 δράκων,
2497 5546 2611 5604 οἷόν
2636 5565 2720 5611 τις
2746 5546 2856 5601 τῶν
2878 5544 3059 5601 καλῶν
3089 5540 3388 5609 σκεδαστῆς
3409 5534 3597 5608 Φαραὼ
3623 5530 3759 5599 ἀόραο

2231 5661 2347 5708 τος,
2384 5642 2615 5711 διεῖρπε,
2650 5640 2750 5709 τὴν
2777 5636 2958 5708 ψυχὴν
2988 5638 3100 5699 τοῖς
3130 5634 3253 5688 καθ’
3282 5630 3553 5701 ἀμαρτίαν
3580 5625 3756 5693 δήγμα-

2236 5754 2288 5789 σι
2322 5734 2552 5805 βάλλων,
2586 5731 2643 5794 δς
2675 5730 2765 5784 διὰ
2795 5730 2893 5783 τοῦ
2936 5728 3079 5782 κατὰ
3112 5727 3279 5799 μέρος
3316 5724 3379 5777 τὸ
3419 5720 3653 5794 φρόνημα
3676 5713 3753 5805 τῆς

2237 5802 2437 5897 σαρκὸς
2485 5822 2801 5878 σϐέννυσθαι
2836 5822 2977 5876 κατά
3008 5820 3106 5894 τὴν
3144 5815 3454 5890 πρακτικὴν
3501 5802 3753 5873 κακουχίαν
