4026 6288
223 417 356 487 1!)!

1452 440 1969 506 AMBIGUORUM
2003 447 2253 510 LIBER.

3324 459 3462 528 1302

219 533 503 639 ὑποχωρεῖ
530 536 755 602 τελείως
785 539 1173 613 νεκροΰμενος,
1200 545 1324 601 ουδὲ
1357 546 1505 619 [χνος
1529 552 1631 623 τῆς
1656 571 1779 607 ποτε

1892 556 2197 623 sauclabat,
2252 560 2349 631 qui
2386 576 2457 617 eo
2499 563 2648 633 quod
2695 566 2881 623 carnis
2912 569 3111 639 partim
3161 572 3460 630 instlcntia

217 625 538 714 τυραννίδος
576 629 806 694 εἰκότως
846 632 1029 702 ἀφεὶς,
1065 634 1210 690 ὥστε
1261 637 1395 709 βοᾷν
1423 639 1515 695 διά
1552 642 1792 714 Χριστοῦ

1892 644 1961 700 de
2019 646 2195 702 activa
2242 648 2385 704 mala
2444 652 2778 710 tractatione
2826 657 3200 729 exstinguitur
3224 699 3242 725 ,
3296 660 3464 730 plane

214 710 482 769 δύνασθαι
503 715 631 782 τοὺς
664 719 763 788 τῆς
799 720 1115 794 ἐλευθερίας
1138 728 1529 798 τετυχηκότας,
1558 710 1654 786 καὶ
1685 733 1779 804 πρε

1891 738 2257 795 mortificatus
2286 741 2518 809 recedit,
2549 743 2691 801 adeo
2722 754 2781 800 ut
2811 762 2883 802 ne
2912 710 3461 822 veszigium'quridem

216 804 321 874 τῆς
352 806 372 876 (
386 807 552 878 220
575 809 649 879 a)
678 811 903 883 γενικῆς
942 814 1293 883 ἀναστάσεως
1325 818 1415 873 διά
1439 820 1541 891 τὴν
1570 821 1670 895 ἠδη
1701 839 1792 893 γε-

1889 829 2139 899 pristinae
2179 831 2597 903 dominationis,
2628 845 2689 893 ut
2735 853 2837 908 par
2883 849 2990 905 est,
3048 841 3360 912 relinquat,
3400 852 3467 901 ut

215 900 531 970 γενημένην
559 903 746 1003 αὐτοῖς
778 904 879 973 τῆς
911 908 1291 978 προαιρέσεως
1318 910 1629 967 ἐθελούσιον
1657 914 1779 970 ἀνά-

1890 920 2110 977 liberati
2143 938 2240 994 per
2275 924 2559 982 Christum
2583 900 2807 999 possint
2841 931 2930 988 vel
2974 900 3104 989 ante
3144 900 3461 1003 generalem

217 1006 433 1055 στασιν,
465 991 592 1049 Ποῦ
621 1007 763 1061 σου,
816 997 1055 1065 θάνατε,
1084 1001 1153 1055 τὸ
1183 1004 1470 1070 κέντρον;
1502 1003 1620 1059 ποῦ
1648 1020 1787 1072 σου,

212 1083 357 1152 ᾔδη,
389 1085 459 1139 τὸ
477 1085 678 1154 νῖκος-ς
705 1089 806 1161 τὴν
828 1091 1025 1163 ἡδονὴν
1049 1092 1300 1161 λέγοντες
1323 1094 1425 1166 τῆς
1449 1095 1651 1168 σαρκὸς
1682 1098 1781 1151 καὶ

214 1174 317 1247 τὴν
352 1178 707 1252 συνημμένην
758 1182 897 1254 αὐτῇ
950 1183 1051 1254 τῆς
1096 1184 1278 1255 ψυχῆς
1307 1186 1373 1238 ὲκ
1419 1187 1522 1255 τῆς
1565 1186 1788 1255 ἀγνοίας

213 1268 457 1341 ἀπάτην,
495 1269 565 1325 δι’
590 1263 672 1326 ὧν
714 1289 847 1327 ποτε
882 1273 991 1347 πρὸ
1027 1274 1124 1329 τοῦ
1172 1276 1409 1347 Χριστοῦ
1448 1279 1667 1348 κρατῶν
1688 1279 1788 1349 τῆς

210 1360 569 1434 ἀνθρωπίνης
610 1363 827 1433 φύσεως
856 1367 887 1420 δ
921 1368 1247 1439 παμμίαρος
1272 1368 1517 1433 διάϐολος
1549 1369 1787 1439 ἀφειδῶς

208 1453 458 1527 διετίτρα
497 1454 579 1526 τῷ
613 1456 825 1529 κέντρῳ
847 1458 946 1531 τῆς
974 1459 1167 1532 ἡδονῆς
1206 1460 1305 1531 τὴν
1342 1460 1453 1514 τῶν
1482 1461 1787 1533 ἀνθρώπιον

208 1544 400 1615 φύσιν,
444 1548 541 1601 καὶ
576 1548 895 1618 φιλονείκως
926 1551 1006 1622 τῷ
1055 1550 1202 1624 ξίφει
1242 1551 1343 1625 τῆς
1385 1551 1601 1623 ἀπάτης
1649 1552 1786 1626 πρὸς

205 1636 496 1693 ἀπώλειαν
529 1638 702 1715 αὐτὴν
729 1640 1058 1715 ὕπεσύρετο.

1887 1016 2357 1073 resurrectionem
2395 1028 2623 1091 propter
2651 1022 2965 1079 ultroneam
2996 1023 3303 1081 voluntatis
3337 1040 3465 1096 qua

1861 1107 2025 1178 .ipsis
2070 1110 2179 1181 iam
2227 1110 2542 1182 contingit,
2580 1114 3055 1171 resurrectionem
3102 1115 3458 1173 exclamare:

1891 1199 1987 1254 Ubi
2015 1208 2091 1254 est
2123 1208 2265 1267 tuus,
2300 1217 2331 1255 ο
2376 1218 2553 1269 mors,
2587 1204 2833 1262 stimulus
2859 1206 2888 1260 Ρ
2936 1206 3025 1260 ubi
3055 1213 3172 1273 tua,
3219 1222 3254 1263 ο
3301 1222 3459 1273 arce,

1884 1290 2108 1344 victoria
2128 1300 2149 1325 ·
2177 1290 2202 1344 ἓ
2234 1290 2421 1347 carnis
2460 1292 2800 1364 voluptatem
2827 1303 2885 1350 et
2903 1310 3028 1365 qua:
3061 1309 3189 1351 cum
3232 1309 3301 1352 ea
3329 1296 3471 1368 jun-

1885 1387 1973 1435 ota
2015 1388 2101 1436 est
2136 1381 2339 1438 animae
2383 1381 2454 1438 de
2502 1382 2812 1456 ignorantia
2860 1384 3111 1442 fraudem
3154 1385 3407 1443 dicentes
3437 1428 3460 1454 ,

1884 1472 2089 1543 quibus
2117 1474 2250 1530 olim
2274 1485 2403 1532 ante
2430 1476 2712 1534 Christum
2756 1478 2815 1534 in
2858 1478 3159 1535 humanam
3196 1488 3456 1537 naturam

1883 1564 2207 1623 dominatus
2228 1569 2602 1639 nequissimus
2624 1571 2881 1627 diabolus
2904 1570 3207 1642 voluptatis
3229 1570 3461 1627 stimulo

1884 1654 2173 1712 hominum
2190 1666 2445 1715 naturam
2467 1661 2697 1717 nimium
2708 1670 2978 1732 quantum
2997 1661 3461 1729 convulnerabat,

1882 1749 1941 1889 ﬁt
1986 1745 2341 1803 contentiosa
2386 1748 2570 1820 gladio
2607 1748 2823 1808 fraudis
2867 1750 2938 1808 ad
2982 1751 3291 1825 perniciem
3341 1758 3459 1809 tra-

1924 1834 2074 1889 ebat.

1924 1834 2074 1891 ebat.

211 2014 329 2071 Τοῦ
359 2016 547 2072 αὐτοῦ
586 2016 655 2071 ἐκ
691 2018 799 2074 τοῦ
840 2021 930 2088 είς
968 2020 1042 2076 τὰ
1083 2020 1254 2076 Φῶτα
1302 2022 1509 2093 λόγου,
1550 2023 1639 2087 είς
1677 2031 1777 2074 το’

1885 2013 2137 2086 Ejusdem
2172 2032 2237 2071 ea:
2265 2033 2507 2074 sermone
2530 2020 2589 2075 in
2620 2019 2870 2089 Lumina,
2896 2023 2953 2078 in
2981 2022 3121 2078 illud
3144 2037 3167 2079 :
3206 2038 3227 2075 ι
3262 2020 3459 2093 Siqui-

281 2122 303 2156 ι
331 2105 513 2174 Εἴπερ
551 2107 796 2163 ἀσεϐεῖν
836 2110 1063 2178 αὐτοὺς
1099 2112 1221 2166 ἔδει
1258 2112 1517 2178 πάντως,
1548 2112 1783 2181 καὶτῆς

274 2195 385 2251 τοῦ
438 2197 589 2252 Θεοῦ
625 2198 813 2267 δόξης
849 2201 1204 2267 ἀποπεσεῖν,
1251 2206 1340 2270 εις
1380 2204 1598 2259 εἴδωλα
1644 2221 1785 2261 xar-

269 2289 629 2356 δηχθέντα(-
673 2288 773 2343 real
820 2289 1040 2360 τέχνης
1080 2292 1224 2363 ἔργα
1255 2293 1354 2349 καί
1385 2293 1602 2365 χειρῶν
1628 2295 1784 2351 πλά-

269 2389 493 2447 σματα,
528 2378 614 2449 μὴ
647 2379 805 2455 ἀλλο
838 2398 895 2438 τι
921 2384 1051 2438 κατ’
1086 2385 1288 2440 αὐτῶν
1319 2387 1610 2452 εὔξασθαι
1637 2387 1785 2456 τοὺς

269 2468 427 2522 γοῦν
451 2468 731 2540 ἔχοντας,
755 2472 795 2543 ἢ
832 2475 1078 2532 τοιαῦτα
1102 2477 1475 2548 σεσασθῆναι
1505 2479 1605 2535 και
1627 2479 1783 2535 οὕτω

273 2558 520 2629 τιμῆσαι
546 2561 681 2633 (30).
713 2581 737 2617 ι

270 2670 494 2726 Τούτων
512 2672 979 2755 ἀναγνωσθέντων
1008 2677 1225 2746 εἴπατε,
1249 2680 1391 2745 τινὲς
1420 2680 1531 2734 τῶν
1560 2682 1779 2755 ἀκροω-

201 2762 386 2833 μένων
447 2765 769 2839 ἐπέσκηψαν
829 2768 910 2841 τῷ
966 2770 1292 2845 διδασκάλῳ,
1346 2773 1649 2843 φάσκοντες
1702 2775 1781 2849 μὴ

198 2854 411 2909 δίκαιον
453 2851 594 2912 εἶναι
641 2860 772 2925 τοὺς
816 2860 946 2916 νοῦν
988 2862 1212 2934 ἔχοντας
1261 2865 1361 2920 καὶ
1406 2867 1781 2938 εὐαγγελικῶς

199 2944 303 3019 ζῇν
347 2948 720 3021 προθεμένους
762 2955 907 3010 κατά
944 2972 1093 3022 τινος
1138 2957 1397 3023 εὔξασθαι
1429 2960 1655 3016 τοιαῦτα
1691 2978 1782 3015 σεο

198 3039 472 3115 ϐασθῆναι
519 3044 617 3099 καὶ
667 3044 813 3101 οὕτω
862 3048 1117 3120 τιμῆσαι.
1162 3051 1309 3125 Πρὸς
1354 3051 1449 3116 οὓς
1495 3053 1629 3125 ἐμὸν
1679 3053 1780 3126 μὲν

196 3131 373 3199 οὐδὲν,
415 3133 444 3187 δ
485 3133 547 3189 δὲ
591 3138 745 3209 παρά
775 3155 921 3204 τινος
949 3140 1205 3212 γέροντος
1229 3133 1300 3198 ’ἔά
1335 3143 1458 3198 θεῖα
1487 3144 1654 3217 σοφοῦ
1684 3146 1782 3205 καὶ

194 3221 301 3294 τὴν
331 3224 440 3279 τῶν
468 3227 733 3301 Πατέρων
762 3230 893 3303 περ)⁸
920 3232 1120 3288 πολλοῦ
1164 3235 1489 3308 ποιουμένου
1521 3236 1776 3295 διδασκα-

1949 2104 2070 2160 dem
2119 2108 2337 2161 omnino
2390 2109 2789 2181 eorimpietate
2843 2113 3133 2184 constringi
3178 2120 3337 2183 atque
3383 2110 3457 2167 ad

1947 2194 2242 2251 simulacra
2287 2206 2339 2252 et
2388 2199 2523 2254 artis
2578 2215 2744 2271 opera
2790 2217 3150 2273 manuumque
3199 2201 3455 2272 ﬁgmenta

1947 2286 2222 2359 prolapsos
2253 2305 2286 2343 a
2310 2288 2405 2344 Dei
2436 2288 2609 2361 gloria
2634 2290 2790 2362 dejici
2817 2292 3114 2363 oportebat,
3144 2291 3277 2348 nihil
3303 2289 3458 2346 aliud

1947 2379 2077 2449 ipsis
2102 2379 2307 2436 cordati
2341 2381 2576 2437 homines
2602 2382 2887 2454 imprecari
2916 2392 3165 2455 possent,
3209 2400 3371 2455 quam
3397 2390 3457 2438 ut

1951 2469 2089 2526 talia
2136 2480 2519 2527 venerarentur
2548 2511 2565 2538 ,
2621 2473 2919 2547 talibusque
2973 2476 3253 2533 honoribus
3288 2476 3460 2547 agite-

1952 2569 2092 2617 rent.
2139 2580 2161 2615 ι

1951 2693 2048 2751 His
2070 2696 2351 2766 perlectis,
2376 2698 2626 2769 quidam,
2660 2700 2893 2771 inquitis
2921 2742 2936 2768 ,
2985 2701 3306 2757 auditorum
3334 2715 3450 2755 ma-

1877 2786 2112 2859 gistrum
2170 2788 2554 2860 improbarunt
2583 2832 2598 2857 ,
2653 2792 2911 2849 homines
2968 2793 3229 2849 cordatos
3288 2800 3457 2862 atque

1879 2878 2201 2950 evangelica
2234 2880 2423 2937 vivere
2453 2881 2745 2953 cupientes
2795 2882 2928 2938 talia
2970 2882 3136 2940 alicui
3164 2880 3455 2952 imprecari

1879 2975 1943 3021 ut
1969 2976 2269 3024 veneretur
2302 2970 2617 3042 talibusque
2649 2971 2962 3029 honoribus
2990 2979 3053 3027 ut
3100 2970 3301 3027 alliciat
3332 2971 3456 3043 jus-

1881 3068 1999 3117 tum
2026 3077 2151 3119 esse
2174 3072 2462 3136 negantes.
2500 3064 2784 3121 Adversus
2811 3079 2952 3136 quos
2972 3078 3075 3137 ego
3112 3062 3340 3136 quidem
3362 3060 3454 3118 ni-

1880 3152 1999 3221 hil;
2039 3153 2189 3225 quod
2227 3170 2358 3212 vero
2396 3170 2427 3211 a
2450 3170 2585 3212 sene
2607 3156 2853 3227 quodam
2905 3156 3223 3213 divinarum
3262 3168 3456 3213 rerum

1879 3246 2128 3316 sapiente
2156 3247 2491 3320 Patrumque
2519 3247 2831 3305 doctrinam
2855 3247 3082 3319 plurimi
3112 3245 3355 3304 faciente
3381 3245 3456 3303 de

196 3309 647 3427 λίανιὲδιδάχθην
696 3320 826 3390 περὶ
872 3321 1087 3388 τούτου,
1141 3324 1311 3395 φημί.
1365 3325 1426 3380 '0
1473 3326 1629 3396 ἅγιος
1684 3329 1779 3383 καὶ

1885 3309 1988 3393 hoc
2012 3338 2210 3396 doctus
2237 3355 2381 3405 sum,
2401 3309 2624 3397 dicam.
2674 3309 2913 3427 Sanctus
2936 3349 2995 3397 et
3034 3341 3234 3396 beatus
3261 3345 3457 3395 noster

197 3402 472 3492 μακάριος
520 3407 710 3481 Πατὴρ
754 3412 787 3482 ἠ
798 3411 917 3483 μῶν
956 3415 1050 3468 κει)⁸
1088 3414 1411 3481 διδάσκαλος
1455 3417 1777 3492 Γρηγόριος,

194 3488 242 3551 ὧ
274 3490 445 3566 οὗτοι,
483 3500 581 3568 (ὡς
610 3502 722 3576 γὰρ
772 3504 1042 3575 παροῦσιν
1089 3508 1273 3574 αὐτοῖς
1304 3488 1775 3584 διαλεχθήσομαι),

194 3585 536 3662 θεασάμενος
607 3595 736 3660 τοὺς
790 3596 1063 3669 Ἕλληνας
1117 3602 1551 3673 προηγουμένως
1604 3603 1779 3671 οὕτως

193 3679 410 3749 ἀλόγως
475 3684 870 3757 πλανηθέντας,
925 3689 1022 3744 καὶ⁹
1074 3690 1175 3762 τῆς
1229 3692 1362 3765 περὶ
1414 3692 1510 3746 τοῦ
1570 3694 1775 3767 κυρίως

192 3771 352 3839 ὄντος
375 3774 512 3829 Θεοῦ
540 3777 774 3849 πάμπαν
802 3780 1013 3845 ἑννοίας
1036 3781 1405 3854 ἀπαχθέντας,
1431 3785 1772 3856 συμπαθείας

194 3864 348 3937 νόμῳ
394 3867 569 3924 ταῦτα
611 3869 886 3938 διέξεισιν,
927 3872 1014 3927 ἵνα
1042 3875 1107 3929 ἐκ
1145 3877 1246 3948 τῆς
1270 3876 1381 3931 τῶν
1411 3878 1770 3951 σεϐασμάτων

194 3955 421 4045 ἀλογίας
454 3976 522 4045 τε
582 3961 677 4015 καὶ
725 3962 1024 4031 εὐτελείας,
1076 3967 1278 4038 μᾶλλον
1323 3969 1382 4025 δι
1439 3970 1771 4045 κυριώτερον

92 4056 98 4060 ·
193 4042 373 4134 εἰπεῖν
443 4044 729 4117 βδελυρίας
749 4091 768 4120 ,
840 4053 1013 4129 πολλῇ
1084 4056 1197 4112 τῶν
1262 4042 1771 4134 ἐπιχειρηματικῶν

192 4130 371 4228 λόγων
402 4136 588 4228 αὐτοῖς
637 4142 907 4219 γενομένῃ
949 4145 1061 4202 τῶν
1104 4130 1466 4223 σεδασμάτων
1493 4130 1771 4228 ἀνασκευῇ

195 4225 372 4299 ῥᾴστη
418 4227 644 4302 γένηται
700 4234 884 4301 αὐτοῖς
914 4239 1053 4310 πρὸς
1096 4240 1425 4315 δρθοτομίαν
1468 4248 1503 4318 ἠ

193 4318 423 4388 προσέτι
449 4338 512 4391 γε
543 4324 652 4396 μὴν
683 4326 867 4400 (220
891 4329 942 4399 b)
985 4333 1080 4387 atat
1111 4335 1252 4405 μηδέ
1280 4355 1404 4391 τινα
1443 4339 1648 4395 τούτων
1676 4360 1775 4397 κα-

192 4407 413 4504 κοδοξίᾳ
434 4416 828 4504 κατασυρῆναι,
852 4419 942 4474 διά
956 4422 1017 4476 τὸ
1034 4423 1135 4495 τὴν
1170 4425 1389 4497 ἀπάτην
1420 4428 1487 4483 ὲκ
1506 4430 1601 4485 τοῦ
1633 4450 1771 4504 προ-

1881 3430 2044 3486 Pater
2062 3438 2235 3502 atque
2268 3432 2531 3503 magister
2563 3432 2885 3504 Gregorius,
2918 3447 2952 3488 o
2982 3431 3111 3498 isti,
3144 3431 3458 3504 (colloquar

1876 3520 2023 3575 enim
2040 3536 2164 3575 cum
2185 3522 2269 3577 eis
2292 3530 2553 3593 tanquam
2572 3522 2618 3577 si
2637 3522 2821 3578 adsint
2846 3521 3069 3579 Graecos
3097 3520 3294 3577 videns
3316 3534 3458 3592 prae-

1873 3611 2037 3681 cipue
2064 3612 2279 3667 versari
2311 3613 2367 3667 in
2385 3622 2535 3668 tanta
2557 3614 2771 3669 erroris
2789 3613 3046 3679 stultitia,
3072 3622 3129 3669 et
3161 3628 3195 3669 a
3220 3612 3455 3668 notione

1874 3703 1997 3773 ejus
2014 3703 2111 3773 qui
2134 3704 2357 3775 proprie
2378 3714 2463 3761 est
2495 3705 2594 3761 Dei
2616 3720 2847 3777 prorsus
2868 3705 3138 3762 abductos
3154 3704 3452 3762 commise-

1875 3793 2109 3848 rationis
2137 3794 2257 3866 lege
2284 3794 2415 3851 talia
2437 3795 2810 3866 persequitur,
2829 3805 2892 3852 ut
2918 3795 3049 3853 inde
3070 3794 3219 3868 quod
3241 3808 3307 3852 ea
3328 3807 3458 3865 qua

1875 3886 2134 3941 coluntur
2158 3886 2378 3943 ratione
2408 3896 2620 3955 carent,
2676 3895 2734 3944 et
2773 3902 2843 3944 ex
2886 3887 3124 3954 vilitate,
3164 3894 3260 3943 aut
3300 3883 3455 3957 quod

1874 3976 2048 4048 magis
2074 3977 2299 4049 proprie
2332 3986 2421 4033 est
2450 3975 2662 4045 dicere,
2696 3977 3038 4035 scurrilitate
3064 3991 3283 4043 eorum,
3326 3970 3460 4047 post

1875 4069 2125 4125 crebram
2168 4084 2487 4126 sermonum
2536 4068 2745 4140 quibus
2796 4069 2845 4126 is
2880 4070 3067 4126 cultus
3104 4075 3457 4140 expugnatus

1876 4170 1962 4217 est
1983 4159 2399 4225 refutationem,
2429 4158 2726 4217 facillimus
2747 4160 2830 4216 eis
2849 4159 2918 4216 ad
2939 4170 3149 4217 rectam
3175 4159 3324 4214 viam
3359 4156 3456 4212 ﬁat

1876 4248 2113 4313 reditus,
2149 4247 2381 4319 insuper
2408 4263 2543 4305 vero
2574 4249 2743 4305 etiam
2772 4265 2842 4305 ne
2881 4250 3008 4320 quis
3038 4250 3244 4305 horum
3285 4262 3456 4319 prava

1876 4340 2143 4412 opinione
2170 4339 2450 4407 trahatur,
2493 4349 2789 4412 propterea
2817 4341 2963 4412 quod
2996 4341 3149 4398 fraus
3193 4340 3458 4397 omnibus

1877 4434 1953 4490 sit
1988 4433 2044 4489 in
2074 4443 2333 4503 promptu
2369 4442 2426 4488 et
2450 4432 2611 4489 facile
2643 4434 2712 4488 ad
2748 4433 3299 4505 deprehendendum,
3326 4446 3455 4488 cum

190 4495 377 4596 κείρου
396 4502 576 4596 πᾶσιν
623 4505 845 4579 εὔδηλον
890 4505 1031 4567 εἶναι
1064 4514 1160 4570 καὶ
1196 4495 1535 4591 εὐφώρατον,
1573 4495 1765 4593 μηδενὶ

1888 4495 2150 4583 nemiuem
2180 4495 2477 4579 honestum
2499 4524 2707 4580 malum
2734 4495 2883 4596 quod
2918 4525 3210 4582 delitescat
3232 4522 3396 4581 celet.

192 4590 361 4662 τιμίῳ
389 4591 635 4653 δοκοῦντι
668 4602 1155 4671 συγκαλύπτουσαν
1186 4610 1249 4665 τὸ
1283 4590 1545 4668 λανθάνον
1575 4590 1767 4676 ἧκόν.

202 4776 303 4833 Ἐκ
338 4778 446 4837 τοῦ
476 4782 663 4839 αὐτοῦ
690 4784 901 4858 λόγου,
938 4790 1028 4856 είς
1057 4791 1150 4859 τὸ,
1200 4811 1221 4849 σ
1252 4787 1337 4852 Οὔ
1365 4794 1437 4851 δὲ
1461 4764 1773 4870 κάθαρσις,

1885 4800 1966 4857 Ea:
1990 4800 2172 4855 eodem
2202 4815 2464 4865 sermone,
2500 4802 2557 4855 in
2588 4799 2725 4854 illud
2753 4817 2771 4855 :
2816 4817 2836 4851 ι
2875 4798 3042 4854 Porro
3063 4797 3152 4852 ubi
3185 4798 3455 4868 purgatio.

260 4870 587 4963 εξλαμψις,
638 4876 943 4950 ἕλλαμψις
975 4882 1046 4937 δὲ
1073 4886 1264 4941 πόθου
1286 4888 1621 4959 πλήρωσις,
1650 4892 1779 4963 τοῖς

260 4961 385 5018 τῶν
403 4966 728 5038 μεγίστων,
756 4972 796 5041 ἢ
816 4972 927 5029 τοῦ
942 4976 1255 5048 μεγίστου,
1282 4978 1323 5051 ἣ
1356 4974 1510 5053 ὑπὲρ
1534 4982 1602 5039 τὸ
1619 4961 1776 5059 μέγα

262 5058 620 5135 ἐφιεμένοις.
654 5066 766 5137 (51)
811 5085 834 5123 ι

262 5260 433 5317 Φασὶν
474 5264 525 5318 ei
562 5263 674 5319 τῶν
714 5265 875 5323 θείων
910 5269 1279 5344 ἐπιστήμονες
1331 5278 1650 5351 μυστηρίων
1691 5280 1776 5335 ὅτι

192 5349 321 5405 ἔνθα
370 5353 640 5427 κάθαρσις
678 5356 858 5430 ψυχῆς
894 5361 930 5432 ἡ
970 5361 1061 5416 διά
1098 5363 1210 5418 τῶν
1247 5364 1482 5437 ἀρετῶν,
1522 5349 1643 5422 ἐκεῖ
1681 5370 1777 5425 καὶ

192 5443 463 5513 ἔλλαμψις
521 5448 779 5516 γνώσεως
836 5450 979 5521 μετά
1042 5454 1145 5526 τὴν
1190 5456 1388 5529 εὐσεσῆ
1444 5458 1554 5514 τῶν
1606 5459 1778 5516 ὄντων

192 5533 484 5607 διάσκεψιν
510 5538 888 5609 ἀναφαίνεται,
912 5542 1048 5614 πρὸς
1067 5545 1166 5615 τὴν
1194 5545 1289 5601 τοῦ
1325 5546 1471 5601 θείου
1500 5548 1776 5621 κατανόη-

271 5679 300 5709 ι
324 5665 346 5722 l
369 5666 501 5724 Cor.
535 5684 628 5735 xv,
663 5669 752 5726 55.

263 5781 393 5869 (ξρλ
410 5782 574 5869 Qreg.
608 5784 742 5869 μοί.
784 5787 876 5843 0r.
905 5791 1013 5869 _in_
1030 5789 1226 5869 Sancta
1269 5793 1515 5861 Lumina,
1558 5812 1678 5869 cap.
1713 5798 1766 5866 6,

204 5863 261 5938 ι).
280 5852 415 5924 680,
445 5852 576 5911 tom.
611 5855 652 5911 l.
687 5856 824 5931 Opp.
853 5859 941 5917 cd.
973 5859 1175 5917 Bencd.

1951 4892 2063 4948 illic
2089 4892 2436 4959 illuminatio,
2459 4891 2784 4949 illuminatio
2818 4901 2998 4947 autem
3026 4890 3269 4946 desiderii
3303 4903 3456 4942 sum-

1950 5004 2041 5043 ma
2077 4995 2175 5055 est,
2223 4988 2291 5043 iis
2346 4988 2526 5058 utique
2569 4987 2659 5057 qui
2706 4986 3067 5040 maximarum
3114 4997 3294 5036 rerum
3317 5018 3333 5043 ,
3371 4977 3457 5033 vel

1949 5079 2123 5151 potius
2164 5079 2411 5135 maxima:
2450 5079 2527 5132 rei
2559 5117 2574 5142 ,
2634 5084 2794 5147 atque
2849 5074 2981 5129 adeo
3034 5070 3459 5142 magnitudinem

1948 5185 2159 5225 omnem
2177 5169 2500 5241 superantis,
2534 5167 2823 5238 cupiditate
2849 5167 3107 5237 ﬂagrant,
3145 5180 3165 5216 s

1940 5280 2266 5336 Divinorum
2296 5278 2691 5351 mysteriorum
2717 5276 2887 5348 periti
2909 5275 3181 5332 aﬂirmant
3199 5272 3296 5328 ubi
3321 5287 3456 5344 pur-

1870 5371 2020 5444 gatio
2054 5369 2252 5426 anima:
2284 5368 2357 5425 sit
2379 5384 2479 5439 per
2509 5367 2748 5423 virtutes
2777 5366 2947 5432 facta,
2990 5364 3069 5420 ibl
3118 5363 3288 5420 etiam
3327 5362 3457 5416 illu-

1873 5460 2234 5518 minationem
2257 5457 2591 5531 cognitionis
2617 5466 2747 5530 post
2763 5458 3072 5515 institutam
3092 5456 3242 5527 piam
3260 5466 3455 5508 rerum

1875 5566 1998 5623 qua)
2027 5562 2159 5608 sunt
2190 5550 2697 5608 considerationem
2723 5564 3011 5623 apparere,
3055 5561 3177 5619 quae
3207 5549 3454 5600 mentem

1874 5794 2062 5924 Βθὲἷῇ
2102 5795 2271 5854 idem.
2301 5797 2425 5855 ibid.
2454 5811 2572 5870 cap.
2618 5797 2669 5883 θ,
2702 5814 2755 5872 p.
2794 5796 2917 5867 682,
2956 5806 3086 5854 tom.
3121 5795 3163 5850 l.
3190 5794 3329 5868 Opp.
3357 5791 3451 5852 ed.
