4026 6288
595 396 730 466 i303

1763 399 1822 461 S-
1866 399 2151 461 MAXIMI
2189 398 2695 462 CONFESSOBIS

3698 393 3834 459 130i

590 511 656 565 ad
687 510 782 565 Dei
809 507 1217 579 perceptionem
1243 505 1427 579 adigat
1456 517 1621 578 atque
1665 507 2008 566 desiderium
2042 509 2157 580 ejus

2267 527 2349 563 σιν
2374 512 2474 581 τὴν
2501 510 2680 581 ψυχὴν
2709 507 3131 574 ἀναϐιϐάζουσα,
3178 508 3274 564 καί⁵
3316 510 3412 563 τὸν
3457 507 3621 562 πόθον
3663 510 3824 579 αὐτῆς

590 611 844 656 extremo
863 603 1058 656 eorum
1095 614 1216 668 quae
1262 605 1601 669 appetuntur
1628 599 1832 670 alligat,
1890 599 2038 669 quod
2082 607 2167 653 est

591 691 760 759 Deus,
787 693 883 763 qui
905 692 962 746 in
987 691 1240 754 summis,
1273 692 1359 745 vel
1390 690 1447 744 in
1473 705 1690 746 summo
1717 691 1805 745 vel
1840 691 1898 744 in
1923 706 1991 744 eo
2016 691 2165 760 quod

591 783 1027 856 magnitudinem
1067 797 1288 837 omnem
1317 791 1544 852 superat
1582 781 1806 852 proprie
1837 781 2060 836 exsistit
2085 789 2166 836 at-

591 889 701 946 que
719 875 1072 946 agnoscitur:
1103 883 1268 943 atque
1303 891 1324 924 ι
1361 872 1418 926 in
1449 872 1704 937 summis,
1744 889 1764 922 ι
1802 879 1863 926 ut
1903 871 1958 926 in
1987 871 2164 927 tribus

597 965 926 1022 substantiis
955 962 1416 1019 coessentialibus
1439 968 1495 1016 et
1518 976 1674 1031 aeque
1693 959 2031 1031 potentibus,
2073 959 2168 1014 iis-

595 1056 834 1126 demque
845 1070 958 1110 non
970 1052 1392 1110 commiscendis
1407 1052 1476 1108 de
1491 1061 1743 1110 accurata
1763 1063 1819 1108 et
1834 1050 2165 1107 immutabili

591 1147 742 1202 circa
767 1157 1208 1216 unamquamque
1234 1143 1592 1214 proprietate,
1618 1143 2032 1215 ingeneratione
2083 1143 2168 1197 in-

487 1271 490 1273 -
591 1248 849 1308 quam,et
875 1237 1228 1310 generatione
1248 1244 1305 1291 et
1326 1235 1677 1306 processione
1705 1253 1717 1289 :
1757 1253 1776 1286 ι
1808 1235 1863 1290 in
1888 1249 2104 1290 summo
2139 1251 2158 1286 ι

590 1338 722 1384 vero
733 1337 954 1398 propter
974 1327 1072 1383 Dei
1090 1325 1393 1382 secundum
1415 1325 1800 1394 substantiam,
1824 1325 2093 1381 unitatem
2107 1333 2181 1380 et.

592 1419 937 1476 identitatem
962 1430 1020 1476 et
1037 1419 1472 1490 singularitatem
1502 1431 1519 1474 :
1545 1419 1603 1474 in
1622 1434 1688 1474 eo
1709 1417 1948 1488 denique
1968 1437 1986 1469 ι
2013 1417 2179 1488 quod.

588 1521 809 1565 omnem
840 1510 1272 1582 magnitudinem
1323 1519 1571 1580 superat,
1617 1528 1637 1561 ι
1681 1518 1975 1580 propterea
2006 1509 2159 1579 quod

587 1601 897 1670 quantitate
925 1603 1076 1657 nulla
1099 1609 1197 1656 aut
1245 1600 1632 1672 magnitudine
1662 1601 1752 1655 vel
1800 1600 2162 1658 multitudine

587 1692 1076 1748 circumscribatur
1104 1693 1271 1757 Deus,
1297 1701 1395 1747 aut
1418 1691 1699 1762 aliquibus
1724 1691 1932 1747 ﬁnibus
1953 1691 2162 1747 discer-

587 1791 774 1837 natur.
804 1781 997 1839 Omnis
1040 1784 1192 1838 enim
1229 1783 1551 1855 magnitudo
1588 1783 1816 1839 deﬁnita
1844 1793 1952 1848 est,
1985 1784 2162 1841 deitas

2269 600 2617 673 προσηλοῦσα
2649 603 2729 672 τῷ
2767 602 2981 672 ὶσχάτῳ
3007 601 3118 654 τῶν
3156 601 3418 674 ὀρεκτῶν,
3467 601 3606 671 ὅπερ
3632 599 3778 652 ἐστὶν
3799 601 3828 652 ὁ

2264 693 2415 756 Θεὸς,
2461 696 2491 746 ό
2531 695 2591 746 ὲν
2641 697 2754 756 τοῖς
2790 693 3069 763 μεγίστοις
3101 692 3199 747 καί⁹
3235 693 3294 746 έν
3327 691 3406 762 τῷ
3455 691 3700 762 μεγίστῳ
3738 689 3826 742 καὶ

2266 785 2406 855 ὑπὲρ
2435 785 2499 838 τὸ
2537 785 2684 855 μέγα
2726 785 2932 854 κυρίως
2961 782 3226 852 ὑπάρχων
3255 782 3354 834 καὶ
3383 779 3786 849 γινωσκόμενος
3808 793 3824 810 ·

2269 894 2289 928 ι
2322 877 2381 929 ὲν
2409 879 2522 939 τοῖς
2556 877 2832 946 μεγίστοις
2869 893 2888 927 ι
2921 875 3044 945 μὲν,
3071 874 3148 938 ὡς
3170 874 3230 926 ὲν
3257 872 3439 943 τρισὶν
3472 870 3826 925 ὑποπάσσειν

2261 966 2569 1036 ὁμοουσίοις
2633 966 2729 1019 καὶ
2809 965 3169 1035 όμοδυνάμοις
3188 1001 3205 1024 ,
3266 960 3597 1031 ἀσυγχύτοις
3657 976 3718 1012 τε
3763 961 3826 1027 τῇ

2263 1055 2481 1127 ἀκριϐεῖ
2509 1056 2605 1110 καὶ
2637 1054 2958 1126 ἀμεταϐόλῳ
2987 1054 3114 1126 περὶ
3137 1054 3373 1123 ἑκάστην
3398 1051 3648 1121 ἰδιότητι,
3673 1051 3827 1117 ἁγενι

2263 1148 2424 1218 νησίο⁴
2452 1146 2595 1216 λέγω
2623 1147 2720 1200 καὶ
2767 1145 3020 1216 γεννήσει
3070 1144 3165 1199 καὶ
3213 1142 3571 1212 έκπορεύσει·
3614 1158 3638 1192 ι
3670 1140 3730 1192 ὲν
3757 1138 3828 1206 τῷ

2267 1239 2507 1310 μεγίστῳ
2537 1256 2558 1290 ι
2587 1237 2670 1304 δὲ,
2690 1236 2780 1292 διὰ
2824 1237 2885 1292 τὸ
2912 1238 3031 1292 κατ’
3068 1235 3256 1291 οὐσίαν
3297 1235 3357 1290 ἓν
3393 1234 3489 1290 καὶ
3515 1231 3718 1288 ταύτὸν
3743 1231 3828 1284 καὶ

2267 1329 2550 1402 μοναδικὸν
2605 1329 2706 1400 τῆς
2734 1328 3017 1399 θεότητος*
3073 1327 3212 1399 ύπὲρ
3248 1326 3314 1380 τὸ
3353 1324 3498 1396 μέγα
3527 1322 3607 1386 δὲ,
3659 1321 3749 1376 διὰ
3771 1321 3828 1372 τὸ

2270 1439 2290 1474 ³
2321 1421 2396 1492 μὴ
2443 1420 2596 1491 ποσῷ
2635 1437 2744 1474 τινι
2780 1420 2814 1491 ἢ
2857 1419 3078 1490 μεγέθει
3121 1418 3154 1488 ἢ
3201 1417 3526 1488 πηλικότητι
3563 1411 3826 1484 περιγρά-

2263 1512 2459 1582 φεσθαι
2493 1531 2511 1564 ι
2544 1511 2640 1566 καὶ
2684 1510 2904 1584 πέρασιΔ
2926 1524 3035 1564 τισι
3066 1503 3533 1579 διαλαμϐάνεσθαι
3569 1504 3635 1556 τὸ
3676 1503 3821 1554 θεῖον.

2263 1603 2378 1656 Πᾶν
2405 1601 2513 1672 γὰρ
2562 1601 2790 1672 μέγεθος
2835 1599 3254 1671 πεπερασμένον
3293 1599 3432 1662 ἐστὶ,
3478 1594 3540 1648 τὸ
3585 1593 3647 1647 δὲ
3702 1592 3824 1646 θεῖον

2265 1693 2425 1764 μόνον
2469 1693 2795 1764 ἀπέραντον,
2915 1708 3079 1762 φησιν
3113 1691 3144 1743 ό
3186 1689 3359 1760 μέγας
3405 1685 3591 1750 Δαϐὶδ,
3640 1681 3824 1752 Μέγας

2262 1785 2478 1852 Κύριος
2522 1783 2623 1838 καὶ
2675 1783 2910 1848 αἰνετός
2965 1781 3226 1851 σφόδρα,
3277 1779 3374 1834 καί
3423 1776 3535 1846 τῆς
3571 1776 3827 1845 μεγαλω-

588 1871 704 1924 sola
746 1869 1030 1926 indelinita
1087 1871 1394 1927 secundum
1449 1873 1631 1943 magni
1677 1872 1904 1927 Davidis
1949 1873 2155 1928 verba:

2261 1875 2456 1942 σύνης
2471 1873 2657 1928 αὐτοῦ
2679 1875 2791 1928 οὐκ
2814 1873 2946 1928 ἔστι
2965 1872 3170 1941 πέρας,
3195 1871 3270 1934 ὡς
3298 1870 3473 1924 οὐδενὶ
3495 1864 3826 1938 περιορισμεῷ

586 1959 810 2033 Magnus
839 1955 918 2016 εέι
949 1962 1202 2018 Dominus
1229 1963 1452 2018 et‘valde
1472 1963 1760 2019 laudabilis
1789 1966 1842 2032 ι),
1866 1975 1916 2019 et
1951 1967 2158 2037 magni-

587 2055 783 2110 tudinis
829 2057 942 2127 ejus
999 2056 1178 2112 nullus
1211 2069 1288 2113 est
1333 2057 1457 2127 ﬁnis
1497 2069 1560 2123 °,-
1611 2069 1804 2130 utpote
1840 2077 1962 2130 qua:
2007 2062 2157 2117 nulla

586 2147 1100 2220 circumscriptione
1131 2150 1366 2206 limitata
1393 2160 1497 2216 est,
1526 2150 1764 2222 ideoque
1805 2153 1974 2208 etiam
2005 2153 2158 2209 inde-

585 2237 757 2306 ﬁnita,
795 2255 922 2296 cum
949 2243 1214 2312 temporis
1237 2243 1681 2313 qualemcunque
1706 2252 1762 2299 et
1807 2254 2018 2300 naturae
2055 2261 2157 2300 no-

589 2333 794 2386 tionem
835 2341 1278 2388 antevertentem
1311 2349 1432 2390 sese
1471 2334 1672 2388 habeat
1700 2336 1929 2400 nullam,
1962 2351 2156 2391 secun-

586 2420 718 2477 dum
749 2436 914 2492 quam
963 2423 1260 2482 artiﬁciosa
1314 2425 1670 2481 rationallum
1705 2436 2156 2498 argumentorum

589 2513 880 2568 methodus
930 2514 1195 2571 studiosis
1236 2517 1429 2572 talium
1482 2517 1793 2588 excogitata
1838 2527 1926 2574 est
1969 2533 2032 2574 ea
2083 2521 2156 2576 ob

589 2619 751 2675 quam
786 2608 1088 2677 praesertim
1127 2618 1336 2665 etcum
1369 2625 1477 2680 qua
1529 2611 1675 2666 circa
1711 2609 1961 2666 veritatis
1997 2611 2156 2668 inda-

587 2698 861 2770 gationem
899 2701 1186 2770 reprobari
1217 2703 1368 2772 ipsos
1390 2699 1667 2767 videmus,
1705 2718 1829 2757 cum
1864 2704 2154 2773 quodcun-

587 2803 696 2858 que
721 2790 836 2845 suis
861 2791 1371 2848 ratiocinationibus
1402 2793 1704 2863 expugnari
1723 2809 1835 2848 non
1861 2794 2154 2865 potuisset,

588 2878 645 2933 id
665 2896 768 2936 nec
791 2897 984 2938 verum
1030 2869 1260 2939 omnino
1303 2900 1426 2940 esse
1468 2891 1748 2954 putarent.
1793 2887 1922 2952 Quae
1960 2883 2162 2957 probat,

587 2974 846 3045 magister
895 2976 1063 3031 etiam
1122 2977 1178 3032 in
1217 2978 1343 3032 aliis
1381 2977 1516 3033 locis
1553 2976 1747 3033 iisdem
1788 2978 1974 3033 verbis
2005 2994 2152 3033 usus.

584 3063 1059 3132 Quemadmodum
1085 3069 1139 3124 in
1162 3086 1416 3127 sermone
1449 3072 1506 3126 in
1530 3072 1842 3128 Adventum
1870 3071 2155 3143 Egyptia-

586 3170 710 3214 rum
734 3158 940 3227 habito,
975 3162 1278 3232 theologica
1300 3160 1368 3219 de
1390 3164 1630 3219 essentia
1670 3164 1952 3220 incondita
1991 3173 2156 3233 atque

2263 1967 2690 2039 περατούμενον,
2724 1965 2803 2020 διὸ
2842 1967 2939 2020 καὶ
2970 1966 3220 2034 ἄπειρον,
3261 1963 3338 2034 μὴ
3362 1961 3485 2032 ἔχον
3527 1958 3828 2028 φθάνουσαν

2262 2059 2394 2114 αὐτὸ
2433 2058 2532 2131 τὴν
2573 2056 2786 2112 οίανοῦν
2819 2057 3010 2128 χρόνου
3054 2056 3148 2110 καὶ
3187 2052 3400 2126 φύσεως
3444 2051 3683 2113 ἔννοιαν,
3719 2045 3826 2100 καθ’

2261 2152 2330 2222 ἣν
2366 2153 2400 2222 ὴ
2430 2149 2656 2221 τεχνικὴ
2687 2150 2796 2204 τῶν
2838 2147 3074 2217 λογικῶν
3120 2143 3569 2215 ἐπιχειρημάτων
3614 2138 3829 2211 μέθώος

2261 2246 2373 2306 τοῖς
2399 2241 2470 2296 τὰ
2492 2240 2717 2296 τοιαῦτα
2735 2241 3093 2302 σπουδασταῖς
3121 2235 3388 2307 ἐπενοήθη
3409 2233 3475 2288 δι’
3499 2233 3572 2304 ἦν
3605 2231 3828 2301 μάλιστα

2262 2335 2357 2388 καὶ
2397 2333 2516 2404 μεθ’
2541 2328 2609 2405 ἦς
2634 2333 2889 2402 ἀδόκιμοι
2919 2331 3048 2402 περὶ
3085 2330 3183 2400 τὴν
3213 2329 3309 2400 τῆς
3332 2323 3594 2397 ἀληθείας
3625 2323 3830 2391 εὕρεσιν

2261 2424 2686 2497 ἀπεδείχθησαν,
2737 2424 2848 2478 πᾶν
2895 2423 2926 2477 ὃ
2979 2425 3094 2486 τοῖς
3149 2420 3298 2490 σφῶν
3332 2415 3514 2473 αὐτῶν
3557 2412 3830 2480 λογισμοξ

2265 2517 2340 2588 μὴ
2370 2517 2594 2585 γέγονεν
2626 2509 2853 2580 ἁλωτὸν,
2876 2515 3015 2584 μήτε
3042 2507 3181 2566 εἶναι
3210 2510 3270 2564 τὸ
3492 2505 3551 2574 α)
3580 2501 3829 2573 παράπαν

2263 2609 2652 2670 πιστεύσαντες
2677 2608 2815 2678 (52).
2845 2607 3004 2676 Δηλοῖ
3029 2605 3086 2658 δὲ
3113 2604 3181 2657 τὰ
3214 2598 3593 2673 προειρημένα
3613 2595 3781 2662 λέγων
3803 2593 3827 2642 ό

2261 2701 2579 2765 διδάσκαλος
2616 2700 2680 2753 ὲκ
2711 2699 2806 2752 τοῦ
2852 2698 2947 2752 καὶ
2996 2699 3054 2750 ὲν
3099 2695 3280 2757 ἄλλοις
3322 2694 3434 2755 τοῖς
3476 2689 3664 2751 αὐτοῖς
3707 2686 3828 2755 χρὴ·

2264 2789 2458 2842 σασθαι
2490 2789 2687 2858 λόγοις.
2720 2787 2882 2854 Λέγει
2927 2781 3020 2838 οὖν
3061 2785 3120 2837 ὲν
3151 2781 3228 2853 τῷ
3259 2782 3339 2844 είς
3367 2781 3463 2833 τὸν
3512 2774 3828 2831 Κατάπλουν

2261 2883 2368 2934 τῶν
2396 2881 2504 2935 ἀπὸ
2537 2881 2816 2949 Αἰγύπτου
2860 2877 3026 2947 λόγῳ,
3055 2873 3380 2942 θεολογικῶς
3399 2869 3606 2925 οὑτωσὶ
3631 2862 3828 2932 διεξιὼν

2221 2991 2226 2997 ·
2262 2974 2390 3044 περὶ
2415 2975 2513 3044 τῆς
2539 2971 2921 3050 ὰκτίστουῇκαὶ
2951 2969 3098 3024 θείου
3129 2964 3338 3029 οὐσίας,
3361 2963 3457 3017 καὶ
3485 2962 3590 3030 τῆς
3616 2955 3828 3024 κτιστῆς

2263 3066 2356 3118 καὶ¹
2406 3064 2580 3137 ἀρχὴν
2604 3063 2700 3118 τοῦ
2730 3060 2870 3117 εἶναι
2912 3061 3181 3132 λαϐούσης
3233 3058 3446 3129 φύσεως
3469 3071 3485 3086 ο
3527 3072 3548 3105 ι
3577 3052 3827 3107 Καλείται

2261 3156 2316 3210 δὲ
2343 3158 2377 3228 ἢ
2422 3157 2520 3228 μὲν
2568 3156 2722 3222 Θεὸς,
2752 3156 2845 3210 καὶ
2877 3157 2934 3209 ὲν
2965 3154 3112 3227 τρισὶ⁵
3138 3153 3183 3184 ⁸⁵
3227 3152 3339 3213 τοῖς
3375 3148 3659 3220 μεγίστοις
3687 3145 3828 3196 ἵστα-

586 3241 774 3302 divina
816 3247 994 3320 deque
1024 3231 1247 3305 condita
1294 3262 1494 3308 natura
1544 3269 1765 3322 suaeque
1819 3231 2156 3308 exsistentia:

2261 3264 2371 3315 ται,
2420 3249 2581 3320 αἰτίῳ
2616 3247 2709 3301 καὶ
2741 3245 3058 3318 δημιουργῷ
3091 3243 3187 3298 καὶ
3215 3237 3532 3309 τελειοποιῷ
3557 3235 3636 3307 τῷ
3659 3233 3831 3322 illcth

585 3333 920 3408 principium
951 3338 1143 3394 sortita
1167 3338 1280 3394 ‘lioc
1304 3341 1466 3396 modo
1498 3357 1766 3396 enarrans
1795 3358 1808 3394 :
1849 3359 1868 3394 ι
1903 3338 2142 3396 Vocatur

585 3434 791 3493 autem,
823 3428 1021 3500 inquit,
1048 3429 1141 3486 illa
1166 3433 1390 3503 quidem
1419 3434 1583 3494 Deus,
1604 3441 1661 3488 et
1692 3433 1747 3487 in
1768 3431 1949 3488 tribus
1973 3433 2150 3488 maxi-

585 3515 692 3578 mis
719 3518 992 3585 consistit,
1052 3521 1108 3576 in
1141 3537 1328 3587 causa,
1373 3521 1429 3575 in
1473 3519 1694 3592 opiﬁce,
1733 3519 1787 3575 in
1824 3520 2153 3591 perfectore,

523 3663 534 3673 ,
587 3605 693 3667 hoc
723 3614 880 3670 estin
905 3615 1087 3681 Patre,
1113 3617 1276 3683 Filio,
1303 3625 1360 3673 et
1385 3617 1610 3688 ,Spiritu
1652 3627 1864 3672 sancto.
1896 3636 1914 3669 ι
1951 3617 2022 3672 Et
2057 3617 2160 3672 ite-

585 3703 785 3760 rumin
822 3721 1076 3763 sermone
1105 3709 1172 3765 de
1203 3709 1539 3779 Baptismate
1578 3709 1646 3764 de
1699 3725 1809 3764 uno
1853 3708 2157 3779 eodemque

585 3802 775 3850 sancto
804 3794 859 3850 in
892 3797 1072 3854 tribus
1103 3799 1309 3856 sanctis
1360 3799 1687 3855 substantiis
1727 3798 1839 3854 Deo
1869 3799 2157 3871 disputans

586 3885 666 3940 ait
692 3901 706 3940 :
742 3905 760 3937 ι
795 3887 1166 3962 Undequaque
1184 3892 1468 3962 aequalem,
1497 3892 1856 3963 undequaque
1877 3890 2150 3958 eamdem,

581 3989 694 4030 non
723 3991 885 4034 secus
911 3995 973 4036 ac
998 3996 1105 4035 una
1134 3982 1258 4037 cmli
1296 3981 1651 4054 pulchritudo
1697 3988 1754 4034 et
1800 3978 2147 4051 magnitudo,

2260 3340 2405 3410 λέγω
2433 3341 2527 3394 καὶ
2547 3339 2640 3411 .τῷ
2670 3337 2783 3410 Υἱῷ
2830 3339 2926 3392 καὶ
2956 3337 3034 3408 τῷ
3075 3335 3217 3407 ἁγίῳ
3249 3333 3526 3401 Πνεύματι
3555 3321 3694 3398 (55).
3731 3323 3830 3380 Καὶ

2262 3425 2418 3493 αὖθις
2449 3430 2507 3481 ὲν
2547 3428 2627 3499 τῷ
2671 3429 2798 3498 περὶ
2847 3425 3237 3496 Βαπτίσματος
3273 3421 3420 3491 λόγῳ
3473 3421 3606 3490 περὶ
3644 3418 3741 3487 τῆς
3775 3416 3832 3466 ἐν

2263 3520 2442 3593 τρισὶν
2470 3520 2654 3590 ἁγίαις
2683 3519 3015 3573 ὑποστάσεσι
3055 3517 3184 3588 μίας
3217 3515 3308 3568 καὶ
3344 3513 3446 3583 τῆς
3479 3510 3654 3580 αὐτῆς
3679 3504 3830 3575 ἁγίας

2265 3614 2518 3685 θεότητος
2576 3613 2960 3685 διαλαμϐάνων
3000 3611 3133 3684 φησὶ
3155 3651 3169 3674 ,
3210 3630 3228 3662 ι
3263 3607 3534 3663 Πάνιοθεν
3567 3607 3709 3672 ἴσην,
3738 3601 3831 3668 τὴν

2263 3706 2433 3776 αὐτὴν
2464 3706 2748 3774 πάντοθεν,
2786 3705 2860 3769 ὼς
2887 3705 2944 3757 ἓν
2970 3701 3199 3776 ούρανοῦ
3230 3700 3425 3763 κάλλος
3457 3701 3556 3752 καὶ
3590 3693 3828 3767 μέγεθος,

2261 3797 2427 3869 τριῶν
2463 3795 2708 3870 ἀπείρων
2743 3796 2967 3868 ἄπειρον
3000 3795 3296 3866 συμφυΐαν.
3326 3789 3437 3861 (54)
3476 3810 3496 3842 ι
3551 3787 3717 3848 Αὐτὸς
3743 3779 3830 3838 οὖν

2263 3888 2464 3964 ἑαυτοῦ,
2493 3889 2832 3959 καθέστηκεν
2861 3886 3201 3959 ἑρμηνευτὴς
3221 3886 3249 3936 ὁ
3280 3882 3603 3942 διδάσκαλος
3621 3879 3727 3939 eoi;
3759 3873 3827 3942 μὴ

2257 3983 2546 4052 παρέργως
2562 3981 2942 4051 ἐντυγχάνουσι
2958 3981 3070 4040 τοῖς
3086 3976 3250 4032 αὑτοῦ
3270 3975 3399 4044 θεοφ
3407 3970 3826 4046 ρὰστοις,λόγοιςο

584 4067 755 4124 trium
792 4070 1134 4128 inﬁnitorum
1164 4072 1436 4128 inﬁnitam
1467 4073 1936 4143 coniunctionem.
1969 4091 1987 4124 ›
2026 4073 2147 4142 Ipse
2173 4070 2343 4142 igitur
2371 4074 2748 4146 suimctipsius
2776 4073 3047 4142 interpres
3072 4069 3330 4141 magister
3357 4075 3469 4120 stat
3498 4063 3584 4118 eis
3611 4061 3700 4132 qui
3722 4072 3827 4113 non

582 4159 762 4216 obiter
788 4162 1009 4218 divinos
1045 4179 1174 4217 suos
1202 4177 1484 4218 sermones
1505 4163 1812 4233 perlegunt.

583 4334 668 4394 Ea:
703 4338 882 4393 eodem
917 4353 1175 4405 sermone,
1203 4338 1258 4392 in
1289 4336 1464 4392 illud:
1503 4358 1520 4390 ι
1566 4334 1895 4394 Innovantur
1917 4348 2144 4406 naturae,

2261 4345 2370 4396 ΞΕκ
2402 4342 2506 4398 τοῦ
2543 4341 2730 4398 αὐτοῦ
2766 4342 2972 4410 λόγου,
3017 4315 3105 4406 εἰς
3137 4339 3225 4402 τὸ,
3275 4356 3294 4388 ι
3331 4333 3826 4402 Καινοτομοῦνται

1001 4435 1050 4479 et
1087 4425 1228 4482 Deus
1265 4429 1416 4480 homo
1456 4427 1689 4497 eﬂicitur.
1718 4447 1735 4477 ι

653 4543 756 4611 Qui
793 4559 1040 4614 magnam
1081 4544 1395 4598 divinorum
1427 4545 1812 4615 mysteriorum
1844 4552 2053 4612 partem
2084 4558 2152 4596 ex

579 4634 661 4688 eis
697 4635 792 4703 qui
819 4635 1041 4689 assecla:
1073 4642 1130 4688 et
1175 4633 1411 4688 ministri
1454 4633 1740 4688 Sermonis
1774 4634 1905 4687 facti
1929 4674 1942 4697 ,
1987 4633 2148 4687 inde.

579 4739 685 4793 que
714 4724 1028 4779 immediate
1055 4733 1214 4778 erant
1253 4739 1435 4778 rerum
1461 4725 1773 4794 cognitione
1800 4723 2024 4788 initiati,
2052 4738 2150 4793 per

577 4815 986 4871 successionem
1014 4815 1090 4876 ab
1114 4814 1523 4883 antiquioribus
1573 4815 1775 4868 tradita
1816 4821 2150 4883 acceperunt

577 4907 754 4962 sancti
797 4906 1042 4976 quinque
1082 4913 1332 4960 statuunt
1372 4905 1828 4960 distinctionibus
1861 4905 2152 4960 universo-

578 5013 699 5052 rum
724 5014 846 5067 quae
874 4998 1012 5053 facta
1034 5007 1164 5053 sunt
1200 4997 1585 5060 substantiam,
1616 4998 1880 5061 discerni,
1917 4998 2148 5050 harum-

576 5102 682 5156 que
707 5103 870 5144 unam
916 5089 1109 5143 volunt
1148 5104 1269 5144 esse
1325 5105 1447 5158 quae
1493 5089 1704 5143 dividat
1757 5088 1824 5143 ab
1862 5087 2144 5142 incondita

576 5188 774 5232 natura
815 5180 1089 5234 conditam
1144 5181 1455 5236 universam
1510 5189 1799 5241 naturam,
1854 5190 1911 5233 et
1975 5179 2146 5233 exsis-

567 5271 806 5333 Itentiam
885 5274 1238 5342 generatione
1304 5274 1573 5328 sortitam.
1647 5272 1865 5326 Etenim
1949 5271 2144 5338 Deum,

645 5387 675 5427 δ
706 5387 849 5443 Psal.
880 5404 1042 5454 XLVII,
1073 5389 1129 5443 2.
1206 5400 1227 5428 ο
1260 5389 1404 5444 Psal.
1437 5405 1614 5456 σχειν,
1645 5388 1700 5443 3.

2332 4432 2568 4500 φύσεις,
2600 4431 2697 4483 καὶ
2728 4433 2862 4495 Θεὸς
2899 4429 3206 4498 ἄνθρωπος
3233 4429 3478 4496 γίνεται.
3516 4445 3535 4476 ι

2331 4544 2395 4597 Οἱ
2418 4545 2487 4598 τὰ
2519 4544 2688 4597 πολλά
2716 4544 2825 4596 τῶν
2854 4529 3011 4596 θείων
3042 4541 3356 4612 μυστηρίων
3387 4541 3451 4592 ἐκ
3481 4538 3592 4590 τῶν
3619 4533 3822 4588 ὀπαδῶν

2259 4623 2353 4686 καὶ¹
2396 4635 2684 4705 ὑπηρετῶν
2728 4633 3036 4702 γενομένων
3078 4631 3173 4684 τοῦ
3215 4632 3412 4698 Λόγου,
3465 4631 3563 4682 καὶ
3609 4625 3822 4680 αὐτόθεν

2257 4727 2479 4797 ἀμέσως
2526 4725 2626 4797 τὴν
2686 4725 2793 4779 τῶν
2840 4725 3007 4778 όντων
3058 4723 3388 4794 μυηθέντων
3421 4721 3645 4789 γνῶσιν,
3690 4715 3823 4768 uti

2256 4817 2506 4888 διαδοχὴν
2541 4816 2628 4871 διὰ
2669 4817 2778 4870 τῶν
2811 4816 2918 4886 πρὸ
2961 4814 3138 4868 αὐτῶν
3176 4816 3254 4876 εἰς
3286 4814 3486 4874 αὐτοὺς
3528 4807 3821 4863 διαδοθέντα

2255 4909 2512 4973 λαϐόντες
2561 4909 2707 4978 ἆγιοί
2773 4926 2904 4977 φασι
2959 4907 3123 4960 πέντε
3173 4906 3470 4974 διαιρέσεσι
3525 4896 3819 4984 διειλῆφθαι

2256 5003 2354 5073 τὴν
2380 5003 2597 5057 πάντων
2646 5001 2755 5055 τῶν
2789 4999 3087 5070 γεγονότων
3130 4999 3453 5051 ὑπόστασιν·
3492 4989 3567 5048 ὧν
3609 4981 3821 5062 πρώτην

2259 5094 2361 5164 μέν
2381 5110 2545 5160 φασιν
2565 5089 2706 5146 εἶναι
2733 5091 2832 5162 τὴν
2857 5088 3170 5159 διαιροῦσαν
3191 5087 3293 5155 τῆς
3321 5087 3581 5138 ἅκτίστου
3613 5082 3818 5151 φύσεως

2251 5181 2351 5251 τὴν
2394 5181 2614 5249 κτιστὴν
2670 5179 2901 5232 καθόλου
2951 5176 3133 5245 φύσιν,
3183 5177 3276 5228 καὶ
3322 5172 3412 5226 διὰ
3459 5172 3714 5241 γενέσεως
3760 5167 3820 5217 τὸ

2261 5269 2400 5326 εἶναι
2455 5272 2744 5326 λαϐοῦσαν.
2788 5270 2925 5323 Φασὶ
2954 5268 3062 5339 γὰρ
3108 5267 3199 5320 τὸν
3227 5266 3357 5319 Θεὸν
3400 5264 3688 5334 ἁγαθότητι
3717 5276 3817 5311 πε·

1851 5455 2083 5512 VARUE
2117 5455 2520 5514 LECTIONES.

644 5527 689 5558 “
719 5525 855 5582 Cod.
885 5525 1051 5592 Gud.,
1080 5527 1134 5580 ni
1164 5526 1340 5593 fallor,
1363 5527 1530 5583 habet
1553 5531 1648 5581 καὶ
1680 5531 1728 5581 εί
1757 5529 1815 5581 ὲν
1842 5529 2010 5598 τρισὶ,
2041 5535 2174 5582 cett.

793 5643 951 5713 Greg.
987 5643 1134 5716 iNaz.
1194 5643 1287 5716 Or.
1331 5646 1384 5716 in
1439 5643 1652 5716 .Egypt.
1707 5646 1861 5710 Adv.,
1914 5661 2032 5716 cap.
2089 5645 2140 5710 8,

647 5663 756 5708 ωτι)
793 5663 951 5713 urcg.
1009 5663 1134 5696 ινιτ.
1194 5663 1287 5698 υ1’.
1331 5663 1384 5697 ιη
1439 5663 1528 5698 ιίϋ(

576 5721 632 5780 p.
669 5711 951 5783 (ﬁliola.
986 5714 1191 5783 l,Opp.
1221 5713 1308 5768 ed.
1346 5663 1542 5768 Betiedl.

647 5779 758 5847 (53)
808 5781 953 5835 Idem
1004 5779 1156 5836 Ora—t3
1214 5784 1266 5835 in
1315 5793 1482 5837 sanet.
1540 5784 1835 5854 Baptism,
1882 5801 1999 5855 cap.
2053 5785 2140 5850 41,

2253 5661 2306 5714 p.
2343 5644 2466 5706 72L
2503 5652 2632 5714 tom.
2666 5642 2877 5714 l,_Opp.
2908 5639 3055 5714 editi.
3097 5639 3298 5714 Bonet].
3376 5711 3387 5714 _
3469 5685 3473 5690 .

2325 5714 2434 5783 (3i)
2493 5713 2636 5765 Idem
2687 5706 2840 5764 Ονιίιξ
2891 5713 2956 5783 in
3003 5711 3201 5783 §anctn
3236 5710 3460 5766 Lumina
3495 5751 3509 5778 ,
3567 5724 3677 5780 cap.
3728 5706 3813 5770 15,

2251 5801 2305 5853 p.
2334 5779 2460 5850 685,
2491 5792 2622 5838 tom.
2650 5783 2690 5835 1-.
2719 5783 2856 5851 Opp.
2891 5780 2979 5836 ed.
3005 5779 3209 5836 Bened.
