4026 6288
234 399 375 462 1305

1479 397 2000 462 AMBIGUORUM
2033 399 2285 462 LIBER.

3355 392 3557 496 isoe_

235 505 506 578 ποιηκότα
544 503 651 558 τῶν
697 503 867 558 ὄντων
899 503 1156 558 ἁπάντων
1199 504 1462 578 λαμπρὰν
1511 508 1816 580 διακόσμη-

1933 513 2167 570 bonitate
2192 502 2524 566 fabricatum
2552 507 2761 564 clarum
2786 522 2970 564 rerum
2993 506 3376 562 universarum
3399 522 3504 560 or-

237 617 346 667 σιν,
387 601 466 671 μὴ
507 598 733 652 αὐτόθεν
763 599 899 669 αὐτῇ
939 599 1230 669 καταφανῆ
1275 601 1531 670 γενέσθαι
1572 601 1695 657 τινὰ
1725 603 1821 656 καὶ

234 694 419 744 ὁποῖον
466 685 627 751 εἶναι,
675 689 774 759 τὴν
810 683 938 760 περί
985 688 1147 742 τοῦτο
1176 690 1274 761 τὴν
1320 691 1499 746 κτίσιν
1553 691 1645 748 τοῦ
1681 692 1819 746 Θεοῦ

233 783 617 854 διακρίνουσαν
669 781 893 848 ἄγνοιαν
942 781 1210 851 διαίρεσιν
1253 782 1525 852 λέγοντες.
1561 784 1673 856 Τὴν
1713 785 1823 858 γὰρ

235 871 486 940 φυσικῶς
580 871 836 942 (2215)
905 871 1147 941 ἀλλήλων
1221 873 1395 928 ταῦτα
1483 873 1822 942 διαιροῦσαν,

240 964 512 1035 μηδέποτε
559 962 857 1034 δεχομένην
887 966 964 1028 εἰς
1003 965 1132 1034 μίαν
1158 965 1344 1020 οὐσίαν
1377 965 1592 1028 ἕνωσιν,
1627 966 1702 1030 ὼς
1730 966 1822 1020 τὸν

236 1052 338 1108 ἕνα
362 1055 455 1108 καὶ
486 1056 576 1107 τὸν
611 1053 776 1108 αὐτὸν
821 1054 894 1126 μὴ
931 1054 1238 1126 δυναμένην
1271 1056 1617 1126 ἐπιδέξασθαι
1665 1057 1824 1126 λόγον

237 1146 434 1200 εἴασαν
468 1147 729 1218 ἄρρητον.
761 1146 1030 1217 Δευτέραν
1055 1148 1131 1211 δὲ,
1161 1148 1285 1204 καθ’
1321 1151 1387 1220 ἣν
1418 1149 1450 1217 ἠ
1476 1146 1565 1202 διὰ
1591 1148 1823 1212 κτίσεως

236 1235 299 1291 τὸ
328 1233 469 1290 εἶναι
496 1235 658 1290 λα.σοῦ
670 1255 734 1289 σα
759 1238 1021 1308 σύμπασα
1041 1239 1201 1306 φύσις
1231 1239 1338 1292 ὑπὸ
1362 1238 1498 1292 Θεοῦ
1531 1238 1823 1310 διαιρεῖται

239 1332 324 1392 εἰς
356 1329 521 1398 νοητὰ
551 1329 644 1382 καί⁵
691 1330 944 1399 αἰσθητά.
997 1331 1223 1402 Τρίτην.
1267 1332 1387 1385 καθ’
1434 1333 1500 1403 ἢν
1527 1335 1560 1402 ἡ
1586 1333 1818 1404 αἰσθητὴ

239 1418 402 1489 φύσις
416 1418 701 1489 διαιρεῖται
719 1421 795 1484 εἰς
807 1419 1034 1491 οὐρανὸν
1058 1420 1153 1473 καὶ
1170 1419 1580 1491 γῆν.Τετάρτην
1599 1419 1678 1489 δὲ,
1701 1418 1824 1474 καθ’

239 1515 308 1584 ἣν
339 1513 371 1583 ἠ
393 1511 464 1582 γῆ
493 1512 778 1584 διαιρεῖται
796 1512 1220 1594 είεπαράδεισον
1239 1514 1334 1567 καὶ
1351 1513 1700 1584 οἰκουμένην,
1724 1512 1818 1567 καί

238 1603 523 1675 πέμπτην,
557 1603 680 1657 καθ’
714 1604 781 1676 ἣν
808 1606 836 1658 ὁ
869 1605 962 1658 ἐπὶ
1007 1605 1198 1672 πᾶσιν,
1249 1605 1441 1678 ὥσπερ
1473 1625 1527 1659 τι
1549 1606 1656 1659 τῶν
1685 1606 1822 1660 ὅλων

241 1696 708 1750 συνεκτικώτατον
748 1699 1132 1769 ἐργαστήριον,
1180 1699 1278 1752 καὶ
1319 1700 1453 1753 πᾶσι
1521 1702 1635 1762 τοῖς
1681 1698 1822 1754 κατὰ

242 1791 428 1843 πᾶσαν
449 1778 714 1860 διαίρεσιν
741 1789 932 1861 ἄκροις
958 1790 1024 1844 δι’
1043 1791 1209 1846 αὑτοῦ
1242 1791 1490 1863 φυσικῶς
1520 1791 1824 1863 μεσιτεύων

241 1880 648 1951 ἁγαθοπρεπῶς
684 1881 828 1935 κατὰ
882 1883 1097 1952 γένεσιν
1140 1886 1255 1948 τοῖς
1293 1879 1443 1938 οὖσιν
1478 1886 1826 1956 ὲπεισαχθεὶς
1857 1868 1898 1922 Β

241 1969 530 2040 ἄνθρωπος
585 1971 875 2044 διαιρεῖται
924 1973 1004 2036 εἰς
1053 1972 1221 2045 ἄρσεν
1273 1974 1367 2028 καὶ
1416 1973 1586 2046 θῆλυ,
1643 1977 1826 2030 πᾶσαν

243 2061 386 2132 ἔχων
414 2061 615 2134 δηλαδὴ
652 2063 900 2132 φυσικῶς
947 2066 1066 2130 ταῖς
1116 2065 1226 2120 τῶν
1257 2066 1442 2139 ἄκρων
1474 2067 1689 2121 πάντων
1729 2085 1826 2137 με-

245 2155 438 2224 σότησι
492 2154 581 2208 διὰ
639 2155 738 2226 τῆς
789 2154 926 2228 πρὸς
970 2157 1038 2209 τὰ
1086 2157 1230 2227 ἄκρα
1289 2159 1466 2212 πάντα
1516 2157 1625 2211 τῶν
1682 2157 1826 2210 ἰδίων

246 2246 433 2317 μερῶν
461 2244 714 2317 σχετικῆς
743 2246 1000 2315 ἰδιότητος
1029 2248 1128 2319 τὴν
1161 2247 1299 2320 πρὸς
1341 2249 1537 2302 ἕνωσιν
1573 2248 1826 2320 δύναμιν,

241 2337 316 2390 δι’
344 2331 410 2410 ἧς
441 2340 468 2391 ὁ
505 2338 642 2392 κατά
673 2338 770 2409 τὴν
809 2339 986 2392 αἰτίαν
1019 2339 1120 2410 τῆς
1148 2339 1256 2394 τῶν
1299 2339 1648 2413 διῃρημένων
1672 2342 1827 2407 γενέ-

245 2447 385 2493 σεως
435 2430 922 2502 συμπληρούμενος
991 2431 1192 2503 τρόπος
1263 2432 1456 2502 ἔμελλε
1526 2434 1621 2488 τοῦ
1683 2433 1827 2487 Θείου

248 2521 458 2576 σκοποῦ
519 2523 580 2576 τὸ
647 2523 789 2594 μέγα
862 2525 1162 2595 μυστήριον
1225 2523 1448 2598 ἔκδηλον
1508 2525 1576 2580 δι’
1634 2525 1828 2581 ἑαυτοῦ

250 2617 609 2686 καταστῆσαι,
666 2615 764 2686 τὴν
807 2614 944 2686 πρὸς
992 2617 1196 2688 ἄλληλα
1247 2618 1355 2670 τῶν
1410 2619 1468 2671 ἐν
1515 2621 1627 2682 τοῖς
1679 2615 1830 2673 οὖσιν

249 2702 438 2773 ἄκρων
461 2705 792 2775 ἐναρμονίως
821 2705 929 2758 ἀπὸ
957 2706 1065 2759 τῶν
1088 2708 1372 2780 προσεχῶν
1403 2709 1498 2761 ἐπὶ
1523 2707 1594 2762 τὰ
1617 2709 1828 2782 πόρῤω,

248 2797 351 2851 καὶ
377 2797 482 2852 τῶν
509 2799 742 2868 ἡττόνων
787 2799 878 2853 ἐπὶ
927 2799 996 2853 τὰ
1031 2801 1313 2870 κρείττονα
1343 2801 1578 2872 καθεξῆς
1627 2803 1832 2856 ἀνατα-

249 2888 424 2951 τικῶς
478 2889 794 2960 προϊοῦσαν,
849 2893 930 2955 εἰς
965 2891 1096 2944 Θεὸν
1135 2893 1567 2964 ἀποπερατώσας
1615 2893 1830 2948 ἕνωσιν.

252 2981 464 3035 Τούτου
503 2981 568 3051 δὴ
611 2983 772 3053 χάριν
813 2982 1041 3054 ἔσχατος
1081 2985 1432 3054 ὲπεισάγεται
1476 2987 1588 3050 τοῖς
1617 2979 1767 3039 οὖσιν
1804 2987 1833 3038 ὁ

249 3072 558 3145 ἄνθρωπος,
591 3074 750 3127 οἱονεὶ
777 3074 1072 3147 σύνδεσμός
1103 3094 1186 3140 τις
1213 3077 1442 3145 φυσικὸς
1458 3080 1570 3140 τοῖς
1602 3076 1831 3131 καθόλου

1921 603 2110 659 dinem
2145 609 2314 672 atque
2343 607 2629 664 ornatum,
2665 597 2795 654 inde
2821 598 2969 668 quod
2996 599 3197 668 aliquis
3227 609 3286 653 et
3315 597 3498 668 qualis

1919 703 2068 750 esset
2093 694 2196 764 ipsi
2227 692 2640 750 manifestatum
2671 705 2794 748 esse
2819 729 2838 756 ,
2875 700 3101 760 negant,
3139 699 3196 745 et
3241 691 3498 760 ignoran-

1925 787 2055 842 tiam
2093 802 2216 841 eam
2269 801 2375 856 qua
2414 785 2506 838 hic
2529 783 2776 838 conditio
2806 800 2836 838 a
2883 783 2995 838 Deo
3025 781 3365 836 discernitur
3405 780 3496 834 di-

1921 878 2273 936 stinctionem
2293 877 2590 948 appellant.
2616 874 2748 942 Qua:
2763 874 2912 928 enim
2926 872 3256 927 naturaliter
3269 888 3334 926 ea
3353 871 3501 927 inter

1922 987 1982 1025 se
2009 969 2271 1030 secernit.
2303 985 2370 1024 ac
2395 983 2676 1038 nunquam
2708 969 2764 1022 in
2804 966 3101 1022 essentiam
3147 979 3312 1017 unam
3349 963 3498 1017 coire

1923 1061 2074 1124 sinit,
2101 1076 2227 1115 cum
2250 1075 2414 1114 unam
2439 1058 2803 1127 eamdemque
2829 1056 3100 1110 rationem
3129 1053 3380 1123 recipere
3405 1068 3502 1106 ne-

1921 1159 2110 1220 queat,
2136 1165 2258 1205 eam
2293 1149 2556 1205 indictam
2591 1148 2891 1220 liquerunt.
2921 1147 3190 1210 Alteram,
3232 1160 3341 1214 qua
3372 1143 3501 1198 uni-

1924 1257 2082 1296 versa
2132 1257 2253 1312 qua:
2305 1257 2405 1310 per
2451 1240 2828 1296 conditionem
2867 1255 2898 1294 a
2953 1238 3066 1292 Deo
3121 1234 3501 1290 cxsistentiam

1924 1333 2138 1403 accepit
2169 1341 2364 1388 natura
2394 1333 2708 1388 secernitur
2740 1332 2796 1386 in
2837 1313 3202 1400 intelligibilia
3241 1339 3297 1384 et
3322 1327 3502 1384 sensi-

1925 1425 2078 1481 bilia.
2113 1425 2379 1491 Tertiam,
2406 1441 2513 1496 qua
2537 1423 2822 1480 sensibilis
2858 1433 3060 1478 natura
3096 1421 3408 1478 secernitur
3429 1421 3502 1475 in

1924 1517 2125 1574 caelum
2178 1532 2244 1572 ac
2287 1524 2515 1571 terram.
2555 1513 2820 1582 Quartam
2870 1512 3144 1582 denique,
3187 1527 3294 1581 qua
3354 1519 3501 1564 terra

1925 1610 2234 1666 secernitur
2260 1609 2317 1663 in
2365 1607 2681 1679 paradisum
2714 1615 2772 1662 et
2804 1605 2995 1660 orbem
3034 1614 3306 1660 terrarum
3345 1602 3501 1656 habi-

1928 1703 2174 1768 tabilem,
2205 1710 2262 1758 et
2293 1701 2565 1772 quintam,
2611 1716 2718 1770 qua
2752 1700 2920 1753 homo
2964 1698 3021 1752 in
3075 1695 3335 1752 omnibus
3380 1701 3502 1748 tau-

1927 1811 2091 1866 quam
2124 1794 2338 1850 ollicina
2363 1794 2547 1864 aliqua
2575 1791 2890 1848 aretissimo
2939 1789 3024 1845 sui
3072 1788 3316 1850 vinculo,
3375 1786 3504 1840 uni-

1927 1905 2088 1946 versa
2127 1889 2444 1950 continens,
2485 1896 2544 1942 et
2574 1885 2869 1949 omnibus,
2915 1881 3225 1938 secundum
3282 1894 3502 1934 omnem

1928 1981 2344 2037 distinctionem
2396 1979 2844 2036 extremitatibus
2892 1992 2989 2048 per
3047 1991 3108 2030 se
3174 1971 3504 2028 naturaliter

1930 2074 2251 2146 interjectus
2279 2071 2678 2140 convenienter
2730 2069 3036 2126 secundum
3085 2064 3504 2138 generationem

1929 2164 2098 2224 rebus
2153 2165 2548 2222 exsistentibus
2617 2164 2802 2218 illatus
2868 2158 3181 2218 secernitur
3256 2156 3312 2210 in
3384 2169 3505 2209 ma-

1929 2259 2208 2315 sculinum
2238 2265 2295 2311 et
2347 2253 2879 2317 femininum,omni
2928 2249 3180 2322 profecto
3235 2243 3504 2302 extremi-

1932 2361 2106 2408 latum
2159 2348 2405 2404 omnium
2439 2347 2832 2402 medietatibus
2880 2342 3210 2399 naturaliter
3251 2339 3322 2394 de
3374 2352 3532 2407 pro--

1930 2443 2178 2513 priarum
2228 2438 2295 2494 ad
2335 2453 2532 2493 omnes
2578 2434 2956 2492 extremitates
2991 2432 3232 2502 partium
3283 2440 3506 2491 suarum

1932 2531 2162 2588 relativa
2213 2529 2477 2585 facultate
2537 2525 2804 2596 praeditus
2868 2521 3097 2578 unieudi
3163 2516 3509 2584 coeundique

1931 2629 2238 2692 potestate,
2274 2635 2383 2690 qua
2429 2618 2629 2672 modus
2681 2613 2984 2672 secundum
3020 2625 3238 2671 causam
3282 2621 3512 2678 genera-

1933 2711 2100 2768 tionis
2128 2724 2323 2764 eorum
2351 2723 2473 2777 quae
2507 2707 2771 2761 distincta
2799 2715 2929 2760 sunt
2972 2703 3282 2773 completus
3332 2695 3509 2752 divini

1932 2810 2190 2868 magnum
2218 2793 2433 2850 consilii
2469 2794 2793 2864 mysterium
2839 2809 2937 2864 per
2966 2807 3088 2847 sese
3131 2788 3509 2860 patefacturus

1932 2897 2075 2953 erat,
2106 2886 2200 2958 qui
2235 2894 2482 2940 mutuam
2512 2886 2566 2940 iu
2596 2885 2762 2940 rebus
2791 2899 2912 2954 qua:
2943 2882 3218 2938 exsistunt
3246 2877 3509 2934 extremi;

1935 2988 2110 3035 tatum
2159 2987 2535 3048 congruenter
2577 2994 2606 3032 a
2649 2975 2918 3050 proximis
2959 2973 3026 3029 ad
3077 2971 3344 3027 ulteriora
3369 3010 3384 3033 ,
3423 2983 3510 3038 pe-

1929 3074 2225 3144 jorumquc
2253 3070 2319 3125 ad
2355 3070 2582 3124 meliora
2619 3067 2882 3137 deinceps
2910 3073 2966 3120 et
3002 3079 3100 3134 per
3124 3059 3510 3117 ascensionem

249 3164 344 3218 διὰ
367 3165 475 3219 τῶν
515 3165 731 3218 οἰκείων
765 3166 946 3238 μερῶν
975 3167 1275 3236 μεσιτεύων
1300 3169 1512 3241 ἄκροις,
1544 3168 1639 3222 καί
1667 3171 1745 3232 είς
1773 3169 1832 3222 ἒν

1936 3163 2381 3234 progredientem
2425 3162 2711 3232 in_Dcum
2765 3157 3076 3214 unitioncm
3147 3152 3536 3208 determinat...

248 3257 404 3324 ἄγων
429 3257 487 3310 ὲν
519 3257 698 3328 ἑαυτῷ
743 3257 810 3311 τὰ
842 3259 1024 3330 πολλῷ
1067 3259 1210 3315 κατά
1258 3261 1354 3331 τὴν
1385 3261 1546 3332 φύσιν
1588 3261 1832 3331 ἀλλήλων

1936 3257 2147 3313 Idcirco
2175 3256 2432 3311 videlicet
2464 3254 2630 3309 homo
2659 3251 2715 3306 in
2749 3260 3034 3307 creaturas
3063 3246 3294 3302 ultimus
3344 3242 3513 3296 infer-

247 3350 574 3421 διεστηκότα
614 3351 691 3421 τῷ
729 3351 1079 3424 διαστήματι,
1122 3353 1211 3407 ἵνα
1241 3355 1339 3423 τῆς
1385 3354 1522 3425 πρὸς
1572 3354 1724 3418 Θεὸν,
1758 3354 1834 3416 ὡς

248 3443 445 3508 αἴτιον,
493 3442 562 3496 τὰ
622 3443 802 3497 πάντα
865 3443 1205 3515 συναγούσης
1256 3445 1439 3516 (222
1462 3446 1516 3516 α)
1589 3445 1836 3510 ὲνὼσεως

245 3536 315 3586 ὲκ
344 3534 443 3604 τῆς
492 3534 627 3598 ἰδίας
678 3536 941 3608 πρότερον
972 3536 1276 3607 ἀρξάμενος
1299 3537 1636 3608 διαιρέσεως,
1691 3537 1827 3591 καο-

247 3628 377 3694 εξῆς
431 3627 520 3680 διὰ
569 3627 678 3680 τῶν
733 3627 917 3698 μέσων
968 3627 1146 3701 είρμῷ
1192 3630 1286 3683 καὶ
1319 3629 1472 3696 τάξει
1523 3631 1870 3700 προϐαίνων.

247 3720 332 3783 είς
365 3717 457 3772 τὸν
497 3718 629 3773 Θεὸν
667 3719 808 3792 λάϐῃ
853 3720 914 3773 τὸ
965 3722 1139 3791 πέρας
1175 3723 1274 3792 τῆς
1307 3722 1396 3776 διὰ
1433 3723 1647 3776 πάντων
1693 3723 1837 3776 κατὰ

243 3812 351 3881 τὴν
382 3810 576 3864 ἕνωσιν
623 3810 916 3882 γινομένης
947 3811 1158 3883 ὑψηλῆς
1207 3812 1549 3877 ἀναϐάσεως,
1587 3814 1646 3866 ἐν
1669 3805 1712 3880 ᾧ
1736 3812 1837 3865 οὐκ

246 3900 366 3954 ἔστι
417 3901 704 3972 διαίρεσις,
763 3901 863 3972 τὴν
929 3901 1198 3972 μηδαμῶς
1262 3904 1579 3976 ἠρτημένην
1635 3902 1837 3974 δηλαδὴ

247 3991 393 4045 κατὰ
419 3991 510 4044 τὸν
548 3990 955 4062 προηγούμενον
989 3992 1146 4060 λόγον
1188 3992 1288 4064 τῆξ
1320 3995 1448 4065 περί
1479 3995 1577 4067 τὴν
1623 3995 1838 4064 γένεσιν

244 4083 346 4138 τοῦ
401 4082 689 4153 ἀνθρώπου
743 4084 894 4147 θείας
939 4085 1254 4155 προθέσεως
1292 4086 1432 4138 κατὰ
1474 4086 1536 4139 τὸ
1582 4087 1714 4157 Θῆλυ
1746 4087 1838 4141 καὶ

247 4177 312 4230 τὸ
344 4175 512 4246 ἄρσεν
545 4174 781 4246 ἰδιότητα
820 4176 885 4245 τῇ
931 4175 1060 4248 περὶ
1103 4174 1202 4246 τὴν
1237 4175 1388 4229 θείαν
1438 4177 1642 4248 ἀρετὴν
1695 4179 1839 4231 ἀπα-

251 4267 488 4338 Θεστάτη
538 4266 722 4336 σχέσει
761 4266 938 4336 πάντη
983 4265 1083 4335 τῆς
1127 4265 1343 4335 φύσεως
1391 4269 1836 4339 ἐκτιναξάμενος,

249 4361 395 4412 ὥστε
447 4357 726 4426 δειχθῆναι
774 4374 832 4411 τε
885 4358 979 4410 καί
1031 4357 1284 4425 γενέσθαι
1345 4361 1487 4412 κατὰ
1540 4360 1640 4431 τὴν
1689 4361 1839 4415 Θείαν

251 4448 514 4518 πρόθεσιν
538 4447 824 4518 ἄνθρωπον
853 4446 897 4479 ⁸⁸
949 4446 1132 4518 μόνον,
1175 4449 1240 4517 τῇ
1271 4449 1411 4500 κατὰ
1441 4449 1502 4501 τὸ
1543 4450 1712 4519 ἄρσεν
1744 4451 1840 4504 καὶ

1937 3362 2055 3418 tur,
2088 3362 2346 3422 tanquam
2399 3349 2665 3405 naturalis
2719 3346 2968 3418 quaedam
3013 3340 3366 3416 generalibus
3411 3351 3545 3407 per.

1937 3455 2123 3517 partes
2158 3460 2285 3499 suas
2305 3441 2750 3498 extremitatibus
2782 3438 3000 3508 cepula,
3031 3442 3199 3504 atque
3226 3431 3283 3485 in
3309 3433 3512 3484 semet-

1937 3535 2054 3604 ipso
2093 3532 2412 3589 eoaduuans
2439 3546 2506 3584 ea
2537 3545 2660 3598 qua:
2693 3527 3026 3582 naturaliter
3078 3523 3312 3577 multant
3360 3518 3509 3572 inter

1937 3643 1995 3682 se
2020 3626 2246 3689 distant,
2275 3631 2335 3678 ut
2367 3622 2636 3678 unitionis
2673 3636 2798 3676 cmn
2832 3619 2967 3679 Deo.
3016 3626 3280 3684 tanquam
3320 3625 3511 3671 causa,

1938 3718 2198 3772 universa
2243 3715 2512 3786 cogentis,
2557 3713 2625 3768 de
2680 3711 2906 3783 propria
2941 3707 3303 3764 distinctione
3353 3711 3551 3772 capto.

1940 3810 2117 3875 initio,
2173 3807 2437 3877 deinceps
2488 3805 2632 3861 serie
2676 3812 2734 3857 et
2777 3802 2973 3858 ordine
3013 3815 3112 3869 per
3165 3795 3344 3851 media
3379 3808 3514 3863 pro-

1938 3915 2162 3972 gressus
2200 3898 2363 3953 ﬁnem
2405 3894 2752 3952 ascensionis
2805 3893 2859 3946 in
2902 3889 3338 3947 sublimitatem,
3393 3896 3515 3952 qua:

1941 3989 2205 4047 unitionis
2233 3988 2408 4060 gratia
2453 3988 2515 4042 ﬁt
2539 4001 2639 4052 per
2675 3984 2955 4047 universa,
3005 3978 3250 4036 inveniat
3285 3975 3338 4028 in
3379 3974 3514 4037 Deo,

1940 4085 1996 4139 in
2021 4099 2131 4154 quo
2156 4082 2306 4136 nulla
2334 4088 2417 4135 est
2452 4077 2761 4140 distinctio,
2794 4074 2924 4129 dum
2952 4071 3230 4128 scxualem
3262 4063 3514 4121 feminini

1940 4187 1997 4234 et
2038 4175 2330 4232 masculini
2390 4172 2822 4244 proprietatem,
2867 4183 2989 4238 qua:
3022 4181 3090 4221 ex
3122 4159 3416 4234 principali
3453 4169 3519 4210 ac
3551 4208 3558 4218 ,

1941 4267 2218 4338 primitiva
2267 4266 2478 4320 ratione
2519 4275 2869 4332 nequaquam
2910 4271 3177 4327 suspensa
3213 4260 3298 4308 est
3342 4267 3373 4305 a
3419 4244 3518 4302 Dei

1942 4360 2089 4414 circa
2155 4356 2574 4428 generationem
2633 4352 2877 4408 hominis
2935 4347 3259 4422 proposito,
3326 4339 3518 4394 habitu

1942 4450 2087 4504 circa
2120 4447 2367 4502 divinam
2395 4445 2656 4498 virtutem
2689 4444 2849 4512 plane
2882 4435 3178 4508 impatibili
3222 4431 3426 4500 ubique
3463 4433 3521 4480 et

251 4539 318 4592 τὸ
355 4539 489 4610 θῆλυ
524 4537 868 4609 προσηγορίᾳ.
919 4536 994 4608 μὴ
1043 4536 1440 4608 διαιρούμενον,
1475 4539 1598 4592 καθ’
1630 4539 1689 4592 ὃν
1742 4542 1832 4594 καὶ

1942 4550 2139 4595 natura
2167 4537 2396 4598 excutit,
2429 4537 2568 4590 adeo
2597 4543 2657 4589 ut
2692 4530 2998 4587 secundum
3032 4527 3282 4582 divinum
3313 4535 3519 4592 propo—

254 4631 681 4702 προηγουμένως
707 4629 1000 4698 γεγένηται
1043 4629 1203 4698 λόγον
1237 4632 1347 4692 τοῖς
1379 4630 1472 4683 νῦν
1509 4631 1638 4698 περί
1671 4632 1834 4684 αὑτὸν

253 4719 373 4778 οὖσι
407 4726 659 4792 τμήμασι
688 4723 761 4792 μὴ
796 4721 1174 4794 μεριζόμενον,
1211 4721 1299 4775 διὰ
1327 4720 1425 4793 τὴν
1455 4722 1667 4777 τελείαν
1697 4723 1835 4795 πρὸς

252 4815 344 4870 τὸν
376 4816 528 4878 ίδιον,
556 4815 631 4879 ὡς
658 4814 815 4885 ἔφην,
848 4813 1005 4881 λόγον
1032 4813 1153 4866 καθ’
1180 4814 1237 4868 ὃν
1267 4813 1416 4868 ἐστιν
1446 4815 1648 4884 γνῶσιν
1666 4831 1680 4844 ·
1713 4811 1834 4868 εἶτα

251 4908 345 4961 τὸν
375 4908 706 4978 παράδεισον
738 4909 831 4960 καὶ
853 4906 970 4982 ⁴τὴν
1009 4908 1336 4977 οἰκουμένην
1375 4907 1463 4961 διὰ
1493 4907 1594 4979 τῆς
1627 4909 1835 4974 οἰκείας

253 4997 630 5068 ἁγιοπρεποῦς
668 4999 894 5070 ἀγωγῆς
930 4997 1139 5061 ὲνώσας
1172 4997 1302 5070 μίαν
1334 5001 1580 5067 ποιήσειε
1603 5000 1726 5069 γῆν,
1757 5000 1833 5070 μὴ

252 5091 640 5162 διαιρουμένην
675 5090 822 5161 αύτῴ
850 5092 989 5144 κατὰ
1015 5091 1112 5162 τὴν
1158 5092 1267 5143 τῶν
1301 5091 1483 5163 μερῶν
1529 5093 1697 5162 αὐτῆς
1720 5092 1834 5146 διαι

257 5180 454 5251 φορὰν,
513 5180 652 5233 ἀλλὰ
710 5181 910 5252 μᾶλλον
974 5183 1372 5254 συναγομένην,
1424 5183 1500 5247 ὡς
1566 5184 1837 5255 μηδεμίαν

256 5272 392 5343 πρὸς
446 5272 614 5343 μηδὲν
661 5273 771 5325 τῶν
819 5273 986 5344 αὐτῆς
1021 5274 1324 5346 ὑπαγωγὴν
1349 5275 1575 5328 παθόντι
1613 5275 1796 5347 μερῶν
1821 5292 1834 5305 ⁸

255 5358 375 5416 εἶτα
396 5363 627 5435 ούρανδν
660 5365 755 5417 καὶ
785 5365 889 5435 γῆν
934 5365 1143 5429 ένώσας
1163 5365 1251 5419 διὰ
1270 5366 1377 5433 τὴν
1412 5365 1547 5438 πρὸς
1572 5367 1838 5436 ἀγγέλους

253 5457 355 5522 τῆς
409 5454 554 5524 ζωῆς
601 5455 767 5509 παντὶ
816 5456 1004 5527 τρόπῳ
1050 5457 1168 5511 κατ’
1215 5455 1438 5528 ἀρετὴν,
1490 5457 1565 5520 ὡς
1615 5457 1837 5525 ἐφικτὸν

255 5548 587 5618 ἀνθρώποις,
644 5548 949 5619 ταύτότητα
1014 5551 1143 5620 μίαν
1199 5550 1477 5621 ποιήσειεν
1530 5549 1836 5620 ἀδιαίρετον

1941 4636 2108 4692 situm
2144 4635 2310 4688 homo
2335 4633 2485 4687 solus
2532 4629 2861 4684 ostendatur
2897 4643 2961 4681 ac
2994 4626 3112 4688 ﬁat,
3171 4619 3421 4676 feminini
3464 4622 3522 4670 et

1941 4724 2231 4782 masculini
2266 4721 2637 4794 appellatione
2683 4735 2794 4773 non
2831 4702 3146 4777 distinctus,
3196 4726 3308 4765 non
3352 4707 3523 4776 magis

1939 4817 2304 4889 praesentibus
2337 4814 2481 4870 circa
2519 4829 2646 4868 eum
2677 4808 3021 4867 sectionibus
3063 4806 3117 4859 in
3154 4812 3339 4874 partes
3374 4797 3521 4853 divi-

1939 4929 2034 4968 sus
2058 4927 2224 4982 quam
2251 4926 2358 4980 qua
2383 4917 2469 4966 est
2495 4918 2656 4962 antea
2686 4906 2923 4968 ratione,
2950 4908 3175 4972 propter
3218 4895 3522 4967 perfectam

1939 5004 2006 5058 ad
2034 5003 2338 5074 prOpriam,
2390 5003 2467 5056 uti
2500 5001 2636 5067 dixi,
2685 5000 2961 5053 rationem
3010 4991 3316 5049 secundum
3352 5000 3519 5056 quam

1939 5104 2024 5151 est
2048 5095 2416 5164 cognitionem
2452 5112 2466 5157 ;
2501 5091 2702 5147 deinde
2729 5087 3046 5160 paradisum
3074 5099 3200 5140 cum
3226 5090 3388 5136 terra:
3424 5077 3522 5132 ha-

1943 5188 2186 5242 bitabilis
2209 5187 2344 5241 orbe
2391 5201 2489 5256 per
2523 5194 2729 5240 castam
2782 5178 3258 5237 conversationem
3301 5173 3520 5228 unitum

1943 5297 2108 5335 unam
2142 5288 2347 5334 terram
2378 5278 2599 5340 elliciat,
2632 5291 2754 5344 quae
2794 5272 3098 5329 secundum
3127 5268 3366 5340 partium
3398 5263 3520 5331 eius

1943 5369 2320 5424 diversitatem
2347 5367 2453 5421 sibi
2486 5383 2593 5420 non
2630 5366 2704 5420 sit
2727 5364 3008 5426 distincta,
3041 5360 3134 5416 sed
3168 5358 3351 5429 potius
3383 5369 3516 5408 con-
3565 5399 3580 5432 ί

1943 5467 2186 5529 gregata,
2231 5457 2411 5527 utqui
2463 5457 2531 5511 ad
2584 5456 2790 5510 nullam
2839 5455 2960 5524 ejus
3007 5451 3245 5523 partium
3283 5445 3524 5517 patiatur

1945 5550 2184 5620 aliquam
2214 5549 2640 5607 subductionem
2671 5565 2712 5630 ς.
2738 5547 2940 5603 deinde
2979 5545 3181 5602 cwlum
3221 5549 3278 5595 et
3312 5546 3516 5593 terram

1515 5706 1746 5761 VAlilz‘E
1789 5706 2200 5762 LECTIDNES.

352 5796 394 5825 ⁸⁵
433 5795 488 5848 in
527 5796 836 5866 apugrapho
863 5811 984 5850 meo
1013 5796 1194 5850 inveni
1226 5797 1530 5869 ἀνθρώπου.
