4026 6288
542 344 678 414 1307

1699 362 1763 424 S.
1808 362 2101 426 MAXIMI
2137 364 2654 439 CONFESSORIS

3659 389 3805 457 1308

535 459 857 519 coadunans
869 476 971 534 per
996 464 1124 522 vine
1137 482 1265 523 cum
1284 469 1495 540 angelis
1516 470 1939 531 similitudinem
1962 490 2086 533 omn

535 551 705 579 ..υ-ιλιι
724 552 790 579 Δ..
812 553 1016 579 -.2-...ι-
1055 573 1151 579 ---
1180 560 1209 579 ι
1230 560 1361 579 ,μξεη
1378 578 1385 579 ,
1434 563 1479 579 ρο
1520 563 1533 575 ο
1573 564 1607 579 οι
1843 575 1853 579 -

2185 481 2395 554 ,πάντη
2470 488 2609 560 πρὸς
2677 490 2878 565 ἑαυτὴν
2935 495 3039 569 τήν
3124 498 3392 573 αίσθητῆν
3451 503 3661 569 κτίσιν,
3724 523 3804 579 μη

535 551 707 607 modo
722 552 791 608 de
812 553 1041 623 virtute,
1055 573 1157 628 pro
1179 560 1716 633 hominumzviribus,
1736 575 1949 636 partam
1980 584 2111 623 sen-

529 640 752 699 sibilem
779 646 1153 705 conditionem
1207 668 1372 709 unam
1398 662 1455 710 et
1497 671 1528 711 a
1570 658 1864 728 semetipsa
1908 660 2108 715 nullibi

527 736 924 792 secernendam
950 738 1171 807 elliciat,
1193 759 1315 812 quae
1332 745 1589 802 localiter
1611 749 1772 818 plane
1788 750 1857 805 ab
1880 750 1975 807 illo
1995 768 2105 808 non

528 822 717 889 distet,
757 827 852 896 qui
882 830 1084 899 spiritu
1131 833 1270 890 levis
1312 836 1493 894 factus
1536 849 1643 906 est,
1680 842 1944 914 nullaque
1982 860 2108 900 cor-

529 914 706 980 porali
735 919 1004 987 gravitate
1041 922 1108 978 ad
1138 932 1340 981 terram
1380 927 1715 999 detrahitur,
1773 944 1871 990 aut
1900 936 1970 991 ab
2011 952 2105 993 as-

526 1007 791 1063 censione
822 1010 878 1065 in
904 1014 1077 1069 caalos
1099 1016 1427 1086 prohibetur
1462 1022 1535 1076 ob
1552 1024 1852 1094 perfectam
1885 1029 1953 1083 ad
1986 1029 2104 1087 haec

524 1098 729 1155 mentis
777 1104 1030 1172 gnaviter
1082 1107 1150 1162 ad
1176 1109 1348 1164 Deum
1381 1117 2104 1184 properantisinvisibilita-

524 1196 657 1255 tem,
702 1198 759 1247 et
782 1195 1121 1253 extensionis
1146 1200 1215 1255 ad
1242 1217 1371 1257 eum
1404 1204 1668 1278 deinceps
1698 1210 2102 1281 sapienteriter

525 1279 865 1342 instituentis
896 1287 969 1343 ita
998 1297 1077 1356 ut,
1105 1295 1570 1362 quemadmodum
1594 1300 1650 1355 in
1675 1306 1956 1361 communi
1986 1309 2096 1374 via,

520 1374 848 1430 naturaliter
882 1378 952 1433 de
982 1395 1050 1435 eo
1087 1386 1233 1452 quod
1266 1396 1397 1442 ante
1434 1398 1519 1445 est
1561 1392 1628 1447 ad
1672 1393 1726 1448 id
1777 1398 1924 1466 quod
1974 1410 2100 1470 post

518 1470 607 1517 est
640 1467 906 1534 procedat
941 1487 954 1523 :
989 1471 1191 1529 deinde
1216 1476 1587 1550 intelligibilia
1614 1493 1668 1539 et
1709 1467 1998 1545 sensibilia
2025 1492 2092 1548 ad

519 1553 639 1611 haec
684 1559 1009 1624 coadunans
1058 1581 1159 1636 per
1197 1568 1620 1629 similitudinem
1662 1576 1731 1632 de
1781 1582 2094 1652 cognitione

516 1662 642 1703 cum
659 1651 867 1721 angelis
891 1669 1056 1710 unam
1077 1657 1284 1715 efficiat
1310 1670 1479 1718 totam
1510 1651 1908 1738 conditionem,
1929 1690 2093 1745 quam

516 1736 894 1797 indistinctam
958 1746 1064 1801 sibi
1117 1748 1323 1807 habeat
1369 1757 1673 1811 secundum
1715 1736 2089 1832 cognitionem

511 1838 568 1884 et
592 1829 959 1902 ignorantiam
988 1878 1003 1904 ,
1060 1855 1188 1897 cum
1224 1845 1341 1913 pari
1396 1862 1523 1903 cum
1572 1829 1884 1923 angelis'et
1930 1857 2091 1927 plene

510 1920 760 1980 imbutus
804 1927 878 1982 sit
933 1944 1119 1987 rerum
1165 1950 1286 2005 quae
1338 1948 1469 1994 sunt
1514 1920 1794 2000 rationum
1841 1920 2090 2019 gnostica

508 2012 763 2071 doctrina
789 2060 805 2084 ,
843 2035 951 2090 qua
992 2038 1137 2081 vera:
1192 2029 1481 2098 sapientiae
1535 2034 1844 2106 largissima
1891 2041 2089 2097 eﬂ‘usio

507 2102 827 2174 subsecuta,
867 2118 927 2164 ut
957 2127 1059 2182 par
1087 2123 1193 2179 est,
1238 2116 1307 2172 de
1353 2121 1570 2192 reliquo
1608 2126 1827 2184 sincere
1864 2131 1947 2187 eis
1988 2140 2085 2203 qui

504 2193 656 2265 digni
691 2207 821 2254 sunt
856 2210 914 2256 et
943 2202 1262 2263 immediate
1300 2211 1398 2265 Dei
1430 2205 1675 2283 prze'beat
1696 2220 1977 2277 notionem

502 2291 941 2355 pernoscendum
968 2294 1253 2354 difﬁcilem
1277 2309 1446 2371 atque
1477 2303 1817 2365 ineffabilem
1845 2328 1860 2366 :
1895 2323 1953 2370 et
1985 2315 2086 2372 de-

500 2376 672 2449 nique
714 2380 784 2435 ad
819 2382 937 2439 haec
963 2386 1151 2441 omnia
1174 2427 1190 2450 ,
1240 2392 1525 2449 conditam
1562 2412 1784 2471 quoque
1828 2414 2085 2463 naturam

498 2484 626 2524 cum
652 2472 932 2532 incondita
952 2493 1051 2548 per
1071 2480 1398 2540 charitatem
1417 2489 1735 2548 coadunans
1750 2494 1805 2567 (ο
1830 2512 1949 2554 rem
1983 2517 2084 2557 no-

499 2578 625 2618 vam
648 2574 705 2621 et
731 2567 1114 2628 admirandam
1139 2574 1344 2633 divinae
1377 2579 1525 2637 circa
1553 2599 1658 2641 nos
1702 2586 2013 2648 clementiae
2039 2594 2081 2666 l)

499 2669 671 2710 unum
710 2667 878 2730 atque
926 2661 1071 2719 idem
1110 2682 1211 2737 per
1259 2671 1450 2740 gratia:
1496 2672 1748 2732 habitum
1788 2661 2080 2751 ostendat,

495 2744 626 2803 dum
662 2757 835 2807 totum
870 2750 927 2808 in
952 2761 1129 2811 totum
1180 2774 1303 2815 sese
1348 2763 1521 2820 Deum
1570 2782 1636 2823 ac
1685 2770 1847 2839 plene
1901 2781 2084 2833 trans-

492 2836 695 2906 fundit,
747 2849 804 2897 et
833 2844 1103 2917 quidquid
1152 2859 1240 2906 est
1278 2852 1426 2910 Deus
1450 2856 1563 2928 jam
1594 2836 1713 2929 ipse
1760 2861 1843 2930 fit,
1878 2876 2081 2935 praeter

2210 575 2597 652 διαιρουμένην
2622 584 2771 656 αὐτῷ
2789 588 3033 655 τοπικῶς
3060 590 3123 645 τὸ
3145 593 3413 663 παράπαν
3444 597 3561 660 τοῖς
3580 575 3806 669 διιτισειλήεζ

2211 683 2371 737 μασι,
2423 671 2614 746 κούφῳ
2667 678 2946 752 γενομένῳ
2997 681 3078 753 τῷ
3127 684 3403 756 πνεύματι
3452 689 3553 743 καὶ
3607 692 3803 762 μηδενὶ

2207 758 2365 832 βάρει
2408 766 2709 838 σωματικῷ
2754 773 3108 844 κατεχομένῳ
3163 776 3305 848 πρὸς
3363 778 3495 849 γῆν,
3546 758 3643 836 καὶ
3670 758 3803 853 ’τῆς

2207 853 2344 924 πρὸς
2377 855 2643 928 οὐρανοὺς
2692 863 3015 931 ἀναϐάσεως
3055 868 3366 941 εἰργομένῳ
3397 870 3491 926 διά
3530 872 3630 945 τήν
3657 875 3800 945 πρὸς

2202 942 2377 999 ταῦτα
2406 946 2502 1001 τοῦ
2546 948 2640 1003 νοῦ
2686 951 2905 1008 τελείαν
2949 956 3219 1028 ἀορασίαν
3248 960 3495 1028 γνησίως
3526 942 3668 1031 πρὸς
3700 942 3799 1018 τὸν

2201 1035 2337 1091 Θεὸν
2359 1039 2743 1127 ἐπειγομένου,
2800 1047 2896 1102 καὶ⁸
2940 1050 3123 1121 σοφῶς
3168 1057 3499 1127 ποιουμένου
3528 1054 3632 1125 τῆς
3654 1056 3799 1124 πρὸς

2200 1126 2365 1182 αὐτὸν
2391 1125 2711 1199 ἀνατάσεως
2739 1136 2958 1210 ἐφεξῆς,
2986 1139 3063 1204 ὡς
3093 1142 3152 1195 ὲν
3176 1142 3280 1215 όδῷ
3325 1125 3504 1216 κοινῇ,
3544 1144 3797 1212 φυσικῶς

2198 1219 2295 1273 τοῦ
2327 1220 2374 1254 ⁸⁷
2425 1223 2534 1296 πρὸ
2582 1226 2753 1281 αὐτοῦ
2801 1228 2864 1284 τὸ
2920 1230 3136 1300 φθάσαν
3194 1234 3488 1290 ἐπίϐασιν
3539 1230 3667 1290 εἶτα
3723 1236 3792 1291 τά

2197 1312 2365 1383 νοητά
2419 1315 2517 1372 καὶ
2546 1315 2619 1371 τά
2651 1318 2890 1391 αίσθητά
2918 1323 3057 1397 πρὸς
3079 1325 3293 1390 τούτοις
3321 1326 3534 1392 ὲνώσας
3558 1327 3652 1382 διά
3695 1327 3794 1399 τὴν

2196 1403 2335 1475 πρὸς
2370 1406 2639 1476 ἀγγέλους
2670 1413 2811 1467 κατὰ
2852 1412 2954 1486 τὴν
2992 1415 3196 1486 γνῶσιν
3237 1418 3463 1491 ίσότητα
3519 1420 3714 1490 (222
3740 1420 3793 1487 ⁵)

2197 1499 2329 1571 μίαν
2355 1504 2556 1577 ποιήσῃ
2584 1506 2764 1562 κτίσιν
2794 1509 2895 1580 τὴν
2951 1506 3408 1581 ἀπασαθκτίσιν,
3442 1516 3521 1587 μὴ
3546 1516 3788 1588 διαιρουο

2196 1590 2370 1664 μένην
2418 1595 2567 1667 αὐτῷ
2610 1599 2756 1653 κατά
2806 1601 2908 1673 τὴν
2953 1603 3158 1671 γνῶσιν
3191 1605 3285 1659 καὶ
3332 1606 3434 1677 τὴν
3483 1606 3787 1677 ἀγνωσίαν.

2195 1682 2318 1755 ίσης
2345 1685 2495 1757 αὐτῷ
2522 1688 2664 1755 πρὸς
2695 1689 2824 1755 τοὺς
2856 1692 3127 1764 ἀγγέλους
3155 1695 3459 1760 ἀνελλιπῶς
3482 1696 3785 1768 γενομένης

2127 1824 2170 1879 Β
2192 1773 2303 1827 τῶν
2330 1776 2390 1829 ὲν
2419 1778 2533 1842 τοῖς
2559 1773 2680 1833 οῦσι
2726 1780 2904 1850 λόγων
2946 1786 3262 1859 γνωστικῆς
3287 1789 3634 1860 ἐπιστήμης,
3662 1788 3785 1843 καθ’

2194 1867 2262 1939 ἢν
2287 1869 2320 1939 ή
2351 1870 2452 1941 τῆς
2490 1869 2729 1943 ἀληθοῦς
2769 1876 2965 1946 σοφίας
2986 1878 3361 1952 ἀπειρόδωρος
3387 1881 3553 1953 χύσις
3599 1884 3784 1951 ἐπιγε-

2191 1960 2391 2033 νομένη
2420 1962 2562 2017 κατά
2600 1963 2662 2019 τὸ
2694 1965 2917 2037 θεμιτὸν
2945 1970 3266 2042 ἀκραιφνιῖις
3306 1971 3498 2027 λοιπὸν
3520 1971 3628 2045 τὴν
3658 1974 3784 2046 περὶ

2190 2050 2325 2105 Θεοῦ
2356 2053 2450 2107 καὶ
2488 2056 2866 2127 ἀμεσιτεύτως
2899 2061 3202 2134 παρέχεται
3243 2065 3359 2130 τοῖς
3412 2064 3597 2133 ἀξίοις
3632 2064 3783 2120 ἀδιά-

2188 2159 2432 2211 γνωστον
2469 2148 2566 2201 καὶ
2598 2149 3005 2224 ἀνερμήνευτον
3052 2153 3262 2210 ἔννοιαν
3285 2172 3302 2186 °
3333 2157 3431 2211 καὶ
3478 2157 3640 2222 τέλος
3690 2158 3781 2239 επὶ

2187 2236 2323 2290 πᾶσι
2374 2237 2616 2307 τούτοις,
2669 2244 2765 2297 καὶ
2807 2246 3032 2318 κτιστην
3081 2246 3245 2318 φύσιν
3294 2251 3362 2321 τῇ
3410 2248 3669 2320 άκτίστφ
3712 2236 3779 2303 δι’

2186 2328 2409 2401 ἀγάπης
2434 2330 2644 2398 ἑνώσας
2671 2333 2737 2406 (ὣ
2769 2335 2867 2390 τοῦ
2898 2336 3177 2409 θαύματος
3205 2341 3305 2413 τῆς
3329 2341 3463 2413 περὶ
3509 2342 3666 2409 ἡμᾶς
3686 2339 3776 2393 τοῦ

2185 2422 2324 2477 Θεοῦ
2356 2423 2794 2499 φιλανθρωπίας)
2841 2429 2900 2485 ἓν
2933 2432 3029 2484 καὶ
3059 2431 3259 2487 ταύτὸν
3284 2431 3483 2499 δείξειε
3514 2433 3662 2487 κατά
3679 2432 3777 2503 τὴν

2184 2514 2296 2582 ἕξιν
2339 2516 2441 2587 τῆς
2464 2519 2709 2589 χάριτος,
2742 2522 2871 2588 ὅλος
2895 2524 3003 2597 ὅλῳ
3032 2527 3422 2599 περιχωρήσας
3462 2525 3670 2589 δλικῶς
3702 2523 3777 2597 τιῖι

2184 2607 2327 2679 Θεῷ,
2383 2610 2481 2664 καὶ
2528 2611 2823 2681 γενόμενος
2867 2617 2979 2671 πᾶν
3030 2618 3084 2673 εί
3107 2617 3160 2673 τί
3204 2617 3313 2691 πέρ
3365 2620 3519 2673 ἔστιν
3546 2616 3581 2672 ὁ
3619 2616 3774 2683 Θεὸς,

2182 2699 2353 2771 χωρὶς
2401 2701 2503 2772 τῆς
2540 2702 2663 2758 κατ’
2691 2704 2885 2761 ούσίαν
2924 2706 3279 2781 ταύτότητος,
3309 2709 3407 2765 καὶ
3442 2709 3571 2764 ὅλον
3612 2708 3787 2795 αὐτὸν.

2180 2790 2485 2845 ἀντιλαϐὼν
2527 2794 2727 2851 ἑαυτοῦ
2755 2797 2850 2851 τὸν
2891 2797 3048 2865 Θεὸν,
3088 2800 3186 2855 καὶ
3223 2801 3325 2872 τῆς
3357 2800 3447 2854 ἔπ’
3485 2800 3659 2856 αὐτὸν
3684 2799 3772 2856 τὸν

2180 2878 2315 2936 Θεὸν
2379 2884 2704 2952 ἀναϐάσεως
2761 2884 2877 2946 οἷον
2943 2884 3177 2947 ε’παθλον
3238 2892 3407 2949 αὐτὸν
3453 2894 3773 2964 μονώτατυν

2179 2973 2526 3046 κτησάμενος
2548 2978 2641 3033 τὸν
2669 2979 2826 3045 Θεὸν,
2851 2982 2932 3049 ὡς
2960 2984 3116 3050 τέλος
3143 2985 3244 3057 τῆς
3275 2984 3386 3039 τῶν
3424 2984 3772 3056 κινουμένων

2179 3067 2468 3139 κινήσεως,
2497 3071 2594 3126 καὶ
2626 3074 2817 3131 στάσιν
2843 3074 3079 3149 βάσιμόν
3128 3095 3189 3133 τε
3225 3078 3324 3132 καὶ
3374 3076 3642 3148 ἀκίνητον
3663 3075 3770 3131 τῶν

490 3109 757 3172 instituta:
783 3125 1039 3190 tanquam
1072 3126 1360 3195 praemium
1392 3130 1572 3200 ipsum
1604 3109 1967 3209 consequitur
2010 3162 2075 3203 ac

490 3207 664 3240 οΛΙ-..η
692 3211 862 3240 nn“...
920 3224 979 3240 --ι
1024 3234 1202 3240 _-____-
1260 3230 1368 3240 ,,,-.
1669 3230 1701 3240 ,.
1788 3232 1800 3240 .
1886 3234 1908 3240 -

2185 3109 2468 3139 vv-vv‘vvw"
2499 3109 2594 3126 nu.
2626 3109 2817 3131 νυψυιν
2843 3109 3078 3149 γιιυιμυν
3128 3109 3189 3133 ἰι
3227 3109 3324 3132 και
3374 3109 3640 3148 υιιινιιῑυν
3664 3109 3768 3131 των

2185 3157 2266 3212 ἐπ’
2311 3159 2477 3217 αὐτὸν
2516 3165 2862 3237 φερομένων,
2908 3169 3002 3224 καὶ
3034 3169 3237 3234 παντὸς
3260 3171 3391 3240 ὅρου
3414 3170 3510 3225 καὶ
3556 3167 3768 3240 θεσμοῦ

550 3577 688 3635 Cum
709 3582 874 3653 igitur
892 3589 1218 3646 naturaliter
1238 3592 1425 3663 homo,
1447 3607 1739 3671 postquam
1770 3602 2069 3667 fabricatus

478 3678 582 3733 est,
610 3672 755 3728 circa
784 3673 1062 3735 immobile
1092 3688 1154 3735 ut
1179 3682 1265 3738 sui
1295 3684 1513 3743 initium
1548 3688 1763 3761 (Deum,
1790 3694 2063 3772 inquam),

478 3775 588 3815 non
618 3773 802 3821 motus
824 3777 972 3823 esset
995 3779 1187 3829 contra
1215 3776 1365 3833 circa
1388 3780 1635 3853 subjecta
1663 3786 1791 3853 sibi,
1825 3805 2061 3860 quorum

477 3852 771 3922 imperium
818 3875 850 3915 a
884 3861 997 3917 Deo
1028 3864 1082 3919 ei
1127 3869 1447 3927 mandatum
1496 3885 1640 3942 erat,
1675 3878 2066 3941 innaturaliter

474 3955 669 4015 sponte
699 3964 798 4006 sua
826 3960 883 4008 et
920 3952 1247 4027 insipienter
1293 3973 1475 4021 motus
1515 3966 1607 4035 sit,
1652 3984 1776 4026 cum
1824 3978 2062 4033 naturali

473 4034 750 4107 facultate,
780 4058 904 4113 quae
946 4046 999 4101 ei
1033 4052 1337 4109 secundum
1383 4034 1725 4118 nativitatem
1771 4065 1896 4122 data
1943 4080 2062 4125 erat

471 4126 539 4181 ad
570 4129 935 4190 discretorum
969 4140 1277 4197 unitionem
1312 4145 1369 4199 in
1402 4149 1685 4207 unitorum
1727 4156 1912 4224 potius
1944 4158 2059 4216 dis-

470 4220 776 4279 cretionem
821 4227 1170 4299 abuteretur,
1203 4243 1261 4289 et
1293 4236 1351 4291 in
1388 4238 1496 4295 hoc
1531 4220 1755 4315 negotib
1780 4262 1920 4317 pene
1946 4254 2055 4308 mi-

2174 3249 2271 3304 καὶ
2305 3251 2494 3333 νόμου,
2520 3255 2682 3326 λόγου
2716 3252 2785 3314 τε
2828 3259 2923 3315 καλ⁸
2950 3260 3068 3330 νοῦ,
3097 3261 3195 3317 καὶ
3239 3261 3457 3333 φύσεως
3496 3260 3632 3333 ὅρον
3674 3260 3769 3315 καὶ

2253 3617 2472 3695 Ἐπειδὴ
2501 3624 2683 3679 τοίνυν
2714 3626 2978 3696 φυσικῶς,
3018 3626 3096 3693 ὡς
3136 3625 3595 3703 δεδημιούργητο,
3624 3634 3756 3706 περὶ

2170 3708 2271 3779 μὲν
2298 3709 2358 3765 τὸ
2381 3711 2661 3785 ἀκίνητον,
2690 3715 2768 3781 ὡς
2788 3716 2966 3791 ἀρχὴν
3001 3718 3139 3773 ίδίαν
3188 3720 3354 3791 (φημὶ
3392 3721 3451 3775 δὲ
3475 3722 3571 3776 τὸν
3599 3722 3757 3796 Θεὸν)

2164 3799 2193 3852 ὁ
2221 3799 2508 3874 ἄνθρωπος
2533 3805 2595 3859 ού
2634 3805 2910 3879 κεκίνητο,
2955 3810 3086 3881 περὶ
3122 3809 3177 3864 δὲ
3213 3810 3280 3865 τὰ
3325 3810 3419 3866 ὑπ’
3449 3813 3641 3898 αὐτὸν,
3684 3808 3760 3871 ὦν

2170 3891 2336 3956 αὐτὸς
2386 3892 2572 3950 θεόθεν
2629 3898 2823 3971 άρχςιν
2872 3901 3343 3974 ἑπετάγη,,παρά
3396 3893 3563 3973 φύσιν
3616 3906 3759 3962 ἑκὼν

2167 3983 2411 4055 ἀνοήτως
2439 3987 2745 4060 κεκίνηται,
2776 3993 2843 4063 τῇ
2866 3992 3004 4061 πρὸς
3032 3993 3229 4047 ἕνωσιν
3261 3993 3372 4048 τῶν
3404 3994 3757 4068 διῃρημένων

2166 4073 2385 4149 δοθείσῃ
2423 4078 2573 4150 αύτῷ
2606 4085 2810 4155 φυσικῇ
2838 4082 3069 4156 δυνάμει
3098 4085 3242 4140 κατά
3277 4085 3377 4160 τὴν
3422 4088 3647 4158 γένεσιν
3676 4090 3757 4154 είς

2164 4163 2257 4218 τὸν
2295 4165 2406 4221 τῶν
2450 4169 2754 4241 ἡνωμένων
2817 4173 3020 4245 μᾶλλον
3066 4175 3332 4247 διαίρεσιν
3380 4178 3754 4251 παραχρησά-

2164 4271 2351 4328 μενος,
2382 4259 2674 4335 καὶταύτῃ
2715 4262 2918 4336 μικροῦ
2958 4263 3074 4319 δεῖν
3104 4265 3356 4332 ἐλεεινῶς
3388 4270 3468 4333 είς
3494 4269 3559 4323 τὸ
3590 4270 3668 4343 μὴ
3693 4269 3753 4323 ὃν

467 4325 593 4366 sere
616 4324 765 4370 esset
791 4317 847 4373 in
874 4324 1393 4385 non-exsistentiam
1421 4332 1689 4404 relapsus,
1722 4338 1933 4398 idcirco
1966 4343 2051 4400 in-

2307 4317 2349 4325 --
2643 4317 2674 4335 ..
2715 4317 2729 4334 .
2820 4317 2834 4336 .
3108 4317 3353 4332 -η--τ-κη
3390 4317 3465 4333 η.
3506 4317 3556 4323 -ν
3590 4317 3668 4343 ιη.
3697 4317 3745 4323 ν-

2185 4347 2327 4404 τάλιν
2358 4350 2715 4416 κινδυνεύσας
2762 4356 3177 4428 μεταχωρῆσαι,
3216 4357 3305 4413 διά
3328 4358 3489 4413 τοῦτο
3510 4377 3753 4431 καινρτο⁹

466 4413 745 4486 ηονοηιιιτ
770 4418 1002 4480 naturae,
1028 4422 1085 4471 et
1113 4416 1429 4478 incredibili
1456 4426 1621 4483 modo
1651 4444 1717 4486 ac
1743 4447 1909 4505 supra
1950 4453 2052 4493 na-

2185 4440 2394 4496 ιοῦνται
2430 4441 2646 4514 φύσεις,
2676 4413 2776 4498 »ἐαὶ
2808 4413 3133 4518 παραδόξως
3164 4413 3314 4521 ,ὑπὲρ
3347 4448 3509 4520 φύσιν
3532 4413 3666 4523 περὶ
3692 4451 3749 4504 τὸ

466 4508 645 4553 turam
666 4499 811 4559 circa
834 4504 889 4560 id
914 4508 1062 4578 quod
1088 4520 1283 4569 natura
1307 4527 1562 4574 movetur
1586 4520 1963 4596 immobiliter,
1991 4538 2052 4585 ut
2084 4557 2086 4609 ς

470 4589 534 4610 ἃ-
595 4591 694 4610 νὴ
1006 4608 1012 4610 Α
1138 4603 1151 4610 ,
1175 4604 1190 4610 ,
1375 4609 1384 4610 ,

2443 4499 2456 4514 .
2605 4499 2645 4509 -.
3181 4499 3304 4521 ρ--τ
3354 4499 3500 4520 τη--
3539 4499 3744 4523 ---την

2185 4533 2321 4588 ›ύσει
2351 4533 2675 4606 κινούμενον
2701 4537 2996 4610 ἀκινήτως,
3028 4538 3295 4606 ίνόῦτως
3326 4543 3488 4607 είπω,
3516 4546 3747 4598 κινεῖται

464 4589 539 4644 ita
587 4591 788 4661 dicam,
836 4608 1090 4657 movetur
1136 4603 1215 4660 id'
1240 4609 1390 4678 quod
1435 4615 1743 4672 secundum
1791 4629 2046 4677 naturam
2084 4601 2086 4609 Ι

464 4695 613 4706 ,,,,,,
647 4685 798 4706 ,ιμη
840 4689 854 4702 .
1011 4694 1025 4706 .
1052 4695 1086 4706 ..
1374 4702 1404 4706 _

2185 4625 2212 4681 b
2248 4626 2428 4699 πάντη
2454 4589 2601 4681 κατά
2625 4589 3097 4700 φύσιν
3123 4589 3227 4686 καὶ
3254 4589 3389 4697 Θεὸς
3452 4589 3554 4689 ἀνθ
3564 4650 3745 4706 ρωπος

461 4695 616 4738 suam
646 4685 806 4756 plane
840 4689 1121 4751 immobile
1151 4706 1257 4763 est,
1285 4708 1343 4754 et
1374 4702 1520 4760 Deus
1548 4706 1713 4765 homo
1742 4710 1823 4777 lit,
1852 4720 1915 4768 ut
1945 4714 2047 4770 bo-

2185 4718 2389 4782 ’ίνεται,
2414 4685 2514 4773 ’ἵνα
2548 4685 2699 4793 σώσῃ
2726 4718 2819 4775 τὸν
2844 4685 3187 4794 ἀπολόμενον
3213 4685 3282 4756 δέ
3308 4685 3625 4796 ρωποζι,
3655 4726 3743 4779 καὶ

460 4772 665 4831 minem
694 4779 972 4847 perditum
1002 4786 1216 4842 salvum
1241 4789 1430 4857 faciat,
1456 4802 1515 4849 et
1535 4772 1820 4866 generalis.
1842 4801 1898 4857 in
1926 4805 2052 4860 uni-

2185 4807 2257 4879 ἧς
2321 4772 2466 4862 κατά
2512 4807 2574 4863 τὸ
2621 4772 3339 4883 ἰδ-καθόλου
3399 4772 3625 4884 φύσεως
3666 4815 3745 4869 δι’

457 4867 720 4924 versitate
753 4882 965 4931 natura:
992 4891 1094 4946 per
1116 4882 1473 4951 semetipsum
1504 4891 1785 4946 naturales
1810 4893 2048 4966 iungens

2185 4867 2349 4954 α’ύτοῦ
2390 4899 2460 4955 τά
2504 4901 2649 4957 κατά
2704 4867 3132 4973 φύσῃ-ζώσας
3167 4867 3446 4978 ῥήγματα,
3491 4906 3591 4961 καὶ
3622 4908 3743 4971 τοὺς

460 4966 740 5027 rupturas,
788 4971 845 5019 et
890 4969 1175 5037 generales
1212 4973 1631 5041 particularium
1680 4983 1922 5052 prolatas
1955 5004 2047 5043 ra-

2185 4990 2386 5045 αθόλου
2413 4990 2523 5046 τῶν
2548 4993 2647 5047 ἐπὶ
2683 4966 2888 5066 μέρους
2930 4966 3147 5069 προφερ
3158 4966 3389 5069 ὁεὶἐῦους
3419 4966 3635 5068 λόγους,
3661 4994 3740 5062 οἷς

461 5048 662 5117 tiones,
693 5055 896 5123 quibus
924 5058 1293 5120 discretorum
1324 5069 1502 5125 unitio
1532 5048 1869 5131 instituenda
1902 5090 2044 5149 erat,

2213 5084 2325 5141 τῶν
2354 5048 2703 5159 διῃρημένων
2744 5048 2993 5159 γίνεσθαι
3022 5048 3289 5161 *πέφυκεν
3313 5048 3533 5158 ἕνωσις,
3565 5092 3740 5158 δείξας

460 5142 819 5201 manifestans
850 5164 1108 5223 magnum
1138 5155 1236 5212 Dei
1282 5174 1348 5215 ac
1392 5162 1572 5220 Patris
1614 5167 1906 5225 consilium
1936 5172 2047 5228 im«

460 5230 633 5255 _I-_-.
710 5234 760 5255 ε..
820 5252 835 5255 _
856 5254 865 5255 κ
886 5254 895 5255 κ
919 5254 925 5255 ,
1128 5246 1140 5255 .
1361 5252 1415 5255 ---

2185 5174 2249 5247 ὴν
2284 5142 2538 5249 μεγάλην
2576 5142 2791 5251 Ϋβουλήν
2832 5142 3253 5255 πληρώσῃ
3305 5182 3444 5235 Θεοῦ
3473 5142 3573 5236 sibi
3628 5183 3738 5236 Πα-

459 5230 655 5300 pleret,
709 5234 767 5289 in
816 5252 937 5294 sese
989 5246 1178 5303 omnia
1229 5252 1578 5325 recolligens,
1632 5265 1742 5313 tam
1799 5262 2045 5321 caelestia

459 5336 619 5381 (illam
672 5332 916 5381 terrena.
957 5331 1013 5381 in
1045 5351 1157 5381 mm
1205 5340 1371 5381 plinm
1412 5346 1633 5381 nnndhn
1680 5361 1837 5381 ιιι-...ιι
1908 5354 2013 5381 τι..-

2185 5230 2297 5338 plin:
2329 5230 2409 5332 είς
2460 5230 2656 5324 ἑαυτὸν
2719 5230 3225 5381 ἀνακεφάλαιέξισας
3281 5273 3612 5381 τά-πάντα,
3668 5272 3737 5381 τά

452 5336 619 5389 quam
672 5332 916 5395 ῑθιτθῐιθ,
957 5331 1014 5389 in
1045 5351 1157 5406 quo
1205 5340 1373 5397 etiam
1412 5346 1637 5404 condita
1679 5361 1860 5408 erant.
1907 5354 2044 5411 Pro-

454 5410 598 5468 fecto
647 5417 819 5468 igitur
863 5428 1133 5468 generalia
1177 5447 1282 5468 ιιι...
1328 5446 1523 5468 ωηη..-
1572 5440 1626 5468 :..
1681 5445 2032 5468 --._-.=_-__,__

2185 5331 2209 5412 ν
2271 5357 2352 5431 τῷ
2410 5360 2628 5433 ούρανῷ
2703 5362 2801 5418 καὶ
2861 5331 2931 5417 τά
2992 5363 3090 5418 ἐπὶ
3159 5331 3262 5436 cii;
3325 5365 3475 5468 γῆς,
3551 5365 3612 5419 ὲν
3666 5354 3735 5468 ,ᾧ

454 5410 598 5470 fecto
647 5417 819 5490 igitur
863 5428 1134 5494 generalis
1177 5447 1285 5503 qua
1328 5446 1527 5494 cuncta
1572 5440 1628 5496 in
1679 5445 2039 5518 semetipsum

2188 5410 2247 5506 αἱ
2704 5410 2940 5527 ἶἀμέλει
3009 5474 3093 5512 τοι
3164 5410 3270 5531 τέλξ
3318 5410 3551 5514 καθόλου
3626 5456 3733 5510 τῶν

452 5521 752 5584 congreget
804 5516 1071 5579 unitiouis
1122 5539 1191 5580 ex
1248 5536 1440 5587 nostra
1506 5532 1843 5596 discretione
1894 5540 2038 5598 facto

2185 5543 2369 5598 τάντων
2401 5516 2540 5616 πρὸς
2584 5516 2797 5602 ἑαυτὸν.
2833 5546 3081 5615 ὲνὼσεως
3119 5548 3186 5604 ὲκ
3223 5516 3333 5623 ’τῆς
3364 5549 3524 5622 ήμῶν
3565 5545 3729 5621 ἀρξά-

1732 5673 1967 5731 νΑίῖΙΑΞ
2006 5675 2413 5736 LECTIONES.

522 5761 569 5801 δ’
604 5762 705 5823 Hic
736 5770 996 5832 mendum
1028 5775 1248 5851 aliquod
1274 5781 1431 5841 latet.
1507 5785 1554 5821 ⁸⁸
1583 5787 1950 5863 ἀπολλύμενον
1982 5793 2106 5851 cod.
2138 5795 2305 5864 Gud.,
2342 5813 2445 5856 nec
2473 5802 2643 5859 semel
2676 5802 2774 5859 ita.
