4026 6288
150 406 315 473 1309

1404 404 1921 469 AMBIGUORUM
1960 409 2212 474 LIBER-

3286 414 3423 481 1310

150 540 336 594 μενος
427 521 744 593 διαιρέσεως
829 520 1038 589 γίνεται
1088 519 1321 584 τέλειος
1402 521 1690 595 ἀνθρωπος
1722 560 1737 586 ,

1854 523 2136 595 principio,
2166 524 2444 597 perfectus
2471 518 2637 583 humo
2668 527 2749 593 fit,
2774 545 2839 584 ex
2876 528 3037 585 nobis
3067 539 3292 601 propter
3322 547 3425 586 nos

148 620 221 686 ἐξ
240 618 422 690 ,ἡμῶν
450 617 519 672 δι’
541 617 692 687 ἡμᾶς
722 615 847 669 καθ’
882 616 1053 687 ἡμᾶς,
1098 614 1279 669 πάντα
1306 613 1377 668 τά
1405 613 1565 686 ἡμῶν
1587 614 1741 669 ἀνελ-

149 710 349 773 λιπῶς
375 709 537 781 ἔχων,
568 706 846 780 ἁμαρτίας
888 706 1080 778 χωρὶς,
1119 704 1219 775 τῆς
1246 703 1388 761 κατὰ
1422 703 1585 775 φύσιν
1621 706 1746 760 ἀκο-

148 801 394 865 λουθίας
437 798 688 871 γαμικῆς
735 797 964 862 ούδὸλως
1017 798 1100 861 εἰς
1139 795 1298 851 τοῦτο
1352 794 1742 868 προσδεηθείςο

150 893 309 965 ὁμοῦ
343 909 406 947 τε
438 892 533 947 καὶ
569 889 712 945 κατά
750 888 814 943 τδ
842 889 976 943 αὐτὸ
1010 888 1244 953 δεικνὺς,
1264 886 1343 953 ὡς
1374 882 1554 961 οἶμαι,
1583 887 1746 960 τυχὸν

151 985 245 1050 ὥς
285 980 357 1056 ἦν
386 984 482 1038 καὶ
508 983 669 1046 ἄλλος
694 982 896 1055 τρόπος
921 980 1022 1050 τῆς
1052 981 1130 1044 είς
1164 979 1370 1052 πλῆθος
1394 979 1504 1036 τῶν
1528 979 1748 1053 ἀνθρώ-

155 1095 295 1131 πων
321 1075 605 1146 αὐξήσεως
641 1070 1096 1143 προεγνωσμένος
1134 1069 1274 1142 Θεῷ,
1318 1071 1368 1126 ει
1397 1068 1498 1143 τὴν
1526 1070 1749 1143 ἐντολὴν

154 1171 190 1224 ὁ
239 1167 465 1238 πρῶτος
506 1163 774 1234 ἐφύλαξεν
818 1160 1105 1233 ἄνθρωπος
1138 1160 1403 1230 καὶπρὸς
1446 1160 1749 1232 κτηνωδίαν

154 1264 371 1321 ἑαυτὸν
393 1259 473 1332 τῷ
504 1257 650 1312 κατὰ
684 1254 1039 1327 παράχρησιν
1059 1251 1250 1326 τρόπῳ
1269 1253 1380 1308 τῶν
1408 1252 1628 1307 οικειων
1652 1252 1750 1307 δυ-

154 1359 394 1427 νάμεων
432 1352 508 1424 μὴ
550 1347 835 1412 κατέϐαλε,
886 1347 986 1402 καὶ
1030 1344 1133 1416 τὴν
1168 1344 1311 1401 κατά
1346 1346 1408 1399 τὸ
1446 1345 1617 1418 ᾶρῤεν
1653 1344 1751 1401 καὶ

157 1448 314 1519 θῆλυ
352 1442 621 1515 διαφοράν
650 1458 713 1495 τε
738 1440 835 1496 καὶ
866 1438 1134 1512 διαίρεσιν
1154 1440 1258 1509 τῆς
1284 1437 1500 1509 φύσεως
1525 1437 1753 1505 ἔξωθού-

160 1553 363 1609 μενος,
387 1530 457 1607 ἧς
486 1533 624 1604 πρὸς
654 1530 717 1585 τὺ
742 1530 1020 1600 γενέσθαι,
1055 1527 1313 1599 καθάπερ
1339 1526 1501 1600 ἔφην,
1531 1527 1750 1601 ἀνθρω-

156 1647 298 1695 πος,
330 1626 566 1690 ούδόλως
604 1622 945 1696 προσεδεήθη
973 1660 989 1683 ,
1019 1615 1095 1676 ῶν
1124 1620 1184 1675 δὲ
1216 1620 1346 1675 ἀνευ
1399 1615 1542 1674 εἶναι
1584 1619 1757 1691 τυχόν

160 1723 289 1775 ἔστι
329 1716 585 1774 δυνατόν.
616 1713 802 1769 Ταῦτα
830 1715 912 1776 είς
931 1712 995 1767 τὸ
1016 1710 1265 1783 διηνεκὲς
1293 1714 1632 1784 παραμεῖναι
1648 1712 1752 1769 οὒκ

158 1812 411 1880 ἀνάγκη.
442 1809 539 1861 Ἐν
557 1806 668 1877 γὰρ
688 1802 924 1875 Χριστῷ
950 1802 1167 1871 Ἰησοῦ,
1190 1802 1356 1873 φησὶν
1372 1804 1400 1857 ὁ
1426 1802 1569 1867 θεῖος
1593 1802 1751 1856 Ἀπό-

1844 612 1913 667 ad
1946 628 2068 681 nos,
2099 614 2194 685 qui
2228 616 2413 672 omnia
2436 625 2625 672 nostra
2660 617 2820 687 plene
2848 618 3069 683 habeat,
3096 619 3306 689 peccati
3332 635 3427 674 ex-

1844 718 1993 773 pers,
2023 705 2294 762 naturalis
2326 708 2569 780 conjugii
2598 709 3037 765 convenientiam
3077 727 3423 783 nequaquam

1846 795 1903 850 in
1954 796 2058 853 hoc
2112 800 2480 854 necessariam
2534 798 2747 855 habens
2798 817 2812 855 :
2865 800 3073 869 pariter
3121 811 3178 857 et
3229 802 3425 857 eodem
3534 837 3544 846 -

1847 887 2010 944 modo
2041 890 2343 945 ostendens
2386 889 2639 955 fortasse,
2691 890 2773 945 uti
2807 891 2941 945 mihi
2972 891 3212 957 videtur,
3258 892 3426 946 alium

1848 995 2071 1050 quoque
2097 981 2211 1035 Deo
2239 979 2413 1037 fuisse
2457 982 2682 1037 modum
2715 982 2771 1036 in
2800 981 3209 1038 multitudinem
3246 983 3429 1038 luere-

1850 1073 2023 1127 menti
2047 1072 2334 1128 hominum
2360 1082 2520 1129 antea
2548 1074 2932 1140 constitutum,
2957 1074 3002 1130 si
3027 1074 3238 1146 primus
3262 1074 3429 1129 homo

1850 1173 2182 1235 praeceptum
2214 1166 2608 1223 custodivisset
2641 1182 2821 1237 neque
2854 1167 2921 1222 ad
2963 1167 3258 1222 brutorum
3311 1165 3432 1221 ani-

1850 1255 2077 1311 malium
2123 1256 2481 1313 stoliditatem
2530 1257 2835 1314 secundum
2874 1257 3159 1313 abusionis
3195 1257 3431 1321 faculta-

1850 1352 1970 1401 tum
2012 1361 2240 1402 suarum
2272 1347 2499 1403 modum
2530 1349 2930 1425 descendisset,
2965 1358 3020 1404 et
3055 1349 3427 1426 diﬁ‘erentiam

1850 1438 2140 1495 masculini
2183 1456 2249 1495 ac
2294 1440 2545 1496 feminini
2578 1450 2635 1497 et
2667 1441 3023 1497 distinctione
3063 1452 3274 1497 natura:
3305 1453 3431 1497 sus-

1851 1530 2091 1597 tulisset,
2138 1547 2325 1602 quam,
2380 1531 2461 1587 uti
2511 1531 2645 1596 dixi,
2694 1532 2862 1586 homo
2907 1533 2973 1587 ad
3014 1532 3428 1603 generationem

1851 1637 2199 1694 nequaquam
2228 1625 2595 1681 necessariam
2622 1626 2905 1681 habuisset
2928 1626 3239 1697 quibusque
3269 1640 3430 1697 egere

1851 1714 2086 1770 fortasse
2115 1730 2426 1786 possumus.
2476 1716 2552 1771 Ea
2586 1716 2640 1770 in
2688 1724 3015 1787 perpetuum
3064 1716 3272 1772 servari
3320 1732 3430 1772 non

1851 1820 2080 1863 necesse
2130 1816 2235 1863 est.
2284 1806 2423 1862 Nam
2464 1809 2518 1862 in
2560 1807 2765 1862 Christo
2810 1807 2958 1873 Iesu,
2996 1808 3176 1879 inquit
3208 1807 3431 1863 divinus

162 1902 387 1968 στολος,
422 1900 562 1955 οὔτε
587 1896 768 1966 appar
787 1894 928 1948 οὔτε
959 1893 1140 1963 θῆλυ.
1171 1889 1304 1947 Εἶτα
1332 1892 1433 1965 τὴν
1458 1892 1581 1947 καθ’
1600 1892 1751 1964 ἡμᾶς

1854 1900 2171 1971 Apostolus,
2214 1917 2383 1973 neque
2432 1901 2780 1956 masculinum
2826 1917 2996 1972 neque
3042 1902 3351 1970 femininum
3378 1899 3429 1956 ά.

164 1995 416 2065 ἁγιάσας
462 1988 789 2060 οἰκουμένην
834 1985 923 2040 διὰ
950 1986 1050 2057 τῆς
1097 1984 1307 2049 οίκείας
1355 1983 1753 2056 ἀνθρωποπρε-

163 2086 310 2149 ποῦς
353 2080 699 2150 ἀναστροφῆς
734 2078 876 2150 μετά
908 2076 1140 2132 θάνατον
1176 2078 1260 2142 εις
1285 2076 1377 2131 τὸν
1422 2076 1753 2149 παράδεισον

164 2174 633 2248 ἀπαραποδίστως
685 2171 873 2241 χωρεῖ,
906 2167 1100 2235 ,καθὼς
1148 2167 1225 2239 τῷ
1278 2167 1452 2240 λῃστῇ
1504 2166 1754 2237 ἀψευδῶς

167 2267 566 2341 ἐπηγγείλατο,
598 2263 889 2333 Σήμερον,
932 2262 1134 2333 φήσας,
1186 2260 1303 2329 ἔσῃ
1341 2261 1470 2329 μετ’
1505 2258 1655 2330 ἐμοῦ
1682 2259 1754 2313 ἑν

165 2361 253 2428 τῷ
281 2358 653 2429 παραδείσῳ.
703 2353 985 2410 Ἐντεῦθεν
1010 2352 1086 2417 ώς
1118 2352 1240 2407 κατ’
1268 2352 1434 2407 αύτδν
1462 2352 1649 2408 λοιπὸν
1677 2352 1752 2425 μὴ

172 2454 412 2525 ἐχούσης
456 2450 592 2522 πρὸς
636 2448 731 2502 τὸν
780 2446 1112 2518 παράδεισον
1160 2444 1427 2517 διαφορὰν
1474 2444 1578 2514 τῆς
1628 2443 1753 2499 καθ’

168 2546 329 2616 ἡμᾶς
357 2541 686 2613 οἰκουμένης
712 2537 877 2594 πάλιν
904 2537 993 2591 ἐπ’
1019 2536 1197 2606 αὐτῆ,
1220 2535 1397 2607 ἐφάνη
1427 2537 1543 2600 τοῖς
1574 2536 1753 2607 μαθη-

167 2640 297 2699 ταῖς
324 2630 782 2702 συνδιαιτώμενος
806 2628 947 2700 μετά
972 2627 1072 2700 τὴν
1098 2628 1164 2680 ὲκ
1190 2626 1403 2699 νεκρῶν
1431 2627 1752 2696 ἀνάστασιν,

169 2728 395 2791 δεικνὺς
434 2725 510 2789 ώς
562 2725 596 2795 η
635 2723 711 2793 γῆ
760 2723 859 2795 μία
907 2716 1042 2775 οὖσα
1079 2720 1339 2791 τυγχάνει
1379 2719 1517 2791 πρὸς
1553 2719 1756 2790 ἑαυτὴν

168 2820 509 2893 ἀδιαίρετος,
536 2818 627 2872 τὸν
652 2816 774 2871 καθ’
802 2817 862 2870 ὃν
881 2817 995 2869 ὲστι
1022 2813 1183 2882 λόγον
1208 2812 1310 2883 τῆς
1339 2812 1481 2866 κατά
1497 2811 1683 2883 (223
1699 2812 1753 2883 b)

170 2911 273 2983 τὴν
329 2908 599 2981 διαφορὰν
648 2905 968 2978 διαιρέσεως
1040 2901 1329 2974 ἐλεύθερον
1386 2900 1750 2967 διασώζουσα.

173 2999 317 3057 Εἶτα
365 3002 456 3057 διὰ
509 3000 610 3071 τῆς
648 3000 729 3062 εἰς
760 2995 993 3069 οὐρανὸν
1031 2995 1357 3067 ἀναλήψεως
1381 2993 1478 3049 τὸν
1526 2993 1758 3065 οὐρανὸν

173 3092 359 3162 ῆνωσε
382 3089 628 3160 δηλονότι
651 3087 747 3141 καὶ
774 3086 875 3158 τὴν
901 3086 1027 3157 γῆν,
1061 3084 1156 3140 καὶ
1192 3083 1333 3156 μετὰ
1361 3083 1552 3138 τούτου
1577 3082 1626 3117 ⁸³
1658 3083 1757 3138 τοῦ

1850 1992 2064 2049 Deinde
2090 2000 2284 2049 nostro
2314 2002 2583 2048 terrarum
2617 1992 2751 2047 orbe
2776 1992 3116 2047 sanctificata
3145 2008 3243 2062 per
3269 2007 3430 2046 suum

1850 2093 1976 2156 post
2005 2094 2263 2150 mortem,
2296 2094 2358 2141 ut
2387 2085 2492 2141 fert
2523 2085 2762 2139 humana
2811 2085 3076 2149 conditio,
3105 2084 3341 2140 reditum
3372 2084 3427 2137 in

1850 2175 2170 2246 paradisum
2212 2176 2464 2246 expedite
2511 2176 2857 2247 ingreditur,
2903 2176 3181 2247 quomodo
3226 2174 3429 2231 latroni

1851 2269 2124 2324 veraciter
2150 2268 2516 2333 annuntiavit,
2545 2269 2732 2332 Hodie,
2765 2268 2976 2334 dicens,
3014 2285 3212 2323 mecum
3244 2269 3347 2323 eris
3376 2269 3453 2341 in,

1854 2360 2106 2430 paradiso
2135 2360 2191 2415 °l
2226 2359 2359 2414 lude
2403 2375 2528 2414 cum
2564 2359 2633 2414 de
2682 2359 2897 2430 reliquo
2939 2368 3128 2415 noster
3161 2369 3431 2416 terrarum

1854 2450 2008 2505 orbis
2050 2465 2081 2505 a
2121 2450 2381 2521 paradiso
2403 2450 2542 2506 nihil
2575 2451 2655 2506 illi
2700 2451 2953 2515 distaret,
2997 2467 3191 2506 rursus
3233 2451 3289 2505 in
3332 2450 3436 2506 hac

1856 2551 2002 2598 terra
2036 2542 2293 2612 apparuit
2322 2551 2381 2599 et
2406 2558 2531 2598 cum
2562 2543 2848 2615 discipulis
2880 2553 3240 2601 conversatus
3267 2549 3354 2598 est
3386 2542 3433 2608 ί,

1855 2639 2144 2701 postquam
2190 2630 2261 2687 de
2303 2633 2539 2687 mortuis
2584 2634 2945 2689 resuscitatus
2990 2642 3095 2697 est,
3125 2642 3182 2689 et
3227 2641 3431 2687 terram

1856 2739 2022 2779 unam
2051 2738 2174 2780 esse
2202 2739 2439 2795 eamque
2480 2740 2511 2779 a
2545 2740 2603 2780 se
2633 2725 2749 2795 ipsa
2794 2742 2903 2780 non
2948 2726 3243 2781 discretam
3273 2741 3432 2779 mon-

1856 2814 2070 2881 stravit,
2122 2829 2245 2884 qua:
2294 2829 2417 2869 eam
2464 2814 2767 2869 secundum
2804 2830 2968 2884 quam
3024 2822 3110 2869 est
3162 2815 3433 2868 rationem

1857 2907 2209 2963 diﬂ'erentiali
2237 2906 2581 2963 distinctioni
2611 2906 2841 2961 liberam
2872 2912 3076 2961 servet.
3122 2904 3331 2960 Deinde
3379 2906 3435 2959 in

1856 2999 2059 3056 cmlum
2112 3007 2368 3069 receptus
2422 2998 2561 3054 adeo
2611 2998 2833 3062 caelum,
2882 2997 2963 3052 uti
3011 3006 3261 3067 apparet,
3310 3012 3436 3052 cum

1860 3100 2008 3148 terra
2034 3090 2236 3157 univit,
2271 3105 2508 3161 cumque
2552 3098 2793 3149 terreno.
2823 3090 2983 3160 cujus
3018 3095 3075 3146 et
3114 3089 3353 3144 essentia
3380 3095 3439 3145 et

172 3185 371 3253 γηῖνου
399 3182 649 3253 σώματος
672 3177 768 3234 τοῦ
792 3180 926 3251 ἡμῖν
952 3176 1227 3250 ὀμοφυοῦς
1250 3194 1313 3230 τε
1340 3176 1433 3230 καὶ
1463 3176 1753 3247 ὁμοουσὶου

1861 3194 2056 3241 natura
2085 3185 2280 3241 eadem
2311 3192 2397 3240 est
2438 3198 2561 3253 quae
2610 3192 2821 3248 nostra,
2866 3197 3094 3253 corpore
3141 3180 3196 3236 in
3233 3182 3434 3237 caelum

172 3277 436 3348 χωρήσας
481 3277 562 3339 είς
619 3272 847 3345 οὐρανὸν
902 3270 1030 3343 μίαν
1077 3270 1243 3325 οὖσαν
1288 3268 1368 3340 τῷ
1414 3268 1537 3323 κατ’
1590 3269 1759 3342 αὐτὴν

174 3369 599 3440 καθολικωτέρῳ
627 3366 772 3438 λόγῳ
808 3366 988 3419 πᾶσαν
1020 3364 1119 3435 τὴν
1148 3362 1403 3432 αἰσθητὸν
1442 3361 1607 3432 φύσιν
1649 3362 1759 3416 ἀπ-

174 3459 375 3525 έδειξε,
411 3460 511 3530 τῆς
557 3458 865 3530 τεμνούσης
908 3455 1079 3527 αὐτὴν
1126 3456 1184 3509 ὲν
1211 3453 1391 3525 ἑαυτῷ
1438 3455 1760 3528 διαιρέσεως

172 3553 518 3623 ἀμαυρώσας
549 3551 648 3623 τὴν
680 3551 939 3622 ίδιότητα.
980 3550 1213 3602 Ἔπειτα
1252 3549 1389 3619 πρὸς
1418 3547 1657 3613 τούτοις,
1687 3547 1757 3602 τὰ

174 3645 418 3714 αἰσθητᾶ
447 3644 542 3699 καὶ
561 3643 631 3698 τὰ
660 3643 829 3715 νοητά
862 3640 1097 3713 καθεξῆς
1123 3640 1212 3695 διά
1248 3640 1466 3695 πάντων
1494 3640 1603 3694 τῶν
1636 3642 1757 3694 κατ’

173 3738 410 3810 ούρανδν
452 3737 613 3791 θείων
658 3736 752 3791 καὶ
781 3736 990 3807 νοητῶν
1029 3734 1328 3805 ταγμάτων
1361 3732 1587 3787 διελθὼν
1615 3733 1758 3804 μετά

173 3834 274 3901 τῆς
322 3830 500 3901 ψυχῆς
533 3830 628 3884 καὶ
667 3829 760 3883 τοῦ
816 3826 1091 3898 σώματος,
1126 3825 1376 3879 τουτέστι
1409 3824 1621 3888 τελείας
1657 3826 1759 3896 τῆς

175 3922 458 3992 ἡμετέρας
489 3921 724 3991 φύσεως,
755 3920 956 3991 ἥνωσε,
987 3918 1087 3990 τὴν
1133 3917 1272 3988 πρὸς
1314 3918 1376 3971 τὸ
1407 3917 1465 3971 ἓν
1493 3918 1591 3988 τῆς
1628 3918 1757 3988 ὅλης

175 4015 414 4078 κτίσεως
442 4013 585 4067 κατὰ
610 4012 701 4066 τὸν
728 4011 928 4081 εαυτῆς
957 4009 1330 4085 ἀρχικώτατόν
1349 4026 1409 4063 τε
1428 4009 1522 4063 καὶ⁸
1539 4009 1759 4063 καθολι-

176 4104 424 4157 κώτατον
466 4102 624 4172 λόγον
692 4102 971 4157 σύννευσιν
1014 4100 1194 4166 δείξας
1232 4101 1291 4155 ὲν
1325 4100 1506 4172 ἑαυτῷ
1552 4118 1758 4155 παντε-

176 4196 286 4259 λῶς
317 4196 619 4267 ἀδιαίρετόν
654 4213 713 4249 τε
754 4195 852 4248 καὶ
896 4193 1280 4250 ἀστασίαστον.
1323 4194 1433 4247 Καὶ
1462 4193 1615 4256 τέλος
1662 4192 1757 4245 ἐπὶ

177 4288 317 4339 πᾶσι
348 4285 561 4349 τούτοις
605 4284 747 4339 κατά
774 4284 875 4356 τὴν
918 4284 1165 4338 ἐπίνοιαν
1206 4284 1307 4354 τῆς
1337 4282 1756 4356 ἀνθρωπότητος

177 4373 321 4445 πρὸς
351 4373 513 4426 αὑτὸν
538 4373 749 4441 γίνεται
773 4373 863 4427 τδν
887 4372 1040 4437 Θεὸν,
1056 4371 1411 4442 ἐμφανισθεὶς
1431 4371 1573 4442 ὑπὲρ
1594 4370 1756 4441 ήμῶν

175 4461 442 4533 δηλονότι,
476 4462 660 4527 καθὼς
712 4463 1046 4535 γέγραπται,
1075 4462 1155 4534 τῷ
1186 4461 1462 4534 προσώπῳ
1490 4461 1586 4516 τοῦ
1617 4461 1754 4515 Θεοῦ

1859 3276 2143 3347 ingressus
2165 3274 2483 3331 sensibilem
2514 3290 2735 3329 omnem
2766 3282 3019 3328 naturam
3055 3289 3179 3328 cum
3205 3287 3436 3344 genera-

1857 3369 1983 3424 liori
2014 3384 2115 3425 sua
2144 3368 2357 3424 ratione
2384 3382 2549 3423 unam
2578 3376 2635 3422 et
2658 3365 2913 3421 eamdem
2937 3380 3061 3421 esse
3088 3364 3435 3420 demonstra-

1857 3461 1955 3525 vit,
1991 3459 2365 3516 distinctionis
2406 3475 2529 3529 quae
2563 3458 2622 3513 in
2667 3458 2965 3527 semetipso
3006 3472 3127 3511 eam
3157 3455 3439 3511 dividebat

1857 3553 2249 3625 proprietatem
2275 3552 2612 3608 obtundens.
2639 3551 2848 3607 Deinde
2886 3551 2953 3605 ad
2980 3550 3118 3613 haec,
3153 3548 3437 3605 sensibilia

1856 3654 1913 3701 et
1958 3644 2345 3716 intelligibilia,
2369 3659 2470 3714 per
2513 3658 2707 3698 omnes
2759 3641 3023 3712 deinceps
3061 3640 3186 3696 coeli
3221 3639 3441 3694 divinos

1856 3748 2023 3808 atque
2050 3736 2426 3807 intelligibiles
2450 3735 2678 3790 ordines
2705 3742 3079 3804 transgressus
3106 3747 3229 3785 cum
3254 3730 3438 3785 anima

1856 3837 1914 3884 et
1943 3844 2193 3899 corpore.
2237 3828 2344 3883 hoc
2386 3835 2473 3883 est
2513 3826 2757 3897 perfecta
2791 3835 2980 3880 nostra
3014 3832 3209 3879 natura
3238 3820 3436 3884 univit,

1855 3927 1912 3975 et
1958 3920 2229 3975 universae
2272 3918 2607 3974 conditionis
2652 3916 2955 3972 secundum
3000 3912 3436 3986 potentissimam

1858 4027 2013 4065 suam
2034 4018 2090 4065 et
2110 4009 2581 4081 generalissimam
2613 4007 2886 4063 rationem
2917 4021 3041 4061 cum
3068 4004 3279 4058 unitate
3306 4017 3440 4057 con-

1856 4102 2213 4171 Spirationem
2250 4101 2307 4155 in
2351 4100 2650 4169 semetipso
2678 4100 2840 4169 plane
2868 4098 3242 4153 indistinctam
3270 4101 3436 4163 atque

1857 4194 2108 4249 stabilem
2154 4208 2276 4247 esse
2310 4192 2655 4247 monstravit.
2689 4190 2867 4259 Atque
2901 4200 3178 4260 postremo
3207 4186 3276 4241 ad
3319 4185 3437 4239 haec

1858 4282 2072 4345 omnia,
2128 4282 2434 4335 secundum
2488 4279 2846 4335 humanitatis
2894 4276 3312 4349 cogitationem,
3366 4271 3435 4327 ad

1857 4372 2037 4443 ipsum
2062 4374 2233 4428 Deum
2268 4373 2501 4437 accedit,
2531 4372 2628 4427 Dei
2656 4380 2714 4428 et
2751 4370 2933 4426 Patris
2956 4368 3133 4425 oculis
3154 4365 3328 4422 nostri
3354 4364 3439 4419 ni-

1858 4465 2084 4529 mirum,
2115 4473 2178 4518 ut
2222 4466 2489 4534 scriptum
2534 4471 2641 4528 est,
2689 4462 2868 4534 gratia
2912 4466 3337 4531 repraesentatus
3374 4466 3438 4512 ut

178 4555 277 4610 καὶ
310 4555 525 4625 Πατρὸς
567 4554 643 4618 ὡς
674 4555 984 4626 ἅνθρωπος,
1011 4556 1039 4608 ὁ
1065 4553 1188 4608 καθ’
1217 4553 1531 4624 οἱονδήποτε
1550 4552 1753 4623 τρόπον

1859 4554 2046 4618 homo,
2067 4553 2164 4623 qui
2195 4553 2349 4607 nullo
2376 4567 2616 4621 unquam
2644 4551 2832 4615 modo,
2854 4558 2917 4604 ut
2942 4551 3154 4608 Sermo.
3176 4548 3246 4603 de
3272 4548 3437 4602 Patre

179 4645 452 4717 μηδέποτε
480 4645 575 4700 τοῦ
599 4646 811 4717 [ἰατρὸς
850 4646 928 4710 ώς
951 4645 1124 4714 Λόγος
1148 4644 1483 4716 χωρισθῆναι
1516 4643 1755 4715 δυνάμε-

178 4755 292 4804 νος,
330 4738 626 4810 πληρώσας
655 4738 729 4803 ώς
756 4738 1044 4810 ἄνθρωπος
1078 4738 1225 4809 ἔργῳ
1247 4737 1345 4791 καὶ
1367 4735 1597 4808 ἀληθεία
1624 4736 1753 4791 καθ’

179 4829 432 4901 ὑπακοὴν
463 4829 823 4903 ἀπαράϐατον
851 4830 954 4884 ὅσα
991 4829 1301 4903 προώρισεν
1332 4827 1496 4893 αὐτὸς
1517 4827 1593 4893 ώς
1620 4828 1756 4893 Θεὸς

176 4922 457 4990 γενέσθαι,
484 4924 579 4976 καὶ
602 4921 898 4986 τελειώσας
933 4922 1115 4975 πᾶσαν
1147 4919 1344 4991 βουλὴν
1362 4919 1455 4973 τοῦ
1486 4918 1623 4973 Θεοῦ
1659 4920 1755 4973 καὶ

177 5014 393 5085 Πατρὸς
449 5014 590 5084 ὑπὲρ
627 5013 786 5085 ἡμῶν
834 5012 943 5066 τῶν
998 5013 1417 5085 ἀχρειωσὰντων
1456 5016 1522 5083 τῇ
1574 5031 1756 5084 παρα-ι

175 5109 375 5177 χρήσει
412 5104 513 5177 τὴν
543 5104 604 5171 ἐξ
646 5103 823 5177 ἀρχῆς
862 5105 993 5175 ἡμῖν
1025 5103 1275 5172 φυσικῶς
1308 5103 1444 5175 πρὸς
1480 5104 1755 5158 τοῦτοδο-

177 5196 364 5251 θεῖσαν
385 5196 637 5267 δύναμιν,
671 5198 764 5250 καὶ
809 5195 1028 5267 πρῶτον
1057 5194 1263 5259 ἑνώσας
1295 5196 1428 5265 ἡμῖν
1456 5195 1685 5261 ἑαυτοὺς
1703 5199 1753 5230 ⁵ο

176 5288 235 5341 ὲν
264 5286 448 5357 ἑαυτῷ
495 5286 585 5340 διὰ
629 5289 729 5358 τῆς
775 5286 1118 5357 ἀφαιρέσεως
1168 5284 1268 5355 τῆς
1306 5284 1450 5340 κατά
1487 5286 1550 5340 τὸ
1585 5288 1755 5360 ἇρῤεν

176 5380 271 5432 καὶ
304 5378 369 5432 τὸ
406 5379 539 5450 θῆλυ
577 5379 860 5449 διαφορᾶς,
892 5378 987 5430 καὶ
1017 5378 1139 5431 ἀντὶ
1164 5376 1381 5448 ἀνδρῶν
1426 5378 1520 5431 καὶ
1559 5395 1753 5447 γυναι-

175 5469 307 5533 κῶν,
340 5462 423 5530 οἷς
454 5469 483 5520 ὁ
512 5468 611 5537 τῆς
639 5467 957 5539 διαιρέσεως
984 5466 1332 5538 ὲνθεωρεῖται
1360 5466 1597 5537 μάλιστα
1623 5468 1753 5539 τρό-

242 5605 271 5645 ἀ
300 5605 476 5662 Galat.
506 5622 584 5671 ιιι,
610 5605 699 5661 28.

1855 4646 2071 4703 secerni
2106 4653 2312 4715 potest,
2342 4652 2637 4715 postquam
2666 4650 2730 4697 ut
2773 4642 2940 4696 homo
2971 4654 3140 4709 opere
3186 4646 3245 4694 et
3281 4638 3436 4693 veri-

1857 4749 1989 4804 tate,
2016 4752 2297 4807 nunquam
2332 4737 2463 4792 lazso
2509 4735 2780 4805 obsequio
2824 4746 3167 4803 quaecunque
3210 4730 3325 4784 ﬁeri
3372 4737 3437 4784 ut

1855 4832 2002 4886 Deus
2046 4828 2535 4900 praedestinaverat
2580 4825 2847 4897 implevit,
2882 4836 3211 4891 omnemque
3242 4819 3338 4875 Dei
3371 4834 3437 4874 ac

1855 4922 2034 4978 Patris
2059 4922 2398 4976 voluntatem
2442 4920 2617 4975 nostri
2661 4918 2835 4990 gratia
2868 4924 3161 4972 exsecutus
3201 4919 3304 4975 est,
3338 4911 3433 4980 qui

1862 5021 2188 5084 potestatem
2217 5011 2547 5067 naturaliter
2572 5009 2735 5065 nobis
2764 5024 2794 5063 a
2825 5004 3099 5078 principio
3128 5003 3183 5057 in
3210 5003 3314 5056 hoc
3340 5000 3437 5054 da-

1859 5114 1969 5160 tam
1998 5103 2264 5160 abusioue
2298 5102 2512 5157 irritam
2539 5099 2976 5160 reddideramus,
3008 5103 3172 5162 atque
3196 5090 3435 5162 primum

1859 5212 1961 5252 nos
1995 5210 2119 5250 cum
2160 5192 2321 5248 nobis
2361 5191 2417 5245 in
2457 5189 2754 5259 semetipso
2785 5185 2983 5251 univit,
3015 5182 3326 5238 differentia
3351 5180 3437 5236 fe-

1858 5285 2056 5342 minini
2085 5293 2142 5340 et
2174 5280 2460 5337 masculini
2504 5278 2738 5343 sublata,
2766 5290 2977 5347 proque
3008 5272 3146 5328 viris
3186 5280 3242 5327 et
3279 5269 3438 5325 femi-

1859 5378 1967 5444 nis,
2002 5378 2057 5432 in
2087 5375 2291 5447 quibus
2315 5373 2552 5429 maxime
2585 5369 2911 5426 differentia:
2940 5366 3189 5423 cernitur
3214 5361 3433 5424 modus,
3470 5394 3473 5395 ν

1860 5470 2116 5527 homines
2135 5464 2484 5523 solummodo
2513 5463 2735 5535 proprie
2757 5478 2822 5518 ac
2841 5475 2971 5517 vere
2999 5451 3434 5531 repraesentavit,

780 5616 804 5643 ο
831 5605 965 5661 Luc.
990 5621 1178 5670 χχχιιι,
1215 5605 1306 5661 45.
1391 5604 1409 5644 ί
1449 5606 1683 5661 Baruch.
1719 5623 1798 5672 ιιι,
1833 5607 1923 5662 58.

1444 5749 1684 5805 'VAliIZE
1727 5747 2022 5803 LECTION
2032 5746 2137 5802 ES.

250 5838 294 5871 δ’
326 5836 714 5911 Apographum
745 5856 924 5897 meum
956 5841 1159 5912 prwbet
1192 5840 1329 5912 μετὰ
1368 5841 1543 5895 τοῦτο.
1620 5842 1665 5873 ⁸ο
1698 5839 2087 5913 Apographum
2125 5836 2290 5894 habet
2316 5836 2548 5898 ἑαυτοῖς.
