4026 6288
652 348 800 415 1311.

647 457 716 512 ad
755 456 838 512 sui
888 457 1060 514 instar
1098 459 1168 516 ab
1211 460 1362 515 omni
1410 473 1566 532 parte
1611 463 1871 536 ﬁguratos
1914 469 2229 538 salvamque

643 549 764 619 ejus
803 563 866 603 ac
910 565 1138 619 prorsus
1185 552 1455 607 sinceram
1507 553 1797 625 imaginem
1829 557 2099 624 ferentes,
2135 559 2225 614 cui

645 639 964 694 nullatenus
987 641 1096 715 ulla
1123 643 1384 699 interitus
1408 653 1538 700 nota
1566 645 1835 710 adhaeret,
1861 664 2096 720 cumque
2129 667 2228 705 no-

645 731 730 786 bis
755 741 1095 803 propterque
1124 752 1226 790 nos
1250 753 1467 792 omnem
1492 739 1866 796 conditionem
1893 757 1994 811 per
2018 744 2226 801 medias

643 834 833 894 partes
877 836 939 880 ut
985 829 1336 898 propriarum
1380 833 1618 902 partium
1667 836 2047 893 extremitates
2078 853 2227 894 com-

646 920 844 988 plexus
889 922 1098 977 circum
1129 939 1249 980 sese
1295 925 1752 984 indissolubiliter
1795 929 1940 986 inter
1978 948 2038 988 se
2070 931 2227 987 inne-

648 1018 804 1066 ctens
839 1013 1151 1081 paradisum
1175 1024 1230 1070 et
1261 1017 1446 1073 orbem
1478 1028 1769 1086 terrarum,
1801 1023 2002 1079 ctelum
2033 1041 2098 1082 ac
2120 1036 2231 1082 ter-

650 1117 788 1166 ram,
813 1105 1096 1161 sensibilia
1123 1115 1178 1162 et
1201 1106 1590 1180 intelligibilia,
1617 1119 1677 1166 ut
1700 1128 1901 1184 corpus
1922 1124 1979 1174 et
2002 1132 2228 1174 sensum

649 1201 706 1249 et
734 1196 970 1251 animam
1023 1207 1080 1252 et
1127 1208 1370 1256 mentem
1400 1218 1509 1258 non
1562 1203 1723 1259 aliter
1777 1221 1942 1276 quam
1984 1223 2088 1265 nos
2124 1210 2228 1282 ipsi

648 1283 879 1352 habens,
929 1287 1132 1358 quibus
1178 1298 1238 1345 ut
1281 1293 1534 1362 partibus
1578 1297 1957 1356 extremitates
2000 1300 2229 1371 singulis

645 1376 955 1448 quibusque
978 1393 1112 1436 suas
1153 1385 1486 1452 generaliter
1519 1397 1778 1458 cognatas
1806 1394 2229 1464 accommodans

648 1466 811 1521 modo
852 1484 1019 1540 supra
1065 1471 1306 1530 indicato
1342 1486 1538 1534 cuncta
1587 1479 1702 1535 Deo
1731 1484 2124 1542 convenienter
2170 1488 2226 1544 in

645 1558 1005 1629 semetipsum
1042 1565 1346 1637 recollegit,
1399 1584 1564 1624 unam
1613 1586 1734 1628 esse
1783 1590 2003 1632 omnem
2037 1587 2227 1634 osten-

647 1649 783 1704 dens
810 1653 1206 1722 conditionem,
1231 1661 1694 1730 quemadmodum
1721 1667 1889 1722 alium
1920 1669 2225 1741 hominem,

647 1746 884 1815 partium
917 1750 1254 1822 singularum
1292 1766 1484 1813 mutuo
1517 1760 1661 1814 inter
1693 1776 1752 1817 se
1783 1777 1928 1818 nexu
1971 1779 2228 1822 consum-

647 1845 869 1904 matam,
907 1856 972 1896 ac
1011 1843 1379 1904 subsistentia:
1413 1849 1728 1922 integritate
1775 1863 1940 1926 atque
1984 1857 2226 1928 plenitu-

647 1927 775 1983 dine
808 1929 860 1984 in
889 1947 945 1988 se
978 1933 1148 2004 ipsam
1181 1948 1497 2010 vergentem
1539 1951 1703 2014 atque
1731 1946 2108 2018 inclinantem,
2140 1967 2228 2006 se-

647 2018 888 2075 cundum
921 2038 1083 2078 unam
1121 2035 1284 2096 atque
1331 2029 1634 2100 simplicem
1672 2043 1837 2106 atque
1886 2038 2226 2098 indeﬁnitam

646 2118 703 2165 et
752 2109 1160 2171 indifferentem
1211 2118 1278 2174 de
1334 2125 1795 2184 non-exsistentia
1844 2131 2228 2200 productionis

644 2190 1053 2274 cogitationem,
1085 2227 1192 2280 qua
1225 2228 1386 2268 unam
1420 2208 1781 2290 eamdemque
1823 2232 2005 2292 potest
2049 2229 2228 2284 omnis

646 2295 892 2353 conditio
954 2302 1198 2371 recipere
1258 2307 1523 2363 rationem
1595 2311 1757 2380 plane
1816 2314 2224 2386 indistinctam,

645 2387 796 2457 quod
828 2407 845 2439 ι
870 2389 990 2444 Νοιι
1014 2391 1182 2448 fuisse
1215 2414 1232 2446 ι
1267 2396 1425 2466 prius
1454 2415 1617 2469 quam
1651 2421 1668 2453 ι
1700 2403 1833 2460 Esse
1867 2425 1885 2458 ι
1924 2407 2154 2466 habens.

718 2479 927 2535 Revera
961 2484 1162 2539 etenim
1210 2487 1315 2542 sibi
1358 2490 1591 2548 invicem
1628 2497 1928 2552 secundum
1962 2501 2227 2571 quidquid

645 2569 892 2635 omnino,
927 2572 1090 2627 etiam
1125 2575 1172 2628 si
1215 2591 1325 2632 non
1359 2579 1582 2650 ubique,
1611 2585 1932 2642 coincidunt
1964 2569 2226 2659 quaecun-

646 2670 754 2724 que
781 2669 904 2727 post
930 2660 1098 2716 Deum
1137 2675 1264 2720 sunt
1287 2669 1746 2743 exsistenliasque
1778 2691 1906 2733 suas
1938 2694 2039 2748 per
2064 2696 2228 2750 gene-

646 2748 916 2804 rationem
953 2766 982 2804 a
1013 2751 1125 2807 Deo
1167 2754 1391 2822 habent.
1422 2775 1546 2816 cum
1584 2779 1770 2819 rerum
1805 2783 1928 2837 qua:
1953 2771 2227 2828 exsistunt

643 2839 794 2894 nulla
827 2843 1072 2910 omnino,
1104 2861 1172 2901 ne
1205 2846 1271 2903 iis
1299 2850 1522 2919 quidem
1566 2857 1810 2927 exceptis
1839 2876 1962 2930 quae
2001 2864 2222 2933 plurimi

639 2930 975 2988 aestimandae
1003 2946 1154 3001 sunt,
1204 2954 1435 3011 qmeque
1469 2957 1755 3015 superant,
1789 2965 1821 3004 a
1864 2930 2106 3021 generali
2153 2957 2224 3012 ad

641 3038 914 3080 summum
943 3028 1174 3100 gradum
1203 3033 1298 3102 qui
1340 3033 1533 3091 habitu
1569 3051 1724 3096 caret
1768 3043 2036 3102 relatione
2064 3057 2224 3103 ualu-

1812 361 1873 420 S.
1914 362 2200 428 ΜΑΧΙΜΙ
2239 362 2748 439 CONFESSORIS

3720 383 3828 448 1312

2259 475 2306 530 Α
2334 485 2456 534 πος,
2488 471 2811 542 ἀνθρώπους
2860 472 3021 542 μόνον
3051 475 3257 548 κυρίως
3283 495 3346 532 τε
3382 478 3473 534 καὶ
3497 480 3689 554 άληθῶς
3721 489 3830 542 ἀτω-

2326 558 2506 625 δείξας
2548 563 2616 628 ⁵¹,
2653 565 2774 616 κατ’
2803 565 2970 619 αὐτὸν
3011 566 3080 619 δι’
3115 568 3236 622 ὅλου
3290 574 3726 642 μεμορφωμένους
3762 584 3835 634 καὶ

2326 650 2473 704 σώαν
2511 653 2675 707 αὐτοῦ
2721 655 2813 708 καὶ
2854 657 3136 722 παντελῶς
3181 660 3468 740 ἀκίϐδηλον
3503 665 3593 736 τὴν
3625 666 3776 740 (22‘
3793 672 3834 738 ο)

2325 743 2512 799 εἰκόνα
2539 744 2830 816 φέροντας,
2868 742 2936 821 ἧς
2969 749 3093 802 κατ’
3133 750 3324 804 οὐδένα
3361 753 3556 822 τρόπον
3585 756 3717 810 οὐδὲν
3753 761 3837 812 τῶν

2326 839 2533 912 φθορᾶς
2574 843 2972 914 γνωρισμάτων
3000 844 3258 912 ἅπτεται,
3290 846 3388 900 καὶ
3420 848 3514 901 σὺν
3542 849 3658 918 ἡμῖν
3681 852 3757 904 καὶ
3783 853 3835 907 δι’
3941 917 3943 924 γ

2325 935 2473 1005 ἡμᾶς
2508 933 2606 1006 τὴν
2641 935 2861 990 ἃπασαν
2889 936 3067 990 κτίσιν
3107 937 3197 991 διὰ
3225 937 3338 992 τῶν
3366 940 3543 1009 μέσων
3585 942 3651 1003 ὡς
3691 944 3835 1012 μερῶν

2329 1025 2475 1083 ἰδίων
2521 1027 2593 1082 τὰ
2635 1027 2782 1098 ἄκρα
2821 1028 3134 1100 περιλαϐὼν
3165 1031 3260 1084 καὶ
3304 1030 3436 1100 περί
3470 1031 3645 1085 ἑαυτὸν
3671 1033 3832 1098 ἀλύτοις

2325 1117 2575 1190 ἀλλήλοις
2603 1113 2930 1190 διασφίγξας
2959 1121 3292 1193 παράδεισον
3320 1124 3416 1176 καὶ
3437 1124 3742 1194 οἰκουμένην,
3762 1127 3835 1180 οὖ-

2327 1211 2492 1283 ρανὺν
2531 1212 2633 1278 καὶ,
2671 1213 2800 1282 γῆν,
2849 1213 3086 1288 αἰσθητὰ
3134 1215 3232 1269 καὶ
3271 1217 3463 1284 νοητὰ.
3512 1215 3584 1279 ὡς
3610 1215 3832 1286 adipem!

2331 1303 2587 1375 αἴσθησιν
2613 1306 2914 1377 καὶίψυχὴν
2947 1306 3069 1362 καθ’
3094 1309 3244 1377 ἡμᾶς
3273 1307 3416 1377 ἔχων
3437 1307 3530 1360 καὶ
3551 1307 3678 1370 νοῦν,
3694 1305 3757 1372 οἷς
3774 1311 3828 1372 ὡς

2330 1395 2524 1467 μέρεσι
2566 1397 2690 1452 καθ’
2719 1397 2953 1472 ἕκαστον
3000 1397 3062 1452 τὸ
3110 1399 3332 1468 ἑκάστῳ
3374 1398 3595 1452 καθόλου
3632 1399 3826 1468 συγγενὲς

2326 1488 2759 1560 οἰκειωσάμενος
2784 1489 2955 1561 ἄκρον
2997 1489 3141 1543 κατά
3174 1488 3266 1544 τὸν
3309 1490 3720 1562 προαποδοθέντα
3740 1491 3823 1558 τρό-

2327 1595 2430 1633 πον
2459 1578 2782 1651 θεοπρεπῶς
2814 1579 2882 1634 τά
2928 1581 3106 1635 πάντα
3147 1582 3229 1644 εἰς
3276 1581 3473 1634 ἑαυτὸν
3498 1581 3821 1649 άνεκεφαλαιὼ·

2328 1687 2481 1737 σατο,
2519 1672 2652 1742 μίαν
2691 1673 3044 1743 ὑπάρχουσαν
3084 1672 3186 1743 τὴν
3237 1673 3458 1727 ἅπασαν
3485 1671 3646 1726 κτίσιν
3677 1672 3822 1736 δείξας,

2330 1764 2584 1833 καθάπερ
2629 1763 2916 1836 ἄνθρωπον
2971 1764 3154 1828 ἄλλον,
3208 1766 3278 1835 τῇ
3324 1763 3436 1816 τῶν
3469 1762 3823 1834 μερῶν-ἑαυτῆς

2329 1853 2464 1924 πρὸς
2491 1853 2700 1921 ἄλληλα
2727 1853 2930 1924 συνόδῳ
2961 1853 3466 1925 συμπληρουμένην
3495 1852 3714 1924 καὶπρὸς
3734 1853 3822 1907 ἑαυ-

2329 1945 2425 2017 τὴν
2460 1945 2720 2002 νεύουσαν
2771 1949 2840 2018 τῇ
2890 1946 3104 2018 ὁλότητι
3154 1946 3258 2016 τῆς
3296 1945 3595 2017 ὑπάρξεως,
3622 1942 3824 2014 κατὰτὴν

2331 2039 2461 2109 μίαν
2501 2039 2598 2094 καὶ
2626 2037 2808 2109 ἁπλῆν
2831 2039 2926 2091 καὶ
2956 2037 3433 2107 άπροσδιόριστον,
3461 2036 3556 2106 τῆς
3593 2037 3649 2088 ἐκ
3668 2034 3740 2088 τοῦ
3769 2036 3822 2105 μὴ

2260 1831 2300 1884 Β

2327 2131 2479 2194 ὄντος
2534 2131 2876 2202 παραγωγῆς
2927 2131 3021 2186 καὶ
3055 2131 3351 2201 ἀδιάφορον
3404 2129 3619 2193 ἔννοιαν,
3660 2125 3754 2180 καθ’
3775 2127 3822 2196 ἢν

2327 2224 2423 2279 ἕνα
2452 2224 2661 2280 καὶτὸν
2693 2224 2856 2280 αὑτὸν
2883 2227 3035 2280 πᾶσα
3084 2226 3117 2296 ἡ
3159 2225 3341 2288 κτίσις
3369 2221 3687 2288 ἐπιδέξασθαι
3707 2221 3822 2274 δύνα-

2327 2333 2418 2371 ται
2448 2317 2608 2386 λόγον
2648 2315 2931 2380 παντελῶς
2975 2315 3311 2387 ἀδιάκριτον,
3361 2315 3423 2370 τὸ
3460 2333 3478 2366 ι
3511 2315 3614 2368 Οὐκ
3637 2308 3691 2383 ἦν
3715 2331 3729 2364 ι
3753 2308 3820 2364 τοῦ

2334 2428 2352 2460 ι
2386 2405 2526 2462 εἶναι
2570 2427 2588 2460 ι
2630 2408 3004 2479 πρεσὸύτερον
3049 2407 3266 2478 ἔχουσα.

2397 2501 2588 2554 Πάντα
2605 2499 2715 2570 γάρ
2743 2501 2887 2555 κατὰ
2908 2500 3007 2575 σὺν
3030 2499 3205 2571 ἀληθῆ
3235 2499 3398 2568 λόγον
3427 2497 3652 2570 ἀλλήλοις
3673 2512 3819 2564 συνεμ-

2327 2593 2520 2646 πίπτει
2573 2591 2699 2646 καθ’
2731 2591 2912 2646 ὁτιοῦν
2949 2592 3188 2656 πάντως,
3229 2594 3280 2647 εἰ
3326 2592 3425 2646 καὶ
3457 2591 3527 2662 μὴ
3575 2589 3748 2658 πάντη,
3771 2585 3818 2639 τὰ

2329 2684 2469 2753 μετὰ
2495 2683 2628 2739 Θεὸν
2656 2683 2787 2738 ὄντα
2812 2683 2905 2738 καὶ
2941 2684 3007 2737 ἐκ
3049 2683 3186 2740 Θεοῦ
3235 2684 3298 2738 τὸ
3343 2679 3481 2737 εἶναι
3523 2681 3604 2735 διὰ
3623 2679 3818 2749 γενέσεως

2325 2773 2538 2846 ἔχοντα,
2569 2775 2797 2847 μηδενὸς
2827 2773 3058 2829 καθόλου
3092 2775 3200 2830 τῶν
3229 2775 3426 2841 ὄντων,
3465 2773 3588 2845 μηδὲ
3614 2771 3702 2826 τῶν
3721 2770 3817 2838 ἄγαν

2323 2867 2520 2938 τιμίων
2575 2867 2673 2922 καὶ
2701 2881 2710 2928 ι
2738 2866 3197 2939 ὑπερϐεϐηκότων
3259 2868 3366 2939 τῆς
3435 2866 3563 2938 πρὸς
3619 2865 3671 2916 τδ
3719 2862 3818 2928 ἄγαν

2324 2959 2553 3030 ἄσχετον
2581 2960 2806 3030 γενικῆς
2842 2959 3103 3031 σχέσεως,
3127 2959 3450 3014 παντάπασι
3483 2953 3692 3026 φυσικῶς
3722 2951 3817 3005 ἀπο-

2322 3047 2638 3118 λελυμένου,
2674 3049 2814 3120 μήτε
2847 3049 2955 3122 μὴν
2982 3048 3078 3103 τοῦ
3112 3050 3171 3102 ὲν
3211 3051 3331 3113 τοῖς
3367 3047 3514 3102 οὖσιν
3549 3040 3818 3114 άτιμοηάτου

641 3115 831 3172 raliter
871 3118 1046 3176 libera
1081 3121 1180 3188 sit,
1229 3139 1332 3181 nec
1366 3142 1552 3184 rerum
1591 3133 1782 3203 utique
1829 3138 2217 3198 exsistentium

2322 3141 2420 3213 τῆς
2449 3115 2588 3213 πρὸς
2711 3115 3056 3213 άτιμιῶτατα
3084 3141 3227 3197 κατὰ
3261 3141 3430 3214 φύσιν
3458 3137 3656 3209 γενικῆς
3678 3147 3819 3188 παντε-

638 3222 710 3262 ne
737 3208 1001 3266 vilissima
1025 3214 1247 3284 quidem
1280 3218 1351 3273 ab
1377 3223 1616 3291 generali
1653 3232 1709 3279 et
1746 3235 1958 3284 naturae
1983 3245 2219 3288 consen-

640 3304 798 3352 tanea
829 3300 895 3354 ad
939 3317 1003 3357 ea
1031 3319 1152 3374 quae
1193 3306 1456 3365 vilissima
1483 3322 1614 3368 sunt
1649 3315 1918 3372 relatione
1948 3321 2219 3380 destitua-

638 3397 732 3444 tur
756 3393 980 3449 omnino
1007 3407 1101 3451 aut
1131 3414 1329 3471 expers
1358 3403 1472 3459 liat.
1501 3404 1857 3481 Quazcunque
1897 3414 2047 3469 enim
2089 3432 2218 3487 pro-

637 3483 777 3552 priis
809 3487 1163 3556 peculiariter
1196 3503 1324 3548 sunt
1366 3495 1780 3560 discriminibus
1831 3504 1976 3562 inter
2025 3524 2084 3565 se
2131 3511 2219 3565 di-

638 3577 860 3647 stincta,
888 3597 952 3636 ea
983 3588 1331 3654 generalibus
1373 3601 1540 3664 atque
1574 3598 1963 3656 communibus
1994 3618 2221 3673 genera-

637 3670 766 3726 liter
806 3675 1187 3738 identitatibus
1217 3695 1349 3742 sunt
1397 3687 1573 3755 unita,
1621 3689 1803 3762 adque
1853 3670 2122 3752 unitatem
2164 3707 2220 3752 et

637 3772 882 3822 mutuam
928 3769 1071 3826 inter
1116 3763 1290 3833 semet
1332 3777 1680 3838 identitatem
1709 3786 1954 3854 generali
1984 3790 2221 3858 quadam

636 3857 847 3914 ratione
876 3870 1087 3920 natura:
1128 3870 1573 3941 compelluntur;
1609 3875 1690 3930 sic
1721 3892 1922 3947 genera
1953 3883 2221 3937 essentia.

635 3946 764 4004 liter
792 3951 898 4007 sibi
929 3953 1166 4014 invicem
1195 3963 1349 4018 unita
1391 3964 1661 4021 unitatem
1688 3946 1896 4026 habent
1934 3978 1990 4025 et
2017 3972 2219 4027 identi-

636 4047 804 4099 tatem
852 4054 909 4100 et
953 4047 1420 4108 iudividuitatem.
1466 4056 1617 4110 Nihil
1664 4058 1814 4113 enim
1863 4075 2058 4115 eorum
2098 4079 2221 4132 quae

635 4135 968 4193 universalia
1001 4153 1131 4197 sunt
1173 4153 1230 4199 et
1263 4148 1792 4216 comprehendentia
1839 4161 1896 4208 et
1943 4157 2220 4224 generalia

635 4226 750 4280 ullo
794 4228 958 4284 simul
988 4246 1114 4286 cum
1135 4229 1224 4290 'eis
1257 4237 1421 4292 modo
1457 4239 1794 4299 discernitur
1817 4261 1941 4314 qute
1971 4249 2218 4316 particu-

635 4316 777 4372 iaria
811 4329 939 4375 sunt
977 4330 1034 4378 et
1068 4327 1464 4397 comprehensa
1509 4341 1566 4389 et
1593 4337 1874 4405 specialia.
1909 4339 2032 4394 Non
2070 4343 2218 4398 enim

631 4413 872 4481 amplius
896 4415 950 4470 id
975 4426 1155 4487 potest
1185 4423 1441 4491 generale
1472 4442 1594 4483 esse
1622 4429 1770 4498 quod
1787 4447 1865 4498 ea
1891 4448 2013 4500 qua:
2037 4449 2220 4491 secer-

637 4515 845 4561 nuntur
879 4511 1204 4569 naturaliter
1245 4531 1441 4588 cogere
1490 4532 1749 4592 nequeat,
1795 4525 1892 4580 scd
1937 4543 2042 4582 una
2087 4544 2213 4585 cum

633 4596 771 4666 "ipsis
800 4605 1128 4672 secernitur,
1153 4618 1208 4663 et
1250 4609 1317 4666 de
1357 4613 1735 4684 singularitate
1768 4634 1868 4674 sua
1905 4629 1962 4676 et
2004 4622 2213 4678 unitate

628 4690 882 4750 decedat.
916 4696 1088 4754 Omne
1123 4701 1271 4756 enim
1317 4707 1570 4774 generale
1603 4711 1910 4766 secundum
1943 4728 2096 4768 suam
2125 4731 2214 4770 ra-

633 4785 842 4840 ‘aionem
890 4795 1064 4844 totum
1117 4791 1528 4851 indivisibiliter
1557 4798 1612 4853 in
1643 4801 1772 4855 totis
1814 4802 1916 4857 sibi
1950 4804 2052 4873 ipsi
2081 4806 2213 4861 sub-

629 4875 790 4946 jectis
833 4878 1186 4950 singulariter
1218 4883 1386 4951 inest,
1434 4896 1490 4942 et
1537 4891 1687 4958 quod
1736 4893 1966 4964 singulis
1996 4897 2216 4965 privum

631 4975 724 5022 est
749 4977 923 5038 totum
953 4983 1230 5042 spectatur
1258 4980 1611 5048 generaliter.
1643 4982 1868 5052 Species
1914 4997 2096 5044 autem
2131 5007 2218 5048 se-

629 5060 875 5116 cundum
906 5080 1080 5134 genus
1112 5068 1321 5136 pariter
1364 5069 1693 5129 differentiae
1725 5075 1993 5134 varietate
2022 5082 2214 5139 soluta:

632 5158 882 5206 mutuam
921 5155 1146 5224 capiunt
1195 5157 1562 5216 identitatem.
1613 5163 1904 5222 lndividua
1950 5185 2082 5225 vero
2129 5187 2215 5228 se-

633 5241 877 5296 cundum
905 5247 1144 5314 Speciem
1178 5258 1426 5306 mutuam
1459 5268 1646 5310 secum
1680 5257 1818 5327 ipsis
1846 5263 2221 5333 congregatio-

635 5348 760 5386 nem
791 5335 1060 5404 capientia
1094 5357 1264 5397 unum
1297 5343 1552 5415 idemque
1583 5363 1709 5403 cum
1752 5350 1886 5421 ipsis
1919 5352 2067 5409 inter
2098 5370 2219 5412 sese

633 5424 842 5496 ubique
867 5437 1142 5498 constant,
1178 5442 1388 5492 naturae
1415 5440 1809 5499 communitate
1852 5445 2214 5503 immutabili-

2320 3231 2429 3297 λῶς
2495 3233 3012 3306 άπολιμπανομένου
3066 3235 3160 3288 καὶ
3227 3233 3578 3305 άμοιροῦντος
3626 3225 3817 3296 exim;-

2321 3325 2509 3380 Πάντα
2551 3327 2661 3400 γὰρ
2711 3326 2782 3380 τὰ
2816 3328 2936 3390 ταῖς
2969 3325 3198 3389 οἰκείαις
3247 3325 3397 3389 ἰδίως
3433 3322 3684 3392 διαφοραῖς
3709 3313 3819 3383 mi

2319 3417 2428 3472 λων
2458 3418 2897 3491 διακεκριμμένα
2940 3419 3059 3483 ταῖς
3091 3417 3324 3471 καθόλου
3372 3415 3469 3471 καὶ
3497 3414 3680 3514 rami;
3713 3422 3819 3514 γενιιέ

2323 3511 2435 3574 κῶς
2465 3511 2790 3582 ταὺτότησιν
2818 3511 3079 3582 ἧνωνται,
3113 3509 3211 3563 καὶ
3242 3509 3383 3580 πρὸς
3404 3509 3464 3563 τὸ
3497 3506 3550 3560 ἓν
3571 3503 3658 3601 κιιίΙ
3677 3495 3819 3601 rei?!“

2321 3603 2574 3675 ἀλλήλοις
2612 3601 2818 3673 γενικῷ
2870 3619 2979 3656 τινι
3031 3600 3179 3672 λόγῳ
3238 3593 3816 3694 φύσεως-συνωθοῦνταιῖ

2318 3686 2432 3746 οἷον
2456 3693 2526 3745 τά
2551 3692 2647 3763 μὲν
2666 3692 2802 3761 γένη
2834 3693 2978 3744 κατὰ
3008 3690 3108 3760 τὴν
3145 3689 3331 3744 οὐσίαν
3363 3687 3600 3782 ἀλλήλοις
3617 3684 3817 3782 Eva-ipf.”

2319 3782 2380 3836 ἐδ
2411 3782 2595 3854 (224
2623 3782 2673 3852 b)
2705 3782 2764 3836 ἒν
2800 3781 2914 3852 ἔχει
2951 3781 3046 3836 κει.)⁵
3070 3781 3266 3836 ταύτὸν
3296 3781 3394 3834 καὶ
3423 3777 3709 3846 ἀδιαίρετον.
3735 3771 3812 3868 Οξο

2319 3874 2408 3927 δὲν
2440 3875 2553 3946 γὰρ
2582 3873 2692 3928 τῶν
2717 3874 2946 3928 καθόλου
2996 3874 3090 3930 καὶ
3129 3872 3498 3945 περιεχόντων
3536 3867 3621 3922 καὶ
3646 3867 3816 3932 γενικῶν

2319 3967 2432 4029 τοῖς
2470 3966 2564 4020 ἐπὶ
2590 3965 2790 4036 μέρους
2824 3964 2920 4019 καὶ
2961 3966 3378 4036 περιεχομένοις
3409 3963 3499 4018 καὶ
3530 3958 3814 4052 ἰδικοῖςπαν·

2319 4054 2486 4119 τελῶς
2529 4055 2940 4127 συνδιαιρεῖται.
2975 4055 3048 4108 Οὐ
3079 4054 3189 4124 γὰρ
3219 4054 3300 4110 ἔτι
3326 4053 3537 4122 γενικὺν
3563 4045 3680 4144 εἶναι

2319 4165 2408 4201 ται
2452 4147 2515 4202 τὸ
2571 4147 2645 4219 μὴ
2688 4148 2923 4216 συνάγον
2966 4147 3036 4200 τά
3086 4146 3396 4240 διῃρημένα
3439 4139 3675 4240 φυσικῶς,
3708 4130 3815 4240 ξλξξ

2322 4237 2807 4315 συνδιαιρούμενον.
2851 4238 3056 4302 αὐτοῖς,
3097 4238 3190 4291 καλ⁵
3217 4237 3318 4306 τῆς
3348 4235 3549 4297 οἰκείας
3589 4235 3816 4315 paverint;

2320 4330 2573 4400 ἑνότητος
2627 4311 3001 4399 ἐξιστάμενον.
3047 4331 3163 4384 Πᾶν
3214 4328 3326 4420 γάρ
3372 4326 3579 4420 γενικδν
3615 4316 3728 4420 κατὰ

2319 4423 2518 4476 οἰκεῖον
2553 4420 2712 4489 λόγον
2763 4421 2884 4475 ὅλον
2934 4421 3078 4484 ὅλοις
3113 4419 3440 4490 άδιαιρέτως
3472 4419 3576 4478 τοῖς
3617 4409 3694 4511 ὑπ’
3724 4402 3815 4511 αξτδ

2249 4505 2291 4558 D
2321 4511 2518 4575 ἑνικῶς
2562 4512 2891 4581 ἐνυπάρχει,
2925 4512 3023 4566 καὶ
3063 4512 3124 4565 τὸ
3151 4513 3195 4543 ⁵⁸
3236 4511 3356 4564 καθ’
3385 4511 3600 4600 ἕκαστον
3635 4502 3729 4600 ὅλθξν

2322 4605 2610 4676 θεωρεῖται
2644 4604 2900 4671 γενικῶς.
2931 4604 3012 4656 Τὰ
3033 4603 3089 4656 δὲ
3120 4604 3233 4673 εἴδη
3265 4605 3408 4656 κατὰ
3438 4601 3496 4654 τὸ
3526 4597 3658 4667 γένος
3679 4592 3814 4690 dmi"

2318 4713 2425 4760 τως
2453 4695 2555 4766 τῆς
2594 4697 2653 4749 ὲν
2696 4699 2763 4768 τῇ
2810 4696 3045 4767 διαφορᾷ
3097 4695 3376 4758 ποικιλίας
3415 4687 3710 4748 άπολυθέντα
3744 4687 3814 4746 ῖῆν

2319 4788 2458 4861 πρὸς
2486 4788 2694 4861 ἄλληλα
2722 4789 3030 4858 ταύτότητα
3065 4789 3302 4859 δέχεται.
3330 4787 3414 4840 Τά
3451 4786 3611 4854 ἄτομα
3633 4777 3681 4829 δὲ
3710 4767 3813 4861 ante

2321 4860 2386 4935 τό
2423 4877 2562 4944 εἶδος
2721 4881 2857 4952 πρὸς
2891 4881 3094 4952 ἄλληλα
3126 4881 3390 4952 δεχόμενα
3417 4876 3662 4948 σύμϐασιν
3681 4867 3726 4921 ἓν
3746 4860 3812 4952 καὶ

2321 4973 2516 5026 ταύτὸν
2558 4951 2809 5043 ἀλλήλοις
2858 4951 3036 5043 πάντη
3081 4951 3411 5043 καθέστηκε,
3441 4951 3810 5063 τῇιὸμοονῖᾳητδ

2323 5063 2752 5134 ἀπαράλλακτον
2806 5063 3000 5134 ἔχοντα
3033 5064 3128 5118 καὶ
3169 5063 3429 5134 διαφορᾶς
3465 5060 3628 5126 πάσης
3650 5045 3810 5107 ἓλεὺθε·

2321 5173 2436 5228 ρον.
2459 5157 2540 5210 Τά
2566 5156 2623 5210 δὲ
2658 5155 3046 5227 συμϐεϐηκότα
3087 5154 3228 5209 κατὰ
3250 5156 3310 5208 τὸ
3333 5138 3807 5220 ὑποκείμενοψάλλίὶ·

2317 5227 2431 5312 λοις
2471 5247 2840 5318 συγκριθέντα
2879 5247 2942 5302 τὸ
2984 5248 3184 5301 ἐνιαῖον
3233 5245 3347 5317 ἔχει
3371 5284 3386 5311 ,
3426 5243 3501 5314 τῷ
3537 5227 3808 5333 ὑποκειμένης

2315 5337 2597 5402 παντελῶς
2637 5338 2714 5408 μὴ
2759 5337 3214 5408 σκεδαννύμενον.
3258 5337 3370 5390 Καὶ
3426 5333 3612 5406 μάρτυς
3652 5328 3805 5375 morm

2311 5429 2549 5502 ἀψευδὴς
2574 5431 2603 5485 ό
2621 5430 2832 5504 άληθὴς
2869 5429 3158 5504 θεήγορος,
3186 5431 3216 5486 ὁ
3262 5429 3433 5502 μέγας
3461 5424 3547 5480 καὶ
3569 5420 3696 5486 αγιος
3717 5412 3804 5461 -“°‘

1905 5603 2139 5660 VARUE
2181 5607 2588 5666 LEGTIONES.

714 5693 920 5783 ξιήιξοιι.
948 5698 1087 5755 Gud.
1120 5721 1150 5757 a
1177 5719 1249 5760 m.
1283 5708 1537 5783 pr.habet
1566 5715 1831 5783 ἀπέδειξε.
1927 5718 1974 5750 ⁸¹
2008 5719 2068 5775 In
2099 5721 2220 5776 cod,

637 5761 827 5822 πειρνί
856 5784 974 5822 voc.
1020 5761 1503 5849 πραγματέιωδῶς,
1535 5787 1678 5854 quod
1714 5761 1981 5858 gfosscma
2011 5791 2227 5848 videtur

2262 5722 2404 5780 Gud.
2446 5735 2622 5784 exstat
2668 5725 2962 5801 ἐνυπάρχει
2996 5719 3476 5797 πραγματειωδῶς,
3511 5702 3793 5771 numam

2251 5810 2391 5851 CSSC.
