4026 6288
204 301 349 370 1313

1461 302 1975 362 AMBIGUORUM
2018 304 2267 365 LIBER.

3340 312 3481 379 13H

200 420 393 481 ’λύσιος
422 417 449 470 ὁ
480 416 896 486 Ἀρεοπαγίτης,
929 415 988 469 ὲν
1018 420 1095 485 τῲ
1142 417 1270 487 περὶ
1306 415 1515 470 τελείου
1556 419 1649 469 καὶ
1679 417 1794 478 ἐνὸς

1902 427 2064 472 tatem
2097 419 2289 471 sortita
2332 426 2387 473 et
2415 420 2563 473 omni
2599 437 2626 474 a
2658 421 2974 480 diversitate
3019 427 3345 485 libertatem.
3380 430 3483 485 Ac-

200 507 495 577 κεφαλαίῳ
506 510 605 578 τῆς
619 506 755 576 Περὶ
772 508 947 561 θείων
959 507 1264 587 ὀνομάτων
1286 511 1668 580 πραγματείας
1689 511 1800 577 (ὖό)

199 600 412 652 οὑτωσὶ
441 600 690 667 φάσκων·
720 617 736 649 ι
767 598 899 652 Οὐδὲ
928 597 1034 671 γάρ
1064 600 1179 651 ἐστι
1210 598 1411 669 πλῆθος
1434 600 1696 670 ἀμέτοχόν
1726 618 1801 669 πη

198 687 301 741 τοῦ
328 689 471 753 ἐνὸς,
492 688 628 742 ἀλλὰ
674 687 734 742 τὸ
772 689 868 759 μὲν
891 686 1059 741 πολλὰ
1088 691 1199 753 τοῖς
1227 689 1449 759 μέρεσιν
1478 688 1536 742 ἒν
1570 689 1646 759 τῷ
1676 688 1801 759 ὅλῳ,

200 779 306 832 καὶ
355 779 419 832 τὺ
456 778 627 833 πολλὰ
661 781 773 843 τοῖς
807 776 1215 851 συμϐεϐηκόσιν
1242 781 1298 832 ἓν
1331 780 1405 851 τῷ
1432 782 1799 853 ὑποκειμένῳ,

199 872 307 925 καὶ
335 872 396 925 τὸ
428 872 596 925 πολλὰ
620 871 698 942 τῷ
716 872 932 944 ἀριθμῷ
952 873 984 945 ἢ
1004 875 1121 936 ταῖς
1137 872 1427 943 δυνάμεσιν
1446 870 1517 925 ἓν
1543 873 1619 943 τῷ
1648 874 1799 933 εῖδει.

198 964 301 1015 καὶ
330 964 394 1016 τὸ
420 963 586 1017 πολλὰ
608 966 718 1025 τοῖς
764 964 958 1017 εἴδεσιν
1007 962 1063 1015 ἓν
1120 963 1197 1034 τῷ
1229 964 1495 1032 γένει,καὶ
1544 965 1603 1018 τὸ
1634 964 1804 1018 πολλὰ

198 1055 332 1115 ταῖς
366 1052 607 1121 προόδοις
650 1053 707 1104 ἓν
734 1056 799 1122 τῇ
832 1055 995 1123 ἀρχῇ,
1020 1054 1115 1107 καὶ
1141 1054 1292 1107 οὐδέν
1325 1055 1443 1107 ἐστι
1474 1056 1580 1108 τῶν
1633 1056 1803 1109 ὄντων

197 1145 232 1197 ὃ
282 1144 364 1215 μὴ
407 1145 623 1215 μετέχει
668 1161 746 1215 πη
795 1144 890 1198 τοῦ
924 1146 1061 1208 ἑνός.
1102 1164 1120 1196 ι
1158 1146 1517 1221 Καὶπάπλῶς,
1550 1147 1638 1201 ἵνα
1670 1165 1799 1200 συν-

199 1235 350 1289 ελὼν
397 1236 557 1297 εἴπω,
616 1236 836 1289 πάντων
878 1235 990 1288 τῶν
1041 1224 1389 1307 διῃρημένων
1419 1236 1515 1290 καὶ
1561 1237 1804 1307 μερικῶν

199 1331 256 1382 οἱ
303 1328 456 1396 λόγοι
502 1330 614 1389 τοῖς
648 1328 756 1381 τῶν
783 1326 1013 1381 καθόλου
1070 1329 1161 1381 καλ⁸
1214 1329 1467 1397 γενικῶν,
1522 1327 1597 1392 ὥς
1646 1346 1800 1398 φασι,

201 1420 563 1491 περιέχονται
619 1420 818 1487 λόγοις,
847 1420 940 1472 καὶ
979 1421 1105 1484 τοὺς
1147 1419 1247 1491 μὲν
1287 1421 1395 1474 τῶν
1428 1423 1803 1493 γενικωτέρων

199 1514 303 1565 καὶ
330 1511 775 1581 καθολικωτέρων
796 1511 984 1580 λόγους
1001 1511 1104 1563 ὑπὸ
1123 1516 1221 1585 τῆς
1248 1515 1439 1584 σοφίας
1460 1514 1799 1585 συνέχεσθαι,

198 1605 336 1666 τοὺς
354 1603 413 1655 δὲ
436 1604 543 1657 τῶν
568 1604 810 1675 μερικῶν
841 1603 1025 1675 (225
1045 1604 1098 1675 a)
1124 1605 1383 1669 ποικίλως
1408 1609 1518 1669 τοῖς
1530 1605 1637 1659 τῶν
1665 1624 1803 1675 γενι-

202 1696 326 1749 κῶν
354 1696 743 1768 ὲνισχημένους
789 1696 894 1749 ὑπὸ
941 1698 1041 1767 τῆς
1085 1699 1402 1768 φρονήσεως
1427 1698 1799 1769 περιέχεσθαι,

203 1784 335 1840 καθ’
361 1787 425 1856 ἢν
450 1785 781 1857 ἀπλούμενοι
810 1786 1098 1858 πρότερον,
1133 1788 1226 1840 καὶ
1257 1788 1355 1860 τὴν
1378 1790 1435 1840 ἐν
1464 1791 1575 1853 τοῖς
1612 1789 1794 1860 πράγ-
1835 1774 1874 1827 Β

205 1894 351 1948 μασι
367 1880 478 1940 τοῖς
507 1878 885 1947 ὑποκειμένοις
908 1878 1236 1943 ἀπολύοντες
1258 1898 1319 1932 συ
1328 1879 1592 1951 μ6ολικὴν
1619 1897 1799 1933 ποικι-

198 1968 353 2033 λίαν,
380 1970 593 2041 ὑπὸτῆς
610 1970 802 2040 σοφίας
825 1970 1113 2038 ὲνίζονται,
1136 1972 1236 2044 τὴν
1259 1989 1283 2023 ε
1298 1972 1342 2036 ἰς
1365 1972 1671 2042 ταύτότητα
1689 1974 1801 2034 τοῖς

200 2062 594 2131 γενικωτέροις
624 2063 901 2133 συμφυΐαν
928 2063 1230 2135 δεξάμενοι.
1253 2064 1422 2134 Σοφία
1450 2064 1507 2118 δὲ
1538 2063 1632 2117 τοῦ
1662 2064 1798 2117 Θεοῦ

201 2156 303 2209 καὶ
338 2156 548 2227 [ἰατρὸς
576 2157 674 2210 καὶ
696 2158 958 2229 φρόνησίς
981 2161 1129 2213 ἐστιν
1154 2162 1181 2213 ό
1203 2160 1404 2231 Κύριος
1441 2160 1646 2233 Ἰησοῦς
1658 2162 1790 2232 Χρι-

204 2244 358 2309 στος,
392 2246 421 2296 ὁ
459 2246 552 2298 καὶ
586 2247 655 2300 τὰ
685 2248 919 2304 καθόλου
960 2250 1067 2303 τῶν
1097 2250 1269 2304 ὄντων
1323 2252 1569 2322 συνέχων
1596 2255 1665 2323 τῇ
1707 2252 1798 2305 δυ·-

200 2335 374 2404 νάμει
425 2336 524 2406 τῆς
585 2339 799 2409 σοφίας,
857 2340 951 2395 καὶ
998 2341 1067 2396 τὰ
1121 2344 1558 2415 συμπληρωτικὰ
1590 2346 1796 2399 τούτων

206 2426 357 2497 μέρη
387 2428 654 2500 περιέχων
683 2433 748 2503 τῇ
781 2435 1042 2504 φρονήσει
1063 2434 1161 2503 τῆς
1186 2437 1455 2499 συνέσεως
1484 2436 1557 2500 ὡς
1579 2436 1798 2490 πάντων

206 2518 377 2587 φύσει
430 2520 763 2593 δημιουργὸς
792 2524 887 2577 καὶ
928 2525 1254 2597 προνοητὴς,
1281 2528 1375 2580 καὶ
1409 2527 1489 2590 εἰς
1536 2526 1596 2579 ἓν
1648 2528 1796 2595 ἄγων

202 2608 279 2661 τὰ
301 2608 565 2666 διεστῶτα
591 2610 658 2665 δι’
686 2611 902 2679 ἑαυτοῦ,
922 2614 1125 2667 καὶτὸν
1156 2616 1213 2669 ὲν
1230 2618 1341 2678 τοῖς
1360 2610 1479 2669 οὖσι
1510 2615 1796 2668 καταλύων

208 2701 473 2772 πόλεμον,
504 2705 599 2757 καὶ
629 2705 765 2776 πρὸς
788 2708 1073 2778 εἰρηνικὴν
1129 2707 1312 2776 φιλίαν
1357 2708 1427 2761 τὰ
1478 2708 1660 2761 πάντα
1700 2708 1796 2760 καὶ

209 2792 523 2865 ἀδιαίρετον
554 2797 789 2852 συνδέων
820 2798 1091 2870 ὁμόνοιαν,
1112 2800 1181 2853 τὰ
1213 2801 1399 2864 ἐντοῖς
1430 2800 1677 2872 οὐρανοῖς
1702 2800 1795 2852 καὶ

207 2884 280 2985 τἁ
337 2886 432 2938 ἐπὶ
463 2888 563 2959 τῆς
606 2891 729 2961 γῆς,
759 2890 942 2956 καθώς
981 2910 1145 2963 φησιν
1186 2895 1213 2946 ό
1270 2894 1411 2958 θεῖος
1450 2894 1794 2957 Ἀπόστολος.

1906 509 2144 564 cidcntia
2197 526 2330 564 vero
2385 510 2689 565 secundum
2740 516 3045 585 subjectum
3091 520 3325 575 invicem
3377 520 3482 577 sibi

1905 609 2160 655 concreta
2192 600 2467 671 singulare
2498 602 2774 672 quoddam
2812 604 3016 661 habent
3044 609 3190 677 quod
3236 612 3487 683 subjecto

1905 692 2130 746 minime
2179 693 2497 763 dissipetur.
2553 694 2731 766 Atque
2782 698 2938 751 testis
2987 700 3185 756 borum
3238 705 3490 774 locuples

1904 799 2071 837 verax
2110 800 2173 838 ac
2200 784 2421 839 divinus
2443 795 2597 840 vates
2640 805 2868 858 magnus
2899 788 2989 844 ille
3017 800 3071 846 et
3099 803 3320 848 sanctus
3360 797 3487 849 Dio-

1904 876 2095 946 nysius
2127 876 2282 931 adest
2316 876 2662 949 Areopagita,
2710 880 2764 934 in
2802 882 2979 951 capite
3024 884 3091 937 de
3139 886 3388 953 perfecto
3430 897 3487 942 ct

1909 984 2017 1021 uno
2057 970 2241 1037 operis
2271 968 2347 1022 De
2372 971 2559 1023 divinis
2597 972 2889 1025 nominibus
2914 976 3208 1045 conscripti
3245 976 3323 1030 sic
3368 978 3484 1031 dis-

1904 1067 2145 1128 putans:
2184 1080 2201 1109 ί
2237 1060 2425 1130 Neque
2467 1063 2612 1115 enim
2649 1064 2946 1117 multitudo
2989 1067 3215 1120 unitatis
3261 1068 3484 1136 quidem

1903 1167 2103 1220 expers
2134 1160 2238 1215 est,
2272 1152 2380 1205 imo
2414 1154 2561 1222 quod
2594 1155 2761 1208 multa
2796 1165 2879 1210 est
2920 1156 3171 1225 partibus
3201 1174 3368 1210 unum
3400 1167 3486 1212 est

1905 1240 1961 1296 in
1996 1251 2131 1308 toto,
2163 1242 2421 1313 quodque
2452 1245 2621 1299 multa
2661 1252 2743 1299 est
2773 1245 3172 1311 accidentibus,
3200 1263 3371 1301 unum
3402 1257 3486 1303 est

1904 1332 1960 1386 in
1995 1333 2267 1404 subjecto,
2315 1335 2573 1405 quodque
2618 1337 2789 1391 multa
2832 1354 3064 1393 numero
3095 1338 3209 1393 sive
3248 1348 3487 1409 potesta-

1903 1421 2073 1488 tibus,
2102 1440 2270 1478 unum
2297 1432 2380 1479 est
2414 1424 2470 1478 in
2515 1425 2721 1494 specie,
2764 1424 3021 1496 quodque
3048 1425 3217 1478 multa
3245 1434 3328 1479 cst
3361 1442 3486 1496 spe-

1903 1513 2095 1568 ciebus
2128 1530 2296 1570 unum
2328 1522 2411 1568 est
2441 1515 2494 1567 in
2526 1531 2746 1586 genere,
2785 1516 3041 1586 quodque
3089 1506 3260 1569 multa
3290 1526 3373 1570 est
3406 1518 3487 1570 in-

1903 1607 2220 1671 crementis,
2255 1622 2423 1659 unum
2455 1615 2540 1661 est
2584 1607 2638 1661 in
2680 1607 2974 1679 principio,
3022 1608 3347 1678 nullumque
3392 1624 3488 1662 eo-

1905 1713 2025 1751 rum
2061 1713 2183 1767 qua:
2217 1697 2489 1752 exsistunt
2539 1715 2772 1768 usquam
2822 1708 2917 1753 aut
2967 1717 3209 1769 unquam
3263 1699 3487 1753 unitatis

1902 1796 1988 1844 est
2019 1805 2234 1859 expers.
2269 1809 2285 1840 ι
2320 1790 2498 1859 Atque
2535 1790 2884 1859 simpliciter,
2917 1800 2977 1846 ut
3010 1790 3254 1845 breviter
3280 1791 3483 1855 dicam,

1901 1882 2148 1934 omnium
2203 1881 2588 1936 distinctarum
2646 1890 2703 1935 et
2763 1882 3179 1953 particularium
3245 1882 3486 1935 rationes

1903 1974 2301 2028 universalium
2330 1982 2385 2027 et
2428 1974 2787 2045 generalium,
2824 1983 2883 2029 ut
2919 1974 3128 2038 dicunt,
3177 1972 3487 2027 rationibus

1901 2065 2487 2135 comprehenduntur,
2544 2066 2618 2119 ita
2671 2065 2894 2135 quidem
2950 2074 3011 2118 ut
3078 2064 3483 2135 generaliorum

1897 2158 2180 2229 magisque
2211 2157 2602 2212 universalium
2634 2157 2875 2211 rationes
2915 2173 2946 2212 a
2982 2155 3273 2225 sapientia,
3308 2154 3483 2224 parti—

1897 2250 2164 2304 cularium
2191 2259 2381 2304 contra
2412 2250 2721 2303 rationibus
2749 2249 3084 2318 generalium
3120 2247 3268 2302 varie
3308 2245 3483 2300 inhae-

1898 2340 2139 2417 rentium
2193 2341 2433 2395 rationes
2481 2357 2513 2395 a
2558 2341 2850 2411 prudentia
2904 2337 3482 2410 comprehendantur,

1900 2450 2009 2504 qua
2063 2432 2336 2502 explicitm
2400 2433 2553 2503 prius
2602 2432 3009 2504 symbolicaque
3066 2431 3121 2485 in
3172 2429 3486 2484 actionibus

1898 2526 2162 2596 subjectis
2194 2527 2459 2580 varietate
2492 2528 2670 2581 soluta
2702 2543 2733 2581 a
2777 2526 3045 2596 sapientia
3079 2526 3136 2579 in
3181 2538 3350 2578 unum
3386 2537 3481 2576 co-

1897 2625 2124 2687 guntur,
2160 2616 2216 2670 in
2251 2617 2594 2672 identitatem
2628 2633 2753 2672 cum
2800 2616 3240 2688 generalioribus
3283 2628 3484 2684 cogna—

1901 2707 2108 2762 tionem
2152 2707 2384 2777 adeptae.
2417 2708 2696 2777 Sapientia
2732 2718 2914 2761 autem
2948 2708 3041 2761 Dei
3094 2723 3157 2761 ac
3205 2704 3382 2760 Patris
3428 2710 3485 2757 et

1902 2799 2195 2869 prudentia
2237 2809 2323 2853 est
2367 2799 2630 2854 Dominus
2672 2801 2832 2855 Jesus
2879 2798 3156 2862 Christus,
3184 2796 3277 2867 qui
3318 2795 3483 2849 etiam

1902 2892 2238 2947 universalia
2284 2908 2477 2947 eorum
2523 2909 2661 2962 quas-
2704 2900 2833 2947 sunt
2879 2892 3162 2963 sapientiae
3213 2899 3484 2961 potestate

210 2982 480 3059 ίξοηιὶιιεει,
511 2994 567 3037 et
592 2983 948 3054 eompletivas
978 2983 1175 3040 horum
1203 2996 1389 3057 partes
1416 2985 1793 3057 intelligentia:
1828 2984 2120 3055 prudentia
2191 2985 2630 3055 comprehendit,
2666 2994 2727 3039 ut
2793 2994 3117 3041 cunctorum
3160 2983 3487 3039 naturaliter

212 3077 413 3133 artifex
451 3086 615 3147 atque
645 3079 918 3148 provisor,
946 3079 1111 3149 inque
1143 3096 1313 3134 unum
1372 3094 1710 3152 congregans
1769 3092 1869 3148 per
1904 3076 2263 3147 semetipsum
2288 3092 2353 3131 ea
2385 3092 2508 3147 quae
2549 3077 2776 3140 distant,
2809 3093 2874 3132 ae
2905 3077 3110 3131 bellum
3158 3076 3214 3131 in
3252 3075 3332 3130 eis
3364 3091 3485 3145 qua:

211 3172 487 3227 exsistunt
523 3171 843 3243 proﬂigans,
880 3182 935 3227 et
1002 3172 1070 3227 ad
1140 3172 1431 3243 paciﬁcum
1498 3188 1744 3227 amorem
1776 3170 2313 3241 inseparabilemque
2360 3170 2714 3226 concordiam
2746 3177 2945 3225 cuncta
2985 3177 3342 3234 connectens,
3374 3179 3483 3229 tam

213 3280 343 3336 qua:
384 3265 439 3320 in
486 3265 641 3321 caelis
688 3281 852 3336 quam
893 3281 1015 3336 qua:
1057 3265 1113 3321 in
1148 3250 1294 3321 terra
1332 3269 1379 3332 ⁸,
1410 3274 1472 3321 ut
1518 3265 1595 3322 ait
1628 3265 1850 3320 divinus
1887 3263 2204 3333 Apostolus.

452 3444 647 3511 ’Ἄλλη
673 3443 763 3510 είς
789 3444 855 3498 τὸ
885 3443 1031 3498 αὐτὸ
1056 3443 1285 3513 ἄπορον
1317 3443 1552 3513 θεωρία.

290 3552 761 3625 Καινοτομοῦνυαι
789 3555 952 3610 πάλιν
977 3556 1033 3609 αἱ
1061 3556 1279 3624 φύσεις,
1305 3557 1405 3626 τῆς
1440 3557 1537 3626 μὲν
1561 3554 1715 3621 θείας
1733 3558 1799 3611 δι’

212 3646 536 3718 ἀγαθότητα
563 3648 660 3699 καὶ
686 3646 1101 3719 φιλανθρωπίαν
1118 3648 1362 3720 ἄμετρον
1388 3648 1488 3717 τῆς
1507 3648 1632 3702 καθ’
1654 3651 1801 3721 ἡμᾶς

218 3736 362 3790 κατὰ
390 3737 608 3808 θέλησιν
634 3738 877 3792 ἑκούσιον
904 3740 1177 3810 σαρκικῆς
1202 3740 1499 3810 ὑπερφυῶς
1526 3742 1792 3814 ἀνεχομέο

217 3843 321 3897 νης
338 3828 386 3858 ⁸³
415 3832 745 3901 γεννήσεως,
767 3832 868 3899 τῆς
898 3832 1174 3902 ἡμετέρας
1195 3833 1251 3886 δὲ
1278 3833 1599 3903 παραδόξως
1628 3833 1799 3889 ἄσπο-

214 3934 315 3989 ρον
336 3916 414 3987 τῷ
441 3919 782 3991 σαρκωθέντι
803 3920 925 3991 Θεῷ
952 3920 1087 3991 ξένῳ
1107 3921 1262 3994 παρὰ
1291 3922 1391 3994 τὴν
1421 3923 1585 3993 φύσιν
1611 3923 1799 3995 θεσμῷ

215 4010 321 4078 τὴν
365 4012 601 4079 λογικῶς
640 4012 1006 4084 ὲψυχωμένην
1038 4013 1395 4086 γεωργοὺσης
1428 4016 1630 4086 σάρκα,
1660 4016 1801 4070 κατὰ

211 4103 401 4165 πάντα
426 4102 529 4173 τὴν
562 4102 729 4174 αὑτὴν
755 4104 887 4173 ἡμῖν
907 4100 1071 4158 οὖσαν
1094 4104 1189 4158 καὶ
1202 4105 1621 4178 ἀπαράλλακτον
1631 4106 1801 4176 χωρὶς

216 4193 521 4263 ἁμαρτίας,
549 4194 722 4249 καὶτὸ
740 4195 805 4265 δὴ
830 4196 1284 4267 παραδοξότερον,
1315 4198 1481 4269 μηδὲν
1506 4196 1601 4251 τοῦ
1624 4197 1797 4264 νόμου

216 4283 320 4353 τῆς
351 4283 653 4354 παρθενίας
673 4286 773 4357 τῆς
802 4286 1101 4358 γενομένης
1137 4288 1347 4359 μητρὸς
1375 4288 1463 4342 διὰ
1481 4291 1578 4359 τῆς
1604 4288 1800 4358 γεννή-

118 4444 119 4447 η
219 4391 362 4437 σεως
378 4374 439 4427 τὸ
474 4374 694 4431 σύνολον
716 4377 1064 4448 μειωθέντος.
1088 4379 1426 4448 Καινοτομία
1442 4381 1498 4432 δὲ
1517 4379 1719 4449 κυρίως
1737 4380 1799 4432 οὑ

216 4468 387 4537 μόνον
406 4471 466 4521 τὸ
488 4470 817 4541 γεννηθῆναι
850 4470 1117 4543 χρονικῶς
1142 4470 1283 4524 κατὰ
1309 4472 1489 4541 σάρκα
1525 4473 1615 4525 τὸν
1633 4472 1802 4543 ἀνάρ-

216 4577 333 4633 χως
358 4560 463 4631 ἤδη
476 4562 874 4633 γεγεννημένον
888 4561 1181 4632 ἀφράστως
1200 4563 1264 4614 ἐκ
1280 4561 1373 4614 τοῦ
1406 4559 1541 4614 Θεοῦ
1564 4561 1659 4615 καὶ
1687 4563 1770 4615 Πα
1785 4592 1797 4601 -

220 4649 352 4721 τρὸς
369 4651 502 4703 Θεὸν
531 4651 727 4719 Λόγον,
750 4651 887 4706 ἀλλὰ
911 4653 1007 4705 καὶ
1035 4652 1096 4705 τὸ
1132 4652 1313 4705 δοῦναι
1346 4653 1523 4723 σάρκα
1550 4652 1649 4720 τὴν
1666 4654 1802 4722 ἠμε-

217 4742 390 4811 τέραν
415 4740 579 4809 φύσιν
603 4741 731 4798 ἄνευ
754 4743 985 4812 σπορᾶς.
1004 4741 1173 4796 καὶτὸ
1190 4744 1362 4797 τεκεῖν
1390 4741 1657 4813 παρθένον
1674 4742 1798 4796 ἄνευ

219 4832 453 4904 φθορᾶς.
507 4832 727 4887 Τούτων
779 4834 886 4905 γὰρ
940 4834 1169 4887 ἕκαστον
1227 4833 1468 4903 φανερὰν
1524 4832 1646 4903 ἕχον
1700 4832 1798 4903 τὴν

217 4924 575 4995 καινοτομίαν
613 4926 704 4979 τὸν
735 4925 857 4979 καθ’
884 4925 943 4979 ὃν
988 4926 1212 4994 γέγονεν
1245 4923 1426 4995 (225
1460 4926 1512 4995 b)
1560 4926 1797 4998 ἄρῤητόν

219 5032 280 5068 τε
297 5016 392 5068 καὶ
417 5015 699 5084 ἄγνωστον
733 5017 890 5084 λόγον
917 5016 1199 5079 παντελῶς
1215 5016 1626 5086 ἀποκρύπτεται
1656 5015 1796 5069 κατὰ

221 5106 422 5160 ταύτὸν
451 5107 545 5159 καλ¹
589 5106 965 5170 ἀποδείκνυσι,
1006 5105 1068 5159 τὸ
1101 5106 1200 5176 μὲν
1228 5106 1306 5177 τῷ
1334 5106 1475 5177 ὑπὲρ
1512 5105 1674 5175 φύσιν
1702 5107 1797 5161 καὶ

221 5196 427 5265 γνῶσιν
456 5198 664 5268 τρόπῳ,
700 5198 761 5251 τὸ
797 5197 854 5250 δὲ
878 5196 1114 5269 τῷλόγῳ
1137 5198 1239 5267 τῆς
1266 5198 1525 5261 πίστεως,
1619 5196 1796 5252 πάντα

220 5290 291 5343 τὰ
337 5290 480 5360 ὑπὲρ
512 5290 673 5359 φύσιν
734 5289 832 5344 καὶ
896 5290 1097 5359 γνῶσιν
1152 5290 1472 5345 ἁλίσκεσθαι
1530 5289 1797 5358 πέφυκεν.

298 5402 326 5441 ε
357 5398 568 5456 Coloss.
606 5417 646 5468 ι,
678 5400 769 5456 ‘20.

2022 3444 2207 3499 Altera
2233 3444 2288 3498 in
2316 3442 2553 3497 eamdem
2587 3441 2927 3513 quwstionem
2965 3435 3359 3507 contemplatio.

1973 3555 2312 3610 lnnovantur
2344 3567 2536 3607 rursus
2564 3558 2800 3615 natura,
2833 3548 3039 3612 divina,
3072 3562 3198 3601 cum
3231 3545 3298 3600 de
3328 3544 3485 3599 boni-

1901 3654 2013 3701 tate
2061 3654 2117 3701 et
2171 3646 2439 3701 ebaritate
2489 3645 2756 3699 itnmcnsa
2807 3642 3026 3713 legibus
3079 3650 3289 3695 natura:
3337 3636 3486 3691 solu-

1903 3737 1972 3792 tis
2006 3746 2203 3808 sponte
2250 3753 2349 3807 per
2392 3751 2616 3793 carnem
2664 3736 2961 3790 humanam
3000 3730 3251 3803 generari
3288 3728 3483 3791 voluit.

1900 3838 2113 3896 nostra,
2149 3846 2275 3886 cum
2321 3829 2703 3885 admirandum
2752 3827 2807 3882 in
2850 3825 3075 3881 modum
3117 3838 3335 3881 carnem
3373 3836 3483 3875 non

1900 3931 2097 3987 satam,
2143 3938 2265 3991 qua:
2305 3936 2533 3992 prorsus
2574 3936 2700 3975 cum
2735 3927 2921 3974 nostra
2956 3916 3214 3973 convenit
3244 3929 3346 3968 nec
3375 3911 3483 3966 nisi

1901 4014 2008 4070 hoc
2053 4030 2165 4069 uno
2197 4013 2265 4069 ab
2302 4029 2366 4069 ea
2411 4012 2598 4068 ditl‘ert
2632 4012 2778 4082 quod
2809 4019 3097 4081 peccatum
3135 4022 3246 4061 non
3281 4004 3483 4075 capiat,

1901 4107 2247 4162 rationaliter
2284 4106 2582 4161 animatam
2630 4104 2812 4159 alieno
2849 4110 3048 4173 pneter
3082 4109 3335 4155 naturam
3363 4097 3482 4149 vin-

1901 4198 2027 4252 culo
2056 4198 2169 4252 Deo
2194 4195 2288 4265 qui
2312 4210 2442 4251 caro
2468 4194 2646 4250 factus
2674 4202 2759 4252 est
2780 4188 3060 4255 conciliet,
3086 4189 3342 4260 quodque
3371 4202 3486 4241 ma-

1901 4289 1987 4359 gis
2014 4288 2399 4345 admirandqu
2448 4297 2551 4352 est,
2602 4287 2678 4342 ita
2721 4284 3001 4347 conciliet,
3050 4290 3110 4336 ut
3153 4277 3487 4351 virginitatis

1901 4381 2023 4451 ejus
2050 4396 2171 4450 quae
2196 4389 2372 4435 mater
2398 4395 2498 4449 per
2520 4378 2933 4449 generationem
2968 4375 3106 4432 faeta
3153 4383 3238 4428 est
3278 4386 3487 4441 nequa-

1901 4484 2065 4539 quam
2095 4469 2417 4523 violaretur.
2455 4467 2738 4522 lnnovatio
2770 4475 2952 4520 autem
2987 4464 3210 4533 proprie
3247 4470 3331 4517 est
3374 4476 3485 4515 non

1903 4560 2083 4614 solum
2113 4559 2263 4628 quod
2298 4559 2345 4612 is
2375 4558 2471 4625 qui
2500 4558 2618 4611 sine
2641 4557 2915 4625 principio
2940 4554 3203 4609 inetiabili
3231 4552 3395 4607 modo
3417 4567 3485 4609 ex

1904 4650 2016 4704 Deo
2045 4664 2110 4705 ac
2137 4650 2298 4704 Patre
2332 4649 2477 4703 Deus
2504 4648 2700 4703 Sermo
2736 4647 2846 4716 jam
2877 4654 3173 4716 generatus
3194 4652 3314 4698 erat
3350 4652 3486 4697 tem-

1906 4743 2169 4813 poraliter
2199 4742 2253 4797 in
2298 4757 2463 4797 carne
2503 4749 2794 4813 generatus
2824 4747 2930 4801 est,
2974 4738 3066 4792 scd
3115 4737 3222 4790 hoc
3261 4751 3485 4805 quoque

1830 4813 1873 4867 θ
1904 4834 2052 4904 quod
2078 4842 2265 4888 nostra
2292 4843 2488 4889 natura
2516 4848 2738 4889 carnem
2767 4832 2885 4886 sine
2910 4830 3116 4885 semine
3148 4827 3401 4898 praebuit,
3427 4834 3484 4881 et

1904 4926 2051 4997 quod
2084 4928 2237 4998 virgo
2262 4927 2521 4981 inviolata
2545 4925 2781 4996 peperit.
2808 4924 3013 4978 Horum
3046 4921 3193 4976 enim
3224 4918 3483 4989 quodque

1904 5018 2247 5075 manifestam
2282 5020 2579 5089 prmferens
2611 5015 3017 5072 innovationem
3054 5029 3161 5083 qua
3205 5020 3367 5066 natus
3412 5010 3484 5065 sit

1904 5111 2176 5165 rationem
2207 5125 2462 5165 arcanam
2505 5118 2669 5179 atque
2710 5105 3040 5176 incognitam
3088 5103 3311 5158 omnino
3343 5102 3484 5157 celat

1905 5202 2114 5273 pariter
2148 5210 2312 5271 atque
2349 5201 2710 5261 demonstrat,
2743 5199 2976 5252 alterum
3028 5194 3189 5250 modo
3232 5202 3482 5249 naturam

1908 5304 2075 5363 atque
2107 5292 2472 5363 cognitionem
2497 5298 2814 5362 superante,
2840 5291 3073 5344 alterum
3112 5284 3239 5343 tidei
3272 5286 3485 5341 ratione

1498 5499 1729 5555 VARle
1772 5500 2175 5559 LECTIONES.

298 5586 347 5621 ⁸³
374 5589 435 5643 In
465 5591 777 5662 apographo
805 5600 983 5648 exstat
1015 5592 1358 5665 ἀνεχόμενος.

297 5704 414 5776 (35)
446 5705 667 5779 Dionys.
703 5710 905 5781 Areop.
946 5712 1021 5768 De
1066 5714 1229 5772 divin.
1282 5720 1505 5785 nomin.,
1561 5734 1679 5789 cap.
1708 5716 1847 5789 Πνηὲ
1881 5716 1935 5784 2,
1972 5733 2025 5788 p.
2054 5716 2183 5781 -551,
2226 5725 2356 5772 ιοηι.
2387 5713 2574 5784 l.0pp.
2608 5712 2696 5769 ed.
2731 5711 2868 5767 Ven.
