  <div class='ocr_page' id='page_1' title='image "/cluster/home/n/w/nwhite01/storage/ocr_20150623/91/hvd.32044019208024/672.png"; bbox 0 0 4026 6288; ppageno 0'>
   <div class='ocr_carea' id='block_1_1' title="bbox 136 247 387 353">
    <p class='ocr_par' dir='ltr' id='par_1_1' title="bbox 136 247 387 353">
     <span class='ocr_line' id='line_1_1' title="bbox 136 247 387 353; baseline -0.008 0"><span class='ocrx_word' id='word_1_1' title='bbox 136 247 149 253; x_wconf 74' lang='grc'><strong>’</strong></span> <span class='ocrx_word' id='word_1_2' title='bbox 247 284 387 353; x_wconf 77' lang='lat'><strong>1317</strong></span> 
     </span>
    </p>
   </div>
   <div class='ocr_carea' id='block_1_2' title="bbox 1480 268 2291 333">
    <p class='ocr_par' dir='ltr' id='par_1_2' title="bbox 1480 268 2291 333">
     <span class='ocr_line' id='line_1_2' title="bbox 1480 268 2291 333; baseline 0.004 -3"><span class='ocrx_word' id='word_1_3' title='bbox 1480 268 2001 332; x_wconf 86' lang='lat' dir='ltr'><strong>AMBIGUORUM</strong></span> <span class='ocrx_word' id='word_1_4' title='bbox 2037 269 2291 333; x_wconf 85' lang='lat' dir='ltr'><strong>LIBER.</strong></span> 
     </span>
    </p>
   </div>
   <div class='ocr_carea' id='block_1_3' title="bbox 3358 278 3497 347">
    <p class='ocr_par' dir='ltr' id='par_1_3' title="bbox 3358 278 3497 347">
     <span class='ocr_line' id='line_1_3' title="bbox 3358 278 3497 347; baseline 0.014 -2"><span class='ocrx_word' id='word_1_5' title='bbox 3358 278 3497 347; x_wconf 85' lang='lat'><strong>1318</strong></span> 
     </span>
    </p>
   </div>
   <div class='ocr_carea' id='block_1_4' title="bbox 239 382 1817 463">
    <p class='ocr_par' dir='ltr' id='par_1_4' title="bbox 239 384 1817 463">
     <span class='ocr_line' id='line_1_4' title="bbox 239 384 1817 463; baseline -0.011 -11"><span class='ocrx_word' id='word_1_6' title='bbox 239 399 465 463; x_wconf 71' lang='grc' dir='ltr'>τελείως</span> <span class='ocrx_word' id='word_1_7' title='bbox 488 396 609 459; x_wconf 78' lang='grc' dir='ltr'>νιος</span> <span class='ocrx_word' id='word_1_8' title='bbox 641 392 839 463; x_wconf 76' lang='grc' dir='ltr'>Ἀδὰμ,</span> <span class='ocrx_word' id='word_1_9' title='bbox 869 389 963 445; x_wconf 75' lang='grc' dir='ltr'>τὸν</span> <span class='ocrx_word' id='word_1_10' title='bbox 993 386 1211 461; x_wconf 85' lang='grc' dir='ltr'>πρῶτον</span> <span class='ocrx_word' id='word_1_11' title='bbox 1232 388 1344 449; x_wconf 82' lang='grc' dir='ltr'>τοῖς</span> <span class='ocrx_word' id='word_1_12' title='bbox 1376 384 1499 439; x_wconf 86' lang='grc' dir='ltr'>κατ’</span> <span class='ocrx_word' id='word_1_13' title='bbox 1524 387 1691 455; x_wconf 86' lang='grc' dir='ltr'>ἄμφω</span> <span class='ocrx_word' id='word_1_14' title='bbox 1723 386 1817 454; x_wconf 75' lang='grc' dir='ltr'><strong>μέ-</strong></span> 
     </span>
    </p>
   </div>
   <div class='ocr_carea' id='block_1_5' title="bbox 1919 382 3500 463">
    <p class='ocr_par' dir='ltr' id='par_1_5' title="bbox 1925 382 3500 463">
     <span class='ocr_line' id='line_1_5' title="bbox 1925 382 3500 463; baseline 0.01 -27"><span class='ocrx_word' id='word_1_15' title='bbox 1925 393 2118 453; x_wconf 88' lang='lat' dir='ltr'><strong>estque</strong></span> <span class='ocrx_word' id='word_1_16' title='bbox 2142 382 2388 453; x_wconf 75' lang='lat' dir='ltr'><strong>perfecte</strong></span> <span class='ocrx_word' id='word_1_17' title='bbox 2418 383 2596 441; x_wconf 88' lang='lat' dir='ltr'><strong>factus</strong></span> <span class='ocrx_word' id='word_1_18' title='bbox 2615 402 2791 444; x_wconf 88' lang='lat' dir='ltr'><strong>novus</strong></span> <span class='ocrx_word' id='word_1_19' title='bbox 2825 388 3019 456; x_wconf 78' lang='lat' dir='ltr'><strong>Adam,</strong></span> <span class='ocrx_word' id='word_1_20' title='bbox 3061 391 3302 463; x_wconf 90' lang='lat' dir='ltr'><strong>primum</strong></span> <span class='ocrx_word' id='word_1_21' title='bbox 3354 395 3500 452; x_wconf 77' lang='lat' dir='ltr'><strong>Ada-</strong></span> 
     </span>
    </p>
   </div>
   <div class='ocr_carea' id='block_1_6' title="bbox 245 477 1818 565">
    <p class='ocr_par' dir='ltr' id='par_1_6' title="bbox 245 477 1818 565">
     <span class='ocr_line' id='line_1_6' title="bbox 245 477 1818 565; baseline -0.011 -20"><span class='ocrx_word' id='word_1_22' title='bbox 245 506 399 565; x_wconf 85' lang='grc' dir='ltr'>ρεσιν</span> <span class='ocrx_word' id='word_1_23' title='bbox 437 488 612 557; x_wconf 73' lang='grc' dir='ltr'>’Λδάμ</span> <span class='ocrx_word' id='word_1_24' title='bbox 660 487 721 539; x_wconf 68' lang='grc' dir='ltr'>ιν</span> <span class='ocrx_word' id='word_1_25' title='bbox 774 481 956 553; x_wconf 74' lang='grc' dir='ltr'>ἑαυτῷ</span> <span class='ocrx_word' id='word_1_26' title='bbox 1006 479 1190 551; x_wconf 73' lang='grc' dir='ltr'>φέρων</span> <span class='ocrx_word' id='word_1_27' title='bbox 1221 477 1515 548; x_wconf 87' lang='grc' dir='ltr'>άμείωτον.</span> <span class='ocrx_word' id='word_1_28' title='bbox 1558 477 1671 547; x_wconf 82' lang='grc' dir='ltr'><strong>Τῆς</strong></span> <span class='ocrx_word' id='word_1_29' title='bbox 1707 477 1818 545; x_wconf 80' lang='grc' dir='ltr'><strong>γάρ</strong></span> 
     </span>
    </p>
   </div>
   <div class='ocr_carea' id='block_1_7' title="bbox 238 565 1819 652">
    <p class='ocr_par' dir='ltr' id='par_1_7' title="bbox 238 565 1819 652">
     <span class='ocr_line' id='line_1_7' title="bbox 238 565 1819 652; baseline -0.011 -17"><span class='ocrx_word' id='word_1_30' title='bbox 238 582 351 652; x_wconf 83' lang='grc' dir='ltr'>πρὸ</span> <span class='ocrx_word' id='word_1_31' title='bbox 401 579 504 649; x_wconf 80' lang='grc' dir='ltr'>τῆς</span> <span class='ocrx_word' id='word_1_32' title='bbox 557 574 932 648; x_wconf 87' lang='grc' dir='ltr'>παραϐάσεως</span> <span class='ocrx_word' id='word_1_33' title='bbox 980 570 1074 624; x_wconf 83' lang='grc' dir='ltr'>τοῦ</span> <span class='ocrx_word' id='word_1_34' title='bbox 1110 568 1283 639; x_wconf 78' lang='grc' dir='ltr'>’Δδάμ</span> <span class='ocrx_word' id='word_1_35' title='bbox 1336 567 1605 636; x_wconf 78' lang='grc' dir='ltr'>γενέσεως</span> <span class='ocrx_word' id='word_1_36' title='bbox 1665 565 1819 636; x_wconf 87' lang='grc' dir='ltr'>νόμῳ</span> 
     </span>
    </p>
   </div>
   <div class='ocr_carea' id='block_1_8' title="bbox 240 654 1819 738">
    <p class='ocr_par' dir='ltr' id='par_1_8' title="bbox 240 654 1819 738">
     <span class='ocr_line' id='line_1_8' title="bbox 240 654 1819 738; baseline -0.011 -13"><span class='ocrx_word' id='word_1_37' title='bbox 240 666 713 738; x_wconf 85' lang='grc' dir='ltr'>συγκαταϐάσεως</span> <span class='ocrx_word' id='word_1_38' title='bbox 758 661 1126 732; x_wconf 78' lang='grc' dir='ltr'><strong>ἀνασχόμενος</strong></span> <span class='ocrx_word' id='word_1_39' title='bbox 1177 657 1319 711; x_wconf 83' lang='grc' dir='ltr'>κατά</span> <span class='ocrx_word' id='word_1_40' title='bbox 1360 656 1460 728; x_wconf 82' lang='grc' dir='ltr'>τὴν</span> <span class='ocrx_word' id='word_1_41' title='bbox 1507 655 1706 709; x_wconf 83' lang='grc' dir='ltr'>πλάσιν</span> <span class='ocrx_word' id='word_1_42' title='bbox 1756 654 1819 708; x_wconf 86' lang='grc' dir='ltr'>τὸ</span> 
     </span>
    </p>
   </div>
   <div class='ocr_carea' id='block_1_9' title="bbox 238 744 1815 830">
    <p class='ocr_par' dir='ltr' id='par_1_9' title="bbox 238 744 1815 830">
     <span class='ocr_line' id='line_1_9' title="bbox 238 744 1815 830; baseline -0.01 -16"><span class='ocrx_word' id='word_1_43' title='bbox 238 759 632 830; x_wconf 76' lang='grc' dir='ltr'><strong>ἀναμάρτητον</strong></span> <span class='ocrx_word' id='word_1_44' title='bbox 665 752 925 823; x_wconf 76' lang='grc' dir='ltr'><strong>,φυσικῶς</strong></span> <span class='ocrx_word' id='word_1_45' title='bbox 955 749 1137 803; x_wconf 85' lang='grc' dir='ltr'>λαϐὼν</span> <span class='ocrx_word' id='word_1_46' title='bbox 1184 748 1270 801; x_wconf 81' lang='grc' dir='ltr'>διὰ</span> <span class='ocrx_word' id='word_1_47' title='bbox 1313 749 1411 817; x_wconf 79' lang='grc' dir='ltr'>τῆς</span> <span class='ocrx_word' id='word_1_48' title='bbox 1442 744 1815 817; x_wconf 81' lang='grc' dir='ltr'>ὲμπνεύσεως,</span> 
     </span>
    </p>
   </div>
   <div class='ocr_carea' id='block_1_10' title="bbox 237 835 1821 918">
    <p class='ocr_par' dir='ltr' id='par_1_10' title="bbox 237 835 1821 918">
     <span class='ocr_line' id='line_1_10' title="bbox 237 835 1821 918; baseline -0.009 -15"><span class='ocrx_word' id='word_1_49' title='bbox 237 849 303 903; x_wconf 86' lang='grc' dir='ltr'><strong>τδ</strong></span> <span class='ocrx_word' id='word_1_50' title='bbox 333 847 609 918; x_wconf 72' lang='grc' dir='ltr'><strong>ἄφθαρτον</strong></span> <span class='ocrx_word' id='word_1_51' title='bbox 638 844 699 897; x_wconf 82' lang='grc' dir='ltr'>οὐ</span> <span class='ocrx_word' id='word_1_52' title='bbox 736 840 1061 914; x_wconf 81' lang='grc' dir='ltr'>προσέλαϐε.</span> <span class='ocrx_word' id='word_1_53' title='bbox 1104 838 1302 910; x_wconf 72' lang='grc'><strong>(226</strong></span> <span class='ocrx_word' id='word_1_54' title='bbox 1337 838 1402 907; x_wconf 83' lang='lat' dir='ltr'><strong>b)</strong></span> <span class='ocrx_word' id='word_1_55' title='bbox 1433 837 1546 907; x_wconf 80' lang='grc' dir='ltr'><strong>Τῆς</strong></span> <span class='ocrx_word' id='word_1_56' title='bbox 1589 836 1647 890; x_wconf 81' lang='grc' dir='ltr'>δὲ</span> <span class='ocrx_word' id='word_1_57' title='bbox 1680 835 1821 905; x_wconf 84' lang='grc' dir='ltr'><strong>μετά</strong></span> 
     </span>
    </p>
   </div>
   <div class='ocr_carea' id='block_1_11' title="bbox 238 926 1821 1009">
    <p class='ocr_par' dir='ltr' id='par_1_11' title="bbox 238 926 1821 1009">
     <span class='ocr_line' id='line_1_11' title="bbox 238 926 1821 1009; baseline -0.008 -18"><span class='ocrx_word' id='word_1_58' title='bbox 238 938 343 1009; x_wconf 81' lang='grc' dir='ltr'>τὴν</span> <span class='ocrx_word' id='word_1_59' title='bbox 388 935 705 1007; x_wconf 85' lang='grc' dir='ltr'>παράϐασιν</span> <span class='ocrx_word' id='word_1_60' title='bbox 744 935 810 987; x_wconf 72' lang='grc' dir='ltr'>ἐκ</span> <span class='ocrx_word' id='word_1_61' title='bbox 865 931 1164 1001; x_wconf 81' lang='grc' dir='ltr'><strong>καταδίκης</strong></span> <span class='ocrx_word' id='word_1_62' title='bbox 1196 929 1504 999; x_wconf 83' lang='grc' dir='ltr'>γεννήσεως</span> <span class='ocrx_word' id='word_1_63' title='bbox 1548 926 1689 981; x_wconf 82' lang='grc' dir='ltr'>κατὰ</span> <span class='ocrx_word' id='word_1_64' title='bbox 1720 926 1821 994; x_wconf 79' lang='grc' dir='ltr'>τὴν</span> 
     </span>
    </p>
   </div>
   <div class='ocr_carea' id='block_1_12' title="bbox 240 1018 1821 1094">
    <p class='ocr_par' dir='ltr' id='par_1_12' title="bbox 240 1018 1821 1094">
     <span class='ocr_line' id='line_1_12' title="bbox 240 1018 1821 1094; baseline -0.008 -11"><span class='ocrx_word' id='word_1_65' title='bbox 240 1030 491 1083; x_wconf 79' lang='grc' dir='ltr'>ἑκούσιον</span> <span class='ocrx_word' id='word_1_66' title='bbox 538 1027 775 1081; x_wconf 80' lang='grc' dir='ltr'>κένωσιν</span> <span class='ocrx_word' id='word_1_67' title='bbox 818 1025 883 1078; x_wconf 81' lang='grc' dir='ltr'>τὸ</span> <span class='ocrx_word' id='word_1_68' title='bbox 930 1023 1171 1094; x_wconf 72' lang='grc' dir='ltr'>παθητὸν</span> <span class='ocrx_word' id='word_1_69' title='bbox 1208 1019 1458 1090; x_wconf 85' lang='grc' dir='ltr'>φυσικῶς</span> <span class='ocrx_word' id='word_1_70' title='bbox 1488 1019 1728 1089; x_wconf 77' lang='grc' dir='ltr'>εἰληφὼς</span> <span class='ocrx_word' id='word_1_71' title='bbox 1759 1018 1821 1072; x_wconf 75' lang='grc' dir='ltr'><strong>τὸ</strong></span> 
     </span>
    </p>
   </div>
   <div class='ocr_carea' id='block_1_13' title="bbox 242 1112 1819 1195">
    <p class='ocr_par' dir='ltr' id='par_1_13' title="bbox 242 1112 1819 1195">
     <span class='ocr_line' id='line_1_13' title="bbox 242 1112 1819 1195; baseline -0.008 -17"><span class='ocrx_word' id='word_1_72' title='bbox 242 1123 624 1195; x_wconf 78' lang='grc' dir='ltr'>ἁμαρτητικὸν</span> <span class='ocrx_word' id='word_1_73' title='bbox 653 1121 715 1174; x_wconf 77' lang='grc' dir='ltr'>οὐ</span> <span class='ocrx_word' id='word_1_74' title='bbox 749 1116 1214 1190; x_wconf 77' lang='grc' dir='ltr'>προσείληφε,καὶ</span> <span class='ocrx_word' id='word_1_75' title='bbox 1242 1115 1450 1183; x_wconf 86' lang='grc' dir='ltr'>γίνεται</span> <span class='ocrx_word' id='word_1_76' title='bbox 1479 1114 1598 1178; x_wconf 79' lang='grc' dir='ltr'>νέος</span> <span class='ocrx_word' id='word_1_77' title='bbox 1627 1112 1819 1183; x_wconf 82' lang='grc' dir='ltr'>’Δδάμ,</span> 
     </span>
    </p>
   </div>
   <div class='ocr_carea' id='block_1_14' title="bbox 236 1202 1821 1283">
    <p class='ocr_par' dir='ltr' id='par_1_14' title="bbox 236 1202 1821 1283">
     <span class='ocr_line' id='line_1_14' title="bbox 236 1202 1821 1283; baseline -0.008 -16"><span class='ocrx_word' id='word_1_78' title='bbox 236 1215 457 1283; x_wconf 80' lang='grc' dir='ltr'>γένεσιν</span> <span class='ocrx_word' id='word_1_79' title='bbox 487 1211 782 1281; x_wconf 85' lang='grc' dir='ltr'>λαμϐάνων</span> <span class='ocrx_word' id='word_1_80' title='bbox 814 1209 914 1280; x_wconf 79' lang='grc' dir='ltr'>τὴν</span> <span class='ocrx_word' id='word_1_81' title='bbox 961 1208 1131 1279; x_wconf 77' lang='grc' dir='ltr'>αὐτὴν</span> <span class='ocrx_word' id='word_1_82' title='bbox 1164 1205 1550 1276; x_wconf 80' lang='grc' dir='ltr'>ἀναμάρτητον</span> <span class='ocrx_word' id='word_1_83' title='bbox 1575 1202 1670 1257; x_wconf 79' lang='grc' dir='ltr'>καὶ</span> <span class='ocrx_word' id='word_1_84' title='bbox 1698 1218 1821 1271; x_wconf 80' lang='grc' dir='ltr'>γεν-</span> 
     </span>
    </p>
   </div>
   <div class='ocr_carea' id='block_1_15' title="bbox 238 1294 1821 1377">
    <p class='ocr_par' dir='ltr' id='par_1_15' title="bbox 238 1294 1821 1377">
     <span class='ocr_line' id='line_1_15' title="bbox 238 1294 1821 1377; baseline -0.007 -18"><span class='ocrx_word' id='word_1_85' title='bbox 238 1307 452 1377; x_wconf 89' lang='grc' dir='ltr'>νήσεως</span> <span class='ocrx_word' id='word_1_86' title='bbox 481 1307 580 1375; x_wconf 79' lang='grc' dir='ltr'>τῆς</span> <span class='ocrx_word' id='word_1_87' title='bbox 610 1304 781 1373; x_wconf 79' lang='grc' dir='ltr'>αὐτῆς</span> <span class='ocrx_word' id='word_1_88' title='bbox 809 1300 1062 1371; x_wconf 80' lang='grc' dir='ltr'>παθητῆς</span> <span class='ocrx_word' id='word_1_89' title='bbox 1097 1298 1444 1369; x_wconf 79' lang='grc' dir='ltr'>ἀνεχόμενος.</span> <span class='ocrx_word' id='word_1_90' title='bbox 1483 1298 1686 1366; x_wconf 80' lang='grc' dir='ltr'>’Δμφω</span> <span class='ocrx_word' id='word_1_91' title='bbox 1712 1294 1821 1366; x_wconf 84' lang='grc' dir='ltr'><strong>γάρ</strong></span> 
     </span>
    </p>
   </div>
   <div class='ocr_carea' id='block_1_16' title="bbox 247 1388 1819 1466">
    <p class='ocr_par' dir='ltr' id='par_1_16' title="bbox 247 1388 1819 1466">
     <span class='ocr_line' id='line_1_16' title="bbox 247 1388 1819 1466; baseline -0.006 -16"><span class='ocrx_word' id='word_1_92' title='bbox 247 1396 513 1466; x_wconf 78' lang='grc' dir='ltr'>ἀλλήλαις</span> <span class='ocrx_word' id='word_1_93' title='bbox 556 1394 777 1457; x_wconf 78' lang='grc' dir='ltr'>τελείως</span> <span class='ocrx_word' id='word_1_94' title='bbox 820 1393 950 1463; x_wconf 76' lang='grc' dir='ltr'>περὶ</span> <span class='ocrx_word' id='word_1_95' title='bbox 1009 1391 1205 1444; x_wconf 69' lang='grc' dir='ltr'>ἑαυτὸν</span> <span class='ocrx_word' id='word_1_96' title='bbox 1253 1389 1481 1455; x_wconf 72' lang='grc' dir='ltr'>ἐναλλάξ</span> <span class='ocrx_word' id='word_1_97' title='bbox 1528 1390 1643 1453; x_wconf 80' lang='grc' dir='ltr'>τοῖς</span> <span class='ocrx_word' id='word_1_98' title='bbox 1694 1388 1819 1443; x_wconf 83' lang='grc' dir='ltr'>κατ’</span> 
     </span>
    </p>
   </div>
   <div class='ocr_carea' id='block_1_17' title="bbox 240 1480 1819 1558">
    <p class='ocr_par' dir='ltr' id='par_1_17' title="bbox 240 1480 1819 1558">
     <span class='ocr_line' id='line_1_17' title="bbox 240 1480 1819 1558; baseline -0.004 -18"><span class='ocrx_word' id='word_1_99' title='bbox 240 1488 413 1557; x_wconf 75' lang='grc' dir='ltr'>ἄμφω</span> <span class='ocrx_word' id='word_1_100' title='bbox 466 1487 689 1558; x_wconf 86' lang='grc' dir='ltr'>μέρεσιν</span> <span class='ocrx_word' id='word_1_101' title='bbox 739 1483 1054 1555; x_wconf 69' lang='grc' dir='ltr'>συμπλέξας</span> <span class='ocrx_word' id='word_1_102' title='bbox 1107 1481 1277 1553; x_wconf 89' lang='grc' dir='ltr'>ἄμφω</span> <span class='ocrx_word' id='word_1_103' title='bbox 1323 1482 1395 1535; x_wconf 88' lang='grc' dir='ltr'><strong>δι’</strong></span> <span class='ocrx_word' id='word_1_104' title='bbox 1449 1480 1698 1551; x_wconf 80' lang='grc' dir='ltr'>ἀλλήλων</span> <span class='ocrx_word' id='word_1_105' title='bbox 1750 1481 1819 1552; x_wconf 74' lang='grc' dir='ltr'><strong>τῇ</strong></span> 
     </span>
    </p>
   </div>
   <div class='ocr_carea' id='block_1_18' title="bbox 241 1572 1818 1649">
    <p class='ocr_par' dir='ltr' id='par_1_18' title="bbox 241 1572 1818 1649">
     <span class='ocr_line' id='line_1_18' title="bbox 241 1572 1818 1649; baseline -0.003 -17"><span class='ocrx_word' id='word_1_106' title='bbox 241 1579 481 1647; x_wconf 72' lang='grc' dir='ltr'>ἐλλείψει</span> <span class='ocrx_word' id='word_1_107' title='bbox 513 1578 608 1632; x_wconf 81' lang='grc' dir='ltr'>τοῦ</span> <span class='ocrx_word' id='word_1_108' title='bbox 639 1578 768 1649; x_wconf 73' lang='grc' dir='ltr'>περὶ</span> <span class='ocrx_word' id='word_1_109' title='bbox 789 1575 1059 1645; x_wconf 81' lang='grc' dir='ltr'>ἑκατέραν</span> <span class='ocrx_word' id='word_1_110' title='bbox 1079 1574 1253 1645; x_wconf 83' lang='grc' dir='ltr'>ἄκρου</span> <span class='ocrx_word' id='word_1_111' title='bbox 1273 1572 1516 1637; x_wconf 83' lang='grc' dir='ltr'>δυνατῶς</span> <span class='ocrx_word' id='word_1_112' title='bbox 1541 1572 1818 1639; x_wconf 82' lang='grc' dir='ltr'>ὲξιάσατο,</span> 
     </span>
    </p>
   </div>
   <div class='ocr_carea' id='block_1_19' title="bbox 236 1664 1821 1743">
    <p class='ocr_par' dir='ltr' id='par_1_19' title="bbox 236 1664 1821 1743">
     <span class='ocr_line' id='line_1_19' title="bbox 236 1664 1821 1743; baseline -0.004 -20"><span class='ocrx_word' id='word_1_113' title='bbox 236 1672 342 1741; x_wconf 81' lang='grc' dir='ltr'>τῆς</span> <span class='ocrx_word' id='word_1_114' title='bbox 374 1670 473 1741; x_wconf 76' lang='grc' dir='ltr'>μὲν</span> <span class='ocrx_word' id='word_1_115' title='bbox 504 1670 728 1743; x_wconf 79' lang='grc' dir='ltr'>πρώτης</span> <span class='ocrx_word' id='word_1_116' title='bbox 754 1670 849 1724; x_wconf 69' lang='grc' dir='ltr'>καὶ</span> <span class='ocrx_word' id='word_1_117' title='bbox 873 1667 1061 1738; x_wconf 87' lang='grc' dir='ltr'>τιμίας</span> <span class='ocrx_word' id='word_1_118' title='bbox 1084 1664 1185 1737; x_wconf 76' lang='grc' dir='ltr'><strong>τήν</strong></span> <span class='ocrx_word' id='word_1_119' title='bbox 1211 1665 1472 1736; x_wconf 79' lang='grc' dir='ltr'>δευτέραν</span> <span class='ocrx_word' id='word_1_120' title='bbox 1501 1666 1598 1719; x_wconf 76' lang='grc' dir='ltr'>καὶ</span> <span class='ocrx_word' id='word_1_121' title='bbox 1624 1664 1821 1735; x_wconf 87' lang='grc' dir='ltr'>ἄτιμον</span> 
     </span>
    </p>
   </div>
   <div class='ocr_carea' id='block_1_20' title="bbox 236 1754 1818 1833">
    <p class='ocr_par' dir='ltr' id='par_1_20' title="bbox 236 1754 1818 1833">
     <span class='ocr_line' id='line_1_20' title="bbox 236 1754 1818 1833; baseline -0.004 -17"><span class='ocrx_word' id='word_1_122' title='bbox 236 1762 564 1833; x_wconf 80' lang='grc' dir='ltr'>ποιούμενος</span> <span class='ocrx_word' id='word_1_123' title='bbox 612 1760 887 1830; x_wconf 80' lang='grc' dir='ltr'>σωστικήν</span> <span class='ocrx_word' id='word_1_124' title='bbox 937 1775 999 1813; x_wconf 86' lang='grc' dir='ltr'><strong>τε</strong></span> <span class='ocrx_word' id='word_1_125' title='bbox 1051 1760 1146 1813; x_wconf 76' lang='grc' dir='ltr'>καὶ</span> <span class='ocrx_word' id='word_1_126' title='bbox 1194 1756 1589 1829; x_wconf 80' lang='grc' dir='ltr'>άνανεωτικήν,</span> <span class='ocrx_word' id='word_1_127' title='bbox 1632 1758 1735 1827; x_wconf 77' lang='grc' dir='ltr'>τῆς</span> <span class='ocrx_word' id='word_1_128' title='bbox 1759 1754 1818 1809; x_wconf 67' lang='grc' dir='ltr'>δὲ</span> 
     </span>
    </p>
   </div>
   <div class='ocr_carea' id='block_1_21' title="bbox 235 1849 1815 1926">
    <p class='ocr_par' dir='ltr' id='par_1_21' title="bbox 235 1849 1815 1926">
     <span class='ocr_line' id='line_1_21' title="bbox 235 1849 1815 1926; baseline -0.005 -18"><span class='ocrx_word' id='word_1_129' title='bbox 235 1853 500 1926; x_wconf 65' lang='grc' dir='ltr'>δευτέρας</span> <span class='ocrx_word' id='word_1_130' title='bbox 536 1852 635 1923; x_wconf 78' lang='grc' dir='ltr'><strong>τήν</strong></span> <span class='ocrx_word' id='word_1_131' title='bbox 663 1850 890 1922; x_wconf 84' lang='grc' dir='ltr'>πρώτην</span> <span class='ocrx_word' id='word_1_132' title='bbox 928 1849 1263 1919; x_wconf 86' lang='grc' dir='ltr'>συστατικήν</span> <span class='ocrx_word' id='word_1_133' title='bbox 1290 1865 1350 1902; x_wconf 91' lang='grc' dir='ltr'><strong>τε</strong></span> <span class='ocrx_word' id='word_1_134' title='bbox 1378 1849 1476 1902; x_wconf 78' lang='grc' dir='ltr'>καὶ</span> <span class='ocrx_word' id='word_1_135' title='bbox 1519 1864 1815 1920; x_wconf 81' lang='grc' dir='ltr'>περιποιη-</span> 
     </span>
    </p>
   </div>
   <div class='ocr_carea' id='block_1_22' title="bbox 234 1935 1814 2014">
    <p class='ocr_par' dir='ltr' id='par_1_22' title="bbox 234 1935 1814 2014">
     <span class='ocr_line' id='line_1_22' title="bbox 234 1935 1814 2014; baseline -0.006 -16"><span class='ocrx_word' id='word_1_136' title='bbox 234 1944 399 2014; x_wconf 78' lang='grc' dir='ltr'>τικήν</span> <span class='ocrx_word' id='word_1_137' title='bbox 421 1943 791 2012; x_wconf 81' lang='grc' dir='ltr'>καταστήσας.</span> <span class='ocrx_word' id='word_1_138' title='bbox 820 1936 1003 2011; x_wconf 80' lang='grc' dir='ltr'>’Δκρα</span> <span class='ocrx_word' id='word_1_139' title='bbox 1025 1937 1084 1992; x_wconf 78' lang='grc' dir='ltr'>δέ</span> <span class='ocrx_word' id='word_1_140' title='bbox 1109 1953 1254 2009; x_wconf 90' lang='grc' dir='ltr'>φημι</span> <span class='ocrx_word' id='word_1_141' title='bbox 1282 1936 1383 2007; x_wconf 82' lang='grc' dir='ltr'>τῆς</span> <span class='ocrx_word' id='word_1_142' title='bbox 1424 1936 1522 2008; x_wconf 73' lang='grc' dir='ltr'>μὲν</span> <span class='ocrx_word' id='word_1_143' title='bbox 1547 1935 1814 2006; x_wconf 74' lang='grc' dir='ltr'>γενέσεως</span> 
     </span>
    </p>
   </div>
   <div class='ocr_carea' id='block_1_23' title="bbox 234 2028 1817 2106">
    <p class='ocr_par' dir='ltr' id='par_1_23' title="bbox 234 2028 1817 2106">
     <span class='ocr_line' id='line_1_23' title="bbox 234 2028 1817 2106; baseline -0.004 -18"><span class='ocrx_word' id='word_1_144' title='bbox 234 2033 464 2106; x_wconf 84' lang='grc' dir='ltr'>πρώτης</span> <span class='ocrx_word' id='word_1_145' title='bbox 512 2032 607 2087; x_wconf 75' lang='grc' dir='ltr'>καὶ</span> <span class='ocrx_word' id='word_1_146' title='bbox 654 2030 842 2102; x_wconf 88' lang='grc' dir='ltr'>τιμίας</span> <span class='ocrx_word' id='word_1_147' title='bbox 891 2029 1247 2101; x_wconf 82' lang='grc' dir='ltr'>ὑπαρχούσης</span> <span class='ocrx_word' id='word_1_148' title='bbox 1288 2029 1355 2083; x_wconf 78' lang='grc' dir='ltr'>τὸ</span> <span class='ocrx_word' id='word_1_149' title='bbox 1390 2029 1687 2101; x_wconf 90' lang='grc' dir='ltr'>ἄφθαρτον,</span> <span class='ocrx_word' id='word_1_150' title='bbox 1738 2028 1817 2091; x_wconf 82' lang='grc' dir='ltr'><strong>ὡς</strong></span> 
     </span>
    </p>
   </div>
   <div class='ocr_carea' id='block_1_24' title="bbox 235 2122 1815 2199">
    <p class='ocr_par' dir='ltr' id='par_1_24' title="bbox 235 2122 1815 2199">
     <span class='ocr_line' id='line_1_24' title="bbox 235 2122 1815 2199; baseline -0.004 -19"><span class='ocrx_word' id='word_1_151' title='bbox 235 2125 661 2199; x_wconf 83' lang='grc' dir='ltr'>ἀναμαρτησίας</span> <span class='ocrx_word' id='word_1_152' title='bbox 692 2122 857 2194; x_wconf 79' lang='grc' dir='ltr'>ἀρχὴ.</span> <span class='ocrx_word' id='word_1_153' title='bbox 881 2122 982 2192; x_wconf 81' lang='grc' dir='ltr'>τῆς</span> <span class='ocrx_word' id='word_1_154' title='bbox 1015 2122 1071 2176; x_wconf 72' lang='grc' dir='ltr'>δὲ</span> <span class='ocrx_word' id='word_1_155' title='bbox 1108 2124 1412 2194; x_wconf 78' lang='grc' dir='ltr'>γεννήσεως</span> <span class='ocrx_word' id='word_1_156' title='bbox 1444 2122 1520 2185; x_wconf 85' lang='grc' dir='ltr'>ὡς</span> <span class='ocrx_word' id='word_1_157' title='bbox 1550 2122 1815 2193; x_wconf 72' lang='grc' dir='ltr'>δευτέρας</span> 
     </span>
    </p>
   </div>
   <div class='ocr_carea' id='block_1_25' title="bbox 232 2213 1815 2287">
    <p class='ocr_par' dir='ltr' id='par_1_25' title="bbox 232 2213 1815 2287">
     <span class='ocr_line' id='line_1_25' title="bbox 232 2213 1815 2287; baseline -0.003 -17"><span class='ocrx_word' id='word_1_158' title='bbox 232 2214 409 2287; x_wconf 77' lang='grc' dir='ltr'>οὗσης</span> <span class='ocrx_word' id='word_1_159' title='bbox 439 2216 531 2270; x_wconf 77' lang='grc' dir='ltr'>καὶ</span> <span class='ocrx_word' id='word_1_160' title='bbox 556 2215 753 2285; x_wconf 87' lang='grc' dir='ltr'>ἀτίμου</span> <span class='ocrx_word' id='word_1_161' title='bbox 776 2215 837 2267; x_wconf 82' lang='grc' dir='ltr'>τὸ</span> <span class='ocrx_word' id='word_1_162' title='bbox 859 2214 1257 2286; x_wconf 81' lang='grc' dir='ltr'>ἁμαρτητικὸν,</span> <span class='ocrx_word' id='word_1_163' title='bbox 1285 2213 1361 2277; x_wconf 84' lang='grc' dir='ltr'><strong>ὡς</strong></span> <span class='ocrx_word' id='word_1_164' title='bbox 1380 2213 1578 2277; x_wconf 81' lang='grc' dir='ltr'>παντὸς</span> <span class='ocrx_word' id='word_1_165' title='bbox 1608 2214 1815 2278; x_wconf 81' lang='grc' dir='ltr'>πάθους</span> 
     </span>
    </p>
   </div>
   <div class='ocr_carea' id='block_1_26' title="bbox 232 2304 1809 2377">
    <p class='ocr_par' dir='ltr' id='par_1_26' title="bbox 232 2304 1809 2377">
     <span class='ocr_line' id='line_1_26' title="bbox 232 2304 1809 2377; baseline -0.004 -14"><span class='ocrx_word' id='word_1_166' title='bbox 232 2306 414 2363; x_wconf 77' lang='grc' dir='ltr'>αἴτιον</span> <span class='ocrx_word' id='word_1_167' title='bbox 442 2306 539 2361; x_wconf 70' lang='grc' dir='ltr'>καὶ</span> <span class='ocrx_word' id='word_1_168' title='bbox 584 2306 810 2377; x_wconf 78' lang='grc' dir='ltr'>φθορᾶς.</span> <span class='ocrx_word' id='word_1_169' title='bbox 846 2306 1025 2377; x_wconf 79' lang='grc' dir='ltr'>’Δπερ</span> <span class='ocrx_word' id='word_1_170' title='bbox 1054 2306 1135 2370; x_wconf 85' lang='grc' dir='ltr'><strong>είς</strong></span> <span class='ocrx_word' id='word_1_171' title='bbox 1158 2305 1349 2359; x_wconf 77' lang='grc' dir='ltr'>ἑαυτὸν</span> <span class='ocrx_word' id='word_1_172' title='bbox 1385 2305 1528 2359; x_wconf 78' lang='grc' dir='ltr'><strong>κατά</strong></span> <span class='ocrx_word' id='word_1_173' title='bbox 1554 2304 1656 2376; x_wconf 84' lang='grc' dir='ltr'>τὴν</span> <span class='ocrx_word' id='word_1_174' title='bbox 1687 2304 1809 2374; x_wconf 85' lang='grc' dir='ltr'>σάρ-</span> 
     </span>
    </p>
   </div>
   <div class='ocr_carea' id='block_1_27' title="bbox 232 2393 1813 2466">
    <p class='ocr_par' dir='ltr' id='par_1_27' title="bbox 232 2393 1813 2466">
     <span class='ocr_line' id='line_1_27' title="bbox 232 2393 1813 2466; baseline -0.001 -17"><span class='ocrx_word' id='word_1_175' title='bbox 232 2413 408 2450; x_wconf 84' lang='grc' dir='ltr'>κωσιν</span> <span class='ocrx_word' id='word_1_176' title='bbox 434 2394 700 2465; x_wconf 89' lang='grc' dir='ltr'>μηδαμῶς</span> <span class='ocrx_word' id='word_1_177' title='bbox 727 2393 967 2464; x_wconf 86' lang='grc' dir='ltr'>είληφὼς</span> <span class='ocrx_word' id='word_1_178' title='bbox 990 2396 1018 2447; x_wconf 99' lang='lat'><strong>6</strong></span> <span class='ocrx_word' id='word_1_179' title='bbox 1034 2394 1223 2466; x_wconf 79' lang='grc' dir='ltr'>Σωτὴρ</span> <span class='ocrx_word' id='word_1_180' title='bbox 1252 2394 1345 2447; x_wconf 76' lang='grc' dir='ltr'>καὶ</span> <span class='ocrx_word' id='word_1_181' title='bbox 1371 2394 1439 2449; x_wconf 88' lang='grc' dir='ltr'><strong>τά</strong></span> <span class='ocrx_word' id='word_1_182' title='bbox 1460 2393 1527 2447; x_wconf 86' lang='grc' dir='ltr'><strong>δι’</strong></span> <span class='ocrx_word' id='word_1_183' title='bbox 1548 2393 1690 2446; x_wconf 83' lang='grc' dir='ltr'>αὐτά</span> <span class='ocrx_word' id='word_1_184' title='bbox 1709 2410 1813 2447; x_wconf 83' lang='grc' dir='ltr'>κα·</span> 
     </span>
    </p>
   </div>
   <div class='ocr_carea' id='block_1_28' title="bbox 231 2484 1815 2557">
    <p class='ocr_par' dir='ltr' id='par_1_28' title="bbox 231 2484 1815 2557">
     <span class='ocr_line' id='line_1_28' title="bbox 231 2484 1815 2557; baseline -0.002 -15"><span class='ocrx_word' id='word_1_185' title='bbox 231 2485 599 2556; x_wconf 80' lang='grc' dir='ltr'>ταδεξάμενος</span> <span class='ocrx_word' id='word_1_186' title='bbox 627 2484 728 2555; x_wconf 81' lang='grc' dir='ltr'>τῆς</span> <span class='ocrx_word' id='word_1_187' title='bbox 761 2485 864 2556; x_wconf 75' lang='grc' dir='ltr'>μὲν</span> <span class='ocrx_word' id='word_1_188' title='bbox 892 2484 1161 2553; x_wconf 78' lang='grc' dir='ltr'>γενέσεως</span> <span class='ocrx_word' id='word_1_189' title='bbox 1190 2486 1292 2556; x_wconf 83' lang='grc' dir='ltr'>τὴν</span> <span class='ocrx_word' id='word_1_190' title='bbox 1317 2486 1573 2557; x_wconf 82' lang='grc' dir='ltr'>γέννησιν</span> <span class='ocrx_word' id='word_1_191' title='bbox 1619 2502 1815 2539; x_wconf 86' lang='grc' dir='ltr'>σωστι-</span> 
     </span>
    </p>
   </div>
   <div class='ocr_carea' id='block_1_29' title="bbox 230 2575 1814 2649">
    <p class='ocr_par' dir='ltr' id='par_1_29' title="bbox 230 2575 1814 2649">
     <span class='ocr_line' id='line_1_29' title="bbox 230 2575 1814 2649; baseline -0.001 -19"><span class='ocrx_word' id='word_1_192' title='bbox 230 2577 345 2649; x_wconf 82' lang='grc' dir='ltr'>κὴν</span> <span class='ocrx_word' id='word_1_193' title='bbox 371 2576 686 2646; x_wconf 69' lang='grc' dir='ltr'>ἐποιήσατο,</span> <span class='ocrx_word' id='word_1_194' title='bbox 712 2576 789 2644; x_wconf 74' lang='grc' dir='ltr'>τῷ</span> <span class='ocrx_word' id='word_1_195' title='bbox 812 2576 935 2628; x_wconf 79' lang='grc' dir='ltr'>κατ’</span> <span class='ocrx_word' id='word_1_196' title='bbox 964 2576 1133 2647; x_wconf 76' lang='grc' dir='ltr'>αὐτὴν</span> <span class='ocrx_word' id='word_1_197' title='bbox 1161 2576 1326 2630; x_wconf 88' lang='grc' dir='ltr'>πάθει</span> <span class='ocrx_word' id='word_1_198' title='bbox 1366 2575 1688 2647; x_wconf 80' lang='grc' dir='ltr'>παραδόξως</span> <span class='ocrx_word' id='word_1_199' title='bbox 1714 2575 1814 2646; x_wconf 81' lang='grc' dir='ltr'><strong>τήν</strong></span> 
     </span>
    </p>
   </div>
   <div class='ocr_carea' id='block_1_30' title="bbox 236 2667 1813 2740">
    <p class='ocr_par' dir='ltr' id='par_1_30' title="bbox 236 2667 1813 2740">
     <span class='ocr_line' id='line_1_30' title="bbox 236 2667 1813 2740; baseline 0.001 -18"><span class='ocrx_word' id='word_1_200' title='bbox 236 2670 345 2739; x_wconf 80' lang='grc' dir='ltr'>τῆς</span> <span class='ocrx_word' id='word_1_201' title='bbox 390 2668 655 2737; x_wconf 86' lang='grc' dir='ltr'>γενέσεως</span> <span class='ocrx_word' id='word_1_202' title='bbox 706 2667 1017 2737; x_wconf 86' lang='grc' dir='ltr'>ἀφθαρσίαν</span> <span class='ocrx_word' id='word_1_203' title='bbox 1052 2668 1472 2739; x_wconf 74' lang='grc' dir='ltr'>ἀνανεούμενος,</span> <span class='ocrx_word' id='word_1_204' title='bbox 1528 2671 1629 2740; x_wconf 81' lang='grc' dir='ltr'>τῆς</span> <span class='ocrx_word' id='word_1_205' title='bbox 1674 2670 1719 2723; x_wconf 83' lang='grc' dir='ltr'>δ’</span> <span class='ocrx_word' id='word_1_206' title='bbox 1742 2668 1813 2723; x_wconf 79' lang='grc' dir='ltr'>αὖ</span> 
     </span>
    </p>
   </div>
   <div class='ocr_carea' id='block_1_31' title="bbox 239 2763 1814 2836">
    <p class='ocr_par' dir='ltr' id='par_1_31' title="bbox 239 2763 1814 2836">
     <span class='ocr_line' id='line_1_31' title="bbox 239 2763 1814 2836; baseline -0.002 -17"><span class='ocrx_word' id='word_1_207' title='bbox 239 2765 411 2819; x_wconf 85' lang='grc' dir='ltr'>πάλιν</span> <span class='ocrx_word' id='word_1_208' title='bbox 458 2764 761 2835; x_wconf 80' lang='grc' dir='ltr'>γεννήσεως</span> <span class='ocrx_word' id='word_1_209' title='bbox 818 2763 916 2833; x_wconf 77' lang='grc' dir='ltr'>τὴν</span> <span class='ocrx_word' id='word_1_210' title='bbox 964 2763 1178 2833; x_wconf 75' lang='grc' dir='ltr'>γένεσιν</span> <span class='ocrx_word' id='word_1_211' title='bbox 1219 2764 1639 2836; x_wconf 80' lang='grc' dir='ltr'>περιποιητικὴν</span> <span class='ocrx_word' id='word_1_212' title='bbox 1680 2781 1814 2818; x_wconf 84' lang='grc' dir='ltr'>κατ-</span> 
     </span>
    </p>
   </div>
   <div class='ocr_carea' id='block_1_32' title="bbox 236 2854 1817 2929">
    <p class='ocr_par' dir='ltr' id='par_1_32' title="bbox 236 2854 1817 2929">
     <span class='ocr_line' id='line_1_32' title="bbox 236 2854 1817 2929; baseline -0.005 -17"><span class='ocrx_word' id='word_1_213' title='bbox 236 2857 533 2929; x_wconf 75' lang='grc' dir='ltr'>εστήσατο,</span> <span class='ocrx_word' id='word_1_214' title='bbox 564 2858 630 2926; x_wconf 73' lang='grc' dir='ltr'>τῇ</span> <span class='ocrx_word' id='word_1_215' title='bbox 664 2854 784 2908; x_wconf 82' lang='grc' dir='ltr'>κατ’</span> <span class='ocrx_word' id='word_1_216' title='bbox 812 2854 985 2925; x_wconf 79' lang='grc' dir='ltr'>αὐτὴν</span> <span class='ocrx_word' id='word_1_217' title='bbox 1026 2855 1413 2926; x_wconf 74' lang='grc' dir='ltr'>άναμσρτησίᾳ</span> <span class='ocrx_word' id='word_1_218' title='bbox 1445 2856 1544 2926; x_wconf 81' lang='grc' dir='ltr'><strong>τήν</strong></span> <span class='ocrx_word' id='word_1_219' title='bbox 1569 2858 1669 2927; x_wconf 80' lang='grc' dir='ltr'>τῆς</span> <span class='ocrx_word' id='word_1_220' title='bbox 1693 2872 1817 2925; x_wconf 85' lang='grc' dir='ltr'>γεν-</span> 
     </span>
    </p>
   </div>
   <div class='ocr_carea' id='block_1_33' title="bbox 231 2944 1815 3022">
    <p class='ocr_par' dir='ltr' id='par_1_33' title="bbox 231 2944 1815 3022">
     <span class='ocr_line' id='line_1_33' title="bbox 231 2944 1815 3022; baseline -0.001 -19"><span class='ocrx_word' id='word_1_221' title='bbox 231 2951 448 3022; x_wconf 77' lang='grc' dir='ltr'>νήσεως</span> <span class='ocrx_word' id='word_1_222' title='bbox 486 2944 839 3015; x_wconf 71' lang='grc' dir='ltr'>καθατιάζων</span> <span class='ocrx_word' id='word_1_223' title='bbox 878 2946 1205 3016; x_wconf 81' lang='grc' dir='ltr'>ὲμπάθειαν,</span> <span class='ocrx_word' id='word_1_224' title='bbox 1235 2946 1323 3000; x_wconf 80' lang='grc' dir='ltr'>ῐνα</span> <span class='ocrx_word' id='word_1_225' title='bbox 1344 2946 1444 3018; x_wconf 76' lang='grc' dir='ltr'>τὴν</span> <span class='ocrx_word' id='word_1_226' title='bbox 1474 2948 1574 3017; x_wconf 79' lang='grc' dir='ltr'>μὲν</span> <span class='ocrx_word' id='word_1_227' title='bbox 1600 2948 1815 3017; x_wconf 86' lang='grc' dir='ltr'>γένεσιν</span> 
     </span>
    </p>
   </div>
   <div class='ocr_carea' id='block_1_34' title="bbox 1918 473 3499 550">
    <p class='ocr_par' dir='ltr' id='par_1_34' title="bbox 1918 473 3499 550">
     <span class='ocr_line' id='line_1_34' title="bbox 1918 473 3499 550; baseline 0.011 -25"><span class='ocrx_word' id='word_1_228' title='bbox 1918 488 2068 526; x_wconf 90' lang='lat' dir='ltr'><strong>mum</strong></span> <span class='ocrx_word' id='word_1_229' title='bbox 2103 473 2226 527; x_wconf 86' lang='lat' dir='ltr'><strong>istis</strong></span> <span class='ocrx_word' id='word_1_230' title='bbox 2246 474 2553 528; x_wconf 90' lang='lat' dir='ltr'><strong>secundum</strong></span> <span class='ocrx_word' id='word_1_231' title='bbox 2583 483 2883 547; x_wconf 91' lang='lat' dir='ltr'><strong>utrumque</strong></span> <span class='ocrx_word' id='word_1_232' title='bbox 2911 482 3163 550; x_wconf 87' lang='lat' dir='ltr'><strong>partibus</strong></span> <span class='ocrx_word' id='word_1_233' title='bbox 3206 485 3264 539; x_wconf 90' lang='lat' dir='ltr'><strong>in</strong></span> <span class='ocrx_word' id='word_1_234' title='bbox 3294 497 3499 541; x_wconf 86' lang='lat' dir='ltr'><strong>semet-</strong></span> 
     </span>
    </p>
   </div>
   <div class='ocr_carea' id='block_1_35' title="bbox 1918 562 3494 634">
    <p class='ocr_par' dir='ltr' id='par_1_35' title="bbox 1918 562 3494 634">
     <span class='ocr_line' id='line_1_35' title="bbox 1918 562 3494 634; baseline 0.013 -19"><span class='ocrx_word' id='word_1_235' title='bbox 1918 562 2040 632; x_wconf 89' lang='lat' dir='ltr'><strong>ipso</strong></span> <span class='ocrx_word' id='word_1_236' title='bbox 2069 563 2469 619; x_wconf 78' lang='lat' dir='ltr'><strong>circumferens</strong></span> <span class='ocrx_word' id='word_1_237' title='bbox 2500 565 2875 623; x_wconf 90' lang='lat' dir='ltr'><strong>imminutum.</strong></span> <span class='ocrx_word' id='word_1_238' title='bbox 2923 572 3306 633; x_wconf 85' lang='lat' dir='ltr'><strong>Factitationis</strong></span> <span class='ocrx_word' id='word_1_239' title='bbox 3339 581 3494 634; x_wconf 91' lang='lat' dir='ltr'><strong>enim</strong></span> 
     </span>
    </p>
   </div>
   <div class='ocr_carea' id='block_1_36' title="bbox 1916 654 3496 739">
    <p class='ocr_par' dir='ltr' id='par_1_36' title="bbox 1916 654 3496 739">
     <span class='ocr_line' id='line_1_36' title="bbox 1916 654 3496 739; baseline 0.012 -32"><span class='ocrx_word' id='word_1_240' title='bbox 1916 669 2041 722; x_wconf 62' lang='lat' dir='ltr'><strong>qua</strong></span> <span class='ocrx_word' id='word_1_241' title='bbox 2071 663 2201 709; x_wconf 91' lang='lat' dir='ltr'><strong>ante</strong></span> <span class='ocrx_word' id='word_1_242' title='bbox 2240 654 2435 710; x_wconf 83' lang='lat' dir='ltr'><strong>Adami</strong></span> <span class='ocrx_word' id='word_1_243' title='bbox 2486 656 2699 726; x_wconf 88' lang='lat' dir='ltr'><strong>lapsum</strong></span> <span class='ocrx_word' id='word_1_244' title='bbox 2728 660 2960 731; x_wconf 91' lang='lat' dir='ltr'><strong>contigit</strong></span> <span class='ocrx_word' id='word_1_245' title='bbox 2987 663 3103 735; x_wconf 91' lang='lat' dir='ltr'><strong>lege</strong></span> <span class='ocrx_word' id='word_1_246' title='bbox 3147 666 3496 739; x_wconf 81' lang='lat' dir='ltr'><strong>ﬁgurationis</strong></span> 
     </span>
    </p>
   </div>
   <div class='ocr_carea' id='block_1_37' title="bbox 1918 746 3498 822">
    <p class='ocr_par' dir='ltr' id='par_1_37' title="bbox 1918 746 3498 822">
     <span class='ocr_line' id='line_1_37' title="bbox 1918 746 3498 822; baseline 0.011 -24"><span class='ocrx_word' id='word_1_247' title='bbox 1918 746 2204 801; x_wconf 84' lang='lat' dir='ltr'><strong>sustinens</strong></span> <span class='ocrx_word' id='word_1_248' title='bbox 2231 746 2761 804; x_wconf 90' lang='lat' dir='ltr'><strong>condcscensionem</strong></span> <span class='ocrx_word' id='word_1_249' title='bbox 2821 750 2874 805; x_wconf 88' lang='lat' dir='ltr'><strong>id</strong></span> <span class='ocrx_word' id='word_1_250' title='bbox 2904 754 3128 822; x_wconf 87' lang='lat' dir='ltr'><strong>quidem</strong></span> <span class='ocrx_word' id='word_1_251' title='bbox 3164 762 3498 815; x_wconf 81' lang='lat' dir='ltr'><strong>naturaliter</strong></span> 
     </span>
    </p>
   </div>
   <div class='ocr_carea' id='block_1_38' title="bbox 1917 838 3493 920">
    <p class='ocr_par' dir='ltr' id='par_1_38' title="bbox 1917 838 3493 920">
     <span class='ocr_line' id='line_1_38' title="bbox 1917 838 3493 920; baseline 0.013 -32"><span class='ocrx_word' id='word_1_252' title='bbox 1917 851 2020 905; x_wconf 91' lang='lat' dir='ltr'><strong>per</strong></span> <span class='ocrx_word' id='word_1_253' title='bbox 2078 838 2510 895; x_wconf 80' lang='lat' dir='ltr'><strong>insuﬂlationem</strong></span> <span class='ocrx_word' id='word_1_254' title='bbox 2536 842 2751 913; x_wconf 88' lang='lat' dir='ltr'><strong>recepit</strong></span> <span class='ocrx_word' id='word_1_255' title='bbox 2788 853 2849 898; x_wconf 92' lang='lat' dir='ltr'><strong>ut</strong></span> <span class='ocrx_word' id='word_1_256' title='bbox 2877 845 2999 902; x_wconf 89' lang='lat' dir='ltr'><strong>sine</strong></span> <span class='ocrx_word' id='word_1_257' title='bbox 3048 859 3277 917; x_wconf 89' lang='lat' dir='ltr'><strong>peccato</strong></span> <span class='ocrx_word' id='word_1_258' title='bbox 3324 864 3493 920; x_wconf 86' lang='lat' dir='ltr'><strong>esset,</strong></span> 
     </span>
    </p>
   </div>
   <div class='ocr_carea' id='block_1_39' title="bbox 1920 928 3496 1005">
    <p class='ocr_par' dir='ltr' id='par_1_39' title="bbox 1920 928 3496 1005">
     <span class='ocr_line' id='line_1_39' title="bbox 1920 928 3496 1005; baseline 0.011 -24"><span class='ocrx_word' id='word_1_259' title='bbox 1920 928 2016 982; x_wconf 91' lang='lat' dir='ltr'><strong>sed</strong></span> <span class='ocrx_word' id='word_1_260' title='bbox 2056 928 2642 999; x_wconf 88' lang='lat' dir='ltr'><strong>incorruptibilitatem</strong></span> <span class='ocrx_word' id='word_1_261' title='bbox 2674 934 2822 989; x_wconf 85' lang='lat' dir='ltr'><strong>haud</strong></span> <span class='ocrx_word' id='word_1_262' title='bbox 2855 937 3083 1005; x_wconf 88' lang='lat' dir='ltr'><strong>pariter.</strong></span> <span class='ocrx_word' id='word_1_263' title='bbox 3111 939 3496 1001; x_wconf 86' lang='lat' dir='ltr'><strong>Generationis</strong></span> 
     </span>
    </p>
   </div>
   <div class='ocr_carea' id='block_1_40' title="bbox 1920 1013 3496 1092">
    <p class='ocr_par' dir='ltr' id='par_1_40' title="bbox 1920 1013 3496 1092">
     <span class='ocr_line' id='line_1_40' title="bbox 1920 1013 3496 1092; baseline 0.011 -19"><span class='ocrx_word' id='word_1_264' title='bbox 1920 1029 2241 1091; x_wconf 90' lang='lat' dir='ltr'><strong>autempost</strong></span> <span class='ocrx_word' id='word_1_265' title='bbox 2275 1022 2489 1092; x_wconf 89' lang='lat' dir='ltr'><strong>lapsum</strong></span> <span class='ocrx_word' id='word_1_266' title='bbox 2514 1024 2583 1080; x_wconf 92' lang='lat' dir='ltr'><strong>de</strong></span> <span class='ocrx_word' id='word_1_267' title='bbox 2608 1026 2962 1084; x_wconf 90' lang='lat' dir='ltr'><strong>damnatione</strong></span> <span class='ocrx_word' id='word_1_268' title='bbox 3000 1031 3267 1089; x_wconf 63' lang='lat' dir='ltr'><strong>instituta;</strong></span> <span class='ocrx_word' id='word_1_269' title='bbox 3295 1013 3496 1090; x_wconf 75' lang='lat' dir='ltr'><strong>volun-</strong></span> 
     </span>
    </p>
   </div>
   <div class='ocr_carea' id='block_1_41' title="bbox 1920 1111 3496 1184">
    <p class='ocr_par' dir='ltr' id='par_1_41' title="bbox 1920 1111 3496 1184">
     <span class='ocr_line' id='line_1_41' title="bbox 1920 1111 3496 1184; baseline 0.013 -21"><span class='ocrx_word' id='word_1_270' title='bbox 1920 1111 2060 1165; x_wconf 87' lang='lat' dir='ltr'><strong>taria</strong></span> <span class='ocrx_word' id='word_1_271' title='bbox 2086 1126 2185 1166; x_wconf 88' lang='lat' dir='ltr'><strong>sua</strong></span> <span class='ocrx_word' id='word_1_272' title='bbox 2210 1113 2589 1171; x_wconf 81' lang='lat' dir='ltr'><strong>exinanitione</strong></span> <span class='ocrx_word' id='word_1_273' title='bbox 2636 1118 2869 1175; x_wconf 72' lang='lat' dir='ltr'><strong>affectus</strong></span> <span class='ocrx_word' id='word_1_274' title='bbox 2902 1123 3231 1179; x_wconf 85' lang='lat' dir='ltr'><strong>naturaliter</strong></span> <span class='ocrx_word' id='word_1_275' title='bbox 3256 1141 3380 1181; x_wconf 90' lang='lat' dir='ltr'><strong>cum</strong></span> <span class='ocrx_word' id='word_1_276' title='bbox 3408 1145 3496 1184; x_wconf 86' lang='lat' dir='ltr'><strong>re-</strong></span> 
     </span>
    </p>
   </div>
   <div class='ocr_carea' id='block_1_42' title="bbox 1919 1202 3494 1289">
    <p class='ocr_par' dir='ltr' id='par_1_42' title="bbox 1919 1202 3494 1289">
     <span class='ocr_line' id='line_1_42' title="bbox 1919 1202 3494 1289; baseline 0.013 -35"><span class='ocrx_word' id='word_1_277' title='bbox 1919 1202 2180 1271; x_wconf 91' lang='lat' dir='ltr'><strong>cepisset,</strong></span> <span class='ocrx_word' id='word_1_278' title='bbox 2221 1207 2489 1274; x_wconf 88' lang='lat' dir='ltr'><strong>peccandi</strong></span> <span class='ocrx_word' id='word_1_279' title='bbox 2517 1208 2834 1265; x_wconf 80' lang='lat' dir='ltr'><strong>facultatem</strong></span> <span class='ocrx_word' id='word_1_280' title='bbox 2875 1227 2984 1266; x_wconf 88' lang='lat' dir='ltr'><strong>non</strong></span> <span class='ocrx_word' id='word_1_281' title='bbox 3042 1214 3207 1271; x_wconf 91' lang='lat' dir='ltr'><strong>simul</strong></span> <span class='ocrx_word' id='word_1_282' title='bbox 3264 1220 3494 1289; x_wconf 87' lang='lat' dir='ltr'><strong>recepit,</strong></span> 
     </span>
    </p>
   </div>
   <div class='ocr_carea' id='block_1_43' title="bbox 1919 1292 3495 1365">
    <p class='ocr_par' dir='ltr' id='par_1_43' title="bbox 1919 1292 3495 1365">
     <span class='ocr_line' id='line_1_43' title="bbox 1919 1292 3495 1365; baseline 0.012 -18"><span class='ocrx_word' id='word_1_283' title='bbox 1919 1300 1977 1348; x_wconf 92' lang='lat' dir='ltr'><strong>et</strong></span> <span class='ocrx_word' id='word_1_284' title='bbox 1999 1292 2060 1347; x_wconf 83' lang='lat' dir='ltr'><strong>ﬁt</strong></span> <span class='ocrx_word' id='word_1_285' title='bbox 2091 1310 2269 1351; x_wconf 91' lang='lat' dir='ltr'><strong>novus</strong></span> <span class='ocrx_word' id='word_1_286' title='bbox 2302 1296 2565 1365; x_wconf 85' lang='lat' dir='ltr'><strong>Adamus,</strong></span> <span class='ocrx_word' id='word_1_287' title='bbox 2601 1302 2851 1357; x_wconf 85' lang='lat' dir='ltr'><strong>eamdem</strong></span> <span class='ocrx_word' id='word_1_288' title='bbox 2898 1303 3158 1360; x_wconf 84' lang='lat' dir='ltr'><strong>videlicet</strong></span> <span class='ocrx_word' id='word_1_289' title='bbox 3196 1308 3495 1365; x_wconf 86' lang='lat' dir='ltr'><strong>factitatio-</strong></span> 
     </span>
    </p>
   </div>
   <div class='ocr_carea' id='block_1_44' title="bbox 1919 1380 3494 1471">
    <p class='ocr_par' dir='ltr' id='par_1_44' title="bbox 1919 1380 3494 1471">
     <span class='ocr_line' id='line_1_44' title="bbox 1919 1380 3494 1471; baseline 0.011 -30"><span class='ocrx_word' id='word_1_290' title='bbox 1919 1401 2047 1442; x_wconf 91' lang='lat' dir='ltr'><strong>nem</strong></span> <span class='ocrx_word' id='word_1_291' title='bbox 2074 1388 2305 1444; x_wconf 91' lang='lat' dir='ltr'><strong>sortitus</strong></span> <span class='ocrx_word' id='word_1_292' title='bbox 2352 1402 2579 1461; x_wconf 89' lang='lat' dir='ltr'><strong>peccato</strong></span> <span class='ocrx_word' id='word_1_293' title='bbox 2619 1380 2888 1461; x_wconf 77' lang='lat' dir='ltr'><strong>liberam,</strong></span> <span class='ocrx_word' id='word_1_294' title='bbox 2948 1397 3223 1468; x_wconf 89' lang='lat' dir='ltr'><strong>simulque</strong></span> <span class='ocrx_word' id='word_1_295' title='bbox 3259 1417 3494 1471; x_wconf 87' lang='lat' dir='ltr'><strong>genera-</strong></span> 
     </span>
    </p>
   </div>
   <div class='ocr_carea' id='block_1_45' title="bbox 1920 1478 3491 1556">
    <p class='ocr_par' dir='ltr' id='par_1_45' title="bbox 1920 1478 3491 1556">
     <span class='ocr_line' id='line_1_45' title="bbox 1920 1478 3491 1556; baseline 0.01 -23"><span class='ocrx_word' id='word_1_296' title='bbox 1920 1478 2131 1535; x_wconf 88' lang='lat' dir='ltr'><strong>tionem</strong></span> <span class='ocrx_word' id='word_1_297' title='bbox 2154 1482 2407 1537; x_wconf 89' lang='lat' dir='ltr'><strong>eamdcm</strong></span> <span class='ocrx_word' id='word_1_298' title='bbox 2432 1498 2557 1539; x_wconf 92' lang='lat' dir='ltr'><strong>cum</strong></span> <span class='ocrx_word' id='word_1_299' title='bbox 2593 1485 2690 1540; x_wconf 94' lang='lat' dir='ltr'><strong>illo</strong></span> <span class='ocrx_word' id='word_1_300' title='bbox 2719 1502 2915 1556; x_wconf 88' lang='lat' dir='ltr'><strong>passus</strong></span> <span class='ocrx_word' id='word_1_301' title='bbox 2934 1489 3154 1545; x_wconf 83' lang='lat' dir='ltr'><strong>all‘ectui</strong></span> <span class='ocrx_word' id='word_1_302' title='bbox 3174 1491 3491 1550; x_wconf 80' lang='lat' dir='ltr'><strong>obnoxiam.</strong></span> 
     </span>
    </p>
   </div>
   <div class='ocr_carea' id='block_1_46' title="bbox 1921 1569 3496 1654">
    <p class='ocr_par' dir='ltr' id='par_1_46' title="bbox 1921 1569 3496 1654">
     <span class='ocr_line' id='line_1_46' title="bbox 1921 1569 3496 1654; baseline 0.009 -28"><span class='ocrx_word' id='word_1_303' title='bbox 1921 1569 2225 1643; x_wconf 88' lang='lat' dir='ltr'><strong>Utramque</strong></span> <span class='ocrx_word' id='word_1_304' title='bbox 2258 1574 2467 1629; x_wconf 90' lang='lat' dir='ltr'><strong>etenim</strong></span> <span class='ocrx_word' id='word_1_305' title='bbox 2484 1575 2633 1631; x_wconf 90' lang='lat' dir='ltr'><strong>circa</strong></span> <span class='ocrx_word' id='word_1_306' title='bbox 2656 1586 2830 1633; x_wconf 87' lang='lat' dir='ltr'><strong>semet</strong></span> <span class='ocrx_word' id='word_1_307' title='bbox 2872 1588 3037 1650; x_wconf 90' lang='lat' dir='ltr'><strong>atque</strong></span> <span class='ocrx_word' id='word_1_308' title='bbox 3060 1582 3305 1638; x_wconf 82' lang='lat' dir='ltr'><strong>vicissim</strong></span> <span class='ocrx_word' id='word_1_309' title='bbox 3329 1585 3496 1654; x_wconf 87' lang='lat' dir='ltr'><strong>parti-</strong></span> 
     </span>
    </p>
   </div>
   <div class='ocr_carea' id='block_1_47' title="bbox 1922 1661 3495 1746">
    <p class='ocr_par' dir='ltr' id='par_1_47' title="bbox 1922 1661 3495 1746">
     <span class='ocr_line' id='line_1_47' title="bbox 1922 1661 3495 1746; baseline 0.009 -28"><span class='ocrx_word' id='word_1_310' title='bbox 1922 1661 2027 1719; x_wconf 90' lang='lat' dir='ltr'><strong>bus</strong></span> <span class='ocrx_word' id='word_1_311' title='bbox 2048 1665 2335 1737; x_wconf 90' lang='lat' dir='ltr'><strong>utriusque</strong></span> <span class='ocrx_word' id='word_1_312' title='bbox 2356 1666 2598 1738; x_wconf 76' lang='lat' dir='ltr'><strong>perfecte</strong></span> <span class='ocrx_word' id='word_1_313' title='bbox 2626 1680 2965 1726; x_wconf 87' lang='lat' dir='ltr'><strong>connectens</strong></span> <span class='ocrx_word' id='word_1_314' title='bbox 2992 1673 3263 1731; x_wconf 89' lang='lat' dir='ltr'><strong>ambabus</strong></span> <span class='ocrx_word' id='word_1_315' title='bbox 3285 1691 3386 1746; x_wconf 92' lang='lat' dir='ltr'><strong>per</strong></span> <span class='ocrx_word' id='word_1_316' title='bbox 3405 1691 3495 1732; x_wconf 88' lang='lat' dir='ltr'><strong>se-</strong></span> 
     </span>
    </p>
   </div>
   <div class='ocr_carea' id='block_1_48' title="bbox 1921 1754 3495 1829">
    <p class='ocr_par' dir='ltr' id='par_1_48' title="bbox 1921 1754 3495 1829">
     <span class='ocr_line' id='line_1_48' title="bbox 1921 1754 3495 1829; baseline 0.008 -19"><span class='ocrx_word' id='word_1_317' title='bbox 1921 1754 2073 1826; x_wconf 88' lang='lat' dir='ltr'><strong>ipsas</strong></span> <span class='ocrx_word' id='word_1_318' title='bbox 2106 1758 2396 1829; x_wconf 90' lang='lat' dir='ltr'><strong>utriusque</strong></span> <span class='ocrx_word' id='word_1_319' title='bbox 2457 1761 2825 1817; x_wconf 77' lang='lat' dir='ltr'><strong>extremitatis</strong></span> <span class='ocrx_word' id='word_1_320' title='bbox 2872 1763 3091 1819; x_wconf 90' lang='lat' dir='ltr'><strong>defectu</strong></span> <span class='ocrx_word' id='word_1_321' title='bbox 3138 1776 3387 1822; x_wconf 88' lang='lat' dir='ltr'><strong>mutuam</strong></span> <span class='ocrx_word' id='word_1_322' title='bbox 3436 1776 3495 1824; x_wconf 93' lang='lat' dir='ltr'><strong>et</strong></span> 
     </span>
    </p>
   </div>
   <div class='ocr_carea' id='block_1_49' title="bbox 1916 1846 3495 1919">
    <p class='ocr_par' dir='ltr' id='par_1_49' title="bbox 1916 1846 3495 1919">
     <span class='ocr_line' id='line_1_49' title="bbox 1916 1846 3495 1919; baseline 0.008 -17"><span class='ocrx_word' id='word_1_323' title='bbox 1916 1846 2272 1905; x_wconf 81' lang='lat' dir='ltr'><strong>fortissimam</strong></span> <span class='ocrx_word' id='word_1_324' title='bbox 2296 1851 2481 1906; x_wconf 87' lang='lat' dir='ltr'><strong>attulit</strong></span> <span class='ocrx_word' id='word_1_325' title='bbox 2509 1851 2804 1919; x_wconf 90' lang='lat' dir='ltr'><strong>medelam,</strong></span> <span class='ocrx_word' id='word_1_326' title='bbox 2844 1857 3011 1911; x_wconf 86' lang='lat' dir='ltr'><strong>unius</strong></span> <span class='ocrx_word' id='word_1_327' title='bbox 3054 1866 3110 1912; x_wconf 92' lang='lat' dir='ltr'><strong>et</strong></span> <span class='ocrx_word' id='word_1_328' title='bbox 3151 1858 3495 1915; x_wconf 78' lang='lat' dir='ltr'><strong>honerabilis</strong></span> 
     </span>
    </p>
   </div>
   <div class='ocr_carea' id='block_1_50' title="bbox 1915 1938 3493 2006">
    <p class='ocr_par' dir='ltr' id='par_1_50' title="bbox 1915 1938 3493 2006">
     <span class='ocr_line' id='line_1_50' title="bbox 1915 1938 3493 2006; baseline 0.008 -13"><span class='ocrx_word' id='word_1_329' title='bbox 1915 1938 2149 1994; x_wconf 88' lang='lat' dir='ltr'><strong>alteram</strong></span> <span class='ocrx_word' id='word_1_330' title='bbox 2185 1949 2241 1996; x_wconf 93' lang='lat' dir='ltr'><strong>et</strong></span> <span class='ocrx_word' id='word_1_331' title='bbox 2265 1941 2648 1999; x_wconf 87' lang='lat' dir='ltr'><strong>inhonoratam</strong></span> <span class='ocrx_word' id='word_1_332' title='bbox 2694 1944 2905 2002; x_wconf 82' lang='lat' dir='ltr'><strong>faciens</strong></span> <span class='ocrx_word' id='word_1_333' title='bbox 2941 1950 3406 2004; x_wconf 85' lang='lat' dir='ltr'><strong>conservatricem</strong></span> <span class='ocrx_word' id='word_1_334' title='bbox 3436 1960 3493 2006; x_wconf 91' lang='lat' dir='ltr'><strong>et</strong></span> 
     </span>
    </p>
   </div>
   <div class='ocr_carea' id='block_1_51' title="bbox 1916 2032 3490 2109">
    <p class='ocr_par' dir='ltr' id='par_1_51' title="bbox 1916 2032 3490 2109">
     <span class='ocr_line' id='line_1_51' title="bbox 1916 2032 3490 2109; baseline 0.009 -25"><span class='ocrx_word' id='word_1_335' title='bbox 1916 2032 2349 2098; x_wconf 87' lang='lat' dir='ltr'><strong>reuovatricem,</strong></span> <span class='ocrx_word' id='word_1_336' title='bbox 2379 2034 2753 2091; x_wconf 87' lang='lat' dir='ltr'><strong>alteriusvero</strong></span> <span class='ocrx_word' id='word_1_337' title='bbox 2774 2038 3016 2109; x_wconf 87' lang='lat' dir='ltr'><strong>priorem</strong></span> <span class='ocrx_word' id='word_1_338' title='bbox 3052 2042 3490 2097; x_wconf 87' lang='lat' dir='ltr'><strong>constitutricem</strong></span> 
     </span>
    </p>
   </div>
   <div class='ocr_carea' id='block_1_52' title="bbox 1914 2122 3493 2189">
    <p class='ocr_par' dir='ltr' id='par_1_52' title="bbox 1914 2122 3493 2189">
     <span class='ocr_line' id='line_1_52' title="bbox 1914 2122 3493 2189; baseline 0.006 -13"><span class='ocrx_word' id='word_1_339' title='bbox 1914 2130 1972 2176; x_wconf 92' lang='lat' dir='ltr'><strong>et</strong></span> <span class='ocrx_word' id='word_1_340' title='bbox 2019 2122 2295 2179; x_wconf 80' lang='lat' dir='ltr'><strong>vindicem</strong></span> <span class='ocrx_word' id='word_1_341' title='bbox 2346 2127 2643 2182; x_wconf 88' lang='lat' dir='ltr'><strong>collocans.</strong></span> <span class='ocrx_word' id='word_1_342' title='bbox 2692 2128 3082 2185; x_wconf 73' lang='lat' dir='ltr'><strong>Extremitates</strong></span> <span class='ocrx_word' id='word_1_343' title='bbox 3126 2142 3309 2187; x_wconf 89' lang='lat' dir='ltr'><strong>autem</strong></span> <span class='ocrx_word' id='word_1_344' title='bbox 3353 2150 3493 2189; x_wconf 87' lang='lat' dir='ltr'><strong>voco</strong></span> 
     </span>
    </p>
   </div>
   <div class='ocr_carea' id='block_1_53' title="bbox 1914 2213 3492 2294">
    <p class='ocr_par' dir='ltr' id='par_1_53' title="bbox 1914 2213 3492 2294">
     <span class='ocr_line' id='line_1_53' title="bbox 1914 2213 3492 2294; baseline 0.008 -27"><span class='ocrx_word' id='word_1_345' title='bbox 1914 2213 2108 2283; x_wconf 63' lang='lat' dir='ltr'><strong>prima:</strong></span> <span class='ocrx_word' id='word_1_346' title='bbox 2140 2216 2477 2273; x_wconf 89' lang='lat' dir='ltr'><strong>conditionis</strong></span> <span class='ocrx_word' id='word_1_347' title='bbox 2505 2228 2562 2273; x_wconf 91' lang='lat' dir='ltr'><strong>et</strong></span> <span class='ocrx_word' id='word_1_348' title='bbox 2586 2219 2931 2276; x_wconf 84' lang='lat' dir='ltr'><strong>honorabilis</strong></span> <span class='ocrx_word' id='word_1_349' title='bbox 2993 2222 3492 2294; x_wconf 84' lang='lat' dir='ltr'><strong>incorruptibilita-</strong></span> 
     </span>
    </p>
   </div>
   <div class='ocr_carea' id='block_1_54' title="bbox 1916 2308 3491 2387">
    <p class='ocr_par' dir='ltr' id='par_1_54' title="bbox 1916 2308 3491 2387">
     <span class='ocr_line' id='line_1_54' title="bbox 1916 2308 3491 2387; baseline 0.008 -27"><span class='ocrx_word' id='word_1_350' title='bbox 1916 2314 2051 2372; x_wconf 90' lang='lat' dir='ltr'><strong>tem,</strong></span> <span class='ocrx_word' id='word_1_351' title='bbox 2081 2315 2143 2361; x_wconf 96' lang='lat' dir='ltr'><strong>ut</strong></span> <span class='ocrx_word' id='word_1_352' title='bbox 2167 2324 2290 2379; x_wconf 69' lang='lat' dir='ltr'><strong>qua:</strong></span> <span class='ocrx_word' id='word_1_353' title='bbox 2336 2308 2715 2378; x_wconf 69' lang='lat' dir='ltr'><strong>impeccantia:</strong></span> <span class='ocrx_word' id='word_1_354' title='bbox 2748 2312 3081 2384; x_wconf 90' lang='lat' dir='ltr'><strong>principium</strong></span> <span class='ocrx_word' id='word_1_355' title='bbox 3119 2324 3225 2381; x_wconf 89' lang='lat' dir='ltr'><strong>est,</strong></span> <span class='ocrx_word' id='word_1_356' title='bbox 3258 2332 3491 2387; x_wconf 84' lang='lat' dir='ltr'><strong>genera-</strong></span> 
     </span>
    </p>
   </div>
   <div class='ocr_carea' id='block_1_55' title="bbox 1913 2399 3491 2485">
    <p class='ocr_par' dir='ltr' id='par_1_55' title="bbox 1913 2399 3491 2485">
     <span class='ocr_line' id='line_1_55' title="bbox 1913 2399 3491 2485; baseline 0.007 -32"><span class='ocrx_word' id='word_1_357' title='bbox 1913 2399 2085 2455; x_wconf 90' lang='lat' dir='ltr'><strong>tionis</strong></span> <span class='ocrx_word' id='word_1_358' title='bbox 2106 2416 2261 2465; x_wconf 88' lang='lat' dir='ltr'><strong>vero,</strong></span> <span class='ocrx_word' id='word_1_359' title='bbox 2311 2408 2375 2456; x_wconf 91' lang='lat' dir='ltr'><strong>ut</strong></span> <span class='ocrx_word' id='word_1_360' title='bbox 2404 2403 2663 2458; x_wconf 72' lang='lat' dir='ltr'><strong>secunda:</strong></span> <span class='ocrx_word' id='word_1_361' title='bbox 2690 2414 2747 2458; x_wconf 92' lang='lat' dir='ltr'><strong>et</strong></span> <span class='ocrx_word' id='word_1_362' title='bbox 2784 2403 3208 2485; x_wconf 85' lang='lat' dir='ltr'><strong>inhonorabilis,</strong></span> <span class='ocrx_word' id='word_1_363' title='bbox 3251 2407 3491 2463; x_wconf 88' lang='lat' dir='ltr'><strong>indolem</strong></span> 
     </span>
    </p>
   </div>
   <div class='ocr_carea' id='block_1_56' title="bbox 1913 2493 3491 2569">
    <p class='ocr_par' dir='ltr' id='par_1_56' title="bbox 1913 2493 3491 2569">
     <span class='ocr_line' id='line_1_56' title="bbox 1913 2493 3491 2569; baseline 0.005 -21"><span class='ocrx_word' id='word_1_364' title='bbox 1913 2493 2204 2562; x_wconf 84' lang='lat' dir='ltr'><strong>peccandi,</strong></span> <span class='ocrx_word' id='word_1_365' title='bbox 2232 2494 2437 2565; x_wconf 91' lang='lat' dir='ltr'><strong>quippe</strong></span> <span class='ocrx_word' id='word_1_366' title='bbox 2460 2511 2582 2565; x_wconf 77' lang='lat' dir='ltr'><strong>qua:</strong></span> <span class='ocrx_word' id='word_1_367' title='bbox 2617 2496 2799 2552; x_wconf 92' lang='lat' dir='ltr'><strong>omnis</strong></span> <span class='ocrx_word' id='word_1_368' title='bbox 2829 2497 3104 2567; x_wconf 89' lang='lat' dir='ltr'><strong>passionis</strong></span> <span class='ocrx_word' id='word_1_369' title='bbox 3150 2510 3314 2569; x_wconf 90' lang='lat' dir='ltr'><strong>atque</strong></span> <span class='ocrx_word' id='word_1_370' title='bbox 3348 2500 3491 2556; x_wconf 85' lang='lat' dir='ltr'><strong>inte-</strong></span> 
     </span>
    </p>
   </div>
   <div class='ocr_carea' id='block_1_57' title="bbox 1915 2582 3495 2652">
    <p class='ocr_par' dir='ltr' id='par_1_57' title="bbox 1915 2582 3495 2652">
     <span class='ocr_line' id='line_1_57' title="bbox 1915 2582 3495 2652; baseline 0.008 -17"><span class='ocrx_word' id='word_1_371' title='bbox 1915 2582 2058 2637; x_wconf 88' lang='lat' dir='ltr'><strong>ritus</strong></span> <span class='ocrx_word' id='word_1_372' title='bbox 2085 2600 2251 2639; x_wconf 88' lang='lat' dir='ltr'><strong>causa</strong></span> <span class='ocrx_word' id='word_1_373' title='bbox 2281 2595 2387 2640; x_wconf 89' lang='lat' dir='ltr'><strong>est.</strong></span> <span class='ocrx_word' id='word_1_374' title='bbox 2413 2586 2625 2652; x_wconf 86' lang='lat' dir='ltr'><strong>Quibus</strong></span> <span class='ocrx_word' id='word_1_375' title='bbox 2654 2603 2684 2641; x_wconf 91' lang='lat' dir='ltr'><strong>a</strong></span> <span class='ocrx_word' id='word_1_376' title='bbox 2720 2590 3004 2645; x_wconf 75' lang='lat' dir='ltr'><strong>Salvatore</strong></span> <span class='ocrx_word' id='word_1_377' title='bbox 3030 2606 3154 2646; x_wconf 90' lang='lat' dir='ltr'><strong>cum</strong></span> <span class='ocrx_word' id='word_1_378' title='bbox 3189 2607 3317 2646; x_wconf 90' lang='lat' dir='ltr'><strong>caro</strong></span> <span class='ocrx_word' id='word_1_379' title='bbox 3339 2592 3495 2648; x_wconf 80' lang='lat' dir='ltr'><strong>fieret</strong></span> 
     </span>
    </p>
   </div>
   <div class='ocr_carea' id='block_1_58' title="bbox 1915 2678 3493 2753">
    <p class='ocr_par' dir='ltr' id='par_1_58' title="bbox 1915 2678 3493 2753">
     <span class='ocr_line' id='line_1_58' title="bbox 1915 2678 3493 2753; baseline 0.007 -25"><span class='ocrx_word' id='word_1_380' title='bbox 1915 2690 2263 2745; x_wconf 88' lang='lat' dir='ltr'><strong>nequaquam</strong></span> <span class='ocrx_word' id='word_1_381' title='bbox 2323 2678 2585 2747; x_wconf 87' lang='lat' dir='ltr'><strong>receptis.</strong></span> <span class='ocrx_word' id='word_1_382' title='bbox 2622 2687 2681 2733; x_wconf 91' lang='lat' dir='ltr'><strong>et</strong></span> <span class='ocrx_word' id='word_1_383' title='bbox 2725 2681 2807 2735; x_wconf 91' lang='lat' dir='ltr'><strong>eis</strong></span> <span class='ocrx_word' id='word_1_384' title='bbox 2852 2698 2973 2751; x_wconf 51' lang='lat' dir='ltr'><strong>quae.</strong></span> <span class='ocrx_word' id='word_1_385' title='bbox 2997 2698 3099 2753; x_wconf 92' lang='lat' dir='ltr'><strong>per</strong></span> <span class='ocrx_word' id='word_1_386' title='bbox 3130 2698 3193 2738; x_wconf 90' lang='lat' dir='ltr'><strong>ea</strong></span> <span class='ocrx_word' id='word_1_387' title='bbox 3236 2694 3366 2739; x_wconf 90' lang='lat' dir='ltr'><strong>sunt</strong></span> <span class='ocrx_word' id='word_1_388' title='bbox 3390 2684 3493 2739; x_wconf 88' lang='lat' dir='ltr'><strong>ad-</strong></span> 
     </span>
    </p>
   </div>
   <div class='ocr_carea' id='block_1_59' title="bbox 1914 2765 3497 2838">
    <p class='ocr_par' dir='ltr' id='par_1_59' title="bbox 1914 2765 3497 2838">
     <span class='ocr_line' id='line_1_59' title="bbox 1914 2765 3497 2838; baseline 0.004 -19"><span class='ocrx_word' id='word_1_389' title='bbox 1914 2765 2122 2831; x_wconf 88' lang='lat' dir='ltr'><strong>missis,</strong></span> <span class='ocrx_word' id='word_1_390' title='bbox 2147 2766 2486 2823; x_wconf 81' lang='lat' dir='ltr'><strong>conditionis</strong></span> <span class='ocrx_word' id='word_1_391' title='bbox 2506 2766 2730 2837; x_wconf 89' lang='lat' dir='ltr'><strong>quidem</strong></span> <span class='ocrx_word' id='word_1_392' title='bbox 2755 2771 3168 2838; x_wconf 80' lang='lat' dir='ltr'><strong>generationem</strong></span> <span class='ocrx_word' id='word_1_393' title='bbox 3197 2770 3329 2825; x_wconf 90' lang='lat' dir='ltr'><strong>fecit</strong></span> <span class='ocrx_word' id='word_1_394' title='bbox 3362 2787 3497 2826; x_wconf 90' lang='lat' dir='ltr'><strong>con-</strong></span> 
     </span>
    </p>
   </div>
   <div class='ocr_carea' id='block_1_60' title="bbox 1916 2855 3494 2928">
    <p class='ocr_par' dir='ltr' id='par_1_60' title="bbox 1916 2855 3494 2928">
     <span class='ocr_line' id='line_1_60' title="bbox 1916 2855 3494 2928; baseline 0.002 -18"><span class='ocrx_word' id='word_1_395' title='bbox 1916 2855 2299 2920; x_wconf 88' lang='lat' dir='ltr'><strong>servatricem,</strong></span> <span class='ocrx_word' id='word_1_396' title='bbox 2356 2856 2556 2911; x_wconf 71' lang='lat' dir='ltr'><strong>affectu</strong></span> <span class='ocrx_word' id='word_1_397' title='bbox 2600 2858 2720 2927; x_wconf 87' lang='lat' dir='ltr'><strong>ejus</strong></span> <span class='ocrx_word' id='word_1_398' title='bbox 2772 2857 3037 2912; x_wconf 89' lang='lat' dir='ltr'><strong>nimirum</strong></span> <span class='ocrx_word' id='word_1_399' title='bbox 3089 2859 3382 2928; x_wconf 88' lang='lat' dir='ltr'><strong>quemdam</strong></span> <span class='ocrx_word' id='word_1_400' title='bbox 3436 2860 3494 2914; x_wconf 89' lang='lat' dir='ltr'><strong>in</strong></span> 
     </span>
    </p>
   </div>
   <div class='ocr_carea' id='block_1_61' title="bbox 1916 2948 3492 3019">
    <p class='ocr_par' dir='ltr' id='par_1_61' title="bbox 1916 2948 3492 3019">
     <span class='ocr_line' id='line_1_61' title="bbox 1916 2948 3492 3019; baseline 0.001 -16"><span class='ocrx_word' id='word_1_401' title='bbox 1916 2948 2143 3003; x_wconf 90' lang='lat' dir='ltr'><strong>modum</strong></span> <span class='ocrx_word' id='word_1_402' title='bbox 2166 2949 2529 3005; x_wconf 86' lang='lat' dir='ltr'><strong>factitationis</strong></span> <span class='ocrx_word' id='word_1_403' title='bbox 2554 2964 2828 3005; x_wconf 85' lang='lat' dir='ltr'><strong>renovans</strong></span> <span class='ocrx_word' id='word_1_404' title='bbox 2868 2948 3448 3019; x_wconf 86' lang='lat' dir='ltr'><strong>incorruptibilitatcm</strong></span> <span class='ocrx_word' id='word_1_405' title='bbox 3474 2968 3492 3017; x_wconf 84' lang='lat'><strong>;</strong></span> 
     </span>
    </p>
   </div>
   <div class='ocr_carea' id='block_1_62' title="bbox 233 3037 1817 3114">
    <p class='ocr_par' dir='ltr' id='par_1_62' title="bbox 233 3037 1817 3112">
     <span class='ocr_line' id='line_1_62' title="bbox 233 3037 1817 3112; baseline 0.001 -20"><span class='ocrx_word' id='word_1_406' title='bbox 233 3039 523 3103; x_wconf 83' lang='grc' dir='ltr'>παντελῶς</span> <span class='ocrx_word' id='word_1_407' title='bbox 551 3040 924 3112; x_wconf 84' lang='grc' dir='ltr'>άνασὼσηται,</span> <span class='ocrx_word' id='word_1_408' title='bbox 955 3039 1033 3110; x_wconf 84' lang='grc' dir='ltr'>τῷ</span> <span class='ocrx_word' id='word_1_409' title='bbox 1062 3037 1182 3093; x_wconf 85' lang='grc' dir='ltr'>κατ’</span> <span class='ocrx_word' id='word_1_410' title='bbox 1208 3037 1379 3109; x_wconf 79' lang='grc' dir='ltr'>αὐτὴν</span> <span class='ocrx_word' id='word_1_411' title='bbox 1402 3038 1643 3093; x_wconf 81' lang='grc' dir='ltr'>θεοτελεϊ</span> <span class='ocrx_word' id='word_1_412' title='bbox 1673 3039 1817 3111; x_wconf 82' lang='grc' dir='ltr'>λόγῳ</span> 
     </span>
    </p>
   </div>
   <div class='ocr_carea' id='block_1_63' title="bbox 1919 3037 3497 3114">
    <p class='ocr_par' dir='ltr' id='par_1_63' title="bbox 1920 3038 3497 3112">
     <span class='ocr_line' id='line_1_63' title="bbox 1920 3038 3497 3112; baseline 0.001 -19"><span class='ocrx_word' id='word_1_413' title='bbox 1920 3038 2051 3095; x_wconf 84' lang='lat' dir='ltr'><strong>item</strong></span> <span class='ocrx_word' id='word_1_414' title='bbox 2100 3039 2475 3112; x_wconf 84' lang='lat' dir='ltr'><strong>generationis</strong></span> <span class='ocrx_word' id='word_1_415' title='bbox 2538 3054 2733 3096; x_wconf 89' lang='lat' dir='ltr'><strong>rursus</strong></span> <span class='ocrx_word' id='word_1_416' title='bbox 2787 3038 3160 3094; x_wconf 90' lang='lat' dir='ltr'><strong>conditionem</strong></span> <span class='ocrx_word' id='word_1_417' title='bbox 3208 3040 3497 3095; x_wconf 86' lang='lat' dir='ltr'><strong>constituit</strong></span> 
     </span>
    </p>
   </div>
   <div class='ocr_carea' id='block_1_64' title="bbox 233 3132 1819 3205">
    <p class='ocr_par' dir='ltr' id='par_1_64' title="bbox 233 3132 1819 3205">
     <span class='ocr_line' id='line_1_64' title="bbox 233 3132 1819 3205; baseline 0.004 -21"><span class='ocrx_word' id='word_1_418' title='bbox 233 3132 341 3203; x_wconf 74' lang='grc' dir='ltr'>τὴν</span> <span class='ocrx_word' id='word_1_419' title='bbox 373 3133 535 3201; x_wconf 84' lang='grc' dir='ltr'>φύσιν</span> <span class='ocrx_word' id='word_1_420' title='bbox 559 3132 978 3203; x_wconf 86' lang='grc' dir='ltr'>διακρατοῦσαν,</span> <span class='ocrx_word' id='word_1_421' title='bbox 1008 3132 1111 3203; x_wconf 82' lang='grc' dir='ltr'>τῆς</span> <span class='ocrx_word' id='word_1_422' title='bbox 1138 3132 1195 3187; x_wconf 77' lang='grc' dir='ltr'>δὲ</span> <span class='ocrx_word' id='word_1_423' title='bbox 1225 3134 1537 3203; x_wconf 81' lang='grc' dir='ltr'>γεννήσεως</span> <span class='ocrx_word' id='word_1_424' title='bbox 1565 3132 1663 3205; x_wconf 82' lang='grc' dir='ltr'>τὴν</span> <span class='ocrx_word' id='word_1_425' title='bbox 1694 3135 1819 3190; x_wconf 80' lang='grc' dir='ltr'>ὐπο-</span> 
     </span>
    </p>
   </div>
   <div class='ocr_carea' id='block_1_65' title="bbox 240 3220 1817 3297">
    <p class='ocr_par' dir='ltr' id='par_1_65' title="bbox 240 3220 1817 3297">
     <span class='ocr_line' id='line_1_65' title="bbox 240 3220 1817 3297; baseline 0.001 -19"><span class='ocrx_word' id='word_1_426' title='bbox 240 3220 521 3278; x_wconf 82' lang='grc' dir='ltr'>πεσοῦσαν</span> <span class='ocrx_word' id='word_1_427' title='bbox 566 3224 706 3296; x_wconf 74' lang='grc' dir='ltr'>αὐτῇ</span> <span class='ocrx_word' id='word_1_428' title='bbox 750 3223 914 3294; x_wconf 84' lang='grc' dir='ltr'>φύσιν</span> <span class='ocrx_word' id='word_1_429' title='bbox 951 3224 1041 3278; x_wconf 84' lang='grc' dir='ltr'>διὰ</span> <span class='ocrx_word' id='word_1_430' title='bbox 1082 3224 1182 3296; x_wconf 81' lang='grc' dir='ltr'>τὴν</span> <span class='ocrx_word' id='word_1_431' title='bbox 1218 3223 1493 3297; x_wconf 82' lang='grc' dir='ltr'>ἁμαρτίαν</span> <span class='ocrx_word' id='word_1_432' title='bbox 1534 3225 1817 3291; x_wconf 87' lang='grc' dir='ltr'>παντελῶς</span> 
     </span>
    </p>
   </div>
   <div class='ocr_carea' id='block_1_66' title="bbox 232 3313 1819 3388">
    <p class='ocr_par' dir='ltr' id='par_1_66' title="bbox 232 3313 1819 3388">
     <span class='ocr_line' id='line_1_66' title="bbox 232 3313 1819 3388; baseline 0.004 -21"><span class='ocrx_word' id='word_1_433' title='bbox 232 3313 608 3388; x_wconf 68' lang='grc' dir='ltr'>ἐλευθερώσῃ,</span> <span class='ocrx_word' id='word_1_434' title='bbox 664 3316 743 3387; x_wconf 83' lang='grc' dir='ltr'><strong>τῷ</strong></span> <span class='ocrx_word' id='word_1_435' title='bbox 780 3317 904 3370; x_wconf 84' lang='grc' dir='ltr'>κατ’</span> <span class='ocrx_word' id='word_1_436' title='bbox 945 3316 1117 3387; x_wconf 78' lang='grc' dir='ltr'>αὐτὴν</span> <span class='ocrx_word' id='word_1_437' title='bbox 1152 3317 1285 3379; x_wconf 73' lang='grc' dir='ltr'>ἴσως</span> <span class='ocrx_word' id='word_1_438' title='bbox 1312 3318 1427 3380; x_wconf 83' lang='grc' dir='ltr'>τοῖς</span> <span class='ocrx_word' id='word_1_439' title='bbox 1456 3316 1665 3383; x_wconf 81' lang='grc' dir='ltr'>λοιποῖς</span> <span class='ocrx_word' id='word_1_440' title='bbox 1724 3320 1819 3373; x_wconf 71' lang='grc' dir='ltr'><strong>ἐπὶ</strong></span> 
     </span>
    </p>
   </div>
   <div class='ocr_carea' id='block_1_67' title="bbox 233 3404 1816 3481">
    <p class='ocr_par' dir='ltr' id='par_1_67' title="bbox 233 3404 1816 3481">
     <span class='ocr_line' id='line_1_67' title="bbox 233 3404 1816 3481; baseline -0.006 -19"><span class='ocrx_word' id='word_1_441' title='bbox 233 3405 351 3476; x_wconf 81' lang='grc' dir='ltr'>γῆς</span> <span class='ocrx_word' id='word_1_442' title='bbox 380 3404 541 3470; x_wconf 80' lang='grc' dir='ltr'>ζώοις</span> <span class='ocrx_word' id='word_1_443' title='bbox 573 3405 856 3479; x_wconf 74' lang='grc' dir='ltr'>ἐπιρῤύτῳ</span> <span class='ocrx_word' id='word_1_444' title='bbox 883 3407 983 3478; x_wconf 81' lang='grc' dir='ltr'>τῆς</span> <span class='ocrx_word' id='word_1_445' title='bbox 1016 3409 1227 3478; x_wconf 75' lang='grc' dir='ltr'>σπορᾶς</span> <span class='ocrx_word' id='word_1_446' title='bbox 1247 3407 1436 3479; x_wconf 81' lang='grc' dir='ltr'>τρόπῳ</span> <span class='ocrx_word' id='word_1_447' title='bbox 1469 3408 1546 3480; x_wconf 69' lang='grc' dir='ltr'>μὴ</span> <span class='ocrx_word' id='word_1_448' title='bbox 1580 3426 1816 3481; x_wconf 81' lang='grc' dir='ltr'>κρατου..</span> 
     </span>
    </p>
   </div>
   <div class='ocr_carea' id='block_1_68' title="bbox 236 3496 1818 3572">
    <p class='ocr_par' dir='ltr' id='par_1_68' title="bbox 236 3496 1818 3572">
     <span class='ocr_line' id='line_1_68' title="bbox 236 3496 1818 3572; baseline 0.003 -21"><span class='ocrx_word' id='word_1_449' title='bbox 236 3496 430 3569; x_wconf 72' lang='grc' dir='ltr'>μένην.</span> <span class='ocrx_word' id='word_1_450' title='bbox 463 3498 713 3568; x_wconf 78' lang='grc' dir='ltr'>Συνάψας</span> <span class='ocrx_word' id='word_1_451' title='bbox 740 3497 835 3552; x_wconf 76' lang='grc' dir='ltr'>οὖν</span> <span class='ocrx_word' id='word_1_452' title='bbox 864 3498 1080 3566; x_wconf 70' lang='grc' dir='ltr'>γένεσιν</span> <span class='ocrx_word' id='word_1_453' title='bbox 1121 3498 1217 3553; x_wconf 74' lang='grc' dir='ltr'>καὶ</span> <span class='ocrx_word' id='word_1_454' title='bbox 1242 3498 1441 3553; x_wconf 89' lang='grc' dir='ltr'>πλάσιν</span> <span class='ocrx_word' id='word_1_455' title='bbox 1464 3500 1559 3553; x_wconf 81' lang='grc' dir='ltr'>καὶ</span> <span class='ocrx_word' id='word_1_456' title='bbox 1581 3500 1818 3572; x_wconf 72' lang='grc' dir='ltr'>ἔμπνευ-</span> 
     </span>
    </p>
   </div>
   <div class='ocr_carea' id='block_1_69' title="bbox 235 3587 1815 3661">
    <p class='ocr_par' dir='ltr' id='par_1_69' title="bbox 235 3587 1815 3661">
     <span class='ocr_line' id='line_1_69' title="bbox 235 3587 1815 3661; baseline 0.001 -21"><span class='ocrx_word' id='word_1_457' title='bbox 235 3602 329 3639; x_wconf 86' lang='grc' dir='ltr'><strong>σιν</strong></span> <span class='ocrx_word' id='word_1_458' title='bbox 370 3587 622 3657; x_wconf 87' lang='grc' dir='ltr'>φυσικῶς</span> <span class='ocrx_word' id='word_1_459' title='bbox 665 3590 732 3659; x_wconf 78' lang='grc' dir='ltr'>τῇ</span> <span class='ocrx_word' id='word_1_460' title='bbox 767 3590 787 3659; x_wconf 94' lang='grc'>(</span> <span class='ocrx_word' id='word_1_461' title='bbox 803 3588 965 3658; x_wconf 67' lang='grc'><strong>227</strong></span> <span class='ocrx_word' id='word_1_462' title='bbox 995 3587 1067 3659; x_wconf 87' lang='lat' dir='ltr'><strong>a)</strong></span> <span class='ocrx_word' id='word_1_463' title='bbox 1097 3589 1372 3657; x_wconf 83' lang='grc' dir='ltr'>σαρκώσει</span> <span class='ocrx_word' id='word_1_464' title='bbox 1398 3588 1494 3641; x_wconf 73' lang='grc' dir='ltr'>καὶ</span> <span class='ocrx_word' id='word_1_465' title='bbox 1521 3591 1588 3660; x_wconf 78' lang='grc' dir='ltr'>τῇ</span> <span class='ocrx_word' id='word_1_466' title='bbox 1622 3590 1815 3661; x_wconf 79' lang='grc' dir='ltr'>γεννή-</span> 
     </span>
    </p>
   </div>
   <div class='ocr_carea' id='block_1_70' title="bbox 235 3678 1816 3753">
    <p class='ocr_par' dir='ltr' id='par_1_70' title="bbox 235 3678 1816 3753">
     <span class='ocr_line' id='line_1_70' title="bbox 235 3678 1816 3753; baseline 0.003 -22"><span class='ocrx_word' id='word_1_467' title='bbox 235 3694 349 3743; x_wconf 85' lang='grc' dir='ltr'>σει,</span> <span class='ocrx_word' id='word_1_468' title='bbox 386 3679 531 3733; x_wconf 82' lang='grc' dir='ltr'>κατά</span> <span class='ocrx_word' id='word_1_469' title='bbox 568 3678 738 3750; x_wconf 84' lang='grc' dir='ltr'>μόνην</span> <span class='ocrx_word' id='word_1_470' title='bbox 768 3680 1010 3733; x_wconf 78' lang='grc' dir='ltr'>ἐπίνοιαν</span> <span class='ocrx_word' id='word_1_471' title='bbox 1055 3679 1303 3749; x_wconf 86' lang='grc' dir='ltr'>ἀλλήλων</span> <span class='ocrx_word' id='word_1_472' title='bbox 1331 3679 1495 3745; x_wconf 80' lang='grc' dir='ltr'>δίελε,</span> <span class='ocrx_word' id='word_1_473' title='bbox 1523 3680 1621 3735; x_wconf 77' lang='grc' dir='ltr'>καὶ</span> <span class='ocrx_word' id='word_1_474' title='bbox 1646 3682 1816 3753; x_wconf 83' lang='grc' dir='ltr'>εὑρή-</span> 
     </span>
    </p>
   </div>
   <div class='ocr_carea' id='block_1_71' title="bbox 233 3769 1814 3843">
    <p class='ocr_par' dir='ltr' id='par_1_71' title="bbox 233 3769 1814 3843">
     <span class='ocr_line' id='line_1_71' title="bbox 233 3769 1814 3843; baseline 0.002 -21"><span class='ocrx_word' id='word_1_475' title='bbox 233 3785 354 3833; x_wconf 88' lang='grc' dir='ltr'>σεις</span> <span class='ocrx_word' id='word_1_476' title='bbox 382 3769 528 3824; x_wconf 86' lang='grc' dir='ltr'><strong>κατά</strong></span> <span class='ocrx_word' id='word_1_477' title='bbox 567 3770 658 3824; x_wconf 76' lang='grc' dir='ltr'><strong>τὸν</strong></span> <span class='ocrx_word' id='word_1_478' title='bbox 712 3770 888 3841; x_wconf 80' lang='grc' dir='ltr'>μέγαν</span> <span class='ocrx_word' id='word_1_479' title='bbox 916 3770 1237 3825; x_wconf 86' lang='grc' dir='ltr'>διδάσκαλον</span> <span class='ocrx_word' id='word_1_480' title='bbox 1261 3771 1361 3841; x_wconf 80' lang='grc' dir='ltr'>τὴν</span> <span class='ocrx_word' id='word_1_481' title='bbox 1386 3772 1654 3843; x_wconf 88' lang='grc' dir='ltr'>τετάρτην</span> <span class='ocrx_word' id='word_1_482' title='bbox 1686 3774 1814 3841; x_wconf 79' lang='grc' dir='ltr'>γέν-</span> 
     </span>
    </p>
   </div>
   <div class='ocr_carea' id='block_1_72' title="bbox 232 3859 1816 3939">
    <p class='ocr_par' dir='ltr' id='par_1_72' title="bbox 232 3859 1816 3939">
     <span class='ocr_line' id='line_1_72' title="bbox 232 3859 1816 3939; baseline 0.003 -26"><span class='ocrx_word' id='word_1_483' title='bbox 232 3876 416 3931; x_wconf 89' lang='grc' dir='ltr'>νησιν,</span> <span class='ocrx_word' id='word_1_484' title='bbox 460 3859 891 3933; x_wconf 80' lang='grc' dir='ltr'>συμπληροῦσαν</span> <span class='ocrx_word' id='word_1_485' title='bbox 942 3860 1043 3932; x_wconf 77' lang='grc' dir='ltr'>τὴν</span> <span class='ocrx_word' id='word_1_486' title='bbox 1089 3862 1155 3914; x_wconf 79' lang='grc' dir='ltr'>ὲκ</span> <span class='ocrx_word' id='word_1_487' title='bbox 1203 3862 1495 3931; x_wconf 88' lang='grc' dir='ltr'>σωμάτων,</span> <span class='ocrx_word' id='word_1_488' title='bbox 1535 3863 1632 3917; x_wconf 75' lang='grc' dir='ltr'>καὶ</span> <span class='ocrx_word' id='word_1_489' title='bbox 1678 3864 1816 3939; x_wconf 76' lang='grc' dir='ltr'>μόνῃ</span> 
     </span>
    </p>
   </div>
   <div class='ocr_carea' id='block_1_73' title="bbox 233 3951 1815 4025">
    <p class='ocr_par' dir='ltr' id='par_1_73' title="bbox 233 3951 1815 4025">
     <span class='ocr_line' id='line_1_73' title="bbox 233 3951 1815 4025; baseline 0.003 -20"><span class='ocrx_word' id='word_1_490' title='bbox 233 3952 452 4023; x_wconf 68' lang='grc' dir='ltr'>ιπινοίᾳ</span> <span class='ocrx_word' id='word_1_491' title='bbox 480 3954 577 4023; x_wconf 78' lang='grc' dir='ltr'><strong>τήν</strong></span> <span class='ocrx_word' id='word_1_492' title='bbox 606 3952 700 4005; x_wconf 78' lang='grc' dir='ltr'>ἀπ’</span> <span class='ocrx_word' id='word_1_493' title='bbox 737 3952 911 4023; x_wconf 82' lang='grc' dir='ltr'>αὐτῆς</span> <span class='ocrx_word' id='word_1_494' title='bbox 936 3951 1233 4025; x_wconf 79' lang='grc' dir='ltr'>δεχομένην</span> <span class='ocrx_word' id='word_1_495' title='bbox 1259 3951 1530 4024; x_wconf 82' lang='grc' dir='ltr'>διάκρισιν</span> <span class='ocrx_word' id='word_1_496' title='bbox 1558 3953 1701 4009; x_wconf 84' lang='grc' dir='ltr'><strong>κατά</strong></span> <span class='ocrx_word' id='word_1_497' title='bbox 1723 3954 1815 4010; x_wconf 81' lang='grc' dir='ltr'><strong>τὸν</strong></span> 
     </span>
    </p>
   </div>
   <div class='ocr_carea' id='block_1_74' title="bbox 234 4038 1814 4117">
    <p class='ocr_par' dir='ltr' id='par_1_74' title="bbox 234 4038 1814 4117">
     <span class='ocr_line' id='line_1_74' title="bbox 234 4038 1814 4117; baseline 0.003 -21"><span class='ocrx_word' id='word_1_498' title='bbox 234 4042 576 4097; x_wconf 61' lang='lat' dir='ltr'><strong>amoma</strong></span> <span class='ocrx_word' id='word_1_499' title='bbox 601 4042 821 4113; x_wconf 87' lang='grc' dir='ltr'>τρόπον.</span> <span class='ocrx_word' id='word_1_500' title='bbox 857 4043 1019 4113; x_wconf 84' lang='grc' dir='ltr'>Λέγω</span> <span class='ocrx_word' id='word_1_501' title='bbox 1051 4043 1109 4097; x_wconf 73' lang='grc' dir='ltr'>δὲ</span> <span class='ocrx_word' id='word_1_502' title='bbox 1142 4043 1340 4097; x_wconf 77' lang='grc' dir='ltr'>ταύτὸν</span> <span class='ocrx_word' id='word_1_503' title='bbox 1365 4038 1505 4099; x_wconf 78' lang='grc' dir='ltr'>εἶναι</span> <span class='ocrx_word' id='word_1_504' title='bbox 1535 4046 1635 4117; x_wconf 80' lang='grc' dir='ltr'><strong>τὴν</strong></span> <span class='ocrx_word' id='word_1_505' title='bbox 1661 4046 1814 4116; x_wconf 79' lang='grc' dir='ltr'>γένε-</span> 
     </span>
    </p>
   </div>
   <div class='ocr_carea' id='block_1_75' title="bbox 236 4134 1817 4207">
    <p class='ocr_par' dir='ltr' id='par_1_75' title="bbox 236 4134 1817 4207">
     <span class='ocr_line' id='line_1_75' title="bbox 236 4134 1817 4207; baseline 0.004 -22"><span class='ocrx_word' id='word_1_506' title='bbox 236 4149 327 4186; x_wconf 90' lang='grc' dir='ltr'><strong>σιν</strong></span> <span class='ocrx_word' id='word_1_507' title='bbox 374 4134 880 4205; x_wconf 75' lang='grc' dir='ltr'>προεπινοουμένην</span> <span class='ocrx_word' id='word_1_508' title='bbox 922 4134 1171 4204; x_wconf 88' lang='grc' dir='ltr'>φυσικῶς</span> <span class='ocrx_word' id='word_1_509' title='bbox 1201 4135 1303 4205; x_wconf 80' lang='grc' dir='ltr'>τῆς</span> <span class='ocrx_word' id='word_1_510' title='bbox 1330 4135 1659 4191; x_wconf 76' lang='grc' dir='ltr'>ἐπεισάκτου</span> <span class='ocrx_word' id='word_1_511' title='bbox 1688 4154 1817 4207; x_wconf 88' lang='grc' dir='ltr'>γεν-</span> 
     </span>
    </p>
   </div>
   <div class='ocr_carea' id='block_1_76' title="bbox 234 4221 1815 4300">
    <p class='ocr_par' dir='ltr' id='par_1_76' title="bbox 234 4221 1815 4300">
     <span class='ocr_line' id='line_1_76' title="bbox 234 4221 1815 4300; baseline 0.004 -22"><span class='ocrx_word' id='word_1_512' title='bbox 234 4226 472 4296; x_wconf 85' lang='grc' dir='ltr'>νήσεως,</span> <span class='ocrx_word' id='word_1_513' title='bbox 500 4221 569 4297; x_wconf 82' lang='grc' dir='ltr'>ἦς</span> <span class='ocrx_word' id='word_1_514' title='bbox 603 4225 732 4280; x_wconf 86' lang='grc' dir='ltr'>ῐδιόν</span> <span class='ocrx_word' id='word_1_515' title='bbox 761 4226 882 4280; x_wconf 71' lang='grc' dir='ltr'>ἔστι</span> <span class='ocrx_word' id='word_1_516' title='bbox 919 4226 983 4281; x_wconf 77' lang='grc' dir='ltr'>τὸ</span> <span class='ocrx_word' id='word_1_517' title='bbox 1028 4227 1336 4300; x_wconf 73' lang='grc' dir='ltr'>ιμφύσημα</span> <span class='ocrx_word' id='word_1_518' title='bbox 1383 4228 1446 4283; x_wconf 81' lang='grc' dir='ltr'>τὸ</span> <span class='ocrx_word' id='word_1_519' title='bbox 1473 4229 1693 4300; x_wconf 87' lang='grc' dir='ltr'>πρῶτον</span> <span class='ocrx_word' id='word_1_520' title='bbox 1720 4230 1815 4285; x_wconf 78' lang='grc' dir='ltr'>καὶ</span> 
     </span>
    </p>
   </div>
   <div class='ocr_carea' id='block_1_77' title="bbox 236 4318 491 4385">
    <p class='ocr_par' dir='ltr' id='par_1_77' title="bbox 236 4318 491 4385">
     <span class='ocr_line' id='line_1_77' title="bbox 236 4318 491 4385; baseline 0 -12"><span class='ocrx_word' id='word_1_521' title='bbox 236 4318 491 4385; x_wconf 77' lang='grc' dir='ltr'>ζωτικόν.</span> 
     </span>
    </p>
   </div>
   <div class='ocr_carea' id='block_1_78' title="bbox 1918 3131 3497 3203">
    <p class='ocr_par' dir='ltr' id='par_1_78' title="bbox 1918 3131 3497 3203">
     <span class='ocr_line' id='line_1_78' title="bbox 1918 3131 3497 3203; baseline -0.001 -15"><span class='ocrx_word' id='word_1_522' title='bbox 1918 3133 2217 3197; x_wconf 75' lang='lat' dir='ltr'><strong>vindicem,</strong></span> <span class='ocrx_word' id='word_1_523' title='bbox 2273 3131 2639 3202; x_wconf 89' lang='lat' dir='ltr'><strong>impeccantia</strong></span> <span class='ocrx_word' id='word_1_524' title='bbox 2690 3132 2812 3203; x_wconf 85' lang='lat' dir='ltr'><strong>ejus</strong></span> <span class='ocrx_word' id='word_1_525' title='bbox 2862 3138 3066 3187; x_wconf 89' lang='lat' dir='ltr'><strong>statum</strong></span> <span class='ocrx_word' id='word_1_526' title='bbox 3120 3132 3497 3203; x_wconf 85' lang='lat' dir='ltr'><strong>generationis</strong></span> 
     </span>
    </p>
   </div>
   <div class='ocr_carea' id='block_1_79' title="bbox 1918 3223 3494 3289">
    <p class='ocr_par' dir='ltr' id='par_1_79' title="bbox 1918 3223 3494 3289">
     <span class='ocr_line' id='line_1_79' title="bbox 1918 3223 3494 3289; baseline -0.002 -10"><span class='ocrx_word' id='word_1_527' title='bbox 1918 3224 2141 3280; x_wconf 85' lang='lat' dir='ltr'><strong>all‘ectui</strong></span> <span class='ocrx_word' id='word_1_528' title='bbox 2206 3224 2507 3279; x_wconf 80' lang='lat' dir='ltr'><strong>obnoxium</strong></span> <span class='ocrx_word' id='word_1_529' title='bbox 2566 3225 2937 3289; x_wconf 82' lang='lat' dir='ltr'><strong>sanctificans,</strong></span> <span class='ocrx_word' id='word_1_530' title='bbox 2999 3232 3057 3279; x_wconf 93' lang='lat' dir='ltr'><strong>ut</strong></span> <span class='ocrx_word' id='word_1_531' title='bbox 3116 3223 3494 3278; x_wconf 87' lang='lat' dir='ltr'><strong>conditionem</strong></span> 
     </span>
    </p>
   </div>
   <div class='ocr_carea' id='block_1_80' title="bbox 1916 3314 3496 3386">
    <p class='ocr_par' dir='ltr' id='par_1_80' title="bbox 1916 3314 3496 3386">
     <span class='ocr_line' id='line_1_80' title="bbox 1916 3314 3496 3386; baseline -0.003 -15"><span class='ocrx_word' id='word_1_532' title='bbox 1916 3317 2080 3386; x_wconf 87' lang='lat' dir='ltr'><strong>plene</strong></span> <span class='ocrx_word' id='word_1_533' title='bbox 2125 3316 2330 3370; x_wconf 85' lang='lat' dir='ltr'><strong>salvam</strong></span> <span class='ocrx_word' id='word_1_534' title='bbox 2379 3314 2605 3379; x_wconf 87' lang='lat' dir='ltr'><strong>faceret,</strong></span> <span class='ocrx_word' id='word_1_535' title='bbox 2632 3315 2834 3370; x_wconf 64' lang='lat' dir='ltr'><strong>divinae</strong></span> <span class='ocrx_word' id='word_1_536' title='bbox 2858 3329 2957 3370; x_wconf 90' lang='lat' dir='ltr'><strong>sua</strong></span> <span class='ocrx_word' id='word_1_537' title='bbox 3005 3314 3363 3384; x_wconf 89' lang='lat' dir='ltr'><strong>perfectionis</strong></span> <span class='ocrx_word' id='word_1_538' title='bbox 3407 3327 3496 3368; x_wconf 90' lang='lat' dir='ltr'><strong>ra-</strong></span> 
     </span>
    </p>
   </div>
   <div class='ocr_carea' id='block_1_81' title="bbox 1917 3404 3495 3476">
    <p class='ocr_par' dir='ltr' id='par_1_81' title="bbox 1917 3404 3495 3476">
     <span class='ocr_line' id='line_1_81' title="bbox 1917 3404 3495 3476; baseline -0.001 -17"><span class='ocrx_word' id='word_1_539' title='bbox 1917 3406 2069 3461; x_wconf 90' lang='lat' dir='ltr'><strong>tione</strong></span> <span class='ocrx_word' id='word_1_540' title='bbox 2100 3414 2523 3461; x_wconf 88' lang='lat' dir='ltr'><strong>conservantem</strong></span> <span class='ocrx_word' id='word_1_541' title='bbox 2573 3412 2851 3469; x_wconf 91' lang='lat' dir='ltr'><strong>naturam,</strong></span> <span class='ocrx_word' id='word_1_542' title='bbox 2890 3420 2921 3459; x_wconf 90' lang='lat' dir='ltr'><strong>a</strong></span> <span class='ocrx_word' id='word_1_543' title='bbox 2966 3404 3323 3476; x_wconf 89' lang='lat' dir='ltr'><strong>generatione</strong></span> <span class='ocrx_word' id='word_1_544' title='bbox 3362 3417 3495 3458; x_wconf 89' lang='lat' dir='ltr'><strong>vero</strong></span> 
     </span>
    </p>
   </div>
   <div class='ocr_carea' id='block_1_82' title="bbox 1916 3495 3495 3567">
    <p class='ocr_par' dir='ltr' id='par_1_82' title="bbox 1916 3495 3495 3567">
     <span class='ocr_line' id='line_1_82' title="bbox 1916 3495 3495 3567; baseline -0.001 -14"><span class='ocrx_word' id='word_1_545' title='bbox 1916 3506 2174 3553; x_wconf 89' lang='lat' dir='ltr'><strong>naturam</strong></span> <span class='ocrx_word' id='word_1_546' title='bbox 2206 3496 2338 3551; x_wconf 88' lang='lat' dir='ltr'><strong>huic</strong></span> <span class='ocrx_word' id='word_1_547' title='bbox 2389 3504 2618 3567; x_wconf 85' lang='lat' dir='ltr'><strong>propter</strong></span> <span class='ocrx_word' id='word_1_548' title='bbox 2671 3496 2934 3551; x_wconf 91' lang='lat' dir='ltr'><strong>delictum</strong></span> <span class='ocrx_word' id='word_1_549' title='bbox 2984 3496 3285 3566; x_wconf 89' lang='lat' dir='ltr'><strong>subjectam</strong></span> <span class='ocrx_word' id='word_1_550' title='bbox 3332 3495 3495 3566; x_wconf 85' lang='lat' dir='ltr'><strong>plane</strong></span> 
     </span>
    </p>
   </div>
   <div class='ocr_carea' id='block_1_83' title="bbox 1915 3584 3494 3659">
    <p class='ocr_par' dir='ltr' id='par_1_83' title="bbox 1915 3584 3494 3659">
     <span class='ocr_line' id='line_1_83' title="bbox 1915 3584 3494 3659; baseline -0.001 -15"><span class='ocrx_word' id='word_1_551' title='bbox 1915 3588 2203 3654; x_wconf 90' lang='lat' dir='ltr'><strong>liberaret,</strong></span> <span class='ocrx_word' id='word_1_552' title='bbox 2229 3588 2463 3643; x_wconf 90' lang='lat' dir='ltr'><strong>sationis</strong></span> <span class='ocrx_word' id='word_1_553' title='bbox 2490 3587 2675 3652; x_wconf 91' lang='lat' dir='ltr'><strong>modo,</strong></span> <span class='ocrx_word' id='word_1_554' title='bbox 2719 3587 2849 3643; x_wconf 90' lang='lat' dir='ltr'><strong>inde</strong></span> <span class='ocrx_word' id='word_1_555' title='bbox 2896 3587 3129 3642; x_wconf 87' lang='lat' dir='ltr'><strong>fortasse</strong></span> <span class='ocrx_word' id='word_1_556' title='bbox 3173 3584 3404 3659; x_wconf 79' lang='lat' dir='ltr'><strong>reliquis</strong></span> <span class='ocrx_word' id='word_1_557' title='bbox 3438 3588 3494 3643; x_wconf 91' lang='lat' dir='ltr'><strong>in</strong></span> 
     </span>
    </p>
   </div>
   <div class='ocr_carea' id='block_1_84' title="bbox 1917 3676 3494 3745">
    <p class='ocr_par' dir='ltr' id='par_1_84' title="bbox 1917 3676 3494 3745">
     <span class='ocr_line' id='line_1_84' title="bbox 1917 3676 3494 3745; baseline 0 -12"><span class='ocrx_word' id='word_1_558' title='bbox 1917 3685 2064 3733; x_wconf 90' lang='lat' dir='ltr'><strong>terra</strong></span> <span class='ocrx_word' id='word_1_559' title='bbox 2090 3679 2423 3733; x_wconf 87' lang='lat' dir='ltr'><strong>animalibus</strong></span> <span class='ocrx_word' id='word_1_560' title='bbox 2452 3678 2776 3744; x_wconf 88' lang='lat' dir='ltr'><strong>adventitio,</strong></span> <span class='ocrx_word' id='word_1_561' title='bbox 2800 3693 2909 3732; x_wconf 91' lang='lat' dir='ltr'><strong>non</strong></span> <span class='ocrx_word' id='word_1_562' title='bbox 2936 3678 3225 3733; x_wconf 84' lang='lat' dir='ltr'><strong>domitam.</strong></span> <span class='ocrx_word' id='word_1_563' title='bbox 3261 3676 3415 3745; x_wconf 84' lang='lat' dir='ltr'><strong>Quod</strong></span> <span class='ocrx_word' id='word_1_564' title='bbox 3446 3677 3494 3733; x_wconf 92' lang='lat' dir='ltr'><strong>si</strong></span> 
     </span>
    </p>
   </div>
   <div class='ocr_carea' id='block_1_85' title="bbox 1917 3768 3495 3841">
    <p class='ocr_par' dir='ltr' id='par_1_85' title="bbox 1917 3768 3495 3841">
     <span class='ocr_line' id='line_1_85' title="bbox 1917 3768 3495 3841; baseline -0.004 -14"><span class='ocrx_word' id='word_1_565' title='bbox 1917 3770 2299 3827; x_wconf 91' lang='lat' dir='ltr'><strong>conditionem</strong></span> <span class='ocrx_word' id='word_1_566' title='bbox 2331 3781 2388 3826; x_wconf 92' lang='lat' dir='ltr'><strong>et</strong></span> <span class='ocrx_word' id='word_1_567' title='bbox 2428 3770 2812 3841; x_wconf 86' lang='lat' dir='ltr'><strong>figurationem</strong></span> <span class='ocrx_word' id='word_1_568' title='bbox 2841 3778 2898 3824; x_wconf 90' lang='lat' dir='ltr'><strong>et</strong></span> <span class='ocrx_word' id='word_1_569' title='bbox 2934 3768 3358 3823; x_wconf 83' lang='lat' dir='ltr'><strong>insuﬂlationem</strong></span> <span class='ocrx_word' id='word_1_570' title='bbox 3394 3783 3495 3822; x_wconf 88' lang='lat' dir='ltr'><strong>na-</strong></span> 
     </span>
    </p>
   </div>
   <div class='ocr_carea' id='block_1_86' title="bbox 1918 3859 3494 3929">
    <p class='ocr_par' dir='ltr' id='par_1_86' title="bbox 1918 3859 3494 3929">
     <span class='ocr_line' id='line_1_86' title="bbox 1918 3859 3494 3929; baseline -0.003 -11"><span class='ocrx_word' id='word_1_571' title='bbox 1918 3864 2174 3919; x_wconf 87' lang='lat' dir='ltr'><strong>turaliter</strong></span> <span class='ocrx_word' id='word_1_572' title='bbox 2206 3877 2339 3919; x_wconf 92' lang='lat' dir='ltr'><strong>cum</strong></span> <span class='ocrx_word' id='word_1_573' title='bbox 2397 3862 2779 3917; x_wconf 85' lang='lat' dir='ltr'><strong>incarnatione</strong></span> <span class='ocrx_word' id='word_1_574' title='bbox 2839 3868 2896 3916; x_wconf 91' lang='lat' dir='ltr'><strong>et</strong></span> <span class='ocrx_word' id='word_1_575' title='bbox 2949 3875 3076 3915; x_wconf 92' lang='lat' dir='ltr'><strong>cum</strong></span> <span class='ocrx_word' id='word_1_576' title='bbox 3137 3859 3494 3929; x_wconf 88' lang='lat' dir='ltr'><strong>generatione</strong></span> 
     </span>
    </p>
   </div>
   <div class='ocr_carea' id='block_1_87' title="bbox 1916 3950 3491 4026">
    <p class='ocr_par' dir='ltr' id='par_1_87' title="bbox 1916 3950 3491 4026">
     <span class='ocr_line' id='line_1_87' title="bbox 1916 3950 3491 4026; baseline -0.005 -15"><span class='ocrx_word' id='word_1_577' title='bbox 1916 3956 2292 4026; x_wconf 75' lang='lat' dir='ltr'><strong>conjunxeris,</strong></span> <span class='ocrx_word' id='word_1_578' title='bbox 2319 3953 2597 4025; x_wconf 87' lang='lat' dir='ltr'><strong>distingue</strong></span> <span class='ocrx_word' id='word_1_579' title='bbox 2620 3953 2720 4009; x_wconf 87' lang='lat' dir='ltr'><strong>has</strong></span> <span class='ocrx_word' id='word_1_580' title='bbox 2740 3953 2884 4007; x_wconf 90' lang='lat' dir='ltr'><strong>inter</strong></span> <span class='ocrx_word' id='word_1_581' title='bbox 2904 3968 2962 4007; x_wconf 92' lang='lat' dir='ltr'><strong>se</strong></span> <span class='ocrx_word' id='word_1_582' title='bbox 2992 3951 3107 4007; x_wconf 84' lang='lat' dir='ltr'><strong>sola</strong></span> <span class='ocrx_word' id='word_1_583' title='bbox 3137 3950 3491 4021; x_wconf 89' lang='lat' dir='ltr'><strong>cogitatione,</strong></span> 
     </span>
    </p>
   </div>
   <div class='ocr_carea' id='block_1_88' title="bbox 1917 4044 3494 4116">
    <p class='ocr_par' dir='ltr' id='par_1_88' title="bbox 1917 4044 3494 4116">
     <span class='ocr_line' id='line_1_88' title="bbox 1917 4044 3494 4116; baseline -0.006 -12"><span class='ocrx_word' id='word_1_584' title='bbox 1917 4056 1975 4105; x_wconf 90' lang='lat' dir='ltr'><strong>et</strong></span> <span class='ocrx_word' id='word_1_585' title='bbox 2002 4048 2276 4112; x_wconf 86' lang='lat' dir='ltr'><strong>invenies,</strong></span> <span class='ocrx_word' id='word_1_586' title='bbox 2306 4047 2615 4103; x_wconf 86' lang='lat' dir='ltr'><strong>secundum</strong></span> <span class='ocrx_word' id='word_1_587' title='bbox 2637 4060 2891 4116; x_wconf 90' lang='lat' dir='ltr'><strong>magnum</strong></span> <span class='ocrx_word' id='word_1_588' title='bbox 2926 4044 3272 4114; x_wconf 89' lang='lat' dir='ltr'><strong>magistrum,</strong></span> <span class='ocrx_word' id='word_1_589' title='bbox 3324 4057 3494 4112; x_wconf 89' lang='lat' dir='ltr'><strong>quar-</strong></span> 
     </span>
    </p>
   </div>
   <div class='ocr_carea' id='block_1_89' title="bbox 1916 4130 3501 4209">
    <p class='ocr_par' dir='ltr' id='par_1_89' title="bbox 1916 4130 3501 4209">
     <span class='ocr_line' id='line_1_89' title="bbox 1916 4130 3501 4209; baseline -0.006 -15"><span class='ocrx_word' id='word_1_590' title='bbox 1916 4150 2025 4194; x_wconf 91' lang='lat' dir='ltr'><strong>tam</strong></span> <span class='ocrx_word' id='word_1_591' title='bbox 2059 4138 2493 4209; x_wconf 86' lang='lat' dir='ltr'><strong>generationem,</strong></span> <span class='ocrx_word' id='word_1_592' title='bbox 2530 4137 2807 4206; x_wconf 91' lang='lat' dir='ltr'><strong>complere</strong></span> <span class='ocrx_word' id='word_1_593' title='bbox 2834 4151 2953 4190; x_wconf 91' lang='lat' dir='ltr'><strong>eam</strong></span> <span class='ocrx_word' id='word_1_594' title='bbox 2997 4149 3120 4205; x_wconf 62' lang='lat' dir='ltr'><strong>qua:</strong></span> <span class='ocrx_word' id='word_1_595' title='bbox 3139 4148 3205 4188; x_wconf 80' lang='lat' dir='ltr'><strong>ex</strong></span> <span class='ocrx_word' id='word_1_596' title='bbox 3248 4130 3501 4201; x_wconf 90' lang='lat' dir='ltr'><strong>corpori-</strong></span> 
     </span>
    </p>
   </div>
   <div class='ocr_carea' id='block_1_90' title="bbox 1916 4220 3496 4299">
    <p class='ocr_par' dir='ltr' id='par_1_90' title="bbox 1916 4220 3496 4299">
     <span class='ocr_line' id='line_1_90' title="bbox 1916 4220 3496 4299; baseline -0.007 -15"><span class='ocrx_word' id='word_1_597' title='bbox 1916 4230 2023 4285; x_wconf 90' lang='lat' dir='ltr'><strong>bus</strong></span> <span class='ocrx_word' id='word_1_598' title='bbox 2044 4228 2124 4294; x_wconf 84' lang='lat' dir='ltr'><strong>ﬁt,</strong></span> <span class='ocrx_word' id='word_1_599' title='bbox 2160 4230 2387 4298; x_wconf 89' lang='lat' dir='ltr'><strong>solaque</strong></span> <span class='ocrx_word' id='word_1_600' title='bbox 2414 4227 2748 4299; x_wconf 89' lang='lat' dir='ltr'><strong>cogitatione</strong></span> <span class='ocrx_word' id='word_1_601' title='bbox 2784 4226 3091 4295; x_wconf 86' lang='lat' dir='ltr'><strong>capientem</strong></span> <span class='ocrx_word' id='word_1_602' title='bbox 3140 4222 3299 4277; x_wconf 81' lang='lat' dir='ltr'><strong>istam</strong></span> <span class='ocrx_word' id='word_1_603' title='bbox 3337 4220 3406 4274; x_wconf 87' lang='lat' dir='ltr'><strong>ab</strong></span> <span class='ocrx_word' id='word_1_604' title='bbox 3435 4233 3496 4274; x_wconf 90' lang='lat' dir='ltr'><strong>se</strong></span> 
     </span>
    </p>
   </div>
   <div class='ocr_carea' id='block_1_91' title="bbox 1917 4312 3496 4393">
    <p class='ocr_par' dir='ltr' id='par_1_91' title="bbox 1917 4312 3496 4393">
     <span class='ocr_line' id='line_1_91' title="bbox 1917 4312 3496 4393; baseline -0.009 -14"><span class='ocrx_word' id='word_1_605' title='bbox 1917 4326 2035 4393; x_wconf 90' lang='lat' dir='ltr'><strong>ipsa</strong></span> <span class='ocrx_word' id='word_1_606' title='bbox 2073 4320 2486 4375; x_wconf 90' lang='lat' dir='ltr'><strong>distinctionem</strong></span> <span class='ocrx_word' id='word_1_607' title='bbox 2511 4333 2578 4374; x_wconf 92' lang='lat' dir='ltr'><strong>eo</strong></span> <span class='ocrx_word' id='word_1_608' title='bbox 2611 4333 2775 4389; x_wconf 90' lang='lat' dir='ltr'><strong>quem</strong></span> <span class='ocrx_word' id='word_1_609' title='bbox 2806 4315 3058 4371; x_wconf 84' lang='lat' dir='ltr'><strong>enarravi</strong></span> <span class='ocrx_word' id='word_1_610' title='bbox 3090 4313 3275 4370; x_wconf 88' lang='lat' dir='ltr'><strong>modo.</strong></span> <span class='ocrx_word' id='word_1_611' title='bbox 3309 4312 3496 4368; x_wconf 85' lang='lat' dir='ltr'><strong>Status</strong></span> 
     </span>
    </p>
   </div>
   <div class='ocr_carea' id='block_1_92' title="bbox 233 4403 3496 4483">
    <p class='ocr_par' dir='ltr' id='par_1_92' title="bbox 233 4403 3496 4483">
     <span class='ocr_line' id='line_1_92' title="bbox 233 4403 3496 4483; baseline -0.002 -19"><span class='ocrx_word' id='word_1_612' title='bbox 233 4418 426 4465; x_wconf 88' lang='lat' dir='ltr'><strong>autem</strong></span> <span class='ocrx_word' id='word_1_613' title='bbox 471 4410 612 4465; x_wconf 88' lang='lat' dir='ltr'><strong>nihil</strong></span> <span class='ocrx_word' id='word_1_614' title='bbox 642 4410 868 4467; x_wconf 77' lang='lat' dir='ltr'><strong>diﬂ‘erre</strong></span> <span class='ocrx_word' id='word_1_615' title='bbox 937 4412 1313 4468; x_wconf 84' lang='lat' dir='ltr'><strong>conditionem</strong></span> <span class='ocrx_word' id='word_1_616' title='bbox 1383 4427 1509 4482; x_wconf 66' lang='lat' dir='ltr'><strong>quae</strong></span> <span class='ocrx_word' id='word_1_617' title='bbox 1553 4415 1882 4470; x_wconf 87' lang='lat' dir='ltr'><strong>naturaliter</strong></span> <span class='ocrx_word' id='word_1_618' title='bbox 1918 4424 2044 4470; x_wconf 88' lang='lat' dir='ltr'><strong>ante</strong></span> <span class='ocrx_word' id='word_1_619' title='bbox 2112 4411 2591 4483; x_wconf 85' lang='lat' dir='ltr'><strong>superaddititiam</strong></span> <span class='ocrx_word' id='word_1_620' title='bbox 2652 4410 2801 4465; x_wconf 88' lang='lat' dir='ltr'><strong>illam</strong></span> <span class='ocrx_word' id='word_1_621' title='bbox 2846 4406 3281 4479; x_wconf 89' lang='lat' dir='ltr'><strong>generationem,</strong></span> <span class='ocrx_word' id='word_1_622' title='bbox 3336 4403 3496 4475; x_wconf 83' lang='lat' dir='ltr'><strong>cujus</strong></span> 
     </span>
    </p>
   </div>
   <div class='ocr_carea' id='block_1_93' title="bbox 235 4499 2193 4574">
    <p class='ocr_par' dir='ltr' id='par_1_93' title="bbox 235 4499 2193 4574">
     <span class='ocr_line' id='line_1_93' title="bbox 235 4499 2193 4574; baseline 0.001 -19"><span class='ocrx_word' id='word_1_623' title='bbox 235 4499 519 4571; x_wconf 80' lang='lat' dir='ltr'><strong>peculiare</strong></span> <span class='ocrx_word' id='word_1_624' title='bbox 547 4508 633 4557; x_wconf 87' lang='lat' dir='ltr'><strong>est</strong></span> <span class='ocrx_word' id='word_1_625' title='bbox 664 4501 961 4558; x_wconf 79' lang='lat' dir='ltr'><strong>insuﬂlatio</strong></span> <span class='ocrx_word' id='word_1_626' title='bbox 990 4502 1165 4573; x_wconf 91' lang='lat' dir='ltr'><strong>prima</strong></span> <span class='ocrx_word' id='word_1_627' title='bbox 1200 4510 1367 4572; x_wconf 91' lang='lat' dir='ltr'><strong>atque</strong></span> <span class='ocrx_word' id='word_1_628' title='bbox 1400 4502 1602 4568; x_wconf 85' lang='lat' dir='ltr'><strong>vitalis,</strong></span> <span class='ocrx_word' id='word_1_629' title='bbox 1637 4504 1821 4559; x_wconf 89' lang='lat' dir='ltr'><strong>animo</strong></span> <span class='ocrx_word' id='word_1_630' title='bbox 1862 4503 2193 4574; x_wconf 89' lang='lat' dir='ltr'><strong>concipitur.</strong></span> 
     </span>
    </p>
   </div>
   <div class='ocr_carea' id='block_1_94' title="bbox 236 4675 1817 4763">
    <p class='ocr_par' dir='ltr' id='par_1_94' title="bbox 236 4686 1817 4761">
     <span class='ocr_line' id='line_1_94' title="bbox 236 4686 1817 4761; baseline 0.001 -17"><span class='ocrx_word' id='word_1_631' title='bbox 236 4688 465 4758; x_wconf 79' lang='grc' dir='ltr'>Θεωρία</span> <span class='ocrx_word' id='word_1_632' title='bbox 486 4690 577 4756; x_wconf 79' lang='grc' dir='ltr'>εις</span> <span class='ocrx_word' id='word_1_633' title='bbox 607 4687 697 4754; x_wconf 84' lang='lat' dir='ltr'><strong>t6,</strong></span> <span class='ocrx_word' id='word_1_634' title='bbox 734 4706 755 4743; x_wconf 89' lang='grc' dir='ltr'><strong>ι</strong></span> <span class='ocrx_word' id='word_1_635' title='bbox 794 4688 1069 4759; x_wconf 71' lang='grc' dir='ltr'>Τρισσήν</span> <span class='ocrx_word' id='word_1_636' title='bbox 1094 4688 1385 4760; x_wconf 77' lang='grc' dir='ltr'>γέννησιν</span> <span class='ocrx_word' id='word_1_637' title='bbox 1408 4690 1553 4761; x_wconf 73' lang='grc' dir='ltr'><strong>ἡμῖν</strong></span> <span class='ocrx_word' id='word_1_638' title='bbox 1594 4686 1760 4746; x_wconf 72' lang='grc' dir='ltr'>οἶδεν</span> <span class='ocrx_word' id='word_1_639' title='bbox 1787 4693 1817 4745; x_wconf 78' lang='grc' dir='ltr'><em>ὁ</em></span> 
     </span>
    </p>
   </div>
   <div class='ocr_carea' id='block_1_95' title="bbox 1919 4675 3495 4763">
    <p class='ocr_par' dir='ltr' id='par_1_95' title="bbox 1925 4675 3495 4763">
     <span class='ocr_line' id='line_1_95' title="bbox 1925 4675 3495 4763; baseline -0.012 -13"><span class='ocrx_word' id='word_1_640' title='bbox 1925 4689 2315 4763; x_wconf 71' lang='lat' dir='ltr'><strong>Conteiupfatio</strong></span> <span class='ocrx_word' id='word_1_641' title='bbox 2360 4691 2417 4744; x_wconf 82' lang='lat' dir='ltr'><strong>in</strong></span> <span class='ocrx_word' id='word_1_642' title='bbox 2463 4685 2641 4742; x_wconf 77' lang='lat' dir='ltr'><strong>illud:</strong></span> <span class='ocrx_word' id='word_1_643' title='bbox 2683 4702 2702 4736; x_wconf 85' lang='grc' dir='ltr'><strong>ι</strong></span> <span class='ocrx_word' id='word_1_644' title='bbox 2729 4679 2942 4753; x_wconf 70' lang='lat' dir='ltr'><strong>Triplex</strong></span> <span class='ocrx_word' id='word_1_645' title='bbox 2998 4682 3294 4736; x_wconf 75' lang='lat' dir='ltr'><strong>nativitatis</strong></span> <span class='ocrx_word' id='word_1_646' title='bbox 3328 4675 3495 4748; x_wconf 72' lang='lat' dir='ltr'><strong>geuu‘</strong></span> 
     </span>
    </p>
   </div>
   <div class='ocr_carea' id='block_1_96' title="bbox 888 4782 1173 4849">
    <p class='ocr_par' dir='ltr' id='par_1_96' title="bbox 888 4782 1173 4849">
     <span class='ocr_line' id='line_1_96' title="bbox 888 4782 1173 4849; baseline -0.007 -13"><span class='ocrx_word' id='word_1_647' title='bbox 888 4782 1103 4849; x_wconf 79' lang='grc' dir='ltr'>Λόγος.</span> <span class='ocrx_word' id='word_1_648' title='bbox 1152 4798 1173 4834; x_wconf 76' lang='grc' dir='ltr'><strong>ι</strong></span> 
     </span>
    </p>
   </div>
   <div class='ocr_carea' id='block_1_97' title="bbox 309 4872 1813 4947">
    <p class='ocr_par' dir='ltr' id='par_1_97' title="bbox 309 4872 1813 4947">
     <span class='ocr_line' id='line_1_97' title="bbox 309 4872 1813 4947; baseline 0 -20"><span class='ocrx_word' id='word_1_649' title='bbox 309 4874 423 4928; x_wconf 75' lang='grc' dir='ltr'><strong>Καὶ</strong></span> <span class='ocrx_word' id='word_1_650' title='bbox 450 4873 750 4947; x_wconf 88' lang='grc' dir='ltr'>συλλήϐδην</span> <span class='ocrx_word' id='word_1_651' title='bbox 794 4873 991 4937; x_wconf 77' lang='grc' dir='ltr'>εἰπεῖν,</span> <span class='ocrx_word' id='word_1_652' title='bbox 1026 4874 1075 4926; x_wconf 80' lang='grc' dir='ltr'>ει</span> <span class='ocrx_word' id='word_1_653' title='bbox 1105 4872 1314 4944; x_wconf 82' lang='grc' dir='ltr'>βούλοιο</span> <span class='ocrx_word' id='word_1_654' title='bbox 1342 4872 1548 4943; x_wconf 88' lang='grc' dir='ltr'>γνῶναι</span> <span class='ocrx_word' id='word_1_655' title='bbox 1575 4874 1684 4929; x_wconf 85' lang='grc' dir='ltr'><strong>τῶν</strong></span> <span class='ocrx_word' id='word_1_656' title='bbox 1718 4872 1813 4928; x_wconf 79' lang='grc' dir='ltr'>τοῦ</span> 
     </span>
    </p>
   </div>
   <div class='ocr_carea' id='block_1_98' title="bbox 238 4964 1815 5037">
    <p class='ocr_par' dir='ltr' id='par_1_98' title="bbox 238 4964 1815 5037">
     <span class='ocr_line' id='line_1_98' title="bbox 238 4964 1815 5037; baseline 0.001 -19"><span class='ocrx_word' id='word_1_657' title='bbox 238 4964 563 5020; x_wconf 85' lang='grc' dir='ltr'>διδασκάλου</span> <span class='ocrx_word' id='word_1_658' title='bbox 623 4965 799 5034; x_wconf 85' lang='grc' dir='ltr'>λόγων</span> <span class='ocrx_word' id='word_1_659' title='bbox 850 4964 951 5037; x_wconf 79' lang='grc' dir='ltr'>τὴν</span> <span class='ocrx_word' id='word_1_660' title='bbox 1004 4964 1315 5035; x_wconf 79' lang='grc' dir='ltr'>ἀκρίϐειαν,</span> <span class='ocrx_word' id='word_1_661' title='bbox 1341 4966 1498 5037; x_wconf 79' lang='grc' dir='ltr'>ζήτει</span> <span class='ocrx_word' id='word_1_662' title='bbox 1522 4966 1607 5029; x_wconf 87' lang='grc' dir='ltr'><strong>τίς</strong></span> <span class='ocrx_word' id='word_1_663' title='bbox 1633 4966 1664 5018; x_wconf 89' lang='lat'><strong>6</strong></span> <span class='ocrx_word' id='word_1_664' title='bbox 1690 4966 1815 5019; x_wconf 81' lang='grc' dir='ltr'>κατ’</span> 
     </span>
    </p>
   </div>
   <div class='ocr_carea' id='block_1_99' title="bbox 236 5054 1815 5129">
    <p class='ocr_par' dir='ltr' id='par_1_99' title="bbox 236 5054 1815 5129">
     <span class='ocr_line' id='line_1_99' title="bbox 236 5054 1815 5129; baseline 0.001 -20"><span class='ocrx_word' id='word_1_665' title='bbox 236 5056 421 5110; x_wconf 68' lang='grc' dir='ltr'>αἰτίαν</span> <span class='ocrx_word' id='word_1_666' title='bbox 449 5056 860 5129; x_wconf 79' lang='grc' dir='ltr'>προηγούμενος</span> <span class='ocrx_word' id='word_1_667' title='bbox 886 5057 986 5127; x_wconf 83' lang='grc' dir='ltr'>τῆς</span> <span class='ocrx_word' id='word_1_668' title='bbox 1028 5054 1319 5127; x_wconf 85' lang='grc' dir='ltr'>ἀνθρώπου</span> <span class='ocrx_word' id='word_1_669' title='bbox 1348 5055 1615 5125; x_wconf 83' lang='grc' dir='ltr'>γενέσεως</span> <span class='ocrx_word' id='word_1_670' title='bbox 1657 5057 1815 5126; x_wconf 89' lang='grc' dir='ltr'>λόγος</span> 
     </span>
    </p>
   </div>
   <div class='ocr_carea' id='block_1_100' title="bbox 236 5149 1819 5221">
    <p class='ocr_par' dir='ltr' id='par_1_100' title="bbox 236 5149 1819 5221">
     <span class='ocr_line' id='line_1_100' title="bbox 236 5149 1819 5221; baseline 0.001 -19"><span class='ocrx_word' id='word_1_671' title='bbox 236 5151 412 5213; x_wconf 71' lang='grc' dir='ltr'>εστὶν,</span> <span class='ocrx_word' id='word_1_672' title='bbox 461 5150 493 5203; x_wconf 86' lang='lat'><strong>6</strong></span> <span class='ocrx_word' id='word_1_673' title='bbox 547 5150 646 5221; x_wconf 82' lang='grc' dir='ltr'>τῆς</span> <span class='ocrx_word' id='word_1_674' title='bbox 699 5150 839 5214; x_wconf 85' lang='grc' dir='ltr'>ίδίας</span> <span class='ocrx_word' id='word_1_675' title='bbox 878 5150 1029 5214; x_wconf 78' lang='grc' dir='ltr'>ὲντδς</span> <span class='ocrx_word' id='word_1_676' title='bbox 1084 5149 1262 5221; x_wconf 77' lang='grc' dir='ltr'>μένων</span> <span class='ocrx_word' id='word_1_677' title='bbox 1322 5150 1411 5203; x_wconf 73' lang='grc' dir='ltr'><strong>ἀεὶ</strong></span> <span class='ocrx_word' id='word_1_678' title='bbox 1456 5150 1819 5221; x_wconf 87' lang='grc' dir='ltr'>μονιμότητος</span> 
     </span>
    </p>
   </div>
   <div class='ocr_carea' id='block_1_101' title="bbox 235 5238 1817 5310">
    <p class='ocr_par' dir='ltr' id='par_1_101' title="bbox 235 5238 1817 5310">
     <span class='ocr_line' id='line_1_101' title="bbox 235 5238 1817 5310; baseline 0.001 -19"><span class='ocrx_word' id='word_1_679' title='bbox 235 5238 671 5309; x_wconf 82' lang='grc' dir='ltr'>ἀνεκφοιτήτως,</span> <span class='ocrx_word' id='word_1_680' title='bbox 705 5238 801 5293; x_wconf 76' lang='grc' dir='ltr'>καὶ</span> <span class='ocrx_word' id='word_1_681' title='bbox 830 5239 914 5303; x_wconf 91' lang='grc' dir='ltr'><strong>τίς</strong></span> <span class='ocrx_word' id='word_1_682' title='bbox 942 5241 971 5292; x_wconf 92' lang='lat'><strong>6</strong></span> <span class='ocrx_word' id='word_1_683' title='bbox 998 5238 1138 5293; x_wconf 84' lang='grc' dir='ltr'>κατὰ</span> <span class='ocrx_word' id='word_1_684' title='bbox 1161 5238 1262 5308; x_wconf 79' lang='grc' dir='ltr'>τὴν</span> <span class='ocrx_word' id='word_1_685' title='bbox 1289 5238 1639 5310; x_wconf 80' lang='grc' dir='ltr'>παιδευτικὴν</span> <span class='ocrx_word' id='word_1_686' title='bbox 1669 5242 1817 5293; x_wconf 76' lang='grc' dir='ltr'>οἱκο-</span> 
     </span>
    </p>
   </div>
   <div class='ocr_carea' id='block_1_102' title="bbox 236 5329 1821 5401">
    <p class='ocr_par' dir='ltr' id='par_1_102' title="bbox 236 5329 1821 5401">
     <span class='ocr_line' id='line_1_102' title="bbox 236 5329 1821 5401; baseline 0.001 -19"><span class='ocrx_word' id='word_1_687' title='bbox 236 5330 437 5399; x_wconf 85' lang='grc' dir='ltr'>νομίαν</span> <span class='ocrx_word' id='word_1_688' title='bbox 466 5330 565 5399; x_wconf 76' lang='grc' dir='ltr'>τῆς</span> <span class='ocrx_word' id='word_1_689' title='bbox 588 5330 897 5401; x_wconf 87' lang='grc' dir='ltr'>γεννήσεως</span> <span class='ocrx_word' id='word_1_690' title='bbox 943 5330 1108 5385; x_wconf 79' lang='grc' dir='ltr'>αὑτοῦ</span> <span class='ocrx_word' id='word_1_691' title='bbox 1133 5330 1221 5385; x_wconf 75' lang='grc' dir='ltr'><strong>διὰ</strong></span> <span class='ocrx_word' id='word_1_692' title='bbox 1251 5329 1351 5401; x_wconf 80' lang='grc' dir='ltr'><strong>τήν</strong></span> <span class='ocrx_word' id='word_1_693' title='bbox 1387 5330 1669 5401; x_wconf 83' lang='grc' dir='ltr'>ἁμαρτίαν</span> <span class='ocrx_word' id='word_1_694' title='bbox 1691 5330 1821 5397; x_wconf 84' lang='grc' dir='ltr'>τρό-</span> 
     </span>
    </p>
   </div>
   <div class='ocr_carea' id='block_1_103' title="bbox 236 5421 1821 5495">
    <p class='ocr_par' dir='ltr' id='par_1_103' title="bbox 236 5421 1821 5495">
     <span class='ocr_line' id='line_1_103' title="bbox 236 5421 1821 5495; baseline 0.001 -20"><span class='ocrx_word' id='word_1_695' title='bbox 236 5438 367 5487; x_wconf 87' lang='grc' dir='ltr'>πος,</span> <span class='ocrx_word' id='word_1_696' title='bbox 400 5422 430 5475; x_wconf 90' lang='lat'><strong>6</strong></span> <span class='ocrx_word' id='word_1_697' title='bbox 457 5421 611 5485; x_wconf 73' lang='grc' dir='ltr'>τέλος</span> <span class='ocrx_word' id='word_1_698' title='bbox 642 5421 785 5493; x_wconf 74' lang='grc' dir='ltr'>ιχων</span> <span class='ocrx_word' id='word_1_699' title='bbox 820 5422 921 5493; x_wconf 80' lang='grc' dir='ltr'><strong>τήν</strong></span> <span class='ocrx_word' id='word_1_700' title='bbox 970 5422 1065 5477; x_wconf 84' lang='grc' dir='ltr'><strong>τοῦ</strong></span> <span class='ocrx_word' id='word_1_701' title='bbox 1110 5422 1637 5494; x_wconf 77' lang='grc' dir='ltr'>παιδαγωγουμένου</span> <span class='ocrx_word' id='word_1_702' title='bbox 1670 5422 1821 5495; x_wconf 89' lang='grc' dir='ltr'>διόρ-</span> 
     </span>
    </p>
   </div>
   <div class='ocr_carea' id='block_1_104' title="bbox 239 5512 1822 5586">
    <p class='ocr_par' dir='ltr' id='par_1_104' title="bbox 239 5512 1822 5586">
     <span class='ocr_line' id='line_1_104' title="bbox 239 5512 1822 5586; baseline 0.001 -20"><span class='ocrx_word' id='word_1_703' title='bbox 239 5512 412 5569; x_wconf 85' lang='grc' dir='ltr'>θωσιν</span> <span class='ocrx_word' id='word_1_704' title='bbox 441 5516 537 5568; x_wconf 80' lang='grc' dir='ltr'>καὶ</span> <span class='ocrx_word' id='word_1_705' title='bbox 568 5515 706 5586; x_wconf 79' lang='grc' dir='ltr'>πρὸς</span> <span class='ocrx_word' id='word_1_706' title='bbox 734 5516 825 5569; x_wconf 72' lang='grc' dir='ltr'><strong>τὸν</strong></span> <span class='ocrx_word' id='word_1_707' title='bbox 875 5515 1033 5585; x_wconf 91' lang='grc' dir='ltr'>λόγον</span> <span class='ocrx_word' id='word_1_708' title='bbox 1070 5516 1167 5586; x_wconf 80' lang='grc' dir='ltr'>τῆς</span> <span class='ocrx_word' id='word_1_709' title='bbox 1209 5513 1375 5568; x_wconf 82' lang='grc' dir='ltr'>αὐτοῦ</span> <span class='ocrx_word' id='word_1_710' title='bbox 1408 5513 1675 5583; x_wconf 82' lang='grc' dir='ltr'>γενέσεως</span> <span class='ocrx_word' id='word_1_711' title='bbox 1719 5515 1822 5585; x_wconf 81' lang='grc' dir='ltr'>τὴν</span> 
     </span>
    </p>
   </div>
   <div class='ocr_carea' id='block_1_105' title="bbox 238 5604 1824 5678">
    <p class='ocr_par' dir='ltr' id='par_1_105' title="bbox 238 5604 1824 5678">
     <span class='ocr_line' id='line_1_105' title="bbox 238 5604 1824 5678; baseline -0.002 -18"><span class='ocrx_word' id='word_1_712' title='bbox 238 5606 457 5661; x_wconf 82' lang='grc' dir='ltr'>τελείαν</span> <span class='ocrx_word' id='word_1_713' title='bbox 500 5607 780 5671; x_wconf 69' lang='grc' dir='ltr'>ἐπάνοδον,</span> <span class='ocrx_word' id='word_1_714' title='bbox 829 5608 925 5661; x_wconf 82' lang='grc' dir='ltr'><strong>καὶ</strong></span> <span class='ocrx_word' id='word_1_715' title='bbox 983 5606 1205 5678; x_wconf 77' lang='grc' dir='ltr'>μαθήσῃ</span> <span class='ocrx_word' id='word_1_716' title='bbox 1254 5605 1448 5675; x_wconf 85' lang='grc' dir='ltr'>σαφῶς</span> <span class='ocrx_word' id='word_1_717' title='bbox 1481 5604 1598 5669; x_wconf 90' lang='grc' dir='ltr'><strong>πῶς</strong></span> <span class='ocrx_word' id='word_1_718' title='bbox 1630 5606 1659 5658; x_wconf 93' lang='lat'><strong>6</strong></span> <span class='ocrx_word' id='word_1_719' title='bbox 1692 5604 1824 5669; x_wconf 79' lang='grc' dir='ltr'>Θεὸς</span> 
     </span>
    </p>
   </div>
   <div class='ocr_carea' id='block_1_106' title="bbox 240 5696 1823 5772">
    <p class='ocr_par' dir='ltr' id='par_1_106' title="bbox 240 5696 1823 5772">
     <span class='ocr_line' id='line_1_106' title="bbox 240 5696 1823 5772; baseline -0.002 -19"><span class='ocrx_word' id='word_1_720' title='bbox 240 5698 539 5770; x_wconf 76' lang='grc' dir='ltr'>γενόμενος</span> <span class='ocrx_word' id='word_1_721' title='bbox 592 5698 882 5772; x_wconf 76' lang='grc' dir='ltr'>ἄνθρωπος</span> <span class='ocrx_word' id='word_1_722' title='bbox 934 5700 1058 5755; x_wconf 80' lang='grc' dir='ltr'>κατ’</span> <span class='ocrx_word' id='word_1_723' title='bbox 1112 5698 1281 5769; x_wconf 83' lang='grc' dir='ltr'>ἄμφω</span> <span class='ocrx_word' id='word_1_724' title='bbox 1326 5696 1549 5761; x_wconf 84' lang='grc' dir='ltr'>τελείως</span> <span class='ocrx_word' id='word_1_725' title='bbox 1608 5698 1823 5767; x_wconf 80' lang='grc' dir='ltr'>γέγονε,</span> 
     </span>
    </p>
   </div>
   <div class='ocr_carea' id='block_1_107' title="bbox 2307 4773 3099 4850">
    <p class='ocr_par' dir='ltr' id='par_1_107' title="bbox 2307 4773 3099 4850">
     <span class='ocr_line' id='line_1_107' title="bbox 2307 4773 3099 4850; baseline -0.013 -14"><span class='ocrx_word' id='word_1_726' title='bbox 2307 4781 2453 4835; x_wconf 77' lang='lat' dir='ltr'><strong>nobis</strong></span> <span class='ocrx_word' id='word_1_727' title='bbox 2487 4775 2725 4850; x_wconf 78' lang='lat' dir='ltr'><strong>agnoscit</strong></span> <span class='ocrx_word' id='word_1_728' title='bbox 2767 4773 3099 4846; x_wconf 68' lang='lat' dir='ltr'><strong>Scriptura.)</strong></span> 
     </span>
    </p>
   </div>
   <div class='ocr_carea' id='block_1_108' title="bbox 1987 4864 3497 4947">
    <p class='ocr_par' dir='ltr' id='par_1_108' title="bbox 1987 4864 3497 4947">
     <span class='ocr_line' id='line_1_108' title="bbox 1987 4864 3497 4947; baseline -0.011 -13"><span class='ocrx_word' id='word_1_729' title='bbox 1987 4877 2168 4947; x_wconf 86' lang='lat' dir='ltr'><strong>thue</strong></span> <span class='ocrx_word' id='word_1_730' title='bbox 2196 4873 2389 4945; x_wconf 85' lang='lat' dir='ltr'><strong>paucis</strong></span> <span class='ocrx_word' id='word_1_731' title='bbox 2415 4871 2715 4934; x_wconf 89' lang='lat' dir='ltr'><strong>absolvam,</strong></span> <span class='ocrx_word' id='word_1_732' title='bbox 2747 4868 2793 4923; x_wconf 92' lang='lat' dir='ltr'><strong>si</strong></span> <span class='ocrx_word' id='word_1_733' title='bbox 2833 4867 3082 4938; x_wconf 90' lang='lat' dir='ltr'><strong>magistri</strong></span> <span class='ocrx_word' id='word_1_734' title='bbox 3105 4874 3415 4922; x_wconf 84' lang='lat' dir='ltr'><strong>accuratam</strong></span> <span class='ocrx_word' id='word_1_735' title='bbox 3440 4864 3497 4918; x_wconf 91' lang='lat' dir='ltr'><strong>in</strong></span> 
     </span>
    </p>
   </div>
   <div class='ocr_carea' id='block_1_109' title="bbox 1921 4958 3498 5038">
    <p class='ocr_par' dir='ltr' id='par_1_109' title="bbox 1921 4958 3498 5038">
     <span class='ocr_line' id='line_1_109' title="bbox 1921 4958 3498 5038; baseline -0.01 -14"><span class='ocrx_word' id='word_1_736' title='bbox 1921 4966 2256 5038; x_wconf 91' lang='lat' dir='ltr'><strong>disputando</strong></span> <span class='ocrx_word' id='word_1_737' title='bbox 2288 4964 2627 5036; x_wconf 91' lang='lat' dir='ltr'><strong>diligentiam</strong></span> <span class='ocrx_word' id='word_1_738' title='bbox 2653 4974 2988 5031; x_wconf 88' lang='lat' dir='ltr'><strong>cognoscere</strong></span> <span class='ocrx_word' id='word_1_739' title='bbox 3019 4958 3126 5023; x_wconf 92' lang='lat' dir='ltr'><strong>vis,</strong></span> <span class='ocrx_word' id='word_1_740' title='bbox 3142 4972 3327 5028; x_wconf 71' lang='lat' dir='ltr'><strong>quaere</strong></span> <span class='ocrx_word' id='word_1_741' title='bbox 3350 4972 3498 5026; x_wconf 83' lang='lat' dir='ltr'><strong>quae-</strong></span> 
     </span>
    </p>
   </div>
   <div class='ocr_carea' id='block_1_110' title="bbox 1922 5051 3501 5127">
    <p class='ocr_par' dir='ltr' id='par_1_110' title="bbox 1922 5051 3501 5127">
     <span class='ocr_line' id='line_1_110' title="bbox 1922 5051 3501 5127; baseline -0.008 -10"><span class='ocrx_word' id='word_1_742' title='bbox 1922 5078 2048 5117; x_wconf 89' lang='lat' dir='ltr'><strong>nam</strong></span> <span class='ocrx_word' id='word_1_743' title='bbox 2073 5061 2145 5116; x_wconf 91' lang='lat' dir='ltr'><strong>sit</strong></span> <span class='ocrx_word' id='word_1_744' title='bbox 2174 5061 2263 5116; x_wconf 91' lang='lat' dir='ltr'><strong>illa</strong></span> <span class='ocrx_word' id='word_1_745' title='bbox 2290 5056 2533 5114; x_wconf 90' lang='lat' dir='ltr'><strong>hominis</strong></span> <span class='ocrx_word' id='word_1_746' title='bbox 2556 5053 2966 5127; x_wconf 88' lang='lat' dir='ltr'><strong>generationem</strong></span> <span class='ocrx_word' id='word_1_747' title='bbox 3019 5051 3313 5107; x_wconf 90' lang='lat' dir='ltr'><strong>causaliter</strong></span> <span class='ocrx_word' id='word_1_748' title='bbox 3360 5065 3501 5121; x_wconf 72' lang='lat' dir='ltr'><strong>prae-</strong></span> 
     </span>
    </p>
   </div>
   <div class='ocr_carea' id='block_1_111' title="bbox 1923 5145 3501 5221">
    <p class='ocr_par' dir='ltr' id='par_1_111' title="bbox 1923 5145 3501 5221">
     <span class='ocr_line' id='line_1_111' title="bbox 1923 5145 3501 5221; baseline -0.01 -11"><span class='ocrx_word' id='word_1_749' title='bbox 1923 5155 2127 5211; x_wconf 87' lang='lat' dir='ltr'><strong>cedens</strong></span> <span class='ocrx_word' id='word_1_750' title='bbox 2147 5152 2306 5217; x_wconf 90' lang='lat' dir='ltr'><strong>ratio,</strong></span> <span class='ocrx_word' id='word_1_751' title='bbox 2340 5166 2461 5221; x_wconf 74' lang='lat' dir='ltr'><strong>qua:</strong></span> <span class='ocrx_word' id='word_1_752' title='bbox 2486 5150 2541 5203; x_wconf 89' lang='lat' dir='ltr'><strong>in</strong></span> <span class='ocrx_word' id='word_1_753' title='bbox 2566 5163 2664 5203; x_wconf 91' lang='lat' dir='ltr'><strong>sua</strong></span> <span class='ocrx_word' id='word_1_754' title='bbox 2686 5145 2983 5201; x_wconf 88' lang='lat' dir='ltr'><strong>stabilitate</strong></span> <span class='ocrx_word' id='word_1_755' title='bbox 3008 5154 3326 5213; x_wconf 87' lang='lat' dir='ltr'><strong>perseverat</strong></span> <span class='ocrx_word' id='word_1_756' title='bbox 3356 5158 3501 5197; x_wconf 77' lang='lat' dir='ltr'><strong>nun-</strong></span> 
     </span>
    </p>
   </div>
   <div class='ocr_carea' id='block_1_112' title="bbox 1923 5232 3501 5314">
    <p class='ocr_par' dir='ltr' id='par_1_112' title="bbox 1923 5232 3501 5314">
     <span class='ocr_line' id='line_1_112' title="bbox 1923 5232 3501 5314; baseline -0.007 -16"><span class='ocrx_word' id='word_1_757' title='bbox 1923 5259 2086 5314; x_wconf 87' lang='lat' dir='ltr'><strong>quam</strong></span> <span class='ocrx_word' id='word_1_758' title='bbox 2121 5256 2429 5313; x_wconf 86' lang='lat' dir='ltr'><strong>egressura,</strong></span> <span class='ocrx_word' id='word_1_759' title='bbox 2469 5248 2527 5294; x_wconf 89' lang='lat' dir='ltr'><strong>et</strong></span> <span class='ocrx_word' id='word_1_760' title='bbox 2581 5238 2706 5308; x_wconf 89' lang='lat' dir='ltr'><strong>quis</strong></span> <span class='ocrx_word' id='word_1_761' title='bbox 2742 5237 2814 5292; x_wconf 92' lang='lat' dir='ltr'><strong>sit</strong></span> <span class='ocrx_word' id='word_1_762' title='bbox 2844 5232 3216 5307; x_wconf 88' lang='lat' dir='ltr'><strong>generationis</strong></span> <span class='ocrx_word' id='word_1_763' title='bbox 3264 5234 3385 5305; x_wconf 90' lang='lat' dir='ltr'><strong>ejus</strong></span> <span class='ocrx_word' id='word_1_764' title='bbox 3432 5248 3501 5287; x_wconf 79' lang='lat' dir='ltr'><strong>ex</strong></span> 
     </span>
    </p>
   </div>
   <div class='ocr_carea' id='block_1_113' title="bbox 1924 5321 3499 5391">
    <p class='ocr_par' dir='ltr' id='par_1_113' title="bbox 1924 5321 3499 5391">
     <span class='ocr_line' id='line_1_113' title="bbox 1924 5321 3499 5391; baseline -0.008 -4"><span class='ocrx_word' id='word_1_765' title='bbox 1924 5333 2133 5387; x_wconf 91' lang='lat' dir='ltr'><strong>delicto</strong></span> <span class='ocrx_word' id='word_1_766' title='bbox 2169 5327 2480 5385; x_wconf 89' lang='lat' dir='ltr'><strong>secundum</strong></span> <span class='ocrx_word' id='word_1_767' title='bbox 2513 5325 2914 5382; x_wconf 88' lang='lat' dir='ltr'><strong>institutorium</strong></span> <span class='ocrx_word' id='word_1_768' title='bbox 2942 5323 3029 5378; x_wconf 90' lang='lat' dir='ltr'><strong>vel</strong></span> <span class='ocrx_word' id='word_1_769' title='bbox 3079 5321 3499 5391; x_wconf 90' lang='lat' dir='ltr'><strong>castigatorium</strong></span> 
     </span>
    </p>
   </div>
   <div class='ocr_carea' id='block_1_114' title="bbox 1927 5411 3498 5488">
    <p class='ocr_par' dir='ltr' id='par_1_114' title="bbox 1927 5411 3498 5488">
     <span class='ocr_line' id='line_1_114' title="bbox 1927 5411 3498 5488; baseline -0.008 -9"><span class='ocrx_word' id='word_1_770' title='bbox 1927 5424 2021 5479; x_wconf 88' lang='lat' dir='ltr'><strong>Dei</strong></span> <span class='ocrx_word' id='word_1_771' title='bbox 2051 5422 2346 5479; x_wconf 87' lang='lat' dir='ltr'><strong>consilium</strong></span> <span class='ocrx_word' id='word_1_772' title='bbox 2370 5419 2589 5482; x_wconf 90' lang='lat' dir='ltr'><strong>modus,</strong></span> <span class='ocrx_word' id='word_1_773' title='bbox 2622 5418 2779 5488; x_wconf 91' lang='lat' dir='ltr'><strong>cujus</strong></span> <span class='ocrx_word' id='word_1_774' title='bbox 2823 5416 2949 5471; x_wconf 83' lang='lat' dir='ltr'><strong>finis</strong></span> <span class='ocrx_word' id='word_1_775' title='bbox 3002 5422 3087 5470; x_wconf 91' lang='lat' dir='ltr'><strong>est</strong></span> <span class='ocrx_word' id='word_1_776' title='bbox 3133 5414 3252 5484; x_wconf 82' lang='lat' dir='ltr'><strong>ejus</strong></span> <span class='ocrx_word' id='word_1_777' title='bbox 3281 5413 3373 5482; x_wconf 89' lang='lat' dir='ltr'><strong>qui</strong></span> <span class='ocrx_word' id='word_1_778' title='bbox 3408 5411 3498 5466; x_wconf 77' lang='lat' dir='ltr'><strong>in-</strong></span> 
     </span>
    </p>
   </div>
   <div class='ocr_carea' id='block_1_115' title="bbox 1920 5499 3492 5579">
    <p class='ocr_par' dir='ltr' id='par_1_115' title="bbox 1920 5499 3492 5579">
     <span class='ocr_line' id='line_1_115' title="bbox 1920 5499 3492 5579; baseline -0.011 -9"><span class='ocrx_word' id='word_1_779' title='bbox 1920 5515 2170 5571; x_wconf 89' lang='lat' dir='ltr'><strong>stituitur</strong></span> <span class='ocrx_word' id='word_1_780' title='bbox 2218 5511 2530 5567; x_wconf 89' lang='lat' dir='ltr'><strong>emendatio</strong></span> <span class='ocrx_word' id='word_1_781' title='bbox 2590 5509 2773 5579; x_wconf 91' lang='lat' dir='ltr'><strong>adque</strong></span> <span class='ocrx_word' id='word_1_782' title='bbox 2828 5507 3100 5562; x_wconf 87' lang='lat' dir='ltr'><strong>rationem</strong></span> <span class='ocrx_word' id='word_1_783' title='bbox 3160 5499 3492 5559; x_wconf 82' lang='lat' dir='ltr'><strong>conditionis</strong></span> 
     </span>
    </p>
   </div>
   <div class='ocr_carea' id='block_1_116' title="bbox 1921 5596 3495 5676">
    <p class='ocr_par' dir='ltr' id='par_1_116' title="bbox 1921 5596 3495 5676">
     <span class='ocr_line' id='line_1_116' title="bbox 1921 5596 3495 5676; baseline -0.012 -15"><span class='ocrx_word' id='word_1_784' title='bbox 1921 5622 2035 5661; x_wconf 82' lang='lat' dir='ltr'><strong>suae</strong></span> <span class='ocrx_word' id='word_1_785' title='bbox 2074 5605 2353 5676; x_wconf 87' lang='lat' dir='ltr'><strong>perfectus</strong></span> <span class='ocrx_word' id='word_1_786' title='bbox 2395 5603 2629 5668; x_wconf 91' lang='lat' dir='ltr'><strong>reditus,</strong></span> <span class='ocrx_word' id='word_1_787' title='bbox 2662 5610 2719 5657; x_wconf 92' lang='lat' dir='ltr'><strong>et</strong></span> <span class='ocrx_word' id='word_1_788' title='bbox 2766 5600 3079 5655; x_wconf 89' lang='lat' dir='ltr'><strong>luculenter</strong></span> <span class='ocrx_word' id='word_1_789' title='bbox 3122 5596 3303 5651; x_wconf 90' lang='lat' dir='ltr'><strong>disces</strong></span> <span class='ocrx_word' id='word_1_790' title='bbox 3357 5605 3495 5664; x_wconf 86' lang='lat' dir='ltr'><strong>quo-</strong></span> 
     </span>
    </p>
   </div>
   <div class='ocr_carea' id='block_1_117' title="bbox 1922 5688 3498 5761">
    <p class='ocr_par' dir='ltr' id='par_1_117' title="bbox 1922 5688 3498 5761">
     <span class='ocr_line' id='line_1_117' title="bbox 1922 5688 3498 5761; baseline -0.013 -7"><span class='ocrx_word' id='word_1_791' title='bbox 1922 5697 2087 5754; x_wconf 90' lang='lat' dir='ltr'><strong>modo</strong></span> <span class='ocrx_word' id='word_1_792' title='bbox 2109 5698 2254 5755; x_wconf 87' lang='lat' dir='ltr'><strong>Deus</strong></span> <span class='ocrx_word' id='word_1_793' title='bbox 2292 5713 2417 5755; x_wconf 91' lang='lat' dir='ltr'><strong>cum</strong></span> <span class='ocrx_word' id='word_1_794' title='bbox 2434 5698 2600 5752; x_wconf 90' lang='lat' dir='ltr'><strong>homo</strong></span> <span class='ocrx_word' id='word_1_795' title='bbox 2637 5696 2794 5752; x_wconf 85' lang='lat' dir='ltr'><strong>fieret</strong></span> <span class='ocrx_word' id='word_1_796' title='bbox 2831 5710 2897 5749; x_wconf 83' lang='lat' dir='ltr'><strong>ex</strong></span> <span class='ocrx_word' id='word_1_797' title='bbox 2948 5700 3186 5761; x_wconf 89' lang='lat' dir='ltr'><strong>utroque</strong></span> <span class='ocrx_word' id='word_1_798' title='bbox 3219 5688 3498 5760; x_wconf 82' lang='lat' dir='ltr'><strong>perfectus</strong></span> 
     </span>
    </p>
   </div>
  </div>
