4026 6288
567 208 702 316 1315

1682 254 1744 311 S.
1783 251 2070 313 MAXIMI
2109 250 2618 318 CONFESSORIS

3667 267 3812 332 ΗΞ)

564 363 856 426 factussit,
889 361 958 417 ad
985 378 1114 417 eum
1133 378 1299 433 quem
1336 362 1575 422 habebat
1608 378 1804 418 revera
1857 364 2132 420 conditio-

2251 367 2368 436 πρὸς
2400 367 2462 421 ὃν
2490 364 2636 438 εἶχεν
2667 369 2882 439 ἀληθῶς
2932 373 3032 442 τῆς
3068 375 3336 442 γενέσεως
3376 377 3538 446 λόγον
3567 379 3660 432 τὸν
3695 382 3813 435 κατ’

566 452 658 509 nis
684 453 952 507 rationem
972 452 1145 506 divini
1163 453 1378 508 consilii
1409 452 1634 507 modum
1663 455 1945 523 sapienter
1969 454 2136 515 reduc

570 558 700 599 cens
722 551 778 598 et
812 544 1063 614 tumjure
1093 544 1459 599 admiraberis
1485 544 1554 599 de
1585 544 1831 614 magistri
1857 545 2134 610 acumine,

568 633 718 703 quod
749 649 810 687 ea
853 649 974 702 qua:
1018 633 1348 688 naturaliter
1381 634 1662 688 cohaarcnt
1686 634 2022 703 cogitatione
2047 649 2138 688 se-

570 742 799 798 gregans
829 726 1262 798 totammysterii
1295 727 1342 780 si
1375 726 1520 796 quod
1551 725 1704 779 aliud
1747 724 1920 779 divini
1950 724 2005 777 in
2036 737 2139 777 no-

569 815 656 871 bis
680 823 862 870 oculte
898 815 1266 872 manifestavit
1290 815 1582 869 rationem.
1608 813 1962 882 Corporalem
1991 810 2138 864 enim

563 901 980 979 generationem
1007 908 1160 962 vitali
1196 906 1564 960 insuﬂlatione
1587 915 1645 960 et
1674 904 2053 959 incarnatione
2084 901 2140 956 in

570 1008 754 1054 mente
797 999 1135 1070 distinguens
1161 997 1492 1070 generatorii
1525 997 1674 1050 modi
1725 1012 1755 1049 a
1805 994 2143 1050 conditionis

573 1092 787 1147 ratione
811 1092 1177 1146 differentiam
1208 1092 1440 1146 obscure
1469 1088 1820 1160 significavit.
1853 1087 2002 1154 Quas
2046 1101 2144 1141 no-

573 1193 688 1238 stra
717 1200 880 1239 causa
908 1185 1051 1238 Deus
1077 1193 1287 1238 natum
1321 1193 1638 1248 renovator,
1687 1181 1870 1236 verius
1909 1179 2143 1248 dixerim

561 1261 1324 1346 'novator,assumpsit,adque
1344 1275 1641 1345 pristinum
1656 1275 1924 1328 honorem
1948 1273 2136 1327 incor-

575 1369 954 1437 ruptibilitatis
981 1370 1128 1424 illam
1161 1368 1391 1424 adduxit
1415 1384 1513 1438 per
1555 1376 1796 1422 sanctam
1833 1381 1986 1420 suam
2024 1377 2146 1434 qum

573 1459 642 1520 de
685 1461 845 1514 nobis
902 1471 1120 1532 sumpta
1183 1472 1238 1516 et
1279 1460 1686 1516 rationabiliter
1733 1459 1973 1514 animata
2024 1465 2146 1512 erat

574 1567 817 1616 carnem,
863 1568 1092 1622 eamque
1140 1552 1446 1608 liberaliter
1509 1552 1734 1620 insuper
1796 1549 2145 1605 deiﬁcatione

574 1644 813 1708 ornavit,
839 1644 918 1708 de
963 1660 1070 1713 qua
1101 1643 1169 1698 ad
1201 1644 1400 1700 animae
1433 1645 1606 1699 instar
1632 1645 1683 1698 in
1728 1657 1958 1712 corpore
1985 1641 2146 1694 inha—

2240 459 2551 528 οἰκονομίαν
2603 461 2782 530 σοφῶς
2834 463 3125 533 ἐπανάγων
3173 467 3394 534 τρόπον,
3428 471 3526 523 καὶ
3557 470 3680 522 τότε
3734 471 3816 524 δι-

2242 550 2415 614 καίως
2443 551 2745 620 Θαυμάσεις
2773 557 2874 625 τῆς
2913 557 3183 620 συνέσεως
3212 559 3306 612 τὸν
3325 559 3669 618 διδάσκαλον.
3701 563 3816 626 πῶς

2243 639 2313 692 τὰ
2343 641 2484 696 κατὰ
2512 641 2611 713 τὴν
2644 642 2808 711 φύσιν
2853 647 3179 715 συνημμένα
3211 651 3332 702 κατ’
3363 651 3606 705 ἐπίνοιαν
3629 653 3817 706 διελὼν

2244 729 2335 785 τὸν
2367 731 2487 785 ὅλον
2515 733 2609 785 τοῦ
2644 735 2729 804 ἐφ’
2759 737 2889 805 ἡμῖν
2918 737 3198 794 θειοτάτου
3236 743 3539 814 μυστηρίου
3569 745 3817 814 κρυφίοις

2245 823 2572 895 διετράνωσε
2612 825 2791 895 λόγον.
2825 827 2942 898 Τὴν
2993 831 3104 902 γὰρ
3132 833 3198 885 ὲκ
3244 834 3517 903 σωμάτων
3565 835 3818 904 γέννησιν

2246 915 2324 984 τῷ
2356 915 2572 986 ζωτικῷ
2603 919 2961 990 ὲμφυσήματι
2995 921 3090 974 καὶ
3138 924 3205 992 τῇ
3238 923 3517 992 σαρκώσει
3545 925 3671 977 κατ’
3700 926 3817 978 ἐπί-

2247 1023 2399 1059 νοιαν
2428 1008 2757 1079 ὲπιμερίσας
2789 1013 2888 1080 τὴν
2933 1011 3072 1083 πρὸς
3088 1012 3179 1066 τὸν
3203 1013 3344 1067 κατὰ
3363 1013 3462 1084 τὴν
3487 1014 3708 1082 γένεσιν
3730 1017 3816 1069 λό-

2248 1117 2343 1168 γον
2375 1101 2468 1154 τοῦ
2506 1102 2650 1156 κατὰ
2693 1104 2793 1173 τὴν
2827 1104 3080 1175 γέννησιν
3138 1107 3340 1174 τρόπου
3383 1107 3654 1176 διαφορὰν
3683 1126 3812 1177 παρα

2248 1193 2490 1264 ῃνίξατο.
2520 1188 2619 1250 Ὧν
2661 1196 3052 1267 ἐπιλαϐόμενος
3105 1197 3171 1251 δι’
3221 1200 3370 1269 ἡμᾶς
3423 1201 3453 1252 ὁ
3502 1199 3603 1270 τὴν
3663 1200 3816 1267 φύσιν

2249 1284 2601 1348 ἁνακαινίσας
2632 1285 2785 1350 Θεὸς,
2821 1286 3022 1356 μᾶλλον
3051 1287 3109 1340 δὲ
3139 1289 3390 1351 καινίσας
3421 1290 3600 1342 εἰπεῖν
3631 1289 3814 1357 ἀληθέ-

2253 1391 2465 1443 στερον,
2496 1376 2590 1426 καὶ
2623 1376 2760 1445 πρὸς
2791 1374 2853 1427 τὸ
2881 1377 3106 1446 ἀρχαῖον
3147 1377 3342 1440 κάλλος
3374 1375 3544 1444 αὐτὴν
3585 1377 3691 1445 τῆς
3719 1377 3813 1445 ἁφ-

2251 1464 2481 1534 θαρσίας
2505 1463 2800 1532 ἐπαγαγὼν
2819 1465 2907 1518 διὰ
2934 1465 3033 1534 τῆς
3061 1466 3255 1535 (22⁷
3289 1465 3354 1535 b)
3385 1465 3444 1530 ἐξ
3474 1465 3638 1535 ἡμῶν
3667 1465 3810 1530 ἁγίας

2242 1554 2418 1612 ,αὑτοῦ
2467 1555 2558 1608 καὶ
2586 1554 2822 1622 λογικῶς
2856 1553 3214 1624 ἐψυχωμένης
3264 1553 3488 1622 σαρκὸς,
3524 1553 3622 1604 καὶ
3670 1552 3809 1604 πλέον

2253 1645 2666 1716 παρασχόμενος
2697 1646 2834 1714 αὐτῇ
2863 1644 3172 1715 φιλοδώρως
3217 1645 3316 1713 τὴν
3368 1643 3584 1704 Θέωσιν,
3619 1636 3691 1710 ἧς
3727 1657 3813 1711 με·

575 1733 786 1789 bitante
817 1734 918 1804 ipsi
952 1735 1042 1804 qui
1077 1735 1394 1789 incarnatus
1419 1743 1504 1790 est
1554 1735 1666 1789 Deo
1710 1733 1965 1788 excidere
2001 1730 2146 1785 haud

2251 1741 2504 1790 ταπεσεῖν
2547 1736 2826 1799 παντελῶς
2882 1737 3164 1806 ἀμήχανον
3202 1733 3352 1804 αὐτῷ
3377 1732 3458 1802 τῷ
3489 1732 3813 1802 σαρκωθέντι

574 1823 790 1890 liceret,
816 1842 937 1895 quae
958 1836 1132 1882 totum
1160 1826 1448 1882 inconfuse
1489 1826 1793 1882 secundum
1840 1825 2146 1878 nnitionem

574 1918 912 1978 circumiret.
953 1935 1158 1988 proque
1184 1919 1360 1990 ipsius
1387 1935 1486 1989 per
1526 1935 1646 1974 eam
1711 1915 2148 1972 manifestatione

574 2008 632 2065 in
665 2018 874 2064 tantum
909 2012 1172 2066 occultari
1203 2011 1474 2081 reciperet
1515 2011 1570 2065 in
1598 2019 1865 2080 quantum
1904 2007 2020 2077 ipse
2053 2022 2150 2076 per

576 2112 697 2153 eam
723 2101 1106 2156 manilestatus
1137 2111 1194 2156 et
1220 2101 1652 2156 occultationem
1708 2114 1863 2158 suam
1899 2110 2151 2167 egressus

575 2205 697 2246 esse
720 2201 946 2262 putatus
979 2203 1098 2248 est:
1132 2203 1190 2248 et
1241 2194 1374 2264 quid
1399 2195 1546 2264 quod
1585 2191 1965 2249 amirabilius?
2004 2186 2152 2258 (ιιιοὰ

570 2285 905 2352 naturaliter
935 2286 1080 2340 Deus
1105 2286 1399 2350 exsistens,
1419 2295 1475 2339 ct
1519 2285 1685 2339 homo
1709 2295 1893 2339 tamen
1926 2291 2154 2335 natura-

576 2375 707 2431 liter
735 2375 851 2429 licri
883 2378 1159 2446 dignatus,
1187 2377 1438 2432 neutrius
1459 2386 1672 2431 natura:
1722 2375 2003 2429 naturales
2041 2390 2155 2427 om-

578 2467 712 2521 nino
769 2467 906 2522 lines
937 2484 1034 2537 per
1079 2469 1309 2522 alteram
1360 2468 1638 2539 migravit,
1682 2467 1776 2521 sed
1830 2451 1978 2522 totus
2008 2467 2154 2520 Deus

577 2556 850 2611 exsisteus
879 2564 1026 2611 totus
1056 2558 1220 2612 homo
1243 2558 1422 2613 factus
1445 2556 1860 2628 perseveravit?
1897 2570 1966 2609 eo
2005 2552 2151 2623 quod

579 2646 726 2703 Deus
775 2656 859 2702 est
910 2649 1208 2717 quominus
1252 2650 1416 2704 homo
1461 2649 1619 2704 fieret
1661 2664 1772 2702 non
1817 2646 2149 2718 prohibitus,

570 2751 760 2808 neque
785 2737 1031 2806 profecto
1052 2753 1119 2792 eo
1141 2738 1289 2808 quod
1312 2739 1476 2794 homo
1503 2738 1682 2793 factus
1707 2738 2028 2815 cstodeitate
2056 2737 2154 2792 de-

578 2829 850 2895 minutus,
877 2846 1021 2884 unus
1050 2839 1106 2886 et
1133 2831 1280 2885 idem
1321 2839 1470 2886 totus
1506 2846 1607 2900 per
1661 2839 1958 2899 utrumque
2006 2844 2154 2883 sem-

579 2936 681 2992 per
701 2923 1030 2988 consistens,
1071 2931 1129 2978 et
1148 2931 1331 2979 tamen
1355 2938 1550 2978 revera
1580 2931 1878 2991 utrumque
1899 2931 1956 2976 et
1985 2921 2154 2975 homo

579 3025 639 3069 et
661 3015 826 3079 Deus,
853 3016 1179 3070 naturaliter
1201 3015 1496 3080 exsistens,
1515 3029 1698 3084 neque
1721 3012 2004 3068 essentiali
2029 3028 2156 3082 par-

583 3105 721 3162 tium
770 3107 1043 3162 naturalis
1086 3107 1414 3162 dilferentiae
1453 3106 1766 3176 integritate
1799 3103 2031 3168 divisus,
2057 3119 2154 3158 ne—

580 3213 690 3268 que
713 3199 1096 3270 singularitate
1118 3199 1443 3254 substantiae
1468 3198 1754 3262 confusus,
1772 3213 1881 3251 non
1913 3204 2156 3250 mutatus

584 3290 642 3347 in
693 3290 1016 3346 inferiorem
1045 3299 1304 3345 naturam
1349 3299 1445 3345 aut
1494 3290 1549 3344 in
1585 3289 1638 3344 id
1675 3288 1823 3358 quod
1871 3301 1982 3341 non
2008 3295 2156 3341 esset

580 3381 861 3451 delapsus.
904 3382 1099 3437 Carnis
1143 3383 1328 3453 specie
1377 3391 1434 3438 et
1483 3381 1660 3436 forma
1707 3381 1980 3444 divinum,
2009 3376 2155 3434 haud

581 3488 697 3544 prae
720 3489 779 3526 se
811 3473 998 3530 ferens
1018 3475 1335 3540 consilium,
1361 3485 1418 3530 et
1439 3490 1562 3545 qua:
1592 3474 1700 3528 alia
1726 3473 1796 3528 ad
1844 3471 2155 3543 subjectum

577 3562 878 3633 recipiens,
907 3565 1314 3621 consummavit
1373 3563 1533 3630 illud,
1567 3564 1662 3619 sed
1709 3565 1884 3633 ipsam
1931 3562 2154 3632 proprie

579 3661 640 3707 et
675 3668 867 3708 revera
914 3665 1246 3726 assumptam
1280 3657 1576 3712 humanam
1611 3671 1801 3712 secum
1827 3656 1946 3726 ipso
1996 3665 2158 3709 natu-

580 3757 701 3798 ram
737 3745 1175 3801 substantialiter
1227 3748 1560 3802 eoadunavit
1594 3747 1869 3802 stabiliter
1913 3753 1971 3802 ct
2019 3761 2156 3799 con-

579 3845 793 3892 stanter
813 3849 870 3895 et
907 3841 1117 3911 integre
1142 3851 1200 3896 et
1247 3841 1712 3911 inseparabiliter,
1754 3851 1924 3910 atque
1964 3853 2155 3892 essen-

579 3926 698 4002 tiali
723 3931 844 4000 ejus
872 3931 1084 3985 ratione
1115 3946 1179 3986 ac
1227 3933 1334 3987 line
1375 3947 1445 3986 ne
1472 3933 1819 3987 dilaberetur
1856 3929 2152 3986 continuit.

581 4018 699 4087 Qua
728 4021 893 4075 etiam
917 4023 1258 4092 coporalem,
1292 4023 1600 4078 secundum
1647 4033 1897 4078 sanctum
1928 4021 2076 4076 hunc
2100 4027 2157 4075 et

581 4123 838 4182 maguum
874 4113 1218 4182 magistrum,
1247 4123 1496 4167 nostram
1526 4113 1941 4183 generationem
1975 4111 2154 4166 hono-

581 4204 746 4268 ravit,
770 4216 827 4258 et
857 4204 1022 4257 homo
1047 4219 1178 4258 vere
1233 4204 1408 4260 factus
1433 4211 1491 4257 et
1509 4203 1818 4257 humanum
1847 4200 1903 4253 in
1930 4198 2155 4252 modum

579 4302 898 4366 generatus,
927 4304 989 4349 ut
1016 4309 1118 4349 nos
1133 4295 1202 4349 de
1229 4294 1609 4364 generationis
1632 4293 1870 4350 vinculis
1893 4293 2154 4358 solveret,

2249 1829 2368 1899 Θεῷ
2398 1831 2576 1900 ψυχῆς
2607 1829 2810 1900 τρόπον
2860 1828 3086 1898 ἐνούσης
3135 1826 3370 1897 σώματι,
3404 1824 3472 1877 δι’
3497 1824 3623 1877 ὅλου
3677 1839 3814 1892 περι-

2250 1920 2582 1990 χωρήσασαν
2638 1919 2960 1990 ἀσυγχύτως
3007 1921 3152 1972 κατὰ
3179 1917 3275 1988 τὴν
3315 1919 3534 1982 ἕνωσιν,
3582 1919 3683 1969 καὶ
3729 1915 3815 1984 τῆς

2249 2010 2418 2065 αὑτοῦ
2443 2011 2564 2064 κατ’
2589 2011 2757 2081 αὐτὴν
2787 2011 3104 2081 ὲκφάνσεως
3134 2008 3390 2064 τοσοῦτον
3433 2005 3816 2062 ἀντιλαὸοὖσαν

2248 2103 2313 2155 τὸ
2340 2102 2680 2173 κρύπτεσθαι
2727 2104 2851 2157 ὅσον
2882 2103 3046 2166 αὑτὸς
3074 2103 3141 2156 δι’
3163 2101 3332 2171 αὑτὴν
3359 2100 3558 2169 γέγονε
3595 2097 3818 2168 φανερὸς

2255 2193 2347 2247 καὶ
2395 2193 2494 2263 τῆς
2537 2193 2744 2256 οἰκείας
2794 2193 3030 2261 φυσικῆς
3091 2191 3453 2261 κρυφιὸτητος
3511 2185 3818 2255 ἐκϐεϐηκὼς

2254 2285 2545 2356 ἐνομίσθη·
2585 2285 2680 2339 καὶ
2724 2285 2778 2338 τί
2833 2284 3021 2338 τούτου
3070 2281 3525 2354 παραδοξότερον,
3557 2283 3640 2333 ὅτι
3673 2279 3818 2348 φύσει

2255 2366 2396 2440 Θεὸς
2417 2375 2699 2445 ὑπάρχων,
2729 2377 2825 2430 καὶ
2867 2376 3154 2446 ἄνθρωπος
3184 2373 3345 2444 φύσει
3386 2373 3643 2442 γενέσθαι
3697 2389 3818 2426 κατ-

2249 2468 2511 2535 αξιώσας,
2539 2469 2826 2539 οὐδετέρας
2872 2469 3086 2536 φύσεως
3111 2469 3234 2530 10b;
3267 2467 3534 2535 φυσικοὺς
3559 2466 3717 2536 ὅρους
3740 2464 3820 2517 διὰ

2251 2563 2352 2631 τῆς
2384 2559 2579 2624 ἑτέρας
2619 2558 2894 2621 παντελῶς
2921 2557 3290 2628 παρήμειψεν,
3314 2556 3430 2610 ἀλλ’
3455 2557 3578 2618 ὅλος
3603 2555 3732 2618 Θεὸς
3753 2554 3822 2607 ῶν

2253 2651 2374 2713 ὅλος
2413 2649 2704 2718 γενόμενος
2758 2648 3026 2717 διέμεινεν
3075 2646 3391 2718 ἄνθρωποςς
3439 2647 3500 2698 οὑ
3559 2645 3638 2716 τῷ
3695 2641 3818 2699 εἶναι

2254 2741 2387 2805 Θεὸς
2417 2741 2702 2812 ἄνθρωπος
2755 2738 3008 2807 γενέσθαι
3066 2737 3431 2808 κωλυόμενος,
3465 2736 3593 2789 οὔτε
3627 2737 3729 2807 μὴν
3754 2735 3821 2803 τῷ

2254 2833 2505 2905 γενέσθαι
2532 2834 2820 2904 ἄνθρωπος
2846 2831 2941 2886 τοῦ
2975 2827 3117 2885 εἶναι
3149 2831 3280 2894 Θεὸς
3308 2831 3726 2900 ἐλαττούμενος,
3752 2822 3820 2890 εἷς

2256 2927 2346 2982 καὶ
2374 2930 2403 2980 ὁ
2433 2928 2594 2991 αὑτὸς
2627 2927 2747 2989 ὅλος
2797 2926 2866 2978 δι’
2919 2926 3124 2995 ἀμφοῖν
3173 2923 3635 2994 συντηρούμενος,
3671 2921 3822 2990 ἀμφ

2179 3052 2228 3115 c
2259 3020 2505 3090 φυσικῶς
2543 3019 2687 3073 κατὰ
2727 3016 2989 3086 ἀλήθειαν
3033 3016 3317 3086 ὑπάρχων,
3347 3016 3497 3115 μήτε
3520 3014 3605 3115 τῶ
3644 3014 3824 3083 ἀκρσι·

2258 3114 2378 3182 φνεῖ
2409 3112 2508 3182 τῆς
2537 3109 2660 3164 κατ’
2688 3109 2880 3162 οὑσίαν
2923 3108 3034 3161 τῶν
3081 3107 3263 3178 μερῶν
3299 3106 3540 3176 φυσικῆς
3575 3105 3826 3174 διαφορᾶς

2250 3205 2652 3277 διαιρούμενος,
2690 3203 2828 3275 μήτε
2892 3202 2998 3273 μὴν
3035 3201 3113 3272 τῷ
3161 3199 3348 3271 ἄκρως
3407 3197 3690 3268 μοναδικῷ
3740 3195 3826 3264 τῆς

2255 3297 2608 3360 ὑποστάσεως
2653 3294 3042 3365 συγχεόμενος,
3072 3293 3134 3346 οὑ
3161 3291 3393 3363 τραπεὶς
3421 3292 3508 3355 εἰς
3539 3289 3645 3360 τὴν
3690 3288 3827 3342 κάτω

2255 3391 2417 3461 φύσιν
2436 3389 2483 3422 ⁸⁸⁵
2512 3388 2607 3442 καὶ
2642 3390 2723 3451 εἰς
2750 3388 2889 3458 ὅπερ
2919 3385 3018 3439 οὑκ
3045 3381 3112 3456 ἦν
3147 3383 3495 3454 μεταπεσών.
3529 3383 3612 3436 Οὐ
3635 3380 3827 3451 gand-

2255 3499 2356 3546 σας
2388 3481 2590 3552 σαρκὸς
2622 3479 2753 3535 εἴδει
2797 3479 2892 3532 καὶ
2941 3478 3184 3548 σχήματι
3235 3477 3336 3546 τὴν
3373 3476 3713 3544 οἰκονομίαν,
3742 3472 3826 3526 καὶ

2253 3575 2356 3628 ὅσα
2387 3573 2547 3645 ἑτέρα
2581 3571 2702 3626 καθ’
2733 3569 3096 3640 ὑποκειμένου
3126 3569 3343 3637 λέγεται
3372 3563 3519 3621 εἶναι
3545 3567 3718 3638 χωρὶς
3743 3563 3826 3619 τοῦ

2252 3666 2617 3732 ὑποκειμένου
2644 3663 2848 3729 λαϐὼν,
2887 3663 3096 3733 ταύτην
3137 3661 3482 3731 ἐπλήρωσεν,
3514 3659 3632 3712 ἀλλ’
3668 3656 3826 3727 αὐτὴν

2255 3758 2462 3827 κυρίως
2525 3757 2815 3828 πράγματι
2884 3756 2984 3809 καὶ
3039 3751 3271 3822 ἀληθείᾳ
3328 3751 3426 3822 τὴν
3486 3747 3826 3820 ἀνθρωπίνην

2256 3847 2584 3918 πφσλαὸὼν
2637 3847 2801 3916 φύσιν
2851 3847 3066 3916 ἥνωσεν
3118 3843 3299 3915 ἑαυτῷ
3348 3841 3477 3896 καθ’
3531 3841 3825 3896 ὑπόστασιν

2254 3940 2545 4010 ἀτρέπτως
2582 3938 2678 3992 καὶ
2705 3936 3082 3998 ἀναλλοιὼτως
3106 3937 3200 3990 καὶ
3223 3934 3514 4005 ἀμειὼτως
3541 3932 3640 3986 καὶ
3666 3931 3826 3984 aim-

2257 4031 2452 4102 ρέτως,
2479 4027 2556 4099 τῷ
2586 4030 2704 4082 κατ’
2739 4027 2926 4081 οὑσίαν
2962 4027 3132 4096 αὐτῆς
3159 4016 3422 4094 λόγῳ·καὶ
3444 4026 3561 4093 ὅρῳ
3595 4021 3824 4088 συνέχων

2255 4122 2624 4176 ἁνέκπτωτον.
2669 4118 2806 4173 Καθ’
2827 4119 2896 4190 ἣν
2941 4119 3039 4172 καὶ⁵
3070 4119 3169 4188 τὴν
3193 4117 3259 4170 ὲκ
3283 4115 3557 4186 σωμάτων
3582 4114 3721 4167 κατὰ
3739 4111 3824 4163 τὸν

2256 4215 2412 4282 ὅιγιον
2455 4211 2648 4266 τοῦτον
2677 4211 2773 4265 καὶ
2803 4211 2979 4281 μέγαν
3015 4209 3220 4280 (228
3245 4226 3279 4262 a
3294 4221 3313 4277 ι
3340 4206 3662 4263 διδάσκαλον
3692 4206 3822 4272 ἠμε-

2257 4306 2422 4376 τέραν
2466 4304 2694 4374 ἐτίμησε
2741 4301 3018 4371 γέννησιν,
3067 4301 3165 4355 καὶ
3209 4300 3505 4370 γενόμενος
3547 4297 3822 4368 ἄνθρωπος

577 4398 647 4440 ac
671 4382 740 4438 de
761 4383 882 4454 lege
911 4399 1020 4454 qua
1045 4399 1147 4440 nos
1168 4385 1236 4439 ad
1266 4384 1380 4440 feni
1404 4385 1579 4442 instar
1627 4386 1698 4441 ob
1721 4394 2006 4456 peccatum
2041 4383 2150 4439 seri

2258 4399 2475 4470 ἀληθῶς
2519 4399 2615 4453 καὶ
2664 4397 3022 4468 ἀνθρωπίνως
3056 4395 3411 4466 γεννώμενος,
3437 4395 3528 4447 ἵνα
3555 4394 3703 4464 ἡμᾶς
3723 4389 3825 4444 τῶν

579 4481 639 4529 et
665 4475 817 4529 nasci
838 4476 1247 4542 consuevimus,
1275 4493 1496 4547 quaque
1520 4477 1576 4531 in
1607 4492 1798 4548 parem
1829 4484 2152 4548 cognatam-

581 4583 689 4639 que
714 4584 837 4623 cum
867 4569 1066 4640 plantis
1093 4579 1259 4640 atque
1288 4569 1470 4625 brutis
1516 4570 1847 4626 animalibus
1876 4572 2152 4626 exsisten-

578 4660 715 4716 tiam
744 4676 1118 4731 procreamur.
1145 4661 1214 4718 Ut
1235 4662 1439 4718 alicubi
1469 4677 1700 4732 magnus
1721 4677 2154 4734 magnorumque

582 4760 857 4822 spectator
909 4753 1166 4808 Ezechiel
1199 4753 1387 4808 divina
1444 4756 1700 4826 mysteria
1728 4754 1981 4809 initiatus
2018 4770 2154 4809 eau-

579 4854 808 4911 samque
837 4843 1123 4911 pnesentis
1145 4842 1289 4897 circa
1333 4842 1612 4899 hominem
1641 4844 1740 4909 Dei
1771 4843 1987 4898 consilii
2018 4844 2156 4899 edo-

579 4940 724 4998 ctus,
752 4932 924 4986 veluti
949 4931 1017 4986 ad
1074 4932 1418 4988 Hierusalem
1470 4933 1635 4988 verba
1664 4933 1874 4989 faciens
1901 4952 1916 4989 :
1945 4934 2152 5002 Ilwcce,

579 5020 692 5083 ait,
731 5019 986 5076 Dominus
1019 5023 1144 5077 dicit
1173 5022 1505 5078 Hierusalem
1527 5040 1546 5078 :
1603 5023 1776 5078 Radix
1806 5034 1898 5080 tua
1919 5036 1966 5080 et
1993 5043 2154 5096 gene-

579 5111 717 5162 ratio
761 5120 854 5165 tua
899 5113 963 5166 de
1012 5123 1158 5168 terra
1205 5114 1539 5180 Chananwa,
1590 5124 1745 5186 pater
1793 5125 1912 5170 tuus
1955 5119 2153 5174 Amor-

582 5199 752 5252 rhmus
785 5210 835 5254 et
860 5211 1031 5258 mater
1053 5212 1145 5259 tua
1173 5204 1412 5261 Heu/ma
1431 5223 1450 5262 :
1484 5208 1540 5260 in
1580 5206 1664 5258 die
1698 5207 1762 5259 de
1785 5223 1892 5276 qua
1917 5217 2048 5262 nata
2077 5225 2152 5275 es,

581 5305 686 5343 non
743 5289 935 5362 ligatus
979 5306 1055 5348 est
1091 5297 1362 5353 umbilicus
1406 5308 1546 5365 tuus,
1593 5302 1726 5354 etin
1771 5317 1914 5370 aqua
1940 5317 2045 5355 non
2099 5319 2153 5360 es

579 5377 712 5447 tota,
740 5397 831 5436 nec
856 5383 970 5438 sale
993 5387 1176 5455 salita,
1214 5406 1306 5444 nec
1341 5389 1580 5446 involuta
1611 5393 1804 5463 pannis
1829 5409 1848 5448 :
1888 5401 1937 5446 et
1972 5397 2153 5466 proje-

2259 4489 2474 4559 δεσμῶν
2503 4491 2606 4559 τῆς
2654 4488 2961 4558 γεννήσεως
2992 4486 3358 4559 ἐλευθερώσῃ,
3393 4485 3494 4539 καὶ
3517 4485 3620 4540 τοὺ
3652 4500 3824 4553 παραφ

2261 4581 2506 4652 πλησίως
2537 4581 2732 4651 χόρτου
2769 4579 3160 4648 σπειρομένους
3191 4579 3254 4631 ἐκ
3285 4577 3588 4647 καταδίκης
3618 4576 3702 4629 διὰ.
3735 4575 3826 4644 τὴν

2260 4673 2538 4744 ἁμαρτίαν
2574 4671 2805 4740 φύεσθαι
2856 4670 3048 4740 νόμου,
3088 4670 3184 4724 καὶ
3224 4668 3328 4722 τοῦ
3368 4668 3466 4740 τὴν
3493 4667 3666 4740 αὐτὴν
3691 4666 3826 4736 ἔχειν

2259 4767 2447 4835 φυτοῖς
2476 4781 2535 4816 τε
2565 4763 2660 4817 καὶ
2685 4763 2903 4832 ἀλόγοις
2937 4760 3097 4826 ζώοις
3129 4762 3230 4831 τῆς
3262 4760 3398 4831 πρὸς
3430 4759 3492 4812 τὸ
3511 4757 3653 4813 εἶναι
3681 4754 3826 4826 γενιέ⁶

2257 4875 2396 4920 σεως
2442 4857 2543 4924 τὴν
2585 4856 2927 4926 συγγένειαν.
2967 4855 3062 4917 ’Ὡς
3121 4853 3225 4908 πού
3282 4869 3449 4923 φησιν
3479 4853 3512 4906 ὁ
3539 4852 3710 4920 μέγας
3739 4847 3826 4902 καὶ

2253 4949 2364 5004 τῶν
2397 4948 2649 5020 μεγάλων
2677 4946 2877 5018 Θεατὴς
2912 4945 3177 5017 Ἱεζεκιὴλ
3203 4946 3269 5000 τὰ
3293 4944 3417 5000 Gaia
3453 4940 3826 5015 μυσταγωγού-

2263 5058 2425 5112 μενος
2472 5041 2566 5095 καὶ
2606 5040 2708 5110 τὴν
2756 5039 2936 5094 αἰτίαν
2981 5040 3082 5110 τῆς
3127 5037 3225 5092 νῦν
3273 5037 3402 5108 np!
3423 5036 3518 5090 τὸν
3551 5035 3825 5105 ἄνθρωπον

2261 5130 2615 5202 ὑπαρχούσης
2665 5129 2976 5199 οἰκονομίας
3037 5128 3518 5197 ἐκπαιδευόμενος.
3566 5125 3642 5188 ὡς
3698 5121 3825 5192 πρὸς

2271 5221 2630 5294 Ἰερουσαλὴμ
2680 5220 2924 5290 φάσκων·
2968 5218 3113 5274 Τάδε
3166 5219 3330 5289 λέγει
3377 5219 3594 5286 Κύριος
3625 5214 3696 5283 τῇ
3731 5214 3821 5268 Ἰε-

2249 5310 2600 5380 ρουσαλὴμ,
2646 5309 2717 5365 Ἦ
2736 5309 2870 5376 ῥίζα
2921 5325 3038 5364 σου
3071 5311 3169 5365 καὶ
3210 5311 3249 5377 ἡ
3281 5309 3573 5379 γέννησίς
3610 5323 3723 5361 σου
3761 5304 3824 5356 ἐι

2258 5401 2366 5474 γῆς
2399 5401 2661 5467 Χαναὰν,
2719 5404 2754 5457 ὁ
2803 5401 3001 5471 πατήρ
3055 5419 3173 5458 σου
3213 5401 3594 5472 Ἀμοιρῤαῖος,
3643 5401 3738 5454 καὶ
3787 5393 3823 5464 ἢ

1875 5556 1956 5609 VA
1969 5556 2103 5613 lll/E
2143 5559 2438 5616 LECTlUN
2445 5561 2547 5618 ES.

648 5663 696 5699 ⁸⁵
734 5663 792 5719 In
819 5665 1134 5739 apographo
1163 5667 1286 5727 cod.
1305 5668 1446 5740 Gud.
1472 5687 1595 5728 meo
1623 5681 1798 5729 exstat
1828 5677 2059 5746 τραπεὶς
2089 5679 2150 5751 τὴ

2251 5678 2351 5734 ατὰ
2380 5679 2564 5749 φύσιν,
2593 5688 2725 5736 cett.
