4026 6288
281 282 411 348 1321
494 230 497 231 ί

1512 286 2027 349 AMBIGUORUM
2066 286 2315 368 LIBER.

3384 298 3523 365 ιδῃ

267 394 470 465 μήτηρ
495 406 615 449 σου
639 394 917 448 Χετταία·
943 393 1016 448 ὲν
1032 393 1225 476 ,ἡμέρᾳ
1253 387 1293 467 ᾖ
1310 396 1558 467 mer
1580 399 1691 451 οὐκ
1708 397 1835 466 ἕδη-

1944 405 2029 452 cta
2054 414 2106 452 es
2133 415 2292 467 super
2309 399 2500 469 {aciem
2521 411 2675 458 terra:
2706 404 2759 458 in
2791 405 3087 476 abjeetione
3118 409 3312 464 animae
3348 417 3518 468 luteis

267 502 395 541 σαν
428 484 537 539 τὸν
566 485 840 555 ὀμφαλόν
866 500 984 540 σου
1005 474 1075 553 ⁵³,
1102 488 1201 542 καὶ
1229 489 1303 541 ἐν
1328 487 1501 543 ὕδατι
1526 490 1639 543 οὐκ
1665 489 1843 543 ἑλού-

264 582 403 646 θης,
454 577 601 633 οὐδὲ
644 579 748 635 ἁλὶ
810 579 1110 649 ἠλίσθης,
1161 582 1264 635 καὶ
1310 582 1684 652 σπαργάνοις
1736 584 1848 638 οὐκ

262 672 762 744 ἐσπαρτανώθης,
810 675 911 728 καὶ
980 676 1316 746 ἀπερρίφης
1369 676 1470 730 ἐπὶ
1522 678 1848 746 πρόσωπον

263 765 374 820 τοῦ
425 765 641 821 πεδίου
693 764 769 835 τῇ
818 770 1166 837 σκολιότητι
1194 768 1305 837 τῆς
1332 767 1541 839 ψυχῆς
1562 785 1679 823 σου
1707 768 1779 821 ἐν
1805 762 1847 840 ᾖ

265 856 460 925 ἡμέρᾳ
485 856 735 926 ἐτέχθης
755 874 770 889 ο
801 859 901 913 καὶ
931 858 1183 926 διῆλθον
1205 857 1308 913 ἐπὶ
1330 858 1429 919 σὲ,
1450 858 1552 912 καὶ
1588 854 1753 913 εἶδόν
1772 874 1845 914 σε

182 948 210 1020 ’ἶ
261 950 657 1018 πεφυρμένην
685 951 756 1005 ἐν
786 949 867 1016 τῷ
889 953 1092 1020 αἵματι
1118 967 1261 1016 σου,
1287 949 1383 1005 καὶ
1414 944 1557 1005 eiad
1588 966 1709 1014 σοι,
1748 952 1843 1005 Ἐκ

188 1016 207 1093 ί
261 1016 373 1095 toi":
399 1016 651 1110 αἵματός
677 1058 796 1097 σου
826 1043 865 1110 ὴ
892 1016 1007 1111 ζωή
1037 1060 1178 1109 σου,
1212 1043 1551 1111 ,πληθύν-ου,
1580 1042 1775 1110 καθὼς
1804 1044 1844 1113 ὴ

260 1130 536 1198 ἀνατολὴ
576 1131 684 1187 τοῦ
713 1133 903 1201 ἀγροῦ
938 1130 1171 1186 δέδωκὰ
1199 1146 1296 1186 σε.
1328 1132 1439 1200 Τῆς
1470 1127 1564 1185 οὖν
1588 1130 1685 1184 τοῦ
1712 1130 1844 1200 φύε-

259 1224 389 1279 σθαι
422 1223 510 1278 διὰ
539 1227 638 1295 τῆς
665 1226 873 1297 σπορᾶς
902 1225 993 1278 ἴσα
1019 1224 1202 1297 χόρτῳ
1225 1224 1318 1278 καὶ
1339 1224 1405 1277 δι’
1432 1223 1664 1295 αἵματος
1700 1224 1843 1279 κατὰ

257 1315 330 1369 τὰ
357 1316 522 1370 λοιπά
554 1316 670 1381 ζῶα
696 1318 797 1388 τὴν
822 1317 969 1389 ζωὴν
996 1317 1142 1388 ἔχειν
1171 1315 1468 1387 καταδίκης
1488 1317 1521 1369 ὁ
1549 1316 1652 1387 τὴν
1679 1314 1841 1387 φύσιν

256 1407 559 1477 ἐξιώμενος
610 1409 705 1464 καὶ
758 1410 895 1480 πρὸς
952 1408 1053 1481 τὴν
1108 1408 1345 1479 ἀρχαίαν
1392 1407 1493 1478 τῆς
1533 1406 1841 1478 ἀφθαρσίας

255 1500 420 1570 χάριν
453 1500 747 1569 ἐπανάγων
780 1500 1005 1571 Κύριος,
1040 1495 1203 1571 ἦλθεν
1230 1498 1403 1570 αὐτὴν
1446 1498 1839 1569 ἐλευθερῶσαι,

256 1593 353 1646 καὶ
386 1592 648 1660 ἐμφανῶς
681 1594 781 1662 μὲν
836 1593 977 1664 αὐτῇ
1007 1592 1182 1657 δεῖξαι
1211 1591 1348 1663 πρὸς
1391 1589 1526 1660 ὅπερ
1571 1589 1837 1661 γενομένη

254 1683 381 1737 κατ’
414 1683 591 1754 ἀρχὰς
618 1683 855 1747 οὺδόλως
887 1682 1115 1754 ἐκινήθη
1150 1684 1333 1748 καλὸν,
1369 1685 1462 1739 καὶ
1508 1682 1751 1754 πατῆσαι
1776 1682 1837 1737 τὸ

1946 488 2030 541 die
2054 505 2158 559 qua
2187 500 2317 544 nata
2355 506 2443 544 es:
2472 500 2519 545 et
2553 496 2778 549 transivi
2806 497 2875 550 ad
2906 506 2973 564 te,
3004 508 3052 552 et
3098 500 3202 553 vidi
3230 507 3279 554 te
3304 503 3522 556 concul-

1945 582 2059 635 cari
2082 582 2136 636 in
2160 586 2420 654 sanguine
2450 593 2559 652 tuo,
2608 594 2657 641 et
2680 587 2803 642 'dixi
2851 590 2981 644 tibi:
3026 590 3108 645 Ex
3143 595 3403 664 sanguine
3428 604 3520 650 tuo

1944 673 2050 729 vita
2071 684 2185 728 tua.
2216 674 2594 746 Multiplicare,
2624 688 2681 731 ut
2713 686 2889 733 ortum
2913 683 3028 752 agri
3052 683 3173 737 dedi
3200 695 3253 738 te
3275 686 3325 738 δ.
3358 687 3520 742 Dam-

1945 769 2159 822 natoria
2184 769 2353 840 igitur
2383 770 2525 841 lege,
2560 785 2669 841 qua
2711 786 2811 841 per
2856 771 3125 829 sationem
3166 790 3351 844 parem
3392 795 3518 833 cum

1944 858 2216 928 gramine,
2252 866 2308 914 et
2353 875 2453 930 per
2483 860 2808 932 sanguinem
2842 863 3091 917 eamdem
3116 880 3241 918 cum
3292 868 3519 937 reliquis

1941 950 2277 1006 animalibus
2326 951 2495 1007 vitam
2549 950 2847 1018 habemus,’
2888 953 3223 1011 liberaturus
3262 966 3516 1011 naturam

1941 1040 2097 1096 venit
2127 1041 2413 1108 Dominus,
2450 1052 2660 1097 natura:
2690 1056 3015 1113 persanator
3046 1053 3101 1099 et
3128 1046 3197 1100 ad
3231 1047 3521 1115 pristinam

1941 1131 2488 1203 incorruptibilitatis
2512 1133 2746 1204 gratiam
2805 1135 3098 1205 deductor,
3122 1136 3392 1207 simulque
3427 1140 3517 1195 lu-

1940 1225 2191 1281 culenter
2233 1224 2283 1281 ei
2309 1235 2721 1280 monstraturus
2758 1226 3053 1295 pulchrum
3089 1226 3156 1281 ad
3200 1228 3349 1297 quod
3388 1220 3518 1284 cen—

1940 1315 2053 1370 dita
2088 1316 2365 1387 principio
2396 1317 2827 1387 haudquaquam
2875 1329 3126 1389 promota
3164 1330 3269 1385 est,
3298 1332 3355 1377 et
3405 1338 3520 1377 ma-

1940 1409 2052 1463 lum
2073 1408 2526 1475 conculcaturus,
2554 1408 2622 1463 ad
2654 1408 2802 1480 quod
2850 1409 3015 1465 simul
3066 1419 3232 1481 atque
3256 1411 3399 1465 facta
3432 1420 3519 1467 est

1937 1499 2321 1556 fraudulenter
2379 1517 2543 1557 omne
2591 1517 2754 1556 suum
2809 1501 3200 1557 innaturaliter
3263 1514 3518 1573 promota

1938 1591 2108 1647 robur
2153 1590 2479 1659 cxinanivit,
2535 1601 2591 1647 et
2651 1593 3007 1665 colligaturus
3054 1595 3520 1665 concupiscentiae

1936 1684 2049 1738 vim
2084 1682 2264 1756 (cujus
2293 1684 2594 1740 umbilicus
2618 1694 2704 1739 est
2734 1684 2957 1755 imago),
2991 1700 3112 1755 qua:
3162 1685 3518 1755 genitabilem

253 1776 496 1846 πονηρὸν
526 1775 665 1845 πρὸς
690 1777 831 1846 ὅπερ
886 1776 1003 1847 ἅμα
1030 1775 1111 1846 τῷ
1136 1776 1393 1843 γενέσθαι
1420 1776 1510 1830 διὰ
1549 1776 1648 1848 τῆς
1688 1773 1835 1829 ἀπάο

1942 1776 1996 1830 iu
2031 1775 2179 1831 bono
2216 1776 2466 1831 habitum
2521 1776 2743 1831 ﬁrmum
2795 1788 2960 1847 atque
3015 1778 3271 1833 stabilem
3320 1778 3518 1834 sortita

254 1884 356 1936 της
385 1868 489 1937 τὴν
517 1868 647 1938 ὅλην
685 1868 860 1939 αὐτῆς
891 1868 1179 1937 κινηθεῖσα
1208 1869 1361 1939 παρά
1399 1868 1562 1939 φύσιν
1607 1867 1836 1922 κατεκέ-

251 1977 395 2012 νωσε
440 1960 693 2031 δύναμιν,
732 1961 829 2015 καὶ
861 1960 1168 2030 καταδῆσαι
1213 1960 1350 2031 πρὸς
1388 1959 1582 2014 ἑαυτὸν
1614 1959 1712 2031 τὴν
1738 1958 1841 2030 τῆς

250 2051 554 2121 ἐπιθυμίας
588 2052 821 2124 δύναμιν
848 2045 937 2125 (ἧς
968 2052 1204 2123 ὑπάρχει
1229 2054 1257 2107 ό
1286 2051 1535 2123 ὀμφαλὸς
1567 2051 1834 2123 (2281))

250 2144 525 2215 σὺμῦολον
544 2146 582 2212 ),
614 2144 714 2214 τὴν
742 2147 802 2198 ὲν
827 2143 906 2215 τῷ
933 2144 1124 2215 ἀγαθῷ
1154 2147 1379 2215 γόνιμον
1406 2144 1523 2211 ἕξιν
1556 2144 1835 2196 λαϐοῦσαν

247 2234 458 2303 παγίαν
490 2236 586 2289 καὶ
610 2236 1029 2307 ἀμετάπτωτον,
1060 2238 1156 2290 καὶ
1188 2236 1378 2290 λοῦσαι
1409 2237 1469 2290 ὲν
1496 2235 1675 2300 ὕδατι,
1698 2233 1834 2287 καθ.

246 2328 377 2396 ἆραι
408 2327 549 2397 λέγω
588 2327 696 2383 τῶν
730 2328 1022 2401 μολυσμῶν
1070 2330 1170 2399 τῆς
1213 2328 1437 2400 ἀγνοίας
1475 2327 1557 2400 τῷ
1603 2326 1834 2395 πελάγει

245 2422 349 2489 τῆς
391 2420 785 2492 περιχυθείσης
826 2421 968 2492 αὑτῇ
1022 2419 1165 2475 κατά
1208 2420 1309 2492 τὴν
1357 2421 1520 2493 χάριν
1553 2418 1832 2487 γνώσεως,

246 2516 345 2567 καὶ
377 2513 558 2568 eum
582 2514 695 2579 ἁλὶ,
730 2514 822 2568 καὶ
850 2513 1250 2585 σπαργανῶσαι
1282 2512 1647 2582 σπαργάνοις,
1670 2527 1830 2565 τουτ-
1890 2558 1902 2574 ,

244 2607 370 2660 ἐστι
406 2607 507 2678 τὴν
538 2608 673 2679 πρὸς
716 2609 855 2679 ὅπερ
900 2607 1128 2677 γέγονεν
1168 2606 1374 2675 ἀγαθὸν
1409 2604 1646 2676 φυσικὴν
1680 2602 1835 2674 ὲνέρο

1937 1878 2045 1929 est,
2082 1856 2141 1924 et
2194 1868 2412 1924 loturus
2466 1869 2520 1922 in
2580 1884 2743 1939 aqua,
2772 1880 3128 1941 purgaturus,
3178 1871 3518 1941 inquam,de

1936 1958 2263 2031 ignorantiae
2318 1958 2757 2030 inquinamentis
2791 1962 2847 2015 in
2872 1961 3016 2015 unda
3055 1963 3390 2033 cognitionis
3427 1978 3517 2019 sc-

1936 2051 2181 2106 cundum
2207 2051 2438 2122 gratiam
2463 2052 2565 2123 ipsi
2597 2051 2964 2121 circumfusae,
2996 2061 3053 2107 et
3072 2054 3338 2108 saliturus
3381 2055 3516 2119 sale,

1933 2150 1991 2196 et
2017 2142 2367 2199 involuturus
2415 2144 2633 2214 pannis,
2679 2144 2785 2200 hoc
2808 2156 2895 2201 est
2918 2146 3226 2199 naturalem
3267 2145 3333 2199 ad
3366 2145 3517 2216 quod

1936 2232 2141 2288 bonum
2176 2244 2468 2304 procreata
2500 2244 2586 2289 est
2608 2234 2883 2291 actionem
2916 2235 3118 2307 Spiritu
3164 2236 3395 2291 ﬁrmiter
3426 2252 3518 2291 so-

1935 2325 2183 2390 lidando,
2207 2325 2633 2397 putrefactionis
2660 2324 2958 2383 affectuum
2978 2343 3172 2399 puram
3192 2327 3518 2383 redditurus

1933 2427 1990 2471 et
2024 2418 2365 2489 incapacem,
2400 2428 2457 2473 et
2495 2434 2749 2473 verarum
2778 2418 2849 2489 [in
2878 2418 3047 2474 rebus
3098 2434 3221 2488 quae
3245 2426 3375 2474 sunt
3424 2434 3516 2473 ra-

1934 2510 2147 2565 tionum
2178 2511 2385 2566 amictu
2433 2524 2743 2581 pannorum
2778 2509 2945 2566 modo
2974 2508 3517 2582 circumstringendo

1934 2603 2003 2656 ab
2024 2602 2175 2657 omni
2202 2602 2473 2683 etinsione
2509 2604 2879 2660 cohibiturus.

242 2714 405 2766 γειαν
431 2696 600 2768 ἀπρὶξ
626 2698 932 2769 στερεὼσας
960 2697 1039 2769 τῷ
1067 2698 1359 2769 πνεύματι,
1394 2696 1610 2767 σήψεως
1632 2694 1820 2749 παθῶν
1858 2693 2107 2765 καθαρὰν
2139 2697 2479 2765 καταστῆσαι
2514 2698 2609 2751 καὶ
2638 2698 3007 2762 ἀνεπίδεκτον,
3035 2697 3129 2752 καὶ
3152 2698 3218 2769 τῇ
3255 2696 3514 2775 περιδολῇ

244 2788 359 2843 τῶν
390 2791 450 2845 ἐν
482 2791 598 2854 τοῖς
630 2784 781 2845 οὖσιν
843 2790 1063 2862 ἀληθῶν
1093 2790 1270 2860 λόγων
1330 2790 1487 2861 δίκην
1555 2787 1886 2861 σπαργάνων
1918 2787 2282 2859 περισφίγξας
2323 2789 2608 2862 ἀδιάχυτον
2657 2789 2935 2852 παντελῶς
2964 2790 3406 2862 ἀπεργάσασθαι.

624 2966 809 3035 Ἄλλη
838 2969 928 3033 εις
958 2964 1024 3020 τὸ
1051 2965 1199 3021 αὐτὸ
1227 2964 1458 3034 θεωρία.

320 3080 495 3151 Τυχόν
531 3079 590 3134 δὲ
631 3080 723 3134 διὰ
772 3081 881 3135 τῶν
906 3080 1215 3152 εἰρημένων
1248 3080 1277 3134 ό
1304 3080 1624 3147 διδάσκαλος
1651 3080 1829 3157 διττὸν

2323 2964 2446 3021 Atia
2471 2966 2527 3019 in
2562 2966 2697 3019 idem
2722 2968 3115 3039 contemplatio.

2005 3076 2256 3134 Fortasse
2289 3093 2421 3135 vero
2456 3077 2577 3134 istis
2606 3078 2792 3133 verbis
2829 3079 3091 3151 magister
3113 3080 3388 3152 duplicem
3422 3099 3511 3141 es-

242 3168 387 3228 εἶναι
416 3173 507 3227 τὸν
539 3172 681 3226 κατὰ
723 3171 824 3243 τὴν
852 3172 1066 3240 γένεσιν
1100 3173 1199 3243 τῆς
1230 3171 1583 3243 ἀνθρωπίνης
1612 3172 1826 3241 φύσεως

1934 3185 1992 3227 se
2022 3169 2277 3227 humana:
2303 3171 2605 3226 secundum
2620 3171 2992 3227 conditionem
3012 3182 3222 3229 natura:
3238 3176 3510 3233 rationem

245 3264 408 3333 λόγον
435 3280 496 3316 τε
529 3264 623 3317 καὶ
660 3262 867 3334 τρόπον
897 3262 1313 3334 εἰσηγούμενος,
1355 3262 1447 3316 τὸν
1489 3262 1589 3332 μὲν
1631 3261 1830 3333 ψυχῆς,

1933 3276 1999 3317 ac
2026 3262 2249 3318 modum
2274 3270 2544 3329 statuens,
2571 3263 2803 3318 alterum
2834 3264 3053 3329 animae,
3090 3265 3327 3320 alterum
3382 3283 3511 3324 cor-

242 3360 341 3412 τδν
369 3359 427 3414 δὲ
458 3357 733 3428 σώματος,
760 3357 859 3427 τὴν
902 3357 968 3409 ἐκ
1001 3355 1275 3427 σωμάτων
1316 3356 1575 3425 γέννησιν
1614 3356 1694 3419 εἰς
1740 3353 1835 3408 δύο

1934 3354 2106 3424 poris,
2131 3355 2470 3426 corporalem
2492 3356 2905 3425 generationem
2924 3356 2980 3409 in
3006 3356 3146 3411 duas
3169 3357 3509 3428 cogitatione

248 3455 373 3510 κατ’
400 3455 650 3509 ιπίνοιαν
695 3452 859 3508 διεῖλε
904 3452 1208 3523 γεννήσεις,
1237 3450 1338 3522 τὴν
1370 3449 1470 3521 μὲν
1505 3448 1684 3521 ψυχὴν
1734 3451 1831 3520 ὲμ-

245 3548 457 3617 φαίνων
490 3547 743 3617 ἀρῤήτως
771 3546 836 3598 ὲκ
866 3544 960 3598 τοῦ
991 3543 1135 3598 θείου
1170 3543 1263 3596 καὶ
1312 3541 1544 3607 ζωτικοῦ
1578 3541 1830 3612 ἐμφυσή-

246 3655 423 3710 ματος
460 3637 879 3708 συνισταμένην,
908 3637 969 3692 τὸ
1000 3636 1057 3691 δὲ
1086 3635 1248 3705 σῶμα
1272 3635 1339 3689 ἐκ
1383 3632 1485 3705 τῆς
1528 3632 1829 3703 ὑποκειμέ-

246 3747 347 3799 νης
380 3729 515 3800 ὕλης
539 3730 635 3784 τοῦ
666 3730 725 3796 ἐξ
767 3721 940 3799 οὗπέρ
968 3730 1115 3783 ἐστιν
1138 3728 1259 3799 ἅμα
1278 3729 1344 3798 τῇ
1375 3725 1524 3798 ψυχῇ
1560 3725 1703 3781 κατά
1730 3724 1831 3796 τὴν

249 3819 521 3891 σύλληψιν
569 3820 855 3890 γινόμενον
896 3812 1193 3889 ’σώματος.
1248 3817 1325 3870 Οὐ
1376 3814 1489 3885 γὰρ
1525 3814 1617 3869 τὸν
1664 3812 1830 3868 αὐτὸν

244 3910 690 3981 ἀπαραλλάκτως
735 3908 902 3979 φάναι
950 3907 1109 3977 θέμις
1154 3907 1241 3960 ἐπ’
1281 3905 1487 3977 ἀμφοῖν
1523 3903 1625 3975 τῆς
1674 3901 1829 3971 γενέ-

248 4020 393 4066 σεως
423 3999 566 4057 εἶναι
601 4002 694 4055 τὸν
722 4002 880 4069 λόγον
910 4001 1006 4056 καὶ
1037 4000 1131 4053 τὸν
1172 3998 1391 4071 τρόπον,
1418 3998 1500 4051 ὅτι
1536 3995 1671 4067 μηδὲ
1693 4012 1828 4049 ταυ-

245 4096 343 4150 τὸν
370 4095 626 4167 ἀλληλοις
667 4095 807 4150 κατὰ
847 4094 947 4164 τὴν
989 4092 1184 4147 οὐσίαν
1230 4090 1398 4161 ἄμφω
1420 4088 1593 4144 ταῦτα
1624 4086 1828 4157 τυγχά-

245 4200 456 4241 νουσιν.
496 4182 597 4239 Ὧν
631 4187 741 4257 γὰρ
766 4185 1019 4255 ἀλλήλοις
1060 4183 1137 4255 μὴ
1186 4181 1381 4237 ταυτόν
1420 4182 1535 4233 ἐστι
1573 4179 1635 4233 τὸ
1664 4174 1825 4241 εἶναι,

242 4279 454 4333 τούτων
497 4279 740 4348 δηλονότι
778 4278 873 4333 καὶ
919 4280 949 4333 ὁ
994 4276 1132 4348 πρὸς
1173 4274 1381 4346 ἄλληλα
1433 4273 1533 4344 τῆς
1562 4272 1826 4341 γενέσεως

245 4370 633 4443 παρήλλακται
677 4370 834 4438 λόγος
884 4369 978 4424 καὶ
1025 4368 1247 4439 τρόπος.
1291 4366 1453 4420 Ἀλλά
1497 4364 1674 4434 ψυχῆς
1728 4363 1827 4433 μὲν

242 4461 406 4517 ἄλλον
451 4459 591 4515 εἶναι
623 4460 831 4515 δίκαιον
873 4458 1079 4512 οἴεσθαι
1124 4457 1218 4510 καὶ
1264 4455 1420 4521 λόγον
1464 4454 1559 4508 καὶ
1600 4452 1823 4523 τρόπον,

1930 3446 2121 3502 divisit
2143 3448 2547 3518 generationes,
2575 3447 2813 3503 animam
2840 3447 3063 3517 quidem
3094 3448 3309 3506 occulte
3334 3449 3509 3521 signi-

1930 3537 2103 3594 ﬁcans
2121 3554 2187 3593 ex
2210 3538 2400 3594 divino
2422 3549 2587 3609 atque
2628 3539 2782 3594 vitali
2820 3540 3193 3598 insuﬂlatione
3226 3555 3507 3611 constare,

1928 3646 2131 3701 corpus
2159 3646 2291 3687 vero
2319 3646 2385 3686 ex
2416 3632 2662 3703 subjecta
2688 3632 2922 3688 materia
2952 3634 3073 3705 ejus
3114 3633 3259 3690 unde
3282 3635 3354 3690 sit
3381 3651 3508 3691 eor-

1927 3722 2082 3805 poris
2098 3722 2261 3777 simul
2296 3738 2421 3779 cum
2463 3724 2646 3779 anima
2673 3726 3058 3796 conceptionis
3095 3727 3183 3783 via
3227 3727 3366 3784 ﬁeri.
3396 3728 3509 3785 Ne-

1928 3828 2037 3884 que
2068 3814 2216 3869 enim
2249 3813 2330 3869 fas
2345 3824 2431 3869 est
2457 3816 2665 3887 absque
2698 3816 2809 3873 ulla
2838 3817 3150 3875 ditl'erentia
3182 3819 3239 3875 in
3267 3828 3509 3891 utroque

1926 3905 2178 3961 eamdem
2207 3906 2547 3963 conditionis
2572 3908 2761 3963 dicere
2819 3910 3091 3965 rationem
3145 3919 3201 3966 et
3256 3912 3505 3978 modum,

1926 3996 2188 4065 quoniam
2244 4013 2348 4053 nec
2395 3998 2540 4053 iden‘l
2595 4001 2663 4053 de
2698 4000 2940 4055 essentia
2996 4000 3161 4056 ambo
3210 4004 3504 4058 exsistunt.

1927 4088 2170 4155 Quorum
2205 4090 2351 4144 enim
2404 4090 2730 4145 exsistcntia
2771 4108 2881 4146 non
2912 4092 3104 4148 eadem
3144 4103 3253 4161 est,
3308 4094 3505 4150 horum

1926 4190 1983 4236 et
2040 4181 2385 4238 conditionis
2448 4182 2720 4237 rationem
2769 4200 2832 4238 ac
2889 4185 3114 4239 modum
3187 4186 3507 4257 discrepare

1928 4281 2099 4341 patet.
2132 4272 2268 4337 lmo,
2307 4273 2505 4328 anima:
2528 4273 2751 4344 quidem
2801 4291 2901 4345 par
2932 4284 3017 4331 est
3066 4276 3296 4332 credere
3333 4277 3506 4332 alium

1924 4377 2047 4417 esse
2077 4372 2133 4419 et
2156 4362 2428 4418 rationem
2456 4372 2513 4419 et
2542 4365 2788 4430 modum,
2822 4382 2932 4437 quo
2976 4367 3068 4426 ﬁat
3102 4378 3157 4423 et
3200 4369 3273 4426 sit
3295 4377 3350 4424 et
3381 4386 3506 4441 per-

1928 4464 2169 4519 severet,
2197 4465 2255 4509 et
2279 4457 2446 4511 alium
2481 4458 2738 4513 similiter
2767 4461 3037 4531 corporis,
3074 4478 3185 4533 quo
3222 4462 3317 4516 ﬁat
3355 4472 3410 4517 et
3433 4463 3507 4519 sit

245 4551 370 4605 καθ’
403 4550 464 4604 ὃν
506 4548 716 4618 γίνεται
764 4566 824 4602 τε
858 4547 954 4601 καὶ
1004 4546 1121 4601 ἔστι
1153 4546 1249 4599 καὶ
1278 4543 1631 4616 ἀμεταϐόλως
1674 4541 1827 4612 μένει

1934 4550 1985 4594 et
2006 4543 2125 4597 sine
2151 4545 2261 4599 ulla
2290 4545 2673 4603 immutatione
2707 4530 2948 4615 maneat,
2972 4530 3178 4607 etcum
3205 4554 3389 4609 anima
3410 4568 3506 4609 co-

246 4642 410 4711 σῶμα
440 4640 536 4695 καὶ
570 4640 716 4711 ψυχῇ
754 4637 1183 4709 συναπτόμενον.

243 4818 442 4892 (229
466 4817 536 4889 α)
571 4816 792 4886 Θεωρία
821 4817 1125 4887 σύντομος
1173 4815 1323 4884 πρὸς
1351 4814 1493 4881 τοὺς
1529 4815 1822 4885 λέγοντας

318 4910 729 4980 προϋπάρχειν
753 4911 790 4978 ἢ
818 4907 1227 4980 μεθυπάρχειν
1251 4907 1369 4962 τῶν
1387 4908 1681 4980 σωμάτιον
1718 4910 1822 4977 τὰς

315 5002 543 5073 ψυχάςο

316 5120 383 5173 Ei
421 5117 517 5172 καὶ
546 5118 663 5187 ἃμα
700 5114 843 5170 κατὰ
871 5115 971 5187 τὴν
1005 5115 1243 5187 ὓπαρξιν
1271 5115 1618 5187 ἀμφοτέρων,
1646 5116 1819 5187 ψυχῆς

241 5212 391 5279 λέγω
421 5210 517 5262 καὶ
547 5206 819 5278 σώματος,
852 5208 881 5260 ό
923 5206 1085 5271 αὐτός
1121 5207 1240 5259 ἐστι
1263 5207 1364 5276 τῆς
1401 5208 1669 5275 γενέσεως
1692 5211 1821 5280 χρό-

241 5320 356 5366 νος,
388 5301 603 5364 οὐδενὸς
651 5298 746 5352 τοῦ
804 5298 993 5370 ἐτέρου
1038 5299 1504 5370 προῦπάρχοντος,
1540 5300 1613 5364 ὼς
1664 5301 1821 5372 ἔφηνν

243 5395 390 5448 κατὰ
429 5392 529 5464 τὴν
558 5392 771 5460 γένεσιν
801 5391 834 5460 ἢ
868 5390 1333 5463 μεθυπάρχοντος,
1364 5390 1454 5445 ἵνα
1496 5394 1570 5466 μὴ
1624 5392 1717 5447 τοῦ
1764 5396 1822 5463 ἐξ

315 5527 345 5566 δ
374 5523 575 5581 Ezech.
602 5539 708 5589 xvr,
734 5522 771 5577 3
798 5536 947 5592 seqq.

1920 4631 2194 4700 pulatum,
2233 4648 2452 4701 corpus.

1928 4807 2316 4878 Contemplatio
2356 4809 2521 4864 brevis
2555 4811 2624 4864 ad
2664 4828 2748 4865 eos
2773 4813 2864 4883 qui
2898 4810 3080 4868 dicunt
3129 4817 3340 4871 animas
3380 4826 3505 4872 ante

2322 4898 2403 4954 vel
2439 4909 2553 4969 post
2596 4919 2818 4974 corpora
2843 4906 3107 4960 exsistere.

1998 5126 2261 5194 Quamvis
2322 5128 2486 5184 simul
2544 5130 2698 5200 juxta
2763 5129 3124 5184 substantiam
3180 5132 3499 5203 utriusque,

1929 5220 2149 5282 animae,
2172 5220 2417 5289 inquam,
2442 5230 2499 5275 et
2518 5220 2791 5290 corporis,
2821 5220 2968 5276 idem
3014 5229 3099 5276 est
3127 5226 3502 5292 generationis

1933 5315 2173 5378 tempus.
2212 5325 2335 5363 cum
2360 5318 2623 5363 neutrum
2653 5309 2808 5365 alteri
2842 5312 3206 5379 praeexsistat,
3241 5316 3503 5383 quemad-

1931 5386 2152 5454 modum
2209 5399 2343 5466 dixi,
2397 5400 2703 5455 secundum
2766 5401 3200 5472 generationem,
3250 5405 3334 5461 vel
3378 5414 3503 5478 post

1511 5616 1747 5677 VARIA‘I
1783 5620 2182 5685 LECTIONl‘IS.

318 5733 368 5767 ³³
404 5727 792 5802 Apographum
820 5727 1023 5797 praebet
1054 5729 1329 5800 ὀφθαλμόν
1362 5749 1477 5788 σου.

496 5824 769 5887 Ριτιιοι.
803 5825 919 5885 GR.
957 5824 1103 5885 XCI.
