4026 6288
571 311 707 378 1323

1725 297 1786 358 S.
1825 291 2113 356 MAXIMI
2147 287 2654 353 CONFESSORIS

3663 282 3776 347 132$

568 422 820 485 exsistat,
852 433 921 474 ne
941 429 1007 472 ex
1037 413 1229 469 formae
1261 410 1330 465 de
1364 416 1600 479 utroque
1623 405 1873 462 conflata:
1909 402 2138 475 integri-

2257 401 2443 472 ὶμφοϊν
2472 397 2646 461 εἴδους
2676 397 2753 461 ὠς
2777 395 2903 449 ὅλου
2922 395 3082 468 λυθῇ,
3105 394 3328 459 δικαίως
3345 395 3392 426 ⁸⁸
3409 394 3473 448 ἂν
3499 394 3529 447 ὁ
3552 394 3638 448 τοῦ
3662 399 3778 468 πρός

569 521 680 566 tate
707 510 976 572 solvatur,
1015 506 1163 576 justa
1193 499 1372 556 videri
1398 505 1567 569 queat
1589 497 1733 551 ratio
1757 495 2012 557 relativa,
2035 507 2144 563 qua

570 600 882 674 prmcedere
929 596 1300 653 substantiam
1331 592 1498 648 unius
1550 600 1809 660 tanquam
1843 587 2017 658 partis
2055 601 2146 641 se-

572 695 814 752 cundum
844 709 904 748 se
935 691 1290 746 exsistentem
1341 692 1524 755 putes,
1576 697 1699 753 qua:
1751 681 1820 736 ad
1875 677 2024 734 aliud
2059 693 2148 734 se-

573 787 816 844 cundum
836 793 1090 841 naturam
1118 779 1455 836 irrelativam
1475 775 1702 831 omnino
1719 773 1924 828 habeat
1946 770 2149 826 unitio-

573 896 721 946 nem,
752 895 818 934 ac
831 887 1125 949 propterea
1160 887 1444 942 nunquam
1500 884 1625 924 cum
1651 866 1761 922 alio
1783 865 1851 920 de
1875 862 2150 934 composi-

575 973 726 1027 tione
747 967 980 1024 alterius
1029 963 1317 1036 cujusdam
1363 961 1694 1016 naturaliter
1723 956 1997 1027 compleat
2013 955 2146 1010 sub-

574 1063 856 1127 stantiam,
879 1060 1012 1130 quin
1039 1057 1093 1112 id
1130 1057 1219 1111 fiat
1236 1071 1360 1110 cum
1385 1052 1743 1122 corruptione
1767 1061 1823 1105 et
1843 1048 2148 1103 mutatione

579 1156 635 1211 in
672 1154 726 1209 id
753 1152 902 1224 quod
942 1166 1054 1206 non
1082 1157 1222 1205 erat.
1244 1147 1401 1215 Quod
1427 1147 1574 1202 enim
1623 1160 1721 1214 per
1743 1159 1802 1199 se
1832 1140 2148 1212 singulatim

576 1243 1022 1318 praeexsistebat,
1059 1242 1115 1296 in
1167 1240 1396 1296 alterius
1447 1237 1730 1310 cujusdam
1778 1233 1983 1305 speciei
2015 1232 2149 1288 sub-

576 1339 837 1396 stantiam
897 1336 1180 1391 transferri
1272 1349 1374 1404 per
1445 1341 1697 1386 naturam
1783 1342 1894 1382 non
1945 1331 2147 1396 potest.

577 1429 636 1486 Si
684 1445 817 1484 vero
840 1429 896 1483 in
954 1427 1186 1483 alterius
1230 1423 1438 1496 speciei
1503 1421 1967 1492 complementum
2001 1415 2149 1487 quod

577 1519 993 1592 praeexsistebat
1023 1516 1094 1572 ad
1120 1515 1271 1571 aliud
1296 1513 1752 1584 compositionem
1783 1508 2034 1580 suscipit,
2055 1516 2152 1561 aut

577 1610 886 1666 secundum
915 1619 1168 1664 naturam
1193 1606 1339 1662 istud
1375 1605 1603 1661 omnino
1627 1603 1784 1665 facit,
1816 1611 1912 1656 aut
1957 1607 2150 1655 contra

577 1715 848 1760 naturam.
874 1701 953 1757 Ac
986 1701 1033 1756 si
1068 1699 1290 1771 quidem
1334 1696 1639 1753 secundum
1680 1703 1962 1758 naturam,
2003 1706 2149 1746 nun-

2245 510 2298 546 τι
2321 491 2479 560 λόγος
2515 487 2899 562 πρεσϐυτέραν
2944 488 3084 558 ἔχων
3118 487 3241 542 καθ’
3267 488 3474 558 ἑαυτὴν
3511 482 3663 543 οὖσαν
3697 490 3779 560 τὴν

2244 583 2341 638 τοῦ
2372 583 2490 648 ἐνὸς
2519 583 2596 647 ὡς
2647 580 2848 653 μέρους
2881 581 3202 654 ὑπόστασιν,
3233 580 3331 634 καὶ
3359 581 3494 651 πρὸς
3523 579 3642 634 ἄλλο
3661 583 3780 635 κατὰ

2245 674 2345 748 τὴν
2383 676 2548 745 φύσιν
2591 672 2942 727 παντάπασιν
2957 672 3002 704 ⁵⁷
3032 671 3262 741 ἄσχετον
3291 670 3533 741 ,ἔχουσαν
3555 670 3646 743 τὴν
3669 672 3782 724 ἐνω-

2249 785 2334 821 σιν
2355 765 2423 832 ",
2458 767 2554 821 καὶ
2577 765 2668 820 διὰ
2700 763 2861 819 τοῦτο
2891 763 3162 835 μηδέποτε
3197 765 3299 834 τὴν
3347 764 3450 816 σὺν
3470 763 3627 831 ξᾶλλῳ
3663 764 3780 817 κατὰ

2250 860 2498 916 σύνθεσιν
2539 860 2701 915 ἄλλου
2751 858 2897 922 τινὸς
2934 857 3182 926 φυσικῶς
3231 854 3647 927 συμπληροῦσαν
3677 855 3784 910 ὑπό-

2250 968 2441 1005 στασιν
2486 949 2657 1022 χωρὶς
2687 948 2897 1020 φθορᾶς
2927 947 3022 1000 καὶ
3045 947 3145 1018 τῆς
3182 945 3322 1016 πρὸς
3352 945 3490 1016 ὅπερ
3515 947 3606 998 οὐκ
3627 941 3686 1016 ἦν
3707 948 3784 999 ἀλ·

2249 1041 2537 1106 λοιώσεως.
2574 1041 2650 1095 Τὸ
2679 1039 2791 1110 γὰρ
2827 1039 2951 1094 καθ’
2983 1037 3146 1093 ἐαυτὸ
3183 1036 3369 1100 ἰδικῶς
3418 1039 3786 1109 προῦφιστάμε-

2250 1148 2338 1184 νον
2378 1132 2460 1194 είς
2493 1129 2656 1184 ἄλλου
2699 1127 2849 1192 τινὸς
2889 1129 3066 1191 εἴδους
3114 1126 3416 1180 ὑπόστασιν
3471 1127 3531 1180 οὒ
3583 1128 3785 1196 πέφυκεν

2249 1222 2501 1292 ἄγεσθαι.
2538 1221 2602 1275 El
2643 1220 2700 1274 δὲ
2743 1223 2824 1284 εἰς
2865 1220 2966 1292 τὴν
3003 1219 3194 1290 ἐτέρου
3228 1219 3409 1281 εἴδους
3445 1219 3784 1289 συμπλήρωσιν

2248 1315 2347 1387 τὴν
2373 1315 2511 1386 πρὸς
2540 1314 2670 1369 ἄλλο
2697 1313 2912 1385 δέχεται
2945 1311 3192 1367 σύνθεσιν
3230 1311 3292 1386 ab
3337 1314 3782 1383 προῠφιστάμενον,

2249 1407 2284 1480 ἢ
2322 1405 2467 1462 κατὰ
2499 1405 2665 1477 φύσιν
2697 1406 2861 1459 τοῦτο
2903 1407 3056 1458 ποιεῖ
3100 1404 3342 1464 πάντως,
3385 1403 3420 1474 ἦ
3461 1403 3606 1472 παρὰ
3638 1403 3782 1471 φύσιν.

2249 1498 2363 1552 Καὶ
2391 1499 2438 1551 εί
2479 1497 2580 1569 μὲν
2623 1497 2767 1550 κατὰ
2803 1495 2990 1565 φύσιν,
3040 1494 3296 1550 οὐδέποτε
3333 1495 3438 1564 τῆς
3475 1494 3605 1565 πρὸς
3630 1494 3782 1548 illo”

2251 1591 2389 1664 πρὸς
2437 1589 2787 1661 ἐκπλήρωσιν
2829 1589 3006 1652 εἴδους
3045 1588 3236 1659 ἐτέρου
3263 1587 3622 1650 συνθέσεως⁶⁹
3652 1587 3783 1640 πανό-

2255 1701 2417 1756 μενον
2458 1682 2814 1755 ὁραθήσεται,
2841 1681 2930 1734 διὰ
2954 1679 3054 1752 τὴν
3086 1680 3208 1750 βίαν
3243 1679 3350 1750 τῆς
3393 1678 3600 1747 φύσεως
3628 1677 3782 1746 ἑαυτῆς

577 1812 741 1868 quam
795 1769 1333 1851 videbitur'cessare
1385 1807 1416 1846 a
1447 1789 1848 1861 compositione
1900 1786 1968 1841 ad
1998 1783 2146 1840 aliud

2257 1775 2508 1846 ἐκστῆναι
2528 1774 2602 1846 μὴ
2618 1774 2748 1829 δυνα
2755 1773 2942 1845 μένης,
2963 1773 3056 1826 καὶ
3071 1772 3243 1844 τούτῳ
3258 1771 3340 1843 τῷ
3354 1771 3496 1842 λόγῳ
3509 1770 3624 1826 οὔτε
3639 1769 3784 1843 σῶμα·

574 1884 700 1960 {uae
721 1886 778 1943 in
809 1884 1042 1941 alterius
1061 1881 1268 1954 speciei
1299 1881 1764 1951 complementum
1786 1877 1900 1942 fiat,
1925 1883 2152 1947 propter

575 1979 691 2034 vim
723 1989 956 2042 natura},
985 1992 1108 2047 quae
1130 1990 1189 2031 se
1229 1974 1400 2046 ipsam
1431 1973 1688 2027 deserere
1739 1968 1954 2040 nequit,
1986 1977 2152 2037 atque

577 2071 680 2127 hac
703 2069 918 2126 ratione
951 2085 1056 2125 nec
1084 2069 1204 2125 sine
1223 2081 1456 2139 corpore
1496 2065 1700 2129 anima,
1747 2077 1851 2118 nec
1880 2061 2002 2117 sine
2031 2059 2154 2114 ani-

578 2180 666 2219 ma
700 2178 904 2234 corpus
943 2178 1188 2232 unquam
1237 2159 1587 2230 concipietur
1610 2156 1817 2219 animo,
1857 2162 2022 2224 atque
2068 2151 2154 2206 in-

577 2254 1033 2328 telligentissimis
1050 2252 1451 2323 istissapientia
1483 2251 1537 2305 in
1565 2248 1857 2306 stultitiam
1883 2259 2148 2302 conversa

575 2353 688 2411 est,
747 2335 992 2415 suntque
1049 2359 1117 2398 eo
1171 2341 1338 2396 delati
1415 2338 1731 2395 necessario
1778 2335 1927 2408 quod
1975 2334 2154 2389 vitare

578 2436 903 2494 studebant.
938 2433 1077 2489 Αιεί
1099 2442 1288 2489 contra
1311 2441 1568 2486 naturam
1615 2430 1848 2501 suscipit
1885 2427 2164 2498 composi-

590 2526 799 2581 tionem
832 2523 903 2578 ad
932 2522 1083 2578 aliud
1129 2537 1230 2593 pro
1261 2522 1493 2577 alterius
1513 2520 1721 2592 speciei
1756 2519 2162 2590 complemento
2192 2538 2205 2551 -

579 2616 916 2672 alterutrum
931 2613 1533 2683 horum,corrumpitur
1547 2610 2002 2681 omnino,quippe
2015 2609 2162 2681 quod

581 2708 720 2762 fines
745 2715 956 2762 naturae,
975 2704 1518 2778 egrediatur,fiatque
1536 2703 1589 2758 id
1619 2702 1769 2773 quod
1793 2709 1991 2757 natura
2007 2716 2164 2756 eom-

2249 1885 2339 1933 τος
2364 1867 2535 1939 χωρὶς
2555 1869 2590 1939 ἠ
2605 1866 2776 1939 ψυχὴ,
2799 1864 2924 1920 οὔτε
2939 1865 3119 1936 ψυχῆς
3141 1864 3306 1936 σῶμά
3338 1882 3470 1920 ποτε
3499 1867 3781 1937 veneﬁcam,

2250 1963 2346 2019 καὶ
2378 1962 2719 2034 περιετράπη
2743 1963 2858 2025 τοῖς
2880 1962 3155 2032 περιττοῖς
3175 1961 3276 2031 τὴν
3299 1959 3516 2014 σύνεσιν
3534 1962 3606 2022 εἰς
3627 1959 3784 2026 ἠλιθιό-

2249 2071 2390 2126 τητα
2429 2054 2492 2107 τὸ
2545 2053 2730 2122 σοφδν,
2773 2051 3051 2122 ἐναχθεῖσι
3102 2050 3198 2122 βίᾳ.
3240 2051 3387 2122 πρὸς
3435 2051 3568 2122 ὅπερ
3610 2050 3784 2119 φεύγειν

2253 2145 2614 2201 ἐσπούδασαν.
2639 2144 2780 2199 Εἰδέ
2806 2144 2958 2218 παρὰ
2991 2143 3156 2215 φύσιν
3188 2142 3290 2214 τὴν
3339 2143 3480 2213 πρὸς
3509 2142 3651 2197 ἄλλον
3682 2158 3785 2210 cup-

2256 2240 2541 2312 πλήρωσιν
2565 2239 2738 2303 εἴδους
2771 2238 3000 2310 θάτερον
3022 2237 3230 2292 τούτων
3262 2236 3368 2309 τὴν
3406 2235 3541 2308 πρὸς
3565 2237 3618 2289 τὸ
3641 2235 3784 2304 ἕτερον

2261 2333 2478 2405 δέχεται
2509 2331 2782 2399 σύνθεσιν,
2811 2330 3096 2404 φθείρεται
3125 2329 3372 2395 πάντως,
3393 2327 3488 2382 τοῦ
3517 2328 3642 2380 κατὰ
3660 2326 3786 2395 φύσιν

2263 2423 2616 2496 ἐξιστάμενον
2642 2423 2792 2494 ὅρου,
2828 2421 2921 2476 καὶ
2947 2421 3234 2490 γινόμενον
3266 2421 3411 2488 ὅπερ
3442 2417 3515 2488 μὴ
3533 2416 3710 2484 πέφυκε
3729 2415 3783 2477 ⁶¹,

2264 2517 2361 2570 καὶ
2400 2518 2480 2578 είς
2523 2516 2662 2584 ὅπερ
2709 2515 2809 2568 οὐκ
2859 2508 2929 2584 ἦν
2979 2511 3344 2582 μεταπίπτον.
3375 2503 3452 2564 Οὗ
3475 2507 3710 2575 τίγένοιτ’
3734 2506 3785 2559 ἂν

2265 2603 2705 2676 ἀσυνετώτερονς
2745 2601 2888 2656 Ἀλλ’
2919 2599 3012 2654 ἐπὶ
3041 2600 3102 2654 τὸ
3131 2598 3497 2672 προκείμενον
3537 2591 3784 2648 ἐπανέλθω-

2269 2717 2386 2771 μεν.

580 2805 832 2868 paratum
849 2810 960 2850 non
985 2801 1157 2860 est,ut
1175 2793 1246 2850 sit
1260 2801 1316 2849 et
1333 2791 1686 2862 evadatquod
1700 2806 1808 2846 non
1817 2797 1954 2846 erat.
1973 2789 2093 2858 Quo
2107 2788 2240 2861 quid
2260 2788 2513 2845 stolidius
2527 2801 2649 2843 esse
2663 2785 2861 2856 possit?
2873 2783 2980 2841 Sed
3001 2783 3070 2838 ad
3104 2784 3454 2856 propositum
3479 2789 3783 2836 revertamur.

649 2909 863 2966 Animae
898 2907 1068 2999 igitur
1098 2907 1405 2979 generatio,
1437 2915 1502 2962 ut
1559 2907 1639 2962 ait
1694 2906 1830 2963 scite
1875 2905 2159 2977 magister,

2343 2902 2546 2975 (229
2567 2903 2628 2973 ὁ)
2661 2901 2858 2973 Ψυχῆς
2897 2901 2997 2972 μὲν
3026 2895 3118 2954 οὗν
3155 2899 3397 2968 γένεσις,
3446 2896 3520 2960 ὥς
3546 2911 3689 2966 φησιν
3713 2893 3787 2996 ἑμ-

582 3018 654 3058 ex
690 3001 939 3072 subjecta
970 2997 1199 3054 materia
1237 3013 1349 3054 non
1386 2997 1466 3063 fit,
1515 2997 1985 3068 quemadmodum
2035 3011 2160 3052 cor-

583 3109 741 3166 pora,
766 3092 864 3149 sed
889 3093 1173 3147 voluntate
1198 3091 1297 3146 Dei
1350 3107 1450 3161 per
1483 3089 1902 3161 inspirationem
1937 3088 2163 3143 vitalem

585 3185 945 3241 inefl‘abiliter
975 3193 1033 3240 et
1062 3182 1226 3239 modo
1258 3197 1422 3252 quem
1446 3181 1588 3237 scire
1611 3195 1723 3235 non
1751 3195 2066 3251 possumus,
2102 3187 2165 3233 ut

585 3273 740 3332 novit
769 3277 920 3332 solus
937 3276 1056 3348 ejus
1068 3273 1365 3330 Conditor.
1383 3273 1581 3329 Anima
1604 3270 1984 3328 exsistentiam
2008 3284 2164 3325 suam

585 3367 864 3438 accipiens
909 3365 976 3422 in
1031 3365 1402 3438 conceptione
1458 3381 1566 3420 una
1622 3379 1750 3420 cum
1813 3356 2044 3436 corpore
2095 3361 2164 3418 ad

591 3459 758 3513 unius
784 3457 1028 3514 hominis
1069 3456 1545 3527 complementum
1596 3456 1800 3528 agitur,
1849 3471 2051 3527 corpus
2097 3470 2166 3510 ex

584 3549 837 3621 subjecta
891 3549 1149 3612 materia,
1187 3549 1363 3604 altero
1407 3563 1608 3618 nempe
1645 3562 1903 3620 corpore,
1959 3547 2019 3602 fit
2066 3562 2168 3618 per

585 3639 1038 3710 conceptionem,
1069 3639 1234 3694 simul
1272 3653 1397 3694 cum
1443 3638 1626 3694 anima
1677 3637 2164 3709 compositionem,

584 3747 697 3803 qua
728 3747 838 3786 una
873 3747 998 3788 eum
1028 3730 1120 3785 illa
1151 3731 1366 3802 species
1393 3731 1650 3801 prodeat,
1681 3730 1982 3801 accipiens.
2008 3729 2166 3796 Quod

585 3824 720 3879 alibi
755 3823 1102 3879 manifestius
1134 3822 1437 3879 ostendens
1457 3821 1594 3878 dicit
1616 3821 1902 3893 magister:
1930 3821 2037 3876 Per
2066 3819 2168 3875 du-

587 3917 790 3988 plicem
848 3916 1234 3973 insufllationis
1271 3917 1570 3992 virtutem,
1591 3922 1649 3970 et
1678 3915 1955 3986 spiramen
2000 3911 2170 3982 inspi-

592 4009 698 4064 rati
731 4025 946 4076 omnes,
981 4019 1038 4066 et
1075 4008 1349 4080 Spiritum
1407 4016 1680 4063 sanetum.
1727 4005 2033 4062 Dividenda
2084 4013 2170 4060 est

587 4102 760 4173 igitur
781 4101 1111 4172 cogitatione
1144 4100 1199 4154 in
1230 4097 1590 4170 conceptione
1614 4099 1904 4170 inspiratio
1931 4098 2167 4166 vivifica,

590 4203 756 4264 atque
800 4192 1044 4262 Spiritus
1086 4200 1310 4246 sanctus
1336 4191 1690 4248 intellectuali
1722 4191 1924 4246 animal
1974 4205 2168 4246 essen-

2266 2993 2542 3065 φαντικῶς
2573 2996 2602 3048 ὁ
2627 2992 2966 3057 διδάσκαλος,
2995 2991 3053 3058 ἐξ
3091 2989 3465 3059 ὑποκειμένης
3496 2985 3618 3055 ὅλης
3650 2983 3700 3036 οὐ
3722 2980 3785 3050 γί-

2262 3104 2433 3152 νεται,
2473 3086 2724 3157 καθάπερ
2754 3085 2824 3139 τὰ
2864 3082 3113 3154 σώματα,
3141 3083 3276 3136 ἀλλὰ
3307 3080 3394 3152 τῷ
3425 3078 3695 3151 βουλήματι
3715 3071 3787 3126 τοῦ

2263 3177 2401 3234 Θευῦ
2431 3177 2523 3232 διὰ
2561 3178 2660 3248 τῆς
2693 3175 2931 3246 ζωτικῆς
2968 3174 3324 3245 ἐμπνεὺσεως
3358 3171 3605 3244 ἀρρήτως
3641 3184 3690 3220 τε
3717 3165 3788 3217 καὶ

2264 3271 2579 3341 ἀγνῶστως,
2622 3272 2697 3334 ὡς
2739 3265 2848 3323 οἶδε
2893 3267 3051 3339 μόνος
3081 3268 3111 3320 ὁ
3137 3265 3343 3337 ταύτης
3385 3261 3703 3334 δημιουργός.
3740 3257 3788 3308 Ἦ

2268 3362 2418 3436 ψυχὴ
2458 3362 2520 3418 τὸ
2550 3357 2698 3418 ξεἶναι
2729 3359 3082 3434 inﬁma
3109 3357 3263 3414 ’κατὰ
3280 3357 3401 3430 τὴν
3433 3349 3791 3426 σῦλλήῷινῖμα

2263 3455 2343 3527 τῷ
2375 3454 2588 3525 σώματι
2617 3454 2758 3526 πρὸς
2785 3454 2908 3517 ἑνὸς
2955 3451 3248 3524 ἀνθρώπου
3279 3449 3664 3519 συμπλήρωσιν
3690 3443 3789 3507 ἅτε·

2265 3563 2373 3611 ται,
2397 3545 2459 3598 τδ
2486 3545 2543 3598 δέ
2572 3545 2733 3617 σῶμα
2757 3545 2822 3598 ἐκ
2848 3543 2952 3614 τῆς
2974 3542 3351 3613 ὑποκειμένης
3378 3539 3511 3607 ὕλης
3536 3535 3621 3591 τοῦ
3647 3532 3791 3601 ἐτίριν

2267 3634 2468 3706 δηλαδὴ
2495 3635 2707 3703 γίνεται
2744 3632 2997 3703 σώματος
3041 3631 3190 3685 κατὰ
3236 3629 3340 3702 τὴν
3397 3625 3662 3696 σύλληψιν,
3703 3623 3792 3691 ἃμα

2266 3728 2334 3798 τῇ
2365 3726 2512 3797 ψυχῇ
2543 3725 2706 3796 τὴν,⁶¹
2738 3723 2831 3777 τοῦ
2858 3724 2918 3777 ἓν
2957 3717 3101 3787 εἶδος
3129 3717 3271 3775 εἶναι
3320 3721 3426 3774 σὺν
3459 3719 3587 3788 αὐτῇ
3613 3713 3792 3783 δεχόμε-

2267 3836 2359 3874 νον
2395 3817 2667 3871 σύνθεσιν.
2705 3817 2885 3889 Ὅπερ
2917 3813 3154 3886 ἀλλαχοῦ
3185 3813 3519 3884 τρανότερον
3565 3805 3792 3879 ἐμφαίνων

2269 3899 2508 3982 φησὶν’ὀ
2547 3907 2891 3973 διδάσκαλος,
2937 3906 3138 3962 ιΚατὰ
3178 3907 3278 3977 τὴν
3321 3903 3520 3974 διπλῆν
3546 3899 3632 3954 τοῦ
3656 3900 3794 3967 ἐμφυ-

2271 4004 2518 4073 σήματος
2556 4001 2808 4071 δύναμιν,
2860 3999 2956 4054 καὶ
3004 3997 3175 4069 πνοὴν
3224 3996 3602 4066 ἐμφυσὼμενοι
3638 3987 3794 4044 πάντες

2269 4095 2367 4151 καὶ
2400 4093 2628 4164 Πνεῦμα
2680 4093 2838 4162 ἅγιον
2865 4091 2965 4163 (5).
2999 4089 3366 4160 Μεριστέονυ
3395 4082 3492 4141 οὖν
3524 4087 3586 4153 τῇ
3626 4075 3796 4141 ἔπινάὲ

2270 4188 2416 4243 κατὰ
2453 4187 2554 4256 τὴν
2596 4183 2859 4255 σύλληψιν
2895 4183 2958 4237 τὸ
3005 4183 3106 4253 μὲν
3155 4181 3389 4245 ζωτικὸν
3424 4176 3695 4249 ἐμφύσημα
3722 4165 3793 4220 καὶ

592 4286 704 4350 tiae,
734 4293 791 4340 et
819 4283 1128 4339 incarnatio
1146 4295 1311 4354 atque
1334 4283 1629 4340 insufﬂatio
1662 4284 1914 4354 corporis
1933 4292 2160 4349 naturae,

2272 4265 2334 4332 τδ
2360 4277 2589 4349 Πνεῦμα
2615 4277 2676 4331 τὺ
2706 4277 2861 4345 ἅγιον
2889 4277 2956 4346 τῇ
2989 4275 3155 4346 νοερᾷ
3179 4273 3277 4344 τῆς
3307 4272 3488 4342 ψυχῆς
3521 4267 3682 4334 οὐσίᾳ,
3710 4259 3788 4326 τὴν

594 4375 1060 4448 quemadmodum
1093 4376 1286 4432 Patres
1313 4377 1493 4434 aiunt.
1540 4377 1608 4433 Et
1636 4376 2008 4448 progenitoris
2042 4376 2172 4436 Adin

595 4468 826 4540 mystice
857 4467 1126 4538 producta
1145 4476 1230 4522 est
1273 4467 1578 4539 generatio,
1623 4469 1787 4524 aliam
1843 4467 2041 4523 animae
2074 4467 2171 4522 ha-

593 4560 732 4615 bens
747 4557 1162 4630 exsistendique
1190 4560 1464 4616 rationem
1492 4569 1549 4615 et
1580 4559 1887 4616 nativitatis
1917 4558 2172 4624 modum,

592 4657 652 4705 et
677 4650 843 4706 aliam
863 4649 1130 4706 nimirum
1177 4651 1454 4722 corporis,
1483 4651 1628 4706 sicut
1657 4651 1862 4706 divinae
1897 4666 2000 4704 nos
2054 4663 2170 4702 ma-

595 4742 790 4814 gniﬁce
813 4741 1126 4798 docuerunt
1153 4743 1397 4809 Litterae,
1413 4758 1524 4798 non
1548 4742 1794 4799 sinentes
1816 4752 1878 4798 ut
1899 4742 2082 4797 anima
2112 4747 2171 4795 et

596 4848 799 4903 corpus
834 4848 950 4887 uno
970 4832 1276 4904 eodemque
1310 4833 1476 4889 modo
1528 4832 1902 4906 generationis
1929 4831 2165 4886 invicem

595 4922 981 4977 concurrentia
999 4923 1493 4979 commiscerentur
1504 4923 1809 4979 secundum
1822 4932 2100 4988 naturam,
2112 4930 2171 4978 et

599 5014 952 5083 ignoraretur
968 5015 1238 5086 cujusque
1255 5015 1400 5071 ratio
1419 5015 1676 5070 essentia!
1701 5022 1759 5071 et
1777 5013 1976 5070 modus
2004 5028 2172 5086 gene-

598 5101 850 5158 rationis.

1874 5320 2109 5377 VARIE
2142 5320 2548 5379 LECTIONES.

671 5430 715 5500 ἐκ
731 5429 936 5500 δίκαιος
967 5431 1387 5500 suSpicabantur
1408 5432 1648 5488 editores
1671 5433 1920 5490 Galland.
1993 5434 2037 5466 "'
2057 5434 2403 5489 παντάπασιν
2431 5451 2541 5491 om.
2573 5435 2662 5490 ed.
2703 5434 2954 5490 Galland.
3030 5435 3076 5468 ⁸⁸

2271 4370 2328 4424 δέ
2361 4368 2640 4442 σάρκωσιν
2669 4366 2765 4422 καὶ
2798 4366 2896 4439 τὴν
2930 4364 3096 4436 πνοὴν
3143 4365 3210 4436 τῇ
3241 4362 3405 4433 φύσει
3444 4358 3536 4414 τοῦ
3569 4355 3791 4424 σώματα.

2273 4459 2458 4524 καθὼς
2495 4459 2546 4513 οἱ
2586 4458 2831 4529 Πατέρες
2877 4456 3098 4533 graui“.
3135 4455 3247 4508 Καὶ
3288 4457 3324 4524 ἠ
3369 4449 3466 4506 τοῦ
3505 4446 3792 4533 προπάτορος

2282 4550 2458 4622 Ἀδὰμ
2499 4547 2780 4622 μυστικῶς
2829 4529 3084 4620 παρήχθη
3121 4545 3356 4615 γένεσις,
3400 4544 3580 4612 ἕτερον
3609 4535 3691 4604 τῆς
3713 4529 3791 4622 ψξσ

2271 4642 2375 4715 χῆς
2402 4617 2602 4714 έχουσα
2635 4639 2726 4694 τόν
2756 4657 2816 4692 τε
2841 4617 2938 4691 rei}
2965 4617 3106 4691 εἶναι
3123 4636 3283 4705 λόγον
3312 4634 3406 4689 καὶ
3437 4632 3524 4686 τὸν
3553 4625 3638 4682 τοῦ
3670 4617 3792 4715 vavi:

2274 4707 2400 4787 σόαι
2432 4707 2656 4804 τρόπον,
2700 4731 2797 4786 καὶ
2821 4732 3009 4802 ἕτερον
3041 4727 3242 4800 δηλαδὴ
3264 4726 3361 4780 τοῦ
3408 4723 3658 4795 σώματος,
3677 4713 3737 4775 ὡς
3754 4707 3789 4739 ⁸³

2271 4824 2335 4878 τδ
2361 4824 2508 4878 οεϊον
2535 4823 2685 4895 ἡμᾶς
2720 4820 3077 4895 μεγαλοφυῶς
3112 4817 3538 4892 ἐμυσταγὼγησε
3584 4809 3791 4895 γράμμστ

2274 4915 2352 4988 μὴ
2384 4891 2700 4988 συγχῶῥοῦν
2858 4914 3036 4985 ψυχὴν
3079 4912 3175 4969 καὶ
3203 4912 3262 4966 τὸ
3294 4911 3454 4981 σῶμα
3477 4902 3592 4961 καθ’
3616 4902 3695 4955 Eva
3721 4891 3794 4948 καὶ

2271 5007 2366 5062 τὸν
2407 5008 2572 5062 αὐτὸν
2615 5008 2816 5080 τρόπον
2847 5007 2948 5078 τῆς
2969 5007 3015 5040 ⁸⁸
3041 5005 3310 5075 γενέσεως
3349 4999 3591 5071 ἀλλήλοις
3627 4999 3790 5080 mm?

2275 5097 2437 5154 σόντα
2471 5077 2714 5172 φυρῆναι
2746 5099 2890 5154 κατὰ
2907 5077 3019 5170 τὴν
3046 5096 3210 5169 φύσιν
3245 5095 3341 5150 καὶ
3369 5093 3460 5148 τὸν
3484 5087 3692 5144 ἑκάστου
3715 5077 3792 5145 τῆνῖ

2271 5189 2464 5255 οὐσίας
2473 5189 2631 5277 λόγον
2645 5189 3000 5262 ἀγνοηθῆναι,
3013 5189 3112 5245 καὶ
3127 5188 3219 5244 τὸν
3233 5187 3332 5260 τῆς
3344 5184 3600 5256 γενέσεως
3613 5172 3789 5246 “r961!”-

2703 5365 2954 5490 galland.
3030 5435 3076 5468 ιε
3091 5434 3291 5502 γνῶσιν
3314 5431 3398 5486 ed.
3431 5427 3561 5502 Call.
3628 5410 3791 5502 "r5515

599 5481 873 5574 angues
890 5481 1394 5574 Ηαῇἒὶτέᾶζῖὰᾆιῖξ
1413 5481 3028 5574 ἲῖᾶὖῖὀέτῐξὲἱὶἷδειι.’ῖέιξῖἐῷὖὲἱεκῗέἁ,νόξιιιΫἿΓτῖῥὸς
3049 5481 3149 5574 τήᾴ
3162 5481 3282 5560 "ea:
3301 5481 3548 5574 diui“
3581 5481 3790 5574 #59???

601 5567 690 5621 ed.
721 5568 860 5624 Gall.
971 5571 1018 5602 “
1045 5570 1207 5638 φασίν
1230 5571 1319 5626 ed.
1357 5571 1494 5626 Gall.
1572 5574 1618 5607 ⁸⁸
1646 5573 1896 5643 σώματος
1923 5575 1994 5628 τδπ

603 5637 649 5668 ⁸⁸
675 5636 812 5692 Cod.
851 5638 995 5696 Gud.
1024 5642 1396 5712 apographum
1424 5643 1588 5698 habet
1613 5643 1708 5696 καὶ
1745 5659 1843 5713 pro
1874 5645 1994 5714 τῆς.

971 5550 1325 5645 magna:
1336 5550 1624 5645 ’θέμις’έὲ
1635 5550 1896 5645 ῖτξῐιίαὲἱξ
1919 5550 2133 5628 ξξόὲοῠ
2163 5550 2313 5629 εἶναῖ
2328 5550 2735 5645 ἷὲὶὸξῖςὲιῖἱὸξ
2761 5550 3024 5644 γενέξόσῖἷ
3051 5550 3270 5644 εξὲὁπὶῖρζ
3303 5550 3545 5638 ὧξῖὲιε..
3572 5550 3658 5618 éd.‘
3677 5550 3788 5611 cui.

679 5754 794 5823 (37)
835 5753 997 5830 Greg.
1035 5757 1165 5814 Νη.
1205 5757 1298 5815 0r.
1354 5759 1510 5815 theof.
1555 5763 1588 5826 4
1614 5761 1686 5844 de
1727 5761 1887 5830 Filio,
1937 5779 2056 5835 cap.
2093 5765 2185 5833 20,
2213 5780 2266 5836 p.
2309 5764 2434 5830 554,
2467 5764 2666 5840 ιιοπιηι
2702 5763 2840 5836 Opp.
2887 5763 3022 5837 edit.
3068 5763 3274 5820 Bened.
