4026 6288
295 334 432 400 1325

1512 333 2026 394 AMBIGUORUM
2062 334 2311 399 LIBER.

3384 329 3403 392 l
3416 333 3516 394 3'26

366 448 428 500 Ei
476 444 533 498 δὲ
585 444 663 515 τῷ
704 444 876 517 Ἀδὰμ
925 444 1349 516 ἐνηκολούθησεν
1375 444 1415 475 ⁸⁷
1464 446 1497 516 ἠ
1548 445 1711 518 διπλῆ
1752 448 1846 503 τοῦ

2021 446 2176 513 Quod
2193 447 2236 502 si
2260 446 2467 502 Adamo
2482 442 2878 516 consequenter
2893 445 3122 517 contigit
3135 443 3333 514 duplex
3348 444 3518 499 insuf-

291 538 685 609 ἔμφυσήματος
712 538 940 608 δύναμις
985 537 1125 592 κατὰ
1154 538 1254 607 τὴν
1285 537 1366 600 εἰς
1385 536 1446 590 τὸ
1481 530 1619 592 εἶναι
1642 539 1855 608 γένεσιν

292 629 613 701 σύνδρομος,
639 629 693 682 τί
722 628 789 683 ἄν
810 645 894 692 τις
914 628 1060 682 εῖποι
1084 628 1213 699 περὶ
1239 625 1335 681 τοῦ
1363 628 1506 682 κατά
1524 628 1623 700 τὴν
1648 629 1859 702 ἀνθρωο

290 722 503 792 πότητα
527 713 939 791 συναμφοτέρου
982 718 1078 774 τοῦ
1119 717 1254 773 Θεοῦ
1287 718 1381 773 καὶ
1427 720 1677 792 Σωτῆρος
1703 722 1858 793 ἡμῶν

308 812 488 884 Ἰησοῦ
521 810 781 884 Χριστοῦ,
834 811 1013 883 ψυχῆς
1069 810 1213 881 λέγω
1269 814 1365 867 καὶ
1405 812 1856 888 σώματος;ὃπερ

290 904 484 974 κρᾶμα
534 903 679 957 κατὰ
724 902 788 956 τὸ
835 900 1061 957 δυνατὸν
1106 904 1409 975 ἐμφέρειαν
1458 903 1621 971 σώζει
1655 906 1856 978 πολλὴν

292 991 433 1065 πρὸς
478 992 570 1048 τὸν
621 992 835 1063 πρῶτον
921 993 1113 1064 Ἀδάμ.
1178 995 1388 1067 Ὠσπερ
1448 995 1580 1067 γάρ,
1631 996 1706 1060 ὡς
1764 997 1860 1050 αύ-

291 1082 387 1145 τός
416 1098 579 1153 φησιν
615 1084 645 1139 6
692 1083 1033 1148 διδάσκαλος,
1094 1085 1245 1155 παρὰ
1297 1085 1397 1156 τῆς
1426 1085 1561 1157 ὕλης
1591 1086 1652 1140 τὸ
1699 1087 1859 1158 σῶμα

292 1173 481 1243 (230
502 1172 556 1244 a)
602 1173 786 1228 λαϐὼν
814 1174 844 1226 ό
879 1174 1031 1239 Θεὸς,
1053 1174 1390 1241 νεοτελοῦς⁴⁵⁸
1439 1177 1681 1248 δηλονότι
1725 1196 1860 1249 προ-

293 1264 630 1334 ὓποστάσης,
656 1264 788 1336 παρ’
814 1264 1008 1318 ἑαυτοῦ
1035 1264 1090 1318 δὲ
1118 1265 1262 1336 ζωὴν
1286 1266 1481 1333 ἐνθεὶς,
1513 1270 1543 1324 ὃ
1570 1269 1634 1341 δὴ
1664 1288 1750 1324 νοε
1761 1271 1860 1340 ρὰν

286 1355 469 1426 ψυχὴν
496 1357 590 1409 καὶ
623 1356 808 1410 εἰκόνα
829 1356 965 1409 Θεοῦ
991 1352 1132 1410 οἶδεν
1161 1360 1190 1411 ό
1217 1358 1397 1427 λόγος,
1428 1359 1751 1432 δημιουργεῖ
1771 1362 1860 1415 τὸν

292 1447 607 1517 ἄνθρωπον,
637 1446 728 1501 τὸν
746 1447 911 1503 αύτδν
933 1448 1135 1516 τρόπον
1158 1450 1253 1503 καὶ
1280 1450 1340 1518 ἑξ
1355 1451 1621 1523 άχράντου
1651 1452 1858 1522 Παρθέο

292 1555 386 1592 νου
414 1540 579 1592 οἰονεὶ
600 1538 702 1610 γῆς
730 1539 1000 1610 ἀμιάντου
1032 1541 1094 1593 τὸ
1133 1540 1292 1612 σῶμα
1321 1542 1524 1609 λαϐὼν,
1562 1546 1693 1616 παρ’
1729 1546 1860 1599 ἑαυ-

288 1627 390 1681 τοῦ
413 1626 469 1680 δὲ
500 1627 643 1699 ζωὴν
673 1627 869 1692 ἐνθεὶς,
904 1628 933 1683 ὃ
958 1630 1022 1701 δὴ
1043 1630 1221 1703 ψυχὴν
1240 1634 1283 1665 ⁸³
1309 1636 1502 1707 νοερὰν
1539 1636 1634 1689 καί
1679 1636 1861 1692 εἰκόνα

289 1717 430 1772 θεοῦ
455 1713 593 1773 οἶδεν
610 1721 639 1773 6
656 1720 835 1790 λόγος,
855 1722 918 1777 τὸ
934 1723 1128 1778 ἑαυτοῦ
1149 1723 1488 1797 ἀνθρώπινον
1502 1728 1548 1760 ⁷⁸
1567 1728 1660 1798 ὲδη
1670 1728 1793 1799 μιού
1802 1746 1861 1800 ρ-

1959 539 2198 595 llationis
2237 540 2411 594 virtus
2438 553 2776 594 concurrens
2806 538 2873 593 ad
2905 538 3239 593 exsistentia:
3263 551 3522 607 procrea-

1962 629 2188 693 tionem,
2218 627 2353 698 quid
2377 626 2562 683 dicere
2584 626 2709 697 quis
2738 627 2913 682 valeat
2940 628 3006 681 de
3033 627 3143 681 Deo
3163 635 3219 679 et
3242 625 3520 679 Salvatore

1958 729 2149 775 nostro
2190 719 2319 776 Jesu
2373 718 2613 779 Christo.
2645 717 2741 788 qui
2789 716 3095 773 secundum
3122 716 3519 772 humanitatem

1961 820 2260 881 utrumque
2284 810 2471 876 habet,
2505 810 2744 866 animam
2772 808 3032 864 videlicet
3063 814 3119 863 et
3147 808 3370 878 corpus?
3401 824 3522 878 qua:

1960 903 2266 973 complexio
2294 912 2561 972 quantum
2585 901 2700 956 ﬁeri
2733 909 2915 972 potest
2935 914 3186 970 magnam
3210 898 3524 954 similitudi-

1962 1009 2087 1049 nem
2141 1003 2327 1075 servat
2384 1009 2510 1049 cum
2564 993 2744 1065 primo
2797 992 2993 1048 Adam.
3052 990 3522 1059 Quemadmodum

1960 1085 2129 1151 enim,
2185 1085 2331 1142 sicut
2355 1085 2525 1141 idem.
2559 1086 2636 1140 ait
2666 1084 2880 1149 doctor,
2933 1101 2965 1139 a
3024 1083 3258 1139 materia
3302 1083 3527 1153 capiens

1960 1193 2160 1248 corpus
2182 1179 2347 1241 Deus,
2368 1194 2490 1249 quae
2506 1191 2695 1234 recens
2717 1176 2975 1233 videlicet
2997 1174 3330 1230 subsistebat
3344 1183 3525 1238 antea,

1961 1285 1993 1323 a
2014 1285 2222 1325 severo
2257 1270 2423 1325 vitam
2450 1269 2665 1333 indens,
2699 1266 2846 1338 quod
2888 1266 3147 1320 nimirum
3187 1266 3529 1320 intellectua-

1961 1361 2067 1415 lem
2093 1361 2335 1417 animam
2360 1370 2417 1417 et
2447 1361 2738 1431 imaginem
2763 1360 2857 1415 Dei
2892 1359 3178 1430 Scriptura
3233 1357 3526 1429 intelligit,

1962 1450 2239 1505 hominem
2254 1451 2583 1515 etl‘ormavit,
2600 1449 2743 1504 haud
2762 1449 2919 1504 aliter
2939 1448 3105 1504 etiam
3127 1462 3193 1502 ex
3213 1446 3529 1501 intaminata

1961 1542 2183 1614 Virgine
2207 1552 2465 1613 tanquam
2486 1542 2806 1596 intemerata
2832 1549 2979 1594 terra
2998 1553 3199 1608 corpus
3219 1553 3528 1602 assumens,

1960 1650 2027 1688 ex
2057 1650 2116 1689 se
2138 1645 2319 1689 autem
2356 1633 2519 1687 vitam
2548 1632 2765 1695 indeus,
2807 1629 2954 1701 quod
3000 1628 3259 1683 nimirum
3291 1628 3528 1682 animam

1965 1725 2391 1780 intellectualem
2449 1734 2506 1779 et
2563 1724 2662 1779 Dei
2712 1723 3001 1793 imaginem
3037 1720 3321 1791 Scriptura
3354 1720 3527 1786 novit,

290 1826 485 1882 γησεν,
526 1811 560 1883 ἢ
601 1812 797 1868 ἑαυτὸν
817 1814 1101 1886 ἀτρέπτως
1135 1816 1276 1871 κατά
1304 1817 1607 1891 πρόσληψιν
1636 1821 1858 1892 σαρκὸς,

1966 1818 2362 1874 humanitatem
2382 1832 2539 1872 suam
2560 1826 2819 1886 operatus
2834 1824 2936 1880 est,
2956 1815 3039 1870 vel
3061 1814 3300 1885 seipsum
3330 1814 3530 1867 immu-

290 1901 499 1972 νοερῶς
518 1918 580 1957 τε
609 1902 706 1957 καὶ
728 1904 962 1975 λογικῶς
1007 1907 1384 1982 ὲψυχωμένης,
1432 1910 1500 1965 δι’
1532 1912 1679 1983 ἡμᾶς
1704 1913 1860 1967 ἐκου-

294 1994 431 2059 σίως
454 1994 529 2055 ὡς
561 1996 970 2070 παντοδύναμος
1010 2000 1425 2074 δημιουργήσας
1471 2004 1728 2076 ἐποίησεν
1768 2005 1861 2060 άν-

291 2084 535 2155 ορωπον.

362 2177 545 2251 Ταύτῃ
575 2178 707 2248 γοῦν
739 2181 834 2235 καὶ
862 2184 1233 2255 τετιμηκέναι,
1265 2185 1516 2259 καθάπερ
1543 2183 1717 2258 οἶμαι.
1753 2205 1857 2258 φη·

292 2268 382 2323 σὶν
433 2272 461 2324 6
495 2270 812 2339 διδάσκαλος
870 2275 959 2328 τὸν
996 2274 1201 2346 Κύριον
1229 2277 1386 2349 ἡμῶν
1421 2279 1513 2332 καὶ
1560 2279 1695 2333 δεδι
1748 2279 1849 2349 τὴν

292 2361 419 2413 καθ’
446 2364 592 2433 ἡμᾶς
615 2364 842 2436 τρισσὴν
870 2366 1149 2438 γέννησιν,
1176 2368 1423 2423 τουτέστι
1451 2370 1577 2432 τοὺς
1627 2370 1859 2425 καθόλου

290 2452 530 2521 τρόπους
574 2456 675 2525 τῆς
716 2454 871 2526 ἡμῶν
918 2458 997 2522 εἰς
1044 2457 1106 2511 τὸ
1143 2454 1279 2513 εἶναι
1328 2460 1423 2514 καὶ
1448 2459 1507 2514 τὸ
1528 2460 1571 2491 ⁷⁸
1609 2457 1673 2514 εὖ
1721 2458 1859 2515 εἶναι

294 2544 391 2597 καὶ
430 2543 518 2597 ἀεὶ
550 2540 686 2600 εἶναι
715 2546 1007 2614 γενέσεως,
1037 2549 1134 2621 τὴν
1162 2550 1260 2622 μὲν
1293 2552 1358 2605 ὲκ
1397 2551 1691 2622 σωμάτων,
1724 2554 1853 2624 μίαν

294 2630 462 2687 οὖσαν
498 2637 591 2690 τοῦ
624 2640 1045 2712 συναμφοτέρου
1073 2642 1213 2695 κατὰ
1238 2642 1337 2715 τὴν
1361 2641 1480 2713 ἅμα
1523 2642 1633 2697 τῶν
1682 2646 1864 2717 μερῶν

298 2726 549 2796 ἀλλήλοις
582 2730 932 2803 συνύπαρξιν,
965 2733 1141 2804 ψυχῆς
1196 2732 1340 2803 λέγω
1365 2735 1458 2788 καὶ
1490 2733 1755 2806 σώματος.
1786 2736 1865 2802 εἰς

296 2814 395 2869 δύο
435 2816 841 2891 διαιρουμένην,
900 2821 989 2876 διὰ
1028 2822 1119 2875 τὸν
1164 2824 1399 2895 ἑτεροῖον
1450 2825 1549 2894 τῆς
1601 2825 1863 2899 ἑκατέρου

295 2908 567 2973 γενέσεως
596 2910 819 2981 τρόπον,
868 2908 1029 2986 δι’ἦς
1055 2914 1117 2967 τὸ
1156 2909 1295 2969 εἶναι
1342 2914 1713 2989 λαμϐάνομεν,
1759 2918 1859 2988 τὴν

292 2995 353 3051 δὲ
391 3000 455 3052 ἐκ
505 2999 904 3074 βαπτίσματος,
939 3002 1061 3058 καθ’
1111 3007 1178 3076 ἣν
1207 3006 1268 3059 τὸ
1315 3006 1378 3061 εὖ
1407 3002 1547 3062 εἶναι
1592 3007 1866 3073 πλουσίως

293 3090 685 3163 ὑποδεκόμεθα,
723 3094 823 3167 τὴν
856 3095 915 3149 δὲ
956 3096 1016 3161 ἐξ
1070 3098 1438 3163 ἀναστάσεως,
1473 3098 1596 3153 καθ’
1622 3099 1688 3171 ἢν
1732 3099 1866 3173 πρὸς

288 3178 358 3232 τὸ
386 3159 638 3235 ἀεῖ-εῖναι
666 3181 757 3237 διὰ
777 3159 1017 3256 ⁷χάριτος
1060 3159 1526 3258 μεταποιούμεθα.
1595 3159 1863 3260 ’Ᾰκριϐὦς
1892 3159 1932 3216 C

288 3270 476 3326 τοίνυν
506 3272 588 3327 δεῖ
628 3275 741 3338 τοῖς
783 3274 879 3329 τοῦ
928 3276 1247 3333 διδασκάλου
1273 3279 1455 3348 λόγοις
1492 3282 1856 3351 ἐπισκήπτειν

288 3359 383 3413 διὰ
404 3362 529 3427 τοὺς
558 3363 905 3435 ἐπηρεαστὰς
933 3365 1039 3420 τῶν
1067 3368 1250 3433 καλῶς
1292 3369 1582 3440 κειμένων.
1634 3371 1716 3441 Τῇ
1757 3372 1864 3442 γᾶρ

292 3452 512 3524 ἐπινοίᾳ
534 3453 667 3526 μόνῃ
692 3454 884 3509 διελὼν
909 3457 1008 3528 τὴν
1059 3459 1126 3512 ὲκ
1176 3459 1449 3529 σωμάτων
1483 3459 1737 3530 γέννησιν
1774 3462 1865 3514 διὰ

288 3542 394 3613 τὴν
426 3544 779 3600 ἀποδοθεῖσαν
806 3546 1009 3613 αἰτίαν,
1038 3548 1153 3619 ἅμα
1178 3552 1245 3620 τῇ
1270 3549 1529 3621 συλλήψει
1561 3551 1703 3605 κατὰ
1737 3568 1867 3605 ταυ-

292 3633 391 3687 τδν
439 3637 699 3708 χρονικῆς
750 3638 859 3692 οὐδ’
914 3639 1049 3703 ὅλως
1104 3642 1279 3713 ῥοπῆς
1343 3642 1865 3716 προεπινοουμένης,

292 3727 579 3797 εἰληφέναι
636 3729 729 3783 τὸν
777 3730 982 3802 Κύριον
1033 3731 1095 3785 τὸ
1164 3731 1394 3798 ζωτικὸν
1446 3734 1685 3806 πνεῦμα,
1748 3735 1865 3807 ἦτοι

294 3820 601 3891 ἐμφύσημα
632 3821 775 3876 κατὰ
801 3823 862 3877 τὸ
888 3822 1233 3896 ἀνθρώπινον
1258 3824 1447 3891 αὑτοῦ,
1483 3826 1627 3896 λέγω
1670 3827 1727 3881 δὲ
1769 3828 1867 3897 τὴν

294 3911 490 3981 νοερὰν
520 3912 700 3984 ψυχὴν
723 3914 865 3985 μετὰ
901 3915 995 3969 τοῦ
1036 3915 1289 3987 σώματος
1321 3917 1415 3973 τοῦ
1458 3920 1523 3973 ἐκ
1549 3918 1648 3989 τῆς
1669 3919 1867 3991 ἀκράν-

294 4018 392 4054 του
425 4002 700 4074 Παρθένου
725 4007 798 4068 ⁷⁸,
828 4007 923 4061 καὶ
947 4006 1007 4060 ού
1045 4008 1186 4078 μετὰ
1214 4009 1314 4080 τὴν
1345 4009 1629 4082 σύλληψιν,
1669 4013 1697 4064 ό
1728 4010 1871 4065 διδά-

298 4093 496 4159 σκαλος
530 4095 840 4168 διορίζεται.

1962 1910 2207 1966 tabiliter
2251 1909 2555 1966 secundum
2578 1904 3018 1978 -assumptionem
3055 1907 3265 1970 carnis,
3315 1906 3533 1961 intelle-

1962 2004 2219 2059 etualiter
2240 2002 2691 2072 rationaliterque
2722 2001 3233 2071 anituatae,propter
3248 2014 3347 2053 nos
3366 2014 3533 2068 spon-

1972 2104 2048 2160 te,
2099 2103 2292 2166 utpote
2320 2095 2672 2165 omnipotens
2732 2091 3016 2157 Conditor,
3060 2091 3339 2147 hominem
3381 2090 3530 2146 fecit.

2040 2186 2153 2242 Hoc
2202 2187 2423 2257 quidem
2450 2196 2610 2258 pacto
2648 2197 2706 2243 et
2735 2186 3033 2241 honorasse
3056 2184 3213 2248 dicit,
3238 2182 3383 2240 sicut
3419 2181 3534 2238 exi-

1963 2280 2147 2341 Stimo,
2182 2280 2438 2351 magister
2491 2278 2779 2334 Dominum
2806 2278 3047 2333 etDeum
3073 2286 3320 2333 nostrum
3360 2275 3535 2347 tripli-

1964 2385 2081 2425 cem
2116 2379 2363 2426 nostram
2407 2371 2772 2435 nativitatem,
2812 2370 2865 2424 id
2909 2382 2996 2425 est
3023 2370 3309 2442 generales
3344 2369 3537 2424 modos

1964 2461 2340 2531 generationis
2371 2471 2575 2517 nostra:
2610 2462 2666 2516 in
2694 2460 3089 2526 exsistentiam,
3125 2460 3181 2515 in
3211 2460 3408 2515 bonam
3437 2477 3533 2516 ex-

1965 2548 2295 2615 sistentiam,
2318 2550 2374 2606 in
2390 2560 2652 2607 aeternam
2675 2551 3049 2606 exsistentiam
3075 2551 3534 2623 :generationem,

1967 2640 2220 2708 inquam,
2278 2656 2345 2695 ex
2392 2641 2737 2711 corporibus,
2793 2658 2915 2713 qua:
2970 2658 3077 2697 una
3125 2652 3211 2699 est
3253 2644 3539 2713 utriusque

1966 2730 2267 2784 secundum
2300 2740 2541 2785 mutuam
2570 2733 2806 2801 partium
2828 2733 2972 2789 inter
2991 2749 3049 2789 se
3067 2735 3536 2798 coexsistentiam,

1966 2820 2160 2876 animm
2186 2820 2443 2878 videlicet
2481 2831 2536 2877 et
2582 2823 2865 2893 corporis,
2910 2824 3008 2880 sed
3050 2825 3299 2880 bifariam
3339 2827 3537 2890 divisa,

1967 2923 2191 2984 prepter
2221 2912 2499 2970 diversum
2540 2915 2828 2986 utriusque
2873 2918 3245 2988 generationis
3290 2919 3535 2983 modum,

1966 3018 2062 3072 per
2095 3018 2259 3073 quam
2284 3004 2656 3061 exsistentiam
2711 3005 3044 3077 accipimus;
3084 3007 3312 3064 alteram
3339 3025 3405 3064 ex
3443 3007 3540 3063 ba-

1967 3094 2251 3164 ptismate,
2278 3112 2378 3167 per
2400 3113 2560 3167 quam
2590 3097 2730 3154 bene
2753 3114 2873 3154 esse
2887 3099 3103 3156 abunde
3126 3102 3534 3172 consequimur;

1971 3186 2181 3241 tertiam
2210 3203 2276 3242 ex
2315 3189 2743 3255 resurrectione,
2778 3206 2885 3261 qua
2952 3190 3019 3247 ad
3068 3202 3331 3248 aeternam
3388 3194 3538 3249 exsi-

1976 3279 2239 3333 stentiam
2275 3296 2373 3351 per
2403 3281 2630 3353 gratiam
2659 3294 3083 3339 commutamur.
3110 3284 3410 3356 Diligenter
3434 3288 3537 3359 igi-

1973 3378 2060 3422 tur
2094 3370 2488 3425 attendendum
2528 3382 2612 3428 est
2689 3374 2874 3429 verbis
2910 3376 3155 3447 magistri
3196 3389 3421 3449 propter
3443 3395 3536 3433 ea-

1972 3457 2333 3513 lumniatores
2390 3476 2582 3516 eorum
2636 3478 2757 3532 qua:
2788 3464 2960 3534 probe
2993 3476 3157 3521 stant.
3219 3467 3343 3523 Sola
3389 3470 3536 3523 enim

1972 3548 2304 3620 cogitatione
2326 3550 2674 3624 distinguens
2720 3556 3063 3613 nativitatem
3096 3576 3161 3613 ex
3189 3563 3537 3631 corporibus,

1970 3650 2191 3709 propter
2217 3641 2434 3695 allatam
2466 3642 2755 3709 rationem,
2788 3646 2951 3701 simul
2983 3662 3106 3702 eum
3153 3653 3538 3722 conceptione,

1970 3745 2039 3786 ne
2070 3731 2333 3802 temporis
2381 3744 2660 3791 momento
2736 3737 2960 3809 quidem
2997 3742 3411 3811 praeintellecto.
3445 3761 3539 3799 ac-

1969 3822 2178 3892 cepisse
2219 3823 2509 3879 Dominum
2562 3827 2782 3883 vitalem
2830 3830 3106 3900 spiritum,
3155 3832 3268 3887 sive
3308 3834 3541 3905 inspira-

1973 3915 2198 3977 tionem,
2254 3931 2354 3986 pro
2383 3916 2725 3975 humanitate
2780 3936 2901 3986 sua,
2945 3923 3049 3977 hoc
3075 3932 3159 3979 est
3190 3926 3425 3981 animam
3456 3927 3543 3981 in—

1974 4006 2341 4064 tellectualem
2372 4025 2479 4065 una
2515 4027 2639 4065 eum
2680 4028 2911 4084 corpore
2942 4031 3010 4070 ex
3046 4014 3393 4073 immaculata
3427 4019 3544 4072 Vir-

1975 4098 2121 4166 gine,
2181 4108 2235 4153 et
2286 4116 2391 4155 non
2426 4111 2548 4171 post
2592 4106 3028 4175 conceptionem,
3089 4107 3281 4165 delinit
3330 4109 3540 4164 doctor.

296 4401 453 4471 Πρὸς
479 4405 620 4473 τοὺς
657 4406 950 4478 λέγοντας
990 4411 1399 4481 προϋπάρχειν
1437 4412 1553 4465 τῶν
1582 4410 1869 4481 σωμάτων

897 4501 1002 4568 τὰς
1036 4502 1263 4571 Ψυκάςο

369 4608 529 4673 Τινὲς
577 4609 675 4680 μὲν
716 4614 825 4681 γάρ
849 4630 1035 4683 φασιν,
1078 4614 1155 4678 ὡς
1210 4614 1314 4685 ήδη
1351 4615 1640 4687 προλαϐὼν
1691 4615 1854 4685 έφην,

2041 4608 2275 4673 Quidam
2335 4608 2483 4662 enim
2550 4609 2764 4671 dicunt.
2814 4610 2895 4664 uti
2939 4612 3050 4680 jam
3099 4612 3359 4681 praefatus
3400 4632 3544 4677 sum,

301 4702 683 4774 προϋπάρχειν
726 4706 911 4776 (230
947 4706 999 4777 ὁ)
1055 4706 1167 4760 τῶν
1221 4709 1488 4779 σωμάτων
1532 4706 1631 4772 τὰς
1671 4706 1863 4778 ψυχὰς.

1973 4706 2102 4750 ante
2121 4710 2358 4766 corpora
2378 4697 2592 4753 animas
2611 4698 2899 4765 exsistere;
2927 4699 3018 4754 alii
3048 4716 3180 4755 vero
3205 4712 3396 4758 contra
3420 4714 3549 4759 ante

298 4791 445 4854 τινες
470 4792 519 4823 ⁷³
545 4791 598 4845 δὲ
624 4793 687 4846 τὸ
718 4795 983 4859 ἐναντίον,
1014 4796 1126 4850 τῶν
1170 4795 1359 4867 ψυχῶν
1394 4798 1770 4869 προῠπάρχειν
1796 4797 1863 4851 τὰ

1977 4789 2191 4845 animas
2224 4790 2495 4845 exsistere
2540 4805 2794 4860 corpora.
2844 4791 2955 4847 Nos
3002 4800 3187 4847 autem
3228 4793 3407 4848 media
3433 4795 3544 4859 via,

302 4883 553 4955 σώματα.
579 4884 772 4956 Ἡμεῖς
793 4888 849 4941 δὲ
868 4888 969 4959 τὴν
990 4889 1166 4960 μέσην
1186 4889 1303 4944 όδδν
1329 4890 1406 4955 ὡς
1429 4890 1715 4962 βασιλικὴν
1731 4890 1863 4945 κατὰ

1986 4892 2047 4936 ut
2080 4882 2249 4952 regia,
2280 4881 2585 4938 secundum
2612 4894 2798 4954 patres
2824 4893 3047 4941 nostros
3076 4886 3416 4951 incedentes,
3446 4904 3547 4942 ne-

298 4978 429 5039 τοὺς
457 4979 707 5050 πατέρας
728 4983 761 5049 ἡ
772 4981 887 5051 μῶν
918 4981 1196 5046 ὁδεύοντες
1226 4981 1349 5036 οὔτε
1378 4984 1724 5055 προύπαρξιν
1746 4982 1863 5037 οὔτε

1976 4990 2085 5044 que
2120 4975 2456 5031 anteriorem
2500 4991 2682 5046 neque
2724 4977 3087 5046 posteriorem
3120 4977 3321 5033 animre
3348 4993 3548 5047 corpu-

311 5068 709 5140 μεθύπαρξιν⁷⁸
735 5071 909 5142 ψυχῆς
929 5072 961 5143 ἢ
995 5072 1267 5144 σώματος,
1310 5072 1640 5145 συνύπαρξιν
1660 5074 1719 5128 δὲ
1739 5075 1863 5144 μᾶλ-

1978 5069 2125 5124 risve
2156 5068 2535 5124 exsistentiam
2574 5067 2929 5134 amrmamus,
2967 5068 3065 5124 sed
3102 5069 3547 5124 coexsistentiam

1977 4410 2174 4463 Contra
2203 4427 2286 4463 cos
2314 4414 2401 4481 qui
2426 4412 2603 4466 dirum
2628 4416 2835 4468 animus
2869 4426 2989 4470 ante
3018 4434 3239 4487 corpora
3277 4421 3541 4474 exsistere.

307 5162 397 5215 λόν
412 5180 612 5232 φαμεν,
635 5165 735 5229 τὰς
751 5166 835 5235 ἐφ’
852 5166 1090 5238 ἑκάτερα
1107 5166 1495 5237 φυλαττόμενοι
1513 5166 1785 5234 ἐγκλίσεις
1800 5167 1863 5229 ⁷⁸,

1980 5162 2185 5233 potius,
2214 5161 2605 5218 inclinationes
2628 5161 2685 5214 in
2712 5170 3001 5230 utramque
3026 5170 3238 5230 partem
3269 5170 3545 5227 caventes,

307 5252 403 5306 xci.
450 5253 590 5322 μήτε
638 5257 904 5328 ἀριστερὰ
955 5258 1089 5328 μήτε
1117 5257 1357 5323 δεξιαη,
1411 5256 1594 5321 καθώς
1637 5259 1863 5328 φησινῆ

1981 5270 2048 5309 ac
2067 5270 2245 5324 neque
2265 5254 2648 5309 sinistrorsum
2675 5267 2855 5321 neque
2883 5252 3253 5318 dextrorsum,
3277 5264 3335 5307 ut
3360 5263 3547 5309 saneta

305 5341 437 5413 ἁγία
462 5343 675 5418 Γραφὴ,
704 5347 1019 5402 παντάπασι
1043 5347 1319 5418 ῥέποντες,
1345 5346 1511 5416 φόϐον
1546 5347 1863 5418 φοϐούμενοι

1984 5348 2269 5417 Scriptura
2305 5347 2569 5417 loquitur,
2598 5346 2823 5402 omnino
2841 5348 3266 5417 propendentes,
3293 5356 3546 5402 metuen-

1577 5501 1814 5558 VABIA‘I
1857 5501 2261 5558 LECTIONES.

380 5641 427 5718 ff
450 5645 886 5718 ἐπηκολούσησεν
914 5644 1160 5718 οιίηϐαιε
1232 5644 1277 5677 ⁸⁸
1303 5645 1544 5718 νεοτελοῦ
1577 5646 1665 5702 ed.
1685 5646 1824 5718 Gal._
1869 5646 1913 5718 _‘_’
1943 5662 2024 5718 νοε
2037 5645 2132 5718 ραν
2151 5645 2443 5718 ψυχὴν-(ξιξ.
2480 5642 2642 5718 Gal],
2699 5646 2743 5675 "°
2776 5645 2834 5698 τὸ
2864 5644 3201 5718 ἀνθρώπινον
3223 5644 3416 5718 ἑαυτοῦ
3448 5644 3541 5718 ed.

198 5756 202 5760 ι
305 5712 450 5773 Gal].
505 5712 657 5787 fleo
685 5712 794 5769 om'.
819 5718 907 5771 ed.
930 5717 1074 5787 Gall.
1107 5786 1113 5787 ί
1142 5717 1188 5749 τ’
1219 5716 1488 5785 παρθένου
1523 5733 1631 5771 om.
1666 5718 1754 5771 ed.
1787 5715 1926 5787 Call.
2000 5717 2045 5747 ⁷³
2074 5712 2365 5787 ἑτεροιοιίΪ
2396 5712 2533 5787 Gal!2
2611 5716 2654 5746 ⁷⁵
2696 5712 3065 5787 προϋπάρχειν
3094 5712 3217 5769 οὔτε
3260 5714 3542 5786 μεθυπάρ-

310 5802 426 5857 χειν
452 5785 540 5842 ed.
564 5786 701 5843 Gall.
783 5788 828 5819 ⁷⁵
858 5786 1232 5858 μετεγκλίσεις
1261 5786 1347 5841 ed.
1384 5787 1520 5842 Gali.
1596 5789 1639 5819 ⁷⁸
1668 5785 1932 5857 ἀριστερᾷ
1967 5787 2098 5857 μήτε
2124 5786 2270 5856 δεξιᾷ
2298 5785 2385 5840 ed.
2420 5784 2557 5839 Gali.
