4026 6288
513 333 648 399 I327

1661 316 1722 379 Β.
1761 313 2048 378 ΜΑΧΙΜῙ
2086 307 2598 375 CONFESSORIS

3619 301 3738 366 1328

504 457 592 505 tes
648 452 822 508 metu,
871 454 983 511 quo
1034 434 1171 492 nihil
1220 430 1397 505 magis
1449 430 1816 487 metuendum
1863 437 1970 492 est,
2015 441 2087 482 ne

2212 417 2254 477 ιῦ
2281 423 2446 478 πλέον
2467 419 2756 494 φοϐεῖσθαι
2784 418 2939 474 οὐδέν
2983 417 3101 472 ἐστι
3143 412 3540 487 φοϐερώτερον,
3571 414 3740 486 μήπως

507 538 672 602 forte,
717 533 764 588 si
796 527 1184 601 praaexsistere
1209 523 1462 578 dicamus
1493 519 1825 590 corporibus
1857 517 2089 583 animas,

409 650 412 654 '
507 647 574 686 ac
613 623 872 698 supplicii
915 635 1085 678 causa
1137 617 1450 673 animarum
1494 613 1670 668 fuisse
1712 612 1939 668 inventa
1971 624 2096 664 cor-

507 733 670 790 pora,
723 719 952 786 prapter
999 707 1202 780 ﬂagitia
1255 720 1379 776 quae
1422 703 1494 759 ab
1543 703 1614 759 iis
1671 711 1800 758 ante
1859 713 2094 772 corpora

508 808 805 867 commissa
835 803 1066 868 fuerint,
1097 797 1544 872 praestantissimi
1571 795 1773 851 horum
1804 810 1928 866 qua:
1963 809 2099 850 ocu-

509 903 580 958 lis
620 889 869 970 subjecta
920 903 1053 950 sunt
1090 900 1148 949 et
1181 889 1518 947 nobilissimi
1557 886 1790 959 opiﬁcii,
1819 903 1918 959 per
1947 886 2098 957 quod

511 980 837 1064 agnoscitur
863 987 1016 1044 Deus
1039 985 1208 1042 tacito
1235 986 1520 1056 praeconio
1546 981 1952 1048 manifestatus,
1980 980 2100 1036 sola

511 1083 720 1155 ﬂagitia
749 1081 984 1136 causam
1035 1077 1209 1134 fuisse
1257 1077 1384 1147 jure
1431 1075 1807 1148 suspicemur,
1848 1072 2100 1130 necessi-

513 1182 683 1230 tatem
702 1173 817 1228 Deo
838 1169 1162 1226 indueentia
1184 1177 1387 1239 praeter
1414 1167 1724 1224 voluntatis
1752 1166 2100 1239 propositum

514 1275 578 1324 ut
624 1263 990 1324 substantiam
1039 1260 1330 1330 conderet,
1359 1262 1521 1326 cuius
1558 1261 1797 1320 fortasse
1838 1260 1908 1316 ab
1939 1260 2104 1316 initio

513 1373 584 1413 ne
629 1355 900 1411 rationem
942 1350 1168 1423 quidem
1228 1350 1494 1406 habuerit
1546 1357 1677 1405 ante
1716 1351 1921 1406 saecula
1969 1364 2099 1405 cum

514 1449 746 1521 reliquis
782 1447 1081 1503 occultam.
1126 1444 1332 1499 Eorum
1373 1446 1524 1498 enim
1556 1458 1680 1514 qua:
1729 1453 1926 1499 contra
1971 1457 2104 1514 pro-

512 1542 758 1614 positum
804 1539 945 1593 ﬁunt
988 1538 1163 1592 Deum
1206 1535 1396 1592 dicere
1431 1536 1696 1593 essentia:
1723 1536 1932 1594 habere
1970 1551 2104 1607 pro-

513 1633 782 1689 ducenda:
839 1631 1109 1697 rationes,
1151 1644 1266 1684 non
1330 1628 1467 1682 mihi
1522 1627 1750 1684 videtur
1813 1626 2107 1698 prudentis

513 1741 636 1783 esse
672 1725 872 1804 judicii
918 1731 1018 1779 aut
1066 1721 1370 1793 opinionis,
1422 1731 1480 1778 et
1517 1729 1802 1793 utcunque
1841 1729 1992 1778 recte
2035 1721 2104 1776 de

513 1818 614 1874 Dei
659 1818 948 1890 majestate
978 1813 1300 1882 sentientis,
1333 1813 1428 1885 qui
1460 1814 1612 1882 solus
1645 1815 1766 1871 sine
1800 1811 2107 1869 affectioni-

515 1910 626 1967 b'us
677 1918 764 1966 est
810 1919 869 1964 et
910 1922 1099 1973 verax,
1157 1920 1264 1962 nec
1312 1906 1621 1977 quidquam
1671 1906 1729 1962 in
1781 1907 2106 1964 universum

519 2002 687 2058 habet
713 2003 870 2074 juxta
893 1999 1342 2072 praaexsistentes
1370 2001 1426 2055 in
1451 2000 1576 2071 ipso
1607 2015 1796 2057 rerum
1823 2016 1948 2073 quae
1978 2007 2109 2056 sunt

517 2095 765 2151 rationes
798 2091 948 2164 quod
988 2106 1187 2148 recens
1214 2091 1309 2158 sit,
1351 2107 1417 2148 ac
1442 2092 1757 2163 pmsertim
1784 2100 1983 2148 contra
2011 2107 2109 2151 vo-

518 2188 752 2243 luntatis
800 2184 1170 2257 propositum.
1226 2183 1438 2240 Cuncta
1490 2184 1642 2240 enim
1708 2185 1762 2240 ei
1822 2195 2109 2256 utcunque

516 2278 846 2336 exsistentia
882 2284 980 2332 aut
1010 2277 1283 2333 exstitura
1325 2277 1636 2333 secundum
1665 2272 1965 2334 essentiam
1995 2278 2110 2349 jam

518 2381 681 2427 antea
726 2371 918 2435 volita,
980 2369 1290 2433 intellecta,
1343 2377 1553 2425 statuta
1605 2369 1864 2437 fuerunt;
1905 2369 2109 2440 cuique

518 2477 656 2519 vero
698 2477 896 2518 eorum
933 2475 1057 2532 quae
1092 2467 1225 2516 sunt
1273 2460 1427 2531 juxta
1480 2461 1746 2517 idoneum
1789 2469 1847 2517 et
1901 2476 2110 2534 oppor-

396 2589 408 2606 ,
521 2566 720 2626 tunum
769 2563 992 2626 tempus
1037 2552 1338 2609 essentiam
1378 2553 1576 2610 tribuit
1627 2563 1686 2610 et
1719 2555 2108 2610 substantiam.

519 2649 712 2720 Neque
759 2647 910 2703 enim
954 2645 1177 2716 quando
1229 2643 1558 2702 efﬁcientem
1602 2647 1892 2718 quidpiam
1932 2647 2109 2704 Deum

520 2739 797 2805 videmus,
841 2747 978 2793 tunc
1027 2751 1252 2808 quoque
1306 2737 1608 2796 voluntatis
1649 2738 1799 2794 circa
1836 2755 1958 2795 eam
1992 2755 2110 2794 rem

521 2832 747 2888 initium
812 2830 1018 2886 fecisse
1075 2838 1172 2886 aut
1236 2829 1557 2886 intellectus
1609 2838 1706 2886 aut
1774 2831 2114 2904 cognitionis

522 2926 708 2996 ipsum
761 2923 1126 2979 arbitremur.
1167 2922 1362 2980 Absit!
1414 2921 1533 2978 Hoc
1577 2923 1728 2980 enim
1771 2925 1946 2981 multa
1983 2939 2114 2997 pro-

521 3019 668 3073 fecto
701 3015 1049 3072 absurditate
1088 3022 1355 3082 scateret,
1389 3014 1437 3071 si
1467 3015 1618 3087 quod
1672 3017 1822 3072 Deus
1845 3017 1916 3073 ab
1945 3017 2110 3073 initio

2199 516 2578 588 προϋπάρχειν
2602 515 2854 584 λέγοντες
2872 512 2989 580 τῶν
3011 511 3287 581 σωμάτων
3319 510 3420 571 τὰς
3451 508 3638 578 ψυχὰς,
3663 512 3744 562 καὶ

2199 611 2472 682 τιμωρίας
2512 608 2700 664 ἕνεκεν
2745 605 2856 662 τῶν
2882 605 3072 677 ψυχῶν
3103 601 3498 674 ὲφευρέσθαιττ
3549 601 3614 654 τά
3654 601 3744 654 σώ-

2205 721 2376 778 ματα,
2429 703 2522 759 διὰ
2594 701 2695 774 τὴν
2747 697 3237 773 προγεγενημένην
3301 693 3416 748 τῶν
3473 692 3748 762 ἀσωμάτων

2201 801 2422 866 κακίαν,
2484 799 2585 868 τῆς
2631 797 2744 852 τῶν
2794 794 3091 869 ὁρωμένων
3119 788 3436 863 ἐκπρεποῦς
3477 787 3746 860 μεγαλουρ·

2201 893 2348 964 γίας,
2394 891 2465 946 δι’
2504 884 2574 964 ἧς
2616 892 2646 946 ὁ
2672 889 2807 953 Θεὸς
2837 884 3171 954 γινώσκεται
3200 883 3386 952 σιωπῇ
3442 878 3747 950 κηρυττόμε⁶

2201 1003 2312 1051 νος,
2341 983 2525 1040 αἰτίαν
2551 981 2778 1043 εἰκότως
2798 979 2870 1012 ’⁷⁸
2905 971 3048 1032 εἶναι
3073 973 3244 1046 μόνην
3273 966 3631 1039 ὑποτιθέμεθα
3663 969 3748 1037 τὴν

2204 1079 2431 1145 κακίαν,
2462 1075 2714 1146 ἀνάγκην
2741 1071 3059 1140 ἐπάγουσαν
3081 1065 3162 1137 τῷ
3193 1061 3320 1135 Θεῷ
3340 1061 3494 1132 παρὰ
3522 1058 3745 1131 πρόθεσιν

2206 1175 2275 1245 ἦν
2306 1172 2409 1226 οὐκ
2447 1169 2746 1239 εὐδόκησεν
2765 1165 2813 1197 ⁷⁸
2845 1162 3040 1216 οὐσίαν
3069 1155 3504 1245 δημιουργῆσαις
3528 1146 3591 1223 ἧς
3615 1149 3750 1245 τυχὸν

2204 1239 2301 1320 ἀπ’
2327 1262 2508 1334 ἀρχῆς
2535 1259 2660 1314 οὐδὲ
2689 1256 2782 1312 τὸν
2809 1254 2971 1324 λόγον
2997 1250 3114 1322 ἔχει
3139 1247 3250 1321 πρὸ
3283 1245 3396 1300 τῶν
3415 1243 3617 1300 αἰώνων
3637 1239 3749 1313 μετὰ

2203 1355 2314 1410 τῶν
2342 1355 2520 1410 ἄλλων
2547 1351 2895 1422 ἀπόκρυφον.
2921 1345 3046 1400 Τῶν
3077 1343 3190 1415 γὰρ
3231 1339 3389 1411 παρὰ
3421 1335 3665 1409 πρόθεσιν
3686 1351 3753 1401 γιο

2206 1451 2454 1524 νομένων
2477 1448 2664 1518 λέγειν
2691 1444 2784 1499 τὸν
2809 1441 2943 1496 Θεὸν
2980 1439 3127 1511 ἔχειν
3168 1435 3302 1498 τοὺς
3342 1433 3446 1504 τῆς
3485 1426 3752 1524 obstiterint;

2206 1515 2423 1612 λόγους,
2451 1537 2514 1594 ob
2551 1515 2643 1610 μοι
2699 1535 2851 1590 δοκεῖ
2903 1529 3137 1600 συνετῆς
3183 1524 3438 1586 διανοίας
3477 1515 3630 1581 εἶναι,
3679 1517 3749 1612 καί

2206 1610 2458 1691 ὁπωσοῦν
2486 1628 2545 1686 εὖ
2577 1625 2999 1701 συνῃσθημένης
3029 1620 3170 1676 Θεοῦ
3218 1614 3653 1690 μεγαλειότητος,
3679 1610 3751 1663 τοῦ

2208 1725 2457 1791 ἀπαθοῦς
2495 1724 2591 1779 καὶ
2638 1722 2803 1796 μόνου
2847 1716 3108 1790 ἀληθοῦς,
3168 1713 3266 1768 καὶ
3340 1709 3514 1782 μηδὲν
3571 1706 3749 1777 ἔχοντος

2209 1821 2439 1879 καθόλου
2474 1817 2618 1874 κατὰ
2661 1815 2790 1879 τοὺς
2845 1814 2905 1885 ἐν
2957 1808 3110 1883 αὐτῷ
3167 1805 3447 1879 προόντας
3487 1797 3590 1855 τῶν
3609 1799 3745 1852 όντων

2207 1916 2402 1986 λόγους
2446 1909 2784 1985 πρόσφατον,
2834 1905 2932 1960 καὶ
2994 1903 3235 1975 μάλιστα
3305 1895 3462 1968 παρὰ
3515 1891 3748 1986 πρόθεσιν.

2209 1983 2396 2060 Πάντα
2424 1983 2534 2074 γὰρ
2566 1997 2716 2070 αὐτῷ
2745 1997 2816 2052 τὰ
2849 1991 3104 2048 ὁπωσοῦν
3129 1991 3263 2045 ὂντα
3289 1989 3338 2021 τ’
3381 1987 3418 2058 ἢ
3451 1983 3748 2054 γενησόμενα

2209 2096 2351 2153 κατὰ
2375 2095 2478 2168 τὴν
2502 2092 2690 2148 οὐσίαν
2707 2083 3102 2158 προτεθέληταί
3133 2101 3197 2139 τε
3219 2082 3322 2138 καὶ
3355 2075 3749 2168 προεννενόήτιιι,

2209 2191 2307 2246 καὶ
2332 2164 2716 2261 προέγνωσται
2736 2200 2751 2214 ·
2792 2181 3027 2235 ἕκαστον
3073 2177 3133 2232 δὲ
3174 2173 3294 2230 τῶν
3324 2172 3500 2227 όντων
3537 2165 3661 2223 κατὰ
3680 2164 3751 2218 τὸν

2210 2260 2433 2336 εὔθετον
2443 2279 2492 2311 ⁸⁰
2515 2276 2614 2332 καὶ
2643 2267 2957 2345 ἐπιτήδειον
2979 2279 3178 2341 καιρόν
3199 2265 3382 2321 ούσιοῐ
3412 2263 3506 2316 καὶ
3520 2260 3748 2329 ύφίστησι.

2211 2373 2366 2446 Μηδὲ
2401 2371 2510 2444 γὰρ
2533 2371 2626 2426 ὅτε
2649 2385 2704 2422 τι
2727 2360 3223 2428 κατασκευάζοντα
3256 2358 3354 2413 τδν
3404 2354 3536 2410 Θεὸν
3558 2350 3750 2424 ὁρῶμεν,

2210 2471 2335 2523 τότε
2358 2467 2453 2524 καὶ
2473 2467 2574 2538 τῆς
2598 2464 2730 2537 περὶ
2766 2461 2900 2517 αύτδ
2933 2458 3212 2531 θελήσεως
3262 2450 3474 2526 ἦρχθαι
3505 2447 3686 2538 ἑννοίας
3705 2460 3752 2538 τε

2214 2565 2310 2619 καὶ
2340 2536 2596 2632 γνώσεως
2641 2536 2804 2613 αύτδν
2835 2548 3246 2626 νομίσωμενδι.
3295 2547 3536 2614 Ἄπαγε.
3585 2536 3754 2632 Πολλῆς
3799 2611 3803 2616 ⁸

2213 2653 2323 2726 γὰρ
2353 2628 2526 2715 δντως
2569 2648 2688 2702 ἐστί
2736 2645 2896 2701 τοῦτο
2962 2639 3163 2717 μεστὸν
3213 2635 3475 2701 ἀτοπίας,
3510 2632 3556 2687 εί
3598 2628 3753 2726 όπερό

2212 2721 2345 2808 θεὸς
2369 2742 2549 2814 (231
2569 2759 2599 2795 α
2624 2740 2643 2811 )
2675 2738 2736 2805 ἐξ
2766 2736 2942 2810 ἀρχῆς
2973 2734 3081 2806 πρὸ
3112 2732 3227 2787 τῶν
3251 2728 3474 2786 αἰώνων
3515 2728 3641 2796 μήτε
3685 2721 3752 2814 ἐνῇ

2213 2813 2436 2905 ενόησεν
2458 2831 2494 2904 ἦ
2521 2831 2664 2901 ἔγνω
2693 2829 2727 2902 ἢ
2758 2828 3017 2900 ὲθέλησεν
3051 2819 3214 2891 εῖναι,
3247 2822 3351 2877 νῦν
3394 2821 3585 2891 νοήσας
3611 2832 3663 2868 τε
3681 2813 3753 2866 καὶ

2215 2925 2450 2999 θελήσας
2472 2925 2570 2980 καὶ
2590 2924 2775 2993 γνοὺς,
2805 2922 2842 2992 ἢ
2883 2919 3187 2992 μεταγνοὺς
3207 2917 3393 2972 εἰπεῖν
3443 2910 3747 2981 οἰκειότερον.

2213 3017 2292 3083 ὡς
2320 3015 2485 3072 καλὸν
2516 3014 2858 3084 ἐξετέλεσενο
2887 3014 2976 3068 ἵνα
3034 3012 3112 3086 μή
3152 3011 3305 3081 λέγω
3353 3009 3440 3064 ὅτι
3477 3007 3592 3062 οὐδὲ
3616 3002 3752 3071 αὐτὴν

521 3117 653 3165 ante
678 3108 881 3164 saecula
919 3119 1101 3179 neque
1151 3106 1437 3178 cogitavit,
1473 3115 1571 3163 aut
1613 3108 1811 3168 statuit
1848 3117 1911 3164 ut
1941 3116 2108 3175 esset,

2217 3102 2293 3164 ὧν
2324 3111 2454 3173 τοὺς
2493 3107 2692 3178 λόγους
2738 3106 3179 3179 προηγουμένως
3205 3103 3342 3202 Δοιίηι
3378 3102 3512 3174 ἔχει.

521 3201 857 3267 autvoluit,
905 3217 1059 3256 nunc
1105 3201 1359 3274 cogitans
1383 3210 1442 3259 et
1488 3211 1744 3259 statuens
1788 3210 1847 3259 et
1886 3202 2107 3268 volens,

522 3296 613 3352 vel
667 3295 1026 3368 resipiscens,
1077 3303 1139 3350 ut
1191 3295 1368 3368 magis
1404 3295 1631 3368 proprie
1659 3295 1881 3366 loquar,
1915 3303 1978 3350 ut
2011 3293 2113 3351 bo-

523 3404 659 3445 num
702 3387 998 3460 perﬁceret
1026 3405 1041 3443 :
1071 3404 1143 3444 ne
1172 3389 1354 3446 dicam
1382 3390 1532 3461 quod
1559 3406 1631 3447 ne
1681 3390 1856 3462 ipsam
1885 3390 2112 3462 quidem

521 3496 721 3537 eorum
760 3480 1166 3537 factitationem
1215 3497 1457 3554 quorum
1506 3483 1750 3540 rationes
1779 3483 2113 3539 anteceden-

523 3583 615 3631 ter
645 3589 756 3629 non
801 3574 1024 3641 habeat,
1071 3574 1251 3631 novit.
1304 3575 1423 3632 lmo
1457 3585 1658 3632 cuncta
1693 3576 1791 3634 Dei
1825 3576 2112 3634 voluntate

523 3680 625 3736 per
669 3666 1080 3736 praescientiam
1126 3667 1436 3723 secundum
1475 3667 1748 3724 inﬁnitam
1784 3669 1907 3741 ejus
1939 3668 2113 3726 virtu-

526 3767 636 3813 tem
672 3772 893 3828 semper
941 3758 1220 3814 contineri
1279 3759 1589 3827 credimus,
1638 3760 1791 3817 nulla
1824 3776 1885 3818 re
1933 3761 2004 3816 ab
2042 3775 2112 3817 eo

524 3865 751 3921 quoquo
772 3849 827 3905 id
849 3848 1014 3905 modo
1042 3849 1204 3908 ﬁeret
1221 3867 1420 3909 recens
1440 3852 1749 3925 excogitata
1771 3863 1830 3910 et
1869 3853 2114 3910 exsiten-

527 3944 660 4014 tiam
693 3942 1050 4000 essentialcm
1079 3944 1412 4015 accipiente.
1439 3946 1629 4017 Neque
1658 3946 1807 4003 enim
1854 3947 2112 4004 existimo

521 4050 624 4091 eos
645 4034 746 4107 qui
778 4035 866 4105 pie
896 4051 961 4092 ac
992 4035 1248 4108 religiose
1288 4038 1540 4094 sentiunt
1571 4038 1776 4095 debere
1808 4039 1980 4096 Deum
2009 4055 2111 4110 pu-

527 4135 644 4182 tare
693 4141 817 4196 quae
853 4142 955 4197 per
998 4129 1486 4200 praecognitionem
1547 4131 1763 4186 inﬁnita
1808 4132 2015 4186 virtute
2052 4131 2110 4185 in

526 4215 714 4288 seipso
750 4218 1058 4274 secundum
1101 4235 1295 4275 eorum
1332 4221 1580 4277 rationes
1613 4223 2108 4292 praecontinentur,

527 4325 595 4364 ea
643 4308 858 4380 singula
906 4323 1246 4379 cognoscere
1291 4326 1390 4381 per
1417 4313 1842 4383 productionem
1872 4315 1937 4372 in.
1961 4317 2108 4372 exsi-

528 4399 810 4455 stentiam.
851 4403 922 4456 At
972 4400 1137 4456 nobis
1167 4403 1370 4459 saecula
1407 4411 1465 4459 et
1506 4411 1758 4475 tempora
1801 4406 2108 4463 secundum

2218 3199 2318 3273 τὴν
2345 3199 2590 3268 ποίησιν.
2663 3196 2827 3251 Ἀλλὰ
2872 3195 3054 3252 πάντα
3098 3197 3166 3268 τῇ
3203 3192 3463 3266 βουλήσει
3513 3188 3601 3244 τοῦ
3644 3183 3752 3242 8εοῦ

2222 3289 2652 3364 προγνωστικῶς
2671 3288 2816 3344 κατὰ
2855 3287 2955 3361 τήν
2985 3286 3218 3360 ἄπειρον
3254 3283 3430 3340 αὐτοῦ
3460 3282 3671 3351 δύναμιν
3686 3274 3754 3329 ἀεὶ

2229 3382 2585 3456 περιέχεσθαι
2614 3379 2969 3452 πιστεύομεν,
3022 3378 3252 3452 μηδενὸς
3297 3375 3445 3447 αὐτῷ
3486 3372 3602 3428 καθ’
3643 3371 3755 3422 οἱον-

2217 3474 2419 3546 δὴποτε
2465 3472 2669 3545 τρόπον
2731 3470 3068 3544 προσφάτως
3111 3469 3536 3542 ἑπινοουμένου,
3589 3465 3670 3520 καὶ
3705 3459 3755 3514 rb

2217 3558 2362 3618 εἶναι
2399 3562 2543 3617 κατὰ
2561 3560 2665 3632 τὴν
2705 3560 2896 3616 οὐσίαν
2929 3559 3333 3632 λαμϐάνοντος.
3366 3557 3518 3628 Μηδὲ
3545 3555 3643 3625 γάρ
3667 3551 3754 3605 οἴε-

2220 3656 2347 3711 σθαι
2389 3655 2500 3710 δεῖν
2515 3654 2562 3687 ⁸¹
2611 3653 2854 3720 εύσεσῶς
2905 3651 3244 3726 φρονοῦντας
3290 3648 3645 3720 ὑπολαμϐάνω
3682 3643 3754 3697 τόν

2217 3747 2351 3802 Θεὸν
2381 3746 2453 3802 τὰ
2485 3746 2629 3802 κατά
2679 3745 2993 3818 πρόγνωσιν
3028 3744 3489 3816 ἁπειροδυνάμως
3519 3743 3572 3795 ὲν
3608 3732 3756 3806 ἐαυτῷ

2218 3841 2360 3899 κατὰ
2387 3825 2516 3904 τοὺς
2547 3838 2759 3894 ἑαυτῶν
2791 3838 2984 3914 λόγους
3016 3836 3505 3910 προπεριεχόμενα
3523 3833 3568 3864 ⁸⁸
3587 3832 3755 3884 ἕκαστα

2220 3931 2517 4005 μανθάνειν
2564 3931 2654 3988 διὰ
2681 3932 2781 4004 τῆς
2833 3933 2920 3996 είς
2949 3931 3011 3986 τὸ
3038 3928 3180 3987 εἶναι
3241 3927 3598 4004 παραγωγῆς.
3637 3918 3754 3976 Ἀλλ’

2217 4027 2354 4098 ἡμῖν
2381 4025 2430 4079 οί
2477 4024 2676 4090 αἰῶνές
2715 4025 2915 4094 τεκαὶ
2941 4025 2994 4080 οἱ
3040 4025 3224 4097 χρόνοι
3263 4024 3407 4080 κατὰ
3439 4022 3527 4076 τὸν
3558 4031 3755 4090 προωμ-

2219 4118 2421 4188 σμένον
2441 4117 2490 4151 ⁸δ
2519 4117 2619 4172 καὶ
2647 4118 2741 4173 τὸν
2773 4117 2995 4173 εὔθετον
3032 4119 3270 4173 ἑκάστου
3311 4115 3504 4188 καιρὸν
3546 4107 3700 4180 σοφῶς
3716 4104 3754 4136 ⁸⁸

2218 4212 2430 4266 ἕκαστα
2479 4211 2967 4284 δημιουργούμενα
3021 4209 3337 4266 δεικνύουσι
3352 4211 3426 4275 ⁸⁸,
3461 4206 3554 4261 καὶ
3601 4203 3670 4264 είς
3707 4197 3756 4250 τὺ

2215 4301 2357 4360 εῖναι
2373 4303 2776 4377 προϐάλλονται
2795 4304 2840 4336 ⁸⁷
2866 4321 2880 4336 ο
2913 4305 3058 4359 καθά
3079 4305 3176 4358 καὶ
3198 4301 3445 4376 περὶτοῦ
3473 4297 3598 4355 Acut
3621 4305 3755 4365 φησιν

2215 4399 2246 4452 ὁ
2269 4396 2414 4461 θεῖος
2451 4395 2780 4461 Ἀπόστολος
2814 4397 3016 4451 οὑτωσὶ
3047 4395 3284 4462 διεξιὼν,
3318 4397 3447 4450 Ἔτι
3478 4393 3582 4464 γὰρ
3614 4388 3675 4441 ἐν
3695 4380 3756 4450 τῇ

529 4485 864 4558 praeﬁnitum
913 4498 1402 4562 opportunumque
1436 4493 1707 4565 cujusque
1765 4495 1849 4552 rei
1894 4504 2108 4569 tempus

2218 4493 2411 4563 ὀσφύϊ
2429 4491 2538 4548 τοῦ
2560 4492 2787 4561 πατρὸς
2804 4488 2905 4563 ἦν,
2936 4493 3067 4564 πρὶν
3097 4493 3181 4556 εἰς
3206 4492 3267 4546 τὸ
3299 4486 3443 4545 εἶναι
3477 4481 3750 4559 παρελθεῖν.

531 4578 814 4648 sapienter
843 4581 1110 4651 quaelibet
1141 4581 1266 4638 ﬁeri
1294 4584 1621 4650 ostendunt,
1655 4597 1713 4642 et
1737 4586 1805 4642 ad
1839 4589 2115 4646 exsisten-

532 4670 667 4726 tiam
711 4674 946 4743 provehi
983 4691 998 4728 :
1032 4673 1182 4730 sicut
1230 4675 1400 4731 etiam
1436 4676 1509 4733 de
1543 4678 1673 4734 Levi
1723 4679 1863 4734 dicit
1893 4679 2119 4738 divinus

529 4762 852 4832 Apostolus,
874 4764 982 4820 hoc
1005 4765 1174 4820 modo
1193 4765 1460 4836 loquens:
1492 4769 1676 4824 Adhuc
1699 4772 1838 4825 enim
1857 4772 1912 4826 in
1945 4770 2119 4827 lumbo

530 4856 697 4924 patris
711 4864 830 4911 erat
864 4858 880 4898 ἱ
908 4865 1206 4928 antequam
1233 4859 1546 4916 exsisteret.
1573 4861 1678 4928 Qui
1709 4863 1959 4933 potentia
1983 4865 2112 4936 qui-

530 4946 658 5002 dem
689 4946 746 5002 in
775 4948 1088 5018 patriarcha
1107 4949 1430 5006 Abrahamo
1466 4953 1761 5019 exsistens,
1798 4954 1953 5025 juxta
1979 4971 2114 5026 pras-

533 5035 751 5091 ﬂnitum
782 5052 916 5093 vero
959 5048 1179 5108 tempus
1218 5055 1323 5110 per
1357 5041 1786 5113 conceptionem.
1814 5043 1884 5100 de
1908 5044 2112 5102 eﬁ'ectu

530 5131 730 5180 nactus
765 5128 1180 5197 generationem
1219 5130 1282 5186 in
1319 5131 1728 5200 exsistentiam,
1763 5134 1912 5190 serie
1934 5144 1994 5192 et
2031 5151 2142 5192 or--

2220 4586 2411 4647 Ὅστις
2464 4584 2694 4655 δυνάμει
2728 4583 2829 4654 μὲν
2855 4581 2902 4614 ⁸⁸
2933 4583 2992 4636 ὲν
3021 4581 3106 4652 τῷ
3161 4582 3478 4654 πατριάρχῃ
3538 4573 3753 4647 Ἀϐραὰμ

2222 4677 2514 4748 ὑπάρχων,
2557 4675 2703 4730 κατὰ
2755 4674 2813 4729 δὲ
2848 4673 2942 4728 τὸν
2985 4673 3381 4744 τετελεσμένον
3439 4671 3621 4743 καιρὸν
3671 4667 3753 4736 τὴν

2221 4770 2361 4841 πρὸς
2409 4768 2470 4823 τὸ
2516 4763 2656 4822 εἶναι
2685 4767 2780 4821 διὰ
2821 4767 3074 4838 κυήσεως
3106 4765 3230 4822 κατ’
3258 4765 3542 4837 ἐνέργειαν
3569 4760 3751 4830 γένεσιν

2219 4861 2424 4928 λαϐὼν,
2457 4861 2640 4935 είρμῷ
2661 4861 2758 4914 καὶ
2784 4859 2938 4925 τάξει
2964 4859 3106 4916 κατὰ
3129 4859 3232 4931 τὴν
3265 4859 3572 4931 ἀπόρρητον
3593 4850 3753 4922 σοφίαν

2216 4953 2313 5009 τοῦ
2348 4953 2484 5008 Θεοῦ
2523 4954 2594 5008 τὰ
2630 4953 2808 5006 πάντα
2835 4951 2936 5022 τὴν
2979 4951 3119 5023 πρὸς
3159 4951 3223 5004 τὸ
3270 4946 3411 5006 εἶναι
3461 4949 3658 5017 γένεσιν
3684 4942 3752 4995 δέ-

2221 5045 2413 5117 χεσθαι
2449 5046 2591 5098 νοεῖν
2625 5043 2774 5116 ἡμᾶς
2805 5043 2902 5098 καὶ
2936 5041 3218 5098 πιστεύειν
3258 5043 3402 5098 κατὰ
3428 5041 3516 5096 τὸν
3541 5047 3752 5110 προγνω-

2222 5137 2422 5193 σθέντα
2448 5136 2643 5207 καιρὸν
2677 5136 3018 5206 ὑπηγάγετο.

531 5215 662 5273 dine
685 5216 894 5281 omnia,
931 5221 1330 5289 praeintellecto
1380 5231 1550 5294 atque
1599 5226 1940 5299 precognito
1979 5236 2252 5300 tempore,
2297 5228 2605 5286 secundum
2647 5227 2983 5284 ineﬁ‘abilem
3045 5227 3144 5284 Dei
3182 5227 3504 5302 sapientiam
3535 5221 3750 5292 accipere

531 5311 867 5368 exsistentia:
900 5314 1274 5372 conditionem
1337 5325 1400 5373 ut
1443 5334 1548 5377 nos
1610 5318 2048 5391 intelligeremus
2107 5330 2166 5378 et
2197 5323 2558 5380 crederemus
2597 5321 2898 5394 persuasit.

612 5432 628 5470 ί
661 5427 829 5484 Hebr.
859 5444 956 5495 vn,
990 5429 1077 5485 l0.

1801 5526 2039 5583 ἾΛΒΙᾸΞ
2080 5527 2492 5585 LECTIONES.

600 5639 645 5711 ’ἵ
680 5643 810 5711 ὲφευ

600 5642 645 5676 ’⁸³
680 5643 1014 5714 ὲφευρῆσθαι
1053 5647 1144 5702 ed.
1193 5645 1332 5701 Gall.
1408 5647 1474 5679 ⁷⁷⁸
1501 5647 1592 5704 Sic
1631 5650 1756 5706 cod.
1792 5649 1934 5705 Gud.
1974 5659 2030 5706 et
2061 5650 2151 5707 ed.
2182 5650 2322 5707 Gali.
2398 5649 2446 5683 "
2477 5651 2778 5723 ηὐδόκησεν
2837 5652 2928 5708 ed.
2988 5650 3128 5708 Call.
3205 5652 3466 5780 τ’ἓόντα
3511 5648 3590 5705 ed.
3627 5642 3744 5701 Gell.

531 5715 579 5746 "
609 5710 1082 5771 lvOeroved.Gall.
1157 5715 1200 5748 ⁸¹
1220 5715 1516 5780 νομίζομεν
1536 5718 1625 5774 ed.
1657 5720 1799 5776 Gall.
1875 5720 2274 5777 "6sied.Gall.
2313 5739 2315 5742 ‘
2351 5721 2398 5754 ³⁸
2415 5723 2895 5780 προπερισγόμενα
2919 5738 3107 5780 anoar.
3136 5723 3260 5778 cod.
3326 5723 3418 5779 nd.
3487 5722 3530 5753 ⁸⁸
3555 5714 3744 5780 ὁρισμδν

609 5710 1108 5794 ινρετρνειξεοοη..
1157 5715 1200 5748 ⁸¹
1220 5715 1625 5794 νόει-ἱζόμενος.
1651 5720 1799 5794 _Gall.
1875 5721 1924 5794 ’ξ
1937 5720 2274 5794 δεξειωοη.
2313 5739 2315 5742 ‘
2351 5710 2895 5794 ³⁸Απροπερισχόμενα
2919 5738 3107 5794 apogr.
3136 5723 3260 5778 cod.

3326 5723 3418 5779 nd.
3487 5722 3530 5753 εδ
3555 5714 3744 5790 atque

531 5782 621 5841 θάο
652 5783 794 5839 ca".
882 5785 928 5816 ⁸⁸
959 5786 1147 5855 σαφῶς
1173 5787 1265 5843 ed-
1287 5781 1428 5843 Call:
1505 5789 1552 5822 "
1583 5789 1822 5847 δείκνυσι
1859 5791 1951 5850 ed.
1984 5790 2124 5849 Gall.
2199 5794 2244 5826 "
2273 5781 2636 5862 προϐάλλεται
2667 5781 2918 5850 θ’ἆίϐειη.
2953 5781 2970 5794 ’
2995 5781 3057 5828 ’δ’
3075 5794 3175 5852 μὲν
3203 5812 3312 5852 non
3344 5793 3500 5851 habet
3523 5781 3603 5847 ed'.
3627 5781 3738 5842 Gell.
