4026 6288
328 328 467 397 1329

1559 334 2078 397 AMBIGUORUM
2117 335 2368 399 LIBER.

3444 342 3583 410 1330

392 443 617 499 Πάντων
644 436 737 497 οὖν
768 442 877 498 τῶν
906 443 1027 498 κατ’
1047 442 1236 499 οὐσίαν
1263 443 1621 518 ὑπαρκτικῶς
1647 445 1820 500 ὄντων
1839 464 1900 500 τε

2071 449 2328 507 Omnium
2365 449 2531 521 igitur
2571 466 2757 508 rerum
2790 455 3096 512 secundum
3118 458 3420 516 essentiam
3449 460 3583 516 sub-

316 539 415 591 καὶ
435 536 729 606 ἐσομένων,
757 535 1113 607 ἢγενομένων
1129 536 1198 601 ⁸⁸,
1226 536 1258 608 ἢ
1281 537 1667 609 γενησομένων
1701 538 1735 609 ἢ
1765 556 1895 608 φαι-

315 627 582 698 νομένων,
615 627 647 697 ἢ
678 627 1093 699 φανησομένων,
1122 630 1181 682 έν
1209 628 1288 699 τῷ
1315 628 1436 698 Θεῷ
1476 630 1897 703 προϋπάρχουσι

318 720 535 788 παγίως
563 719 719 781 ὄντες
761 720 811 773 οί
856 719 1029 791 λόγοι,
1060 720 1183 775 καθ’
1215 720 1310 785 οὓς
1341 721 1437 776 καὶ
1466 722 1578 777 sict
1605 723 1675 776 τὰ
1721 723 1898 779 πάντα

318 816 417 865 καὶ
441 815 698 882 γεγόνασι
727 814 821 868 καὶ
840 814 1186 886 διαμένουσιν
1202 816 1248 848 ⁹⁶
1273 816 1365 871 ἀεὶ
1384 816 1499 879 τοῖς
1521 816 1734 871 ἑαυτῶν
1757 816 1898 871 κατὰ

319 904 583 974 πρόθεσιν
629 905 832 976 λόγοις,
875 906 963 961 διὰ
1001 908 1277 978 κινήσεως
1326 907 1566 979 φυσικῆς
1608 906 1898 977 ἐγγίζοντα

322 998 505 1069 (231
535 1001 586 1062 ὁ)
616 1003 711 1054 καὶ
765 999 903 1070 πρὸς
970 999 1032 1054 τὸ
1075 995 1216 1054 εἶναι
1274 1000 1477 1072 μᾶλλον
1535 1001 1894 1073 συνεχόμενα,

321 1092 463 1145 κατὰ
491 1092 590 1163 τὴν
624 1092 783 1147 ποιάν
816 1110 878 1148 τε
918 1093 1011 1149 καὶ
1062 1094 1235 1166 ποσὴν
1258 1093 1363 1164 τῆς
1400 1093 1781 1166 προαιρέσεως
1811 1093 1899 1148 κι-

320 1185 480 1254 νησίν
509 1203 566 1239 τε
593 1187 687 1241 καὶ
726 1187 922 1258 ῥοπὴν,
956 1187 1018 1241 τὸ
1044 1186 1106 1242 εὖ
1130 1188 1198 1241 δι’
1230 1185 1434 1259 ἀρετὴν
1466 1189 1563 1241 καὶ
1614 1187 1718 1259 τὴν
1758 1187 1897 1259 πρὸς

320 1277 414 1329 τὸν
452 1277 608 1347 λόγον
637 1279 757 1333 καθ’
784 1281 844 1334 ὃν
866 1282 1015 1335 ἐστιν
1064 1280 1421 1352 εὐθυπορίαν.
1451 1279 1486 1351 ἢ
1537 1280 1594 1332 τὸ
1620 1279 1722 1349 φεῦ
1757 1275 1897 1334 εἶναι

320 1367 414 1422 διὰ
441 1370 640 1427 κακίαν
683 1372 779 1426 καὶ
823 1374 922 1442 τὴν
971 1374 1125 1445 παρὰ
1170 1374 1263 1429 τὸν
1314 1374 1473 1443 λόγον
1520 1373 1643 1427 καθ’
1669 1374 1729 1427 ὃν
1779 1375 1896 1428 ἐστι

323 1465 538 1532 κίνησιν
565 1463 933 1535 λαμϐάνοντα,
968 1469 1063 1521 καὶ
1107 1467 1389 1537 συντόμως
1417 1468 1594 1521 εἰπεῖν
1625 1466 1769 1521 κατὰ
1797 1466 1898 1538 τὴν

320 1549 435 1614 ἕξιν
457 1550 605 1622 ἢτὴν
625 1554 878 1625 στέρησιν
891 1558 994 1626 τῆς
1008 1556 1189 1611 αὐτῶν
1218 1556 1360 1611 κατὰ
1377 1556 1542 1627 φύσιν
1566 1555 1898 1627 μεθεκτικῆς

321 1640 605 1713 δυνάμεως
623 1644 716 1698 τοῦ
736 1647 1012 1713 παντελῶς
1039 1649 1345 1720 ἀμεθέκτου
1358 1650 1500 1704 κατὰ
1521 1648 1685 1720 φύσιν
1710 1649 1892 1722 ὑπάρ-

323 1750 532 1802 χοντος,
561 1735 655 1789 καὶ
693 1739 859 1792 πᾶσιν
890 1739 1078 1804 ἁπλῶς
1117 1741 1309 1797 ἑαυτὸν
1339 1742 1513 1810 ἀξίοις
1550 1759 1611 1796 τε
1645 1743 1740 1797 καὶ
1762 1744 1897 1797 ἀνα-

1998 542 2335 597 stantialiter
2358 543 2753 600 exsistentium
2775 555 2833 601 et
2869 548 3293 615 exstiturarum,
3334 550 3454 608 sive
3478 567 3582 608 na-

2001 642 2181 689 tarum
2232 634 2351 690 sive
2390 635 2823 701 nasciturarum,
2861 639 2980 695 sive
3031 642 3421 711 apparentium
3462 643 3583 700 sive

1997 722 2465 796 appariturarum,
2499 725 2556 781 in
2602 727 2715 783 Deo
2746 729 3135 799 pmeuistunt
3173 732 3456 791 stabiliter
3492 750 3583 790 ra~

1999 816 2199 884 tiones,
2241 812 2549 875 secundum
2605 836 2746 891 quas
2789 830 2849 877 et
2878 831 3012 877 sunt
3042 825 3227 879 omnia
3260 833 3319 881 et
3352 826 3585 883 fuerunt

1996 916 2055 963 et
2095 918 2320 964 manent
2349 924 2573 980 semper
2618 911 2737 967 suis
2770 911 3078 968 secundum
3104 914 3410 972 voluntatis
3443 930 3583 986 pro-

1997 1000 2238 1070 positum
2267 1000 2601 1067 rationibus,
2637 1018 2737 1072 per
2760 1002 3083 1063 naturalem
3110 1014 3324 1060 motum
3376 1020 3580 1075 appro-

1997 1092 2323 1163 pinquantia
2366 1102 2424 1150 et
2483 1094 2551 1151 ad
2611 1096 2994 1152 exsistentiam
3051 1098 3229 1168 magis
3279 1106 3579 1164 coarctata,

1996 1186 2302 1241 secundum
2356 1187 2801 1259 qualemcunque
2848 1198 2906 1245 et
2948 1200 3436 1261 quantamcuuque
3479 1204 3583 1245 νου

1996 1277 2228 1335 luntatis
2286 1289 2500 1336 motum
2583 1288 2752 1351 atque
2810 1292 3189 1363 momentum,
3253 1281 3582 1352 accipientia

1997 1369 2141 1427 bene
2185 1386 2313 1428 esse
2362 1388 2463 1443 per
2500 1373 2766 1429 virtutem
2816 1382 3144 1444 rectumque
3190 1374 3257 1428 ad
3311 1374 3583 1429 rationem

1996 1479 2105 1537 qua
2157 1472 2391 1520 utuntur
2446 1464 2576 1531 iter,
2628 1465 2718 1521 vel
2772 1466 2917 1524 male
2954 1480 3077 1523 esse
3124 1475 3352 1537 propter
3384 1466 3581 1521 vitium

1995 1565 2054 1610 et
2090 1564 2300 1611 motum
2343 1554 2397 1611 ei
2428 1570 2539 1627 qua
2577 1564 2812 1613 utuntur
2862 1555 3080 1611 ratione
3107 1554 3476 1619 contrarium,
3502 1561 3580 1619 et,

1998 1657 2059 1704 ut
2093 1648 2284 1720 paucis
2332 1648 2534 1713 dicam,
2588 1647 2899 1705 secundum
2955 1647 3210 1703 habitum
3255 1647 3343 1702 vel
3395 1645 3581 1717 priva-

1998 1743 2205 1799 tionem
2250 1757 2366 1799 ουκ
2413 1744 2568 1814 juxta
2619 1750 2876 1797 naturam
2915 1739 3319 1812 participativm
3354 1736 3582 1793 virtutis

325 1824 460 1888 ξίοις
486 1826 607 1881 ὅλον
654 1828 798 1883 κατὰ
829 1829 992 1903 χάριν
1036 1832 1105 1887 δι’
1143 1831 1376 1905 ἄπειρον
1408 1832 1725 1903 ἀγαθότητα
1754 1851 1897 1906 παρ·

2001 1835 2121 1907 ejus
2150 1836 2248 1906 qui
2297 1809 2462 1906 plane
2494 1809 2977 1905 imparticipabil—is
3003 1840 3091 1891 est
3121 1809 3440 1894 secundum
3480 1845 3583 1885 na-

324 1918 542 1987 ἐχοντος
559 1919 629 1986 ⁸⁸,
666 1922 759 1975 καὶ
788 1923 887 1993 τὴν
915 1921 1011 1977 τοῦ
1041 1923 1128 1978 ἀεὶ
1154 1921 1293 1980 εῐναι
1334 1924 1519 1990 καθὼς
1547 1927 1779 1991 ἕκαστος
1804 1926 1896 1996 ὑφ’

322 2011 519 2067 ἑαυτοῦ
555 2013 948 2070 btet-40am!"
971 2034 1031 2071 τε
1062 2018 1157 2072 καὶ
1190 2016 1310 2073 ἐστι
1354 2018 1619 2091 διαμονὴν
1658 2020 1897 2093 ἐμποιή-

323 2120 530 2170 σοντος.
562 2100 657 2170 οἷς
681 2108 715 2178 ἡ
752 2107 850 2163 τοῦ
884 2110 1090 2181 κυρίως
1115 2109 1268 2176 ὄντος
1292 2113 1388 2167 καὶ
1412 2113 1476 2168 εὖ
1508 2112 1662 2178 ὄντος
1686 2114 1784 2168 καὶ
1807 2114 1895 2169 ἀεὶ

320 2192 473 2253 ὄντος
503 2195 764 2265 ἀνάλογος
794 2197 1012 2267 μέθεξις
1041 2200 1074 2272 ἢ
1112 2200 1399 2271 ἀμεθεξία,
1456 2202 1732 2274 τιμωρίας
1781 2203 1892 2259 τῶν

325 2289 615 2357 μετασχεῖν
628 2288 704 2359 μὴ
717 2289 846 2344 δυνα
852 2291 1052 2361 μένων,
1074 2292 1534 2359 καὶάπολαύσεως
1545 2295 1658 2349 τῶν
1671 2297 1717 2328 ’³
1733 2313 1900 2367 μετα-

324 2380 473 2447 σχεῖν
491 2380 821 2452 δυναμένων,
844 2384 1096 2449 ὲπίτασίς
1117 2387 1233 2441 ἐστι
1260 2388 1357 2443 καὶ
1384 2388 1701 2462 ὲπαύξησις.
1730 2391 1899 2445 Οὐδὲν

323 2470 433 2542 γὰρ
456 2470 519 2525 τὸ
549 2473 812 2544 παράπαν
835 2475 953 2531 ἐστι
988 2478 1096 2531 τῶν
1118 2478 1290 2534 ὄντων
1317 2474 1378 2536 οὗ
1404 2479 1480 2552 μὴ
1503 2483 1653 2553 παρᾶ
1678 2482 1757 2553 τῷ
1779 2482 1900 2555 Θεῷ

327 2562 542 2625 πάντως
569 2564 598 2617 ό
625 2564 782 2634 λόγος
805 2568 1140 2639 προένεστιν.
1161 2565 1263 2625 Ὧν
1292 2571 1350 2625 δὲ
1368 2572 1519 2643 παρὰ
1535 2573 1613 2643 τῷ
1631 2573 1750 2644 Θεῷ
1763 2591 1899 2647 προ-

320 2655 660 2730 ῧπάρχθυσιν
693 2658 845 2724 ὄντες
875 2662 975 2732 τῆς
998 2663 1188 2729 οὐσίας
1216 2666 1265 2718 οἱ
1286 2664 1455 2733 λόγοι,
1477 2664 1681 2720 τούτων
1694 2666 1896 2739 δηλαδὴ

321 2752 465 2806 κατὰ
496 2752 756 2824 πρόθεσιν
774 2750 925 2808 θείαν
952 2753 1170 2819 πάντως
1201 2756 1349 2811 ἐστὶν
1377 2757 1411 2828 ἡ
1442 2757 1678 2827 γένεσις.
1714 2750 1817 2814 Ὧν
1840 2759 1899 2814 δὲ

322 2844 467 2899 κατὰ
497 2845 756 2916 πρόθεσιν
786 2844 1115 2902 θείανθὲστὶν
1146 2850 1180 2920 ἡ
1205 2849 1441 2919 γένεσις,
1483 2851 1690 2905 τούτων
1717 2853 1751 2923 ἡ
1776 2852 1897 2906 κατ’

325 2938 518 2991 οὐσίαν
546 2936 780 3009 ὓπαρξις
802 2938 958 3009 μένει
994 2940 1133 3013 πρὸς
1156 2940 1219 2995 τὸ
1250 2940 1326 3013 μὴ
1346 2940 1409 2995 ὄν
1445 2940 1556 2996 ἀπὸ
1604 2943 1700 2999 τοῦ
1743 2942 1899 3009 ὄντος

319 3031 768 3105 ἁμεταχώρητος.
798 3025 899 3086 Ὧν
935 3032 993 3087 δὲ
1032 3033 1171 3106 πρὸς
1198 3034 1261 3087 τὸ
1281 3034 1361 3107 μὴ
1384 3035 1443 3090 ὄν
1470 3034 1900 3109 ἀμεταχώρητος

323 3123 466 3219 μετὰ
494 3123 600 3219 τὴν
613 3124 830 3219 γένεσιν
876 3125 985 3219 ἀπὸ
1015 3128 1110 3182 τοῦ
1145 3126 1364 3219 ὄντοςὴ
1410 3128 1530 3184 κατ’
1565 3128 1755 3185 οὐσίαν
1784 3130 1887 3199 ὑφ-
1922 3158 1968 3219 α

321 3216 555 3285 ἐστηκεν
577 3215 831 3286 ὓπαρξις,
845 3215 1053 3271 τούτων
1075 3219 1125 3272 οί
1144 3217 1291 3287 λόγοι
1314 3221 1643 3291 τυγχάνουσι
1671 3220 1893 3292 μόνιμοί

321 3325 384 3363 τε
414 3310 509 3363 καὶ
538 3309 788 3380 βάσιμοι,
828 3310 999 3381 μόνην
1030 3310 1250 3381 ἔχοντες
1277 3311 1454 3383 ἀρχὴν
1486 3312 1581 3366 τοῦ
1619 3308 1759 3368 εἶναι
1803 3314 1902 3386 τὴν

326 3397 543 3466 σοφίαν,
571 3397 632 3463 ἐξ
654 3394 723 3472 ἧς
750 3399 845 3453 καὶ
875 3399 942 3453 δι’
973 3401 1042 3471 ἠν
1086 3399 1417 3472 ὑπάρχουσι,
1462 3401 1559 3456 καὶ
1589 3401 1681 3472 ὑφ’
1710 3397 1779 3476 ἦς
1804 3403 1903 3474 τὴν

326 3492 464 3561 πρὸς
492 3491 554 3545 τὸ
579 3487 722 3547 εἷναι
745 3492 1006 3547 δύνασθαι
1038 3493 1254 3563 παγίως
1272 3493 1505 3565 δύναμιν
1533 3494 1773 3566 ἔχουσιν.
1802 3489 1903 3551 Ὧν

324 3584 383 3637 δὲ
417 3587 465 3638 oi
495 3585 646 3654 λόγοι
704 3585 950 3657 μονίμως
1000 3586 1311 3658 ὑπάρχουσι
1364 3587 1520 3658 παρὰ
1555 3586 1636 3658 τῷ
1664 3588 1805 3661 Θεῷ,
1830 3619 1903 3631 —-

326 3674 421 3730 καὶ
461 3676 497 3746 ὴ
536 3675 668 3746 περὶ
696 3675 897 3740 αὐτοὺς
951 3675 1047 3731 τοῦ
1105 3676 1469 3747 πεποιηκότος
1519 3678 1704 3749 (232
1740 3679 1796 3748 a)
1834 3680 1905 3734 τὰ

329 3767 513 3821 πάντα
547 3768 685 3821 Θεοῦ
730 3768 987 3839 πρόθεσίς
1022 3770 1172 3824 ἐστιν
1197 3769 1539 3834 ἀδιάπτωτος
1571 3788 1586 3802 ·
1631 3774 1905 3842 χρονικοῖς

325 3863 437 3933 γὰρ
463 3863 498 3933 ἠ
530 3862 624 3916 τοῦ
647 3861 785 3916 θεοῦ
811 3862 1072 3934 πρόθεσις
1116 3863 1472 3917 παντάπασιν
1521 3864 1582 3916 οὐ
1620 3866 1902 3938 περιείληα

327 3972 460 4007 πται
488 3955 743 4026 πέρασιν,
775 3953 899 4010 οὔτε
925 3954 1027 4025 μὲν
1053 3954 1149 4026 τὴν
1172 3956 1238 4009 ἐκ
1272 3955 1576 4026 μεταϐολῆς
1616 3956 1904 4012 ἀλλοίωσιν

325 4047 632 4117 ἐπιδέχεται
713 4050 827 4112 τοῖς
889 4048 1276 4119 ὑποκειμένας
1310 4114 1313 4117 ν
1346 4050 1901 4121 συμμεταπίπτουσα,

323 4141 531 4193 τούτων
568 4141 1000 4211 ἁναμφηρίστως
1014 4142 1061 4174 ⁸³⁵
1098 4141 1156 4195 αί
1189 4141 1454 4213 ὑπάρξεις
1492 4142 1681 4214 σαφῶς
1698 4144 1745 4177 ’⁸
1767 4146 1905 4199 εἰσιν

325 4233 726 4305 ἁδιάφθοροι⁹⁶.
756 4235 827 4287 Ἢ
848 4234 959 4306 γὰρ
995 4230 1090 4289 οὖν
1118 4234 1263 4289 κατὰ
1294 4235 1557 4306 πρόθεσιν
1603 4237 1775 4291 θέλων
1804 4255 1904 4292 πε-

328 4326 557 4394 ποίηκεν
579 4327 610 4379 ό
638 4326 769 4391 Θεὸς
794 4326 863 4381 τὰ
886 4326 1204 4397 ἀνθρώπινα
1243 4327 1492 4399 σώματα,
1524 4330 1621 4383 καὶ
1656 4331 1809 4400 μένει
1837 4332 1905 4385 δι’

326 4416 493 4469 αὑτὸν
549 4417 687 4487 πρὸς
724 4417 787 4471 τὸ
834 4418 910 4488 μὴ
952 4417 1014 4471 ὃν
1060 4410 1433 4488 ἀμετάπτωτα
1462 4420 1769 4483 παντελῶς,
1816 4422 1907 4475 ἀεὶ

1998 1936 2204 1994 turam,
2235 1935 2294 1985 et
2333 1927 2697 1984 nihilominus
2738 1927 2955 1984 cunctis
3001 1942 3071 1983 ex
3120 1940 3282 1996 aequo
3334 1923 3578 1993 seipsum

1999 2029 2111 2077 tam
2170 2021 2353 2093 dignis
2406 2036 2571 2091 quam
2639 2020 2885 2091 indignis
2940 2019 3219 2090 integrum
3270 2014 3579 2074 secundum

1999 2114 2231 2186 gratiam
2276 2129 2346 2170 ex
2398 2112 2611 2169 inﬁnita
2654 2113 2904 2169 bonitate
2954 2112 3203 2176 exhibet,
3238 2109 3581 2181 perpetuita-

1999 2218 2222 2277 temque
2250 2206 2586 2263 exsistentia:
2609 2205 2954 2276 inoperatnr,
2971 2213 3141 2275 prout
3172 2202 3411 2275 quisque
3439 2217 3471 2257 a
3492 2215 3581 2256 se-

1999 2299 2120 2369 ipso
2146 2297 2383 2355 adicitur
2414 2308 2473 2354 et
2518 2306 2624 2354 est.
2654 2297 2872 2365 Quibus
2903 2312 3036 2354 sane
3067 2312 3201 2353 vere
3231 2293 3580 2359 exsistentis,

1997 2404 2054 2450 et
2100 2394 2242 2451 bene
2290 2392 2634 2457 exsistentis,
2694 2400 2753 2447 et
2807 2406 3028 2462 semper
3080 2388 3403 2446 exsistentis
3440 2401 3582 2442 con-

1997 2496 2261 2545 sentanea
2311 2484 2667 2558 participatio
2703 2484 2792 2540 vel
2842 2481 3355 2554 non-participatio,
3387 2494 3583 2535 eorum

1997 2581 2093 2651 qui
2129 2578 2463 2651 participare
2504 2594 2617 2634 non
2645 2586 2899 2649 possunt,
2928 2587 3018 2633 est
3056 2590 3255 2646 parum,
3297 2582 3356 2629 et
3387 2587 3583 2628 eorum

1997 2672 2095 2742 qui
2126 2678 2383 2741 possunt,
2402 2669 2686 2725 fruitionis
2712 2668 2954 2724 intensio
2971 2676 3058 2723 est
3086 2675 3143 2722 et
3160 2667 3582 2721 incrementum.

1998 2762 2239 2820 Omnino
2272 2761 2426 2817 enim
2454 2776 2651 2817 eorum
2682 2776 2807 2831 quae
2834 2760 3112 2816 exsistunt
3153 2758 3368 2813 nullum
3406 2761 3588 2810 exstat

2000 2858 2165 2929 cuius
2209 2853 2359 2927 apud
2409 2854 2586 2909 Deum
2629 2864 2863 2923 prorsus
2907 2849 3050 2906 ratio
3080 2863 3190 2903 non
3218 2844 3584 2917 prmexsistat.

1998 2949 2247 3018 Quorum
2290 2962 2426 3003 vero
2466 2944 2616 3015 apud
2658 2945 2834 3000 Deum
2872 2940 3267 3015 praeexsistunt
3320 2936 3584 2993 essentia:

1998 3048 2279 3099 exstantes
2306 3038 2579 3101 rationes,
2605 3036 2807 3101 horum
2829 3034 3080 3106 profecto
3102 3029 3412 3088 secundum
3440 3028 3584 3085 divi-

1999 3149 2127 3189 nam
2147 3132 2490 3189 voluntatem
2522 3128 2583 3184 ῆι
2604 3127 2835 3185 creatio.
2857 3126 3103 3194 Quorum
3121 3138 3257 3180 vero
3276 3119 3586 3178 secundum

2003 3227 2247 3284 divinam
2280 3225 2627 3280 voluntatem
2658 3220 2721 3276 lit
2767 3219 3000 3285 creatio,
3024 3218 3220 3273 horum
3270 3211 3586 3270 essentialis

2000 3318 2328 3377 exsistentia
2352 3324 2562 3383 manet,
2595 3323 2654 3372 et
2686 3313 2756 3370 ad
2784 3309 3309 3369 non-exsistentiam
3342 3306 3415 3362 ab
3436 3304 3585 3362 exsi-

2002 3411 2206 3470 stentia
2231 3427 2342 3467 non
2367 3407 2586 3466 transit.
2620 3407 2869 3475 Quorum
2896 3419 3032 3459 vero
3071 3402 3141 3457 ad
3171 3397 3586 3456 non-exsisten-

2006 3507 2136 3562 tiam
2161 3515 2288 3576 post
2333 3502 2674 3559 creationem
2720 3500 2792 3555 ab
2836 3497 3158 3555 exsistentia
3227 3508 3341 3549 non
3387 3490 3588 3545 transit

2002 3597 2313 3654 essentialis
2340 3594 2636 3657 exstantia,
2670 3607 2867 3648 eorum
2901 3590 3151 3645 rationes
3198 3584 3427 3642 stabiles
3452 3590 3583 3639 sunt

2004 3700 2169 3762 atque
2220 3689 2410 3753 ﬁrmae,
2439 3686 2668 3741 unicum
2714 3683 2987 3739 habentes
3037 3677 3378 3735 exsistentize
3427 3674 3584 3745 prin-

2003 3784 2210 3854 cipium
2252 3779 2608 3850 sapientiam,
2648 3793 2717 3833 ex
2740 3791 2850 3846 qua
2880 3784 2936 3830 et
2960 3789 3061 3844 per
3087 3784 3254 3842 quam
3284 3768 3585 3829 exsistunt,

2003 3883 2063 3931 et
2091 3889 2122 3929 a
2151 3888 2260 3943 qua
2297 3871 2558 3925 virtutem
2596 3868 2805 3922 habent
2828 3870 3151 3919 constanter
3201 3866 3267 3913 ut
3305 3872 3429 3912 esse
3456 3870 3585 3925 pos—

2004 3968 2137 4023 sint.
2184 3964 2431 4032 Quorum
2489 3977 2624 4016 vero
2684 3959 2927 4014 rationes
2984 3952 3210 4011 stabiles
3255 3960 3385 4006 sunt
3438 3946 3585 4017 apud

2006 4060 2203 4123 Deum,
2225 4064 2366 4111 —-et
2405 4053 2502 4109 Dei
2549 4067 2737 4109 rerum
2780 4057 3110 4107 cunctarum
3147 4042 3455 4101 conditoris
3485 4034 3587 4094 iui-

2007 4149 2295 4207 mutabilis
2333 4156 2421 4219 est
2467 4161 2533 4202 ac
2588 4144 2745 4199 ﬁrma
2792 4143 2941 4198 circa
2987 4154 3083 4195 eas
3134 4137 3410 4198 voluntas,
3460 4147 3587 4187 cum

2008 4239 2382 4313 temporaneis
2426 4237 2526 4293 Dei
2570 4235 2827 4292 voluntas
2868 4230 3297 4300 haudquaquam
3334 4235 3587 4291 compre-

2009 4335 2178 4390 hensa
2228 4340 2317 4388 est
2369 4330 2667 4392 limitibus,
2711 4340 2892 4397 neque
2924 4322 3288 4379 mutationem
3330 4332 3397 4370 ex
3432 4313 3592 4368 vicis-
3628 4324 3631 4329 ‘

2007 4426 2253 4482 situdine
2298 4422 2562 4485 admittit,
2609 4434 2718 4476 una
2762 4433 2889 4473 cum
2945 4412 3211 4486 subjectis
3257 4409 3491 4468 variata,
3523 4432 3593 4443 —-—
3650 4492 3653 4493 ν

330 4508 555 4561 θέλοντα
579 4504 721 4562 εἶναι
740 4508 799 4561 τὺ
829 4510 927 4562 σὺν
954 4509 1099 4579 λόγῳ
1124 4510 1219 4562 καὶ
1263 4510 1428 4582 σοφίᾳ
1457 4509 1604 4563 κατὰ
1639 4511 1901 4578 πρόθεσιν

2014 4521 2213 4574 horum
2265 4515 2556 4571 manifeste
2604 4524 2663 4569 et
2709 4513 2831 4567 sine
2877 4505 3259 4565 controversia
3304 4498 3591 4558 exstantiaa

328 4600 575 4670 θεληθὲν,
608 4602 703 4655 καὶ
731 4602 833 4655 οὐκ
856 4601 1012 4655 ἔσται
1041 4602 1163 4655 κατ’
1187 4601 1385 4663 αὐτοὺς
1429 4603 1463 4671 ὴ
1500 4602 1772 4672 παντελὴς
1795 4604 1904 4657 τῶν

330 4692 601 4760 σωμάτων
629 4691 766 4764 πρὸς
787 4693 832 4723 ’⁷
855 4692 918 4744 τὸ
944 4691 1020 4764 μὴ
1052 4692 1112 4745 ὃν
1148 4691 1496 4761 ἀπογένεσις,
1534 4691 1567 4761 ἦ
1604 4693 1745 4745 κατὰ
1772 4692 1906 4763 πρό-

330 4784 482 4837 θεσιν
534 4784 598 4837 οὐ
646 4784 994 4856 πεποίηκε’θ,
1038 4786 1245 4857 καὶμὴ
1306 4785 1477 4839 θέλων
1525 4784 1897 4856 ἐτυραννήθη,

330 4878 475 4932 κατὰ
510 4878 633 4947 βίαν
683 4878 955 4950 ἀγόμενος
1006 4878 1140 4949 πρὸς
1168 4879 1404 4948 γένεσιν,
1444 4871 1522 4932 ὧν
1554 4879 1683 4942 τοὺς
1711 4878 1908 4946 λόγους

330 4969 470 5038 ἔχων
516 4970 578 5023 οὐ
615 4970 905 5037 πέφανται.
959 4970 1068 5024 Καὶ
1114 4970 1164 5023 εί
1203 4970 1300 5040 μὲν
1347 4968 1706 5041 τυραννηθεὶς
1754 4968 1908 5039 παρὰ

331 5060 598 5129 πρόθεσιν
619 5056 751 5132 ἦλθε
770 5064 815 5095 ”
854 5062 1077 5132 ποιῆσαι
1119 5061 1194 5132 μὴ
1224 5060 1395 5115 θέλων
1427 5062 1495 5114 τὰ
1537 5060 1787 5131 σώματα,
1820 5062 1908 5113 λό-

333 5170 429 5221 γος
459 5154 702 5225 δηλονότι
731 5157 827 5210 καὶ
853 5156 1017 5226 σοφία
1049 5156 1149 5226 τῆς
1190 5155 1398 5210 τούτων
1430 5156 1701 5224 γενέσεως
1748 5154 1909 5207 οὖδα-

337 5246 455 5315 μῶς
517 5247 887 5319 καθηγήσατο.
944 5248 1018 5301 Tb
1068 5248 1178 5317 γὰρ
1234 5249 1387 5319 παρὰ
1436 5247 1708 5320 πρόθεσιν
1758 5246 1909 5303 θείαν

334 5338 639 5410 γινόμενον,
668 5342 829 5410 λόγου
854 5341 951 5396 καὶ
993 5340 1187 5409 σοφίας
1218 5340 1500 5405 παντελῶς
1529 5339 1820 5411 ὲστέρηταί
1850 5356 1911 5393 τε

2010 4608 2238 4663 interitu
2280 4614 2491 4660 carent.
2548 4605 2640 4657 Vel
2691 4602 2860 4671 igitur
2904 4597 3210 4654 secundum
3243 4591 3589 4663 prepositugn

2008 4701 2201 4755 volens
2235 4695 2423 4753 eﬂecit
2471 4693 2621 4749 Deus
2675 4693 2916 4746 humana
2956 4699 3213 4756 corpora,
3269 4693 3327 4737 et
3368 4686 3593 4734 manent

2007 4806 2108 4863 per
2156 4804 2287 4845 eum
2333 4786 2403 4842 ad
2452 4781 2979 4841 non-exsistentiam
3008 4790 3236 4849 prorsus
3279 4787 3392 4827 non
3424 4767 3593 4863 decli-

2009 4860 2223 4945 nantia,
2258 4892 2385 4935 cum
2433 4893 2657 4949 semper
2690 4875 2826 4932 velit
2868 4887 2994 4930 esse
3039 4867 3189 4940 quod
3223 4880 3347 4922 cum
3380 4860 3592 4917 ratione

2008 4986 2066 5032 et
2119 4974 2391 5047 sapientia
2443 4972 2677 5027 volitum
2729 4979 2815 5024 est
2863 4963 3170 5023 secundum
3225 4954 3591 5030 propositum,

2005 5073 2064 5120 et
2099 5063 2173 5118 ita
2221 5078 2331 5117 non
2378 5060 2663 5129 continget
2709 5054 3015 5113 secundum
3062 5065 3161 5105 eos
3206 5047 3365 5117 plena
3396 5055 3596 5110 corpo-

2011 5172 2133 5212 rum
2161 5156 2229 5210 ad
2258 5152 2785 5210 non-exslstentiam
2832 5142 3195 5219 degeneratio
3229 5158 3242 5194 :
3271 5137 3355 5193 vel
3397 5149 3595 5190 secun-

2011 5249 2142 5305 dum
2183 5248 2529 5319 propositum
2561 5261 2671 5300 non
2698 5242 2904 5307 en‘ecit,
2950 5247 3009 5294 et
3036 5252 3148 5292 non
3185 5233 3382 5289 volens
3413 5225 3592 5319 domi-

2015 5317 2300 5395 nationem,
2319 5355 2514 5410 passus
2541 5347 2647 5402 est,
2680 5336 2883 5407 quippe
2909 5332 2960 5387 vi
2993 5338 3219 5386 coactus
3250 5324 3318 5380 ad
3344 5317 3595 5377 facienda

1640 5476 1729 5532 VA
1739 5477 1876 5533 RUE
1904 5476 2311 5533 LECTIONES.

408 5587 456 5622 ⁸⁸
476 5588 520 5663 ﬁ
551 5589 858 5663 γενομένων
892 5604 999 5663 non
1031 5590 1196 5663 habet
1221 5590 1309 5663 ed.
1340 5590 1490 5663 Call.
1573 5591 1619 5663 3°
1654 5594 1748 5645 καὶ
1778 5591 2129 5663 διαμένουσιν
2147 5608 2255 5647 non
2292 5588 2461 5663 habet
2490 5587 2580 5643 ed.
2611 5587 2756 5663 Gali.
2810 5587 2872 5663 _“
2893 5584 3235 5663 ⁸παρέξοντος
3264 5580 3431 5663 δίψει
3459 5593 3593 5647 ³Ρο-

338 5656 606 5733 ςῐτψιιίιιη
636 5656 757 5733 cod.
792 5659 959 5733 Qud.
1008 5663 1059 5733 A"
1085 5660 1397 5729 διατέθηται
1427 5661 1517 5716 ed.
1542 5661 1699 5733 fGall.
1774 5663 1819 5693 "
1850 5656 2031 5733 Verba,
2077 5662 2152 5733 μὴ
2194 5660 2552 5733 δυναμένῳνζ
2574 5658 2670 5733 καὶ
2700 5656 3054 5733 ἀπολριξσεως
3078 5656 3189 5733 τιῖζν
3226 5656 3336 5733 9οῂ
3370 5665 3592 5733 εοξξψίξ·

340 5720 671 5803 Seuthinued.
708 5730 846 5803 Gali.
922 5729 968 5803 ῗδ
996 5720 1456 5803 ἀναμφιρρἧστως
1485 5732 1573 5803 eq.
1605 5733 1742 5786 Call.
1779 5801 1791 5803 _
1820 5720 2263 5803 ’“Acaeég'abcst
2292 5720 2360 5785 ab
2392 5728 2481 5786 cd.
2514 5720 2651 5787 Call.
2713 5728 2760 5761 ³⁸
2791 5727 3072 5797 ἀδιάφοροι
3098 5722 3187 5780 ed.
3223 5721 3358 5778 Gali.
3434 5720 3478 5751 ’⁷
3513 5721 3593 5781 εἰς

340 5799 431 5854 ed.
469 5800 609 5856 Call.

707 5801 750 5835 ⁸⁸
778 5800 1073 5871 πεποίηκεν
1099 5797 1188 5856 ed.
1210 5797 1370 5857 'Gull.
1445 5804 1489 5835 ⁹⁹
1526 5797 1685 5872 ἦλθεν
1713 5801 1815 5867 ,ὒάι
1848 5797 1988 5858 Gil";
