4026 6288
286 328 427 399 1333

1514 339 2030 417 ΑΜιιιουοιιυΜ
2069 348 2321 409 LIBER.

3385 354 3522 419 B34

280 448 362 510 είς
395 445 459 500 τδ
488 446 563 518 μὴ
583 445 642 500 ὃν
675 445 817 513 ἕξειν
841 447 884 479 ¹⁵
914 447 1045 503 ποτὲ
1070 446 1139 501 τά
1164 445 1415 517 σώματα,
1463 451 1607 505 κατά
1635 451 1736 523 τὴν
1765 454 1846 517 εἰς

1968 459 2163 515 :ntiutn
2221 462 2593 528 rationalium,
2641 473 2701 519 ut
2751 464 2855 533 ipsi
2899 466 3223 536 loquuntur,
3263 469 3308 524 si
3360 472 3525 525 modo

278 541 342 592 τὸ
378 540 604 601 τέλειον,
638 538 713 600 ὡς
740 537 937 591 ἐκεῖνοί
968 554 1123 606 φασι,
1149 538 1258 591 τῶν
1288 538 1521 607 λογικῶν
1551 541 1854 612 προκοπὴν,

280 628 377 681 τὸν
400 629 602 697 Κύριον
634 626 794 681 αὐτὸν
825 628 920 680 καὶ
950 625 1082 680 Θεὸν
1106 626 1214 679 τῶν
1242 627 1378 681 ὅλων
1421 628 1694 683 πιστεύων
1720 630 1859 700 μετά

279 718 536 789 σώματος
557 712 697 771 εἶναι
715 716 809 771 νῦν
835 734 893 771 τε
917 719 1013 771 καὶ
1041 718 1123 783 είς
1151 720 1259 782 ἀεὶ,
1276 720 1368 773 τὸν
1402 720 1497 774 καὶ
1529 723 1643 784 τοῖς
1677 720 1858 785 ἄλλοις

277 810 383 880 τὴν
423 809 518 861 τοῦ
549 810 881 881 προκόπτειν
922 809 1180 864 δύνασθαι
1210 812 1584 883 παρεχόμενον
1605 812 1855 884 δύναμιν,

279 903 379 955 καὶ
408 902 611 965 πάντας
654 904 790 975 πρὸς
837 903 934 974 τὴν
966 904 1174 958 οἰκείαν
1215 904 1392 970 δόξαν,
1428 905 1505 969 ὡς
1540 905 1762 975 ἐφικτὸν
1790 908 1855 977 τῇ

280 996 511 1066 δυνάμει
529 996 623 1065 τῆς
640 995 1121 1067 ὲνανθρωπήσεως,
1140 996 1402 1065 ένάγοντά
1424 1014 1483 1050 τε
1498 986 1592 1050 καὶ
1619 1014 1857 1068 προσκα-

282 1088 380 1140 λού
390 1107 546 1158 μενον
575 1088 653 1153 ὡς
680 1090 926 1160 ἀρχηγὸν
952 1091 1051 1160 τῆς
1072 1090 1292 1143 πάντων
1323 1090 1621 1162 σωτηρίας,
1648 1091 1741 1143 καὶ
1760 1089 1859 1154 τὰς

284 1182 349 1233 ἐν
384 1182 530 1243 ὅλοις
558 1180 998 1252 άνακαθαίροντα
1023 1182 1068 1217 ⁸⁸
1098 1182 1315 1254 κηλῖδας
1337 1198 1354 1247 ;

372 1272 514 1325 Ἀλλ’
542 1274 642 1344 οὐχ
665 1272 757 1326 ὑπ’
788 1264 1015 1328 ἐκείνων
1058 1273 1133 1339 ὼς
1182 1274 1367 1328 τύπων
1416 1276 1516 1346 τῆς
1573 1276 1739 1332 αὐτοῦ
1769 1295 1857 1331 τε·

284 1365 583 1434 λειότητος,
642 1366 802 1437 εἴπερ
845 1366 983 1429 ὅλως
1015 1366 1175 1421 τοῦτο
1217 1368 1322 1421 κᾶν
1358 1369 1611 1439 ἐννοῆσαι
1652 1370 1859 1441 τολμή-

287 1458 527 1519 σαιενίτ,
564 1458 831 1527 ἀγόμενον
879 1458 1014 1529 πρὸς
1048 1457 1311 1512 ἀπόθεσιν
1340 1458 1434 1513 τοῦ
1476 1459 1747 1531 σώματος.
1780 1462 1857 1515 Ού

284 1550 397 1617 γὰρ
415 1547 603 1602 ἕπεται
622 1549 757 1620 πρὸς
781 1549 1059 1603 τελείωσιν
1083 1550 1287 1614 ἀλλοις,
1315 1550 1441 1604 οὔτε
1463 1551 1549 1607 διὰ
1578 1546 1859 1624 προκοπῆς

282 1640 720 1710 ὲνοεωρούμενον
764 1640 878 1711 ἔχει
921 1641 982 1695 τὸ
1014 1642 1242 1707 τέλειον,
1269 1644 1299 1696 ό
1328 1643 1487 1710 μόνος
1520 1645 1664 1698 κατά
1694 1646 1858 1714 φύσιν

282 1730 619 1794 τελειότατος
673 1731 769 1785 καὶ
822 1732 1003 1802 πάσης
1034 1733 1268 1805 ποιητὴς
1323 1735 1687 1807 τελειότητος,
1733 1736 1856 1791 οὕτε

1957 548 2149 605 credat
2189 551 2485 608 Dominum
2527 567 2593 608 ac
2626 554 2799 610 Deum
2830 558 3212 614 univusorum
3240 572 3367 614 cum
3400 575 3525 616 cor-

1958 656 2092 709 pore
2127 656 2252 698 esse
2297 651 2367 703 et.
2398 660 2551 701 nunc
2599 655 2658 701 et.
2712 649 2766 702 in
2813 657 3161 718 perpetuum,
3210 651 3304 721 qui
3355 653 3524 707 etiam

1956 730 2081 786 aliis
2103 733 2432 801 proficiendi
2482 735 2797 793 facultatem
2827 740 3241 811 potentiamque
3272 742 3525 814 largitur,

1957 824 2169 894 quique
2198 841 2396 883 omnes
2429 829 2497 884 ad
2529 830 2811 900 propriam
2836 832 3086 903 gloriam,
3113 842 3378 903 quantum
3405 835 3526 890 fleri

1958 924 2163 985 potest,
2192 918 2401 975 virtute
2438 920 2838 979 incarnationis
2882 922 3111 978 adducit
3152 932 3212 979 et
3240 933 3524 995 provocat,

1959 1014 2019 1060 ut
2057 1016 2339 1063 auctorem
2364 1010 2561 1066 salutis
2583 1011 2853 1078 omnium,
2893 1022 2951 1069 et
2972 1014 3068 1084 qui
3096 1016 3344 1071 omnium
3379 1032 3528 1072 ema-

1957 1095 2109 1151 culet
2148 1097 2340 1153 sordes
2359 1099 2382 1153 ?

2030 1278 2137 1335 Sed
2174 1296 2355 1350 neque
2389 1281 2459 1335 ab
2503 1282 2612 1338 illis
2662 1294 2724 1340 ut
2770 1287 3182 1356 exemplaribus
3238 1304 3357 1344 sua:
3404 1305 3533 1359 per'

1961 1371 2239 1437 fcetionis,
2283 1373 2327 1428 si
2372 1375 2595 1444 quidem
2629 1392 2858 1446 prorsus
2893 1378 2998 1435 hoc
3046 1380 3131 1435 vel
3160 1381 3399 1451 cogitare
3427 1398 3529 1436 au-

1959 1465 2146 1529 deant,
2189 1466 2473 1523 inducitur
2526 1470 2595 1523 ad
2633 1471 2887 1540 corporis
2938 1472 3366 1541 depositionem.
3408 1476 3529 1529 Non

1958 1555 2107 1609 enim
2139 1556 2261 1612 aliis
2309 1557 2641 1629 obsequitur
2691 1560 3049 1643 perfectionis
3098 1563 3294 1631 gratia,
3348 1578 3530 1633 neque

1960 1661 2059 1716 per
2112 1647 2420 1717 profectum
2458 1650 2592 1721 quid
2623 1651 2696 1704 sit
2729 1651 3038 1721 perfectum
3095 1654 3363 1724 agnoscit,
3414 1654 3530 1723 ipse

1961 1736 2053 1806 qui
2076 1739 2228 1793 solus
2250 1747 2449 1795 natura
2469 1750 2555 1797 est
2594 1741 3036 1810 perfectissimus
3081 1745 3372 1814 omnisque
3404 1760 3535 1815 per-

286 1823 387 1875 σὺν
428 1822 608 1887 ἄλλοις
636 1824 895 1895 ἀναμένει
926 1824 990 1877 τὸ
1016 1804 1233 1880 τέλειον
1253 1826 1531 1893 δέξασθαι.
1557 1804 1677 1882 κατ’
1705 1829 1857 1883 οὐδὲν

1968 1804 2218 1886 lectionis
2254 1841 2471 1898 auctor,
2524 1804 2702 1903 neque
2746 1849 2872 1888 cum
2919 1835 3044 1890 aliis
3080 1804 3432 1906 praestolatus
3473 1845 3534 1892 ut

283 1914 463 1967 οὐδενὶ
495 1913 602 1967 τῶν
632 1916 801 1968 ὅντων
824 1915 884 1969 τὸ
906 1915 1135 1971 σύνολον
1161 1919 1240 1984 είς
1269 1919 1331 1973 τὸ
1351 1920 1554 1975 δεῖσθαι
1573 1925 1857 1993 προκοπῆς

287 2007 551 2077 ὑπάρχων
582 2008 787 2078 ὅμοιος,
837 2009 923 2062 ἵνα
954 2009 1047 2063 καὶ
1077 2010 1237 2073 αὐτὸς
1284 2012 1404 2065 τότε
1453 2011 1547 2065 τοῦ
1609 2012 1859 2083 σώματος

286 2099 387 2169 τὴν
416 2098 577 2166 φύσιν
620 2099 914 2169 ἀπόθηται.
946 2100 1034 2155 ὅτε
1063 2104 1180 2165 τοῖς
1209 2101 1419 2168 λοιποῖς
1472 2106 1505 2174 ὴ
1561 2106 1645 2158 ἐπ’
1689 2107 1858 2177 ἀκρον

289 2191 541 2264 προκοπὴ
571 2192 669 2261 τὴν
690 2189 785 2245 τοῦ
837 2191 1086 2265 σώματος
1111 2194 1371 2249 ἀπόθεσιν
1391 2196 1645 2265 γενέσθαι
1678 2214 1858 2268 παρα-

292 2283 562 2347 σκευάζει.
619 2284 774 2340 Ἐπεὶ
822 2287 923 2339 οὐκ
968 2285 1048 2339 ἔτι
1104 2286 1345 2357 ἀρχηγὸς
1390 2288 1497 2341 τῶν
1537 2287 1859 2358 σωζομένων

290 2377 410 2429 ἐστὶ
424 2378 519 2430 καὶ
542 2376 750 2449 Σωτὴρ,
779 2377 855 2441 ὡς
877 2379 937 2431 τὸ
964 2378 1085 2432 καθ’
1107 2380 1253 2448 ἡμᾶς
1283 2378 1435 2443 τέλος
1468 2380 1563 2450 τῆς
1590 2380 1859 2452 τελειότηο

288 2485 381 2530 τος
439 2468 713 2537 μυστικῶς
762 2469 848 2537 ἐφ’
882 2469 1029 2536 ἅπαξ
1058 2470 1117 2523 ὲν
1154 2470 1333 2540 ἐαυτῷ
1370 2470 1446 2541 μὴ
1504 2472 1858 2543 παραδείξας,

290 2560 407 2612 ἀλλ’
436 2555 516 2623 εἷς
562 2559 669 2613 τῶν
696 2561 1017 2631 σωζομένων
1069 2562 1165 2615 καὶ
1192 2562 1513 2633 ἀρχομένων
1542 2566 1636 2617 καὶ
1671 2563 1860 2634 δεομέο

293 2670 401 2705 νων
453 2652 613 2707 ἄλλον
662 2653 758 2707 τοῦ
795 2654 1131 2719 δεικνύοντος
1166 2656 1208 2687 ¹⁸
1258 2658 1315 2710 ὲν
1352 2657 1528 2728 ἑαυτῷ
1550 2656 1650 2728 τὴν
1678 2659 1761 2727 ἐφ’
1797 2660 1862 2729 ἤν

296 2743 498 2807 πάντες
540 2745 591 2798 oi
631 2744 791 2812 λόγον
840 2746 1086 2815 φυσικῶς
1131 2747 1516 2819 μετειληφότες
1554 2747 1863 2816 ἐπείγονται

289 2833 611 2906 τελειότητα
643 2836 739 2891 καὶ
783 2837 948 2900 αὐτὸς
992 2838 1255 2909 ὑπάρχων
1280 2841 1705 2911 ἀναφανήσεται.
1752 2842 1863 2911 υύχ

289 2924 436 2980 οὕτω
468 2926 526 2980 δὲ
542 2926 684 2982 τοῦτ’
712 2929 846 3001 ἔχει.
876 2930 1082 2998 Πόθεν;
1134 2932 1269 2987 Οὐδὲ
1292 2934 1388 3004 τῆς
1426 2934 1606 3005 (233
1642 2936 1693 3003 b)
1725 2935 1863 3005 ἀλη⁸

291 3018 444 3082 θείας
500 3021 529 3073 ὁ
572 3020 727 3089 λόγος
779 3022 891 3075 τῶν
944 3021 1121 3076 ταῦτα
1162 3024 1202 3056 ⁸⁸
1251 3023 1521 3093 λεγόντων
1590 3026 1860 3096 ἀνέχεται.

303 3110 575 3180 ’Λρχηγδν
608 3110 717 3181 γάρ
762 3112 859 3166 καὶ
909 3112 1200 3182 τελειωτὴν
1239 3114 1339 3184 τῆς
1392 3115 1550 3186 ἡμῶν
1590 3117 1864 3189 σωτηρίας

288 3202 457 3255 αὐτόν
484 3220 645 3273 φησιν
675 3207 703 3258 ό
732 3204 877 3270 θεῖος
929 3206 1274 3273 Ἀπόστολος,
1300 3208 1376 3271 ὡς
1404 3208 1755 3276 σαρκωθέντα
1796 3209 1864 3263 δι’

294 3293 443 3361 ἡμᾶς
480 3292 568 3346 ἵνα
600 3293 700 3365 τὴν
729 3294 886 3365 ἡμῶν
916 3297 1195 3367 ἁμαρτίαν
1242 3299 1300 3352 ὲν
1339 3298 1516 3369 ἑαυτῷ
1555 3299 1861 3374 δαπανησῃ,

295 3387 391 3438 καὶ
422 3386 519 3455 τῆς
547 3387 664 3440 κατ’
699 3387 901 3458 ἀρετὴν
934 3389 1157 3458 ἀγωγῆς
1196 3390 1389 3451 ἑαυτὸν
1420 3393 1555 3446 πᾶσι
1581 3391 1659 3457 δῷ
1698 3392 1867 3447 τύπον

294 3480 389 3531 καὶ
414 3479 752 3551 πρόγραμμα
798 3482 910 3543 τοῖς
947 3481 1291 3536 πιστεύουσιν
1318 3486 1398 3547 είς
1426 3484 1586 3538 αὑτὸν
1611 3525 1626 3549 ,
1658 3485 1734 3549 ὡς
1767 3486 1817 3539 δι
1838 3516 1852 3526 -

300 3568 571 3633 δάσκαλος
600 3572 801 3640 ἁγαθός
839 3590 898 3625 τε
930 3574 1023 3627 καὶ
1049 3576 1094 3606 ²⁰
1146 3576 1331 3645 σοφὸς,
1360 3576 1427 3630 τά
1470 3578 1639 3648 ῥητέα
1678 3578 1773 3631 καὶ
1798 3578 1868 3632 τὰ

296 3662 547 3732 πρακτέα
594 3665 727 3735 πρὸς
759 3665 1118 3720 ὑποτύπωσιν
1154 3668 1311 3739 ημῶν
1334 3668 1401 3722 δι’
1430 3669 1626 3722 ἑαυτοῦ
1674 3670 1871 3740 πρότε-

298 3773 393 3825 ρον
432 3757 776 3820 ὲκτελοῦντα,
836 3758 1175 3814 ἀποθανόντα
1224 3762 1379 3815 xui.“
1421 3762 1728 3817 ἀναστάντα
1777 3763 1870 3816 καὶ

298 3847 676 3919 ἀναληφθέντα
732 3851 811 3914 εἰς
862 3852 1151 3920 οὐρανοὺς.
1210 3853 1305 3906 καὶ
1350 3852 1683 3907 καθεσθέντα
1733 3854 1872 3925 μετά

298 3940 394 3993 τοῦ
435 3940 687 4011 σώματος
737 3943 801 3996 ὲκ
846 3943 1039 4010 δεξιῶν
1068 3943 1163 3997 τοῦ
1211 3944 1347 3999 Θεοῦ
1395 3946 1489 3999 καὶ
1519 3946 1753 4018 Πατρδς,
1784 3948 1871 4001 ἴνα

298 4036 396 4087 καὶ
432 4036 593 4105 ἡμεῖς
624 4036 1061 4107 ἀποθνήσκοντες
1097 4038 1329 4109 βεϐαίως
1378 4039 1689 4110 ὲλπίζωμεν
1740 4041 1873 4095 ἀνα-

301 4127 511 4195 στῆναι,
556 4128 649 4181 καὶ
678 4128 823 4200 ζωὴν
852 4130 1016 4200 ζῆσαι
1060 4132 1261 4195 παντὸς
1302 4132 1537 4187 θανάτου
1568 4133 1663 4187 καὶ
1682 4126 1874 4203 ,σης

300 4220 506 4289 φθορᾶς
554 4222 830 4287 παντελῶς
872 4224 1308 4296 κεχωρισμένην,
1356 4226 1450 4278 καὶ
1495 4225 1873 4295 ἀναληφθῆναι

298 4314 379 4373 εἰς
405 4313 689 4382 οὐρανοὺς,
717 4316 812 4369 καὶ
839 4315 939 4385 τὴν
970 4318 1029 4370 ὲν
1057 4317 1137 4387 τῷ
1160 4317 1279 4388 Θεῴ
1308 4318 1403 4371 καὶ
1441 4317 1618 4388 Πατρὶ
1664 4317 1752 4371 διά
1780 4317 1873 4371 τοῦ

301 4400 429 4453 Υἱοῦ
462 4401 626 4454 αὑτοῦ
668 4403 1047 4470 μεσιτεύοντος
1067 4406 1235 4475 τιμήν
1264 4422 1323 4459 τε
1360 4406 1453 4459 καὶ
1507 4406 1666 4473 δόξαν
1705 4406 1875 4477 λήψε-

1964 1922 2110 1992 quod
2137 1923 2441 1993 perfectum
2465 1936 2550 1980 est
2578 1926 2826 1996 recipiat,
2850 1927 3165 1985 nullatenus
3185 1928 3345 1993 nulli,
3366 1938 3533 1998 qu0t-

1963 2024 2101 2085 quot
2133 2015 2430 2082 exsistunt,
2468 2016 2666 2073 similis
2701 2019 2972 2074 exsistens
3024 2020 3078 2073 in
3109 2036 3177 2075 eo
3203 2020 3350 2090 quod
3385 2021 3533 2075 indi-

1964 2116 2088 2177 geat
2132 2108 2404 2178 profectu,
2452 2118 2513 2166 ut
2572 2120 2629 2166 et
2681 2112 2797 2182 ipse
2836 2124 2953 2168 tum
2998 2113 3250 2183 corporis
3282 2121 3535 2169 naturam

1964 2197 2229 2268 deponat,
2282 2201 2506 2271 quando
2538 2203 2770 2273 reliquis
2809 2218 3061 2259 summus
3103 2204 3385 2273 profectus
3413 2219 3537 2260 cor-

1967 2293 2119 2362 poris
2163 2293 2567 2364 depositionem
2617 2297 2899 2353 conciliet.
2929 2296 3212 2367 Siquidem
3243 2298 3388 2353 haud
3419 2314 3535 2353 am-

1967 2386 2113 2454 plius
2141 2387 2252 2441 dux
2295 2395 2353 2443 et
2388 2388 2639 2443 Salvator
2671 2405 2863 2444 eorum
2912 2390 3007 2460 qui
3058 2390 3339 2446 salvantur
3364 2400 3531 2454 esset,

1966 2476 2167 2546 quippe
2204 2478 2298 2547 qui
2340 2477 2505 2533 tinem
2549 2477 2909 2548 perfectionis
2936 2487 3186 2535 nostrum
3218 2478 3446 2548 mystice
3478 2478 3533 2531 in

1968 2568 2265 2637 semetipso
2307 2570 2477 2625 semel
2512 2584 2626 2625 non
2674 2569 3001 2634 ostenderit,
3048 2569 3367 2624 sedeorum
3392 2582 3538 2622 unus

1966 2658 2131 2712 etiam
2168 2659 2285 2728 ipse
2333 2668 2595 2715 cernetur
2628 2662 2723 2729 qui
2758 2662 3043 2716 salvantur
3095 2670 3154 2716 et
3201 2660 3271 2715 ab
3300 2660 3410 2714 alio
3454 2674 3541 2714 re-

1968 2758 2200 2817 guntur,
2250 2751 2455 2819 quique
2508 2750 2757 2821 indigent
2805 2752 2977 2805 altero
3026 2750 3123 2819 qui
3181 2749 3440 2805 ostendat
3482 2749 3539 2803 in

1970 2841 2153 2911 seipso
2190 2842 2587 2912 perfectionem
2622 2842 2780 2896 istam
2809 2840 2876 2895 ad
2912 2857 3073 2912 quam
3109 2856 3300 2896 omnes
3325 2842 3418 2910 qui
3455 2856 3539 2894 ra-

1974 2930 2142 2985 tionis
2182 2938 2377 2985 natura
2408 2938 2537 2985 sunt
2571 2930 2868 3001 participes
2907 2929 3275 2985 contendunt.
3312 2930 3430 2984 Non
3466 2931 3541 2985 ita

1970 3023 2089 3079 hree
2123 3039 2213 3077 res
2254 3038 2314 3077 se
2363 3022 2549 3077 habet.
2585 3021 2686 3089 Qui
2726 3022 2913 3078 enim?
2944 3022 3056 3078 Nec
3082 3021 3332 3077 veritatis
3358 3037 3543 3077 sermo

1974 3114 2102 3170 talia
2156 3114 2405 3171 dicentes
2429 3115 2647 3170 tolerat.
2686 3115 2985 3179 Auctorem
3022 3114 3251 3169 enimet
3282 3128 3507 3168 consum

1969 3217 2237 3262 maturem
2304 3207 2500 3262 salutis
2558 3215 2760 3262 nostrae
2809 3206 2986 3277 ipsum
3042 3206 3280 3277 appellat
3319 3204 3540 3261 divinus

1967 3297 2263 3367 Apostolus
2313 3295 2360 3361 ι,
2417 3307 2611 3368 utpote
2662 3298 3011 3353 incarnatum
3063 3306 3288 3367 propter
3335 3312 3435 3352 nos
3482 3304 3543 3350 ιιι

1966 3399 2253 3461 peccatum
2303 3399 2553 3445 nostrum
2620 3390 2675 3444 in
2753 3390 2935 3461 seipso
2988 3388 3317 3453 conficeret,
3372 3404 3541 3460 sequ:

1970 3482 2261 3553 imaginem
2287 3482 2555 3552 prmberct
2578 3483 2835 3537 omnibus
2864 3492 3029 3552 atque
3060 3482 3339 3553 exemplar
3373 3482 3540 3537 casti-

1969 3574 2098 3629 tatis
2138 3574 2265 3629 vita:
2311 3584 2367 3629 et
2413 3574 2745 3645 integritatis
2792 3574 2860 3629 iis
2904 3574 2998 3644 qui
3037 3574 3268 3629 credant
3299 3576 3352 3628 in
3392 3589 3542 3636 euut,

1971 3675 2032 3719 ut
2089 3666 2354 3737 magister
2402 3664 2584 3721 bonus
2629 3676 2687 3722 et
2736 3667 2978 3738 sapiens,
3038 3682 3103 3721 ea
3148 3683 3270 3737 quae
3314 3666 3545 3721 dicenda
3596 3664 3597 3667 “

1969 3774 2201 3829 quaeque
2246 3759 2494 3814 facienda
2527 3760 2640 3814 sint
2670 3759 2735 3815 ad
2766 3758 3210 3814 informationem
3244 3760 3545 3813 institutio-

1970 3866 2207 3921 nemque
2236 3860 2480 3908 nostram
2506 3867 2608 3922 per
2648 3853 2889 3921 seipsum
2918 3851 3081 3922 prius
3138 3851 3545 3921 perﬁcientcm,

1971 3944 2301 3998 morientem
2352 3954 2518 4013 atque
2566 3953 2947 4015 resurgentem
2993 3952 3157 4014 atque
3205 3951 3543 4013 assumptum

1973 4037 2028 4090 in
2083 4038 2273 4101 emlos,
2323 4047 2382 4092 et
2435 4036 2720 4092 sedentem
2763 4050 2889 4089 cum
2926 4051 3157 4105 corpore
3189 4034 3257 4089 ad
3296 4034 3546 4089 dextram

1974 4130 2067 4184 Dei
2100 4145 2163 4183 ac
2189 4128 2371 4183 Patris
2408 4137 2470 4191 ιη,
2507 4137 2565 4181 ιιι
2596 4144 2697 4182 nos
2734 4144 2955 4198 quoque
2988 4126 3290 4181 morientes
3318 4125 3549 4179 ﬁrmiter

1971 4234 2263 4290 speremus
2307 4220 2424 4274 fore
2474 4228 2533 4273 ut
2583 4234 2955 4289 resurgamur,
2997 4217 3272 4286 vitamque
3303 4216 3550 4269 vivamus

1972 4310 2155 4365 omnis
2208 4309 2401 4365 mortis
2455 4310 2746 4379 omnisque
2778 4308 3156 4379 corruptionis
3186 4323 3418 4378 prorsus
3458 4322 3552 4361 cx-

1978 4410 2211 4471 pertem,
2271 4418 2733 4471 assumamurque
2794 4403 2849 4455 in
2899 4401 3094 4465 malos,
3151 4416 3216 4455 ac
3269 4407 3551 4469 compotes

301 4490 446 4551 σθαι,
472 4491 565 4544 καὶ
586 4492 684 4563 τὴν
708 4494 804 4546 σὺν
824 4494 973 4563 αὐτῷ
1011 4495 1291 4566 μακαρίαν
1318 4496 1410 4548 καί⁵
1436 4496 1652 4549 αἰώνιον
1684 4495 1864 4567 μονὴν1

1977 4494 2170 4547 fiamus
2220 4494 2273 4547 in
2326 4494 2436 4547 Deo
2481 4503 2539 4547 et
2584 4494 2764 4557 Patre,
2820 4493 3125 4548 mediatore
3172 4490 3312 4546 Filio
3356 4491 3547 4560 ipsius.

306 4576 551 4647 σώματος
582 4579 638 4632 δὲ
670 4580 794 4634 καθ’
839 4582 1019 4635 ότιοῦν
1044 4584 1090 4613 ¹⁹
1123 4584 1387 4638 ἀπόθεσιν
1432 4586 1506 4655 μὴ
1538 4586 1871 4655 ἐκδέχεσθαι,

297 4671 379 4721 ὅτι
414 4670 546 4739 μηδὲ
571 4674 671 4741 τῆς
706 4673 868 4742 ἁγίας
896 4674 1119 4743 Γραφῆς
1147 4677 1175 4729 ό
1203 4676 1362 4743 λόγος
1413 4678 1563 4748 ἡμᾶς
1600 4676 1758 4730 τοῦτο
1796 4677 1877 4730 δι-

299 4761 511 4816 δάσκει.
545 4764 699 4835 Μήτε
729 4765 833 4835 μὴν
852 4767 908 4818 ὲν
933 4766 1011 4836 τῷ
1034 4767 1261 4838 ἀρχηγῷ
1288 4768 1385 4839 τῆς
1416 4768 1688 4839 σωτηρίας
1719 4768 1877 4839 ἡμῶν

300 4852 613 4923 τεθεάμεθα
646 4854 806 4909 τοῦτο
844 4858 1340 4927 προγεγενημένον.
1376 4860 1576 4928 Εί.γάρ
1614 4860 1765 4927 φίλον
1806 4855 1876 4931 ἦν

298 4943 449 5013 αύτῷ
476 4946 570 4997 καὶ
593 4946 753 5000 τοῦτο
769 4949 1021 5016 γενέσθαι
1038 4950 1104 5013 ’³,
1124 4949 1339 5019 πρῶτος
1367 4949 1432 5003 ἂν
1454 4950 1615 5014 αὐτὸς
1631 4952 1687 5003 ὲν
1699 4950 1876 5021 ἑαυτῷ

301 5038 633 5105 προενήργει
685 5039 777 5091 καὶ⁵
814 5040 973 5093 τοῦτο
1007 5041 1145 5111 μετά
1194 5040 1301 5094 τῶν
1326 5042 1545 5105 λοιπῶν,
1579 5038 1661 5106 οἷς
1686 5044 1876 5097 ἑαυτὸν

298 5126 367 5178 δι’
414 5127 561 5196 ἡμᾶς
595 5130 673 5191 ὡς
722 5131 1107 5201 φιλάνθρωπος
1142 5133 1364 5195 ὑποθεὶς
1394 5135 1515 5188 καθ’
1568 5136 1716 5205 ἡμᾶς
1760 5138 1877 5187 ἑτε-

301 5216 546 5285 λείωσεν,
580 5223 660 5286 είς
693 5223 754 5276 τὸ
812 5226 962 5293 ἡμᾶς
996 5226 1136 5296 μετά
1184 5226 1292 5279 τῶν
1326 5226 1503 5281 ἄλλων
1545 5228 1624 5291 είς
1648 5229 1696 5259 ’δ
1715 5227 1874 5282 τοῦτο

300 5309 657 5374 πιστεύοντας
705 5313 973 5377 ἐλπίζειν.
1005 5314 1129 5377 Πῶς
1184 5314 1262 5379 δὲ,
1305 5317 1467 5387 εἴπερ
1507 5317 1877 5387 ἀνασχοίμεθα

378 5422 395 5463 ι
433 5424 596 5481 llebr.
629 5444 686 5494 ιι,
720 5429 808 5485 10.
888 5439 924 5460 "'
957 5429 1123 5487 Marc.
1153 5448 1262 5498 xw,
1294 5406 1388 5487 l9.

1978 4584 2206 4639 honoris
2238 4594 2293 4638 et
2323 4584 2528 4654 gloriae.
2564 4584 2979 4653 mansionisque
3026 4584 3199 4638 beata:
3244 4591 3302 4636 et
3331 4594 3550 4637 πίει-ηπ

1976 4690 2101 4730 cum
2147 4674 2265 4735 illo,
2316 4674 2571 4743 corporis
2613 4690 2741 4728 vero
2789 4674 3193 4743 depositionem
3240 4673 3393 4727 nullo
3428 4688 3547 4726 om-

1977 4766 2111 4821 nino
2163 4765 2329 4819 modo
2379 4765 2693 4835 patiamur,
2747 4763 3192 4834 quandoquidem
3237 4778 3416 4832 neque
3467 4763 3550 4817 di-
3594 4802 3626 4818 κ

1978 4858 2118 4912 vina:
2147 4856 2449 4927 Scriptura:
2476 4873 2658 4912 sermo
2685 4857 2829 4911 istud
2852 4872 2954 4911 nos
2974 4856 3154 4910 docet.
3184 4854 3371 4923 Neque
3399 4854 3546 4908 enim

1982 4951 2039 5004 in
2073 4948 2297 5019 auspice
2320 4949 2514 5003 salutis
2538 4956 2741 5003 nostra:
2759 4946 2996 5002 vidimus
3029 4946 3134 4999 hoc
3159 4953 3317 4998 antea
3346 4944 3547 4997 factum

1982 5041 2173 5097 fuisse.
2206 5041 2260 5096 Si
2295 5042 2443 5096 enim
2484 5042 2585 5111 ipsi
2615 5040 2917 5111 placuisset
2951 5046 3012 5092 ut
3048 5038 3213 5092 etiam
3240 5036 3344 5091 hoc
3371 5035 3545 5095 fleret,

1977 5135 2188 5203 primus
2224 5136 2415 5204 utique
2450 5137 2565 5205 ipse
2600 5136 2653 5189 in
2700 5150 2759 5189 se
2816 5140 3079 5202 operatus
3123 5130 3338 5193 fuisset,
3382 5138 3441 5182 et
3494 5128 3552 5181 id

1976 5244 2100 5282 eum
2156 5229 2387 5297 reliquis
2456 5228 2659 5297 quibus
2719 5228 2965 5297 seipsum
3029 5234 3219 5295 utpote
3276 5222 3552 5292 benignus

1975 5329 2203 5390 propter
2246 5336 2348 5377 nos
2383 5320 2640 5392 subjecit,
2667 5335 2899 5390 qumque
2950 5317 3252 5373 secundum
3294 5330 3396 5370 nos
3430 5328 3556 5382 per-

1576 5548 1811 5604 VARUE
1849 5547 2253 5605 LECTIONES.

379 5650 424 5683 "
440 5652 561 5721 ἦξιν
590 5653 675 5731 ed.
699 5654 862 5731 αλιι..
893 5657 1289 5731 sedamendat.
1317 5660 1368 5713 in
1395 5667 1581 5731 auuol.
1660 5660 1703 5689 "
1727 5659 2142 5731 ἀνακαθάραντα
2170 5660 2256 5714 ed.
2279 5659 2418 5731 Gali.
2450 5727 2462 5731 _
2498 5660 2539 5691 ¹⁷
2576 5659 2838 5729 τολμῆσαι
2865 5660 2953 5712 ed.
2986 5656 3123 5709 Gall.
3146 5654 3398 5711 Editores
3423 5665 3551 5731 cgn-

302 5724 895 5798 jecerunL‘rolpﬁaatq.
968 5728 1009 5759 ⁸³
1037 5729 1341 5791 δεικνύντος
1365 5730 1453 5783 ed.
1483 5730 1619 5783 Gall.
1684 5730 1725 5759 "
1754 5729 1925 5782 ταῦτα
1963 5721 2050 5783 ed.
2084 5730 2219 5783 Call.
2288 5729 2333 5759 ’⁸
2365 5727 2632 5783 Videntur
2662 5721 2775 5783 Ῐιςιξιξ
2802 5745 2899 5798 per
2928 5736 3181 5794 quartum
3209 5738 3394 5798 casu!"
3417 5721 3549 5798 ςπε-

308 5791 499 5847 tenda.
522 5791 794 5864 (Editures
812 5797 1087 5869 Galland.)
1128 5801 1166 5832 II
1196 5818 1251 5853 τε
1282 5802 1371 5855 καὶ
1408 5800 1495 5857 cd.
1536 5801 1670 5855 Gall.
1716 5802 1761 5831 "
1793 5798 2080 5855 καθοτιοῦν
2106 5802 2192 5857 ed.
2224 5800 2361 5855 Gal].
2438 5799 2480 5829 ³³
2504 5799 2754 5868 λέγεσθαι
2789 5791 2875 5854 éu.
2906 5791 3043 5854 Call.
3108 5800 3151 5828 ’δ
3176 5795 3267 5850 καὶ
3294 5794 3381 5849 ed.
3410 5792 3549 5848 Call.
