4026 6288
211 344 352 415 1337

1447 347 1963 409 AMBIGUORUM
2000 348 2252 415 LIBER.

3323 362 3459 428 1338

207 463 348 533 λαδὴ
392 458 647 530 σώματος
694 459 859 530 φύσιν
908 457 1125 530 ἔχοντος
1153 458 1659 530 άναπεμπάξουσαν
1692 458 1794 513 καὶ⁴

1897 470 2089 517 natura
2116 463 2409 536 pmditum
2445 474 2531 521 est
2560 468 2895 525 resarciente
2919 479 2976 525 et
2997 471 3200 528 virtute
3228 476 3461 544 quadam

203 557 445 626 δύναμιν
471 556 573 625 τῆς
608 553 817 618 οἰκείας
866 554 1033 618 ἕξεως
1085 550 1423 625 συστατικήν
1466 570 1528 607 τε
1562 550 1658 608 καὶ
1687 556 1783 607 ἑπ-

203 648 604 718 ανακλητικὴν,
650 645 748 701 τοῦ
793 646 853 701 δὲ
902 645 1101 718 νεκροῦ
1143 642 1306 700 τοῦτο
1338 644 1607 717 μηδαμῶς
1633 646 1785 715 ἔνερ-

204 737 459 807 γοῦντος,
500 736 648 805 ἅπαξ
675 734 1082 809 νενεκρωμένου
1111 738 1207 793 καὶ
1238 737 1517 802 παντελῶς
1546 738 1784 807 ζωτικῆς

204 834 415 903 ἔστερη
423 831 584 901 μένου
616 830 921 902 δυνάμεως,
953 829 1049 886 καὶ
1080 829 1170 884 διὰ
1212 828 1375 884 τοῦτο
1422 830 1785 902 ἁνενεργήτου

204 925 591 993 τυγχάνοντος.
630 922 755 987 Πῶς
800 923 858 977 δὲ
903 924 1000 977 καὶ
1035 923 1297 994 στήσεται
1346 923 1409 977 τὺ
1442 922 1603 993 φύσει
1650 937 1782 976 σκε-

204 1017 409 1071 δαστόν
447 1032 509 1070 τε
556 1018 655 1070 καὶ
692 1014 1028 1081 εὐδιάλυτον,
1078 1016 1154 1087 μὴ
1190 1016 1356 1070 οἱονεὶ
1378 1014 1629 1086 θεμελίου
1660 1010 1788 1086 τρύ-

206 1127 321 1164 πον
366 1108 485 1164 κατ’
533 1109 779 1164 ἐπίνοιαν
822 1109 1302 1181 προῦποκειμένης
1342 1109 1491 1174 τινὸς
1545 1108 1788 1179 ζωτικῆς

206 1202 518 1273 δυνάμεως,
570 1202 699 1273 περὶ
743 1202 943 1273 ἑαυτὴν
990 1202 1238 1272 φυσικῶς
1280 1201 1682 1274 συγκρινούσης
1725 1216 1787 1253 τε

208 1295 311 1348 καὶ
341 1292 771 1366 διασφιγγούσης
803 1294 867 1348 τὸ
907 1294 1373 1365 σκεδαννύμενον,
1407 1298 1465 1349 ὲν
1561 1295 1625 1350 τὸ
1648 1289 1788 1347 εἷναί

208 1401 274 1438 τε
299 1386 397 1438 καὶ
425 1384 810 1439 είδοποιεῖσθαι
853 1382 1008 1455 παρὰ
1034 1384 1136 1454 τῆς
1179 1383 1250 1438 τὰ
1274 1384 1372 1440 ὅλα
1393 1382 1574 1453 σοφῶς
1606 1398 1787 1452 τεχνι-

206 1475 475 1547 τευούσης
522 1476 807 1548 δυνάμεως
859 1475 1004 1549 ἔχειν
1050 1476 1276 1550 ἐλαχενς
1333 1480 1424 1533 Ἐν
1475 1471 1522 1546 ᾧ
1562 1476 1673 1547 γὰρ
1721 1472 1789 1529 ἃν

208 1571 506 1641 πράγματι
549 1569 689 1640 μετὰ
730 1569 793 1624 τδ
816 1570 1076 1641 τεχθῆναι
1105 1572 1389 1643 περίεστιν
1417 1569 1633 1640 ἀληθῶς
1658 1568 1719 1622 τὸ
1740 1566 1787 1600 ³³

209 1657 356 1715 εἶναι
383 1660 462 1731 τῷ
493 1660 737 1732 σώματι,
781 1662 842 1716 ἐν
880 1661 1079 1735 ἐκείνῳ
1099 1663 1318 1728 πάντως
1348 1663 1573 1726 δικαίως
1598 1660 1668 1715 ἂν
1702 1660 1789 1714 λέ-

208 1769 366 1821 γοιτο
396 1752 542 1824 ἔχειν
584 1756 678 1808 καὶ
730 1754 831 1827 τὴν
864 1754 1038 1826 ἀρχὴν
1081 1754 1184 1825 τῆς
1227 1754 1535 1827 ὑπάρξεως.
1566 1745 1788 1817 Οὖτινος

209 1841 326 1912 γὰρ
356 1822 728 1914 τῷήχωρισμῷ
754 1822 1065 1898 διαλύεσθαι
1104 1822 1318 1914 πέφυκε
1345 1822 1418 1898 ,τὸ
1446 1844 1628 1917 σῶμα,
1666 1844 1788 1899 τού.
1821 1822 1866 1880 Β

209 1951 311 1987 του
366 1934 567 2007 δηλαδὴ
594 1938 660 2006 τῇ
708 1934 944 2009 ὑπάρξει
979 1939 1121 1992 κατὰ
1167 1937 1265 2009 τὴν
1294 1937 1517 2007 ,γένεσιν
1550 1936 1789 2008 εὐλόγως

214 2027 286 2083 ἄν
317 2027 533 2092 πάντως
555 2028 652 2082 καὶ
692 2029 1122 2100 συνυφίστηκεν.

289 2121 355 2176 Ei
394 2120 452 2175 δὲ
484 2119 696 2185 τούτοις
738 2121 1235 2194 στενοχωρούμενοι
1269 2124 1387 2188 τοῖς
1422 2116 1789 2195 λογισμοῖς.ὧ

213 2208 382 2278 οὗτοι,
420 2214 556 2284 φατὲ
591 2213 665 2285 μὴ
710 2213 908 2285 νεκρὸν
957 2209 1097 2269 εἷναι
1157 2216 1475 2271 παντάπασι
1514 2214 1577 2269 τὸ
1622 2232 1792 2269 κατα-

214 2304 543 2376 ϐαλλόμενον
572 2305 653 2368 είς
670 2303 943 2375 πρόφασιν
962 2304 1062 2375 τῆς
1082 2304 1431 2375 ἀνθρωπίνης
1453 2302 1788 2367 συστάσεως,

214 2396 454 2466 ζωτικῆς
502 2398 559 2451 δέ
606 2412 753 2460 τινος
792 2395 898 2450 κᾶν
950 2396 1134 2461 ποσῶς
1188 2397 1441 2468 μετέχειν
1484 2396 1789 2473 δυνάμεως,

214 2488 295 2551 ὡς
326 2488 509 2558 ψυχὴν
542 2486 665 2559 ἔχον
703 2486 948 2557 δηλονότι
987 2487 1089 2557 τῆς
1120 2486 1380 2558 τοιαύτης
1408 2487 1792 2558 μεθέξειδυνά-

218 2597 369 2653 μεως
401 2581 587 2651 (χωρὶς
614 2580 723 2652 γὰρ
757 2579 934 2651 ψυχῆς
962 2576 1103 2644 εἶδος
1132 2578 1280 2651 ζωῆς
1306 2579 1409 2633 οὐκ
1451 2578 1519 2634 ἂν
1559 2578 1645 2650 είη
1674 2576 1791 2632 πώ-

214 2690 349 2728 ποτε
379 2672 634 2738 καθάπαξ
679 2673 902 2736 ἐνοτοῖς
947 2671 1053 2725 ὑπὸ
1084 2669 1248 2740 φύσιν
1283 2671 1643 2740 ἀναγομένοις
1696 2670 1793 2724 καὶ

214 2768 319 2837 τῆς
372 2767 622 2837 οὐρανίου
658 2764 849 2836 ,δῆλον
901 2766 1219 2835 άεικινήτου
1264 2766 1575 2836 περιφορᾶς
1641 2763 1793 2827 ἐντὸς

214 2858 644 2928 διειλημμένοις,
676 2858 764 2912 ἀεὶ
796 2858 854 2911 δὲ
882 2856 1030 2929 ζωῆς
1056 2852 1196 2921 εἶδος
1220 2855 1350 2911 ἄνευ
1379 2856 1557 2927 ψυχῆς
1588 2856 1652 2909 τὸ
1686 2873 1793 2909 πα-

219 2950 400 3022 ράπαν
416 2950 516 3003 οὐκ
543 2949 661 3003 ἔστι
679 2949 820 3003 κατὰ
848 2950 948 3019 τὴν
974 2948 1197 3021 λογικὴν
1216 2948 1446 3003 άκολουθ
1456 2948 1586 3019 ίαν),
1617 2943 1728 3002 οἷον
1747 2948 1793 3001 δ’

217 3044 287 3097 ἂν
316 3040 633 3096 ὑποτίθεσθε
658 3041 804 3111 ζωῆς
854 3036 995 3106 είδος
1028 3041 1093 3095 τὺ
1120 3041 1595 3113 καταϐαλλόμενον
1648 3041 1793 3112 ἔχειν

1894 552 2145 610 habitum
2172 559 2456 627 proprium
2478 561 2863 632 compingendi
2887 565 3311 635 revocandique,
3338 584 3462 622 cum

1895 656 2176 703 mortuum
2208 659 2403 707 contra
2438 666 2640 723 corpus
2664 652 2721 708 id
2746 655 2900 709 nullo
2936 657 3101 712 modo
3130 657 3347 723 eﬂlciat,
3375 675 3461 715 se-

1891 734 2001 789 mel
2032 737 2443 806 mortiﬁcatum,
2476 742 2738 813 vitalique
2770 752 3040 813 potestate
3083 760 3308 817 prorsus
3364 750 3462 804 de-

1892 825 2171 894 stitutum,
2205 838 2263 885 et
2284 830 2773 889 ldcircoineﬂicax.
2808 834 3095 901 Quomodo
3116 852 3248 893 vero
3265 848 3323 894 et
3354 851 3466 895 sta-
3498 848 3501 851 ‘

1894 915 1978 973 bit
1993 919 2144 989 quod
2178 931 2372 979 natura
2405 924 2734 996 dissipatum
2765 936 2851 982 est
2870 938 3037 998 atque
3066 929 3219 983 nullo
3240 932 3465 1001 negotio

1894 1010 2238 1080 dissolvitur,
2288 1029 2414 1070 cum
2466 1025 2726 1087 tanquam
2761 1019 3107 1075 fundamenti
3139 1021 3196 1076 in
3240 1022 3464 1078 modum

1894 1103 2226 1173 cogitatione
2272 1107 2424 1163 nulla
2460 1117 2590 1163 ante
2632 1110 2877 1181 subjecta
2921 1113 2991 1166 sit
3021 1114 3195 1169 virtus
3226 1115 3463 1176 viviﬁca.

1891 1210 2016 1268 quae
2065 1199 2213 1254 circa
2263 1213 2387 1256 sese
2434 1202 2762 1258 naturaliter
2810 1215 3158 1274 coagmentet
3200 1206 3465 1261 diffusum

1895 1300 2062 1361 atque
2086 1293 2446 1364 constringat,
2480 1294 2535 1350 in
2556 1311 2663 1366 qua
2690 1305 2748 1351 et
2773 1297 3095 1380 exsistentia
3122 1305 3187 1352 ἐι
3209 1300 3467 1354 formatio

1895 1382 1965 1438 ab
1999 1398 2064 1439 ea
2091 1384 2299 1440 virtute
2329 1396 2556 1457 quaest
2595 1388 2856 1445 universa
2896 1389 3174 1460 sapienter
3200 1390 3465 1447 fabricata

1894 1477 2075 1534 inesse
2127 1480 2334 1536 sortita:
2361 1481 2529 1537 sunt?
2565 1482 2624 1536 In
2656 1498 2983 1553 quacunque
3015 1484 3163 1538 enim
3212 1500 3270 1538 re
3311 1492 3465 1553 post-

1894 1584 2060 1641 quam
2116 1569 2256 1627 l’acta
2301 1581 2388 1626 est
2418 1572 2700 1643 generatio
2730 1588 2859 1629 vere
2891 1584 3168 1643 superstes
3200 1581 3284 1628 est
3316 1573 3464 1627 exsi-

1893 1659 2095 1715 stentia
2146 1661 2391 1731 corpori,
2450 1662 2506 1718 in
2554 1679 2621 1719 ea
2670 1666 2829 1719 recte
2868 1666 3096 1720 omnino
3130 1664 3465 1735 principium

1892 1768 2115 1824 quoque
2141 1756 2476 1812 exsistentia:
2499 1757 2679 1813 inesse
2700 1757 2934 1813 dicatur.
2957 1756 3093 1811 Nam
3124 1771 3154 1809 a
3175 1771 3286 1826 quo
3310 1770 3468 1824 sepa-

1894 1856 2072 1901 ratum
2107 1861 2311 1917 corpus
2334 1848 2678 1914 dissolvitur,
2707 1849 2893 1919 hujus,
2918 1847 3000 1902 uti
3034 1854 3293 1917 apparet,
3336 1861 3462 1901 cum

1884 1939 2208 1995 exsistentia
2248 1940 2305 1995 in
2342 1942 2697 2011 generatione
2722 1941 2890 1998 etiam
2931 1938 3274 1996 coexstitisse
3303 1939 3464 2009 plane

1798 2078 1805 2084 .
1886 2042 1974 2087 est
2010 2041 2464 2089 consentaneum.

1958 2122 2014 2180 Si
2063 2135 2247 2181 autem
2275 2166 2290 2190 ,
2344 2142 2379 2182 ο
2428 2127 2542 2194 isti,
2574 2127 2663 2183 his
2713 2125 3277 2199 argumentationibus
3309 2139 3469 2180 coar»

1889 2217 2021 2272 ειειί
2069 2218 2217 2287 quod
2264 2219 2505 2276 hominis
2556 2220 2881 2291 procreandi
2931 2218 3106 2291 gratia
3166 2216 3471 2273 seminatur

1904 2317 2181 2364 mortuum
2233 2327 2353 2367 esse
2394 2313 2605 2383 negatis
2634 2353 2649 2377 ,
2701 2312 2924 2367 vitalem
2974 2311 3075 2365 .vel
3116 2309 3467 2380 quantulam-

1891 2418 2110 2473 cunque
2170 2404 2430 2460 virtutem
2489 2405 2823 2476 participare
2883 2403 3257 2469 aﬂirmantes,
3318 2402 3467 2473 quod

1891 2496 2127 2550 animam
2164 2496 2423 2553 videlicet
2468 2498 2633 2569 hujus
2695 2496 2919 2552 virtutis
2948 2495 3334 2552 communione
3372 2495 3471 2549 ba-

1894 2588 2019 2644 beat
2075 2588 2226 2659 (sine
2285 2590 2471 2646 anima
2507 2591 2654 2647 enim
2690 2591 2842 2645 nulla
2891 2589 3061 2646 semel
3099 2589 3226 2645 vitae
3253 2587 3469 2658 species

1893 2686 2003 2735 tam
2058 2680 2115 2733 in
2181 2680 2268 2736 eis
2329 2696 2570 2751 unquam
2632 2697 2753 2751 qua;
2810 2681 2867 2737 in
2933 2690 3189 2738 naturam
3258 2681 3470 2751 prolata

1890 2787 2053 2843 quam
2079 2787 2203 2841 qua:
2229 2772 2285 2827 in
2333 2772 2468 2828 orbe
2493 2773 2618 2827 coeli
2651 2787 2870 2843 semper
2908 2771 3110 2827 mobile
3144 2771 3292 2826 intus
3317 2786 3469 2825 con-

1892 2864 2165 2935 prehensa
2210 2874 2360 2930 sunt,
2408 2865 2742 2935 reperiatur,
2798 2878 2864 2919 ac
2917 2878 3136 2934 semper
3170 2864 3298 2919 vitae
3344 2878 3471 2933 spe-

1893 2957 2007 3014 cies
2034 2958 2341 3014 secundum
2373 2957 2606 3013 rationis
2632 2955 3085 3029 consequentiam
3110 2964 3468 3026 exstatpror-

1892 3064 1989 3106 sus
2020 3050 2172 3105 nulla
2223 3050 2331 3105 nisi
2381 3065 2506 3107 cum
2559 3050 2800 3122 anima),
2845 3052 3286 3122 qualemcunque
3346 3047 3472 3102 vita:

217 3133 361 3187 κατὰ
419 3132 518 3202 τὴν
580 3131 865 3202 σύλληψιν,
908 3131 1089 3203 ψυχῆς
1132 3148 1280 3196 τινος
1327 3132 1489 3202 μόνον
1548 3131 1791 3206 ίδιάτηιτα

1897 3142 2137 3215 speciem
2187 3145 2499 3216 supponitis
2542 3145 2724 3200 inesse
2768 3143 2825 3199 in
2850 3139 3229 3213 conceptionis
3275 3153 3472 3232 propa-

217 3224 538 3295 ὲνεφήνατε,
581 3222 908 3294 συστατικὴν
960 3221 1060 3293 μὲν
1082 3223 1183 3295 τῆς
1233 3226 1290 3278 ὲν
1334 3219 1480 3300 ᾖπέρ
1506 3227 1655 3281 ἐστιν
1709 3226 1797 3280 οὐ-

220 3318 344 3379 σίας
398 3314 758 3387 ἀφοριστικὴν
794 3315 853 3369 δὲ
905 3314 1016 3369 τῶν
1061 3314 1144 3389 μὴ
1186 3317 1448 3373 τοιούτων
1505 3319 1793 3391 διαφοράν.

216 3408 284 3464 Ei
314 3405 369 3461 δὲ
387 3404 570 3479 (285
589 3406 644 3477 a)
674 3405 769 3462 καὶ
795 3404 972 3478 ψυχῆν
996 3406 1140 3478 ἔχειν
1158 3408 1221 3462 τὸ
1242 3407 1481 3481 εμϐρυον
1510 3407 1631 3479 βίας
1659 3408 1797 3479 πρὸς

216 3502 279 3555 τὸ
300 3502 418 3556 δέον
449 3501 556 3554 ὑπὸ
587 3500 689 3569 τῆς
719 3500 980 3569 ἀληθείας
999 3499 1304 3571 ὠθούμενοι
1329 3500 1537 3570 λέγετε,
1563 3500 1687 3555 τίνα
1735 3516 1797 3553 τε

217 3595 315 3650 καὶ
344 3594 534 3649 ὁποίαν
571 3593 798 3663 ταύτην,
831 3596 926 3648 καὶ
956 3594 1074 3660 πῶς
1101 3593 1490 3666 θεωρουμένην
1512 3595 1546 3667 ἢ
1571 3595 1797 3665 λεγομέ-

216 3703 339 3757 νην,
366 3686 510 3756 ὑμᾶς
538 3685 718 3754 λέγειν
745 3684 897 3738 ἐστὶν
924 3684 1219 3739 ἀκόλουθόν
1246 3702 1308 3739 τε
1337 3685 1435 3739 καὶ
1464 3686 1794 3758 πρόσφορον.

219 3779 335 3833 Καὶ
367 3780 416 3831 εί
460 3778 558 3847 μὲν
599 3777 769 3849 μόνην
806 3778 908 3848 τὴν
946 3777 1250 3849 θρεπτικὴν
1286 3795 1347 3832 τε
1382 3780 1478 3833 καὶ
1499 3778 1798 3851 αὐξητικὴν

216 3872 365 3942 ἔχειν
400 3870 533 3924 αὐτὸ
550 3868 968 3923 διαϐεϐαιοῦσθε
1008 3869 1210 3941 ψυχὴν,
1241 3870 1414 3941 φυτοῦ
1448 3888 1589 3935 τινος
1611 3871 1798 3943 δηλον-

215 3968 304 4020 ότι
360 3965 454 4016 καὶ
497 3965 598 4016 οὐκ
643 3961 935 4034 ἀνθρώπου
971 3961 1053 4033 τῷ
1100 3962 1244 4035 λόγῳ
1292 3962 1466 4035 τούτῳ
1493 3963 1615 4019 καθ’
1652 3965 1798 4035 ὑμᾶς

213 4059 279 4114 τὸ
315 4060 653 4131 τρεφόμενον
685 4062 781 4115 καὶ
809 4060 1107 4131 αὐξόμενον
1135 4059 1293 4115 ἔσται
1324 4060 1505 4131 σῶμα.
1540 4060 1651 4115 Καὶ
1679 4059 1798 4124 πῶς

214 4152 313 4208 τοῦ
337 4152 505 4222 φυτοῦ
531 4153 713 4223 πατὴρ
736 4155 764 4207 ὁ
787 4152 1076 4225 ἄνθρωπος
1099 4153 1252 4207 ἕσται
1282 4154 1513 4208 συνιδεῖν
1541 4154 1643 4208 οὐκ
1664 4152 1793 4225 ἔχω,

218 4245 394 4299 πολλὰ
433 4245 675 4308 σκοπῶν,
707 4244 767 4312 ἑξ
791 4243 1085 4318 ἀνθρώπου
1112 4246 1395 4311 παντελῶς
1416 4247 1477 4300 τὸ
1500 4246 1638 4300 εἶναι
1654 4245 1799 4303 κατὰ

218 4341 384 4410 φύσιν
414 4339 515 4394 οὐκ
544 4338 780 4410 ἔχοντος.
816 4340 878 4393 El
910 4338 968 4393 δὲ
1007 4339 1108 4411 τὴν
1141 4338 1467 4411 αἰσθητικὴν
1506 4339 1675 4411 μόνην
1718 4338 1797 4410 τῷ

218 4434 449 4505 ἐμϐρύῳ
478 4432 814 4505 προσνέμετε
845 4431 1047 4503 ψυχὴν,
1076 4433 1247 4486 ἵππου
1276 4432 1498 4495 πάντως
1540 4433 1574 4503 ἢ
1608 4432 1729 4502 βοὸς
1759 4432 1793 4503 ἢ

1897 3239 2057 3310 gine,
2112 3239 2309 3294 animae
2338 3238 2572 3309 alicujus
2604 3238 2783 3293 solum
2818 3235 3213 3307 proprietatem
3258 3230 3470 3303 signiﬁ-

1899 3334 2084 3398 castis,
2112 3347 2220 3403 qua
2245 3332 2469 3402 quidem
2490 3345 2557 3386 ea
2584 3330 2639 3385 in
2662 3346 2770 3401 qua
2795 3329 2937 3385 inest
2962 3328 3202 3385 essentia
3223 3333 3470 3383 struatur

1898 3434 1956 3481 et
1992 3439 2185 3481 eorum
2212 3440 2337 3495 qua:
2386 3439 2497 3478 non
2521 3422 2793 3495 ejusmodi
2846 3430 2976 3476 sunt
3002 3419 3311 3477 dill'erentia
3336 3416 3472 3472 deli-

1897 3518 2102 3572 niatur.
2126 3517 2245 3573 Jam
2269 3532 2402 3572 vero
2421 3517 2587 3572 etiam
2619 3516 2663 3570 si
2684 3514 2949 3586 embryon
2977 3512 3157 3567 anima
3184 3510 3472 3583 praeditum

1878 3624 2019 3681 esse
2048 3625 2080 3665 a
2110 3609 2341 3665 veritate
2363 3609 2540 3665 coacti
2572 3611 2721 3680 (nam
2749 3606 2954 3663 acriter
2980 3621 3095 3661 vos
3115 3618 3314 3675 urgere
3335 3617 3475 3672 opus

1897 3701 2002 3775 est)
2029 3702 2293 3768 statuitis,
2332 3716 2442 3772 qua
2468 3711 2527 3757 et
2557 3701 2705 3771 quali
2732 3700 2856 3764 ista,
2883 3708 2941 3754 et
2973 3696 3249 3769 quomodo
3285 3695 3474 3751 obser-

1896 3803 2020 3851 vata
2048 3803 2143 3849 aut
2171 3793 2444 3865 appellata
2473 3793 2866 3848 convenienter
2910 3790 3159 3859 sequitur
3187 3796 3247 3843 ut
3273 3788 3472 3842 docea-

1898 3888 1989 3942 tis.
2043 3884 2223 3956 Atque
2280 3884 2326 3940 si
2378 3883 2552 3939 solam
2601 3882 2736 3938 illud
2790 3881 3074 3937 nutriendi
3126 3889 3183 3936 et
3239 3877 3472 3949 augendi

1897 3978 2137 4034 animam
2166 3976 2372 4031 habere
2395 3974 2699 4040 allirmatis,
2719 3974 2919 4044 planta:
2942 3972 3177 4042 alicujus
3201 3970 3470 4041 profecto,

1898 4086 2007 4126 non
2068 4068 2329 4133 hominis,
2383 4068 2488 4123 hac
2533 4068 2749 4123 ratione
2796 4065 3099 4122 secundum
3144 4079 3243 4120 vos
3272 4078 3474 4132 corpus

1900 4164 2038 4220 illud
2077 4163 2224 4233 quod
2254 4160 2502 4217 nutritur
2549 4170 2607 4217 et
2654 4169 2889 4231 augetur
2922 4159 3048 4214 erit.
3084 4158 3153 4214 Et
3200 4155 3475 4227 quomodo

1899 4257 2099 4328 planta:
2126 4263 2286 4326 pater
2310 4253 2477 4309 homo
2504 4253 2579 4308 sit
2606 4253 2941 4325 intelligere,
2966 4265 3191 4322 quoquo
3216 4248 3477 4304 conside-

1900 4350 2114 4405 ratione
2142 4356 2350 4415 vertor,
2374 4346 2631 4417 equidem
2646 4362 2760 4401 non
2783 4346 2982 4409 habeo,
3010 4360 3136 4400 cum
3162 4343 3230 4398 de
3254 4341 3476 4396 homine

1898 4440 2060 4510 plano
2088 4439 2470 4495 exsistentiam
2508 4438 2814 4494 secundum
2834 4445 3090 4492 naturam
3121 4451 3231 4490 non
3257 4433 3474 4488 habent.

216 4529 411 4600 ἑτέρου
448 4526 593 4591 τινὸς
629 4524 737 4580 τῶν
777 4526 1053 4597 χερσαίων
1078 4525 1113 4596 ἢ
1137 4525 1399 4596 ἐναερίων
1432 4523 1588 4589 ζώων
1617 4525 1794 4595 ψυχὴν

1902 4531 1959 4588 Si
2010 4540 2205 4587 contra
2245 4531 2552 4586 sensualem
2582 4530 2755 4585 solam
2792 4529 2847 4582 iu
2874 4529 3103 4598 embryo
3145 4527 3326 4581 inesse
3359 4524 3478 4578 ani-

215 4618 361 4688 εχων
402 4616 747 4687 δειχθήσεται
792 4615 939 4671 κατὰ
987 4616 1088 4687 τὴν
1135 4615 1396 4687 σύλληψιν
1432 4614 1496 4669 τὸ
1536 4614 1798 4687 ἔμϐρυον,

216 4706 319 4760 καὶ
372 4706 557 4776 πατὴρ
598 4707 701 4759 οὐκ
739 4705 894 4759 ἔσται
938 4707 1081 4761 κατὰ
1127 4706 1293 4775 φύσιν
1338 4704 1629 4778 ἀνθρώπου
1674 4705 1801 4760 καθ’

218 4800 366 4870 ὑμᾶς
395 4797 423 4850 ὀ
453 4798 760 4868 ἄνθρωπος,
798 4798 939 4852 κατὰ
966 4797 1066 4869 τὴν
1098 4798 1325 4870 πρώτην
1352 4800 1633 4854 σύστασιψ
1664 4798 1802 4854 ἀλλὰ

219 4890 392 4961 φυτοῦ
425 4907 593 4955 τινος,
633 4889 815 4953 καθὼς
846 4890 1006 4961 ἔφην,
1039 4890 1075 4963 ἢ
1115 4890 1255 4955 ζώου
1277 4892 1389 4946 τῶν
1422 4894 1515 4947 ἐπὶ
1561 4893 1686 4965 γῆς.
1724 4887 1800 4949 Οὗ

216 4983 273 5036 τί
305 4982 503 5050 γένοιτ’
536 4980 600 5035 ἂν
630 4979 979 5052 ἀτοπώτερον
1006 4981 1041 5054 ἢ
1091 4982 1626 5055 φρενοϐλαϐέστερον
1652 5003 1667 5052 ;
1720 4984 1794 5039 Τὸ

217 5075 332 5144 γὰρ
364 5073 439 5145 μὴ
479 5072 848 5143 συνυπάρχειν
888 5071 1326 5129 διαϐεϐαιοῦσθαι
1364 5078 1433 5146 τῇ
1472 5074 1665 5148 πρώτη
1705 5093 1797 5130 συ-

219 5169 415 5223 στάσει
436 5165 545 5219 τῶν
573 5168 744 5220 δντων
776 5166 923 5221 κατὰ
950 5164 1050 5238 τὴν
1071 5167 1305 5221 ἑκάστου
1338 5169 1575 5241 φυσικὴν
1607 5170 1801 5239 διαφο-

222 5260 329 5331 ρὰν
364 5257 795 5328 ἁπαραλείπτως
823 5259 952 5322 τοὺς
978 5257 1215 5321 οἰκείους
1243 5258 1342 5330 τῆς
1363 5258 1653 5331 ὑπάρξεως
1679 5262 1799 5330 ὀρι-

222 5350 420 5419 σμούς,
457 5348 649 5420 φύρειν
671 5349 822 5403 ἐστὶν
862 5350 941 5412 είς
970 5348 1177 5421 ἄλληλα
1205 5348 1275 5403 τὰ
1312 5350 1512 5415 πάντα,
1559 5351 1654 5405 καὶ
1696 5368 1803 5422 μη-

216 5440 311 5493 δὲν
340 5437 484 5496 εἶναι
516 5442 722 5512 κυρίως
749 5441 859 5498 τῶν
884 5441 1056 5496 ϐντων
1080 5443 1219 5513 ὅπερ
1240 5442 1357 5498 ὲστί
1378 5460 1439 5496 τε
1463 5444 1558 5497 καὶ
1582 5445 1800 5512 λέγεται

216 5532 679 5605 διισχυρίζεσθαι.
719 5533 832 5588 Καὶ
870 5534 930 5587 τὸ
965 5533 1032 5606 δὴ
1067 5534 1254 5605 μεῖζον
1306 5534 1498 5601 κακὸν,
1542 5536 1802 5608 διαϐολὴν

1897 4634 2041 4673 mam
2072 4618 2420 4681 asseveratis,
2451 4617 2580 4686 equi
2615 4617 2777 4686 plane
2810 4616 2897 4671 vel
2934 4616 3092 4670 bovis
3119 4616 3217 4677 lvel
3245 4614 3476 4668 alterius

1897 4709 2132 4780 alicujus
2160 4708 2483 4764 animalium
2509 4707 2854 4763 terrestrium
2894 4715 2990 4761 aut
3019 4704 3327 4760 volatilium
3353 4703 3475 4757 ani-

1898 4817 2045 4857 mam
2081 4801 2287 4856 habere
2314 4800 2581 4871 embryon
2606 4800 2674 4855 de
2699 4799 3059 4869 conceptione
3091 4794 3473 4852 manifestabi-

1898 4906 2012 4962 tur,
2047 4910 2111 4952 ac
2136 4894 2728 4951 secundum'naturam
2758 4892 2999 4949 hominis
3045 4906 3145 4961 per
3180 4905 3279 4946 vos
3311 4889 3481 4943 homo

1907 4995 2065 5057 pater
2110 5002 2221 5042 non
2277 4986 2423 5053 erit,
2482 4986 2537 5041 in
2595 4986 2769 5056 prima
2814 4981 3322 5054 coagmentatione,
3379 4977 3481 5035 sed

1906 5080 2105 5150 plantae
2151 5079 2421 5150 alicujus.
2475 5077 2557 5132 uti
2588 5074 2859 5141 dicebam,
2893 5074 2979 5129 vel
3022 5071 3339 5128 animalium
3370 5079 3480 5125 ter-

1906 5171 2165 5228 restrium
2190 5171 2442 5241 alicujus.
2474 5169 2544 5223 Et
2574 5166 2708 5239 quid
2751 5167 2856 5221 hoc
2891 5173 3038 5220 esset
3060 5163 3354 5219 absurdius
3384 5168 3481 5217 aut

1905 5262 2217 5317 amentius?
2247 5260 2368 5316 Non
2392 5259 2543 5314 enim
2584 5258 2920 5314 coexsistere
2960 5256 3120 5327 plene
3148 5270 3272 5311 cum
3300 5252 3480 5325 prima

1900 5371 2096 5414 eorum
2125 5370 2247 5425 quas
2286 5362 2416 5408 sunt
2458 5351 2858 5422 compositione
2900 5365 3004 5419 pro
3044 5347 3481 5418 uniuscujusque

1902 5447 2141 5504 naturali
2166 5443 2476 5501 differentia
2506 5443 2757 5514 proprios
2777 5440 3065 5496 exstantia:
3096 5439 3233 5494 ﬁnes
3258 5449 3478 5492 asseve-

1904 5552 2048 5604 rare,
2079 5536 2185 5591 hoc
2235 5534 2419 5591 omnia
2470 5534 2613 5592 inter
2661 5549 2720 5590 se
2750 5532 3090 5589 confundere
3137 5536 3256 5595 est,
3311 5532 3476 5597 atque

1528 5700 1609 5756 VA
1619 5700 1761 5759 RIIE
1797 5699 2204 5760 LECTIONES.

298 5808 344 5844 °'
372 5809 450 5881 τῷ
483 5807 645 5867 habet
676 5811 1045 5885 apographum
1073 5813 1195 5871 cod.
1228 5814 1486 5872 Gudiani.
