4026 6288
594 319 730 385 I339
1791 329 1850 387 S.
1895 329 2184 390 MAXIM!
2223 328 2733 390 CONFESSORIS
3739 333 3883 398 1310

587 452 779 492 eorum
810 455 933 509 qua:
975 451 1194 500 exstant
1235 443 1448 499 nultum
1501 439 1555 494 id
1595 438 1817 510 proprie
1855 455 1978 495 esse
2025 439 2174 510 quod

2294 440 2378 510 τῆς
2412 439 2566 505 θείας
2617 440 2809 510 σοφίας
2844 456 2904 493 τε
2952 441 3047 496 καὶ
3101 441 3386 514 δυνάμεως
3439 444 3706 516 ἀρίδηλον
3757 449 3884 517 ἔχον

586 543 672 585 est
696 530 987 590 adirmare.
1023 537 1090 592 Et
1114 537 1337 607 gravius
1379 535 1606 597 malum,
1644 532 1844 590 divina:
1885 533 2169 602 sapientiae

2295 533 2541 604 ιεγίστην
2597 533 2818 596 πάντως
2867 533 3236 605 δειχθήσεται.
3288 537 3351 590 Εἰ
3410 539 3521 607 γὰρ
3559 539 3759 593 πάντα.
3813 543 3885 594 τὰ

586 632 752 692 atque
781 628 1072 694 potestatis
1089 626 1427 684 calumniam
1463 625 1755 681 maximam
1793 624 2088 680 manifesto
2113 624 2168 679 id

2295 624 2520 679 ιπωσοῦν
2547 624 2679 678 ὄντα
2727 625 2835 696 πρὸ
2898 627 3166 696 γενέσεως
3202 628 3388 682 αὐτῶν
3415 630 3560 682 κατὰ
3598 630 3706 702 τὴν
3751 634 3885 702 πρό

585 714 872 772 continere
897 716 1240 786 probabitur.
1272 717 1410 773 Nam
1429 715 1476 772 si
1491 715 1753 772 omnibus
1772 712 2169 784 quoquomodo

2291 734 2476 784 Γνωσιν
2505 717 2604 770 τοῦ
2643 716 2783 772 Θεοῦ
2814 717 2897 789 τῷ
2923 719 3112 791 οἰκείῳ
3158 721 3308 793 λόγῳ
3352 721 3414 774 τὸ
3465 722 3677 776 τέλειον
3730 722 3881 791 ἔχει,

585 795 985 864 exsistentibus
1011 819 1308 880 antequam
1343 814 1710 878 procreentur
1738 806 2042 862 secundum
2070 805 2167 861 Dei

2291 813 2518 884 ἱηλονότι
2549 812 2647 868 καὶ
2697 812 2814 884 ἅμα
2844 813 2926 884 τῷ
2961 811 3102 870 εἶναι
3162 817 3308 891 κατά
3355 817 3450 871 τὸν
3505 819 3642 871 ἰδιον
3704 819 3881 886 λόγον

586 900 1073 970 pnecognitionem
1131 901 1358 972 propria
1412 901 1557 955 inest
1610 898 1828 954 ratione
1879 897 2166 969 perfectio,

2289 906 2408 978 πρὸς
2447 907 2666 975 γένεσιν
2698 908 3061 980 παραγόμενα
3106 909 3538 982 ἀπαραλείπτως
3588 911 3738 981 αὐτῇ
3810 915 3879 980 τῇ

585 999 815 1060 apparet
842 992 990 1062 quod
1023 994 1191 1048 etiam
1241 993 1404 1049 simul
1430 1007 1556 1046 cum
1600 990 1924 1048 exsistentia
1970 1005 2170 1046 secun-

2289 997 2522 1069 μνεργείᾳ.
2544 997 2604 1051 τὸ
2633 997 2844 1056 τέλειον
2869 999 3002 1067 ἕξει.
3040 1003 3106 1056 El
3129 1001 3186 1056 δὲ
3215 1003 3279 1057 τὸ
3317 1004 3420 1074 μὲν
3462 1005 3682 1060 τέλειον
3723 1010 3879 1060 arati

585 1083 716 1138 dum
751 1087 1028 1156 propriam
1052 1087 1321 1141 rationem
1340 1086 1396 1140 in
1412 1085 1683 1156 originem
1721 1083 1987 1154 producta
2008 1084 2169 1154 plene

2285 1088 2365 1161 ςὴν
2383 1089 2697 1159 πρόγνωσιν
2719 1090 2833 1163 ἔχει
2866 1093 2939 1148 τά
2965 1093 3119 1160 ὄντα,
3146 1097 3289 1151 κατά
3308 1097 3366 1151 δὲ
3392 1097 3495 1170 τὴν
3516 1101 3600 1162 εἰς
3630 1099 3693 1153 τὺ
3725 1097 3875 1154 εἶναι

587 1177 702 1246 ipsa
737 1178 938 1233 virtute
959 1192 1018 1234 et
1036 1179 1252 1234 actione
1279 1177 1566 1233 habebunt
1602 1175 2020 1247 perfectionem.
2049 1175 2169 1232 Jam

2282 1182 2615 1254 παραγωγήν
2652 1201 2713 1237 τε
2745 1184 2842 1238 καὶ
2866 1185 3082 1254 γένεσιν
3119 1187 3425 1253 τὸ-ἀτεὶὲς,
3480 1190 3516 1261 ἢ
3563 1191 3673 1245 οὐκ
3723 1193 3872 1246 αὐτὰ

583 1269 630 1322 si
660 1270 927 1339 perfectio
951 1271 1102 1355 inest
1132 1271 1438 1327 secundum
1460 1270 1555 1326 Dei
1585 1270 2075 1342 praecognitionem
2110 1270 2167 1325 in

2280 1274 2454 1328 ἰκεζνα
2494 1273 2646 1328 ἔσται
2673 1273 2745 1328 τά
2792 1276 3238 1346 προγνωσοίντα,
3293 1279 3412 1334 ἀλλ’
3467 1281 3597 1334 καθ’
3657 1283 3870 1355 ἑτέρων

585 1363 752 1418 rebus
767 1347 1182 1430 exsistentibus,
1211 1363 1307 1420 sed
1336 1363 1681 1434 imperfectio
1715 1362 2018 1418 secundum
2041 1377 2170 1433 pro-

2279 1365 2455 1437 ἕτερα,
2491 1365 2526 1437 ἢ
2579 1366 2677 1420 τοῦ
2720 1367 3058 1441 δημιουργοῦ
3095 1371 3362 1442 πρόδηλος
3407 1374 3670 1428 ἀσθένεια

582 1456 896 1512 ductionem
944 1457 1000 1512 in
1031 1457 1413 1514 exsistentiam
1441 1467 1499 1513 et
1534 1458 1830 1528 originem,
1887 1457 1947 1513 tit
1983 1465 2080 1513 aut
2109 1466 2171 1511 ut

2277 1454 2336 1510 iv
2373 1456 2460 1528 εἴη
2495 1457 2590 1512 καὶ
2635 1457 2837 1530 σαφὴς,
2891 1461 2970 1531 μὴ
3013 1461 3335 1532 δυνηθέντος
3382 1465 3526 1519 κατά
3573 1467 3682 1537 τὴν
3735 1470 3867 1539 πρό-

584 1565 694 1603 non
719 1549 832 1619 ipsa
863 1551 955 1606 illa
991 1551 1106 1606 sint
1134 1566 1256 1620 qua:
1307 1551 1643 1622 praecognita
1693 1559 1859 1615 sunt,
1905 1550 2002 1606 sed
2061 1549 2170 1604 alia

2271 1565 2474 1617 γνωσιν
2506 1551 2568 1604 τὸ
2608 1552 2962 1623 προγνωσθὲν
2988 1553 3202 1625 ἀθρόως
3229 1557 3346 1627 ἅμα
3374 1561 3441 1628 τῇ
3469 1560 3692 1626 γενέσει
3720 1563 3861 1614 uti

584 1657 686 1710 pro
705 1641 850 1706 aliis,
880 1651 974 1697 aut.
1003 1652 1066 1698 ut
1101 1641 1319 1714 opillcis
1349 1643 1456 1698 hoc
1491 1641 1565 1697 sit
1600 1641 1888 1697 manifesta
1925 1639 2172 1696 imbecil-

2274 1640 2367 1713 τὴν
2392 1641 2681 1713 ἐνέργειαν
2710 1644 2894 1715 (235
2932 1645 2984 1716 b)
3019 1645 3097 1710 ὡς
3130 1641 3271 1702 εἶναι
3321 1650 3537 1720 πέφυκε
3573 1653 3724 1706 κατὰ
3767 1654 3864 1724 τὴν

586 1733 717 1788 litas
749 1742 916 1804 atque
947 1743 1166 1805 aperta,
1193 1750 1317 1790 cum
1343 1734 1491 1805 quod
1533 1733 1838 1790 secundum
1869 1731 2169 1804 praecogni-

1696 1733 1838 1788 idum
1869 1731 2169 1804 praieogni-
2269 1734 2482 1799 οὐσίαν,
2509 1737 2861 1806 παραστῆσαι
2889 1738 3286 1810 πληρέστατον.

584 1827 790 1880 tionem
832 1835 1240 1898 praecognosset
1287 1827 1472 1884 statim
1500 1843 1610 1884 una
1654 1843 1780 1883 cum
1814 1825 2172 1899 generatione
2207 1827 2514 1896 secundum
2571 1827 2839 1886 virtutem
2863 1838 2921 1887 et
2949 1832 3244 1900 actionem,
3281 1834 3358 1889 ita
3388 1842 3452 1890 ut
3487 1836 3864 1891 essentialiter

483 1997 486 2000 γ
567 1929 958 1989 comparatum
1010 1928 1117 1986 est,
1189 1921 1506 1992 plenissime
1573 1929 1969 1991 repraesentare
2050 1934 2160 1974 non
2198 1928 2406 1988 posset.

652 2011 784 2078 Quae
806 2012 1030 2082 quidem
1058 2021 1383 2084 argumenta
1412 2013 1837 2070 reformidantes
1871 2013 1916 2069 si
1940 2011 2008 2068 ad
2031 2011 2163 2067 illud
2204 2013 2242 2073 11

2347 2013 2411 2067 Εἰ
2467 2013 2528 2068 δὲ
2581 2013 2806 2080 τούτους
2857 2015 3200 2087 ὑφορώμενοι
3258 2018 3390 2082 τοὺς
3450 2019 3715 2090 ἐλέγχους
3770 2023 3855 2073 ἐπ’

581 2113 888 2160 extremum
916 2106 1235 2177 confugitis,
1283 2107 1535 2178 iniquum
1566 2122 1691 2163 esse
1714 2107 1963 2163 dicentes
2016 2104 2166 2177 quod

2267 2106 2446 2163 ἐκεῖνο
2483 2107 2861 2178 καταφύγοιτε
2917 2107 3247 2176 τελευταῖον,
3293 2111 3605 2178 φάσκοντες
3659 2113 3736 2181 μὴ
3780 2113 3851 2165 ὁὶ.

585 2197 765 2268 imago
789 2208 956 2268 atque
978 2214 1103 2270 pars
1126 2199 1315 2255 divina
1343 2199 1798 2270 (intellectualem
1825 2199 1900 2255 ita
1924 2199 2168 2271 appella-

2269 2216 2424 2253 καιον
2451 2195 2595 2254 εἶναι
2619 2201 2684 2254 τὸ
2709 2200 2832 2255 κατ’
2864 2201 3052 2256 εἰκόνα
3080 2200 3218 2255 Θεοῦ
3250 2201 3345 2256 καὶ
3382 2201 3534 2256 θεῖον
3569 2201 3740 2270 (οὕτω
3764 2203 3859 2272 τὴν

585 2291 657 2345 tis
698 2291 958 2362 animam)
985 2309 1112 2347 cum
1144 2292 1386 2348 tluxione
1414 2301 1580 2364 atque
1627 2291 1854 2349 sordida
1886 2294 2167 2364 voluptate

2265 2287 2462 2360 νοεράν
2488 2289 2780 2356 καλοῦντες
2821 2289 3023 2362 ψυχὴν)
3050 2290 3236 2363 pedem.
3279 2291 3378 2346 καὶ
3422 2293 3588 2364 ἠδονῇ
3632 2296 3852 2365 ῥυπαρᾷ

581 2385 898 2449 coexsistat,
928 2394 985 2440 et
1009 2385 1296 2441 honestius
1317 2402 1439 2442 esse
1481 2387 1833 2443 statuendum
1879 2395 2000 2458 post
2029 2403 2166 2458 qua-

2267 2383 2652 2455 συνυπάρχειν,
2681 2385 2820 2455 μετά
2847 2383 2905 2438 δὲ
2947 2385 3049 2448 τὰς
3086 2385 3505 2458 τεσσαράκοντα
3532 2387 3633 2456 τῆς
3667 2387 3856 2455 συλλή-

582 2477 834 2548 draginta
854 2477 1242 2547 conceptionis
1280 2479 1403 2535 dies
1430 2479 1701 2535 insinuari
1736 2480 1915 2543 illam,
1955 2489 2166 2536 natura:

2263 2475 2411 2546 ψεως
2436 2477 2651 2548 ἡμέρας
2694 2475 3145 2548 ὲπεισκρίνεσθαι
3185 2476 3371 2546 λέγειν
3411 2477 3847 2548 εὐσχημονέστε-

582 2569 834 2639 opificem
860 2579 1047 2640 aperte
1075 2570 1398 2627 calumniari
1439 2573 1784 2637 videbimini,
1827 2573 2165 2646 argucmini-

2266 2585 2358 2640 ρον
2389 2569 2603 2623 οἴεσθαι
2630 2569 2768 2632 δεῖν,
2796 2568 2892 2624 τὸν
2919 2571 3021 2641 τῆς
3050 2569 3266 2638 φύσεως
3297 2569 3360 2641 δη
3369 2570 3643 2642 μιουργδν
3669 2569 3850 2638 σαφός

582 2679 692 2733 que
727 2663 874 2734 quod
921 2661 1261 2719 horrendum
1306 2665 1660 2736 blasphemia:
1703 2666 1888 2736 hujus,
1919 2683 2041 2737 qum
2071 2683 2168 2738 pa-

2263 2660 2582 2732 αἰτιώμενοι
2612 2659 2946 2732 φανήσεσθε,
2976 2663 3071 2716 καὶ
3108 2662 3198 2716 τὸν
3242 2661 3496 2716 ἐντεῦθεν
3529 2661 3636 2732 τῆς
3687 2662 3838 2732 βλασ-

584 2759 693 2812 lam
731 2766 850 2822 est,
887 2758 1196 2828 periculum
1251 2773 1360 2813 non
1407 2769 1615 2814 temere
1665 2759 1885 2814 subitis.
1931 2759 2067 2814 Nam
2117 2761 2162 2816 si

2263 2754 2476 2826 φημίας
2525 2753 2964 2824 ἀναφαινόμενον
3016 2755 3242 2819 εἰκότως
3279 2754 3584 2826 ὑπέχοντες
3625 2755 3847 2826 φοϐερὸν

583 2843 1000 2905 matrimonium
1024 2851 1230 2906 malum
1255 2859 1364 2915 est,
1391 2851 1531 2906 mala
1554 2860 1664 2918 est,
1690 2861 1751 2906 ut
1780 2861 2025 2922 apparet,
2069 2870 2166 2908 na-

2261 2847 2615 2918 δειχθήσεσθε
2645 2847 2913 2902 κίνδυνον.
2939 2847 3002 2900 Εἰ
3031 2847 3141 2918 γὰρ
3170 2847 3339 2911 κακὸς
3366 2849 3395 2902 ό
3417 2848 3630 2917 γάμος,
3661 2847 3840 2917 Enim-

582 2941 773 2998 turalis
800 2957 1023 3014 quoque
1050 2944 1453 3013 procreationis
1486 2944 1573 2999 lex
1598 2961 1612 2997 :
1635 2952 1688 2999 et
1721 2943 1766 2998 si
1799 2944 1941 2999 mala
1987 2955 2072 3001 est
2099 2961 2163 3002 ea

2261 2939 2354 2994 ότι
2403 2941 2497 2994 καὶ
2534 2940 2564 2992 ό
2593 2939 2738 2994 κατά
2773 2939 2938 3010 φύσιν
2967 2940 3070 3011 τῆς
3105 2938 3376 3008 γενέσεως
3422 2939 3597 3010 νόμος
3633 2956 3650 2971 °
3709 2941 3757 2992 εἰ
3793 2939 3846 2992 δὲ

579 3034 850 3090 naturalis
890 3035 1298 3105 procreationis
1331 3036 1442 3099 lex,
1492 3036 1658 3091 etiam
1689 3035 1735 3092 is
1773 3037 2032 3093 videlicet
2066 3037 2162 3109 qui

2262 3031 2436 3098 κακὸς
2463 3035 2495 3086 ό
2523 3031 2768 3096 τοιοῦτος
2797 3030 2900 3103 τῆς
2927 3030 3074 3086 κατὰ
3120 3029 3288 3101 φύσιν
3337 3032 3618 3100 γενέσεως
3662 3033 3842 3103 νόμος.

577 3133 830 3180 naturam
867 3125 1071 3190 eﬂ‘ecit,
1109 3142 1172 3182 ac
1209 3127 1382 3197 legem
1433 3126 1760 3197 procreandi
1795 3127 1847 3183 ei
1887 3127 2066 3195 dedit,
2106 3127 2162 3183 in

2260 3125 2290 3178 ὁ
2319 3123 2419 3196 τὴν
2456 3124 2619 3195 φύσιν
2672 3123 2917 3197 δηλονότι
2969 3123 3314 3196 πεποιηκὼς,
3375 3123 3476 3177 καὶ
3527 3124 3662 3189 δοὺς
3715 3126 3846 3193 αὐτῇ

577 3218 800 3273 malitiae
831 3218 978 3289 apud
1029 3234 1129 3274 vos
1167 3219 1378 3274 crimen
1429 3219 1556 3289 jure
1609 3219 1879 3275 incurret.
1929 3220 1997 3276 Et
2029 3220 2161 3291 quid

2262 3216 2427 3289 νόμον
2480 3217 2774 3286 γενέσεως,
2826 3216 3056 3280 δικαίως
3090 3215 3159 3270 ἀν
3181 3214 3307 3270 καθ’
3340 3217 3494 3288 ἡμᾶς
3527 3217 3847 3286 αἰτιαθήσε-

578 3310 905 3366 Μαηὶειιωοε
929 3319 987 3366 et
1037 3311 1404 3382 antiquiores,
1446 3313 1492 3367 si
1545 3312 1621 3367 ita
1657 3323 1779 3377 est,
1829 3313 2159 3368 aversamini

2260 3325 2372 3362 ται.
2396 3307 2507 3363 Καὶ
2535 3307 2592 3362 τί
2614 3307 2746 3372 τοὺς
2775 3306 2886 3362 ἀπὸ
2916 3306 3197 3371 Μάνεντος
3220 3308 3318 3361 καὶ
3357 3305 3491 3371 τοὺς
3539 3307 3655 3380 πρὸ
3685 3305 3845 3360 αὑτοῦ

578 3400 888 3466 hzereticos,
919 3411 1146 3473 propter
1183 3402 1325 3458 hanc
1359 3402 1599 3474 quodam
1635 3403 1819 3468 modo,
1848 3413 1906 3460 et
1941 3405 2158 3460 unicam

2260 3401 2597 3472 αἰρετικοὺς,
2644 3400 2854 3471 ταύτης
2877 3399 3041 3455 ἕνεκα
3087 3398 3294 3471 τρόπον
3346 3398 3476 3453 τινὰ
3526 3400 3630 3453 καὶ
3687 3399 3848 3470 μόνης

573 3508 796 3548 causam
817 3493 929 3550 duo
961 3494 1234 3565 principia
1266 3495 1669 3551 substituentes
1698 3496 1985 3568 Deumque
2037 3497 2160 3551 uni-

2259 3493 2358 3564 τῆς
2389 3493 2594 3561 αἰτίας,
2625 3493 2720 3548 δύο
2741 3492 2920 3566 ἀρχὰς
2951 3493 3462 3566 ὑποστησαμένους,
3491 3493 3596 3548 καὶ
3630 3494 3728 3548 τὸν
3764 3495 3849 3547 ἐπὶ

577 3600 862 3642 versarum
901 3602 1088 3642 rerum
1136 3587 1508 3658 abnegantes,
1552 3598 1843 3659 postquam
1878 3605 1977 3645 vos
2011 3589 2160 3660 ipsos

2258 3585 2478 3639 πάντων
2529 3584 2666 3640 Θεδν
2729 3585 3154 3659 ἀρνησαμένους·
3172 3625 3189 3648 ,
3237 3585 3738 3657 ἀποστρεφόμεθα,
3793 3586 3848 3639 τὸ

575 3677 722 3734 idem
743 3679 889 3751 quod
920 3679 1024 3746 illi,
1043 3680 1148 3736 etsi
1172 3696 1283 3737 non
1305 3697 1404 3752 per
1433 3681 1650 3747 eadem,
1687 3690 1931 3737 statuere
1956 3681 2157 3752 depre-

2256 3677 2390 3732 αὑτὺ
2413 3677 2695 3748 λέγοντας,
2724 3680 2774 3733 εἰ
2801 3679 2897 3733 καὶ
2931 3677 3007 3751 μὴ
3037 3678 3130 3732 διά
3160 3677 3270 3732 τῶν
3303 3677 3514 3744 αὐτῶν,
3567 3681 3670 3733 καὶ
3710 3679 3845 3748 ὑμᾶς

577 3771 890 3828 liendistis?
914 3772 1073 3840 Quod
1101 3773 1146 3829 si
1187 3774 1522 3846 liacpropter
1547 3775 1879 3831 coexsisterc
1906 3791 2008 3846 per
2023 3790 2159 3831 con-

2256 3769 2584 3842 εὑρηκότες;
2620 3772 2682 3824 Εἰ
2709 3771 2768 3824 δὲ
2795 3770 3002 3842 ταύτης
3026 3771 3192 3824 ἕνεκα
3215 3770 3318 3842 τῆς
3348 3771 3534 3835 αἰτίας
3566 3772 3846 3842 συνυπάρ-

572 3866 886 3935 ceptionem
927 3881 1055 3920 cum
1114 3883 1349 3938 corpore
1399 3867 1641 3923 animam
1706 3868 2036 3925 rationalem
2098 3877 2156 3924 et

2256 3880 2372 3934 χειν
2397 3863 2476 3934 τῷ
2506 3862 2719 3936 σώματι
2744 3863 2888 3918 κατά
2915 3864 3018 3936 τὴν
3049 3863 3314 3935 σύλληψιν
3350 3864 3453 3935 τὴν
3503 3863 3742 3934 λογικήν
3792 3881 3846 3916 τε

571 3957 1000 4016 intellectualem
1045 3961 1276 4031 pudoris
1324 3969 1476 4016 metu
1525 3961 1714 4018 dicere
1770 3962 2044 4034 rcfugitis,
2082 3978 2154 4018 ne

2257 3956 2350 4010 καὶ
2376 3957 2570 4028 νοερόω
2590 3958 2772 4030 ψυχὴν
2788 3958 2968 4028 λέγειν
2999 3958 3068 4012 δι’
3087 3958 3352 4030 αἰσχύνης
3381 3957 3677 4014 εὑλάδειαν
3705 3975 3847 4029 παρ-

574 4057 699 4116 post
748 4049 1114 4121 quadraginta
1161 4052 1387 4122 quidem
1446 4052 1587 4115 dies,
1635 4069 1738 4108 nec
1771 4063 1897 4123 post
1953 4069 2151 4109 novem

2257 4049 2494 4103 αιτείσοε
2538 4051 2678 4121 μηδὲ
2737 4049 2878 4121 μετά
2923 4050 3334 4122 τεσσαράκοντα
3391 4051 3649 4121 ἡμέρας,
3710 4053 3847 4121 μήτε

572 4139 918 4207 graviditatis
964 4157 1204 4206 menses,
1245 4158 1347 4198 nec
1380 4152 1506 4213 post
1533 4144 1704 4213 ipsam
1736 4154 1925 4213 partus
1948 4144 2153 4201 editio-

2257 4141 2398 4212 μετὰ
2425 4141 2518 4195 τὸν
2544 4143 2964 4212 ὲννεαμηνιατον
2986 4143 3089 4215 τῆς
3118 4142 3420 4214 κυοφορίας
3445 4143 3668 4216 χρόνον,
3707 4147 3846 4215 μήτε

575 4243 724 4292 nem,
784 4238 912 4284 ante
969 4231 1337 4302 quadraginta
1392 4233 1740 4304 purgationis
1771 4233 1892 4289 dies
1930 4243 2151 4305 partum

2257 4236 2364 4308 μὴν
2401 4235 2541 4306 μετά
2571 4235 2664 4291 τὸν
2691 4237 2872 4302 τόκον,
2905 4237 3013 4310 πρὸ
3048 4236 3160 4290 τῶν
3201 4243 3255 4308 μ’
3281 4237 3506 4308 ἡμερῶν
3530 4236 3632 4291 τοῦ
3673 4240 3847 4292 καθισ

575 4319 782 4376 habere
839 4323 1163 4379 rationalem
1205 4335 1374 4395 atque
1426 4325 1858 4382 intellectualem
1912 4326 2150 4382 animam

2256 4327 2454 4401 ρισμοῦ
2495 4327 2662 4396 φάναι
2698 4326 2999 4400 τολμήσετε
3048 4329 3111 4384 τὸ
3149 4330 3414 4401 γεννηθὲν
3437 4329 3588 4401 ἔχειν
3614 4333 3723 4404 τὴν
3757 4333 3846 4386 λο-

571 4409 758 4464 dicere
791 4411 1089 4469 audebitis.
1145 4415 1291 4470 Intra
1341 4415 1447 4472 hoc
1489 4417 1638 4472 enim
1665 4426 1886 4489 tempus
1932 4419 1999 4474 ad
2050 4420 2150 4476 Dei

2257 4422 2418 4491 γικήν
2442 4437 2502 4473 τε
2545 4421 2642 4474 καὶ
2688 4421 2884 4492 νοεράν
2937 4421 3142 4494 ψυχήν.
3190 4421 3264 4476 Οὑ
3305 4422 3416 4492 γὰρ
3466 4423 3740 4493 προσιτὸν
3772 4424 3847 4493 τῷ

574 4501 840 4570 templum
871 4503 1141 4561 accedere
1165 4505 1363 4562 infanti
1385 4523 1496 4563 non
1520 4508 1674 4574 licet,
1701 4509 1907 4581 quippe
1932 4511 2152 4583 impuro

2256 4515 2365 4584 ναῷ
2387 4514 2482 4567 τοῦ
2515 4512 2652 4567 Θεοῦ
2684 4513 2825 4578 τέως
2849 4514 2967 4568 ἐστὶ
2987 4514 3050 4568 τὸ
3072 4515 3288 4585 τεχθὲν,
3309 4514 3388 4578 ὡς
3420 4514 3745 4585 ἀκάθαρτον
3772 4517 3846 4584 τῷ

571 4593 879 4648 secundum
917 4596 1054 4668 legis
1102 4599 1467 4655 sanctionem.
1502 4600 1582 4656 Ita
1629 4602 1910 4672 reliquum
1955 4611 2044 4659 est
2091 4614 2149 4659 ut

2253 4607 2403 4678 νόμῳ
2438 4604 2834 4678 διοριζόμενον.
2869 4607 2958 4672 Ὦς
2981 4606 3174 4662 ιοιπδν
3207 4608 3372 4678 μέχρι
3399 4607 3500 4676 τῆς
3543 4606 3659 4660 τῶν
3697 4609 3843 4678 ἠμε-

570 4691 699 4739 ante
727 4684 848 4741 dies
894 4689 1237 4757 purgationis
1265 4692 1573 4762 completos
1604 4702 1796 4763 partus
1838 4710 1940 4750 nec
1973 4697 2147 4751 ratio-

570 4775 747 4798 “.m
803 4793 900 4798 μ,
1279 4783 1292 4798 .
1494 4783 1506 4795 .
1703 4785 1714 4798 .
1776 4785 1789 4798 .

2363 4722 2364 4735 ι
2405 4697 2500 4753 τοῦ
2540 4699 2885 4771 καθαρισμοῦ
2921 4699 3372 4772 συμπληρώσεως
3431 4701 3508 4769 μὴ
3561 4698 3716 4768 ἔχειν
3786 4701 3844 4753 τὸ
3951 4753 3953 4758 ,

569 4775 750 4831 nalem
801 4793 906 4833 nec
953 4779 1386 4837 intellectualem
1417 4783 1656 4839 animam
1703 4785 1908 4842 habere
1945 4802 2146 4843 secun-

2253 4791 2573 4861 τικτόμενον
2604 4790 2706 4862 τὴν
2735 4791 2969 4862 λογικήν
3001 4809 3064 4844 τε
3093 4791 3190 4844 καὶ
3236 4791 3430 4862 νοεράν
3471 4788 3656 4860 ψυχὴν
3693 4791 3843 4844 κατά

565 4865 699 4920 dum
733 4871 1235 4938 argumentationis
1268 4872 1716 4942 probabilitatem
1759 4878 1989 4946 putetis,
2024 4879 2146 4946 sed,

2253 4884 2343 4940 τὸν
2367 4885 2558 4939 εἰκότα
2591 4883 2754 4954 λόγον
2785 4884 3058 4950 ὑπονοεῖν,
3091 4882 3230 4938 ἀλλά
3261 4900 3429 4946 τινος,
3457 4881 3536 4946 ὡς
3577 4882 3721 4953 ἔφην
3754 4902 3843 4952 μισ

567 4968 629 5013 ιιι
672 4961 835 5029 paulo
862 4973 1026 5019 antea
1078 4964 1214 5032 dixi,
1275 4968 1482 5026 habere
1528 4971 1768 5027 animam
1805 4974 2025 5044 planus,
2051 4985 2149 5032 aut

2254 4977 2374 5050 κρῷ
2398 4978 2654 5051 πρόσθεν,
2682 4977 2852 5048 φυτοῦ
2875 4979 2909 5049 ἢ
2942 4976 3082 5042 ζώου
3115 4975 3315 5046 ἀλόγου
3345 4975 3452 5029 τῶν
3481 4977 3540 5029 ἐν
3560 4977 3678 5038 τοῖς
3713 4975 3840 5029 οὖσι

565 5049 906 5108 irrationalis
938 5055 1193 5113 animalis
1239 5060 1473 5133 alicujus
1527 5062 1598 5118 de
1652 5080 1885 5120 numero
1947 5082 2144 5122 eorum

2251 5049 2675 5142 διειλημμένων.
2714 5071 2778 5124 Ei
2833 5070 2891 5124 δὲ
2921 5069 3196 5140 πρόφασις
3233 5068 3422 5140 (233
3456 5067 3516 5140 α)
3565 5068 3700 5138 ὑμῖν
3743 5067 3837 5122 ω]

564 5155 909 5236 qtiae‘rerum
939 5157 1138 5205 natura
1167 5154 1611 5223 comprehendit.
1650 5156 1976 5228 Cuiusmodi
2021 5161 2144 5230 opi-

2249 5163 2493 5218 τοιούτου
2527 5163 2690 5234 λόγου
2722 5163 3031 5234 καθέστηκε
3055 5164 3117 5217 τὸ
3142 5165 3480 5236 γεγραφέναι
3522 5163 3616 5216 τὸν
3656 5163 3838 5232 μέγαν

567 5231 749 5287 nionis
804 5237 872 5328 si;
903 5238 1042 5296 forte
1091 5242 1220 5299 inde
1249 5247 1602 5304 occasionem
1637 5251 1957 5320 sumpsistis
1992 5254 2141 5323 quod

2248 5257 2510 5327 Μωῦσῆν,
2533 5231 2691 5320 δίκας
2723 5255 2798 5328 μὴ
2842 5231 3344 5311 ἀπαιτεῖσθαι-τὸν
3401 5254 3684 5326 πλήξαντα
3735 5257 3835 5326 τὴν

567 5337 798 5394 magnus
825 5326 1035 5399 Moyses
1068 5334 1291 5406 scripsit
1320 5338 1390 5392 ab
1417 5355 1487 5394 eo
1522 5355 1718 5410 poenas
1754 5357 1866 5397 non
1892 5357 2014 5398 esse
2049 5359 2142 5400 re-

2247 5326 2624 5419 xuopopoﬁoav
2649 5326 2914 5418 γυναῖκα,
2936 5348 3044 5420 πρὸ
3067 5348 3486 5420 τεσσαράκοντα
3503 5347 3747 5419 ’ἡμερῶν
3786 5351 3834 5402 εἰ

565 5416 830 5513 petendas
880 5422 976 5490 qui
1008 5426 1291 5494 gravidam
1329 5431 1620 5486 mulierem
1652 5434 1969 5502 cecidisset,
2017 5446 2148 5495 ante

2246 5416 2489 5512 συμϐαίη
2515 5441 2606 5496 διὰ
2642 5416 2745 5513 τῆς
2797 5416 3018 5512 πληγῆς
3066 5416 3256 5513 αὐτὴν-
3288 5439 3443 5512 παρά
3495 5416 3585 5494 τὸν
3632 5416 3834 5512 smptu

561 5509 928 5605 quadraginta
987 5515 1106 5573 dies
1155 5520 1200 5574 si
1245 5531 1475 5592 propter
1515 5526 1727 5597 plagam
1778 5529 2145 5602 embryon-in

2245 5509 2552 5588 ἀποθέσόαι
2595 5532 2659 5588 τὸ
2689 5509 2982 5605 ἔμϐρυον,
3014 5509 3205 5588 ἰστέον⁷
3235 5533 3312 5598 ὥς
3362 5509 3429 5586 οὑ
3480 5531 3582 5603 τὴν
3635 5509 3750 5595 εἰς’
3774 5532 3835 5584 τὺ

563 5597 741 5653 lucem
779 5603 992 5670 ederet,
1025 5608 1312 5666 sciendum
1357 5623 1445 5668 cst
1481 5617 1630 5685 quod
1680 5619 1902 5690 sapiens
1931 5597 2148 5695 Moyses

2243 5625 2406 5698 σῶμα
2425 5625 2552 5680 τότε
2584 5626 2686 5698 τῆς
2712 5597 2948 5697 λογικῆς
2969 5626 3151 5698 ψυχῆς
3168 5625 3464 5698 γινομένην
3491 5597 3698 5679 εἰσοὼν
3724 5625 3829 5695 ὲμ·

567 5704 691 5790 ηοῐιΔ
709 5693 991 5752 rationalis
1019 5699 1093 5754 ibi
1128 5703 1324 5759 anima:
1359 5705 1414 5760 in
1447 5723 1650 5778 corpus
1688 5693 2138 5783 ingressum,sed

2247 5693 2456 5790 φαίνων
2485 5722 2514 5774 ό
2541 5693 2705 5788 eoab;
2746 5693 3011 5789 Μωῡσῆς,
3044 5693 3306 5774 τὸν
3347 5693 3556 5786 τέλειον
3593 5718 3696 5772 τοῦ
3728 5693 3827 5771 κα-

568 5779 862 5850 perfcctam
881 5789 984 5845 sati
1011 5790 1390 5862 figurationem
1421 5798 1632 5857 absolvi
1661 5779 1806 5860 intra
1838 5804 1892 5862 id
1920 5779 2138 5874 tempus

2249 5779 3017 5882 ταϐλτῖθέντοξὲέεικονισμον
3041 5779 3443 5883 ἀπαρτίζεσθαι
3463 5811 3585 5868 τότε
3625 5811 3824 5884 δηλῶν,
