4026 6288
136 328 282 395 13H

1373 331 1888 392 AMBIGUORUM
1928 334 2178 396 LIBER.

3237 342 3374 410 1342

128 448 288 509 τέως
316 447 456 498 κατά
481 443 573 498 τὸν
596 443 885 515 πρόχειρον
914 441 1039 497 νοῦν
1064 442 1224 496 τοῦτο
1253 443 1517 515 γέγραφε.
1548 446 1588 497 Π
1598 461 1717 515 ροτ-

1841 448 2137 517 igmtteans
2156 459 2207 517 ιι,
2242 451 2464 507 interim
2497 453 2551 508 in
2583 454 2731 510 hunc
2760 471 2983 513 sensum
3012 459 3128 513 haec
3150 460 3392 530 scripse—

132 538 455 600 επιτούτοις
475 537 532 591 δέ
557 538 712 600 πᾶσι,
744 536 960 591 δέδοικα
994 535 1088 589 τὸν
1129 534 1370 589 τοιοῦτον
1427 537 1725 607 προσδέξα-

134 629 276 683 σθαι
304 630 483 697 λόγον,
518 630 716 701 μήπως
735 631 769 700 ή
800 628 897 683 τοῦ
926 628 1088 697 λόγου
1112 627 1233 681 καθ’
1259 628 1451 699 εἱρμὸν
1488 630 1721 700 προϐαί-

133 739 318 775 νουσα
346 722 499 787 τάξις
535 722 786 793 φοϐερῶν
826 723 1027 794 ποιήσῃ
1066 739 1133 793 με
1172 723 1397 786 δικαίως
1443 722 1722 793 ἐγκλημά·

133 830 259 866 των
291 812 613 875 ὑπεύθυνον,
647 815 785 884 ὅπερ
814 814 888 885 μὴ
916 814 1080 885 θέμις
1104 815 1280 868 εἰπεῖν
1337 814 1462 868 ὅσον
1515 815 1581 867 ἐκ
1624 814 1723 883 τῆς

137 904 475 968 ἀκολουθίας
501 906 597 959 τοῦ
626 904 786 974 λόγου
805 922 874 975 με
901 905 1197 977 βιαζομένῃ
1222 905 1316 959 τὸν
1344 904 1726 976 Κύριονὴμῶν

138 999 249 1050 καὶ
284 998 418 1051 Θεὸν
436 997 640 1067 λέγειν,
682 996 841 1069 εἴπερ
878 997 1093 1069 ἀληθῶς
1125 998 1248 1052 καθ’
1285 999 1435 1068 ἡμᾶς
1469 996 1723 1067 γενέσθαι

141 1089 494 1160 κατηξίωσεν
538 1090 827 1162 ἄνθρωπος
871 1092 1044 1162 χωρὶς
1074 1090 1372 1162 ἁμαρτίας,
1423 1088 1567 1144 κατά
1623 1091 1725 1158 τὴν

144 1181 420 1253 σύλληψιν
448 1182 653 1253 ἄψυχον
677 1183 770 1236 καὶ
800 1183 963 1237 ἄνουν
993 1182 1278 1254 ἄνθρωπον
1295 1182 1604 1253 γεγονέναι,
1637 1182 1732 1234 καί

143 1274 254 1337 τὰς
279 1275 687 1345 τεσσαράκοντα
721 1273 933 1344 ἡμέρας
972 1273 1150 1338 οὕτως
1189 1273 1381 1344 ἔχοντα
1422 1274 1732 1344 μεμενηκὲ-

146 1383 263 1430 ναι,
325 1365 436 1418 τῶν
498 1364 670 1433 ἀγίων
711 1365 969 1435 Πατέρων
1025 1364 1184 1435 ἡμῶν
1238 1364 1336 1418 καὶ
1393 1364 1733 1419 διδασκάλων

148 1457 459 1529 διαρρήδην
494 1455 762 1527 βοώντων,
795 1456 998 1527 μᾶλλον
1020 1455 1076 1510 δέ
1105 1456 1204 1527 τῆς
1229 1456 1298 1510 δι’
1323 1457 1504 1513 αὐτῶν
1541 1456 1732 1511 λαλού-

151 1566 262 1619 σης
286 1566 348 1602 τε
393 1548 491 1602 καὶ
526 1548 865 1620 λαλουμένης
886 1542 1191 1619 ⁴ἀληθείας,
1238 1549 1357 1621 ἅμα
1399 1551 1469 1620 τῇ
1523 1549 1734 1620 καθόδῳ

147 1640 254 1696 τοῦ
285 1640 421 1694 Θεοῦ
446 1641 619 1709 Λόγου
648 1641 796 1695 κατὰ
821 1641 919 1711 τὴν
949 1640 1212 1713 σύλληψιν
1237 1642 1488 1713 ἀχρόνως
1512 1641 1602 1696 διά
1638 1641 1734 1713 μὲ-

156 1750 266 1805 σης
297 1732 475 1804 ψυχῆς
504 1732 731 1802 λογικῆς
757 1734 1025 1805 ἐνωθῆναι
1060 1736 1227 1807 σαρκὶ
1263 1735 1354 1789 τδν
1391 1735 1593 1805 Κύριον
1634 1734 1733 1787 αύ-

155 1789 262 1880 τὸῖ
282 1789 541 1880 τίαΐόὲδν
572 1789 769 1894 λόγον,
796 1789 1007 1880 ἀλλ”οι
1035 1789 1328 1897 διάιμὲσης
1361 1789 1562 1898 σαρκὸς
1599 1825 1735 1895 eos.
1768 1789 1808 1848 θ

156 1932 261 1985 χου
316 1914 542 1985 λογικὴν
596 1914 776 1987 ψυχὴν
829 1915 1225 1987 προσδέξασθαι
1281 1916 1735 1986 προσγινομένην,

159 2012 262 2064 καὶ
283 2011 385 2064 οὐκ
413 2011 619 2082 ἄψυχον
654 2009 813 2081 σῶμα
841 2009 1120 2073 παντελῶς
1158 2006 1192 2076 ἦ
1225 2007 1386 2064 ἀνουν
1427 2006 1603 2079 ψυχὴν
1644 2008 1739 2061 καὶ

158 2102 359 2171 ἄλογον
387 2103 756 2173 ἀνειληφέναι,
778 2101 915 2157 ἀλλά
938 2102 1151 2156 τελείαν
1178 2100 1481 2165 άνελλιπῶς
1503 2101 1603 2171 τὴν
1640 2101 1739 2170 φύ-

159 2212 252 2251 σιν
270 2194 369 2267 τὴν
388 2196 453 2250 ἐκ
473 2195 652 2267 ψυχῆς
671 2194 896 2265 λογικῆς
922 2193 1040 2265 ἀμα
1067 2196 1162 2248 καὶ
1197 2194 1450 2265 σώματος
1482 2208 1738 2246 συνισταο

163 2289 339 2360 μένην
376 2288 553 2359 ἐαυτῷ
583 2288 704 2341 καθ’
744 2286 1045 2341 ὑπόστασιν
1090 2286 1345 2359 cperim;
1382 2285 1603 2339 ἐνῶσαι.
1648 2283 1741 2338 Διὸ

163 2380 407 2445 μάλιστα
464 2379 789 2451 περιέχομαι
833 2376 931 2432 τοῦ
981 2378 1081 2448 τῆς
1131 2376 1518 2450 συνυπάρξεως
1554 2375 1737 2447 λόγου.

157 2476 297 2538 τοὺς
329 2474 413 2545 ἐφ’
441 2474 677 2545 ἑκάτερα
703 2473 770 2527 δι’
797 2471 1045 2536 ἐναντίας
1071 2471 1230 2536 ⁸ὂντας
1271 2470 1519 2543 ἀλλήλοις
1556 2487 1615 2524 τε
1642 2470 1742 2525 καὶ

158 2570 233 2637 τῇ
255 2567 510 2637 μεσότητι
535 2564 827 2637 προσφυῶς
855 2564 1339 2636 ἀποπεμπόμενος,
1357 2563 1518 2618 αὑτὸν
1532 2562 1625 2618 τὸν
1643 2562 1743 2633 τῆς

162 2658 386 2727 φύσεως
414 2658 643 2730 ποιητὴν
678 2658 817 2729 ἔχων
847 2657 927 2729 τῷ
959 2656 1082 2712 καθ’
1116 2656 1309 2711 ἐαυτὸν
1338 2655 1622 2729 μυστηρίῳ
1645 2656 1742 2726 τῆς

162 2754 606 2824 ἐνσωματὼσεως
650 2752 747 2806 τοῦ
781 2752 1025 2807 τοιούτου
1073 2751 1234 2821 λόγου
1271 2750 1468 2822 (236
1510 2749 1562 2820 b)
1614 2764 1744 2803 συν-

163 2847 371 2918 ἡγορόν
388 2863 448 2900 τε
481 2845 576 2901 καὶ
617 2843 932 2899 διδάσκαλον
970 2842 1429 2915 ἀπαραλόγιστον,
1470 2840 1562 2895 τὸν
1588 2841 1744 2910 γενό-

168 2955 334 3008 μενον
375 2936 590 3008 ἀληθῶς
642 2936 950 3007 ἄνθρωπον,
1006 2935 1103 2991 καὶ
1163 2933 1262 3005 τὴν
1315 2932 1478 3005 φύσιν
1525 2932 1744 2998 τελείως

167 3032 404 3103 ἔχουσαν
430 3029 546 3101 ἀμα
573 3029 653 3099 τῷ
682 3024 823 3083 εἶναι
854 3029 998 3085 κατά
1031 3028 1132 3101 τὴν
1162 3028 1380 3098 γένεσιν
1415 3026 1745 3097 ὑφίστασθαι

1829 540 1919 595 rit.
1943 541 2021 596 Ad
2048 542 2162 598 haec
2192 559 2325 599 vero
2352 547 2535 600 omnia
2561 547 2724 602 talem
2742 549 3031 606 admittere
3062 556 3391 607 sententiam

1825 631 2143 700 reformido,
2181 652 2249 691 ne
2280 652 2387 707 qua
2419 642 2692 697 sermonis
2731 642 2877 698 serie
2912 645 3220 714 procedens
3255 646 3393 701 ordo

1827 721 2230 781 borrendorum
2264 743 2351 783 me
2379 731 2672 787 criminum
2712 734 2838 805 jure
2861 734 3160 790 obnoxium
3206 738 3390 802 faciat,

1827 817 2007 885 quoad
2059 833 2126 873 ex
2180 819 2573 891 disputationis
2632 826 3028 895 consequentia
3078 843 3164 882 me
3211 828 3394 884 dicere

1828 922 2028 980 cogens
2072 912 2363 967 Dominum
2392 925 2645 972 nostrum
2696 934 2761 973 ac
2785 919 2979 983 Deum,
3009 920 3154 988 quod
3188 921 3395 975 dixisse

1830 1000 1987 1056 nefas
2023 1012 2130 1067 est,
2168 1005 2440 1075 siquidem
2468 1023 2597 1062 vere
2634 1008 2701 1063 ad
2729 1025 2828 1065 nos
2853 1010 3019 1065 homo
3060 1011 3177 1065 ﬁeri
3206 1012 3399 1081 digna-

1833 1099 1923 1145 tus
1953 1099 2057 1158 est,
2096 1097 2306 1164 peccati
2337 1104 2521 1153 tamen
2551 1115 2765 1170 expers,
2791 1101 2897 1156 hoc
2921 1114 3006 1156 est
3037 1102 3243 1158 dixisse
3269 1120 3397 1157 eum

1830 1181 2285 1281 de‘conceptione
2312 1187 2671 1245 inanimatum
2683 1202 2739 1247 et
2759 1201 2944 1248 mente
2963 1207 3074 1248 non
3108 1194 3398 1265 praeditum

1832 1275 2112 1333 hominem
2145 1279 2403 1335 eﬂ'cctum
2453 1281 2642 1349 fuisse,
2676 1290 2735 1338 et
2760 1299 2860 1354 per
2885 1284 3249 1356 quadraginta
3280 1286 3400 1341 dies

1834 1366 1940 1422 hoc
1971 1377 2115 1424 statu
2164 1386 2565 1441 perseverasse,
2608 1390 2733 1430 cum
2773 1378 2950 1433 sancti
2984 1378 3177 1434 Patres
3226 1380 3397 1433 nostri

1833 1468 1996 1530 atque
2036 1460 2289 1517 doctores
2320 1462 2524 1521 diserte
2570 1467 2935 1533 conclament,
2986 1470 3098 1523 imo
3134 1470 3253 1540 ipsa
3300 1485 3401 1539 per

1832 1562 1931 1603 eos
1959 1547 2175 1606 Veritas
2208 1551 2439 1608 aﬂlrmet
2461 1561 2518 1609 et
2555 1555 2877 1625 atﬁrmetur,
2916 1559 3080 1613 simul
3122 1575 3249 1613 cum
3300 1559 3398 1615 Dei

1834 1636 2001 1694 Verbi
2053 1656 2154 1710 per
2205 1645 2622 1715 conceptionem
2681 1648 3043 1707 descensione
3108 1653 3292 1708 statim
3344 1661 3402 1708 et

1835 1730 1989 1785 nullo
2035 1739 2280 1803 tempore
2309 1735 2602 1808 interjecto
2628 1755 2729 1810 per
2773 1742 3011 1796 mediam
3040 1744 3279 1799 animam
3313 1761 3403 1800 ra-

1839 1820 2098 1878 tionalem
2132 1824 2425 1883 Dominum
2471 1829 2649 1900 ipsum
2683 1843 2740 1887 et
2769 1834 2943 1888 Deum
2986 1835 3227 1890 Verbum
3274 1852 3399 1891 cum

1836 1928 2000 1970 carne
2026 1915 2223 1983 coisse,
2264 1934 2376 1974 non
2407 1935 2539 1977 vero
2578 1938 2677 1992 per
2707 1924 2943 1979 mediam
2974 1942 3194 1982 carnem
3227 1928 3402 1983 inani—

1836 2015 2038 2062 matam
2071 2010 2311 2071 animam
2347 2012 2673 2070 rationalem
2701 2016 3065 2073 accedentem
3102 2022 3398 2090 recepisse,

1834 2107 1893 2153 et
1919 2114 2030 2154 non
2064 2099 2427 2157 inanimatam
2450 2119 2679 2174 prorsus
2710 2122 2913 2178 corpus
2936 2117 3030 2164 aut
3076 2112 3277 2165 mentis
3304 2128 3401 2167 ex-

1838 2199 2048 2260 pertem
2093 2192 2572 2266 irrationalemque
2627 2198 2866 2254 animam
2912 2201 3204 2273 adoptasse
3234 2243 3248 2268 ,
3302 2204 3400 2258 sed

1837 2281 2135 2352 perfectam
2178 2284 2338 2355 plene
2366 2297 2617 2344 naturam
2646 2305 2715 2345 ex
2743 2293 2923 2348 anima
2952 2295 3207 2350 rationali
3234 2295 3398 2350 simul

1837 2384 1894 2431 et
1918 2390 2152 2447 corpore
2171 2379 2564 2436 consistentem
2579 2382 2801 2439 sibimet
2822 2386 3127 2441 secundum
3152 2389 3408 2444 substan-

1840 2466 2273 2524 tiamineﬂ'abili
2302 2470 2543 2539 quodam
2600 2472 2765 2528 modo
2810 2474 3171 2531 coadunasse.
3207 2475 3408 2541 Quam-

1840 2559 2031 2616 obrem
2062 2561 2297 2617 maxime
2323 2563 2607 2633 amplexor
2639 2565 3043 2622 coexsistentiaz
3064 2567 3406 2638 opinionem,

1841 2660 2176 2723 exterasque
2213 2652 2270 2707 in
2303 2662 2594 2725 utramque
2635 2665 2847 2726 partem
2882 2658 3260 2729 divergentes,
3287 2676 3410 2730 qua!

1843 2755 1954 2802 tam
1989 2748 2099 2803 sibi
2139 2747 2374 2803 invicem
2403 2764 2569 2819 quam
2610 2749 2792 2805 medio
2822 2750 3115 2805 contraria—
3140 2760 3303 2815 sunt,
3342 2758 3404 2805 ut

1843 2848 2273 2896 consentaneum
2304 2848 2410 2907 est,
2443 2841 2642 2896 missas
2676 2840 2850 2905 facio,
2881 2851 2937 2896 et
2977 2841 3155 2912 ipsum
3198 2850 3410 2896 natura:

1843 2930 2203 2988 Conditorem
2258 2946 2361 2986 suo
2415 2931 2566 3003 quod
2618 2931 2723 2987 sibi
2786 2931 2952 2987 habet
3013 2932 3410 2988 incarnationis

1844 3024 2106 3097 mysterio
2128 3031 2421 3095 patronum
2448 3024 2616 3096 hujus
2647 3025 2923 3096 opinionis
2942 3034 3107 3095 atque
3128 3024 3409 3079 doctorem

164 3124 235 3176 δι’
294 3122 487 3177 ἑαυτοῦ
543 3121 1000 3194 βεϐαιωσάμενον,
1052 3120 1149 3175 καὶ
1197 3120 1366 3191 μόνην
1417 3117 1742 3190 καινοτομή-

1848 3118 2194 3174 infallibilem
2239 3116 2439 3201 habeo,
2473 3118 2569 3188 qui
2597 3134 2725 3173 vere
2750 3126 2834 3173 est
2860 3118 3024 3173 homo
3053 3116 3252 3182 factus,
3283 3116 3411 3187 qui-

170 3234 343 3271 σαιηα
390 3217 490 3287 τὴν
527 3214 879 3284 καινοτομίαν
934 3215 1034 3285 τῆς
1081 3212 1316 3283 φύσεως,
1356 3210 1500 3280 λέγω
1545 3210 1610 3282 δὴ
1643 3210 1741 3281 τὴν

164 3308 261 3363 διὰ
314 3309 523 3379 σπορᾶς
564 3305 824 3377 σύλληψιν
862 3305 956 3360 καὶ
985 3303 1202 3375 τὴν-διά
1232 3305 1439 3374 φθορᾶς
1466 3301 1742 3372 γέννησιν,

167 3398 354 3469 ἇσπερ
391 3399 622 3471 ἡφύσις
674 3398 811 3470 μετά
862 3397 962 3470 τὴν
1010 3395 1322 3470 παράϐασιν
1373 3394 1742 3462 ἐπεσπάσατο,

168 3492 272 3561 τῆς
302 3492 455 3557 θείας
481 3492 834 3547 ἀποπεσοῦσα
854 3493 949 3547 καὶ
970 3486 1352 3563 πνευματικῆς
1401 3491 1485 3554 είς
1537 3488 1743 3559 πλῆθος

168 3577 478 3648 αὐξήσεως,
508 3579 624 3633 ἀλλ’
649 3579 713 3633 οὐ
741 3580 832 3634 τὸν
881 3580 1039 3649 λόγον
1083 3578 1185 3649 τῆς
1239 3577 1455 3649 φύσεως
1508 3577 1628 3633 καθ’
1681 3579 1741 3633 ὃν

170 3669 294 3723 ἐστι
325 3687 385 3724 τε
417 3671 511 3725 καὶ
548 3670 794 3739 γίνεσθαι
824 3671 1070 3743 πέφυκεν
1104 3671 1221 3742 ἀμα
1247 3671 1327 3743 τῷ
1358 3667 1500 3725 εἶναι
1538 3673 1603 3727 ἐκ
1634 3672 1740 3743 ψυ-

170 3762 278 3831 Χῆς
302 3762 527 3833 λογικῆς
549 3762 887 3835 ὑφισταμένη
914 3764 1012 3818 καὶ
1037 3761 1311 3833 σώματος.

1844 3227 1952 3285 que
1987 3219 2261 3276 naturam,
2304 3196 2468 3266 simul
2500 3221 2664 3281 atque
2689 3226 2812 3266 esse
2836 3211 3061 3280 incepit.
3106 3209 3412 3266 secundum

1843 3304 2253 3378 generationem
2314 3302 2619 3359 subsistere
2666 3302 2912 3374 perfecte
2965 3302 3259 3357 habentem
3312 3316 3413 3373 per

1843 3397 2199 3469 semetipsum
2242 3395 2590 3453 conﬁrmavit
2622 3402 2679 3451 et
2720 3396 2901 3452 solum
2944 3403 3157 3451 natura:
3183 3395 3412 3449 innova-

1845 3491 2051 3547 tionem
2086 3488 2388 3556 inchoavit,
2415 3486 2833 3562 conceptionem
2867 3503 2965 3563 per
3003 3486 3295 3553 sationem,
3332 3486 3414 3543 in-

1845 3600 2011 3655 quam
2037 3624 2053 3650 ,
2112 3591 2280 3655 atque
2330 3585 2740 3656 generationem
2807 3600 2905 3656 per
2934 3584 3242 3647 interitum,
3279 3596 3415 3651 quas

1847 3687 2046 3734 natura
2084 3685 2212 3749 post
2236 3677 2733 3749 transgressionem
2757 3677 2864 3734 sibi
2894 3683 3264 3738 contraxerat,
3288 3688 3414 3729 cum

1847 3769 1918 3825 de
1948 3768 2138 3823 divino
2166 3766 2509 3837 etspirituali
2540 3766 2597 3822 in
2633 3765 3045 3822 multitudinem
3071 3765 3416 3820 incremento

168 3852 398 3922 delapsa
428 3862 594 3915 esset,
613 3852 710 3907 sed
771 3868 883 3908 non
919 3860 1131 3909 naturae
1189 3853 1481 3921 rationem,
1508 3859 1811 3914 secundum
1851 3874 2014 3931 quam
2043 3867 2101 3915 et
2135 3866 2222 3915 est
2251 3866 2309 3915 et
2349 3855 2468 3915 ﬁeri
2500 3866 2703 3930 potest,
2743 3858 2906 3914 simul
2936 3873 3062 3914 cum
3096 3855 3416 3911 exsistentia

168 3959 239 4000 ex
274 3943 528 3999 rationali
556 3943 738 3998 anima
764 3951 930 4014 atque
958 3958 1191 4015 corpore
1223 3944 1582 4018 suscepisset.

171 4125 317 4196 [rapi
356 4124 462 4181 τοῦ
507 4124 634 4192 πῶς
672 4126 1020 4195 καινοτομία
1057 4126 1281 4197 γίνεται
1320 4126 1444 4183 τῶν
1474 4146 1747 4186 καινοτο-

246 4218 560 4289 μουμένων
622 4217 981 4288 πραγμάτων
1053 4221 1366 4289 μενόντων
1441 4222 1749 4291 ἀτράκτων

243 4313 397 4366 κατὰ
432 4309 547 4379 τὴν
573 4312 786 4380 φύσιν.
944 4332 947 4335 ι

1851 4130 2120 4200 Quomodo
2149 4132 2419 4188 innovatio
2447 4131 2547 4202 ﬁat
2594 4132 2720 4185 dum
2762 4147 2845 4185 res
2882 4131 3197 4186 innovandw
3248 4131 3420 4201 ﬁrm

2218 4236 2417 4281 natura
2440 4242 2503 4280 ac
2531 4223 2743 4280 stabiles
2769 4232 3040 4278 maneant.

244 4428 406 4481 Πᾶσα
442 4426 550 4500 γὰρ
599 4425 830 4481 καθόλου
893 4428 1060 4497 φάναι
1102 4430 1422 4500 καινοτομία
1476 4432 1605 4503 περὶ
1654 4431 1742 4486 τὸν

1917 4425 2108 4483 Omnis
2136 4429 2360 4492 etenim,
2383 4437 2444 4483 ut
2468 4427 2722 4483 universe
2749 4427 2949 4489 dicam,
2978 4426 3255 4481 innovatio
3276 4425 3420 4480 circa

174 4519 380 4593 τρόπον
410 4517 508 4571 τοῦ
561 4518 1054 4589 καινοτομουμένου
1105 4520 1431 4590 πράγματος
1486 4521 1749 4591 πέφυκεν,

176 4611 298 4665 ἀλλ’
320 4610 382 4663 οὐ
416 4609 545 4681 περὶ
569 4608 659 4663 τὸν
695 4606 853 4677 λόγον
886 4609 986 4679 τῆς
1000 4600 1242 4679 ’φύσεως
1273 4609 1542 4678 γίνεσθαι,
1563 4610 1753 4682 διόπερ

175 4706 205 4758 ὁ
243 4703 342 4773 μὲν
369 4700 527 4769 λόγος
554 4698 1041 4771 καινοτομούμενος
1071 4700 1287 4772 φθείρει
1318 4699 1418 4772 τὴν
1438 4700 1620 4772 φύσιν.
1652 4702 1753 4756 οὐκ

176 4798 410 4867 ἔχουσαν
437 4794 534 4848 τὸν
571 4793 699 4847 καθ’
735 4794 795 4847 ὃν
822 4793 939 4846 ἐστι
965 4791 1124 4861 λόγον
1158 4793 1614 4865 ἁρᾳδιούργητον,
1643 4796 1673 4849 ό
1695 4794 1753 4848 δὲ

177 4890 381 4960 τρόπος
432 4886 925 4957 καινοτομούμενος
967 4885 1377 4955 φυλαττομένου
1416 4886 1619 4959 δηλαδὴ
1654 4885 1752 4942 τοῦ

179 4979 326 5034 κατὰ
356 4977 519 5048 φύσιν
545 4977 706 5046 λόγου
737 4977 1013 5049 θαύματος
1041 4976 1374 5032 ἐνδείκνυται
1400 4978 1652 5050 δύναμιν,
1678 4980 1755 5045 ὡς

179 5067 284 5139 τὴν
335 5068 501 5137 φύσιν
552 5068 955 5140 ἐνεργουμένην
990 5086 1050 5122 τε
1098 5071 1195 5121 καὶ
1223 5068 1556 5139 ἐνεργοῦσαν
1615 5071 1756 5143 ὑπὲρ

180 5159 276 5213 τὸν
309 5159 510 5229 ἐαυτῆς
542 5160 867 5223 ἀποδεικνὺς
920 5159 1164 5231 δηλονότι
1214 5159 1437 5231 θεσμόν.
1491 5162 1661 5231 Λόγος
1700 5162 1757 5215 δέ

183 5252 400 5321 φύσεως
430 5251 779 5323 ἀνθρωπίνης
803 5252 920 5305 ἐστὶ
946 5251 1009 5305 τὸ
1035 5250 1216 5322 ψυχὴν
1250 5253 1345 5307 καὶ
1385 5253 1545 5324 σῶμα
1570 5255 1663 5308 καὶ
1692 5255 1758 5308 ἐκ

182 5346 366 5416 ψυχῆς
391 5345 618 5416 λογικῆς
650 5340 794 5399 εἶναι
840 5343 938 5415 τὴν
981 5343 1145 5413 φύσιν
1178 5345 1275 5398 καὶ
1305 5344 1578 5416 σώματος,
1629 5345 1756 5416 τρό-

183 5454 291 5501 πος
335 5438 392 5491 δὲ
419 5439 453 5507 ἡ
489 5439 546 5490 ἐν
588 5437 668 5506 τῷ
716 5437 958 5508 ἐνεργεῖν
1006 5436 1101 5489 καὶ
1128 5436 1467 5506 ἐνεργεῖσθαι
1514 5436 1759 5504 φυσικῶς

184 5528 343 5593 τάξις
381 5529 549 5593 ἐστὶν,
598 5527 938 5600 ἀμειϐομένη
978 5544 1040 5581 τε
1079 5527 1340 5594 πολλάκις
1386 5530 1479 5583 καὶ
1514 5529 1759 5583 ἀλλοιου-

192 5621 465 5693 μένη,τὴν
495 5621 552 5677 δὲ
578 5621 741 5692 φύσιν
770 5622 937 5693 ἑαυτῇ
960 5620 1237 5685 παντελῶς
1250 5620 1309 5675 ού
1336 5620 1757 5693 συναμείϐουσα.

262 5790 289 5819 ³
319 5780 491 5835 Exod.
529 5776 636 5837 xxi.
676 5778 769 5835 22.

1852 4519 2073 4573 modum
2095 4520 2174 4573 rei
2207 4519 2549 4583 innovandze,
2570 4535 2679 4573 non
2714 4518 2864 4573 circa
2893 4518 3164 4571 rationem
3190 4526 3419 4580 natunc,

1853 4609 1968 4663 ﬁeri
2004 4616 2317 4677 comparata
2350 4614 2453 4671 est,
2507 4606 2636 4676 quia
2688 4606 2829 4659 ratio
2857 4605 3113 4658 innovata
3170 4613 3419 4657 naturam

1851 4699 2021 4764 laedit,
2053 4714 2175 4768 qua:
2208 4713 2329 4752 eam
2363 4696 2664 4752 secundum
2699 4710 2863 4764 quam
2896 4693 3111 4748 exsistit
3153 4693 3419 4746 rationem

1853 4805 1962 4845 non
1981 4796 2161 4844 teneat
2177 4787 2574 4849 intemeratam,
2595 4783 2790 4840 modus
2803 4798 2934 4839 vero
2952 4781 3319 4845 innovandus,
3340 4781 3414 4835 ita

1852 4883 2112 4939 nimirum
2137 4889 2199 4936 ut
2223 4880 2487 4936 naturalis
2507 4879 2648 4934 ratio
2667 4886 2938 4942 servetur,
2969 4875 3218 4931 miraculi
3237 4883 3422 4928 osten-

1852 4975 1935 5031 dit
1981 4975 2261 5037 virtutem,
2318 4986 2443 5026 cum
2493 4978 2746 5025 naturam
2800 4973 3105 5036 nempe.et
3145 4974 3319 5019 actam
3364 4970 3423 5017 et

1854 5076 2103 5141 agentem
2130 5066 2272 5120 ultra
2293 5079 2448 5120 suam
2492 5062 2666 5133 ipsius
2692 5060 2865 5130 legem
2898 5075 2964 5114 ac
3001 5073 3248 5113 normam
3287 5073 3420 5127 pro-

1855 5165 2089 5214 moveat.
2122 5157 2282 5211 Ratio
2304 5162 2487 5209 autem
2529 5152 2783 5207 humanae
2810 5157 3021 5204 natura:
3053 5154 3140 5203 est
3183 5147 3419 5201 animam

1854 5261 2126 5321 etcorpus
2146 5258 2202 5305 et
2230 5264 2297 5303 ex
2331 5246 2513 5302 anima
2543 5242 2796 5299 rationali
2819 5250 2877 5298 et
2902 5256 3137 5313 corpore
3165 5247 3419 5295 naturam

1856 5359 1997 5408 esse,
2018 5351 2209 5398 contra
2226 5340 2422 5395 modus
2436 5348 2520 5395 est
2541 5336 2679 5393 ordo
2696 5349 2806 5405 quo
2821 5334 2998 5406 agitur
3018 5332 3340 5388 naturaliter
3363 5339 3419 5386 et

1857 5434 1990 5506 agit,
2009 5432 2105 5504 qui
2132 5446 2507 5502 saepenumero
2527 5427 2760 5484 vertitur
2780 5434 2836 5481 et
2860 5426 3201 5487 immutatur,
3216 5421 3310 5476 sed
3334 5434 3421 5476 na-

1858 5536 2036 5582 turam
2054 5541 2161 5580 una
2181 5539 2305 5580 cum
2330 5521 2625 5593 semetipso
2648 5518 2872 5575 omnino
2883 5533 2992 5572 non
3008 5523 3201 5571 mutat.
3223 5513 3419 5579 Quem-
3520 5541 3527 5547 -

1859 5614 2151 5673 admodum
2190 5613 2354 5670 etiam
2404 5610 2460 5666 in
2498 5620 2824 5681 quacunque
2864 5619 2924 5661 re
2961 5601 3065 5657 alia
3101 5598 3216 5655 fieri
3257 5596 3419 5663 solet,
