4026 6288
634 335 772 404 1343

1789 334 1851 394 8.
1892 327 2179 393 MAXIMI
2215 325 2724 390 CONFESSORIS

3764 322 3898 387 ιειι

628 456 851 526 quando
872 455 1017 512 Dens
1044 453 1192 512 circa
1223 468 1378 509 suam
1391 451 1597 522 aliquid
1622 451 1995 508 conditionem
2023 449 2208 503 volue-

2312 445 2582 517 Καθάπερ
2633 446 2730 500 καὶ
2784 447 2872 499 ἐπ’
2917 443 3080 500 ἄλλου
3134 436 3332 505 παντδς
3381 439 3498 511 ἔχει
3531 438 3897 509 πράγματος,

629 550 701 602 rit
729 548 996 603 innovare
1025 545 1390 602 Providentia:
1417 546 1591 617 gratia
1627 559 1818 600 eorum
1847 543 2052 613 quibus
2077 557 2204 611 pro-

627 639 868 704 videtur,
885 638 1021 695 etad
1037 637 1521 694 demonstrandam
1543 651 1697 691 suam
1713 650 1836 705 qua:
1848 641 2044 688 cuncta
2063 646 2207 686 com-

627 730 997 802 prehenditac
1018 728 1559 801 permeatvirtntem.
1583 727 1660 780 Ita
1684 724 1932 795 profecto
1943 722 2205 776 virtutem

627 825 898 879 exhibens
927 823 1324 878 miraculorum
1350 820 1655 890 antiquitus
1677 826 1840 888 atque
1864 824 2205 873 ostentorum

629 915 1050 987 magniﬁcentiis
1081 916 1290 970 ratione
1315 911 1686 968 innovationis
1709 921 1794 967 est
1813 918 1965 975 usus,
1987 925 2112 966 cum
2136 909 2207 964 ad

630 1005 856 1061 alteram
884 1006 1010 1062 vitae
1038 1007 1276 1075 Speciem
1303 1005 1456 1074 juxta
1474 1003 1633 1057 istam
1665 1003 1721 1057 in
1745 1016 1910 1058 carne
1935 1009 1992 1056 et
2014 1000 2208 1056 interi-

631 1098 712 1152 tui
739 1097 1032 1152 obnoxiam
1050 1097 1270 1152 Henoch
1291 1104 1348 1151 et
1363 1095 1537 1150 Eliam
1556 1095 1750 1150 beatos
1778 1093 1926 1149 viros
1950 1093 2210 1149 transfer-

632 1197 718 1242 ret
734 1197 780 1250 °,
804 1203 913 1242 non
941 1188 1224 1242 immutata
1249 1203 1441 1242 eorum
1458 1196 1674 1252 natura,
1705 1187 1803 1242 sed
1827 1185 2209 1241 vicissitudine

633 1276 956 1332 instituendi
981 1277 1102 1348 ejus
1147 1275 1716 1346 administrandique;
1750 1291 1875 1332 cum
1905 1291 2104 1346 aquam
2139 1276 2207 1332 ad

631 1366 1063 1438 submergendos
1103 1367 1381 1438 improbos
1415 1369 1471 1422 in
1503 1376 1652 1424 terra
1695 1367 1946 1424 homines
1991 1369 2213 1439 quanti-

633 1468 744 1514 tate
775 1460 1126 1530 multiplicari
1147 1461 1370 1531 juberet
1391 1472 1452 1527 P;
1483 1477 1610 1516 cum
1652 1461 1708 1516 in
1729 1476 1857 1517 arca
1885 1461 2052 1517 simul
2081 1477 2208 1517 cum

632 1552 764 1607 feris
789 1553 1100 1623 agrestibus
1126 1554 1362 1624 primum
1391 1553 1629 1609 navitam
1657 1554 1772 1609 Noe
1805 1553 1974 1608 vitam
2011 1553 2210 1626 degere

633 1641 780 1696 haud
806 1642 1116 1698 infestatam
1147 1643 1552 1710 ostenderem;
1575 1659 1702 1698 cum
1733 1644 2010 1698 Abraham
2031 1653 2089 1699 et
2111 1644 2209 1699 Sa-

632 1751 747 1789 ram
802 1751 1028 1806 magnos
1053 1735 1140 1791 sui
1185 1735 1430 1792 cultores
1464 1744 1624 1805 partu
1669 1735 1970 1790 honoraret
2011 1747 2211 1806 praeter

577 1815 582 1819 ’
630 1835 848 1882 aetatem
873 1798 937 1882 ac
962 1825 1267 1898 legitimum
1302 1827 1472 1898 prolis
1499 1826 1748 1883 serenda:
1773 1828 2070 1883 terminum
2110 1843 2210 1883 na-
2244 1798 2285 1857 Β

634 1923 771 1972 turre
815 1933 881 1972 ac
937 1925 1154 1988 tempus
1172 1929 1218 1984 ’ς
1251 1933 1378 1974 cum
1421 1918 1870 1990 ignem‘desuper
1907 1919 2106 1975 cadere
2156 1919 2212 1975 in

632 2008 916 2064 hominum
953 2011 1252 2082 impiorum
1303 2011 1746 2068 submersionem
1795 2012 2015 2082 iuberet
2035 2023 2081 2079 ³,
2111 2030 2212 2070 ne-

631 2117 907 2172 quaquam
949 2113 1130 2158 tamen
1176 2117 1276 2173 per
1320 2103 1426 2158 hoc
1472 2103 1827 2159 imminutum
1876 2105 2088 2162 ratione
2115 2121 2213 2162 sua

630 2196 890 2261 naturali,
925 2211 1051 2251 cum
1089 2196 1214 2252 rubi
1271 2196 1452 2268 ignem
1493 2213 1605 2252 non
1633 2206 1887 2253 urentem
1931 2200 2078 2254 servi
2126 2201 2210 2255 sui

630 2286 938 2343 advocandi
959 2287 1131 2358 gratia
1159 2287 1491 2344 accenderet
1515 2290 1533 2324 ι
1560 2304 1728 2354 ;cum
1751 2304 1950 2358 aquam
1981 2289 2037 2343 in
2051 2288 2215 2362 Egy-

631 2386 726 2448 pto
787 2379 844 2434 in
893 2379 1182 2450 sanguinis
1233 2387 1473 2434 mutaret
1521 2379 1923 2449 qualitatem",
1959 2389 2212 2436 naturam

631 2483 788 2523 suam
824 2470 1053 2524 omnino
1100 2485 1212 2525 non
1247 2471 1636 2542 abnegantem,
1676 2472 1881 2543 quippe
1907 2489 2032 2543 quae
2063 2488 2211 2544 aqua

632 2569 884 2616 maneret
939 2563 1244 2618 secundum
1278 2574 1534 2620 naturam
1585 2568 1842 2637 quamvis
1885 2566 2211 2636 rubefacta,

631 2668 868 2722 cumque
893 2663 1091 2710 czetera
1121 2657 1384 2722 miracula
1412 2659 1503 2713 illa
1532 2667 1699 2729 atque
1727 2669 1942 2716 ostenta
1977 2661 2213 2732 perﬁce-

633 2756 737 2808 ret,
767 2755 828 2800 ut
851 2745 1106 2803 ﬁdelibus
1138 2763 1290 2819 spem
1330 2765 1362 2805 e
1399 2750 1807 2807 calamitatibus
1828 2753 2032 2823 quibus
2059 2755 2212 2812 obsi-

628 2835 907 2893 debantur
944 2840 1214 2896 evadendi
1233 2882 1249 2907 ,
1277 2841 1593 2900 inﬁdelibus
1625 2859 1758 2900 vero
1789 2860 2013 2902 sensum
2044 2847 2212 2902 casti-

628 2929 811 2999 gantis
834 2932 1054 2986 virtutis
1099 2947 1212 2989 suae
1257 2934 1550 3005 praeberet,
1595 2935 1662 2990 ad
1691 2937 2098 2994 dissolvendam
2119 2954 2214 2995 eo-

632 3035 756 3073 rum
813 3021 962 3077 circa
1013 3023 1185 3078 Deum
1235 3037 1344 3093 qua
1384 3025 1715 3080 tenebantur
1760 3026 2212 3094 indurationem,

632 3127 784 3169 mare
813 3114 964 3186 virga
1003 3115 1286 3171 dissecans
1307 3126 1473 3186 atque
1501 3133 1657 3187 aqua:
1685 3119 2079 3176 cohaerentiam
2117 3136 2214 3177 se-
2237 3147 2281 3205 ο

631 3220 856 3274 parans,
886 3207 961 3261 ita
985 3217 1047 3262 ut
1066 3211 1135 3263 de
1156 3208 1420 3279 peculiari
1445 3225 1548 3265 sua
1577 3218 1774 3266 natura
1801 3211 1947 3267 haud
1975 3211 2209 3284 degene~

632 3307 802 3364 raret,
831 3315 957 3356 cum
984 3301 1041 3356 in
1071 3310 1475 3372 transgressum
1497 3319 1690 3359 eorum
1717 3305 1812 3374 qui
1842 3313 2068 3377 propter
2089 3321 2210 3362 sese

632 3390 704 3444 ah
734 3391 973 3449 instante
999 3393 1158 3450 hoste
1193 3395 1606 3465 premebantur,
1646 3407 1765 3452 tum
1811 3397 1868 3452 in
1898 3399 2209 3469 repressiu-

632 3498 764 3538 nem
803 3501 996 3540 eorum
1038 3487 1132 3557 qui
1182 3487 1529 3544 nobilitatem
1567 3505 1632 3545 ac
1669 3490 1982 3547 libertatem
2027 3493 2210 3564 impu-

633 3577 831 3633 denter
868 3580 1364 3650 persequebantur,
1413 3597 1611 3653 aquam
1657 3583 1806 3656 ligno
1839 3585 2056 3641 dulcem
2084 3587 2210 3642 red-

633 3669 792 3732 dens.
821 3681 879 3727 et
906 3687 1104 3742 panem
1131 3674 1286 3728 nullo
1305 3685 1490 3731 aratro
1523 3684 1743 3746 partum
1767 3677 1988 3734 coalitus
2013 3680 2210 3750 pluens

634 3777 840 3817 novum
867 3774 1033 3835 atque
1071 3765 1436 3838 incognitum,
1469 3769 1747 3824 etavium
1793 3771 2209 3831 multitudinem

633 3858 1042 3914 esculentarum
1066 3861 1252 3916 subito
1277 3861 1346 3918 de
1380 3863 1518 3918 mari
1539 3863 1833 3928 ebulliens,
1866 3875 2021 3921 extra
2055 3875 2213 3923 natu-

636 3949 807 4004 ralem
848 3949 1190 4021 singulorum
1225 3968 1293 4008 ex
1315 3969 1374 4009 se
1404 3970 1515 4024 quo
1541 3955 1823 4012 cohaerent
1857 3956 2110 4012 ordinem
2145 3975 2209 4015 ac

635 4045 835 4098 seriem
877 4045 932 4099 in
975 4046 1232 4100 solatium
1267 4062 1458 4102 eorum
1501 4050 1594 4118 qui
1627 4049 1682 4103 in
1731 4050 1953 4106 deserto
1982 4053 2211 4108 aﬂlicta-

633 4134 858 4200 bantur,
891 4153 1046 4205 aqua:
1067 4148 1294 4193 matrem
1311 4155 1504 4194 saxum
1531 4141 1851 4207 ostendens,
1879 4143 1931 4198 in
1953 4144 2212 4201 obﬁrma-

637 4225 841 4280 tionem
876 4226 1000 4281 fidei
1029 4243 1223 4282 eorum
1243 4231 1336 4299 qui
1375 4231 1429 4284 in
1453 4231 1572 4286 acie
1597 4231 1825 4288 ordines
1854 4234 2206 4302 deserebant,

636 4316 839 4374 ﬂumen
869 4319 1170 4374 retundens
1216 4321 1270 4374 in
1309 4321 1515 4378 siccum
1559 4333 1959 4396 transgressum
1999 4329 2072 4398 pii
2106 4345 2208 4399 po-

637 4406 773 4475 puli,
823 4407 956 4462 solis
1018 4417 1184 4480 atque
1227 4412 1382 4487 luna:
1429 4429 1653 4470 cursum
1687 4415 1946 4473 inhibens
1978 4419 2209 4477 mirifice

2305 538 2471 607 ἡνίκα
2501 538 2744 592 καινίσαι
2779 555 2832 592 τι
2883 537 3012 609 περὶ
3049 536 3149 606 τὴν
3181 533 3381 588 ἑαυτοῦ
3436 533 3620 587 κτίσιν
3668 533 3706 584 ὁ
3763 532 3901 592 Θεὸς

2307 629 2544 702 βουληθῇ
2612 631 2871 703 προνοίας
2905 629 3094 682 ἐνεκεν
3138 626 3250 681 τῶν
3296 623 3767 701 προνοουμένων,
3810 624 3904 675 καὶ

2305 722 2588 787 ἐνδείξεως
2617 726 2718 794 τῆς
2752 723 2848 777 ἐπὶ
2875 721 3060 776 πάντα
3093 720 3189 774 καὶ
3212 718 3304 773 διὰ
3338 718 3564 771 πάντων
3588 715 3904 786 διηκούαης

2304 813 2613 886 δυνάμεως.
2644 815 2860 885 Ὠσπερ
2901 812 3092 884 ἀμέλει
3139 808 3591 882 παραδοξοτωιῶν
3615 810 3750 870 ταῖς
3783 807 3908 860 ἀνέ-

2307 907 2476 962 καθεν
2504 906 2613 962 τῶν
2641 906 2942 978 θαυμάτων
2969 922 3029 959 τε
3073 905 3171 958 καὶ
3215 902 3460 973 σημείων
3499 899 3906 971 μεγαλειότησι

2307 1002 2663 1072 καινοτομίας
2690 1001 2835 1072 λόγῳ
2860 999 3156 1068 πεποίηκε,
3187 996 3325 1066 πρὸς
3357 995 3546 1065 ἕτερον
3576 989 3726 1056 εἶδος
3755 993 3908 1060 ζωῆς

2309 1094 2465 1165 παρά
2494 1095 2558 1148 τὸ
2582 1095 2640 1148 ἐν
2670 1095 2836 1165 σαρκὶ
2865 1095 2934 1163 τῇ
2981 1090 3090 1146 ὑπὸ
3135 1089 3344 1160 φθοράν
3389 1087 3785 1158 μεταϐιϐάσας
3815 1085 3906 1137 τὸν

2321 1183 2492 1254 Ἐνῶχ
2509 1197 2570 1236 τε
2599 1181 2694 1237 καὶ
2722 1181 2814 1236 τὸν
2855 1179 3040 1235 Ἠλίαν
3090 1181 3217 1242 τοὺς
3266 1175 3600 1246 μακαρίους,
3656 1176 3721 1229 ού
3777 1173 3904 1228 κατ’

2305 1275 2593 1329 ἀλλοίωσιν
2624 1275 2861 1343 φύσεως,
2897 1271 3035 1328 ἀλλά
3071 1270 3215 1325 κατά
3249 1269 3446 1340 (237
3485 1269 3554 1337 α)
3607 1267 3900 1337 παραλλα-

2308 1367 2415 1437 γὴν
2433 1367 2536 1437 τῆς
2561 1366 2683 1420 κατ’
2705 1364 2877 1434 αὐτὴν
2899 1362 3127 1433 ἀγωγῆς
3149 1363 3246 1415 καὶ
3263 1361 3617 1432 διοικήσεως,
3637 1359 3791 1429 ὕδωρ
3822 1361 3898 1420 εἰς

2310 1456 2598 1512 ἐπίκλυσιν
2625 1457 2736 1510 τῶν
2779 1456 2873 1508 ἐπὶ
2921 1453 3027 1524 γῆς
3058 1451 3351 1524 μοχθηρῶν
3392 1449 3720 1522 ἀνθρώπων
3763 1447 3890 1502 καθ·

2315 1549 2478 1604 ιστῶν
2507 1549 2587 1620 τῷ
2637 1547 2792 1619 ποσῷ
2817 1545 3238 1608 πολλαπλάσιον,
3283 1545 3344 1598 ἐν
3383 1545 3452 1614 τῇ
3496 1541 3729 1612 κιϐωτῷ
3757 1539 3882 1609 μετά

2312 1640 2524 1712 θηρίων
2573 1640 2782 1711 ἀγρίων
2831 1639 3151 1708 ἀποφαίνων
3201 1638 3294 1692 τὸν
3345 1636 3571 1708 πριῖιτον
3631 1633 3890 1703 πλωτῆρα

2312 1730 2439 1784 Νῶε
2462 1729 2675 1784 δίαιταν
2710 1729 2857 1799 ἔχειν
2889 1729 3224 1798 ἀλύμαντον,
3259 1726 3520 1799 ’Δϐραάμ
3552 1725 3656 1779 καὶ
3681 1725 3891 1795 Σὰῥραν

2311 1823 2438 1885 τοὺς
2466 1821 2739 1894 μεγάλους
2767 1820 2935 1876 αὐτοῦ
2980 1821 3318 1892 θεράποντας
3347 1817 3511 1874 παιδὶ
3553 1817 3740 1888 τιμῶν
3767 1816 3891 1886 παρ’

2312 1912 2529 1984 ἡλικίαν
2587 1912 2683 1967 καὶ
2729 1912 2820 1968 τὸν
2879 1913 3266 1984 νενομισμένον
3339 1910 3484 1980 πρὸς
3546 1909 3892 1964 παιδοποιίαν

2312 2006 2440 2077 ὅρον
2487 2022 2548 2059 τε
2605 2005 2703 2059 καὶ
2739 2003 2932 2076 χρόνον
2959 2003 3064 2070 τῆς
3095 2002 3334 2072 φύσεως,
3371 2001 3488 2072 πῦρ
3539 2001 3645 2071 τὴν
3690 2001 3787 2054 ἐπὶ
3827 2001 3891 2051 τὲ

2313 2099 2465 2154 κάτω
2493 2097 2769 2153 ποιεῖσθαι
2801 2098 2976 2170 φορὰν
3017 2097 3100 2160 είς
3142 2095 3434 2150 ἐπίκλυσιν
3463 2092 3691 2148 ἀσεϐῶν
3716 2108 3886 2160 παρα-

2313 2191 2623 2260 σκευάζων,
2645 2191 2757 2246 οὐδ’
2786 2191 2923 2255 ὅλως
2949 2189 3044 2245 τοῦ
3072 2188 3216 2246 κατὰ
3242 2188 3410 2260 φύσιν
3435 2187 3603 2257 λόγου
3626 2186 3719 2240 διὰ
3739 2185 3891 2240 τοῦτο

2261 2301 2263 2303 ‘
2318 2284 2663 2357 μειούμενον,
2719 2283 2824 2354 τῆς
2855 2283 3022 2354 βάτου
3051 2279 3165 2352 πῦρ
3193 2279 3492 2344 ἀκαύστως
3523 2278 3784 2346 ἐξάπτων
3817 2276 3892 2338 εἰς

2311 2378 2414 2450 τὴν
2444 2377 2540 2432 τοῦ
2575 2371 2909 2450 θεράποντος
2941 2375 3305 2446 πρόσκλησιν,
3336 2372 3486 2446 ὕδωρ
3528 2372 3590 2426 ἐν
3630 2371 3894 2439 Αἰγύπτῳ

2313 2471 2453 2543 πρὸς
2484 2471 2720 2542 αἵματος
2755 2467 3115 2540 μεταϐάλλων
3147 2465 3432 2538 ποιότητα,
3464 2463 3568 2536 τὴν
3597 2463 3767 2532 ςύσιν
3798 2461 3890 2515 αύ-

2311 2564 2408 2620 τοῦ
2450 2563 2736 2626 παντελῶς
2778 2561 2854 2633 μὴ
2915 2563 3058 2633 ήρνη
3067 2559 3250 2632 μόνον,
3301 2559 3451 2630 ὕδωρ
3511 2558 3714 2627 μεῖναν
3757 2553 3893 2609 κατὰ

2312 2657 2478 2728 φύσιν
2530 2657 2634 2714 καὶ
2689 2655 2832 2728 μετά
2869 2653 2971 2726 τὴν
3011 2652 3263 2724 φοίνιξιν,
3325 2650 3424 2705 καὶ
3451 2650 3528 2703 τὰ
3581 2647 3743 2700 λοιπὰ
3779 2644 3888 2697 τῶν

2313 2755 2501 2807 ἐκεῖσε
2531 2751 2832 2822 θαυμάτων
2854 2767 2916 2805 τε
2953 2752 3052 2805 καὶ⁵
3077 2751 3326 2821 σημείων
3339 2743 3649 2804 ἐπιτελῶν,
3675 2741 3806 2812 πρὶς
3830 2740 3888 2791 τὸ

2310 2843 2495 2899 δοῦναι
2546 2845 2660 2908 τοῖς
2725 2845 2826 2916 μὲν
2877 2845 3094 2907 πιστοῖς
3147 2843 3261 2897 τῶν
3315 2841 3671 2912 κατεχόντων
3713 2835 3886 2891 δεινῶν

2312 2936 2630 3006 ἐλευθερίας
2655 2936 2868 3002 ἐλπίδα,
2896 2938 3014 3002 τοῖς
3050 2934 3303 2997 ἀπίστοις
3325 2933 3386 2988 δὲ
3414 2931 3782 2999 συναίσθησιν
3798 2930 3890 2997 τῆς

2313 3027 2653 3100 κολαζούσης
2723 3028 3032 3100 δυνάμεως,
3085 3028 3225 3100 πρὸς
3272 3027 3546 3083 ἀπόθεσιν
3614 3025 3720 3095 τῆς
3767 3039 3893 3077 κατ-

2313 3123 2547 3193 εχούσης
2563 3121 2762 3186 αὐτοὺς
2789 3122 2920 3193 περὶ
2947 3122 3012 3176 τὸ
3049 3120 3206 3174 Θείον
3245 3119 3592 3191 πυρώσεως,
3627 3118 3895 3173 θάλασααν

2315 3214 2529 3286 τέμνων
2552 3213 2734 3285 ῥάϐδῳ
2764 3214 2864 3267 καὶ
2896 3214 2960 3267 τὸ
3003 3213 3229 3283 συνεχὲς
3261 3211 3498 3267 διαλύων
3542 3210 3646 3264 τοῦ
3691 3209 3892 3272 ὕδατος,

2314 3307 2415 3377 τῆς
2434 3305 2642 3372 οἰκείας
2677 3307 2752 3377 μὴ
2789 3304 3145 3376 ἐξισταμένου
3179 3304 3418 3374 φύσεως,
3471 3303 3562 3367 είς
3587 3301 3768 3357 δίοδον
3805 3301 3894 3370 μὲν

2315 3398 2426 3454 τῶν
2445 3399 2514 3453 δι’
2547 3398 2714 3452 αὐτὸν
2740 3395 3114 3468 διωκομένων,
3155 3396 3361 3466 ἐποχήν
3390 3395 3451 3448 δέ
3491 3393 3612 3449 τῶν
3645 3394 3898 3454 ἀναιτίως

2315 3489 2624 3544 διωκόντων
2675 3487 2738 3542 τὸ
2769 3486 2994 3556 εὐγενὲς
3043 3487 3143 3540 καὶ
3191 3485 3503 3557 ἐλεύθερον,
3565 3484 3726 3555 ὕδωρ
3767 3483 3896 3551 ξύλῳ

2316 3582 2648 3651 γλυκαίνων,
2671 3580 2764 3634 καὶ
2790 3580 2956 3650 ἄρτον
2976 3579 3245 3650 ἀνήροτον
3283 3575 3589 3648 οὐρανόθεν
3613 3575 3736 3630 ὕων
3758 3573 3896 3641 ξένον

2317 3673 2412 3727 καὶ
2440 3673 2736 3742 ἄγνωστον,
2759 3672 2853 3724 καὶ
2873 3669 3080 3739 πλῆθος
3097 3669 3304 3742 ὀρνέων
3325 3668 3617 3737 ἐδωδίμων
3638 3667 3896 3736 ἐξαίφνης

2315 3766 2414 3835 τῆς
2449 3765 2722 3835 θαλάττης
2753 3763 3062 3835 ἐκϐράζων,
3091 3763 3264 3833 χωρὶς
3307 3761 3411 3832 τῆς
3452 3761 3604 3816 κατά
3647 3759 3820 3828 φύσιν
3849 3758 3898 3821 ἐξ

2315 3857 2560 3930 ἀλλήλων
2606 3857 2882 3928 διαδοχῆς,
2945 3848 3083 3928 πρὸς
3136 3853 3494 3926 παραμυθίαν
3553 3853 3672 3906 τῶν
3727 3854 3792 3906 ἐν
3841 3854 3895 3918 τῇ

2317 3953 2516 4024 ἐρήμῳ
2555 3949 3034 4015 κακοπαθούντων,
3070 3949 3266 4013 ὕδατος
3295 3946 3510 4018 μητέρα
3545 3945 3649 4016 τὴν
3693 3945 3898 4016 πέτραν

2316 4047 2664 4111 ἀποδεικνὺς,
2721 4045 2803 4109 είς
2877 4044 3171 4115 βεϐαίωσιν
3222 4045 3461 4104 πίστεως
3511 4041 3626 4094 τῶν
3682 4040 3752 4092 ὲν
3800 4041 3897 4099 τοῖς

2316 4139 2494 4208 ἀγῶσι
2517 4137 3066 4203 ςλειποτακτούντων,
3117 4133 3363 4204 ποταμὸν
3399 4131 3738 4188 ἀνακόπτων
3769 4131 3899 4201 πρὸς

2315 4233 2568 4289 διάϐασιν
2635 4231 2870 4302 ἄϐροχον
2925 4228 3058 4284 λαοῦ
3109 4226 3422 4290 θεοσεϐοῦς,
3477 4225 3637 4295 ήλίου
3685 4241 3754 4276 τε
3814 4225 3902 4275 καὶ

2319 4326 2547 4397 σελήνης
2599 4324 2798 4396 δρόμον
2848 4322 3064 4393 ἐπέχων
3095 4320 3373 4394 ἀκώλυτον
3412 4316 3768 4388 παραδόξως,
3804 4316 3901 4385 τὴν

2315 4419 2623 4490 ἀεικίνητον
2649 4416 2744 4471 τοῦ
2775 4415 3127 4486 περιέχοντος
3179 4413 3361 4484 (237
3385 4413 3450 4480 a)
3490 4410 3654 4478 :pa'aw
3687 4409 3902 4476 στήπς

635 4497 786 4554 nullo
810 4498 1094 4556 obstaculo
1123 4502 1468 4573 impeditum,
1503 4516 1561 4562 et
1583 4508 1784 4564 sistens
1799 4511 1928 4566 θεαιιί
1961 4520 2211 4568 naturam

2317 4507 2596 4579 ἀκίνητον,
2633 4507 2770 4579 πρὸς
2797 4504 3019 4577 ὄλεθρον
3048 4501 3280 4566 ἀσεϐοῦς
3314 4500 3634 4562 δυναστείας
3662 4498 3902 4568 ἀμαθῶς

634 4617 854 4672 semper
889 4605 1226 4662 immobilem
1260 4607 1400 4664 adeo
1431 4618 1494 4664 ut
1518 4609 1744 4666 immota
1776 4621 1966 4678 staret,
1995 4614 2051 4669 in
2082 4631 2213 4685 per-

631 4693 834 4751 niciem
875 4697 1055 4766 impiae
1081 4697 1475 4755 dominationis
1498 4742 1514 4767 ,
1563 4701 1676 4758 Deo
1712 4718 1810 4773 per
1849 4704 2214 4775 ignorantiam

632 4787 806 4842 aciem
836 4791 1196 4858 opponentis,
1237 4791 1403 4862 idque
1436 4808 1506 4848 ne
1549 4793 1704 4864 prius
1738 4797 1938 4851 ostenti
1966 4799 2214 4855 omnium

631 4878 808 4935 oculis
847 4879 1049 4951 objecti
1103 4881 1282 4937 virtus
1309 4893 1553 4939 0033aret
1580 4900 1746 4955 quam
1788 4887 2031 4956 perfecta
2069 4889 2216 4946 foret

633 4967 838 5035 clades,
873 4980 1036 5043 atque
1067 4980 1130 5028 ut
1166 4973 1222 5028 in
1258 4982 1545 5044 posterum
1573 4976 1892 5033 obtinerent
1912 4979 2209 5036 haeredita-

637 5073 744 5118 tem
774 5064 1048 5120 veraciter
1093 5065 1497 5122 annuntiatam.
1552 5067 1621 5123 Et
1671 5069 1884 5140 reliqua
1934 5080 2210 5143 quotquot

635 5153 781 5209 Deus
813 5165 921 5209 tam
955 5156 1013 5212 in
1047 5167 1192 5214 terra
1227 5161 1588 5230 possessiunis
1622 5177 1787 5232 quam
1823 5163 1879 5217 in
1902 5165 2118 5220 caeteris
2152 5165 2209 5221 in

635 5257 774 5311 quas
822 5244 987 5301 lsrael
1045 5256 1203 5303 vetns
1239 5249 1310 5304 ob
1359 5261 1580 5320 peccata
1612 5251 1895 5317 veniebat,
1955 5253 2209 5309 eﬂ‘eeisse

635 5341 914 5400 narratur,
941 5337 1085 5393 circa
1112 5339 1336 5394 modum
1367 5341 1611 5408 virtutis,
1660 5343 1756 5400 sed
1799 5360 1911 5400 non
1945 5344 2094 5400 circa
2122 5361 2208 5400 ra-

637 5423 844 5480 tionem
874 5431 1158 5485 exstantia;
1207 5431 1522 5489 innovando
1562 5445 1818 5492 naturam
1856 5452 2052 5493 eorum
2081 5453 2206 5508 qua:

635 5512 1062 5579 innovabantur,
1099 5517 1242 5573 Deus
1281 5519 1485 5577 eﬂecit.
1523 5523 1583 5578 In
1614 5525 1820 5594 quibus
1864 5526 2124 5582 omnibus
2149 5535 2210 5583 et

635 5613 762 5672 post
793 5620 916 5674 quae
955 5605 1112 5672 illud,
1146 5619 1371 5679 propter
1413 5613 1562 5681 quod
1593 5613 1711 5670 haec
1756 5624 1888 5672 sunt
1931 5618 2118 5674 omnia
2147 5626 2205 5673 et

2308 4598 2924 4672 ἀντιπαραταττομένης
2943 4595 3084 4666 Θεῷ,
3121 4597 3216 4650 καὶ
3244 4593 3376 4664 πρὶν
3404 4591 3546 4663 λάϐῃ
3580 4591 3763 4659 πέρας
3796 4590 3902 4641 τῶν

2307 4692 2604 4764 ὁρωμένων
2635 4693 2670 4763 ή
2697 4689 2950 4759 δύναμις,
2983 4688 3080 4743 καὶ
3128 4689 3210 4750 είς
3257 4683 3730 4754 κατάσχεσιντῆς
3761 4682 3899 4751 πὸρι

2312 4785 2486 4857 ρωθεν
2533 4783 2784 4852 ἀψευδῶς
2812 4780 3233 4852 ἐπηγγελμένης
3264 4775 3653 4848 κληρονομίας.
3685 4775 3810 4828 Καὶ
3837 4775 3900 4826 τὰ

2308 4877 2476 4933 λοιπά
2499 4879 2601 4932 ὅσα
2643 4877 2709 4948 δὴ
2737 4875 3100 4946 πεποιηκέναι
3133 4873 3374 4942 λέγεται,
3410 4871 3554 4924 κατά
3579 4886 3644 4922 τε
3666 4868 3773 4939 τὴν
3795 4867 3900 4936 γῆν

2312 4971 2413 5042 τῆς
2455 4968 2839 5040 κατασχέσεως
2894 4966 2993 5022 καὶ
3047 4965 3145 5028 τὰς
3194 4963 3388 5026 λοιπάς
3443 4963 3528 5026 είς
3585 4962 3717 5020 ὅσας
3764 4955 3898 5031 ἦλθε

2311 5065 2711 5137 παρανομήσας
2737 5063 2767 5116 ό
2812 5060 3044 5122 παλαιὸς
3082 5057 3324 5130 Ἰσραήλ,
3367 5057 3497 5128 περὶ
3555 5055 3646 5109 τὸν
3689 5055 3900 5124 τρόπον

2309 5155 2412 5226 τῆς
2439 5152 2745 5224 ἐνεργείας,
2766 5150 2881 5206 ἀλλ’
2907 5149 2968 5204 ού
2995 5149 3124 5220 περὶ
3155 5147 3247 5202 τὸν
3268 5146 3428 5216 λόγον
3457 5145 3561 5217 τῆς
3583 5145 3896 5215 ὑπάρξεως,

2311 5248 2412 5318 τὴν
2449 5244 2612 5316 φύσιν
2641 5243 3049 5312 κσινοτομήσας
3086 5238 3199 5293 τῶν
3242 5237 3758 5308 καινοτομηθέντων
3801 5253 3898 5289 πε-

2313 5339 2546 5411 ποίηκεν
2577 5337 2608 5390 ό
2645 5337 2799 5399 Θεός.
2859 5333 2995 5388 Μεθ’
3045 5326 3121 5387 ὧν
3161 5331 3421 5386 ἁπάντων
3455 5330 3553 5383 καὶ
3588 5329 3708 5400 μεθ’
3749 5328 3789 5382 ἀ
3839 5329 3897 5381 τὸ

2311 5432 2380 5487 δι’
2408 5432 2438 5486 ὃ
2463 5431 2644 5485 πάντα
2681 5429 2779 5483 καὶ
2828 5428 2896 5482 δι’
2944 5418 3007 5481 οὗ
3039 5426 3360 5480 καινότατον
3386 5423 3563 5487 ὅντως
3592 5423 3896 5493 μυστήριον

2313 5527 2412 5595 τῆς
2443 5523 2609 5580 αὑτοῦ
2639 5523 2871 5592 δι’ήμᾶς
2895 5517 3369 5590 ἐνανθρωπήσεως
3399 5516 3728 5580 ἐπιτελέσας
3765 5516 3892 5584 περὶ

2313 5617 2404 5670 τὸν
2451 5614 2673 5687 τρόπον,
2735 5613 2851 5668 ἀλλ’
2910 5611 2972 5666 οὐ
3021 5612 3153 5683 περὶ
3194 5609 3290 5665 τὸν
3344 5609 3530 5680 λόγον.
3579 5609 3679 5678 τὴν
3727 5609 3893 5678 φύσιν

705 5723 731 5751 ο
761 5718 829 5803 Π(
858 5719 1074 5803 lica-II,
1117 5721 1456 5803 lliGen._v,
1487 5725 1576 5803 2}.
1673 5736 1696 5775 ρ
1723 5728 1859 5803 Gen.
1897 5749 1945 5800 ν,
1977 5731 2198 5803 passim.

2347 5731 2481 5786 Gen.
2524 5745 2611 5795 vn,
2660 5727 2884 5798 passim.
2965 5737 2985 5765 τ
3024 5726 3159 5784 Gen.
3207 5740 3335 5793 xvn,
3389 5725 3471 5780 l7.
3556 5757 3578 5785 ,ι
3615 5721 3751 5780 Gen.
3783 5737 3890 5789 xu,

637 5784 728 5841 Ἡ.
815 5789 829 5824 ί
869 5784 1151 5858 Ειιόύρηι,
1191 5784 1244 5847 2.
1315 5805 1345 5833 ἰι
1384 5784 1555 5850 Εκοό.
1593 5811 1688 5862 vn,
1739 5799 1821 5853 l7.
