4026 6288
604 321 738 388 1347

1777 313 1837 372 S.
1879 309 2166 370 MAXIMI
2207 305 2719 370 CONFESSORIS

3725 321 3868 386 1368

599 435 853 492 deiﬁcam
894 442 1060 504 atque
1106 429 1350 486 divinam
1391 437 1449 484 et
1487 395 1907 482 immaterialem
1945 438 2178 495 genera-

2291 422 2514 477 Ἦντινα
2545 422 2794 477 θεοποιὺν
2826 424 2919 478 καὶ
2941 425 3094 481 θείαν
3133 431 3227 483 καὶ
3265 431 3428 486 ἀῦλον
3465 433 3744 505 γέννησιν,
3775 439 3868 490 δικ

602 530 807 584 tionem
837 541 963 583 cum
991 525 1205 597 primus
1225 523 1392 578 homo
1417 520 1771 583 deseruisset,
1792 517 1922 588 quia
1950 517 2032 571 eis
2059 530 2181 586 qua:

601 621 917 675 intellectus
971 625 1100 673 sunt
1146 624 1203 670 et
1251 614 1325 670 ob
1372 613 1662 669 oculorum
1719 611 1916 664 obtutu
1970 616 2180 662 remota

601 712 824 767 interim
875 711 1034 766 bonis
1081 707 1324 780 praetulit
1369 705 1687 762 sensibilcm
1739 703 2077 772 voluptatem
2125 708 2182 754 et

598 803 973 865 manifestam,
1011 799 1316 872 corporali,
1350 813 1473 869 qua:
1509 812 1620 851 non
1656 793 1834 850 nostri
1873 806 2072 863 nempe
2109 791 2183 848 sit

600 898 849 962 arbitrii,
887 912 952 951 ac
993 892 1266 950 materiali
1308 899 1366 946 et
1401 891 1515 945 fato
1555 886 1910 944 concedenda
1949 901 2180 957 genera—

602 991 749 1044 tione
773 989 1086 1052 damnatur,
1105 987 1256 1058 justo
1279 984 1374 1040 Dei
1396 983 1630 1055 judicio,
1654 980 1747 1052 qui
1775 990 1970 1051 sponte
1995 979 2182 1050 pejora

601 1081 911 1153 pnetulerit
955 1079 1306 1142 melioribus,
1356 1076 1410 1131 id
1458 1083 1544 1131 est
1591 1074 2001 1146 generationem
2053 1086 2181 1142 pas-

603 1175 746 1229 sioni
777 1173 1079 1244 subjectam
1108 1179 1165 1227 et
1195 1169 1451 1226 servilem
1481 1177 1538 1223 et
1566 1175 1837 1230 coactam,
1869 1165 1925 1219 in
1957 1163 2180 1219 modum

602 1267 901 1322 bestiarum
935 1275 1093 1320 teme
1122 1264 1414 1340 brutarum
1447 1269 1504 1316 et
1525 1259 1754 1331 pecudis
1779 1265 1964 1312 mente
1992 1271 2184 1310 caren-

603 1361 696 1420 tis,
731 1357 1035 1430 praetulerit
1077 1333 1322 1412 libertati
1367 1369 1432 1409 ac
1471 1349 1813 1424 generationi
1853 1366 1884 1406 a
1928 1348 2182 1420 passione

601 1453 790 1509 liberte
823 1458 880 1507 et
908 1449 994 1506 sui
1032 1447 1248 1504 arbitrii
1285 1455 1343 1502 et
1375 1453 1599 1509 sanctae,
1631 1449 1796 1512 atque
1834 1455 1934 1512 pro
1970 1439 2184 1494 honore

600 1562 725 1602 cum
763 1546 876 1600 Deo
917 1552 976 1599 et
1013 1542 1207 1598 divino
1255 1549 1314 1596 et
1354 1536 1622 1595 ineﬂabili
1665 1533 1903 1592 mercari
1941 1533 2184 1588 voluerit

601 1653 789 1709 parem
837 1651 965 1692 cum
1014 1632 1308 1690 insensatis
1353 1630 1548 1687 bestiis
1590 1637 1648 1685 et
1693 1627 2076 1683 inhonoratam
2126 1624 2183 1679 in

601 1729 892 1785 materiam
933 1725 1346 1798 relegationem.
1374 1723 1492 1790 Qua
1531 1720 1813 1777 hominem
1851 1719 2090 1775 liberare
2128 1724 2184 1772 et

2279 516 2342 569 τὸ
2391 519 2730 590 προτιμῆσαι
2788 523 2900 576 τῶν
2957 529 3267 598 νοουμένων
3313 532 3410 584 καὶ
3468 533 3686 604 ἀδήλων
3725 537 3870 597 τέως

2281 607 2503 678 ἀγαθῶν
2568 611 2629 666 τὸ
2682 616 2805 668 κατ’
2856 616 3110 687 αἴσθησιν
3158 622 3397 693 τερπνὸν
3437 625 3537 677 καὶ
3587 626 3868 696 ἐπίδηλον.

2283 701 2607 773 παραλιπὼν
2651 706 2681 760 6
2723 707 2942 779 πρῶτος
2971 713 3282 785 ἄνθρωπος,
3335 716 3436 790 τὴν
3476 720 3545 772 ἐκ
3594 722 3875 792 σωμάτων

2281 794 2507 860 εἰκότως
2575 797 2940 874 ἀπροαίρετον
3003 807 3098 859 καὶ
3155 807 3346 881 ὑλικὴν
3415 813 3513 865 καὶ
3598 813 3876 886 ἐπίκηρον

2282 889 2489 960 (238
2520 891 2589 961 ὁ)
2627 891 2774 962 ἔχειν
2803 897 3225 964 καταδικάζεται
3249 902 3528 975 γέννησιν,
3557 905 3724 969 ἀξίως
3758 909 3877 976 κρί-

2282 997 2472 1046 ναντος
2510 982 2605 1036 τοῦ
2664 985 2802 1040 Θεοῦ
2851 988 2945 1043 τὸν
2987 991 3251 1057 ἑκουσίως
3283 994 3395 1048 τῶν
3442 997 3776 1068 κρειττόνων
3805 1000 3874 1051 τὰ

2282 1073 2504 1145 χείρονα
2539 1076 2925 1148 προελόμενον,
2977 1081 3076 1154 τὴν
3135 1085 3360 1156 ἐμπαθῆ
3398 1088 3496 1141 καὶ
3544 1088 3739 1158 δούλην
3770 1092 3870 1143 καὶ

2283 1167 2842 1242 κατηναγκασμένην,
2871 1171 2992 1226 καθ’
3020 1173 3321 1247 ὁμοιότητα
3345 1177 3455 1231 τῶν
3482 1179 3580 1231 ἐπὶ
3616 1183 3722 1250 γῆς
3740 1181 3867 1235 ἀλδ-

2281 1275 2396 1328 γων
2427 1277 2487 1314 τε
2519 1263 2616 1315 καὶ
2637 1263 2882 1335 ἀνοήτων
2896 1261 3111 1338 κτηνῶν
3138 1267 3393 1339 γέννησιν
3414 1270 3520 1340 τῆς
3554 1271 3866 1343 ἐλευθερίας

2283 1353 2377 1406 καὶ
2399 1353 2645 1418 ἀπαθοῦς
2676 1356 2771 1408 καὶ
2819 1357 3149 1428 αύθαιρέτου
3195 1361 3288 1412 καὶ
3315 1360 3495 1431 ἁγνῆς
3542 1363 3862 1429 ἀνταλλάξαι

2281 1445 2610 1512 γεννήσεως,
2661 1447 2878 1518 καὶτῆς
2917 1447 3015 1502 σὺν
3049 1449 3168 1521 Θεῷ
3200 1452 3295 1505 καὶ
3323 1451 3478 1516 θείας
3509 1454 3610 1507 καὶ
3636 1456 3854 1510 ἀνεκλα-

2282 1535 2444 1606 λήτου
2477 1536 2650 1607 τιμῆς
2678 1535 2779 1608 τὴν
2835 1539 2976 1609 μετά
3012 1539 3121 1594 τῶν
3144 1541 3389 1614 ἀνοήτων
3424 1544 3655 1616 κτηνῶν
3679 1545 3849 1613 ἄτιμον

2283 1628 2592 1683 ἀντιλαϐεῖν
2621 1630 3130 1703 συμπαρενύλησιν.
3159 1626 3423 1699 Ἦστινος
3449 1637 3549 1688 τὸν
3587 1635 3857 1707 ἄνθρωπον

2285 1720 2650 1794 ἐλευθερῶσαι
2706 1722 2804 1778 καὶ
2854 1723 2992 1794 πρὸς
3029 1723 3130 1797 τὴν
3179 1723 3332 1779 θείαν
3363 1725 3674 1797 εὐκληρίαν
3707 1728 3858 1778 ἐπαν-

601 1822 669 1877 ad
711 1796 1106 1876 beatitudinem
1147 1817 1389 1872 divinam
1429 1813 1702 1870 reducere
1734 1811 1926 1867 volens
1966 1810 2181 1874 Sermo,

2291 1817 2515 1884 αγεγείν
2543 1813 2869 1886 βουλόμενος
2891 1817 2923 1870 6
2951 1816 3051 1888 τήν
3081 1796 3243 1886 φύσιν
3284 1818 3393 1872 τῶν
3421 1796 3734 1888 ἀνθρώπων
3766 1819 3857 1889 6r,-

604 1927 814 1970 natura!
855 1914 1110 1968 humanae
1147 1911 1365 1976 artifex,
1393 1910 1558 1964 homo
1596 1921 1664 1962 ex
1706 1903 2028 1961 hominibus
2055 1916 2186 1957 vere

603 2007 665 2063 ﬁt
694 2016 860 2078 atque
893 2015 1190 2078 generatur
1219 2001 1588 2074 corporaliter
1623 1999 1744 2058 sine
1782 2005 2012 2070 peccato
2052 2010 2186 2066 pro-

603 2111 727 2172 pter
754 2101 1055 2160 hominem.
1087 2106 1144 2154 et
1174 2098 1510 2167 baptizatur,
1541 2101 1739 2166 sponte
1768 2089 1996 2148 subiens
2022 2103 2186 2159 gene-

605 2195 874 2250 rationem
927 2208 1028 2264 pro
1081 2191 1242 2247 nobis
1298 2190 1354 2246 in
1403 2189 1761 2259 adoptionem
1811 2181 2184 2256 spiritualem,

603 2285 975 2342 essentialiter
1000 2285 1147 2340 Deus
1173 2290 1232 2339 et
1255 2282 1354 2338 Dei
1382 2281 1688 2338 secundum
1715 2286 1971 2334 naturam
1993 2273 2186 2340 Filius,

608 2389 668 2433 ut
690 2378 996 2433 intlrmaret
1018 2375 1366 2446 corporalem
1393 2372 1828 2445 generationem.
1851 2369 1994 2425 Cum
2018 2367 2192 2440 igitur

605 2468 701 2538 qui
735 2483 838 2523 nos
872 2467 1024 2530 fecit,
1056 2466 1265 2537 quique
1300 2465 1456 2520 solus
1494 2464 1642 2520 Patri
1679 2478 1805 2518 cum
1847 2461 2056 2534 Spiritu
2091 2477 2190 2532 par

606 2570 696 2616 est
715 2569 772 2614 et
795 2558 1000 2614 deitate
1028 2566 1086 2614 et
1110 2557 1282 2630 gloria
1313 2556 1486 2613 Filius
1512 2564 1570 2612 et
1600 2556 1814 2622 Sermo,
1839 2563 2065 2626 propter
2090 2569 2188 2612 nos

608 2650 753 2722 apud
797 2665 898 2705 nos
939 2664 1006 2705 ex
1043 2649 1206 2704 nobis
1239 2663 1372 2704 vere
1410 2647 1576 2704 homo
1616 2647 1708 2713 lit,
1739 2656 1796 2704 et
1831 2645 2190 2717 corporaliter

610 2744 856 2799 nascitur
880 2743 999 2798 sine
1026 2749 1274 2814 peccato,
1297 2751 1355 2797 et
1375 2739 1788 2812 generationem
1819 2739 1888 2796 de
1914 2737 2190 2809 baptismo

610 2838 664 2893 in
707 2838 1063 2909 adoptionem
1105 2837 1449 2908 spiritualem
1493 2852 1596 2908 pro
1637 2835 1802 2892 nobis
1842 2834 2206 2891 subeundam,

609 2931 854 3002 suscepit
899 2930 1227 2986 naturaliter
1274 2929 1453 2994 Deus,
1497 2929 1706 2985 idcirco
1753 2943 1881 2984 cum
1931 2928 2187 2984 incarna-

611 3021 781 3085 tione,
812 3029 872 3074 ut
906 3020 1040 3076 mihi
1073 3019 1320 3085 videtur,
1349 3019 1614 3091 magister
1641 3017 1930 3090 conjunxit
1958 3032 2193 3089 genera-

2288 1907 2626 1980 μιουργήσας
2649 1907 2842 1978 Λόγος,
2872 1908 3158 1980 ἄνθρωπος
3201 1909 3262 1976 ἐξ
3305 1910 3625 1984 ἀνθρώπων
3656 1911 3862 1982 ἀληθῶς

2285 2001 2499 2070 γίνεταί
2528 2018 2588 2055 τε
2626 2003 2722 2057 καὶ
2751 2004 3013 2072 γεννᾶται
3040 2004 3369 2076 σωματικῶς
3391 2006 3574 2078 χωρὶς
3594 2005 3861 2076 ἁμαρτίας

2285 2093 2374 2148 διὰ
2399 2093 2492 2149 τὸν
2520 2095 2832 2164 ἄνθρωπον,
2855 2097 2950 2150 καὶ
2981 2096 3322 2168 βαπτίζεται,
3355 2099 3457 2169 τὴν
3486 2101 3574 2163 είς
3599 2098 3862 2152 υἱοθεσίαν

2287 2189 2670 2263 πνευματικήν
2729 2189 2874 2259 ὑπὲρ
2942 2192 3100 2263 ήμῶν
3162 2193 3424 2256 ἑκουσίως
3492 2193 3862 2264 ὑπερχόμενος

2286 2281 2562 2353 γέννησιν,
2595 2285 2625 2338 6
2654 2283 2777 2338 κατ’
2805 2285 2996 2340 οὐσίαν
3030 2284 3164 2349 Θεὸς
3190 2285 3286 2339 καὶ
3326 2283 3466 2338 Θεοῦ
3512 2287 3662 2340 κατά
3705 2286 3865 2354 φύσιν

2289 2373 2438 2439 Υίὺς,
2493 2375 2575 2440 είς
2611 2375 2876 2447 ἀθέτησιν
2920 2378 3020 2448 τῆς
3068 2376 3133 2431 lx
3193 2375 3465 2446 σωμάτων
3532 2377 3861 2446 γεννήσεως.

2301 2465 2516 2540 Ἐπειδὴ
2542 2467 2724 2522 τοίνυν
2753 2468 2822 2522 δι’
2851 2469 2998 2538 ἡμᾶς
3039 2468 3072 2522 6
3109 2467 3342 2538 ποιήσας
3373 2469 3526 2539 ήμᾶς
3572 2468 3670 2522 καὶ
3710 2469 3863 2537 μόνος

2287 2558 2366 2629 τῷ
2399 2561 2576 2633 Ilath
2603 2561 2742 2631 μετά
2769 2563 2867 2616 τοῦ
2899 2559 3215 2632 Πνεύματος
3238 2561 3470 2633 δμόθεος
3489 2562 3589 2616 καὶ
3612 2562 3862 2632 ὁμόδοξος

2288 2649 2416 2715 Υἱὸς
2443 2649 2538 2706 καὶ
2569 2651 2744 2722 Λόγος
2789 2651 2915 2707 καθ’
2947 2653 3097 2724 ἡμᾶς
3124 2651 3184 2719 ἐξ
3213 2651 3375 2724 ήμῶν
3398 2652 3624 2725 ἀληθῶς
3652 2653 3860 2724 ἀνθρω-

2288 2757 2390 2804 πος
2413 2741 2644 2811 γίνεται,
2687 2741 2783 2797 καὶ
2816 2741 3146 2814 σωματικῶς
3193 2744 3452 2812 γεννᾶται
3483 2743 3656 2815 χωρὶς
3682 2744 3861 2814 ἀμαρ-

2287 2827 2429 2895 τίας,
2461 2830 2557 2884 καὶ
2584 2832 2685 2902 τὴν
2705 2833 2772 2885 ὲκ
2795 2829 3174 2903 βαπτίσματος
3200 2833 3281 2896 είς
3309 2831 3587 2886 υἱοθεσίαν
3616 2847 3860 2901 πνευμα-

2289 2919 2446 2992 τικὴν
2474 2921 2616 2993 ὑπὲρ
2643 2921 2803 2993 ήμῶν
2842 2922 3098 2976 ὑπελθεῖν
3145 2922 3505 2994 καταδέχεται
3552 2922 3811 2992 γέννησιν
3837 2925 3865 2976 6

2291 3013 2453 3082 φύσει
2475 3013 2630 3078 Θεὸς,
2662 3014 2751 3069 διὰ
2775 3014 2933 3069 τοῦτο
2964 3015 3168 3087 συνῆψε
3211 3018 3279 3088 τῇ
3328 3014 3628 3088 σαρκώσει,
3681 3015 3864 3077 καθὼς

613 3113 819 3167 tionem
855 3129 923 3167 ex
955 3111 1250 3182 baptismo,
1283 3120 1344 3166 ut
1375 3111 1480 3167 hoc
1510 3109 1855 3167 inﬁrmandas
1881 3109 2190 3182 expiandae-

2292 3102 2465 3176 οἶμαι,
2500 3106 2596 3177 τὴν
2628 3107 2695 3160 ἐκ
2725 3105 3105 3178 βαπτίσματος
3157 3107 3414 3178 γέννησιν
3454 3107 3486 3160 6
3516 3105 3866 3170 διδάσκαλος.

610 3221 720 3275 que
750 3204 1052 3276 corporalis
1086 3204 1464 3276 generationis
1495 3204 1672 3276 gratia
1705 3203 1910 3260 factum
1943 3219 2066 3259 esse
2103 3203 2186 3258 in-

614 3298 957 3368 terpreteris.
988 3298 1123 3354 Nam
1158 3297 1304 3368 quod
1339 3297 1511 3353 Adam
1551 3295 1988 3368 (generationem
2020 3294 2187 3366 spiri-

613 3388 817 3442 tualem
846 3387 900 3442 in
926 3387 1360 3454 deiﬁcationem,
1388 3388 1645 3460 inquam)
1679 3396 1876 3459 sponte
1907 3386 2189 3450 deseruit.

615 3491 676 3535 nt
707 3481 982 3552 corporali
1018 3482 1076 3538 in
1108 3472 1395 3538 interitum
1425 3483 1782 3554 generatione
1811 3481 2187 3548 damnaretur,

616 3573 720 3627 hoc
763 3582 958 3643 sponte
996 3589 1117 3640 sua,
1149 3583 1212 3629 ut
1251 3574 1431 3631 bonus
1471 3583 1530 3631 et
1564 3575 1851 3631 hominum
1890 3589 2101 3639 amans,
2135 3573 2190 3628 in

615 3677 807 3737 nostro
839 3669 994 3738 lapsu
1027 3667 1195 3724 homo
1224 3667 1426 3734 factus,
1447 3684 1618 3740 seque
1653 3669 1834 3740 ipsum
1867 3682 1994 3723 cum
2031 3666 2191 3722 nobis

615 3758 824 3827 pariter
845 3757 1240 3825 condemnans,
1255 3759 1352 3829 qui
1378 3759 1532 3815 solus
1553 3759 1694 3814 liber
1712 3768 1772 3816 et
1794 3758 1916 3816 sine
1938 3767 2189 3829 peccato,

615 3861 673 3905 et
691 3851 1034 3921 corporalem
1057 3851 1468 3922 generationem
1489 3851 1836 3908 subeundam
1859 3850 2186 3921 suscipiens,

620 3943 676 3997 in
712 3958 820 4013 qua
859 3941 1336 3998 condemnationis
1377 3950 1587 3999 nostra:
1623 3943 1804 3998 adhuc
1838 3942 1924 3997 vis
1962 3941 2189 4006 inesset,

620 4035 964 4105 spiritualem
997 4036 1228 4108 mystice
1261 4036 1674 4106 generationem
1710 4036 2002 4107 reparavit,
2030 4043 2192 4105 atque

618 4127 814 4182 solutis
845 4127 1214 4197 generationis
1245 4128 1550 4196 corporalis
1583 4143 1683 4197 pro
1715 4125 1876 4180 nobis
1911 4125 1965 4180 in
1995 4133 2194 4181 semct-

622 4217 742 4286 ipso
773 4217 1010 4272 vinculis
1043 4235 1142 4287 per
1174 4217 1518 4287 spiritualem
1549 4217 1848 4272 voluntatis
1881 4219 2192 4288 generatio-

621 4323 747 4362 nem
781 4307 973 4372 nobis,
999 4307 1092 4378 qui
1128 4307 1410 4364 credimus
1447 4307 1502 4363 in
1535 4308 1656 4379 ejus
1685 4321 1918 4373 nomen,
1951 4315 2194 4379 potesta-

625 4410 733 4455 tem
765 4399 919 4455 dedit
944 4408 1006 4455 ut
1033 4401 1129 4456 Dei
1158 4399 1256 4456 lilii
1286 4417 1389 4472 pro
1418 4400 1602 4456 carnis
1629 4415 1694 4456 ac
1722 4401 2006 4472 sanguinis
2036 4399 2195 4456 tiere-

2289 3198 2366 3262 ὠς
2388 3199 2466 3262 εἰς
2492 3199 2750 3271 ἀθέτησιν
2774 3200 2871 3255 καὶ
2902 3199 3059 3255 λύσιν
3096 3198 3198 3269 τῆς
3241 3199 3309 3254 ἐκ
3344 3199 3614 3269 σωμάτων
3645 3200 3866 3267 ἐπινοη-

2291 3289 2449 3361 θῆναι
2478 3291 2806 3364 γεννήσεως.
2841 3292 3022 3365 Ὅπερ
3050 3291 3160 3363 γὰρ
3189 3293 3218 3346 6
3253 3292 3426 3362 ’Δδὰμ
3468 3291 3646 3362 (λέγω
3669 3291 3731 3345 δὲ
3772 3292 3867 3361 τὴν

2289 3384 2368 3447 είς
2395 3381 2592 3436 θέωσιν
2621 3385 2686 3436 ὲκ
2709 3381 3020 3454 πνεύματος
3057 3382 3346 3454 γέννησιν)
3383 3382 3650 3446 ἑκουσίως
3684 3401 3867 3452 παραυ

2289 3473 2463 3529 λιπὼν
2491 3474 2786 3544 γεννᾶσθαι
2829 3475 3159 3547 σωματικῶς
3193 3478 3276 3542 είς
3305 3476 3515 3550 φθορὰν
3538 3476 3867 3546 κατεκρίθη.

2289 3568 2447 3623 τοῦτο
2467 3570 2608 3626 κατά
2640 3569 2865 3642 θέλησιν
2902 3570 2980 3636 ὡς
3017 3571 3222 3639 ἀγαθὸς
3264 3572 3360 3626 καὶ
3393 3571 3783 3643 φιλάνθρωπος
3816 3572 3868 3622 ἑν

2287 3659 2368 3732 τῷ
2418 3659 2578 3731 ήμῶν
2621 3659 3034 3734 παραπτώματι
3065 3663 3358 3734 γενόμενος
3405 3661 3716 3733 ἄνθρωπος,
3776 3661 3869 3714 καὶ

2292 3756 2731 3827 συγκατακρίνας
2754 3758 2886 3829 ἡμῖν
2909 3758 3101 3812 ἑαυτὸν
3125 3757 3411 3823 ἑκουσίως,
3453 3758 3484 3812 6
3521 3757 3683 3828 μόνος
3711 3754 3868 3809 ἐλεύ-

2296 3849 2454 3919 θερος
2505 3849 2600 3903 καὶ
2626 3849 3035 3922 ἀναμάρτητος,
3071 3849 3167 3904 καὶ
3191 3849 3292 3920 τὴν
3321 3849 3387 3902 έκ
3427 3848 3699 3919 σωμάτων
3748 3863 3871 3915 γεν-

2295 3941 2480 4013 (239
2516 3942 2572 4010 α)
2603 3942 2836 4014 νηθῆναι
2865 3942 3299 4014 καταδεξάμενος
3337 3941 3616 4011 γέννησιν,
3665 3941 3726 3992 ὲν
3815 3937 3869 3990 τε)

2293 4035 2495 4102 κράτος
2556 4034 2768 4107 ὑπῆρχε
2822 4034 2924 4104 τῆς
2970 4035 3128 4106 ἡμῶν
3189 4035 3588 4104 κατακρίσεως,
3657 4032 3762 4102 τὴν
3815 4033 3869 4083 ἐν

2295 4125 2563 4196 πνεύματι
2615 4126 2895 4196 μυστικῶς
2949 4124 3299 4197 διωρθώσατο
3329 4125 3602 4195 γέννησιν,
3637 4124 3736 4176 καὶ
3774 4122 3870 4190 τῆς

2296 4220 2614 4290 σωματικῆς
2643 4219 2952 4290 γεννήσεως
2999 4216 3167 4280 λύσας
3204 4217 3346 4288 ὑπὲρ
3375 4215 3534 4288 ήμῶν
3583 4218 3644 4268 έν
3691 4215 3871 4283 ἑαυτῷ

2293 4313 2362 4367 τὰ
2382 4287 2555 4383 δεσμά
2573 4287 2809 4365 δέδωκεν
2833 4287 2967 4380 ἡμῖν
2995 4310 3242 4375 ἐξουσίαν
3261 4287 3348 4363 διά
3365 4309 3465 4377 τῆς
3494 4308 3636 4362 κατά
3657 4307 3873 4377 πνεῦμα

2296 4405 2604 4477 γεννήσεως
2638 4402 2782 4458 κατά
2817 4402 3056 4473 θέλησιν,
3105 4401 3270 4455 τέκνα
3320 4399 3458 4454 Θεοῦ
3503 4399 3628 4452 ἀντὶ
3676 4399 3874 4471 σαρκδς

623 4508 765 4548 mus.
800 4493 1110 4549 lncarnatio
1145 4493 1316 4566 igitur
1349 4503 1512 4566 atque
1544 4494 1846 4565 corporalis
1878 4494 2031 4564 prius
2065 4509 2190 4564 pro-

2301 4497 2393 4550 καὶ
2424 4497 2656 4565 αἵματος
2693 4492 2947 4563 γενέσθαι
2986 4494 3099 4556 τοῖς
3125 4489 3472 4544 πιστεύουσιν
3500 4490 3582 4552 είς
3615 4488 3679 4542 τδ
3704 4489 3875 4558 δνομα

626 4595 746 4657 pter
795 4599 973 4640 meam
1019 4585 1428 4641 damnationem
1484 4584 1538 4640 in
1587 4584 1824 4640 Domino
1876 4593 2062 4640 secuta
2112 4591 2199 4638 est

621 4677 926 4749 generatio,
958 4687 1015 4733 et
1053 4678 1135 4734 sic
1171 4695 1292 4750 quae
1326 4678 1538 4748 reliqua
1577 4688 1699 4734 erat
1732 4693 1832 4748 per
1865 4677 2196 4748 baptismum

624 4769 929 4840 spiritualis
968 4769 1217 4825 insecuta
1257 4778 1343 4826 est
1381 4770 1694 4842 generatio,
1724 4785 1824 4840 pro
1862 4769 2039 4824 salute
2078 4783 2197 4822 mea

625 4858 927 4913 secundum
977 4860 1208 4929 gratiam
1249 4869 1305 4915 et
1347 4859 1730 4925 revocatione,
1765 4867 1889 4924 aut,
1923 4867 1986 4912 ut
2027 4858 2200 4928 magis

626 4947 917 5018 perspicue
961 4947 1172 5014 dicam,
1208 4947 1526 5016 rellctione,
1573 4965 1683 5020 qua
1733 4950 1877 5004 Deus
1921 4949 2072 5004 circa
2114 4963 2202 5003 me

627 5042 847 5111 copulat
873 5041 1212 5098 exsistentia:
1239 5056 1375 5098 meae
1400 5050 1456 5097 et
1485 5041 1643 5098 boum
1671 5041 2006 5097 cxsistcnlia:
2032 5041 2201 5096 ratio-

628 5145 750 5194 nes,
777 5141 834 5188 et
857 5147 979 5187 eam
1008 5149 1131 5204 quae
1159 5149 1191 5188 a
1221 5149 1308 5189 me
1331 5134 1473 5190 facta
1501 5143 1623 5190 erat
1653 5121 1844 5190 harum
1874 5133 2202 5188 divisionem

631 5229 798 5291 atque
837 5223 1154 5279 distantiam
1197 5225 1504 5290 contrahit,
1537 5240 1763 5296 perque.
1792 5223 1908 5278 hare
1952 5223 2018 5278 ad
2057 5223 2203 5279 exsi-

630 5313 850 5368 stentitc
885 5325 1106 5370 aeternas
1140 5316 1413 5373 rationem
1453 5318 1734 5387 sapienter
1772 5315 2083 5387 compellit,
2114 5331 2204 5372 se-

633 5405 874 5461 cundum
931 5421 1094 5477 quam
1149 5423 1329 5479 neque
1388 5409 1608 5481 parient
1662 5409 1897 5480 amplius
1955 5408 2208 5464 homines

633 5512 814 5567 neque
861 5498 1172 5568 parientur,
1202 5515 1328 5554 cum
1370 5513 1564 5554 eorum
1608 5516 1731 5570 qua:
1772 5500 2030 5557 videntur
2070 5499 2208 5554 ordo

2298 4587 2487 4642 αὑτοῦ.
2534 4588 2818 4659 Σάρκωσις
2861 4581 2953 4640 οὖν
2983 4585 3077 4638 καὶ
3125 4580 3412 4654 σωματικὴ
3464 4582 3734 4652 πρότερον
3779 4581 3877 4650 τῆς

2300 4681 2442 4752 ἐμῆς
2469 4680 2634 4735 ἕνεκα
2664 4677 3042 4750 κατακρίσεως
3088 4676 3181 4730 ἐπὶ
3226 4674 3319 4730 τοῦ
3366 4674 3576 4746 Κυρίου
3625 4689 3876 4744 παρηκοο

2300 4773 2531 4845 λούοησε
2553 4773 2826 4842 γέννησις,
2854 4770 2950 4824 καὶ
2978 4768 3153 4833 οὕτως
3190 4769 3223 4839 ή
3259 4767 3348 4822 διά
3371 4767 3468 4821 τοῦ
3500 4766 3878 4836 βαπτίσματος

2302 4868 2359 4920 ὲν
2380 4865 2650 4936 πνεύματι
2681 4863 3117 4936 παραλειφθεῖσα
3145 4859 3557 4932 ἐπηκολούθησε
3603 4858 3876 4928 γέννησις.

2304 4958 2446 5028 ὑπὲρ
2491 4957 2591 5028 τῆς
2619 4955 2760 5026 ἑμῆς
2792 4954 2936 5008 κατά
2981 4953 3142 5025 χάριν
3185 4937 3463 5024 σωτηρίας
3501 4953 3599 5006 καλ⁸
3647 4951 3881 5020 ἀνακλή-

2305 5067 2465 5116 σεως,
2509 5049 2541 5120 ἢ
2584 5049 2918 5120 σαφέστερον
2965 5049 3140 5102 είπεῖν
3187 5047 3580 5110 ἀναπλάσεως·
3619 5039 3710 5100 οἶα
3756 5062 3883 5098 συν.

2306 5143 2570 5206 ἅπτοντος
2622 5143 2753 5214 περὶ
2782 5140 2883 5213 ἐμὲ
2921 5139 3016 5195 τοῦ
3049 5139 3186 5195 Θεοῦ
3212 5139 3306 5193 τόν
3337 5157 3398 5193 τε
3441 5138 3539 5192 τού
3595 5133 3737 5192 εἷναί
3783 5155 3880 5209 μου

2305 5235 2463 5304 λόγον
2486 5235 2586 5326 gul.
2615 5233 2708 5288 τὸν
2729 5233 2825 5288 τοῦ
2861 5227 2920 5287 εὖ
2948 5227 3114 5294 εἶναι.
3147 5233 3240 5288 καὶ
3275 5232 3373 5304 τὴν
3413 5232 3719 5302 γενομένην
3755 5230 3884 5301 παρ’

2305 5326 2443 5398 ἐμοῦ
2472 5322 2678 5380 τούτων
2712 5323 3082 5388 ένοποιοῦντος
3118 5326 3292 5396 τομὴν
3320 5325 3418 5380 καὶ
3445 5324 3752 5388 διάστασιν,
3793 5322 3883 5376 καὶ

2306 5416 2394 5470 διὰ
2438 5417 2647 5472 τούτων
2698 5416 2838 5487 πρὸς
2887 5415 2980 5469 τὸν
3017 5414 3112 5469 τοῦ
3161 5417 3251 5470 ἀεὶ
3316 5413 3458 5470 εἶναι
3507 5415 3666 5484 λόγον
3711 5411 3884 5482 σοῗῶς

2312 5507 2750 5573 συνελαύνοντος,
2801 5506 2928 5562 καθ’
2974 5507 3034 5560 δν
3067 5507 3252 5561 οὐκέτι
3296 5506 3358 5560 τὺ
3412 5507 3603 5578 φέρειν
3646 5505 3763 5559 ἔστι
3795 5505 3885 5557 καὶ

634 5589 883 5659 pariendi
911 5588 1075 5644 linem
1103 5590 1348 5662 attigerit
1377 5607 1472 5661 per
1498 5607 1746 5664 magnam
1777 5602 1834 5648 et
1861 5607 2190 5649 communcn

2312 5599 2571 5671 φέρεσθαι
2604 5601 2735 5671 περὶ
2777 5601 2867 5656 τὸν
2919 5600 3230 5672 ἄνθρωπον,
3283 5598 3557 5671 λαδούσης
3582 5598 3739 5660 τέλος
3763 5597 3885 5667 περὶ

635 5682 1139 5748 resurrectionem,
1183 5700 1304 5754 quae
1351 5684 1406 5740 in
1461 5684 1930 5740 immortalitatem
1982 5699 2185 5754 genere

2311 5690 2374 5742 τὸ
2399 5688 2662 5761 φέρεσθαι
2689 5690 2788 5762 τῆς
2829 5691 2938 5744 τῶν
2970 5689 3310 5760 φαινομένων
3337 5689 3656 5760 οἰκονομίας
3686 5687 3773 5742 διὰ
3791 5688 3885 5754 τῆς

637 5772 916 5831 hominem
961 5777 1265 5833 secundum
1311 5777 1729 5835 subsistentiam
1778 5778 2175 5836 immutabilem

2317 5781 2562 5852 μεγάλης
2608 5782 2705 5837 καὶ
2758 5781 2945 5854 κοινῆς
3001 5781 3376 5845 ἀναστάσεως,
3447 5782 3530 5845 είς
3594 5780 3885 5836 ἀθανασίαν
