4026 6288
573 307 703 372 1351

1726 295 1787 356 S.
1829 291 2118 355 MAXIMI
2159 289 2669 352 CONFESSORIS

3709 287 3854 356 1352

567 417 715 488 quod
747 415 1064 472 volentibus
1105 409 1451 483 subripiendi
1493 407 1702 478 aliquid
1736 407 1899 462 daret
1932 408 2146 466 locum.

2258 402 2330 475 μὴ
2355 403 2750 473 ἐλαττούμενον
2779 401 2868 457 διὰ
2895 403 2992 458 τοῦ
3014 403 3217 460 διδόναι
3235 396 3426 476 χώραν
3454 406 3570 470 τοῖς
3597 404 3854 460 ὶθέλουσι

565 513 868 584 praesertim
911 527 1037 568 cum
1074 511 1316 566 salutare
1350 514 1498 562 esset
1532 503 1739 558 furtum
1761 541 1776 566 ,
1806 511 1864 556 et
1899 499 2149 570 quoties-

565 621 783 676 cunque
818 605 1142 660 voluissent.
1171 600 1412 668 Quibus,
1441 599 1556 653 Deo
1591 608 1900 651 sermonem
1935 590 2150 664 gratiﬁ-

565 706 746 763 cante,
800 696 1199 768 respondemus
1220 693 1368 763 quod
1394 692 1502 747 hoc
1529 690 1709 760 ipsum
1735 694 1819 742 est
1841 684 2151 755 benignita-

567 790 636 846 tis
665 791 911 861 plenum,
939 788 1022 844 vel
1049 787 1233 858 potius
1263 785 1380 855 ipsa
1407 781 1740 852 benignitas,
1767 788 1825 834 et
1846 776 2027 848 quoad
2053 790 2151 832 eos

565 881 663 950 qui
695 879 903 949 aliquid
937 878 1225 948 subripere
1255 876 1451 930 volunt
1483 871 1746 929 salutaris
1788 868 2150 940 providentiae

564 969 1067 1024 iuculentissimum
1096 975 1482 1038 argumentum
1501 1005 1516 1029 ,
1546 979 1655 1018 non
1689 961 1874 1017 sinere
1900 960 2151 1015 volentes

566 1062 768 1132 saepius
820 1069 880 1115 ut
923 1062 974 1116 ei
1027 1058 1236 1129 aliquid
1289 1056 1630 1127 subripiam,
1672 1069 1744 1108 ne
1785 1053 1962 1118 forte,
2002 1050 2148 1107 facili

565 1155 760 1210 salutis
789 1154 1144 1216 alienatione,
1174 1152 1432 1207 facillima
1464 1150 1558 1205 ﬁat
1584 1157 1993 1220 consequenter
2015 1145 2148 1202 doni

567 1246 828 1318 abjectio,
870 1246 1019 1316 quod
1057 1245 1321 1301 videlicet
1361 1244 1516 1300 nullo
1565 1243 1790 1314 negotio
1832 1238 2148 1312 recuperari

565 1349 761 1412 queat,
809 1355 946 1395 neve
990 1338 1136 1394 ﬁrmi
1192 1353 1258 1394 ac
1307 1337 1526 1394 stabilis
1575 1337 1632 1391 in
1687 1335 1922 1407 pulchro
1970 1342 2149 1389 status

567 1431 741 1504 ignari
777 1431 1084 1488 efficiantur
1106 1432 1201 1502 qui
1229 1430 1437 1486 donum
1465 1428 1803 1500 acceperint,
1829 1426 1961 1482 dum
1989 1425 2150 1482 facile

566 1522 621 1576 in
656 1523 960 1592 nequitiam
996 1521 1253 1576 labantur
1279 1535 1474 1577 eorum
1510 1519 1676 1575 animi
1712 1526 1942 1590 propter
1973 1515 2150 1573 facili-

565 1622 732 1670 tatem
763 1615 1131 1686 possessionis
1155 1613 1377 1686 pulchri
1398 1613 1468 1670 de
1492 1613 1703 1669 vilitate
1726 1618 2075 1682 contemptae.

2254 494 2532 559 κλέπτειν,
2563 495 2662 548 καὶ
2698 494 2937 566 μάλιστα
2964 497 3172 568 κλοπὴν
3201 499 3500 569 σωτήριον,
3531 498 3631 552 καὶ
3659 499 3860 563 ὁσάκις

2252 585 2320 641 ἂν
2350 586 2577 641 θέλοιεν.
2608 585 2753 659 Πρὸς
2777 586 2873 652 οὓς
2892 587 3029 642 Θεοῦ
3064 589 3224 659 λόγον
3245 590 3614 662 χαριζομένου
3644 593 3858 662 φαμὲν,

2250 679 2444 751 ὅτιπερ
2488 680 2622 734 αὐτὸ
2647 680 2810 735 τοῦτο
2843 681 3256 754 φιλανθρωπίας
3291 681 3505 754 πλῆρές
3533 685 3673 746 ἐστι,
3711 685 3862 755 μᾶλ-

2251 773 2342 826 λον
2401 773 2458 828 δὲ
2505 774 2639 828 αὐτὸ
2705 774 3088 847 φιλανθρωπία
3123 776 3206 840 ⁸⁸,
3253 777 3351 830 καὶ
3419 778 3548 840 τοὺς
3608 777 3742 847 περί
3806 794 3862 830 τι

2252 866 2506 920 κλέπτειν
2527 867 2574 900 ³⁵
2611 866 2920 933 ἐθέλοντας,
2971 867 3188 939 ἀγαθῆς
3233 869 3583 940 προμηθείας
3626 870 3862 934 ἔνδειξις

2253 957 2592 1030 σαφεστάτη,
2628 957 2692 1013 τὸ
2734 959 2812 1030 μὴ
2856 964 3164 1032 συγχωρεῖν
3211 963 3327 1024 τοῖς
3364 961 3616 1014 ἐθέλουσι
3648 960 3861 1012 πολλὰ·

2250 1068 2338 1116 κις
2377 1052 2546 1106 αὐτὸν
2565 1052 2844 1118 κλέπτειν,
2873 1053 2951 1118 ὡς
2989 1053 3060 1108 ἂν
3091 1055 3167 1126 μὴ
3208 1053 3508 1126 προχείρου
3547 1055 3857 1123 τυγχάνον-

2249 1164 2342 1211 τος
2367 1146 2464 1202 τοῦ
2522 1147 2894 1220 σφετερισμοῦ
2931 1148 3031 1218 τῆς
3067 1149 3346 1220 σωτηρίας
3397 1149 3575 1220 ῥᾴστη
3621 1149 3853 1216 γένηται

2251 1241 2396 1294 κατὰ
2438 1241 2502 1295 τὸ
2534 1242 2684 1306 είκδς
2714 1243 2810 1297 καὶ
2847 1244 2882 1314 ἡ
2927 1243 3024 1296 τοῦ
3078 1243 3426 1314 δωρηθέντος
3469 1241 3737 1310 ἁποεολη,
3773 1240 3852 1302 ὡς

2250 1335 2510 1407 εὐμαρῶς
2543 1336 2706 1391 πάλιν
2735 1336 3011 1408 ληφθῆναι
3038 1337 3365 1408 δυναμένου.
3414 1337 3515 1390 καὶ
3553 1335 3660 1405 τῆς
3691 1337 3746 1388 ὲν
3770 1332 3850 1402 τῷ

2251 1427 2404 1498 καλῷ
2455 1429 2798 1500 ἀμεταθέτου
2838 1431 2936 1486 καὶ
2963 1431 3168 1500 παγίας
3207 1431 3376 1496 ἕξεως
3420 1429 3663 1500 ἀμαθεῖς
3713 1431 3848 1483 ἁπο-

2251 1519 2526 1589 φανθῶσιν
2554 1523 2606 1577 οἱ
2632 1524 2993 1596 τυγχάνοντες
3011 1524 3110 1595 τῆς
3127 1525 3358 1596 δωρεᾶς,
3379 1522 3736 1594 εύέμπτωτον
3765 1523 3840 1583 εἱς

2249 1613 2452 1668 κακίαν
2481 1615 2582 1686 τὴν
2623 1615 2853 1689 γνώμην
2887 1617 3103 1689 ἔχοντες
3150 1617 3241 1672 διὰ
3274 1617 3374 1688 τὴν
3414 1616 3724 1687 εὐμάρειαν
3748 1615 3839 1684 τῆς

2249 1704 2346 1760 τοῦ
2388 1707 2556 1763 καλοῦ
2587 1711 2857 1783 κτήσεως,
2888 1711 2966 1783 τῷ
3004 1710 3192 1784 εύὼνῳ
3241 1710 3785 1781 καταφρονουμένης-

565 1906 826 1979 Ejusdem
848 1923 912 1962 ex
927 1922 1169 1962 sermone
1194 1907 1250 1961 in
1296 1905 1525 1972 Pascha,
1581 1906 1637 1960 in
1667 1903 1839 1960 illud:
1877 1921 1897 1956 ι
1934 1901 2148 1958 Nudum

2258 1904 2368 1961 Τοῦ
2403 1905 2593 1961 αὐτοῦ
2627 1905 2698 1961 ἐκ
2736 1906 2844 1961 τοῦ
2884 1909 2972 1974 εις
3009 1907 3076 1962 τὸ
3115 1905 3334 1976 Πάσχα
3361 1906 3582 1976 λόγου,
3629 1906 3717 1971 εἰς
3753 1904 3841 1966 τὸ,

635 2014 729 2070 per
755 1999 1147 2069 simplicitatem
1173 2007 1222 2052 et
1245 1999 1410 2052 vitam
1447 1997 1675 2066 artiﬁcio
1719 2005 2012 2060 carentem,
2057 2004 2146 2049 at-

635 2103 737 2161 que
780 2092 950 2145 omnis
1002 2091 1350 2162 integumenti
1392 2099 1442 2144 et
1488 2090 1805 2144 munimenti
1855 2097 2144 2156 expertem.

635 2181 821 2236 Talem
857 2183 997 2237 enim
1019 2198 1127 2238 esse
1145 2183 1483 2238 conveniebat
1513 2199 1632 2238 eum
1677 2183 1769 2252 qui
1798 2183 2034 2252 primunt
2059 2197 2144 2236 es-

633 2281 712 2328 set
739 2281 968 2329 creatus.
997 2293 1015 2325 ι

635 2365 778 2432 Quid
822 2381 1054 2436 magnus
1112 2363 1217 2420 iste
1247 2364 1440 2420 doctor
1468 2363 1556 2420 his
1600 2364 1789 2420 verbis
1815 2365 2033 2421 occulte
2061 2379 2148 2420 re-

567 2458 716 2512 velet
741 2457 887 2512 solos
922 2457 1047 2512 illos
1076 2472 1238 2511 nosse
1258 2456 1346 2510 aio
1369 2456 1464 2526 qui
1491 2456 1612 2526 pari
1645 2473 1856 2512 cumeo
1884 2457 2059 2528 gratia
2091 2463 2148 2512 et

566 2548 853 2620 sapientiae
871 2549 1264 2620 etcognitionis
1278 2559 1406 2605 sunt
1423 2550 1710 2620 impertiti,
1727 2549 1842 2620 qui,
1858 2558 2148 2621 postquam

568 2639 968 2695 intellectuales
987 2640 1177 2695 oculos
1204 2639 1271 2695 de
1293 2640 1443 2694 omni
1464 2640 1784 2712 passionum
1806 2650 1862 2696 et
1885 2640 2149 2696 materia-

567 2729 638 2785 lis
667 2729 901 2786 affectus
952 2730 1116 2786 sorde
1141 2740 1540 2803 purgaveruut,
1583 2731 1917 2804 cognitionis
1947 2732 2002 2788 in
2026 2731 2153 2788 uni-

566 2819 747 2882 versis
770 2837 914 2878 verae
946 2821 1164 2878 radium
1187 2823 1474 2896 percipere
1503 2824 1812 2896 potuerint,
1852 2839 1950 2895 per
1981 2839 2149 2896 quam

567 2913 840 2986 simplice,
887 2914 1072 2986 quoad
1114 2917 1236 2988 ejus
1271 2915 1391 2972 ﬁeri
1433 2916 1632 2987 possit,
1680 2926 1738 2972 et
1775 2916 2036 2972 uniformi
2066 2933 2153 2972 ra-

568 3007 718 3064 tione
746 3018 990 3064 mentem
1016 3023 1047 3064 a
1074 3009 1437 3064 multitudine
1457 3009 1806 3065 retrahentes
1834 3011 2148 3064 universam

569 3117 756 3159 rerum
780 3119 904 3174 quae
923 3110 1142 3159 exstant
1180 3103 1470 3160 scientiam
1501 3103 1754 3175 simplice
1778 3103 2148 3175 intelligentia

567 3195 1088 3266 complecterentur.
1123 3195 1238 3254 Nos
1256 3212 1412 3265 vero,
1447 3213 1591 3269 quos
1618 3197 1944 3270 ignorantiae
1968 3197 2153 3254 adhuc

572 3288 818 3345 tenebrae
862 3290 1116 3347 veritatis
1167 3290 1528 3362 perceptione
1576 3289 1859 3362 prohibet,
1924 3297 2154 3362 propter

571 3381 777 3437 mentis
803 3381 954 3438 circa
981 3383 1098 3438 sola
1124 3383 1449 3438 lluctuantia
1471 3384 1857 3456 agitationem,
1887 3382 2157 3454 quemad-

569 3471 798 3528 modum
847 3487 1026 3530 caacus
1056 3474 1328 3530 ambabus
1382 3476 1636 3542 manibus
1661 3473 1991 3546 quisquilias
2022 3488 2154 3546 per-

571 3573 790 3620 tentans
816 3565 963 3620 haud
1017 3581 1144 3621 raro
1175 3567 1384 3638 aliquid
1444 3567 1673 3638 pretiosi
1717 3566 1967 3622 invenire
1991 3567 2153 3632 solet,

571 3655 655 3712 sic
690 3673 793 3712 nos
821 3673 1042 3729 quoque
1063 3675 1189 3716 cum
1218 3670 1408 3715 nostra
1435 3660 1756 3716 infirmitate
1790 3660 1859 3716 de
1886 3659 2150 3732 praesenti

571 3751 880 3823 quaestione
921 3752 1132 3824 aliquid
1161 3753 1346 3809 dicere
1381 3753 1754 3827 aggredimur.
1790 3756 1971 3824 Atque
2003 3751 2145 3811 nihil

571 3839 717 3895 aliud
747 3841 975 3896 omnino
1016 3841 1260 3900 dicimus
1283 3862 1447 3916 quam
1500 3843 1648 3918 quod
1699 3845 1844 3901 Deus
1893 3845 2058 3902 nobis
2097 3845 2153 3901 in

571 3951 768 3990 manus
823 3934 1055 4002 dederit,
1114 3937 1422 3994 secundum
1455 3939 1604 4010 quod
1654 3939 1923 4010 scriptum
1953 3948 2058 4005 est,
2083 3938 2153 3994 ad

571 4024 799 4080 alendos
847 4040 947 4095 pro
980 4026 1126 4082 virili
1186 4037 1343 4099 parte
1370 4043 1434 4083 ac
1489 4027 1757 4084 facultate
1801 4043 1933 4092 -vos,
1969 4037 2154 4098 patres

570 4115 747 4173 bonos
780 4127 1024 4184 nostros,
1065 4118 1122 4174 id
1151 4128 1237 4175 est
1291 4120 1597 4192 simplicem
1643 4128 1702 4176 et
1745 4119 2017 4176 modicam
2048 4136 2153 4175 no-

571 4207 770 4278 bisque
799 4210 1219 4264 convenieutem
1241 4209 1792 4281 contemplationem,
1834 4211 2152 4282 intelligen-

572 4299 661 4354 tiae
689 4309 892 4354 nostra:
923 4298 1312 4355 contrectabili
1335 4286 1507 4374 magis
1519 4318 1684 4374 quam
1705 4301 1863 4357 ﬁrmo
1886 4311 2151 4373 certoque

573 4391 713 4462 pede
772 4389 1164 4462 progrediente
1225 4393 1476 4450 oratione
1532 4394 1867 4462 institutam,
1915 4412 2149 4468 quaeque

2327 2015 2346 2049 ι
2371 1997 2619 2069 Γυμνὸν
2656 1998 2732 2066 τῇ
2775 1999 3074 2067 ἁπλότητι
3109 1999 3208 2052 καὶ
3260 1995 3374 2066 ζωῇ
3434 1995 3690 2065 ἀτέχνῳ,
3745 1995 3845 2049 και

2320 2090 2462 2160 δίχα
2517 2093 2741 2158 παντὸς
2791 2091 3281 2160 ἐπικαλύμμαὲος
3338 2089 3437 2144 καὶ
3497 2087 3842 2157 emotumiu-

2320 2201 2445 2250 τος.
2525 2183 2805 2240 Τοιοῦτον
2862 2185 2972 2255 τὰρ
3037 2182 3301 2252 ἔπρεπεν
3364 2177 3523 2236 εἶναι
3593 2184 3700 2236 τὸν
3741 2175 3842 2234 ἀπ’

2317 2277 2533 2348 ἀρχῆς.
2566 2277 2679 2349 (ιι)
2721 2301 2740 2330 ι

2320 2369 2386 2423 Τί
2437 2370 2540 2439 μὲν
2597 2371 2687 2425 διὰ
2749 2370 2957 2426 τούτων
3011 2373 3041 2426 ό
3089 2371 3266 2443 μέγας
3318 2361 3476 2433 οὗτος
3526 2364 3843 2441 διδάσκαλος

2250 2459 2498 2529 κρυφίως
2529 2459 2932 2528 ἀποκαλύπτει,
2965 2461 3160 2534 μόνους
3198 2460 3445 2522 ἐκείνους
3473 2459 3669 2514 ειδέναι
3700 2455 3843 2527 φημὶ

2248 2551 2378 2616 τοὺς
2421 2552 2484 2604 τὸ
2532 2553 2650 2607 ἴσον
2691 2553 2844 2624 αύτῷ
2896 2556 2995 2627 τῆς
3036 2554 3233 2624 σοφίας
3267 2552 3564 2622 εἰληφότας
3607 2549 3706 2604 καὶ
3745 2550 3841 2618 τῆς

2252 2641 2510 2713 γνώσεως
2561 2645 2832 2715 χάρισμα,
2881 2645 2932 2698 οἳ
2969 2643 3062 2699 διὰ
3091 2645 3153 2697 τὸ
3179 2646 3362 2699 πᾶσαν
3409 2642 3512 2716 τὴν
3561 2644 3627 2696 ἐκ
3658 2640 3837 2694 παθῶν

2257 2737 2352 2789 καὶ
2380 2734 2566 2807 πάσης
2617 2735 2811 2804 ὑλικῆς
2868 2736 3245 2807 προσπαθείας
3293 2735 3481 2806 λήμην
3543 2732 3837 2788 ἀποθέσθαι

2255 2824 2366 2879 τῶν
2399 2827 2602 2898 νοερῶν
2639 2827 2910 2898 ὀμμάτων
2952 2827 3053 2901 τὴν
3084 2829 3280 2882 ἀκτῖνα
3305 2828 3407 2899 τῆς
3447 2828 3507 2879 έν
3535 2827 3684 2888 ὅλοις
3714 2824 3834 2893 i111-

2257 2916 2385 2981 θοῦς
2418 2917 2675 2986 γνώσεως
2707 2923 2904 2991 χωρεῖν
2932 2920 3291 2992 ἐδυνήθησαν,
3341 2918 3469 2974 καθ’
3491 2920 3564 2988 ην
3590 2915 3669 2987 τῷ
3689 2914 3838 2984 άτιλῷ

2259 3010 2400 3063 κατὰ
2428 3009 2491 3063 τὸ
2512 3011 2735 3081 ἐφικτὸν
2762 3011 2858 3066 καὶ
2885 3011 3110 3067 ένοειδεῐ
3134 3011 3278 3083 λόγῳ
3315 3011 3413 3064 τὸν
3437 3008 3568 3064 νοῦν
3600 3010 3710 3062 ἀπὸ
3733 3006 3838 3061 τῶν

2179 3133 2223 3193 C
2259 3098 2472 3153 πολλῶν
2525 3102 2970 3173 περιστείλαντες
3019 3105 3204 3157 πᾶσαν
3250 3105 3350 3176 τὴν
3404 3100 3840 3172 έπιστημονικὴν

2257 3191 2367 3245 τῶν
2431 3191 2630 3265 (240
2673 3193 2740 3264 a)
2801 3193 2972 3250 ὅντων
3031 3194 3178 3268 ἁπλῇ
3241 3195 3461 3250 συνέσει
3520 3192 3841 3266 περιέλαεον

2256 3283 2484 3354 εἴδησιν.
2528 3285 2691 3355 Ἦμίν
2725 3285 2784 3340 δὲ
2822 3279 2906 3350 οἷς
2937 3287 2968 3340 ό
3014 3286 3180 3356 ζόφος
3215 3285 3296 3340 ἔτι
3327 3289 3429 3357 τῆς
3451 3285 3682 3354 ἀγνοίας
3719 3285 3839 3337 itt-

2256 3377 2487 3448 προσθεῐ
2518 3377 2658 3447 πρὸς
2681 3377 2782 3450 τὴν
2809 3376 2904 3432 τοῦ
2952 3377 3188 3450 ἀληθοῦς
3235 3377 3595 3450 κατανόησιν,
3629 3376 3722 3430 διὰ
3749 3376 3841 3445 τὴν

2255 3467 2387 3539 περὶ
2425 3468 2656 3539 μόνατὰ
2685 3468 3018 3542 σαλευόμενα
3045 3468 3142 3527 τοῦ
3167 3471 3260 3526 νοῦ
3295 3471 3633 3542 συστροφὴν,
3655 3470 3842 3539 ὥσπερ

2252 3558 2456 3630 τυφλὸς
2513 3559 2684 3632 ἄμφω
2748 3561 2830 3616 τὼ
2884 3565 3036 3635 χεῖρε
3095 3563 3330 3636 φορυτόν
3389 3561 3521 3633 ὕλης
3579 3561 3843 3631 ἀφάσσων

2256 3645 2500 3724 εὑρίσκει
2548 3651 2810 3720 πολλάκις
2837 3673 2891 3710 τι
2937 3655 3047 3709 τῶν
3071 3656 3290 3726 τιμίων,
3310 3653 3484 3718 οῦτως
3531 3650 3842 3723 ἐπιχειροῦ-

2259 3761 2362 3816 μεν
2415 3745 2511 3800 καὶ
2560 3747 2726 3818 ἡμεῖς
2767 3745 2908 3819 μετὰ
2935 3745 3034 3818 τῆς
3088 3747 3298 3802 ἑαυτῶν
3343 3745 3633 3806 ἀσθενείας
3664 3744 3843 3797 εἰπεῖν

2254 3858 2308 3895 τι
2339 3839 2468 3912 περὶ
2498 3839 2594 3894 τοῦ
2646 3841 3012 3912 προκειμένου
3065 3842 3398 3912 ζητήματος.
3431 3839 3544 3893 Καὶ
3573 3838 3642 3908 δὴ
3685 3837 3842 3904 λέγω

2258 3950 2358 4004 μεν
2385 3932 2514 3989 ἀλλο
2535 3933 2598 3986 τδ
2617 3932 2882 4005 παράπαν
2914 3933 3066 3990 οὐδὲν
3103 3933 3138 4006 ἦ
3171 3935 3306 4005 ὅπερ
3331 3931 3360 3985 ό
3387 3931 3518 3996 Θεὸς
3542 3933 3604 3983 ὲν
3648 3931 3841 4002 χερσὶν

2255 4025 2415 4098 ἡμῶν
2478 4025 2709 4097 παραδῷ
2763 4024 2909 4080 κατά
2975 4025 3039 4079 τὸ
3105 4023 3513 4097 γεγραμμένον,
3586 4021 3730 4093 πρὸς
3785 4019 3842 4075 τὸ

2255 4119 2451 4194 θρέψαι
2493 4118 2638 4174 κατὰ
2681 4118 2912 4190 δύναμιν
2957 4118 3116 4191 ἡμῶν
3161 4119 3288 4183 τοὺς
3337 4117 3532 4181 καλοὺς
3593 4116 3844 4187 πατέρας

2256 4213 2424 4285 ὑμᾶς,
2473 4211 2618 4282 λέγω
2667 4211 2725 4267 δὲ
2767 4210 2844 4284 τῷ
2888 4210 3254 4283 ψηλαφητικῷ
3295 4209 3436 4279 λόγῳ
3488 4207 3588 4278 τῆς
3613 4207 3671 4260 ὲν
3706 4209 3843 4276 ἡμῖν

2254 4307 2450 4379 νοερᾶς
2499 4305 2786 4378 δυνάμεως
2836 4291 3046 4360 ἆῗτλοῦν
3096 4305 3192 4361 καὶ
3236 4302 3529 4375 ἀπέριττον
3573 4299 3844 4371 θεώρημα

2256 4402 2350 4454 καὶ
2400 4401 2532 4471 ἡμῖν
2565 4399 2902 4471 σύμμετρον,
2940 4398 3036 4452 καὶ
3082 4395 3358 4469 πατρικὴν
3387 4392 3637 4462 εὐλογίαν
3669 4408 3843 4463 προσ-

571 4496 855 4558 paternam
921 4486 1120 4543 invitet
1145 4488 1614 4558 benedictionem,
1662 4509 1733 4549 ne
1777 4509 1887 4565 qua
1939 4503 2148 4549 naturae

2258 4493 2613 4563 καλούμενον,
2665 4492 2866 4563 μήπως
2891 4489 3080 4561 ἀφυῶς
3107 4490 3198 4545 τὸν
3224 4488 3397 4559 ἀγρὸν
3425 4486 3534 4542 τῶν
3558 4485 3843 4556 αἰσθητῶν

569 4578 799 4634 minime
828 4581 1227 4637 convenienter
1255 4583 1604 4640 sensibilium
1656 4601 1852 4658 agrum
1906 4585 2148 4642 sensibi-

2258 4579 2523 4653 ιίσθητῶς
2565 4580 2708 4635 κατὰ
2753 4579 2846 4634 τὸν
2890 4579 3062 4634 Ἡσαῦ
3104 4577 3514 4651 περιοδεύοντες
3560 4575 3843 4647 στερηθῶ·

570 4671 699 4727 liter
732 4670 788 4726 in
836 4673 1062 4728 modum
1092 4674 1234 4731 Esau
1279 4677 1701 4748 perlustrantes,
1728 4679 1800 4734 ob
1836 4677 2148 4734 tarditatem

2258 4693 2352 4748 μεν
2397 4675 2484 4730 διὰ
2535 4673 2851 4747 βραδυτῆτα
2897 4674 2998 4746 τῆς
3055 4671 3282 4744 ἑτοίμης
3345 4669 3438 4726 τοῦ
3495 4668 3842 4739 τρεφομένου

569 4773 760 4834 parata
807 4766 1092 4836 privemur
1117 4768 1290 4837 patris
1318 4769 1499 4824 satiati
1551 4770 1942 4827 benedictione
1973 4779 2024 4837 ν,
2057 4781 2148 4826 aut

2258 4768 2458 4840 πατρὸς
2513 4767 2786 4837 εὐλογίας,
2837 4765 2872 4838 ἢ
2933 4763 3098 4820 πάλιν
3150 4765 3218 4818 δι’
3281 4762 3741 4835 ὑψηλοφροσύνην
3793 4778 3844 4812 τι

547 4871 768 4937 rursus
799 4857 988 4912 animo
1020 4859 1282 4928 superbia
1320 4861 1469 4916 elato
1523 4863 1788 4934 majorem
1819 4871 2148 4934 potestatem

2258 4861 2439 4932 μεῖζον
2483 4861 2586 4932 τῆς
2638 4861 2922 4933 δυνάμεως
2976 4859 3134 4930 ήμῶν
3181 4855 3567 4925 ἐπιζητοῦντες
3613 4858 3678 4908 έκ
3729 4855 3842 4908 τῶν

568 4957 885 5017 quaerentes
910 4949 978 5004 ab
1020 4951 1103 5007 cis
1136 4950 1400 5008 damnum
1432 4953 1766 5026 accipiamus
1786 4953 2148 5026 quinostrum

2258 4953 2548 5008 οἰκούντων
2572 4953 2654 5007 ἔτι
2685 4953 2748 5007 τὸ
2775 4953 2900 5022 ὅρος
2932 4951 3091 5024 ἡμῶν
3111 4951 3213 5022 τῆς
3233 4949 3492 5022 θεωρίας,
3536 4947 3843 5020 τρωθῶμεν

570 5043 758 5098 adhuc
794 5045 1283 5116 contemplationis
1314 5055 1556 5102 montem
1586 5047 1797 5112 colunt,
1834 5046 1893 5101 in
1925 5047 2148 5102 modum

2258 5045 2399 5100 κατὰ
2430 5045 2524 5099 τὸν
2561 5045 2800 5118 Ἰσραὴλ,
2832 5044 2960 5116 περὶ
2990 5037 3066 5098 ὧν
3103 5045 3133 5097 ό
3163 5043 3330 5114 νόμος
3353 5041 3523 5114 φησὶν
3550 5042 3635 5096 ὅτι
3660 5058 3841 5110 παρα-

569 5134 844 5201 lsracl,de
865 5137 1073 5207 quibus
1107 5138 1196 5194 lex
1229 5149 1442 5207 narrat,
1465 5139 1614 5210 quod
1655 5139 1979 5210 irruperunt
2021 5139 2148 5210 qui-

2258 5139 2575 5210 6ιασάμενοί
2610 5155 2758 5202 τινες
2779 5135 3053 5207 ἀνέϐησαν
3093 5137 3174 5200 είς
3201 5135 3262 5190 τὸ
3305 5134 3454 5207 δρος,
3492 5133 3586 5190 καὶ
3615 5134 3841 5205 ἐξῆλθεν

570 5225 698 5280 dam
711 5235 768 5283 et
791 5228 845 5284 in
870 5241 1114 5287 montem
1133 5233 1588 5299 ascenderunt,et
1607 5232 1780 5288 exivit
1795 5233 2148 5288 Amori-luens

2258 5237 2280 5289 δ
2318 5235 2666 5306 Ἀμοιρραἶος
2695 5233 2726 5287 ό
2747 5231 2910 5286 οἰκῶν
2939 5233 3000 5286 έν
3025 5229 3104 5302 τῷ
3124 5227 3242 5301 δρει
3281 5229 3476 5301 ἐκείνῳ
3501 5229 3596 5283 καὶ
3616 5227 3837 5299 ἐτίτρω-

573 5317 722 5375 illius
743 5322 945 5378 montis
968 5323 1148 5380 incola
1175 5332 1341 5396 atque
1388 5325 1700 5382 vulneravit
1729 5340 1828 5383 eos
1858 5338 1905 5382 ι.
1948 5325 2145 5398 Suspi-

2258 5343 2384 5381 σκεν
2414 5325 2632 5390 αὐτούς.
2683 5324 2930 5380 ’Υπονοῶ
2969 5323 3150 5380 τοίνυν
3183 5324 3265 5379 ὅτι
3289 5321 3392 5397 τὴν
3436 5321 3706 5396 διαφορὰν
3736 5321 3838 5396 τῆς

1401 5479 1426 5507 ⁸
1463 5471 1622 5528 Deut.
1651 5485 1692 5536 ι,
1741 5471 1830 5536 45,
1867 5472 1958 5526 u.

1849 5580 2093 5637 νΑιιιΑε
2135 5582 2524 5640 LECTIONES

1715 5676 1760 5709 ³⁸
1806 5678 1934 5746 περὶ
1971 5677 2033 5731 τό
2059 5693 2109 5729 τι
2137 5677 2388 5731 κλέπτειν
2423 5677 2546 5734 cod.
2579 5677 2720 5733 Gud.

641 5787 758 5859 (Μ)
788 5787 941 5849 Idem
969 5787 1123 5846 Orat.
1152 5793 1205 5845 in
1241 5800 1412 5846 sanet.
1446 5791 1673 5859 Pascha,
1705 5807 1826 5864 cap.
1862 5762 1916 5859 8,
1945 5808 2000 5863 p.
2033 5791 2156 5860 850,
2195 5801 2326 5850 tom.
2372 5792 2394 5848 Ι
2435 5791 2574 5864 Opp.
2607 5791 2744 5850 edit.
2777 5791 2982 5850 Bened.

639 5472 668 5501 '
708 5465 846 5524 Gen.
877 5484 1044 5534 xxvn,
1073 5470 1135 5526 3|
1168 5486 1321 5541 seqq.

663 5673 708 5707 "
736 5671 873 5729 Cod.
904 5673 1047 5730 Gud.
1078 5675 1607 5746 αυτοφιλανθρωπία.
