4026 6288
173 362 321 429 1353

1420 371 1939 439 ANBIGUORUM
1979 377 2229 441 LIBER.

3298 392 3435 459 135i

146 472 399 548 ,πρὸτοῦ
464 470 913 549 παραπτώματος
968 476 1220 550 κράσεως
1278 478 1373 537 τοῦ
1418 482 1756 555 ἀνθρωπίνου

1865 504 1961 547 eor
2009 492 2180 564 igitur
2230 493 2380 564 quod
2427 500 2847 568 temperamenti
2893 501 3143 575 corporis
3194 505 3421 564 humani

170 567 438 641 σώματος
483 568 544 624 ὲν
595 566 671 639 τῷ
720 567 1027 641 προπάτορι
1093 570 1265 643 ’Δδάμ
1324 572 1462 644 πρὸς
1507 574 1614 647 τὴν
1663 576 1765 637 νῦν

170 657 565 730 θεωρουμένην
621 663 680 713 ὲν
731 662 867 731 ἡμῖν
911 661 1006 716 καὶ
1059 663 1371 733 κρατοῦσαν
1425 667 1764 736 ἐνδείξασθαι

166 751 508 825 βουλόμενος
562 751 737 811 ταῦτά
790 770 957 824 φησιν
1017 754 1047 807 ὀ
1091 755 1413 823 διδάσκαλος
1444 799 1459 826 .
1513 759 1589 823 ὡς
1639 763 1761 821 τότε

162 844 379 917 δηλαδὴ
439 844 535 899 τοῦ
599 844 885 917 ἀνθρώπου
945 847 1217 913 ἐναντίαις
1281 852 1380 905 καὶ
1433 851 1761 924 φθαρτικαίς

163 931 425 1003 ἀλλήλων
447 934 591 988 κατὰ
617 934 714 1005 τὴν
739 937 936 1005 κρᾶσιν
961 937 1057 999 τοῦ
1083 937 1334 1010 σώματος
1364 941 1439 1013 μὴ
1478 942 1761 1015 διελκομέ-

164 1042 270 1079 νου
301 1026 587 1099 ποιότησιν
611 1069 625 1093 ,
665 1027 781 1081 ἀλλ’
816 1028 1077 1095 ὡσαύτως
1105 1031 1319 1103 ἔχοντος
1345 1034 1467 1106 δίχα
1502 1038 1633 1107 ῥοῆς
1667 1038 1761 1092 καὶ

162 1119 477 1192 ἀπορροῆς,
528 1122 623 1175 καί⁵
665 1121 766 1193 τῆς
815 1122 902 1193 ἐφ’
939 1124 1175 1197 ἑκάτερα
1234 1126 1437 1181 τούτων
1484 1130 1625 1183 κατά
1660 1131 1760 1202 τὴν

163 1216 284 1271 τῶν
337 1216 638 1287 ποιοτήτων
691 1217 1047 1287 ἐπικράτειαν
1110 1218 1369 1288 συνεχοῦς
1418 1219 1760 1285 ἀλλοιώσεως

163 1308 465 1380 ἐλευθέρου
511 1309 911 1379 τυγχάνοντος,
976 1303 1065 1364 οἷα
1122 1311 1186 1382 δὴ
1253 1312 1352 1383 τῆς
1407 1313 1549 1367 κατά
1598 1314 1759 1386 χάριν

164 1402 357 1475 (241
394 1401 470 1472 ιι.)
505 1401 804 1466 ἀθανασίας
831 1402 931 1457 οὑκ
980 1401 1357 1474 ἀμοιροῦντος,
1409 1405 1503 1460 καὶ
1533 1405 1631 1477 τὴν
1661 1406 1759 1461 νῦν

166 1493 553 1566 μαστιγοῦσαν
576 1495 739 1551 αὑτὸν
765 1498 875 1561 τοῖς
898 1496 1097 1565 ἑαυτῆς
1127 1496 1375 1569 κέντροις
1422 1497 1627 1571 φθορὰν
1655 1500 1758 1561 οὑκ

166 1585 417 1657 ἔχοντος,
455 1585 570 1641 ἀλλ’
592 1586 786 1656 ἑτέραν
811 1586 1053 1657 δηλονότι
1089 1587 1408 1660 πρέπουσαν
1443 1590 1591 1663 αὑτῷ
1616 1594 1757 1663 κρᾶ-

166 1695 260 1731 σιν
312 1677 409 1732 τοῦ
465 1677 737 1749 σώματος,
793 1678 1027 1749 ἀμάχοις
1085 1680 1182 1733 καὶ
1247 1680 1447 1749 ἁπλαῖς
1507 1683 1760 1756 ποιότησι

166 1769 563 1842 συνεχομένην.
614 1770 750 1826 Καθ’
777 1770 843 1841 ἢν
888 1770 1094 1842 γυμνὸς
1133 1767 1200 1842 ἦν
1234 1773 1262 1825 ό
1299 1773 1514 1846 πρῶτος
1541 1775 1754 1848 ἄνθρωφ

166 1878 299 1928 πσς,
346 1862 444 1932 οὺχ
493 1860 568 1925 ὠς
611 1861 850 1932 ἄσαρκος
894 1862 987 1915 καὶ
1026 1861 1337 1933 ἀσώματος,
1380 1865 1494 1919 ἀλλ’
1544 1867 1621 1931 ὡς
1656 1868 1756 1941 τὴν

166 1953 488 2025 παχυτέραν
538 1953 639 2023 τὴν
705 1952 883 2022 σάρκα
942 1952 1204 2008 ποιοῦσαν
1251 1955 1345 2009 καὶ
1404 1955 1603 2029 θνητὴν
1658 1961 1755 2014 καὶ

164 2048 466 2107 ἀντίτυπον
499 2047 699 2119 κρᾶσιν
736 2047 836 2100 οὑκ
859 2045 1018 2117 ἔχων.
1055 2046 1209 2100 Κατὰ
1231 2047 1419 2103 τοῦτον
1446 2050 1539 2105 τὸν
1579 2050 1754 2127 μέγαν

163 2139 497 2199 διδάσκαλον
543 2140 783 2209 ἀτέχνως
834 2155 892 2191 τε
948 2138 1043 2208 ἔζη
1093 2139 1169 2211 μὴ
1219 2140 1608 2212 διαπνεόμενος
1654 2142 1753 2214 τὴν

164 2232 323 2297 ἅπαξ
354 2232 626 2296 οὑσιωδῶς
659 2232 902 2285 δοθεῖσαν
939 2230 1088 2302 αὑτῷ
1123 2234 1359 2304 φυσικὴν
1396 2232 1633 2297 εὐεξίαν,
1659 2233 1754 2289 καὶ

165 2325 469 2396 περιϐολῆς
506 2324 748 2395 ὑπῆρχεν
782 2322 1106 2396 ἀπροσδεὴς,
1148 2324 1235 2378 διά
1282 2342 1341 2378 τε
1383 2325 1483 2396 τὴν
1527 2324 1754 2381 ἐνοῦσαν

165 2415 444 2468 ἀπάθειαν
506 2414 768 2485 αἰσχύνην
828 2415 903 2485 μὴ
962 2413 1312 2485 ὑφορώμενος
1381 2416 1477 2469 καὶ
1542 2415 1603 2469 τὸ
1678 2414 1761 2490 μὴ

165 2510 408 2579 κρυμοῖς
473 2509 567 2561 καὶ
636 2507 895 2561 θάλπεσιν
958 2501 1119 2561 ἅὺτὺν
1186 2508 1528 2575 ὑποκεῖσθαι,
1591 2509 1658 2563 δι’
1720 2510 1759 2566 ἃ

166 2597 413 2670 μαλιστα
460 2597 562 2668 τῆς
615 2616 673 2652 τε
733 2598 842 2651 τῶν
893 2600 1058 2652 οἴκων
1115 2599 1210 2652 καὶ
1272 2598 1381 2653 τῶν
1431 2600 1758 2671 ἐσθημάτων

164 2693 469 2769 περιϐολῆς
497 2693 525 2747 ό
556 2694 757 2768 τρόπος
781 2696 895 2760 τοῖς
928 2693 1236 2768 ἀνθρώποις
1271 2697 1635 2769 ἐπινενόηται.

549 2971 744 3040 Ἄλλη
772 2971 905 3041 περὶ
934 2970 1121 3027 αὑτοῦ
1154 2972 1385 3043 θεωρία.

246 3086 319 3139 Ἢ
371 3086 581 3158 μήποτε
617 3086 711 3141 καὶ
742 3086 810 3141 ὲκ
854 3086 965 3142 τῶν
996 3086 1092 3141 νῦν
1142 3088 1273 3159 περὶ
1321 3089 1418 3147 τὸν
1464 3090 1753 3164 ἄνθρωπον

1860 581 1993 639 Δάαι
2023 585 2349 654 propatoris
2385 587 2548 669 quale
2586 588 2759 646 fuerit
2784 602 2913 649 ante
2939 599 3432 668 transgressionem

1860 672 2237 733 dilerentiam
2280 677 2351 733 ab
2381 695 2450 735 eo
2481 681 2629 751 quod
2682 682 2739 738 in
2762 683 2926 741 nobis
2951 686 3116 745 ho’die
3153 699 3435 760 spectatur

1859 776 1917 823 et
1962 768 2179 824 obtinet
2219 770 2533 841 signiﬁcare
2562 773 2756 830 volens
2807 777 3069 848 magister
3107 778 3227 835 hzee
3274 782 3430 845 dicit.

1858 875 1983 915 cum
2007 860 2101 915 illo
2136 860 2393 919 videlicet
2414 873 2661 936 tempore
2710 867 2879 923 homo
2906 869 3270 939 qualitatibus
3292 890 3431 929 con-

1861 952 2046 1007 trariis
2068 960 2123 1007 et
2147 953 2251 1008 sibi
2277 955 2513 1012 invicem
2543 958 2859 1014 exitialibus
2887 961 3192 1017 secundum
3224 972 3434 1035 tempe-

1860 1054 2167 1101 ramentum
2210 1049 2464 1119 corporis
2493 1065 2605 1106 non
2632 1050 3062 1120 distraheretur,
3090 1055 3187 1112 sed
3212 1056 3434 1126 quietus

1859 1148 2129 1203 maneret,
2165 1139 2234 1195 ab
2254 1141 2403 1196 omni
2439 1141 2589 1197 ﬂuxu
2616 1152 2674 1198 et
2699 1143 2921 1200 deﬂuxu
2966 1147 3232 1213 intactus,
3266 1157 3323 1207 et
3361 1147 3434 1207 ab

1858 1240 2125 1299 perpetua
2155 1248 2210 1286 in
2247 1233 2395 1288 hunc
2438 1234 2663 1291 illumve
2713 1252 2815 1307 pro
2845 1237 3157 1310 principatu
3194 1242 3435 1311 qualita—

1859 1331 1975 1377 tum
2006 1324 2386 1381 immutatione
2409 1327 2573 1393 liber,
2601 1338 2791 1401 utpote
2817 1332 2915 1402 qui
2963 1333 3269 1389 secundum
3302 1351 3432 1406 gra-

1858 1413 1991 1473 tiam
2034 1431 2138 1472 nee
2184 1417 2618 1476 immortalitatis
2666 1431 2814 1478 esset
2881 1439 3105 1494 expers,
3163 1441 3269 1481 nec
3326 1427 3429 1482 ha-

1857 1504 2017 1565 heret
2042 1506 2328 1563 interitum
2360 1509 2456 1579 qui
2506 1525 2656 1567 nunc
2700 1526 2828 1567 eum
2879 1511 3120 1568 stimulis
3166 1514 3432 1585 exagitat,

1856 1613 2051 1654 verum
2079 1599 2229 1654 aliud
2273 1601 2535 1657 nimirum
2572 1603 2831 1660 idoneum
2878 1605 2983 1676 ipsi
3014 1606 3267 1677 corporis
3290 1615 3434 1667 tem-

1858 1700 2261 1760 peramentum,
2308 1693 2677 1751 concordibus
2724 1695 3179 1769 simplicibusque
3198 1697 3434 1769 qualita-

1860 1782 2012 1838 tibus
2058 1784 2447 1843 constrictum.
2515 1785 2832 1842 Secundum
2881 1788 3031 1859 quod
3076 1789 3260 1846 nudus
3314 1798 3432 1849 erat

1860 1876 2072 1947 primus
2091 1877 2278 1943 homo,
2306 1894 2419 1934 non
2433 1879 2589 1949 quasi
2613 1878 2733 1937 sine
2772 1895 2938 1941 carne
2963 1897 3029 1939 ac
3053 1897 3310 1953 corpore.
3333 1881 3430 1939 sed

1860 1978 1923 2033 ut
1957 1971 2200 2027 crassius
2220 1971 2366 2042 quod
2431 1988 2656 2030 carnem
2709 1973 2896 2041 eﬂicit,
2923 1976 3213 2032 mortalem
3240 1983 3297 2031 et
3320 1960 3436 2031 'du-

1861 2075 2000 2127 ram,
2033 2070 2535 2133 temperamentum
2567 2081 2677 2121 non
2708 2065 2940 2124 habens.
2978 2065 3298 2124 Secundum
3323 2081 3435 2121 ma-

1860 2170 2027 2225 gnum
2082 2154 2230 2211 hunc
2272 2156 2557 2213 doctorem
2596 2168 2751 2217 certe
2791 2159 3013 2217 vivebat
3064 2160 3139 2217 ita
3182 2168 3245 2216 ut
3287 2160 3433 2217 bona

1861 2247 2111 2316 corporis
2135 2248 2256 2319 ejus
2287 2248 2555 2309 habitudo
2576 2252 2867 2317 naturalis,
2902 2268 3009 2324 qua
3034 2254 3204 2310 semel
3244 2268 3434 2312 essen-

1863 2340 2068 2401 tialiter
2120 2352 2269 2398 esset
2320 2342 2653 2414 imper-titus,
2681 2359 2794 2411 non
2826 2354 3214 2412 evanesceret,
3261 2354 3433 2417 utque

1858 2429 1978 2501 ipse
2016 2429 2394 2502 integumento
2420 2446 2535 2488 non
2554 2441 2763 2505 egeret,
2796 2449 2924 2491 eum
2947 2434 3117 2490 nullis
3154 2434 3431 2505 passioni-

1855 2522 1960 2578 bus
1987 2523 2263 2589 obnoxius
2291 2524 2560 2596 pudorem
2592 2525 2743 2583 haud
2793 2534 3094 2592 metueret,
3118 2540 3301 2597 neque
3330 2525 3433 2580 l‘ri-

1854 2613 2083 2684 goribus
2129 2624 2189 2673 et
2239 2616 2488 2674 aestubus
2535 2616 2821 2688 subjectus
2879 2625 3045 2682 esset.
3092 2630 3328 2688 quorum
3377 2618 3434 2671 in

1855 2702 2054 2775 primis
2095 2719 2262 2764 causa
2291 2704 2559 2765 domuum
2598 2713 2659 2764 et
2692 2704 3157 2765 vestimentorum
3210 2705 3429 2776 integu-

1854 2796 2026 2859 πιθοιὶ
2049 2795 2394 2857 consuetudo
2418 2795 2490 2857 ab
2511 2795 2834 2857 hominibus
2870 2797 3187 2868 excogitata
3217 2807 3324 2856 est.

2115 2974 2300 3032 Altera
2334 2974 2398 3029 de
2421 2974 2603 3033 eadem
2629 2973 2742 3029 loco
2789 2972 3183 3044 contemplatio.

1931 3089 2032 3146 Vel
2064 3087 2300 3145 fortasse
2339 3085 2509 3143 etiam
2527 3101 2598 3142 ex
2626 3084 2711 3142 eis
2746 3099 2870 3156 quae
2907 3083 3077 3140 hodie
3102 3082 3163 3140 in
3208 3083 3434 3142 homine

165 3180 564 3253 Θεωρουμένων
588 3181 658 3234 τά
691 3180 815 3235 τότε
861 3182 989 3252 περ)⁵
1022 3180 1184 3236 αὑτὸν
1214 3181 1344 3237 ὄντα
1372 3185 1437 3253 τῇ
1475 3185 1756 3256 περιαιρέ.

1863 3187 2187 3252 spectantur
2212 3177 2715 3250 comprehensione
2732 3190 2929 3235 eorum
2965 3190 3090 3246 quae
3113 3191 3265 3233 nunc
3288 3175 3342 3232 in
3364 3190 3434 3232 eo

168 3289 258 3326 σει
300 3271 411 3329 τῶν
463 3270 558 3329 νῦν
614 3272 745 3342 περὶ
798 3271 961 3326 αὑτὸν
1015 3271 1185 3326 ὄντων
1237 3273 1665 3345 παραδείκνυσιν
1722 3278 1753 3333 ὁ

161 3364 507 3430 διδάσκαλος.
551 3366 799 3419 Κινείται
840 3366 950 3436 γὰρ
992 3364 1088 3418 νῦν
1130 3366 1159 3419 ὁ
1198 3365 1507 3437 ἄνθρωπος,
1560 3369 1755 3442 ἢπερὶ

165 3457 479 3526 φαντασίας
507 3457 737 3527 ἀλόγους
763 3456 951 3510 παθῶν
981 3456 1039 3522 ἐξ
1066 3457 1280 3529 ἀπάτης
1306 3458 1393 3514 δεά
1422 3461 1752 3533 φιληδονίαν,

164 3551 205 3623 ἢ
235 3552 366 3623 περὶ
392 3551 582 3620 λόγους
609 3552 814 3623 τεχνῶν
831 3555 895 3606 ἐκ
913 3554 1287 3623 περιστάσεως
1311 3554 1400 3609 διὰ
1420 3554 1518 3623 τὴν
1540 3555 1752 3626 χρείαν,

163 3643 207 3714 ἢ
247 3643 378 3715 περὶ
428 3645 690 3713 φυσικοὺς
725 3644 918 3714 λόγους
959 3645 1023 3701 ὲκ
1065 3645 1161 3701 τοῦ
1203 3646 1368 3717 νόμου
1398 3649 1498 3717 τῆς
1538 3646 1756 3716 φύσεως

163 3736 260 3793 διὰ
291 3736 551 3808 μάθησιν,
590 3730 665 3792 ὧν
687 3738 842 3793 οὑδὲν
867 3738 989 3793 κατ’
1027 3739 1204 3811 ἀρχὴν
1243 3740 1470 3802 εἰκότως
1498 3740 1557 3806 ἐξ
1588 3738 1756 3808 ἀνάγ-

164 3848 276 3901 κης
306 3826 457 3885 εἷλκε
500 3832 590 3884 τὸν
617 3832 923 3903 ἄνθρωπον,
976 3833 1233 3903 ὑπεράνω
1270 3832 1489 3887 πάντων
1530 3832 1757 3903 γενόμε-

164 3939 284 3979 νιν.
317 3923 475 3978 Οὕτω
502 3924 611 3996 γὰρ
637 3924 874 3996 ἔπρεπεν
912 3919 1051 3978 εἶναι
1088 3926 1180 3977 τὸν
1209 3923 1305 3978 ἀπ’
1335 3924 1531 3995 ἀρχῆς,
1565 3925 1756 3995 μηδενὶ

165 4013 235 4073 τὸ
293 4014 513 4070 σύνολον
563 4013 982 4088 περισπώμενον
1021 4013 1129 4067 τῶν
1170 4014 1265 4068 ὑπ’
1309 4014 1496 4077 αὑτὸν,
1543 4014 1577 4082 ἢ
1624 4015 1756 4087 περὶ

166 4104 359 4171 αὑτὸν,
398 4103 432 4177 ἦ
469 4106 591 4160 κατ’
626 4104 809 4167 αὑτὸν,
842 4103 940 4158 καὶ
990 4102 1127 4175 πρὸς
1158 4103 1440 4157 τελείωσιν
1500 4104 1617 4169 ἑνὸς
1662 4104 1758 4175 μό-

166 4213 266 4252 νου
293 4197 711 4269 προσδεόμενον,
750 4195 851 4267 τῆς
906 4195 1043 4267 πρὸς
1075 4196 1165 4250 τὸν
1195 4196 1339 4267 ὑπὲρ
1371 4196 1554 4263 αὑτὸν,
1611 4196 1757 4266 φημὶ

165 4288 229 4342 δὲ
280 4284 373 4342 τδν
417 4287 569 4353 Θεὸν,
622 4286 742 4340 καθ’
794 4285 920 4356 ὅλην
969 4286 1068 4357 τὴν
1124 4286 1471 4357 ἁγαπητικὴν
1525 4285 1758 4356 δύναμιν

168 4383 406 4455 ἀσχέτου
436 4383 730 4453 κινήσεως.
785 4380 1028 4451 Ἀπαθὴς
1075 4380 1181 4451 γὰρ
1209 4380 1391 4449 χάριτι
1431 4377 1506 4431 ὢν
1536 4379 1757 4449 ἀπάτην

168 4472 367 4526 παθῶν
424 4471 725 4542 φαντασίας
793 4470 860 4525 δι’
913 4468 1113 4541 ἡδονῆς
1185 4469 1247 4521 οὑ
1306 4468 1600 4539 προσίετοο
1659 4469 1754 4521 καὶ

1854 3285 1986 3332 sunt
2010 3273 2285 3338 instituta,
2326 3271 2591 3344 magister
2618 3268 2892 3342 signiﬁcat
2928 3283 2997 3326 ea
3024 3284 3150 3341 qum
3198 3278 3319 3327 tum
3373 3269 3431 3335 in

1853 3382 1921 3423 eo
1960 3366 2187 3421 iuerint.
2220 3358 2473 3439 Movetur
2522 3362 2675 3420 enim
2720 3375 2871 3419 nunc
2896 3361 3091 3426 homo,
3138 3361 3228 3417 vel
3279 3361 3433 3418 circa

1854 3458 2111 3530 ﬁgmenta
2137 3455 2479 3513 irrationalia
2533 3454 2855 3527 passionum
2898 3468 3001 3525 per
3038 3452 3292 3509 fraudem
3335 3469 3434 3509 vo-

1852 3551 2079 3621 luptatis
2105 3548 2365 3619 cupidine
2401 3546 2684 3613 inductus,
2723 3545 2812 3601 vel
2861 3544 3008 3601 circa
3060 3544 3307 3601 rationes
3341 3562 3432 3601 ar-

1852 3645 1995 3700 tium
2024 3659 2091 3699 ex
2131 3638 2547 3697 circumstantia
2573 3638 2815 3695 utilitate
2844 3637 3133 3705 invitatus,
3157 3637 3247 3694 vel
3282 3637 3432 3699 circa

1854 3736 2142 3792 naturales
2167 3734 2414 3790 rationes
2438 3748 2507 3788 ex
2531 3732 2651 3803 lege
2680 3738 2895 3786 natura:
2934 3729 3273 3801 cognitionis
3307 3746 3432 3802 gra-

1854 3830 1953 3895 tia,
1986 3844 2225 3901 quorum
2254 3826 2394 3881 nihil
2432 3823 2695 3880 videlicet
2715 3824 2771 3879 in
2797 3822 3079 3895 principio
3122 3823 3428 3889 hominem,

1854 3924 2023 3979 rebus
2072 3920 2334 3977 omnibus
2382 3918 2733 3989 superiorem
2780 3916 3032 3984 factum,
3082 3917 3431 3974 necessitatis

1852 4015 2076 4071 vinculo
2126 4012 2399 4070 trahebat.
2462 4008 2751 4082 Ejusmodi
2802 4008 3010 4073 etenim
3062 4008 3431 4067 conveniebat

1852 4124 1975 4165 esse
1993 4107 2299 4179 principem
2326 4102 2633 4170 homibem,
2665 4110 2728 4161 ut
2780 4117 3012 4174 prorsus
3049 4102 3121 4159 ab
3164 4103 3316 4161 nullo
3335 4118 3431 4159 eo-

1852 4218 1974 4258 rum
2002 4217 2125 4272 quze
2153 4208 2251 4255 aut
2282 4198 2532 4271 subjecta
2559 4196 2666 4255 sibi
2697 4206 2795 4257 aut
2813 4195 3026 4253 circum
3061 4209 3182 4253 sese
3207 4196 3431 4267 iuxtave

1854 4296 2083 4351 haberet
2134 4292 2571 4357 distraheretur,
2626 4297 2686 4347 et
2740 4289 2809 4349 ad
2845 4288 3264 4360 beriectionem
3319 4304 3433 4344 uno

1854 4387 2034 4443 solum
2066 4384 2364 4454 indigeret,
2397 4382 2453 4438 id
2474 4389 2561 4445 est
2588 4381 2836 4441 motione
2862 4379 2932 4441 ad
2953 4395 3083 4438 eum
3131 4379 3228 4451 qui
3254 4379 3434 4443 homi-

1853 4494 1981 4533 nem
2037 4484 2284 4545 superat,
2322 4477 2520 4541 Deum,
2570 4474 2827 4544 inquam,
2870 4473 3176 4530 secundum
3209 4486 3432 4527 omnem

167 4565 479 4640 ἀπροσδεὴς
510 4565 772 4636 ὑπάρχων
823 4563 922 4634 τῆς
975 4562 1102 4631 περὶ
1130 4562 1324 4631 τέχνας
1359 4562 1753 4633 περιστατικῆς

1857 4568 2143 4624 charitatis
2169 4567 2279 4621 vim
2306 4566 2614 4622 irrevocata
2638 4573 2807 4634 atque
2833 4563 3083 4619 victrice.
3122 4563 3261 4619 Cum
3281 4565 3432 4619 enim

166 4661 419 4730 ἀνάγκης
463 4658 552 4712 διὰ
599 4657 698 4729 τὴν
740 4655 927 4728 χρείαν
978 4653 1264 4725 ἐλεύθερος
1308 4647 1376 4723 ἦν
1402 4669 1415 4681 ·
1464 4651 1559 4705 καὶ
1590 4651 1751 4720 σοφὸς

166 4751 248 4806 ὢν
274 4753 374 4823 τῆς
403 4750 533 4823 περὶ
576 4748 674 4819 τὴν
719 4746 880 4816 φύσιν
910 4745 1142 4815 θεωρίας
1177 4743 1432 4814 ὑπεράνω
1465 4742 1751 4814 καθειστην

170 4862 261 4900 κει
320 4843 409 4902 διά
464 4841 562 4913 τὴν
618 4838 839 4909 γνῶσιν.
903 4837 1068 4891 Οὑδὲν
1117 4832 1209 4892 οὖν
1263 4832 1409 4906 εἶχεν
1467 4836 1496 4889 ό
1538 4835 1752 4905 πρῶτος

169 4936 461 5009 ἄνθρωπος
510 4930 713 5002 μεταξὺ
762 4928 898 4983 Θεοῦ
952 4929 1046 4983 καὶ
1093 4926 1260 4983 αὑτοῦ
1313 4926 1751 4999 προϐεϐλημένον

170 5030 315 5102 πρὸς
347 5026 571 5097 εἴδησιν,
623 5023 803 5097 (24],
843 5021 913 5093 b)
964 5021 1058 5075 καὶ
1104 5019 1312 5077 κωλῦον
1348 5019 1513 5073 αὑτοῦ
1558 5017 1656 5089 τὴν
1683 5018 1751 5072 δι’

171 5121 398 5190 ἀγάπης
452 5118 773 5187 αὐθαίρετον
822 5112 967 5168 κατά
1022 5114 1122 5184 τὴν
1175 5112 1311 5184 πρδς
1367 5111 1499 5165 Θεὸν
1542 5111 1756 5180 κίνησιν

168 5210 550 5284 γενησομένην
594 5206 951 5277 συγγένειαν,
1007 5206 1101 5261 καὶ¹
1154 5204 1240 5259 διὰ
1287 5204 1446 5259 τοῦτο
1496 5224 1514 5255 ι
1550 5204 1754 5275 γυμνὸς

169 5308 243 5379 τῇ
292 5302 559 5374 ἁπλότητι
611 5319 631 5355 ι
687 5297 1105 5370 προσηγορεύθη
1165 5296 1243 5369 τῷ
1303 5297 1628 5367 διδασκάλῳ,
1679 5297 1754 5360 ὡς

171 5397 436 5468 ὑπεράνω
468 5394 650 5469 πάσης
675 5394 773 5463 τῆς
808 5391 949 5445 κατὰ
971 5389 1133 5461 φύσιν
1164 5390 1424 5462 ὑπάρχων
1452 5387 1752 5460 ζητήσεως,

173 5494 273 5547 καὶ
323 5510 343 5544 ι
377 5490 488 5565 ζωῇ
518 5492 586 5560 τῇ
636 5487 868 5558 ἀτέχνῳ,
902 5504 920 5538 ι
963 5484 1039 5549 ὡς
1084 5485 1263 5554 πάσης
1291 5482 1495 5555 τεχνῶν
1545 5481 1755 5545 ἐνδεοῦς

174 5572 503 5655 καθαρεύων
533 5579 699 5649 ζωῆς,
728 5578 823 5631 καὶ
861 5596 875 5629 ι
905 5575 1028 5648 δίχα
1065 5575 1265 5639 παντὸς
1306 5574 1757 5644 ὲπικαλὺμματος

178 5676 277 5730 καὶ
324 5671 731 5746 προϐλήματος,
766 5689 785 5722 ι
822 5664 909 5722 οἷα
956 5668 1055 5739 τῆς
1103 5667 1240 5738 πρὸς
1285 5667 1356 5721 τὰ
1390 5665 1623 5737 αἰσθητά
1646 5664 1755 5718 τῶν

178 5764 488 5836 αἰσθήσεων
509 5760 788 5833 ὲμπαθοῦς
807 5758 1125 5830 συμπλοκῆς
1146 5758 1429 5828 τυγχάνων
1449 5757 1754 5827 ἐλεύθερος,

178 5855 265 5924 εἷς
298 5855 518 5927 ὑπήχθη
545 5854 768 5916 δικαίως
798 5851 1045 5922 ὕστερον,
1082 5848 1331 5922 ἐλλείψεις
1369 5850 1465 5923 τὴν
1500 5850 1755 5921 ἔλλειψιν,

353 5948 624 6012 Pnnon.
656 5945 772 6008 Gs.
807 5942 964 6007 XCI.

1856 4670 1956 4727 per
2006 4655 2239 4725 gratiam
2282 4649 2638 4724 passionibus
2694 4649 2969 4709 obnoxius
3020 4651 3193 4709 nullis
3260 4660 3429 4715 esset.

1858 4746 2106 4802 fraudem
2132 4744 2452 4817 passionum
2478 4758 2670 4799 rerum
2702 4741 2952 4799 inanium
2984 4740 3173 4798 studio
3197 4757 3308 4798 non
3336 4742 3433 4798 ad-

1858 4841 2040 4907 misit;
2077 4848 2133 4895 et
2165 4853 2293 4894 cum
2330 4837 2505 4893 nihilo
2536 4835 2832 4907 indigeret,
2866 4834 3071 4894 artium
3104 4850 3323 4906 quoque
3362 4835 3431 4889 ah

1858 4933 2057 4989 infesta
2099 4940 2321 5003 propter
2352 4927 2714 5001 indigentiam
2758 4926 3090 4984 necessitate
3122 4927 3265 4983 liber
3291 4926 3429 4990 fuit;

1856 5034 1917 5082 ct
1951 5040 2077 5081 cum
2105 5024 2328 5095 sapiens
2374 5030 2545 5087 esset,
2568 5029 2786 5076 naturae
2824 5017 3288 5089 contemplatione
3313 5027 3433 5075 erat

1858 5118 2114 5188 superior
2135 5116 2312 5171 factus
2338 5129 2438 5185 per
2466 5112 2859 5184 cognitionem.
2884 5111 3030 5167 Nihil
3065 5124 3199 5182 ergo
3219 5109 3435 5180 primus

1860 5211 2027 5265 homo
2086 5209 2230 5265 inter
2283 5208 2457 5263 Deum
2519 5212 2577 5260 et
2628 5204 3022 5275 semeptipsum
3074 5203 3319 5259 habebat
3361 5203 3433 5259 ad

1859 5302 2147 5359 scientiam
2202 5298 2522 5369 obiectum,
2563 5296 2822 5367 quodque
2866 5311 3024 5352 suam
3087 5312 3186 5367 per
3245 5296 3433 5352 chari-

1861 5403 2027 5450 tatem
2059 5389 2430 5447 voluntariam
2482 5388 2787 5449 secundum
2819 5388 3121 5445 motionem
3161 5386 3232 5443 ad
3258 5388 3435 5443 Deum

1861 5488 2101 5542 futuram
2124 5482 2420 5554 impediret
2449 5481 2854 5554 cognationem,
2881 5490 2940 5538 et
2966 5481 3177 5537 idcirco
3205 5500 3223 5532 ι
3249 5479 3433 5543 nudus

1862 5576 2259 5648 simplicitate»
2325 5591 2357 5629 a
2390 5575 2653 5646 magistro
2708 5583 2795 5630 est
2848 5572 3175 5644 appellatus,
3240 5578 3433 5641 utpote

1862 5667 2115 5737 superior
2146 5664 2387 5720 naturali
2442 5664 2721 5721 desiderio
2764 5664 2944 5735 factus
2980 5662 3154 5729 omni,
3193 5672 3250 5718 et
3281 5660 3433 5715 «vita

1863 5757 2365 5820 artiliciocarcnte,
2392 5776 2410 5808 ι
2441 5765 2632 5827 utpote
2688 5757 2837 5811 omni
2878 5756 2988 5811 vita
3016 5755 3230 5810 artibus
3292 5752 3435 5809 indi-

1864 5858 2024 5921 gonte
2046 5864 2238 5919 purus,
2269 5857 2325 5905 et
2355 5868 2373 5901 ι
2396 5849 2577 5904 omnis
2607 5848 2963 5923 integumenti
3014 5858 3070 5902 et
3099 5845 3429 5902 munimenti

2966 5939 3041 5998 ῑι3
