4026 6288
547 386 708 454 ’135δί

1741 379 1802 438 S.
1840 372 2136 438 MAXIM!
2171 366 2682 436 CONFESSORIS

3709 367 3850 432 1356

560 515 776 571 expers,
797 517 815 550 ι
847 497 1049 569 quippe
1067 495 1162 568 qui
1185 496 1326 551 liber
1349 503 1468 551 erat
1496 511 1525 549 a
1547 495 1890 550 connexione
1921 491 2139 548 all‘ecti-

2261 489 2338 543 ιαὶ
2375 488 2472 542 τοῦ
2525 488 2740 558 πλήρης
2788 481 2927 538 εἶναι
2984 486 3044 538 τὸ
3095 468 3246 550 κενὸς
3307 489 3528 542 πάντων
3578 485 3847 556 γενέσθαι

563 595 668 649 bus
687 593 846 662 plena
863 605 1124 647 sensuum
1145 603 1268 644 cum
1298 587 1674 652 sensibilibns,
1713 586 1917 657 quibus
1946 592 2137 655 postea

559 697 644 740 est
653 687 780 756 jure
808 683 1090 748 subactus,
1120 697 1244 737 cum
1262 680 1535 735 defectum
1564 695 1756 750 passus
1771 685 1936 742 esset,
1975 690 2037 729 ac
2064 674 2143 729 lo-

2245 579 2586 648 αὑθαιρέτως
2619 579 2897 649 ἑλόμενος,
2931 579 3081 632 κάτω
3118 580 3407 651 γενόμενος
3449 574 3530 636 ὧν
3575 579 3852 651 ὑπεράνω

2249 673 2494 744 φυσικῶς
2521 673 2734 743 ὑπῆρχε
2759 671 3141 742 γεγενημένος.

559 793 626 832 co
661 776 1024 847 plenitudinis
1041 775 1288 830 omnium
1316 772 1645 828 vacuitatem
1659 778 1852 841 sponte
1874 767 2179 834 maluisset,
2198 765 2427 822 inferior
2455 764 2706 820 redditus
2724 764 2930 835 quibus
2943 764 3268 819 naturaliter
3278 773 3404 820 ante
3420 765 3695 836 superior
3705 770 3851 817 erat.

843 950 967 1006 Alia
1003 949 1067 1003 de
1097 949 1274 1003 eodem
1311 947 1427 1002 loco
1464 945 1859 1018 contemplatio.

619 1065 740 1122 7’Vel
765 1063 998 1120 fortasse
1037 1062 1323 1127 «nudus,a
1364 1069 1425 1116 ut
1481 1061 1765 1132 magister,
1813 1058 1969 1114 varia
1995 1059 2141 1115 circa

549 1169 820 1215 maturam
867 1156 1330 1226 contemplatione
1376 1161 1434 1209 et
1471 1153 1810 1226 cognitione,
1867 1162 1923 1208 et
1987 1151 2143 1205 «vita

567 1250 804 1306 artiﬁcio
840 1257 1081 1313 carente,
1112 1267 1130 1298 ι
1189 1257 1342 1302 extra
1401 1244 1761 1315 multiplicem
1792 1244 1935 1300 circa
1971 1242 2144 1298 actio-

566 1358 695 1398 nem
719 1349 775 1397 et
802 1341 1065 1395 virtutem
1095 1339 1402 1394 collocatus
1434 1337 1685 1393 fraudem
1711 1336 2019 1392 secundum
2046 1336 2146 1390 ha-

567 1434 746 1489 bitum
801 1431 1092 1503 possidens
1141 1432 1412 1486 virtutum
1483 1430 1726 1485 rationes
1782 1428 2140 1498 impollutas,

573 1526 910 1595 «omnisque
962 1524 1325 1596 integumenti
1370 1532 1428 1578 et
1473 1521 1801 1578 munimenti
1851 1535 2084 1591 expers,
2117 1539 2136 1571 ι

539 1617 929 1689 ρ-ἱιιιοιιίεεηιίιι
975 1632 1171 1672 eorum
1226 1615 1637 1686 quamvidentur
1663 1613 1906 1670 sensuali
1939 1614 2146 1675 {ad-co-

566 1709 1492 1782 gnoscenda-divina.principaliter
1517 1724 1626 1763 non
1647 1723 1837 1780 egens,
1869 1708 1989 1763 solo
2014 1706 2148 1762 sim-

568 1802 712 1873 plice
764 1801 1066 1857 uniformis
1115 1810 1172 1856 et
1227 1800 1516 1872 simplicis,
1574 1815 1807 1871 quaeque
1837 1799 2142 1855 secundum

569 1895 742 1950 Deum
763 1903 893 1950 sunt
913 1893 1360 1958 conservatricis,
1385 1893 1610 1948 virtutis
1631 1900 1797 1962 atque
1814 1889 2146 1962 cognitionis

2609 947 2802 1014 ’Ἄλλη
2834 944 2967 1012 περὶ
2992 943 3178 998 αὐτοῦ
3210 944 3439 1012 θεωρία.

2313 1063 2384 1115 Ἢ
2422 1063 2640 1132 μήποτε
2693 1079 2712 1113 ι
2751 1058 2988 1130 γυμνὸς,
3019 1077 3038 1110 ι
3099 1058 3173 1123 ὥς
3215 1076 3379 1130 φησιν
3423 1060 3452 1112 ὁ
3479 1057 3849 1122 διδάσκαλος,

2240 1152 2341 1223 τῆς
2394 1151 2524 1224 περὶ
2581 1149 2744 1220 φύσιν
2804 1149 3061 1219 ποικίλης
3115 1150 3347 1219 θεωρέας
3404 1149 3498 1202 καί
3548 1148 3846 1217 γνώσεως,

2242 1245 2336 1298 καὶ
2370 1261 2388 1295 ι
2423 1243 2536 1315 ζωῇ
2567 1246 2634 1314 τῇ
2663 1240 2897 1313 ἀτέχνῳ,
2925 1261 2944 1292 ι
2981 1242 3080 1312 τῆς
3111 1244 3241 1310 περί
3272 1241 3470 1312 πρᾶξιν
3501 1242 3601 1294 καὶ
3631 1241 3851 1313 ἀρετὴν

2251 1333 2593 1405 πολυτρόπου
2654 1333 2936 1404 μεθοδείας
2987 1332 3248 1403 ὑπάρχων
3300 1333 3484 1395 ἐκτὸς.
3544 1334 3706 1386 κατὰ
3750 1334 3849 1403 τὴν

2250 1427 2364 1491 ἕξιν
2396 1425 2534 1497 ἔχων
2562 1425 2690 1489 τοὺς
2716 1423 2825 1479 τῶν
2847 1423 3060 1492 ἀρετῶν
3087 1422 3424 1494 άμολύντους
3452 1423 3656 1491 λόγους
3687 1463 3705 1487 ,
3757 1427 3848 1478 καὶ

2258 1537 2276 1571 ι
2307 1518 2430 1589 δίχα
2481 1517 2686 1582 παντὸς
2729 1516 3188 1586 ὲπικαλύμματος
3236 1517 3330 1570 καὶ
3372 1516 3798 1587 προϐλήματος,
3823 1536 3840 1567 ι

2253 1610 2352 1681 τῆς
2401 1612 2488 1663 ἐπ’
2523 1609 2815 1680 αἰσθήσεσι
2874 1609 2984 1662 τῶν
3031 1609 3371 1679 φαινομένων
3415 1607 3660 1672 διανοίας
3715 1609 3848 1679 πρὸς

2254 1701 2586 1773 κατανόησιν
2631 1699 2740 1754 τῶν
2786 1700 2946 1753 θείων
2972 1742 2986 1766 ,
3043 1699 3471 1770 προηγουμένως
3499 1700 3567 1753 οὐ
3596 1699 3845 1772 χρῄζων,

2257 1795 2426 1866 μόνην
2454 1794 2555 1864 τὴν
2582 1791 2760 1861 ἀπλῆν
2785 1791 2889 1863 τῆς
2914 1792 3179 1856 ὲνοειδοῦς
3197 1790 3302 1846 ’καὶ
3329 1792 3507 1864 ἁπλῆς
3532 1795 3628 1847 καὶ
3651 1811 3845 1847 συνεκ-
3909 1830 3912 1832 -

2251 1886 2416 1957 τικῆς
2463 1886 2572 1940 τῶν
2607 1885 2746 1958 μετὰ
2776 1885 2909 1938 Θεὸν
2943 1878 3147 1956 ἀρετῆς
3177 1901 3238 1939 τε
3286 1885 3382 1939 καὶ
3412 1885 3681 1955 γνώσεως
3712 1886 3851 1956 ἔχων

570 1986 916 2042 munimento
970 1993 1220 2049 ornatus,
1258 1983 1432 2054 quod
1465 1982 1701 2038 activam
1762 1991 1818 2037 et
1866 1990 2149 2037 strenuam

2261 1981 2554 2054 προϐολὴν,
2584 1981 2686 2050 τῆς
2712 1979 2799 2032 ἐπ’
2823 1977 3079 2050 ἐνεργείᾳ
3110 1978 3279 2049 μόνης
3300 1979 3572 2048 κινήσεως
3595 1978 3745 2050 πρὸς
3765 1979 3851 2031 Ex-

568 2074 1153 2132 duntaxatmotionem
1183 2073 1254 2129 ad
1304 2073 1731 2144 patefactioncm
1764 2072 2137 2129 voluntariam

568 2168 886 2224 desiderat.-
900 2167 1065 2224 Certe
1090 2168 1428 2239 quicunque
1457 2182 1490 2222 a
1513 2167 1738 2238 generis
1766 2166 1939 2222 nostri
1961 2175 2146 2221 aucto-

571 2259 650 2314 ris
699 2259 856 2328 lapsu
893 2257 1221 2328 philosopha
1286 2257 1502 2312 ratione
1560 2272 1851 2329 resurgere
1883 2258 2139 2328 cupiunt,

567 2347 811 2419 primum
857 2346 1212 2417 passionibus
1248 2361 1500 2417 prorsus,
1551 2345 1752 2401 deinde
1778 2346 2144 2417 occupatione

544 2442 716 2494 circa
764 2439 970 2494 artium
1016 2439 1262 2495 rationes
1304 2439 1432 2494 exui
1459 2438 1752 2510 incipiunt,
1783 2454 1847 2494 ac
1881 2438 2147 2510 denique,

572 2541 865 2603 postquam
931 2531 1237 2586 naturalem
1290 2547 1455 2602 supra
1510 2532 2034 2602 contemplationem
2089 2548 2148 2589 se

568 2625 921 2690 sustulerint,
951 2625 1006 2679 in
1033 2624 1452 2686 immaterialem
1472 2624 1858 2696 cognitionem
1879 2627 2149 2699 introspi-

549 2715 750 2781 ciunt,
798 2714 990 2771 formae
1038 2730 1211 2771 sensu
1235 2730 1531 2786 expresse,
1561 2716 1649 2773 vel
1694 2717 1920 2790 cogitati
1963 2719 2149 2789 prola-

545 2847 551 2851 -
574 2809 726 2864 tione
748 2809 1024 2863 sermonis
1045 2807 1434 2878 comprehensi
1455 2807 1617 2878 plane
1639 2817 1944 2879 expertem,
1960 2825 2152 2882 quem-

547 2903 876 2960 .admodum
908 2903 1054 2958 Deus
1085 2903 1364 2974 principio
1386 2903 1628 2974 primum
1675 2904 1935 2962 ellecerat
1976 2905 2153 2961 homi-

562 3013 725 3064 nem,
755 2995 1088 3068 cognitionis
1128 2995 1484 3066 simplicitate
1538 2997 1764 3069 vitaque
1802 2987 2148 3064 indistracta,

573 3100 632 3145 et
659 3090 780 3161 lege
809 3090 994 3144 carnis
1015 3088 1345 3145 mortiﬁcata
1372 3089 1508 3146 nudi
1551 3090 1703 3148 facti.
1736 3092 2010 3149 Haberem
2046 3093 2154 3147 uti-

571 3196 683 3250 que
712 3180 824 3236 alio
858 3197 1079 3252 quoque
1103 3181 1288 3248 modo,
1323 3191 1380 3239 et
1404 3184 1748 3253 sublimiore,
1783 3186 1851 3242 de
1892 3186 2153 3259 praesenti

575 3273 888 3344 quaestione
917 3276 1428 3346 contemplandum,
1451 3278 1547 3334 sed
1571 3295 1720 3335 nunc
1743 3279 1970 3350 quidem
1993 3279 2158 3336 omit-

2251 2091 2448 2146 φανσιν
2502 2073 2827 2145 αὐθαίρετον
2877 2073 3204 2144 χρῄζουσαν.
3259 2070 3476 2140 ’Δμέλει
3531 2070 3674 2138 γοῦν
3735 2072 3850 2125 ὅσοι

2251 2166 2526 2238 φιλοσόφῳ
2550 2165 2697 2238 λόγῳ
2725 2165 2825 2239 τῆς
2853 2165 2948 2219 τοῦ
2980 2163 3325 2238 προπάτορος
3354 2162 3593 2234 ἐγείρειν
3622 2164 3852 2226 ἑαυτοὺς

2255 2265 2538 2337 βοῦλονται
2591 2262 3009 2336 παραπτὼσεως
3031 2303 3047 2328 ,
3111 2261 3330 2334 πρῶτον
3363 2261 3713 2332 ἀπάρχονται
3748 2259 3848 2330 τῆς

2252 2356 2363 2410 τῶν
2414 2355 2606 2411 παθῶν
2655 2355 2958 2420 παντελοῦς
2999 2353 3366 2426 ἀφαιρέσεως,
3406 2348 3508 2406 εἷθ’
3533 2352 3717 2417 οὕτως
3751 2353 3848 2421 τῆς

2255 2449 2384 2522 περὶ
2427 2450 2556 2513 τοὺς
2600 2447 2792 2519 λόγους
2823 2448 2934 2502 τῶν
2963 2447 3169 2520 τεχνῶν
3196 2445 3491 2518 ἀσχολίας,
3544 2446 3649 2499 καὶ
3695 2444 3845 2507 τέλος

2254 2542 2353 2615 τὴν
2403 2541 2639 2614 φυσικὴν
2693 2540 3109 2615 ὑπερκύψαντες
3158 2539 3392 2611 Θεωρίαν
3432 2538 3512 2601 είς
3549 2536 3657 2607 τὴν
3685 2535 3845 2590 ᾰῠλσν

2257 2636 2684 2708 παρακῠπτουσι
2733 2634 2937 2706 γνῶσιν
2961 2674 2976 2701 ,
3033 2634 3132 2704 τὴν
3187 2632 3264 2705 μὴ
3299 2618 3532 2703 ἔχουσαν
3561 2628 3844 2692 παντελῶς

2257 2729 2510 2801 αίσθήσει
2540 2727 2892 2800 τυπουμένην
2925 2724 3158 2798 μορφὴν,
3193 2725 3227 2796 ἢ
3263 2724 3444 2796 νόημα
3471 2724 3731 2795 προφορᾷ
3758 2721 3843 2775 λό-

2257 2837 2358 2891 γου
2389 2813 2741 2894 χωρούμενον
2762 2858 2779 2884 ,
2839 2819 3023 2882 καθὼς
3071 2819 3132 2882 ἐξ
3171 2817 3347 2889 ἀρχῆς
3377 2816 3472 2870 τὸν
3501 2815 3724 2887 πρῶτον
3751 2814 3843 2869 ἇν-

2247 2913 2478 2985 ’θρωπον
2509 2913 2767 2984 ἐποίησεν
2804 2911 2988 2986 (242
3013 2912 3067 2982 ιι)
3098 2914 3126 2966 ό
3149 2911 3305 2977 Θεὸς,
3345 2909 3542 2982 γυμνοὶ
3574 2912 3644 2981 τῇ
3676 2909 3844 2964 ἁπλό-

2259 3021 2381 3076 τητι
2431 3004 2532 3076 τῆς
2579 3003 2834 3072 γνώσεως
2881 3005 2974 3059 καὶ
3012 3007 3078 3075 τῇ
3111 3002 3506 3074 ἀπερισπάστῳ
3539 3002 3696 3073 ζωῇ,
3754 3000 3846 3054 καὶ

2259 3097 2326 3167 τῇ
2356 3095 2628 3167 νεκρώσει
2671 3096 2766 3150 τοῦ
2807 3097 2976 3167 νόμου
3019 3097 3126 3166 τῆς
3155 3095 3360 3165 σαρκὸς
3391 3095 3702 3165 γενόμενοι.
3739 3087 3846 3146 'ﬂv

2265 3186 2447 3257 μέντοι
2495 3188 2591 3242 καὶ
2622 3190 2745 3242 κατ’
2769 3188 2927 3243 ἄλλον
2953 3188 3156 3259 τρόπον
3190 3186 3540 3258 ὑψηλοτέρως
3569 3186 3847 3256 θεωρῆσαι

2262 3278 2324 3333 τδ
2369 3280 2734 3352 προκείμενον
2784 3281 2992 3354 ἄπορον
3015 3321 3031 3346 ,
3087 3281 3224 3334 ἀλλὰ
3263 3280 3551 3352 παρείσθω
3591 3284 3666 3334 τα
3691 3278 3849 3332 vim“

576 3375 689 3421 tam
721 3381 786 3422 ea
819 3365 888 3423 de
921 3381 1089 3424 causa
1115 3383 1281 3439 quam
1314 3369 1476 3426 initio
1501 3370 1668 3444 hujus
1706 3373 1979 3428 sermonis
2031 3385 2150 3427 sum

2261 3371 2329 3425 δι’
2353 3373 2420 3444 ἣν
2453 3372 2763 3446 ἀρχόμενος
2789 3374 2884 3429 τοῦ
2911 3375 3074 3444 λόγου
3103 3377 3366 3446 προεῖπον
3395 3372 3602 3430 αἰτίαν.

576 3453 858 3526 ιιι-αιΐαιυε.

576 3637 833 3710 Ejusdem
847 3641 1110 3694 sermonis
1140 3642 1195 3694 in
1210 3635 1386 3696 illud:
1423 3659 1441 3692 ι
1465 3641 1754 3696 Anniculus
1784 3660 1962 3713 porro,
1993 3655 2050 3698 nt
2077 3648 2157 3702 σοί

641 3731 889 3802 justitiw,
912 3731 994 3786 vel
1020 3748 1048 3786 e
1094 3730 1222 3786 caelo
1271 3732 1632 3803 progrediens,
1688 3732 1769 3787 vel
1801 3744 2060 3804 quantum
2087 3738 2157 3791 ad

650 3832 856 3894 partem
879 3839 998 3878 eam
1026 3839 1146 3896 qua:
1181 3824 1343 3879 oculis
1366 3826 1619 3890 cernitur,
1646 3827 2072 3900 circumscriptus
2095 3848 2158 3885 ac

648 3915 917 3983 tie/initus.
951 3934 969 3966 ι

651 4025 819 4082 Multa
848 4026 1158 4084 Salvatoris
1197 4029 1374 4085 nostri
1400 4040 1528 4086 sunt
1577 4032 1824 4098 nomina,
1852 4049 1918 4089 ac
1969 4035 2154 4091 multi-

580 4113 707 4182 plex
725 4113 1031 4170 secundum
1090 4131 1248 4172 suam
1307 4119 1575 4190 cujusque
1647 4122 2156 4193 interpretationem

582 4205 828 4274 mysticae
852 4207 1338 4277 contemplationis
1399 4219 1506 4266 stat
1539 4213 1758 4279 modus,
1800 4215 1929 4284 quia
1959 4219 2160 4275 multas

581 4296 886 4350 secundum
949 4299 1259 4354 naturalem
1331 4304 1857 4374 contemplationem
1917 4309 1997 4364 rei
2060 4326 2158 4380 per

579 4387 894 4456 exemplum
938 4387 995 4442 in
1040 4403 1244 4445 nomen
1275 4391 1494 4448 Domini
1539 4405 1771 4467 sumptae
1812 4403 2157 4472 contempla-

581 4488 896 4533 mentorum
923 4479 1055 4536 licet
1073 4481 1365 4540 admittere
1393 4485 1511 4542 vias
1551 4497 1609 4543 et
1643 4488 2154 4561 interpretationes.

579 4568 1052 4650 Quemadmodum
1099 4575 1348 4645 profecto
1395 4577 1451 4632 in
1480 4581 1736 4669 praesenti
1781 4593 1967 4638 nostra
2007 4602 2159 4655 ιιυεο-

580 4661 762 4717 stione
788 4678 847 4718 se
873 4679 962 4719 res
991 4664 1178 4721 habet.
1202 4666 1340 4722 Cum
1375 4661 1522 4725 enim
1565 4681 1792 4743 propter
1827 4673 2156 4730 brevitatem

2268 3649 2380 3706 Τοῦ
2402 3651 2588 3707 αὐτοῦ
2611 3653 2798 3723 λόγου
2826 3655 2914 3720 εἰς
2935 3653 3022 3706 τό·
3057 3669 3076 3704 ι
3099 3651 3440 3707 Ἐ’νιαύσιυν
3463 3650 3552 3715 δὲ,
3577 3651 3662 3719 ὠς
3677 3649 3850 3718 ἣλιον

2332 3741 2747 3811 δικαιοσύνης,
2773 3745 2813 3813 ἢ
2836 3744 3066 3799 ἐκεῖθεν
3087 3743 3454 3814 ὁρμώμενον,
3475 3743 3516 3813 ἣ
3539 3742 3620 3809 τῷ
3638 3741 3850 3813 cpt-wi-

2329 3845 2414 3895 νῳ
2445 3833 2842 3903 περιγραπτόν
2861 3832 3030 3904 (42)..

2336 4030 2538 4084 [lauat
2585 4031 2680 4085 τοῦ
2723 4032 2978 4103 Σωτῆρος
3009 4031 3167 4104 ήμῶν
3199 4033 3339 4086 είσιν
3371 4031 3429 4084 ai
3460 4030 3844 4102 προσηγορίαι,

2265 4118 2358 4172 καὶ
2417 4116 2758 4187 πολύτροπος
2808 4121 2837 4173 ό
2880 4119 3191 4192 ἐφ’ὲκάστῃ
3227 4121 3370 4175 κατὰ
3397 4119 3499 4192 τήν
3530 4121 3700 4192 αὐτῆς
3723 4120 3845 4173 ἐπί-

2265 4207 2413 4263 νοιαν
2440 4212 2540 4282 τῆς
2563 4210 2704 4265 κατὰ
2730 4213 2964 4283 θεωρίαν
2984 4213 3277 4284 ἀναγωγῆς
3301 4213 3608 4284 καθέστηκε
3629 4215 3843 4284 τρόπος.

2261 4303 2352 4356 διὰ
2378 4305 2440 4357 τὸ
2475 4305 2677 4370 πολλὰς
2711 4306 2860 4360 κατὰ
2887 4307 2988 4378 τήν
3011 4307 3254 4379 φυσικὴν
3283 4307 3522 4380 Θεωρίαν
3550 4307 3645 4360 τοῦ
3674 4322 3846 4374 παρα-

2261 4396 2632 4468 δειγματικῶς
2692 4403 2773 4465 εἰς
2821 4403 3199 4473 προσηγορίαν
3249 4401 3344 4455 τοῦ
3387 4403 3596 4474 Κυρίου
3637 4400 3839 4471 λαμϐα-

2265 4490 2492 4561 νομένου
2527 4493 2856 4565 πράγματος
2888 4495 3236 4565 ἐπιδέχεσθαι
3265 4495 3527 4549 δύνασθαι
3556 4494 3842 4563 θεωρημά-

2264 4601 2374 4638 των
2394 4585 2673 4650 ἐπιϐολάς.
2700 4587 2912 4660 Ὥσπερ
2939 4588 3136 4658 ἀμέλει
3164 4588 3259 4642 καὶ
3283 4588 3344 4641 τὸ
3366 4587 3464 4642 νῦν
3485 4587 3842 4660 προκείμενον

2265 4678 2422 4749 ἡμῖν.
2447 4679 2654 4750 ἄπορον
2700 4679 2835 4751 ἔχει.
2900 4681 3138 4746 Πολλοὺς
3167 4681 3279 4754 γὰρ
3321 4682 3485 4746 ὅσους
3517 4681 3726 4736 οὐδέπω
3750 4679 3842 4732 δυ·

573 4754 828 4809 .nondum
857 4756 1030 4826 possit
1064 4773 1244 4815 sermo
1269 4777 1530 4818 enarrare
1563 4765 2000 4824 innumerabiles
2028 4786 2150 4825 con-

2263 4770 2424 4824 νατοῦ
2471 4773 2834 4842 τυγχάνοντος
2865 4772 2960 4827 τοῦ
2992 4773 3152 4843 λόγου
3185 4766 3563 4844 θεωρημάτων
3597 4773 3718 4844 περὶ
3743 4770 3834 4824 τοῦ

567 4845 1102 4914 .templamentoruln
1123 4849 1267 4903 circa
1304 4853 1475 4906 solent
1503 4855 1715 4920 modos,
1749 4873 1858 4926 quo
1906 4858 1957 4912 id
1988 4860 2156 4929 magi-

560 4947 696 4995 ~ster
713 4953 879 4994 sensu
902 4941 1308 5010 contemplatus
1334 4943 1406 4998 sit
1429 4959 1528 4998 nos
1554 4961 1774 5016 quoque
1816 4951 2156 5019 contemple-

580 5046 725 5103 mur,
754 5044 820 5084 ea
854 5029 1115 5084 nimirum
1151 5047 1272 5102 qum
1301 5034 1630 5104 complicato
1671 5047 1801 5091 sunt
1827 5037 1972 5093 dicta
1993 5039 2063 5093 ab
2087 5055 2154 5095 eo

578 5135 684 5190 pro
713 5119 859 5174 virili
884 5130 1038 5190 parte
1071 5123 1430 5193 explicantes.
1479 5125 1672 5181 Annus
1727 5128 1914 5199 igitur,
1949 5145 2154 5186 secun-

579 5210 712 5263 dum
752 5218 972 5266 sanctos
1021 5221 1077 5267 ct
1101 5213 1379 5282 sapientes
1423 5226 1642 5271 nostros
1697 5217 1978 5285 doctores,
2027 5221 2161 5275 solis

578 5306 664 5353 est
693 5299 763 5353 ab
789 5301 946 5370 signo
973 5301 1145 5370 ipsius
1172 5304 1228 5357 in
1250 5304 1466 5374 signum
1495 5307 1783 5374 circuitus,
1809 5310 2157 5380 quintuplam

577 5390 886 5446 secundum
932 5404 1148 5463 tempus
1198 5396 1592 5465 proprietatem
1657 5402 2157 5470 comprehenderis.

579 5478 824 5551 Tempus
845 5482 992 5537 enim
1015 5481 1072 5538 in
1095 5482 1240 5538 diem
1262 5494 1317 5539 et
1339 5485 1737 5543 hebdomadam
1760 5501 1816 5546 ct
1840 5508 2081 5548 mensem
2106 5505 2163 5550 ct

2263 4862 2418 4931 ἡλίου
2469 4865 2710 4934 τρόπους
2755 4864 3012 4920 ἐκθέσθαι
3063 4867 3151 4920 διὰ
3199 4865 3261 4920 τὸ
3309 4865 3603 4936 σύντομον,
3640 4863 3844 4930 καθ’ἥν

2261 4957 2289 5008 ό
2339 4954 2661 5021 διδάσκαλος
2707 4959 2846 5012 αὐτὸ
2891 4959 3135 5013 ἐπίνοιαν
3177 4957 3498 5030 ἐθεώρησε,
3552 4957 3646 5010 καὶ
3687 4957 3836 5026 ἡμεῖς

2264 5042 2638 5116 θεωρήσωμεν
2666 5087 2681 5110 ,
2747 5047 2816 5100 τά
2879 5048 3340 5118 συνεπτυγμένως
3403 5045 3556 5116 αὑτῷ
3609 5044 3838 5115 δηλονότι

2266 5134 2503 5206 ρηθέντα
2554 5137 2696 5191 κατὰ
2728 5137 2959 5208 δύναμιν
3003 5137 3388 5206 ἑξαπλοῦντες.
3429 5138 3704 5200 Ἐνιαυτὸς
3730 5137 3839 5188 τοί-

2266 5244 2361 5280 νυν
2383 5228 2504 5280 ὲστὶ
2529 5229 2676 5282 κατὰ
2700 5231 2827 5295 τοὺς
2854 5230 3043 5298 ἁγίους
3069 5229 3168 5285 καὶ
3194 5231 3393 5299 σοφοὺς
3414 5230 3574 5301 ἡμῶν
3598 5229 3838 5282 διδασκά-

2267 5318 2393 5381 λους
2439 5321 2472 5390 ή
2508 5319 2603 5373 τοῦ
2636 5321 2790 5392 ἡλίου
2824 5321 2934 5375 ἀπὸ
2958 5321 3050 5376 τοῦ
3077 5320 3242 5376 αὑτοῦ
3270 5320 3500 5392 σημείου
3531 5321 3612 5385 εἰς
3635 5321 3693 5374 τὺ
3715 5318 3836 5372 αὐτὸ

2270 5411 2496 5480 σημεῖον
2522 5411 2990 5480 ἀποκατάστασις,
3021 5412 3121 5484 τῆς
3147 5411 3289 5467 κατὰ
3313 5411 3511 5483 χρόνον
3536 5408 3834 5475 πενταπλῆς

2272 5498 2535 5570 ἰδιότητος
2593 5506 2941 5575 περιεκτική.
3001 5503 3062 5557 '0
3104 5501 3213 5576 γάρ
3261 5501 3454 5576 χρόνος
3503 5503 3584 5569 είς
3633 5499 3834 5574 ἡμέραν

1860 5627 2094 5684 νΑιιιΑς
2135 5632 2540 5696 LECTIONES.

651 5681 703 5716 ³⁸
725 5684 863 5742 Cod.
888 5685 1036 5761 _Gud.
1065 5685 1252 5745 τανῦν.

651 5819 766 5892 με)
806 5820 954 5878 Idem
998 5824 1149 5892 ibid.,
1200 5841 1319 5896 cap.
1372 5829 1460 5896 13,
1499 5847 1553 5902 p.
1589 5833 1714 5902 855,
1750 5845 1890 5892 tom.
1926 5839 1944 5893 l
1985 5840 2124 5911 Opp.
2161 5841 2298 5900 edit.
2336 5845 2540 5902 Bcncd.
