4026 6288
208 329 360 394 1357

1462 314 1695 377 AMBIG
1705 314 1980 378 UORUM
2019 314 2271 374 LIBER.

3341 308 3478 376 1358

202 444 311 495 καὶ
360 437 633 510 ἑϐδομάδα
697 435 789 487 καὶ
836 432 979 504 μῆνα
1041 431 1134 485 καὶ
1180 429 1368 501 καιρὸν
1417 430 1511 481 καὶ
1555 425 1800 480 ἐνιαυτὸν

1931 426 2069 490 'eris,
2115 423 2343 487 aestatis,
2376 424 2648 489 autumni,
2697 421 2897 483 hiemis
2937 424 3376 483 vicissitudinem
3420 432 3478 479 et

207 551 241 600 ιλ
260 528 508 601 ερίζεταί
532 545 589 580 τε
615 529 709 582 καὶ
733 529 1049 597 συνάγεταιο
1084 527 1179 579 καὶ
1202 526 1232 578 6
1254 524 1501 587 ἐνιαυτὸς
1522 522 1805 587 ὡσαύτως,

203 626 298 688 είς
329 623 482 695 ὥραν
537 621 633 675 καὶ
674 620 893 691 ἡμέραν
945 621 1039 675 καὶ
1083 618 1355 690 ἑϐδομάδα
1404 619 1499 671 καὶ
1532 616 1680 687 μῆνα
1713 613 1808 669 καὶ

202 716 457 788 καιρὸν,
514 714 773 785 συνεχοῦς
821 714 917 768 καὶ
963 711 1289 769 ἀδιαστάτου
1340 709 1436 781 τῆς
1485 710 1606 763 κατ’
1646 706 1808 786 αὐτὸν

209 807 496 879 μενούσης
522 808 797 878 κινήσεως
821 848 836 873 ,
896 807 1024 878 περὶ
1048 807 1115 878 ἣν
1148 806 1203 859 αἱ
1233 803 1375 857 κατά
1400 801 1501 874 τὴν
1528 800 1810 855 ἀλλοίωσιν

204 899 520 971 διαιρέσεις
574 898 947 971 θεωρούμεναι
991 899 1089 969 τὴν
1122 896 1320 969 συνεχῆ
1361 896 1456 950 καὶ
1486 894 1811 950 ἀδιάστατον

207 993 539 1064 ἠρίθμησαν
570 991 663 1046 τοῦ
691 991 883 1062 χρόνου
914 992 1151 1063 κίνησιν.
1198 988 1261 1044 Ei
1288 989 1351 1062 δὴ
1379 987 1557 1058 τούτῳ
1583 986 1661 1057 τῷ
1683 985 1812 1057 τρό-

210 1102 312 1155 πῳ
358 1085 488 1157 παρ’
525 1086 656 1157 ἡμῖν
711 1084 855 1139 κατὰ
896 1086 995 1155 τὴν
1041 1083 1135 1137 τοῦ
1170 1082 1318 1154 ἡλίου
1355 1081 1528 1153 φοράν
1568 1078 1812 1142 ἐνιαυτὸς

209 1177 456 1244 γίνεται,
488 1174 728 1239 ἐνιαυτὸς
756 1173 956 1246 δηλαδὴ
984 1172 1190 1245 Κυρίου
1216 1172 1403 1235 δεκτός
1428 1172 1541 1223 ἐστι
1571 1169 1810 1236 πάντως,

210 1267 302 1330 ὡς
348 1268 703 1339 γέγραπται,
765 1266 909 1319 κατὰ
957 1266 1049 1319 τὸν
1092 1265 1190 1334 τῆς
1223 1263 1555 1335 ἀλληγορίας
1586 1261 1810 1333 τρόπον,

213 1362 260 1432 ἠ
296 1362 446 1415 πᾶσα
481 1359 662 1432 (242
682 1358 733 1428 b)
760 1358 869 1411 τῶν
896 1356 1108 1412 αἰώνων
1137 1356 1482 1428 παράτασις,
1519 1356 1613 1410 ἀπ’
1639 1352 1815 1426 ἀρχῆς

212 1450 294 1528 ἦς
345 1454 638 1524 εὐδόκησεν
688 1453 716 1506 6
761 1450 895 1515 Θεὸς
945 1449 1206 1503 οὐσιῶσαι
1247 1449 1317 1503 τά
1349 1448 1520 1513 ὄντα,
1579 1447 1675 1501 καὶ
1701 1447 1815 1511 τοῖς

223 1548 309 1620 μὴ
359 1546 511 1600 οὖσιν
563 1544 798 1615 ὓπαρξιν
845 1542 1071 1608 δοῦναι,
1130 1542 1224 1596 καὶ
1265 1541 1353 1595 διά
1394 1540 1498 1611 τῆς
1531 1539 1812 1613 προνοίας,

217 1639 419 1712 ὥσπερ
452 1655 539 1700 τις
566 1637 754 1708 νοητὸς
780 1636 934 1709 ἥλιος
966 1636 1065 1707 τῆς
1096 1634 1232 1707 πρὸς
1256 1633 1521 1706 διαμονὴν
1553 1631 1812 1704 συνεχού-

1906 532 2114 571 annum
2149 515 2415 571 dividitur
2432 524 2598 585 atque
2616 517 2994 584 consociatur;
3023 518 3268 588 itemque
3301 532 3480 572 annus

1910 611 1964 666 in
1995 612 2187 667 horam
2215 621 2271 667 et
2294 612 2439 667 diem
2462 623 2519 667 et
2547 611 2949 669 hebdomadam
2973 622 3029 670 et
3047 629 3291 670 mensem
3316 622 3373 669 et
3395 613 3478 668 vi-
3548 630 3549 633 η

1909 704 2314 769 cissitudinem,
2332 704 2462 760 dum
2488 705 2750 761 continua
2772 716 2827 762 et
2855 707 3023 762 nullis
3051 707 3289 762 discreta
3307 708 3482 763 inter-

1910 799 2069 855 vallis
2098 816 2197 870 pcr
2226 816 2352 856 eum
2398 810 2585 856 manet
2619 801 2813 867 motio,
2838 801 2987 857 circa
3028 818 3195 872 quam
3238 817 3361 872 qua:
3385 818 3484 872 per

1912 894 2353 950 immutationem
2409 904 2732 966 spectantur
2777 894 3119 961 discrimina,
3161 896 3485 950 continuam

1910 986 2189 1057 nullisque
2212 986 2516 1042 intervallis
2538 986 2870 1059 disjunctam
2888 987 3156 1057 temporis
3184 985 3487 1040 motionem

1913 1079 2161 1133 numeris
2183 1078 2547 1149 distinguunt.
2572 1078 2729 1145 Quod
2762 1078 2810 1134 si
2838 1079 2894 1134 in
2916 1079 3065 1134 hunc
3090 1076 3311 1133 modum
3340 1076 3488 1148 apud

1912 1184 2017 1225 nos
2040 1168 2344 1224 secundum
2372 1169 2504 1223 solis
2531 1184 2751 1224 cursum
2772 1167 2832 1224 ﬁt
2857 1184 3056 1234 annus,
3088 1183 3266 1223 annus
3292 1181 3490 1237 nempe

1914 1259 2132 1317 Domini
2157 1259 2513 1330 acceptabilis
2539 1260 2769 1315 omnino
2806 1268 2891 1315 est
2929 1268 2980 1327 1,
3030 1270 3090 1314 ut
3117 1259 3388 1330 scriptum
3412 1258 3492 1314 le-

1916 1352 2064 1423 gitur
2091 1348 2399 1406 secundum
2428 1347 2710 1421 allegoria:
2747 1348 2973 1406 modum
3012 1349 3271 1405 universa
3312 1364 3490 1406 saecu-

1894 1447 2095 1502 ‘lorum
2146 1446 2397 1502 extensio
2447 1461 2513 1502 ac
2533 1446 2728 1512 series,
2760 1461 2793 1501 a
2845 1445 3004 1516 cujus
3052 1444 3326 1516 principio
3377 1444 3493 1500 Deo

1895 1538 2126 1613 'placuit
2152 1540 2396 1597 essentia
2428 1555 2629 1597 ornare
2650 1555 2715 1596 ea
2736 1554 2860 1611 quae
2877 1548 3056 1606 erant,
3074 1547 3132 1594 et
3162 1537 3491 1595 exstantiam

1894 1634 2049 1703 :dare
2071 1636 2153 1691 eis
2183 1650 2304 1705 qua)
2328 1649 2437 1689 non
2460 1643 2641 1701 erant,
2689 1642 2749 1690 et
2776 1648 2876 1704 per
2903 1631 3330 1705 providentiam,
3371 1638 3494 1685 tan-

222 1751 335 1804 σης
368 1732 427 1785 τὸ
459 1733 566 1785 πᾶν
587 1729 896 1799 δυνάμεως,
956 1726 1444 1796 συγκαταϐατικῶς
1472 1728 1683 1796 ἐφεῖναι
1714 1724 1814 1796 τὴν

1931 1743 2083 1801 quam
2108 1725 2498 1783 intellectualis
2527 1726 2701 1797 aliqui
2770 1724 2854 1781 sol
2902 1724 3127 1780 virtutis
3158 1721 3227 1777 ad
3277 1736 3497 1792 perscr-

220 1824 431 1879 ἀκτίνα
460 1823 787 1895 ἀνεχόμενος
809 1862 825 1888 ,
880 1819 1127 1896 ποικίλαι
1155 1819 1281 1882 τοὺς
1311 1819 1548 1890 τρόπους
1574 1817 1815 1883 ἀξιώσας

223 1918 375 1989 ’πρὸς
396 1916 790 1989 τελεσφόρησιν
812 1907 887 1969 ὧν
909 1917 1021 1977 τοῖς
1040 1912 1191 1967 οὖσιν
1213 1912 1429 1966 οἰκείων
1450 1912 1817 1983 κατέσπειρεν

223 2008 456 2076 ἀγαθῶν
489 2010 649 2081 μέχρι
678 2009 778 2081 τῆς
805 2009 1022 2066 πάντων
1050 2008 1525 2081 ἀποπερατώσεως
1548 2007 1656 2063 τῶν
1684 2007 1819 2064 αἰώ-

227 2118 385 2167 νων,
446 2100 569 2155 καθ’
614 2102 681 2173 ἢν
736 2100 981 2166 συλλέξει
1031 2104 1131 2173 τῆς
1171 2102 1379 2165 οἰκείας
1429 2102 1639 2173 σπορᾶς
1690 2082 1826 2166 τοὺς

230 2194 486 2267 καρποὺς
546 2195 803 2259 ζιζανίων
854 2196 1077 2267 ἀμιγεῖς
1132 2194 1231 2248 καὶ
1278 2194 1461 2264 πάσης
1506 2192 1820 2266 ἀχυρώδους

227 2286 409 2356 ἄχνης
461 2287 555 2339 καὶ
601 2287 999 2357 συμφορήσεως
1042 2285 1351 2357 καθαροὺς,
1409 2286 1506 2339 καὶ
1537 2285 1567 2336 ὁ
1598 2285 1822 2356 σύμπας

229 2377 337 2445 τῆς
370 2374 477 2429 τῶν
505 2377 841 2447 κινουμένων
870 2378 1140 2449 κινήσεως
1169 2376 1614 2449 περαιωθήσεται
1642 2378 1819 2448 λόγος,

231 2467 516 2521 λαϐόντων
547 2467 657 2521 τῶν
684 2468 850 2536 ἀξίων
875 2468 974 2540 τὴν
1000 2468 1421 2541 ἐπηγγελμένην
1448 2469 1548 2539 τῆς
1575 2467 1823 2533 θεώσεως

236 2560 480 2632 ἐσχάτην
507 2563 907 2634 μακαριότητα.
952 2563 1174 2627 «Ἤλιος
1199 2582 1217 2615 ι
1245 2562 1339 2616 οῦν
1376 2580 1395 2613 ι
1425 2561 1771 2635 δικαιοσύνης
1799 2580 1818 2615 ι

237 2654 268 2705 6
290 2652 494 2724 Κύριος
517 2654 976 2725 προσηγόρευται,
1001 2656 1076 2719 ώς
1098 2654 1330 2726 ποιητὴς
1353 2655 1448 2709 καὶ
1470 2654 1826 2724 συντελεστὴς

236 2745 354 2799 τῶν
378 2745 622 2810 αίώνων,
682 2748 776 2802 καὶ
818 2747 893 2813 ώς
926 2749 1071 2821 ἀρχὴ
1100 2749 1320 2803 πάντων
1368 2750 1465 2803 καὶ
1489 2748 1680 2814 τέλος,
1733 2750 1829 2802 καὶ

237 2836 346 2907 τῆς
385 2839 700 2907 πενταπλῆς
750 2842 892 2895 κατά
926 2841 1024 2913 τὴν
1052 2842 1311 2913 πρόνοιαν
1356 2839 1466 2894 τῶν
1496 2841 1830 2913 προνοουμέ-

244 2942 355 2976 νων
403 2925 576 2996 σοφῆς
621 2927 876 2993 εὐταξίας
917 2930 1253 3003 δημιουργὸς
1279 2968 1294 2995 ,
1350 2930 1444 2983 καὶ
1489 2930 1565 2995 ώς
1606 2930 1831 3002 πληρῶν

241 3018 313 3067 τὰ
351 3017 527 3070 πάντα
579 3018 755 3087 φωτὸς
783 3020 955 3074 ἀϊδίου
999 3024 1116 3086 ταῖς
1150 3021 1522 3086 ἀνεκλείπτοις
1552 3022 1831 3085 ἐπιϐολαῖς

1844 1786 1891 1843 Β

1917 1821 2156 1877 randum
2188 1819 2602 1874 universitatem
2621 1815 2980 1882 continentis,
3015 1831 3140 1871 cum
3164 1814 3499 1869 condescen-

1919 1916 2075 1971 sione
2108 1913 2324 1968 radium
2353 1912 2654 1968 immittere
2670 1910 3103 1980 sustinens,’quo
3121 1907 3360 1963 variaret
3378 1921 3499 1961 mo-

1920 2006 2020 2064 dos
2043 2006 2109 2062 ad
2132 2004 2458 2061 maturanda
2482 2021 2547 2061 ea
2572 2004 2713 2059 bona
2743 2018 2867 2075 quae
2887 2001 3055 2058 rebus
3100 1996 3500 2056 exsistentibus

1919 2101 2143 2171 propria
2184 2099 2389 2155 insevlt
2418 2112 2593 2168 usque
2622 2095 2754 2151 dum
2791 2095 2976 2152 omnia
3011 2094 3210 2151 saecula
3246 2108 3503 2149 consum-

1922 2202 2066 2249 mata
2088 2193 2317 2257 fuerint,
2354 2207 2465 2262 quo
2501 2199 2749 2261 tempore
2786 2188 2996 2261 proprii
3038 2188 3267 2245 seminis
3289 2186 3503 2244 fruetus

1923 2288 2144 2359 colliget
2172 2286 2371 2341 aloliis
2420 2285 2714 2349 discretos,
2741 2284 3007 2355 omnique
3054 2282 3266 2354 paleari
3316 2282 3507 2353 gluma

1923 2390 2088 2451 atque
2134 2378 2393 2450 congerie
2440 2392 2630 2448 puros,
2689 2375 2933 2447 dumque
2994 2375 3252 2431 universa
3307 2388 3503 2430 eorum

1925 2487 2049 2543 qua:
2072 2478 2365 2525 moventur
2398 2468 2663 2524 motionis
2708 2468 2849 2523 ratio
2885 2466 3057 2522 fuerit
3102 2467 3417 2531 terminata,
3450 2475 3509 2520 et

1926 2562 1963 2618 ii
1993 2562 2086 2633 qui
2121 2569 2445 2617 meruerunt
2467 2557 2838 2615 deiﬁcationis
2879 2573 3151 2615 summam
3192 2572 3315 2628 qua:
3367 2570 3475 2625 prae
3496 2587 3511 2597 -

1928 2654 2109 2710 dicata
2134 2663 2257 2709 erat
2294 2651 2696 2709 beatitudinem
2717 2649 3069 2721 'percipiunt.
3118 2668 3137 2701 ι
3162 2647 3253 2704 Sol
3284 2666 3302 2699 ι
3342 2647 3511 2718 igitur

1937 2744 2242 2817 «justitiam
2298 2742 2566 2799 Dominus
2608 2741 2939 2811 appellatur,
2980 2748 3042 2795 ut
3072 2740 3251 2795 factor
3290 2747 3348 2794 et
3375 2753 3507 2793 con-

1931 2845 2235 2894 sumnator
2266 2835 2618 2898 smeulorum,
2641 2842 2699 2889 et
2718 2840 2781 2887 ut
2809 2830 3148 2903 principium
3173 2845 3362 2886 rerum
3383 2830 3511 2884 uni-

1930 2946 2216 2987 versaruin
2240 2944 2303 2985 ac
2326 2927 2471 2993 ﬁnis,
2525 2912 2916 2997 quintuplique
2958 2921 3262 2979 secundum
3321 2920 3514 2975 Provi-

1934 3023 2176 3078 dentiam
2194 3022 2326 3077 boni
2355 3035 2417 3075 ac
2429 3017 2694 3090 sapientis
2724 3017 2780 3072 in
2804 3017 2972 3072 rebus
3000 3015 3203 3086 quibus
3228 3013 3513 3085 provisum

244 3108 349 3177 τῆς
372 3108 731 3182 ἀγαθότητος,
767 3114 862 3166 καὶ
893 3116 1017 3177 τοὺς
1048 3116 1107 3168 εὐ
1118 3115 1374 3184 ρύνοντας
1402 3115 1537 3185 πρὸς
1562 3114 1827 3186 ὑποδοχὴν

1934 3126 2021 3172 est
2053 3114 2265 3171 ordinis
2292 3110 2623 3169 constitutor
2658 3118 2715 3165 et
2735 3108 2955 3173 artifex,
2986 3115 3045 3163 et
3074 3115 3133 3162 ut
3154 3114 3360 3161 azterna
3390 3104 3514 3158 luce

244 3202 349 3267 τῆς
405 3203 569 3256 αὐτοῦ
618 3206 896 3276 μακαρίας
934 3208 1153 3271 ἀκτῖνος
1201 3208 1327 3272 τοὺς
1369 3207 1579 3262 ἑαυτῶν
1606 3210 1831 3279 νοητοὺς

251 3294 457 3364 πόρους
488 3296 785 3369 πεπείρους
832 3299 923 3351 καὶ
955 3297 1249 3369 ἐδωδίμους
1282 3298 1359 3370 τῷ
1385 3298 1503 3370 Θεῴ
1533 3299 1628 3352 καὶ
1658 3301 1834 3368 Πατρὶ

247 3386 594 3458 ποιούμενος.
654 3389 714 3442 '0
763 3390 925 3454 αὐτὸς
965 3390 1022 3443 δὲ
1072 3393 1165 3444 καὶ
1206 3392 1454 3456 ἐνιαυτός
1479 3393 1594 3445 ἐστι
1626 3393 1831 3461 Κυρίου

247 3483 462 3551 δεκτὸς,
496 3485 572 3549 ὡς
600 3484 689 3539 διὰ
717 3486 936 3540 πάντων
968 3486 1077 3540 τῶν
1105 3487 1431 3557 σωζομένων
1457 3487 1834 3560 πληρούμενος

250 3574 396 3629 κατά
433 3575 530 3647 τὴν
584 3576 676 3629 ὐπ’
706 3577 872 3631 αὐτοῦ
908 3578 1114 3649 νοητῶς
1139 3578 1433 3649 γινομένην
1467 3580 1836 3651 πεντάτροπον

251 3666 506 3736 κίνησιν,
557 3668 633 3731 ώς
663 3668 846 3722 Ἡλίου
870 3669 1242 3740 δικαιοσύνης,
1272 3671 1463 3741 ἧντινα
1489 3672 1675 3742 νοήσει
1701 3671 1836 3723 πάν-

251 3775 367 3821 τως
403 3760 432 3811 ὁ
463 3758 552 3812 διά
575 3760 672 3831 τῆς
699 3761 807 3813 τῶν
833 3760 1174 3831 φαινομένων
1202 3761 1466 3833 ἀκριϐοῦς
1510 3764 1652 3817 κατά
1679 3761 1838 3832 λόγον

255 3852 500 3922 φυσικῆς
540 3853 774 3925 Θεωρίας
823 3854 920 3924 τὴν
961 3854 1071 3907 τῶν
1107 3855 1412 3926 νοουμένων
1459 3856 1839 3929 πνευματικὴν

253 3944 571 4015 ἐπιστήμην
599 3944 1009 4016 συλλεγόμενος.
1040 3944 1278 3999 Ἐκεῖθεν
1299 3946 1355 4000 δὲ
1375 3965 1392 3998 ι
1411 3945 1733 4018 ὁρμώμενος
1747 3947 1790 3979 ³¹
1817 3966 1835 4001 ι

254 4035 477 4106 εἴρηται
499 4037 574 4107 τῷ
595 4035 897 4107 διδασκάλῳ
916 4035 1096 4108 (243
1112 4037 1187 4107 a),
1219 4038 1281 4109 «ἢ
1302 4036 1380 4109 τῷ
1401 4037 1664 4111 ὁρωμένῳ
1691 4056 1844 4112 περι-

255 4127 509 4197 γραπτὸς
530 4170 544 4193 ,
594 4147 612 4178 ι
655 4126 687 4198 ἢ
719 4128 794 4190 ὡς
843 4127 959 4198 φῶς
986 4130 1049 4180 ὲκ
1078 4127 1275 4197 φωτὸς,
1312 4132 1407 4182 καὶ
1432 4129 1565 4193 Θεὸς
1593 4130 1847 4201 ἀληθινὸς

257 4221 325 4270 ἐκ
366 4219 503 4272 Θεοῦ
550 4220 671 4272 κατ’
695 4220 885 4273 οὐσίαν
920 4219 1173 4292 ἀληθινοῦ
1205 4220 1297 4274 τοῦ
1330 4221 1544 4292 Πατρὸς
1575 4223 1847 4294 γεννητῶς

255 4309 585 4381 ὁρμώμενος
605 4352 619 4375 ,
675 4311 708 4384 ἢ
757 4313 833 4374 ώς
881 4311 1166 4380 ἄνθρωπος
1198 4315 1226 4366 6
1257 4313 1417 4377 αὐτὸς
1447 4315 1522 4385 τῷ
1553 4316 1675 4370 καθ’
1698 4317 1847 4386 ἡμᾶς

258 4402 528 4473 ὁρωμένῳ
578 4403 678 4474 τῆς
720 4403 939 4473 φύσεως
985 4404 1117 4456 εῖδει
1151 4406 1555 4476 περιγραπτὸς,
1593 4406 1846 4478 καθάπερ

1939 3209 2195 3264 universa
2226 3205 2448 3275 replens
2468 3202 2647 3273 plenis
2671 3200 2936 3256 bonitatis
2966 3196 3292 3260 missilibus,
3326 3204 3385 3250 et
3417 3208 3515 3249 eos

1936 3305 2029 3376 qui
2064 3303 2207 3358 beati
2238 3303 2360 3374 ejus
2386 3299 2525 3355 radii
2551 3294 2854 3368 recipiendi
2890 3292 3066 3365 gratia
3114 3288 3516 3347 intellectualcs

1938 3391 2156 3447 canales
2187 3405 2318 3444 suos
2350 3387 2615 3458 amplient
2663 3392 2912 3440 maturos
2944 3391 3004 3438 et
3056 3380 3371 3437 esculentos
3403 3379 3515 3433 Deo

1938 3493 1995 3540 et
2030 3482 2179 3539 Patri
2207 3481 2467 3537 reddens.
2491 3478 2641 3534 idem
2676 3491 2808 3532 vero
2834 3485 2893 3531 et
2928 3490 3109 3530 annus
3158 3471 3377 3528 Domini
3420 3487 3515 3526 ae-

1941 3576 2230 3648 ccptabilis
2261 3583 2363 3639 est,
2396 3580 2455 3627 ut
2485 3588 2583 3643 per
2607 3585 2801 3627 omnes
2831 3569 3233 3641 quiservantur
3255 3580 3517 3622 consum-

1941 3676 2120 3723 matus
2159 3665 2461 3721 secundum
2506 3660 2856 3732 quintuplam
2896 3674 3020 3730 qua:
3068 3656 3519 3714 intellectualitcr

1943 3757 2003 3813 [it
2030 3756 2099 3810 ab
2128 3771 2217 3820 eo,
2252 3763 2512 3823 tanquam
2539 3750 2769 3823 iustitia:
2817 3749 2965 3815 Sole,
2994 3748 3320 3814 motionem,
3352 3763 3517 3818 quam

1943 3857 2161 3913 noverit
2225 3855 2387 3926 plane
2436 3853 2757 3923 quicunque
2806 3867 2905 3923 per
2956 3851 3273 3923 diligentem
3307 3850 3521 3905 ratione

1946 3965 2130 4006 rerum
2157 3964 2279 4020 qua:
2308 3947 2452 4002 visui
2510 3953 2700 4000 nostro
2742 3945 2990 4016 objecta;
3022 3954 3154 4000 sunt
3211 3941 3519 3998 naturalem

1946 4038 2466 4109 contemplationem
2494 4037 2780 4109 collegerit
2809 4035 3154 4106 spiritualem
3175 4048 3369 4090 eorum
3400 4047 3525 4103 quae

1948 4141 2253 4189 noscuntur
2275 4130 2585 4187 scientiam.
2616 4130 2773 4185 Illinc
2806 4143 2939 4184 vero
2969 4146 2988 4179 ι
3029 4126 3413 4199 progrediens,
3436 4125 3523 4179 vel

1950 4227 2015 4282 ad
2046 4234 2256 4297 partem
2291 4238 2411 4279 eam
2441 4238 2562 4292 quae
2592 4220 2769 4277 oculis
2798 4221 3045 4277 cernitur
3070 4218 3528 4288 circumscriptus

1951 4328 2021 4375 et»
2044 4316 2309 4372 deﬁnitus
2335 4333 2354 4366 ι
2393 4330 2425 4368 a
2455 4313 2719 4384 magistro
2754 4312 3063 4382 appellatus
3092 4319 3197 4375 est,
3227 4309 3314 4366 vel
3340 4316 3402 4363 ut
3434 4307 3529 4362 lux

1953 4412 2022 4467 de
2048 4411 2190 4473 lucc,
2243 4418 2300 4463 et
2344 4408 2491 4462 Deus
2520 4421 2686 4461 verus
2733 4405 2804 4459 de
2841 4405 2955 4461 Deo
2976 4402 3365 4471 [essentialiter
3393 4414 3530 4457 vero

257 4494 413 4562 ἣλιος
470 4496 500 4547 6
547 4495 614 4549 ὲκ
656 4496 751 4550 τοῦ
796 4496 1028 4568 ούρανοῦ
1078 4495 1399 4568 ὁρμώμενος
1430 4497 1506 4569 τῷ
1535 4500 1827 4570 φαινομένη

1952 4502 2114 4555 Patre
2165 4497 2542 4569 generationis
2591 4496 2681 4550 via
2734 4495 3115 4566 progrediens,
3144 4494 3231 4550 vel
3278 4501 3340 4548 ut
3362 4492 3531 4546 homo

258 4585 552 4641 δισκοειδεῖ
584 4587 799 4656 σώματι
827 4587 1292 4659 περιγέγραπται.

1955 4592 2099 4647 idem
2129 4590 2223 4661 qui
2287 4588 2343 4641 in
2369 4586 2532 4641 nobis
2568 4585 2791 4639 videtur
2816 4595 3032 4640 natura:
3056 4585 3240 4653 specie
3288 4583 3533 4637 circum-

263 4677 529 4748 scriptus,
582 4679 1048 4750 quemadmodum
1106 4678 1209 4745 sol,
1250 4680 1344 4750 qui
1414 4681 1483 4737 de
1551 4683 1691 4738 cmlo
1754 4684 2117 4756 progrediens
2138 4696 2372 4752 corpore
2416 4679 2571 4734 disco
2611 4676 2777 4734 simili
2824 4684 3125 4749 apparente
3178 4671 3531 4729 circumscri-e

264 4775 439 4831 bitur.

282 4954 389 5009 Ἕκ
419 4952 529 5008 τοῦ
558 4953 747 5008 αὑτοῦ
774 4954 960 5024 λόγου
995 4957 1080 5022 εἷς
1109 4959 1197 5013 τό’
1237 4979 1255 5011 ‹
1288 4958 1644 5027 Θαυμαστὸν
1673 4959 1854 5014 οὐδὲν

344 5048 398 5099 ει
444 5044 716 5115 μάλιστα
784 5050 909 5101 κατ’
956 5045 1127 5104 οἶκον
1178 5051 1440 5107 ἕκαστον
1502 5050 1855 5120 ἐπιζητεῖται

345 5138 413 5192 τὸ
443 5140 742 5207 πρόϐατον
764 5142 895 5213 (43).
912 5161 930 5194 ι

350 5230 511 5286 Εἴποι
557 5231 601 5283 δ’
640 5233 706 5287 ἄν
747 5251 866 5299 τις,
920 5235 1016 5289 καὶ
1064 5236 1323 5305 εὐλόγως,
1355 5235 1430 5300 ώς
1459 5231 1631 5307 οἶμαι,
1672 5236 1856 5307 τυχὸν,

276 5325 455 5394 Εἴπερ
487 5318 568 5387 είς
596 5324 743 5377 ἐστιν
775 5327 804 5379 ὁ
827 5327 1064 5395 Χριστὸς
1090 5332 1118 5383 6
1141 5329 1229 5382 διά
1254 5330 1418 5399 νόμου
1443 5329 1538 5382 καὶ
1566 5329 1861 5399 προφητῶν

277 5415 378 5468 καὶ
424 5413 526 5483 τῆς
575 5412 719 5469 κατά
760 5413 859 5486 τὴν
902 5417 1079 5471 κτίσιν
1132 5418 1548 5489 μεγαλειότητος
1584 5416 1864 5489 μυστικῶς

359 5537 385 5575 ν
420 5527 561 5585 Luc.
590 5545 665 5595 ιν,
690 5528 779 5585 19.

364 5669 410 5702 ³⁷
439 5668 827 5740 Apographum
859 5666 1067 5738 praebet
1096 5666 1153 5721 h.
1190 5668 1228 5721 l.
1260 5668 1557 5739 ὁρώμενος.

1880 4895 1951 4906 .—

1964 4955 2047 5011 Ex
2077 4954 2253 5008 eodem
2279 4966 2521 5005 sermone
2546 4950 2600 5004 in
2642 4948 2818 5004 illud:
2848 4967 2866 5001 ι
2888 4948 3034 5003 Illud
3071 4950 3285 5004 minime
3326 4951 3533 5005 miran-

2030 5048 2177 5110 dum,
2209 5045 2349 5116 quod
2389 5044 2619 5099 maxime
2669 5057 2762 5111 per
2798 5041 3036 5113 singulas
3082 5042 3263 5095 domos
3312 5043 3420 5097 ovis
3451 5057 3537 5096 re-

2033 5140 2280 5211 quiritur.
2309 5155 2327 5187 ›

2032 5235 2191 5289 Dicat
2222 5243 2356 5284 vero
2382 5225 2585 5295 aliquis
2634 5224 2889 5287 fortasse,
2924 5237 3029 5276 nec
3058 5223 3179 5278 sine
3212 5224 3447 5290 ratione,
3482 5233 3544 5279 ut

1968 5325 2103 5380 mihi
2150 5321 2399 5377 videtur:
2448 5316 2505 5370 Si
2552 5314 2776 5384 quidem
2836 5328 2982 5369 unus
3027 5323 3115 5369 est
3140 5312 3418 5380 Christus,
3447 5329 3546 5383 per

1970 5419 2147 5488 legem
2172 5407 2565 5482 etprophetas,
2586 5420 2793 5478 perque
2820 5404 3156 5462 conditionis
3189 5405 3546 5475 magnificen~

1566 5591 1803 5649 VARUE
1845 5533 2248 5648 LECTIU'NES.

367 5782 482 5855 (45)
520 5783 669 5840 Idem
722 5783 870 5852 ibid.,
907 5799 1026 5855 cap.
1066 5783 1151 5849 M,
1199 5798 1254 5851 p.
1291 5782 1415 5849 856,
1464 5790 1594 5835 tom.
1646 5779 1836 5851 lOpp.
1877 5779 2011 5835 edit.
2061 5779 2259 5834 Bcncd.
