4026 6288
578 370 718 461 1363
767 322 779 332 ’
1737 375 1799 435 s.
1839 371 2129 436 MAXIMI

2252 369 2678 435 lNFESSORIS
3716 364 3842 431 ιεει

551 487 664 547 .irl.
695 483 967 548 bonorum
1001 490 1240 547 culmen.
1289 489 1436 562 quod
1464 487 1616 544 nullo
1641 487 1818 544 verbo
1837 495 1934 543 aut
1983 485 2152 542 notio-

2269 486 2536 544 ἀνάϐασιν
2571 486 3003 560 δειχθησομένην
3023 487 3132 543 τῶν
3158 485 3386 558 ἀγαθῶν
3411 485 3727 558 ἀκροτάτην
3755 501 3844 538 κο-

573 597 646 639 ne
689 583 804 640 dici
855 594 952 641 aut
1002 585 1231 656 intelligi
1291 593 1476 654 queat,
1507 592 1620 640 tam
1654 596 1850 639 eorum
1902 581 2152 638 bonorun

2276 582 2454 654 ρυφὴν
2475 581 2864 654 αενιττόμενοςι
2884 582 2985 655 τὴν
3011 582 3210 654 μηδηνὶ
3229 581 3372 652 λόγῳ
3400 580 3435 652 ἢ
3463 577 3542 649 νῷ
3563 574 3844 650 ῥηθῆναιῆ

575 692 700 747 quae
734 677 840 734 hoc
885 694 1006 734 aevo
1043 679 1258 750 possint
1288 677 1482 750 attingi
1515 691 1682 749 quam
1717 682 1914 732 eorum
1950 687 2076 744 qua
2117 671 2152 727 it

2272 674 2581 746 γνωσθῆναι
2597 673 2780 747 (245
2800 675 2856 745 a)
2875 674 3204 747 δυναμένην,
3225 673 3319 728 τδν
3328 690 3389 727 τε
3406 671 3550 727 κατά
3567 671 3662 724 τὸν
3680 667 3848 724 αἰῶνα

575 767 765 824 futuro
831 769 944 824 sint
1008 771 1368 840 apparitura,
1413 784 1480 825 ac
1554 768 1790 825 fortasse
1839 765 2152 822 nominari:

2269 769 2460 825 τοῦτον
2483 770 2619 840 ἡμῖν
2645 767 2906 838 ἐφικτῶν,
2932 767 3048 822 τῶν
3076 785 3141 822 τε
3160 766 3302 822 κατά
3330 767 3424 820 τὸν
3457 765 3725 836 μέλλοντα
3754 761 3849 814 δει-

576 860 739 915 nobis
759 871 815 916 οι
839 863 1069 934 intelligi
1119 862 1363 933 capiant.
1429 861 1661 933 Semper
1709 860 1859 918 enim
1903 859 2000 932 qui
2054 874 2171 916 ca:-

577 951 663 1008 los
693 955 1066 1025 pertransivit,
1092 956 1250 1012 Jesus
1275 967 1297 995 ε
1328 954 1424 1011 Dei
1449 955 1670 1020 Sermo,
1701 963 1759 1012 et
1792 953 2012 1010 cunctis
2052 967 2168 1009 οω-

577 1046 649 1102 lis
677 1047 932 1118 superior
961 1048 1141 1104 factus
1162 1091 1176 1115 ,
1231 1066 1327 1105 eos
1373 1049 1472 1120 qui
1503 1048 1722 1104 actione
1745 1057 1803 1105 et
1831 1042 2169 1116 Contempla-

579 1136 730 1193 tione
780 1139 960 1209 ipsum
1008 1151 1323 1210 sequuntur
1385 1141 1454 1196 de
1481 1140 1772 1212 pejoribus
1821 1140 1890 1195 ad
1934 1138 2164 1195 meliora

579 1230 842 1287 transfert
878 1240 1042 1303 atque
1083 1233 1413 1303 transponit,
1465 1243 1522 1290 et
1554 1233 1623 1289 de
1663 1233 1751 1288 bis
1783 1231 1848 1288 ad
1881 1233 1990 1287 alia
2040 1247 2163 1302 quae

576 1323 742 1391 etiam
771 1323 858 1379 his
907 1325 1191 1396 superiora
1241 1336 1387 1391 sunt,
1435 1336 1512 1393 et,
1561 1336 1622 1383 ut
1649 1325 1898 1382 breviter
1930 1325 2110 1380 dicam
2142 1365 2157 1391 ,

578 1425 809 1487 tempus
837 1416 1119 1485 deficeret,
1153 1419 1200 1475 si
1247 1419 1463 1477 divinas
1518 1427 1835 1486 sanctorum
1877 1418 2156 1474 ascensio-

577 1536 678 1577 nes
716 1529 774 1577 et
804 1522 1172 1578 revelationes
1195 1538 1294 1594 per
1322 1523 1568 1594 singulas
1594 1523 1662 1579 de
1710 1523 1881 1594 gloria
1939 1522 2008 1578 ad
2043 1522 2160 1594 glo-

577 1615 716 1669 riam
741 1613 1157 1671 immutationes
1195 1631 1458 1671 enarrare
1489 1615 1710 1680 vellem,
1778 1615 1955 1670 donec
2001 1629 2156 1669 suam

575 1707 810 1778 quisque
845 1718 904 1762 et
944 1707 1361 1763 convenientem
1385 1722 1486 1762 suo
1512 1706 1694 1762 ordini
1711 1706 2010 1776 accepisset
2041 1705 2158 1762 dei-

575 1798 921 1855 ﬁcationcm.
957 1799 1146 1870 Itaque
1180 1815 1411 1872 magnus
1451 1799 1556 1865 ,ltic
1585 1799 1782 1854 doctor
1832 1799 1952 1870 ejus
2002 1797 2150 1868 quod

574 1893 723 1949 circa
749 1894 921 1949 Deum
961 1895 1231 1950 habemus
1275 1895 1544 1950 naturalis
1595 1894 1880 1962 desiderii,
1928 1895 1998 1950 de
2043 1909 2152 1964 quo

573 1999 740 2056 supra
780 1985 1041 2052 diximus,
1085 2003 1288 2058 gnarus
1329 1987 1659 2043 adhortatur
1709 2003 1904 2042 omnes
1966 1995 2021 2043 et
2053 2002 2156 2058 per

573 2076 881 2134 doctrinam
913 2094 1067 2134 suam
1101 2088 1262 2134 vocat
1291 2079 1359 2135 ad
1391 2078 1738 2150 spiritualem
1770 2080 1910 2152 Agni
1934 2096 2034 2150 pro
2049 2094 2155 2135 no-

573 2168 660 2224 bis
703 2171 924 2226 mactati
970 2172 1340 2242 gustationem
1394 2187 1727 2243 servareque
1748 2172 1957 2228 diserte
1987 2180 2155 2243 atque

574 2262 784 2317 utiliter
815 2263 1164 2318 commendat
1199 2263 1575 2318 membrorum
1631 2278 1881 2327 suorum,
1923 2262 2028 2318 hoc
2071 2271 2156 2318 est

572 2354 733 2426 Agui,
755 2356 1131 2427 compaginem
1166 2355 1436 2427 integram
1464 2365 1520 2410 et
1544 2355 1909 2421 inconfusam,
1926 2369 1995 2410 ne
2019 2371 2154 2411 con-

572 2447 900 2503 (lemnemur
927 2448 1075 2517 quod
1123 2448 1299 2503 divini
1331 2449 1583 2519 corporis
1612 2448 1996 2522 compaginem
2022 2463 2157 2503 con-

574 2539 900 2593 concinnam
929 2539 1302 2596 distraliamus
1350 2549 1409 2597 et
1440 2541 1806 2606 lancinemus,
1866 2541 2156 2597 audacter-

573 2643 662 2691 ve,
691 2636 751 2682 ut
784 2645 951 2699 supra
983 2629 1322 2694 facultatem,
1359 2639 1454 2686 aut
1484 2631 1720 2698 nefarie,
1759 2642 1822 2687 ut
1863 2641 2053 2686 contra
2077 2631 2156 2687 fa-

574 2719 855 2782 cultatem,
887 2718 1021 2789 Agni
1080 2727 1137 2774 et
1163 2719 1446 2776 Sermonis
1497 2735 1696 2778 carnes
1763 2721 2152 2778 comedamus:

572 2823 766 2864 verum
828 2811 1204 2882 unusquisque
1255 2828 1356 2883 pro
1397 2812 1658 2870 facultate
1689 2829 1784 2870 sua
1825 2824 1883 2870 et
1936 2813 2154 2878 ordine,

571 2916 783 2973 proque
836 2901 1076 2974 Spiritus
1129 2905 1326 2976 gratia,
1385 2921 1507 2976 quae
1536 2905 1586 2961 ei
1626 2906 1849 2978 obtigit,
1905 2905 2156 2961 divinum

573 3008 884 3049 sermonem
921 2995 1271 3066 participato,
1310 3013 1409 3068 pro
1469 2998 1815 3069 singulorum
1870 2999 2157 3054 membro-

575 3080 696 3137 ru'm
742 3083 1052 3155 significatu
1074 3126 1087 3139 .
1139 3085 1231 3141 Sic
1262 3095 1428 3157 caput
1457 3088 1682 3158 quidem
1719 3087 2082 3159 participabit
2111 3087 2156 3142 is

571 3175 665 3247 qui
694 3192 762 3232 ex
791 3175 1078 3247 principiis
1102 3195 1225 3249 quia
1271 3178 1642 3235 demonstrari
1667 3188 1956 3250 nequeunt
1986 3179 2153 3235 (idem
2180 3206 2222 3265 ο

571 3265 676 3320 sibi
720 3267 975 3337 quaesivit
1009 3269 1168 3338 plane
1191 3266 1398 3326 liberas
1419 3269 1718 3327 habentem
1745 3271 1896 3327 circa
1929 3271 2152 3327 theolo-

571 3359 714 3429 giam
749 3359 1015 3426 rationes,
1053 3363 1201 3419 unde
1248 3373 1693 3436 coagmentatum
1753 3375 1932 3423 totum
1971 3365 2152 3420 virtu-

572 3457 688 3504 tum
711 3465 915 3522 corpus
935 3461 991 3508 et
1015 3454 1390 3524 cognitionum
1413 3456 1780 3526 spiritualiter
1807 3465 1992 3528 auget.
2034 3457 2149 3512 Au-

571 3555 662 3596 res
685 3544 1201 3618 veronarticipabit
1228 3546 1274 3601 is
1311 3547 1405 3618 qui
1464 3547 1680 3604 divinas
1715 3549 1960 3604 rationes
1986 3548 2148 3618 spiri-

571 3632 793 3689 tualiter
819 3647 945 3689 cum
990 3635 1352 3708 intelligentia
1400 3639 1630 3710 recepit,
1675 3655 1885 3710 perque
1934 3654 2032 3694 eos
2077 3638 2146 3695 ad

566 3732 805 3781 mortem
859 3743 1034 3798 usque
1061 3729 1221 3786 factis
1248 3732 1364 3787 suis
1405 3731 1597 3789 obedit
1629 3734 1744 3790 Deo
1776 3742 1942 3804 atque
1972 3734 2140 3789 mori-

565 3825 808 3889 geratur.
839 3818 1039 3875 Oculos
1070 3837 1256 3892 porro,
1289 3823 1385 3895 qui
1413 3825 1790 3882 conditionem
1841 3825 2149 3903 spirituali-

567 3919 655 3964 ter
702 3909 952 3968 intuetur
988 3953 1004 3978 ,
1032 3930 1332 3987 omnesque
1381 3926 1439 3973 et
1484 3920 1769 3976 sensuales
1811 3928 1870 3976 et
1922 3920 2148 3976 intelle-

565 4003 778 4059 ctuaies
794 4005 1036 4062 rationes
1062 4006 1180 4062 sine
1196 4008 1535 4068 oﬂ‘endiculo
1558 4013 1627 4069 ad
1653 4014 2147 4070 consummandam

565 4094 730 4151 unice
777 4099 926 4168 cogit
952 4099 1047 4153 Dei
1082 4101 1336 4169 gloriam.
1372 4105 1571 4161 Pectus
1585 4113 1770 4162 autem
1794 4107 2148 4178 participabit

565 4183 659 4253 qui
681 4184 927 4241 animum
953 4189 1274 4262 theologicis
1288 4197 1849 4265 contemplationibus
1871 4201 2148 4270 expletus,

539 4273 871 4330 ‘secundum
922 4291 1180 4349 magnum
1222 4283 1614 4354 evangelistam
1638 4286 1926 4350 Joannem.
1951 4289 2019 4344 ad
2066 4292 2148 4346 in-

564 4371 682 4441 star
717 4365 880 4423 fontis
938 4372 1200 4439 perennis
1259 4375 1530 4432 rationem
1585 4394 1739 4436 suam
1784 4391 1842 4437 et
1895 4383 2143 4450 modum,

563 4465 888 4514 cunctorum
929 4461 1338 4522 Providentiam
1383 4471 1868 4540 complectentem,
1909 4475 1999 4546 pie
2027 4475 2143 4532 dis-

2269 859 2647 934 χθησομένων,
2679 861 2773 916 καὶ
2800 860 3169 933 ὀνομασθῆναι
3202 859 3298 914 καὶ
3326 856 3641 929 γνωσθῆναι
3690 851 3848 922 τυχὸν

2267 957 2402 1029 ἡμῖν
2429 954 2763 1025 δυναμένων.
2782 954 2895 1008 Ἀεὶ
2918 955 3028 1025 γάρ
3053 954 3083 1008 6
3107 951 3434 1024 διεληλυθὼς
3444 951 3571 1015 τοὺς
3588 945 3848 1018 οὐρανοὺς

2278 1049 2507 1122 Ἰησοῦς,
2556 1048 2723 1127 ὀιτοῦ
2771 1046 2908 1102 Θεοῦ
2957 1047 3151 1117 Λόγος,
3204 1046 3299 1101 καὶ
3333 1044 3593 1117 ὑπεράνω
3632 1042 3848 1094 πάντων

2263 1141 2374 1195 τῶν
2398 1140 2645 1212 οὐρανῶν
2667 1140 3110 1211 γενόμενος,τοὺς
3129 1136 3570 1199 ἀκολουθοῦντας
3589 1131 3744 1202 αὐτῷ
3763 1129 3844 1184 διά

2261 1232 2513 1303 πράξεως
2529 1232 2623 1286 καὶ
2651 1217 2882 1303 οεῶρίας
2909 1229 3261 1301 μεταϐιϐάζει
3285 1246 3347 1282 τε
3370 1228 3467 1282 καὶ
3486 1225 3840 1298 μετατίθησιν

2259 1323 2369 1378 ἀπὸ
2396 1324 2505 1376 τῶν
2540 1324 2781 1394 ἡττόνων
2810 1323 2906 1377 ἐπὶ
2936 1322 3007 1378 τά
3034 1323 3342 1395 κρείττονα,
3369 1320 3468 1374 καὶ
3496 1319 3609 1374 ἀπὺ
3645 1315 3844 1370 τούτων

2259 1413 2421 1468 πάλιν
2447 1414 2542 1468 ἐπὶ
2579 1413 2646 1467 τά
2679 1413 2760 1468 ἐτι
2791 1415 2996 1468 τούτων
3021 1413 3291 1485 ἀνώτερα,
3315 1414 3408 1466 καὶ
3431 1411 3620 1474 ἁπλῶς
3646 1410 3836 1467 εἰπεῖν,

2258 1507 2526 1578 ἐπιλείψει
2556 1525 2623 1580 με
2655 1510 2685 1562 6
2729 1509 2921 1581 χρόνος
2959 1508 3184 1578 λέγοντα
3217 1507 3315 1572 τὰς
3341 1506 3492 1569 θείας
3533 1504 3644 1558 τῶν
3679 1504 3840 1570 ἁγίων

2257 1602 2554 1665 ἀναϐάσεις
2572 1619 2630 1655 τε
2653 1604 2750 1655 καὶ
2779 1600 3151 1672 ἀποκαλύψεις
3169 1601 3313 1655 κατά
3345 1600 3444 1668 τὴν
3464 1599 3574 1654 ἀπὸ
3588 1599 3748 1666 δόξης
3773 1596 3841 1656 εἷς

2255 1692 2414 1757 δόξαν
2459 1692 2786 1757 ἀλλοίωσιν,
2835 1693 2942 1758 ἕως
2975 1692 3207 1759 ἕκαστος
3238 1691 3335 1764 τὴν
3370 1693 3430 1746 ἐν
3466 1690 3547 1761 τῷ
3592 1690 3713 1759 ίδίῳ
3739 1687 3834 1741 τά-

2255 1802 2446 1856 γματι,
2483 1776 2830 1857 ἁρμόζουσαν
2855 1785 3063 1853 δέξοιτο
3090 1785 3306 1840 θέωσιν.
3339 1785 3445 1839 Τὸν
3463 1784 3648 1837 τοίνυν
3681 1784 3842 1852 προρ-

2259 1877 2492 1950 ρηθέντα
2547 1880 2674 1950 περὶ
2695 1879 2832 1933 Θεοῦ
2859 1880 3088 1949 φυσικὸν
3125 1879 3288 1934 πόθον
3318 1878 3540 1950 ἔχοντας
3578 1879 3732 1948 ἡμᾶς
3754 1877 3834 1929 ei.-

2255 1968 2361 2035 δὼς
2380 1964 2536 2034 οὗτος
2552 1973 2580 2025 6
2600 1971 2774 2040 μέγας
2792 1971 3111 2035 διδάσκαλος
3131 1971 3428 2043 προτρέπει
3449 1988 3508 2024 τε
3536 1969 3840 2032 πάνταςκαὶ

2255 2064 2412 2118 καλεῖ
2451 2063 2541 2118 διὰ
2577 2065 2676 2135 τῆς
2705 2064 2871 2119 αὑτοῦ
2898 2064 3249 2128 διδασκαλίας
3279 2063 3416 2136 πρὸς
3461 2063 3561 2135 τὴν
3599 2081 3840 2132 πνευμα-

2255 2157 2416 2226 τικὴν
2447 2155 2650 2228 βρῶσιν
2701 2155 2795 2211 τοῦ
2823 2157 2962 2229 ὑπὲρ
2989 2157 3148 2228 ἡμῶν
3183 2157 3608 2227 σφαγιασθέντος
3641 2156 3838 2227 ἀμνοῦ,

2259 2248 2574 2319 φυλάξαιτε
2598 2249 2867 2321 εὐκρινῶς
2905 2249 3000 2303 καὶ
3036 2250 3350 2322 εὐχρήστως
3379 2248 3702 2302 ὑποτίθεται
3735 2248 3839 2300 τῶν

2257 2340 2446 2406 αὐτοῦ,
2500 2339 2597 2396 τοῦ
2636 2339 2812 2412 ἀμνοῦ
2868 2340 3134 2410 δηλονότι,
3183 2340 3361 2413 μελῶν
3413 2341 3510 2411 τὴν
3569 2341 3837 2412 ἁρμονίαν

2257 2435 2563 2504 ἄθραυστον
2586 2434 2680 2488 καὶ
2699 2434 3076 2504 ἀσύμφυρτον.
3107 2433 3195 2486 ἴνα
3227 2431 3301 2503 μὴ
3321 2430 3746 2502 κατακριθῶμεν
3768 2430 3837 2494 ὡς

2256 2529 2594 2593 διασπῶντες
2620 2528 2714 2582 καὶ
2738 2528 3238 2600 διασπαράττοντες
3279 2525 3378 2596 τὴν
3417 2525 3635 2578 εὔθετον
3663 2526 3834 2592 ἁρμο-

2257 2623 2376 2676 νίαν
2400 2622 2497 2676 τοῦ
2529 2622 2676 2675 θείου
2707 2621 2992 2692 σώματος,
3031 2621 3064 2692 ἢ
3106 2619 3375 2692 θρασέως,
3413 2619 3486 2682 ὼς
3506 2619 3648 2686 ὑπὲρ
3685 2617 3836 2669 66v:-

2262 2731 2377 2785 μιν,
2423 2714 2457 2785 ἢ
2500 2714 2756 2785 ἀνιέρως,
2797 2713 2874 2776 ὼς
2923 2712 3076 2783 παρὰ
3106 2711 3362 2782 δύναμιν,
3395 2709 3487 2764 τοῦ
3525 2709 3711 2779 ἀμνοῦ
3748 2707 3837 2761 καὶ

2258 2807 2432 2875 Λόγου
2454 2807 2553 2870 τὰς
2583 2807 2791 2877 σάρκας
2820 2805 3092 2869 ἐσθίοντες
3118 2822 3131 2836 ·
3163 2803 3522 2866 ἀλλ’ἐκαστος
3554 2800 3716 2856 κατά
3744 2799 3835 2869 τὴν

2257 2897 2423 2952 αὑτοῦ
2457 2897 2687 2968 δύναμιν
2733 2915 2793 2950 τε
2843 2897 2938 2949 καὶ
2968 2897 3142 2964 τάξιν,
3172 2897 3267 2950 καὶ
3312 2896 3412 2965 τὴν
3442 2891 3837 2947 ἐπιϐάλλουσαν

2259 2986 2408 3058 αὐτῷ
2462 2988 2622 3057 χάριν
2679 2986 2773 3042 τοῦ
2807 2989 3129 3059 Πνεῦματος
3155 3030 3170 3054 ,
3231 2984 3706 3058 μεταλαμϐανέτω
3747 2981 3835 3036 τοῦ

2261 3081 2408 3134 θείου
2469 3081 2641 3148 Λόγου
2696 3081 2841 3135 κατά
2890 3080 2991 3152 τὴν
3034 3082 3266 3136 ἑκάστου
3321 3079 3513 3151 μέλους
3564 3077 3835 3130 ἐπίνοιαν.

2257 3169 2382 3229 Οἷον
2411 3174 2652 3245 κεφαλῆς
2679 3177 2779 3244 μὲν
2809 3178 2839 3230 6
2866 3176 2928 3242 ἐξ
2952 3175 3360 3232 ἀναποδείκτων
3393 3171 3574 3244 ἀρχῶν
3602 3171 3839 3240 carpito»;

2255 3265 2536 3330 παντελῶς
2555 3267 2785 3337 ἔχουσαν
2805 3270 2932 3332 τοὺς
2962 3269 3094 3340 περὶ
3121 3267 3403 3336 θεολογίας
3426 3265 3623 3332 λόγους
3650 3261 3838 3314 πίστιν

2252 3358 2592 3430 κεκτημένος
2644 3359 3037 3432 μεταλήψεται,
3072 3360 3132 3426 ἐξ
3172 3355 3240 3432 ἧς
3277 3360 3338 3412 τὺ
3383 3357 3490 3412 πᾶν
3526 3353 3700 3424 σῶμα
3735 3351 3837 3404 τῶν

2252 3451 2466 3524 ἀρετῶν
2495 3470 2555 3507 τε
2589 3452 2824 3507 καὶτῶν
2867 3453 3125 3522 γνὼσεων
3166 3450 3643 3524 συμϐιϐαζόμενον
3687 3444 3837 3509 αὔξει

2249 3547 2351 3616 τὴν
2403 3547 2783 3618 πνευματικὴν
2837 3546 3090 3619 αῦξησιν.
3131 3549 3310 3602 Ὥτων
3351 3547 3407 3601 δὲ
3458 3542 3836 3615 μεταλήψεται

2252 3639 2437 3712 (245
2486 3640 2538 3712 b)
2589 3642 2617 3695 6
2662 3641 2792 3705 τοὺς
2827 3639 3010 3706 θείους
3043 3642 3236 3710 λόγους
3284 3636 3674 3709 πνευματικῶς
3719 3635 3839 3706 μετ’

2249 3732 2562 3805 ἐπιστήμης
2591 3733 3141 3805 ὑποδεχόμενος,,καὶ
3173 3732 3433 3803 εὐπειθὴς
3455 3731 3550 3785 καὶ
3591 3730 3837 3801 ὑπήκοος

2249 3826 2371 3898 Θεῷ
2400 3825 2470 3879 δι’
2508 3825 2709 3889 αὐτοὺς
2755 3825 2921 3898 μέχρι
2961 3824 3191 3880 θανάτου
3220 3825 3312 3879 διὰ
3348 3823 3455 3877 τῶν
3484 3821 3666 3893 ἔργων
3704 3817 3837 3887 γινό-

2254 3937 2418 3991 μενος
2439 3937 2452 3952 ·
2486 3919 2784 3990 ὀφθαλμῶν
2805 3919 2883 3985 δέ,
2908 3920 2937 3974 6
2961 3920 3063 3992 τὴν
3105 3918 3286 3974 κτίσιν
3317 3913 3712 3988 πνευματικῶς
3742 3929 3836 3966 κα-

2220 4036 2224 4037 ν
2249 4012 2478 4079 τανοῶν,
2511 4013 2608 4066 καὶ
2651 4012 2863 4077 πάντας
2893 4011 3022 4077 τοὺς
3049 4013 3172 4066 κατ’
3200 4008 3462 4082 αἴσθησίν
3489 4025 3549 4061 τε
3585 4007 3685 4060 καὶ
3712 4004 3834 4060 νοῦν

2249 4103 2442 4176 λόγους
2487 4105 2858 4178 ἀπροσκόπως
2889 4105 2972 4168 είς
3019 4105 3151 4176 μίαν
3198 4103 3356 4173 δόξης
3397 4100 3532 4156 Θεοῦ
3581 4101 3833 4166 συνάγων

2251 4197 2626 4270 ἐκπλήρωσιν.
2660 4198 2899 4270 Στήθους
2922 4196 2981 4252 δέ
3013 4197 3384 4269 μεταλήψεται
3407 4197 3436 4250 6
3463 4195 3563 4263 τὴν
3599 4193 3832 4265 καρδίαν

2251 4289 2582 4360 θεολογικῶν
2612 4290 2911 4363 πληρώσας
2943 4289 3339 4362 θεωρημάτων,
3362 4287 3500 4343 κατά
3525 4286 3626 4341 τὸν
3659 4287 3830 4358 μέγαν

2249 4381 2647 4454 εὐαγγελιστὴν
2693 4381 2950 4453 Ἰωάννην
2976 4422 2993 4448 ,
3031 4381 3130 4436 καὶ
3181 4380 3368 4452 πηγῆς
3395 4378 3626 4434 ἀεννάου
3672 4377 3831 4444 δίκην

2249 4473 2341 4528 τὸν
2377 4473 2728 4546 περιεκτικδν
2766 4473 2870 4543 τῆς
2905 4471 3002 4527 τοῦ
3035 4472 3239 4535 παντὸς
3281 4470 3539 4544 προνοίας
3586 4469 3829 4532 εὐσεϐῶς

562 4550 818 4643 centibus
848 4554 1152 4624 profundit.
1193 4558 1387 4617 Manus
1423 4578 1638 4630 rursus,
1665 4575 1727 4621 ut
1756 4583 1855 4637 par
1881 4577 1988 4634 est,
2016 4584 2144 4638 par-

2252 4563 2498 4634 προχέων
2523 4564 2634 4627 τοῖς
2668 4562 3001 4634 μανθάνουσι
3029 4561 3191 4631 λόγον
3217 4579 3278 4615 τε
3311 4563 3414 4643 καὶ.
3437 4561 3667 4631 τρόπον.
3695 4562 3827 4615 Χει-

560 4641 752 4716 ticipat
785 4646 880 4716 qui
914 4648 1194 4706 actionum
1225 4651 1496 4711 divinitus
1545 4657 1975 4727 prohibitarum,
2025 4661 2142 4717 sive

2252 4656 2352 4727 ρῶν
2388 4655 2433 4709 δ’
2464 4652 2530 4710 αῦ
2569 4655 2978 4728 μεταλαμϐάνει
3027 4655 3259 4720 δεόντως
3295 4655 3324 4707 6
3369 4641 3536 4726 μηδὲν
3562 4655 3677 4709 τῶν
3702 4655 3825 4710 κατ’

559 4752 659 4807 per
704 4737 977 4808 ignaviam
1005 4741 1122 4796 sive
1152 4758 1251 4812 per
1293 4746 1683 4818 negligentiam
1706 4760 1992 4821 perpetrat
2022 4754 2146 4808 nul-

558 4828 688 4890 lam.
724 4830 820 4885 sed
854 4847 1049 4889 omnes
1078 4835 1276 4892 anima:
1307 4837 1366 4893 in
1393 4841 1608 4911 agendo
1657 4843 1808 4900 vires
1846 4846 1913 4900 ad
1973 4847 2142 4917 perli-

558 4917 754 4975 cienda
785 4920 882 4978 Dei
915 4924 1170 4980 mandata
1228 4938 1448 4998 paratas
1479 4931 1647 4988 habet
1680 4943 1845 5005 atque
1872 4937 2139 4996 intentas.

557 5011 821 5068 Ventrem
853 5031 1006 5079 veno,
1043 5017 1139 5088 qui
1169 5020 1385 5088 animte,
1415 5024 1563 5094 quod
1596 5041 1817 5097 semper
1847 5031 2132 5098 scaturiat,

437 5114 444 5120 '
556 5101 793 5172 genitale
817 5103 1004 5172 habet,
1039 5108 1134 5178 qui
1179 5110 1558 5182 spiritualibus
1603 5115 1848 5173 abundat
1888 5129 2138 5176 contem-

461 5203 464 5206 '
556 5190 910 5262 plationibus,
929 5197 1021 5267 qui
1051 5198 1557 5274 inexstinguibilem
1578 5215 1634 5261 et
1658 5205 2139 5279 ﬂagrantissimum

554 5282 910 5355 impassibilis
936 5293 1213 5363 appetitus
1238 5310 1363 5350 cum
1390 5297 1503 5353 Deo
1518 5300 1753 5356 coeundi
1781 5318 2021 5358 amorem
2040 5304 2136 5359 ha-

553 5375 669 5433 bet.
725 5379 989 5438 intestina
1016 5400 1148 5440 vero
1187 5387 1543 5459 participabit
1577 5394 1993 5460 convenienter,
2041 5398 2132 5467 qui

554 5469 906 5544 indagatione
933 5476 1107 5548 magis
1137 5480 1355 5535 occulta
1381 5491 1437 5537 et
1452 5484 1768 5554 cognitione
1789 5487 2135 5544 intellectua-

554 5559 595 5651 li
624 5563 898 5632 profunda
932 5566 1030 5622 Dei
1051 5570 1406 5642 pervestigat,
1449 5580 1508 5628 et
1529 5573 1902 5633 ineﬁ‘abilibus
1927 5589 2132 5651 myste-

553 5650 655 5708 riis
693 5663 993 5714 saturatur.
1026 5659 1199 5734 Maius
1219 5662 1355 5737 quid
1386 5663 1580 5726 Sermo
1613 5667 1862 5728 audebit.
1900 5650 2130 5730 Inferio-

647 5840 684 5904 ο,
703 5831 873 5892 Hebr.
905 5853 978 5904 tv,
1007 5837 1094 5894 Η.

2244 4749 2465 4820 ἐντολὴν
2495 4749 2803 4819 ἀνειμένως
2826 4747 3002 4820 ἔργων
3029 4748 3126 4802 καὶ
3143 4747 3514 4820 ἠμελημένως
3540 4748 3822 4813 ἐπιτελῶν,

2241 4838 2358 4892 ἀλλ’
2388 4839 2518 4910 ὃλην
2548 4839 2693 4912 ἔχων
2729 4840 2954 4911 ἑτοίμην
2988 4840 3083 4894 καὶ
3108 4839 3328 4895 εὖτονον
3367 4841 3506 4914 πρὸς
3534 4841 3822 4912 ἐκπλήρω-

2243 4950 2327 4988 σιν
2354 4932 2464 4986 τῶν
2491 4933 2656 4987 θείων
2695 4933 2875 5004 νόμων
2905 4934 3004 5005 τῆς
3031 4933 3214 5005 ψυχῆς
3237 4934 3338 5006 τὴν
3375 4935 3520 4989 κατά
3541 4935 3641 5006 τὴν
3676 4935 3820 5001 πρᾶο

2250 5024 2333 5088 ξιν
2382 5023 2666 5096 ἐνέργειαν
2689 5038 2705 5053 ·
2744 5024 2956 5090 κοιλίας
2983 5025 3060 5091 δέ,
3093 5025 3122 5077 ὁ
3159 5026 3219 5080 τὺ
3260 5026 3489 5097 γόνιμον
3516 5025 3619 5096 τῆς
3643 5025 3822 5097 ψυχῆς

2245 5115 2568 5170 ἀείϐλυστον
2603 5115 2765 5187 ἔχων,
2806 5116 2901 5170 καὶ¹
2931 5117 3342 5188 πληθυνόμενος
3366 5121 3483 5182 τοῖς
3520 5135 3819 5191 πνευματι-

2245 5210 2359 5270 κοῖς
2389 5207 2736 5280 θεωρήμασι,
2772 5209 2866 5262 καὶ
2907 5208 3324 5264 ἀκατάσϐεστον
3372 5213 3467 5264 τὸν
3517 5209 3820 5265 ataunt-

2242 5317 2404 5353 τατον
2441 5300 2543 5368 τῆς
2583 5300 2719 5372 πρὸς
2749 5302 2850 5372 τὴν
2895 5301 3052 5356 θείαν
3083 5303 3377 5356 συνουσίαν
3417 5303 3666 5367 ἀπαθοῦς
3693 5304 3819 5372 ἐφέ-

2245 5411 2385 5458 σεως
2425 5393 2605 5465 ἔρωτα
2641 5394 3000 5466 κεκτημένος.
3063 5397 3381 5451 Ἑνδοσθίων
3422 5397 3479 5451 δὲ
3522 5397 3821 5468 μεταλήψ-

2239 5505 2332 5541 ται
2365 5488 2776 5559 προσηκόντως,
2808 5489 2837 5541 ό
2863 5491 2930 5560 τῇ
2964 5488 3321 5562 κρυφιωτέρᾳ
3357 5488 3588 5562 ζητήσει
3628 5508 3686 5544 τε
3719 5489 3817 5542 καὶ

2240 5577 2442 5648 γνώσει
2481 5579 2577 5634 τοῦ
2609 5579 2702 5634 νοῦ
2731 5580 2802 5634 τά
2843 5579 2985 5652 βάθη
3029 5581 3126 5636 τοῦ
3177 5580 3316 5636 Θεοῦ
3367 5582 3812 5655 διερευνώμενος.

2242 5672 2335 5726 καὶ
2364 5671 2696 5746 ἀπορρήτων
2723 5673 3142 5747 ἐμφορούμενος
3176 5675 3814 5762 μυστηρίων.ολμήαει
