4026 6288
249 267 415 341 I365

1430 261 2017 341 "AMBIGUORUM
2055 278 2309 339 LIBER;

3384 260 3537 341 ’1366

239 408 306 444 τι
338 390 537 462 μεῖζον
566 391 595 445 6
630 390 812 461 λόγος.
840 390 963 446 Τῶν
995 390 1149 448 κάτω
1192 392 1289 448 τοῦ
1318 392 1494 467 Λόγου
1534 392 1720 466 μερῶν
1755 409 1853 463 με·

1978 407 2052 448 'es
2089 387 2377 447 Sermonis
2406 396 2592 461 partes
2622 385 2977 463 partieipabit
3029 391 3309 463 sapienter
3354 391 3400 450 is
3442 397 3535 466 qui

240 481 680 554 ταλαμδανέτω
715 484 1031 555 σωφρόνως,
1069 485 1099 539 ὁ
1130 483 1368 555 λογικῶς
1415 484 1559 539 κατά
1595 485 1695 553 τῆς
1722 483 1855 554 ὕλης

247 574 589 645 ἱστάμενος,
625 575 719 629 καὶ
742 573 1098 630 παντάπασιν
1122 575 1427 647 ἀμόλυντον
1455 575 1598 648 μετά
1624 575 1726 648 τῆς
1751 575 1856 646 ψυ-

257 668 383 738 χῆς
414 668 513 739 τὴν
554 667 736 740 σάρκα
783 667 1080 740 διατηρῶν,
1110 670 1208 723 καὶ
1256 668 1378 724 ὅλον
1425 668 1856 741 ἀπαραλείπτως

252 759 413 830 αὐτῇ
444 758 538 811 τὸν
572 757 747 825 Λόγον
768 760 890 823 ταῖς
904 758 1128 831 ἀρεταῖς
1154 758 1473 832 διαμορφῶν
1499 759 1679 831 σάρκα
1700 758 1861 828 γενό-

260 869 463 923 μενον.
493 852 585 921 Μη
595 849 703 923 ρῶν
724 851 782 906 δέ
816 851 1187 924 μεταλήψεται
1213 854 1242 908 ό
1263 852 1356 907 τὸν
1375 851 1535 922 λόγον
1568 850 1856 921 ἐπικείμεο

256 962 367 999 νον
403 944 546 1016 ἔχων
584 943 663 1016 τῷ
703 944 806 1015 τῆς
840 943 1023 1017 ψυχῆς
1049 945 1345 1017 παθητικῷ
1385 945 1565 1017 μέρει,
1597 945 1693 1000 καὶ
1725 961 1861 998 παν-

254 1037 447 1103 τελῶς
485 1037 768 1108 ἐκτέμνων
796 1038 969 1109 αὐτῆς
992 1037 1092 1111 τὴν
1118 1037 1390 1110 πρόσυλον
1420 1037 1661 1108 κίνησιν*
1694 1036 1859 1105 γονά-

260 1149 387 1187 των
446 1131 530 1199 δέ,
568 1134 597 1186 6
656 1132 793 1203 πρὸς
830 1133 963 1197 τοὺς
1020 1132 1308 1204 κειμένους
1346 1130 1445 1186 καὶ
1496 1128 1861 1194 ἀσθενοῦντας

264 1225 476 1299 (246
502 1226 557 1297 a)
588 1228 654 1299 τῇ
696 1226 876 1282 πίστει
911 1226 1214 1298 συμπαθῶς
1249 1225 1391 1280 κατά
1437 1223 1700 1296 πρόνοιαν
1742 1225 1862 1277 ἐπι-

262 1318 618 1391 κλινόμενος,
642 1321 737 1374 καὶ
763 1319 864 1392 τὴν
881 1320 1019 1391 πρὸς
1048 1322 1197 1391 ἡμᾶς
1230 1318 1328 1374 τοῦ
1360 1319 1538 1388 Λόγου
1583 1318 1860 1389 μιμούμε-

265 1430 370 1478 νος
411 1413 845 1483 συγκαταϐασιν.
878 1412 1119 1485 Κνημῶν
1151 1413 1210 1468 δὲ
1237 1413 1334 1468 καὶ
1364 1411 1543 1466 ποδῶν
1575 1412 1862 1483 μεταλαμ-

267 1506 494 1562 ϐανέτω
540 1507 677 1579 πρὸς
723 1505 956 1573 τούτοις,
1002 1509 1031 1561 6
1082 1506 1176 1560 ἐπὶ
1224 1505 1327 1576 τῆς
1372 1505 1614 1568 πίστεως
1643 1503 1864 1574 καὶτῆς

269 1601 487 1671 ἀρετῆς
527 1601 622 1655 καὶ
654 1600 757 1671 τῆς
787 1599 1047 1670 γνώσεως
1084 1599 1416 1662 ἀσαλεύτους
1452 1599 1592 1670 ἔχων
1621 1600 1721 1669 τῆς
1769 1597 1867 1666 ψυ-

275 1694 391 1765 χῆς
428 1695 529 1756 τάς
574 1692 762 1763 βάσεις
816 1692 910 1746 καὶ
951 1690 1313 1761 ἀκλονήτους,
1347 1688 1444 1741 xal.
1477 1687 1618 1742 κατὰ
1662 1687 1864 1747 σκοπὸν

454 1755 520 1837 τὸῗ
547 1755 797 1855 βραϐεῖον
825 1782 925 1853 τῆς
950 1782 1063 1837 ἀνω
1082 1755 1328 1849 κλήσεως
1358 1779 1735 1849 ἐπειγόμενος,
1768 1778 1863 1831 καὶ
1898 1755 1941 1809 Β

271 1875 383 1945 τῆς
413 1873 636 1942 ἀγνοίας
682 1872 753 1926 τά
803 1872 905 1944 ὅρη
956 1872 1053 1925 καὶ
1094 1870 1222 1933 τοὺς
1259 1868 1483 1939 βουνοὺς
1521 1869 1621 1938 τῆς
1668 1868 1866 1931 κακίας

276 1962 624 2036 ὑπερ-πηδῶν
669 1960 809 2034 μετά
836 1961 932 2015 τοῦ
962 1961 1138 2030 Λόγου
1186 1958 1666 2029 καὶδιαλλόμενος.
1708 1957 1867 2010 Ἀλλά

286 2060 375 2121 τίς
410 2059 697 2129 δυνήσεται
722 2055 917 2119 σπάσας
959 2054 1055 2108 τοῦ
1110 2054 1366 2125 Σωτῆρος
1412 2053 1570 2124 ήμῶν
1600 2051 1737 2105 θεοῦ
1769 2050 1868 2115 τὰς

278 2151 354 2205 δι’
390 2151 540 2222 ἡμᾶς
584 2148 830 2212 ἐπινοίας
882 2146 1259 2220 ἐξαριθμῆσαι
1316 2146 1439 2199 καθ’
1494 2148 1561 2208 ἃς
1608 2144 1868 2214 ἐδώδιμον

283 2244 481 2299 ἑαυτὸν
519 2243 614 2297 καὶ
662 2242 1011 2314 μεταληπτδν
1063 2240 1340 2309 ἀναλόγως
1375 2239 1592 2310 ἑκάστῳ
1640 2237 1871 2308 πεποίη-

280 2356 403 2392 κεν.
446 2337 566 2390 Ἔτι
618 2335 729 2406 γὰρ
760 2336 874 2407 ἔχει
917 2334 1055 2407 πρδς
1102 2334 1318 2398 τούτοις
1369 2335 1536 2388 πᾶσιν
1579 2334 1624 2386 ό.
1663 2332 1871 2403 Κύριος

286 2428 645 2500 βοστρύχους,
667 2428 763 2481 καὶ
810 2430 983 2498 ῥίνας,
1009 2427 1109 2480 καὶ
1154 2426 1331 2498 χείλη,
1360 2424 1632 2498 τράχηλόν
1656 2442 1742 2492 τε,
1778 2424 1871 2478 καὶ

284 2518 501 2591 ὤμους,
534 2521 630 2573 καὶ
657 2518 987 2583 δακτύλους,
1023 2519 1116 2572 καὶ
1130 2519 1233 2572 ὃσα
1259 2517 1361 2586 τῆς
1394 2516 1673 2589 ἡμετέρας
1704 2532 1871 2570 κατα-

286 2610 490 2680 σκευῆς
520 2612 607 2664 ἐπ’
637 2609 802 2665 αὐτοῦ
856 2602 1076 2680 λέγεται
1120 2602 1654 2681 τροπολογικῶς.Ὦν
1700 2622 1871 2678 προσ-

286 2703 441 2776 φυῶς
484 2721 545 2758 τε
586 2703 682 2757 καὶ
723 2703 1045 2775 εὐχρήστως
1110 2701 1623 2773 μεταλαμὸἀνουσιν
1653 2700 1703 2753 oi
1736 2698 1873 2769 πρὸς

245 2822 253 2829 κ
286 2798 523 2853 ἕκαστον
562 2797 659 2851 καὶ
697 2796 762 2851 δι’
793 2795 1024 2850 ἑκάστου
1051 2796 1251 2867 μέλους
1283 2793 1683 2865 σημαινόμενον
1712 2808 1875 2847 πνευ-

292 2889 524 2963 ματικὸν
558 2887 1021 2961 μεταποιούμενοι
1071 2888 1253 2957 λόγον.
1305 2886 1493 2951 Οὕτως
1526 2888 1554 2940 6
1578 2884 1749 2955 ἀμνὸς
1778 2882 1873 2937 τοῦ

292 2981 434 3038 Θεοῦ
472 2981 862 3056 βιδρώσκεται,
887 2982 1028 3037 κατά
1055 2982 1149 3036 τὸν
1179 2981 1335 3051 ἅγιον
1354 2979 1546 3035 τοῦτον
1574 2979 1670 3033 καὶ
1700 2977 1874 3049 μέγαν

1959 483 2310 540 rationaliter
2354 491 2550 540 contra
2580 485 2871 545 materiam
2915 495 3056 553 stat,
3088 494 3146 543 et
3191 484 3538 556 impollutam

1956 575 2183 630 omnino
2223 589 2350 630 cum
2387 574 2570 630 anima
2607 589 2831 630 carnem
2863 585 3178 641 conservat,
3209 582 3267 631 et
3285 582 3460 631 totum
3480 590 3541 628 ac

1957 666 2079 723 sine
2117 665 2336 722 defectu
2368 681 2433 723 ea
2463 665 2810 735 Sermonem,
2836 667 2936 737 qui
2966 683 3103 722 caro
3123 676 3209 723 est
3233 667 3413 723 factus
3430 667 3542 721 vir-

1958 761 2172 817 tutibus
2240 760 2467 834 elllngit.
2508 760 2743 816 Femora
2786 768 2987 817 autem
3036 760 3393 832 participabit
3446 760 3536 829 qui

1960 853 2310 920 Sermonem,
2336 854 2394 909 in
2417 854 2677 925 passibili’
2700 854 2894 910 anima:
2925 862 3082 925 parte
3119 853 3286 909 habet
3315 852 3538 923 imposi-

1958 956 2098 1013 tum,
2135 962 2199 1003 ac
2225 948 2523 1003 motionem
2556 948 2680 1018 ejus
2704 946 2767 1002 in
2789 947 3077 1003 materiam
3112 961 3341 1017 pronam
3383 961 3541 1017 pror-

1960 1057 2056 1098 sus
2079 1041 2367 1112 exstirpat;
2397 1057 2579 1113 genua
2612 1050 2826 1107 contra,
2851 1040 2984 1112 quid
3031 1040 3098 1095 ad
3118 1042 3368 1113 jacentes
3396 1048 3453 1094 ct
3472 1037 3542 1094 fl-

1960 1133 2030 1190 de
2063 1134 2318 1192 labantes
2348 1134 2783 1191 misericorditer
2812 1135 2882 1191 de
2903 1135 3261 1191 Providentia
3288 1134 3541 1199 inclinat,

1960 1234 2127 1297 atque
2163 1226 2447 1283 Sermonis
2486 1226 2554 1282 ad
2584 1242 2687 1282 nos
2706 1227 3237 1283 condescensionem
3273 1226 3541 1281 imitatur.

1962 1320 2151 1375 Tibias
2165 1320 2406 1399 denique
2444 1328 2500 1376 et
2528 1321 2701 1391 pedes
2732 1320 3065 1392 participato
3096 1322 3162 1377 ad
3186 1320 3437 1391 Μειλιιυί
3461 1320 3547 1374 in-

1962 1412 2208 1483 trepidos
2230 1424 2286 1468 et
2311 1414 2673 1468 inconcussos
2700 1413 2756 1467 in
2788 1412 2895 1469 ﬁde
2928 1423 2984 1469 et
3014 1412 3217 1469 virtute
3248 1421 3304 1467 et
3358 1414 3548 1484 cogni-

1964 1511 2112 1566 tione
2156 1511 2328 1567 habet
2359 1512 2558 1566 animae
2602 1527 2845 1583 gressus,
2913 1521 2971 1567 et
3001 1512 3155 1583 juxta
3199 1510 3551 1581 propositum

1963 1611 2295 1672 approperat
2338 1601 2406 1656 ad
2461 1601 2748 1672 prmmium
2816 1601 3126 1658 vocationis
3188 1600 3245 1655 in
3306 1600 3546 1666 coelum,

1964 1694 2169 1764 quique
2196 1693 2515 1765 ignorantiae
2539 1703 2752 1750 montes
2778 1694 3147 1766 nequitiaeque
3188 1694 3357 1751 colles
3373 1704 3553 1750 trans-

1976 1784 2062 1839 ilit
2089 1799 2215 1839 cum
2244 1785 2482 1841 ratione.
2512 1784 2620 1841 Sed
2661 1785 2789 1856 quis
2819 1785 3006 1841 omnia
3038 1785 3340 1842 Salvatoris
3372 1785 3550 1841 nostri

1967 1878 2063 1933 Dei
2098 1888 2325 1948 propter
2366 1894 2469 1933 nos
2523 1878 2760 1951 cogitata
2808 1894 3138 1936 enumerare
3160 1880 3370 1951 poterit
3425 1879 3551 1950 qui-

1970 1972 2073 2026 bus
2090 1971 2438 2026 esculentum
2462 1987 2582 2027 sese
2612 1981 2778 2043 atque
2811 1971 3109 2029 fruendum
3145 1972 3549 2028 convenienter

1971 2064 2272 2134 unicuique
2296 2064 2593 2119 olfecerit?
2631 2064 2807 2120 Habet
2834 2065 2983 2121 enim
3023 2064 3294 2121 Dominus
3320 2063 3387 2118 ad
3434 2079 3552 2117 om-

1974 2157 2069 2211 nia
2097 2156 2216 2211 lizec
2250 2156 2541 2211 cincinnos
2578 2166 2634 2211 et
2668 2170 2830 2212 nares
2862 2165 2919 2211 et
2946 2156 3121 2221 labra,
3146 2154 3418 2211 cervicem
3443 2153 3550 2207 bn-

1971 2265 2265 2319 merosque
2296 2264 2361 2304 ac
2389 2249 2613 2320 digitos,
2653 2258 2711 2305 ct
2743 2265 3091 2320 quaecunque
3122 2256 3327 2303 nostra:
3348 2246 3555 2303 consti-

1974 2340 2205 2395 tutionis
2239 2340 2307 2395 de
2340 2355 2408 2396 eo
2447 2340 2679 2411 ﬁgurate
2708 2341 2997 2411 praedicari
3028 2339 3219 2396 solent
3248 2339 3324 2393 Ea
3356 2352 3555 2392 conve-

1971 2431 2190 2486 nienter
2226 2440 2391 2502 atque
2419 2431 2629 2487 utiliter
2678 2432 3013 2503 participant
3064 2431 3159 2502 qui
3195 2430 3250 2485 in
3282 2442 3558 2500 quamque

1971 2532 2028 2577 et
2063 2539 2162 2593 per
2194 2523 2453 2593 quodque
2506 2523 2818 2578 membrum
2857 2522 3227 2595 signiﬁcatam
3282 2520 3557 2575 rationem

1975 2614 2378 2669 instaurantur.
2414 2616 2493 2670 ιω
2518 2616 2708 2685 Agnus
2742 2615 2838 2671 Dei
2879 2614 3225 2680 comedetur,
3251 2611 3558 2669 secundum

1974 2706 2124 2762 hunc
2149 2714 2399 2761 sanctum
2427 2714 2484 2761 et
2511 2722 2783 2777 magnum
2820 2707 3131 2771 doctorem,
3188 2713 3244 2761 et
3273 2705 3327 2759 in
3362 2718 3563 2761 conco-

1975 2798 2215 2854 ctionem
2246 2799 2593 2870 spiritualem
2643 2798 2949 2870 digeretur,
2988 2798 3119 2853 dum
3160 2797 3563 2867 participantes

1975 2905 2034 2946 se
2063 2891 2272 2962 Spiritu
2305 2892 2361 2947 in
2423 2892 2667 2963 seipsum
2731 2893 2985 2948 immutat
3028 2898 3197 2959 atque
3249 2895 3560 2959 regenerat,

1977 2997 2433 3053 unumquemque
2465 2997 2660 3038 eorum
2694 2982 2749 3037 in
2792 2980 3030 3036 membri
3077 2980 3147 3035 ab
3172 2993 3239 3034 eo
3272 2977 3452 3033 vorati
3479 2978 3563 3032 lo-

290 3075 634 3140 διδάσκαλον,
668 3076 768 3129 καὶ
800 3076 883 3139 είς
921 3075 1087 3146 πέψιν
1125 3072 1502 3145 πνευματικὴν
1531 3070 1872 3135 ἀναδίδοται,

1987 3089 2114 3129 cum
2138 3089 2240 3145 pro
2264 3074 2571 3147 corporalis
2596 3073 2809 3130 ordinis
2825 3083 2888 3129 et'
2904 3070 3398 3145 coagmentationis
3413 3071 3565 3142 posi-

295 3167 609 3238 μεταποιῶν
642 3168 778 3239 πρὸς
811 3168 1005 3221 ἐαυτὸν
1025 3165 1107 3235 τῷ
1137 3166 1413 3235 πνεύματι
1436 3165 1564 3229 τοὺς
1594 3162 1877 3236 μεταλαμ-

295 3261 590 3327 ϐάνοντας,
642 3262 877 3316 ἕκαστον
916 3260 1099 3315 αὐτῶν
1149 3263 1229 3327 είς
1280 3261 1374 3315 τὸν
1422 3258 1516 3315 τοῦ
1564 3257 1873 3331 βρωθέντος

1987 3163 2140 3220 tione
2156 3167 2448 3223 attrahens
2470 3175 2639 3237 atque
2664 3175 3054 3236 transponens,
3075 3164 3150 3219 ita
3170 3172 3231 3218 ut
3246 3162 3569 3219 humaniter

1978 3271 2043 3311 ea
2068 3272 2191 3328 qua:
2223 3259 2502 3315 universis
2530 3258 2675 3314 inest
2701 3258 2843 3339 ratio
2869 3258 2926 3313 in
2961 3256 3141 3313 rebus
3182 3255 3421 3311 essentia
3448 3254 3564 3339 (lat,

295 3351 389 3405 ὑπ’
416 3350 581 3406 αὑτοῦ
616 3349 1005 3421 πνευματικῶς
1049 3349 1247 3422 μέλους
1278 3348 1445 3403 τόπον
1482 3346 1625 3401 κατά
1649 3344 1750 3417 τὴν
1780 3343 1872 3398 θέ-

1978 3363 2095 3419 quae
2124 3350 2268 3406 ratio
2288 3352 2403 3407 sola
2425 3358 2654 3422 superat
2680 3332 2937 3405 naturam
2962 3348 3207 3417 itemque
3228 3332 3561 3402 sermonem.

297 3464 384 3503 σιν
414 3448 515 3518 τῆς
548 3447 871 3519 σωματικῆς
914 3446 1185 3518 ἁρμονίας
1223 3443 1435 3514 ἐνάγων
1474 3460 1536 3497 τε
1580 3442 1677 3497 καὶ⁵
1709 3436 2152 3513 μετατιθέμενος,
2215 3446 2357 3501 ῶστε
2421 3444 2820 3519 φιλανθρώπως
2880 3443 2973 3497 τὸν
3021 3443 3079 3495 ἐν
3119 3443 3231 3504 τοῖς
3268 3440 3409 3505 δλοις
3473 3438 3568 3492 λό-

296 3560 392 3614 γον
422 3543 536 3606 τοῖς
564 3541 886 3612 πράγμασιν
927 3540 1118 3597 οὐσίαν
1146 3537 1395 3609 γίνεσθαι
1422 3536 1516 3591 τὸν
1541 3535 1703 3606 μόνον
1726 3534 1870 3614 ὑπὲρ
1907 3541 2072 3605 φύσιν
2105 3538 2201 3593 καὶ
2227 3538 2421 3609 λόγον.

312 3729 414 3783 Ἐκ
439 3728 547 3783 τοῦ
567 3726 755 3783 αὐτοῦ
779 3726 993 3797 λόγου,
1008 3727 1094 3791 είς
1117 3725 1207 3778 τόδ
1230 3742 1249 3775 ι
1278 3722 1600 3791 Νεκρώσας
1628 3721 1699 3776 τὰ
1723 3722 1883 3792 μέλη

370 3821 442 3876 τὰ
468 3818 563 3874 ἐπὶ
582 3818 687 3892 τῆς
719 3817 849 3890 γῆς,
882 3818 979 3872 καὶ
1012 3815 1127 3885 τὴν
1156 3815 1345 3883 ζώνην
1373 3813 1649 3912 Ἰωεέννου
1677 3813 1888 3883 μιμού-
1948 3894 1953 3898 1

366 3936 571 3989 μενος.
607 3916 713 3971 τοῦ
745 3913 1032 3985 ἐρημικοῦ
1068 3912 1168 3967 καί
1209 3908 1547 3981 προδρόμου
1580 3908 1681 3963 καί
1708 3908 1886 3980 μεγά-

370 4012 486 4064 λου
510 4006 618 4077 τῆς
642 4008 926 4077 ἀληθείας
960 4005 1222 4075 κήρυκος
1240 4004 1371 4075 (45).
1406 4023 1424 4055 ι

386 4126 444 4178 Ὁ
482 4124 581 4197 τὴν
615 4123 861 4178 Ἰωάννου
896 4121 1075 4192 ζώνην
1106 4117 1445 4191 μιμούμενός
1472 4117 1620 4171 ἐστιν
1643 4117 1671 4169 6
1698 4115 1765 4185 τῇ
1789 4112 1883 4167 δυ-

307 4217 468 4289 νάμει
502 4218 595 4272 τοῦ
616 4216 780 4285 λόγου
814 4215 875 4269 τὸ
908 4215 1131 4286 γόνιμον
1164 4216 1265 4284 τῆς
1296 4212 1475 4283 ψυχῆς
1503 4210 1592 4263 διὰ
1625 4207 1882 4278 γνώσεως

310 4312 628 4382 πρακτικῶς
667 4310 1009 4379 ἐπισιρίγγων
1034 4347 1048 4370 ,
1109 4309 1202 4361 καὶ
1248 4306 1534 4376 ἀδιάχυτον
1580 4302 1711 4357 αὐτὸ
1746 4301 1883 4372 πρὸς

310 4404 405 4473 τὴν
436 4402 568 4473 ὓλην
596 4400 993 4470 διαφυλάττων.
1036 4397 1336 4469 Ἐρημικὺς
1366 4396 1422 4448 δέ
1444 4397 1592 4447 ἐστιν
1622 4392 1808 4464 (246
1831 4393 1882 4461 b)

1984 3720 2070 3776 Ea:
2093 3720 2273 3774 eodem
2291 3733 2555 3781 sermone,
2578 3718 2632 3771 in
2655 3715 2827 3770 illud:
2861 3734 2879 3764 ι
2926 3711 3276 3780 Morti/iratus
3332 3708 3569 3767 membra

2056 3828 2173 3884 qua:
2200 3820 2322 3867 sunt
2359 3825 2517 3882 super
2549 3820 2749 3863 terram
2767 3807 2818 3873 d,
2846 3815 2893 3860 et
2914 3804 3143 3860 solitarii
3175 3802 3319 3856 illius
3343 3800 3569 3854 Joannis

2051 3917 2102 3961 et
2145 3905 2488 3978 praecursoria
2522 3903 2807 3974 magnique
2848 3899 3088 3955 veritatis
3131 3895 3409 3967 prwconis,
3434 3908 3573 3963 pra:-

2055 4000 2367 4056 cinctionem
2400 3998 2639 4053 imitans.
2680 4014 2699 4049 ι

2058 4119 2291 4178 Joannis
2322 4132 2517 4172 zonam
2554 4115 2802 4171 imitatur
2831 4111 2926 4184 qui
2962 4108 3197 4167 rationis
3237 4106 3446 4161 virtute
3473 4120 3574 4177 ge.-

1988 4212 2157 4269 nitale
2212 4209 2411 4266 animae
2463 4224 2563 4280 per
2595 4207 2969 4279 cognitionem
3006 4204 3183 4259 active
3218 4200 3570 4271 constringit,

1988 4316 2046 4363 et
2087 4304 2442 4361 inconfusum
2468 4310 2664 4358 contra
2694 4300 2982 4357 materiam
3028 4304 3232 4354 servat.
3278 4294 3573 4351 Solitarius

1992 4407 2178 4478 autem
2212 4405 2299 4451 est
2338 4394 2433 4463 qui
2466 4407 2665 4462 purum
2696 4389 2985 4445 all'ectibus
3010 4387 3261 4442 habitum
3289 4382 3392 4438 sibi
3428 4396 3573 4451 quine-

312 4498 338 4551 6
377 4495 567 4551 παθῶν
605 4493 1017 4564 καθαρεύουσαν
1049 4492 1148 4563 τὴν
1192 4490 1307 4556 ἕξιν
1352 4486 1718 4555 κτησάμενος.
1754 4484 1875 4555 Πρό·

1995 4467 2146 4541 sivit:
2184 4486 2505 4539 Praecursor
2554 4496 2691 4535 vero
2717 4489 2803 4535 est
2846 4478 2941 4548 qui
2976 4479 3205 4533 sincera:
3234 4471 3575 4545 paenitentiae

274 4576 278 4580 Δ
313 4591 509 4662 δρομος
548 4589 606 4643 δὲ
635 4590 663 4642 ό
697 4588 787 4642 διὰ
821 4586 922 4658 τῆς
951 4584 1184 4655 γνησίας
1220 4581 1512 4654 μετανοίας
1542 4580 1642 4650 τὴν
1687 4580 1892 4631 ἐπακο-

315 4669 614 4738 λουθοῦσαν
646 4681 782 4752 αὐτῇ
820 4678 1191 4748 δικαιοσύνην,
1239 4674 1331 4729 καὶ
1370 4672 1459 4727 διὰ
1495 4672 1596 4743 τῆς
1629 4670 1893 4739 φαινομέ-

315 4792 408 4848 νης
436 4774 639 4848 ἀρετῆς
679 4772 779 4846 τὴν
812 4772 1100 4844 ἐπιδημεῖν
1130 4768 1310 4823 αὐτῶν
1347 4766 1654 4837 μέλλουσαν
1682 4764 1887 4833 γνῶσιν

272 4932 275 4935 _
317 4866 669 4939 προμηνύων.
708 4866 899 4934 Μέγας
936 4864 993 4916 δὲ
1023 4862 1140 4933 τῆς¹
1162 4859 1418 4932 ἀληθείας
1453 4856 1641 4928 κῆρύξ
1672 4857 1819 4910 ἐστιν
1860 4858 1889 4908 6

318 4960 393 5031 τῷ
423 4960 611 5032 οἰκείῳ
644 4959 744 5030 βίῳ
778 4958 871 5011 τὸν
910 4954 1006 5010 ὑπ’
1042 4952 1207 5009 αὐτοῦ
1240 4953 1283 4984 ⁸⁸
1314 4950 1649 5022 λαλούμενον
1680 4951 1778 5019 τῆς
1808 4948 1891 5002 δι·-

274 5126 277 5127 ν
318 5052 612 5118 δαςκαλίας
639 5052 799 5121 λόγον
832 5047 1212 5119 πιστούμενος.

392 5239 427 5281 ἀ
455 5226 668 5296 Coloss.
706 5253 789 5304 ιιι,
819 5236 874 5292 5.

1990 4578 2407 4651 opejustitiam,
2431 4592 2554 4647 qua:
2576 4576 2726 4629 illam
2746 4572 3133 4643 subsequitur,
3156 4569 3575 4638 conspicuaque

1989 4672 2197 4727 virtute
2240 4669 2489 4725 futuram
2533 4667 2601 4722 ad
2653 4681 2817 4736 quam
2870 4664 2941 4719 sit
2990 4676 3316 4718 accessurus
3378 4657 3575 4733 cogni-

1990 4766 2197 4821 tionem
2224 4761 2579 4835 praanuntiat.
2618 4760 2846 4832 Magnus
2866 4757 3109 4827 denique
3132 4751 3379 4809 veritatis
3394 4763 3577 4820 praeco

1988 4865 2075 4912 est
2126 4855 2221 4926 qui
2258 4854 2525 4910 doctrina:
2567 4867 2885 4909 sermonem
2940 4865 2969 4903 a
3021 4844 3322 4915 semetipso
3377 4837 3599 4911 praedi-

1950 5010 1951 5013 η
1999 4958 2182 5004 catum
2219 4964 2318 5004 sua
2366 4946 2590 5018 propria
2630 4945 2742 4999 vita
2784 4941 3094 5001 conﬁrmat.

1580 5340 1819 5398 VARI/i3
1857 5337 2150 5396 LECTION
2159 5338 2260 5393 ES.

392 5468 438 5501 ⁸⁸
467 5468 518 5522 τί
544 5468 710 5524 habet
738 5466 862 5522 cod.
885 5465 1027 5522 Gud.

326 5539 493 5609 phum
530 5539 703 5597 habet
736 5538 876 5609 μετὰ
908 5537 1009 5609 τῆς
1040 5534 1181 5589 κατά
1201 5533 1303 5609 τῆς
1322 5533 1521 5603 ψυχῆς.

1128 5465 1172 5497 ³⁵
1202 5464 1280 5519 Ita
1310 5461 1592 5532 rescripsi.
1627 5459 1938 5529 Apograplu

1128 5534 1181 5585 ιά
1204 5533 1303 5585 τῆς
1322 5533 1521 5585 ὡυνῆς.
1612 5530 1652 5561 ⁸¹
1687 5530 1823 5585 Cod.
1855 5528 1935 5584 Gu

1943 5473 2016 5512 Im
2063 5456 2231 5510 habet
2269 5452 2425 5525 λόγος
2471 5451 2578 5525 τῶν
2603 5450 2701 5525 καὶ
2726 5446 2833 5525 τῶν
2860 5444 2965 5525 ’τοῦ
2996 5442 3178 5525 λόγου.
3254 5436 3593 5525 δθὲροξςειξ

1943 5528 1996 5583 (1.
2032 5527 2196 5583 habet
2225 5514 2449 5593 quidem
2481 5522 2571 5575 τὸν
2596 5521 2685 5573 ὑπ’
2721 5516 2910 5593 αὑτοῦ,
2941 5514 3036 5570 scd
3061 5525 3253 5593 vocum
3290 5514 3381 5573 61:;
3411 5514 3592 5557 αυτου

328 5582 876 5680 punctis
1322 5582 1911 5660 έιίιῗδῖίοῑοιοίΛίίοιιιι
1949 5582 2161 5652 manus
2198 5582 2406 5665 aliquid
2455 5593 2789 5662 rescriptura
2820 5588 2988 5644 fuisse
3028 5582 3271 5638 videtur.

396 5750 517 5822 μδ)
539 5750 683 5805 ldem
714 5749 836 5804 ibid.
866 5763 987 5818 cap.
1016 5746 1101 5813 18,
1142 5763 1196 5817 p.
1244 5746 1368 5811 859,
1409 5753 1540 5802 tom.
1568 5742 1589 5797 l
1614 5741 1751 5813 Opp.
1779 5740 1866 5796 ed.
1910 5737 2115 5795 Bcned.
