4080 6282
558 318 691 387 1371
1708 316 1772 379 s.
1800 315 2098 379 mxmn
2133 314 2645 380 conmsoms
3707 286 3843 387 mg

554 442 741 490 autem
780 430 1003 504 sapiens
1043 438 1134 488 est
1172 443 1334 487 mens
1374 428 1805 502 contemplativa
1828 433 1932 490 aevi
1967 432 2137 501 hujus

2250 428 2377 499 φίαν
2419 429 2679 502 γαμικῶς
2714 428 3094 496 εἰσοικιζεται.
3149 431 3499 505 Ἰσραηλείτης
3556 431 3621 487 δὲ
3679 433 3839 501 σοφός

554 527 923 601 cogitationes
970 524 1028 581 in
1077 533 1288 582 terram
1331 521 1668 596 cognitionis
1701 522 2048 580 transferens
2076 519 2146 575 ad

2250 522 2368 576 ἐστι
2389 521 2516 587 νοῦς
2537 522 2879 595 θεωρητικὸς
2900 521 2971 577 τὰ
2999 521 3098 577 τοῦ
3125 525 3326 589 αἰῶνος
3355 529 3555 578 τούτου
3588 525 3841 595 νοήματα

553 624 873 695 exemplum
908 621 1096 694 magni
1138 620 1290 676 illius
1328 618 1544 685 Jacobi,
1582 617 1682 690 qui
1726 624 1901 673 totam
1935 613 2147 671 Labani

2250 615 2387 687 πρὸς
2430 616 2532 689 τὴν
2580 617 2768 688 χώραν
2814 616 2917 685 τῆς
2961 616 3223 686 γνώσεως
3266 618 3659 689 μεταϐιϐάζων
3700 618 3843 672 κατὰ

556 717 928 775 substantiam
974 714 1049 771 ad
1104 722 1315 770 terram
1379 719 1602 784 patrum
1650 707 2049 781 transportavit
2096 704 2144 763 i.

2250 704 2340 760 τδν
2369 704 2546 776 μέγαν
2580 706 2792 773 ἐκεῖνον
2825 703 3050 773 Ἰακὼϐ,
3102 707 3197 761 τὸν
3218 708 3402 763 πάντα
3431 707 3502 761 τὰ
3529 706 3630 761 τοῦ
3654 707 3840 761 Δάϐαν

557 807 1035 876 Quemadmodum
1083 805 1232 863 enim
1266 803 1625 861 admirandus
1658 802 1753 859 ille
1793 800 2057 867 Iacobus,
2085 807 2149 855 ut

2250 797 2389 870 πρὸς
2428 798 2529 870 τὴν
2555 797 2664 868 γῆν
2687 800 2801 852 τῶν
2836 800 3104 872 Πατὲρων
3139 798 3617 872 μετακομίσαντα.
3650 800 3841 853 Rabi-

559 902 827 958 traditum
874 908 983 967 est,
1027 898 1214 972 virgas
1258 897 1629 955 decorticatas
1667 909 1939 966 aquarum
1982 908 2149 950 cana-

559 993 706 1049 libus
751 992 945 1065 injecit
989 998 1050 1048 et
1084 989 1382 1061 concipere
1426 987 1497 1043 ad
1544 1002 1643 1044 eas
1694 985 1831 1043 fecit
1872 1000 2005 1042 oves
2064 983 2151 1040 bi-

560 1084 758 1141 bentes
798 1084 847 1150 ι,
904 1082 989 1140 sic
1019 1081 1201 1138 omnis
1222 1095 1381 1137 mens
1410 1080 1469 1135 in
1497 1074 1699 1151 spiritu
1737 1077 2159 1150 sapientissima-

558 1191 784 1246 quoque
848 1175 1091 1230 rationes
1144 1188 1333 1229 rerum
1390 1187 1515 1243 qua:
1567 1178 1700 1228 sunt
1747 1170 2055 1227 diviniores
2114 1185 2147 1226 a

559 1267 794 1323 materia
823 1264 1312 1322 circumvestiente
1340 1263 1651 1321 denudatas
1674 1263 1854 1320 modis
1874 1261 2150 1335 cognitio-

557 1358 647 1413 nis
667 1356 1110 1429 contemplativis
1125 1355 1376 1429 subjicit,
1401 1366 1459 1413 et
1484 1355 1922 1428 incorporalium
1939 1364 2144 1411 statum

554 1450 795 1506 formare
831 1464 1111 1521 quemque
1144 1449 1453 1506 discentem
1491 1456 1550 1504 et
1587 1449 1787 1505 anima:
1820 1463 1935 1504 sua:
1970 1447 2150 1519 ipsius

555 1545 831 1603 motiones
855 1545 1075 1601 edocet.
1116 1543 1441 1601 Palriarcha
1465 1543 1655 1614 itaque
1694 1558 1888 1599 eorum
1919 1540 2147 1613 quidem

555 1637 651 1709 qui
692 1652 789 1708 per
828 1637 1071 1694 activum
1112 1637 1360 1693 laborem
1393 1635 1590 1693 virtuti
1637 1650 1862 1706 operam
1909 1628 2148 1700 navant,

556 1730 656 1786 Lia
692 1738 800 1797 est,
849 1738 1044 1786 contra
1089 1744 1287 1786 eorum
1336 1728 1435 1800 qui
1486 1744 1589 1800 per
1650 1726 1967 1783 naturalem
2014 1741 2149 1782 con-

2249 908 2361 964 περ
2386 890 2498 964 γὰρ
2527 893 2735 957 ἐκεῖνος
2756 893 2787 947 ό
2813 891 3133 964 θαυμαστὸς
3164 891 3366 948 Ἰακὼϐ
3395 892 3697 965 ἱστορικῶς
3744 894 3842 957 τὶς

2250 981 2483 1054 ῥάϐδους
2510 981 2745 1048 λεπίσας
2772 983 2868 1038 καὶ
2888 982 3115 1049 ὑποθεὶς
3140 986 3264 1048 ταῖς
3282 984 3468 1057 ληνοῖς
3490 983 3603 1039 τῶν

2249 1076 2386 1146 πρὸς
2432 1074 2602 1140 αύτάς
2659 1076 2927 1149 ἑγκισσᾷν
2958 1076 3134 1131 ἐποίει
3172 1076 3244 1131 τά
3294 1076 3521 1131 πίνοντα
3563 1076 3840 1149 πρόϐατα,

2247 1167 2393 1224 οὕτω
2420 1168 2518 1224 καί⁹
2547 1170 2659 1234 πᾶς
2681 1169 2742 1223 ὲν
2761 1168 3041 1240 πνεύματι
3067 1169 3382 1241 σοφώτατος
3402 1169 3530 1236 νοῦς
3557 1170 3664 1242 τῆς
3693 1187 3841 1242 περι-

2248 1264 2511 1337 κειμένης
2562 1263 2697 1336 ὕλης
2748 1264 2879 1330 τοὺς
2922 1264 3035 1319 τῶν
3078 1263 3252 1320 όντων
3281 1264 3595 1337 θειοτέρους
3644 1264 3838 1334 λόγους

2246 1357 2677 1430 ἀπογυμνώσας,
2742 1358 2840 1413 καὶ
2868 1360 2985 1423 τοῖς
3028 1359 3175 1413 κατά
3209 1359 3310 1431 τὴν
3336 1358 3581 1440 θεωρίαν
3608 1359 3835 1431 τρόποις

2244 1451 2346 1522 τῆς
2373 1449 2629 1521 γνώσεως
2652 1450 3012 1523 ὑποθέμενος,
3038 1451 3142 1523 τὴν
3169 1450 3280 1506 τῶν
3310 1452 3627 1521 ἀσωμάτων
3663 1452 3835 1505 κατά-

2248 1562 2442 1600 στασιν
2494 1543 2859 1616 μορφοῦσθαι,
2918 1543 3047 1609 τούς
3088 1561 3149 1598 τε
3197 1544 3575 1615 μανθάνοντας
3630 1545 3837 1610 πάντας

2247 1638 2340 1693 καί⁸
2392 1637 2463 1692 τὰ
2507 1638 2612 1709 τῆς
2668 1638 2866 1694 ἑαυτοῦ
2929 1638 3112 1709 ψυχῆς
3164 1637 3475 1693 ἐκδιδάσκει
3527 1639 3832 1709 κινήματα.

2246 1729 2606 1803 Πατριάρχης
2630 1727 2728 1784 οὖν
2756 1730 2869 1785 τῶν
2912 1731 3014 1799 μὲν
3045 1729 3137 1786 διὰ
3184 1730 3502 1803 πρακτικῆς
3539 1730 3838 1793 κοπιῖισεως

558 1824 983 1895 templationem
1018 1790 1374 1882 rationaliter
1388 1790 1653 1880 virtutem
1682 1823 1896 1889 colunt,
1936 1821 2144 1878 Rachel

2250 1822 2344 1896 τὴν
2371 1790 2601 1896 api-.9);
2640 1790 3055 1895 κατορθούντων
3098 1790 3250 1878 ἐστὶν
3277 1825 3311 1895 ἡ
3346 1790 3501 1887 Λεία,
3526 1821 3641 1876 τῶν
3662 1822 3722 1875 δὲ
3752 1790 3839 1876 διά

557 1927 676 1984 est,
722 1926 917 1991 utpote
981 1919 1082 1976 Dei
1134 1919 1257 1992 lege
1302 1919 1637 1976 obedienter
1689 1916 2031 1989 gnbernata,
2081 1929 2147 1972 ac

2250 1916 2343 1987 τῆς
2379 1917 2619 1988 φυσικῆς
2642 1916 2875 1988 θεωρίας
2903 1916 3007 1989 τὴν
3034 1914 3237 1989 ἀρετὴν
3261 1914 3503 1987 λογικῶς
3536 1915 3838 1988 μετιόντων

557 2010 762 2067 leniter
786 2011 1089 2067 secundum
1116 2025 1241 2067 eam
1273 2010 1610 2082 gubernans.
1644 2009 1853 2065 Eorum
1887 2022 2020 2063 vero
2048 2006 2145 2078 qui

2250 2006 2393 2061 ἐστὶν
2421 2007 2455 2078 ἡ
2504 2006 2731 2078 Ῥαχὴλ,
2769 2007 2848 2068 ὡς
2872 2006 3142 2070 εὐπειθῶς
3169 2007 3417 2079 ἀγομένη
3446 2007 3527 2078 τῷ
3559 2008 3717 2079 νόμῳ
3746 2005 3838 2060 τοῦ

553 2102 708 2174 juxta
758 2102 1291 2173 contemplationem
1331 2101 1685 2174 spiritualem
1738 2106 1938 2171 petunt
1974 2097 2149 2155 subli-

2250 2095 2378 2150 Θεοῦ
2406 2097 2504 2151 καὶ
2536 2098 2731 2170 πράως
2774 2086 2898 2153 κατ’
2949 2098 3114 2152 αὑτὸν
3145 2098 3395 2168 ἄγουσα.“
3416 2098 3555 2152 τῶν
3599 2098 3659 2152 δὲ
3694 2100 3838 2152 κατὶ

558 2194 807 2251 mitatem
852 2194 1188 2266 cognitionis
1214 2193 1455 2251 Iacobus
1499 2204 1589 2251 est
1617 2194 1715 2250 ille
1745 2192 1950 2249 eximia
1979 2190 2145 2246 laude

2250 2190 2483 2263 θεωρίαν
2522 2192 2904 2262 πνευματικὴν
2949 2191 3012 2245 τὸ
3063 2191 3197 2262 ὕψος
3244 2192 3697 2264 μεταδιωκόντων
3744 2193 3839 2262 τῆς

556 2287 964 2361 praedicandus,
1009 2288 1116 2343 hoc
1159 2295 1246 2344 est
1291 2303 1486 2343 eorum
1516 2286 1613 2358 qui
1638 2302 1703 2345 ea
1739 2301 1864 2357 quae
1886 2284 2147 2339 videntur

2251 2280 2527 2353 γνώσεως,
2591 2282 2789 2337 Ἰακὼϐ
2815 2285 2845 2337 ὁ
2889 2284 3269 2355 πανεύφημος,
3299 2283 3408 2338 τῶν
3439 2283 3516 2353 μὴ
3542 2283 3619 2337 τά
3653 2285 3839 2353 φαινόσ

556 2395 672 2435 non
720 2380 799 2435 ita
848 2388 910 2434 ut
946 2379 1229 2447 videntur,
1263 2379 1362 2436 sed
1389 2387 1452 2435 ut
1496 2379 1805 2436 intellectui
1839 2391 2146 2448 represen-

2256 2389 2393 2445 μενα
2456 2370 2641 2436 καθὼς
2712 2372 2995 2442 φαίνονται
3067 2374 3371 2441 παντελῶς,
3443 2373 3584 2428 ἀλλά
3656 2373 3839 2438 καθὼς

558 2480 749 2528 tantur
785 2472 1094 2543 inspiciunt
1134 2479 1300 2544 atque
1340 2481 1704 2543 cognoscunt,
1761 2482 1819 2529 et
1867 2486 1995 2528 cum
2049 2485 2146 2526 co-

2251 2464 2519 2533 νοοῦνται,
2547 2464 2838 2536 Θεωμένων
2873 2482 2934 2518 τε
2976 2466 3073 2521 καί
3110 2466 3511 2536 γινωσκόντων,
3553 2466 3656 2519 καὶ
3704 2464 3837 2536 μετᾶ

557 2562 920 2634 gitationibus
951 2562 1081 2619 inde
1113 2562 1374 2634 repetitis
1403 2562 1607 2619 divites
1632 2564 1700 2625 ad
1724 2561 2146 2619 immaterialem

2250 2558 2360 2612 τῶν
2383 2559 2443 2611 ἐν
2478 2557 2694 2623 τούτοις
2717 2559 3008 2629 νοημάτων
3054 2558 3328 2623 πλουσίως
3364 2558 3503 2631 πρὸς
3535 2558 3643 2630 τὴν
3678 2557 3837 2613 ἆῦλον

538 2663 618 2713 οι
665 2655 1070 2727 incorporalem
1108 2656 1486 2729 cognitionem
1531 2664 1847 2712 transeunt.

557 2830 647 2889 Ex
681 2831 860 2887 eodem
882 2848 1147 2899 sermone,
1188 2833 1245 2887 in
1272 2831 1410 2888 illud
1443 2848 1463 2888 :
1506 2850 1526 2885 ι
1560 2829 1619 2887 Si
1652 2829 1837 2887 Simon
1861 2830 2143 2905 Cyrenwus

829 2922 927 2987 sis,
961 2938 1168 2977 crucem
1207 2919 1355 2988 tolle,
1414 2937 1478 2977 ac
1517 2937 1737 2993 sequere
1769 2920 1814 2978 ι.
1845 2939 1866 2974 ι
2104 2932 2107 2937 ‘

630 3119 823 3176 Simon
851 3119 1077 3192 quidem
1109 3129 1195 3178 est
1232 3120 1550 3189 obedientia,
1592 3119 1890 3194 Cyrenaeus
1929 3130 2140 3189 autem,

2251 2649 2348 2705 καὶ
2379 2649 2672 2722 ἀσώματον
2705 2649 3226 2724 μεταϐιϐαζομένων
3255 2650 3480 2721 γνῶσιν.

2167 2766 2242 2780 -ά

2252 2832 2354 2887 Ἐκ
2405 2829 2514 2885 τοῦ
2560 2827 2755 2885 αὐτοῦ
2800 2829 3010 2900 λόγου,
3058 2829 3148 2895 εἰς
3190 2827 3261 2884 τό
3279 2842 3295 2860 °
3330 2827 3471 2907 e‘Ar
3492 2825 3701 2895 Σίμων
3767 2819 3838 2896 ᾖς

2307 2922 2664 2993 Κυρηναῖος,
2720 2922 2837 2978 τὸν
2889 2924 3163 2992 σταυρόν
3213 2914 3365 2991 ἆρον
3414 2919 3514 2975 καὶ
3554 2919 3836 2975 ’ἀκαιού-

2319 3022 2514 3087 θησον
2536 3017 2671 3089 (48).
2705 3035 2734 3071 ›

2317 3128 2500 3199 Σίμων
2532 3128 2630 3199 μὲν
2660 3124 2922 3196 ὑπακοὴ,
2942 3127 3256 3198 Κυρηναῖος
3300 3125 3363 3179 δὲ
3387 3124 3732 3196 ἑτοιμότης,
3766 3122 3838 3188 ῶς

561 3223 623 3269 ιιι
669 3214 915 3280 tradunt,
945 3215 1255 3285 explicatur
1284 3224 1511 3287 paratus
1553 3217 1785 3271 animus.
1813 3215 2144 3288 Quicunque

2250 3237 2430 3291 φασιν,
2456 3218 2844 3291 ἑρμηνεύεται.
2881 3217 3083 3292 (248
3105 3217 3168 3290 b)
3200 3219 3314 3283 Πᾶς
3335 3218 3431 3273 οἶῖν
3452 3218 3679 3289 ἕτοιμος
3706 3220 3839 3290 πρὸς

560 3304 734 3378 igitur
775 3307 845 3362 ad
875 3306 1252 3364 obediendum
1276 3306 1582 3380 Evangelio
1618 3294 1869 3379 paratus,
1907 3309 2147 3366 terrenis

559 3397 910 3455 mortiﬁcatis
942 3398 1209 3457 membris
1251 3414 1351 3471 per
1401 3400 1704 3470 practicam
1733 3402 2142 3473 philosophiam

559 3505 665 3561 pro
684 3490 888 3548 virtute
910 3492 1170 3549 lubenter
1186 3491 1725 3560 subitvexationem,
1746 3494 1937 3550 Simon
1962 3494 2144 3550 factus

559 3593 647 3638 est
687 3582 1005 3657 Cyrenaeus,
1049 3585 1419 3643 voluntariam
1473 3595 1696 3645 sectans
1748 3587 2035 3653 virtutem,
2088 3588 2146 3643 in

560 3672 812 3732 humeris
837 3676 971 3733 dum
1019 3677 1130 3736 fert
1174 3694 1398 3736 crucem
1436 3689 1496 3738 et
1542 3679 1826 3738 Christum
1872 3681 2145 3753 sequitur,

560 3768 1047 3826 conversationem
1117 3770 1248 3828 vita:
1298 3771 1414 3829 Deo
1474 3764 1865 3831 convenientis
1928 3781 2147 3831 terrena

561 3872 792 3929 prorsus
842 3870 1156 3919 aversatam
1199 3862 1524 3922 ostendens.

560 4030 649 4089 Ea:
684 4032 863 4087 eodem
909 4049 1172 4101 sermone,
1219 4036 1277 4091 in
1327 4034 1467 4092 illud
1498 4053 1520 4094 :
1559 4056 1578 4090 ι
1608 4036 1668 4095 Si
1700 4045 1760 4092 ιιι
1804 4037 1945 4093 latro
1998 4043 2144 4097 cruci

595 4122 758 4178 simul
776 4123 975 4195 afﬁxus
999 4125 1181 4195 fueris,
1204 4135 1264 4183 ιιι
1285 4127 1367 4183 uir
1390 4128 1607 4200 probus,
1628 4128 1793 4183 Deum
1815 4145 2058 4200 agnosce.
2082 4150 2102 4183 ι

636 4324 800 4381 Latro
852 4326 1059 4397 probus
1103 4311 1230 4384 cum
1275 4328 1499 4386 Christo
1546 4331 1710 4386 simul
1761 4331 1912 4387 cruci
1954 4330 2147 4390 aliixus

2245 3311 2496 3384 ὑπακοὴν
2528 3310 2624 3366 τοῦ
2657 3309 3019 3381 Εὐαγγελῖου,
3058 3310 3154 3365 καὶ
3183 3308 3483 3382 προθύμως
3505 3308 3594 3364 διὰ
3627 3306 3840 3381 νεκρώ⁶

2242 3420 2380 3468 σεως
2399 3403 2509 3458 τῶν
2539 3403 2641 3457 ἐπὶΔ
2660 3402 2766 3474 γῆς
2810 3402 2995 3471 μελῶν
3019 3402 3122 3474 τὴν
3152 3401 3294 3474 ὖπὲρ
3319 3400 3523 3475 ἀρετῆς
3549 3402 3704 3456 κατά
3742 3401 3839 3472 τὴν

2243 3488 2568 3569 πρακτικὴν
2590 3495 2914 3567 φιλοσοφίαν
2951 3495 3329 3568 ὑπερχόμενος
3353 3494 3624 3559 κάκωσιν,
3652 3495 3839 3565 Σίμων

2246 3591 2440 3659 γέγονε
2475 3589 2806 3661 Κυρηναῖος,
2852 3586 3103 3643 ἑκούσιον
3153 3587 3554 3661 μετερχόμενος
3608 3586 3838 3658 ἀρετὴν,

2245 3681 2334 3736 ἐπ’
2362 3680 2530 3754 ώμων
2561 3698 2622 3736 τε
2661 3681 2755 3736 τὸν
2804 3680 3041 3755 σταυρὸν
3070 3680 3213 3754 ἔχων
3259 3681 3356 3736 καὶ
3394 3678 3715 3736 ἀκολουθῶν
3762 3678 3838 3749 τῷ

2245 3774 2466 3846 Χριστῷ
2509 3773 2924 3848 ἀνεσταλμένην
2967 3756 3251 3838 παντελῶς
3286 3773 3389 3846 τῆς
3428 3772 3533 3845 γῆς
3567 3770 3671 3827 τοῦ
3701 3771 3840 3827 κατὰ

2246 3867 2381 3923 Θεδν
2418 3867 2535 3941 βίου
2564 3868 2668 3941 τὴν
2688 3866 2924 3941 ἀγωγὴν
2943 3866 3419 3941 ἐπιδεικνύμενος.

2263 4047 2359 4101 Ἐκ
2410 4045 2520 4101 τοῦ
2556 4045 2747 4102 αὐτοῦ
2796 4046 3008 4118 λόγου,
3056 4048 3146 4113 εἰς
3186 4047 3258 4101 τό
3279 4061 3296 4079 ’
3329 4043 3518 4101 «Ἐὰν
3565 4058 3839 4102 curtav-

2314 4138 2517 4209 ρωθῆς
2561 4140 2644 4208 ὡς
2699 4139 2960 4211 λῃστὴς,
3012 4140 3096 4208 ὡς
3148 4139 3481 4212 εὐγνώμων
3525 4137 3639 4193 τὸν
3690 4138 3839 4195 Θεὸν

2318 4226 2615 4297 γνώρισον
2635 4227 2766 4300 (49).
2800 4246 2822 4280 ι

2331 4340 2556 4413 Λῃστής
2585 4340 2735 4396 ἐστιν
2772 4342 3074 4414 εὐγνώμων
3099 4341 3578 4415 συσταυρούμενος
3598 4342 3679 4415 τῷ
3706 4344 3837 4415 Χρι-

518 4470 531 4476 ,
562 4417 748 4473 omnis
778 4426 864 4473 est
906 4419 1073 4475 homo
1111 4422 1206 4493 qui
1257 4438 1358 4493 pro
1386 4422 1627 4493 peccatis
1661 4424 1803 4479 male
1851 4424 2058 4494 patitur
2089 4435 2149 4482 ut

2252 4432 2365 4505 στῷ
2399 4434 2509 4496 πᾶς
2546 4434 2838 4508 ἄνθρωπος
2869 4435 3013 4508 ὑπὲρ
3058 4435 3350 4509 ἁμαρτιῶν
3386 4435 3617 4508 πάσχων
3652 4435 3839 4501 κακῶς

564 4506 861 4575 obnoxius,
910 4510 1072 4566 simul
1100 4512 1244 4567 male
1270 4512 1488 4583 patiens
1522 4528 1649 4569 cum
1680 4513 1946 4571 Sermone
1978 4515 2154 4586 ipsius

563 4601 741 4670 gratia
774 4602 997 4660 innoxie
1045 4605 1188 4661 male
1234 4605 1504 4677 patiente,
1528 4615 1586 4663 et
1617 4622 1742 4663 cum
1780 4616 1938 4680 grata
1983 4609 2153 4667 bene-

563 4688 676 4746 ﬁcii
705 4682 1090 4750 recordatione
1118 4694 1324 4761 ferens,
1346 4697 1596 4769 justique
1610 4698 1810 4769 judicii
1843 4702 2165 4759 secundum

561 4783 973 4855 providentiam
1001 4801 1190 4842 recum
1229 4803 1351 4845 esse
1374 4788 1698 4845 Sermonem
1725 4807 2056 4863 agnoscens,
2095 4806 2154 4853 et

562 4877 785 4947 culpam
835 4892 1004 4948 quam
1054 4879 1198 4935 male
1260 4878 1524 4950 patiendo
1578 4880 1686 4938 luit
1728 4883 2024 4951 conﬁtens,
2083 4903 2149 4944 ac

563 4985 801 5040 prccans
818 4980 879 5027 ut
897 4970 1096 5029 Sermo
1116 4973 1588 5044 quemadmodum
1611 4977 1868 5048 quamvis
1888 4978 2149 5049 innoxius

563 5064 879 5132 passionem
921 5080 1080 5121 suam
1122 5068 1574 5137 communicarit,
1622 5069 1697 5128 ita
1743 5072 1852 5129 sibi
1899 5074 2150 5144 quamvis

565 5154 795 5227 indigno
843 5173 946 5229 per
998 5162 1359 5233 semetipsum
1384 5162 1520 5218 velit
1567 5163 1832 5235 gaudium
1882 5181 2043 5221 suum
2096 5175 2153 5221 et

568 5246 1001 5307 oblectationem
1027 5254 1466 5321 communicare,
1494 5264 1553 5313 et
1578 5258 2061 5316 mortiﬁcationem
2084 5277 2153 5317 ex

564 5337 1048 5400 circumstantiain
1059 5346 1430 5403 voluntariam
1450 5348 1624 5418 ipsius
1634 5350 1897 5407 virtutem
1917 5353 2152 5425 benigne

565 5442 953 5501 annumerare,
985 5435 1209 5506 quando
1238 5436 1525 5495 Sermonis
1573 5440 1966 5510 velaminibus,
2027 5460 2151 5516 qua:

641 5559 658 5614 ἱ
693 5562 830 5620 Gen.
858 5582 983 5634 xxx,
1015 5571 1240 5640 passim.
1319 5572 1347 5614 ι
1381 5572 1518 5630 ibid.
1598 5570 1620 5615 ι
1652 5575 1845 5633 Matth.
1879 5595 2045 5646 xxv",
2077 5580 2167 5636 '52.

566 5703 927 5831 Εεξῗέἆιιίειιι
958 5713 1105 5781 ibid.,
1135 5730 1258 5788 cap.
1281 5716 1372 5786 24,
1407 5733 1461 5789 p.
1491 5717 1615 5785 864,
1648 5727 1776 5775 tom.
1813 5720 1830 5775 Ι
1857 5721 1995 5793 Opp.
2051 5721 2138 5777 ed.

2248 4521 2327 4586 ώς
2372 4522 2697 4588 ὑπεύθυνος,
2756 4522 2838 4596 τῷ
2887 4522 3204 4587 ἀνευθύνως
3256 4523 3327 4578 δι’
3377 4524 3542 4579 αὐτὸν
3589 4541 3837 4580 κακοπα·

2250 4613 2434 4670 θοῦντι
2475 4615 2623 4688 λόγῳ
2660 4615 3105 4687 συγκακοπαθῶν
3147 4615 3243 4671 καὶ
3278 4616 3464 4690 φέρων
3508 4620 3629 4689 μετ’
3673 4618 3835 4689 εὐχα-

2252 4706 2485 4778 ριστίας,
2508 4708 2604 4763 καὶ
2635 4707 2728 4763 τὸν
2753 4708 2897 4764 κατά
2929 4707 3190 4780 πρόνοιαν
3218 4707 3320 4780 τῆς
3355 4708 3573 4774 δικαίας
3601 4709 3831 4782 κρίσεως

2248 4798 2424 4869 Λόγον
2451 4800 2682 4856 συνόντα
2707 4801 3000 4873 γνωρίζον,
3034 4802 3132 4855 καὶ
3151 4800 3433 4873 ὁμολογῶν
3463 4800 3564 4872 τὴν
3588 4801 3729 4873 ὑπὲρ
3749 4794 3824 4856 ὧν

2256 4891 2456 4964 πάσχει
2501 4892 2690 4959 κακῶς
2722 4893 2926 4961 αἰτίαν,
2970 4892 3067 4948 καὶ
3105 4894 3277 4950 αἰτῶν
3321 4892 3513 4965 ῶσπερ
3556 4894 3705 4966 αὐτῷ
3740 4892 3831 4947 τοῦ

2254 4984 2464 5051 πάθους
2484 4984 2845 5059 ἐκοινώνησεν
2882 4984 3175 5050 ἀνεύθυνος
3202 4985 3280 5041 ῶν
3319 4986 3349 5039 ό
3390 4984 3570 5055 λόγος,
3599 4985 3743 5040 οὕτω
3766 4984 3835 5040 δι’

2256 5077 2451 5132 ἑαυτὸν
2503 5077 2595 5133 τὸν
2637 5078 2797 5149 λόγον
2848 5078 2952 5146 τῆς
3001 5078 3213 5144 οἰκείας
3278 5079 3578 5144 εὐπαθείας
3632 5078 3833 5150 ἀναξίῳ

2255 5165 2581 5240 τυγχάνοντι
2641 5167 2987 5241 μεταδοῦναι,
3032 5170 3129 5224 καὶ
3175 5170 3276 5241 τὴν
3323 5172 3392 5225 ὲκ
3461 5171 3834 5243 περιστάσεως

2257 5261 2527 5334 νέκρωσιν
2560 5262 2643 5328 εἰς
2679 5263 2931 5318 ἑκούσιον
2958 5262 3128 5317 αὐτοῦ
3153 5263 3356 5336 ἀρετὴν
3390 5264 3480 5319 διὰ
3507 5265 3608 5336 τὴν
3632 5264 3834 5334 εὔγνω-

2261 5353 2501 5428 μοσύνην
2522 5356 2864 5426 λογίσασθαι,
2887 5358 3051 5430 ἡνίκα
3070 5358 3170 5428 τῆς
3192 5358 3451 5431 προνοίας
3477 5358 3546 5413 τά
3573 5357 3713 5428 σοφὰ
3739 5356 3833 5412 τοῦ

2256 5446 2418 5519 λόγου
2491 5448 2939 5523 προκαλύμματα
3002 5450 3177 5523 πέρας
3223 5449 3457 5506 λαϐόντα
3517 5450 3620 5522 τῆς
3666 5451 3833 5507 αὒτοῦ

2260 5721 2439 5850 Βέέθᾶ
2462 5724 2609 5781 Idem
2647 5724 2795 5790 ἰωή..
2827 5739 2950 5796 cap.
2975 5722 3067 5787 2i,
3094 5739 3149 5795 p.
3177 5722 3302 5788 864,
3333 5731 3465 5777 tom.
3491 5722 3531 5778 l.
3567 5724 3707 5794 Opp.
3738 5726 3808 5774 eo

2372 5811 2402 5849 ρ
2448 5832 2461 5849 .

2372 5811 2461 5849 cu.
