4080 6282
249 366 397 438 1373

1496 367 2014 428 AMBIGUORUM
2052 366 2308 428 LIBER.

3381 345 3519 427 1374

257 481 543 555 βασιλείας
575 478 656 574 to
674 479 789 552 φῶς
824 479 966 552 φανῇ
997 478 1060 532 τὺ
1091 478 1438 552 ἀπρόστιτον.
1469 477 1630 534 Οὕτω
1687 497 1839 552 περι-

1948 502 2223 574 sapienter
2255 501 2511 558 induerat
2543 502 2912 573 providentia,
2945 501 3185 574 demptis
3210 502 3368 572 "regni
3401 503 3520 571 ejus

259 575 480 631 ίσταται
517 572 669 646 αὐτῷ
708 573 974 642 πάσχοντι
1005 571 1072 625 δι’
1095 571 1371 642 ἁμαρτίας
1409 571 1444 644 ἡ
1484 571 1550 626 ἐκ
1579 571 1840 643 περιστά-

258 685 402 732 σεως
429 668 541 723 τῶν
579 666 760 740 μελῶν
784 664 880 720 τοῦ
913 663 1170 736 σώματος
1210 664 1499 736 νέκρωσις,
1539 665 1606 719 δι’
1633 664 1840 735 εὐγνώ-

259 779 427 834 μονος
481 761 838 834 εὐχαριστίας
882 761 965 832 εἰς
1029 758 1354 830 αὐθαίρετον
1420 759 1622 832 ἀρετὴν
1673 751 1840 830 μέτα-

255 855 559 923 πίπτουσα,
583 855 707 909 καθ’
738 854 808 926 ἢν
845 853 956 907 τῶν
988 851 1112 908 καθ’
1155 853 1432 924 ἁμαρτίαν
1468 852 1679 906 πολλῶν
1703 855 1842 907 ἀπο-

254 947 518 1019 λυόμενος
564 947 927 1018 ’ὀφλημάτων
1007 945 1147 1016 μετὰ
1214 943 1310 998 τοῦ
1390 943 1552 1014 λόγου
1615 943 1841 1008 δικαίως

254 1045 484 1096 εἴσεισιν
545 1044 626 1107 εἰς
667 1041 768 1114 τὴν
805 1041 990 1112 χώραν
1023 1041 1122 1112 τῆς
1163 1039 1438 1110 γνώσεως,
1474 1041 1616 1112 φημί
1653 1040 1712 1094 δὲ
1748 1038 1841 1092 τὸν

256 1137 616 1208 παράδεισον,
657 1137 715 1190 ιν
807 1135 1101 1206 γενόμενος
1128 1134 1398 1204 γνώσεται
1419 1132 1519 1204 τὴν
1542 1131 1723 1188 αἰτίαν
1741 1133 1841 1203 τῆς

256 1230 319 1284 ἓν
430 1229 808 1301 καθείργμεθα
834 1229 931 1284 νῦν
964 1229 1270 1299 καταδίκης
1312 1228 1408 1282 καὶ
1446 1226 1838 1290 κακοπαθείας.

255 1323 479 1395 Δῃστὴς
525 1322 583 1378 δὲ
633 1321 908 1393 ἀγνώμων
950 1321 1102 1377 ἐστὶν
1139 1314 1267 1375 δ’δι⁹
1298 1320 1574 1392 ἁμαρτίας
1613 1321 1840 1390 πάσχων

255 1417 449 1480 κακῶς
476 1416 552 1480 ὡς
579 1413 902 1480 ὑπεύθυνος,
933 1415 1027 1470 καὶ
1060 1413 1136 1485 μὴ
1167 1413 1449 1484 γνωρίζων
1471 1411 1559 1484 διὰ
1576 1411 1764 1484 (249
1783 1410 1838 1476 a)

255 1508 711 1581 φιλαπεχθήμονα
737 1511 963 1579 γνώμην
1001 1507 1092 1562 τὸν
1120 1506 1428 1569 ἀνευθύνως
1466 1505 1606 1577 ὑπὲρ
1656 1503 1842 1574 φιλαν-

256 1603 512 1675 θρωπίας
542 1603 692 1675 αὐτῷ
725 1603 1131 1677 συμπάσχοντα,
1153 1603 1252 1671 τῆς
1291 1597 1640 1668 δικαιοσύνης
1663 1596 1839 1666 λόγον,

1939 593 2034 648 lux
2096 595 2375 649 inaccessa
2434 593 2773 664 apparuerit.
2838 594 2931 651 Sic
2993 595 3320 650 circumstat
3389 607 3516 646 eum

1939 689 2151 759 peccati
2204 705 2372 745 causa
2419 690 2720 761 patientem
2757 690 3006 760 corporis
3039 689 3418 745 membrorum
3449 686 3518 740 de

1939 781 2354 836 circumstantia
2397 780 2773 848 mortiﬁcatio,
2817 797 2940 851 qua:
2978 797 3079 851 per
3133 781 3346 835 ﬁdelem
3391 794 3518 849 gra-

1942 883 2165 944 tamque
2223 873 2475 930 beneﬁcii
2529 873 2972 963 recordatiopem
3026 871 3083 926 in
3151 871 3517 926 voluntariam

1942 974 2190 1019 mutatur
2226 964 2511 1029 virtutem,
2563 980 2686 1035 qua:
2718 960 2920 1019 debitis
2961 962 3173 1034 peccati
3219 960 3408 1014 multis
3433 974 3522 1013 so-

1940 1054 2090 1110 lutus
2127 1054 2182 1108 in
2229 1054 2511 1125 regionem
2544 1052 2882 1125 cognitionis
2923 1065 3050 1106 cum
3099 1049 3366 1104 Sermone
3394 1047 3520 1116 jure

1941 1145 2130 1210 intrat,
2164 1145 2270 1200 hoc
2298 1153 2384 1200 est
2428 1144 2485 1199 in
2516 1145 2856 1215 paradisum,
2899 1141 2999 1197 ubi
3055 1139 3262 1196 certior
3317 1137 3412 1192 ﬁet
3453 1136 3521 1190 de

1940 1251 2105 1292 causa
2157 1244 2360 1291 nostr1e
2393 1235 2768 1291 damnationis
2810 1243 2975 1303 atque
3014 1230 3272 1292 miseriae,
3319 1226 3522 1297 quibus

1944 1341 2092 1381 nunc
2149 1333 2407 1396 tanquam
2444 1326 2498 1381 in
2544 1339 2766 1380 carcere
2815 1322 3164 1378 cohibemur.
3216 1317 3381 1372 Latro
3417 1315 3520 1369 im-

1893 1419 2150 1490 _probus
2224 1428 2416 1474 contra
2473 1423 2559 1475 est
2609 1417 2702 1488 qui
2771 1414 2982 1487 peccati
3038 1427 3204 1468 causa
3255 1407 3524 1464 obnoxius

1942 1513 2176 1584 patitur,
2225 1511 2432 1582 quique
2492 1518 2717 1582 propter
2773 1506 3077 1564 voluntatis
3129 1500 3522 1572 malignitatem

1936 1603 2163 1674 justitia:
2185 1617 2495 1658 sermonem
2513 1617 2622 1656 non
2643 1599 2891 1672 agnoscit
2912 1614 3021 1653 una
3041 1610 3166 1652 cum
3191 1609 3268 1658 se.
3291 1591 3384 1646 sed
3403 1589 3523 1645 sine

254 1695 397 1750 ἀλλά
431 1695 770 1768 βλασφήμως
799 1694 1262 1765 ἀποπεμπόμενος
1290 1691 1383 1745 τὸν
1412 1690 1500 1744 ἐπ’
1529 1689 1680 1760 αὐτῷ
1702 1687 1842 1743 κατά

1948 1696 2127 1765 culpa,
2146 1695 2442 1766 patientem
2467 1710 2568 1765 pro
2590 1693 2930 1764 benignitate
2957 1706 3078 1753 sua,
3101 1690 3210 1743 imo
3236 1700 3359 1740 cum
3387 1697 3521 1736 con-

257 1790 523 1860 πρόνοιαν
555 1789 785 1853 δικαίως
826 1788 1114 1858 ὁρισθέντα
1145 1787 1246 1857 τῆς
1288 1787 1523 1855 κρίσεως
1562 1784 1744 1853 λόγον,
1783 1782 1842 1846 ὃς

1948 1789 2088 1843 vicio
2117 1787 2371 1858 repudiat
2395 1787 2588 1859 judicii
2616 1800 2926 1842 sermonem
2955 1782 3154 1837 merito
3177 1778 3228 1834 ei
3254 1777 3321 1832 de
3343 1774 3526 1846 provi-

257 1856 450 1951 ὲπειδὴ
481 1880 557 1950 μὴ
597 1856 870 1950 ἐγνώρισε
889 1877 980 1932 τὸν
1004 1856 1217 1948 ἀτίμως
1241 1875 1390 1946 αὐτῷ
1417 1876 1555 1929 κατὰ
1585 1873 1842 1945 βούλησιν

1948 1880 2133 1936 dentia
2151 1881 2442 1936 deﬁnitum
2470 1897 2483 1933 :
2511 1878 2605 1950 qui
2630 1895 2754 1933 cum
2779 1877 3100 1934 Sermonem
3129 1866 3524 1928 contumeliose
3589 1917 3598 1926 ,

259 1971 836 2038 συγκαταδικασθέντα
894 1970 1054 2039 λόγον
1106 1968 1202 2022 καὶ
1250 1969 1492 2040 ᾐτήσατο
1552 1967 1711 2038 χάριν
1761 1959 1837 2019 ὧν

257 2063 709 2134 ἐπλημμέλησεν,
761 2063 982 2131 ἀφίεται
1037 2061 1140 2132 τῆς
1203 2060 1478 2132 βασιλείας
1535 2059 1836 2130 ἀλλότριος,

256 2157 518 2226 οὐδεμίαν
545 2157 639 2212 τοῦ
659 2175 792 2210 ποτε
820 2156 1026 2228 ταύτης
1052 2156 1338 2222 τεύξεσθαι
1379 2156 1531 2228 παρὰ
1553 2155 1648 2210 τοῦ
1675 2153 1835 2221 λόγου

257 2247 440 2303 λσὸὼν
463 2249 789 2320 ὲπάγγελον.

615 2427 806 2482 Ἀλλο
835 2428 921 2494 εἰς
946 2426 1012 2480 τὸ
1034 2426 1182 2481 αὐτό
1205 2425 1494 2496 θεώρημα.

330 2542 444 2596 Καὶ
472 2539 633 2594 πάλιν
655 2539 861 2612 λῃστής
897 2541 1044 2594 ἐστιν
1079 2537 1378 2609 εὐγνώμων
1409 2541 1437 2594 6
1461 2539 1566 2594 κᾶν
1604 2541 1690 2594 ἐπ’
1713 2541 1847 2596 αὐτὸ

258 2630 322 2686 τδ
344 2632 517 2702 πέρας
545 2631 643 2700 τῆς
679 2629 962 2701 παρούσης
1001 2627 1148 2699 αὐτῷ
1177 2629 1467 2698 γενόμενος
1501 2629 1648 2700 ζωῆς
1680 2627 1846 2682 ἐλθὼν

260 2725 342 2789 είς
395 2721 748 2794 συναίσθησιν
815 2721 926 2776 τῶν
972 2719 1482 2792 πλημμεληθέντων
1527 2720 1698 2792 αὐτῷ,
1751 2721 1845 2774 καὶ

261 2816 547 2888 γνωρίζων
600 2815 738 2887 μετά
797 2814 1065 2878 συνέσεως
1127 2813 1219 2867 τὸν
1269 2813 1357 2867 ἐπ’
1407 2812 1557 2885 αὐτῷ
1617 2813 1843 2877 δικαίως

260 2910 569 2981 ὡρισμένον
589 2907 824 2963 ἐνταῦθα
855 2909 952 2978 τῆς
975 2907 1126 2971 θείας
1158 2906 1397 2979 κρίσεως
1423 2906 1842 2978 συντελούμενον

260 3001 414 3074 αὐτῷ
445 3002 624 3070 λόγον,
683 3001 779 3055 καὶ
819 3001 987 3055 αἰτῶν
1039 2999 1372 3072 συγγνώμην
1417 3001 1727 3072 εἰλικρινῶς
1774 3001 1840 3054 ὲκ

264 3094 466 3166 βάθους
513 3092 692 3165 ψυχῆς
722 3086 797 3146 ὧν
843 3092 1112 3163 ἥμαρτεν.
1188 3091 1486 3164 Ἀγνώμων
1537 3093 1595 3148 δὲ
1637 3093 1844 3166 λῃστής

261 3187 412 3240 ἐστιν
439 3186 469 3239 6
499 3184 618 3239 κατ’
645 3185 777 3239 αὐτὸ
798 3185 859 3238 τὸ
879 3184 1053 3254 πέρας
1083 3185 1181 3256 τῆς
1214 3185 1499 3257 παρούσης
1519 3186 1669 3258 αὐτῷ
1691 3187 1838 3258 ζωῆς

261 3277 555 3348 γενόμενος
614 3277 708 3332 καὶ
745 3277 838 3330 τὸν
889 3275 1034 3330 κατά
1086 3275 1267 3346 ψῆφον
1311 3275 1527 3332 δικαίαν
1563 3277 1658 3331 τοῦ
1701 3277 1838 3331 Θεοῦ

263 3370 493 3424 τεθέντα
549 3369 730 3439 σοφῶς
774 3368 871 3423 τοῦ
917 3366 1186 3439 μερισμοῦ
1245 3367 1345 3439 τῆς
1387 3367 1563 3439 ψυχῆς
1595 3367 1703 3422 ἀπὸ
1749 3367 1844 3422 τοῦ

265 3464 518 3532 σώματος
547 3462 713 3533 νόμον
753 3479 817 3516 τε
847 3462 942 3516 καὶ
985 3463 1112 3532 ὅρον
1143 3459 1222 3524 ώς
1271 3458 1348 3533 μὴ
1393 3459 1576 3526 καλῶς
1619 3459 1846 3515 δοθέντα

262 3554 358 3608 διά
386 3555 682 3624 φιλοζωΐαν
715 3554 1090 3626 μεμφόμενος.

623 3734 804 3814 Ἀτιλο
831 3737 919 3802 εἰς
941 3735 1008 3789 τὸ
1030 3735 1176 3792 αὐτὸ
1206 3737 1494 3808 θεώρημα.

338 3848 451 3903 Καὶ
491 3847 654 3903 πάλιν
689 3848 988 3919 ἐπειδήπερ
1028 3848 1260 3914 ἕκαστος
1290 3850 1446 3922 ἡμῶν
1469 3851 1692 3916 διπλοῦς
1737 3853 1854 3908 ἐστι

267 3943 371 4011 τὴν
393 3942 579 4012 φύσιν,
605 3943 670 3997 ὲκ
695 3941 876 4013 ψυχῆς
911 3942 1005 3996 καὶ
1038 3941 1288 4013 σώματος
1328 3944 1618 4010 συνεστὼς,
1650 3945 1854 4020 λῃστής

270 4037 465 4090 ἓστινδ
485 4035 610 4090 καθ’
638 4036 900 4107 ἑκάτερον
922 4035 1030 4088 τῶν
1061 4035 1119 4102 ἐξ
1149 4028 1225 4089 ὧν
1256 4035 1558 4108 συνέστηκε
1585 4037 1729 4092 κατὰ
1753 4041 1853 4110 τὴν

270 4125 503 4198 θατέρου
543 4127 704 4198 φύσιν
741 4127 906 4198 νόμον
956 4128 1096 4199 ὑπὲρ
1135 4129 1338 4200 ἀρετῆς
1368 4129 1446 4202 τῷ
1484 4131 1626 4202 λόγῳ
1659 4149 1854 4203 μυστι-

271 4222 387 4285 κῶς
407 4221 902 4294 συσταυρούμενος,
935 4223 1027 4276 καὶ
1055 4223 1146 4277 τὸν
1173 4223 1272 4293 μὲν
1302 4223 1402 4294 τῆς
1436 4224 1639 4297 σαρκὸς
1666 4225 1850 4296 νόμον,

273 4313 464 4386 ὥσπερ
499 4313 792 4385 ἀγνώμονα
828 4313 1030 4387 λῃστὴν
1071 4313 1152 4383 τῷ
1179 4313 1323 4384 λόγῳ
1351 4315 1450 4386 τῆς
1477 4317 1679 4388 ἀρετῆς
1701 4318 1852 4371 ἀντι-

274 4408 567 4472 πίπτοντα,
593 4407 684 4462 τὸν
702 4407 760 4461 δὲ
783 4407 877 4460 τοῦ
907 4405 1220 4475 πνεύματος
1245 4407 1407 4476 νόμον
1430 4406 1580 4460 ῶσπε
1589 4425 1620 4478 ρ
1647 4408 1852 4478 λῃστὴν

274 4501 418 4571 ἔχων
445 4499 782 4568 εὐγνώμονα,
805 4499 900 4552 καὶ
919 4497 1010 4551 τὸν
1035 4497 1264 4566 Σωτῆρα
1288 4497 1460 4563 Λόγον
1481 4496 1567 4550 διὰ
1585 4497 1692 4548 τῶν
1715 4497 1852 4558 κατᾷ

274 4591 376 4661 τὴν
404 4589 712 4664 πρακτικὴν
737 4587 978 4660 τρόπων,
1018 4583 1120 4639 κᾶν
1163 4584 1412 4638 ὲπίπονοι
1455 4578 1611 4648 ὦσιν,
1652 4585 1851 4637 ἀποδε-

1954 1991 2163 2040 secum,
2189 1983 2245 2030 et
2263 1991 2360 2030 sua
2387 1973 2560 2044 ipsius
2589 1981 2806 2044 sponte,
2837 1968 3259 2026 condemnatum
3296 1977 3407 2016 non
3433 1972 3526 2013 co-

1944 2075 2166 2139 gnosset
2186 2082 2289 2122 nec
2312 2067 2638 2123 delictorum
2658 2079 2884 2121 suorum
2905 2062 3122 2117 veniam
3151 2055 3471 2127 rogavisset,
3492 2066 3524 2103 e

1945 2176 2115 2231 regno
2150 2159 2392 2231 ejicitur,
2429 2168 2488 2214 ut
2511 2158 2743 2221 alienus,
2768 2155 2974 2210 nullam
3001 2165 3241 2221 unquam
3263 2162 3320 2201 se
3336 2143 3527 2199 civita-

1946 2261 2054 2308 tem
2070 2253 2188 2325 ejus
2205 2260 2555 2324 recepturum
2571 2265 2692 2306 esse
2710 2249 2892 2304 lretum
2909 2253 3233 2314 accepturus
3247 2235 3524 2294 nuntium.

2308 2428 2433 2485 Alia
2483 2428 2540 2482 in
2583 2427 2722 2482 idem
2767 2420 3164 2493 contemplatio.

2012 2547 2193 2611 Atque
2235 2541 2437 2596 iterum
2469 2539 2612 2594 latro
2657 2537 2866 2610 probus
2895 2543 2982 2590 est
3015 2531 3135 2603 qui,
3185 2527 3355 2584 etiam
3391 2525 3436 2581 si
3472 2525 3526 2579 in

1944 2639 2064 2707 ipso
2097 2637 2319 2691 demum
2372 2635 2481 2688 ﬁne
2519 2631 2810 2702 przesentis
2853 2629 2999 2690 viue,
3038 2623 3192 2680 venit
3236 2621 3289 2675 in
3332 2631 3528 2690 pecca-

1944 2737 2127 2783 torum
2153 2741 2382 2782 suorum
2407 2723 2834 2794 repulationcm,
2865 2718 3281 2789 prudenterque
3310 2710 3531 2782 agnovit

1944 2820 2180 2875 verbum
2224 2817 2400 2873 divini
2448 2815 2642 2888 judicii
2693 2813 2747 2867 in
2798 2793 2857 2866 se
2910 2809 3003 2863 hic
3060 2811 3527 2863 consummatum,

1943 2913 2090 2985 quod
2121 2912 2174 2968 ei
2207 2911 2405 2966 merito
2437 2916 2558 2963 erat
2608 2903 2928 2965 deﬁnitum,
2959 2899 3166 2971 quique
3195 2895 3410 2952 sincere
3457 2906 3526 2946 ex

1941 3008 2138 3064 intimo
2183 3005 2354 3062 corde
2387 3018 2583 3060 eorum
2613 3017 2736 3072 qua:
2765 2996 3067 3068 deliquerit
3096 2991 3317 3048 veniam
3364 2987 3528 3060 petit.

1939 3100 2227 3172 Improbus
2265 3106 2460 3154 contra
2517 3085 2661 3150 latro
2725 3098 2812 3148 est
2861 3089 2956 3161 qui
2999 3088 3084 3142 vel
3129 3085 3186 3140 in
3237 3084 3356 3154 ipso
3405 3080 3532 3136 vita':

1951 3191 2234 3264 praesentis
2277 3191 2384 3244 ﬁne
2425 3187 2523 3243 Dei
2564 3187 2741 3257 legem
2789 3197 2854 3237 ac
2908 3178 3287 3236 deﬁnitionem
3334 3173 3532 3228 animae

1951 3302 1985 3342 a
2019 3299 2250 3355 corpore
2306 3279 2648 3352 separandze,
2701 3274 2954 3347 quamvis
3001 3273 3149 3344 justo
3190 3266 3403 3340 judicio
3459 3278 3526 3318 ac

1953 3378 2236 3448 sapienter
2287 3374 2580 3437 sancitam,
2632 3370 2760 3426 vita:
2816 3381 3005 3422 amore
3071 3373 3334 3433 tanquam
3390 3353 3533 3413 male

1953 3470 2261 3526 institutam
2304 3467 2606 3538 vituperat.

2328 3736 2452 3793 Alia
2499 3737 2554 3790 in
2599 3734 2738 3788 idem
2784 3725 3176 3799 contemplatio.

2023 3854 2204 3924 Atque
2245 3867 2440 3907 rursus
2478 3865 2604 3905 cum
2648 3856 2900 3924 nostrum
2937 3838 3319 3911 unusquisque
3350 3828 3566 3902 dupliy

1955 3963 2075 4004 cem
2144 3945 2350 4000 habeat
2401 3951 2682 4005 naturam,
2738 3918 3031 3994 exanima
3087 3942 3251 4001 atque
3305 3935 3538 3993 corpore

1954 4038 2286 4101 consistens,
2307 4035 2449 4090 latro
2470 4042 2556 4088 est
2574 4032 2666 4102 qui
2695 4027 3000 4085 secundum
3030 4033 3319 4088 utramque
3343 4026 3536 4068 eorum

1952 4146 2018 4186 ex
2064 4126 2270 4199 quibus
2314 4130 2530 4180 constat
2579 4133 2680 4190 pro
2716 4115 2943 4172 alterius
2972 4121 3169 4166 natura
3214 4107 3390 4174 legem
3436 4113 3538 4168 pro

1953 4221 2162 4276 virtute
2207 4231 2334 4272 cum
2389 4214 2659 4268 Sermone
2713 4207 2943 4277 mystice
2993 4199 3144 4257 cruci
3181 4193 3438 4264 aiﬁgitur,
3481 4190 3542 4242 et

1956 4315 2142 4369 carnis
2173 4310 2398 4381 quidem
2443 4307 2618 4377 legem
2668 4299 2841 4356 veluti
2892 4292 3205 4365 improbum
3264 4287 3538 4340 latronem

1956 4404 2178 4460 virtutis
2220 4399 2461 4456 sermoni
2509 4395 2876 4452 obnitentem,
2933 4387 3163 4457 spiritus
3196 4395 3331 4434 vero
3360 4377 3535 4444 legem

1957 4495 2128 4550 veluti
2156 4493 2390 4562 probum
2435 4489 2706 4542 latronem
2733 4483 2926 4542 habet,
2952 4477 3160 4546 quique
3193 4472 3538 4526 Salvatorem

1959 4587 2280 4642 Sermonem
2328 4596 2428 4650 per
2479 4577 2735 4646 practica:
2767 4567 3136 4642 philosophia:
3183 4561 3398 4620 modos,
3436 4556 3539 4610 etsi

277 4651 528 4756 χύμενον,
603 4651 1100 4750 ᾧΙσυνεισέρχεται
1156 4676 1406 4748 γεγηθὼς
1467 4677 1546 4739 εἰς
1601 4676 1694 4730 τὸν
1749 4676 1846 4744 τῆς

1954 4689 2156 4746 magno
2181 4687 2307 4728 cum
2338 4669 2526 4723 labore
2559 4664 2670 4720 sint
2696 4657 3000 4730 conjuncti,
3041 4651 3261 4720 recipit,
3299 4659 3540 4716 quocum

276 4773 514 4846 εὐωχίας
553 4774 718 4828 τόπον
753 4773 846 4826 τὸν
880 4771 1064 4841 πάσης
1099 4769 1403 4841 κατάκορον
1446 4767 1721 4838 γνώσεως,
1757 4767 1851 4820 τοῦ

276 4867 420 4921 κατά
489 4864 669 4936 σάρκα
741 4862 1088 4936 φρονήματος
1147 4858 1429 4924 παντελῶς
1501 4856 1855 4930 ἀπηλλαγμέο

277 4977 388 5025 νος.
1107 4970 1116 4974 ‘

485 5165 685 5240 (249
702 5166 754 5237 b)
792 5166 980 5222 Ἀλλο
1009 5166 1092 5231 εἰς
1116 5162 1183 5218 τὸ
1207 5161 1352 5217 αὐτὸ
1374 5158 1662 5230 θεώρημα.

353 5283 462 5336 Καὶ
503 5281 659 5345 αὖθις
705 5279 908 5352 λῃστής
954 5279 1103 5332 ἐστιν
1161 5271 1462 5344 εὐγνώμων
1509 5271 1538 5323 6
1587 5267 1860 5332 καταξιω-

280 5376 398 5440 θεὶς
435 5373 885 5446 συσταυρωθῆναι
912 5369 1132 5441 Χριστῷ
1161 5367 1250 5422 διὰ
1280 5361 1574 5426 παντελοῦς
1607 5361 1702 5414 καὶ
1740 5359 1860 5413 ὁλο-

280 5466 492 5538 κλήρου
530 5467 638 5519 τῶν
676 5463 866 5520 παθῶν
892 5461 1237 5533 νεκρώσεως,
1257 5459 1351 5512 καὶ
1374 5455 1560 5522 δεξιῶς
1594 5452 1745 5524 αὐτῷ
1770 5439 1880 5506 συί

283 5556 712 5628 σταυρούμενος.
762 5553 1010 5609 τουτέστι
1072 5551 1208 5624 μετὰ
1253 5549 1414 5619 λόγου
1465 5547 1558 5602 καὶ
1605 5545 1860 5614 γνώσεως

219 5689 237 5699 .
283 5649 471 5705 πᾶσαν
502 5647 713 5713 διεξιὼν
742 5645 966 5720 ἀρετὴν,
1008 5644 1103 5700 καὶ
1142 5641 1492 5716 ἀπρόσκοπον
1545 5639 1711 5694 πᾶσιν
1768 5637 1854 5691 ἁν-

354 5809 400 5845 .
429 5803 564 5862 ibid.
599 5803 687 5860 58.

1961 4768 2126 4824 simul
2197 4761 2510 4834 ingreditur
2562 4757 2721 4811 laetus
2780 4753 2835 4807 in
2897 4742 3284 4804 oblectationis
3333 4740 3542 4798 locum,

1953 4857 2112 4920 omni
2158 4851 2472 4924 cognitione
2510 4846 2796 4908 refertum,
2829 4836 3037 4896 carnali
3077 4847 3243 4890 sensu
3279 4843 3343 4884 ac
3389 4825 3544 4896 cogi-

1966 4950 2174 5004 talione
2227 4946 2390 5016 plane
2435 4939 2722 4996 liberatus.

2351 5143 2472 5200 Alia
2503 5142 2556 5195 in
2587 5137 2721 5192 idem
2765 5129 3158 5203 contemplatio.

2039 5259 2212 5335 Atque
2237 5273 2429 5315 rursus
2457 5256 2600 5309 latro
2622 5249 2828 5322 probus
2859 5254 2944 5302 est
2975 5246 3021 5300 is
3049 5243 3143 5314 qui
3173 5256 3296 5296 cum
3327 5237 3548 5294 Christo

1961 5359 2125 5417 simul
2157 5353 2309 5411 cruci
2359 5348 2500 5418 aﬁigi
2531 5343 2733 5399 meruit
2777 5356 2874 5410 per
2921 5340 3135 5410 plenam
3168 5346 3330 5404 atque
3366 5331 3548 5401 perfe-

1959 5463 2102 5509 ctam
2135 5446 2449 5519 passionum
2498 5435 2999 5495 mortiﬁcationem,
3045 5430 3250 5500 quique
3302 5426 3367 5479 ad
3413 5423 3547 5476 dex-

1957 5559 2099 5615 tram
2129 5518 2249 5611 ejus
2281 5545 2366 5592 est
2395 5533 2545 5589 cruci
2577 5529 2769 5586 atﬁxus
2801 5538 2860 5592 π’,
2892 5526 3000 5579 hoc
3040 5529 3125 5577 est
3154 5518 3245 5588 qui
3285 5531 3408 5570 eum
3456 5527 3547 5566 ra-

1960 5611 2108 5692 tione
2139 5608 2195 5688 ct
2230 5627 2543 5700 cognitione
2594 5636 2812 5677 omnem
2864 5612 3210 5688 persequitur
3259 5608 3543 5670 virtutem,
