4080 6282
552 317 684 384 1371
1703 313 1766 375 s.
1795 313 2092 375 maxum
2128 311 2638 376 CONFESSURIS
3706 280 3845 380 ηιξ

549 439 734 487 autem
773 427 996 500 sapiens
1037 435 1126 484 est
1166 441 1326 484 mens
1367 425 1798 498 contemplativa
1823 431 1926 486 aevi
1961 429 2131 498 hujus

2248 425 2371 496 ρίαν
2415 426 2673 498 γαμικῶς
2710 424 3088 492 είσοικίζεται.
3144 427 3495 499 Ἰσραηλείτης
3553 425 3617 480 δὲ
3678 428 3842 495 σοφός

547 524 916 598 cogitationes
963 522 1021 578 in
1069 530 1280 579 terram
1324 519 1661 592 cognitionis
1696 519 2042 577 transferens
2071 516 2140 572 ad

2248 519 2362 572 ἑστι
2384 517 2510 583 νοῦς
2532 518 2871 591 θεωρητικδς
2895 517 2966 572 τὰ
2994 517 3092 572 τοῦ
3121 520 3320 584 αἰῶνος
3352 524 3550 573 τούτου
3586 520 3843 590 νοήματα

547 621 866 692 exemplum
902 619 1089 690 magni
1132 617 1283 672 illius
1321 615 1538 682 Jacobi,
1577 615 1676 686 qui
1721 621 1895 670 totam
1930 610 2141 668 Labani

2248 611 2381 683 πρὸς
2425 612 2526 684 τὴν
2575 613 2762 683 χώραν
2808 612 2911 680 τῆς
2956 612 3217 682 γνώσεως
3262 613 3658 684 μεταϐιϐάζων
3699 613 3845 666 κατὰ

550 714 920 772 substantiam
969 711 1042 768 ad
1099 719 1308 766 terram
1373 717 1596 781 patrum
1645 703 2042 778 transportavit
2091 701 2138 759 i.

551 805 1028 874 Quemadmodum
1077 803 1226 860 enim
1261 800 1619 858 admirandus
1653 799 1747 856 ille
1789 798 2051 863 Iacobus,
2080 803 2144 851 ut

554 899 820 955 traditum
868 906 976 964 est,
1021 897 1208 969 virgas
1252 895 1622 951 decortiratas
1661 906 1933 962 aquarum
1977 905 2142 946 caua-

553 990 699 1045 libus
745 990 938 1061 iniecit
983 996 1043 1044 et
1078 986 1375 1058 concipere
1421 984 1490 1040 ad
1538 999 1636 1040 eas
1690 982 1824 1040 fecit
1867 997 1998 1038 oves
2059 980 2144 1036 bi-

554 1081 751 1138 bentes
792 1081 840 1147 Ιί,
899 1079 982 1137 sic
1013 1079 1194 1135 omnis
1216 1092 1375 1133 mens
1405 1077 1463 1132 in
1491 1070 1692 1148 spiritu
1731 1074 2152 1146 sapientissima'

553 1188 778 1244 quoque
842 1173 1085 1227 rationes
1138 1186 1328 1226 rerum
1385 1185 1508 1240 quae
1561 1175 1694 1224 sunt
1741 1167 2049 1223 diviniores
2110 1182 2142 1222 a

553 1264 787 1320 materia
818 1261 1304 1319 circumvestiente
1334 1260 1644 1317 denudatas
1669 1259 1848 1316 modis
1869 1259 2144 1332 cognitio-

551 1355 641 1410 nis
661 1354 1104 1425 contemplativis
1119 1353 1370 1425 subjicit,
1396 1363 1453 1410 et
1479 1353 1916 1425 incorporalium
1934 1361 2138 1407 statum

549 1448 788 1502 formare
825 1462 1105 1518 quemque
1139 1446 1448 1502 discentem
1486 1454 1544 1501 et
1583 1447 1781 1502 anima:
1815 1460 1929 1501 sua:
1965 1443 2144 1515 ipsius

550 1543 825 1599 motiones
849 1543 1069 1598 edocet.
1111 1541 1435 1598 Patriarcha
1461 1540 1650 1611 itaque
1689 1555 1882 1596 eorum
1915 1537 2140 1610 quidem

550 1635 644 1705 qui
687 1650 783 1705 per
823 1635 1064 1690 activum
1106 1635 1353 1690 laborem
1388 1633 1584 1690 virtuti
1631 1647 1857 1702 operam
1904 1624 2142 1696 navant,

551 1727 651 1784 Lia
687 1735 794 1794 est,
844 1736 1038 1783 contra
1085 1742 1281 1783 eorum
1331 1725 1430 1797 qui
1481 1742 1584 1797 per
1645 1723 1962 1779 naturalem
2010 1738 2143 1778 con-

2241 700 2333 756 τὸν
2364 701 2540 772 μέγαν
2575 702 2784 767 ἐκεῖνον
2820 699 3043 768 Ἰακὼϐ,
3097 702 3192 757 τὸν
3214 703 3396 758 πάντα
3427 702 3498 756 τὰ
3526 701 3629 755 τοῦ
3655 702 3842 755 Αάῦαν

2244 793 2383 866 πρὸς
2424 794 2522 865 τὴν
2551 793 2658 864 γῆν
2682 796 2794 848 τῶν
2831 796 3097 867 Πατὲρων
3134 794 3614 866 μετακομίσαντα.
3651 795 3844 848 Καθάο

2244 904 2352 960 περ
2381 887 2492 960 γὰρ
2523 889 2728 952 ἐκεῖνος
2751 889 2780 942 ό
2807 887 3127 959 θαυμαστὸς
3159 886 3361 943 Ἰακὼὸ
3391 888 3696 960 ίστορικῶς
3747 888 3845 951 τὶς

2245 978 2476 1050 ῥάϐδους
2505 978 2738 1043 λεπίσας
2767 979 2861 1033 καὶ
2883 978 3109 1044 ὑποθεὶς
3135 982 3258 1043 ταῖς
3279 980 3463 1052 ληνοῖς
3486 979 3600 1033 τῶν
3628 979 3841 1034 ὑδάτων

2244 1073 2380 1142 πρὸς
2427 1071 2596 1135 αὐτὰς
2653 1073 2921 1144 ἐγκισσᾷν
2953 1072 3128 1126 ἐποίει
3168 1072 3238 1126 τὰ
3291 1072 3517 1126 πίνοντα
3560 1072 3843 1144 πρόϐατα,

2242 1165 2387 1220 οὕτω
2415 1165 2512 1220 καὶ
2542 1166 2652 1230 πᾶς
2676 1166 2736 1219 ὲν
2757 1165 3034 1236 πνεύματι
3061 1164 3376 1236 σοφώτατος
3399 1165 3528 1230 νοῦς
3557 1165 3664 1237 τῆς
3693 1182 3844 1236 περι-

2243 1261 2504 1333 κειμένης
2557 1259 2690 1332 ὕλης
2743 1260 2873 1325 τοὺς
2916 1259 3028 1315 τῶν
3072 1259 3246 1315 ὄντων
3276 1261 3591 1333 θειοτέρους
3645 1260 3842 1329 Εγοπ

2241 1353 2671 1426 ἀπογυμνώσας,
2737 1354 2834 1409 καὶ
2862 1356 2978 1418 τοῖς
3022 1355 3169 1408 κατὰ
3205 1354 3306 1427 τὴν
3333 1354 3578 1435 θεωρίαν
3606 1354 3838 1425 τρόποις

2239 1448 2340 1518 τῆς
2367 1445 2623 1517 γνώσεως
2647 1446 3005 1519 ὑποθέμενος,
3033 1447 3136 1520 τὴν
3164 1446 3275 1502 τῶν
3306 1447 3622 1516 ἀσωμάτων
3663 1447 3838 1500 κατά-

2243 1558 2434 1596 στασιν
2489 1539 2853 1613 μορφοῦσθαι,
2913 1539 3040 1605 τούς
3083 1557 3144 1594 τε
3193 1541 3571 1610 μανθάνοντας
3627 1541 3839 1604 πάντας

2242 1635 2334 1689 καὶ
2388 1633 2457 1688 τὰ
2502 1635 2606 1704 τῆς
2663 1635 2860 1689 ἑαυτοῦ
2924 1634 3106 1705 ψυχῆς
3159 1634 3470 1688 ἐκδιδάσκει
3527 1634 3833 1704 κινήματι.

2241 1726 2600 1799 Πατριάρχης
2625 1723 2721 1780 οὖν
2751 1726 2863 1780 τῶν
2907 1727 3008 1794 μὲν
3040 1726 3132 1781 διὰ
3178 1726 3497 1798 πρακτικῆς
3539 1725 3840 1788 accmbam;

553 1822 977 1892 templationem
1012 1821 1361 1879 rationaliter
1384 1821 1646 1877 virtutem
1677 1820 1891 1886 colunt,
1930 1818 2138 1874 Rachel

2248 1819 2338 1891 τὴν
2635 1787 3049 1890 κατορθούντων
3093 1787 3244 1874 ἐστὶν
3272 1821 3307 1890 ἡ
3343 1787 3496 1882 Λεία,
3524 1817 3636 1871 τῶν
3660 1817 3721 1870 δὲ
3752 1787 3841 1871 διά

552 1925 670 1981 cst,
717 1923 911 1987 utpote
976 1917 1076 1972 Dei
1129 1916 1251 1988 lege
1297 1915 1630 1972 obedienter
1684 1914 2025 1985 gubernata,
2076 1927 2142 1968 ac

554 2007 756 2063 leniter
781 2008 1084 2063 secundum
1111 2023 1234 2064 eam
1268 2007 1605 2078 gubernans.
1640 2006 1847 2062 Eorum
1882 2019 2015 2059 vero
2043 2003 2140 2075 qui

548 2099 702 2171 juxta
754 2099 1286 2170 contemplationem
1327 2099 1679 2170 spiritualem
1735 2103 1932 2168 petunt
1969 2095 2142 2151 subli-

553 2192 801 2247 mitatem
848 2191 1182 2263 cognitionis
1209 2191 1449 2248 Iacobus
1495 2201 1583 2247 est
1612 2191 1710 2246 ille
1741 2190 1944 2245 eximia
1974 2187 2140 2242 laude

552 2284 958 2358 pranlicandus,
1004 2285 1111 2340 hoc
1154 2293 1240 2341 est
1286 2299 1481 2340 eorum
1511 2284 1608 2355 qui
1633 2299 1698 2339 ea
1735 2298 1858 2353 quae
1883 2281 2141 2336 videntur

552 2393 667 2432 non
715 2377 792 2432 ita
845 2385 904 2431 ut
942 2376 1224 2444 videntur,
1258 2376 1356 2433 sed
1385 2384 1447 2431 ut
1492 2376 1800 2432 intellectui
1835 2388 2141 2444 repraesen-

554 2479 744 2525 tantur
781 2470 1088 2540 inspiciunt
1129 2477 1294 2540 atque
1336 2478 1699 2540 cognoscunt,
1756 2479 1814 2525 et
1863 2483 1989 2523 cum
2045 2481 2141 2521 co-

553 2561 916 2632 gitationibus
947 2561 1075 2616 inde
1109 2560 1369 2631 repetitis
1399 2560 1602 2616 divites
1628 2560 1694 2618 ad
1721 2557 2140 2615 immaterialem

533 2663 612 2710 et
661 2653 1064 2725 incorporalem
1103 2653 1480 2726 cognitionem
1528 2661 1841 2708 transeunt.

2236 1913 2338 1984 τῆς
2376 1914 2612 1984 φυσικῆς
2637 1912 2870 1984 Θεωρίας
2899 1911 3000 1984 τὴν
3029 1910 3232 1984 ἀρετὴν
3256 1910 3498 1982 λογικῶς
3534 1911 3838 1982 μετιόντων

2237 2003 2387 2056 ἐστὶν
2416 2004 2450 2074 ἡ
2500 2003 2726 2074 Ῥαχὴλ,
2765 2003 2842 2063 ὡς
2867 2002 3136 2065 εὐπειθῶς
3164 2003 3412 2074 ἀγομένη
3443 2003 3522 2073 τῷ
3557 2003 3715 2074 νόμῳ
3747 2000 3839 2054 τοῦ

2237 2092 2373 2146 Θεοῦ
2402 2093 2499 2146 καὶ
2532 2094 2725 2165 πράως
2769 2083 2892 2148 κατ’
2944 2094 3108 2148 αὐτὸν
3140 2094 3552 2163 ἄγουσα.“⁶1“ῶν
3597 2094 3654 2147 δὲ
3694 2096 3839 2147 arati

2239 2187 2477 2259 θεωρίαν
2518 2188 2899 2258 πνευματικὴν
2944 2187 3006 2240 τὸ
3058 2187 3192 2256 ’ύψος
3240 2188 3695 2259 μεταδιωκόντων
3743 2189 3839 2256 τῆς

2247 2277 2522 2349 γνώσεως,
2587 2278 2783 2332 Ἰακὼῦ
2811 2281 2840 2332 ό
2884 2280 3264 2350 πανεύφημος,
3295 2280 3402 2333 τῶν
3435 2280 3510 2349 μὴ
3541 2279 3615 2332 τά
3649 2281 3839 2348 φαινό-

2251 2385 2388 2440 μενα
2452 2367 2636 2431 καθὼς
2707 2369 2990 2438 φαίνονται
3063 2369 3366 2435 παντελῶς,
3439 2369 3580 2423 ἀλλὰ
3652 2369 3840 2433 καθὼς

2247 2461 2514 2527 νοοῦνται,
2543 2460 2832 2532 θεωμένων
2869 2479 2928 2514 τε
2972 2462 3068 2516 καὶ
3106 2462 3504 2532 γινωσκόντων,
3550 2462 3652 2514 καὶ
3701 2460 3837 2530 μετᾶ

2246 2554 2355 2608 τῶν
2379 2555 2438 2607 ὲν
2474 2554 2689 2619 τούτοις
2713 2555 3002 2626 νοημάτων
3049 2555 3323 2618 πλουσίως
3360 2554 3497 2626 πρὸς
3529 2554 3638 2625 τὴν
3674 2554 3837 2608 ἇῦλον

2246 2646 2343 2701 καὶ
2375 2646 2668 2718 ἀσώματον
2701 2645 3221 2719 μεταϐιϐαζομένων
3251 2646 3474 2716 γνῶσιν.

2163 2763 2236 2776 -Ω

553 2829 642 2887 Ea:
677 2829 855 2885 eadem
879 2846 1141 2895 sermone,
1183 2830 1240 2884 in
1269 2827 1405 2884 illud
1440 2845 1458 2885 :
1503 2847 1521 2881 ι
1557 2826 1615 2883 Si
1648 2826 1833 2884 Simon
1857 2827 2138 2901 Cyrenteus

825 2920 922 2984 sis,
957 2935 1164 2974 crucem
1203 2918 1350 2985 tolle,
1410 2935 1474 2974 ac
1513 2934 1732 2990 sequere
1766 2917 1810 2975 1.
1841 2937 1861 2971 ι

627 3117 818 3174 Simon
847 3117 1072 3190 quidem
1105 3127 1190 3174 est
1229 3117 1546 3186 obedientia,
1589 3117 1886 3191 Cyrenzeus
1926 3127 2135 3185 autem,

2248 2829 2350 2884 Ἐκ
2401 2826 2510 2882 τοῦ
2557 2823 2750 2881 αὐτοῦ
2797 2825 3005 2896 λόγου,
3053 2825 3143 2890 εις
3187 2823 3290 2879 τό’
3327 2824 3466 2904 «Ἂν
3487 2821 3694 2891 Σίμων
3766 2815 3838 2891 ᾖς

2303 2919 2660 2989 Κυρηναῖος,
2716 2918 2834 2974 τὸν»
2885 2920 3158 2987 σταυρὸν
3210 2910 3360 2986 ἆρον
3411 2915 3509 2970 καί
3567 2915 3835 2970 ἀπο-τού-

2315 3019 2510 3083 θησον
2533 3013 2667 3085 (48).
2701 3031 2728 3066 ι

2313 3125 2496 3196 Σίμων
2529 3125 2626 3194 μὲν
2655 3121 2918 3190 ὑπακοὴ,
2939 3123 3252 3194 Κυρηναῖος
3297 3120 3358 3174 δὲ
3384 3120 3728 3190 ἑτοιμότης,
3765 3118 3838 3182 ῶς

557 3222 619 3266 ιιι
665 3213 910 3278 tradunt,
941 3213 1252 3282 explicatur
1281 3222 1506 3284 paratus
1549 3214 1780 3268 animus.
1809 3212 2139 3284 Quicunque

2248 3234 2426 3287 φασιν,
2453 3215 2840 3287 ἑρμηνεύεται.
2878 3214 3078 3287 (248
3102 3213 3164 3284 b)
3197 3215 3310 3278 Πᾶς
3331 3213 3426 3268 οὖν
3447 3214 3676 3284 ἕτοιμος
3704 3216 3837 3284 πρὸς

557 3303 730 3375 igitur
772 3305 840 3359 ad
871 3304 1248 3360 obediendum
1273 3305 1578 3376 Evangelio
1614 3293 1864 3376 paratus,
1904 3307 2144 3363 terrenis

2241 3307 2492 3380 ὑπακοὴν
2525 3307 2619 3362 τοῦ
2653 3306 3014 3378 Εὐαγγελίου,
3054 3305 3150 3360 καὶ
3181 3303 3478 3377 προθύμως
3502 3303 3591 3359 διὰ
3627 3302 3838 3376 νεκρῶ-

556 3395 906 3452 ntortincatis
939 3396 1206 3454 membris
1248 3411 1347 3468 per
1399 3397 1700 3467 practicam
1730 3399 2138 3469 philosophiam

2248 3417 2376 3464 ςεως
2396 3400 2505 3454 τῶν
2535 3399 2628 3453 ἐπὶ
2657 3399 2761 3470 γῆς
2807 3398 2990 3467 μελῶν
3015 3397 3118 3470 τὴν
3149 3397 3290 3470 ὑπὲρ
3315 3396 3518 3470 ἀρετῆς
3546 3398 3702 3450 κατὰ
3742 3397 3838 3466 τὴν

557 3503 660 3559 pro
681 3488 884 3544 virtute
907 3489 1166 3546 lubenter
1183 3489 1721 3557 subitvexationem,
1743 3491 1933 3547 Simon
1960 3491 2140 3547 factus

2248 3485 2562 3564 πρακτικὴν
2586 3492 2910 3563 φιλοσοφίαν
2947 3491 3324 3563 ὑπερχόμενος
3350 3490 3622 3554 κάκωσιν,
3652 3491 3837 3561 Σίμων

556 3591 642 3635 est
683 3579 1001 3653 Cyrenaeus,
1045 3583 1415 3640 voluntariam
1470 3592 1692 3641 sectans
1747 3584 2032 3650 virtutem,
2085 3585 2141 3640 in

2248 3589 2436 3655 γέγονε
2471 3586 2802 3657 Κυρηναῖος,
2848 3582 3098 3638 ἑκούσιον
3151 3583 3549 3656 μετερχόμενος
3606 3581 3836 3653 ἀρετὴν,

557 3670 808 3729 humeris
833 3673 967 3730 dum
1017 3675 1126 3733 fert
1170 3692 1394 3733 crucem
1434 3687 1492 3734 et
1539 3676 1822 3734 Christum
1869 3678 2142 3749 sequitur,

2248 3679 2330 3732 ἐπ’
2359 3677 2526 3750 ὤμων
2558 3695 2618 3731 τε
2657 3677 2750 3732 τὸν
2801 3677 3038 3750 σταυρὸν
3067 3676 3208 3750 ἔχων
3255 3677 3352 3732 καὶ
3391 3674 3713 3731 ἀκολουθῶν
3760 3673 3836 3744 τῷ

557 3765 1044 3823 conversationem
1115 3767 1243 3825 vitae
1295 3769 1410 3827 Deo
1472 3761 1862 3827 cdnvenientis
1925 3779 2142 3826 terrena

2248 3771 2462 3842 Χριστῷ
2506 3770 2920 3843 ἀνεσταλμένην
2963 3769 3248 3834 παντελῶς
3282 3770 3386 3842 τῆς
3425 3768 3527 3840 γῆς
3562 3766 3667 3822 τοῦ
3700 3767 3838 3822 κατὰ

557 3870 788 3926 prorsus
839 3868 1152 3917 aversatam
1196 3861 1520 3920 ostendens.

2248 3863 2377 3918 Θεὸν
2415 3863 2531 3936 βίου
2561 3865 2664 3936 τὴν
2685 3863 2919 3936 ἀγωγὴν
2940 3862 3414 3936 ἐπιδεικνύμενος.

557 4029 644 4086 Ea:
680 4030 858 4085 eodem
907 4048 1169 4098 sermone,
1217 4034 1273 4088 in
1325 4032 1464 4088 illud
1496 4050 1516 4090 :
1556 4053 1575 4087 ι
1605 4033 1664 4091 Si
1698 4043 1756 4088 ut
1802 4035 1941 4089 latro
1995 4039 2140 4093 cruci

591 4121 754 4175 simul
773 4122 972 4192 afﬁxus
997 4123 1178 4192 fueris,
1202 4133 1260 4179 ut
1282 4124 1365 4179 vir
1388 4125 1603 4196 probus,
1627 4125 1790 4179 Deum
1813 4142 2054 4196 agnosce.
2080 4147 2098 4178 ι

632 4321 795 4378 Latro
849 4323 1057 4393 probus
1102 4306 1228 4378 cum
1273 4323 1497 4380 Christo
1545 4327 1709 4380 simul
1759 4327 1909 4381 cruci
1952 4327 2144 4386 atIixus

2260 4043 2354 4096 Ἐκ
2407 4041 2515 4096 τοῦ
2553 4042 2744 4097 αὐτοῦ
2793 4043 3004 4113 λόγου,
3053 4043 3142 4108 εις
3182 4043 3253 4097 τό
3274 4057 3291 4074 ο
3325 4038 3513 4096 «Ἐὰν
3562 4054 3836 4097 (matav-

2311 4135 2512 4205 ρωθῇς
2558 4137 2640 4203 ὡς
2696 4135 2957 4206 λῃστὴς,
3010 4136 3092 4204 ὡς
3145 4134 3476 4207 εὐγνώμων·
3521 4133 3634 4189 τὸν
3689 4135 3836 4190 Θεὸν

2316 4222 2612 4292 γνώρισον
2632 4224 2762 4296 (49).
2797 4243 2818 4276 ι

2329 4337 2552 4408 Λῃστής
2582 4337 2731 4392 ἐστιν
2770 4337 3071 4410 εὐγνώμων
3097 4337 3574 4411 συσταυρούμενος
3595 4339 3676 4410 τῷ
3704 4341 3834 4411 Χρι-

515 4467 524 4472 _
559 4414 743 4469 omnis
775 4423 860 4470 est
904 4415 1071 4469 homo
1110 4417 1204 4486 qui
1256 4433 1355 4489 pro
1384 4419 1624 4488 peccatis
1660 4420 1799 4474 male
1849 4420 2055 4489 patitur
2087 4432 2143 4477 ut

2250 4429 2362 4500 στῷ
2397 4431 2506 4492 πᾶς
2544 4430 2835 4503 ἄνθρωπος
2865 4432 3010 4503 ὐπὲρ
3055 4431 3347 4505 ἁμαρτιῶν
3384 4432 3614 4504 πάσχων
3649 4432 3835 4497 κακῶς

560 4503 857 4570 obnoxius,
907 4505 1069 4561 simul
1099 4508 1241 4562 male
1268 4507 1485 4578 patiens
1520 4524 1646 4564 cum
1678 4509 1943 4566 Sermone
1975 4511 2150 4582 ipsius

560 4598 735 4666 gratia
771 4599 994 4654 innoxie
1043 4601 1185 4656 male
1231 4601 1501 4672 patiente,
1525 4611 1583 4659 et
1614 4619 1739 4659 cum
1777 4613 1934 4676 grata
1981 4606 2150 4663 bene-

559 4685 672 4742 ﬁcii
701 4680 1086 4746 recordatione
1116 4690 1320 4758 ferens,
1343 4693 1807 4765 justiquejudicii
1840 4699 2145 4754 secundum

558 4780 969 4850 providentiam
998 4798 1186 4838 recum
1226 4800 1346 4842 esse
1371 4785 1694 4841 Sermonem
1723 4804 2052 4859 agnoscens,
2092 4802 2150 4848 et

559 4873 782 4942 culpam
832 4890 1000 4944 quam
1051 4876 1195 4932 male
1257 4876 1520 4947 patiendo
1575 4877 1682 4933 luit
1726 4880 2020 4946 conﬁtens,
2081 4899 2146 4940 ac

560 4981 797 5036 precaris
815 4977 876 5023 ut
895 4967 1092 5024 Sermo
1113 4970 1584 5040 quemadmodum
1609 4973 1864 5043 quamvis
1887 4974 2146 5043 innoxius

561 5060 876 5128 passionem
919 5078 1075 5117 suam
1119 5065 1570 5132 communicarit,
1619 5065 1693 5122 ita
1741 5067 1848 5123 sibi
1897 5071 2148 5139 quamvis

562 5150 792 5222 indigno
842 5169 943 5224 per
995 5158 1356 5228 semetipsum
1381 5159 1517 5214 velit
1565 5159 1828 5230 gaudium
1879 5176 2040 5216 suum
2093 5171 2150 5216 et

565 5242 998 5302 oblectationem
1025 5251 1463 5317 communicare,
1492 5262 1550 5308 et
1576 5254 2058 5311 mortiﬁcationem
2083 5275 2149 5312 ex

561 5333 976 5392 circumstantia
989 5338 1044 5394 in
1057 5341 1427 5398 voluntariam
1447 5344 1894 5414 ipsiusvirtutem
1915 5349 2149 5421 benigne

561 5439 951 5494 annumerare,
983 5431 1206 5500 quando
1237 5433 1520 5490 Sermonis
1569 5437 1963 5506 velaminibus,
2024 5457 2147 5512 qua:

639 5555 655 5608 i
690 5557 828 5615 Gen.
856 5578 981 5629 xxx,
1013 5565 1238 5635 passim.
1317 5569 1344 5610 κ
1379 5568 1514 5626 ibid.
1595 5567 1615 5611 Ῑ
1649 5571 1842 5629 Matth.
1877 5591 2041 5641 xxvii,
2073 5577 2163 5632 5‘2.

563 5699 924 5826 Eeﬁfggddem
955 5709 1102 5776 ibid.,
1133 5727 1256 5782 cap.
1280 5712 1369 5781 24,
1405 5730 1458 5784 p.
1489 5713 1612 5778 861,
1645 5723 1773 5770 tom.
1811 5717 1827 5770 Ι
1855 5717 1992 5787 Opp.
2048 5718 2133 5772 ed.

2246 4518 2324 4582 ώς
2369 4518 2694 4584 ὑπεύθυνος,
2753 4519 2834 4592 τῷ
2885 4519 3200 4584 ἀνευθύνως
3254 4520 3324 4575 δι’
3374 4520 3538 4575 αὐτὸν
3587 4537 3834 4576 κακοπαο

2248 4609 2430 4666 θοῦντι
2473 4611 2620 4684 λόγῳ
2658 4612 3102 4684 συγκακοπαθῶν
3145 4612 3240 4667 καὶ
3276 4612 3461 4686 φέρων
3505 4616 3625 4685 μετ’
3670 4614 3833 4684 εὐχα-

2249 4702 2482 4774 ριστίας,
2507 4704 2601 4759 καὶ
2633 4704 2725 4760 τὸν
2751 4706 2894 4760 κατὰ
2926 4705 3186 4776 πρόνοιαν
3216 4705 3316 4776 τῆς
3352 4705 3570 4769 δικαίας
3599 4706 3828 4777 κρίσεως

2245 4794 2421 4865 Λόγον
2448 4796 2679 4851 συνόντα
2705 4798 2997 4870 γνωρίζον,
3032 4798 3129 4852 καὶ
3149 4797 3428 4868 ὁμολογῶν
3461 4797 3561 4867 τὴν
3585 4797 3725 4867 ὑπὲρ
3745 4790 3820 4850 ῶν

2254 4888 2453 4959 πάσχει
2499 4889 2687 4954 κακῶς
2720 4891 2924 4957 αἰτίαν,
2969 4890 3064 4944 καὶ
3103 4891 3274 4946 αἰτῶν
3318 4889 3509 4960 ὥσπερ
3553 4890 3700 4961 αὐτῷ
3736 4889 3827 4943 τοῦ

2253 4980 2460 5047 πάθους
2482 4981 2842 5054 ἐκοινώνησεν
2881 4981 3172 5046 ἀνεύθυνος
3199 4981 3276 5036 ὢν
3316 4983 3346 5035 ὁ
3387 4982 3566 5051 λόγος,
3597 4982 3738 5036 οὓτω
3762 4980 3830 5034 δι’

2254 5073 2448 5128 ἑαυτὸν
2501 5073 2592 5129 τὸν
2635 5075 2795 5145 λόγον
2846 5075 2950 5142 τῆς
3000 5075 3209 5140 οἰκείας
3275 5075 3574 5140 εὐπαθείας
3630 5073 3830 5144 ἀναξίῳ

2253 5164 2578 5236 τυγχάνοντι
2639 5164 2984 5237 μεταδοῦναι,
3030 5167 3126 5219 καὶ
3172 5167 3272 5237 τὴν
3321 5168 3388 5220 ὲκ
3459 5167 3829 5238 περιστάσεως

2255 5257 2524 5330 νέκρωσιν
2558 5259 2640 5324 εἰς
2677 5260 2928 5314 ἑκούσιον
2957 5257 3125 5312 αὐτοῦ
3151 5259 3352 5330 ἀρετὴν
3387 5260 3475 5314 διὰ
3505 5262 3604 5331 τὴν
3629 5260 3830 5328 εὐγνω-

2259 5350 2498 5424 μοσύνην
2520 5353 2862 5422 λογίσασθαι,
2886 5354 3048 5426 ἡνίκα
3067 5354 3168 5424 τῆς
3189 5354 3448 5426 προνοίας
3475 5353 3542 5408 τὰ
3569 5354 3707 5423 σοφὰ
3734 5352 3827 5407 τοῦ

2253 5442 2416 5514 λόγου
2489 5445 2936 5518 προκαλύμματα
3000 5446 3174 5518 πέρας
3221 5444 3454 5501 λαϐόντα
3514 5446 3615 5517 τῆς
3663 5447 3828 5502 αὐτοῦ

2259 5718 2436 5846 8549‘)l
2459 5721 2606 5776 Idem
2645 5719 2792 5785 ibiut,
2825 5735 2948 5791 cap.
2973 5719 3064 5783 2st,
3093 5735 3146 5790 p.
3175 5718 3300 5784 861,
3332 5728 3462 5774 ιοιιι.
3489 5719 3528 5774 l.
3565 5720 3698 5789 Upp.
3732 5722 3800 5769 ea

2315 5808 2399 5846 inc
2446 5829 2458 5845 .

2315 5808 2458 5846 ξηοιι.
