4080 6282
250 368 281 437 ’1
293 367 399 435 373

1498 365 2015 427 AMBIGUORUM
2054 365 2309 427 LIBER.

3382 344 3520 426 tm

258 481 544 554 βασιλείας
577 477 654 572 τδν
675 479 790 551 φῶς
825 478 967 551 φανῇ
998 478 1061 531 τὸ
1093 477 1439 550 ἀπρόστιτον.
1472 476 1631 532 Οὕτω
1688 496 1841 550 περι-

1951 500 2223 572 sapienter
2257 500 2512 555 induerat
2544 501 2913 572 providentia,
2946 500 3186 572 demptis
3216 501 3369 570 regni
3402 501 3522 569 ejus

260 574 481 630 ίσταται
519 571 670 645 αὐτῷ
709 572 975 642 πάσχοντι
1007 570 1073 624 δι’
1096 571 1371 641 ἁμαρτίας
1411 571 1445 642 ἡ
1486 570 1551 624 ὲκ
1581 570 1842 641 περιστά-

260 684 402 731 σεως
431 667 542 722 τῶν
581 666 761 738 μελῶν
786 664 882 719 τοῦ
916 662 1171 735 σώματος
1212 663 1499 735 νέκρωσις,
1540 664 1607 717 δι’
1636 664 1841 733 εὐγνώο

262 779 428 833 μονος
482 760 839 832 εὐχαριστίας
884 760 966 823 είς
1031 757 1355 829 αὐθαίρετον
1421 758 1623 830 ἀρετὴν
1674 750 1841 828 μέτα-

256 854 560 921 πίπτουσα,
584 854 707 908 καθ’
740 854 808 925 ἢν
847 852 958 906 τῶν
990 850 1113 907 καθ’
1156 851 1433 922 ἁμαρτίαν
1470 851 1681 904 πολλῶν
1706 853 1844 905 ἀπο·-

256 947 519 1017 λυόμενος
594 947 928 1017 ὀφλημάτων
1009 944 1148 1015 μετά
1216 942 1311 996 τοῦ
1391 942 1553 1012 λόγου
1617 942 1843 1006 δικαίως

256 1045 486 1096 εἴσεισιν
546 1043 628 1105 είς
669 1041 769 1113 τὴν
807 1041 992 1112 χώραν
1025 1041 1123 1111 τῆς
1165 1038 1439 1108 γνώσεως,
1476 1040 1617 1110 φημὶ
1656 1038 1713 1093 δὲ
1750 1037 1843 1091 τὸν

258 1137 617 1207 παράδεισον,
658 1136 717 1189 ιν
809 1134 1102 1206 γενόμενος
1130 1133 1400 1202 γνώσεται
1420 1131 1520 1203 τὴν
1544 1131 1724 1187 αίτίαν
1743 1132 1842 1202 τῆς

258 1229 320 1282 ἓν
352 1225 386 1304 ᾖ
431 1229 810 1300 καθείργμεθα
836 1228 932 1283 νῦν
965 1227 1271 1298 καταδίκης
1314 1227 1409 1281 καί⁵
1447 1225 1839 1288 κακοπαθείας.

259 1322 481 1394 Λῃστὴς
527 1322 585 1377 δὲ
635 1320 909 1392 ἀγνώμων
951 1321 1103 1376 ἐστὶν
1141 1314 1268 1374 66'.‘
1300 1319 1575 1391 ἁμαρτίας
1615 1320 1841 1388 πάσχων

259 1416 450 1479 κακῶς
479 1415 554 1479 ώς
581 1413 903 1479 ὑπεύθυνος,
934 1414 1028 1469 καὶ
1062 1412 1137 1484 μὴ
1169 1413 1450 1483 γνωρίζων
1473 1410 1560 1483 διά
1578 1410 1765 1483 (249
1785 1409 1839 1475 a)

258 1508 713 1579 φιλαπεχθήμονα
738 1510 964 1578 γνώμην
1002 1506 1093 1560 τὸν
1122 1504 1429 1567 ἀνευθύνως
1467 1504 1607 1575 ὑπὲρ
1658 1502 1843 1572 φιλαν-

259 1602 514 1674 θρωπίας
544 1602 693 1674 αὐτῷ
727 1601 1132 1676 συμπάσχοντα,
1156 1602 1253 1670 τῆς
1292 1596 1640 1667 δικαιοσύνης
1665 1595 1840 1664 λόγον,

1942 591 2036 647 lux
2097 594 2376 647 inaccessa
2435 591 2774 663 apparuerit.
2840 593 2932 649 Sic
2995 593 3321 649 circumstat
3390 606 3516 644 cum

1942 688 2151 757 peccati
2206 703 2373 743 causa
2420 689 2723 759 patientem
2758 688 3007 759 corporis
3042 688 3419 743 membrorum
3450 685 3519 739 de

1941 780 2354 835 circumstantia
2399 779 2774 846 mortiﬁcatio,
2818 796 2941 850 qua:
2980 796 3080 849 per
3133 779 3348 833 ﬁdelem
3393 792 3519 847 gra-

1944 882 2166 942 tamque
2224 872 2477 928 beneﬁcii
2530 872 2973 928 recordationem
3028 870 3083 925 in
3152 870 3519 925 voluntariam

1943 972 2190 1017 mutatur
2228 964 2512 1028 virtutem,
2565 979 2687 1034 quae
2719 942 2922 1018 debi'tis
2963 960 3175 1032 peccati
3221 959 3409 1013 multis
3435 972 3523 1011 so-

1942 1052 2092 1108 lutus
2129 1053 2183 1107 in
2230 1053 2512 1123 regionem
2546 1051 2884 1124 cognitionis
2925 1064 3051 1105 cum
3100 1048 3367 1102 Sermone
3396 1046 3521 1114 jure

1944 1144 2132 1208 intrat,
2166 1143 2271 1198 hoc
2299 1152 2385 1199 est
2430 1142 2486 1197 in
2518 1143 2857 1213 paradisum,
2902 1140 3001 1196 ubi
3056 1138 3263 1195 certior
3318 1135 3413 1190 ﬁet
3454 1134 3522 1189 de

1942 1250 2107 1290 causa
2159 1243 2361 1289 nostra:
2395 1233 2769 1289 damnationis
2812 1241 2976 1302 atque
3016 1229 3274 1291 miseriae,
3320 1225 3523 1295 quibus

1945 1340 2093 1380 nunc
2150 1332 2408 1394 tanquam
2446 1325 2500 1379 in
2546 1338 2767 1379 carcere
2816 1321 3165 1376 cohibentur.
3216 1317 3383 1371 Latro
3418 1314 3522 1367 im-

1898 1418 2151 1489 ,probus
2226 1428 2417 1472 contra
2475 1423 2560 1473 est
2610 1416 2705 1487 qui
2773 1412 2983 1485 peccati
3040 1426 3203 1467 causa
3256 1406 3525 1462 obnoxius

1945 1511 2177 1582 patitur,
2227 1510 2433 1580 quique
2494 1517 2719 1580 propter
2774 1505 3078 1562 voluntatis
3130 1499 3522 1571 malignitatem

1938 1601 2164 1673 justitize
2187 1616 2497 1657 sermonem
2514 1616 2623 1655 non
2645 1599 2892 1670 agnoscit
2914 1613 3022 1651 una
3043 1610 3167 1650 cum
3192 1608 3270 1656 se,
3293 1589 3385 1645 sed
3405 1588 3524 1643 sine

258 1695 398 1749 ἀλλά
433 1694 771 1767 βλασφήμως
800 1693 1263 1764 ἀποπεμπόμενος
1293 1691 1384 1743 τὸν
1414 1689 1501 1743 ἐπ’
1530 1688 1682 1759 αὐτῷ
1704 1686 1844 1742 κατά

1951 1695 2128 1763 culpa,
2147 1694 2444 1764 patientem
2470 1709 2569 1763 pro
2592 1691 2931 1762 benignitate
2959 1705 3079 1751 sua,
3103 1689 3211 1741 imo
3237 1698 3360 1739 cum
3388 1695 3523 1734 cou-

261 1789 525 1859 πρόνοιαν
558 1787 787 1852 δικαίως
828 1787 1116 1857 ὁρισθέντα
1147 1786 1247 1855 τῆς
1290 1786 1524 1854 κρίσεως
1564 1783 1745 1851 λόγον,
1785 1780 1844 1844 ὃς

1951 1787 2089 1842 vicio
2118 1786 2372 1857 repudiat
2396 1786 2589 1857 judicii
2618 1799 2927 1840 sermonem
2956 1780 3155 1836 merito
3178 1777 3229 1832 ei
3256 1775 3322 1830 de
3344 1773 3527 1845 provi-

259 1854 451 1949 ἐπειδὴ
484 1880 559 1949 μὴ
599 1854 872 1949 ἐγνώρισε.
891 1875 981 1930 τὸν
1006 1854 1218 1946 ἀτίμως
1243 1874 1391 1945 αὐτῷ
1418 1875 1557 1927 κατά
1587 1872 1844 1943 βούλησιν

1951 1879 2134 1934 dentia
2153 1880 2443 1934 deﬁnitum
2472 1896 2484 1931 :
2512 1877 2606 1948 qui
2632 1893 2755 1932 cum
2782 1876 3103 1932 Sermonem
3131 1865 3525 1926 contumeliose
3592 1914 3599 1923 ,

261 1970 838 2037 συγκαταδικασθέντα
896 1969 1056 2037 λόγον
1107 1967 1203 2021 καὶ
1252 1967 1494 2038 ᾐτήσατο
1554 1966 1713 2036 χάριν
1764 1958 1838 2017 ὧν

259 2062 710 2133 ἐπλημμέλησεν,
762 2062 984 2130 ἀφίεται
1038 2060 1141 2131 τῆς
1204 2059 1479 2131 βασιλείας
1536 2058 1837 2128 ἀλλότριος,

258 2156 519 2225 οὐδεμίαν
547 2155 640 2211 τοῦ
661 2173 793 2209 ποτε
822 2155 1028 2226 ταύτης
1054 2155 1339 2220 τεύξεσθαι
1381 2155 1533 2227 παρὰ
1555 2153 1650 2208 τοῦ
1677 2152 1837 2220 λόγου

259 2247 441 2302 λσδὼν
465 2249 790 2319 ὲπάγγελον.

1869 2367 1935 2381 ’.-

617 2426 807 2481 Ἄλλο
837 2428 923 2492 είς
948 2425 1014 2479 τὸ
1036 2424 1183 2479 αὐτὸ
1208 2424 1495 2495 θεώρημα.

332 2541 446 2594 Καὶ
474 2539 634 2593 πάλιν
658 2539 863 2611 λῃστής
900 2540 1046 2592 ἐστιν
1081 2536 1379 2608 εὐγνώμων
1411 2540 1439 2592 ό
1463 2538 1567 2592 κᾶν
1606 2539 1693 2592 ἐπ’
1716 2540 1848 2594 αὐτὸ

258 2629 325 2686 τὸ
346 2631 519 2701 πέρας
546 2630 645 2698 τῆς
680 2628 963 2699 παρούσης
1003 2626 1150 2698 αὐτῷ
1178 2628 1468 2697 γενόμενος
1503 2627 1651 2698 ζωῆς
1682 2626 1848 2681 ἐλθὼν

262 2725 344 2788 είς
399 2721 750 2793 συναίσθησιν
817 2720 927 2774 τῶν
974 2718 1483 2791 πλημμεληθέντων
1529 2718 1700 2791 αὐτῷ,
1753 2720 1846 2773 καὶ

263 2816 549 2888 γνωρίζων
602 2814 740 2885 μετά
799 2813 1067 2877 συνέσεως
1130 2812 1220 2865 τὸν
1270 2812 1359 2865 ἐπ’
1410 2811 1559 2884 αὐτῷ
1620 2812 1844 2875 δικαίως

262 2909 571 2980 ὡρισμένον
590 2907 827 2961 ἐνταῦθα
857 2908 953 2977 τῆς
978 2906 1128 2970 θείας
1161 2905 1399 2977 κρίσεως
1424 2905 1844 2976 συντελούμενον

1955 1990 2164 2039 secum,
2190 1981 2247 2029 et
2264 1990 2361 2028 sua
2389 1971 2562 2042 ipsius
2591 1979 2808 2041 sponte,
2839 1967 3261 2024 condemnatum
3297 1976 3407 2014 nou
3435 1970 3528 2011 co-

1946 2074 2167 2137 gnosset
2189 2081 2290 2121 nec
2314 2066 2639 2121 delictorum
2660 2077 2885 2119 suorum
2906 2060 3123 2115 veniam
3153 2053 3472 2126 rogavisset,
3494 2065 3525 2101 e

1946 2174 2117 2229 regno
2152 2158 2394 2229 ejicitur,
2430 2167 2489 2211 ut
2512 2157 2745 2220 alienus,
2769 2154 2976 2208 nullam
3003 2163 3242 2219 unquam
3264 2160 3321 2199 se
3338 2141 3529 2197 civita-

1948 2260 2057 2307 tem
2072 2252 2190 2323 ejus
2208 2259 2556 2321 recepturum
2573 2264 2695 2304 esse
2712 2248 2893 2302 lmtum
2911 2252 3235 2312 accepturus
3249 2234 3525 2292 nuntium.

2310 2427 2434 2483 Alia
2485 2427 2540 2480 in
2586 2426 2724 2480 idem
2769 2419 3165 2491 contemplatio.

2014 2546 2194 2610 Atque
2237 2540 2439 2594 iterum
2471 2538 2613 2592 latro
2659 2536 2868 2608 probus
2897 2542 2983 2587 est
3018 2529 3136 2601 qui,
3187 2526 3356 2582 etiam
3393 2524 3437 2579 si
3474 2524 3528 2577 in

1946 2637 2065 2705 ipso
2099 2636 2322 2689 demum
2373 2633 2483 2686 ﬁne
2521 2630 2811 2701 przeseutis
2854 2627 3001 2689 vitm,
3040 2621 3193 2678 venit
3239 2620 3291 2673 in
3334 2630 3531 2688 pecca-

1946 2737 2129 2782 torum
2155 2740 2384 2780 suorum
2408 2722 2835 2792 repulationem,
2867 2716 3283 2787 prudenterque
3312 2708 3533 2780 agnovit

1946 2819 2181 2874 verbum
2226 2816 2401 2871 divini
2450 2813 2644 2885 judicii
2695 2812 2749 2865 in
2800 2826 2858 2865 se
2912 2808 3004 2861 hic
3062 2810 3529 2861 consummatum,

1945 2912 2092 2983 quod
2123 2911 2175 2967 ei
2208 2909 2406 2965 merito
2438 2914 2560 2961 erat
2610 2902 2929 2963 deﬁnitum,
2960 2898 3167 2970 quique
3197 2894 3411 2950 sincere
3460 2905 3528 2944 ex

262 3001 417 3073 αὐτῷ
447 3001 625 3069 λόγον,
684 3000 781 3054 καὶ
822 2999 989 3053 αίτῶν
1042 2998 1373 3069 συγγνώμην
1419 2999 1729 3070 εἰλικρινῶς
1776 3000 1841 3053 ὲκ

1951 3007 2140 3062 intimo
2185 3004 2355 3061 corde
2389 3018 2585 3059 eorum
2615 3015 2738 3070 qua:
2767 2994 3069 3066 deliquerit
3099 2990 3319 3047 veniam
3366 2986 3529 3059 petit.

267 3092 468 3165 βάθους
515 3092 693 3164 ψυχῆς
724 3085 799 3145 ὧν
844 3091 1114 3162 ἥμαρτεν.
1190 3090 1487 3162 Ἀγνώμων
1539 3091 1596 3146 δὲ
1638 3091 1846 3164 λῃστής

1951 3099 2228 3170 [mprobus
2267 3104 2461 3152 contra
2519 3083 2662 3150 latro
2727 3098 2813 3147 est
2863 3087 2958 3159 qui
3001 3086 3086 3141 vel
3130 3084 3188 3139 in
3238 3083 3358 3152 ipso
3407 3079 3534 3134 vita:

264 3186 415 3238 ὲστιν
442 3185 471 3238 6
501 3183 620 3237 κατ’
647 3184 779 3238 αὐτὸ
800 3184 861 3237 τὸ
882 3183 1054 3253 πέρας
1084 3184 1183 3255 τῆς
1216 3184 1501 3255 παρούσης
1522 3186 1671 3257 αὐτῷ
1693 3186 1840 3256 ζωῆς

264 3277 557 3347 γενόμενος
616 3276 709 3331 καὶ
748 3276 840 3329 τὸν
891 3275 1035 3329 κατὰ
1088 3274 1269 3345 ψῆφον
1313 3275 1529 3330 δικαίαν
1566 3276 1660 3329 τοῦ
1703 3276 1840 3329 Θεοῦ

264 3369 495 3423 τεθέντα
551 3368 732 3437 σοφῶς
776 3366 873 3421 τοῦ
920 3365 1188 3437 μερισμοῦ
1247 3366 1346 3437 τῆς
1389 3366 1565 3438 ψυχῆς
1597 3366 1705 3421 ἀπὸ
1751 3367 1846 3421 τοῦ

268 3463 520 3531 σώματος
549 3461 715 3531 νόμον
756 3478 818 3514 τε
850 3460 944 3514 καὶ
988 3462 1113 3530 ὅρον
1146 3458 1223 3523 ὡς
1273 3458 1350 3532 μὴ
1395 3458 1577 3524 καλῶς
1622 3458 1847 3514 δοθέντα

264 3554 360 3607 διὰ
389 3554 683 3623 φιλοζωΐαν
717 3552 1092 3625 μεμφόμενος.
1584 3584 1587 3585 ν

626 3733 807 3813 Ἀτιλο
834 3736 921 3801 είς
944 3734 1009 3788 τὸ
1032 3735 1178 3791 αὐτὸ
1208 3736 1496 3806 θεώρημα.

341 3847 453 3901 Καὶ⁸
493 3846 655 3901 πάλιν
691 3848 990 3918 ἐπειδήπερ
1030 3847 1261 3913 ἕκαστος
1292 3849 1448 3921 ήμῶν
1472 3850 1694 3915 διπλοῦς
1739 3852 1857 3906 ἐστι

270 3942 373 4009 τὴν
396 3941 581 4011 φύσιν⁹
609 3942 672 3996 ὲκ
697 3940 878 4012 ψυχῆς
913 3941 1006 3995 καὶ
1040 3940 1290 4011 σώματος
1330 3943 1620 4008 συνεστὼς,
1652 3944 1855 4018 λῃστής

272 4035 467 4089 ἑστινό
488 4033 611 4088 καθ’
640 4035 902 4105 ἑκάτερον
924 4034 1032 4086 τῶν
1063 4033 1121 4100 ἐξ
1151 4027 1227 4088 ὧν
1258 4034 1559 4106 συνέστηκε
1587 4036 1731 4091 κατά
1756 4040 1854 4110 τὴν

273 4124 505 4197 θατέρου
545 4126 706 4196 φύσιν
744 4126 908 4197 νόμον
958 4127 1097 4198 ὑπὲρ
1137 4128 1340 4198 ἀρετῆς
1370 4128 1448 4200 τῷ
1486 4130 1628 4201 λόγῳ
1661 4148 1856 4201 μυστι-

274 4221 389 4284 κῶς
409 4220 905 4292 συσταυρούμενος,
937 4222 1029 4274 καὶ
1057 4222 1148 4276 τὸν
1176 4222 1274 4291 μὲν
1304 4222 1404 4293 τῆς
1439 4223 1641 4295 σαρκὸς
1668 4225 1852 4295 νόμον,

274 4312 467 4385 ὥσπερ
501 4312 794 4384 ἀγνώμονα
830 4312 1033 4385 λῃστὴν
1074 4312 1154 4382 τῷ
1181 4313 1325 4383 λόγῳ
1353 4315 1452 4384 τῆς
1479 4316 1681 4386 ἀρετῆς
1703 4317 1855 4369 ἀντι-

276 4407 569 4469 πίπτοντα,
596 4406 685 4461 τὸν
704 4406 761 4459 δὲ
786 4406 879 4459 τοῦ
910 4404 1221 4474 πνεύματος
1248 4406 1409 4474 νόμον
1432 4405 1623 4476 ὥσπερ
1650 4407 1853 4477 λῃστὴν

276 4500 418 4570 ἔχων
446 4498 784 4567 εὐγνώμονα,
808 4497 902 4550 καὶ
922 4496 1012 4549 τὸν
1038 4496 1266 4565 Σωτῆρα
1291 4495 1462 4561 Λόγον
1483 4494 1569 4548 διὰ
1588 4496 1694 4548 τῶν
1718 4497 1854 4557 κατά

276 4590 376 4660 τὴν
406 4588 714 4662 πρακτικὴν
740 4587 980 4659 τρόπων,
1022 4583 1122 4637 κᾶν
1165 4582 1414 4636 έπίπονοι
1457 4577 1614 4646 ὦσιν,
1655 4584 1852 4635 ἀποδε-

1952 3190 2236 3263 pnesentis
2279 3190 2386 3243 ﬁne
2427 3186 2525 3241 Dei
2566 3186 2742 3255 legem
2791 3196 2856 3235 ac
2910 3177 3289 3234 deﬁnitionem
3336 3172 3534 3227 anima:

1954 3301 1986 3340 a
2020 3298 2252 3353 corpore
2308 3278 2649 3350 separandae,
2704 3273 2955 3346 quamvis
3003 3272 3151 3343 justo
3193 3265 3404 3339 judicio
3462 3276 3529 3316 ac

1956 3377 2238 3446 sapienter
2290 3373 2581 3436 sancitam,
2633 3368 2761 3424 vitae
2818 3380 3006 3421 amore
3073 3371 3336 3431 tanquam
3392 3352 3535 3411 male

1956 3469 2263 3525 institutam
2306 3466 2609 3536 vituperat.

2330 3734 2454 3791 Alia
2501 3735 2556 3788 in
2601 3733 2740 3786 idem
2786 3724 3178 3797 contemplatio.

2024 3853 2205 3922 Atque
2247 3865 2442 3905 rursus
2480 3864 2606 3903 cum
2651 3855 2902 3922 nostrum
2940 3837 3321 3909 unusquisque
3352 3827 3567 3900 dupli-_

1957 3962 2077 4002 cem
2147 3944 2352 3999 habeat
2403 3950 2684 4003 naturam,
2740 3916 3033 3991 exanima
3089 3941 3253 3999 atque
3308 3934 3539 3991 corpore

1956 4037 2287 4099 consistens,
2310 4034 2451 4089 latro
2472 4030 2669 4100 estqui
2697 4025 3001 4084 secundum
3032 4031 3321 4086 utramque
3345 4024 3538 4067 eorum

1954 4145 2021 4184 ex
2067 4126 2271 4197 quibus
2316 4129 2533 4179 constat
2582 4133 2682 4189 pro
2719 4114 2946 4170 alterius
2974 4119 3171 4164 natura
3216 4106 3392 4171 legem
3438 4112 3540 4166 pro

1956 4220 2165 4275 virtute
2209 4230 2335 4271 cum
2392 4212 2661 4266 Sermone
2715 4205 2945 4276 mystice
2995 4197 3146 4255 cruci
3184 4191 3441 4263 aﬁigitur,
3484 4189 3544 4241 et

1959 4313 2143 4367 carnis
2175 4309 2400 4380 quidem
2445 4306 2619 4375 legem
2671 4299 2844 4354 veluti
2896 4290 3207 4363 improbum
3266 4285 3541 4339 latronem

1958 4403 2180 4459 virtutis
2223 4398 2463 4455 sermoni
2511 4394 2878 4450 obnitentem,
2936 4385 3165 4455 spiritus
3198 4393 3333 4432 vero
3362 4376 3537 4442 legem

1959 4494 2130 4549 veluti
2159 4492 2392 4560 probum
2436 4488 2709 4540 latronem
2737 4481 2928 4541 habet,
2955 4477 3162 4545 quique
3196 4470 3541 4525 Salvatorem

1961 4586 2282 4641 Sermonem
2330 4594 2429 4648 per
2482 4575 2737 4644 practicae
2771 4566 3138 4640 philosophia
3186 4560 3401 4617 modos,
3440 4554 3541 4608 etsi

278 4651 530 4754 χόμενον,
605 4651 1103 4749 ᾧ”συνεισέρχεται
1159 4675 1408 4746 γεγηθὼς
1470 4676 1549 4737 είς
1603 4675 1696 4729 τὸν
1752 4675 1847 4743 τῆς

1957 4688 2158 4745 magno
2183 4686 2308 4726 cum
2340 4668 2529 4722 labore
2561 4664 2671 4718 sint
2698 4656 3002 4727 conjuncti,
3045 4651 3264 4719 recipit,
3301 4657 3543 4715 quocum

278 4773 517 4845 εὐωχίας
556 4773 720 4827 τόπον
755 4772 848 4825 τόν
883 4770 1066 4840 πάσης
1102 4768 1405 4839 κατάκορον
1448 4766 1724 4837 γνώσεως,
1760 4765 1853 4819 τοῦ

278 4866 421 4920 κατά
491 4863 671 4935 σάρκα
744 4861 1091 4935 φρονήματος
1149 4857 1431 4923 παντελῶς
1504 4854 1857 4928 ἀπηλλαγμέ-

278 4976 390 5024 νος.
1110 4969 1119 4972 ‘

1963 4738 2127 4824 simul
2199 4760 2511 4833 ingreditur
2564 4756 2724 4809 lretus
2782 4752 2837 4805 in
2900 4741 3286 4802 oblectationis
3335 4738 3544 4796 locum,

1965 4856 2113 4910 omni
2159 4850 2475 4923 cognitione
2512 4845 2798 4907 refertum,
2832 4835 3039 4894 carnali
3080 4846 3246 4889 sensu
3281 4842 3346 4882 ac
3391 4824 3546 4894 cogi-

1969 4948 2177 5003 tatione
2229 4944 2393 5015 plane
2436 4939 2725 4994 liberatus.

487 5164 687 5240 (249
705 5166 756 5236 b)
795 5166 983 5221 Ἀλλο
1012 5165 1094 5230 είς
1119 5162 1186 5217 τὸ
1210 5160 1354 5216 αὐτὸ
1376 5158 1664 5229 θεώρημα.

355 5282 465 5335 Καὶ
506 5280 662 5344 αὖθις
708 5279 911 5350 λῃστής
957 5279 1106 5330 ἔστιν
1164 5271 1464 5342 εὐγνώμων
1512 5270 1541 5322 6
1589 5266 1862 5331 καταξιω-

283 5375 399 5439 Osi;
438 5372 887 5444 συσταυρωθῆναι
915 5368 1135 5440 Χριστῷ
1164 5366 1253 5421 διά
1282 5360 1576 5425 παντελοῦς
1610 5360 1704 5413 καὶ
1743 5359 1863 5412 ὁλο-

283 5465 493 5537 κλήρου
532 5466 640 5517 τῶν
680 5462 869 5518 παθῶν
896 5460 1239 5532 νεκρώσεως,
1260 5457 1353 5511 καὶ
1377 5455 1563 5520 δεξιῶς
1596 5452 1747 5523 αὐτῴ
1773 5438 1883 5504 συέ

286 5555 715 5627 σταυρούμενος,
766 5553 1012 5608 τουτέστι
1074 5550 1210 5622 μετὰ
1255 5548 1416 5617 λόγου
1467 5546 1561 5601 καὶ
1608 5544 1863 5612 γνώσεως

224 5687 240 5699 .
286 5648 473 5704 πᾶσαν
504 5646 716 5712 διεξιὼν
745 5644 969 5718 ἀρετὴν,
1011 5644 1105 5699 καὶ
1144 5641 1493 5714 ἀπρόσκοπον
1548 5638 1714 5693 πᾶσιν
1772 5636 1857 5689 ἀνι

357 5808 403 5845 ³
432 5802 566 5861 ibid.
602 5803 690 5859 '58.

2354 5142 2475 5198 Alia
2506 5142 2559 5194 in
2590 5136 2723 5190 idem
2767 5128 3161 5201 contemplatio.

2042 5258 2214 5334 Atque
2239 5272 2431 5314 rursus
2460 5255 2603 5308 latro
2624 5248 2831 5320 probus
2862 5254 2946 5301 est
2977 5244 3023 5298 is
3051 5242 3145 5313 qui
3176 5255 3299 5294 cum
3330 5236 3550 5292 Christo

1964 5359 2127 5416 simul
2160 5352 2311 5409 cruci
2360 5347 2501 5417 alligi
2534 5342 2735 5398 meruit
2779 5355 2877 5410 per
2924 5339 3137 5409 plenam
3171 5345 3332 5403 atque
3369 5329 3550 5399 perfe-

1962 5462 2105 5507 ctam
2137 5445 2451 5518 passionum
2500 5433 3001 5494 mortiﬁcationem,
3048 5429 3252 5499 quique
3305 5425 3369 5477 ad
3416 5422 3549 5475 dex-

1961 5557 2101 5613 tram
2132 5541 2251 5609 ejus
2283 5544 2367 5591 est
2398 5532 2547 5589 cruci
2580 5528 2771 5584 alﬁxus
2803 5536 2862 5591 ιη,
2895 5526 3001 5578 hoc
3043 5528 3127 5575 est
3156 5517 3248 5587 qui
3288 5529 3411 5569 cum
3459 5526 3549 5564 ra-

1963 5636 2110 5690 tione
2142 5607 2197 5687 ct
2232 5626 2545 5699 cognitione
2597 5635 2815 5676 omnem
2866 5611 3213 5687 persequitur
3261 5607 3545 5668 virtutem,
