4080 6282
544 341 684 420 1375

1708 341 1769 402 S.
1810 341 2098 403 MAXIMI
2137 340 2646 403 CONFESSORIS

3667 335 3832 404 1376

539 453 864 524 «martisque
887 451 1210 510 hominibus
1231 449 1561 508 inoﬁensam
1587 459 1772 508 servat
1791 452 1982 518 vitam,
2003 453 2129 524 qui-

2232 453 2469 525 θρὼποις
2504 451 2595 506 τὸν
2625 451 2740 522 βίον
2760 449 3053 522 διατηρῶν,
3109 449 3205 506 καὶ
3251 451 3529 526 μηδεμῖαν
3572 451 3719 523 ἔχων
3759 452 3827 506 τὸ

537 563 644 616 quc
676 547 880 601 nullam
912 561 1139 618 prorsus
1165 561 1289 618 qua:
1314 544 1639 602 austeritate
1670 560 1703 600 a
1734 545 2007 601 sermonis
2037 545 2120 600 le-

537 639 709 692 nitate
753 637 1028 709 discrepet
1061 637 1228 694 habet
1254 637 1574 694 motionem.
1604 636 1896 708 Improbus
1928 645 2122 692 contra

537 730 679 783 latro
707 738 791 784 est
833 729 928 800 qui
973 728 1160 802 gloriae
1203 729 1571 785 lautiorumve
1617 726 2122 784 emolumentorum

537 821 711 889 gratia
765 821 1033 892 speciosis
1074 820 1255 877 modis
1303 819 1534 877 subdole
1573 819 1799 876 simulat
1830 820 1999 874 vitam
2033 835 2122 876 se-

537 913 778 968 cundum
815 913 1078 970 virtutem
1116 914 1446 976 institutam,
1477 913 1753 984 unimque
1785 927 1850 969 ac
1882 913 1984 969 soli
2020 929 2122 984 pro

537 1005 690 1061 omni
729 1005 937 1061 virtute
980 1014 1039 1062 et
1088 1006 1399 1078 cognitione
1436 1004 1495 1060 in
1527 1005 1948 1062 conversatione
1995 1021 2122 1062 cum

537 1096 738 1154 alienis
780 1097 1022 1154 sermoni
1051 1097 1325 1154 adulatori
1357 1097 1453 1154 dat
1485 1113 1732 1169 operam,
1770 1113 1902 1170 erga
1927 1113 2114 1154 neces.

536 1190 715 1245 sarios
736 1199 928 1246 contra
952 1205 1184 1261 pravum
1208 1205 1276 1246 se
1301 1189 1445 1262 gerit
1471 1190 1752 1247 voluntate
1783 1206 1850 1247 ac
1873 1189 2125 1248 moribus

536 1291 595 1335 et
639 1280 964 1356 illiberalem
995 1297 1242 1353 prorsus,
1279 1282 1369 1338 cui
1399 1283 1709 1355 praesertim
1753 1283 1858 1340 via:
1901 1282 1999 1339 Dei
2027 1298 2123 1338 ca-

537 1368 854 1426 lumniatori
879 1371 1184 1442 prudenter
1220 1379 1305 1428 est
1337 1386 1402 1428 os
1444 1370 1837 1428 obturandum.
1868 1369 2124 1425 Fortasse

537 1464 686 1520 enim
721 1463 938 1520 desinet
983 1463 1132 1535 quod
1180 1465 1238 1521 in
1280 1479 1390 1521 sua
1435 1471 1749 1521 revertatur
1791 1459 2123 1518 calumniari

537 1553 859 1611 Sermonem
906 1555 975 1612 ab
1008 1555 1338 1628 increpante
1381 1554 1717 1621 admonitus,
1763 1553 2124 1626 quemadmo-

537 1647 668 1704 dum
693 1648 748 1705 in
775 1664 942 1706 cruce
958 1649 1198 1721 contigit
1224 1649 1306 1704 illi
1341 1649 1436 1720 qui
1463 1649 1584 1705 sine
1607 1646 1943 1705 verecundia
1973 1646 2124 1703 blas-

439 1820 445 1829 '
537 1742 815 1813 phemiam
874 1743 1184 1815 protulerat
1214 1743 1355 1799 latro
1386 1753 1435 1798 ιι.
1464 1741 1620 1810 Quod
1649 1741 1798 1798 enim
1827 1755 1942 1797 non
1967 1739 2125 1796 oblo-

2230 547 2494 620 παράπιν
2521 545 2623 616 τῆς
2660 543 2755 598 τοῦ
2807 543 2969 613 λόγου
3017 543 3326 617 πραότητος
3375 545 3695 617 ἀπᾴδουσαν
3751 544 3834 600 δι’

2222 639 2613 712 αὑστηρὸτητα
2641 636 2875 708 κίνησιν.
2913 635 3211 707 ’Δγνὼμων
3235 637 3294 691 δὲ
3333 636 3541 710 λῃστής
3597 638 3756 691 ἐστιν
3797 639 3830 691 δ

2230 735 2390 804 δόξης
2418 734 2604 788 ἕνεκεν
2630 732 2662 803 ἢ
2690 730 2998 802 λημμάτων
3036 729 3344 801 ἀδροτέρων
3385 734 3501 795 τοῖς
3545 731 3830 800 φαινομέ-

2230 844 2344 890 νοις
2375 825 2597 896 τρόποις
2630 822 2880 885 ὑπούλως
2908 823 3002 876 τὸν
3031 823 3154 875 κατ’
3179 821 3384 894 ἀρετὴν
3415 821 3533 893 βίον
3580 823 3828 892 ὑποκρε-

2224 919 2476 988 νόμενος,
2511 915 2606 971 καὶ⁵
2635 915 2735 970 ἕνα
2779 913 2875 968 καὶ
2922 912 3083 984 μόνον
3116 911 3253 984 πρὸς
3285 913 3415 976 τοὺς
3452 911 3563 976 ἔξω
3590 911 3690 965 τὸν
3727 910 3829 964 σού-

2224 1011 2372 1066 λακα
2407 1010 2564 1080 λόγον
2593 1008 2714 1063 ἀντὶ
2735 1007 2918 1077 πάσης
2943 1005 3145 1077 ἀρετῆς
3172 1022 3233 1059 τε
3263 1005 3357 1058 καὶ
3386 1002 3652 1073 γνώσεως
3682 1019 3825 1072 μετ-ι

2225 1103 2544 1175 ερχόμενος,
2573 1101 2712 1172 πρὸς
2738 1098 2797 1153 δὲ
2833 1099 2960 1163 τοὺς
3012 1097 3266 1168 συνήθεις
3310 1097 3531 1162 σκολιός
3577 1114 3669 1160 τις
3715 1095 3827 1168 τὴν

2229 1196 2456 1268 γνώμην
2493 1193 2842 1249 παντάπασιν
2871 1191 2948 1244 ὣν
2974 1190 3070 1245 καὶ
3091 1190 3447 1262 δυσάντητος,
3470 1190 3533 1244 ὃν
3557 1189 3645 1243 δεῖ
3671 1188 3825 1259 μάλα

2228 1306 2294 1358 γε
2323 1287 2425 1359 τὴν
2459 1287 2579 1342 ὁδὸν
2612 1285 2710 1340 τοῦ
2737 1283 2874 1338 Θεοῦ
2908 1281 3340 1355 βλασφημοῦντα
3366 1282 3508 1355 μετὰ
3535 1281 3824 1344 συνέσεως

2227 1378 2647 1451 ἐπιστομίζειν.,
2686 1378 2851 1440 Ἴσως
2902 1375 3013 1447 γὰρ
3051 1375 3329 1430 παύσεται
3365 1372 3463 1428 τοῦ
3500 1373 3822 1428 διαϐάλλειν

2228 1475 2320 1530 διὰ
2347 1475 2446 1546 τῆς
2469 1472 2678 1538 οἰκείας
2697 1471 3044 1544 ἀναστροφῆς
3073 1469 3167 1525 τὸν
3197 1469 3358 1539 λόγον
3388 1471 3456 1541 τῇ
3483 1468 3824 1542 παραινέσει

2230 1566 2325 1622 τοῦ
2353 1565 2812 1636 ἐπιπλήσσοντος,
2838 1563 3028 1634 ὥσπερ
3051 1563 3146 1617 ἐπὶ
3177 1561 3274 1616 τοῦ
3317 1559 3559 1633 σταυροῦ
3605 1559 3818 1613 πέπον-

2231 1660 2327 1716 θεν
2348 1660 2377 1712 ὁ
2409 1659 2512 1730 τὴν
2552 1657 2902 1728 βλασφημίαν
2939 1646 3123 1719 αδεῶς
3169 1654 3546 1726 προσενέγκας
3583 1652 3815 1726 λῃστής.

2231 1750 2308 1804 Τὸ
2336 1749 2444 1821 γὰρ
2477 1749 2552 1820 μὴ
2585 1747 3052 1818 ἀντιφθέγξασθαι
3079 1747 3159 1818 τῷ
3187 1746 3555 1817 ἐπιπλήξαντι
3584 1748 3822 1816 σημεῖον

537 1845 702 1892 cutus
727 1845 812 1893 est
837 1836 1167 1908 increpanti,
1192 1836 1248 1892 id
1272 1850 1585 1893 sermonem
1608 1835 1702 1907 qui
1733 1835 1982 1906 prolatus
2007 1841 2129 1890 erat

2229 1841 2344 1913 ἔχει
2378 1841 2478 1912 τῆς
2499 1840 2594 1895 τοῦ
2630 1841 2889 1914 ῥηθέντος
2911 1840 3182 1911 ἀποδοχῆς
3217 1839 3380 1908 λόγου
3413 1838 3513 1910 τὴν
3572 1837 3822 1906 σιωπήν.

539 1932 705 1988 tacite
747 1931 1041 2002 probatum
1071 1929 1364 2003 signiﬁcat.
1393 1930 1733 2001 Quacunque
1778 1929 1968 2000 utique
1995 1944 2127 1985 con-

538 2023 914 2094 templationis
960 2023 1172 2080 ratione
1211 2038 1338 2080 cum
1367 2022 1590 2080 Christo
1622 2023 1786 2080 simul
1818 2021 1973 2078 cruci
2005 2019 2124 2076 alli-

537 2116 744 2189 gimur,
777 2116 909 2172 dum
953 2115 1030 2172 ibi
1060 2131 1272 2184 sumus,
1308 2116 1632 2182 Sermonem
1664 2131 1772 2171 una
1801 2129 1931 2171 cum
1963 2114 2126 2169 nobis

539 2204 694 2261 cruci
734 2203 953 2260 allixum
986 2205 1203 2276 placare
1241 2207 1584 2271 studeamus,
1613 2221 1678 2262 ac
1712 2219 1963 2261 veracem
1990 2219 2125 2260 con-

541 2294 774 2352 scientia
795 2311 828 2352 a
849 2296 1276 2369 cogitationibus
1303 2313 1426 2354 eam
1454 2297 1871 2366 increpantibus
1900 2305 2125 2366 purgata
2145 2356 2148 2358 γ

541 2388 795 2458 accipere
813 2390 1022 2460 quietis
1039 2389 1546 2456 annuntiationem,
1559 2389 1838 2459 siquidem
1856 2387 2126 2444 hodierna

542 2481 663 2536 dies
677 2493 1003 2552 praesentem
1028 2484 1194 2555 hujus
1215 2482 1316 2539 aevi
1341 2483 1489 2538 diem
1507 2483 1732 2539 denotat
1749 2484 1918 2555 (nam,
1938 2483 2123 2546 Hodie,

544 2569 747 2644 inquit,
769 2591 971 2629 mecum
992 2576 1095 2630 eris
1115 2576 1171 2630 in
1191 2574 1445 2647 paradiso
1464 2573 1537 2646 ιι),
1561 2574 1801 2631 crastina
1825 2591 1960 2630 vero
1983 2574 2131 2629 hitu-

545 2680 686 2728 ram,
711 2681 820 2736 qua
848 2680 958 2722 non
981 2674 1339 2738 peccatorum
1367 2666 1622 2722 remissio
1652 2666 2021 2738 exspectanda
2048 2675 2134 2721 est

546 2755 682 2822 ulla,
730 2756 826 2815 sed
873 2758 989 2816 sola
1028 2758 1157 2816 vitae
1204 2773 1272 2816 ex
1321 2759 1525 2816 merito
1572 2761 1913 2816 conveniens
1966 2759 2130 2814 retri-

545 2847 727 2907 butio.

2233 1933 2371 1990 Καθ’
2402 1934 2594 2006 ἥντινα
2630 1932 2760 2002 γοῦν
2795 1931 2905 1986 τῶν
2948 1932 3258 2002 εἰρημένων
3299 1930 3532 2001 θεωρίαν
3559 1929 3640 2000 τῷ
3673 1929 3820 1999 Χρι-

2235 2025 2347 2098 στῷ
2381 2024 2839 2098 συσταυρούμεθα
2907 2023 3321 2093 σπουδάσωμεν,
3381 2021 3457 2087 ὥς
3503 2022 3677 2099 ἐσξιεν
3729 2021 3821 2072 ἐν-

2231 2118 2428 2182 ταῦθα,
2472 2118 2564 2172 τὸν
2603 2115 3081 2189 συσταυρούμενον
3119 2117 3254 2185 ἡμῖν
3279 2114 3602 2169 ἱλεὼσασθαι
3627 2112 3825 2181 λόγον,

2231 2213 2327 2266 κα)⁵
2371 2211 2473 2284 τὴν
2523 2211 2730 2282 ἀψευδῆ
2777 2208 3027 2276 δέξασθαι
3065 2208 3209 2262 κατὰ
3248 2208 3555 2278 συνείδησιν
3604 2203 3823 2271 καθαρο

2189 2351 2198 2358 .
2232 2303 2420 2358 θεῖσαν
2449 2302 2556 2357 τῶν
2589 2301 2940 2371 πλησσόντων
2975 2298 3144 2370 αὐτὴν
3190 2299 3476 2370 νοημάτων
3527 2296 3634 2365 τῆς
3674 2295 3819 2348 an-

2233 2391 2488 2456 παύσειας
2521 2391 2877 2460 ἐπαγγελίαν,
2895 2389 3101 2461 εἶπερὴ
3119 2389 3358 2460 σήμερον
3379 2387 3474 2457 τὴν
3502 2383 3820 2439 ἐνεστῶσαν

2233 2485 2422 2540 τούτου
2438 2483 2743 2554 τοῖλαίὡνος
2767 2485 2802 2554 ἡ
2813 2482 2877 2554 μέ
2884 2499 2982 2554 ραν
3008 2479 3341 2535 ἐνδείκνυται
3365 2477 3667 2551 (σήμερον
3679 2478 3759 2545 τὰ
3767 2494 3818 2548 ρ,

2237 2580 2420 2650 φησὶν,
2451 2578 2566 2646 ἔσῃ
2594 2577 2720 2645 μετ’
2745 2573 2890 2644 ἐμοῦ
2923 2575 2994 2628 ἐν
3022 2572 3102 2639 τῷ
3131 2573 3516 2642 παραδείσῳ),
3554 2571 3593 2641 ἠ
3622 2570 3683 2624 δὲ
3723 2566 3820 2622 αὖ-

2232 2689 2349 2742 ριον
2380 2670 2478 2742 τὴν
2507 2668 2604 2723 τοῦ
2637 2667 2946 2740 μέλλοντος,
2975 2666 3098 2721 καθ’
3127 2668 3196 2739 ἢν
3214 2665 3470 2736 οὐδεμίαν
3493 2662 3595 2734 μὲν
3617 2663 3828 2729 ἄφεσιν

2231 2762 2647 2834 ἁμαρτημάτων
2680 2758 2996 2830 ἐκδέχεσθαι
3018 2758 3148 2831 χρὴ.
3187 2757 3359 2829 μόνην
3376 2755 3445 2834 .δέ
3472 2753 3572 2824 τῆς
3592 2751 3828 2821 ἑκάστῳ

2230 2856 2548 2928 πρεπούσης
2621 2853 2745 2909 κατ’
2799 2851 2958 2918 ἀξίαν
3013 2850 3249 2924 ἀμοιϐῆς
3300 2848 3408 2905 τῶν
3463 2843 3825 2917 ϐεϐιωμένων

2226 2947 2518 3003 ἀντίδοσιν.

544 3131 630 3189 Ex
661 3133 847 3190 eodem
881 3151 1141 3203 sermone,
1175 3137 1229 3192 in
1272 3135 1409 3192 illud
1436 3153 1456 3192 :
1491 3155 1510 3188 ι
1543 3134 1600 3191 Si
1622 3133 1878 3206 Iosephus
1913 3135 2128 3190 Arima-

2234 3129 2433 3200 (250
2459 3126 2520 3197 a)
2563 3127 2661 3181 Ἐκ
2713 3125 2822 3181 τοῦ
2866 3123 3056 3180 αὐτοῦ
3104 3122 3314 3193 λόγου,
3341 3121 3428 3188 είς
3477 3119 3548 3174 τό
3561 3132 3581 3150 ·
3650 3117 3823 3173 «mir

609 3229 778 3283 thum;
799 3229 896 3295 sis,
929 3229 994 3284 ab
1028 3246 1087 3284 eo
1112 3231 1202 3302 qui
1227 3231 1370 3285 cruci
1399 3230 1563 3301 afﬁxit
1590 3245 1778 3302 corpus
1808 3237 1922 3300 pete
1949 3240 1994 3284 ρ.
2030 3247 2048 3280 ι

613 3429 827 3502 Corpus
854 3431 1060 3488 Christi
1087 3439 1174 3487 est
1198 3432 1406 3499 anima,
1432 3432 1518 3502 vel
1555 3431 2010 3504 facultatese‘ius,
2039 3431 2127 3488 vel

543 3537 762 3586 sensus,
787 3523 875 3579 vel
905 3524 1248 3594 singulorum
1283 3539 1508 3594 corpus,
1535 3524 1622 3579 vel
1660 3524 1913 3594 corporis
1952 3540 2128 3578 mem-

543 3611 667 3677 bra,
701 3613 790 3669 vel
822 3614 1100 3679 mandata,
1137 3615 1225 3671 vel
1259 3615 1514 3681 virtutes,
1537 3616 1625 3672 vel
1657 3611 1898 3671 rationes
1932 3631 2127 3672 eorum
2168 3663 2180 3670 .

543 3719 668 3773 quae
701 3703 841 3760 facta
877 3715 1026 3772 sunt,
1072 3707 1181 3774 vel,
1229 3715 1295 3763 ut
1336 3707 1523 3766 verius
1551 3707 1883 3780 simpliciter
1923 3708 2124 3776 dicam,

544 3794 800 3865 privatim
834 3806 889 3853 et
913 3798 976 3853 in
1000 3814 1315 3867 commune,
1343 3799 1460 3857 hinc
1488 3801 1672 3856 omnia
1705 3808 1761 3856 et
1784 3800 1984 3856 horum
2017 3801 2131 3856 sin-

544 3890 671 3960 gula
699 3907 932 3962 quaeque
975 3903 1103 3949 sunt
1147 3910 1350 3966 corpus
1379 3895 1606 3951 Christi.
1635 3894 1792 3964 Quod
1825 3897 1977 3952 cruci
2010 3895 2129 3951 alli-

544 3981 645 4052 git,
683 3999 881 4056 nempe
911 3983 1031 4041 haec
1070 3987 1278 4048 omnia.
1319 3985 1596 4054 diabolus,
1628 3987 1684 4042 in
1729 4002 1795 4043 eo
1824 3988 1920 4058 qui
1965 3987 2128 4042 talem

544 4072 744 4130 horum
789 4077 1203 4136 crucifixionem
1239 4079 1504 4146 admittit,
1540 4079 1844 4136 secundum
1871 4078 2128 4135 naturam

544 4178 611 4219 ea
643 4167 864 4236 operari
899 4170 1222 4238 prohibens.
1273 4171 1547 4241 Iosephus
1583 4180 1776 4226 .autem
1823 4171 2131 4240 explicatur

545 4256 856 4312 secundum
894 4259 1217 4315 Hebraicam
1255 4261 1504 4332 linguam
1540 4261 1758 4316 Additio
1782 4278 1801 4317 :
1825 4261 2130 4336 Arimathia

546 4359 704 4410 vero,
737 4345 880 4401 Tolle
923 4347 1081 4403 illud.
1127 4349 1233 4417 Qui
1279 4351 1483 4423 igitur?
1515 4351 1692 4408 Homo
1739 4351 1865 4408 ﬁdei
1911 4352 2131 4410 addita-

548 4442 734 4491 menta
766 4437 976 4494 habens
1008 4449 1065 4496 et
1105 4442 1453 4514 cognitionis,
1483 4453 1541 4499 et
1574 4443 1795 4500 virtutis
1819 4444 2000 4500 modis
2027 4461 2127 4499 au-

2312 3217 2536 3288 Ἰωσὴφ
2563 3211 2639 3291 ᾖς
2667 3219 2700 3272 ό
2724 3217 2842 3272 ἀπὸ
2870 3214 3519 3287 Ἁριμαθαίας-,αττησαι
3536 3212 3608 3268 τὸ
3641 3209 3828 3283 σῶμα

2298 3311 2460 3382 παρὰ
2509 3310 2618 3366 τοῦ
2653 3309 3068 3379 σταυροῦντος
3092 3308 3230 3381 (50).
3258 3326 3277 3362 ι

2297 3429 2371 3483 Τδ
2405 3428 2565 3499 σῶμα
2602 3427 2695 3482 τοῦ
2721 3424 2962 3499 Χριστοῦ
3001 3426 3149 3480 ἐστιν
3178 3427 3214 3498 ἡ
3242 3424 3412 3496 ψυχὴ,
3445 3424 3480 3494 ἢ
3511 3423 3566 3477 αί
3603 3422 3826 3494 ταύτης

2225 3521 2509 3594 δυνάμεις,
2547 3521 2579 3593 ἢ
2628 3521 2683 3575 αί
2726 3503 3029 3590 αίσθήσεις,
3062 3520 3096 3591 ἢ
3131 3518 3196 3572 τὸ
3219 3517 3382 3589 σῶμα
3405 3515 3497 3571 τοῦ
3522 3514 3652 3570 καθ’
3680 3515 3818 3570 ἐκα-

2229 3631 2376 3680 στον,
2413 3612 2445 3684 ἢ
2485 3613 2553 3666 τὰ
2605 3611 2766 3683 μέλη’
2792 3610 2887 3664 τοῦ
2930 3608 3202 3680 σώματος,
3248 3609 3282 3681 ἢ
3332 3609 3387 3663 αί
3432 3606 3670 3670 ἐντολαὶ,
3707 3605 3818 3679 ἢαί

2227 3705 2445 3778 ἀρεταὶ,
2491 3704 2524 3776 ἢ
2567 3704 2618 3766 οι
2663 3703 2811 3773 λόγοι
2840 3702 2951 3757 τῶν
2987 3701 3311 3771 γεγονότων,
3347 3701 3381 3772 ἢ
3412 3699 3598 3764 ἅπλῶς
3636 3701 3824 3754 εἰπεῖν

2228 3796 2608 3869 ἀληθέστερον,
2631 3795 2738 3868 ἰδίᾳ
2751 3813 2810 3849 τε
2828 3794 2923 3850 καὶ
2938 3797 3115 3866 κοινῇ,
3132 3794 3303 3848 ταῦτα
3318 3793 3491 3849 πάντα
3507 3790 3818 3846 καὶτούτων

2226 3890 2460 3946 ἕκαστόν
2489 3891 2602 3944 ἐστι
2630 3889 2689 3942 τὸ
2720 3887 2881 3960 σῶμα
2903 3886 3000 3942 τοῦ
3027 3889 3072 3942 Χ
3081 3886 3286 3959 ριστοῦ.
3311 3887 3542 3959 Σταυροῖ
3559 3886 3615 3940 δέ
3634 3884 3815 3951 τοῦτο,

2227 3984 2396 4056 ἤγουν
2421 3980 2592 4036 ταῦτα
2631 3981 2811 4036 πάντα
2847 3981 2876 4034 ό
2899 3979 3166 4045 διάϐολος,
3192 3981 3251 4034 ἐν
3276 3979 3354 4052 τῷ
3382 3977 3823 4051 παραδεξαμένη)

2227 4076 2434 4131 τούτων
2478 4074 2576 4146 τὴν
2632 4073 2965 4144 σταύρωσιν,
2997 4074 3101 4128 οὐκ
3141 4072 3246 4126 ἐῶν
3291 4070 3618 4139 minimae-ﬁ
3650 4071 3819 4142 φύσιν

2233 4167 2595 4240 ἐνεργεῖσθαι.
2641 4165 2842 4238 Ἰωσὴφ
2877 4165 2932 4220 δὲ
2964 4164 3331 4238 ἑρμηνεύεται
3358 4163 3501 4219 κατὰ
3540 4163 3820 4236 Ἑϐραίων

2234 4262 2436 4334 φωνὴν,
2483 4260 2817 4329 Πρόσθεσις
2847 4274 2860 4288 ·
2902 4257 3200 4329 ’Λριμαθία
3244 4257 3324 4320 δέ,
3363 4251 3538 4324 Ἆρον
3591 4253 3812 4314 ἐκεῖνο.

2234 4355 2358 4418 Πῶς
2383 4349 2515 4419 οὗν;
2546 4349 2871 4421 ’Λνθρωπος
2913 4347 3231 4419 προσθήκας
3272 4349 3510 4409 πίστεως
3543 4345 3685 4415 ἔχων
3722 4347 3814 4399 καὶ

2231 4449 2344 4510 τοῖς
2389 4444 2510 4498 κατ’
2543 4445 2745 4515 ἀρετὴν
2790 4440 3156 4511 ηὐξημένος⁸⁸
3188 4439 3432 4512 τρόποις,
3478 4438 3574 4491 καὶ
3633 4439 3816 4491 πᾶσαν

548 4533 694 4591 Mus,
725 4543 1054 4602 omnemque
1086 4534 1451 4590 materialium
1489 4535 1738 4594 fraudem
1770 4536 1824 4591 in
1856 4551 1913 4591 se
1940 4535 2129 4607 proﬂi-

2235 4537 2452 4607 ἀπάτην
2475 4535 2584 4590 τῶν
2613 4534 2812 4588 ὑλικῶν
2842 4531 3035 4587 ἐαυτοῦ
3076 4532 3486 4604 περιελόμενος.
3509 4523 3664 4593 οὗτος
3697 4531 3812 4584 Ἰω-

549 4631 702 4686 gms.
725 4619 1006 4691 Josephus
1041 4622 1138 4678 .hic
1163 4631 1248 4680 est
1277 4625 1609 4696 spiritualis,
1636 4628 1730 4696 qui
1766 4625 1970 4681 Christi
2001 4642 2128 4682 cor-

547 4724 654 4794 pus
677 4711 1025 4784 desumptum
1052 4715 1203 4772 laute
1223 4717 1532 4790 pollingcre
1554 4727 1738 4788 potest
1767 4718 1933 4789 inque
1960 4718 2128 4774 corde

547 4805 788 4861 condere
835 4822 904 4862 ex
944 4807 1079 4863 ﬁdei
1129 4817 1388 4880 tanquam
1439 4810 1622 4881 lapide
1671 4819 1906 4876 structo,
1954 4810 2129 4881 ipsius

549 4910 748 4966 corpus
767 4898 836 4953 ad
862 4899 1035 4955 instar
1062 4900 1267 4958 Christi
1287 4918 1490 4976 corpus
1517 4919 1616 4975 per
1643 4904 1896 4975 gratiam,
1920 4912 1978 4957 ct
2004 4918 2126 4957 cor-

550 4988 704 5057 poris
723 4992 968 5047 memhra
991 4989 1218 5064 iustitiae
1239 5010 1392 5052 arma
1420 4997 1534 5052 Deo
1561 4997 1617 5052 in
1641 4995 2134 5052 sanctiﬁcationem

550 5078 815 5147 elliciens,
849 5099 1046 5142 sensus
1076 5103 1208 5143 vero
1254 5089 1502 5160 corporis
1533 5089 1838 5146 secundum
1889 5083 2156 5144 innatam

555 5169 826 5230 rationem
855 5175 920 5228 ad
953 5178 1260 5233 naturalem
1295 5180 1352 5235 in
1386 5181 1584 5252 spiritu
1617 5181 2136 5252 contemplationem

552 5257 751 5314 auium
793 5263 1101 5322 ministerio
1129 5269 1352 5338 sistens,
1393 5271 1606 5344 ipsique
1635 5273 1833 5329 anima:
1869 5271 1937 5328 ad
1963 5273 2142 5328 virtu-

551 5355 642 5406 tes
682 5352 1049 5423 perficiendas
1107 5376 1300 5433 parem
1348 5371 1515 5437 atque
1573 5365 1936 5423 facultatibus
1983 5366 2142 5424 attri-

631 5497 661 5530 ¹ι
687 5489 825 5549 Luc.
851 5509 1006 5563 mu,
1031 5497 1125 5554 39.
1195 5510 1228 5538 ο
1259 5502 1394 5560 ibid.
1423 5504 1514 5560 45.
1592 5515 1621 5557 ν
1651 5505 1788 5562 ibid.
1820 5507 1908 5563 52.

630 5651 679 5686 “
705 5654 1094 5732 Apographum
1121 5662 1287 5721 habet
1315 5664 1631 5737 εὖξημένος.

2235 4630 2346 4718 σηφ
2390 4631 2507 4682 ἐστι
2560 4627 2952 4697 πνευματικὸς,
3000 4626 3297 4696 δυνάμενος
3323 4625 3384 4679 τὸ
3437 4625 3596 4718 σῶμια
3628 4623 3817 4718 λαϐεῖν

2230 4715 2327 4776 τοῦ
2368 4719 2604 4792 Χριστοῦ
2644 4719 2738 4773 καὶ
2777 4719 2959 4782 καλῶς
2997 4719 3323 4788 ἐνταφιάσαι
3353 4718 3447 4772 καὶ
3481 4715 3711 4770 ἐνθεῖναι
3743 4717 3812 4786 τῇ

2231 4817 2296 4868 ἐκ
2345 4811 2582 4877 πίστεως
2623 4811 3043 4885 λελατομημένῃ
3073 4812 3293 4884 καρδίᾳ,
3332 4810 3395 4864 τό
3435 4827 3494 4864 τε
3543 4809 3708 4880 σῶμα
3751 4808 3810 4861 τδ

2231 4907 2428 4964 ἐαυτοῦ
2490 4908 2564 4972 ὡς
2627 4905 2862 4980 Χριστοῦ
2913 4907 3072 4977 σῶμα
3127 4905 3218 4960 διὰ
3267 4904 3367 4976 τὴν
3397 4905 3580 4976 χάριν,
3615 4902 3710 4956 καὶ
3741 4901 3815 4955 τὶ

2233 4999 2488 5072 σώματος
2521 4998 2655 5070 μέλη
2702 4997 2843 5052 ὅπλα
2885 4996 3235 5068 δικαιοσύνης
3280 4997 3359 5069 τῷ
3389 4996 3509 5067 Θεῷ
3541 4997 3623 5059 εἰς
3651 4996 3808 5062 ἁγια-

2235 5093 2371 5164 σμὺν
2414 5090 2755 5162 ποιούμενος,
2808 5092 2910 5154 τὰς
2963 5091 3019 5145 δὲ
3073 5089 3356 5159 αἰσθήσεις
3413 5087 3508 5143 τοῦ
3560 5088 3807 5158 σώματκ

2235 5185 2545 5258 ὑπουργοὺς
2587 5178 2728 5238 εἶναι
2774 5185 2842 5255 τῇ
2891 5182 3037 5255 ψυχῇ
3071 5181 3214 5235 κατὰ
3259 5181 3351 5236 τὸν
3378 5181 3620 5253 ἔμφυτον
3656 5177 3810 5244 λόγον

2237 5278 2376 5351 πρὸς
2405 5277 2505 5348 τὴν
2529 5279 2585 5330 ἐν
2613 5275 2886 5348 πνεύματι
2915 5274 3154 5347 φυσικὴν
3191 5273 3431 5347 θεωρίαν
3459 5270 3809 5343 παρασκευά-

2213 5367 2368 5436 .ζων,
2396 5367 2568 5441 αὐτὴν
2603 5369 2660 5423 δὲ
2697 5367 2800 5441 τὴν
2835 5365 3015 5439 ψυχὴν
3063 5367 3335 5439 ίσονομείν
3385 5365 3508 5430 ταῖς
3547 5362 3808 5433 δυνάμεσι

1837 5599 2071 5654 VAle
2109 5599 2510 5674 LEC'I‘IONES.

633 5782 745 5858 (50)
772 5787 920 5846 Idem
950 5793 1072 5850 ibid.
1113 5811 1231 5866 cap.
1257 5797 1348 5864 2i,
1376 5815 1429 5869 p.
1463 5799 1584 5866 864,
1610 5813 1741 5854 ιυιη.
1772 5801 1792 5854 ’1
1822 5796 1958 5871 Opp.
1987 5803 2069 5856 υίι.
2111 5805 2313 5861 “circa.
