4080 6282
228 327 364 393 1377
1074 314 1117 338 ’

1472 316 2001 385 AMBIGUORUM
2041 320 2295 387 LIBER.

3352 322 3489 397 1378

222 442 400 503 ποιῶν
436 444 577 515 πρὸς
620 440 723 514 τὴν
761 440 873 497 τῶν
908 439 1129 514 ἀρετῶν
1163 436 1541 510 ἐκπλήρωσιν,
1584 436 1683 492 καὶ
1725 435 1810 491 ἐτι

1910 434 2087 490 bnens
2112 433 2508 502 conditionem,
2541 450 2605 492 ac
2644 444 2906 507 praetcrea
2940 440 3183 496 animam
3211 450 3377 515 atque
3409 444 3492 500 fa-

218 540 324 607 τὴν
352 537 535 607 ψυχήν
560 551 623 589 τε
642 536 739 590 καὶ
764 534 865 600 τὰς
901 534 1081 605 αὐτῆς
1094 528 1357 604 δυνάμεις
1385 527 1665 595 δουλώσας
1685 530 1808 595 ταῖς

218 629 467 693 ἐντολαῖς
514 628 610 684 τοῦ
642 628 804 695 Θεοῦ,
837 627 1011 692 αὐτὰς
1147 625 1247 690 τὰς
1298 623 1521 689 ἐντολὰς
1571 622 1807 694 φυσικὰς

217 720 323 790 τῆς
381 718 561 791 ψυχῆς
600 719 932 795 ἀποδεικνὺς
960 717 1262 791 ἐνεργείας,
1289 717 1384 771 καὶ
1415 715 1503 771 διὰ
1542 714 1641 786 τῆς
1684 712 1807 769 κατ’

220 810 425 883 ἀρετὴν
448 811 783 883 ἀμεταθέτου
809 811 904 865 καὶ
932 809 1137 880 πατίας
1164 808 1331 876 ἐξιως
1364 808 1447 872 είς
1470 806 1803 878 κατανόησιν

219 902 291 959 αὖ
324 908 418 959 καὶ
451 904 719 977 ὑποδοχὴν
750 904 862 959 τῶν
895 902 1366 976 ἐγκεκρυμμένων
1398 904 1521 964 ταῖς
1557 900 1801 965 ἐντολαῖς

223 994 520 1067 θειοτέρων
562 995 736 1065 λόγων
777 994 1201 1066 διεγειρόμενος,
1235 992 1330 1046 καὶ
1363 991 1555 1062 ὥσπερ
1603 991 1801 1046 σινδόνι

220 1089 334 1144 τινὶ
354 1091 469 1153 τοῖς
492 1091 622 1160 περὶ
641 1089 734 1142 τὸν
764 1088 938 1143 αἰῶνα
970 1087 1159 1142 τοῦτον
1199 1086 1591 1157 πνευματικοῖς
1628 1084 1809 1154 λόγοις

222 1180 578 1253 περιϐάλλειν
613 1181 707 1236 τὸν
748 1179 991 1252 πρῶτον,
1015 1178 1076 1246 ἐξ
1112 1172 1175 1232 οῦ
1213 1176 1309 1231 καὶ
1326 1176 1392 1230 δι’
1418 1170 1481 1232 οὗ
1508 1177 1605 1230 καὶ
1637 1177 1718 1241 είς
1749 1174 1810 1229 δν

220 1273 293 1328 τὰ
335 1273 538 1339 πάντα,
575 1274 769 1343 Λόγον.
812 1273 872 1326 '0
909 1271 1115 1342 ταύτην
1139 1269 1287 1325 οὕτω
1320 1269 1581 1341 τηρήσας
1598 1268 1701 1339 τὴν
1724 1266 1814 1321 εῦ-

222 1350 432 1437 κοσμον
455 1364 739 1433 εὐταξίαν,
764 1366 965 1437 Ἰωσήφ
993 1367 1133 1431 ἐστι,
1160 1363 1222 1418 τὸ
1245 1363 1511 1436 μυστικὸν
1536 1362 1697 1434 σῶμα
1716 1362 1812 1417 τοῦ

220 1456 465 1529 Χριστοῦ
491 1457 774 1531 μυστικῶς
798 1456 1160 1528 ἐνταφιαζων.

580 1646 760 1699 Ἄλλο
791 1645 879 1709 εις
905 1641 971 1697 τὸ
994 1642 1143 1697 αὐτὸ
1169 1641 1456 1713 θεώρημα.

295 1761 409 1816 Καὶ
450 1759 531 1814 ἐτι
579 1759 861 1830 συντόμως
905 1758 1101 1823 εἰπεῖν,
1146 1759 1175 1812 ό
1215 1756 1414 1829 πράξει
1462 1754 1556 1810 καὶ
1606 1755 1809 1829 est.)ng

1912 527 2151 583 cultates
2195 526 2316 599 ejus
2362 526 2459 583 Dei
2504 528 2776 585 mandatis
2821 530 3138 603 subiiciens,
3194 533 3309 605 ipsa
3358 552 3490 591 vero

1912 621 2166 678 mandata
2196 623 2477 680 naturales
2508 624 2703 680 animae
2737 624 2971 681 virtutes
2997 628 3256 696 probans,
3285 645 3348 683 ac
3390 646 3491 701 per

1913 714 2312 771 immutabilem
2344 716 2646 773 secundum
2676 717 2938 773 virtutem
2971 728 3027 774 et
3052 720 3306 775 stabilem
3332 720 3493 776 habi-

1913 818 2029 864 tum
2073 808 2140 864 ad
2190 809 2575 880 percipiendas
2628 825 2822 865 rursus
2862 818 2919 865 et
2976 811 3319 879 recipiendas
3354 813 3491 867 divi-

1908 902 2095 958 niores
2125 919 2248 973 quae
2283 904 2338 958 in
2381 903 2478 959 Dei
2513 904 2785 959 mandatis
2823 905 2995 959 latent
3043 904 3284 960 rationes
3324 907 3492 960 exsti-

1909 998 2170 1065 mulatus,
2199 1008 2260 1055 ut
2292 1008 2551 1071 tauquam
2582 999 2813 1055 sindone
2842 999 3081 1070 quodam
3109 999 3491 1070 spiritualibus

1909 1089 2057 1145 circa
2082 1091 2189 1148 hoc
2214 1093 2761 1161 arvumsermonibus
2785 1091 3201 1147 circumvestiat
3224 1092 3488 1162 primum,

1908 1196 1976 1237 ex
1998 1196 2109 1252 quo
2131 1192 2187 1237 et
2211 1198 2309 1253 per
2331 1198 2494 1253 quem
2522 1192 2577 1238 et
2604 1183 2658 1237 in
2682 1197 2846 1252 quem
2874 1182 3132 1236 universa
3160 1182 3489 1246 decurrunt,

1910 1271 2252 1330 Sermonem.
2281 1273 2385 1342 Qui
2415 1284 2523 1330 tam
2554 1275 2808 1331 decoram
2838 1283 3022 1331 servat
3049 1274 3419 1345 disciplinam,
3445 1273 3494 1330 is

1910 1365 2184 1438 Josephus
2252 1377 2372 1434 est,
2439 1369 2735 1442 mysticum
2798 1368 3005 1425 Christi
3068 1383 3273 1440 corpus
3331 1381 3493 1439 sepe-

1913 1460 2078 1516 Iiens.

2303 1651 2426 1707 Alia
2463 1652 2518 1707 in
2542 1652 2679 1707 idem
2714 1652 3104 1727 contemplatio.

1985 1758 2277 1830 Praeterea,
2312 1775 2374 1822 ut
2405 1758 2876 1835 breviter'dicam,
2906 1768 3001 1841 qui
3030 1769 3247 1826 actione
3276 1777 3332 1826 et
3363 1784 3497 1825 con-

222 1855 357 1919 τοὺς
402 1855 530 1924 περὶ
573 1851 667 1907 τοῦ
717 1849 950 1923 σταυροῦ
1012 1853 1127 1915 τοῖς
1175 1849 1432 1904 ἀκούουσι
1483 1847 1810 1919 θαυμαστῶς

1915 1855 2268 1925 templatione
2302 1858 2370 1914 de
2399 1875 2564 1915 cruce
2603 1875 2886 1917 sermones
2928 1862 3144 1934 egregie
3190 1862 3356 1917 tradit
3396 1878 3496 1917 au-

222 1946 649 2017 λόγους(250
676 1944 743 2018 b)
771 1944 1083 2010 ἀποδιδοὺς,
1126 1938 1279 2009 οὗτος
1322 1942 1520 2015 Ἰωσὴφ
1572 1942 1669 2014 μὲν
1712 1942 1806 2011 γέ-

224 2059 385 2112 γονεν
419 2042 577 2106 ἄλλος
608 2038 697 2095 διὰ
741 2041 841 2112 τῆς
871 2039 1191 2113 προσθήκης
1216 2039 1325 2094 τῶν
1353 2039 1495 2113 κατὰ
1530 2038 1633 2111 τὴν
1664 2038 1803 2093 θεω⁴

228 2135 352 2207 ρίαν
397 2132 615 2203 ἀγαθῶν
655 2134 737 2198 είς
778 2129 982 2203 γνῶσιν
1025 2133 1341 2200 ἐπαυξῆσας
1394 2131 1804 2203 πνευματικὴν,

238 2226 597 2303 ’Δριμαθαῖος
623 2225 680 2282 δὲ
712 2226 801 2280 διὰ
831 2224 929 2297 τῆς
958 2224 1187 2297 γνησίας
1216 2225 1325 2279 τῶν
1356 2225 1569 2295 ἀρετῶν
1609 2224 1809 2277 οἰκειό-

221 2338 390 2391 τητος
428 2322 571 2376 κατὰ
621 2320 721 2392 τὴν
764 2316 965 2390 πρᾶξιν
999 2320 1179 2373 πᾶσαν
1211 2316 1320 2372 τῶν
1359 2318 1563 2373 ὑλικῶν
1612 2314 1808 2372 ἐαυτοῦ

225 2414 578 2486 περιτέμνων
609 2412 709 2487 τὴν
742 2410 1141 2485 προσπάθειαν.

548 2594 731 2648 Ἀλλο
762 2590 1037 2663 θεώρημα
1066 2590 1155 2658 εις
1183 2588 1250 2646 τὸ
1280 2588 1448 2646 αὑτό.

297 2704 605 2778 Σταυροῦσι
649 2704 708 2760 δὲ
753 2704 915 2761 πάλιν
962 2703 1056 2758 τὸν
1095 2702 1332 2777 Χρίστδν
1371 2704 1420 2756 οἱ
1471 2701 1809 2779 βλασφήμως
1876 2684 1877 2687 η

226 2799 355 2862 τοὺς
382 2796 512 2869 περὶ
544 2797 649 2869 τῆς
680 2796 1124 2870 ἐνσωματὼσεως
1153 2795 1248 2851 τοῦ
1291 2794 1429 2849 Θεοῦ
1464 2794 1809 2857 διδάσκοντες

228 2886 440 2961 λόγους,
475 2890 789 2961 ἐνταφιάζει
815 2891 873 2946 δὲ
899 2890 1060 2945 πάλιν
1088 2889 1117 2943 ό
1146 2889 1277 2953 τοὺς
1307 2888 1434 2959 περὶ
1461 2886 1559 2959 τῆς
1594 2886 1810 2958 σαρκώ-

230 2999 368 3047 σεως
405 2981 500 3036 τοῦ
527 2982 663 3037 Θεοῦ
702 2982 899 3054 λόγους
943 2982 1081 3055 μετὰ
1114 2981 1431 3055 παρρησίας
1462 2980 1627 3034 πᾶσιν
1661 2978 1806 3033 εὐσε-

229 3075 343 3140 ϐῶς
372 3076 789 3148 ἀνακηρύττων.

1823 2530 1897 2543 -ο

1890 1946 2216 2019 dientibus,
2250 1950 2298 2006 is
2338 1950 2613 2023 Iosephus
2648 1954 2787 2009 alter
2826 1954 3003 2010 lactus
3034 1964 3119 2009 est
3150 1954 3494 2025 contempla-

1905 2039 2071 2095 tionis
2106 2041 2268 2098 bonis
2298 2045 2405 2100 sibi
2437 2045 2640 2102 additis
2683 2057 2884 2102 auctus
2930 2048 2984 2102 in
3019 2047 3363 2119 spiritualcm
3397 2062 3495 2103 co-

1904 2131 2237 2201 gnitionem;
2276 2135 2639 2192 Arimathmus
2665 2152 2798 2192 vero
2830 2137 2923 2207 qui
2955 2138 3169 2192 sincera
3215 2154 3341 2193 cum
3384 2136 3497 2191 vir-

1906 2223 2121 2279 tutibus
2159 2227 2384 2297 junctus
2416 2230 2827 2285 necessitudine
2867 2230 3174 2287 secundum
3220 2231 3491 2285 actionem

1909 2313 1965 2369 in
2012 2330 2069 2371 se
2103 2331 2321 2373 onmem
2355 2337 2461 2390 qua
2497 2322 2875 2378 malerialihus
2907 2334 2992 2378 est
3032 2323 3284 2378 addictus
3314 2332 3371 2379 et
3398 2322 3495 2379 ob-

1911 2410 2108 2465 noxius
2139 2412 2280 2466 tollit
2309 2411 2681 2468 an‘cctionem.

2309 2585 2432 2641 Alia
2462 2588 2516 2639 in
2549 2587 2684 2641 idem
2715 2590 3109 2661 contemplatio.

1984 2698 2148 2754 Cruci
2192 2715 2386 2755 rursus
2416 2700 2641 2771 alligunt
2666 2701 2945 2757 Christum
2977 2706 3070 2775 qui
3098 2707 3496 2764 contumeliose

1912 2790 1981 2845 de
2008 2792 2101 2845 Dei
2135 2792 2585 2863 iucorporatione
2617 2795 2861 2860 tradunt,
2890 2798 3144 2866 sepulcro
3166 2808 3348 2854 autem
3375 2816 3498 2854 rur-

1911 2898 2005 2938 sus
2052 2893 2323 2954 praeparat
2368 2885 2462 2955 qui
2515 2885 2823 2940 doctrinam
2873 2888 2939 2941 de
2984 2888 3098 2942 Deo
3143 2889 3495 2962 incorporate

1910 2983 2099 3045 aperte
2126 2984 2183 3031 et
2214 2977 2392 3047 palam
2423 2978 2682 3033 omnibus
2707 2977 2795 3050 pie
2821 2980 3102 3050 pra-dicat.

241 3265 345 3322 Ἐκ
393 3264 500 3320 τοῦ
529 3263 721 3319 αὑτοῦ
757 3264 969 3332 λόγου,
998 3265 1087 3330 εις
1134 3263 1203 3317 τό
1234 3278 1257 3299 ’ν
1292 3257 1455 3315 (Κᾶν
1484 3260 1810 3330 Νικόδημος

1916 3255 2003 3311 Ea:
2042 3257 2222 3311 eodem
2261 3272 2521 3323 sermone,
2564 3260 2619 3312 in
2650 3258 2789 3313 illud
2813 3274 2833 3313 :
2860 3279 2879 3311 ι
2933 3260 2992 3316 Si
3036 3261 3348 3318 Nicodamus
3393 3266 3489 3332 sis,

298 3353 375 3431 ᾖς
412 3359 445 3412 ὀ
474 3356 825 3424 νυκτερινὸς
849 3354 1160 3424 θεοσεϐὴς,
1185 3354 1399 3425 μύροις
1431 3352 1617 3407 αὐτὸν
1644 3353 1809 3407 ἐντα-

296 3451 525 3522 φίασον
562 3448 698 3521 (51).
738 3463 761 3501 ι

296 3561 611 3635 Νικόδημός
639 3563 808 3629 ἐστιν,
838 3561 1151 3634 νυκτερινὸς
1184 3559 1441 3635 θεοσεϐὴς
1489 3562 1583 3616 καὶ
1615 3558 1809 3632 μύροις

226 3657 291 3713 τὸ
325 3657 484 3728 σῶμα
514 3654 606 3710 τοῦ
637 3654 877 3727 Χριστοῦ
908 3652 1267 3724 ἐπαφιὰξων,
1309 3656 1339 3708 ό
1382 3653 1523 3708 κατὰ
1565 3651 1807 3706 διάνοιαν

232 3751 334 3823 μὲν
370 3749 684 3822 ἐρρωμένος
716 3749 797 3813 εἰς
835 3746 933 3820 τὴν
968 3746 1266 3816 ἐπίγνωσιν
1290 3743 1384 3800 τοῦ
1419 3743 1678 3817 Χριστοῦ,
1708 3744 1807 3815 τὴν

227 3842 289 3897 δὲ
334 3842 437 3912 τῆς
475 3840 729 3913 πράξεως
776 3838 887 3893 τῶν
937 3836 1169 3891 ἐντολῶν
1198 3836 1509 3907 φιλοτιμίαν
1541 3835 1615 3898 ὡς
1635 3831 1808 3896 δειλὸς

227 3935 319 3989 διὰ
345 3935 438 3989 τὸν
466 3934 629 4005 φόϐον
670 3932 779 3986 τῶν
819 3930 1090 3985 Ἰουδαίων
1116 3929 1295 4001 (λέγω
1320 3929 1375 3983 δὲ
1409 3928 1519 3983 τῶν
1546 3926 1737 3981 παθῶν
1766 3926 1800 3998 ἢ

228 4028 341 4082 τῶν
382 4027 654 4099 δαιμόνων
696 4024 796 4089 τὰς
833 4020 1178 4095 προσϐολὰς)
1228 4023 1403 4092 φειδοῖ
1448 4022 1547 4094 τῆς
1607 4019 1810 4092 σαρκὸς

230 4119 688 4192 παραιτούμενος,
720 4111 767 4187 ᾧ
798 4116 941 4189 μέγα
977 4114 1113 4187 πρὸς
1153 4112 1423 4185 ἀποδοχὴν
1448 4114 1553 4168 κᾶν
1581 4109 1643 4166 τὺ
1670 4109 1812 4165 καλὰ

231 4213 452 4289 φρονεῖν
498 4212 627 4284 περὶ
671 4210 908 4284 Χριστοῦ
967 4210 1063 4266 καὶ
1104 4208 1179 4280 μὴ
1220 4203 1577 4279 βλασφήμους
1622 4203 1813 4276 προίε-

231 4306 358 4361 σθαι
386 4304 599 4375 λόγους.

239 4487 339 4540 ἐκ
378 4484 484 4539 τοῦ
527 4484 715 4540 αὑτοῦ
772 4485 983 4555 λόγου,
1037 4486 1124 4551 εις
1167 4483 1257 4538 τόθ
1296 4480 1464 4536 (Κᾶν
1487 4480 1683 4547 Μαρία
1714 4494 1806 4544 τις

298 4570 397 4649 ᾖςο
451 4576 565 4631 κᾶν
623 4576 663 4644 ἡ
714 4576 872 4644 ἄλλη
930 4575 1148 4642 Μαρία,
1207 4571 1325 4625 κᾶν
1383 4569 1657 4636 Σαλώμη,
1691 4566 1808 4620 κᾶν

1981 3362 2269 3406 nocturnus
2296 3352 2389 3407 ille
2425 3352 2522 3407 Dei
2548 3352 2740 3422 cultor,
2771 3355 3071 3425 funebribus
3101 3359 3379 3428 unguentis
3409 3360 3493 3431 ip-

1977 3462 2095 3500 sum
2132 3463 2270 3517 unge
2299 3455 2349 3501 ς.
2386 3464 2403 3499 ι

1980 3557 2335 3625 Nicodemus,
2382 3570 2691 3617 nocturnus
2733 3562 2830 3617 Dei
2878 3564 3077 3628 cultor,
3107 3572 3162 3617 et
3196 3564 3490 3635 unguentis

1909 3646 2116 3705 Christi
2163 3665 2366 3721 corpus
2412 3668 2723 3723 praeparans
2756 3654 2825 3709 ad
2870 3656 3227 3724 sepulturam,
3276 3656 3489 3727 estqui

1910 3754 2094 3797 mente
2125 3743 2348 3814 quidem
2377 3744 2443 3798 ad
2474 3746 2915 3816 cognoscendum
2946 3746 3223 3802 Christum
3253 3748 3412 3803 fortis
3433 3756 3491 3804 et

1909 3834 2145 3907 impiger
2183 3846 2289 3901 est,
2336 3844 2393 3890 at
2433 3838 2811 3892 mandatorum
2854 3839 3329 3908 exsequendorum
3370 3850 3491 3897 stu-

1909 3928 2060 3982 dium
2088 3938 2149 3983 ut
2178 3929 2409 4001 ignavus
2430 3929 2497 3985 de
2520 3929 2835 3986 Iudaeorum
2864 3930 3224 4001 (passionum,
3244 3932 3489 4001 inquam,

1908 4022 1994 4077 vel
2027 4008 2334 4078 daamonum
2376 4024 2801 4096 ineursatioues)
2828 4034 2999 4090 metu,
3029 4026 3213 4081 carnis
3239 4040 3373 4080 cura
3400 4042 3491 4082 re-

1910 4124 2086 4178 cusat,
2106 4117 2193 4171 cui
2222 4133 2478 4189 magnum
2496 4126 2579 4171 est
2602 4117 2668 4171 ad
2686 4117 3218 4172 commendationem
3241 4120 3325 4174 vel
3353 4119 3493 4175 bene

1911 4205 1979 4262 de
2010 4206 2231 4263 Christo
2266 4210 2471 4265 sentire
2499 4225 2601 4265 nec
2630 4213 3034 4268 contumeliose
3057 4212 3125 4267 de
3154 4227 3220 4267 eo
3245 4211 3420 4283 loqui.

1913 4475 1999 4531 Ea:
2030 4475 2209 4528 eodem
2256 4491 2516 4541 sermone,
2561 4480 2613 4530 in
2662 4479 2799 4532 illud
2832 4496 2852 4535 :
2881 4499 2899 4531 ι
2945 4476 3003 4534 Si
3033 4479 3209 4535 Maria
3251 4482 3495 4552 quadam

1982 4569 2075 4629 sis,
2106 4566 2151 4620 si
2200 4566 2311 4621 alia
2342 4568 2536 4632 Maria,
2566 4572 2616 4621 si
2642 4566 2876 4634 Salome,
2906 4573 2954 4623 si
2992 4572 3227 4635 Joanna,
3260 4571 3495 4625 diluculo

313 4638 583 4732 ςΙιυάννιι,
641 4638 953 4737 δάκρυονον
1009 4638 1233 4735 όρθρία.
1291 4662 1413 4718 Ἴδε
1462 4661 1660 4729 πΓώτη
1705 4660 1810 4714 τὸν

1987 4657 2250 4729 lacrymas
2280 4659 2556 4729 profunde.
2602 4658 2709 4713 Fac
2752 4669 2810 4713 ut
2841 4663 3015 4733 prima
3055 4662 3322 4717 sublatum
3359 4662 3497 4733 lupi-

298 4761 479 4815 λίθον
503 4760 785 4829 ἠρμένον,
813 4758 1007 4829 τυχὸν
1030 4758 1099 4812 δὲ
1127 4758 1228 4811 και
1290 4756 1434 4823 τοὺς
1485 4753 1805 4825 ἀγγέλους,

299 4853 402 4907 καὶ
444 4852 688 4919 Ἰησοῦν
712 4852 901 4906 αὐτόν
924 4850 1057 4923 (52).
1097 4868 1116 4902 ι

301 4966 496 5039 Μαρία
542 4967 576 5037 ἡ
631 4965 845 5039 πρώτη,
876 4964 935 5032 ἐξ
963 4958 1030 5036 ἧς
1055 4961 1395 5031 ἐκϐέϐληκεν
1423 4960 1451 5013 ό
1482 4958 1640 5024 λόγος
1666 4957 1806 5011 ἑπτὰ

230 5056 513 5132 δαιμόνια,
562 5059 679 5113 ἐστὶ
720 5058 868 5112 πᾶσα
907 5054 1185 5129 πρακτικὴ
1211 5053 1382 5122 ψυχὴ,
1410 5050 1498 5105 διὰ
1526 5048 1619 5102 τοῦ
1651 5048 1806 5117 λόγου

228 5151 342 5206 τῶν
384 5148 759 5218 εὐαγγελικῶν
798 5147 1027 5202 ἐντολῶν
1076 5146 1174 5215 τῆς
1213 5142 1344 5215 περὶ
1378 5141 1470 5194 τὸν
1495 5139 1665 5194 αἰῶνα
1686 5137 1810 5192 τοῦ-

229 5259 324 5298 τον
355 5241 693 5314 καθαρθεῖσα
735 5239 1039 5310 πτοήσεως.
1084 5231 1471 5305 Ἐϐδοματικδς
1509 5231 1617 5300 γὰρ
1656 5223 1810 5291 οὗτος

229 5338 259 5391 ό
287 5335 449 5403 αἰὼν,
483 5338 548 5407 τῇ
572 5336 617 5368 ⁸⁸
646 5335 729 5399 είς
758 5331 950 5388 ἑαυτὸν
978 5328 1071 5384 τοῦ
1110 5327 1306 5401 χρόνου
1352 5321 1648 5395 περιελίξει
1674 5322 1812 5391 πλη-

306 5464 337 5505 ς
365 5453 564 5510 Joann.
604 5467 714 5518 xxx,
741 5449 831 5508 59.
906 5458 929 5487 τ
958 5447 1126 5504 Marc.
1156 5461 1267 5513 XVI,
1315 5442 1367 5508 l,
1401 5442 1455 5497 9.

300 5594 352 5627 “
376 5588 766 5665 Apographum
798 5590 930 5645 τῶν.

237 5714 429 5839 ne(Eild)
458 5713 630 5770 Idem.
656 5715 781 5769 ibid.
804 5727 924 5783 cap.
947 5710 1038 5776 24,
1063 5725 1118 5780 p.
1145 5708 1271 5775 864,
1319 5718 1451 5762 tom.
1478 5705 1660 5779 l,0pp.
1687 5704 1822 5761 edit.

316 5800 385 5839 ne
423 5820 439 5838 .

316 5800 439 5839 nea.

1984 4752 2123 4816 dem,
2155 4752 2368 4823 angelos
2393 4754 2552 4807 etiam
2583 4753 2828 4824 fortasse,
2859 4763 3017 4826 atque
3041 4756 3172 4809 adeo
3200 4756 3378 4810 Iesum
3416 4757 3497 4827 ip-

1981 4862 2099 4899 sum
2125 4844 2301 4899 uideas
2331 4854 2373 4899 ν.
2413 4864 2429 4897 ι

1989 4956 2173 5012 Prima
2205 4958 2391 5023 Maria,
2420 4974 2485 5013 ex
2517 4975 2623 5029 qua
2649 4958 2844 5014 Sermo
2870 4967 3079 5030 septem
3108 4952 3270 5031 eje‘cit
3294 4958 3498 5014 daamo-

1918 5048 2031 5115 nia,
2060 5057 2145 5105 est
2177 5051 2358 5106 omnis
2404 5052 2579 5105 activa
2625 5052 2825 5117 anima,
2856 5048 2954 5122 per
2986 5066 3295 5107 sermonem
3331 5046 3499 5105 evan;

1917 5142 2218 5213 gelieorum
2255 5140 2637 5196 mandatorum
2677 5158 2707 5196 a
2741 5141 3182 5197 consternatione
3214 5142 3358 5197 circa
3393 5140 3497 5195 hoc

1915 5251 2093 5290 aevum
2120 5244 2368 5306 purgata.
2398 5232 2854 5290 chdomaticum
2881 5234 3026 5290 enim
3055 5233 3159 5289 hoc
3183 5243 3268 5289 est
3295 5248 3496 5299 aevum,

1915 5328 2063 5397 quod
2112 5328 2374 5399 temporis
2419 5328 2477 5383 in
2529 5331 2772 5400 seipsum
2832 5327 3327 5384 circumvolutione
3362 5340 3467 5381 con

1518 5509 1751 5567 VAlll/E
1794 5508 2197 5573 LECTIONES.

1925 5706 2115 5831 Belli?
2143 5705 2290 5761 Idem
2326 5708 2476 5774 ibid.,
2509 5723 2628 5778 cap.
2656 5708 2745 5775 ΞΗ,
2772 5723 2827 5778 p.
2855 5706 2979 5771 864,
3009 5710 3147 5759 tom.
3179 5698 3199 5756 1
3226 5698 3364 5771 Opp.
3403 5696 3498 5756 ed.

2021 5792 2069 5830 te
2113 5816 2127 5831 .

2021 5792 2127 5831 tea.
