4080 6282
487 317 493 322 ’
576 368 752 436 ,1379-

1760 349 1822 408 S.
1861 344 2150 407 MAXIMI
2187 342 2698 408 CONFESSORIS

3708 350 3861 416 ’ΠΜ

590 490 923 550 summatur,
946 496 977 536 a
1011 493 1122 551 quo
1151 475 1348 532 Sermo
1377 463 1761 537 suimetipsius
1783 462 2026 519 cultores
2048 458 2181 516 libe-

2289 460 2575 530 ρούμενος,
2597 454 2808 527 οὗτινος
2840 462 3120 538 ἐλευθεροῖ
3136 468 3266 533 τοὺς
3296 469 3496 525 ἑαυτοῦ
3522 469 3800 532 θιασώτας
3835 474 3862 526 ό

591 587 696 640 rat,
720 589 886 646 supra
923 569 1110 628 omnia
1140 563 1465 636 temporalia
1497 577 1594 617 eos
1621 557 1849 614 omnino
1877 554 2174 608 collocans.

589 670 774 724 Altera
790 644 942 722 _vero
991 662 1162 720 Maria
1200 667 1286 716 est
1321 655 1502 711 omnis
1534 651 1717 708 anima
1750 644 2178 716 contemplativa

592 755 715 830 quae
768 775 912 814 verae
948 751 1282 826 cognitionis
1327 764 1432 818 ope
1478 742 1852 815 cognitionem
1890 752 2016 791 cum
2051 733 2180 789 Ser-

593 867 757 907 mone
807 867 906 921 per
952 847 1182 920 gratiam
1231 841 1336 898 sibi
1389 835 1663 909 quaesivit.
1711 832 1929 887 Salome
1971 835 2175 890 autem,

594 962 758 1016 quam
805 945 1240 1013 interpretantur
1283 935 1496 993 Pacem,
1534 929 1621 983 vel
1666 925 2058 986 Plenissimam,
2092 928 2191 975 est

594 1040 776 1095 omnis
822 1037 1004 1091 anima
1039 1029 1388 1104 passionibus
1421 1021 1652 1095 abjcctis
1702 1027 1917 1090 pacata,
1953 1024 2009 1070 et
2055 1028 2181 1084 pra-

593 1133 858 1188 cticarum
912 1129 1178 1182 virtutum
1227 1120 1385 1190 copia
1440 1116 1626 1173 carnis
1671 1112 1908 1184 cogitata
1955 1108 2181 1179 spiritus

593 1225 701 1297 legi
731 1222 1050 1293 subjiciens,
1084 1233 1180 1288 per
1222 1212 1596 1284 expletionem
1633 1221 1765 1262 vero
1795 1201 2181 1273 contemplati-

594 1291 788 1370 va'rum
831 1291 1200 1382 spiritualium
1237 1300 1632 1372 cogitationum
1667 1311 1852 1352 rerum
1888 1309 2010 1364 qua:
2038 1291 2182 1347 exsi-

595 1413 750 1463 stunt
782 1403 1152 1474 cognitionem
1181 1415 1282 1471 pro
1325 1395 1472 1452 virili
1514 1395 1790 1466 sapienter
1821 1388 2182 1460 comprehen-

595 1500 732 1556 dens
757 1505 932 1569 parte.
954 1496 1165 1551 Joanna
1187 1501 1397 1571 autem,
1420 1505 1542 1561 qua:
1563 1487 1874 1558 explicatur
1900 1480 2179 1544 Columba,

593 1593 805 1649 animal
831 1591 990 1657 mite,
1025 1589 1155 1646 bilis
1183 1601 1385 1659 expers
1409 1594 1467 1641 et
1494 1581 1816 1648 fecundum,
1851 1579 2034 1635 omnis
2064 1574 2183 1630 ani-

593 1699 684 1740 ma
731 1691 817 1739 est
857 1697 980 1752 quae
1032 1695 1132 1751 per
1183 1676 1667 1735 mansuetudinem
1712 1671 1869 1728 exuit
1913 1668 2177 1730 affectus,

2281 552 2478 621 Λόγος,
2512 553 2733 619 πάντως
2790 556 2993 622 αὐτοὺς
3053 560 3313 633 ὑπεράνω
3362 562 3539 628 τιθεὶς
3594 563 3706 617 τῶν
3763 565 3864 617 ὑπὸ

2280 645 2490 716 χρόνον.
2537 646 2604 702 Ἡ
2648 649 2706 703 δὲ
2753 649 2890 722 ἄλλη
2927 653 3120 725 Μαρία
3151 656 3272 709 ἐστὶ
3296 657 3448 712 πᾶσα
3476 657 3626 730 ψυχὴ
3659 658 3865 729 θεωρη-

2278 738 2429 807 τικὴ,
2459 739 2549 794 διὰ
2577 741 2830 812 γνώσεως
2856 745 3093 816 ἀληθοῦς
3117 747 3217 820 τὴν
3242 750 3386 820 πρὸς,
3409 750 3502 804 τὸν
3529 751 3691 820 λόγον
3726 752 3864 805 κατά

2279 830 2441 903 χάριν
2471 836 2789 908 κτησαμένη
2823 839 3169 908 συγγένειαν.
3206 843 3440 915 Σαλώμη
3471 845 3530 898 δέ
3555 846 3728 908 ἐστιν,
3747 846 3864 914 ἥτις

2282 922 2649 994 ἑρμηνεύεται
2709 928 2937 998 Εἰρήνη
2975 931 3007 1003 ἢ
3051 937 3466 1004 Πληρεστὰτη,
3510 940 3664 990 πᾶσα
3721 937 3865 1008 ψυχὴ

2281 1012 2371 1118 δια
2419 1014 2521 1084 μὲν
2551 1015 2847 1118 (251—0)
2892 1021 2995 1092 τῆς
3037 1023 3310 1096 ἀποϐολῆς
3343 1026 3454 1079 τῶν
3482 1027 3673 1080 παθῶν
3716 1029 3866 1098 εἰρησ

2283 1109 2536 1168 νεύουσα,
2569 1109 2665 1161 καὶ
2705 1112 2771 1181 τῇ
2815 1112 3106 1183 περιουσίᾳ
3143 1115 3252 1169 τῶν
3299 1119 3628 1190 πρακτικῶν
3653 1119 3865 1190 ἀρετῶν

2280 1197 2342 1250 τὸ
2374 1200 2632 1272 φρόνημα
2653 1205 2754 1274 τῆς
2785 1203 2989 1276 σαρκὸς
3017 1207 3444 1274 καθυποτάξασα
3473 1210 3553 1281 τῷ
3591 1211 3744 1280 νόμῳ
3775 1210 3864 1264 τοῦ

2284 1290 2620 1362 πνεύματος,
2657 1293 2746 1348 διὰ
2785 1293 2844 1348 δὲ
2892 1295 2994 1367 τῆς
3039 1297 3376 1368 πληρώσεως
3409 1299 3520 1353 τῶν
3553 1300 3698 1353 κατᾶ
3732 1299 3862 1354 θεω-

2283 1383 2407 1457 ρίαν
2440 1386 2832 1457 πνευματικῶν
2864 1390 3154 1461 νοημάτων
3181 1392 3284 1464 τὴν
3322 1392 3432 1448 τῶν
3467 1393 3642 1447 ὄντων
3668 1394 3862 1462 γνῶσιν

2283 1477 2428 1532 κατά
2475 1478 2538 1532 τὸ
2585 1478 2817 1535 δυνατὸν
2877 1482 3061 1552 σοφῶς
3097 1482 3492 1555 ⁴ιαριλαόοῦιιίι.
3537 1486 3764 1540 Ὶωάννα
3808 1485 3860 1540 δέ

2281 1573 2452 1636 ἐστιν,
2493 1573 2616 1644 ἥτις
2659 1574 3024 1647 ἑρμηνεύεται
3055 1575 3401 1645 περιστερὰ,
3423 1576 3487 1631 τὺ
3521 1581 3701 1648 πρᾶον
3731 1579 3863 1643 ξῦον

2283 1666 2376 1720 καὶ
2417 1666 2611 1738 ἄχολον
2645 1668 2740 1723 καὶ
2782 1667 3101 1739 πολύγονον,
3135 1671 3287 1725 πᾶσα
3329 1671 3478 1744 ψυχὴ
3507 1671 3598 1726 διὰ
3627 1672 3860 1743 πραότηο

595 1785 763 1848 atque
785 1774 1012 1846 spiritus
1032 1774 1088 1828 in
1113 1772 1427 1845 cognitione
1451 1767 1847 1826 fecunditatem
1877 1762 2180 1817 ferventem

2289 1774 2374 1820 τος
2405 1757 2468 1810 τὸ
2500 1757 2746 1828 ἐμπαθὲς
2786 1759 3122 1832 ἀποθεμένη,
3149 1761 3242 1815 καὶ
3270 1759 3370 1833 τὴν
3392 1763 3453 1814 ἐν
3475 1761 3678 1831 γνώσει
3710 1763 3862 1816 πολυ-

597 1847 784 1928 habet.
833 1869 927 1925 Hae
979 1857 1166 1924 autem
1218 1882 1381 1922 mane
1435 1866 1590 1929 flent,
1638 1863 1746 1918 hoc
1790 1866 1877 1916 est
1920 1857 2181 1928 lacrymas

2289 1850 2474 1920 γονῐαν
2515 1851 2610 1906 τοῦ
2651 1851 2966 1924 πνεύματος
3007 1853 3272 1925 διάπυρον
3324 1853 3547 1925 ἔχουσα.
3602 1847 3774 1907 Λῦται
3809 1853 3861 1908 δὲ

597 1963 876 2036 gnosticas
927 1959 1310 2033 profundunt,
1364 1957 1496 2012 dum
1548 1957 1872 2012 Sermonem
1931 1955 2181 2022 quaerunt

2289 1942 2614 2016 δακρύουσιν
2663 1943 2917 2018 ὄρθριαι,
2973 1946 3223 2000 τουτέστι
3285 1945 3504 2018 δάκρυα
3570 1946 3861 2016 προχέουσι

595 2057 778 2113 omnis
806 2056 1030 2112 virtutis
1061 2062 1120 2110 et
1158 2052 1492 2124 cognitionis
1527 2063 1804 2105 summum
1853 2043 2183 2117 principem.

596 2153 662 2206 Et
703 2151 894 2221 prima:
921 2149 1114 2205 vident
1152 2146 1393 2218 lapidem
1427 2144 1494 2200 de
1523 2145 1691 2214 janua
1721 2136 1958 2212 sepulcri
2002 2134 2188 2192 subla-

596 2253 738 2311 tum,
771 2245 877 2300 hoc
899 2250 984 2298 est
1007 2238 1365 2296 obscuritatis
1392 2235 1677 2293 Sermonis
1701 2249 1824 2303 qua:
1849 2228 2005 2286 cordi
2032 2227 2188 2282 incu-

595 2340 692 2397 bat
726 2337 1170 2399 indurationcm;
1202 2330 1406 2388 deinde
1452 2328 1696 2400 angelos,
1734 2326 1841 2380 hoc
1887 2330 1972 2378 est
2020 2328 2183 2375 natu-

597 2432 742 2488 rales
773 2441 957 2484 rerum
993 2440 1117 2496 qua:
1145 2421 1424 2478 exsistunt
1452 2419 1509 2473 in
1538 2417 1734 2489 spiritu
1763 2414 2026 2478 rationes,
2056 2409 2184 2466 Ser-

596 2539 818 2579 monem
863 2534 1050 2576 rerum
1086 2517 1473 2574 universarum
1503 2525 1728 2568 causam
1770 2506 1935 2564 tacite
1977 2503 2183 2578 praedi-

596 2621 808 2670 cantes.

949 2794 1073 2852 Alia
1099 2795 1155 2850 in
1185 2789 1398 2865 angelos
1433 2784 1829 2858 contemplatio.

671 2909 768 2968 Vel
818 2925 989 2966 sacrm
1036 2885 1336 2979 Scriptura:
1379 2878 1664 2960 sermones
1710 2898 1805 2971 qui
1853 2886 2187 2970 apertiorem

2284 2036 2582 2105 γνωστικά,
2620 2036 2886 2110 ζητοῦσαι
2927 2037 3021 2093 τὸν
3065 2039 3251 2110 πάσης
3283 2039 3487 2111 ἀρετῆς
3516 2057 3574 2092 τε
3603 2040 3702 2092 καὶ
3729 2039 3862 2108 γνώ-

2286 2145 2425 2194 σεως
2470 2129 2852 2203 ἀρχικώτατον
2900 2131 3096 2203 Λόγον.
3144 2134 3257 2188 Καὶ
3305 2133 3525 2206 πρῶτον
3567 2133 3737 2203 ὁρῶσι
3777 2132 3863 2186 τὸν

2283 2218 2435 2275 λίθον
2467 2223 2533 2276 ὲκ
2558 2223 2658 2295 τῆς
2697 2223 2871 2296 θύρας
2900 2225 3142 2298 ἠρμένον
3169 2225 3264 2280 τοῦ
3301 2227 3595 2297 μνημείου,
3618 2226 3863 2279 τουτέστι

2287 2316 2387 2390 τὴν
2413 2317 2771 2391 ἐπικειμένην
2803 2322 2872 2392 τῇ
2913 2318 3112 2392 καρδίᾳ
3138 2319 3237 2391 τῆς
3268 2319 3539 2388 ἀσαφείας
3565 2317 3658 2373 τοῦ
3693 2319 3862 2387 Λόγου

2289 2408 2582 2478 πώρωσιν·
2627 2408 2750 2466 εἶτα
2795 2412 2926 2478 τοὺς
2977 2412 3278 2483 ἀγγέλους,
3318 2409 3565 2464 τουτέστι
3625 2411 3752 2472 τοῦς
3809 2412 3863 2463 ἐν

2289 2505 2566 2577 πνεύματι
2607 2505 2718 2560 τῶν
2757 2506 2930 2562 όντων
2979 2506 3249 2578 φυσικοὺς
3297 2503 3516 2574 λόγους,
3561 2507 3740 2576 σιωπῇΙ
3769 2523 3863 2575 κη-

2293 2595 2588 2669 ρύττοντας
2606 2597 2699 2652 τὸν
2729 2597 3014 2653 παναίτιον
3038 2597 3233 2669 Λόγον.
3519 2596 3522 2598 ’

2514 2756 2724 2837 ’Ἄλλο
2750 2781 3022 2855 θεώρημα
3043 2785 3131 2850 εἷς
3154 2783 3298 2852 τοὺς
3324 2784 3641 2856 ἀγγέλους·

2361 2896 2433 2950 ’Ἡ
2462 2895 2590 2960 τοὺς
2627 2894 2823 2965 λόγους
2852 2898 2954 2966 τῆς
2988 2897 3154 2967 ἁγίας
3199 2898 3448 2970 Γραφῆς,
3476 2899 3577 2970 τὴν
3615 2899 3745 2970 περὶ
3778 2899 3864 2952 τοῦ

598 3005 685 3061 eis
709 3004 778 3060 de
809 3003 1035 3060 Christo
1076 3011 1137 3058 ut
1167 3003 1280 3057 Deo
1309 3008 1366 3054 et
1390 2997 1634 3063 homine,
1664 2993 1718 3048 id
1762 3000 1848 3048 est
1876 2991 1944 3046 de
1976 2988 2181 3044 theolo-

2289 2989 2526 3062 Χριστοῦ
2567 2989 2643 3054 ώς
2684 2988 2822 3044 Θεοῦ
2871 2990 2969 3044 καὶ
3015 2989 3330 3063 ἀνθρώπου,
3378 2993 3547 3063 ἦγουν
3587 2991 3685 3063 τὴν
3746 2991 3866 3062 πρὶ

599 3099 689 3170 gia
721 3107 884 3170 atque
915 3095 1104 3152 divino
1139 3089 1539 3148 incarnationis
1572 3085 1808 3144 consilio
1847 3083 2058 3154 prabet
2101 3082 2181 3136 in-

2289 3083 2569 3153 θεολογίας
2598 3085 2694 3137 καὶ
2733 3083 3072 3152 οἰκονομίας,
3103 3085 3437 3156 τρανοτέραν
3478 3085 3673 3148 αὐταῖς
3713 3101 3866 3155 mser

600 3191 1078 3262 terpretationem.
1121 3187 1298 3243 Unum
1332 3184 1480 3240 enim
1529 3189 1722 3237 narrat
1763 3175 2050 3247 Scriptura
2095 3190 2181 3230 eas

2291 3176 2552 3248 χομένους
2608 3173 2839 3232 ἔννοιαν.
2893 3177 3031 3229 Ἕνα
3088 3175 3196 3248 γάρ
3236 3193 3402 3248 φησιν
3445 3178 3475 3230 ό
3512 3175 3671 3245 λόγος
3704 3175 3865 3238 αὐτὰς

599 3284 805 3339 vidisse
837 3281 1002 3352 capiti
1035 3287 1332 3343 astantem,
1376 3285 1433 3333 et
1485 3276 1719 3330 alterum
1756 3271 1822 3327 ad
1862 3270 2052 3342 pedes.
2089 3268 2181 3323 Et-

2294 3268 2601 3338 ἑωρακέναι
2640 3269 2778 3341 πρὸς
2806 3270 2873 3340 τῇ
2910 3269 3144 3341 κεφαλῇ,
3168 3270 3262 3324 καὶ
3297 3269 3393 3323 ἕνα
3418 3269 3557 3341 πρὸς
3585 3272 3698 3333 τοῖς
3722 3269 3860 3321 ποτε.

601 3375 752 3428 enim
776 3373 871 3444 qui
901 3371 1066 3442 capiti
1097 3379 1275 3426 astare
1305 3367 1596 3439 theologia:
1623 3379 1936 3422 sermonem
1964 3369 2181 3433 propter

2293 3359 2440 3430 Πρὸς
2472 3361 2539 3431 τῇ
2585 3360 2799 3432 κεφαλῇ
2834 3360 2945 3432 γὰρ
3011 3355 3156 3414 εῖναι
3191 3360 3282 3415 τὸν
3330 3360 3430 3430 τῆς
3474 3360 3755 3427 θεολογίας
3780 3359 3862 3411 λό-

601 3467 810 3524 Christi
871 3467 1168 3531 deitatem,
1224 3463 1461 3536 pedibus
1521 3470 1702 3517 astare
1763 3455 2181 3529 dispensationis

2301 3470 2398 3523 γον
2448 3453 2536 3507 διὰ
2587 3453 2688 3526 τὴν
2741 3453 2970 3526 θεότητα
3023 3453 3120 3508 τοῦ
3172 3454 3436 3528 Χριστοῦ,
3471 3454 3610 3525 πρὸς
3667 3454 3724 3508 δὲ
3760 3455 3864 3516 τοῖς

605 3569 833 3634 pr0pter
861 3559 1319 3622 incarnationem,
1347 3565 1401 3613 et
1421 3551 1743 3626 quiChristi
1769 3551 1996 3624 quidem
2026 3557 2181 3620 caput

2293 3547 2422 3601 ποσὶ
2449 3548 2539 3602 τὸν
2565 3547 2667 3619 τῆς
2697 3548 3012 3621 οἰκονομίας
3035 3548 3126 3603 διὰ
3147 3548 3248 3621 τὴν
3275 3548 3579 3618 σάρκωσιν,
3610 3547 3708 3601 καὶ
3736 3548 3862 3617 Χρι-

604 3654 948 3711 divinit’atem
980 3653 1120 3726 ejus,
1167 3649 1336 3722 pedes
1363 3647 1766 3704 humanitatem
1807 3644 1926 3717 ejus
1965 3641 2181 3708 dixerit,

2292 3640 2419 3693 στοῦ
2453 3639 2552 3712 μὲν
2582 3641 2822 3715 κεφαλὴν
2854 3641 2955 3715 τὴν
2988 3641 3218 3714 θεότητα
3249 3639 3438 3710 αὑτοῦ,
3471 3641 3642 3706 πόδας
3687 3641 3741 3694 δὲ
3773 3639 3863 3710 τὴν

603 3746 653 3804 is
683 3761 714 3802 a
741 3761 873 3802 vero
897 3761 1008 3800 non
1031 3742 1338 3800 aberrabit.

2289 3731 2687 3806 ἀνθρωπότητα
2713 3733 2880 3789 αὑτοῦ
2907 3735 3081 3805 λέγων
3103 3752 3187 3801 τις
3213 3734 3307 3788 τοῦ
3335 3733 3547 3799 εἰκότος
3573 3733 3674 3805 ούχ
3697 3733 3862 3804 ἀμαρ-

2287 3825 2538 3896 στήσεται.

953 4013 1077 4070 Alia
1105 4015 1161 4068 in
1197 4010 1406 4066 eosdem
1443 4007 1838 4079 contemplatio.

675 4132 774 4190 Vel
821 4130 1076 4194 fortasse,
1123 4127 1270 4182 circa
1304 4122 1525 4195 pietatis
1562 4135 1873 4176 sermonem
1922 4118 2197 4175 motiones

608 4226 665 4280 in
693 4220 1030 4279 conscientia
1075 4218 1302 4289 angelos
1333 4230 1478 4279 esse,
1513 4220 1738 4284 propter
1769 4211 2068 4282 perfectam
2097 4227 2197 4266 nc-

609 4316 799 4388 quitiae
837 4323 894 4369 et
937 4310 1258 4383 ignorantiae
1288 4306 1708 4378 depositionem,
1754 4303 2198 4359 intellectualiter

609 4410 695 4466 eis
727 4406 1086 4478 praedicantes
1115 4400 1399 4459 Sermonis
1424 4400 1496 4455 ob
1529 4398 1833 4469 nequitiam
1861 4396 1991 4453 olim
2026 4396 2084 4451 in
2109 4397 2195 4468 ip-

610 4499 690 4556 sis
751 4496 1063 4554 mortificati
1134 4492 1619 4551 resurrectionem.
1679 4491 1858 4560 Atque
1919 4498 2197 4560 postremo

613 4592 794 4664 ipsum
837 4589 1029 4646 vident
1073 4587 1397 4645 Sermonem
1441 4584 1588 4640 clare
1629 4582 1712 4639 eis
1755 4580 2195 4645 manifestatum,

611 4686 733 4742 sine
785 4683 1048 4758 symbolis
1111 4693 1169 4740 et
1216 4680 1587 4754 imaginibus,
1643 4687 1808 4748 atque
1864 4673 2194 4746 intelligibili

506 4801 526 4816 ο
613 4777 814 4851 gaudio
842 4777 1146 4848 replentem
1184 4773 1584 4831 intellectuales
1611 4786 1802 4828 earum
1832 4783 2049 4825 sensus.

616 5060 702 5116 Ea:
733 5061 912 5114 eodem
944 5071 1203 5123 sermone,
1233 5056 1289 5109 in
1317 5052 1454 5109 illud
1483 5068 1502 5107 :
1533 5071 1551 5104 ι
1581 5051 1801 5107 Petrum
1824 5050 1905 5105 vel
1934 5048 2196 5105 Joannem

688 5153 899 5207 imitare
945 5158 968 5186 '
994 5190 1010 5216 ,
1043 5149 1112 5204 ad
1149 5146 1453 5218 sepulcrum
1500 5161 1749 5218 propera,
1786 5143 1946 5198 simul
1979 5159 2043 5196 ac
2081 5158 2198 5196 cer-

687 5242 842 5364 flatim
884 5255 1122 5307 currens,
1159 5248 1317 5309 atque
1358 5238 1577 5292 honesta
1610 5233 1950 5291 wmulatione
1981 5241 2198 5288 conten-

725 5327 834 5364 ens.
869 5330 886 5360 ι

725 5327 834 5364 ειιδ.
869 5330 886 5360 ι

686 5423 884 5480 Petrus
909 5419 1135 5493 quidem
1166 5429 1253 5476 est
1279 5418 1459 5475 omnis
1482 5418 1647 5475 homo
1679 5418 1776 5490 qui
1804 5415 1929 5473 ﬁdei
1956 5417 2014 5472 in
2041 5414 2200 5474 Chri-

615 5527 760 5574 stum
791 5515 1196 5571 firmamentum
1216 5526 1317 5583 per
1338 5511 1465 5567 vita:
1491 5511 1760 5567 rationem
1792 5509 1898 5566 sibi
1923 5509 2195 5580 acquirit;

614 5611 856 5668 Joannes
879 5622 1013 5663 vero
1051 5604 1148 5677 qui
1177 5613 1404 5678 propter
1445 5603 1673 5660 multam
1718 5601 2197 5660 mansuetudinem

683 5733 708 5764 ι
738 5721 899 5778 Joan.
929 5737 1020 5780 xx.
1052 5719 1105 5774 '5.

2569 4011 2762 4066 Ἀλλο
2799 4010 3070 4082 θεώρημα
3091 4013 3179 4079 εἰς
3202 4011 3344 4081 τοὺς
3369 4012 3616 4078 αὐτούς.

2371 4121 2441 4174 Ἢ
2473 4120 2636 4192 τυχὸν
2667 4121 2768 4186 τὰς
2801 4122 2945 4178 κατά
2979 4123 3284 4195 συνείδησιν
3306 4122 3437 4190 περὶ
3465 4122 3562 4177 τὸν
3592 4122 3749 4187 λόγον
3775 4121 3865 4188 τῆς

2295 4211 2582 4278 εὐσεϐείας
2633 4214 2881 4286 κινήσεις
2937 4211 3079 4268 εἶναι
3133 4213 3262 4278 τοὺς
3319 4212 3612 4283 ἀγγέλους,
3638 4212 3727 4265 διὰ
3776 4210 3867 4281 τὴν

2297 4306 2537 4377 παντελῆ
2581 4307 2683 4378 τῆς
2733 4309 2933 4372 κακίας
2996 4325 3057 4362 τε
3108 4308 3202 4362 καὶ
3247 4307 3525 4376 ἀγνωσίας
3566 4305 3865 4373 amus-

2298 4399 2678 4470 κηρυττούσας
2721 4401 2916 4466 αὐταῖς
2962 4401 3174 4472 νοητῶς
3218 4399 3314 4454 τοῦ
3365 4399 3500 4452 ποτὲ
3553 4399 3643 4452 διὰ
3681 4399 3867 4451 κακίαν

2299 4492 2356 4545 ὲν
2388 4492 2601 4556 αύταῖς¹
2643 4493 3018 4564 νεκρωθέντος
3039 4495 3223 4562 Λόγου
3264 4491 3365 4564 τὴν
3417 4491 3739 4546 ἀνάστασιν.
3772 4487 3869 4541 Καὶ

2301 4584 2454 4649 τέλος
2492 4585 2655 4640 αὐτὸν
2696 4587 2869 4657 ὁρῶσι
2897 4587 2991 4640 τὸν
3032 4585 3206 4655 Λόγον
3232 4585 3532 4658 διαρρήδην
3558 4585 3748 4656 αὐταῖς
3781 4584 3870 4652 ἑμ-

2303 4677 2682 4748 φανιζόμενον,
2738 4678 3024 4748 συμὸόλων
3062 4677 3185 4750 δίχα
3234 4677 3330 4731 καὶ
3375 4675 3589 4742 τύπων,
3629 4676 3721 4729 καὶ
3748 4676 3870 4743 πλη-

2301 4767 2499 4842 ροῦντα
2550 4771 2723 4840 χαρᾶς
2761 4769 2957 4843 (251
2983 4770 3043 4843 b)
3094 4772 3292 4843 νοητῆς
3329 4770 3428 4835 τὰς
3459 4768 3652 4841 νοεράς
3703 4766 3870 4822 αὐτῶν

2299 4861 2596 4933 χωρήσεις.

2313 5045 2551 5108 ’Έκτοῦ
2581 5052 2770 5108 αὐτοῦ
2805 5055 3016 5125 λόγιον,
3059 5055 3148 5120 εἰς
3177 5052 3248 5107 τό
3276 5071 3291 5086 ο
3321 5051 3567 5117 (Terei)
3598 5051 3813 5120 Πέτρος
3835 5047 3870 5117 ἦ

2384 5139 2669 5209 Ἰωάννης
2681 5158 2696 5172 ·
2713 5141 2813 5195 ἐπὶ
2833 5142 2939 5195 τὸν
2952 5142 3146 5213 τάφον
3158 5142 3292 5196 ἐπεί
3292 5146 3485 5212 χθητι,
3503 5141 3872 5209 ἀνατρέχων,

2372 5235 2756 5306 συντρέχων,
2816 5235 2934 5306 τὴν
2984 5234 3188 5306 καλὴν
3240 5235 3512 5306 ἅμιλλαν
3554 5234 3873 5304 ἁμιλλώμε-

2369 5343 2478 5392 νος
2679 5346 2698 5380 ι

2377 5421 2585 5492 Πέτρος
2619 5420 2720 5492 μέν
2760 5423 2877 5476 ἐστι
2909 5423 3019 5486 πᾶς
3065 5420 3352 5494 ἄνθρωπος
3376 5422 3438 5475 τὸ
3473 5420 3757 5492 στερέωμα
3785 5419 3876 5488 τῆς

2306 5511 2385 5574 είς
2413 5511 2651 5584 Χριστὸν
2681 5513 2918 5579 πίστεως
2946 5513 3087 5568 κατά
3129 5516 3232 5586 τὴν
3276 5513 3626 5585 ἀναστροφὴν
3650 5510 3744 5566 τοῦ
3768 5510 3876 5582 βίου

2304 5604 2652 5676 κτησάμενος
2675 5602 2698 5638 ί
2750 5605 3007 5676 Ἰωάννης
3054 5604 3112 5660 δὲ
3148 5606 3177 5660 ό
3215 5603 3304 5660 διὰ
3355 5604 3640 5678 πραότητα
3683 5598 3876 5670 πολλὴν

689 5837 805 5909 (53')
837 5836 988 5892 ldem
1014 5837 1164 5906 ibid.,
1191 5852 1313 5909 cap.
1337 5837 1428 5907 24,
1452 5853 1507 5909 p.
1544 5837 1667 5906 864,
1693 5845 1825 5895 tom.
1857 5837 1879 5894 Ι
1906 5836 2045 5909 Opp.
2079 5837 2168 5895 ed.
2211 5836 2414 5894 Bened.
