4080 6282
256 391 389 457 1⁸381

1499 388 1737 447 AMBIG
1752 388 2019 450 UORUM
2060 390 2310 452 LIBER.

3368 399 3511 465 1582

248 508 346 560 καὶ
370 504 470 575 τὴν
501 505 563 556 ὲκ
601 501 805 573 ταύτης
849 499 1128 571 ἀκραιφνῆ
1160 497 1507 571 καθαρότητα
1555 500 1655 570 τῆς
1688 517 1827 572 καρ-

1945 510 2098 572 atque
2146 518 2338 572 puram
2388 504 2573 559 cordis
2619 506 2744 561 inde
2791 508 3161 564 sinceritatem
3208 525 3239 565 a
3282 511 3519 565 Domino

246 598 367 659 δίας
396 594 763 667 ἀγαπώμενος
793 593 871 664 τῷ
901 593 1081 665 Λόγῳ,
1117 594 1210 647 καὶ
1268 592 1358 646 διὰ
1384 593 1543 647 τοῦτο
1578 594 1703 656 τοὺς
1731 594 1831 664 τῆς

246 688 445 760 σοφίας
493 687 589 741 καὶ
629 686 729 757 τῆς
774 686 1029 755 γνώσεως
1078 686 1387 756 θησαυροὺς
1420 686 1830 756 πιστευόμενος,

246 781 345 834 καὶ
381 782 449 850 τῇ
478 780 570 832 ἐπὶ
600 778 662 831 τὸ
692 777 890 847 στῆθος
923 776 1239 831 ἁναπτώσει
1268 777 1325 843 ἐξ
1341 776 1513 848 αὐτῆς
1532 775 1626 831 τοῦ
1656 777 1831 845 Λόγου

245 873 348 943 τῆς
373 871 612 943 κρυφίας
648 870 905 941 θεότητος
934 872 1035 941 τὴν
1081 870 1179 939 τῆς
1216 868 1491 937 θεολογίας
1522 871 1832 940 κομισάμε-

246 981 339 1028 νος
362 964 613 1033 δύναμιν.
663 962 1063 1033 ’Λντιτρέχουσι
1091 962 1147 1014 δὲ
1190 960 1442 1031 ἀλλήλοις
1474 955 1641 1024 οὗτοι,
1674 963 1702 1014 6
1733 959 1832 1031 μὲν

246 1057 396 1111 κατὰ
423 1056 523 1126 τὴν
561 1055 818 1127 ἐνάρετον
862 1054 1063 1126 πρᾶξιν
1102 1054 1201 1125 τὴν
1231 1053 1323 1107 τοῦ
1355 1054 1545 1124 ἑτέρου
1594 1052 1831 1124 θεωρίαν

246 1148 472 1217 νικῆσαι
512 1146 855 1217 φιλονεικῶν,
902 1148 931 1199 ό
969 1147 1027 1199 δὲ
1056 1145 1196 1200 κατά
1226 1145 1327 1216 τὴν
1361 1143 1669 1215 γνωστικὴν
1699 1145 1834 1197 θεω-

249 1240 379 1309 ρίαν
407 1237 503 1309 τὴν
528 1238 725 1309 πρᾶξιν
745 1236 839 1291 τοῦ
858 1238 1019 1293 ἄλλου
1044 1237 1426 1309 παραδραμεῖν
1454 1236 1830 1307 ἐπειγόμενος.

246 1330 611 1403 Συντρέχουσι
641 1329 698 1383 δὲ
732 1330 877 1383 κατά
914 1330 1013 1401 τὴν
1048 1330 1305 1402 πρόθεσιν
1342 1330 1614 1401 ἀλλήλοις,
1644 1329 1842 1383 ἐκάτε·’

247 1440 343 1493 ρος
372 1421 599 1489 κατὰτὸ
634 1421 749 1475 ἴσον
793 1421 922 1493 περὶ
947 1421 1010 1475 τὸ
1053 1423 1254 1475 οἰκεῖον
1297 1420 1502 1490 ἀγαθὸν
1548 1419 1836 1491 εύοδούμε-

246 1532 360 1579 νος.

518 1697 711 1751 Ἀλλο
745 1696 1017 1766 θεώρημα
1045 1698 1132 1763 είς
1164 1695 1306 1762 τοὺς
1334 1695 1577 1762 αὐτούς.

322 1812 529 1883 Πέτρος
574 1811 632 1864 δέ
672 1812 786 1865 ἐστι
838 1810 1154 1875 πάλιν,λκαὶ
1194 1810 1466 1881 Ἰωάννης,
1502 1807 1733 1871 ἕκαστος
1757 1808 1844 1862 ἄν.

1939 593 2217 665 diligitur,
2269 598 2468 666 cuique
2516 607 2809 668 propterea
2852 600 3095 656 thesauri
3141 603 3421 674 sapientiae
3465 612 3522 658 et

1938 684 2268 754 cognitionis
2292 696 2418 741 sunt
2442 687 2659 754 crediti,
2682 699 2739 745 et
2766 692 2860 760 qui
2886 691 2951 745 ad
2980 702 3171 761 pectus
3198 694 3520 751 reclinando

1939 792 2004 831 ex
2046 777 2160 847 ipsa
2195 777 2477 835 Sermonis
2518 783 2731 837 occulta
2764 784 3050 839 divinitate
3088 786 3375 858 theologia:
3408 787 3519 841 vir-

1944 878 2113 923 tutem
2136 871 2322 925 refert.
2341 872 2663 951 .Occurrunt
2684 886 2865 931 autem
2895 877 2949 931 hi
2976 877 3081 932 sibi
3108 877 3363 943 invicem,
3386 881 3517 933 dum

1941 961 2029 1016 hic
2063 964 2364 1018 secundum
2397 968 2667 1022 actionem
2702 969 2923 1024 virtute
2953 970 3257 1025 institutam
3292 971 3519 1025 alterius

1938 1054 2456 1123 contemplationem
2510 1058 2730 1113 vincere
2784 1060 3003 1125 studet,
3071 1060 3161 1115 ille
3217 1061 3517 1115 secundum

1939 1147 2241 1216 gnosticam
2273 1150 2791 1219 contemplationem
2830 1153 3057 1209 alterius
3100 1154 3371 1208 actionem
3419 1169 3519 1208 an-

1941 1246 2214 1294 tevertcre
2260 1251 2537 1310 pmperat.
2568 1242 2919 1299 Concurrunt
2961 1262 3094 1300 vero
3135 1247 3241 1301 sibi
3286 1247 3519 1302 invicem

1941 1332 2244 1385 secundum
2297 1333 2751 1403 propositionem,
2799 1336 2928 1391 dum
2974 1346 3209 1408 uterque
3252 1354 3320 1393 ex
3362 1354 3521 1407 aequo

1940 1420 2087 1476 circa
2116 1422 2403 1493 proprium
2441 1423 2647 1479 bonum
2689 1425 2837 1483 felici
2886 1443 3069 1485 rerum
3105 1444 3361 1486 successu
3410 1428 3521 1485 uti-

1940 1518 2049 1567 tur.

2261 1696 2445 1753 Altera
2480 1700 2535 1753 in
2577 1698 2781 1753 eosdem
2814 1700 3204 1773 contemplatio.

2016 1810 2210 1867 Petrus
2236 1829 2367 1867 vero
2393 1830 2586 1869 rursus
2615 1824 2719 1879 est,
2750 1824 2807 1870 et
2846 1816 3106 1882 Joannes,
3139 1817 3319 1873 omnis
3357 1818 3525 1873 homo

247 1904 472 1975 θρωπος
522 1901 640 1973 Θεῷ
698 1900 1020 1972 πλησιάζειν
1077 1900 1401 1971 ἠξιωμένος,
1459 1900 1553 1953 καὶ⁵
1613 1898 1673 1951 τὸ
1737 1898 1835 1969 μὲν

1945 1902 2034 1971 qui
2067 1902 2181 1957 Deo
2207 1904 2654 1976 appropinquare
2702 1908 2924 1971 meruit,
2968 1908 3174 1979 quique
3220 1912 3523 1980 practicum

247 1994 558 2066 πρακτικὴν
585 1995 686 2065 τῆς
707 1992 889 2065 ψυχῆς
909 1989 1020 2046 οἷόν
1048 2010 1173 2047 τινα
1206 1993 1435 2065 Πέτρον,
1452 1991 1515 2045 τὸ
1541 1991 1598 2045 δὲ
1632 1990 1839 2063 θεωρη-

246 2092 402 2142 τικδν
425 2080 537 2141 οἷόν
554 2104 676 2141 τινα
728 2087 1001 2158 Ἰωάννην,
1047 2086 1299 2157 ἀλλήλοις
1351 2086 1494 2141 κατὰ
1542 2086 1635 2141 τὸν
1681 2084 1840 2154 λόγον

248 2182 394 2251 ἔχων
423 2180 807 2253 συντρέχοντα,
831 2180 955 2251 δίχα
984 2180 1085 2250 τῆς
1120 2179 1351 2251 θατέρου
1392 2180 1530 2252 πρὸς
1565 2179 1627 2232 τὸ
1652 2180 1841 2250 ἕτερον

246 2270 563 2343 ὑπερϐολῆς
630 2270 726 2325 καὶ
798 2270 1095 2342 ἐλλείψεως
1119 2289 1133 2302 ·
1195 2271 1291 2324 καὶ
1354 2270 1520 2326 πάλιν
1587 2269 1843 2341 ἀλλήλοις

248 2363 396 2417 κατὰ
444 2363 542 2435 τὴν
584 2363 843 2436 πρόθεσιν
885 2363 1271 2435 ἀντιτρέχοντα
1321 2362 1401 2435 τῷ
1451 2361 1581 2434 περὶ
1648 2361 1838 2417 ἑκάτε-

252 2471 347 2525 ρον
396 2454 553 2527 ἄκρῳ
609 2455 1095 2529 παραδραμεῖσθαι
1157 2454 1384 2527 θάτερον
1444 2454 1551 2510 ὑπὸ
1604 2454 1835 2526 θατέρου

247 2549 553 2620 νομίζεται.

258 2728 366 2783 Ἕκ
398 2726 507 2783 τοῦ
548 2727 756 2794 αὐτοῦ,
803 2729 891 2795 εἰς
943 2726 1042 2781 τόο
1077 2727 1243 2783 ιΚᾶν
1290 2726 1370 2794 ὡς
1421 2724 1624 2796 Θωμᾶς
1688 2726 1839 2781 ἀπο-

319 2819 576 2890 λειφθῆς
643 2819 763 2875 τῶν
803 2817 1087 2890 μαθητῶν
1137 2817 1227 2887 οἷς
1282 2818 1537 2887 Χριστὸς
1593 2818 1841 2888 ἐμφανι-

324 2913 498 2977 ζὲτιιι,
578 2912 725 2967 ὅταν
800 2912 937 2981 ἴδῃς
968 2953 985 2978 ,
1068 2911 1157 2982 μὴ
1255 2910 1623 2979 ἀπιστήσῃς.
1711 2909 1841 2964 Κᾶν

322 3003 694 3072 ἀπιστήσῃς,
754 3004 880 3069 τοῖς
928 3002 1181 3074 λέγουσι
1238 3004 1596 3057 πίστευσον.
1654 3005 1721 3057 El
1772 3002 1841 3055 δὲ

319 3097 408 3167 μὴ
472 3098 727 3164 τούτοις,
778 3099 903 3165 τοῖς
962 3097 1177 3163 τύποις
1228 3094 1348 3150 τῶν
1405 3095 1574 3164 ἥλων
1623 3094 1845 3149 πιστώ-

325 3195 457 3260 θητι
483 3191 617 3262 (54).
646 3210 665 3242 ι

1941 1992 2138 2047 anima:
2184 1994 2428 2049 studium
2476 1996 2543 2050 ad
2594 1998 2741 2052 Petri
2796 1998 2987 2063 instar,
3039 2002 3526 2071 contemplativum

1941 2098 2074 2138 vero
2099 2084 2166 2139 ad
2193 2085 2419 2143 Joannis
2448 2088 2644 2154 instar,
2677 2089 2910 2145 invicem
2936 2090 3042 2147 sibi
3070 2094 3374 2148 secundum
3404 2109 3525 2149 ser-

1943 2191 2163 2231 monem
2218 2181 2603 2236 concurrentia
2653 2182 2855 2248 habet,
2924 2184 3078 2240 nullo
3130 2185 3359 2240 alterius
3414 2201 3528 2256 pm

1943 2266 2116 2321 altero
2153 2283 2381 2324 excessu
2429 2280 2523 2325 aut
2576 2271 2815 2329 defectu.
2863 2275 3044 2345 Atque
3089 2292 3282 2332 rursus
3332 2276 3527 2332 eadem

1943 2358 2051 2414 si‘bi
2086 2359 2322 2416 invicem
2370 2362 2673 2417 secundum
2709 2365 3140 2434 propositionem
3179 2369 3527 2427 occurrentia

1943 2453 2270 2518 creduntur,
2311 2471 2436 2512 cum
2481 2465 2713 2528 uterque
2746 2467 3042 2530 utrumque
3074 2475 3173 2516 sua
3214 2468 3530 2516 antevertat

1942 2546 2287 2603 excellentia.

1946 2726 2031 2782 Ex
2060 2726 2260 2792 eodem,
2296 2728 2349 2781 in
2376 2725 2511 2780 illud
2536 2744 2552 2781 :
2584 2747 2600 2777 ι
2632 2726 2783 2792 Quod
2813 2732 2858 2783 si
2888 2730 3094 2785 Thomw
3125 2733 3296 2786 instar
3322 2751 3355 2788 a
3396 2741 3530 2788 cata

2016 2820 2413 2891 discipulorum,
2449 2821 2631 2887 quibus
2677 2824 2926 2891 apparuit
2974 2823 3235 2888 Christus,
3272 2825 3527 2895 abfueris.

2018 2922 2361 2984 posteaquam
2392 2913 2579 2966 videris
2637 2930 2700 2965 ne
2743 2914 2816 2966 rei
2845 2912 3001 2981 ﬁdem
3036 2914 3271 2985 abroges.
3304 2913 3457 2979 Quod
3481 2914 3531 2970 si

2018 3001 2074 3055 id
2102 3001 2191 3054 tibi
2218 3000 2375 3069 ﬁdem
2418 3018 2521 3053 nou
2569 3002 2715 3071 facit,
2749 2986 3091 3058 narrantibus
3117 3004 3308 3058 saltem
3351 3004 3525 3058 crede.

2015 3094 2071 3149 Si
2102 3112 2165 3149 ne
2206 3096 2285 3149 Ιιίδ
2322 3096 2551 3165 quidem,
2583 3105 2638 3148 ut
2679 3106 2815 3150 certe
2864 3095 3135 3151 clarorum
3165 3100 3528 3170 impressioni-

2016 3188 2109 3243 bus
2133 3188 2291 3259 ﬁdem
2320 3190 2449 3243 habe
2482 3192 2523 3244 ι.
2567 3209 2585 3240 ι

325 3304 527 3375 Θωμᾶς
576 3302 939 3376 ἑρμηνεύεται
988 3301 1259 3372 δίδυμος,
1313 3301 1341 3355 ὃ
1379 3301 1495 3354 ἐστι
1543 3299 1840 3370 δισταγμδς

2016 3304 2255 3359 Thomas
2300 3305 2604 3374 explicatur
2647 3307 2904 3375 geminus,
2940 3304 3087 3376 quod
3140 3314 3223 3361 est
3255 3305 3529 3363 dubitatio

254 3400 289 3472 ᾖ
314 3399 584 3464 διστάζων
613 3402 725 3464 τοῖς
759 3399 1065 3469 λογισμοῖς,
1094 3399 1189 3452 καὶ
1234 3398 1323 3452 διὰ
1348 3397 1509 3451 τοῦτο
1542 3399 1711 3469 χωρὶς
1744 3396 1843 3467 τῆς

253 3492 365 3547 τῶν
397 3493 585 3547 τύπων
630 3493 740 3546 τῶν
789 3492 936 3564 ἥλων
975 3491 1347 3563 ψηλαφήσεως
1383 3489 1519 3562 μηδὲ
1570 3487 1843 3543 πιστεύων

255 3586 541 3656 γεγονέναι
570 3584 662 3639 τοῦ
691 3586 865 3654 Λόγου
894 3585 990 3656 τὴν
1023 3586 1342 3639 ἀνάστασιν.
1375 3583 1576 3653 Θωμᾶς
1605 3578 1696 3637 οὖν
1728 3583 1845 3634 ἐστι

255 3683 369 3744 πᾶς
398 3678 742 3742 διστακτικὺς
793 3678 1079 3750 ἄνθρωπος
1123 3678 1223 3749 τὴν
1251 3676 1344 3731 τοῦ
1387 3679 1445 3731 ὲν
1488 3676 1637 3748 αὐτῷ
1670 3676 1843 3744 Λόγου

257 3775 361 3847 τῆς
390 3775 593 3847 ἀρετῆς
664 3774 757 3827 καὶ
808 3772 907 3845 τῆς
946 3770 1201 3842 γνώσεως
1244 3771 1428 3843 (252
1477 3770 1530 3842 a)
1599 3770 1844 3839 γίνεσθαι

258 3869 537 3933 δυσκόλως
594 3867 865 3921 πιστεύων
923 3866 1255 3931 ἀνάστασιν,
1324 3867 1505 3919 ὅντινα
1567 3863 1729 3934 μόνον
1790 3864 1845 3916 αἱ

264 3961 478 4033 μνῆμαι
530 3960 637 4014 τῶν
684 3958 1099 4031 προγεγονότων
1146 3957 1580 4028 ἁμαρτημάτων,
1621 3954 1847 4018 ἀπαθῶς

260 4050 605 4122 τυπούμεναι
651 4050 795 4105 κατὰ
843 4048 1103 4114 διάνοιαν,
1161 4046 1409 4101 πείθουσι
1461 4046 1555 4101 τοῦ
1600 4047 1657 4099 ὲν
1697 4045 1848 4123 αύτῷ

263 4144 413 4198 θείου
447 4144 622 4213 Λόγου
660 4143 920 4210 δέξασθαι
969 4140 1069 4213 τὴν
1097 4141 1420 4208 ἀνάστασιν,
1460 4141 1556 4194 καὶ
1583 4138 1851 4211 ὁμολογῆ-

264 4256 359 4292 σαι
403 4238 564 4292 αὑτὸν
625 4236 832 4308 Κύριον
880 4236 977 4290 καὶ
1025 4235 1157 4289 Θεόν
1188 4252 1203 4265 ο
1231 4236 1437 4308 Κύριον
1481 4234 1581 4305 μὲν
1626 4233 1703 4298 ὡς
1748 4233 1850 4304 τῆς

265 4332 414 4387 κατὰ
442 4332 643 4403 πρᾶξιν
686 4330 1024 4400 τελειότητος
1054 4329 1373 4402 νομοθέτην,
1406 4330 1537 4383 Θεὸν
1560 4328 1616 4382 δὲ
1646 4328 1719 4392 ὡς
1749 4328 1851 4398 τῆς

1944 3398 2029 3453 vel
2062 3398 2321 3453 dubitans
2350 3406 2551 3462 mente,
2584 3409 2639 3451 et
2674 3406 2961 3468 propterea
2991 3398 3267 3452 clavorum
3297 3398 3529 3469 impres-

1944 3490 2195 3545 sionibus
2230 3508 2339 3545 non
2376 3491 2730 3545 contrectatis
2761 3506 2864 3546 nec
2907 3492 3273 3547 resurrexisse
3309 3492 3530 3547 Sermo-

1944 3600 2071 3639 nem
2105 3585 2356 3639 credens.
2409 3585 2647 3640 Thomas
2692 3584 2859 3655 igitur
2907 3596 2994 3641 est
3036 3587 3216 3641 omnis
3260 3586 3426 3641 homo
3471 3586 3527 3640 in

1945 3664 2345 3733 dubitationem
2380 3678 2639 3746 proclivis
2668 3678 2763 3746 qui
2802 3676 3083 3733 Sermonis
3109 3678 3331 3733 virtutis
3363 3686 3529 3746 atque

1946 3769 2278 3841 cognitionis
2318 3785 2479 3838 quem
2533 3770 2587 3823 in
2640 3770 2938 3838 semetipso
2986 3770 3148 3824 habet
3194 3770 3337 3824 haud
3369 3770 3530 3825 facile

1946 3861 2125 3915 credit
2160 3860 2402 3915 futuram
2446 3876 2567 3915 esse
2614 3861 3099 3925 resurrectionem,
3136 3861 3224 3915 cui
3272 3869 3528 3931 peccato-

1948 3971 2070 4009 rum
2094 3956 2271 4010 solum
2296 3962 2456 4009 antea
2481 3954 2748 4009 factorum
2780 3962 3154 4015 monumenta,
3182 3955 3299 4009 sine
3328 3953 3531 4008 affectu

1951 4045 2007 4101 in
2058 4054 2240 4100 mente
2285 4045 2572 4115 impressa.
2606 4044 2777 4098 divini
2814 4045 2868 4098 in
2909 4044 3205 4113 semetipso
3250 4043 3532 4099 Sermonis

1950 4140 2427 4195 resuscitationem
2458 4139 2697 4193 futuram
2726 4154 2845 4193 esse
2871 4136 3204 4207 persuadent
3235 4146 3293 4190 ut
3320 4135 3529 4201 credat,

1951 4242 2117 4305 atque
2164 4243 2223 4289 ut
2274 4248 2399 4287 eum
2448 4233 2742 4288 Dominum
2790 4246 2853 4286 ac
2898 4232 3066 4285 Deum
3115 4245 3237 4284 esse
3264 4228 3531 4299 accipiat;

1951 4310 2245 4383 Dominum
2279 4325 2503 4397 quidem
2535 4332 2595 4379 ut
2622 4324 2897 4395 practicze,
2929 4338 3092 4393 quam
3120 4322 3378 4386 dicitnus,
3405 4337 3535 4392 per-

264 4427 407 4478 κατᾶ
427 4424 528 4496 τὴν
547 4424 779 4496 θεωρίαν
805 4422 1101 4486 παντελοῦς
1131 4422 1519 4493 μυσταγωγίας
1543 4422 1851 4493 ὐφηγητήν.

280 4516 526 4586 ’Λπαθὴς
577 4516 635 4570 δὲ
677 4517 869 4588 μνήμη
910 4515 1026 4569 ἐστὶ
1073 4514 1183 4568 τῶν
1228 4514 1723 4587 προγεγενημένων
1760 4512 1853 4565 τύ-

1953 4420 2209 4475 fcctionis
2251 4418 2645 4491 legislaturem,
2690 4418 2861 4471 Deum
2908 4431 3042 4470 vero
3094 4425 3155 4469 ut
3200 4415 3538 4484 contempla-

1958 4512 2081 4566 tivre
2113 4527 2176 4564 ac
2218 4510 2391 4579 plena:
2425 4508 2749 4562 initiationis
2789 4507 3165 4561 deductorem.
3217 4506 3539 4561 Monumen-

271 4624 453 4670 πωσις
481 4609 515 4677 ἡ
546 4608 717 4677 χωρὶς
760 4606 958 4678 ηδονῆς
1000 4605 1097 4660 καλ⁸
1125 4604 1303 4675 λύπης
1347 4604 1476 4676 περὶ
1513 4602 1714 4674 πρᾶξιν
1762 4602 1840 4654 καΊ

1959 4610 2073 4655 tum
2102 4616 2235 4655 vero
2257 4599 2455 4653 affectu
2485 4611 2680 4651 carens
2699 4605 2783 4649 est
2807 4605 2933 4649 ante
2958 4595 3223 4647 factorum
3251 4594 3538 4663 impressio

269 4701 448 4768 Λόγον
471 4698 797 4771 ἐγγινομένη
829 4701 895 4771 τῇ
939 4698 1095 4770 ψυχῇ.
1127 4698 1257 4769 περὶ
1298 4696 1405 4750 τῶν
1438 4696 1581 4750 ιδίων
1609 4696 1786 4767 ἔργων
1817 4696 1840 4748 i

1958 4691 2106 4763 quod
2153 4690 2325 4745 menti
2362 4688 2482 4744 sine
2526 4687 2808 4756 voluptate
2842 4700 2905 4740 ac
2943 4684 3134 4739 dolore
3173 4684 3320 4738 circa
3366 4684 3541 4738 aetio-
3596 4740 3599 4743 λ

270 4791 567 4861 νοημάτων
586 4791 901 4860 διάγνωσις,
928 4790 1153 4857 τύπους,
1178 4788 1293 4842 ἀλλ’
1323 4788 1382 4841 οὐ
1406 4788 1633 4859 τρήσεις
1658 4787 1840 4857 ἔχουσα

1959 4799 2085 4838 nem
2115 4789 2172 4836 et
2201 4780 2519 4835 Sermonem
2544 4774 3111 4847 insidelpropriorum
3143 4773 3410 4829 factorum
3445 4780 3541 4826 aut

272 4884 381 4938 τῶν
397 4885 731 4957 τραυμάτων
776 4883 864 4939 διὰ
880 4875 1375 4956 τὴν’ὲγγενομένην
1422 4880 1692 4936 ἀπάθειαν
1729 4898 1840 4935 συν-

1960 4879 2323 4951 cogitatorum
2349 4876 2642 4948 judicium,
2674 4872 3083 4945 impressiones,
3108 4880 3164 4925 at
3201 4885 3311 4924 non
3358 4868 3541 4939 perfo-

273 4978 648 5033 ουλωθέντων.

1964 4973 2207 5027 rationes
2240 4972 2527 5026 vulnerum
2579 4968 2806 5029 habens,
2838 4980 2959 5035 qua:
2990 4971 3219 5034 propter
3245 4961 3542 5017 aﬂ‘ectuum

1964 5065 2265 5120 absentiam
2304 5065 2357 5117 in
2388 5061 2672 5118 cicatrices
2699 5060 3004 5115 coivcrunt.
3588 5052 3595 5059 ’

640 5254 820 5309 Ἄλλο
841 5252 1107 5322 θεώρημα
1128 5256 1217 5318 εις
1250 5251 1314 5305 τὸ
1340 5251 1507 5304 αὑτό.

2356 5245 2477 5300 Alia
2508 5246 2561 5297 in
2590 5245 2728 5297 idem
2753 5240 3147 5313 contemplatio.

356 5372 427 5425 Ἦ
484 5370 659 5423 πάλιν”
691 5364 811 5442 ἧλοι
840 5367 1199 5438 τυγχάνουσιν
1231 5369 1278 5420 οί
1318 5366 1459 5420 κατὰ
1488 5366 1586 5437 τὴν
1628 5384 1835 5440 πρακτι

2040 5366 2137 5421 Vel
2181 5378 2374 5418 rursus
2407 5358 2547 5415 clavi
2584 5366 2713 5413 sunt
2744 5357 3013 5412 virtutum
3065 5357 3370 5413 secundum
3416 5372 3546 5426 pra-

186 5530 203 5545 .
279 5462 388 5534 κῆν
416 5460 737 5532 φιλοσοφίαν
778 5459 969 5531 τρόποι
1010 5458 1119 5512 τῶν
1166 5457 1399 5529 ἀρετῶν,
1434 5457 1833 5529 προσηλωμένη

1968 5459 2165 5516 cticam
2226 5451 2635 5525 philosophiam
2692 5450 2865 5515 modi,
2912 5450 3111 5505 anima:
3162 5448 3422 5503 affectum
3482 5448 3552 5504 tie

286 5554 431 5628 μετά
462 5553 628 5608 πόνου
676 5552 755 5624 τῷ
795 5551 925 5623 θείῳ
976 5550 1128 5623 φόϐῳ
1170 5550 1502 5623 κρατοῦντες
1545 5549 1645 5620 τῆς
1689 5551 1835 5621 ψυχῆ

1971 5550 2144 5607 moris
2196 5547 2291 5603 Dei
2335 5545 2509 5603 clavis
2570 5542 2790 5600 aﬂixum
2855 5559 2982 5600 eum
3037 5544 3227 5599 labore
3275 5550 3548 5608 tenentes,

363 5715 385 5753 ⁸
413 5714 571 5772 Joau.
594 5729 686 5781 xx,
714 5711 786 5770 25
808 5728 891 5783 sq.

365 5854 481 5928 (54)
505 5854 653 5913 Idem
674 5853 825 5921 ibid.,
848 5866 965 5923 cap.
997 5848 1087 5915 2i,
1120 5865 1172 5918 p.
1210 5848 1332 5915 864,
1370 5855 1501 5901 tom.
1530 5844 1551 5899 Ι
1576 5842 1714 5915 Opp.
1745 5842 1834 5899 ed.
1878 5841 2080 5901 Bcned.
