4080 6282
204 373 347 442 1389

1462 368 1978 432 AMBIGUORUM
2018 372 2269 436 LIBER.

3319 390 3455 455 1390

200 494 366 565 μόνον
420 491 722 562 φαντασίας
783 490 1096 548 παντάπασι
1150 485 1567 559 καθαρεύουσαν
1633 487 1774 557 ζωὴν

1881 488 2116 544 sterium
2146 490 2232 545 eis
2254 490 2353 561 qui
2396 490 2500 547 hoc
2532 492 2904 563 spiritualitcr
2946 501 3235 559 celebrant
3286 507 3456 562 vitam

194 587 550 658 δωρουμένης
577 588 691 650 τοῖς
730 584 876 641 οὕτω
918 585 979 640 τὸ
1022 584 1144 638 κατ’
1177 582 1348 653 αὐτὴν
1391 578 1781 651 πνευματικῶς

194 680 510 734 ιπιτελοῦσι
541 680 866 753 μυστήριον,
895 679 997 751 τῆς
1029 677 1088 732 δὲ
1131 675 1258 739 νέας
1306 673 1593 746 Κυριακῆς
1642 670 1780 743 πρὸς

193 769 412 835 τούτοις
440 772 536 827 καὶ
558 770 743 843 πάσης
766 771 965 835 αὐτοὺς
992 772 1051 825 ὲν
1080 766 1344 841 μετουσίᾳ
1380 764 1644 836 ποιούσης
1672 764 1775 835 τῆς
1816 774 1822 780 ’

192 855 275 916 ὧν
300 864 335 935 ἡ
388 866 497 937 πρὸ
540 865 711 937 αὐτῆς
747 864 1034 936 ἀπήρξατο
1073 861 1237 919 θείων
1274 858 1499 929 ἀγαθῶν
1537 857 1777 913 ἀπολαύ-
1810 872 1813 873 ⁷

195 971 360 1020 σεως.

534 1146 716 1201 Ἀλλο
759 1144 1029 1216 θεώρημα
1051 1148 1139 1212 εὶς
1175 1143 1243 1198 τὸ
1273 1142 1440 1199 αὐτό.

273 1260 339 1315 El
372 1260 432 1317 δέ
466 1279 543 1333 τῳ
566 1261 614 1293 ⁸⁸
650 1260 843 1315 πιστὸν
871 1254 1014 1315 εἶναι
1035 1258 1268 1315 δοκεῖτὸ
1298 1257 1613 1328 λεγόμενον,
1640 1251 1775 1319 sua!

193 1350 299 1422 τὴν
332 1352 434 1423 μὲν
461 1350 684 1424 πρώτην
714 1349 1001 1423 Κυριακὴν
1028 1350 1198 1404 τύπον
1221 1345 1362 1403 εἶναι
1382 1349 1481 1418 τῆς
1508 1342 1650 1399 κατά
1674 1341 1775 1412 τὴν

195 1444 530 1519 προαίρεσιν
558 1445 640 1508 είς
668 1442 871 1517 ἀρετὴν
901 1441 1274 1507 ἀναστάσεως,
1303 1440 1403 1512 τὴν
1429 1439 1486 1494 δὲ
1513 1436 1774 1508 δευτέραν

192 1534 303 1608 τῆς
364 1538 506 1593 κατά
560 1538 884 1611 προαίρεσιν
933 1535 1102 1602 ἕξεως
1140 1538 1221 1599 εἰς
1246 1534 1450 1604 γνῶσιν
1499 1530 1774 1599 τελειότη-

190 1646 308 1695 τος.

550 1820 732 1876 Ἄλλο
757 1819 1026 1892 θεώρημα
1058 1822 1143 1887 είς
1167 1817 1233 1873 τὸ
1257 1818 1425 1872 αὐτό.

263 1932 377 1987 Καὶ
405 1927 564 1997 αὖθις
589 1932 688 2005 τὴν
714 1932 814 2003 μὲν
838 1929 1064 2004 πρώτην
1087 1927 1373 2001 Κυριακὴν
1415 1928 1514 1997 τῆς
1546 1924 1772 1998 μελλού-

191 2037 298 2095 σης
330 2026 570 2097 φυσικῆς
597 2024 946 2090 ἀναστάσεως
974 2023 1069 2077 καὶ
1100 2019 1415 2096 ἀφθαρσίας
1442 2014 1586 2073 εἶναι
1629 2016 1770 2089 σύμ-

190 2118 376 2182 ϐολον,
409 2118 510 2194 τὴν
562 2117 621 2172 δὲ
669 2117 929 2191 δευτέραν
971 2117 1069 2187 τῆς
1104 2114 1245 2171 κατά
1275 2115 1436 2186 χάριν
1470 2111 1772 2183 μελλούσης

126 2271 137 2280 ο
189 2208 450 2274 οεὼσεως
520 2210 709 2281 φέρειν
760 2210 963 2266 είκόνα.
995 2211 1059 2264 Εἰ
1090 2208 1273 2263 τοίνυν
1320 2206 1417 2278 τῆς
1459 2206 1560 2278 μὲν
1610 2205 1783 2260 καθα-

190 2302 467 2376 ρευούσης
499 2301 684 2357 κακῶν
714 2302 879 2368 ἕξεως
906 2304 940 2373 ή
971 2300 1081 2356 τῶν
1104 2300 1323 2372 ἀγαθῶν
1341 2298 1637 2362 ἀπόλαυσίς
1661 2299 1777 2352 ἐστι

186 2394 519 2467 τιμιωτέρα,
550 2394 650 2466 τῆς
688 2395 745 2450 δὲ
784 2395 904 2448 κατ’
934 2394 1138 2467 ἀρετὴν
1166 2392 1355 2463 ὑγιοῦς
1392 2390 1765 2465 προαιρέσεως

187 2486 304 2551 ἕξις
338 2488 438 2555 τῆς
468 2486 610 2540 κατά
635 2487 733 2558 τὴν
761 2486 937 2559 ἀληθῆ
955 2486 1157 2556 γνῶσιν
1178 2487 1537 2557 τελειότητος,
1560 2484 1770 2554 καὶτῆς

188 2581 432 2652 φυσικῆς
454 2580 767 2653 ἀςρθαρσίας
799 2581 834 2652 ἡ
858 2580 917 2634 ὲν
944 2580 1127 2651 χάριτι
1156 2578 1293 2651 πρὸς
1324 2578 1413 2632 τὸν
1453 2577 1588 2663 Θεὸν
1622 2574 1767 2630 κατά

185 2670 289 2742 τὴν
312 2671 511 2727 θέωσιν
548 2672 932 2745 μεταποίησις,
964 2665 1039 2726 ὧν
1075 2670 1237 2743 ἠμὲν
1276 2668 1462 2741 πρώτη
1510 2664 1767 2739 Κυριακὴ

186 2766 349 2835 φέρει
385 2765 579 2828 τύπον,
606 2763 790 2838 (254
815 2766 867 2835 b)
898 2766 932 2837 η
965 2763 1022 2819 δὲ
1043 2762 1279 2833 δευτέρα
1328 2761 1587 2833 τυγχάνει
1626 2757 1766 2830 σύμ-

187 2856 371 2922 ϐολον,
413 2855 637 2919 εἰκότως
681 2857 891 2929 ὑψηλῆς
921 2855 1263 2928 ὑψηλοτέραν
1302 2855 1570 2932 ἀγᾴμενος
1609 2850 1770 2905 πνεύ-

188 2966 350 3020 ματι,
380 2949 480 3022 τὴν
502 2949 694 3021 καινὴν
718 2951 747 3004 δ
774 2948 1093 3013 διδάσκαλος
1122 2948 1227 3020 ἔφη
1259 2944 1570 3018 Κυριακήν.

1884 581 2065 637 solum
2082 582 2155 637 ab
2185 584 2337 639 omni
2360 586 2510 656 quod
2534 589 2782 647 materia:
2836 593 3083 652 adhaeret
3126 598 3373 656 ludibrio
3403 612 3462 659 et

1882 673 2131 730 vanitate
2184 676 2420 732 liberam
2458 677 2653 745 donat,
2715 697 2858 739 nova
2887 701 3021 742 vero
3053 689 3341 748 Dominica
3374 694 3463 749 in-

1880 780 2052 837 super
2096 768 2420 825 divinorum
2469 771 2747 829 bonorum
2778 778 2942 847 plene
2975 764 3339 840 lruendorum
3362 801 3461 841 eos

1883 857 1939 913 in
1971 861 2333 918 consortium
2374 864 2626 929 deducit,
2680 882 2922 937 quorum
2966 871 3238 930 bonorum
3268 878 3461 946 primi-

1882 952 1987 1007 tias
2011 953 2100 1008 illa
2133 954 2289 1025 prior
2320 957 2617 1015 obtulerat.

2265 1134 2392 1190 Alia
2415 1138 2473 1190 in
2515 1137 2654 1192 idem
2679 1142 3077 1213 contemplatio.

1953 1246 2063 1303 Sed
2113 1248 2158 1304 si
2215 1250 2307 1305 cui
2338 1248 2444 1307 ﬁda
2490 1252 2716 1309 videtur
2762 1255 3169 1328 interpretatio,
3225 1264 3461 1333 primam

1883 1340 2228 1397 Dominicam
2274 1342 2473 1400 dicunt
2510 1345 2805 1418 imaginem
2840 1364 2964 1405 esse
3016 1353 3347 1412 voluntaria:
3401 1360 3459 1414 in

1881 1433 2145 1491 virtutem
2198 1438 2648 1504 resurrectionis,
2702 1440 2931 1497 alteram
2974 1460 3107 1500 vero
3159 1449 3458 1505 voluntarii

1882 1528 2104 1584 habitus
2128 1529 2181 1585 in
2214 1529 2586 1601 cognitionem
2612 1537 3002 1592 consummati.

2260 1808 2379 1867 Alia
2407 1811 2462 1865 in
2494 1812 2633 1865 idem
2673 1814 3070 1886 contemplatio.

1947 1923 2126 1996 Atque
2150 1940 2344 1981 rursus
2367 1926 2603 1997 primam
2638 1927 2981 1985 Dominicam
3016 1933 3289 1988 naturalis
3333 1950 3457 2005 quae

1875 2017 2062 2073 futura
2098 2027 2183 2074 est
2204 2019 2631 2076 resurrectionis
2666 2032 2722 2077 et
2753 2021 3306 2095 incorruptibilitatis
3331 2042 3454 2083 esse

1874 2107 2184 2180 symbolum
2240 2107 2456 2174 volunt,
2504 2111 2733 2165 alteram
2783 2129 2917 2168 vero
2972 2114 3117 2171 ferre
3162 2115 3455 2188 imaginem

1879 2199 2246 2255 deiﬁcationis
2291 2216 2418 2271 qum
2464 2202 2770 2258 secundum
2818 2205 3051 2276 gratiam
3099 2206 3288 2263 futura
3344 2220 3453 2267 est.

1874 2292 2032 2360 Quod
2063 2292 2107 2348 si
2134 2291 2325 2347 habitu
2353 2308 2383 2348 a
2436 2294 2593 2350 malis
2645 2307 2881 2367 purgato
2911 2308 3134 2369 praestat
3178 2301 3453 2359 bonorum

1871 2386 2087 2449 fruitio,
2110 2401 2243 2440 sana
2270 2394 2455 2442 autem
2498 2403 2599 2459 per
2627 2388 2886 2445 virtutem
2917 2392 3202 2449 voluntate
3232 2406 3456 2466 praestat

1871 2474 2095 2532 habitus
2117 2477 2376 2547 perfecta:
2400 2494 2499 2548 per
2538 2479 2831 2535 veritatem
2858 2484 3215 2553 cognitionis,
3268 2502 3334 2542 ac
3359 2500 3457 2543 na-

1871 2569 2036 2624 turali
2120 2570 2654 2641 incorruptibilitate
2712 2584 2933 2645 pra:th
2987 2579 3337 2649 regeneratio
3396 2581 3452 2635 in

1869 2661 2045 2730 gratia
2067 2661 2135 2716 ad
2160 2663 2331 2717 Deum
2359 2680 2482 2735 quze
2508 2665 2569 2719 ﬁt
2599 2682 2698 2736 per
2748 2667 3183 2736 deiﬁcationem,
3213 2689 3451 2744 quarum

1868 2752 2022 2821 prior
2075 2752 2361 2809 Dominica
2417 2754 2522 2809 fert
2572 2755 2891 2827 imaginem,
2954 2760 3128 2815 altera
3182 2778 3318 2817 vero
3368 2774 3455 2819 est

1870 2845 2203 2917 symbolum,
2239 2854 2387 2901 recte
2411 2846 2632 2902 sublimi
2683 2848 3063 2905 sublimiorem
3110 2850 3451 2924 spirituagi-

1874 2951 2019 2997 tatus
2049 2942 2247 2999 doctor
2284 2957 2483 2999 novam
2507 2942 2646 2999 dixit
2679 2942 3040 3000 Dominicam.

200 3133 305 3190 Ἐκ
336 3132 443 3191 τοῦ
470 3134 658 3193 αὑτοῦ
678 3135 888 3205 λόγου,
916 3137 1003 3201 είς
1044 3136 1143 3190 τό·
1178 3153 1197 3187 ι
1231 3133 1401 3190 Μισῶ
1426 3132 1522 3190 καί
1553 3132 1666 3202 τὴν
1695 3131 1768 3186 δι’

1876 3130 1959 3185 Ea:
1979 3130 2160 3186 eodem
2200 3146 2443 3185 sermone
2486 3130 2540 3184 in
2594 3128 2764 3185 illud:
2799 3149 2817 3180 ι
2848 3129 2983 3185 Eam
3044 3148 3250 3203 quoque
3288 3132 3449 3203 {anti-

593 3226 773 3297 ὰέρος
793 3226 1127 3294 συνήθειαν
1154 3226 1289 3297 (62).
1322 3245 1341 3278 ι

263 3423 407 3497 Πρὸς
437 3427 722 3493 γυναῖκας,
753 3426 850 3479 καὶ
883 3424 1120 3497 μάλιστα
1154 3424 1248 3478 τὸν
1286 3424 1497 3497 μονήρη
1528 3423 1643 3494 βίον
1670 3426 1768 3477 ἐπ·-

189 3514 574 3586 ανῃρημένας,
608 3515 777 3570 πολὺν
820 3515 951 3587 περὶ
994 3512 1385 3585 κατορθώσεως
1436 3512 1584 3583 ηθῶν
1627 3513 1802 3597 ἀποο.

183 3607 373 3671 τείνας
400 3606 558 3677 λόγον
580 3606 646 3662 δι’
667 3608 961 3679 ἐμφάσεως
985 3610 1015 3664 ὁ
1031 3608 1346 3673 διδάσκαλος
1376 3607 1570 3679 ἠπίως,
1585 3602 1764 3679 οἶμαι,

185 3701 475 3770 παραινεῖ,
508 3700 586 3773 μὴ
640 3700 752 3755 δεῖν
792 3701 892 3766 τάς
928 3700 1277 3772 ἀσκουμένας
1328 3700 1539 3756 οίκοθεν
1578 3700 1763 3773 θυρίσι

185 3792 551 3847 κατοπτεύειν
585 3795 709 3848 τινά
745 3793 1048 3859 παντελῶς,
1083 3794 1179 3861 κα).
1206 3793 1444 3865 μάλιστα
1474 3794 1603 3857 τοὺς
1624 3810 1765 3864 παρ-

187 3884 393 3948 ιόντας,
426 3883 502 3949 ὡς
558 3884 623 3940 ἂν
681 3885 757 3957 μὴ
784 3885 1000 3942 λάὁοιεν
1030 3886 1233 3956 κέντρα
1274 3884 1509 3940 θανάτου
1536 3886 1625 3941 διὰ
1665 3886 1765 3957 τῆς

181 3977 420 4046 ἀκαίρου
447 3976 696 4049 θεωρίας.

186 4246 305 4303 Τοῦ
350 4247 541 4303 αὑτοῦ
589 4249 659 4305 ἐκ
687 4249 795 4305 τοῦ
846 4253 934 4318 είς
980 4251 1094 4321 τὴν
1134 4252 1313 4323 ἁγίαν
1343 4256 1774 4326 Πεντηκοστὴν

255 4339 470 4408 λόγου,
502 4342 590 4408 είς
632 4339 722 4395 τό·
763 4359 781 4394 ι
822 4341 974 4408 Μιᾶς
1008 4342 1271 4414 δεούσης
1316 4346 1561 4416 ἡμέρας,
1591 4347 1672 4416 ἢν
1701 4350 1770 4404 ἐκ

255 4430 365 4485 τοῦ
388 4431 725 4530 μέλλοντος
750 4431 967 4501 αιῶνος
990 4437 1484 4508 προσειλήφαμεν
1501 4482 1517 4505 ,
1541 4440 1762 4509 ὀγδόην
1794 4475 1837 4530 D

255 4539 321 4576 τε
356 4518 559 4578 οὖσαν
593 4522 709 4592 τὴν
738 4524 935 4593 αὐτὴν
977 4524 1077 4579 καί
1113 4525 1373 4595 πρώτην,
1420 4527 1664 4598 μᾶλλον
1690 4529 1758 4583 δὲ

254 4614 402 4670 μίαν
421 4616 518 4670 καί
536 4615 937 4672 ἀκατάλυτον.
958 4617 1058 4672 Δεῖ
1072 4618 1183 4688 γὰρ
1207 4619 1404 4675 ἐκεῖσε
1422 4606 1757 4690 καταλῆξαι

252 4708 364 4763 τὸν
391 4708 653 4765 ἐνταῦθα
678 4710 1095 4781 σαϐϐατισμὸν
1132 4710 1251 4766 τῶν
1288 4713 1657 4784 ψυχῶνωῦ).
1697 4734 1717 4767 ι

269 4803 331 4857 '0
364 4802 507 4857 ιπτά
531 4802 675 4857 κατά
708 4800 808 4875 τὴν
838 4804 1004 4873 ἁγίαν
1031 4802 1277 4876 Γραφὴν,
1309 4804 1383 4867 ὡς
1407 4804 1503 4874 μὲν
1525 4804 1759 4877 ἀριθμὸς

183 4898 349 4969 μόνον
370 4894 806 4967 λαμϐανόμενος,
829 4896 1032 4967 πολλὴν
1044 4895 1157 4966 ἔχει
1185 4897 1434 4965 φυσικῶς
1448 4897 1547 4970 τὴν
1563 4899 1649 4953 ἐπ’
1671 4900 1767 4952 αύ-

179 4990 262 5062 τῷ
307 4988 570 5061 κειμένην
609 4988 719 5043 τῶν
762 4988 1193 5059 φιλοπονοῦντων
1228 4990 1299 5044 τὰ
1339 4989 1456 5043 θεία
1497 4992 1767 5065 μυστικὴν

180 5083 443 5155 θεωρίαν.
494 5081 757 5154 Σημαίνει
807 5082 918 5153 γάρ
944 5081 1039 5135 καὶ
1070 5081 1280 5152 χρόνον,
1313 5083 1409 5135 καὶ
1439 5084 1645 5152 αἰῶνα,
1672 5088 1766 5140 καὶ

178 5178 411 5242 αἰῶνας,
446 5177 667 5249 κίνησίν
694 5193 754 5231 τε
797 5175 893 5229 καὶ
946 5174 1209 5247 περιοχὴν
1266 5177 1362 5230 καὶ
1413 5178 1636 5250 μέτρον,
1669 5172 1765 5234 καὶ

176 5271 329 5343 ὅρον,
366 5270 462 5323 καὶ
484 5270 763 5342 πρόνοιαν,
798 5266 892 5321 καὶ
923 5267 1087 5337 ἔτερα
1117 5265 1306 5331 πολλὰ,
1335 5268 1480 5322 κατά
1502 5270 1594 5325 τὸν
1622 5271 1755 5325 ἑκά-

178 5381 311 5417 στου
354 5362 514 5431 λὸγον
546 5360 726 5425 καλῶς
787 5357 1181 5430 θεωρούμενος.
1223 5359 1312 5423 Ὠς
1360 5360 1666 5427 ἀνάπαυσις
1696 5363 1753 5418 δὲ

179 5456 346 5528 μόνον
382 5453 777 5525 σκοπούμενος,
812 5453 907 5505 καὶ
930 5450 1073 5504 οὕτω
1106 5449 1307 5524 πολλὴν
1355 5451 1469 5525 ἔχει
1514 5457 1612 5529 τὴν
1664 5461 1750 5513 ἐπ’

1948 3224 2243 3279 liaritatem
2270 3240 2389 3295 qua:
2406 3240 2500 3297 per
2538 3240 2715 3278 aerem
2748 3225 3107 3292 contrahitur,
3143 3225 3231 3279 odi
3271 3242 3333 3280 ac
3356 3226 3446 3280 de-

1944 3326 2124 3371 testor.
2148 3338 2167 3370 ι

1940 3425 2024 3482 Ad
2053 3425 2333 3492 mulieres,
2358 3442 2423 3483 ac
2439 3426 2744 3498 praesertim
2767 3442 2861 3482 eas
2889 3441 3012 3497 qua“:
3034 3426 3294 3483 solitariae.
3325 3427 3452 3483 vitae

1871 3532 1995 3575 sese
2042 3516 2397 3582 addixerunt,
2452 3517 2623 3572 multa
2681 3517 2751 3572 de
2803 3516 3145 3587 corrigendis
3204 3517 3451 3572 moribus

1868 3625 1929 3667 se
1960 3620 2293 3666 convertens
2316 3609 2572 3666 oratione
2618 3625 2683 3666 ac
2726 3610 2893 3665 tacite
2942 3610 3078 3681 quid
3130 3611 3449 3683 signiﬁcans

1864 3701 2081 3766 doctor,
2112 3700 2193 3756 uti
2212 3701 2457 3763 videtur.
2485 3702 2684 3758 leniter
2705 3703 2986 3767 admonet,
3018 3702 3445 3774 haudquaquam

1871 3794 2043 3850 licere
2099 3794 2183 3848 eis
2206 3810 2329 3865 qua:
2383 3794 2654 3849 severiori
2687 3796 2817 3851 vita:
2850 3797 3053 3866 regulae
3084 3796 3449 3851 astrinxerint

1866 3903 1934 3943 ex
1960 3887 2217 3943 domibus
2242 3903 2340 3958 per
2362 3885 2631 3945 fenestras
2661 3889 2935 3960 speculari
2976 3905 3338 3963 quemquam.
3382 3908 3450 3948 ac

1868 3980 2174 4051 praesertim
2236 3988 2656 4051 praetereuntes,
2693 3998 2763 4038 ne
2789 3982 2932 4038 forte
2974 3999 3073 4053 per
3105 3984 3450 4055 intempesti-

1868 4087 1999 4128 vum
2027 4082 2387 4145 conspectuin
2418 4075 2617 4130 mortis
2644 4074 2872 4132 aculeos
2894 4076 3136 4147 capiant.

1870 4259 2129 4331 Ejusdem
2160 4277 2223 4315 ex
2250 4278 2493 4317 sermone
2519 4263 2575 4317 in
2598 4274 2843 4319 sanctam
2876 4263 3241 4329 Pentecosten,
3296 4268 3350 4319 in
3375 4267 3446 4321 il-

1938 4354 2067 4410 lud:
2102 4374 2119 4406 ι
2152 4354 2265 4411 Uno
2304 4357 2388 4411 die
2440 4365 2674 4427 excepto,
2708 4373 2866 4429 quem
2905 4373 2970 4412 ex
3025 4359 3205 4429 futuro
3254 4357 3448 4413 swcnlo

1933 4445 2342 4514 assumpsimus,
2372 4454 2616 4500 octavam
2663 4447 2903 4500 eumdem
2953 4456 3002 4501 et
3037 4451 3293 4519 primum,
3344 4452 3444 4515 vel,

1934 4546 1989 4587 nt
2017 4536 2208 4588 rectius
2228 4535 2442 4604 loquar,
2468 4545 2517 4589 et
2546 4538 2951 4607 sempiternum.
2977 4539 3097 4592 Illic
3151 4542 3289 4593 enim
3314 4558 3426 4611 prae

1939 4642 2060 4680 sens
2106 4627 2412 4680 animarum
2460 4635 2767 4681 nostrarum
2823 4629 3176 4684 sabbatismus
3237 4632 3443 4687 desinat

1938 4734 2144 4772 necesse
2171 4727 2267 4771 est.
2295 4738 2313 4770 ι

1940 4830 2305 4900 Septenarius
2363 4830 2673 4887 secundum
2711 4847 2924 4889 sacram
2956 4832 3322 4904 Scripturam,
3382 4844 3436 4889 ut

1864 4934 2133 4977 numerus
2153 4920 2500 4978 solummodo
2530 4921 2575 4978 si
2611 4931 2921 4993 spectatur,
2946 4924 3173 4979 multam
3209 4936 3436 4981 natura-

1863 5009 1995 5065 liter
2024 5009 2079 5065 in
2112 5025 2171 5066 se
2201 5011 2528 5068 collocatam
2559 5012 2729 5069 habet
2761 5028 2955 5069 eorum
2986 5015 3081 5085 qui
3111 5031 3197 5071 res
3223 5017 3435 5076 divinas

1860 5103 2111 5173 gnaviter
2140 5113 2379 5160 tractant
2426 5106 2713 5177 mysticam
2766 5106 3313 5175 contemplationem.
3352 5110 3427 5166 Si-

1859 5192 2085 5263 gniﬁcat
2115 5194 2263 5249 enim
2293 5203 2350 5250 et
2408 5203 2653 5265 tempus,
2708 5205 2760 5251 et
2797 5198 3082 5263 saeculum,
3115 5209 3173 5255 et
3214 5204 3432 5269 szecula,

1840 5284 2164 5345 ‘motionem
2194 5293 2357 5355 atque
2393 5287 2970 5356 comprehensionem,
3023 5297 3080 5342 et
3119 5289 3427 5356 modulum,

1858 5385 1916 5431 et
1946 5376 2211 5443 linem,et
2238 5378 2661 5447 providentiam,
2714 5392 2769 5435 et
2799 5380 2905 5435 alia
2969 5382 3163 5445 multa,
3211 5384 3434 5453 quand!)

1860 5468 2164 5524 secundum
2191 5470 2632 5543 uniuscujusque
2657 5472 2927 5529 rationem
2958 5472 3100 5530 bene
3128 5482 3429 5544 spectatur.

1422 5567 1652 5629 VARUS
1684 5578 2089 5637 LECTIONES.

251 5642 301 5675 “
330 5641 717 5713 Apographum
743 5637 997 5693 hebeti?!
1024 5637 1080 5691 δὲ
1112 5636 1207 5708 τῷ.

246 5756 362 5827 (6'2)
395 5755 557 5825 Greg.
583 5754 713 5827 Nat.
760 5755 907 5827 ibid._.
939 5769 1059 5822 cap.
1092 5755 1144 5819 8,
1190 5764 1318 5809 tom.
1357 5756 1375 5811 l
1422 5754 1539 5827 Opp
1593 5759 1659 5813 ed
1698 5761 1898 5817 Bcncd.

247 5823 363 5901 (63)
397 5823 542 5883 Idem
573 5825 721 5882 Orat.
766 5827 818 5878 in
865 5825 1246 5893 Pcutecastcn.,
1291 5846 1408 5896 mp.
1455 5823 1591 5899 ἳζρ.
1640 5832 1763 5887 75:2.
1808 5845 1935 5889 tom.
1967 5834 1984 5890 l
2015 5834 2152 5907 Opp.
2188 5836 2320 5891 edit.
2354 5834 2557 5891 Bened.
