4080 6282
593 359 723 427 1391

1751 355 1813 415 S.
1853 349 2141 413 ΜᾹΧΙΜΙ
2179 346 2710 413 CONFESSORIS.

3718 359 3853 425 1392

591 475 698 531 Sed
734 470 956 544 quando
1005 479 1065 526 ut
1113 468 1335 541 requies
1387 467 1566 524 solum
1611 473 1919 538 spectatur,
1968 462 2055 518 vel
2086 460 2162 514 sic

2272 460 2422 532 αὐτῷ
2459 465 3000 538 μυσταγωγουμένην
3027 469 3252 538 γνῶσιν.
3290 471 3432 526 Ἀλλ’
3461 475 3552 530 ἵνα
3596 475 3676 548 μὴ
3728 479 3853 531 καθ’

588 568 817 623 multam
847 565 1093 620 continet
1122 563 1177 619 in
1231 578 1291 620 se
1315 562 1687 633 eugnitionem
1717 558 1945 631 mystice
1979 553 2159 625 expli-

2261 553 2494 611 ἕκαστον
2543 556 2757 623 διεξιὼν
2789 563 3050 632 φορτικὸν
3078 565 3170 620 τὸν
3212 566 3372 635 λόγον
3414 569 3764 640 ποιήσωμαι,
3794 573 3858 625 τὸ

588 669 786 716 catam.
807 658 912 715 Sed
940 674 1008 714 ne
1037 657 1254 750 singula
1279 654 1666 726 persequendo
1710 651 2005 750 molestum
2037 647 2162 704 red-

2263 643 2450 750 ἱοκοῦν
2505 648 2840 750 tanta:th
2879 651 2990 706 τῶν
3038 655 3217 711 ἄλλων
3261 653 3407 713 εἶναι
3448 660 3858 730 γυμνάσωμεν.

591 751 712 806 dam
740 759 797 806 et
817 740 1112 819 operosum
1139 742 1631 816 sermonem,quod
1661 740 1880 798 caeteris
1897 747 2160 810 praestare

585 844 811 900 videtur
838 843 1202 899 illustremus.
1233 839 1371 895 Tres
1393 837 1541 894 enim
1572 835 1670 907 qui
1721 848 1909 890 rerum
1940 831 2160 889 divina-

588 953 712 992 rum
734 936 894 1008 periti
918 944 1049 991 sunt
1098 940 1352 990 statuunt
1384 931 1598 988 modos.
1659 928 1929 991 Universa
1989 927 2162 982 totius

586 1027 998 1084 rationabilium
1063 1024 1429 1082 essentiarum
1499 1020 1875 1094 generationis
1946 1018 2160 1074 ratione

596 1120 888 1177 continere
921 1119 1172 1174 videmus
1187 1117 1459 1172 rationem
1473 1112 1802 1178 exsistcndi,
1839 1112 1984 1168 bene
2007 1110 2160 1167 exsi-

586 1211 791 1279 stendi,
821 1221 879 1268 et
903 1226 1122 1281 semper
1138 1207 1458 1274 exsistendi,
1482 1216 1647 1279 atque
1662 1207 1896 1278 primam
1915 1205 2161 1278 quidem,

587 1306 641 1362 id
668 1315 754 1362 est
779 1303 1102 1369 exsistendi,
1125 1301 1365 1374 primum
1397 1315 1520 1356 esse
1546 1299 1629 1356 eis
1653 1297 1748 1370 qui
1800 1305 1932 1354 sunt
1968 1311 2163 1353 essen-

593 1399 800 1454 tialitcr
823 1396 1104 1462 donatam,
1137 1394 1367 1454 alteram
1399 1392 1483 1450 eis
1515 1391 1585 1448 de
1619 1390 1925 1455 voluntate,
1970 1395 2164 1459 utpote

585 1506 710 1561 quae
731 1488 972 1561 propria:
1004 1485 1272 1542 motionis
1298 1492 1584 1557 compotes
1629 1490 1782 1550 sunt,
1806 1497 1928 1538 esse
1956 1481 2163 1548 datam,

587 1588 805 1644 tertiam
842 1586 1106 1657 denique,
1141 1584 1197 1640 id
1219 1593 1306 1642 est
1327 1597 1550 1654 semper
1581 1580 1910 1643 exsistendi,
1955 1579 2039 1636 eis
2078 1594 2167 1635 se-

584 1679 828 1736 cundum
869 1678 1075 1749 gatiam
1123 1691 1246 1733 esse
1311 1689 1656 1732 concessam.
1711 1673 1892 1746 Atque
1927 1672 2165 1744 primam

582 1772 808 1844 quidem
873 1770 1067 1826 volunt
1117 1783 1240 1825 esse
1285 1767 1562 1824 facultatis
1588 1809 1604 1833 ,
1645 1766 1873 1824 alteram
1912 1764 2164 1832 actionis,

2263 737 2424 809 Τρεῖς
2451 740 2560 812 γάρ
2593 759 2726 811 φασι
2756 745 2992 816 τρόπους
3029 749 3082 802 οἱ
3103 749 3213 804 τῶν
3243 751 3407 806 θείων
3449 754 3854 825 ἐπιστήμονες.

2275 832 2334 886 '0
2371 833 2594 905 σύμπας
2623 837 2728 908 τῆς
2755 838 2885 911 ὅλης
2917 840 3026 895 τῶν
3059 842 3312 914 ,λογικῶν
3333 846 3538 900 οὐσιῶν
3577 847 3858 914 γενέσεως

2263 919 2401 992 ἔχων
2435 921 2728 996 θεωρεῖται
2757 926 2916 998 λόγος
2941 930 3034 984 τὸν
3079 932 3174 987 τοῦ
3226 929 3392 1000 εἶναι,
3421 936 3515 990 τὸν
3544 938 3641 991 τοῦ
3686 934 3753 992 εὖ
3788 935 3861 992 εἷ-

2262 1032 2374 1082 ναι,
2408 1017 2503 1071 καὶ
2546 1019 2640 1074 τὸν
2677 1021 2774 1076 τοῦ
2821 1022 2910 1077 ἀεὶ
2953 1018 3119 1089 εἶναι,
3158 1025 3256 1080 καὶ⁸
3295 1027 3387 1080 τὸν
3435 1027 3541 1099 μὲν
3580 1027 3680 1083 τοῦ
3712 1026 3858 1084 εἶναι

2263 1111 2481 1181 πρῶτον
2516 1114 2635 1168 κατ’
2657 1114 2847 1170 οὐσίαν
2868 1115 3205 1190 δεδωρῆσθαι
3224 1123 3338 1186 τοῖς
3368 1117 3514 1190 οὖσι,
3543 1123 3641 1176 τὸν
3672 1124 3735 1178 δὲ
3760 1124 3857 1177 τοῦ

2263 1199 2404 1259 εἶναι
2433 1206 2689 1280 δεύτερον
2717 1208 2968 1267 δεδόσθαι
3002 1212 3144 1266 κατὰ
3177 1214 3501 1286 προαίρεσιν
3537 1216 3731 1281 autut;
3781 1219 3857 1281 ὡς

2264 1296 2662 1370 αὐτοκινήτοις,
2684 1303 2780 1356 τὸν
2808 1301 2864 1356 δὲ
2884 1301 2980 1358 τοῦ
3010 1303 3097 1358 ἀεὶ
3121 1301 3262 1359 εἶναι
3283 1307 3467 1378 τρίτον
3487 1308 3683 1374 αὐτοῖς
3715 1310 3855 1364 κατὰ

2265 1391 2428 1463 χάριν
2457 1394 2938 1467 πεφιλοτιμῆσθαι.
2973 1398 3087 1452 Καὶ
3133 1398 3226 1453 τὸν
3270 1400 3372 1470 μὲν
3418 1401 3644 1474 πρῶτον
3694 1403 3856 1457 δυνά-

2269 1501 2438 1556 μεως,
2465 1487 2486 1560 (
2503 1486 2665 1561 255
2695 1505 2728 1542 α
2750 1492 2767 1558 )
2791 1489 2883 1546 τὸν
2917 1489 2976 1544 δὲ
3018 1490 3275 1563 δεύτερον
3301 1493 3594 1565 ἐνεργείας
3616 1537 3632 1561 ,
3665 1494 3764 1548 τὸν
3798 1495 3853 1548 δὲ

2265 1577 2455 1650 τρίτον
2479 1581 2683 1653 ἀργίας
2711 1577 2853 1638 εἶναι
2883 1586 3261 1656 περιεκτικόν.
3289 1581 3418 1641 Οἷον
3443 1589 3472 1640 ό
3507 1588 3612 1657 μὲν
3653 1589 3754 1642 τοῦ
3782 1584 3854 1641 εἷ-

2267 1686 2358 1724 ναι
2378 1669 2538 1742 λόγος
2577 1673 2748 1744 μόνην
2789 1669 3040 1744 φυσικῶς
3076 1675 3222 1748 ἔχων
3264 1677 3364 1749 τὴν
3399 1679 3542 1750 πρὸς
3567 1680 3855 1750 ἐνέργειαν

2269 1761 2520 1837 δύναμιν,
2553 1766 2724 1839 αὐτὴν
2751 1768 3135 1842 πληρεστάτην
3175 1770 3300 1844 δίχα
3332 1771 3435 1844 τῆς
3469 1774 3856 1846 προαιρέσεως

585 1825 807 1919 ῖειυιίοηι
828 1859 1054 1916 virtutis
1083 1857 1572 1914 conservatricem.
1605 1855 1698 1914 Sic
1736 1855 2040 1912 exsistendi
2075 1870 2162 1910 ra-

2269 1855 2370 1928 τὴν
2399 1825 2693 1932 ἐνέργειαν.
2713 1825 2952 1932 ἔχεινὀὒ
2985 1825 3207 1918 δύναται
3553 1825 3573 1898 ζ

585 1956 686 2023 tio,
716 1969 839 2027 qua:
873 1953 1046 2009 solam
1079 1947 1410 2006 naturaliter
1439 1947 1609 2006 habet
1649 1947 1887 2004 actionis
1933 1944 2163 2000 faculta-

585 2058 719 2114 tem,
756 2049 929 2120 ipsam
955 2046 1335 2120 plenissimam
1376 2044 1497 2101 sine
1529 2040 1836 2097 voluntatis
1878 2036 2163 2110 proposito

583 2141 858 2197 actionem
881 2153 1232 2210 nequaquam
1262 2142 1445 2207 potest
1497 2132 1702 2190 habere
1735 2149 1749 2187 :
1801 2129 1944 2186 ratio
1977 2136 2161 2184 autem

583 2232 726 2289 bene
751 2231 1074 2298 exsistendi,
1101 2231 1272 2286 solam
1311 2228 1458 2284 hanc
1483 2226 1553 2283 de
1612 2225 1900 2281 voluntate
1955 2221 2164 2276 habens

584 2325 850 2384 naturalis
893 2322 1172 2379 facultatis
1220 2321 1518 2386 actionem,
1551 2317 1791 2389 {plenam
1845 2313 2163 2370 facultatem

587 2419 709 2476 sine
741 2427 939 2473 natura
971 2431 1200 2488 prorsus
1222 2429 1335 2470 non
1371 2412 1574 2469 habet:
1605 2425 1825 2482 semper
1857 2403 2162 2464 exsistendi

585 2511 827 2582 denique
852 2510 990 2564 ratio
1014 2524 1205 2565 earum
1229 2522 1352 2578 qua:
1405 2502 1849 2576 praegrediuntur
1893 2497 2164 2572 generali-

587 2611 674 2659 ter
693 2599 1162 2668 circumcludens,
1190 2597 1358 2654 unius
1387 2595 1612 2669 quidem
1662 2593 2001 2658 facultatem,
2026 2590 2165 2647 altc-

589 2693 707 2751 rius
726 2695 1020 2759 rationem,
1041 2707 1223 2763 neque
1250 2688 1579 2746 naturaliter
1598 2685 1826 2743 omnino
1857 2683 2162 2741 secundum

584 2788 898 2844 facultatem
928 2786 1072 2842 inest
1103 2783 1160 2841 in
1199 2784 1282 2841 eis
1301 2798 1424 2855 qua:
1461 2781 1754 2846 exsistunt,
1801 2794 1982 2851 neque
2032 2791 2162 2848 pro-

591 2880 745 2937 fectu
767 2879 837 2935 de
870 2891 940 2934 ne
951 2876 1206 2933 cessitate
1233 2889 1464 2948 prorsus
1491 2871 1792 2930 voluntatis
1814 2868 2161 2951 propositum

585 2973 840 3046 sequitur
874 2969 1173 3044 (quomodo
1198 2968 1347 3026 enim
1368 2967 1428 3024 in
1453 2968 1540 3024 eis
1561 2981 1685 3037 quae
1708 2963 1936 3020 initium
1963 2978 2164 3020 secun-

584 3065 717 3121 dum
753 3073 1006 3120 naturam
1027 3069 1083 3118 et
1117 3061 1282 3118 finem
1315 3066 1374 3117 et
1394 3059 1697 3116 motionem
1741 3056 1949 3114 habent
1978 3061 2163 3126 potest

585 3156 765 3211 inesse
792 3152 848 3208 id
883 3151 1031 3223 quod
1068 3166 1290 3222 semper
1313 3148 1534 3206 exsistit
1559 3157 1726 3218 atque
1770 3145 1993 3202 initium
2013 3151 2070 3198 et
2099 3141 2163 3196 fi-
2188 3191 2233 3253 α

583 3261 710 3303 nem
733 3261 844 3302 non
881 3241 1135 3314 habet?),
1167 3241 1266 3299 sed
1313 3241 1584 3298 terminus
1615 3247 1721 3304 est,
1760 3237 2014 3294 stabilem
2041 3235 2162 3291 red-

583 3338 722 3408 dens
751 3345 1004 3392 naturam
1044 3333 1272 3406 quidem
1314 3331 1626 3388 secundum
1671 3329 2012 3393 facultatem,
2064 3341 2163 3382 vor-

582 3427 857 3481 luntatem
934 3438 1070 3479 vero
1140 3420 1447 3478 secundum
1530 3419 1805 3475 actionem
1835 3458 1850 3484 ,
1903 3416 2163 3473 neutrius

585 3533 818 3588 prorsus
847 3515 1154 3573 secundum
1184 3530 1352 3588 quam
1381 3521 1468 3571 est
1486 3521 1838 3570 commutans
1862 3509 2159 3574 rationem,

582 3618 640 3668 ct
687 3611 949 3667 omnibus
982 3609 1169 3666 omnia
1216 3608 1416 3665 saecula
1458 3616 1515 3664 et
1559 3615 1811 3679 tempora
1866 3605 2161 3661 definiens.

581 3703 766 3776 Atque
790 3702 898 3759 hoc
923 3709 1008 3759 est
1032 3702 1284 3769 fortasse,
1305 3699 1387 3756 uti
1420 3699 1666 3766 videtur,
1701 3699 1836 3755 illud
1860 3697 2163 3755 Sabbatum

584 3797 811 3870 mystice
831 3795 1189 3861 celebratum,
1224 3804 1282 3850 et
1314 3809 1548 3866 magnus
1574 3793 1644 3850 de
1664 3793 1872 3850 divinis
1895 3793 2165 3865 operibus

584 3889 964 3963 requiescendi
1006 3887 1126 3946 dies
1155 3903 1203 3955 ι,
1255 3905 1378 3960 qua:
1418 3889 1728 3945 secundum
1759 3887 1994 3945 Genesis
2019 3887 2161 3943 scri-

582 3991 806 4054 pturam
833 3997 1014 4055 neque
1053 3979 1274 4039 initium
1304 3981 1683 4054 ncquefinem
1729 3997 1916 4053 neque
1938 3997 2168 4054 genera-

501 4083 503 4085 ’
585 4077 792 4133 tionem
845 4077 1056 4133 habere
1115 4074 1358 4142 videtur,
1401 4091 1597 4132 eorum
1648 4091 1774 4146 quae
1822 4074 2166 4131 definitionis

584 4185 648 4225 ac
674 4170 978 4226 mensionis
1005 4170 1252 4240 expertia
1297 4177 1429 4224 sunt
1478 4179 1605 4241 post
1637 4171 1936 4225 motionem
1970 4184 2164 4224 eorum

587 4277 711 4332 qua:
740 4262 797 4316 in
845 4276 1108 4315 mensura
1132 4259 1360 4315 definita
1386 4269 1517 4316 sunt
1541 4260 1932 4325 manifestatio,
1959 4269 2016 4315 et
2045 4259 2166 4315 infl-

582 4355 698 4410 nita
749 4369 944 4411 eorum
1002 4369 1124 4424 qua:
1191 4353 1587 4424 comprehendi
1657 4368 1721 4409 ac
1779 4353 2164 4410 circumscribi

584 4463 695 4503 non
747 4454 979 4518 possunt
1005 4455 1129 4516 post
1161 4446 1486 4516 qualitatem
1512 4461 1706 4502 eorum
1746 4463 1869 4518 quae
1907 4461 2164 4518 compre-

2264 1942 2325 2003 εὖ
2356 1942 2498 2003 εἶναι
2526 1949 2698 2024 αὐτὴν
2749 1952 2921 2025 μόνην
2960 1956 3257 2026 γνωμικῶς
3303 1956 3446 2027 ἔχων
3475 1957 3582 2028 τῆς
3613 1959 3855 2030 φυσικῆς

2261 2037 2548 2110 δυνάμεως
2571 2042 2672 2114 τὴν
2704 2043 2992 2116 ἐνέργειαν
3027 2085 3042 2111 ,
3072 2046 3252 2119 αὐτὴν
3282 2047 3586 2120 ὁλόκληρον
3625 2049 3729 2121 τὴν
3764 2050 3856 2104 δύο

2264 2147 2430 2203 ναμιν
2460 2132 2522 2187 τὸ
2546 2133 2768 2190 σύνολον
2812 2137 2984 2211 χωρὶς
3027 2139 3128 2193 οὐκ
3153 2138 3267 2212 ἔχει
3303 2141 3404 2212 τῆς
3446 2141 3664 2212 φῦσεως
3696 2162 3716 2175 ο
3745 2146 3776 2198 6
3796 2144 3853 2197 δὲ

2261 2223 2358 2278 τοῦ
2389 2224 2477 2279 ἀεὶ
2502 2221 2646 2282 εἶναι
2674 2227 2786 2282 τῶν
2809 2230 2916 2301 πρὸ
2945 2229 3114 2285 αὑτοῦ
3147 2233 3270 2288 καθ’
3297 2233 3425 2288 ὅλου
3455 2237 3850 2309 περιγράφων,

2262 2314 2360 2370 τοῦ
2409 2317 2509 2388 μὲν
2553 2318 2654 2392 τὴν
2691 2319 2951 2393 δύναμιν,
2981 2323 3079 2378 τοῦ
3124 2325 3183 2380 δὲ
3227 2325 3328 2399 τὴν
3376 2328 3686 2400 ἐνέργειαν,
3722 2329 3851 2384 οὔτε

2263 2408 2511 2476 φυσικῶς
2542 2412 2682 2466 κατὰ
2708 2411 2944 2486 δύναμιν
2979 2419 3095 2480 τοῖς
3117 2413 3269 2473 οὖσιν
3298 2419 3604 2493 ἐνυπάρχει
3659 2441 3854 2479 παντε-

2263 2498 2392 2564 λῶς,
2424 2499 2549 2559 οὔτε
2582 2502 2691 2576 μὴν
2724 2504 2784 2572 ἐξ
2809 2507 3057 2580 ἀνάγκης
3086 2510 3146 2563 τὸ
3176 2513 3444 2584 παράπαν
3465 2514 3685 2586 θελήσει
3705 2515 3851 2587 ’προ-

2264 2593 2537 2664 αιρέσεως
2568 2595 2792 2652 ἕπεται·
2831 2599 2951 2666 πῶς
2984 2601 3096 2675 γάρ
3137 2605 3249 2670 τοῖς
3277 2606 3452 2679 ἀρχὴν
3497 2608 3642 2662 κατὰ
3682 2610 3851 2680 φύσιν

2263 2686 2359 2740 καὶ
2383 2687 2538 2752 τέλος
2567 2689 2710 2744 κατὰ
2731 2690 2952 2765 κίνησιν
2981 2695 3200 2768 ἔχουσιν
3224 2690 3334 2753 οἷόν
3356 2717 3417 2754 τε
3455 2701 3656 2756 ἐνεῖναι
3683 2703 3749 2757 τὸ
3765 2705 3853 2758 ἀεὶ

2262 2778 2323 2834 ὃν
2347 2782 2442 2835 καὶ
2473 2783 2655 2856 ἀρχὴν
2702 2785 2799 2840 καὶ
2847 2787 3002 2854 τέλος
3047 2789 3148 2845 οὐκ
3190 2791 3353 2864 ἔχονς
3399 2795 3663 2868 ἁλλ’δρος
3690 2799 3849 2862 ἐστὶ,

2263 2874 2530 2946 στάσιμον
2577 2877 2753 2932 ποιῶν
2785 2879 2884 2953 τὴν
2931 2882 3032 2953 μὲν
3063 2883 3230 2954 φύσιν
3263 2888 3409 2942 κατὰ
3455 2889 3552 2962 τὴν
3579 2890 3848 2963 δύναμιν.

2261 2968 2364 3040 τὴν
2389 2968 2447 3023 δὲ
2477 2971 2801 3042 προαίρεσιν
2839 2976 2982 3031 κατά
3029 2977 3128 3050 τὴν
3182 2979 3485 3054 ἐνέργειαν,
3516 2983 3628 3038 οὐδ’
3650 2986 3851 3056 ἑτέρας

2261 3061 2510 3133 ἀμείϐων
2534 3067 2852 3123 παντάπασι
2881 3069 2974 3124 τὸν
2995 3071 3120 3127 καθ’
3145 3073 3206 3128 ὃν
3234 3077 3352 3129 ἐστι
3376 3076 3550 3146 λόγον,
3577 3079 3676 3133 καὶ
3709 3082 3850 3134 πᾶσι

2265 3153 2478 3220 πάντας
2507 3155 2713 3223 αίῶνάς
2761 3175 2822 3213 τε
2869 3161 2966 3215 καὶ
2997 3162 3229 3234 χρόνους
3271 3163 3492 3238 ὁρίζων.
3528 3167 3640 3222 Καὶ
3681 3168 3853 3223 τοῦτό

2263 3250 2433 3319 ἐστιν,
2487 3251 2565 3318 ῶς
2607 3249 2786 3325 οἶμαι,
2825 3256 2991 3328 τυχὸν
3031 3257 3092 3312 τὸ
3143 3260 3425 3330 μυστικῶς
3473 3261 3852 3334 εὐλογημένον

2260 3343 2563 3411 Σάδδατον,
2595 3348 2742 3420 καὶὴ
2772 3349 2982 3421 μεγάλη
3016 3350 3120 3422 τῆς
3143 3352 3254 3408 τῶν
3279 3353 3438 3408 θείων
3467 3354 3647 3426 ἔργων
3673 3375 3852 3412 κατα-

2261 3436 2517 3503 παύσεως
2564 3439 2768 3513 ἡμέρα,
2799 3444 2942 3509 ἥτις,
2975 3445 3117 3500 κατὰ
3143 3447 3246 3518 τὴν
3278 3447 3494 3520 γραφὴν
3511 3449 3612 3519 τῆς
3642 3468 3851 3522 κοσμο-

2261 3525 2500 3597 γενείας,
2524 3528 2647 3615 abte
2679 3531 2874 3606 ἀρχὴν,
2897 3531 3024 3589 οὔτε
3057 3537 3230 3606 τέλος,
3259 3539 3383 3594 οὔτε
3411 3540 3624 3610 γένεσιν
3649 3541 3852 3615 ἔχουσα

2263 3609 2596 3695 φαίνεται,ὴ
2651 3627 2791 3695 μετὰ
2835 3625 2938 3700 τὴν
2973 3627 3082 3686 τῶν
3125 3631 3186 3685 ὲν
3237 3633 3422 3707 μέτρῳ
3465 3609 3851 3709 διωρισμένων

2263 3715 2478 3786 κίνησιν
2516 3717 2626 3772 τῶν
2652 3719 2797 3793 ὑπὲρ
2821 3720 2947 3791 ὅρον
2993 3722 3088 3778 καὶ
3134 3724 3399 3798 μέτρησιν
3435 3727 3727 3799 ἔκφανσις,
3758 3733 3851 3786 καὶ

2264 3809 2298 3880 ή
2347 3807 2486 3881 μετὰ
2520 3809 2621 3883 τὴν
2676 3813 2785 3867 τῶν
2830 3817 3233 3888 κεχωρημένων
3264 3818 3358 3870 καὶ
3391 3825 3851 3894 περιγεγραμμέ-

2263 3918 2375 3956 νων
2395 3903 2670 3976 ποσότητα
2697 3906 2805 3961 τῶν
2826 3908 3124 3982 άχωρήτων
3152 3911 3243 3964 καὶ
3266 3912 3669 3985 άπεριγράφων
3692 3918 3851 3972 ἄπει-

2265 4012 2359 4066 ρος
2411 3996 2698 4069 ταύτότης.
2741 3999 2830 4065 Ὠς
2868 4002 2936 4056 ἂν
2987 4002 3082 4057 οὖν
3116 4005 3150 4074 ἡ
3186 4007 3327 4059 κατὰ
3379 4007 3709 4079 προαίρεσιν
3761 4010 3850 4063 ἐν.

2265 4087 2459 4160 έργεια
2483 4092 2752 4162 χρήσαιτο
2789 4096 2854 4165 τῇ
2904 4094 3134 4168 δυνάμει
3167 4098 3268 4169 τῆς
3293 4098 3527 4169 φύσεως,
3559 4102 3676 4157 εἴτε
3708 4104 3852 4158 κατὰ

2269 4179 2454 4251 φύσιν,
2489 4183 2599 4236 εἴτε
2651 4184 2805 4255 παρὰ
2852 4186 3036 4256 φύσιν,
3062 4187 3124 4243 τὸ
3168 4191 3288 4262 ευῆ
3343 4191 3405 4246 τὸ
3441 4191 3545 4260 φεῦ
3603 4191 3752 4249 εἷναι
3791 4197 3850 4250 τὸ

2264 4273 2442 4346 πέρας
2477 4274 2648 4348 αὐτὴν
2687 4276 2918 4348 ἔχουσαν
2960 4279 3302 4348 ὑποδέξεται,
3336 4283 3473 4356 ὅπερ
3506 4285 3629 4340 ἐστὶ
3667 4288 3731 4341 τὸ
3761 4288 3850 4342 ἀεὶ

2263 4359 2429 4429 εἷναι,
2458 4366 2517 4420 ὲν
2539 4359 2584 4436 ᾧ
2607 4369 3025 4436 σαϐϐατίζουσιν
3061 4373 3118 4428 αί
3141 4373 3332 4446 ψυχαὶ,
3368 4377 3551 4448 πάσης
3582 4377 3850 4434 λαϐοῦσαι

2263 4456 2476 4513 παῦλαν
2509 4461 2794 4532 κινήσεως.
2840 4463 3030 4536 Ὀγδόη
3062 4467 3158 4520 καὶ
3185 4467 3401 4539 πρώτη,
3426 4469 3630 4540 μᾶλλον
3659 4471 3719 4525 δὲ
3747 4474 3851 4544 μία

582 4541 752 4596 hensa
776 4547 833 4595 et
857 4538 1276 4610 circumscripta
1325 4548 1456 4596 sunt
1508 4539 1790 4596 identitas.
1821 4539 1958 4598 Utut
1990 4540 2157 4613 igitur

2263 4549 2359 4604 καὶ
2377 4553 2738 4618 ,ἀκατάλυτος
2765 4555 2949 4628 ἡμέρα
2985 4561 3002 4627 (
3028 4557 3190 4630 255
3214 4561 3280 4632 b)
3311 4564 3344 4631 ἡ
3387 4538 3701 4634 ἀκραιφνὴς
3729 4538 3848 4617 ἐ-στι

581 4631 883 4689 voluntatis
913 4631 1059 4688 actio
1093 4631 1353 4688 facultate
1413 4642 1626 4688 naturae
1658 4632 1854 4699 utitur,
1897 4634 2015 4689 sive
2068 4649 2158 4689 se-

579 4725 823 4781 cundum
852 4735 1127 4790 naturam,
1160 4725 1276 4781 sive
1312 4733 1508 4781 contra
1545 4735 1822 4791 naturam,
1870 4726 2030 4781 home
2064 4736 2161 4782 aut

579 4819 1144 4876 miseraeexsistentiae
1171 4818 1338 4875 tinem
1370 4821 1643 4891 suscipiet
1675 4836 1800 4877 eam
1830 4821 2156 4890 habentem,

578 4929 701 4984 quae
733 4923 821 4970 est
849 4913 1194 4983 sempiterna
1221 4913 1568 4979 cxsistentia,
1613 4913 1668 4969 in
1704 4929 1815 4985 qua
1853 4913 2160 4970 Sabbatum

578 5007 864 5064 celebrant
889 5006 1088 5062 anima:
1117 5006 1187 5061 ab
1237 5005 1389 5062 omni
1415 5006 1664 5062 motione
1709 5009 2154 5078 rcquiescentes.

579 5101 784 5156 Octava
813 5107 869 5154 et
892 5097 1091 5169 prima,
1128 5097 1218 5154 vel
1241 5097 1428 5169 potius
1453 5113 1563 5154 una
1583 5107 1640 5154 et
1669 5114 1781 5154 non
1809 5098 2160 5156 dissolvenda

579 5188 700 5244 dies
714 5204 888 5260 purus
919 5197 1027 5256 cst,
1059 5189 1356 5261 omniaque
1389 5191 1511 5246 luce
1536 5205 1636 5257 sua
1689 5192 2028 5247 collustrans
2059 5193 2155 5248 Dei

578 5282 870 5346 adventus,
899 5281 994 5352 qui
1022 5293 1146 5352 post
1173 5298 1360 5338 rerum
1386 5291 1663 5338 motarum
1702 5285 2001 5340 stationem
2026 5297 2158 5339 cve-

579 5367 681 5441 nit,
703 5381 760 5430 et
782 5374 865 5429 eis
895 5374 1122 5444 quidem
1144 5374 1241 5445 qui
1273 5375 1576 5431 exsistendi
1601 5377 1820 5433 ratione
1843 5377 2154 5434 secundum

576 5477 832 5524 naturam
848 5468 1134 5524 voluntate
1161 5467 1372 5525 fuerint
1429 5468 1536 5535 usi,
1571 5475 1720 5526 totus
1754 5473 2154 5530 convenienter

578 5566 712 5620 totis
740 5563 988 5628 advenit,
1022 5573 1189 5634 atque
1222 5563 1422 5618 bonam
1447 5563 1827 5620 exsistentiam
1853 5566 2149 5638 sempiter-

573 5669 703 5711 nam
731 5653 816 5709 sui
840 5653 1266 5726 participatione
1306 5663 1363 5710 ct
1409 5655 1802 5712 communione
1844 5658 2053 5728 praebet
2087 5669 2149 5716 ut

645 5847 673 5878 ι
707 5838 842 5894 Gen.
872 5854 930 5903 ιι,
963 5839 1016 5893 2.

2262 4641 2360 4696 τοῦ
2378 4643 2513 4698 Θεοῦ
2532 4645 2626 4699 καὶ
2645 4647 2912 4719 παμφαὴς
2933 4652 3226 4722 παρουσία,
3255 4653 3391 4722 μετὰ
3411 4655 3514 4725 τὴν
3534 4655 3643 4708 τῶν
3662 4674 3850 4710 κινου⁸

2268 4736 2446 4806 μένων
2499 4738 2688 4793 στάσιν
2737 4740 2995 4812 γινομένη
3023 4783 3037 4808 ,
3069 4745 3164 4797 καὶ⁵
3195 4747 3309 4810 τοῖς
3344 4747 3443 4816 μὲν
3471 4747 3552 4818 τῷ
3579 4747 3674 4802 τοῦ
3706 4746 3848 4803 εἶναι

2263 4828 2407 4901 λόγῳ
2457 4832 2601 4885 κατὰ
2650 4833 2814 4902 φύσιν
2861 4837 3265 4907 προαιρετικῶς
3301 4841 3694 4912 χρησαμένοις,
3724 4843 3846 4896 ὅλου

2264 4923 2657 4994 προσηκόντως
2678 4923 2820 4990 ὅλοις
2851 4926 3266 4998 ἐπιδημοῦντος,
3300 4931 3478 4986 καὶτὸ
3509 4935 3597 4988 άεὶ
3617 4929 3680 4988 εὖ
3706 4933 3847 4990 εἶναι

2267 5014 2607 5086 παρέχοντος
2635 5015 2724 5070 διὰ
2752 5017 2852 5088 τῆς
2885 5017 3098 5083 οἰκείας
3125 5023 3382 5093 μετοχῆς,
3413 5023 3491 5088 ὡς
3537 5024 3706 5097 μόνου
3744 5045 3848 5081 κυ-

2269 5105 2400 5176 ρίως
2427 5107 2522 5161 καὶ
2542 5108 2696 5174 ὄντος
2725 5109 2822 5164 καὶ
2848 5111 2936 5164 ἀεὶ
2975 5111 3126 5178 ὗντος
3169 5117 3263 5167 καὶ
3317 5112 3377 5171 εὖ
3419 5117 3594 5184 ὄντος,
3623 5122 3742 5184 τοῖς
3788 5121 3848 5174 δὲ

2265 5200 2418 5270 παρὰ
2447 5198 2612 5268 φύσιν
2643 5201 2723 5272 τῷ
2753 5200 2851 5256 τοῦ
2869 5196 3009 5257 εἶναι
3039 5203 3183 5275 λόγῳ
3221 5209 3521 5278 γνωμικῶς
3559 5214 3847 5283 χρησαμέο

2262 5307 2396 5357 νοις,
2419 5291 2538 5345 ἀντὶ
2558 5291 2651 5346 τοῦ
2670 5289 2730 5347 εὖ
2752 5293 2812 5347 τὸ
2825 5296 2912 5350 ἀεὶ
2934 5295 3036 5366 φεῦ
3059 5293 3199 5353 εἶναι
3228 5301 3368 5355 κατὰ
3389 5303 3446 5356 τδ
3471 5304 3616 5366 είκὺς
3639 5305 3851 5360 ἀπονέ-

2264 5400 2476 5454 μοντος,
2488 5383 2563 5447 ὼς
2578 5385 2678 5440 οὐκ
2692 5387 3032 5454 δντοςαύτοίς
3043 5391 3227 5447 λοιπὸν
3236 5396 3484 5468 χωρητοῦ
3500 5397 3592 5452 τοῦ
3610 5393 3668 5453 εὖ
3683 5396 3847 5461 εἷναι,

2259 5477 2518 5542 ἐναντίως
2534 5479 2671 5551 πρὸς
2689 5479 2820 5534 αὐτὸ
2831 5482 3212 5552 διακειμένοις,
3233 5487 3326 5540 καὶ
3342 5471 3553 5560 κίνησιν
3571 5493 3852 5557 παντελῶς

2255 5569 2357 5626 οὐκ
2383 5570 2565 5643 έχουσι
2595 5572 2734 5645 μετὰ
2756 5573 2855 5645 τὴν
2885 5573 2976 5627 τοῦ
3000 5574 3333 5647 ζητουμένου
3369 5580 3694 5652 φανέρωσιν,
3725 5583 3853 5638 καθ’

2254 5664 2323 5738 ἦν
2343 5667 2453 5729 τοῖς
2477 5664 2702 5737 ζητοῦσι
2728 5665 2936 5736 πέφυκε
2965 5666 3331 5737 φανεροῦσθαι
3364 5669 3426 5723 τὸ
3459 5668 3712 5744 ζητητόν.
