4080 6282
607 343 631 407 l
654 345 741 410 395
1790 346 1851 407 S.
1891 345 2178 407 MAXIMI
2205 347 2735 411 .CONFESSORIS
3742 348 3876 413 ιεεδ

600 458 799 512 lterum
828 471 928 528 per
948 456 1322 529 septenarium
1350 454 1712 528 signiﬁcetur,
1736 470 1805 512 eo
1828 456 1976 527 quod
2002 464 2179 526 septe.

2289 459 2438 524 ἐντὸς
2465 461 2690 527 δεκάδος
2720 459 2970 534 ἀριθμῶν
3002 465 3164 535 μόνος
3187 458 3342 530 οὗτος
3370 464 3495 518 οὔτε
3526 464 3718 534 γεννᾷ,
3750 461 3875 515 οὔτε

597 549 790 604 narius
811 564 1075 605 numerus
1094 549 1251 620 virgo
1273 548 1365 604 sit.
1387 547 1646 604 Omnium
1671 546 1820 603 enim
1847 547 1992 602 intra
2014 546 2179 602 deca-

2285 552 2565 618 γεννᾶται.
2594 551 2767 606 Τοῦτο
2796 553 2854 608 δὲ
2882 555 3070 621 σαφῶς
3104 556 3439 610 ἐνδείκνυται
3465 552 3685 619 διεξιὼν
3724 554 3787 605 ὲν
3808 555 3875 622 τῇ

595 641 724 697 dem
747 656 1041 697 numerum
1068 641 1117 697 is
1146 642 1298 697 solus
1322 656 1433 697 non
1462 650 1711 713 generat,
1739 655 1919 711 neque
1948 650 2179 711 generat-

2287 639 2457 712 βίϐλῳ
2502 640 2611 695 τῶν
2660 642 2808 697 ὲπῶν
2838 644 2979 711 Περὶ
3010 645 3337 715 παρθενίας
3356 687 3371 711 ,
3422 644 3627 698 οὑτωσὶ
3674 641 3872 711 λέγων,

596 741 707 789 tur.
745 732 904 801 Quod
950 734 1098 789 clare
1145 734 1490 789 demonstrat
1537 741 1881 804 pertractans
1928 732 1983 786 in
2034 731 2179 788 libro

2291 752 2310 785 ι
2348 731 2549 807 Πρώτη
2577 736 2847 807 παρθένος
2887 735 3040 791 ἔστὶν
3072 738 3214 810 ἁγνὴ
3252 738 3447 811 Τριας.
3471 756 3492 790 ι

591 826 838 883 carmine
869 826 1078 898 scripto
1109 825 1186 880 De
1218 826 1549 896 virginitate,
1580 824 1672 880 ubi
1705 824 1841 881 dicit
1873 831 1891 879 ἐ
1932 843 1950 876 ι
1990 823 2177 879 Prima

593 919 749 991 virgo
775 927 860 976 est
890 929 1079 976 sancta
1109 919 1372 975 Trinitas.
1405 938 1425 971 ι

985 1109 1105 1165 Alia
1135 1111 1190 1165 in
1221 1109 1359 1163 idem
1391 1108 1790 1181 contemplatio.

665 1227 762 1285 Vel
792 1228 958 1284 etiam
989 1227 1044 1282 in
1072 1227 1221 1282 hunc
1246 1226 1494 1281 modum.
1523 1226 1662 1283 Cum
1692 1233 1882 1281 sancta
1910 1222 2183 1280 Trinitatc

591 1324 823 1396 mystice
849 1322 971 1393 ejus
993 1321 1157 1376 simul
1184 1321 1408 1377 intuens
1430 1319 1616 1376 animo
1637 1318 1923 1384 virtutem,
1948 1316 2180 1383 bonum,

592 1416 850 1486 inquam,
884 1414 1032 1485 quod
1076 1414 1366 1486 generales
1409 1421 1651 1485 quatuor
1689 1411 1927 1467 virtutes
1972 1425 2181 1480 reprte-

589 1517 791 1575 scntat,
814 1509 1189 1578 septenarium
1217 1507 1520 1578 complebis
1542 1520 1858 1561 numerum.
1879 1502 2019 1559 Cum
2050 1517 2177 1557 san-

589 1610 679 1657 cta
735 1601 941 1657 ctenim
994 1613 1053 1657 et
1098 1600 1541 1657 concelebranda
1594 1598 1855 1654 laudibus
1903 1595 2181 1652 Trinitate

588 1696 721 1751 dum
746 1695 976 1767 mystice
997 1694 1162 1751 simul
1190 1694 1475 1750 intuemur
1495 1692 1757 1747 virtutem
1781 1690 1976 1762 ipsius,
1996 1695 2180 1758 septe-

586 1789 809 1845 narium
834 1788 1103 1860 virginem
1129 1802 1426 1843 numerum
1449 1798 1924 1842 consummamus.

2203 1904 2271 1917 —

2604 1108 2785 1163 ’Άλλο
2827 1107 3101 1178 θεώρημα
3150 1106 3239 1171 είς
3270 1102 3341 1160 τὸ
3374 1104 3548 1161 αὑτό.

2354 1225 2428 1278 Ἢ
2462 1224 2557 1279 καὶ
2583 1224 2779 1289 οὕτως.
2808 1224 2888 1298 Τῇ
2925 1224 3059 1297 ἁγίᾳ
3085 1223 3277 1297 Τριάδι
3301 1221 3585 1296 μυστικῶς
3611 1221 3697 1293 τῷ
3730 1221 3876 1292 λόγῳ

2280 1315 2381 1389 τὴν
2417 1314 2594 1387 αὐτῆς
2629 1316 3013 1390 ὲπιθεωρήσας
3039 1317 3344 1389 ἐνέργειαν,
3375 1315 3521 1386 φημὶ
3551 1313 3611 1367 δὲ
3639 1314 3706 1368 τὸ
3737 1315 3871 1381 ἀγα-

2282 1408 2376 1464 θὸν
2401 1409 2539 1481 ὅπερ
2567 1409 2666 1474 τὰς
2689 1410 2963 1482 τέσσαρας
2990 1408 3249 1481 ἐμφαίνει
3272 1407 3499 1478 γενικὰς
3529 1405 3763 1478 ἀρετὰς,
3785 1406 3871 1459 τὸν

2285 1502 2429 1558 ἑπτὰ
2467 1501 2781 1573 πληρώσεις
2824 1502 3079 1574 ἀριθμόν.
3116 1502 3196 1575 Τῇ
3235 1501 3347 1574 γὰρ
3387 1500 3523 1572 ἁγίᾳ
3564 1502 3688 1567 ικαὶ
3740 1515 3871 1552 πακ-

2286 1595 2515 1667 υμνήτῳ
2547 1596 2742 1666 Τριὰδι
2772 1595 2960 1667 (256
2996 1595 3049 1664 ὁ)
3089 1594 3369 1667 μυστικῶς
3394 1594 3496 1664 τὴν
3546 1592 3722 1663 αὐτῆς
3752 1593 3869 1644 ἑπι-

2287 1686 2625 1759 θεωροῦντες
2656 1688 2940 1761 ἐνέργειαν
2970 1687 3063 1742 τὸν
3092 1685 3235 1741 ἑπτὰ
3262 1684 3534 1757 παρθένον
3566 1682 3868 1755 ἀπαρτίζο-

2289 1796 2388 1849 μεν
2417 1781 2673 1853 ἀριθμόν.

594 1973 677 2030 Ls
715 1975 894 2029 eodem
928 1989 1190 2040 sermone,
1217 1974 1275 2028 in
1306 1972 1443 2029 illud
1478 1989 1497 2029 :
1542 1990 1562 2026 ι
1597 1972 1749 2028 Jesus
1780 1987 1902 2027 vero
1935 1971 2064 2042 ipse,
2088 1971 2178 2042 qui

2291 1972 2397 2028 Ἐκ
2434 1971 2542 2026 τοῦ
2578 1968 2769 2025 αὐτοῦ
2792 1970 3001 2040 λόγου,
3032 1970 3121 2034 εις
3141 1967 3208 2022 τό
3231 1983 3244 1995 ·
3282 1962 3517 2035 Ἰησοῦς
3560 1960 3634 2016 δὲ
3658 1961 3868 2027 αὐτὸς,

659 2082 795 2137 pura
853 2066 1101 2137 perfectio
1151 2074 1263 2132 est,
1308 2066 1549 2137 quinque,
1592 2064 1817 2135 panibus
1871 2064 1927 2118 in
1978 2063 2181 2117 deserto

659 2161 890 2231 quinque
926 2160 1199 2216 hominum
1237 2159 1412 2215 millia
1453 2160 1657 2214 nutrire
1696 2158 1860 2224 novit,
1894 2174 1957 2212 ac
1996 2174 2181 2213 rursus

658 2260 858 2322 septem
902 2251 1127 2322 panibus
1172 2259 1403 2323 quatuor
1445 2248 1637 2304 millia.
1674 2249 1844 2319 Atque
1884 2249 2183 2303 saturitatis

661 2343 901 2415 reliquie
930 2343 1040 2399 illic
1070 2343 1281 2415 quidem
1314 2342 1585 2397 duodecim
1621 2343 1860 2413 cophini.
1887 2345 1971 2397 hic
2005 2353 2183 2397 autem

658 2446 862 2508 septem
911 2446 1109 2501 sporta:
1134 2446 1181 2490 ι.
1227 2434 1523 2500 Neutrum,
1566 2436 1775 2506 opinor,
1823 2444 2049 2501 temere,
2092 2454 2184 2492 nec
2222 2496 2225 2497 ν

662 2529 824 2583 aliter
853 2546 1014 2600 quam
1042 2526 1247 2599 Spiritu
1271 2524 1491 2598 dignum
1520 2536 1655 2582 erat.
1688 2545 1706 2578 ι

663 2640 1036 2696 Exercitatam
1067 2640 1181 2712 jam
1217 2641 1285 2696 ad
1318 2639 1813 2710 contemplativum
1844 2640 2095 2697 habitum
2125 2640 2182 2695 in

592 2732 677 2788 eis
720 2748 844 2803 quae
884 2730 1137 2803 copiose,
1173 2740 1236 2787 ut
1285 2731 1403 2788 fieri
1453 2732 1663 2802 potuit,
1697 2731 1977 2803 disputata
2021 2743 2181 2799 sunt,

591 2839 826 2895 quaeque
878 2824 989 2896 jam
1032 2823 1412 2894 anticiparunt
1450 2824 1658 2894 ipsam,
1688 2834 1929 2881 mentem
1970 2840 2182 2881 sermo-

594 2933 727 2974 num
762 2917 952 2988 copia,
984 2916 1029 2971 si
1064 2915 1308 2982 videtur,
1339 2931 1409 2971 ne
1445 2931 1768 2988 gravemus,
1800 2932 1928 2973 cum
1963 2918 2178 2973 divina-

593 3013 718 3067 rum
745 3025 933 3066 rerum
960 3008 1030 3066 de
1057 3009 1302 3081 reliquo,
1332 3010 1419 3066 vel
1454 3009 1510 3065 in
1539 3010 1930 3082 compendium
1959 3021 2181 3067 contra-

594 3112 847 3169 ctarum,
910 3101 1438 3174 contemplationem
1498 3101 1677 3173 perite
1735 3116 1932 3181 capere
1991 3111 2180 3173 queat.

594 3196 900 3252 Hordeacei
933 3196 1103 3268 igitur
1128 3195 1376 3266 quinque
1408 3209 1580 3265 panes
1613 3194 1883 3250 naturalis
1913 3194 2183 3250 denotant

2354 2069 2397 2137 ἡ
2432 2067 2661 2136 καθαρὰ
2692 2068 3019 2135 τελειότης,
3057 2061 3185 2121 οἶδε
3216 2062 3334 2134 μὲν
3368 2062 3613 2132 τρέφειν
3638 2062 3713 2116 ἐν
3735 2061 3869 2129 ἐρη-

2350 2161 2462 2232 μίᾳ
2507 2159 2607 2215 καί
2649 2158 2832 2215 πέντε
2871 2158 3077 2228 ἄρτοις
3117 2155 3667 2224 πεντακισχιλίους
3691 2195 3708 2219 ,
3745 2149 3869 2207 οἶδε

2354 2255 2424 2310 δὲ
2471 2253 2663 2309 πάλιν
2713 2253 2811 2308 καί
2857 2250 3009 2306 ἑπτὰ
3046 2247 3616 2319 τετρακισχιλίους·
3661 2246 3761 2299 καὶ
3799 2244 3869 2299 τὰ

2354 2347 2463 2402 τοῦ
2492 2347 2674 2414 κόρου
2724 2344 2993 2414 ,λείψανα
3039 2341 3170 2396 ἐκεῖ
3193 2340 3310 2411 μὲν
3334 2338 3570 2393 δώδεκα
3606 2338 3865 2405 κόφινοι,

2354 2433 2617 2495 ἐνταῦθα
2660 2437 2731 2492 δὲ
2784 2435 3082 2504 σπυρίδες
3126 2433 3192 2496 ζ’.
3238 2430 3573 2500 Οὺθέτερογ
3633 2431 3868 2499 ἀλόγως

2355 2529 2536 2605 οἶμαι,
2574 2530 2712 2589 οὐδὲ
2735 2530 3001 2597 ἀναξίως
3035 2528 3143 2585 τοῦ
3172 2524 3548 2598 Πνεύματος.

2355 2645 2777 2720 Γυμνασθεῖσαν
2819 2644 2922 2717 ἤδη
2954 2644 3094 2717 πρὸς
3132 2642 3481 2714 θεωρητικὴν
3511 2639 3630 2708 ἕξιν
3658 2639 3721 2692 ἐν
3756 2638 3865 2701 τοῖς

2283 2735 2622 2810 προλασοῦσι
2656 2734 2746 2790 διὰ
2772 2734 3032 2799 πλάτους,
3076 2733 3153 2799 ὡς
3196 2727 3310 2788 οἷόν
3341 2749 3402 2788 τε
3430 2727 3519 2804 ἦν,
3548 2730 3865 2803 εἰρημένοις

2282 2827 2381 2900 τὴν
2423 2827 2688 2889 διάνοιαν,
2725 2823 2921 2897 πλήθει
2948 2823 3127 2893 λόγων
3153 2822 3347 2895 αὐτὴν,
3384 2823 3432 2876 εί
3464 2823 3634 2887 δοκεῖ,
3665 2820 3748 2891 μὴ
3777 2818 3868 2889 βαο

2287 2921 2567 2993 ρήσωμεν,
2597 2918 2906 2989 δυναμένην
2952 2916 3142 2971 λοιπὸν
3188 2917 3283 2970 καὶ
3323 2916 3443 2969 κατ’
3474 2913 3749 2983 ἐπιτομὴν
3773 2914 3868 2982 τὴν

2281 3013 2393 3068 τῶν
2428 3011 2592 3066 θείων
2624 3010 3009 3081 ἐπιστημόνως
3055 3009 3309 3081 δέχεσθαι
3351 3006 3608 3080 θεωρίαν.
3656 3007 3727 3059 Οἱ
3760 3005 3869 3075 κρί-

2283 3105 2420 3160 θινοι
2461 3103 2752 3177 τοιγαροῦν
2797 3103 2960 3157 πέντε
3010 3103 3168 3175 ἄρτοι
3217 3102 3346 3166 τοὺς
3398 3099 3736 3173 προχείρους
3772 3098 3869 3168 τῆς

2284 3202 2523 3271 φυσικῆς
2548 3198 2784 3271 θεωρίας
2816 3195 3192 3271 παραδηλοῦσι
3222 3196 3435 3265 λόγους.
3468 3195 3531 3249 Ui
3556 3194 3620 3248 δὲ
3658 3192 3870 3256 τούτοις

593 3287 1078 3359 contemplationis
1137 3296 1301 3342 notas
1359 3285 1625 3341 rationes.
1680 3284 1938 3356 Quinque
1993 3296 2178 3343 autem

2282 3293 2610 3365 τρεφόμενοι
2643 3292 3079 3364 πεντακισχίλιοι
3115 3291 3310 3364 ἄνδρες
3354 3291 3482 3355 τοὺς
3524 3290 3661 3361 περὶ
3708 3288 3869 3358 φύσιν

592 3380 767 3437 millia
816 3380 1104 3435 hominum
1147 3378 1240 3450 qui
1279 3379 1371 3440 .eis
1420 3380 1476 3434 in
1528 3378 1749 3434 deserto
1800 3379 2029 3436 aluntur
2075 3394 2172 3435 eos

2286 3388 2385 3457 μὲν
2414 3384 2793 3457 κινουμένους,
2828 3383 2985 3439 οὔπω
3006 3384 3065 3439 δὲ
3095 3385 3274 3455 πάντη
3304 3384 3404 3454 τῆς
3440 3382 3567 3454 περὶ
3602 3383 3667 3435 τὺ
3691 3382 3869 3453 παθη·

593 3474 905 3545 signilicant
945 3472 1043 3544 qui
1083 3472 1231 3529 circa
1275 3482 1528 3528 naturam
1572 3471 1798 3543 quidem
1846 3482 2172 3537 moventur,

593 3562 691 3618 sed
722 3562 967 3617 nondum
1000 3562 1223 3633 penitus
1247 3570 1377 3618 sunt
1402 3562 1472 3618 ab
1500 3563 1729 3618 relativa
1758 3562 1813 3618 in
1844 3563 2089 3634 passibili
2120 3572 2177 3619 et

584 3654 901 3710 sil-rationali
961 3654 1157 3710 animm
1217 3663 1372 3725 parte
1429 3654 1647 3728 purgati
1708 3655 2021 3712 affectione;
2085 3656 2177 3713 Sic

592 3746 742 3802 enim
777 3746 1045 3803 docemur
1078 3747 1136 3801 in
1172 3746 1259 3802 his
1293 3747 1602 3803 rationibus
1634 3749 2076 3819 contemplandis
2108 3765 2177 3807 eo

591 3839 740 3909 quod
776 3839 846 3895 de
885 3838 1095 3895 hordeo
1138 3847 1269 3895 sunt
1306 3838 1387 3895 illi
1425 3852 1625 3909 panes,
1656 3839 1805 3910 quod
1844 3856 2022 3913 genus
2057 3840 2176 3896 fru—

590 3931 764 3987 menti
793 3931 954 3987 cibus
984 3931 1181 3987 bestiis
1208 3938 1293 3987 est
1318 3946 1444 3987 cum
1477 3930 1800 3987 hominibus
1832 3934 2175 4000 communis,

588 4034 647 4081 et
686 4025 835 4097 quod
874 4040 1001 4081 cum
1042 4024 1373 4081 mulieribus
1410 4033 1570 4080 erant
1611 4032 1778 4095 atque
1816 4024 2028 4081 liberis.
2062 4024 2179 4082 lloc

590 4119 739 4173 cnim
777 4118 925 4174 clare
966 4117 1213 4173 ostendit
1243 4130 1341 4173 eos
1368 4132 1482 4173 non
1515 4116 1789 4172 alienatos
1818 4116 1979 4187 plane
2007 4117 2179 4185 fuisse

589 4228 622 4266 a
645 4210 1017 4281 voluptuariis
1050 4208 1452 4279 cupiditatibus
1482 4216 1540 4263 et
1567 4207 1636 4263 ab
1672 4208 1910 4263 infantili
1943 4224 2010 4264 ac
2037 4226 2177 4266 vana

591 4303 991 4374 cogitationum
1053 4301 1381 4357 stoliditate.
1424 4300 1715 4357 Desertum
1766 4316 1901 4357 vero
1954 4312 2041 4358 est
2088 4303 2179 4361 hic

590 4395 866 4457 mundus,
913 4395 971 4449 in
1018 4410 1130 4466 quo
1170 4392 1269 4450 eis
1293 4393 1387 4465 qui
1434 4409 1537 4465 per
1577 4394 1885 4451 naturalem
1928 4406 2180 4452 contem-

591 4486 892 4556 plationem
941 4485 1089 4542 circa
1134 4486 1308 4555 Deum
1352 4495 1771 4544 commoventur
1812 4486 1909 4545 Dei
1953 4488 2177 4557 Sermo,

589 4580 805 4628 natura:
847 4574 1096 4631 rationes
1140 4574 1506 4645 spiritualiter
1542 4576 1923 4649 confringens,
1959 4595 2181 4635 omnem

2273 3479 2429 3534 τικδν
2474 3478 2574 3533 καὶ
2619 3478 2818 3545 ἄλογον
2871 3478 2973 3550 τῆς
3017 3476 3200 3548 ψυχῆς
3265 3475 3431 3547 μέρος
3490 3474 3869 3545 ὲκκαρθέντας

2278 3569 2541 3642 exactrix;
2591 3569 2893 3635 διαθέσεως
2949 3569 3305 3641 ἐμφαίνουσι.
3347 3568 3438 3633 Ὠς
3485 3568 3629 3621 νοεῖν
3676 3567 3865 3621 δίδωσι

2277 3666 2391 3728 τοῖς
2420 3663 2532 3717 τῶν
2576 3661 2841 3718 τοιούτων
2892 3662 3070 3732 λόγων
3114 3662 3353 3733 θεάμασι
3385 3661 3451 3715 ὲκ
3483 3658 3687 3732 κριθῆς
3734 3656 3868 3714 εἶναι

2275 3758 2406 3820 τοὺς
2434 3754 2654 3829 ἄρτους,
2692 3755 2874 3811 κοινὸν
2903 3754 2963 3809 δὲ
2997 3754 3161 3809 τοῦτο
3184 3752 3400 3826 κτηνῶν
3424 3769 3484 3806 τε
3527 3753 3623 3805 καὶ
3659 3751 3868 3823 ἀνθρώ-

2278 3867 2399 3905 πων
2425 3845 2567 3915 εῶος
2605 3848 2842 3920 ὑπάρχει
2879 3848 3110 3920 τροφῆς,
3147 3847 3244 3902 καὶ
3282 3846 3342 3901 τὺ
3378 3846 3477 3901 σὺν
3507 3846 3764 3915 γυναιξὶν
3791 3843 3866 3897 εἴ·

2278 3957 2367 3995 ναι
2410 3938 2509 3994 καὶ
2540 3938 2919 4009 actutm-67:59
2946 3935 3101 4009 δηλοῖ
3133 3934 3319 4006 σαφῶς
3352 3934 3426 4006 μὴ
3453 3934 3560 3989 τῶν
3589 3934 3727 3988 καθ’
3752 3933 3869 4003 ἡδο-

2279 4030 2376 4103 νὴν
2406 4028 2690 4093 παντελῶς
2716 4022 3030 4098 ἐπιθυμιῶν
3073 4024 3170 4080 καὶ
3195 4024 3295 4095 τῆς
3325 4020 3549 4085 ἀτελοῦς
3576 4020 3695 4073 τῶν
3719 4020 3865 4087 λογι-

2281 4122 2438 4193 σμῶν
2475 4121 2807 4194 νηπιότητος
2840 4120 3040 4183 αὐτοὺς
3064 4114 3487 4190 ἠλλοτριῶσθαι.
3539 4112 3603 4166 'll
3643 4112 3705 4166 δὲ
3732 4112 3862 4182 ἐρη-

2283 4216 2385 4288 μός
2428 4214 2580 4269 ἐστιν
2623 4215 2654 4268 ὁ
2691 4214 2897 4286 κόσμος
2925 4208 3101 4278 οὗτος,
3141 4212 3201 4265 ὲν
3227 4203 3273 4279 ᾧ
3304 4210 3418 4273 τοῖς
3456 4205 3546 4260 διὰ
3572 4205 3680 4276 τῆς
3710 4221 3865 4274 φυσι-

2281 4308 2389 4381 κῆς
2427 4308 2666 4381 θεωρίας
2694 4307 2826 4379 περὶ
2856 4305 2919 4360 τὸ
2944 4304 3088 4361 θεῖον
3112 4302 3458 4374 κινουμένοις
3482 4299 3611 4363 τοὺς
3632 4298 3736 4369 τῆς
3766 4295 3862 4365 φύε

2283 4419 2425 4466 σεως
2453 4398 2843 4472 πνευματικῶς
2888 4395 3240 4469 διαθρύπτων
3283 4392 3479 4463 λόγους
3518 4392 3549 4445 δ
3587 4390 3690 4444 τοῦ
3727 4387 3860 4443 Θεοῦ

2284 4496 2457 4566 Λόγος
2488 4496 2672 4549 πᾶσαν
2713 4492 2938 4563 ἀγαθῶν
2964 4487 3253 4562 χαρίζεται
3296 4482 3641 4557 πλησμονὴν.
3675 4482 3750 4545 ὡς
3773 4482 3863 4550 διῖ-

2284 4586 2473 4642 λοῦσιν
2501 4588 2550 4641 οί
2574 4585 2685 4641 τῶν
2714 4581 3174 4658 περισσευμάτων
3210 4578 3445 4649 κόφινοι,
3475 4574 3689 4629 δώδεκα
3711 4574 3862 4636 ὀντες

584 4665 864 4722 bonorum
898 4666 1302 4739 plenitudinem
1333 4668 1695 4741 gratiﬁcatur,
1720 4680 1781 4727 ut
1811 4671 2014 4729 docent
2043 4672 2177 4728 reli-

2281 4681 2374 4736 τὸν
2409 4679 2660 4752 ἀριθμόν.

590 4760 846 4830 quiarum
876 4761 1102 4833 cophini
1120 4802 1135 4827 ,
1160 4761 1454 4818 duodecim
1479 4779 1733 4819 numero.

767 4935 1158 5009 Contemplatio
1189 4939 1245 4993 in
1279 4938 1667 4996 duodenarium
1701 4958 2000 4998 numerum.

663 5051 1051 5108 Duodenarius
1102 5069 1371 5111 numerus
1426 5071 1560 5112 vero
1615 5057 1888 5129 signiﬁcat
1940 5060 2183 5120 rationes

2621 4949 2841 5019 Θεωρία
2874 4949 2963 5015 εἰς
2996 4946 3105 5003 τόν
3134 4944 3213 5012 ιβ’
3249 4942 3532 5015 ’ἀριθμότκ

2363 5064 2652 5137 Ἐμφαίνει
2683 5064 2739 5119 δι
2765 5066 2795 5119 δ
2820 5063 3031 5118 δώδεκα
3072 5060 3326 5135 ἀριθμδς,
3353 5058 3387 5129 ἦ
3417 5055 3544 5119 τοὺς
3567 5051 3709 5110 κατὰ
3738 5048 3862 5121 χρά-

594 5145 928 5212 temporales
964 5152 1023 5200 et
1055 5145 1360 5213 naturales,
1392 5156 1455 5203 ut
1485 5148 1579 5219 qui
1618 5165 1686 5204 cx
1722 5150 1970 5223 quinque
2009 5166 2095 5210 est
2125 5165 2179 5213 ct

2281 5173 2371 5211 νον
2395 5155 2491 5210 καὶ
2521 5153 2683 5225 φύσιν
2699 5153 2912 5224 λόγους,
2927 5152 3004 5216 ὡς
3022 5152 3088 5205 ἑκ
3117 5149 3280 5205 πέντε
3301 5147 3398 5201 καὶ
3416 5143 3563 5199 ἑπτὰ
3580 5140 3723 5197 κατὰ
3739 5138 3860 5193 σύν-

595 5245 805 5307 septem
833 5256 934 5311 per
957 5243 1416 5313 compositionem
1440 5247 1767 5318 completus.
1797 5247 2182 5320 Septenarium

595 5329 745 5385 enim
788 5341 1008 5404 tempus
1042 5345 1148 5401 est,
1182 5346 1372 5409 utpote
1412 5354 1512 5410 per
1547 5340 1736 5395 orbem
1777 5357 1898 5398 sese
1934 5344 2175 5401 circum-

594 5423 842 5491 volvens,
875 5435 933 5483 et
973 5426 1040 5483 ad
1084 5430 1387 5486 motionem
1432 5441 1804 5504 congruenter
1846 5446 2033 5505 aptum
2077 5453 2178 5510 per

596 5519 1005 5575 extremitatum
1055 5537 1087 5576 a
1136 5522 1321 5579 medio
1367 5525 1668 5581 secundum
1712 5534 2002 5583 numerum
2047 5545 2172 5584 eum

667 5661 692 5692 ⁸
718 5654 912 5712 Matth.
949 5673 1038 5726 xv,
1070 5659 1159 5725 57,
1185 5659 1275 5716 58.

2280 5248 2430 5304 θεσιν
2462 5246 2974 5321 συμπληρούμενος.
3003 5241 3394 5314 Ἐὁδοματικδς
3440 5237 3551 5310 γὰρ
3582 5238 3611 5291 ό
3643 5232 3857 5307 χρόνος,

2280 5343 2358 5407 ὡς
2397 5340 2677 5404 κυκλικῶς
2713 5338 3054 5411 κινούμενος.
3088 5332 3274 5408 (257
3298 5332 3353 5405 a)
3384 5331 3477 5386 καὶ
3509 5328 3607 5401 τὴν
3638 5326 3771 5398 πρὸς
3798 5322 3860 5375 τὸ

2283 5436 2553 5492 κινεῖσθαι
2586 5430 2882 5505 προσφυῶς
2921 5429 3062 5502 ἔχων
3116 5424 3564 5498 ἐπιτηδειότητα,
3604 5419 3703 5491 τὴν
3749 5416 3859 5471 τῶν

2283 5526 2471 5600 ἄκρων
2507 5527 2615 5581 ἀπὸ
2658 5524 2756 5581 τοῦ
2789 5525 2957 5597 μέσου
2986 5521 3127 5577 κατὰ
3141 5520 3235 5576 τὸν
3260 5515 3501 5592 ἀριθμὸν
3520 5511 3710 5570 τοῦτον
3736 5511 3858 5581 εστιν

668 5790 781 5861 (63)
814 5790 977 5865 Grcg.
1003 5794 1131 5849 Naz.
1175 5795 1278 5849 ibid
1306 5836 1320 5861 ,
1354 5810 1470 5865 cap.
1506 5795 1557 5864 ι,
1595 5812 1648 5868 p.
1681 5797 1804 5867 73$,
1843 5808 1976 5857 tom.
2012 5797 2197 5873 lOpp.
2229 5799 2317 5858 ed.
2357 5797 2561 5857 Bcned.
