4080 6282
311 271 447 339 1397

1515 281 2032 345 AMBIGUORUM
2072 283 2323 343 LIBER.

3413 276 3553 345 1398

306 393 631 446 ἀπόστασιν.
670 391 1034 465 Πενταδικὴλ)
1061 392 1242 463 φύσις,
1273 394 1379 449 ὑπὸ
1404 396 1496 449 τὸν
1534 396 1767 468 ἀριθμὸν
1790 397 1882 450 τὸν

1990 412 2194 467 {equam
2229 376 2566 451 distantiam.
2591 394 2855 463 Quinaria
2889 408 3019 453 vero
3049 402 3135 448 est
3168 400 3360 447 natura
3392 400 3448 448 et
3482 393 3554 448 ita

306 484 468 537 πέντε
510 487 790 554 πεφυκυῖα
818 486 1109 540 τάττεσθαι
1129 528 1144 553 ,
1176 487 1265 541 διὰ
1294 504 1354 541 τε
1386 487 1484 559 τὴν
1514 489 1767 561 αἴσθησιν
1788 491 1879 560 ὑφ’

304 578 372 647 ἣν
408 578 552 630 τελεῖ
598 577 880 648 πενταχῶς
920 578 1324 651 διαιρουμένην,
1372 580 1462 635 διὰ
1513 599 1574 635 τε
1607 582 1667 635 τὸ
1716 583 1879 637 πλέον

305 672 405 742 τῆς
433 671 618 735 ἁπλῶς
647 671 951 742 λεγομένης
979 671 1111 739 ὕλης
1143 673 1242 744 τῆς
1263 674 1542 746 τετραχῶς
1562 675 1877 748 διαιρουμέ-

304 778 403 831 νης
433 761 576 831 ἔχειν
610 761 671 815 τὸ
698 758 858 823 εἶδος.
915 760 979 814 Ἦ
1033 761 1197 830 φύσις
1242 762 1351 834 γὰρ
1396 763 1547 819 οὐδὲν
1570 765 1697 819 ἄλλο
1728 765 1881 818 καθέ-

306 868 506 925 στηκεν
538 852 670 907 οὖσα
695 854 729 923 ἢ
761 852 862 925 ὕλη
898 855 1013 925 μετ’
1043 854 1235 922 εἴδους,
1261 856 1294 927 ἢ
1327 855 1427 928 ’ὑλη
1459 857 1880 928 είδοπεποιημὲ-

304 959 392 1007 νη.
423 942 496 994 Τὸ
527 941 635 1012 γὰρ
670 939 808 1006 εἶδος
841 945 906 1015 τῇ
942 942 1045 1015 ὕλῃ
1076 945 1375 1015 προστεθὲν
1423 947 1585 1018 φύσιν
1636 949 1880 1021 ἁπεργά-

306 1039 480 1101 ζεται.

630 1243 823 1318 Ἀρινφ
875 1243 1146 1314 θεώρημα
1185 1247 1273 1312 εὶς
1306 1244 1374 1300 τὸ
1397 1245 1564 1302 αὐτό.

382 1356 455 1409 Ἢ
488 1357 588 1420 τὰς
617 1356 727 1410 τῶν
771 1356 942 1411 όντων
977 1357 1221 1429 γενητῶν
1252 1358 1346 1413 καὶ
1377 1357 1611 1414 αἰωνίων
1650 1360 1885 1432 νοήσεις,

307 1451 387 1514 ὡς
429 1451 766 1522 κινουμένων
810 1453 906 1505 καὶ
939 1453 1495 1524 περιγεγραμμένων,
1530 1453 1746 1508 καὶτὸν
1789 1453 1887 1509 τοῦ

309 1540 365 1593 τί
398 1540 493 1595 καὶ
516 1543 671 1595 ποῖον
700 1542 796 1596 καὶ
824 1542 943 1605 πῶς
970 1538 1112 1599 εἶναι
1140 1544 1300 1613 λόγον
1321 1546 1738 1617 ἐπιδεχομένων.
1769 1547 1886 1601 Πᾶν

307 1634 419 1704 γὰρ
448 1634 667 1705 κινητόν
704 1652 766 1688 τε
798 1637 893 1690 καὶ
928 1636 1161 1709 γενητὸν
1184 1638 1445 1710 ὑπάρχει,
1486 1640 1582 1694 καὶ
1609 1639 1703 1694 διὰ
1727 1637 1887 1694 τοῦτο

1986 499 2297 560 comparata
2331 498 2391 543 ut
2417 488 2519 544 sub
2546 488 2695 543 hunc
2724 503 3011 543 numerum
3042 487 3224 551 cadat,
3245 494 3301 541 et
3329 493 3555 556 propter

1985 599 2205 639 sensum
2257 598 2367 653 quo
2416 582 2655 653 pertinet
2701 581 3142 651 quinquelariam
3189 578 3457 645 divisum,
3501 587 3558 633 et

1985 676 2131 747 quod
2168 675 2425 741 materia,
2457 691 2578 745 quae
2610 672 2936 745 simpliciter
2968 672 3294 743 appellatur,
3325 686 3556 741 quaeque

1985 765 2378 836 quadrifariam
2409 764 2585 819 divisa
2611 771 2714 829 est,
2739 763 2968 819 formam
3000 762 3165 816 habet
3190 759 3558 830 superiorem.

1979 858 2185 915 Natura
2229 859 2378 913 enim
2422 858 2558 913 nihil
2604 856 2754 912 aliud
2803 865 2889 912 est
2935 870 3101 926 quam
3152 854 3382 909 materia
3429 869 3554 908 cum

1979 952 2177 1016 forma,
2209 953 2326 1007 sive
2371 951 2600 1006 materia
2641 950 2892 1006 formata.
2923 948 3060 1004 Nam
3099 946 3274 1003 forma
3316 946 3558 1001 materia:

1981 1045 2193 1113 adjecta
2218 1053 2473 1099 naturam
2500 1042 2687 1099 eﬁicit.

2340 1244 2460 1302 Alia
2490 1244 2546 1299 in
2577 1242 2715 1296 idem
2745 1240 3138 1311 contemplatio.

2058 1364 2154 1420 Vel
2199 1362 2474 1434 signiﬁcat
2513 1346 2707 1417 eorum
2753 1374 2876 1431 qum
2916 1359 3055 1414 facta
3096 1365 3154 1413 et
3194 1372 3316 1428 qua:
3357 1364 3562 1413 aeterna

1988 1464 2121 1514 sunt
2148 1438 2532 1528 cogitationes,
2557 1463 2746 1526 utpote
2768 1469 2890 1525 quae
2918 1459 3211 1507 moventur
3239 1457 3297 1505 et
3322 1450 3563 1506 circum-

1988 1550 2194 1621 scripta
2225 1556 2373 1613 sunt,
2398 1556 2456 1604 et
2479 1548 2736 1604 essentia:
2758 1555 2815 1602 et
2838 1545 3118 1617 qualitatis
3144 1553 3202 1600 et
3225 1544 3372 1599 modi
3399 1542 3563 1598 ratio.

1990 1658 2119 1699 nem
2143 1641 2387 1713 capiunt.
2408 1640 2584 1697 Omne
2609 1640 2758 1695 enim
2786 1638 2990 1694 mobile
3014 1645 3073 1694 et
3095 1638 3300 1693 factum
3322 1634 3560 1697 exsistit.

308 1728 528 1792 πάντως
561 1729 655 1782 καὶ⁸
693 1729 797 1783 ὑπὸ
834 1728 1031 1799 χρόνον
1057 1731 1196 1794 ἐστὶ,
1234 1732 1339 1786 κᾶν
1363 1733 1412 1786 εί
1447 1731 1522 1803 μὴ
1550 1731 1644 1785 τὸν
1678 1733 1887 1803 κινήσει

1990 1744 2047 1793 et
2073 1736 2280 1793 idcirco
2314 1735 2431 1791 ﬁeri
2465 1749 2577 1789 non
2609 1740 2790 1805 potest
2817 1735 2952 1803 quin
2986 1731 3219 1802 tempori
3252 1729 3563 1801 subjectum

310 1819 698 1891 μετρούμενον.
733 1821 933 1895 ’Δρχὴν
956 1823 1067 1896 γὰρ
1090 1823 1204 1895 ἔχει
1230 1823 1331 1878 τοῦ
1361 1820 1502 1879 εἶναι
1527 1825 1635 1879 πᾶν
1662 1823 1888 1895 γενητὸν

305 1912 384 1975 ὡς
419 1913 695 1984 ἠργμένον
734 1914 830 1968 τοῦ
882 1910 1046 1980 εἶναι,
1085 1916 1182 1970 καὶ
1228 1916 1540 1987 διάστημα,
1577 1917 1671 1985 ἀφ’
1699 1909 1762 1970 οὗ
1791 1915 1887 1969 τοῦ

313 2000 458 2059 εἶναι
480 2004 706 2077 ἦρξα-το.
748 2003 812 2060 El
850 2006 909 2060 δὲ
935 2008 1031 2061 καὶ
1059 2006 1175 2063 ἔστι
1201 2008 1299 2063 καὶ
1316 2010 1550 2062 κινεῖται
1585 2010 1696 2061 πᾶν
1719 2024 1885 2077 γενη-

306 2098 433 2161 τὸν,
486 2101 580 2152 καὶ⁵
629 2098 738 2153 ὑπὸ
777 2098 941 2169 φύσιν
978 2100 1194 2164 πάντως
1226 2101 1343 2154 ἐστὶ
1393 2099 1489 2154 καὶ
1526 2100 1737 2170 χρόνον,
1787 2099 1886 2170 τὴν

310 2195 410 2264 μὲν
441 2192 531 2247 διὰ
550 2192 611 2246 τὸ
641 2187 805 2256 εἶναι,
832 2194 926 2247 τὸν
954 2194 1002 2225 ⁸⁸
1036 2194 1093 2248 δὲ
1136 2195 1225 2250 διὰ
1269 2194 1332 2248 τὸ
1374 2194 1668 2257 κινεῖσθαι,
1712 2192 1780 2247 δι’
1808 2186 1886 2247 ὧν

306 2283 451 2337 κατὰ
474 2282 795 2354 συμπλοκὴν
832 2286 863 2338 ὁ
897 2284 990 2339 τοῦ
1012 2284 1223 2340 δώδεκα
1256 2285 1399 2339 κατὰ
1423 2284 1516 2338 τὸν
1547 2282 1884 2337 ἀποδοθέντα

306 2377 508 2444 τρόπον
541 2392 606 2429 συ
613 2374 959 2449 μπληροῦται
998 2375 1180 2446 λόγος.

862 2751 1059 2819 ’Ἄλλη
1096 2749 1331 2819 θεωρία.

383 2856 455 2909 Ἢ
482 2856 584 2927 τὴν
625 2857 823 2930 ἠθικὴν
866 2860 962 2913 κα)⁸
998 2860 1235 2931 φυσικὴν
1264 2858 1360 2913 καὶ
1388 2855 1705 2927 θεολογικὴν
1736 2853 1885 2925 φιλο-

310 2948 502 3015 σοςιαν
531 2950 559 3001 ό
592 2948 828 3022 ἀριθμὸς
861 2944 1020 3017 οὗτος
1064 2952 1237 3023 δηλοῖ,
1268 2953 1345 3017 ὼς
1375 2954 1439 3005 εκ
1475 2950 1756 3023 τεσσάρων
1795 2950 1887 3003 καὶ

1986 1829 2089 1894 sit,
2131 1829 2367 1885 'etiamsi
2439 1845 2550 1884 non
2598 1830 2649 1884 ei
2700 1828 2850 1899 quod
2897 1827 3141 1882 motione
3190 1833 3561 1880 mensuratur.

1987 1921 2209 1977 Initium
2240 1922 2387 1976 enim
2411 1920 2579 1976 habet
2605 1921 2941 1976 exsistentite
2967 1917 3334 1988 quodcunque
3359 1913 3563 1969 factum

1986 2022 2102 2078 est,
2133 2014 2339 2084 quippe
2365 2012 2513 2082 quod
2548 2013 2603 2066 in
2633 2010 3009 2066 exsistentiam
3040 2007 3295 2071 intravit,
3323 2006 3566 2073 itemque

1987 2105 2309 2162 distantiam
2347 2106 2433 2159 vel
2470 2104 2711 2175 spatium
2750 2119 2818 2159 ex
2853 2118 2965 2173 quo
3006 2101 3270 2156 exsistere
3316 2096 3567 2165 incoepit.

1990 2198 2146 2265 Quod
2170 2198 2217 2253 si
2241 2205 2298 2252 et
2318 2196 2531 2252 exsistit
2552 2203 2608 2251 et
2630 2203 2883 2249 movetur
2905 2207 3067 2249 omne
3089 2191 3315 2255 factum,
3339 2198 3568 2243 necesse

1989 2298 2078 2345 est
2118 2288 2286 2345 etiam
2331 2299 2391 2343 ut
2436 2288 2542 2343 sub
2582 2297 2839 2342 naturam
2880 2295 2936 2341 et
2979 2294 3195 2353 tempus
3239 2280 3426 2341 cadat.
3464 2278 3569 2335 sub

1988 2381 2217 2435 alteram
2246 2380 2319 2433 ob
2344 2377 2740 2442 exsistentiam,
2764 2375 2869 2431 sub
2894 2376 3127 2430 alterum
3152 2373 3224 2428 ob
3249 2371 3566 2437 motionem,

1989 2469 2195 2539 quibus
2238 2467 2580 2538 complicatis
2619 2465 2761 2521 ratio
2802 2461 3127 2520 duodenarii
3165 2475 3233 2516 eo
3268 2474 3379 2530 quo
3423 2457 3569 2513 indi-

1989 2561 2113 2615 cavi
2138 2560 2303 2616 modo
2326 2566 2760 2615 consummatur.

2500 2741 2623 2797 Alia
2664 2736 3067 2809 contemplatio.

2061 2839 2156 2913 νει
2191 2856 2452 2911 moralem
2488 2862 2545 2908 et
2574 2852 2878 2908 naturalem
2908 2857 2965 2905 et
2995 2846 3356 2916 theologicam
3391 2842 3571 2913 philo-

1991 2948 2242 3021 sOpbiam
2286 2947 2374 3003 hic
2412 2960 2677 3002 numerus
2712 2950 3013 3005 monstrat,
3044 2948 3104 2995 ut
3137 2955 3205 2995 ex
3244 2947 3485 3008 quatuor
3514 2943 3573 2991 et

312 3041 477 3095 πέντε
528 3043 623 3097 καὶ
665 3044 835 3115 τριῶν
881 3045 1268 3117 συναγόμενος.
1315 3043 1619 3117 Τετραδικὴ
1664 3045 1772 3117 γὰρ
1799 3042 1885 3097 διὰ

1992 3043 2237 3114 quinque
2274 3049 2330 3097 et
2362 3040 2541 3095 tribus
2573 3035 2859 3094 conﬂatus.
2890 3030 3253 3102 Quaternaria
3291 3030 3363 3085 ob
3402 3043 3571 3101 gene-

310 3132 411 3194 τὰς
441 3134 481 3186 δ’
502 3135 729 3202 γενικὰς
760 3136 964 3207 ἀρετάς
988 3137 1193 3208 ἐστινὴ
1222 3138 1282 3190 ὲν
1301 3139 1415 3201 τοῖς
1438 3136 1729 3207 πράγμασι
1760 3133 1884 3186 κατ’

1993 3134 2137 3189 rales
2172 3140 2411 3204 quatuor
2439 3132 2675 3187 virtutes
2708 3129 2763 3185 in
2800 3126 2968 3184 rebus
2999 3136 3083 3181 est
3112 3132 3366 3180 accurata
3399 3120 3571 3176 mori-

309 3221 442 3295 ἦθος
482 3225 720 3297 ὰκριὸὴς
773 3227 1082 3297 φιλοσοφία.
1137 3228 1440 3301 Πενταδικὴ
1478 3228 1538 3282 δὲ
1589 3229 1626 3299 ἡ
1682 3226 1886 3297 φυσικὴ

1993 3227 2097 3281 bus
2135 3222 2507 3295 philosophia.
2545 3220 2809 3290 Quinaria
2846 3233 2979 3275 vero
3016 3215 3284 3272 naturalis
3316 3222 3401 3270 est
3436 3228 3571 3268 coa-

312 3315 519 3387 θεωρία
543 3315 633 3370 διὰ
662 3315 763 3389 τὴν
795 3319 1093 3391 εἰρημένην
1122 3319 1327 3382 αίτίαν,
1368 3320 1513 3390 φημὶ
1531 3318 1590 3373 δὶ
1618 3318 1721 3389 τὴν
1758 3333 1887 3370 πεν-

1996 3315 2304 3386 templatio,
2325 3314 2395 3371 de
2420 3330 2484 3370 ea
2512 3329 2675 3369 causa
2704 3327 2869 3383 quam
2894 3310 3152 3371 iudicavi,
3177 3322 3340 3363 sensu
3365 3304 3574 3361 scilicet

311 3405 495 3477 ταχῶς
532 3406 677 3460 κατὰ
713 3407 876 3477 φύσιν
906 3408 1293 3481 διαιρουμένην
1309 3406 1587 3479 αἴσθησιν.
1612 3403 1887 3478 ,Τριαδικὴ

1994 3407 2434 3479 quinquefariam
2487 3406 2685 3462 diviso.
2734 3403 2998 3460 Ternaria
3051 3401 3291 3470 denique
3344 3398 3571 3471 mystica

310 3497 373 3551 δὲ
400 3499 434 3568 ἡ
483 3498 721 3570 μυστικὴ
772 3498 1040 3571 Θεολογία,
1097 3500 1187 3556 διὰ
1231 3503 1331 3565 τὰς
1377 3499 1697 3571 όμοουσίους
1728 3498 1887 3565 ἁγίας

1990 3511 2078 3557 est
2107 3500 2399 3572 theologia,
2426 3499 2497 3555 ob
2526 3508 2743 3555 sanctas
2768 3506 2880 3553 tres
2905 3494 3292 3553 coessentiales
3318 3492 3571 3548 substan-

310 3594 463 3662 τρεῖς
491 3592 822 3654 ὑποστάσεις
860 3594 958 3664 τῆς
991 3593 1263 3664 παναγίου
1295 3592 1543 3665 μονάδος,
1577 3591 1611 3662 ἢ
1645 3593 1705 3644 ὲν
1735 3589 1824 3651 αἷς
1857 3590 1887 3659 ἡ

1990 3594 2094 3648 tias
2127 3593 2485 3650 sanctissimae
2516 3591 2765 3657 unitatis,
2793 3591 2880 3646 vel
2921 3590 2978 3645 in
3017 3588 3220 3659 quibus
3258 3592 3343 3641 est
3380 3590 3568 3639 sancta

314 3682 446 3751 ἁγία
482 3684 669 3755 μονὰς,
698 3684 756 3754 ἢ,
789 3684 1123 3757 κυριώτερον
1151 3686 1349 3754 είπεῐν,
1384 3685 1532 3759 ᾇπερ
1557 3687 1591 3757 ἡ
1626 3685 1760 3755 ἁγία
1791 3699 1887 3755 μου

1992 3686 2197 3751 unitas,
2222 3687 2331 3754 vel,
2358 3693 2421 3742 ut
2444 3685 2619 3758 magis
2643 3684 2870 3757 proprie
2898 3682 3099 3747 dicam,
3126 3694 3249 3751 qua:
3273 3685 3357 3734 est
3382 3683 3571 3733 saneta

314 3776 432 3839 νὰς.

860 3963 1054 4031 Ἄλλη
1082 3966 1314 4034 θεωρία.

391 4076 463 4130 Ἥ
492 4078 593 4148 τὴν
620 4077 851 4132 καθόλου
877 4080 974 4133 καὶ
993 4081 1363 4153 γενικωτάτην
1394 4083 1580 4155 (257
1609 4086 1661 4153 ὁ)
1689 4086 1893 4158 ἀρετὴν

317 4172 414 4224 καὶ
442 4170 666 4239 γνῶσιν,
691 4171 788 4243 τὴν
824 4173 925 4245 μὲν
959 4174 1035 4237 ὡς
1067 4173 1298 4229 ἐνταῦθα
1343 4174 1431 4230 διὰ
1465 4176 1573 4231 τῶν
1602 4178 1644 4231 δ’
1679 4162 1892 4251 ἀρετῶν

318 4266 787 4338 κατορθουμένην,
818 4267 918 4336 τὴν
950 4267 1006 4321 δὲ
1024 4256 1027 4259 ’
1045 4268 1119 4332 ὡς
1141 4269 1230 4324 διὰ
1265 4270 1376 4323 τῶν
1404 4272 1548 4325 ὀκτὼ
1571 4272 1670 4344 τὴν
1697 4273 1894 4328 θεωτέ-

318 4356 421 4431 ρειν
451 4358 559 4414 τῶν
596 4358 898 4431 μελλόντων
938 4362 1215 4432 μυστικῶς
1250 4364 1679 4434 παραδηλούσων
1715 4364 1762 4396 δ’
1796 4383 1895 4417 κα-

317 4454 577 4506 τάστασιν
608 4453 1041 4526 σημαινομένην,
1082 4454 1142 4519 ἐξ
1184 4449 1260 4508 ὧν
1302 4455 1562 4509 ὁδώδεκα
1598 4456 1739 4509 κατὰ
1770 4456 1894 4509 σύν-

319 4547 471 4601 οεσιν
500 4547 731 4619 ἀριθμὸς
762 4548 1152 4621 ἀπαρτίζεται.

842 4739 1027 4806 Ἄλλη
1057 4737 1290 4807 θεωρία.

391 4850 462 4903 Ἰί
496 4849 563 4904 τὰ
594 4850 839 4921 παρόντα
871 4868 929 4904 τε
965 4850 1061 4904 καὶ
1089 4850 1159 4903 τὰ
1191 4850 1475 4922 μέλλοντα,
1510 4850 1586 4915 ὡς
1642 4851 1750 4905 τῶν
1791 4852 1892 4922 μὲν

322 4942 606 5013 παρόντων
632 4933 737 4996 τὸν
782 4941 824 4997 δ’
862 4943 1177 5016 στοιχειώδη
1214 4961 1273 4997 τε
1324 4943 1419 4998 καὶ
1450 4944 1633 4998 ὑλικὸν
1660 4944 1894 5015 ἀριθμὸν

320 5034 448 5087 ὄντα
496 5034 741 5103 φυσικῶς
787 5036 1275 5108 παραδεχομένων,
1328 5037 1438 5090 τῶν
1488 5037 1545 5090 δὲ
1596 5037 1896 5108 μελλόντων

324 5125 606 5196 μυστικῶς
647 5126 1117 5199 ἐπιθεωρούμενον
1149 5128 1340 5193 αὐτοῖς
1381 5129 1780 5200 ὲὶπιδεχομένων
1805 5129 1896 5183 τὸν

320 5218 467 5272 ὀκτω
497 5219 766 5292 ἀριθμὸν,
816 5221 891 5285 ὡς
942 5224 1043 5292 τῆς
1108 5221 1248 5277 κατὰ
1302 5222 1494 5294 χρόνον
1533 5222 1898 5295 ἑϐδοματικῆς

324 5313 426 5367 ὑπε
437 5312 692 5385 ροετικῆς
722 5314 769 5346 ⁸⁸
796 5313 1077 5385 ἰδιότητος.

1876 3792 1879 3793 ⁷
1993 3778 2195 3836 unitas.

2512 3966 2633 4022 Alia
2662 3961 3053 4034 contemplatio.

2066 4087 2164 4145 Vel
2201 4085 2569 4141 universalcm
2603 4091 2766 4152 atque
2798 4075 3264 4153 generalissimam
3303 4070 3573 4144 signiﬁcat

1993 4180 2255 4236 virtutem
2288 4184 2343 4231 et
2366 4172 2766 4246 cognitionem,
2790 4179 2851 4225 ut
2881 4182 3112 4240 quarum
3145 4165 3316 4220 altera
3350 4162 3440 4216 hic
3474 4176 3574 4231 per

1996 4282 2235 4344 quatuor
2259 4269 2494 4325 virtutes
2519 4264 2859 4336 perﬁciatur,
2906 4261 3077 4316 altera
3127 4274 3227 4331 per
3271 4263 3395 4311 octo
3452 4268 3574 4323 qua:

1996 4367 2323 4422 diviniorem
2352 4376 2535 4416 rerum
2562 4352 2869 4413 futurarum
2901 4362 3102 4409 statum
3128 4348 3354 4423 mystice
3385 4354 3573 4403 osten.

1998 4457 2164 4519 dunt,
2192 4453 2495 4524 signiﬁcata
2526 4452 2626 4514 sit,
2655 4466 2722 4504 ex
2750 4447 2953 4518 quibus
2981 4441 3355 4501 duodenarius
3382 4454 3575 4497 nume-

1998 4566 2092 4603 rus
2120 4546 2457 4617 compositus
2484 4543 2783 4623 perﬁcitur.

1926 4741 1974 4801 D

2512 4726 2634 4783 Alia
2669 4720 3058 4793 contemplatio.

2071 4849 2166 4905 Vel
2211 4845 2501 4919 praesentia
2544 4852 2706 4912 atque
2749 4840 2933 4895 futura
2979 4834 3280 4908 signiﬁcat,
3314 4834 3443 4904 quia
3487 4847 3572 4888 res

2002 4950 2299 5017 praesentes
2328 4934 2744 5008 quaternarium
2775 4946 3069 4987 numerum
3098 4928 3489 4984 elementarem
3516 4936 3573 4979 et

2001 5034 2335 5091 materialem
2351 5029 2674 5085 naturaliter
2697 5024 3024 5095 suscipiunt,
3048 5039 3137 5077 res
3162 5020 3359 5076 futura:
3387 5026 3570 5073 autem

1998 5126 2345 5184 octonarium
2369 5122 2475 5177 sibi
2496 5120 2779 5175 vindicant
2801 5131 3092 5172 numerum
3118 5112 3345 5187 mystice
3370 5112 3425 5167 in
3449 5125 3572 5169 sese

2001 5227 2337 5291 spectatum,
2364 5213 2568 5287 quippe
2594 5212 2687 5282 qui
2715 5227 2835 5266 cam
2864 5209 3063 5263 habeat
3090 5207 3479 5280 proprietatem
3512 5211 3571 5261 ut

2002 5308 2441 5368 hebdomaticam
2472 5304 2735 5377 temporis
2766 5311 3005 5373 superet.

1599 5561 1829 5620 VARUE
1872 5563 2276 5620 LECTIONES.

395 5650 560 5729 "rip:
581 5651 751 5729 habet
775 5654 1177 5729 Apngraphum.
1252 5657 1293 5690 ⁸³
1323 5655 1711 5729 Apographum
1740 5656 1903 5713 habet
1934 5657 2367 5729 παραδηλοῦσαν.

324 5723 568 5781 nendum
597 5722 986 5796 ὑρερθετικὺνῖ

2467 5655 2512 5688 ὀ
2550 5650 2641 5708 Sic
2669 5648 3079 5722 Apographum.
3118 5648 3201 5702 An
3242 5645 3382 5701 forte
3406 5654 3575 5718 repo-
