  <div class='ocr_page' id='page_1' title='image "/cluster/home/n/w/nwhite01/storage/ocr_20150623/91/hvd.32044019208024/717.png"; bbox 0 0 4080 6282; ppageno 0'>
   <div class='ocr_carea' id='block_1_1' title="bbox 575 311 712 378">
    <p class='ocr_par' dir='ltr' id='par_1_1' title="bbox 575 311 712 378">
     <span class='ocr_line' id='line_1_1' title="bbox 575 311 712 378; baseline 0.007 -1"><span class='ocrx_word' id='word_1_1' title='bbox 575 311 712 378; x_wconf 69' lang='grc'><strong>1403</strong></span> 
     </span>
    </p>
   </div>
   <div class='ocr_carea' id='block_1_2' title="bbox 1701 299 2648 374">
    <p class='ocr_par' dir='ltr' id='par_1_2' title="bbox 1701 299 2648 374">
     <span class='ocr_line' id='line_1_2' title="bbox 1701 299 2648 374; baseline -0.002 -3"><span class='ocrx_word' id='word_1_2' title='bbox 1701 313 1763 372; x_wconf 84' lang='grc'><strong>8.</strong></span> <span class='ocrx_word' id='word_1_3' title='bbox 1805 299 2095 374; x_wconf 68' lang='lat' dir='ltr'><strong>MAXIM</strong></span> <span class='ocrx_word' id='word_1_4' title='bbox 2135 309 2648 371; x_wconf 77' lang='lat' dir='ltr'><strong>CONFEssonts</strong></span> 
     </span>
    </p>
   </div>
   <div class='ocr_carea' id='block_1_3' title="bbox 3714 314 3853 384">
    <p class='ocr_par' dir='ltr' id='par_1_3' title="bbox 3714 314 3853 384">
     <span class='ocr_line' id='line_1_3' title="bbox 3714 314 3853 384; baseline 0.007 -2"><span class='ocrx_word' id='word_1_5' title='bbox 3714 314 3853 384; x_wconf 72' lang='grc' dir='ltr'><strong>μοι</strong></span> 
     </span>
    </p>
   </div>
   <div class='ocr_carea' id='block_1_4' title="bbox 571 397 2147 499">
    <p class='ocr_par' dir='ltr' id='par_1_4' title="bbox 571 423 2147 496">
     <span class='ocr_line' id='line_1_4' title="bbox 571 423 2147 496; baseline -0.003 -14"><span class='ocrx_word' id='word_1_6' title='bbox 571 423 968 496; x_wconf 85' lang='lat' dir='ltr'><strong>spiritualioris</strong></span> <span class='ocrx_word' id='word_1_7' title='bbox 1001 423 1310 481; x_wconf 87' lang='lat' dir='ltr'><strong>secundum</strong></span> <span class='ocrx_word' id='word_1_8' title='bbox 1364 424 1515 495; x_wconf 85' lang='lat' dir='ltr'><strong>ipsas</strong></span> <span class='ocrx_word' id='word_1_9' title='bbox 1560 424 1796 480; x_wconf 90' lang='lat' dir='ltr'><strong>rationis</strong></span> <span class='ocrx_word' id='word_1_10' title='bbox 1847 425 2026 479; x_wconf 83' lang='lat' dir='ltr'><strong>lucem</strong></span> <span class='ocrx_word' id='word_1_11' title='bbox 2074 423 2147 478; x_wconf 78' lang='lat' dir='ltr'><strong>eis</strong></span> 
     </span>
    </p>
   </div>
   <div class='ocr_carea' id='block_1_5' title="bbox 2250 397 3856 499">
    <p class='ocr_par' dir='ltr' id='par_1_5' title="bbox 2260 419 3856 499">
     <span class='ocr_line' id='line_1_5' title="bbox 2260 419 3856 499; baseline 0.004 -25"><span class='ocrx_word' id='word_1_12' title='bbox 2260 437 2385 474; x_wconf 84' lang='grc' dir='ltr'>στου</span> <span class='ocrx_word' id='word_1_13' title='bbox 2443 420 2538 474; x_wconf 82' lang='grc' dir='ltr'>τοῦ</span> <span class='ocrx_word' id='word_1_14' title='bbox 2586 419 2706 475; x_wconf 81' lang='grc' dir='ltr'>κατ’</span> <span class='ocrx_word' id='word_1_15' title='bbox 2742 419 2912 499; x_wconf 80' lang='grc' dir='ltr'>αὑτὸν</span> <span class='ocrx_word' id='word_1_16' title='bbox 2965 426 3496 499; x_wconf 74' lang='grc' dir='ltr'>πνευματικωτίρου</span> <span class='ocrx_word' id='word_1_17' title='bbox 3543 424 3709 496; x_wconf 81' lang='grc' dir='ltr'>λόγου</span> <span class='ocrx_word' id='word_1_18' title='bbox 3761 429 3856 481; x_wconf 72' lang='grc' dir='ltr'><strong>τον</strong></span> 
     </span>
    </p>
   </div>
   <div class='ocr_carea' id='block_1_6' title="bbox 569 515 2149 590">
    <p class='ocr_par' dir='ltr' id='par_1_6' title="bbox 569 515 2149 590">
     <span class='ocr_line' id='line_1_6' title="bbox 569 515 2149 590; baseline -0.002 -17"><span class='ocrx_word' id='word_1_19' title='bbox 569 518 667 590; x_wconf 88' lang='lat' dir='ltr'><strong>qui</strong></span> <span class='ocrx_word' id='word_1_20' title='bbox 718 518 974 589; x_wconf 87' lang='lat' dir='ltr'><strong>gnaviter</strong></span> <span class='ocrx_word' id='word_1_21' title='bbox 1019 518 1250 574; x_wconf 94' lang='lat' dir='ltr'><strong>student</strong></span> <span class='ocrx_word' id='word_1_22' title='bbox 1290 525 1576 590; x_wconf 69' lang='lat' dir='ltr'><strong>prtestent,</strong></span> <span class='ocrx_word' id='word_1_23' title='bbox 1617 518 1822 588; x_wconf 82' lang='lat' dir='ltr'><strong>quibus</strong></span> <span class='ocrx_word' id='word_1_24' title='bbox 1856 517 1953 590; x_wconf 86' lang='lat' dir='ltr'><strong>qui</strong></span> <span class='ocrx_word' id='word_1_25' title='bbox 2008 515 2149 572; x_wconf 87' lang='lat' dir='ltr'><strong>bene</strong></span> 
     </span>
    </p>
   </div>
   <div class='ocr_carea' id='block_1_7' title="bbox 567 609 2150 668">
    <p class='ocr_par' dir='ltr' id='par_1_7' title="bbox 567 609 2150 668">
     <span class='ocr_line' id='line_1_7' title="bbox 567 609 2150 668; baseline -0.002 -2"><span class='ocrx_word' id='word_1_26' title='bbox 567 625 635 666; x_wconf 82' lang='lat' dir='ltr'><strong>ac</strong></span> <span class='ocrx_word' id='word_1_27' title='bbox 685 625 816 667; x_wconf 89' lang='lat' dir='ltr'><strong>vere</strong></span> <span class='ocrx_word' id='word_1_28' title='bbox 865 611 1054 666; x_wconf 85' lang='lat' dir='ltr'><strong>divina</strong></span> <span class='ocrx_word' id='word_1_29' title='bbox 1091 612 1350 667; x_wconf 85' lang='lat' dir='ltr'><strong>esuriunt</strong></span> <span class='ocrx_word' id='word_1_30' title='bbox 1383 611 1495 666; x_wconf 91' lang='lat' dir='ltr'><strong>Deo</strong></span> <span class='ocrx_word' id='word_1_31' title='bbox 1523 620 1580 666; x_wconf 91' lang='lat' dir='ltr'><strong>et</strong></span> <span class='ocrx_word' id='word_1_32' title='bbox 1611 610 1862 668; x_wconf 83' lang='lat' dir='ltr'><strong>Sermoni</strong></span> <span class='ocrx_word' id='word_1_33' title='bbox 1911 609 2032 665; x_wconf 87' lang='lat' dir='ltr'><strong>sine</strong></span> <span class='ocrx_word' id='word_1_34' title='bbox 2061 625 2150 663; x_wconf 87' lang='lat' dir='ltr'><strong>re—</strong></span> 
     </span>
    </p>
   </div>
   <div class='ocr_carea' id='block_1_8' title="bbox 567 701 2152 781">
    <p class='ocr_par' dir='ltr' id='par_1_8' title="bbox 567 701 2152 781">
     <span class='ocr_line' id='line_1_8' title="bbox 567 701 2152 781; baseline -0.002 -20"><span class='ocrx_word' id='word_1_35' title='bbox 567 706 938 776; x_wconf 85' lang='lat' dir='ltr'><strong>prehensione</strong></span> <span class='ocrx_word' id='word_1_36' title='bbox 984 707 1335 763; x_wconf 65' lang='lat' dir='ltr'><strong>adhazrentes</strong></span> <span class='ocrx_word' id='word_1_37' title='bbox 1373 707 1667 781; x_wconf 80' lang='lat' dir='ltr'><strong>mysticum</strong></span> <span class='ocrx_word' id='word_1_38' title='bbox 1714 701 1997 776; x_wconf 87' lang='lat' dir='ltr'><strong>accipiunt</strong></span> <span class='ocrx_word' id='word_1_39' title='bbox 2049 720 2152 759; x_wconf 88' lang='lat' dir='ltr'><strong>nu-</strong></span> 
     </span>
    </p>
   </div>
   <div class='ocr_carea' id='block_1_9' title="bbox 568 797 2152 870">
    <p class='ocr_par' dir='ltr' id='par_1_9' title="bbox 568 797 2152 870">
     <span class='ocr_line' id='line_1_9' title="bbox 568 797 2152 870; baseline 0.001 -19"><span class='ocrx_word' id='word_1_40' title='bbox 568 798 916 864; x_wconf 86' lang='lat' dir='ltr'><strong>trimentum,</strong></span> <span class='ocrx_word' id='word_1_41' title='bbox 965 799 1114 870; x_wconf 91' lang='lat' dir='ltr'><strong>quod</strong></span> <span class='ocrx_word' id='word_1_42' title='bbox 1155 799 1352 856; x_wconf 89' lang='lat' dir='ltr'><strong>eodem</strong></span> <span class='ocrx_word' id='word_1_43' title='bbox 1399 809 1648 870; x_wconf 86' lang='lat' dir='ltr'><strong>tempore</strong></span> <span class='ocrx_word' id='word_1_44' title='bbox 1701 808 1760 855; x_wconf 91' lang='lat' dir='ltr'><strong>et</strong></span> <span class='ocrx_word' id='word_1_45' title='bbox 1798 797 2048 853; x_wconf 71' lang='lat' dir='ltr'><strong>victoria:</strong></span> <span class='ocrx_word' id='word_1_46' title='bbox 2094 806 2152 852; x_wconf 89' lang='lat' dir='ltr'><strong>et</strong></span> 
     </span>
    </p>
   </div>
   <div class='ocr_carea' id='block_1_10' title="bbox 567 891 2149 964">
    <p class='ocr_par' dir='ltr' id='par_1_10' title="bbox 567 891 2149 964">
     <span class='ocr_line' id='line_1_10' title="bbox 567 891 2149 964; baseline 0 -20"><span class='ocrx_word' id='word_1_47' title='bbox 567 892 720 961; x_wconf 71' lang='lat' dir='ltr'><strong>regni</strong></span> <span class='ocrx_word' id='word_1_48' title='bbox 749 893 854 947; x_wconf 79' lang='lat' dir='ltr'><strong>fert</strong></span> <span class='ocrx_word' id='word_1_49' title='bbox 883 894 1219 964; x_wconf 79' lang='lat' dir='ltr'><strong>symbolum,</strong></span> <span class='ocrx_word' id='word_1_50' title='bbox 1239 893 1600 948; x_wconf 87' lang='lat' dir='ltr'><strong>saturationis</strong></span> <span class='ocrx_word' id='word_1_51' title='bbox 1620 893 1902 963; x_wconf 84' lang='lat' dir='ltr'><strong>reliquias.</strong></span> <span class='ocrx_word' id='word_1_52' title='bbox 1927 891 2149 962; x_wconf 86' lang='lat' dir='ltr'><strong>Septem</strong></span> 
     </span>
    </p>
   </div>
   <div class='ocr_carea' id='block_1_11' title="bbox 563 983 2153 1056">
    <p class='ocr_par' dir='ltr' id='par_1_11' title="bbox 563 983 2153 1056">
     <span class='ocr_line' id='line_1_11' title="bbox 563 983 2153 1056; baseline 0.001 -19"><span class='ocrx_word' id='word_1_53' title='bbox 563 985 716 1038; x_wconf 86' lang='lat' dir='ltr'><strong>enim</strong></span> <span class='ocrx_word' id='word_1_54' title='bbox 749 994 952 1054; x_wconf 70' lang='lat' dir='ltr'><strong>sporta:</strong></span> <span class='ocrx_word' id='word_1_55' title='bbox 991 1003 1022 1041; x_wconf 93' lang='lat' dir='ltr'><strong>e</strong></span> <span class='ocrx_word' id='word_1_56' title='bbox 1051 987 1245 1056; x_wconf 69' lang='lat' dir='ltr'><strong>palmae.</strong></span> <span class='ocrx_word' id='word_1_57' title='bbox 1271 986 1439 1040; x_wconf 86' lang='lat' dir='ltr'><strong>ramis</strong></span> <span class='ocrx_word' id='word_1_58' title='bbox 1464 997 1736 1042; x_wconf 75' lang='lat' dir='ltr'><strong>conserta:</strong></span> <span class='ocrx_word' id='word_1_59' title='bbox 1759 983 2026 1056; x_wconf 71' lang='lat' dir='ltr'><strong>(victoria:</strong></span> <span class='ocrx_word' id='word_1_60' title='bbox 2052 998 2153 1038; x_wconf 92' lang='lat' dir='ltr'><strong>au-</strong></span> 
     </span>
    </p>
   </div>
   <div class='ocr_carea' id='block_1_12' title="bbox 566 1076 2150 1148">
    <p class='ocr_par' dir='ltr' id='par_1_12' title="bbox 566 1076 2150 1148">
     <span class='ocr_line' id='line_1_12' title="bbox 566 1076 2150 1148; baseline 0.001 -17"><span class='ocrx_word' id='word_1_61' title='bbox 566 1086 679 1131; x_wconf 90' lang='lat' dir='ltr'><strong>tem</strong></span> <span class='ocrx_word' id='word_1_62' title='bbox 719 1077 1034 1147; x_wconf 86' lang='lat' dir='ltr'><strong>symbolum</strong></span> <span class='ocrx_word' id='word_1_63' title='bbox 1088 1086 1145 1132; x_wconf 88' lang='lat' dir='ltr'><strong>et</strong></span> <span class='ocrx_word' id='word_1_64' title='bbox 1187 1077 1340 1148; x_wconf 88' lang='lat' dir='ltr'><strong>regni</strong></span> <span class='ocrx_word' id='word_1_65' title='bbox 1387 1077 1575 1148; x_wconf 84' lang='lat' dir='ltr'><strong>palma</strong></span> <span class='ocrx_word' id='word_1_66' title='bbox 1633 1077 1765 1146; x_wconf 91' lang='lat' dir='ltr'><strong>est),</strong></span> <span class='ocrx_word' id='word_1_67' title='bbox 1805 1076 2150 1132; x_wconf 77' lang='lat' dir='ltr'><strong>inconcussa:</strong></span> 
     </span>
    </p>
   </div>
   <div class='ocr_carea' id='block_1_13' title="bbox 563 1167 2153 1240">
    <p class='ocr_par' dir='ltr' id='par_1_13' title="bbox 563 1167 2153 1240">
     <span class='ocr_line' id='line_1_13' title="bbox 563 1167 2153 1240; baseline 0.001 -20"><span class='ocrx_word' id='word_1_68' title='bbox 563 1173 832 1236; x_wconf 70' lang='lat' dir='ltr'><strong>praeterea</strong></span> <span class='ocrx_word' id='word_1_69' title='bbox 880 1183 945 1222; x_wconf 88' lang='lat' dir='ltr'><strong>ac</strong></span> <span class='ocrx_word' id='word_1_70' title='bbox 989 1167 1151 1224; x_wconf 85' lang='lat' dir='ltr'><strong>fortis</strong></span> <span class='ocrx_word' id='word_1_71' title='bbox 1194 1183 1318 1223; x_wconf 91' lang='lat' dir='ltr'><strong>cum</strong></span> <span class='ocrx_word' id='word_1_72' title='bbox 1349 1168 1614 1224; x_wconf 81' lang='lat' dir='ltr'><strong>violentis</strong></span> <span class='ocrx_word' id='word_1_73' title='bbox 1639 1168 1934 1240; x_wconf 85' lang='lat' dir='ltr'><strong>spiritibus</strong></span> <span class='ocrx_word' id='word_1_74' title='bbox 1967 1167 2153 1224; x_wconf 90' lang='lat' dir='ltr'><strong>incur-</strong></span> 
     </span>
    </p>
   </div>
   <div class='ocr_carea' id='block_1_14' title="bbox 565 1261 2154 1335">
    <p class='ocr_par' dir='ltr' id='par_1_14' title="bbox 565 1261 2154 1335">
     <span class='ocr_line' id='line_1_14' title="bbox 565 1261 2154 1335; baseline 0.001 -21"><span class='ocrx_word' id='word_1_75' title='bbox 565 1261 822 1316; x_wconf 87' lang='lat' dir='ltr'><strong>rentibus</strong></span> <span class='ocrx_word' id='word_1_76' title='bbox 865 1263 1250 1320; x_wconf 81' lang='lat' dir='ltr'><strong>contentionis</strong></span> <span class='ocrx_word' id='word_1_77' title='bbox 1281 1279 1382 1320; x_wconf 90' lang='lat' dir='ltr'><strong>eos</strong></span> <span class='ocrx_word' id='word_1_78' title='bbox 1415 1266 1513 1334; x_wconf 90' lang='lat' dir='ltr'><strong>qui</strong></span> <span class='ocrx_word' id='word_1_79' title='bbox 1553 1278 1654 1335; x_wconf 89' lang='lat' dir='ltr'><strong>per</strong></span> <span class='ocrx_word' id='word_1_80' title='bbox 1694 1278 1756 1318; x_wconf 90' lang='lat' dir='ltr'><strong>se</strong></span> <span class='ocrx_word' id='word_1_81' title='bbox 1795 1262 1992 1317; x_wconf 88' lang='lat' dir='ltr'><strong>nutriti</strong></span> <span class='ocrx_word' id='word_1_82' title='bbox 2021 1271 2154 1316; x_wconf 91' lang='lat' dir='ltr'><strong>sunt</strong></span> 
     </span>
    </p>
   </div>
   <div class='ocr_carea' id='block_1_15' title="bbox 562 1354 2152 1428">
    <p class='ocr_par' dir='ltr' id='par_1_15' title="bbox 562 1354 2152 1428">
     <span class='ocr_line' id='line_1_15' title="bbox 562 1354 2152 1428; baseline 0.001 -22"><span class='ocrx_word' id='word_1_83' title='bbox 562 1354 748 1408; x_wconf 88' lang='lat' dir='ltr'><strong>omnis</strong></span> <span class='ocrx_word' id='word_1_84' title='bbox 784 1354 1076 1425; x_wconf 79' lang='lat' dir='ltr'><strong>pravitatis</strong></span> <span class='ocrx_word' id='word_1_85' title='bbox 1109 1364 1166 1410; x_wconf 92' lang='lat' dir='ltr'><strong>et</strong></span> <span class='ocrx_word' id='word_1_86' title='bbox 1193 1355 1520 1428; x_wconf 67' lang='lat' dir='ltr'><strong>ignorantiae</strong></span> <span class='ocrx_word' id='word_1_87' title='bbox 1543 1357 1792 1412; x_wconf 84' lang='lat' dir='ltr'><strong>victores</strong></span> <span class='ocrx_word' id='word_1_88' title='bbox 1818 1355 2152 1426; x_wconf 88' lang='lat' dir='ltr'><strong>signiﬁcant,</strong></span> 
     </span>
    </p>
   </div>
   <div class='ocr_carea' id='block_1_16' title="bbox 563 1446 2153 1521">
    <p class='ocr_par' dir='ltr' id='par_1_16' title="bbox 563 1446 2153 1521">
     <span class='ocr_line' id='line_1_16' title="bbox 563 1446 2153 1521; baseline 0.002 -21"><span class='ocrx_word' id='word_1_89' title='bbox 563 1454 624 1500; x_wconf 89' lang='lat' dir='ltr'><strong>ut</strong></span> <span class='ocrx_word' id='word_1_90' title='bbox 670 1447 766 1517; x_wconf 91' lang='lat' dir='ltr'><strong>qui</strong></span> <span class='ocrx_word' id='word_1_91' title='bbox 813 1464 845 1503; x_wconf 88' lang='lat' dir='ltr'><strong>a</strong></span> <span class='ocrx_word' id='word_1_92' title='bbox 886 1448 1000 1504; x_wconf 90' lang='lat' dir='ltr'><strong>Deo</strong></span> <span class='ocrx_word' id='word_1_93' title='bbox 1045 1447 1314 1505; x_wconf 87' lang='lat' dir='ltr'><strong>Sermone</strong></span> <span class='ocrx_word' id='word_1_94' title='bbox 1357 1449 1618 1505; x_wconf 85' lang='lat' dir='ltr'><strong>invictam</strong></span> <span class='ocrx_word' id='word_1_95' title='bbox 1656 1447 1975 1521; x_wconf 89' lang='lat' dir='ltr'><strong>acceperint</strong></span> <span class='ocrx_word' id='word_1_96' title='bbox 2015 1446 2153 1503; x_wconf 70' lang='lat' dir='ltr'><strong>alle-</strong></span> 
     </span>
    </p>
   </div>
   <div class='ocr_carea' id='block_1_17' title="bbox 559 1544 1713 1616">
    <p class='ocr_par' dir='ltr' id='par_1_17' title="bbox 559 1544 1713 1616">
     <span class='ocr_line' id='line_1_17' title="bbox 559 1544 1713 1616; baseline 0.004 -20"><span class='ocrx_word' id='word_1_97' title='bbox 559 1550 753 1598; x_wconf 89' lang='lat' dir='ltr'><strong>ctuum</strong></span> <span class='ocrx_word' id='word_1_98' title='bbox 797 1559 864 1600; x_wconf 87' lang='lat' dir='ltr'><strong>ac</strong></span> <span class='ocrx_word' id='word_1_99' title='bbox 901 1544 1200 1616; x_wconf 86' lang='lat' dir='ltr'><strong>spirituum</strong></span> <span class='ocrx_word' id='word_1_100' title='bbox 1249 1545 1713 1603; x_wconf 87' lang='lat' dir='ltr'><strong>dominationem.</strong></span> 
     </span>
    </p>
   </div>
   <div class='ocr_carea' id='block_1_18' title="bbox 629 1723 2078 1798">
    <p class='ocr_par' dir='ltr' id='par_1_18' title="bbox 629 1723 2078 1798">
     <span class='ocr_line' id='line_1_18' title="bbox 629 1723 2078 1798; baseline 0.001 -18"><span class='ocrx_word' id='word_1_101' title='bbox 629 1723 1021 1797; x_wconf 66' lang='lat' dir='ltr'><strong>Contemplatio</strong></span> <span class='ocrx_word' id='word_1_102' title='bbox 1051 1727 1287 1783; x_wconf 76' lang='lat' dir='ltr'><strong>uirorum</strong></span> <span class='ocrx_word' id='word_1_103' title='bbox 1323 1737 1556 1798; x_wconf 78' lang='lat' dir='ltr'><strong>quatuor</strong></span> <span class='ocrx_word' id='word_1_104' title='bbox 1587 1727 1818 1783; x_wconf 79' lang='lat' dir='ltr'><strong>millium</strong></span> <span class='ocrx_word' id='word_1_105' title='bbox 1847 1727 2078 1782; x_wconf 83' lang='lat' dir='ltr'><strong>numeri.</strong></span> 
     </span>
    </p>
   </div>
   <div class='ocr_carea' id='block_1_19' title="bbox 632 1841 2181 1913">
    <p class='ocr_par' dir='ltr' id='par_1_19' title="bbox 632 1841 2181 1913">
     <span class='ocr_line' id='line_1_19' title="bbox 632 1841 2181 1913; baseline -0.003 -14"><span class='ocrx_word' id='word_1_106' title='bbox 632 1841 812 1912; x_wconf 84' lang='lat' dir='ltr'><strong>Atque</strong></span> <span class='ocrx_word' id='word_1_107' title='bbox 861 1842 1107 1913; x_wconf 88' lang='lat' dir='ltr'><strong>ipsorum</strong></span> <span class='ocrx_word' id='word_1_108' title='bbox 1144 1843 1368 1899; x_wconf 91' lang='lat' dir='ltr'><strong>illorum</strong></span> <span class='ocrx_word' id='word_1_109' title='bbox 1415 1859 1686 1899; x_wconf 88' lang='lat' dir='ltr'><strong>numerus</strong></span> <span class='ocrx_word' id='word_1_110' title='bbox 1736 1842 1832 1913; x_wconf 89' lang='lat' dir='ltr'><strong>qui</strong></span> <span class='ocrx_word' id='word_1_111' title='bbox 1867 1842 1956 1898; x_wconf 89' lang='lat' dir='ltr'><strong>his</strong></span> <span class='ocrx_word' id='word_1_112' title='bbox 1983 1841 2181 1912; x_wconf 60' lang='lat' dir='ltr'><strong>spiriv&#39;</strong></span> 
     </span>
    </p>
   </div>
   <div class='ocr_carea' id='block_1_20' title="bbox 2253 498 3854 590">
    <p class='ocr_par' dir='ltr' id='par_1_20' title="bbox 2253 498 3854 590">
     <span class='ocr_line' id='line_1_20' title="bbox 2253 498 3854 590; baseline 0.006 -24"><span class='ocrx_word' id='word_1_113' title='bbox 2253 511 2536 584; x_wconf 69' lang='grc' dir='ltr'>φωτισμὸν</span> <span class='ocrx_word' id='word_1_114' title='bbox 2590 515 2704 576; x_wconf 83' lang='grc' dir='ltr'>τοῖς</span> <span class='ocrx_word' id='word_1_115' title='bbox 2740 498 3110 583; x_wconf 63' lang='grc' dir='ltr'>φιλοπονοῦσι</span> <span class='ocrx_word' id='word_1_116' title='bbox 3164 498 3503 590; x_wconf 82' lang='grc' dir='ltr'>παρέχοντος</span> <span class='ocrx_word' id='word_1_117' title='bbox 3532 560 3548 585; x_wconf 89' lang='grc'><strong>,</strong></span> <span class='ocrx_word' id='word_1_118' title='bbox 3611 521 3738 574; x_wconf 81' lang='grc' dir='ltr'>καθ’</span> <span class='ocrx_word' id='word_1_119' title='bbox 3786 520 3854 585; x_wconf 74' lang='grc' dir='ltr'>ἃς</span> 
     </span>
    </p>
   </div>
   <div class='ocr_carea' id='block_1_21' title="bbox 2252 605 3855 679">
    <p class='ocr_par' dir='ltr' id='par_1_21' title="bbox 2252 605 3855 679">
     <span class='ocr_line' id='line_1_21' title="bbox 2252 605 3855 679; baseline 0.004 -20"><span class='ocrx_word' id='word_1_120' title='bbox 2252 606 2564 679; x_wconf 79' lang='grc' dir='ltr'><strong>ἀμέμπτως</strong></span> <span class='ocrx_word' id='word_1_121' title='bbox 2584 608 2634 661; x_wconf 92' lang='grc' dir='ltr'><strong>οἰ</strong></span> <span class='ocrx_word' id='word_1_122' title='bbox 2656 605 2840 671; x_wconf 87' lang='grc' dir='ltr'>καλῶς</span> <span class='ocrx_word' id='word_1_123' title='bbox 2857 625 2917 661; x_wconf 88' lang='grc' dir='ltr'><strong>τε</strong></span> <span class='ocrx_word' id='word_1_124' title='bbox 2947 609 3040 663; x_wconf 77' lang='grc' dir='ltr'>καὶ</span> <span class='ocrx_word' id='word_1_125' title='bbox 3061 608 3279 679; x_wconf 85' lang='grc' dir='ltr'>ἀληθῶς</span> <span class='ocrx_word' id='word_1_126' title='bbox 3303 612 3602 678; x_wconf 80' lang='grc' dir='ltr'>πεινῶντες</span> <span class='ocrx_word' id='word_1_127' title='bbox 3619 612 3692 665; x_wconf 74' lang='grc' dir='ltr'><strong>τά</strong></span> <span class='ocrx_word' id='word_1_128' title='bbox 3707 612 3855 675; x_wconf 76' lang='grc' dir='ltr'>θεῖα,</span> 
     </span>
    </p>
   </div>
   <div class='ocr_carea' id='block_1_22' title="bbox 2251 698 3858 776">
    <p class='ocr_par' dir='ltr' id='par_1_22' title="bbox 2251 698 3858 776">
     <span class='ocr_line' id='line_1_22' title="bbox 2251 698 3858 776; baseline 0.001 -23"><span class='ocrx_word' id='word_1_129' title='bbox 2251 699 2331 772; x_wconf 83' lang='grc' dir='ltr'>τῷ</span> <span class='ocrx_word' id='word_1_130' title='bbox 2378 698 2497 771; x_wconf 85' lang='grc' dir='ltr'><strong>Θεῷ</strong></span> <span class='ocrx_word' id='word_1_131' title='bbox 2545 699 2640 754; x_wconf 83' lang='grc' dir='ltr'>καὶ</span> <span class='ocrx_word' id='word_1_132' title='bbox 2671 699 2832 772; x_wconf 83' lang='grc' dir='ltr'>Λόγῳ</span> <span class='ocrx_word' id='word_1_133' title='bbox 2879 703 3310 774; x_wconf 80' lang='grc' dir='ltr'>προσμένοντες,</span> <span class='ocrx_word' id='word_1_134' title='bbox 3360 704 3615 776; x_wconf 81' lang='grc' dir='ltr'>δέχονται</span> <span class='ocrx_word' id='word_1_135' title='bbox 3647 705 3858 776; x_wconf 69' lang='grc' dir='ltr'>τροφὴν</span> 
     </span>
    </p>
   </div>
   <div class='ocr_carea' id='block_1_23' title="bbox 2254 795 3859 872">
    <p class='ocr_par' dir='ltr' id='par_1_23' title="bbox 2254 795 3859 872">
     <span class='ocr_line' id='line_1_23' title="bbox 2254 795 3859 872; baseline 0.003 -23"><span class='ocrx_word' id='word_1_136' title='bbox 2254 795 2528 868; x_wconf 79' lang='grc' dir='ltr'>μυστικὴν</span> <span class='ocrx_word' id='word_1_137' title='bbox 2603 795 2746 851; x_wconf 87' lang='grc' dir='ltr'><strong>κατά</strong></span> <span class='ocrx_word' id='word_1_138' title='bbox 2798 798 3000 853; x_wconf 78' lang='grc' dir='ltr'>ταύτὸν</span> <span class='ocrx_word' id='word_1_139' title='bbox 3058 800 3219 870; x_wconf 87' lang='grc' dir='ltr'>νίκης</span> <span class='ocrx_word' id='word_1_140' title='bbox 3275 817 3335 854; x_wconf 91' lang='grc' dir='ltr'><strong>τε</strong></span> <span class='ocrx_word' id='word_1_141' title='bbox 3408 802 3506 854; x_wconf 75' lang='grc' dir='ltr'>καὶ</span> <span class='ocrx_word' id='word_1_142' title='bbox 3567 800 3859 872; x_wconf 74' lang='grc' dir='ltr'><strong>βασιλείας</strong></span> 
     </span>
    </p>
   </div>
   <div class='ocr_carea' id='block_1_24' title="bbox 2252 888 3860 964">
    <p class='ocr_par' dir='ltr' id='par_1_24' title="bbox 2252 888 3860 964">
     <span class='ocr_line' id='line_1_24' title="bbox 2252 888 3860 964; baseline 0.001 -22"><span class='ocrx_word' id='word_1_143' title='bbox 2252 888 2481 960; x_wconf 77' lang='grc' dir='ltr'>ἔχουσαν</span> <span class='ocrx_word' id='word_1_144' title='bbox 2533 889 2781 959; x_wconf 79' lang='grc' dir='ltr'>σύμϐολα</span> <span class='ocrx_word' id='word_1_145' title='bbox 2833 891 2931 945; x_wconf 79' lang='grc' dir='ltr'><strong>τοῦ</strong></span> <span class='ocrx_word' id='word_1_146' title='bbox 2982 891 3146 962; x_wconf 78' lang='grc' dir='ltr'>κόρου</span> <span class='ocrx_word' id='word_1_147' title='bbox 3193 893 3265 946; x_wconf 74' lang='grc' dir='ltr'>τὰ</span> <span class='ocrx_word' id='word_1_148' title='bbox 3315 892 3570 964; x_wconf 71' lang='grc' dir='ltr'>λείψανα.</span> <span class='ocrx_word' id='word_1_149' title='bbox 3630 895 3701 946; x_wconf 77' lang='grc' dir='ltr'>Δί</span> <span class='ocrx_word' id='word_1_150' title='bbox 3746 892 3860 962; x_wconf 69' lang='grc' dir='ltr'>γὰρ</span> 
     </span>
    </p>
   </div>
   <div class='ocr_carea' id='block_1_25' title="bbox 2251 981 3857 1057">
    <p class='ocr_par' dir='ltr' id='par_1_25' title="bbox 2251 981 3857 1057">
     <span class='ocr_line' id='line_1_25' title="bbox 2251 981 3857 1057; baseline 0 -21"><span class='ocrx_word' id='word_1_151' title='bbox 2251 981 2393 1036; x_wconf 75' lang='grc' dir='ltr'>ἑπτά</span> <span class='ocrx_word' id='word_1_152' title='bbox 2444 982 2704 1057; x_wconf 82' lang='grc' dir='ltr'>σπυρίδες</span> <span class='ocrx_word' id='word_1_153' title='bbox 2746 984 2812 1037; x_wconf 79' lang='grc' dir='ltr'>ὲκ</span> <span class='ocrx_word' id='word_1_154' title='bbox 2855 984 3117 1054; x_wconf 83' lang='grc' dir='ltr'>φοινίκων</span> <span class='ocrx_word' id='word_1_155' title='bbox 3153 986 3255 1057; x_wconf 77' lang='grc' dir='ltr'>τὴν</span> <span class='ocrx_word' id='word_1_156' title='bbox 3286 984 3422 1057; x_wconf 78' lang='grc' dir='ltr'>ὕλην</span> <span class='ocrx_word' id='word_1_157' title='bbox 3451 985 3681 1056; x_wconf 76' lang='grc' dir='ltr'>ἔχουσαι</span> <span class='ocrx_word' id='word_1_158' title='bbox 3732 986 3752 1050; x_wconf 70' lang='grc' dir='ltr'><strong>ί</strong></span> <span class='ocrx_word' id='word_1_159' title='bbox 3774 984 3857 1036; x_wconf 90' lang='grc' dir='ltr'>νί-</span> 
     </span>
    </p>
   </div>
   <div class='ocr_carea' id='block_1_26' title="bbox 2251 1075 3859 1150">
    <p class='ocr_par' dir='ltr' id='par_1_26' title="bbox 2251 1075 3859 1150">
     <span class='ocr_line' id='line_1_26' title="bbox 2251 1075 3859 1150; baseline 0.001 -21"><span class='ocrx_word' id='word_1_160' title='bbox 2251 1093 2356 1144; x_wconf 86' lang='grc' dir='ltr'><strong>κης</strong></span> <span class='ocrx_word' id='word_1_161' title='bbox 2381 1075 2440 1130; x_wconf 83' lang='grc' dir='ltr'>δὲ</span> <span class='ocrx_word' id='word_1_162' title='bbox 2484 1076 2757 1146; x_wconf 79' lang='grc' dir='ltr'>σύμϐολον</span> <span class='ocrx_word' id='word_1_163' title='bbox 2791 1078 2887 1132; x_wconf 82' lang='grc' dir='ltr'>καὶ</span> <span class='ocrx_word' id='word_1_164' title='bbox 2918 1078 3202 1149; x_wconf 76' lang='grc' dir='ltr'><strong>βασιλείας</strong></span> <span class='ocrx_word' id='word_1_165' title='bbox 3243 1080 3272 1132; x_wconf 85' lang='grc' dir='ltr'>ὁ</span> <span class='ocrx_word' id='word_1_166' title='bbox 3300 1079 3553 1148; x_wconf 74' lang='grc' dir='ltr'>φοῖνιξ),</span> <span class='ocrx_word' id='word_1_167' title='bbox 3611 1078 3756 1150; x_wconf 79' lang='grc' dir='ltr'>πρὸς</span> <span class='ocrx_word' id='word_1_168' title='bbox 3799 1077 3859 1130; x_wconf 72' lang='grc' dir='ltr'>δὲ</span> 
     </span>
    </p>
   </div>
   <div class='ocr_carea' id='block_1_27' title="bbox 2250 1168 3859 1244">
    <p class='ocr_par' dir='ltr' id='par_1_27' title="bbox 2250 1168 3859 1244">
     <span class='ocr_line' id='line_1_27' title="bbox 2250 1168 3859 1244; baseline 0.001 -22"><span class='ocrx_word' id='word_1_169' title='bbox 2250 1168 2350 1223; x_wconf 78' lang='grc' dir='ltr'>καὶ</span> <span class='ocrx_word' id='word_1_170' title='bbox 2384 1169 2483 1240; x_wconf 82' lang='grc' dir='ltr'>τῆς</span> <span class='ocrx_word' id='word_1_171' title='bbox 2511 1170 2814 1243; x_wconf 80' lang='grc' dir='ltr'>ἀκλονήτου</span> <span class='ocrx_word' id='word_1_172' title='bbox 2849 1171 2987 1244; x_wconf 65' lang='grc' dir='ltr'>πρὸς</span> <span class='ocrx_word' id='word_1_173' title='bbox 3017 1173 3118 1236; x_wconf 79' lang='grc' dir='ltr'><strong>τάς</strong></span> <span class='ocrx_word' id='word_1_174' title='bbox 3149 1171 3260 1226; x_wconf 89' lang='grc' dir='ltr'><strong>τῶν</strong></span> <span class='ocrx_word' id='word_1_175' title='bbox 3291 1170 3486 1243; x_wconf 76' lang='grc' dir='ltr'>βιαίων</span> <span class='ocrx_word' id='word_1_176' title='bbox 3517 1172 3859 1242; x_wconf 77' lang='grc' dir='ltr'>πνευμάτων</span> 
     </span>
    </p>
   </div>
   <div class='ocr_carea' id='block_1_28' title="bbox 2252 1262 3859 1336">
    <p class='ocr_par' dir='ltr' id='par_1_28' title="bbox 2252 1262 3859 1336">
     <span class='ocr_line' id='line_1_28' title="bbox 2252 1262 3859 1336; baseline 0.002 -20"><span class='ocrx_word' id='word_1_177' title='bbox 2252 1262 2492 1333; x_wconf 59' lang='lat' dir='ltr'><strong>specta;</strong></span> <span class='ocrx_word' id='word_1_178' title='bbox 2537 1263 2681 1336; x_wconf 78' lang='grc' dir='ltr'>ὑπὲρ</span> <span class='ocrx_word' id='word_1_179' title='bbox 2719 1263 2981 1336; x_wconf 77' lang='grc' dir='ltr'><strong>ἀληθείας</strong></span> <span class='ocrx_word' id='word_1_180' title='bbox 3021 1264 3329 1330; x_wconf 73' lang='grc' dir='ltr'>ἑνστάσεως</span> <span class='ocrx_word' id='word_1_181' title='bbox 3376 1264 3444 1320; x_wconf 80' lang='grc' dir='ltr'>δι’</span> <span class='ocrx_word' id='word_1_182' title='bbox 3473 1264 3696 1319; x_wconf 70' lang='grc' dir='ltr'>ἑαυτῶν</span> <span class='ocrx_word' id='word_1_183' title='bbox 3730 1266 3859 1328; x_wconf 70' lang='grc' dir='ltr'>τοὺς</span> 
     </span>
    </p>
   </div>
   <div class='ocr_carea' id='block_1_29' title="bbox 2250 1355 3855 1429">
    <p class='ocr_par' dir='ltr' id='par_1_29' title="bbox 2250 1355 3855 1429">
     <span class='ocr_line' id='line_1_29' title="bbox 2250 1355 3855 1429; baseline 0 -20"><span class='ocrx_word' id='word_1_184' title='bbox 2250 1355 2562 1428; x_wconf 79' lang='grc' dir='ltr'>τραφέντας</span> <span class='ocrx_word' id='word_1_185' title='bbox 2624 1356 2810 1429; x_wconf 82' lang='grc' dir='ltr'>πάσης</span> <span class='ocrx_word' id='word_1_186' title='bbox 2865 1356 3068 1422; x_wconf 84' lang='grc' dir='ltr'>κακίας</span> <span class='ocrx_word' id='word_1_187' title='bbox 3128 1359 3224 1412; x_wconf 82' lang='grc' dir='ltr'><strong>καί</strong></span> <span class='ocrx_word' id='word_1_188' title='bbox 3283 1359 3566 1428; x_wconf 78' lang='grc' dir='ltr'>ἀγνωσίας</span> <span class='ocrx_word' id='word_1_189' title='bbox 3621 1357 3855 1428; x_wconf 78' lang='grc' dir='ltr'>νικητάς</span> 
     </span>
    </p>
   </div>
   <div class='ocr_carea' id='block_1_30' title="bbox 2249 1451 3860 1525">
    <p class='ocr_par' dir='ltr' id='par_1_30' title="bbox 2249 1451 3860 1525">
     <span class='ocr_line' id='line_1_30' title="bbox 2249 1451 3860 1525; baseline -0.001 -17"><span class='ocrx_word' id='word_1_190' title='bbox 2249 1451 2668 1520; x_wconf 75' lang='grc' dir='ltr'>ἀποφαίνουσιν,</span> <span class='ocrx_word' id='word_1_191' title='bbox 2713 1452 2794 1518; x_wconf 80' lang='grc' dir='ltr'><strong>ὡς</strong></span> <span class='ocrx_word' id='word_1_192' title='bbox 2827 1453 2926 1525; x_wconf 74' lang='grc' dir='ltr'>τὴν</span> <span class='ocrx_word' id='word_1_193' title='bbox 2959 1453 3102 1510; x_wconf 70' lang='grc' dir='ltr'>κατὰ</span> <span class='ocrx_word' id='word_1_194' title='bbox 3133 1454 3326 1508; x_wconf 72' lang='grc' dir='ltr'>παθῶν</span> <span class='ocrx_word' id='word_1_195' title='bbox 3349 1472 3412 1509; x_wconf 86' lang='grc' dir='ltr'><strong>τε</strong></span> <span class='ocrx_word' id='word_1_196' title='bbox 3445 1456 3545 1509; x_wconf 70' lang='grc' dir='ltr'>καὶ</span> <span class='ocrx_word' id='word_1_197' title='bbox 3574 1454 3860 1524; x_wconf 68' lang='grc' dir='ltr'>δαιμόνων</span> 
     </span>
    </p>
   </div>
   <div class='ocr_carea' id='block_1_31' title="bbox 2251 1544 3848 1619">
    <p class='ocr_par' dir='ltr' id='par_1_31' title="bbox 2251 1544 3848 1619">
     <span class='ocr_line' id='line_1_31' title="bbox 2251 1544 3848 1619; baseline 0.001 -21"><span class='ocrx_word' id='word_1_198' title='bbox 2251 1544 2407 1616; x_wconf 67' lang='grc' dir='ltr'>παρὰ</span> <span class='ocrx_word' id='word_1_199' title='bbox 2429 1545 2524 1599; x_wconf 78' lang='grc' dir='ltr'><strong>τοῦ</strong></span> <span class='ocrx_word' id='word_1_200' title='bbox 2545 1544 2683 1600; x_wconf 87' lang='grc' dir='ltr'><strong>Θεοῦ</strong></span> <span class='ocrx_word' id='word_1_201' title='bbox 2701 1545 2880 1616; x_wconf 81' lang='grc' dir='ltr'>Λόγου</span> <span class='ocrx_word' id='word_1_202' title='bbox 2905 1547 3178 1619; x_wconf 75' lang='grc' dir='ltr'>ἀήττητον</span> <span class='ocrx_word' id='word_1_203' title='bbox 3203 1547 3472 1612; x_wconf 72' lang='grc' dir='ltr'>λαΰὸντας</span> <span class='ocrx_word' id='word_1_204' title='bbox 3496 1547 3848 1602; x_wconf 85' lang='grc' dir='ltr'>δυναστείαν.</span> 
     </span>
    </p>
   </div>
   <div class='ocr_carea' id='block_1_32' title="bbox 2253 1703 3848 1798">
    <p class='ocr_par' dir='ltr' id='par_1_32' title="bbox 2253 1703 3848 1798">
     <span class='ocr_line' id='line_1_32' title="bbox 2253 1703 3848 1798; baseline -0.001 -16"><span class='ocrx_word' id='word_1_205' title='bbox 2253 1725 2475 1795; x_wconf 78' lang='grc' dir='ltr'>Θεωρία</span> <span class='ocrx_word' id='word_1_206' title='bbox 2503 1703 2618 1782; x_wconf 31' lang='grc' dir='ltr'>’τοῦ</span> <span class='ocrx_word' id='word_1_207' title='bbox 2645 1724 2896 1796; x_wconf 75' lang='grc' dir='ltr'>ἀριθμοῦ</span> <span class='ocrx_word' id='word_1_208' title='bbox 2926 1725 3041 1780; x_wconf 84' lang='grc' dir='ltr'><strong>τῶν</strong></span> <span class='ocrx_word' id='word_1_209' title='bbox 3068 1729 3569 1798; x_wconf 74' lang='grc' dir='ltr'>τετρακισχιλίων</span> <span class='ocrx_word' id='word_1_210' title='bbox 3591 1725 3848 1796; x_wconf 67' lang='grc' dir='ltr'>ἀνδρῶν.</span> 
     </span>
    </p>
   </div>
   <div class='ocr_carea' id='block_1_33' title="bbox 2323 1839 3857 1914">
    <p class='ocr_par' dir='ltr' id='par_1_33' title="bbox 2323 1839 3857 1914">
     <span class='ocr_line' id='line_1_33' title="bbox 2323 1839 3857 1914; baseline 0.001 -19"><span class='ocrx_word' id='word_1_211' title='bbox 2323 1841 2438 1896; x_wconf 76' lang='grc' dir='ltr'><strong>Καὶ</strong></span> <span class='ocrx_word' id='word_1_212' title='bbox 2481 1843 2511 1896; x_wconf 85' lang='grc' dir='ltr'><strong>ό</strong></span> <span class='ocrx_word' id='word_1_213' title='bbox 2553 1840 2738 1896; x_wconf 80' lang='grc' dir='ltr'>αὐτῶν</span> <span class='ocrx_word' id='word_1_214' title='bbox 2765 1839 2824 1895; x_wconf 70' lang='grc' dir='ltr'>δὲ</span> <span class='ocrx_word' id='word_1_215' title='bbox 2859 1841 3090 1897; x_wconf 64' lang='grc' dir='ltr'>ὲκείνων</span> <span class='ocrx_word' id='word_1_216' title='bbox 3141 1841 3253 1897; x_wconf 84' lang='grc' dir='ltr'><strong>τῶν</strong></span> <span class='ocrx_word' id='word_1_217' title='bbox 3278 1841 3506 1907; x_wconf 73' lang='grc' dir='ltr'>τούτους</span> <span class='ocrx_word' id='word_1_218' title='bbox 3531 1841 3857 1914; x_wconf 64' lang='grc' dir='ltr'>τραφέντων</span> 
     </span>
    </p>
   </div>
   <div class='ocr_carea' id='block_1_34' title="bbox 560 1933 2147 2008">
    <p class='ocr_par' dir='ltr' id='par_1_34' title="bbox 560 1935 2147 2008">
     <span class='ocr_line' id='line_1_34' title="bbox 560 1935 2147 2008; baseline 0 -18"><span class='ocrx_word' id='word_1_219' title='bbox 560 1935 806 1992; x_wconf 90' lang='lat' dir='ltr'><strong>tualibus</strong></span> <span class='ocrx_word' id='word_1_220' title='bbox 862 1937 1177 1994; x_wconf 83' lang='lat' dir='ltr'><strong>rationibus</strong></span> <span class='ocrx_word' id='word_1_221' title='bbox 1230 1947 1361 1994; x_wconf 91' lang='lat' dir='ltr'><strong>sunt</strong></span> <span class='ocrx_word' id='word_1_222' title='bbox 1410 1937 1644 1993; x_wconf 90' lang='lat' dir='ltr'><strong>enutriti</strong></span> <span class='ocrx_word' id='word_1_223' title='bbox 1699 1953 1846 1994; x_wconf 72' lang='lat' dir='ltr'><strong>verte</strong></span> <span class='ocrx_word' id='word_1_224' title='bbox 1897 1938 2147 2008; x_wconf 85' lang='lat' dir='ltr'><strong>ipsorum</strong></span> 
     </span>
    </p>
   </div>
   <div class='ocr_carea' id='block_1_35' title="bbox 2250 1933 3852 2008">
    <p class='ocr_par' dir='ltr' id='par_1_35' title="bbox 2251 1933 3852 2007">
     <span class='ocr_line' id='line_1_35' title="bbox 2251 1933 3852 2007; baseline 0.001 -19"><span class='ocrx_word' id='word_1_225' title='bbox 2251 1935 2378 1997; x_wconf 78' lang='grc' dir='ltr'>τοὺς</span> <span class='ocrx_word' id='word_1_226' title='bbox 2431 1935 2842 2005; x_wconf 77' lang='grc' dir='ltr'>πνευματικοίις</span> <span class='ocrx_word' id='word_1_227' title='bbox 2891 1933 3088 2004; x_wconf 80' lang='grc' dir='ltr'>λόγους</span> <span class='ocrx_word' id='word_1_228' title='bbox 3145 1934 3385 2007; x_wconf 77' lang='grc' dir='ltr'>ἀριθμὸς</span> <span class='ocrx_word' id='word_1_229' title='bbox 3457 1935 3560 2006; x_wconf 83' lang='grc' dir='ltr'>τῆς</span> <span class='ocrx_word' id='word_1_230' title='bbox 3613 1934 3852 2006; x_wconf 74' lang='grc' dir='ltr'>ἀληθοῦς</span> 
     </span>
    </p>
   </div>
   <div class='ocr_carea' id='block_1_36' title="bbox 557 2028 2144 2102">
    <p class='ocr_par' dir='ltr' id='par_1_36' title="bbox 557 2028 2144 2102">
     <span class='ocr_line' id='line_1_36' title="bbox 557 2028 2144 2102; baseline 0.001 -20"><span class='ocrx_word' id='word_1_231' title='bbox 557 2028 922 2098; x_wconf 82' lang='lat' dir='ltr'><strong>perfectionis</strong></span> <span class='ocrx_word' id='word_1_232' title='bbox 943 2029 1272 2085; x_wconf 76' lang='lat' dir='ltr'><strong>manifestus</strong></span> <span class='ocrx_word' id='word_1_233' title='bbox 1289 2037 1347 2085; x_wconf 90' lang='lat' dir='ltr'><strong>et</strong></span> <span class='ocrx_word' id='word_1_234' title='bbox 1371 2030 1621 2102; x_wconf 86' lang='lat' dir='ltr'><strong>locuples</strong></span> <span class='ocrx_word' id='word_1_235' title='bbox 1636 2029 1793 2086; x_wconf 85' lang='lat' dir='ltr'><strong>testis</strong></span> <span class='ocrx_word' id='word_1_236' title='bbox 1813 2037 1918 2096; x_wconf 88' lang='lat' dir='ltr'><strong>est,</strong></span> <span class='ocrx_word' id='word_1_237' title='bbox 1937 2029 2144 2100; x_wconf 88' lang='lat' dir='ltr'><strong>quippe</strong></span> 
     </span>
    </p>
   </div>
   <div class='ocr_carea' id='block_1_37' title="bbox 557 2122 2145 2194">
    <p class='ocr_par' dir='ltr' id='par_1_37' title="bbox 557 2122 2145 2194">
     <span class='ocr_line' id='line_1_37' title="bbox 557 2122 2145 2194; baseline 0 -18"><span class='ocrx_word' id='word_1_238' title='bbox 557 2122 654 2191; x_wconf 87' lang='lat' dir='ltr'><strong>qui</strong></span> <span class='ocrx_word' id='word_1_239' title='bbox 687 2132 927 2192; x_wconf 83' lang='lat' dir='ltr'><strong>quatuor</strong></span> <span class='ocrx_word' id='word_1_240' title='bbox 969 2125 1256 2194; x_wconf 78' lang='lat' dir='ltr'><strong>generales</strong></span> <span class='ocrx_word' id='word_1_241' title='bbox 1295 2123 1547 2182; x_wconf 89' lang='lat' dir='ltr'><strong>continet</strong></span> <span class='ocrx_word' id='word_1_242' title='bbox 1598 2123 1865 2188; x_wconf 88' lang='lat' dir='ltr'><strong>unitates,</strong></span> <span class='ocrx_word' id='word_1_243' title='bbox 1909 2137 2145 2194; x_wconf 85' lang='lat' dir='ltr'><strong>quarum</strong></span> 
     </span>
    </p>
   </div>
   <div class='ocr_carea' id='block_1_38' title="bbox 558 2215 2148 2288">
    <p class='ocr_par' dir='ltr' id='par_1_38' title="bbox 558 2215 2148 2288">
     <span class='ocr_line' id='line_1_38' title="bbox 558 2215 2148 2288; baseline -0.001 -19"><span class='ocrx_word' id='word_1_244' title='bbox 558 2215 737 2283; x_wconf 88' lang='lat' dir='ltr'><strong>prima</strong></span> <span class='ocrx_word' id='word_1_245' title='bbox 784 2215 1008 2286; x_wconf 88' lang='lat' dir='ltr'><strong>quidem</strong></span> <span class='ocrx_word' id='word_1_246' title='bbox 1044 2226 1130 2272; x_wconf 87' lang='lat' dir='ltr'><strong>est</strong></span> <span class='ocrx_word' id='word_1_247' title='bbox 1159 2217 1338 2288; x_wconf 87' lang='lat' dir='ltr'><strong>prima</strong></span> <span class='ocrx_word' id='word_1_248' title='bbox 1376 2218 1585 2283; x_wconf 91' lang='lat' dir='ltr'><strong>unitas,</strong></span> <span class='ocrx_word' id='word_1_249' title='bbox 1613 2216 1856 2273; x_wconf 89' lang='lat' dir='ltr'><strong>secunda</strong></span> <span class='ocrx_word' id='word_1_250' title='bbox 1887 2230 2022 2272; x_wconf 86' lang='lat' dir='ltr'><strong>vero</strong></span> <span class='ocrx_word' id='word_1_251' title='bbox 2062 2223 2148 2270; x_wconf 89' lang='lat' dir='ltr'><strong>est</strong></span> 
     </span>
    </p>
   </div>
   <div class='ocr_carea' id='block_1_39' title="bbox 556 2303 2150 2377">
    <p class='ocr_par' dir='ltr' id='par_1_39' title="bbox 556 2303 2150 2377">
     <span class='ocr_line' id='line_1_39' title="bbox 556 2303 2150 2377; baseline 0.002 -20"><span class='ocrx_word' id='word_1_252' title='bbox 556 2303 821 2362; x_wconf 86' lang='lat' dir='ltr'><strong>denarius</strong></span> <span class='ocrx_word' id='word_1_253' title='bbox 841 2323 1130 2374; x_wconf 89' lang='lat' dir='ltr'><strong>numerus,</strong></span> <span class='ocrx_word' id='word_1_254' title='bbox 1162 2309 1328 2363; x_wconf 85' lang='lat' dir='ltr'><strong>tertia</strong></span> <span class='ocrx_word' id='word_1_255' title='bbox 1365 2307 1748 2373; x_wconf 89' lang='lat' dir='ltr'><strong>centenarius,</strong></span> <span class='ocrx_word' id='word_1_256' title='bbox 1793 2315 1992 2377; x_wconf 82' lang='lat' dir='ltr'><strong>quarta</strong></span> <span class='ocrx_word' id='word_1_257' title='bbox 2029 2320 2150 2361; x_wconf 83' lang='lat' dir='ltr'><strong>mo-</strong></span> 
     </span>
    </p>
   </div>
   <div class='ocr_carea' id='block_1_40' title="bbox 558 2399 2149 2457">
    <p class='ocr_par' dir='ltr' id='par_1_40' title="bbox 558 2399 2149 2457">
     <span class='ocr_line' id='line_1_40' title="bbox 558 2399 2149 2457; baseline 0.002 -6"><span class='ocrx_word' id='word_1_258' title='bbox 558 2413 660 2453; x_wconf 91' lang='lat' dir='ltr'><strong>nas</strong></span> <span class='ocrx_word' id='word_1_259' title='bbox 703 2409 788 2454; x_wconf 91' lang='lat' dir='ltr'><strong>est</strong></span> <span class='ocrx_word' id='word_1_260' title='bbox 829 2399 1178 2457; x_wconf 83' lang='lat' dir='ltr'><strong>millenarius</strong></span> <span class='ocrx_word' id='word_1_261' title='bbox 1222 2415 1514 2457; x_wconf 90' lang='lat' dir='ltr'><strong>numerus.</strong></span> <span class='ocrx_word' id='word_1_262' title='bbox 1569 2400 1770 2456; x_wconf 84' lang='lat' dir='ltr'><strong>Harum</strong></span> <span class='ocrx_word' id='word_1_263' title='bbox 1825 2400 1974 2456; x_wconf 90' lang='lat' dir='ltr'><strong>enim</strong></span> <span class='ocrx_word' id='word_1_264' title='bbox 2010 2414 2149 2454; x_wconf 86' lang='lat' dir='ltr'><strong>una-</strong></span> 
     </span>
    </p>
   </div>
   <div class='ocr_carea' id='block_1_41' title="bbox 557 2490 2150 2562">
    <p class='ocr_par' dir='ltr' id='par_1_41' title="bbox 557 2490 2150 2562">
     <span class='ocr_line' id='line_1_41' title="bbox 557 2490 2150 2562; baseline 0.003 -20"><span class='ocrx_word' id='word_1_265' title='bbox 557 2503 816 2558; x_wconf 70' lang='lat' dir='ltr'><strong>qumque,</strong></span> <span class='ocrx_word' id='word_1_266' title='bbox 856 2491 1035 2561; x_wconf 90' lang='lat' dir='ltr'><strong>prima</strong></span> <span class='ocrx_word' id='word_1_267' title='bbox 1073 2490 1311 2547; x_wconf 90' lang='lat' dir='ltr'><strong>monade</strong></span> <span class='ocrx_word' id='word_1_268' title='bbox 1343 2500 1595 2562; x_wconf 84' lang='lat' dir='ltr'><strong>excepta,</strong></span> <span class='ocrx_word' id='word_1_269' title='bbox 1635 2499 1694 2546; x_wconf 89' lang='lat' dir='ltr'><strong>et</strong></span> <span class='ocrx_word' id='word_1_270' title='bbox 1735 2506 1933 2546; x_wconf 83' lang='lat' dir='ltr'><strong>monas</strong></span> <span class='ocrx_word' id='word_1_271' title='bbox 1955 2499 2045 2546; x_wconf 88' lang='lat' dir='ltr'><strong>est</strong></span> <span class='ocrx_word' id='word_1_272' title='bbox 2091 2501 2150 2546; x_wconf 91' lang='lat' dir='ltr'><strong>et</strong></span> 
     </span>
    </p>
   </div>
   <div class='ocr_carea' id='block_1_42' title="bbox 558 2579 2150 2655">
    <p class='ocr_par' dir='ltr' id='par_1_42' title="bbox 558 2579 2150 2655">
     <span class='ocr_line' id='line_1_42' title="bbox 558 2579 2150 2655; baseline 0.002 -20"><span class='ocrx_word' id='word_1_273' title='bbox 558 2579 767 2636; x_wconf 88' lang='lat' dir='ltr'><strong>decas:</strong></span> <span class='ocrx_word' id='word_1_274' title='bbox 795 2597 990 2640; x_wconf 92' lang='lat' dir='ltr'><strong>monas</strong></span> <span class='ocrx_word' id='word_1_275' title='bbox 1019 2582 1246 2655; x_wconf 88' lang='lat' dir='ltr'><strong>quidem</strong></span> <span class='ocrx_word' id='word_1_276' title='bbox 1279 2600 1471 2639; x_wconf 90' lang='lat' dir='ltr'><strong>earum</strong></span> <span class='ocrx_word' id='word_1_277' title='bbox 1503 2599 1628 2654; x_wconf 68' lang='lat' dir='ltr'><strong>quae</strong></span> <span class='ocrx_word' id='word_1_278' title='bbox 1656 2594 1785 2655; x_wconf 89' lang='lat' dir='ltr'><strong>post</strong></span> <span class='ocrx_word' id='word_1_279' title='bbox 1821 2599 1881 2639; x_wconf 87' lang='lat' dir='ltr'><strong>se</strong></span> <span class='ocrx_word' id='word_1_280' title='bbox 1909 2599 2150 2653; x_wconf 90' lang='lat' dir='ltr'><strong>sequun-</strong></span> 
     </span>
    </p>
   </div>
   <div class='ocr_carea' id='block_1_43' title="bbox 558 2677 2149 2751">
    <p class='ocr_par' dir='ltr' id='par_1_43' title="bbox 558 2677 2149 2751">
     <span class='ocr_line' id='line_1_43' title="bbox 558 2677 2149 2751; baseline 0.003 -21"><span class='ocrx_word' id='word_1_281' title='bbox 558 2683 674 2739; x_wconf 90' lang='lat' dir='ltr'><strong>tur,</strong></span> <span class='ocrx_word' id='word_1_282' title='bbox 714 2686 776 2732; x_wconf 93' lang='lat' dir='ltr'><strong>ut</strong></span> <span class='ocrx_word' id='word_1_283' title='bbox 828 2677 885 2732; x_wconf 91' lang='lat' dir='ltr'><strong>in</strong></span> <span class='ocrx_word' id='word_1_284' title='bbox 931 2693 994 2734; x_wconf 92' lang='lat' dir='ltr'><strong>se</strong></span> <span class='ocrx_word' id='word_1_285' title='bbox 1046 2678 1166 2750; x_wconf 89' lang='lat' dir='ltr'><strong>ipsa</strong></span> <span class='ocrx_word' id='word_1_286' title='bbox 1213 2679 1542 2750; x_wconf 88' lang='lat' dir='ltr'><strong>composita,</strong></span> <span class='ocrx_word' id='word_1_287' title='bbox 1591 2688 1758 2750; x_wconf 89' lang='lat' dir='ltr'><strong>atque</strong></span> <span class='ocrx_word' id='word_1_288' title='bbox 1801 2679 2149 2751; x_wconf 85' lang='lat' dir='ltr'><strong>decuplando</strong></span> 
     </span>
    </p>
   </div>
   <div class='ocr_carea' id='block_1_44' title="bbox 559 2766 2149 2839">
    <p class='ocr_par' dir='ltr' id='par_1_44' title="bbox 559 2766 2149 2839">
     <span class='ocr_line' id='line_1_44' title="bbox 559 2766 2149 2839; baseline 0.005 -19"><span class='ocrx_word' id='word_1_289' title='bbox 559 2766 735 2837; x_wconf 85' lang='lat' dir='ltr'><strong>ipsius</strong></span> <span class='ocrx_word' id='word_1_290' title='bbox 764 2767 1028 2824; x_wconf 88' lang='lat' dir='ltr'><strong>decadem</strong></span> <span class='ocrx_word' id='word_1_291' title='bbox 1059 2770 1392 2838; x_wconf 84' lang='lat' dir='ltr'><strong>conﬁciens;</strong></span> <span class='ocrx_word' id='word_1_292' title='bbox 1427 2772 1597 2829; x_wconf 88' lang='lat' dir='ltr'><strong>decas</strong></span> <span class='ocrx_word' id='word_1_293' title='bbox 1633 2787 1790 2839; x_wconf 89' lang='lat' dir='ltr'><strong>vero,</strong></span> <span class='ocrx_word' id='word_1_294' title='bbox 1827 2773 1946 2828; x_wconf 87' lang='lat' dir='ltr'><strong>sive</strong></span> <span class='ocrx_word' id='word_1_295' title='bbox 1979 2773 2149 2830; x_wconf 87' lang='lat' dir='ltr'><strong>dena-</strong></span> 
     </span>
    </p>
   </div>
   <div class='ocr_carea' id='block_1_45' title="bbox 557 2858 2150 2936">
    <p class='ocr_par' dir='ltr' id='par_1_45' title="bbox 557 2858 2150 2936">
     <span class='ocr_line' id='line_1_45' title="bbox 557 2858 2150 2936; baseline 0.005 -25"><span class='ocrx_word' id='word_1_296' title='bbox 557 2858 677 2913; x_wconf 83' lang='lat' dir='ltr'><strong>rius</strong></span> <span class='ocrx_word' id='word_1_297' title='bbox 711 2873 981 2915; x_wconf 89' lang='lat' dir='ltr'><strong>numerus</strong></span> <span class='ocrx_word' id='word_1_298' title='bbox 1027 2868 1088 2914; x_wconf 93' lang='lat' dir='ltr'><strong>ut</strong></span> <span class='ocrx_word' id='word_1_299' title='bbox 1125 2877 1320 2917; x_wconf 87' lang='lat' dir='ltr'><strong>earum</strong></span> <span class='ocrx_word' id='word_1_300' title='bbox 1375 2879 1499 2934; x_wconf 69' lang='lat' dir='ltr'><strong>quae</strong></span> <span class='ocrx_word' id='word_1_301' title='bbox 1529 2872 1656 2919; x_wconf 84' lang='lat' dir='ltr'><strong>ante</strong></span> <span class='ocrx_word' id='word_1_302' title='bbox 1683 2879 1743 2920; x_wconf 90' lang='lat' dir='ltr'><strong>se</strong></span> <span class='ocrx_word' id='word_1_303' title='bbox 1767 2872 1898 2920; x_wconf 90' lang='lat' dir='ltr'><strong>sunt</strong></span> <span class='ocrx_word' id='word_1_304' title='bbox 1925 2879 2150 2936; x_wconf 90' lang='lat' dir='ltr'><strong>compo-</strong></span> 
     </span>
    </p>
   </div>
   <div class='ocr_carea' id='block_1_46' title="bbox 554 2950 2150 3025">
    <p class='ocr_par' dir='ltr' id='par_1_46' title="bbox 554 2950 2150 3025">
     <span class='ocr_line' id='line_1_46' title="bbox 554 2950 2150 3025; baseline 0.004 -19"><span class='ocrx_word' id='word_1_305' title='bbox 554 2950 817 3007; x_wconf 79' lang='lat' dir='ltr'><strong>sitionem</strong></span> <span class='ocrx_word' id='word_1_306' title='bbox 877 2951 932 3008; x_wconf 89' lang='lat' dir='ltr'><strong>in</strong></span> <span class='ocrx_word' id='word_1_307' title='bbox 993 2955 1232 3025; x_wconf 89' lang='lat' dir='ltr'><strong>seipsam</strong></span> <span class='ocrx_word' id='word_1_308' title='bbox 1274 2956 1756 3024; x_wconf 90' lang='lat' dir='ltr'><strong>circumcludens;</strong></span> <span class='ocrx_word' id='word_1_309' title='bbox 1804 2959 2150 3014; x_wconf 87' lang='lat' dir='ltr'><strong>millenarius</strong></span> 
     </span>
    </p>
   </div>
   <div class='ocr_carea' id='block_1_47' title="bbox 555 3049 2146 3122">
    <p class='ocr_par' dir='ltr' id='par_1_47' title="bbox 555 3049 2146 3122">
     <span class='ocr_line' id='line_1_47' title="bbox 555 3049 2146 3122; baseline 0.007 -27"><span class='ocrx_word' id='word_1_310' title='bbox 555 3060 688 3102; x_wconf 83' lang='lat' dir='ltr'><strong>vero</strong></span> <span class='ocrx_word' id='word_1_311' title='bbox 709 3062 980 3103; x_wconf 90' lang='lat' dir='ltr'><strong>numerus</strong></span> <span class='ocrx_word' id='word_1_312' title='bbox 1001 3049 1464 3120; x_wconf 89' lang='lat' dir='ltr'><strong>quadruplicatus</strong></span> <span class='ocrx_word' id='word_1_313' title='bbox 1494 3050 1664 3107; x_wconf 83' lang='lat' dir='ltr'><strong>eﬁieit</strong></span> <span class='ocrx_word' id='word_1_314' title='bbox 1689 3062 1932 3122; x_wconf 86' lang='lat' dir='ltr'><strong>quatuor</strong></span> <span class='ocrx_word' id='word_1_315' title='bbox 1954 3049 2146 3106; x_wconf 87' lang='lat' dir='ltr'><strong>millia.</strong></span> 
     </span>
    </p>
   </div>
   <div class='ocr_carea' id='block_1_48' title="bbox 555 3138 2148 3219">
    <p class='ocr_par' dir='ltr' id='par_1_48' title="bbox 555 3138 2148 3219">
     <span class='ocr_line' id='line_1_48' title="bbox 555 3138 2148 3219; baseline 0.004 -26"><span class='ocrx_word' id='word_1_316' title='bbox 555 3139 653 3194; x_wconf 78' lang='lat' dir='ltr'><strong>Est</strong></span> <span class='ocrx_word' id='word_1_317' title='bbox 675 3138 844 3212; x_wconf 86' lang='lat' dir='ltr'><strong>igitur</strong></span> <span class='ocrx_word' id='word_1_318' title='bbox 863 3142 1041 3219; x_wconf 85' lang='lat' dir='ltr'><strong>prima</strong></span> <span class='ocrx_word' id='word_1_319' title='bbox 1078 3159 1273 3198; x_wconf 89' lang='lat' dir='ltr'><strong>monas</strong></span> <span class='ocrx_word' id='word_1_320' title='bbox 1293 3145 1540 3216; x_wconf 67' lang='lat' dir='ltr'><strong>mystice</strong></span> <span class='ocrx_word' id='word_1_321' title='bbox 1568 3146 1880 3217; x_wconf 83' lang='lat' dir='ltr'><strong>symbolum</strong></span> <span class='ocrx_word' id='word_1_322' title='bbox 1925 3145 2148 3202; x_wconf 90' lang='lat' dir='ltr'><strong>theolo-</strong></span> 
     </span>
    </p>
   </div>
   <div class='ocr_carea' id='block_1_49' title="bbox 554 3237 2141 3312">
    <p class='ocr_par' dir='ltr' id='par_1_49' title="bbox 554 3237 2141 3312">
     <span class='ocr_line' id='line_1_49' title="bbox 554 3237 2141 3312; baseline 0.002 -21"><span class='ocrx_word' id='word_1_323' title='bbox 554 3237 677 3308; x_wconf 72' lang='lat' dir='ltr'><strong>gize,</strong></span> <span class='ocrx_word' id='word_1_324' title='bbox 700 3237 872 3293; x_wconf 87' lang='lat' dir='ltr'><strong>altera</strong></span> <span class='ocrx_word' id='word_1_325' title='bbox 894 3239 1095 3295; x_wconf 71' lang='lat' dir='ltr'><strong>divina:</strong></span> <span class='ocrx_word' id='word_1_326' title='bbox 1115 3239 1548 3312; x_wconf 82' lang='lat' dir='ltr'><strong>dispensationis</strong></span> <span class='ocrx_word' id='word_1_327' title='bbox 1570 3250 1628 3297; x_wconf 91' lang='lat' dir='ltr'><strong>et</strong></span> <span class='ocrx_word' id='word_1_328' title='bbox 1643 3240 1908 3296; x_wconf 85' lang='lat' dir='ltr'><strong>bonitatis</strong></span> <span class='ocrx_word' id='word_1_329' title='bbox 1938 3240 2141 3312; x_wconf 87' lang='lat' dir='ltr'><strong>imago,</strong></span> 
     </span>
    </p>
   </div>
   <div class='ocr_carea' id='block_1_50' title="bbox 2245 2028 3854 2102">
    <p class='ocr_par' dir='ltr' id='par_1_50' title="bbox 2245 2028 3854 2102">
     <span class='ocr_line' id='line_1_50' title="bbox 2245 2028 3854 2102; baseline -0.001 -18"><span class='ocrx_word' id='word_1_330' title='bbox 2245 2029 2430 2084; x_wconf 82' lang='grc' dir='ltr'>αὐτῶν</span> <span class='ocrx_word' id='word_1_331' title='bbox 2451 2028 2710 2101; x_wconf 86' lang='grc' dir='ltr'>ἀρίδηλος</span> <span class='ocrx_word' id='word_1_332' title='bbox 2735 2030 2949 2102; x_wconf 87' lang='grc' dir='ltr'>μάρτυς</span> <span class='ocrx_word' id='word_1_333' title='bbox 2969 2031 3090 2084; x_wconf 69' lang='grc' dir='ltr'>ἐστὶ</span> <span class='ocrx_word' id='word_1_334' title='bbox 3111 2029 3482 2100; x_wconf 71' lang='grc' dir='ltr'>τελειότητος,</span> <span class='ocrx_word' id='word_1_335' title='bbox 3510 2030 3592 2094; x_wconf 81' lang='grc' dir='ltr'><strong>ὡς</strong></span> <span class='ocrx_word' id='word_1_336' title='bbox 3609 2031 3713 2094; x_wconf 69' lang='grc' dir='ltr'><strong>τὰς</strong></span> <span class='ocrx_word' id='word_1_337' title='bbox 3728 2029 3854 2084; x_wconf 69' lang='grc' dir='ltr'>τεσ-</span> 
     </span>
    </p>
   </div>
   <div class='ocr_carea' id='block_1_51' title="bbox 2247 2115 3856 2194">
    <p class='ocr_par' dir='ltr' id='par_1_51' title="bbox 2247 2115 3856 2194">
     <span class='ocr_line' id='line_1_51' title="bbox 2247 2115 3856 2194; baseline -0.001 -20"><span class='ocrx_word' id='word_1_338' title='bbox 2247 2137 2422 2194; x_wconf 86' lang='grc' dir='ltr'>σαρας</span> <span class='ocrx_word' id='word_1_339' title='bbox 2467 2120 2697 2189; x_wconf 80' lang='grc' dir='ltr'>γενικάς</span> <span class='ocrx_word' id='word_1_340' title='bbox 2741 2119 3018 2194; x_wconf 67' lang='grc' dir='ltr'>περιέχων</span> <span class='ocrx_word' id='word_1_341' title='bbox 3065 2121 3341 2192; x_wconf 74' lang='grc' dir='ltr'>μονάδας,</span> <span class='ocrx_word' id='word_1_342' title='bbox 3392 2115 3473 2176; x_wconf 84' lang='grc' dir='ltr'><strong>ῶν</strong></span> <span class='ocrx_word' id='word_1_343' title='bbox 3513 2120 3715 2192; x_wconf 82' lang='grc' dir='ltr'>πρώτη</span> <span class='ocrx_word' id='word_1_344' title='bbox 3747 2122 3856 2190; x_wconf 72' lang='grc' dir='ltr'>μιν</span> 
     </span>
    </p>
   </div>
   <div class='ocr_carea' id='block_1_52' title="bbox 2246 2213 3851 2288">
    <p class='ocr_par' dir='ltr' id='par_1_52' title="bbox 2246 2213 3851 2288">
     <span class='ocr_line' id='line_1_52' title="bbox 2246 2213 3851 2288; baseline 0.001 -21"><span class='ocrx_word' id='word_1_345' title='bbox 2246 2213 2397 2268; x_wconf 78' lang='grc' dir='ltr'>ἑστιν</span> <span class='ocrx_word' id='word_1_346' title='bbox 2422 2215 2460 2285; x_wconf 79' lang='grc' dir='ltr'><strong>ἡ</strong></span> <span class='ocrx_word' id='word_1_347' title='bbox 2483 2213 2674 2285; x_wconf 80' lang='grc' dir='ltr'>πρώτη</span> <span class='ocrx_word' id='word_1_348' title='bbox 2699 2213 2889 2285; x_wconf 77' lang='grc' dir='ltr'>μονὰς,</span> <span class='ocrx_word' id='word_1_349' title='bbox 2905 2214 3138 2288; x_wconf 79' lang='grc' dir='ltr'>δευτέρα</span> <span class='ocrx_word' id='word_1_350' title='bbox 3157 2215 3216 2270; x_wconf 68' lang='grc' dir='ltr'>δὲ</span> <span class='ocrx_word' id='word_1_351' title='bbox 3241 2215 3412 2287; x_wconf 75' lang='grc' dir='ltr'>μονάς</span> <span class='ocrx_word' id='word_1_352' title='bbox 3431 2215 3589 2270; x_wconf 75' lang='grc' dir='ltr'>ιστιν</span> <span class='ocrx_word' id='word_1_353' title='bbox 3605 2217 3640 2285; x_wconf 79' lang='grc' dir='ltr'><strong>η</strong></span> <span class='ocrx_word' id='word_1_354' title='bbox 3660 2214 3851 2278; x_wconf 75' lang='grc' dir='ltr'>δεκάς,</span> 
     </span>
    </p>
   </div>
   <div class='ocr_carea' id='block_1_53' title="bbox 2245 2305 3852 2378">
    <p class='ocr_par' dir='ltr' id='par_1_53' title="bbox 2245 2305 3852 2378">
     <span class='ocr_line' id='line_1_53' title="bbox 2245 2305 3852 2378; baseline 0.001 -21"><span class='ocrx_word' id='word_1_355' title='bbox 2245 2305 2408 2377; x_wconf 82' lang='grc' dir='ltr'>τρίτη</span> <span class='ocrx_word' id='word_1_356' title='bbox 2454 2305 2514 2360; x_wconf 80' lang='grc' dir='ltr'>δὲ</span> <span class='ocrx_word' id='word_1_357' title='bbox 2572 2307 2741 2378; x_wconf 89' lang='grc' dir='ltr'>μονάς</span> <span class='ocrx_word' id='word_1_358' title='bbox 2786 2308 2938 2361; x_wconf 79' lang='grc' dir='ltr'>ἐστιν</span> <span class='ocrx_word' id='word_1_359' title='bbox 2990 2309 3024 2376; x_wconf 81' lang='grc' dir='ltr'>ἡ</span> <span class='ocrx_word' id='word_1_360' title='bbox 3075 2306 3408 2371; x_wconf 79' lang='grc' dir='ltr'>ἑκατοντὰς,</span> <span class='ocrx_word' id='word_1_361' title='bbox 3463 2307 3564 2362; x_wconf 76' lang='grc' dir='ltr'>καὶ</span> <span class='ocrx_word' id='word_1_362' title='bbox 3610 2306 3852 2377; x_wconf 79' lang='grc' dir='ltr'>τετάρτη</span> 
     </span>
    </p>
   </div>
   <div class='ocr_carea' id='block_1_54' title="bbox 2250 2397 3850 2470">
    <p class='ocr_par' dir='ltr' id='par_1_54' title="bbox 2250 2397 3850 2470">
     <span class='ocr_line' id='line_1_54' title="bbox 2250 2397 3850 2470; baseline 0 -18"><span class='ocrx_word' id='word_1_363' title='bbox 2250 2397 2422 2469; x_wconf 79' lang='grc' dir='ltr'>μονάς</span> <span class='ocrx_word' id='word_1_364' title='bbox 2465 2397 2616 2453; x_wconf 74' lang='grc' dir='ltr'>ἔστιν</span> <span class='ocrx_word' id='word_1_365' title='bbox 2660 2399 2694 2470; x_wconf 77' lang='grc' dir='ltr'><strong>ἡ</strong></span> <span class='ocrx_word' id='word_1_366' title='bbox 2743 2398 2944 2470; x_wconf 87' lang='grc' dir='ltr'>χιλιάς.</span> <span class='ocrx_word' id='word_1_367' title='bbox 2979 2397 3222 2469; x_wconf 80' lang='grc' dir='ltr'>Ἐκάστη</span> <span class='ocrx_word' id='word_1_368' title='bbox 3250 2397 3366 2468; x_wconf 81' lang='grc' dir='ltr'><strong>γὰρ</strong></span> <span class='ocrx_word' id='word_1_369' title='bbox 3394 2397 3644 2465; x_wconf 77' lang='grc' dir='ltr'>τούτων,</span> <span class='ocrx_word' id='word_1_370' title='bbox 3679 2399 3850 2469; x_wconf 83' lang='grc' dir='ltr'>χωρὶς</span> 
     </span>
    </p>
   </div>
   <div class='ocr_carea' id='block_1_55' title="bbox 2246 2489 3847 2564">
    <p class='ocr_par' dir='ltr' id='par_1_55' title="bbox 2246 2489 3847 2564">
     <span class='ocr_line' id='line_1_55' title="bbox 2246 2489 3847 2564; baseline 0.001 -21"><span class='ocrx_word' id='word_1_371' title='bbox 2246 2490 2346 2561; x_wconf 81' lang='grc' dir='ltr'>τῆς</span> <span class='ocrx_word' id='word_1_372' title='bbox 2387 2489 2614 2564; x_wconf 82' lang='grc' dir='ltr'>πρώτης</span> <span class='ocrx_word' id='word_1_373' title='bbox 2660 2490 2890 2561; x_wconf 76' lang='grc' dir='ltr'>μονάδος</span> <span class='ocrx_word' id='word_1_374' title='bbox 2905 2531 2930 2563; x_wconf 35' lang='grc'>,,</span> <span class='ocrx_word' id='word_1_375' title='bbox 2991 2493 3090 2546; x_wconf 77' lang='grc' dir='ltr'>καὶ</span> <span class='ocrx_word' id='word_1_376' title='bbox 3143 2491 3318 2562; x_wconf 87' lang='grc' dir='ltr'>μονάς</span> <span class='ocrx_word' id='word_1_377' title='bbox 3358 2492 3477 2545; x_wconf 69' lang='grc' dir='ltr'>ἔστι</span> <span class='ocrx_word' id='word_1_378' title='bbox 3524 2492 3626 2545; x_wconf 79' lang='grc' dir='ltr'>καὶ</span> <span class='ocrx_word' id='word_1_379' title='bbox 3657 2490 3847 2552; x_wconf 66' lang='grc' dir='ltr'>δεινά-ς’</span> 
     </span>
    </p>
   </div>
   <div class='ocr_carea' id='block_1_56' title="bbox 2258 2583 3849 2656">
    <p class='ocr_par' dir='ltr' id='par_1_56' title="bbox 2258 2583 3849 2656">
     <span class='ocr_line' id='line_1_56' title="bbox 2258 2583 3849 2656; baseline -0.002 -18"><span class='ocrx_word' id='word_1_380' title='bbox 2258 2583 2428 2655; x_wconf 77' lang='grc' dir='ltr'>μονάς</span> <span class='ocrx_word' id='word_1_381' title='bbox 2471 2583 2576 2655; x_wconf 78' lang='grc' dir='ltr'>μὲν</span> <span class='ocrx_word' id='word_1_382' title='bbox 2619 2584 2734 2638; x_wconf 89' lang='grc' dir='ltr'><strong>τῶν</strong></span> <span class='ocrx_word' id='word_1_383' title='bbox 2780 2585 2899 2656; x_wconf 87' lang='grc' dir='ltr'>μετ’</span> <span class='ocrx_word' id='word_1_384' title='bbox 2923 2585 3096 2653; x_wconf 76' lang='grc' dir='ltr'>αὐτὴν</span> <span class='ocrx_word' id='word_1_385' title='bbox 3119 2625 3137 2650; x_wconf 92' lang='grc'><strong>,</strong></span> <span class='ocrx_word' id='word_1_386' title='bbox 3192 2584 3271 2648; x_wconf 80' lang='grc' dir='ltr'><strong>ὡς</strong></span> <span class='ocrx_word' id='word_1_387' title='bbox 3317 2586 3400 2648; x_wconf 86' lang='grc' dir='ltr'><strong>εἰς</strong></span> <span class='ocrx_word' id='word_1_388' title='bbox 3428 2583 3634 2654; x_wconf 77' lang='grc' dir='ltr'>ἑαυτὴν</span> <span class='ocrx_word' id='word_1_389' title='bbox 3661 2600 3849 2637; x_wconf 88' lang='grc' dir='ltr'>συντι-</span> 
     </span>
    </p>
   </div>
   <div class='ocr_carea' id='block_1_57' title="bbox 2249 2675 3850 2749">
    <p class='ocr_par' dir='ltr' id='par_1_57' title="bbox 2249 2675 3850 2749">
     <span class='ocr_line' id='line_1_57' title="bbox 2249 2675 3850 2749; baseline 0.004 -18"><span class='ocrx_word' id='word_1_390' title='bbox 2249 2675 2478 2749; x_wconf 73' lang='grc' dir='ltr'>θεμίνη,</span> <span class='ocrx_word' id='word_1_391' title='bbox 2527 2677 2625 2733; x_wconf 72' lang='grc' dir='ltr'>καὶ</span> <span class='ocrx_word' id='word_1_392' title='bbox 2651 2677 2732 2745; x_wconf 86' lang='grc' dir='ltr'>τῷ</span> <span class='ocrx_word' id='word_1_393' title='bbox 2755 2675 3226 2748; x_wconf 81' lang='grc' dir='ltr'>δεκαπλασιασμῷ</span> <span class='ocrx_word' id='word_1_394' title='bbox 3253 2676 3357 2747; x_wconf 76' lang='grc' dir='ltr'>τὴν</span> <span class='ocrx_word' id='word_1_395' title='bbox 3385 2675 3574 2747; x_wconf 68' lang='lat'><strong>(259</strong></span> <span class='ocrx_word' id='word_1_396' title='bbox 3593 2675 3646 2746; x_wconf 74' lang='grc' dir='ltr'><strong>ὸ)</strong></span> <span class='ocrx_word' id='word_1_397' title='bbox 3673 2675 3850 2745; x_wconf 73' lang='grc' dir='ltr'>αὑτῆς</span> 
     </span>
    </p>
   </div>
   <div class='ocr_carea' id='block_1_58' title="bbox 2247 2767 3848 2841">
    <p class='ocr_par' dir='ltr' id='par_1_58' title="bbox 2247 2767 3848 2841">
     <span class='ocr_line' id='line_1_58' title="bbox 2247 2767 3848 2841; baseline -0.002 -17"><span class='ocrx_word' id='word_1_398' title='bbox 2247 2767 2634 2841; x_wconf 75' lang='grc' dir='ltr'>ἀπαρτίζουσα</span> <span class='ocrx_word' id='word_1_399' title='bbox 2677 2770 2879 2826; x_wconf 87' lang='grc' dir='ltr'>δεκάδα</span> <span class='ocrx_word' id='word_1_400' title='bbox 2903 2786 2919 2802; x_wconf 87' lang='grc'><strong>·</strong></span> <span class='ocrx_word' id='word_1_401' title='bbox 2976 2769 3145 2834; x_wconf 75' lang='grc' dir='ltr'>δεκὰς</span> <span class='ocrx_word' id='word_1_402' title='bbox 3171 2769 3256 2835; x_wconf 72' lang='grc' dir='ltr'>δὲ,</span> <span class='ocrx_word' id='word_1_403' title='bbox 3288 2769 3367 2834; x_wconf 79' lang='grc' dir='ltr'><strong>ὡς</strong></span> <span class='ocrx_word' id='word_1_404' title='bbox 3395 2768 3506 2822; x_wconf 87' lang='grc' dir='ltr'><strong>τῶν</strong></span> <span class='ocrx_word' id='word_1_405' title='bbox 3534 2767 3650 2838; x_wconf 80' lang='grc' dir='ltr'>πρὸ</span> <span class='ocrx_word' id='word_1_406' title='bbox 3673 2767 3848 2835; x_wconf 75' lang='grc' dir='ltr'>αὐτῆς</span> 
     </span>
    </p>
   </div>
   <div class='ocr_carea' id='block_1_59' title="bbox 2252 2863 3844 2939">
    <p class='ocr_par' dir='ltr' id='par_1_59' title="bbox 2252 2863 3844 2939">
     <span class='ocr_line' id='line_1_59' title="bbox 2252 2863 3844 2939; baseline -0.005 -17"><span class='ocrx_word' id='word_1_407' title='bbox 2252 2865 2499 2938; x_wconf 79' lang='grc' dir='ltr'>μονάδων</span> <span class='ocrx_word' id='word_1_408' title='bbox 2548 2865 2652 2939; x_wconf 78' lang='grc' dir='ltr'>τὴν</span> <span class='ocrx_word' id='word_1_409' title='bbox 2699 2863 2953 2920; x_wconf 74' lang='grc' dir='ltr'>σύνθεσιν</span> <span class='ocrx_word' id='word_1_410' title='bbox 3006 2865 3091 2930; x_wconf 88' lang='grc' dir='ltr'><strong>εἰς</strong></span> <span class='ocrx_word' id='word_1_411' title='bbox 3132 2864 3337 2932; x_wconf 75' lang='grc' dir='ltr'>ἑαυτὴν</span> <span class='ocrx_word' id='word_1_412' title='bbox 3384 2863 3844 2934; x_wconf 72' lang='grc' dir='ltr'>περιγράφουσι·</span> 
     </span>
    </p>
   </div>
   <div class='ocr_carea' id='block_1_60' title="bbox 2248 2952 3845 3030">
    <p class='ocr_par' dir='ltr' id='par_1_60' title="bbox 2248 2952 3845 3030">
     <span class='ocr_line' id='line_1_60' title="bbox 2248 2952 3845 3030; baseline -0.005 -17"><span class='ocrx_word' id='word_1_413' title='bbox 2248 2957 2429 3030; x_wconf 79' lang='grc' dir='ltr'>χιλιὰς</span> <span class='ocrx_word' id='word_1_414' title='bbox 2455 2957 2513 3012; x_wconf 70' lang='grc' dir='ltr'>δὲ</span> <span class='ocrx_word' id='word_1_415' title='bbox 2551 2956 3006 3028; x_wconf 68' lang='grc' dir='ltr'>τετραπλουμινη</span> <span class='ocrx_word' id='word_1_416' title='bbox 3033 2953 3501 3027; x_wconf 81' lang='grc' dir='ltr'>τετρακισχιλίους</span> <span class='ocrx_word' id='word_1_417' title='bbox 3523 2952 3845 3024; x_wconf 75' lang='grc' dir='ltr'>ὑφίστησιν.</span> 
     </span>
    </p>
   </div>
   <div class='ocr_carea' id='block_1_61' title="bbox 2253 3046 3848 3123">
    <p class='ocr_par' dir='ltr' id='par_1_61' title="bbox 2253 3046 3848 3123">
     <span class='ocr_line' id='line_1_61' title="bbox 2253 3046 3848 3123; baseline -0.004 -17"><span class='ocrx_word' id='word_1_418' title='bbox 2253 3054 2446 3108; x_wconf 84' lang='grc' dir='ltr'>Ἔστιν</span> <span class='ocrx_word' id='word_1_419' title='bbox 2469 3047 2566 3108; x_wconf 80' lang='grc' dir='ltr'>οὖν</span> <span class='ocrx_word' id='word_1_420' title='bbox 2594 3052 2631 3123; x_wconf 80' lang='grc' dir='ltr'><strong>ὴ</strong></span> <span class='ocrx_word' id='word_1_421' title='bbox 2661 3051 2854 3122; x_wconf 85' lang='grc' dir='ltr'>πρώτη</span> <span class='ocrx_word' id='word_1_422' title='bbox 2889 3051 3060 3122; x_wconf 77' lang='grc' dir='ltr'>μονάς</span> <span class='ocrx_word' id='word_1_423' title='bbox 3093 3048 3371 3122; x_wconf 81' lang='grc' dir='ltr'>μυστικῆς</span> <span class='ocrx_word' id='word_1_424' title='bbox 3395 3047 3679 3115; x_wconf 80' lang='grc' dir='ltr'>θεολογίας</span> <span class='ocrx_word' id='word_1_425' title='bbox 3703 3046 3848 3117; x_wconf 75' lang='grc' dir='ltr'>σύμ-</span> 
     </span>
    </p>
   </div>
   <div class='ocr_carea' id='block_1_62' title="bbox 2251 3139 3850 3216">
    <p class='ocr_par' dir='ltr' id='par_1_62' title="bbox 2251 3139 3850 3216">
     <span class='ocr_line' id='line_1_62' title="bbox 2251 3139 3850 3216; baseline -0.004 -17"><span class='ocrx_word' id='word_1_426' title='bbox 2251 3145 2439 3210; x_wconf 81' lang='grc' dir='ltr'>ϐολον,</span> <span class='ocrx_word' id='word_1_427' title='bbox 2501 3146 2536 3216; x_wconf 84' lang='grc' dir='ltr'><strong>ή</strong></span> <span class='ocrx_word' id='word_1_428' title='bbox 2577 3144 2636 3199; x_wconf 68' lang='grc' dir='ltr'>δὲ</span> <span class='ocrx_word' id='word_1_429' title='bbox 2681 3145 2917 3216; x_wconf 75' lang='grc' dir='ltr'>δευτέρα</span> <span class='ocrx_word' id='word_1_430' title='bbox 2961 3143 3132 3216; x_wconf 80' lang='grc' dir='ltr'>μονάς</span> <span class='ocrx_word' id='word_1_431' title='bbox 3184 3141 3336 3206; x_wconf 82' lang='grc' dir='ltr'>Θείας</span> <span class='ocrx_word' id='word_1_432' title='bbox 3381 3141 3704 3212; x_wconf 78' lang='grc' dir='ltr'>οἰκονομίας</span> <span class='ocrx_word' id='word_1_433' title='bbox 3755 3139 3850 3194; x_wconf 70' lang='grc' dir='ltr'><strong>καλ</strong></span> 
     </span>
    </p>
   </div>
   <div class='ocr_carea' id='block_1_63' title="bbox 2253 3233 3853 3309">
    <p class='ocr_par' dir='ltr' id='par_1_63' title="bbox 2253 3233 3853 3309">
     <span class='ocr_line' id='line_1_63' title="bbox 2253 3233 3853 3309; baseline -0.005 -17"><span class='ocrx_word' id='word_1_434' title='bbox 2253 3238 2594 3308; x_wconf 85' lang='grc' dir='ltr'>ἀγαθὸτητος</span> <span class='ocrx_word' id='word_1_435' title='bbox 2638 3237 2811 3302; x_wconf 84' lang='grc' dir='ltr'>τύπος</span> <span class='ocrx_word' id='word_1_436' title='bbox 2834 3278 2850 3301; x_wconf 94' lang='grc'><strong>,</strong></span> <span class='ocrx_word' id='word_1_437' title='bbox 2913 3238 2948 3309; x_wconf 83' lang='grc' dir='ltr'>ἠ</span> <span class='ocrx_word' id='word_1_438' title='bbox 2979 3237 3038 3292; x_wconf 77' lang='grc' dir='ltr'>δὲ</span> <span class='ocrx_word' id='word_1_439' title='bbox 3079 3236 3242 3308; x_wconf 88' lang='grc' dir='ltr'>τρίτη</span> <span class='ocrx_word' id='word_1_440' title='bbox 3287 3235 3456 3307; x_wconf 74' lang='grc' dir='ltr'>μονάς</span> <span class='ocrx_word' id='word_1_441' title='bbox 3508 3233 3720 3306; x_wconf 83' lang='grc' dir='ltr'>ἀρετῆς</span> <span class='ocrx_word' id='word_1_442' title='bbox 3758 3233 3853 3285; x_wconf 76' lang='grc' dir='ltr'>καὶ</span> 
     </span>
    </p>
   </div>
   <div class='ocr_carea' id='block_1_64' title="bbox 557 3299 2147 3402">
    <p class='ocr_par' dir='ltr' id='par_1_64' title="bbox 557 3329 2144 3402">
     <span class='ocr_line' id='line_1_64' title="bbox 557 3329 2144 3402; baseline 0.001 -20"><span class='ocrx_word' id='word_1_443' title='bbox 557 3329 720 3383; x_wconf 89' lang='lat' dir='ltr'><strong>tertia</strong></span> <span class='ocrx_word' id='word_1_444' title='bbox 743 3345 937 3386; x_wconf 89' lang='lat' dir='ltr'><strong>monas</strong></span> <span class='ocrx_word' id='word_1_445' title='bbox 960 3329 1186 3386; x_wconf 88' lang='lat' dir='ltr'><strong>virtutis</strong></span> <span class='ocrx_word' id='word_1_446' title='bbox 1210 3337 1267 3386; x_wconf 89' lang='lat' dir='ltr'><strong>et</strong></span> <span class='ocrx_word' id='word_1_447' title='bbox 1292 3331 1630 3402; x_wconf 86' lang='lat' dir='ltr'><strong>cognitionis</strong></span> <span class='ocrx_word' id='word_1_448' title='bbox 1647 3340 1732 3386; x_wconf 92' lang='lat' dir='ltr'><strong>est</strong></span> <span class='ocrx_word' id='word_1_449' title='bbox 1761 3331 2144 3396; x_wconf 86' lang='lat' dir='ltr'><strong>simulacrum,</strong></span> 
     </span>
    </p>
   </div>
   <div class='ocr_carea' id='block_1_65' title="bbox 2250 3299 3852 3402">
    <p class='ocr_par' dir='ltr' id='par_1_65' title="bbox 2256 3299 3852 3402">
     <span class='ocr_line' id='line_1_65' title="bbox 2256 3299 3852 3402; baseline -0.006 -16"><span class='ocrx_word' id='word_1_450' title='bbox 2256 3299 2513 3401; x_wconf 72' lang='grc' dir='ltr'>γνώσεώς</span> <span class='ocrx_word' id='word_1_451' title='bbox 2539 3299 2690 3386; x_wconf 75' lang='grc' dir='ltr'>ἐστιν</span> <span class='ocrx_word' id='word_1_452' title='bbox 2713 3299 2902 3394; x_wconf 71' lang='grc' dir='ltr'>εἰκῶν,</span> <span class='ocrx_word' id='word_1_453' title='bbox 2937 3299 3042 3385; x_wconf 47' lang='grc' dir='ltr'>’καὶ</span> <span class='ocrx_word' id='word_1_454' title='bbox 3076 3299 3376 3402; x_wconf 46' lang='grc' dir='ltr'>η’τετάρτη</span> <span class='ocrx_word' id='word_1_455' title='bbox 3399 3299 3567 3400; x_wconf 72' lang='grc' dir='ltr'>μονάς</span> <span class='ocrx_word' id='word_1_456' title='bbox 3594 3299 3700 3398; x_wconf 79' lang='grc' dir='ltr'>τῆς</span> <span class='ocrx_word' id='word_1_457' title='bbox 3722 3324 3852 3379; x_wconf 70' lang='grc' dir='ltr'>καθ-</span> 
     </span>
    </p>
   </div>
   <div class='ocr_carea' id='block_1_66' title="bbox 553 3421 2152 3495">
    <p class='ocr_par' dir='ltr' id='par_1_66' title="bbox 553 3421 2152 3495">
     <span class='ocr_line' id='line_1_66' title="bbox 553 3421 2152 3495; baseline 0.002 -19"><span class='ocrx_word' id='word_1_458' title='bbox 553 3431 755 3493; x_wconf 87' lang='lat' dir='ltr'><strong>quarta</strong></span> <span class='ocrx_word' id='word_1_459' title='bbox 799 3421 1046 3494; x_wconf 91' lang='lat' dir='ltr'><strong>denique</strong></span> <span class='ocrx_word' id='word_1_460' title='bbox 1097 3439 1294 3479; x_wconf 89' lang='lat' dir='ltr'><strong>monas</strong></span> <span class='ocrx_word' id='word_1_461' title='bbox 1321 3424 1598 3495; x_wconf 86' lang='lat' dir='ltr'><strong>generalis</strong></span> <span class='ocrx_word' id='word_1_462' title='bbox 1626 3440 1817 3480; x_wconf 88' lang='lat' dir='ltr'><strong>rerum</strong></span> <span class='ocrx_word' id='word_1_463' title='bbox 1848 3441 1973 3495; x_wconf 71' lang='lat' dir='ltr'><strong>qua:</strong></span> <span class='ocrx_word' id='word_1_464' title='bbox 2003 3424 2152 3481; x_wconf 74' lang='lat' dir='ltr'><strong>exsi-</strong></span> 
     </span>
    </p>
   </div>
   <div class='ocr_carea' id='block_1_67' title="bbox 550 3515 1937 3586">
    <p class='ocr_par' dir='ltr' id='par_1_67' title="bbox 550 3515 1937 3586">
     <span class='ocr_line' id='line_1_67' title="bbox 550 3515 1937 3586; baseline 0.001 -15"><span class='ocrx_word' id='word_1_465' title='bbox 550 3521 712 3571; x_wconf 82' lang='lat' dir='ltr'><strong>stunt</strong></span> <span class='ocrx_word' id='word_1_466' title='bbox 747 3515 1189 3586; x_wconf 82' lang='lat' dir='ltr'><strong>regenerationis</strong></span> <span class='ocrx_word' id='word_1_467' title='bbox 1215 3515 1510 3574; x_wconf 84' lang='lat' dir='ltr'><strong>divinioris</strong></span> <span class='ocrx_word' id='word_1_468' title='bbox 1539 3517 1937 3574; x_wconf 80' lang='lat' dir='ltr'><strong>manifestatio.</strong></span> 
     </span>
    </p>
   </div>
   <div class='ocr_carea' id='block_1_68' title="bbox 658 3703 2037 3779">
    <p class='ocr_par' dir='ltr' id='par_1_68' title="bbox 658 3703 2037 3779">
     <span class='ocr_line' id='line_1_68' title="bbox 658 3703 2037 3779; baseline 0.003 -19"><span class='ocrx_word' id='word_1_469' title='bbox 658 3703 784 3760; x_wconf 79' lang='lat' dir='ltr'><strong>Alia</strong></span> <span class='ocrx_word' id='word_1_470' title='bbox 828 3705 1206 3778; x_wconf 80' lang='lat' dir='ltr'><strong>contemplatio</strong></span> <span class='ocrx_word' id='word_1_471' title='bbox 1236 3707 1292 3761; x_wconf 86' lang='lat' dir='ltr'><strong>in</strong></span> <span class='ocrx_word' id='word_1_472' title='bbox 1321 3707 1681 3779; x_wconf 76' lang='lat' dir='ltr'><strong>septenarium</strong></span> <span class='ocrx_word' id='word_1_473' title='bbox 1732 3721 2037 3764; x_wconf 76' lang='lat' dir='ltr'><strong>numerum.</strong></span> 
     </span>
    </p>
   </div>
   <div class='ocr_carea' id='block_1_69' title="bbox 621 3813 2144 3890">
    <p class='ocr_par' dir='ltr' id='par_1_69' title="bbox 621 3813 2144 3890">
     <span class='ocr_line' id='line_1_69' title="bbox 621 3813 2144 3890; baseline 0.001 -18"><span class='ocrx_word' id='word_1_474' title='bbox 621 3813 984 3888; x_wconf 86' lang='lat' dir='ltr'><strong>Septenarius</strong></span> <span class='ocrx_word' id='word_1_475' title='bbox 1015 3828 1200 3874; x_wconf 88' lang='lat' dir='ltr'><strong>autem</strong></span> <span class='ocrx_word' id='word_1_476' title='bbox 1237 3827 1554 3890; x_wconf 90' lang='lat' dir='ltr'><strong>sportarum</strong></span> <span class='ocrx_word' id='word_1_477' title='bbox 1599 3833 1867 3874; x_wconf 88' lang='lat' dir='ltr'><strong>numerus</strong></span> <span class='ocrx_word' id='word_1_478' title='bbox 1899 3817 2013 3872; x_wconf 92' lang='lat' dir='ltr'><strong>alio</strong></span> <span class='ocrx_word' id='word_1_479' title='bbox 2052 3833 2144 3873; x_wconf 85' lang='lat' dir='ltr'><strong>se-</strong></span> 
     </span>
    </p>
   </div>
   <div class='ocr_carea' id='block_1_70' title="bbox 551 3911 2144 3986">
    <p class='ocr_par' dir='ltr' id='par_1_70' title="bbox 551 3911 2144 3986">
     <span class='ocr_line' id='line_1_70' title="bbox 551 3911 2144 3986; baseline -0.003 -17"><span class='ocrx_word' id='word_1_480' title='bbox 551 3911 799 3969; x_wconf 88' lang='lat' dir='ltr'><strong>cundum</strong></span> <span class='ocrx_word' id='word_1_481' title='bbox 841 3913 1182 3984; x_wconf 86' lang='lat' dir='ltr'><strong>superiorem</strong></span> <span class='ocrx_word' id='word_1_482' title='bbox 1237 3913 1403 3970; x_wconf 89' lang='lat' dir='ltr'><strong>modo</strong></span> <span class='ocrx_word' id='word_1_483' title='bbox 1454 3913 1760 3986; x_wconf 87' lang='lat' dir='ltr'><strong>inspectus,</strong></span> <span class='ocrx_word' id='word_1_484' title='bbox 1822 3921 1882 3967; x_wconf 93' lang='lat' dir='ltr'><strong>ut</strong></span> <span class='ocrx_word' id='word_1_485' title='bbox 1926 3911 2144 3978; x_wconf 87' lang='lat' dir='ltr'><strong>dicunt,</strong></span> 
     </span>
    </p>
   </div>
   <div class='ocr_carea' id='block_1_71' title="bbox 550 4003 2143 4078">
    <p class='ocr_par' dir='ltr' id='par_1_71' title="bbox 550 4003 2143 4078">
     <span class='ocr_line' id='line_1_71' title="bbox 550 4003 2143 4078; baseline -0.001 -19"><span class='ocrx_word' id='word_1_486' title='bbox 550 4003 830 4075; x_wconf 83' lang='lat' dir='ltr'><strong>signiﬁcat</strong></span> <span class='ocrx_word' id='word_1_487' title='bbox 879 4007 1208 4077; x_wconf 86' lang='lat' dir='ltr'><strong>sapientiam</strong></span> <span class='ocrx_word' id='word_1_488' title='bbox 1253 4017 1309 4062; x_wconf 91' lang='lat' dir='ltr'><strong>et</strong></span> <span class='ocrx_word' id='word_1_489' title='bbox 1335 4007 1712 4078; x_wconf 90' lang='lat' dir='ltr'><strong>prudentiam,</strong></span> <span class='ocrx_word' id='word_1_490' title='bbox 1748 4007 1892 4062; x_wconf 88' lang='lat' dir='ltr'><strong>hanc</strong></span> <span class='ocrx_word' id='word_1_491' title='bbox 1913 4003 2143 4076; x_wconf 85' lang='lat' dir='ltr'><strong>quidem</strong></span> 
     </span>
    </p>
   </div>
   <div class='ocr_carea' id='block_1_72' title="bbox 553 4097 2138 4165">
    <p class='ocr_par' dir='ltr' id='par_1_72' title="bbox 553 4097 2138 4165">
     <span class='ocr_line' id='line_1_72' title="bbox 553 4097 2138 4165; baseline 0 -13"><span class='ocrx_word' id='word_1_492' title='bbox 553 4105 619 4152; x_wconf 70' lang='lat' dir='ltr'><strong>ut</strong></span> <span class='ocrx_word' id='word_1_493' title='bbox 664 4099 811 4155; x_wconf 89' lang='lat' dir='ltr'><strong>circa</strong></span> <span class='ocrx_word' id='word_1_494' title='bbox 851 4116 1074 4155; x_wconf 88' lang='lat' dir='ltr'><strong>causam</strong></span> <span class='ocrx_word' id='word_1_495' title='bbox 1102 4100 1372 4155; x_wconf 77' lang='lat' dir='ltr'><strong>trifariam</strong></span> <span class='ocrx_word' id='word_1_496' title='bbox 1416 4117 1538 4156; x_wconf 88' lang='lat' dir='ltr'><strong>sese</strong></span> <span class='ocrx_word' id='word_1_497' title='bbox 1570 4109 1778 4165; x_wconf 91' lang='lat' dir='ltr'><strong>mente,</strong></span> <span class='ocrx_word' id='word_1_498' title='bbox 1806 4099 1955 4154; x_wconf 88' lang='lat' dir='ltr'><strong>illam</strong></span> <span class='ocrx_word' id='word_1_499' title='bbox 1987 4097 2138 4152; x_wconf 87' lang='lat' dir='ltr'><strong>circa</strong></span> 
     </span>
    </p>
   </div>
   <div class='ocr_carea' id='block_1_73' title="bbox 550 4192 2148 4262">
    <p class='ocr_par' dir='ltr' id='par_1_73' title="bbox 550 4192 2148 4262">
     <span class='ocr_line' id='line_1_73' title="bbox 550 4192 2148 4262; baseline -0.001 -19"><span class='ocrx_word' id='word_1_500' title='bbox 550 4202 622 4244; x_wconf 83' lang='lat' dir='ltr'><strong>ea</strong></span> <span class='ocrx_word' id='word_1_501' title='bbox 663 4206 787 4260; x_wconf 79' lang='lat' dir='ltr'><strong>quae</strong></span> <span class='ocrx_word' id='word_1_502' title='bbox 828 4201 955 4262; x_wconf 88' lang='lat' dir='ltr'><strong>post</strong></span> <span class='ocrx_word' id='word_1_503' title='bbox 998 4208 1221 4249; x_wconf 83' lang='lat' dir='ltr'><strong>causam</strong></span> <span class='ocrx_word' id='word_1_504' title='bbox 1282 4204 1338 4247; x_wconf 91' lang='lat' dir='ltr'><strong>et</strong></span> <span class='ocrx_word' id='word_1_505' title='bbox 1393 4192 1544 4247; x_wconf 88' lang='lat' dir='ltr'><strong>circa</strong></span> <span class='ocrx_word' id='word_1_506' title='bbox 1598 4207 1821 4247; x_wconf 86' lang='lat' dir='ltr'><strong>causam</strong></span> <span class='ocrx_word' id='word_1_507' title='bbox 1869 4201 2002 4245; x_wconf 77' lang='lat' dir='ltr'><strong>stmt</strong></span> <span class='ocrx_word' id='word_1_508' title='bbox 2056 4205 2148 4242; x_wconf 89' lang='lat' dir='ltr'><strong>ra-</strong></span> 
     </span>
    </p>
   </div>
   <div class='ocr_carea' id='block_1_74' title="bbox 553 4279 2143 4353">
    <p class='ocr_par' dir='ltr' id='par_1_74' title="bbox 553 4279 2143 4353">
     <span class='ocr_line' id='line_1_74' title="bbox 553 4279 2143 4353; baseline -0.001 -18"><span class='ocrx_word' id='word_1_509' title='bbox 553 4279 710 4339; x_wconf 87' lang='lat' dir='ltr'><strong>tione</strong></span> <span class='ocrx_word' id='word_1_510' title='bbox 742 4297 843 4350; x_wconf 90' lang='lat' dir='ltr'><strong>per</strong></span> <span class='ocrx_word' id='word_1_511' title='bbox 879 4297 1104 4336; x_wconf 82' lang='lat' dir='ltr'><strong>causam</strong></span> <span class='ocrx_word' id='word_1_512' title='bbox 1134 4282 1484 4353; x_wconf 88' lang='lat' dir='ltr'><strong>quadruplici</strong></span> <span class='ocrx_word' id='word_1_513' title='bbox 1522 4282 1689 4338; x_wconf 91' lang='lat' dir='ltr'><strong>modo</strong></span> <span class='ocrx_word' id='word_1_514' title='bbox 1717 4297 1777 4338; x_wconf 89' lang='lat' dir='ltr'><strong>se</strong></span> <span class='ocrx_word' id='word_1_515' title='bbox 1807 4288 2143 4337; x_wconf 86' lang='lat' dir='ltr'><strong>moventem.</strong></span> 
     </span>
    </p>
   </div>
   <div class='ocr_carea' id='block_1_75' title="bbox 553 4369 2149 4444">
    <p class='ocr_par' dir='ltr' id='par_1_75' title="bbox 553 4369 2149 4444">
     <span class='ocr_line' id='line_1_75' title="bbox 553 4369 2149 4444; baseline 0.001 -18"><span class='ocrx_word' id='word_1_516' title='bbox 553 4369 829 4427; x_wconf 81' lang='lat' dir='ltr'><strong>Neutrum</strong></span> <span class='ocrx_word' id='word_1_517' title='bbox 866 4373 1036 4444; x_wconf 84' lang='lat' dir='ltr'><strong>igitur</strong></span> <span class='ocrx_word' id='word_1_518' title='bbox 1062 4373 1460 4430; x_wconf 87' lang='lat' dir='ltr'><strong>irrationaliter</strong></span> <span class='ocrx_word' id='word_1_519' title='bbox 1499 4391 1528 4429; x_wconf 89' lang='lat' dir='ltr'><strong>a</strong></span> <span class='ocrx_word' id='word_1_520' title='bbox 1567 4375 1797 4430; x_wconf 77' lang='lat' dir='ltr'><strong>Domino</strong></span> <span class='ocrx_word' id='word_1_521' title='bbox 1823 4373 2030 4430; x_wconf 84' lang='lat' dir='ltr'><strong>factum</strong></span> <span class='ocrx_word' id='word_1_522' title='bbox 2062 4381 2149 4429; x_wconf 86' lang='lat' dir='ltr'><strong>est</strong></span> 
     </span>
    </p>
   </div>
   <div class='ocr_carea' id='block_1_76' title="bbox 554 4467 2144 4542">
    <p class='ocr_par' dir='ltr' id='par_1_76' title="bbox 554 4467 2144 4542">
     <span class='ocr_line' id='line_1_76' title="bbox 554 4467 2144 4542; baseline 0.001 -22"><span class='ocrx_word' id='word_1_523' title='bbox 554 4467 865 4522; x_wconf 88' lang='lat' dir='ltr'><strong>secundum</strong></span> <span class='ocrx_word' id='word_1_524' title='bbox 901 4484 1159 4541; x_wconf 88' lang='lat' dir='ltr'><strong>magnum</strong></span> <span class='ocrx_word' id='word_1_525' title='bbox 1193 4467 1345 4524; x_wconf 87' lang='lat' dir='ltr'><strong>hunc</strong></span> <span class='ocrx_word' id='word_1_526' title='bbox 1381 4471 1732 4542; x_wconf 81' lang='lat' dir='ltr'><strong>magistrum,</strong></span> <span class='ocrx_word' id='word_1_527' title='bbox 1781 4485 1886 4527; x_wconf 91' lang='lat' dir='ltr'><strong>nec</strong></span> <span class='ocrx_word' id='word_1_528' title='bbox 1929 4469 2144 4541; x_wconf 88' lang='lat' dir='ltr'><strong>Spiritu</strong></span> 
     </span>
    </p>
   </div>
   <div class='ocr_carea' id='block_1_77' title="bbox 553 4556 801 4631">
    <p class='ocr_par' dir='ltr' id='par_1_77' title="bbox 553 4556 801 4631">
     <span class='ocr_line' id='line_1_77' title="bbox 553 4556 801 4631; baseline 0.008 -19"><span class='ocrx_word' id='word_1_529' title='bbox 553 4556 801 4631; x_wconf 82' lang='lat' dir='ltr'><strong>indigne.</strong></span> 
     </span>
    </p>
   </div>
   <div class='ocr_carea' id='block_1_78' title="bbox 2249 3419 3780 3496">
    <p class='ocr_par' dir='ltr' id='par_1_78' title="bbox 2249 3419 3780 3496">
     <span class='ocr_line' id='line_1_78' title="bbox 2249 3419 3780 3496; baseline -0.004 -18"><span class='ocrx_word' id='word_1_530' title='bbox 2249 3424 2374 3479; x_wconf 85' lang='grc' dir='ltr'>όλου</span> <span class='ocrx_word' id='word_1_531' title='bbox 2407 3423 2521 3480; x_wconf 85' lang='grc' dir='ltr'><strong>τῶν</strong></span> <span class='ocrx_word' id='word_1_532' title='bbox 2545 3423 2719 3480; x_wconf 77' lang='grc' dir='ltr'>ὅντων</span> <span class='ocrx_word' id='word_1_533' title='bbox 2746 3423 3034 3494; x_wconf 70' lang='grc' dir='ltr'>θειοτέρας</span> <span class='ocrx_word' id='word_1_534' title='bbox 3064 3421 3484 3496; x_wconf 75' lang='grc' dir='ltr'>μεταποιήσεως</span> <span class='ocrx_word' id='word_1_535' title='bbox 3509 3419 3780 3493; x_wconf 73' lang='grc' dir='ltr'>δήλωσις.</span> 
     </span>
    </p>
   </div>
   <div class='ocr_carea' id='block_1_79' title="bbox 2530 3700 3569 3774">
    <p class='ocr_par' dir='ltr' id='par_1_79' title="bbox 2530 3700 3569 3774">
     <span class='ocr_line' id='line_1_79' title="bbox 2530 3700 3569 3774; baseline -0.007 -11"><span class='ocrx_word' id='word_1_536' title='bbox 2530 3708 2719 3774; x_wconf 77' lang='grc' dir='ltr'>Ἄλλη</span> <span class='ocrx_word' id='word_1_537' title='bbox 2749 3704 2966 3774; x_wconf 79' lang='grc' dir='ltr'>θεωρία</span> <span class='ocrx_word' id='word_1_538' title='bbox 2989 3705 3081 3772; x_wconf 83' lang='grc' dir='ltr'>εὶς</span> <span class='ocrx_word' id='word_1_539' title='bbox 3101 3701 3210 3758; x_wconf 84' lang='grc' dir='ltr'>τὸν</span> <span class='ocrx_word' id='word_1_540' title='bbox 3235 3700 3281 3764; x_wconf 63' lang='grc' dir='ltr'><strong>ζ’</strong></span> <span class='ocrx_word' id='word_1_541' title='bbox 3298 3701 3569 3773; x_wconf 78' lang='grc' dir='ltr'>ἀριθμόν.</span> 
     </span>
    </p>
   </div>
   <div class='ocr_carea' id='block_1_80' title="bbox 2331 3813 3848 3892">
    <p class='ocr_par' dir='ltr' id='par_1_80' title="bbox 2331 3813 3848 3892">
     <span class='ocr_line' id='line_1_80' title="bbox 2331 3813 3848 3892; baseline -0.005 -17"><span class='ocrx_word' id='word_1_542' title='bbox 2331 3821 2392 3875; x_wconf 91' lang='lat'><strong>&#39;0</strong></span> <span class='ocrx_word' id='word_1_543' title='bbox 2435 3821 2493 3875; x_wconf 75' lang='grc' dir='ltr'>δὲ</span> <span class='ocrx_word' id='word_1_544' title='bbox 2547 3819 2689 3874; x_wconf 74' lang='grc' dir='ltr'>ἑπτὰ</span> <span class='ocrx_word' id='word_1_545' title='bbox 2734 3818 2970 3892; x_wconf 79' lang='grc' dir='ltr'>ἀριθμὸς</span> <span class='ocrx_word' id='word_1_546' title='bbox 3030 3817 3143 3871; x_wconf 83' lang='grc' dir='ltr'><strong>τῶν</strong></span> <span class='ocrx_word' id='word_1_547' title='bbox 3187 3814 3465 3886; x_wconf 71' lang='grc' dir='ltr'>σπυρίδιον</span> <span class='ocrx_word' id='word_1_548' title='bbox 3517 3813 3649 3868; x_wconf 78' lang='grc' dir='ltr'>κατ’</span> <span class='ocrx_word' id='word_1_549' title='bbox 3683 3813 3848 3868; x_wconf 65' lang='grc' dir='ltr'>ἄλλον</span> 
     </span>
    </p>
   </div>
   <div class='ocr_carea' id='block_1_81' title="bbox 2251 3905 3843 3987">
    <p class='ocr_par' dir='ltr' id='par_1_81' title="bbox 2251 3905 3843 3987">
     <span class='ocr_line' id='line_1_81' title="bbox 2251 3905 3843 3987; baseline -0.007 -17"><span class='ocrx_word' id='word_1_550' title='bbox 2251 3915 2392 3987; x_wconf 71' lang='grc' dir='ltr'>πρὸς</span> <span class='ocrx_word' id='word_1_551' title='bbox 2437 3913 2520 3986; x_wconf 80' lang='grc' dir='ltr'>τῷ</span> <span class='ocrx_word' id='word_1_552' title='bbox 2557 3914 2818 3986; x_wconf 84' lang='grc' dir='ltr'>προτέρῳ</span> <span class='ocrx_word' id='word_1_553' title='bbox 2852 3909 3235 3983; x_wconf 79' lang='grc' dir='ltr'>Θεωρούμενος</span> <span class='ocrx_word' id='word_1_554' title='bbox 3264 3907 3455 3980; x_wconf 80' lang='grc' dir='ltr'>τρόπῳ</span> <span class='ocrx_word' id='word_1_555' title='bbox 3475 3947 3494 3972; x_wconf 93' lang='grc'><strong>,</strong></span> <span class='ocrx_word' id='word_1_556' title='bbox 3540 3905 3624 3970; x_wconf 80' lang='grc' dir='ltr'>ὥς</span> <span class='ocrx_word' id='word_1_557' title='bbox 3651 3925 3843 3978; x_wconf 81' lang='grc' dir='ltr'>φασιν,</span> 
     </span>
    </p>
   </div>
   <div class='ocr_carea' id='block_1_82' title="bbox 2249 3999 3845 4077">
    <p class='ocr_par' dir='ltr' id='par_1_82' title="bbox 2249 3999 3845 4077">
     <span class='ocr_line' id='line_1_82' title="bbox 2249 3999 3845 4077; baseline -0.006 -17"><span class='ocrx_word' id='word_1_558' title='bbox 2249 4006 2506 4077; x_wconf 70' lang='grc' dir='ltr'>ἐμφαίνει</span> <span class='ocrx_word' id='word_1_559' title='bbox 2535 4005 2732 4076; x_wconf 84' lang='grc' dir='ltr'>σοφίαν</span> <span class='ocrx_word' id='word_1_560' title='bbox 2762 4006 2860 4060; x_wconf 57' lang='grc' dir='ltr'><strong>καὶ⁸</strong></span> <span class='ocrx_word' id='word_1_561' title='bbox 2886 4003 3182 4075; x_wconf 76' lang='grc' dir='ltr'>φρόνησιν,</span> <span class='ocrx_word' id='word_1_562' title='bbox 3221 4002 3323 4073; x_wconf 76' lang='grc' dir='ltr'>τὴν</span> <span class='ocrx_word' id='word_1_563' title='bbox 3350 4000 3450 4071; x_wconf 63' lang='grc' dir='ltr'>μιν</span> <span class='ocrx_word' id='word_1_564' title='bbox 3477 3999 3553 4064; x_wconf 79' lang='grc' dir='ltr'>ὡς</span> <span class='ocrx_word' id='word_1_565' title='bbox 3583 4000 3723 4069; x_wconf 77' lang='grc' dir='ltr'>περὶ</span> <span class='ocrx_word' id='word_1_566' title='bbox 3745 4000 3845 4069; x_wconf 75' lang='grc' dir='ltr'><strong>τὴν</strong></span> 
     </span>
    </p>
   </div>
   <div class='ocr_carea' id='block_1_83' title="bbox 2247 4091 3845 4169">
    <p class='ocr_par' dir='ltr' id='par_1_83' title="bbox 2247 4091 3845 4169">
     <span class='ocr_line' id='line_1_83' title="bbox 2247 4091 3845 4169; baseline -0.007 -15"><span class='ocrx_word' id='word_1_567' title='bbox 2247 4100 2430 4154; x_wconf 89' lang='grc' dir='ltr'>αἰτίαν</span> <span class='ocrx_word' id='word_1_568' title='bbox 2461 4099 2701 4169; x_wconf 78' lang='grc' dir='ltr'>τρια-σῶς</span> <span class='ocrx_word' id='word_1_569' title='bbox 2733 4097 2880 4154; x_wconf 85' lang='grc' dir='ltr'><strong>κατά</strong></span> <span class='ocrx_word' id='word_1_570' title='bbox 2908 4095 3032 4150; x_wconf 82' lang='grc' dir='ltr'>νοῦν</span> <span class='ocrx_word' id='word_1_571' title='bbox 3065 4093 3434 4165; x_wconf 67' lang='grc' dir='ltr'>κινουμένην,</span> <span class='ocrx_word' id='word_1_572' title='bbox 3483 4093 3584 4162; x_wconf 76' lang='grc' dir='ltr'>τὴν</span> <span class='ocrx_word' id='word_1_573' title='bbox 3615 4091 3682 4146; x_wconf 73' lang='grc' dir='ltr'>δι</span> <span class='ocrx_word' id='word_1_574' title='bbox 3713 4091 3845 4161; x_wconf 73' lang='grc' dir='ltr'>περὶ</span> 
     </span>
    </p>
   </div>
   <div class='ocr_carea' id='block_1_84' title="bbox 2243 4184 3844 4277">
    <p class='ocr_par' dir='ltr' id='par_1_84' title="bbox 2243 4184 3844 4277">
     <span class='ocr_line' id='line_1_84' title="bbox 2243 4184 3844 4277; baseline -0.007 -29"><span class='ocrx_word' id='word_1_575' title='bbox 2243 4195 2311 4277; x_wconf 34' lang='grc' dir='ltr'><strong>τιὰ</strong></span> <span class='ocrx_word' id='word_1_576' title='bbox 2339 4193 2478 4266; x_wconf 86' lang='grc' dir='ltr'><strong>μετά</strong></span> <span class='ocrx_word' id='word_1_577' title='bbox 2498 4193 2600 4264; x_wconf 81' lang='grc' dir='ltr'>τὴν</span> <span class='ocrx_word' id='word_1_578' title='bbox 2623 4191 2806 4246; x_wconf 79' lang='grc' dir='ltr'>αἰτίαν</span> <span class='ocrx_word' id='word_1_579' title='bbox 2835 4191 2934 4245; x_wconf 75' lang='grc' dir='ltr'>καὶ</span> <span class='ocrx_word' id='word_1_580' title='bbox 2958 4189 3091 4262; x_wconf 79' lang='grc' dir='ltr'>περὶ</span> <span class='ocrx_word' id='word_1_581' title='bbox 3115 4187 3215 4259; x_wconf 79' lang='grc' dir='ltr'>τὴν</span> <span class='ocrx_word' id='word_1_582' title='bbox 3235 4184 3419 4241; x_wconf 85' lang='grc' dir='ltr'>αἰτίαν</span> <span class='ocrx_word' id='word_1_583' title='bbox 3441 4185 3569 4238; x_wconf 83' lang='grc' dir='ltr'>δντα</span> <span class='ocrx_word' id='word_1_584' title='bbox 3589 4184 3748 4238; x_wconf 71' lang='grc' dir='ltr'>κατὰ</span> <span class='ocrx_word' id='word_1_585' title='bbox 3763 4184 3844 4237; x_wconf 82' lang='grc' dir='ltr'>λό-</span> 
     </span>
    </p>
   </div>
   <div class='ocr_carea' id='block_1_85' title="bbox 2243 4277 3842 4354">
    <p class='ocr_par' dir='ltr' id='par_1_85' title="bbox 2243 4277 3842 4354">
     <span class='ocr_line' id='line_1_85' title="bbox 2243 4277 3842 4354; baseline -0.006 -16"><span class='ocrx_word' id='word_1_586' title='bbox 2243 4302 2340 4354; x_wconf 86' lang='grc' dir='ltr'><strong>γον</strong></span> <span class='ocrx_word' id='word_1_587' title='bbox 2369 4283 2460 4338; x_wconf 83' lang='grc' dir='ltr'>διὰ</span> <span class='ocrx_word' id='word_1_588' title='bbox 2485 4283 2585 4354; x_wconf 81' lang='grc' dir='ltr'>τὴν</span> <span class='ocrx_word' id='word_1_589' title='bbox 2611 4283 2793 4337; x_wconf 85' lang='grc' dir='ltr'>αἰτίαν</span> <span class='ocrx_word' id='word_1_590' title='bbox 2831 4280 3116 4353; x_wconf 80' lang='grc' dir='ltr'>τετραχῶς</span> <span class='ocrx_word' id='word_1_591' title='bbox 3144 4277 3495 4348; x_wconf 76' lang='grc' dir='ltr'>κινουμένην.</span> <span class='ocrx_word' id='word_1_592' title='bbox 3531 4277 3842 4346; x_wconf 74' lang='grc' dir='ltr'>υῦθὲτερον</span> 
     </span>
    </p>
   </div>
   <div class='ocr_carea' id='block_1_86' title="bbox 2243 4366 3843 4443">
    <p class='ocr_par' dir='ltr' id='par_1_86' title="bbox 2243 4366 3843 4443">
     <span class='ocr_line' id='line_1_86' title="bbox 2243 4366 3843 4443; baseline -0.007 -14"><span class='ocrx_word' id='word_1_593' title='bbox 2243 4374 2337 4429; x_wconf 81' lang='grc' dir='ltr'>οὖν</span> <span class='ocrx_word' id='word_1_594' title='bbox 2364 4375 2577 4443; x_wconf 83' lang='grc' dir='ltr'>ἀλόγως</span> <span class='ocrx_word' id='word_1_595' title='bbox 2606 4372 2760 4443; x_wconf 81' lang='grc' dir='ltr'>παρὰ</span> <span class='ocrx_word' id='word_1_596' title='bbox 2783 4371 2882 4426; x_wconf 80' lang='grc' dir='ltr'><strong>τοῦ</strong></span> <span class='ocrx_word' id='word_1_597' title='bbox 2908 4370 3120 4442; x_wconf 81' lang='grc' dir='ltr'>Κυρίου</span> <span class='ocrx_word' id='word_1_598' title='bbox 3147 4367 3440 4438; x_wconf 83' lang='grc' dir='ltr'>γεγένηται</span> <span class='ocrx_word' id='word_1_599' title='bbox 3465 4366 3609 4422; x_wconf 84' lang='grc' dir='ltr'><strong>κατά</strong></span> <span class='ocrx_word' id='word_1_600' title='bbox 3627 4367 3728 4422; x_wconf 84' lang='grc' dir='ltr'><strong>τδν</strong></span> <span class='ocrx_word' id='word_1_601' title='bbox 3747 4367 3843 4438; x_wconf 78' lang='grc' dir='ltr'><strong>μὲ-</strong></span> 
     </span>
    </p>
   </div>
   <div class='ocr_carea' id='block_1_87' title="bbox 2244 4459 3835 4538">
    <p class='ocr_par' dir='ltr' id='par_1_87' title="bbox 2244 4459 3835 4538">
     <span class='ocr_line' id='line_1_87' title="bbox 2244 4459 3835 4538; baseline -0.004 -15"><span class='ocrx_word' id='word_1_602' title='bbox 2244 4485 2349 4538; x_wconf 88' lang='grc' dir='ltr'><strong>γαν</strong></span> <span class='ocrx_word' id='word_1_603' title='bbox 2378 4465 2570 4522; x_wconf 77' lang='grc' dir='ltr'>τοῦτον</span> <span class='ocrx_word' id='word_1_604' title='bbox 2591 4463 2936 4530; x_wconf 82' lang='grc' dir='ltr'>διδάσκαλον,</span> <span class='ocrx_word' id='word_1_605' title='bbox 2968 4461 3091 4517; x_wconf 68' lang='grc' dir='ltr'>οὐδὲ</span> <span class='ocrx_word' id='word_1_606' title='bbox 3113 4460 3350 4527; x_wconf 78' lang='grc' dir='ltr'>ἀναξίως</span> <span class='ocrx_word' id='word_1_607' title='bbox 3373 4459 3470 4514; x_wconf 82' lang='grc' dir='ltr'>τοῦ</span> <span class='ocrx_word' id='word_1_608' title='bbox 3494 4459 3835 4532; x_wconf 86' lang='grc' dir='ltr'>πνεύματος.</span> 
     </span>
    </p>
   </div>
   <div class='ocr_carea' id='block_1_88' title="bbox 2171 4687 2244 4702">
    <p class='ocr_par' dir='ltr' id='par_1_88' title="bbox 2171 4687 2244 4702">
     <span class='ocr_line' id='line_1_88' title="bbox 2171 4687 2244 4702; baseline 0.027 -2"><span class='ocrx_word' id='word_1_609' title='bbox 2171 4687 2244 4702; x_wconf 52' lang='grc' dir='ltr'>α*</span> 
     </span>
    </p>
   </div>
   <div class='ocr_carea' id='block_1_89' title="bbox 549 4739 2147 4823">
    <p class='ocr_par' dir='ltr' id='par_1_89' title="bbox 549 4742 2140 4823">
     <span class='ocr_line' id='line_1_89' title="bbox 549 4742 2140 4823; baseline 0.004 -21"><span class='ocrx_word' id='word_1_610' title='bbox 549 4742 639 4802; x_wconf 71' lang='lat' dir='ltr'><strong>Ex</strong></span> <span class='ocrx_word' id='word_1_611' title='bbox 680 4747 858 4802; x_wconf 82' lang='lat' dir='ltr'><strong>eodem</strong></span> <span class='ocrx_word' id='word_1_612' title='bbox 896 4765 1160 4813; x_wconf 79' lang='lat' dir='ltr'><strong>sermone,</strong></span> <span class='ocrx_word' id='word_1_613' title='bbox 1215 4750 1268 4804; x_wconf 85' lang='lat' dir='ltr'><strong>in</strong></span> <span class='ocrx_word' id='word_1_614' title='bbox 1315 4750 1452 4804; x_wconf 79' lang='lat' dir='ltr'><strong>illud</strong></span> <span class='ocrx_word' id='word_1_615' title='bbox 1499 4767 1518 4806; x_wconf 91' lang='lat'><strong><em>:</em></strong></span> <span class='ocrx_word' id='word_1_616' title='bbox 1573 4771 1592 4804; x_wconf 79' lang='grc' dir='ltr'><strong>ι</strong></span> <span class='ocrx_word' id='word_1_617' title='bbox 1619 4751 1791 4822; x_wconf 76' lang='lat' dir='ltr'><strong>Atque</strong></span> <span class='ocrx_word' id='word_1_618' title='bbox 1837 4752 2140 4823; x_wconf 85' lang='lat' dir='ltr'><strong>gratiarum</strong></span> 
     </span>
    </p>
   </div>
   <div class='ocr_carea' id='block_1_90' title="bbox 2250 4739 3838 4823">
    <p class='ocr_par' dir='ltr' id='par_1_90' title="bbox 2255 4739 3838 4815">
     <span class='ocr_line' id='line_1_90' title="bbox 2255 4739 3838 4815; baseline -0.007 -11"><span class='ocrx_word' id='word_1_619' title='bbox 2255 4751 2359 4804; x_wconf 81' lang='grc' dir='ltr'><strong>Ἐκ</strong></span> <span class='ocrx_word' id='word_1_620' title='bbox 2388 4744 2498 4801; x_wconf 84' lang='grc' dir='ltr'>τοῦ</span> <span class='ocrx_word' id='word_1_621' title='bbox 2515 4743 2715 4801; x_wconf 81' lang='grc' dir='ltr'>,αὐτοῦ</span> <span class='ocrx_word' id='word_1_622' title='bbox 2738 4744 2950 4815; x_wconf 66' lang='grc' dir='ltr'>λόγου,</span> <span class='ocrx_word' id='word_1_623' title='bbox 2979 4746 3071 4810; x_wconf 81' lang='grc' dir='ltr'>εις</span> <span class='ocrx_word' id='word_1_624' title='bbox 3094 4745 3197 4799; x_wconf 87' lang='grc' dir='ltr'><strong>τό·</strong></span> <span class='ocrx_word' id='word_1_625' title='bbox 3235 4759 3257 4796; x_wconf 79' lang='grc' dir='ltr'><strong>ι</strong></span> <span class='ocrx_word' id='word_1_626' title='bbox 3289 4741 3398 4798; x_wconf 75' lang='lat' dir='ltr'><strong>Kal</strong></span> <span class='ocrx_word' id='word_1_627' title='bbox 3425 4743 3559 4798; x_wconf 68' lang='grc' dir='ltr'>ἔστι</span> <span class='ocrx_word' id='word_1_628' title='bbox 3582 4739 3838 4811; x_wconf 66' lang='grc' dir='ltr'>διαφορά</span> 
     </span>
    </p>
   </div>
   <div class='ocr_carea' id='block_1_91' title="bbox 621 4837 2144 4913">
    <p class='ocr_par' dir='ltr' id='par_1_91' title="bbox 621 4837 2144 4913">
     <span class='ocr_line' id='line_1_91' title="bbox 621 4837 2144 4913; baseline 0.004 -20"><span class='ocrx_word' id='word_1_629' title='bbox 621 4837 900 4895; x_wconf 77' lang='lat' dir='ltr'><strong>diuersitas</strong></span> <span class='ocrx_word' id='word_1_630' title='bbox 953 4849 1050 4906; x_wconf 76' lang='lat' dir='ltr'><strong>est,</strong></span> <span class='ocrx_word' id='word_1_631' title='bbox 1104 4840 1214 4895; x_wconf 86' lang='lat' dir='ltr'><strong>alia</strong></span> <span class='ocrx_word' id='word_1_632' title='bbox 1247 4844 1425 4911; x_wconf 81' lang='lat' dir='ltr'><strong>gratia</strong></span> <span class='ocrx_word' id='word_1_633' title='bbox 1457 4859 1585 4913; x_wconf 73' lang='lat' dir='ltr'><strong>opus</strong></span> <span class='ocrx_word' id='word_1_634' title='bbox 1614 4842 1810 4897; x_wconf 77' lang='lat' dir='ltr'><strong>habear</strong></span> <span class='ocrx_word' id='word_1_635' title='bbox 1848 4844 1921 4899; x_wconf 82' lang='lat' dir='ltr'><strong>ad</strong></span> <span class='ocrx_word' id='word_1_636' title='bbox 1948 4844 2144 4899; x_wconf 82' lang='lat' dir='ltr'><strong>discer-</strong></span> 
     </span>
    </p>
   </div>
   <div class='ocr_carea' id='block_1_92' title="bbox 620 4929 1777 5003">
    <p class='ocr_par' dir='ltr' id='par_1_92' title="bbox 620 4929 1777 5003">
     <span class='ocr_line' id='line_1_92' title="bbox 620 4929 1777 5003; baseline 0.002 -20"><span class='ocrx_word' id='word_1_637' title='bbox 620 4929 854 4985; x_wconf 68' lang='lat' dir='ltr'><strong>nendum</strong></span> <span class='ocrx_word' id='word_1_638' title='bbox 907 4947 1157 5003; x_wconf 81' lang='lat' dir='ltr'><strong>quamam</strong></span> <span class='ocrx_word' id='word_1_639' title='bbox 1185 4933 1252 4987; x_wconf 78' lang='lat' dir='ltr'><strong>sit</strong></span> <span class='ocrx_word' id='word_1_640' title='bbox 1304 4935 1648 5003; x_wconf 70' lang='lat' dir='ltr'><strong>praestantior</strong></span> <span class='ocrx_word' id='word_1_641' title='bbox 1675 4944 1720 4991; x_wconf 75' lang='grc' dir='ltr'><strong>ε,</strong></span> <span class='ocrx_word' id='word_1_642' title='bbox 1759 4952 1777 4985; x_wconf 78' lang='grc' dir='ltr'><strong>ι</strong></span> 
     </span>
    </p>
   </div>
   <div class='ocr_carea' id='block_1_93' title="bbox 623 5041 2142 5125">
    <p class='ocr_par' dir='ltr' id='par_1_93' title="bbox 623 5041 2142 5125">
     <span class='ocr_line' id='line_1_93' title="bbox 623 5041 2142 5125; baseline 0.005 -26"><span class='ocrx_word' id='word_1_643' title='bbox 623 5041 932 5101; x_wconf 87' lang='lat' dir='ltr'><strong>Diversitas</strong></span> <span class='ocrx_word' id='word_1_644' title='bbox 958 5045 1262 5116; x_wconf 81' lang='lat' dir='ltr'><strong>gratiarum</strong></span> <span class='ocrx_word' id='word_1_645' title='bbox 1291 5063 1414 5118; x_wconf 65' lang='lat' dir='ltr'><strong>quae</strong></span> <span class='ocrx_word' id='word_1_646' title='bbox 1443 5047 1550 5103; x_wconf 93' lang='lat' dir='ltr'><strong>alia</strong></span> <span class='ocrx_word' id='word_1_647' title='bbox 1581 5047 1758 5125; x_wconf 83' lang='lat' dir='ltr'><strong>gratia</strong></span> <span class='ocrx_word' id='word_1_648' title='bbox 1801 5047 1969 5104; x_wconf 89' lang='lat' dir='ltr'><strong>habet</strong></span> <span class='ocrx_word' id='word_1_649' title='bbox 2000 5065 2142 5120; x_wconf 89' lang='lat' dir='ltr'><strong>opus</strong></span> 
     </span>
    </p>
   </div>
   <div class='ocr_carea' id='block_1_94' title="bbox 551 5132 2138 5212">
    <p class='ocr_par' dir='ltr' id='par_1_94' title="bbox 551 5132 2138 5212">
     <span class='ocr_line' id='line_1_94' title="bbox 551 5132 2138 5212; baseline 0.005 -22"><span class='ocrx_word' id='word_1_650' title='bbox 551 5132 623 5190; x_wconf 86' lang='lat' dir='ltr'><strong>ad</strong></span> <span class='ocrx_word' id='word_1_651' title='bbox 646 5135 1098 5206; x_wconf 86' lang='lat' dir='ltr'><strong>discernendum,</strong></span> <span class='ocrx_word' id='word_1_652' title='bbox 1131 5140 1438 5196; x_wconf 88' lang='lat' dir='ltr'><strong>secundum</strong></span> <span class='ocrx_word' id='word_1_653' title='bbox 1471 5157 1728 5212; x_wconf 85' lang='lat' dir='ltr'><strong>magnum</strong></span> <span class='ocrx_word' id='word_1_654' title='bbox 1761 5141 1913 5198; x_wconf 91' lang='lat' dir='ltr'><strong>hunc</strong></span> <span class='ocrx_word' id='word_1_655' title='bbox 1942 5143 2138 5199; x_wconf 87' lang='lat' dir='ltr'><strong>docto-</strong></span> 
     </span>
    </p>
   </div>
   <div class='ocr_carea' id='block_1_95' title="bbox 554 5232 2139 5306">
    <p class='ocr_par' dir='ltr' id='par_1_95' title="bbox 554 5232 2139 5306">
     <span class='ocr_line' id='line_1_95' title="bbox 554 5232 2139 5306; baseline 0.006 -25"><span class='ocrx_word' id='word_1_656' title='bbox 554 5243 672 5282; x_wconf 90' lang='lat' dir='ltr'><strong>rem</strong></span> <span class='ocrx_word' id='word_1_657' title='bbox 725 5232 1016 5300; x_wconf 87' lang='lat' dir='ltr'><strong>prophetia</strong></span> <span class='ocrx_word' id='word_1_658' title='bbox 1073 5241 1183 5298; x_wconf 90' lang='lat' dir='ltr'><strong>est,</strong></span> <span class='ocrx_word' id='word_1_659' title='bbox 1232 5233 1700 5306; x_wconf 88' lang='lat' dir='ltr'><strong>quemadmodum</strong></span> <span class='ocrx_word' id='word_1_660' title='bbox 1753 5235 2024 5301; x_wconf 89' lang='lat' dir='ltr'><strong>arbitror,</strong></span> <span class='ocrx_word' id='word_1_661' title='bbox 2082 5245 2139 5292; x_wconf 90' lang='lat' dir='ltr'><strong>et</strong></span> 
     </span>
    </p>
   </div>
   <div class='ocr_carea' id='block_1_96' title="bbox 554 5319 2135 5401">
    <p class='ocr_par' dir='ltr' id='par_1_96' title="bbox 554 5319 2135 5401">
     <span class='ocr_line' id='line_1_96' title="bbox 554 5319 2135 5401; baseline 0.008 -28"><span class='ocrx_word' id='word_1_662' title='bbox 554 5319 750 5391; x_wconf 75' lang='lat' dir='ltr'><strong>linguis</strong></span> <span class='ocrx_word' id='word_1_663' title='bbox 803 5322 947 5394; x_wconf 79' lang='lat' dir='ltr'><strong>loqui</strong></span> <span class='ocrx_word' id='word_1_664' title='bbox 996 5325 1040 5378; x_wconf 71' lang='grc' dir='ltr'><strong>τ.</strong></span> <span class='ocrx_word' id='word_1_665' title='bbox 1073 5325 1372 5398; x_wconf 85' lang='lat' dir='ltr'><strong>Prophetia</strong></span> <span class='ocrx_word' id='word_1_666' title='bbox 1415 5327 1564 5384; x_wconf 91' lang='lat' dir='ltr'><strong>enim</strong></span> <span class='ocrx_word' id='word_1_667' title='bbox 1600 5343 1741 5399; x_wconf 92' lang='lat' dir='ltr'><strong>opus</strong></span> <span class='ocrx_word' id='word_1_668' title='bbox 1768 5328 1936 5384; x_wconf 88' lang='lat' dir='ltr'><strong>habet</strong></span> <span class='ocrx_word' id='word_1_669' title='bbox 1959 5331 2135 5401; x_wconf 87' lang='lat' dir='ltr'><strong>gratia</strong></span> 
     </span>
    </p>
   </div>
   <div class='ocr_carea' id='block_1_97' title="bbox 553 5413 2138 5492">
    <p class='ocr_par' dir='ltr' id='par_1_97' title="bbox 553 5413 2138 5492">
     <span class='ocr_line' id='line_1_97' title="bbox 553 5413 2138 5492; baseline 0.005 -24"><span class='ocrx_word' id='word_1_670' title='bbox 553 5413 853 5484; x_wconf 84' lang='lat' dir='ltr'><strong>spirituum</strong></span> <span class='ocrx_word' id='word_1_671' title='bbox 876 5417 1400 5485; x_wconf 87' lang='lat' dir='ltr'><strong>discernendorum,</strong></span> <span class='ocrx_word' id='word_1_672' title='bbox 1420 5420 1487 5476; x_wconf 85' lang='lat' dir='ltr'><strong>ad</strong></span> <span class='ocrx_word' id='word_1_673' title='bbox 1519 5419 1967 5492; x_wconf 84' lang='lat' dir='ltr'><strong>cognoscendum</strong></span> <span class='ocrx_word' id='word_1_674' title='bbox 1989 5437 2138 5491; x_wconf 65' lang='lat' dir='ltr'><strong>qure-</strong></span> 
     </span>
    </p>
   </div>
   <div class='ocr_carea' id='block_1_98' title="bbox 552 5511 2138 5588">
    <p class='ocr_par' dir='ltr' id='par_1_98' title="bbox 552 5511 2138 5588">
     <span class='ocr_line' id='line_1_98' title="bbox 552 5511 2138 5588; baseline 0.005 -26"><span class='ocrx_word' id='word_1_675' title='bbox 552 5521 682 5563; x_wconf 87' lang='lat' dir='ltr'><strong>nam</strong></span> <span class='ocrx_word' id='word_1_676' title='bbox 731 5519 790 5566; x_wconf 89' lang='lat' dir='ltr'><strong>et</strong></span> <span class='ocrx_word' id='word_1_677' title='bbox 838 5511 986 5568; x_wconf 84' lang='lat' dir='ltr'><strong>unde</strong></span> <span class='ocrx_word' id='word_1_678' title='bbox 1017 5519 1075 5567; x_wconf 85' lang='lat' dir='ltr'><strong>et</strong></span> <span class='ocrx_word' id='word_1_679' title='bbox 1112 5529 1225 5585; x_wconf 90' lang='lat' dir='ltr'><strong>quo</strong></span> <span class='ocrx_word' id='word_1_680' title='bbox 1252 5513 1438 5571; x_wconf 83' lang='lat' dir='ltr'><strong>ferens</strong></span> <span class='ocrx_word' id='word_1_681' title='bbox 1469 5524 1529 5571; x_wconf 87' lang='lat' dir='ltr'><strong>et</strong></span> <span class='ocrx_word' id='word_1_682' title='bbox 1561 5514 1876 5588; x_wconf 73' lang='lat' dir='ltr'><strong>cuiusmodi</strong></span> <span class='ocrx_word' id='word_1_683' title='bbox 1908 5513 2138 5586; x_wconf 88' lang='lat' dir='ltr'><strong>spiritus</strong></span> 
     </span>
    </p>
   </div>
   <div class='ocr_carea' id='block_1_99' title="bbox 620 5646 1617 5720">
    <p class='ocr_par' dir='ltr' id='par_1_99' title="bbox 620 5646 1617 5720">
     <span class='ocr_line' id='line_1_99' title="bbox 620 5646 1617 5720; baseline 0.009 -21"><span class='ocrx_word' id='word_1_684' title='bbox 620 5656 648 5686; x_wconf 78' lang='grc' dir='ltr'><strong>ο</strong></span> <span class='ocrx_word' id='word_1_685' title='bbox 675 5646 692 5700; x_wconf 94' lang='lat' dir='ltr'><strong>l</strong></span> <span class='ocrx_word' id='word_1_686' title='bbox 720 5646 845 5702; x_wconf 90' lang='lat' dir='ltr'><strong>Cor.</strong></span> <span class='ocrx_word' id='word_1_687' title='bbox 879 5667 978 5715; x_wconf 80' lang='lat' dir='ltr'><strong>xu,</strong></span> <span class='ocrx_word' id='word_1_688' title='bbox 1008 5650 1076 5717; x_wconf 71' lang='grc'>4,</span> <span class='ocrx_word' id='word_1_689' title='bbox 1117 5653 1168 5707; x_wconf 82' lang='lat'><strong>9.</strong></span> <span class='ocrx_word' id='word_1_690' title='bbox 1246 5649 1267 5691; x_wconf 67' lang='grc' dir='ltr'><strong>ί</strong></span> <span class='ocrx_word' id='word_1_691' title='bbox 1295 5654 1417 5710; x_wconf 85' lang='lat' dir='ltr'><strong>Act.</strong></span> <span class='ocrx_word' id='word_1_692' title='bbox 1474 5670 1531 5720; x_wconf 84' lang='lat' dir='ltr'><strong>tt,</strong></span> <span class='ocrx_word' id='word_1_693' title='bbox 1565 5654 1617 5709; x_wconf 73' lang='grc'><strong>4.</strong></span> 
     </span>
    </p>
   </div>
   <div class='ocr_carea' id='block_1_100' title="bbox 2317 4835 3836 4911">
    <p class='ocr_par' dir='ltr' id='par_1_100' title="bbox 2317 4835 3836 4911">
     <span class='ocr_line' id='line_1_100' title="bbox 2317 4835 3836 4911; baseline -0.005 -17"><span class='ocrx_word' id='word_1_694' title='bbox 2317 4837 2730 4911; x_wconf 76' lang='grc' dir='ltr'>χαρισμάτων,</span> <span class='ocrx_word' id='word_1_695' title='bbox 2781 4836 2979 4893; x_wconf 80' lang='grc' dir='ltr'>ἄλλου</span> <span class='ocrx_word' id='word_1_696' title='bbox 3001 4837 3256 4907; x_wconf 78' lang='grc' dir='ltr'>δεομένη</span> <span class='ocrx_word' id='word_1_697' title='bbox 3285 4835 3657 4906; x_wconf 82' lang='grc' dir='ltr'>χαρίσματος</span> <span class='ocrx_word' id='word_1_698' title='bbox 3689 4835 3836 4902; x_wconf 68' lang='grc' dir='ltr'>πρὸς</span> 
     </span>
    </p>
   </div>
   <div class='ocr_carea' id='block_1_101' title="bbox 2312 4931 3299 5004">
    <p class='ocr_par' dir='ltr' id='par_1_101' title="bbox 2312 4931 3299 5004">
     <span class='ocr_line' id='line_1_101' title="bbox 2312 4931 3299 5004; baseline -0.005 -14"><span class='ocrx_word' id='word_1_699' title='bbox 2312 4935 2617 5004; x_wconf 75' lang='grc' dir='ltr'>διάκρισιν</span> <span class='ocrx_word' id='word_1_700' title='bbox 2644 4933 2755 4988; x_wconf 83' lang='grc' dir='ltr'>τοῦ</span> <span class='ocrx_word' id='word_1_701' title='bbox 2771 4933 3096 5000; x_wconf 81' lang='grc' dir='ltr'>βελτίονος</span> <span class='ocrx_word' id='word_1_702' title='bbox 3115 4931 3254 5002; x_wconf 83' lang='grc'><strong>(66).</strong></span> <span class='ocrx_word' id='word_1_703' title='bbox 3277 4950 3299 4985; x_wconf 73' lang='grc' dir='ltr'><strong>ι</strong></span> 
     </span>
    </p>
   </div>
   <div class='ocr_carea' id='block_1_102' title="bbox 2320 5041 3833 5120">
    <p class='ocr_par' dir='ltr' id='par_1_102' title="bbox 2320 5041 3833 5120">
     <span class='ocr_line' id='line_1_102' title="bbox 2320 5041 3833 5120; baseline -0.005 -17"><span class='ocrx_word' id='word_1_704' title='bbox 2320 5050 2388 5104; x_wconf 83' lang='grc' dir='ltr'><strong>Ἥ</strong></span> <span class='ocrx_word' id='word_1_705' title='bbox 2437 5047 2674 5120; x_wconf 79' lang='grc' dir='ltr'>διαφορά</span> <span class='ocrx_word' id='word_1_706' title='bbox 2724 5048 2836 5102; x_wconf 87' lang='grc' dir='ltr'><strong>τῶν</strong></span> <span class='ocrx_word' id='word_1_707' title='bbox 2882 5047 3243 5120; x_wconf 81' lang='grc' dir='ltr'>χαρισμάτων</span> <span class='ocrx_word' id='word_1_708' title='bbox 3304 5047 3339 5118; x_wconf 76' lang='grc' dir='ltr'>ἡ</span> <span class='ocrx_word' id='word_1_709' title='bbox 3391 5045 3557 5101; x_wconf 69' lang='grc' dir='ltr'>ἄλλου</span> <span class='ocrx_word' id='word_1_710' title='bbox 3604 5041 3833 5113; x_wconf 64' lang='grc' dir='ltr'>δεομένη</span> 
     </span>
    </p>
   </div>
   <div class='ocr_carea' id='block_1_103' title="bbox 2238 5135 3928 5216">
    <p class='ocr_par' dir='ltr' id='par_1_103' title="bbox 2238 5135 3928 5216">
     <span class='ocr_line' id='line_1_103' title="bbox 2238 5135 3928 5216; baseline -0.008 -18"><span class='ocrx_word' id='word_1_711' title='bbox 2238 5141 2579 5216; x_wconf 86' lang='grc' dir='ltr'>χαρίσματος</span> <span class='ocrx_word' id='word_1_712' title='bbox 2628 5141 2768 5213; x_wconf 78' lang='grc' dir='ltr'>πρὸς</span> <span class='ocrx_word' id='word_1_713' title='bbox 2813 5141 3090 5212; x_wconf 84' lang='grc' dir='ltr'>διάκρισιν</span> <span class='ocrx_word' id='word_1_714' title='bbox 3138 5139 3286 5194; x_wconf 89' lang='grc' dir='ltr'><strong>κατά</strong></span> <span class='ocrx_word' id='word_1_715' title='bbox 3311 5140 3406 5193; x_wconf 72' lang='grc' dir='ltr'><strong>τὸν</strong></span> <span class='ocrx_word' id='word_1_716' title='bbox 3442 5139 3618 5210; x_wconf 72' lang='grc' dir='ltr'>μέγαν</span> <span class='ocrx_word' id='word_1_717' title='bbox 3643 5135 3834 5190; x_wconf 79' lang='grc' dir='ltr'>τοῦτον</span> <span class='ocrx_word' id='word_1_718' title='bbox 3909 5147 3928 5164; x_wconf 80' lang='lat'><strong><em>&#39;</em></strong></span> 
     </span>
    </p>
   </div>
   <div class='ocr_carea' id='block_1_104' title="bbox 2243 5225 3834 5306">
    <p class='ocr_par' dir='ltr' id='par_1_104' title="bbox 2243 5225 3834 5306">
     <span class='ocr_line' id='line_1_104' title="bbox 2243 5225 3834 5306; baseline -0.006 -16"><span class='ocrx_word' id='word_1_719' title='bbox 2243 5234 2565 5290; x_wconf 76' lang='grc' dir='ltr'>διδάσκαλόν</span> <span class='ocrx_word' id='word_1_720' title='bbox 2611 5235 2793 5298; x_wconf 77' lang='grc' dir='ltr'>ἔστιν,</span> <span class='ocrx_word' id='word_1_721' title='bbox 2832 5234 2866 5305; x_wconf 81' lang='grc' dir='ltr'>ὴ</span> <span class='ocrx_word' id='word_1_722' title='bbox 2908 5233 3241 5306; x_wconf 77' lang='grc' dir='ltr'>προφητεία,</span> <span class='ocrx_word' id='word_1_723' title='bbox 3275 5231 3462 5296; x_wconf 77' lang='grc' dir='ltr'>καθὼς</span> <span class='ocrx_word' id='word_1_724' title='bbox 3490 5225 3645 5300; x_wconf 76' lang='grc' dir='ltr'>οἶμαι</span> <span class='ocrx_word' id='word_1_725' title='bbox 3669 5270 3685 5294; x_wconf 96' lang='grc'><strong>,</strong></span> <span class='ocrx_word' id='word_1_726' title='bbox 3739 5228 3834 5283; x_wconf 79' lang='grc' dir='ltr'>καὶ</span> 
     </span>
    </p>
   </div>
   <div class='ocr_carea' id='block_1_105' title="bbox 2239 5324 3834 5398">
    <p class='ocr_par' dir='ltr' id='par_1_105' title="bbox 2239 5324 3834 5398">
     <span class='ocr_line' id='line_1_105' title="bbox 2239 5324 3834 5398; baseline -0.004 -17"><span class='ocrx_word' id='word_1_727' title='bbox 2239 5327 2302 5381; x_wconf 73' lang='grc' dir='ltr'><strong>τὸ</strong></span> <span class='ocrx_word' id='word_1_728' title='bbox 2328 5327 2544 5382; x_wconf 80' lang='grc' dir='ltr'>λαλεῖν</span> <span class='ocrx_word' id='word_1_729' title='bbox 2572 5325 2903 5396; x_wconf 75' lang='grc' dir='ltr'>γλώσσαις.</span> <span class='ocrx_word' id='word_1_730' title='bbox 2944 5325 3011 5381; x_wconf 81' lang='grc' dir='ltr'><strong>Ἦ</strong></span> <span class='ocrx_word' id='word_1_731' title='bbox 3047 5327 3148 5398; x_wconf 73' lang='grc' dir='ltr'><strong>μὲν</strong></span> <span class='ocrx_word' id='word_1_732' title='bbox 3179 5325 3290 5398; x_wconf 80' lang='grc' dir='ltr'><strong>γάρ</strong></span> <span class='ocrx_word' id='word_1_733' title='bbox 3319 5324 3631 5398; x_wconf 81' lang='grc' dir='ltr'>προφητεία</span> <span class='ocrx_word' id='word_1_734' title='bbox 3663 5324 3834 5378; x_wconf 77' lang='grc' dir='ltr'>δεῖται</span> 
     </span>
    </p>
   </div>
   <div class='ocr_carea' id='block_1_106' title="bbox 2238 5418 3832 5493">
    <p class='ocr_par' dir='ltr' id='par_1_106' title="bbox 2238 5418 3832 5493">
     <span class='ocr_line' id='line_1_106' title="bbox 2238 5418 3832 5493; baseline -0.001 -18"><span class='ocrx_word' id='word_1_735' title='bbox 2238 5421 2331 5477; x_wconf 76' lang='grc' dir='ltr'><strong>τοῦ</strong></span> <span class='ocrx_word' id='word_1_736' title='bbox 2378 5420 2718 5493; x_wconf 85' lang='grc' dir='ltr'>χαρίσματος</span> <span class='ocrx_word' id='word_1_737' title='bbox 2787 5421 2887 5492; x_wconf 84' lang='grc' dir='ltr'>τῆς</span> <span class='ocrx_word' id='word_1_738' title='bbox 2937 5418 3268 5492; x_wconf 84' lang='grc' dir='ltr'>διακρίσεως</span> <span class='ocrx_word' id='word_1_739' title='bbox 3320 5420 3432 5475; x_wconf 85' lang='grc' dir='ltr'><strong>τῶν</strong></span> <span class='ocrx_word' id='word_1_740' title='bbox 3481 5418 3832 5488; x_wconf 81' lang='grc' dir='ltr'>πνευμάτων.</span> 
     </span>
    </p>
   </div>
   <div class='ocr_carea' id='block_1_107' title="bbox 2243 5509 3833 5584">
    <p class='ocr_par' dir='ltr' id='par_1_107' title="bbox 2243 5509 3833 5584">
     <span class='ocr_line' id='line_1_107' title="bbox 2243 5509 3833 5584; baseline -0.004 -16"><span class='ocrx_word' id='word_1_741' title='bbox 2243 5515 2380 5584; x_wconf 77' lang='grc' dir='ltr'>πρὸς</span> <span class='ocrx_word' id='word_1_742' title='bbox 2424 5515 2485 5568; x_wconf 78' lang='grc' dir='ltr'><strong>τὸ</strong></span> <span class='ocrx_word' id='word_1_743' title='bbox 2522 5513 2839 5584; x_wconf 82' lang='grc' dir='ltr'>γνωσθῆναι</span> <span class='ocrx_word' id='word_1_744' title='bbox 2869 5513 2953 5578; x_wconf 92' lang='grc' dir='ltr'><strong>τίς</strong></span> <span class='ocrx_word' id='word_1_745' title='bbox 2994 5512 3094 5568; x_wconf 79' lang='grc' dir='ltr'>καὶ</span> <span class='ocrx_word' id='word_1_746' title='bbox 3121 5512 3286 5570; x_wconf 67' lang='grc' dir='ltr'>ποθεν</span> <span class='ocrx_word' id='word_1_747' title='bbox 3333 5511 3431 5568; x_wconf 78' lang='grc' dir='ltr'>καὶ</span> <span class='ocrx_word' id='word_1_748' title='bbox 3459 5510 3561 5568; x_wconf 76' lang='grc' dir='ltr'><strong>ποῦ</strong></span> <span class='ocrx_word' id='word_1_749' title='bbox 3586 5509 3833 5582; x_wconf 80' lang='grc' dir='ltr'>φέρουσα</span> 
     </span>
    </p>
   </div>
   <div class='ocr_carea' id='block_1_108' title="bbox 623 5755 3027 5839">
    <p class='ocr_par' dir='ltr' id='par_1_108' title="bbox 623 5755 3027 5839">
     <span class='ocr_line' id='line_1_108' title="bbox 623 5755 3027 5839; baseline 0.002 -19"><span class='ocrx_word' id='word_1_750' title='bbox 623 5755 736 5820; x_wconf 80' lang='lat'><strong>(66)</strong></span> <span class='ocrx_word' id='word_1_751' title='bbox 765 5759 925 5822; x_wconf 72' lang='lat' dir='ltr'><strong>Grca.</strong></span> <span class='ocrx_word' id='word_1_752' title='bbox 977 5763 1106 5821; x_wconf 77' lang='lat' dir='ltr'><strong>Naz.</strong></span> <span class='ocrx_word' id='word_1_753' title='bbox 1146 5765 1298 5822; x_wconf 87' lang='lat' dir='ltr'><strong>Orat.</strong></span> <span class='ocrx_word' id='word_1_754' title='bbox 1330 5768 1381 5822; x_wconf 83' lang='lat' dir='ltr'><strong>in</strong></span> <span class='ocrx_word' id='word_1_755' title='bbox 1417 5767 1707 5824; x_wconf 80' lang='lat' dir='ltr'><strong>Pentecost.</strong></span> <span class='ocrx_word' id='word_1_756' title='bbox 1743 5785 1863 5836; x_wconf 86' lang='lat' dir='ltr'><strong>cap.</strong></span> <span class='ocrx_word' id='word_1_757' title='bbox 1913 5768 1996 5834; x_wconf 73' lang='lat'><strong>16,</strong></span> <span class='ocrx_word' id='word_1_758' title='bbox 2027 5784 2080 5836; x_wconf 92' lang='lat' dir='ltr'><strong>p.</strong></span> <span class='ocrx_word' id='word_1_759' title='bbox 2125 5768 2249 5836; x_wconf 67' lang='lat' dir='ltr'><strong>N5,</strong></span> <span class='ocrx_word' id='word_1_760' title='bbox 2282 5775 2414 5826; x_wconf 91' lang='lat' dir='ltr'><strong>tom.</strong></span> <span class='ocrx_word' id='word_1_761' title='bbox 2452 5768 2471 5826; x_wconf 92' lang='lat' dir='ltr'><strong>l</strong></span> <span class='ocrx_word' id='word_1_762' title='bbox 2507 5769 2648 5839; x_wconf 86' lang='lat' dir='ltr'><strong>Opp.</strong></span> <span class='ocrx_word' id='word_1_763' title='bbox 2675 5767 2794 5826; x_wconf 87' lang='lat' dir='ltr'><strong>edit</strong></span> <span class='ocrx_word' id='word_1_764' title='bbox 2817 5766 3027 5826; x_wconf 84' lang='lat' dir='ltr'><strong>Bened.</strong></span> 
     </span>
    </p>
   </div>
  </div>
