4080 6282
328 334 466 400 1405

1531 337 2053 399 AMBIGUORUM
2088 338 2342 400 LIBER.

3435 339 3573 407 1406
3644 410 3649 413 ,

320 452 415 505 καὶ
447 448 602 505 ποίου
632 446 945 521 πνεύματός
969 451 1104 515 ἐστι,
1137 451 1230 504 καὶ
1257 450 1326 505 δι’
1344 450 1413 523 ἢν
1435 452 1634 516 αἰτίαν,
1668 453 1744 523 μή
1772 470 1889 516 πως

1995 453 2084 519 sit,
2123 461 2183 509 et
2225 469 2392 524 quam
2427 454 2636 511 habent
2679 472 2925 523 causam,
2966 472 3037 514 ne
3071 458 3216 514 forte
3265 473 3445 529 nugax
3475 459 3569 522 sit,

322 544 602 616 φλήναφός
634 545 749 597 ἑστι
772 584 789 609 ,
848 542 1011 614 μόνον
1040 544 1162 615 εικῆ
1194 546 1581 618 προφερομένη
1599 547 1646 580 ⁸⁸
1693 549 1767 602 ἐκ
1794 549 1895 621 τῆς

321 637 462 691 κατά
484 636 546 689 τὸ
568 635 898 707 ἡγεμονικὸν
928 636 1135 708 βλάϐης
1166 636 1263 691 τοῦ
1294 637 1571 707 λέγοντος,
1605 640 1639 712 ἢ
1669 642 1894 698 αὐτοκί-

318 729 479 799 νητός
519 745 605 793 τις
647 729 793 801 ὁρμὴ
835 728 932 783 τοῦ
974 728 1139 801 δῆθεν
1171 731 1645 803 προφητεύοντος,
1700 736 1760 803 ἐξ
1792 737 1897 807 ἁγ-

318 822 526 893 χινοίας
576 821 705 893 περί
748 838 914 876 τινων
961 823 1208 892 φυσικῶς
1253 823 1397 879 κατὰ
1422 824 1581 894 λόγον
1611 825 1702 881 διὰ
1728 829 1897 883 πολυ-

317 914 541 986 πειρίαν
567 914 1011 986 τεκμαιρομένου
1038 916 1415 988 πραγμάτων,
1467 918 1502 989 ἢ
1534 918 1627 972 τοῦ
1657 921 1896 992 πονηροῦ

317 1008 412 1061 καὶ
476 1006 863 1078 δαιμονιώδους
921 1007 1231 1079 πνεύματος
1259 1051 1275 1076 ,
1340 1009 1542 1081 (260
1579 1012 1649 1081 α)
1708 1011 1897 1084 ὥσπερ

316 1101 377 1155 ἐν
406 1097 673 1170 Μοντανῷ
721 1100 815 1153 καὶ
846 1100 959 1163 τοῖς
996 1100 1189 1171 ἐκείνῳ
1221 1102 1628 1174 παραπλησίοις
1662 1104 1779 1158 ἐστὶ
1804 1120 1931 1177 τεοκ

317 1192 609 1265 ρατολογία
636 1193 697 1246 ιν
725 1192 1069 1265 προφητείας
1096 1193 1231 1249 εῖδει
1256 1195 1319 1250 τὸ
1344 1194 1660 1266 λεγόμενον,
1682 1197 1717 1269 ἢ
1738 1180 1898 1269 δόξης

314 1286 504 1341 ἕνεκεν
531 1288 698 1357 κενῆς
727 1288 842 1351 τοῖς
867 1286 1044 1342 ἄλλων
1072 1285 1233 1351 ἄλλος
1263 1286 1425 1359 τυχὸν
1455 1288 1776 1361 ἁϐρύνεται,
1809 1288 1898 1344 λέ-

315 1396 432 1449 γων
477 1395 539 1432 τε
591 1378 687 1432 καὶ
726 1378 1031 1450 πομπεύων
1077 1379 1225 1453 άπερ
1257 1380 1421 1446 αὐτὸς
1453 1380 1554 1435 ούκ
1579 1382 1894 1453 ἐγέννησεν,

315 1472 462 1543 ὑπὲρ
485 1472 579 1527 τοῦ
603 1471 989 1543 θαυμασθῆναι
1010 1473 1366 1545 ψευδόμενος,
1394 1474 1490 1530 καὶ
1513 1474 1725 1547 πατέρα
1745 1474 1898 1530 νόθον

311 1565 569 1636 ὀρφανῶν
597 1564 774 1636 λόγοιν
821 1566 917 1621 καὶ
959 1567 1251 1638 νοημάτων
1281 1568 1478 1623 ἑαυτὸν
1519 1568 1663 1641 ὑπὲρ
1686 1567 1783 1623 τοῦ
1811 1568 1898 1623 δό-

313 1658 403 1726 ξαι
427 1658 589 1728 σοφός
609 1676 694 1724 τις
723 1654 863 1715 εἶναι
902 1658 1309 1732 προϐάλλεσθαι
1347 1662 1450 1716 οὐκ
1475 1662 1891 1734 αἰσχυνόμενος.

313 1749 617 1822 Προφῆται
644 1754 753 1823 γάρ
767 1752 854 1817 β’,
878 1752 1047 1825 φησὶν
1074 1754 1103 1807 ό
1125 1753 1270 1817 θεῖος
1301 1753 1645 1818 ’Δπόστολος,
1675 1754 1714 1823 ἢ
1739 1754 1896 1823 τρεῖς

1996 556 2209 602 temere
2243 548 2425 603 solum
2475 550 2689 619 prolata
2736 566 2805 606 ex
2842 552 2981 607 vitio
3029 553 3375 624 principatus
3404 550 3573 606 animi

1995 640 2118 710 ejus
2175 641 2269 711 qui
2329 641 2599 713 loquitur,
2636 651 2733 699 aut
2809 655 2991 701 motus
3060 656 3399 715 spontaneus
3453 645 3575 710 ejus

1995 733 2259 791 videlicet
2318 737 2413 807 qui
2475 736 2807 807 prophetat,
2877 753 2945 792 ex
3013 736 3217 808 ingenii
3276 735 3575 808 sagacitate

1995 824 2066 881 de
2113 826 2409 881 multarum
2455 843 2642 883 rerum
2672 826 3016 898 experientia
3057 825 3211 880 docti
3244 825 3574 880 naturaliter

1995 916 2065 973 de
2115 917 2445 988 quibusdam
2492 917 2661 974 rebus
2698 915 3008 972 secundum
3063 915 3337 970 rationem
3390 915 3577 984 conje-

1994 1009 2224 1072 ctantis,
2265 1019 2362 1064 aut
2403 1024 2641 1079 nequam
2688 1017 2745 1064 et
2773 1006 3099 1063 daemoniaci
3145 1004 3396 1076 spiritus,
3433 1005 3577 1059 sicut

1997 1103 2055 1159 in
2086 1103 2348 1159 Montano
2376 1114 2435 1160 et
2457 1105 2579 1175 ejus
2604 1103 2883 1159 similibus
2902 1101 3053 1173 quod
3084 1098 3420 1172 praedicatur
3444 1113 3576 1168 pro-

1997 1197 2210 1269 digiosa
2244 1198 2426 1253 oratio
2458 1203 2544 1252 est
2577 1196 2882 1267 prepbetia:
2921 1195 3099 1250 forma
3121 1193 3344 1256 vestita,
3370 1201 3465 1247 aut
3506 1206 3576 1246 ne

1997 1291 2244 1363 gloriola:
2279 1306 2436 1346 vanae
2481 1290 2681 1345 alienis
2724 1290 2889 1354 alius,
2930 1296 3099 1359 prout
3138 1301 3299 1342 casus
3341 1285 3469 1347 fert,
3519 1298 3578 1338 se

1996 1391 2250 1449 exornet,
2274 1383 2510 1455 loquens
2537 1381 2828 1454 magniﬁce
2865 1392 3034 1452 atque
3070 1381 3289 1452 jactans
3311 1393 3434 1448 quae
3459 1376 3577 1447 ipse

1997 1494 2109 1533 non
2132 1475 2370 1548 peperit,
2391 1474 2773 1531 admirationis
2793 1472 3205 1531 commovenda
3224 1470 3397 1542 gratia
3426 1484 3580 1525 men—

1998 1571 2125 1635 dax,
2160 1585 2328 1641 quem
2380 1584 2492 1625 non
2536 1568 2745 1639 pudeat
2792 1577 3009 1640 patrem
3044 1550 3184 1622 “sese
3234 1563 3467 1619 nothum
3521 1569 3580 1616 et

1997 1658 2372 1716 adulterinum
2405 1657 2667 1714 orbarum
2699 1657 3011 1713 orationum
3047 1672 3113 1711 ac
3156 1653 3575 1725 cogitationum,

1998 1765 2061 1810 ut
2103 1755 2326 1826 sapiens
2366 1752 2569 1824 aliquis
2618 1768 2741 1809 esse
2792 1750 3071 1816 videatur,
3115 1755 3570 1821 repraesentasse.

311 1816 845 1911 ,ιὶιλὲι
870 1816 925 1899 όι
941 1816 1127 1899 ἄλλοι
1146 1816 1638 1915 διακρινέτωσακέ
1661 1816 1819 1906 ’ίίνες
1832 1816 1891 1899 δέ

1995 1816 2272 1919 Propheta
2304 1816 2615 1910 enim-duo,
2647 1846 2725 1901 ait
2752 1846 2975 1903 divinus
3002 1816 3320 1915 Apostolus,
3352 1842 3435 1898 uel
3461 1851 3568 1896 tres

311 1938 675 2009 τυγχάνουσιν
722 1938 774 1991 οἱ
819 1936 1011 2003 ἄλλοις
1064 1936 1305 2010 δηλονότι
1346 1938 1397 1992 oi
1425 1939 1487 1992 τὸ
1514 1937 1762 2009 χάρισμα
1791 1937 1892 2007 τῆς

308 2029 639 2102 διακρίσεως
678 2028 897 2101 ῑχοντες
938 2029 1054 2084 τῶν
1094 2031 1448 2103 πνευμάτων.
1500 2032 1685 2085 Δεῐται
1711 2028 1893 2084 τοίνυν

309 2122 347 2192 η
375 2121 477 2194 μὲν
500 2121 828 2195 προτρητεία,
862 2120 1048 2187 καθὼς
1070 2120 1231 2195 ἔφην,
1279 2122 1381 2194 τῆς
1419 2121 1747 2194 διακρίσεως
1784 2120 1895 2175 τῶν

310 2213 670 2284 πνευμάτων.
713 2213 800 2268 ἵνα
832 2212 1053 2284 γνωσθῇ
1088 2213 1187 2268 καὶ
1216 2212 1485 2286 πιστευθῇ
1516 2213 1613 2269 καὶ
1638 2212 1892 2286 ιγκριθῇ,

306 2307 375 2364 τὸ
400 2307 459 2362 δὲ
497 2307 746 2380 χάρισμα
777 2307 889 2361 τῶν
912 2306 1177 2377 γλωσσῶν
1226 2307 1401 2362 δεῖται
1430 2304 1525 2361 τοῦ
1551 2306 1896 2379 χαρίσματος

302 2403 410 2481 τῆς
439 2400 770 2473 ἑρμηνείας,
824 2401 912 2455 ἵνα
949 2400 1026 2473 μὴ
1053 2400 1179 2473 δόξῃ
1212 2403 1327 2467 τοῖς
1359 2398 1631 2472 παροῦσιν
1661 2399 1691 2452 6
1716 2396 1895 2452 τοιοῦ-

307 2512 405 2561 τος
439 2494 767 2567 μαίνεσθαι,
822 2493 899 2567 μὴ
925 2494 1231 2566 δυναμένου
1262 2493 1411 2558 τινὸς
1442 2492 1555 2547 τῶν
1586 2490 1896 2546 ἀκουόντων

309 2588 800 2662 παρακολουθῆσαι
826 2592 940 2653 τοῖς
967 2588 1346 2660 λαλουμένοις.
1386 2584 1525 2639 Ἐὰν
1554 2583 1693 2655 τὰρ,
1729 2582 1898 2655 φησὶν

309 2684 342 2739 6
362 2683 538 2755 μέγας
566 2682 914 2747 Ἀπόστολος,
938 2681 1183 2738 λαλεῖτε
1206 2678 1537 2751 γλώσσαις,
1559 2676 1807 2745 εἰσέλθῃ
1829 2674 1897 2730 δέ

311 2791 401 2842 τις
426 2775 685 2842 ἄπιστος
709 2773 749 2843 ἢ
775 2773 1032 2843 ιδιώτης,
1063 2774 1175 2827 οὐκ
1199 2769 1449 2841 ἐροῦσιν
1474 2769 1563 2822 ὅτι
1577 2767 1897 2838 pals-eoae;

312 2866 426 2920 Kal.
462 2864 675 2921 κελεύει
706 2866 909 2938 μᾶλλον
943 2866 1157 2937 σιωπᾷν
1182 2863 1277 2918 τὸν
1303 2857 1573 2916 λαλοῦντα
1595 2857 1895 2929 γλώσσαις,

1994 1942 2300 2014 loquantur,
2339 1951 2388 1996 et
2406 1941 2596 2001 ueteri
2627 1939 2914 2011 diiudicent
2939 1941 2986 1993 ⁸.
3011 1937 3247 2005 Quinam
3278 1950 3413 1991 vero
3442 1944 3573 1990 sunt

1992 2031 2214 2089 caeteri?
2247 2031 2509 2087 nimirum
2542 2030 2621 2086 illi
2642 2030 2736 2101 qui
2761 2028 3244 2102 diiudicandorum
3279 2026 3578 2097 spirituum

1991 2127 2225 2199 gratiam
2272 2124 2503 2181 habent.
2559 2123 2748 2195 Itaque
2799 2122 3113 2194 prophetia,
3167 2120 3253 2177 uti
3299 2119 3574 2183 dicebam,

1991 2234 2133 2292 opus
2155 2217 2324 2274 habet
2340 2226 2403 2272 ut
2422 2216 2656 2288 spiritus
2678 2215 2932 2289 judicare
2952 2214 3149 2286 possit,
3186 2224 3248 2269 ut
3272 2226 3575 2284 cognosca-

1994 2320 2087 2366 tur
2126 2320 2186 2367 et
2221 2309 2486 2365 credatur
2532 2318 2589 2365 et
2646 2307 3010 2379 approbetur,
3050 2307 3364 2377 linguarum
3391 2312 3576 2360 autem

1994 2403 2169 2475 gratia
2208 2418 2351 2474 opus
2392 2401 2563 2458 habet
2610 2400 3093 2472 interpretationis
3122 2399 3324 2470 gratia,
3378 2414 3449 2453 ne
3494 2397 3580 2452 eis

1995 2496 2091 2567 qui
2131 2494 2337 2552 adsunt
2373 2494 2648 2568 eiusmodi
2691 2493 2938 2551 insanire
2977 2494 3255 2559 videatur,
3304 2509 3433 2549 cum
3475 2509 3577 2549 au-

1993 2586 2265 2642 dientium
2332 2602 2498 2643 nemo
2569 2585 2790 2656 assequi
2854 2586 3003 2643 dicta
3056 2586 3256 2656 possit.
3306 2585 3449 2640 Nam
3507 2584 3576 2647 si.

1995 2694 2230 2750 magnus
2261 2678 2445 2749 inquit
2470 2679 2790 2749 Apostolus,
2825 2678 3024 2751 linguis
3065 2680 3380 2751 loquamini,
3419 2678 3579 2732 intret

1996 2780 2173 2828 autem
2212 2774 2328 2844 quis
2373 2771 2626 2841 inﬁdelis,
2655 2772 2736 2826 vel
2773 2772 2960 2836 idiota,
3006 2789 3182 2826 nonne
3224 2772 3397 2827 dicent
3439 2769 3581 2841 quod

1995 2865 2241 2922 insanitis
2270 2865 2297 2906 δ
2319 2865 2343 2918 ?
2366 2865 2546 2935 Atque
2593 2864 2831 2934 imperat
2864 2863 3049 2934 potius
3077 2871 3139 2918 ut
3170 2872 3350 2919 taceat
3376 2861 3581 2933 linguis

309 2958 408 3014 ἐὰν
458 2957 536 3031 μὴ
656 2960 687 3014 6
718 2958 1114 3031 διερμηνεύων.
1152 2957 1229 3012 Τὸ
1255 2955 1313 3010 δὲ
1349 2975 1369 3008 ι
1399 2953 1545 3027 Πρὸς
1571 2951 1846 3024 διάκρισιν
1873 2972 1892 3005 ι

1997 2959 2249 3029 loquens,
2283 2956 2390 3013 nisi
2413 2955 2586 3013 fuerit
2609 2956 2703 3028 qui
2735 2956 3159 3026 interpretetur.
3197 2953 3354 3021 Quod
3391 2968 3578 3009 autem

308 3049 481 3121 φάναι
530 3051 625 3105 τὸν
665 3050 990 3106 διδάσκαλον
1046 3067 1067 3103 t
1099 3048 1197 3103 τοῦ
1242 3045 1547 3119 βελτίονος,
1575 3063 1594 3098 ι
1649 3044 1816 3113 φασὶν
1845 3044 1897 3097 οί

2004 3051 2114 3107 «ad
2158 3049 2642 3113 discernendum,»
2694 3049 2835 3104 dixit
2872 3048 3150 3119 magister,
3190 3062 3467 3118 «quamam
3507 3045 3580 3102 sit

305 3147 425 3209 τοῖς
469 3143 637 3209 Θείοις
687 3144 780 3199 τδν
824 3143 951 3198 νοῦν
1000 3141 1488 3213 καταφωτίσαντες
1519 3139 1701 3208 λόγοις
1726 3137 1895 3207 ὑπερ-

1996 3144 2401 3214 praestantior,¢
2434 3158 2670 3213 quorum
2696 3158 2854 3198 mens
2873 3140 3060 3197 divina
3084 3139 3338 3195 doctrina
3368 3138 3579 3195 illumi-

306 3236 457 3309 ἐχειν
506 3235 569 3290 τὸ
610 3235 713 3307 τῆς
740 3237 1079 3308 προφητείας
1126 3235 1225 3290 κοιλ⁵
1260 3232 1322 3288 τὺ
1349 3232 1461 3287 τῶν
1488 3229 1754 3302 γλωσσῶν
1781 3228 1896 3301 χά-

1995 3244 2125 3292 nata
2145 3246 2251 3303 est,
2280 3238 2316 3294 ii
2347 3246 2609 3309 praestare
2625 3237 2819 3293 dicunt
2846 3236 3154 3309 prophetia:
3176 3245 3341 3307 atque
3363 3235 3578 3307 lingua-

310 3349 486 3407 ρισμα
510 3333 622 3389 τῶν
644 3329 721 3390 ὧν
746 3333 887 3407 πρδς
906 3333 1183 3404 διάκρισιν
1204 3348 1265 3387 τε
1293 3332 1390 3387 καὶ
1415 3328 1749 3400 διασάφησιν
1766 3326 1896 3399 χρῄο

1996 3345 2119 3385 rum
2154 3330 2386 3401 gratiam
2411 3330 2483 3386 iis
2505 3331 2701 3403 gratiis
2738 3330 2945 3401 quibus
2968 3328 3034 3384 ad
3059 3327 3489 3386 discernendum
3522 3337 3581 3383 et

306 3426 463 3492 ζουσι
513 3427 916 3499 χαρισμάτων,
979 3426 1228 3481 τουτέστι
1274 3424 1378 3495 τῆς
1416 3422 1740 3495 διακρίσεως
1782 3419 1893 3474 τῶν

1995 3424 2380 3494 explicandum
2408 3440 2551 3497 opus
2581 3424 2809 3485 habent.
2835 3424 2941 3481 hoc
2970 3433 3056 3480 est
3091 3421 3443 3479 discernendi
3469 3421 3583 3492 spi-

302 3520 639 3593 πνευμάτων
678 3521 775 3576 καὶ
804 3522 907 3591 τῆς
936 3518 1258 3592 ἑρμηνείας.
1284 3518 1467 3591 Ὅπερ
1498 3515 1659 3580 εἰδὼς
1687 3516 1716 3570 6
1746 3513 1892 3569 διδά-

1995 3516 2136 3572 ritus
2168 3525 2226 3572 et
2256 3516 2679 3588 interpretandi.
2707 3517 2865 3586 Quod
2896 3516 3208 3588 intelligens
3234 3515 3430 3571 doctor
3457 3514 3535 3571 ait
3561 3532 3575 3569 :

307 3614 508 3680 σκαλος
538 3614 666 3689 ἔφη,
708 3634 727 3668 ι
752 3615 898 3688 Πρδς
926 3614 1201 3688 διάκρισιν
1233 3611 1329 3668 τοῦ
1359 3609 1683 3684 βελτίονος.ι

1998 3623 2018 3657 ι
2067 3606 2151 3663 Ad
2212 3606 2641 3665 discernendum
2706 3624 2957 3681 quamam
3014 3608 3368 3680 praestantior
3414 3608 3507 3665 sit.
3553 3626 3573 3660 ι

311 3798 431 3859 Τοῦ
455 3800 664 3870 αὐτοῦ,
715 3801 787 3857 ἐκ
830 3802 938 3857 τοῦ
982 3803 1069 3869 εις
1105 3802 1335 3872 Ἥρωνα
1376 3799 1485 3856 τόν
1544 3799 1895 3869 φιλόσοφον

1995 3795 2274 3869 Ejusdem,
2322 3814 2387 3852 ea:
2429 3814 2673 3854 sermone
2703 3800 2760 3853 in
2809 3799 3071 3855 Heronem
3101 3798 3487 3872 philosophum,
3521 3801 3578 3857 in

376 3892 590 3965 λόγου,
619 3897 707 3962 εἰς
741 3894 833 3950 τό·
866 3912 886 3949 ι
925 3894 1290 3966 Συμόἁματα
1346 3892 1447 3949 καὶ
1498 3889 1894 3963 nupturva-

2135 3888 2271 3943 illud
2297 3905 2317 3945 :
2358 3909 2377 3942 ι
2416 3888 2765 3962 Symbamata
2806 3900 2856 3946 et
2885 3891 3381 3963 parasymbamata.
3410 3910 3430 3944 ι

371 4005 534 4059 ματα
567 3988 701 4059 (67).
737 4007 756 4041 ι

379 4077 656 4150 Σύμϐαμά
692 4080 810 4133 ἐστι
851 4076 997 4133 κατὰ
1037 4076 1465 4150 γραμματικοὺς
1521 4077 1790 4150 πρότασις
1832 4074 1894 4141 ἐξ

2060 4061 2359 4138 Symbama
2391 4066 2699 4123 secundum
2745 4070 3137 4141 grammaticos
3166 4080 3255 4128 est
3274 4072 3579 4144 propositio

304 4173 571 4245 ὀνόματος
619 4174 715 4239 καὶ
754 4174 998 4245 ῥήματος
1048 4172 1316 4243 αὐτοτελῆ
1365 4172 1608 4229 διάνοιαν
1653 4170 1895 4243 ἀπαρτίο

1995 4173 2065 4215 ex
2108 4159 2336 4216 nomine
2380 4170 2439 4217 et
2488 4161 2661 4217 verbo
2704 4163 3018 4220 absolutam
3066 4165 3399 4222 sententiam
3441 4182 3578 4222 con-

306 4268 498 4334 ζουσα,
525 4268 711 4341 (260
743 4267 795 4335 6)
828 4261 959 4334 οἷον,
992 4284 1012 4319 ι
1046 4266 1302 4333 Ἰωάννης
1327 4248 1676 4338 supinant.»
1708 4265 1894 4337 Παραι-

1998 4254 2214 4323 liciens,
2264 4264 2325 4312 ut
2375 4258 2692 4328 exemplum
2738 4257 2990 4325 alteram,
3044 4275 3065 4309 ι
3098 4258 3338 4316 Joannes
3388 4260 3581 4316 deam-

310 4357 581 4430 σύμσαμα
611 4357 670 4415 δά
698 4358 817 4411 ιστι
845 4355 1111 4428 πρότασις
1138 4355 1198 4423 ιε
1225 4354 1491 4426 ὀνόματος
1521 4356 1620 4410 καὶ
1645 4354 1892 4427 ῥήματος

1995 4349 2171 4406 hulat.
2205 4369 2225 4404 ι
2276 4351 2703 4421 Parasymbama
2750 4359 2937 4407 autem
3004 4360 3092 4408 est
3142 4353 3455 4424 propositio
3512 4371 3581 4410 ex

305 4449 412 4504 οὐκ
455 4445 718 4518 αὐτοτελῆ
769 4445 1012 4501 διάνοιαν
1056 4444 1460 4516 άπαρτίζουσα,
1503 4439 1618 4497 οἷον
1667 4443 1893 4517 Ἰωάννῃ

1995 4446 2221 4500 nomine
2264 4454 2322 4501 et
2373 4446 2545 4502 verbo
2592 4462 2704 4501 non
2750 4447 3060 4502 absolutam
3110 4448 3411 4506 conﬁciens
3456 4466 3582 4507 sen-

313 4539 486 4613 μέλει.
525 4557 547 4591 ι
582 4539 765 4610 Φὴσας
789 4533 885 4591 οὖν
911 4553 1017 4601 τις.
1053 4553 1074 4588 ι
1115 4536 1371 4608 Ἰωάννης
1400 4535 1713 4605 περιπατεῖ,
1750 4552 1771 4586 ι
1799 4534 1893 4587 οὐ-

506 4590 1216 4705 ιτέρουνχρῄζεινψξδειξεν
1244 4646 1260 4662 ο
1299 4590 1580 4692 εθίπὼνιδὲ,
1603 4646 1622 4680 ι
1670 4590 1894 4699 ’ίωάννῃ
1926 4590 1971 4647 D

313 4725 525 4799 μέλει,ι
559 4724 692 4796 περὶ
715 4724 863 4787 τίνος
894 4722 1043 4794 αὐτῷ
1084 4722 1239 4796 μέλη
1270 4720 1603 4795 παρθειῷεν
1625 4721 1823 4776 εἰπεῖν.

313 4994 432 5054 Τοῦ
459 4995 649 5054 αὐτοῦ
688 4996 760 5051 ἐκ
789 4996 899 5052 τοῦ
942 4997 1031 5062 εἰς
1074 4994 1185 5051 τὸν
1216 4995 1389 5066 ἅγιον
1416 4994 1741 5051 Βασίλειον
1763 4994 1892 5051 ἐπι-

378 5090 621 5159 ταφίου,
657 5092 746 5156 εὶς
774 5089 861 5143 τό·
898 5107 917 5140 ι
966 5090 1088 5142 Ἐπ’
1123 5087 1375 5154 οὐδενὸς
1406 5082 1522 5144 οὖν
1546 5086 1670 5142 τῶν
1700 5086 1893 5143 ἀπάν-

378 5199 501 5237 των
517 5183 631 5237 οὐκ
654 5184 827 5238 ἔστιν
849 5182 943 5252 ἐφ’
972 5181 1087 5251 ὅτῳ
1110 5181 1247 5251 οὐχι
1278 5180 1398 5237 τῶν
1414 5179 1698 5236 ἁπάντων
1718 5180 1853 5254 (68).
1867 5198 1888 5235 ι

385 5362 511 5417 Ὀτι
545 5362 675 5418 ποτέ
699 5379 785 5427 τις
818 5361 1142 5435 ἀποδέχεται
1170 5362 1281 5418 τῶν
1313 5363 1515 5431 καλῶν,
1567 5364 1690 5421 κατ’
1717 5365 1895 5420 ἐκεῖνο

382 5477 410 5518 ⁸
442 5476 461 5533 1
506 5476 633 5535 Cor.
676 5496 787 5547 xxv,
818 5480 909 5537 29.
978 5479 1005 5521 ιι
1031 5482 1169 5538 ibid.
1196 5482 1288 5538 ΞΑ.

1996 4535 2251 4600 tentiam,
2286 4544 2368 4599 ut,
2411 4554 2429 4588 ι
2462 4537 2659 4592 Joanni
2691 4552 2842 4592 cura:
2873 4547 2980 4593 est.
3026 4557 3046 4591 ι
3079 4538 3270 4610 Itaque
3294 4557 3420 4597 cum
3455 4544 3581 4613 quis

1997 4624 2173 4681 dicit:
2211 4644 2229 4679 ι
2257 4625 2500 4683 Joannes
2527 4626 2866 4692 deambulat,
2901 4646 2921 4680 ι
2954 4629 3113 4683 nullo
3141 4630 3252 4684 alio
3280 4648 3406 4685 eum
3441 4648 3582 4702 opus

2007 4716 2216 4773 habere
2239 4724 2533 4783 monstrat,
2568 4733 2695 4773 cum
2723 4728 2933 4785 autem,
2965 4738 2983 4773 ι
3012 4720 3213 4777 Joanni
3254 4738 3404 4780 cura:
3443 4735 3529 4781 est
3554 4746 3574 4778 ι

1997 4810 2133 4883 quid
2182 4811 2235 4869 ei
2278 4826 2425 4869 cura:
2470 4810 2545 4868 sit
2598 4810 2784 4869 dicere
2824 4814 3030 4871 omisit.

1992 4994 2251 5068 Ejusdem
2295 5011 2360 5050 ea:
2398 4995 2606 5067 funebri
2638 4997 2694 5051 in
2742 5006 2987 5052 sanctum
3015 4996 3275 5053 Basiliam
3316 5002 3576 5067 oratione,

2063 5090 2121 5144 in
2162 5088 2299 5143 illud
2332 5105 2352 5145 :
2378 5108 2397 5141 ι
2434 5090 2496 5145 In
2531 5090 2685 5147 nulla
2724 5093 2886 5163 igitur
2931 5108 2986 5146 re
3020 5108 3085 5146 ea:
3132 5094 3373 5149 omnibus
3418 5097 3580 5150 aliter

2067 5181 2258 5237 accidit
2310 5182 2438 5253 quin
2489 5184 2873 5240 incrementum
2921 5202 2986 5241 ea:
3042 5202 3101 5240 eo
3148 5187 3286 5258 quod
3334 5188 3580 5244 laudetur

2066 5274 2311 5344 accipiat.
2354 5292 2372 5325 ι

2065 5364 2223 5432 Quod
2264 5365 2389 5437 quis
2421 5365 2714 5423 honestum
2762 5369 2980 5441 recipit,
3029 5387 3128 5443 pro
3157 5373 3481 5428 eoomnino
3519 5381 3577 5430 et

1636 5553 1875 5611 VARUS
1912 5551 2315 5611 LECTIONES.

387 5618 436 5652 ⁸¹
460 5618 845 5693 Apographum
880 5622 1046 5679 habet
1070 5623 1495 5700 προφερόμενος.

388 5740 500 5820 (67)
516 5740 681 5820 ρης.
705 5740 960 5820 Nonianz.
984 5741 1135 5820 Ora}.
1155 5747 1217 5820 in
1250 5744 1510 5820 Heronem
1537 5744 1735 5820 Ijhilos.
1762 5763 1879 5820 cap.

323 5808 450 5884 (λιι.
478 5812 601 5869 458.
631 5808 764 5871 tom.
799 5813 818 5869 l
864 5812 1002 5886 Opp.
1032 5814 1122 5872 ed.
1154 5816 1356 5875 Bencd.
1389 5818 1515 5891 (260
1544 5817 1630 5890 Β.)

2059 5741 2160 5818 68),
2209 5744 2410 5818 ldcm._
2445 5744 2537 5801 0r.
2595 5746 2817 5818 funebr,
2877 5749 2928 5802 in
2992 5747 3247 5818 Magnum
3309 5743 3573 5805 Basilium

1988 5832 2106 5888 cap.
2140 5815 2290 5888 1.,p.
2319 5816 2439 5873 770.
2474 5815 2609 5873 tom.
2637 5818 2657 5875 ι
2683 5817 2822 5890 Opp.
2860 5818 2951 5877 ed.
2977 5815 3185 5876 Bened.
