4080 6282
151 351 162 358 ’
253 352 391 418 1409

1463 338 1980 403 AMBIGUORUM
2024 343 2271 406 LIBER.

3370 354 3507 421 1410

250 463 519 535 πεπηγὼς
556 462 872 516 παντάπασι
908 458 1006 513 καὶ
1038 455 1435 527 duim-rogati
1466 456 1567 525 τὴν
1607 452 1827 507 πάντων

1937 457 2303 523 superaverit,
2327 458 2552 529 jamque
2582 460 2637 515 in
2673 476 2732 518 se
2777 462 2895 532 ipsa
2929 472 3073 528 stet,
3124 465 3229 520 fixa
3273 480 3510 536 prorsus

248 557 521 619 διάϐασιν,
558 552 865 626 τηνικαῦτα
897 551 997 623 τὴν
1034 551 1187 605 θείαν
1210 549 1440 610 δεόντως
1481 544 1829 603 ἐπικαλεῖται

250 649 467 718 σοφίαν,
497 649 597 720 τὴν
616 648 788 711 ὅντως
812 663 872 699 τε
898 645 994 699 καὶ
1024 641 1241 713 ἀληθῶς
1271 641 1451 712 (261
1482 639 1537 702 bi
1564 638 1710 697 κατά
1730 638 1836 707 τὴν

249 740 455 807 γνῶσιν
483 738 823 808 ἀδιεξίτητον
846 735 1106 801 ἄϐυσσον,
1131 732 1317 803 φωνὴν
1338 730 1489 802 αὑτῷ
1511 730 1695 787 δοῦναι
1720 729 1830 783 τῶν

250 832 413 884 θείων
443 829 868 904 καταρρακτῶν,
925 827 1040 880 ἀλλ’
1078 826 1179 879 οὐκ
1216 825 1417 888 αὐτοὺς
1466 823 1593 886 τοὺς
1623 822 1831 892 καταρ-

255 923 489 992 ρἀτας,
529 924 667 993 ὅπερ
698 922 848 974 ἐστὶν
878 918 1121 991 ἔμφασίν
1165 934 1290 972 τινα
1319 916 1557 978 πίστεως
1591 931 1830 982 γνωστι-

250 1019 358 1089 κὴν
387 1018 497 1071 τῶν
524 1018 656 1089 περὶ
681 1017 743 1070 τὸ
775 1017 886 1070 πᾶν
916 1018 1014 1085 τῆς
1044 1015 1196 1077 θείας
1237 1010 1497 1084 προνοίας
1521 1009 1743 1081 τρόπων
1768 1024 1829 1061 τε

249 1116 344 1171 καὶ
396 1114 573 1185 λόγων
626 1112 797 1168 αἰτῶν
855 1109 1239 1175 ὑποδέξασθαι,
1282 1108 1351 1162 δι’
1394 1102 1463 1179 ἦς
1524 1104 1829 1175 μνησθῆναι

249 1206 544 1278 δονήσεται
561 1204 657 1259 τοῦ
687 1204 824 1259 Θεοῦ
843 1206 906 1257 ὲκ
925 1202 1030 1274 γῆς
1066 1201 1329 1273 Ἰορδάνου
1353 1200 1449 1254 καὶ
1488 1197 1825 1269 Ἐρμονιεὶμ,

250 1302 313 1355 ἐν
412 1300 512 1371 τῆς
545 1298 697 1362 θείας
720 1296 855 1368 πρὸς
871 1295 1191 1368 ἀνθρώπους
1209 1292 1304 1347 τοῦ
1328 1291 1466 1346 Θεοῦ
1494 1291 1668 1360 Λόγου
1698 1306 1830 1358 συγ-

250 1388 610 1451 καταϐἀσεως
638 1387 700 1441 τὸ
736 1387 880 1458 μέγα
907 1386 1003 1440 καὶ
1033 1383 1263 1456 φρικτὸν
1289 1383 1378 1438 διά
1412 1381 1611 1454 σαρκὸς
1645 1379 1829 1435 ὲτεὶέ·

252 1478 359 1553 σθη
390 1484 709 1552 μυστήριον,
738 1480 797 1533 ἑν
820 1471 864 1547 ᾧ
888 1478 987 1548 τῆς
1010 1480 1092 1539 είς
1109 1478 1245 1532 Θεδν
1270 1475 1551 1540 εὐσεϐείας
1579 1474 1826 1546 ἐδωρήθη

248 1575 369 1637 τοῖς
398 1570 710 1643 ἀνθρώποις
733 1570 796 1624 τὸ
828 1568 1049 1640 ἀληθὲς,
1074 1570 1212 1641 ὅπερ
1239 1568 1330 1622 διά
1359 1566 1423 1620 τὸ
1458 1566 1637 1622 πᾶσαν
1674 1564 1831 1621 ἐκϐε-

251 1665 485 1736 ϐηκέναι
515 1663 735 1735 φύσεως
753 1662 908 1729 τάξιν
937 1662 1035 1715 καὶ
1063 1660 1316 1732 δύναμιν
1346 1657 1427 1730 τῷ
1457 1657 1556 1730 μιν
1582 1657 1714 1729 θείῳ
1736 1657 1829 1711 καὶ

249 1758 353 1828 τῆς
388 1756 541 1819 θείας
575 1755 751 1827 μύστῃ
771 1770 838 1808 τε
871 1753 968 1808 καὶ
1007 1752 1353 1824 μυσταγωγῷ
1385 1748 1828 1823 κρυφιογνώστου

255 1811 451 1918 σόφίας
486 1811 687 1917 Habitu)
823 1811 1044 1917 μεγάλω
1074 1811 1362 1913 ἀποστόλίρ
1396 1811 1828 1913 μωρίαῶνομά-
1861 1811 1905 1868 Β

255 1938 359 2010 σθη
384 1935 521 1992 Θεοῦ
550 1936 646 1991 καὶ
673 1934 948 1997 ἀσθένεια,
972 1934 1060 1987 διὰ
1080 1933 1178 2004 τὴν
1209 1930 1657 2005 ὑπερϐάλλουσαν
1675 1926 1829 2001 οῐμαι

255 2031 454 2101 σοφίαν
490 2029 586 2085 καὶ
611 2027 862 2099 δύναμιν·
888 2025 965 2099 τῷ
990 2026 1048 2081 δὲ
1086 2026 1337 2098 θεόφρονι
1367 2025 1590 2098 μεγάλῳ
1619 2027 1830 2097 Γρηγο-

255 2126 359 2198 ρίῳ
384 2124 636 2193 παίγνιον
658 2119 1105 2193 προσηγορεύθη,
1138 2119 1227 2174 διά
1257 2119 1356 2190 τὴν
1385 2118 1831 2191 ὑπερϐάλλουσαν

252 2217 539 2290 φρόνησιν.
583 2216 645 2269 Ὀ
676 2215 775 2285 μὲν
804 2214 913 2284 γάρ
959 2228 1115 2284 φησι.
1169 2211 1241 2267 Τὸ
1283 2211 1488 2282 μωρὸν
1530 2210 1637 2265 τοῦ
1681 2208 1831 2264 Θεοῦ

251 2309 601 2381 σοφώτερον
647 2306 770 2362 τῶν
797 2307 1124 2377 ἀνθμῦπων
1150 2304 1304 2364 ἐστὶ.
1348 2302 1451 2360 καί
1477 2302 1544 2359 τὸ
1574 2301 1831 2367 ἀσθενὲς

251 2404 362 2459 τοῦ
393 2402 541 2458 Θεοῦ
569 2401 965 2471 ἰσχυρότερον
987 2398 1107 2454 τῶν
1138 2395 1465 2466 ἀνθρώπων
1493 2396 1625 2451 ἐστι
1646 2412 1660 2426 ο
1695 2397 1724 2450 ὁ
1750 2395 1827 2452 δέ.

252 2495 453 2559 Παίζει
477 2496 586 2567 γὰρ
613 2496 798 2566 λόγος
818 2492 1001 2561 αἰπὺς
1036 2494 1106 2547 ἐν
1143 2490 1335 2547 ειδεσι
1367 2488 1830 2555 παντοδαποῖσι,

258 2592 483 2662 Κρίνας
514 2589 594 2656 ὡς
616 2587 814 2645 ἐθέλοι
838 2584 1073 2658 κόσμον
1092 2586 1198 2640 ἐὸν
1216 2585 1362 2641 ἔνθα
1382 2584 1482 2639 καί
1506 2583 1652 2638 ἔνθα
1671 2598 1687 2614 ο

254 2681 515 2752 ἑκάτερος
567 2682 638 2751 τῇ
697 2678 952 2750 στερήσει
1020 2674 1132 2728 τῶν
1182 2674 1312 2745 παρ’
1344 2674 1478 2743 ἡμῖν
1525 2670 1831 2742 κρατίστων

255 2775 464 2829 θέσεων
491 2771 590 2844 τὴν
611 2771 763 2825 θείαν
775 2768 1179 2839 ἐνδεικνύμενος
1199 2764 1331 2833 ἕξιν,
1358 2764 1455 2821 καὶ
1478 2768 1597 2829 ταῖς
1619 2763 1831 2834 ἀποφά-

259 2884 379 2923 σεσι
405 2866 515 2921 τῶν
529 2868 558 2921 1‘.
570 2864 811 2936 μετέρων
829 2862 1148 2933 ποιούμενος
1170 2860 1265 2933 τὴν
1285 2859 1390 2913 τῶν
1412 2857 1570 2915 θείων
1584 2857 1833 2927 κατάφα-

255 2976 364 3017 σιν.
390 2957 589 3033 Μωρία
617 2957 729 3029 γὰρ
752 2955 882 3029 παρ’
910 2958 943 3027 ἡ
953 2958 1043 3027 μίν
1062 2953 1155 3008 καὶ
1180 2952 1436 3007 ἀσθένεια
1465 2952 1559 3006 καὶ
1584 2951 1833 3019 παίγνιον

256 3053 545 3126 στερήσεις
574 3051 734 3118 εἰσὶν,
771 3050 805 3122 ἡ
847 3049 947 3120 μὲν
971 3046 1188 3115 σοφίας,
1221 3047 1255 3118 η
1281 3046 1339 3102 δὲ
1366 3044 1674 3116 δυνάμεως,
1709 3045 1743 3113 ἡ
1773 3042 1830 3097 δὲ

1932 555 2101 617 atque
2133 548 2456 617 immobilis,
2484 551 2555 606 ob
2587 562 2788 609 cuncta
2821 557 3069 626 trajecta,
3112 566 3228 612 tum
3265 558 3509 614 divinam

1932 642 2250 697 necessario
2280 643 2543 700 invocare
2568 646 2921 715 sapientiam,
2968 649 3225 719 abyssum
3254 666 3378 719 quae
3419 666 3507 704 re-

1931 746 2064 787 vera
2096 748 2207 787 non
2234 735 2411 803 possit
2439 735 2757 806 cognitione
2790 738 3119 801 transcurri,
3174 748 3233 793 ut
3282 739 3389 794 sibi
3420 740 3508 795 di-

1931 825 2187 883 vinarum
2214 836 2622 885 eataractarum
2653 845 2850 886 vocem
2882 830 3017 885 dare
3048 830 3203 895 velit,
3238 847 3349 885 non
3380 848 3509 887 vero
3536 880 3537 883 η

1932 912 2080 983 ipsas
2109 924 2415 973 cataractas
2443 958 2458 981 ,
2516 920 2666 991 quod
2694 930 2781 976 est
2811 920 3276 991 significationem
3307 937 3509 992 quam-

1930 1005 2056 1060 dam
2093 1006 2221 1063 fidei
2251 1024 2361 1078 qua
2386 1009 2592 1067 divina:
2611 1012 2763 1067 circa
2790 1013 3113 1071 universum
3139 1014 3511 1070 Providentiae

1931 1097 2128 1155 modos
2153 1106 2213 1154 et
2251 1101 2497 1160 rationes
2541 1118 2836 1160 noscamus
2890 1105 3153 1173 precibus
3188 1106 3508 1175 impetrare,

1928 1206 2041 1261 qua
2079 1192 2177 1248 Dei
2208 1194 2527 1252 meminisse
2554 1202 2826 1267 queamus
2853 1214 2922 1255 ex
2958 1208 3106 1256 terra
3159 1200 3418 1257 Iordanis
3450 1210 3510 1257 et

1931 1281 2281 1341 llermoniim
2307 1296 2355 1351 ι,
2382 1287 2438 1347 in
2465 1304 2577 1358 qua
2602 1288 2804 1349 divinae
2835 1290 2933 1348 Dei
2969 1290 3257 1348 Sermonis
3294 1292 3364 1347 ad
3412 1293 3512 1347 ho-

1931 1375 2113 1432 mines
2145 1378 2637 1438 condescensiouis
2658 1397 2917 1453 magnum
2949 1392 3008 1439 et
3045 1382 3386 1438 horrendum
3411 1400 3512 1454 per

1929 1481 2151 1525 carnem
2186 1478 2273 1524 est
2301 1482 2748 1530 consummatum
2769 1474 3114 1546 mysterium,
3152 1476 3206 1529 in
3238 1491 3348 1546 quo
3380 1491 3512 1530 vera

1930 1559 2259 1618 hominibus
2292 1579 2424 1634 erga
2452 1564 2626 1621 Deum
2659 1566 2838 1636 pietas
2867 1567 3070 1636 donata
3094 1574 3200 1633 est,
3237 1584 3360 1638 qua:
3383 1584 3511 1623 cum

1929 1666 2152 1708 omnem
2172 1657 2659 1723 naturaiordinem
2684 1673 2749 1715 ac
2778 1668 3114 1728 potestatem
3134 1660 3511 1731 exsuperarit,

1930 1760 1962 1799 a
1993 1745 2183 1803 divino
2214 1756 2382 1819 atque
2411 1749 2617 1807 divinae
2649 1752 2937 1822 sapientia:
2982 1752 3274 1809 sacerdote
3311 1762 3370 1809 et
3412 1752 3515 1807 do-

1932 1845 2086 1897 ctore
2123 1843 2476 1901 occultorum
2524 1844 2830 1916 interprete
2880 1847 3077 1910 Paulo,
3129 1861 3333 1917 magno
3378 1861 3513 1917 apo-

1933 1931 2100 1997 stolo,
2145 1934 2391 1991 stultitia
2435 1936 2531 1992 Dei
2585 1947 2642 1993 et
2688 1938 3005 2003 infirmitas,
3052 1938 3125 1994 ob
3166 1938 3515 2008 superabun-

1931 2019 2192 2088 dantem,
2221 2034 2378 2095 puto,
2416 2026 2749 2098 sapientiam
2795 2043 2860 2084 ac
2904 2029 3193 2095 virtutem,
3232 2045 3263 2083 a
3313 2044 3513 2100 magno

1930 2124 2124 2171 contra
2160 2133 2225 2173 ac
2285 2119 2479 2179 divino
2529 2119 2804 2193 Gregorio
2856 2122 3016 2179 lusus
3082 2124 3360 2194 appellata
3402 2134 3510 2188 est,

1932 2207 2004 2267 ob
2042 2210 2593 2280 super-abundantem
2632 2215 3009 2284 prudentiam.
3060 2216 3158 2271 llle
3187 2216 3357 2281 enim,
3418 2216 3512 2269 Dei

1932 2301 2179 2367 stultum,
2258 2304 2464 2376 inquit.
2550 2306 2844 2378 sapientius
2887 2309 3199 2375 hominibus,
3247 2317 3295 2363 et
3363 2308 3516 2377 inﬁr-

1932 2411 2075 2449 mum
2116 2393 2216 2451 Dei
2269 2396 2457 2468 fortius
2507 2405 2586 2453 est
2620 2400 2912 2457 hominibus
2952 2401 2974 2439 ¹ι
3006 2417 3020 2455 :
3060 2400 3151 2456 hic
3174 2409 3367 2461 contra
3390 2401 3509 2456 ait:

1932 2483 2090 2540 Ludit
2143 2486 2283 2540 enim
2340 2503 2553 2541 summa
2602 2490 2741 2544 ratio
2806 2492 2863 2544 in
2908 2491 3222 2546 omnimodis
3279 2490 3511 2562 ﬁguris,

1932 2575 2232 2630 discernens
2278 2576 2513 2656 qualibet
2561 2579 2817 2634 mundum
2857 2597 3014 2636 suum
3062 2583 3182 2637 hinc
3217 2589 3266 2641 et
3312 2581 3461 2637 illirc
3494 2598 3515 2637 :
3609 2596 3614 2600 '

1933 2677 2170 2739 uterque
2203 2669 2540 2728 fortissimas
2569 2674 2777 2742 quibus
2806 2690 2911 2730 nos
2942 2675 3171 2742 utimur,
3210 2677 3517 2748 positiones

1932 2761 2188 2836 negando
2214 2762 2464 2819 divinum
2493 2764 2745 2819 habitum
2780 2765 3174 2824 demonstrans
3206 2807 3222 2833 ,
3288 2780 3511 2824 nostro—

1934 2870 2169 2926 rumque
2218 2856 2615 2927 negationibus
2665 2856 2855 2915 divina
2908 2858 3209 2917 afﬁrmans.
3268 2860 3517 2917 Stultitia

1932 2948 2085 3003 enim
2119 2956 2176 3004 et
2212 2948 2507 3011 infirmitas
2534 2958 2590 3006 et
2622 2950 2779 3011 lusus
2829 2950 2977 3024 apud
3024 2966 3128 3008 nos
3172 2952 3515 3022 privationes

1933 3050 2083 3107 sunt,
2122 3057 2232 3097 una
2270 3041 2498 3111 quidem
2534 3041 2822 3115 sapientia:
2855 3083 2872 3108 ,
2924 3043 3101 3099 altera
3140 3043 3513 3108 fortitudinis,

254 3150 596 3220 φρονήσεως,
623 3144 717 3199 ἐπὶ
745 3142 881 3197 Θεοῦ
909 3141 967 3197 δὲ
999 3138 1294 3211 λεγόμεναι
1316 3138 1510 3207 σοφίας
1535 3136 1648 3206 καὶ,
1667 3136 1829 3190 δυνάο

1937 3135 2101 3225 tertia
2150 3134 2459 3206 prudentia:
2483 3177 2499 3201 ,
2562 3136 2659 3193 sed
2697 3136 2765 3193 de
2826 3136 2939 3192 Deo
2977 3144 3262 3211 usurpatae
3303 3126 3513 3192 eaedem

257 3257 403 3312 μεως
431 3239 525 3293 καὶ
547 3238 868 3308 φρονήσεως
899 3232 1205 3305 ὑπερϐολὴν
1238 3231 1423 3303 σαφῶς
1450 3228 1827 3302 ὑποδηλοῦσιν.

256 3334 324 3387 Et
348 3351 400 3386 τι
450 3327 543 3388 οῦν
596 3330 726 3402 παρ’
761 3330 896 3400 ήμίν
948 3326 1093 3383 κατά
1144 3325 1402 3396 στέρησιν
1452 3322 1688 3391 λέγοιτο,
1738 3322 1832 3374 ἐπὶ

253 3425 393 3481 Θεοῦ
443 3424 734 3495 λεγόμενον
760 3423 877 3489 ἕξιν
906 3416 1206 3490 ὑποδηλοῦν
1242 3418 1463 3481 πάντως
1513 3412 1833 3484 ἐκδέχεσθαι

214 3576 217 3577 ,
253 3519 486 3584 δίκαιον,
514 3516 693 3571 καὶτὸ
738 3513 1003 3585 ἔμπαλιν,
1036 3512 1090 3566 εῐ
1114 3529 1168 3565 τι
1202 3510 1344 3566 κατά
1390 3505 1507 3573 ἕξιν
1538 3505 1625 3579 ἐφ’
1675 3504 1833 3575 ἡμῶν

253 3612 492 3683 λέγοιτο,
525 3609 710 3681 (262
745 3617 802 3677 α)
838 3607 931 3660 ἐπὶ
956 3604 1094 3659 Θεοῦ
1119 3603 1377 3676 στέρησιν
1419 3600 1507 3656 διά
1536 3600 1635 3673 τὴν
1668 3600 1836 3668 ὑπερ-

254 3706 389 3776 οχὴν
416 3702 740 3774 ἐκδέχεσθαι
764 3698 960 3771 δηλοῦν
990 3696 1466 3766 πρεπωδέστατον.
1491 3694 1560 3748 Δί
1586 3692 1697 3765 γὰρ
1725 3690 1834 3743 τῶν

254 3799 420 3852 θείων
458 3793 760 3867 ὑπερϐολαὶ
790 3792 884 3846 καὶ
914 3790 1056 3845 κατὰ
1095 3790 1353 3861 στέρησιν
1379 3787 1448 3842 δι’
1488 3783 1835 3854 ἀντιφάσεως

254 3892 548 3963 λεγόμεναι
579 3890 710 3961 παρ’
761 3886 919 3959 ημῶν
948 3884 1240 3940 ἀποδέουσι
1287 3880 1422 3935 πολὺ
1468 3880 1568 3951 τῆς
1599 3875 1835 3950 ἀληθοῦς

255 3988 381 4044 καθ’
406 3987 603 4042 ὃνείσι
636 3983 793 4052 λόγον
824 3979 1141 4053 ἐμφάσεως.
1174 3977 1237 4031 Ei
1263 3976 1323 4030 δὲ
1373 3973 1535 4033 τοῦτο
1570 3973 1714 4028 κατά
1743 3971 1834 4025 τὸν

256 4079 445 4135 εἰκότα
478 4077 636 4147 λόγον
668 4075 818 4130 ἐστὶν
871 4070 1073 4143 ἀληθὲς
1109 4070 1192 4143 (οὐ
1241 4068 1348 4141 γὰρ
1385 4064 1673 4139 συμϐαίνει
1718 4062 1834 4117 πώ-

256 4191 391 4230 ποτε
416 4173 488 4234 τὰ
537 4171 657 4225 θεῖα
702 4170 817 4232 τοίς
865 4161 1274 4235 ἀνθρωπίνοις),
1308 4162 1420 4233 ἀρα
1468 4158 1651 4231 μωρία
1695 4155 1836 4213 Θεοῦ

258 4268 353 4322 καὶ
383 4264 637 4322 ἀσθένεια
665 4264 809 4318 κατὰ
836 4261 927 4315 τὸν
958 4260 1116 4328 ἆγιον
1145 4256 1444 4312 ἀπόστολον
1473 4255 1710 4319 Παῦλον,
1741 4253 1837 4307 καὶ

259 4362 517 4430 παίγνιον
543 4357 680 4415 Θεοῦ
730 4355 874 4411 κατά
920 4351 1222 4425 Γρηγόριον
1270 4348 1364 4404 τὸν
1399 4346 1713 4419 θαυμαστὸν
1744 4347 1840 4400 καὶ

266 4454 444 4528 μέγαν
473 4448 817 4515 διδάσκαλον,
845 4446 908 4500 τὸ
936 4442 1236 4517 μυστήριόν
1261 4441 1379 4494 ἐστι
1409 4439 1516 4509 τῆς
1554 4438 1711 4528 θείας
1752 4439 1840 4528 ὲν·

1934 3214 2223 3300 sapieiitia:
2244 3238 2300 3287 et
2322 3228 2671 3301 fortitudinis
2704 3236 2763 3287 et
2808 3228 3122 3299 prudentia:
3163 3228 3514 3299 superabun-

1933 3320 2181 3377 dantiam
2221 3322 2369 3377 clare
2413 3322 2747 3394 significant.
2783 3322 2940 3393 Quod
2972 3322 3018 3380 si
3064 3322 3201 3394 quid
3232 3322 3379 3396 apud
3412 3338 3516 3378 nos

1934 3416 2206 3487 privative
2235 3416 2467 3483 dicitur,
2494 3418 2566 3473 de
2593 3419 2708 3473 Deo
2740 3427 3069 3495 usurpatum
3102 3418 3247 3474 idem
3282 3419 3510 3475 habitus

1937 3510 2414 3582 significationem
2454 3510 2662 3567 habere
2713 3512 2840 3583 jure
2886 3511 3401 3582 interpretabimur.
3450 3526 3516 3566 ac

1935 3619 2151 3667 rursus,
2190 3603 2239 3660 si
2263 3603 2399 3674 quid
2422 3603 2729 3661 secundum
2757 3603 3010 3661 habitum
3057 3603 3127 3658 de
3172 3604 3336 3660 nobis
3373 3603 3516 3659 dici-

1936 3705 2047 3763 tur,
2086 3694 2141 3750 id
2174 3695 2243 3751 de
2278 3696 2391 3753 Deo
2422 3706 2751 3768 usurpatum
2788 3696 2861 3753 ob
2897 3695 3262 3752 eminentiam
3305 3696 3512 3751 admit-

1936 3796 2055 3845 tere
2114 3789 2486 3859 privationem
2538 3791 2741 3846 docere
2791 3789 3032 3847 maxime
3077 3800 3516 3846 consentaneum

1935 3880 2063 3936 erit.
2104 3881 2430 3941 Divinorum
2461 3882 2611 3937 enim
2633 3882 3038 3953 exsuperantite
3067 3922 3082 3946 ,
3139 3890 3197 3937 et
3238 3881 3516 3952 privative

1935 3988 2037 4043 per
2068 3974 2567 4034 contradictionem
2603 3975 2750 4051 apud
2776 3990 2877 4031 nos
2924 3974 3087 4029 dicta:
3111 4014 3126 4039 ,
3172 3990 3204 4029 a
3239 3988 3376 4028 vero
3425 3989 3517 4028 se-

1938 4062 2185 4123 cundum
2218 4079 2383 4134 quam
2438 4063 2553 4120 sint
2595 4064 2871 4121 rationem
2926 4063 3240 4136 signiﬁcatu
3279 4062 3519 4117 multum

1937 4156 2163 4215 absunt.
2202 4156 2362 4225 Quod
2384 4156 2454 4219 si.
2485 4157 2568 4219 uti
2601 4157 2847 4221 videtur,
2872 4172 3068 4214 verum
3100 4165 3188 4212 est
3213 4158 3518 4228 (nusquam
3566 4225 3581 4229 η

1937 4250 2087 4305 enim
2121 4249 2313 4306 divina
2346 4258 2669 4323 congruunt
2695 4266 2821 4306 eum
2850 4250 3163 4319 humanis),
3213 4264 3345 4321 ergo
3382 4250 3523 4305 stul-

1942 4343 2062 4400 titia
2095 4344 2193 4401 Dei
2237 4353 2295 4400 et
2326 4344 2627 4405 inﬁrmitas
2654 4344 2963 4401 secundum
2992 4354 3247 4400 sanctum
3273 4354 3522 4415 aposto-

1941 4436 2058 4489 lum
2087 4436 2343 4501 Paulum,
2379 4446 2437 4493 et
2468 4438 2630 4493 lusus
2662 4437 2760 4493 Dei
2801 4437 3105 4493 secundum
3132 4435 3524 4492 admirandum

263 4512 696 4617 ἀνθρωπήσεως.
742 4512 817 4602 ὡς
847 4512 1031 4608 πάσης
1062 4512 1279 4603 φῦσεως
1320 4526 1607 4599 δυνάμεώς
1653 4544 1715 4581 τε
1744 4526 1837 4579 καὶ

1942 4537 2003 4582 et
2049 4543 2311 4597 magnum
2345 4528 2631 4584 doctorem
2668 4528 3036 4599 Gregorium,
3091 4528 3294 4584 divina:
3343 4529 3527 4585 incar-

185 4645 193 4650 “
262 4637 551 4711 ἐνεργείας
598 4635 782 4689 πᾶσαν
836 4626 1177 4700 ὑπερουσίως
1206 4619 1510 4691 ἐκϐεϐηκὸς
1547 4617 1701 4684 τάξιν
1746 4618 1845 4671 καὶ⁵

262 4733 558 4808 ἁρμονίαν,
592 4732 732 4802 ὅπερ
752 4727 1027 4799 πνεύματι
1065 4721 1197 4791 θείῳ
1230 4716 1516 4792 πόρρωθεν
1550 4714 1695 4771 κατά
1720 4712 1844 4808 νοῦν

265 4801 605 4897 θεασάμενος
631 4801 726 4877 καί
761 4818 990 4893 μυηθεὶς
1018 4818 1048 4871 ό
1075 4814 1348 4876 θειότατος
1379 4808 1565 4874 Δαϐὶδ,
1602 4808 1695 4863 καὶ
1734 4801 1846 4861 οἷον

263 4922 369 4992 τὴν
393 4917 489 4973 τοῦ
527 4913 852 4972 ’Δποστόλου
876 4908 1180 4980 λεγομένην
1206 4906 1294 4960 διὰ
1318 4904 1635 4985 στερήσεως
1674 4901 1846 4972 ὑπερ-

268 5003 577 5068 ϐάλλουσαν
604 5006 729 5072 ,ἕξιν
760 5002 857 5059 τοῦ
893 5001 1032 5057 Θεοῦ
1063 4995 1518 5070 προερμηνεύων,
1553 4993 1847 5059 Ἰουδαίων,

269 5105 463 5177 σαφῶς
489 5098 670 5174 οἶμαι,
703 5096 1011 5154 καταϐοῶνο
1049 5095 1147 5148 Ἐν
1178 5090 1257 5157 τῷ
1298 5088 1516 5156 πλήθει
1537 5086 1649 5156 τῆς
1672 5085 1854 5141 δυνά-

265 5202 425 5275 μεὼς
464 5214 583 5254 σου
615 5192 951 5265 ψεύσονται
995 5204 1070 5247 σε
1106 5188 1162 5241 οὶ
1193 5184 1398 5255 ἐχθροί
1434 5197 1573 5275 σου.
1598 5182 1714 5245 Πᾶς
1742 5179 1852 5252 γὰρ

269 5297 562 5367 ἄνθρωπος
584 5288 775 5361 ἐχθρὸς
803 5286 1022 5347 πάντως
1049 5279 1143 5337 τοῦ
1173 5278 1308 5334 Θεοῦ
1340 5277 1435 5332 καὶ
1452 5274 1694 5346 ψεύστης
1720 5290 1854 5344 προ-

271 5390 451 5461 δήλως
482 5382 811 5441 καθίσταται
860 5378 889 5433 ό
934 5377 1024 5433 τὸν
1054 5374 1189 5429 Θεὸν
1211 5372 1291 5445 τῷ
1313 5372 1466 5443 νόμῳ
1501 5370 1605 5441 τῆς
1633 5368 1853 5439 φύσεως

274 5460 505 5554 ἀμαθῶς
520 5494 581 5531 τε
601 5475 698 5531 καὶ
718 5470 932 5534 ἀσεϐῶς
960 5485 1028 5523 πε
1038 5465 1311 5540 ρικλείων,
1334 5464 1429 5519 καὶ
1459 5461 1684 5526 ἀπαθῶς
1712 5460 1852 5531 ὑπὲρ

275 5574 442 5646 φύσιν
463 5575 524 5627 ὲν
552 5571 665 5633 τοῖς
691 5566 797 5623 ὑπὸ
824 5562 986 5635 φύσιν
1012 5558 1285 5623 οὐσιωδῶς
1311 5557 1604 5627 γενόμενον
1621 5554 1689 5608 τὰ
1712 5554 1856 5609 κατά

278 5666 445 5740 φύσιν
468 5666 545 5726 ὡς
593 5661 769 5716 πάντα
797 5655 1097 5725 δυνάμενον
1142 5651 1440 5723 ἐνεργῆσαι
1472 5647 1750 5702 πιστεύειν
1779 5646 1854 5718 μὴ

340 5843 357 5901 i
400 5845 545 5904 Psal.
584 5856 694 5907 xu,
722 5838 756 5895 9
826 5837 852 5877 ι
892 5837 914 5891 l
944 5834 1070 5891 Cor.
1106 5850 1145 5897 ι,
1179 5832 1269 5888 25.
1342 5830 1359 5869 ι
1391 5830 1534 5888 Psal.
1564 5847 1686 5899 va,
1715 5830 1769 5886 5.

1948 4620 2195 4679 nationis
2230 4620 2555 4692 mysterium
2583 4630 2689 4687 est,
2733 4632 2793 4676 ut
2816 4621 2967 4690 quod
2996 4621 3183 4674 omnis
3225 4631 3438 4676 natura:
3468 4631 3528 4676 et

1949 4710 2246 4783 potestatis
2291 4720 2353 4773 et
2384 4711 2614 4769 virtutis
2644 4727 2870 4771 omnem
2909 4711 3165 4766 ordinem
3209 4725 3527 4781 congruen-

1954 4806 2197 4876 tiamque
2226 4804 2731 4876 supernaturaliter
2757 4819 3043 4875 egressum
3066 4811 3173 4868 est,
3221 4802 3371 4874 quod
3399 4802 3529 4873 qui-

1952 4899 2078 4955 dem
2109 4897 2300 4957 divino
2334 4896 2544 4967 Spiritu
2569 4896 2760 4967 procul
2790 4894 3199 4965 contemplatus
3241 4901 3429 4947 mente
3472 4901 3527 4949 et

1951 4992 2206 5048 initiatus
2235 4990 2431 5056 David,
2471 5006 2539 5046 ac
2585 4988 2760 5046 veluti
2813 4988 3055 5060 praevius
3102 4986 3385 5057 interpres
3429 4985 3529 5041 Dei

1953 5083 2177 5139 habitus
2218 5079 2727 5153 superabundantis
2764 5080 2834 5135 ab
2880 5076 3149 5151 Apostolo
3197 5092 3299 5147 per
3345 5075 3533 5146 priva-

1955 5177 2165 5232 tionem
2191 5174 2445 5241 indicati,
2476 5173 2545 5230 de
2566 5172 2797 5235 Judaais,
2820 5171 2970 5227 clare
2996 5178 3156 5243 puto,
3181 5169 3531 5225 vociferans:

1953 5269 2020 5326 In
2052 5268 2409 5333 multitudine,
2442 5267 2645 5338 inquit,
2698 5265 3025 5338 fortitudinis
3059 5272 3165 5319 tua
3219 5263 3535 5318 mentiantur

1958 5364 2046 5419 tibi
2070 5363 2267 5417 inimici
2287 5362 2363 5416 tui
2395 5359 2438 5415 ι.
2469 5360 2667 5416 Nullus
2691 5360 2839 5416 enim
2866 5358 3034 5413 homo
3063 5373 3173 5412 non
3207 5356 3305 5412 Dei
3344 5362 3535 5425 aperte

1958 5455 2136 5512 hostis
2163 5463 2221 5510 et
2239 5453 2514 5510 inficiator
2528 5451 2827 5523 evaditqui
2856 5452 2975 5523 lege
2996 5462 3211 5505 natura:
3240 5447 3535 5502 inscienter

1959 5559 2017 5605 et
2035 5548 2203 5618 impie
2232 5548 2401 5607 Deum
2420 5546 2676 5610 includit,
2703 5556 2903 5601 etcum
2936 5543 3031 5615 qni
3059 5543 3177 5598 sine
3204 5540 3317 5596 ullo
3334 5537 3535 5594 afi‘ectu

1963 5645 2018 5700 in
2043 5646 2211 5701 rebus
2235 5651 2442 5700 natura?
2475 5640 2743 5713 subjectis
2767 5637 3143 5695 essentialiter
3162 5642 3417 5691 naturam
3445 5645 3525 5686 su.
