4080 6282
534 344 670 410 un

1740 347 1801 407 s.
1843 345 2130 437 MAXIMI
2169 341 2680 404 CONFESSOIUS

3667 338 3810 404 1412

532 476 856 536 pergressus
901 470 1034 527 est,
1087 459 1364 517 naturalia
1395 500 1412 525 ,
1448 476 1576 516 cum
1633 460 1820 514 omnia
1886 466 2104 529 posset.

2221 456 2545 528 ἀρχόμενος.
2581 454 2740 509 Οὕτω
2770 452 2872 526 μὲν
2917 448 3012 508 οὖν
3043 452 3185 508 κατὰ
3218 452 3348 525 μίαν
3368 451 3632 524 ἐπιϐολὴν
3666 455 3807 514 τέως

531 555 713 625 egisse
735 553 1002 609 credendi
1025 569 1135 608 non
1162 553 1380 608 initium
1411 552 1563 607 facit.
1603 551 1694 607 Sic
1720 551 1888 622 igitur
1913 564 2116 606 secun-

531 647 665 702 dum
692 663 866 702 unum
898 646 1303 718 interpretandi
1341 645 1566 700 modum
1603 645 1700 699 Dei
1733 643 2025 700 stultitiam
2060 652 2118 697 et

533 739 912 794 inﬁrmitatem
946 749 1005 795 et
1038 740 1218 795 lusum
1242 748 1518 810 spectasse
1543 737 1614 792 de
1635 737 1957 806 conjectura
1988 734 2116 790 Ser-

531 847 624 887 mo
643 848 812 887 ausus
840 841 945 897 est,
973 848 1098 888 cum
1150 831 1354 903 quibus
1403 847 1502 902 per
1541 830 1964 902 digressionem,
1990 837 2115 882 tan-

528 941 693 996 quam
716 925 974 996 praeviam
995 925 1513 995 contemplationem
1537 922 1829 994 propositae
1851 920 2116 992 quaestio-

527 1019 618 1073 nis
653 1017 1024 1087 exemplarem
1049 1056 1064 1081 ,
1103 1015 1361 1087 abyssum
1402 1027 1622 1084 quoque
1652 1011 1911 1083 abyssum
1952 1009 2112 1064 invo-

526 1119 746 1167 cantem
782 1111 837 1166 in
871 1125 1061 1166 vocem
1093 1109 1404 1164 divinarum
1421 1114 1828 1162 eataraetarum
1855 1112 1894 1142 ω
1915 1101 2112 1158 Sermo

527 1204 676 1261 hanc
688 1214 924 1259 mentem
940 1203 1242 1275 gnosticam
1259 1217 1381 1258 esse
1397 1199 1724 1271 sapientiam
1741 1198 2109 1260 invocantem,

529 1297 930 1369 interpretatus
974 1296 1177 1351 exilem
1219 1293 1522 1366 quamdam
1555 1290 1949 1364 mysteriorum
1985 1303 2112 1360 quae

528 1389 703 1446 insint
737 1389 792 1442 in
823 1387 1010 1442 divina
1041 1395 1097 1442 et
1131 1385 1404 1442 ineffabili
1433 1382 1907 1440 condescensione
1937 1379 2112 1451 signi-

527 1485 840 1542 ﬁcationem
894 1482 1093 1538 edidit.
1142 1483 1389 1554 Abyssus
1433 1480 1582 1538 enim
1632 1487 1690 1536 et
1737 1477 1917 1550 abyssi
1953 1477 2112 1531 locus

523 1578 803 1634 communi
860 1576 1085 1632 nomine
1131 1576 1470 1646 appellatur,
1521 1573 1680 1630 locus
1722 1586 1858 1627 vero
1909 1568 2112 1625 divinae

525 1669 810 1744 sapientiae
841 1685 977 1740 pura
1011 1683 1168 1723 mens
1198 1677 1305 1724 est.
1335 1668 1526 1738 Itaque
1555 1681 1684 1723 cum
1731 1663 1798 1720 ad
1835 1661 2111 1732 recipien-

523 1763 656 1819 dum
685 1769 810 1832 apta
837 1769 920 1817 est
944 1760 1177 1833 abyssus
1221 1759 1456 1830 positive
1491 1765 1550 1815 et
1582 1772 1758 1822 mens,
1791 1764 1848 1812 et
1881 1753 2100 1824 sapien-

524 1852 604 1910 tia
634 1867 829 1910 rursus
853 1851 1047 1908 eadetn
1100 1858 1328 1922 propter
1366 1864 1524 1910 suam
1559 1855 1816 1904 naturam
1857 1843 2102 1916 appella-

525 1954 644 2004 tur.

862 2129 1050 2186 Altera
1081 2129 1138 2184 in
1171 2127 1309 2184 idem
1353 2125 1748 2200 contemplatio.

594 2244 719 2302 Alio
769 2255 955 2301 autem
991 2243 1329 2316 propositam
1381 2241 1748 2314 quaestionem
1787 2238 2108 2296 examinare

524 2338 688 2394 modo
701 2353 827 2394 cum
852 2337 950 2394 Dei
977 2337 1175 2408 gratia,
1199 2334 1676 2406 coniecturaliter,
1701 2347 1814 2388 non
1839 2330 2107 2386 aﬂirmate

524 2431 656 2502 (hoc
683 2432 832 2488 enim
883 2429 1214 2494 modestum,
1269 2425 1404 2482 illud
1437 2437 1756 2498 protervum
1803 2431 1935 2490 est),
1973 2438 2114 2495 prae-

523 2525 670 2581 senti
702 2537 959 2580 sermone
1008 2519 1230 2593 aggredi
1280 2519 1556 2575 audemus
1582 2558 1599 2583 ,
1650 2523 1961 2572 statuentes
1991 2527 2112 2568 tne-

523 2611 748 2667 diorum
783 2611 1016 2666 fortasse
1059 2607 1486 2680 prominentiam
1533 2605 1863 2678 aequabilem
1907 2605 2115 2660 haben-

525 2711 639 2759 tem
693 2701 763 2757 ab
813 2700 1265 2756 extremitatibus
1311 2699 1655 2764 distantiam,
1709 2699 1891 2753 lusum
1932 2697 2030 2754 Dei
2080 2711 2112 2752 a

522 2809 724 2868 magno
759 2792 988 2850 doctore
1019 2810 1142 2850 esse
1169 2793 1395 2859 dictam,
1429 2794 1502 2848 ob
1525 2792 1887 2848 ﬂuctuantem
1910 2805 2106 2847 eorum

521 2895 581 2942 et
626 2885 949 2941 mutabilem
995 2884 1312 2951 stationem,
1369 2885 1454 2940 vel
1490 2884 1696 2956 potius,
1741 2883 1889 2956 quod
1933 2883 2107 2956 magis

521 2979 748 3050 proprie
779 2986 887 3045 est,
918 2978 1239 3046 dicendum,
1269 2977 1343 3034 ob
1375 2978 1633 3034 stabilem
1664 2977 2105 3033 ﬂuctuationem.

521 3070 580 3125 Id
601 3070 749 3140 quod
770 3070 940 3125 etiam
967 3069 1171 3125 mirum
1193 3074 1300 3135 est,
1329 3067 1630 3124 stationem
1657 3067 1850 3122 videre
1881 3081 2105 3136 semper

2220 549 2499 622 θεωρῆσαι
2535 547 2599 602 τὸ
2658 547 2841 619 μωρὸν
2872 546 2969 602 τοῦ
3019 545 3158 601 Θεοῦ
3189 547 3283 601 καὶ⁸
3337 547 3401 600 τὸ
3432 545 3664 608 ἀσθενὲς
3712 545 3809 597 καὶ

2219 641 2494 711 παίγνιον,
2536 641 2913 713 στοχαστικῶς
2941 642 2972 694 ό
3018 639 3178 709 λόγος
3224 639 3518 710 ετόλμησε,
3553 637 3681 708 μεθ’
3729 630 3811 690 ὧν

2218 733 2664 806 παρεκϐατικῶς,
2690 734 2768 800 ὡς
2793 732 3142 807 προθεωρίαν
3170 730 3692 802 παραδειγματικὴν
3713 727 3811 782 τοῦ

2217 825 2576 900 προτεθέντος
2607 825 2838 899 ἀπόρου,
2860 825 2960 881 καὶ
2981 826 3082 896 τὴν
3109 824 3347 880 ἄϐυσσον
3379 822 3481 894 τὴν
3505 820 3812 876 ἐπικαλου-

2219 919 2392 992 μένην
2422 919 2523 992 τὴν
2552 918 2791 974 ἄϐυσσον
2831 918 2915 982 είς
2962 918 3148 989 φωνὴν
3179 915 3288 970 τῶν
3321 915 3486 968 θείων
3517 914 3811 984 καταρρα-

2215 1013 2364 1066 κτῶν
2403 1011 2586 1066 λαϐὼν
2634 1011 2665 1065 ό
2708 1010 2868 1081 λόγος
2917 1010 3044 1064 νοῦν
3078 1008 3379 1078 γνωστικὺν
3409 1002 3556 1062 εἶναι
3603 1005 3810 1072 σοφίαν

2215 1103 2648 1176 ἐπικαλούμενον
2673 1103 2954 1172 δέξασθαι,
3002 1103 3208 1174 μικράν
3244 1117 3369 1154 τινα
3418 1100 3532 1154 τῶν
3587 1099 3687 1154 ἐπὶ
3736 1101 3808 1168 τῇ

2217 1199 2340 1272 θείᾳ
2363 1199 2459 1254 καὶ
2487 1197 2756 1270 ἁφράστῳ
2792 1195 3208 1266 συγκαταϐἀσει
3257 1192 3580 1265 μυστηρίων
3625 1192 3809 1261 ἐμφα-

2217 1308 2302 1345 σιν
2332 1290 2743 1362 παρεδήλωσεν.
2766 1290 3042 1353 ’Δϐυσσος
3083 1286 3196 1358 γὰρ
3228 1286 3327 1341 καὶ
3351 1286 3382 1339 ό
3421 1285 3523 1357 τῆς
3552 1284 3804 1339 ἀϐύσσου

2213 1385 2379 1449 τόπος
2407 1383 2723 1456 ὁμωνύμως
2750 1382 3096 1452 ὀνομάζεται,
3127 1379 3294 1442 τόπος
3317 1377 3376 1433 δὲ
3400 1378 3502 1448 τῆς
3528 1376 3689 1441 θείας
3715 1393 3806 1429 σο-

2216 1477 2367 1546 φίας,
2395 1478 2424 1530 ό
2452 1473 2694 1548 καθαρὸς
2722 1474 3030 1546 καθέστηκε
3061 1471 3206 1537 νοῦς.
3227 1467 3378 1543 τΔρα
3414 1470 3569 1524 θέσει
3597 1469 3691 1524 διὰ
3739 1469 3805 1523 τὸ

2212 1569 2460 1624 δεκτικὸν
2488 1567 2726 1632 ἄϐυσσος
2751 1568 2849 1622 καὶ
2882 1568 2913 1622 ό
2937 1567 3067 1631 νοῦς
3091 1563 3590 1639 προσαγορεύεται,
3613 1563 3716 1617 καὶ
3767 1565 3802 1633 ἡ

2214 1663 2397 1734 (262
2435 1662 2487 1732 b)
2539 1661 2704 1733 σοφία
2746 1659 2912 1716 πάλιν
2947 1659 3012 1714 τὸ
3059 1658 3194 1715 αὐτὸ
3223 1659 3313 1715 διὰ
3339 1658 3444 1730 τὴν
3469 1655 3638 1728 φύσιν
3663 1673 3804 1710 κατ-

2211 1755 2561 1830 ονομὼζεται.

2569 2113 2767 2182 Ἄλλη
2809 2111 3022 2180 θεωρία
3051 2112 3142 2178 είς
3168 2109 3237 2165 τὸ
3268 2109 3438 2164 αὐτό.

2283 2229 2424 2290 Καθ’
2479 2229 2670 2300 ἓτερον
2698 2227 2756 2281 δὲ
2807 2225 2871 2280 τὸ
2921 2225 3285 2298 προκείμενον
3329 2224 3538 2296 ἄπορον
3569 2221 3802 2276 διασκο-

2215 2329 2446 2392 ποῦντες
2471 2323 2675 2398 τρόπον
2703 2325 2770 2394 τῇ
2823 2321 3048 2394 βοηθείᾳ
3076 2323 3176 2393 τῆς
3215 2319 3368 2384 θείας
3411 2318 3636 2391 χάριτος
3670 2333 3801 2370 στο-

2213 2420 2519 2496 χαστικῶς,
2547 2417 2664 2473 ἀλλ’
2693 2416 2796 2471 ούκ
2845 2413 3238 2484 ἀποφαντικῶς
3277 2413 3360 2485 (τὸ
3399 2411 3499 2483 μὲν
3542 2411 3659 2480 γὰρ
3700 2410 3799 2480 pt-

2213 2532 2390 2589 τριον,
2426 2513 2488 2568 τὸ
2519 2511 2578 2567 δὲ
2628 2507 2952 2584 προπετὲς),
3009 2507 3280 2580 ιγχειρείν
3320 2505 3401 2577 τῷ
3443 2504 3800 2577 προκειμένῳ

2212 2606 2367 2681 ῥητῷ
2395 2603 2705 2678 τολμῶμεν,
2753 2600 3056 2672 φάσκοντες
3117 2600 3221 2671 τὴν
3264 2597 3375 2653 τῶν
3419 2597 3600 2668 μέσων
3631 2597 3798 2666 τυχὸν

2213 2700 2506 2775 προϐολὴν,
2541 2697 2686 2754 κατὰ
2707 2697 2770 2751 τὸ
2803 2696 2916 2750 ἴσον
2939 2695 3046 2750 ἀπὸ
3065 2694 3177 2748 τῶν
3191 2693 3378 2766 ἄκρων
3401 2691 3634 2762 ἔχουσαν
3659 2691 3798 2743 ἀπό-

2215 2811 2428 2858 στασιν,
2461 2792 2714 2861 παίγνιον
2767 2787 3024 2862 εἰρῆσθαι
3071 2787 3210 2843 θεοῦ
3251 2787 3334 2860 τῷ
3368 2788 3591 2859 μεγάλῳ
3644 2787 3801 2842 διδαη

2214 2886 2424 2958 σκάλῳ,
2462 2885 2552 2940 διὰ
2599 2883 2698 2957 τὴν
2742 2883 3039 2956 ἐπίρρυτον
3070 2880 3253 2936 αὐτῶν
3287 2881 3383 2935 καὶ
3434 2879 3799 2934 εύαλλοίωτον

2215 2981 2428 3043 στάσιν,
2469 2978 2672 3052 μᾶλλον
2701 2977 2780 3042 δὲ,
2808 2975 3077 3048 στάσιμον
3105 2973 3293 3046 ρεὖσιν
3321 2975 3499 3028 εἰπεῖν
3529 2975 3800 3029 οἰκειότε-

2215 3091 2328 3146 ρον.
2353 3073 2420 3126 Ὃ
2468 3071 2564 3125 καὶ
2596 3067 2922 3142 παράδοξον,
2956 3070 3148 3122 στάσιν
3189 3068 3278 3121 ἀεὶ
3315 3067 3545 3140 ῥέουσαν
3571 3067 3673 3120 καὶ
3703 3083 3799 3134 φε-

522 3164 884 3218 ﬂuctuantem
911 3172 971 3218 et
1009 3161 1314 3228 labentem,
1360 3169 1418 3216 et
1441 3159 1857 3216 ﬂuctuationem
1889 3174 2104 3231 semper

2220 3163 2454 3237 ρομένην
2480 3161 2731 3228 θεᾶσθαι,
2782 3161 2877 3215 καὶ
2932 3158 3120 3230 ρεὓσιν
3150 3159 3464 3231 ἀεικίνητον
3500 3177 3798 3231 προνοητι-

521 3255 808 3320 mobilem,
859 3253 1090 3324 provide
1141 3267 1337 3309 eorum
1397 3251 1871 3308 emendandorum
1931 3251 2104 3324 gratia

2211 3257 2326 3321 κῶς
2371 3259 2473 3327 τῆς
2529 3255 2639 3309 τῶν
2692 3251 3164 3325 οἰκονομουμένων
3209 3252 3397 3306 ἕνεκεν
3453 3250 3798 3323 βελτιώσεως

521 3347 804 3408 divinitus"
847 3349 1216 3419 excogitatam
1261 3362 1385 3418 quae
1435 3345 1935 3414 administrantur,
1981 3356 2106 3417 quat

521 3440 1163 3511 erudire,'eruditosque
1189 3439 1257 3496 ad
1291 3439 1620 3512 sapientiam
1660 3438 1938 3496 deducere
1986 3454 2107 3510 pos-

522 3540 627 3598 set,
662 3541 725 3586 ut
753 3547 906 3602 spem
938 3545 1094 3586 suam
1119 3529 1256 3585 alibi
1299 3528 1677 3585 collocandam
1714 3528 2101 3592 transferrent,

521 3634 689 3695 atque
725 3623 779 3677 in
808 3623 915 3678 line
947 3623 1067 3694 ejus
1100 3622 1158 3677 in
1193 3621 1329 3692 ipsis
1355 3620 1605 3694 mysterii
1630 3619 1700 3676 ad
1726 3621 1899 3676 Deum
1937 3619 2104 3676 incli-

521 3716 710 3773 nando
777 3716 1011 3771 tlrmiter
1070 3729 1131 3771 se
1201 3731 1303 3786 per
1355 3714 1592 3786 gratiam
1639 3713 1954 3769 deilicatum
2034 3710 2102 3765 iri

524 3808 845 3864 crederent.
894 3805 1074 3863 Media
1130 3815 1320 3863 autem
1386 3805 1512 3863 dico
1571 3821 1769 3862 eorum
1835 3821 1959 3876 qua
2017 3805 2102 3859 vel

521 3915 672 3956 nunc
717 3899 998 3955 hominem
1026 3899 1281 3955 comitari
1307 3899 1590 3965 videntur,
1638 3899 1728 3955 vel
1786 3899 1842 3954 in
1898 3898 2105 3969 quibus

521 3996 691 4049 homo
722 4001 829 4058 est,
860 3993 1396 4049 consummationem
1424 4031 1440 4061 ,
1490 3991 1876 4048 extremitates
1911 3999 2102 4047 contra

518 4103 714 4142 eorum
734 4101 856 4156 quae
882 4101 992 4141 non
1019 4085 1279 4141 videntur
1297 4100 1402 4140 nec
1431 4093 1702 4156 apparent
1727 4099 1958 4155 quaeque
1979 4099 2104 4139 cer-

521 4178 735 4232 tissime
787 4177 920 4231 olim
955 4177 1290 4230 comitatura
1335 4183 1466 4229 sunt
1520 4174 1806 4229 hominem
1842 4173 2103 4228 substan-

523 4268 679 4331 tiam,
715 4283 839 4337 quaa
867 4267 1090 4337 proprie
1112 4282 1177 4321 ac
1194 4281 1325 4321 vere
1347 4265 1652 4320 secundum
1689 4263 2024 4319 ineﬂ‘abilem
2048 4254 2106 4320 et

522 4360 882 4432 principalem
899 4357 1065 4423 ﬁnem
1081 4366 1140 4413 et
1160 4358 1432 4414 rationem
1448 4357 1651 4412 divinae
1667 4357 1929 4412 bonitatis
1949 4356 2106 4412 insti-

522 4461 642 4506 tuta
662 4460 826 4522 atque
843 4451 987 4506 facta
1007 4458 1158 4506 sunt.
1177 4449 1650 4518 Quemadmodum
1670 4449 1892 4521 sapiens
1912 4449 2072 4505 Eccle
2090 4478 2102 4489 -

520 4539 718 4599 siastes
749 4559 1005 4615 maguum
1027 4551 1083 4598 et
1113 4544 1325 4599 clarum
1344 4542 1542 4598 animae
1572 4543 1797 4598 oculum
1833 4543 1889 4598 in
1908 4556 2101 4598 eorum

518 4651 643 4708 qua
661 4635 921 4691 videntur
937 4643 995 4692 et
1012 4635 1280 4691 ﬂuctuant
1302 4635 1718 4707 generationem
1742 4642 2097 4692 convertens.

517 4737 576 4785 et
599 4729 754 4799 quasi
789 4727 844 4782 in
869 4726 1088 4784 visione
1129 4743 1326 4783 eorum
1351 4743 1474 4798 quae
1522 4743 1656 4784 vere
1709 4734 1840 4782 sunt
1875 4724 2100 4781 condita

518 4829 684 4892 atque
709 4820 849 4875 facta
865 4821 1206 4876 constitutus
1230 4820 1341 4874 ait:
1370 4819 1510 4886 Quid
1535 4820 1770 4892 estquod
1801 4820 1902 4889 fuit
1920 4829 1945 4857 ιι
1961 4819 1986 4874 ἳ
2002 4826 2093 4873 et:

519 4916 660 4985 Quid
686 4918 922 4989 estquod
946 4917 1145 4988 factum
1179 4917 1286 4971 est?
1314 4915 1497 4988 Ipsum
1519 4918 1658 4990 quod
1683 4916 1774 4986 ﬁet
1791 4926 1814 4948 °
1849 4935 1863 4972 :
1899 4933 2096 4974 eorum

518 5008 780 5065 videlicet
796 5025 1008 5067 memor
1021 5025 1144 5083 quae
1161 5009 1215 5064 in
1229 5009 1504 5080 principio
1516 5024 1747 5080 quaeque
1761 5009 1813 5063 in
1828 5009 1934 5064 ﬂne
1945 5019 2096 5078 sunt,

521 5107 584 5154 ut
601 5115 724 5170 qua:
750 5102 945 5157 eadem
971 5101 1085 5157 sint
1098 5109 1156 5157 et
1178 5101 1507 5166 reverasint,
1526 5117 1652 5157 cum
1679 5116 1875 5157 eorum
1906 5112 2100 5157 contra

517 5206 642 5263 qua:
670 5193 726 5247 in
760 5192 944 5249 medio
976 5202 1105 5250 sunt
1139 5201 1198 5248 et
1237 5201 1576 5263 praetereunt
1606 5193 1762 5248 nullo
1809 5192 1886 5248 ibi
1931 5191 2099 5248 modo

516 5281 855 5339 meminerit.
912 5284 1210 5355 Postquam
1265 5285 1417 5341 enim
1463 5285 1727 5357 magister
1780 5284 1930 5356 quod
1978 5285 2095 5357 ipse

517 5375 823 5447 pnesertim
873 5377 1094 5450 egregie
1133 5387 1390 5448 poterat,
1440 5378 1508 5435 de
1545 5379 1817 5450 peculiari
1857 5379 2093 5450 quadam

515 5468 838 5525 animalium
862 5475 920 5526 et
968 5469 1216 5540 lapidum
1253 5481 1451 5526 natura
1479 5512 1493 5538 ,
1530 5487 1596 5529 ac
1647 5472 1980 5544 simpliciter
2018 5472 2089 5530 de

514 5561 707 5616 multis
739 5561 954 5618 inﬁnite
993 5579 1118 5633 qua:
1146 5563 1202 5617 in
1243 5563 1410 5620 rebus
1450 5565 1848 5622 exsistentibus
1895 5567 2090 5623 obser-

513 5659 716 5708 vantur
739 5652 1063 5726 disputavit,
1099 5655 1188 5712 his
1214 5655 1368 5712 addit
1398 5673 1413 5711 :
1447 5675 1464 5708 ι
1499 5657 1666 5713 Ludit
1691 5659 1841 5716 enim
1872 5675 2087 5716 summa

576 5815 618 5846 η
648 5805 792 5864 Psal.
823 5824 931 5876 xu,
964 5810 1016 5866 8.
1069 5819 1094 5848 η
1127 5811 1308 5868 Ecclc.
1347 5828 1382 5877 ι,
1412 5812 1466 5867 9.
1538 5819 1561 5846 ο
1597 5812 1732 5868 ibid.

2213 3347 2400 3403 θεόθεν
2429 3345 2880 3417 ὲπινενοημένην,
2918 3345 3048 3409 τοὺς
3082 3343 3150 3397 δι’
3188 3342 3360 3414 αὐτῆς
3404 3343 3798 3412 παιδαγωγοί).

2216 3441 2415 3512 μένους
2441 3439 2664 3510 σοφίσαι
2705 3430 3300 3509 δυναμένην,’ἀλλαχοῦ
3352 3437 3796 3507 μεταστήσεσοαι

2212 3534 2433 3597 πάντως
2455 3531 2716 3597 ἐλπίζειν,
2743 3529 2838 3584 καὶ
2870 3531 3047 3602 πέρας
3075 3529 3173 3584 τοῦ
3216 3530 3337 3584 κατ’
3363 3528 3538 3599 αὐτὴν
3565 3529 3658 3582 ἐπ’
3696 3530 3795 3582 αύ-

2208 3629 2324 3691 τοϊς
2357 3625 2660 3698 μυστηρίου
2687 3626 2754 3696 τῇ
2789 3621 2928 3696 πρὸς
2954 3622 3089 3677 Θεὸν
3111 3620 3290 3676 νεύσει
3318 3620 3558 3693 βεϐαίως
3585 3621 3678 3677 διὰ
3699 3623 3795 3693 τῆς

2210 3721 2434 3792 χάριτος
2461 3717 2841 3792 θεωθήσεσθαι
2875 3716 3180 3772 πιστεύειν.
3216 3717 3374 3772 Mica
3401 3717 3458 3772 δὲ
3499 3716 3654 3784 λέγω
3695 3717 3798 3790 τὴν

2209 3812 2319 3866 τῶν
2348 3811 2647 3884 ὁρωμένων
2675 3810 2770 3864 καὶ
2808 3807 3076 3881 νῦνπερὶ
3105 3809 3196 3864 τδν
3232 3810 3522 3882 ἄνθρωπον
3553 3810 3728 3864 όντων
3756 3809 3789 3878 ἢ
3897 3869 3900 3874 _

2210 3904 2270 3958 έν
2309 3897 2391 3969 οἷς
2421 3905 2449 3958 ό
2477 3902 2763 3979 ἄνθρωπος
2801 3901 3219 3975 συμπλήρωσιν,
3267 3903 3414 3975 ἄκρα
3440 3902 3497 3956 δὲ
3546 3903 3653 3976 τὴν
3684 3903 3793 3956 τῶν

2213 3996 2291 4069 μὴ
2349 3997 2694 4068 φαινομένων
2738 3994 2834 4050 καὶ
2872 3995 3002 4067 περὶ
3047 3997 3142 4050 τὸν
3191 3995 3484 4068 ἄνθρωπον
3540 3997 3791 4067 ἀψευδῶς

2209 4089 2434 4145 ἔσεσθαι
2486 4089 2791 4160 μελλόντων
2844 4088 3165 4155 ὑπόστασιν,
3192 4088 3301 4142 τῶν
3330 4089 3539 4160 κυρίως
3591 4107 3653 4144 τε
3695 4093 3793 4144 καὶ
3845 4147 3850 4154 ,

2216 4182 2436 4254 ἀληθῶς
2458 4182 2601 4237 κατὰ
2629 4182 2724 4236 τὸν
2751 4181 2991 4254 ἄρρητον
3017 4181 3114 4236 καὶ
3145 4180 3556 4254 προηγούμενον
3588 4184 3790 4237 σκοπόν

2210 4293 2269 4330 τε
2299 4275 2393 4331 καὶ
2423 4275 2582 4344 λόγον
2608 4273 2710 4345 τῆς
2739 4274 2892 4337 θείας
2933 4271 3272 4343 ἀγαθότητος
3300 4272 3701 4344 πεποιημένων
3731 4291 3787 4327 τε

2211 4367 2310 4421 καὶ
2333 4365 2743 4436 γεγενημένων.
2805 4361 3004 4428 Καθὼς
3047 4363 3078 4417 ό
3129 4362 3291 4433 σοφὸς
3349 4363 3789 4436 Ἐκκλησιαστὴς

2214 4457 2436 4530 μεγάλῳ
2489 4473 2548 4510 τε
2591 4455 2690 4509 καὶ
2747 4454 2932 4527 τρανῷ
2981 4455 3162 4527 ψυχῆς
3225 4454 3436 4526 ὄμματι
3486 4454 3602 4510 τῶν
3649 4459 3788 4529 ὀρωο

2213 4549 2390 4620 μένων
2441 4564 2505 4602 τε
2560 4547 2655 4602 καὶ
2707 4549 2944 4620 ῥεόντων
2998 4545 3325 4620 ὑπερκύψας
3379 4545 3483 4618 τὴν
3545 4546 3783 4617 γένεσιν,

2208 4640 2303 4695 καὶ
2362 4636 2476 4694 οἷον
2533 4642 2592 4693 ὲν
2646 4640 2924 4713 φαντασίᾳ
2999 4641 3113 4694 τῶν
3190 4639 3409 4710 ἀληθῶς
3469 4641 3784 4710 πεποιημέ-

2206 4751 2314 4787 νων
2346 4749 2407 4786 τε
2461 4733 2557 4786 καὶ
2601 4733 2990 4804 γεγενημένων
3039 4732 3334 4802 γενόμενος
3357 4746 3374 4762 ο
3411 4731 3473 4785 Tl
3501 4733 3569 4785 τὸ
3617 4747 3785 4801 τετε-

2197 4824 2501 4894 νημένονς
2574 4823 2723 4879 αὐτὸ
2790 4825 2859 4878 τὸ
2941 4825 3350 4894 γενησόμενον
3369 4839 3386 4856 ·
3439 4824 3539 4877 καὶ
3606 4824 3664 4878 τί
3719 4825 3783 4878 τὸ

2203 4916 2657 4986 πεποιημένον;
2699 4917 2878 4981 Αὐτὸ,
2925 4918 3081 4988 φησι,
3137 4916 3206 4972 τὸ
3250 4919 3780 4987 “emendate-raw

2199 5009 2310 5064 τῶν
2335 5009 2570 5083 πρώτων
2614 5008 2816 5082 δηλαδὴ
2853 5010 2950 5064 καὶ
3002 5009 3114 5064 τῶν
3161 5009 3492 5067 τελευταίων
3542 5009 3782 5080 ἐπιμνη-

2204 5103 2376 5170 σθεὶς,
2413 5102 2488 5167 ὡς
2516 5102 2628 5156 τῶν
2654 5102 2838 5157 αὐτῶν
2862 5102 3036 5157 ὄντων
3064 5103 3159 5157 καὶ
3187 5103 3407 5174 ἀληθῶς
3445 5102 3640 5166 όντων,
3673 5102 3783 5156 τῶν

2197 5199 2256 5254 δὲ
2282 5199 2464 5271 μέσων
2488 5197 2586 5252 καὶ
2610 5197 3043 5270 παρερχομένων
3064 5196 3296 5262 ούδόλως
3327 5197 3475 5253 κατὰ
3500 5199 3594 5252 τὸν
3615 5197 3780 5251 τόπον

2203 5290 2481 5363 μνησθείς.
2506 5289 2662 5345 Μετὰ
2683 5292 2796 5362 γὰρ
2823 5289 2885 5343 τὸ
2911 5288 3170 5356 ἐξελθεῖν,
3202 5289 3278 5354 ὡς
3303 5284 3419 5344 οἷόν
3439 5306 3502 5344 τε
3519 5285 3588 5362 ἦν
3611 5305 3781 5361 μεγα-

2197 5382 2408 5453 λοφυῶς
2441 5382 2626 5454 (263
2663 5382 2720 5454 a)
2760 5381 2995 5454 μάλιστα
3022 5382 3116 5437 τὸν
3143 5382 3492 5448 διδάσκαλον,
3518 5383 3650 5456 περί
3693 5399 3778 5438 tt-

2197 5492 2287 5540 νος
2315 5474 2531 5545 φύσεως
2561 5473 2718 5541 ζώων
2747 5476 2842 5530 καὶ
2867 5475 3053 5541 λίθων,
3083 5475 3180 5530 καὶ
3205 5475 3397 5540 ἁπλῶς
3428 5476 3606 5528 εἰπεῖν
3626 5473 3780 5544 ἀορί-

2197 5589 2338 5637 στως
2369 5572 2502 5645 περὶ
2535 5571 2750 5626 πολλῶν
2794 5571 2906 5626 τῶν
2935 5573 2994 5626 ὲν
3024 5575 3141 5636 τοῖς
3180 5571 3302 5625 οὖσι
3356 5570 3774 5642 θεωρουμένων.

2194 5665 2445 5739 ἐπιφέρει
2473 5664 3005 5746 τούτοιςοηαίζει-
3033 5664 3143 5736 γὰρ
3189 5663 3346 5734 λόγος
3374 5664 3545 5729 αἰπὺς
3581 5664 3643 5718 ὲν
3695 5659 3778 5715 εί-
