4080 6282
234 341 377 406 Ml!)

1433 350 1950 415 AMBIGUORUM
1991 356 2242 419 LIBER.

3342 362 3481 429 1414

229 452 351 507 δεσι
380 453 787 519 παντοδαποῖσι,
818 456 1029 528 ικρίνας
1055 455 1131 520 ὡς
1177 457 1224 488 ⁸⁸
1257 456 1429 512 ἐθέλει
1475 462 1678 533 κόσμον
1723 466 1810 518 ἑὸν

1917 468 2071 524 Ratio
2125 471 2179 525 in
2226 472 2419 529 formis
2467 475 2834 543 omnimodis,
2874 479 3197 537 discernens
3234 483 3483 552 qualibet

233 546 366 600 ινθα
399 549 495 600 καὶ
529 546 660 601 ενθα
686 548 821 618 (70).
852 568 872 601 ι
920 551 1153 620 Μήποτε
1180 550 1277 603 οὖν
1305 551 1489 617 καθὼς
1536 556 1697 621 αὐτὸς
1750 557 1809 610 ὲν

231 637 316 709 τῷ
343 640 442 709 τῆς
465 639 628 708 άγίας
649 640 1035 713 Πεντηκοστῆς
1062 643 1205 714 λόγῳ
1224 645 1378 714 φησὶ,
1404 647 1533 717 περὶ
1559 647 1811 719 θεότητος

236 729 455 798 διεξιὼν
480 733 575 786 καὶ
603 733 831 805 κτιστῆς
851 733 1088 804 φύσεως,
1114 754 1132 788 ι
1154 736 1292 800 Ἕως
1313 738 1571 810 ἑκάτερον
1596 740 1691 794 ἐπὶ
1713 742 1810 813 τῆς

238 820 379 885 ίδίας
407 819 585 891 μένει,
632 822 694 876 τὸ
726 823 826 894 μὲν
864 824 1172 895 περιωπῆς,
1200 824 1262 880 τὸ
1306 826 1362 880 δὲ
1401 828 1807 895 ταπεινώσεως,

232 912 467 983 ἄμικτος
485 915 518 985 ἡ
542 914 816 987 άγαθότης
837 916 931 970 καὶ
943 916 1002 970 τὸ
1018 917 1400 990 φιλάνθρωπον
1425 920 1809 993 ἀκοινώνητον,

233 1005 334 1058 καὶ
349 1007 534 1076 χάσμα
548 1006 689 1079 μέγα
709 1010 767 1061 ὲν
786 1010 937 1082 μέσῳ
948 1012 1043 1065 καὶ
1054 1010 1361 1077 ἀδιάϐατον,
1378 1014 1440 1066 οὑ
1453 1013 1544 1067 τὸν
1560 1013 1813 1069 πλούσιον

233 1096 332 1150 τοῦ
366 1097 620 1169 Λαζάρου
647 1100 872 1155 καὶτῶν
899 1101 1144 1174 ὀρεκτῶν
1185 1103 1282 1157 τοῦ
1324 1105 1576 1178 Ἀϐραάμ
1599 1106 1815 1159 κόλπων

231 1189 494 1261 διεῖργον,
525 1193 705 1247 πᾶσαν
730 1192 789 1246 δὲ
826 1193 927 1264 τὴν
965 1196 1202 1267 γενητὴν
1249 1197 1412 1266 φύσιν
1458 1200 1561 1252 καὶ
1585 1199 1814 1270 ῥέουσαν

232 1281 339 1351 τῆς
387 1283 654 1354 ἀγενήτου
703 1301 796 1337 και
831 1285 1160 1355 ἑστηκυίαςς
1201 1307 1220 1341 ι
1280 1282 1349 1360 ᾯ
1380 1291 1709 1363 παρεμφερῆ
1753 1309 1813 1345 τε

235 1370 334 1423 καὶ
362 1372 524 1443 ὃμοια
572 1374 667 1427 καὶ
693 1376 722 1428 ὁ
749 1374 1014 1446 θεηγόρος
1057 1377 1231 1447 μέγας
1264 1379 1602 1453 διεξέρχεται
1624 1382 1812 1436 Διονύο

237 1479 355 1526 σιος
409 1463 439 1515 ὁ
483 1463 879 1537 ’Δρεοπαγίτης
922 1471 1168 1537 φάσκων*
1216 1469 1566 1543 «Τολμητέον
1613 1473 1671 1527 δὲ
1722 1476 1815 1528 καὶ

235 1555 398 1610 τοῦτο
428 1557 570 1630 ὑπὲρ
594 1559 854 1628 ἀληθείας
883 1562 1081 1627 είπείν,
1117 1563 1199 1617 ὃτι
1229 1567 1321 1618 καὶ
1347 1565 1510 1630 αὐτὸς
1543 1569 1571 1621 ὁ
1599 1567 1815 1621 πάντων

236 1648 415 1713 αἴτιος
457 1649 535 1719 τῷ
583 1649 734 1722 καλῷ
777 1652 875 1705 καὶ
919 1653 1111 1725 ἀγαθῷ
1150 1654 1259 1709 τῶν
1288 1657 1507 1711 πάντων
1541 1658 1707 1729 ἔρωτι
1746 1658 1814 1712 δι’

238 1739 549 1812 ὑπερϐολὴν
607 1740 705 1813 τῆς
756 1743 1028 1814 ἐρωτικῆς
1088 1746 1423 1818 ἀγαθότητος
1473 1748 1579 1815 ἔξω
1618 1748 1814 1803 ἑαυτοῦ

234 1830 470 1900 γίνεται,
500 1834 621 1897 ταῖς
662 1836 743 1899 είς
780 1836 850 1891 τά
880 1836 1011 1891 ὄντα
1045 1837 1223 1893 πάντα
1252 1841 1551 1911 προνοίαις,
1583 1845 1679 1898 καί⁸
1704 1840 1814 1897 οἷον
1848 1842 1888 1896 Β

236 1924 539 1994 άγαθότητι
570 1926 664 1980 καὶ
695 1927 978 2000 ἀγαπήσει
1008 1931 1104 1985 καὶ
1129 1930 1294 2003 ἔρωτι
1332 1932 1605 2003 θέλγεται,
1632 1936 1726 1989 καὶ¹
1756 1939 1821 1990 ὲκ

236 2012 335 2067 τοῦ
374 2014 516 2086 ὑπὲρ
544 2017 726 2071 πάντα
765 2018 861 2073 καὶ
894 2019 1073 2075 πάντα
1103 2021 1203 2076 καὶ
1229 2021 1449 2077 πάντων
1479 2024 1818 2096 ἐξῃρημένον

240 2103 378 2176 πρὸς
411 2107 486 2179 τὸν
508 2108 566 2160 ὲν
615 2109 751 2163 πᾶσι
783 2109 1103 2178 κατάγεται,
1147 2113 1266 2167 κατ’
1296 2113 1621 2187 ἐκστατικὴν
1652 2116 1820 2188 ὑπερ⁶

240 2196 421 2250 ούσιον
469 2196 701 2271 δύναμιν
747 2199 1136 2272 άνεκςροίτητον
1165 2204 1359 2258 ἑαυτοῦ
1386 2204 1520 2276 (7|).
1555 2225 1573 2259 ι
1607 2207 1820 2278 Μήπως

240 2283 356 2356 οὖν,
382 2288 565 2355 καθὼς
601 2290 760 2362 ἔφην,
797 2294 908 2347 κάκ
933 2294 1136 2350 τούτων
1165 2298 1258 2351 τὸν
1286 2298 1415 2368 περὶ
1433 2296 1551 2367 τοῦ,
1586 2316 1604 2347 ι
1629 2298 1818 2365 Παίζει

240 2382 352 2455 γάρ
406 2382 581 2452 Λόγος
623 2384 815 2452 αίπὺς,
847 2402 867 2438 ι
913 2388 1188 2459 ὲπιτόμως
1236 2388 1571 2444 άποδοθέντα
1619 2390 1820 2463 τρόπον

240 2473 556 2539 ὲξαπλῶσαι
589 2475 732 2529 κατά
752 2475 995 2533 διάνοιαν
1018 2477 1275 2548 τοιαύτην
1304 2480 1435 2552 ἡμῖν
1464 2483 1579 2535 ἐστι
1594 2481 1821 2536 δυνατὸν

242 2566 567 2635 φάσκουσιν,
614 2566 829 2640 Ὠσπερ
872 2568 925 2621 oi
978 2571 1158 2638 γονεῖς
1202 2570 1314 2639 (ἵνα
1357 2574 1471 2636 τοῖς
1516 2572 1639 2626 καθ’
1670 2574 1819 2645 ἡμᾶς

242 2658 650 2730 παραδείγμασι
706 2660 999 2733 χρήσωμαι
1052 2664 1133 2727 είς
1183 2664 1283 2734 τὴν
1338 2664 1447 2718 τῶν
1489 2665 1630 2738 ὑπὲρ
1670 2667 1820 2739 ἡμᾶς

244 2750 587 2822 πραγμάτων
617 2752 988 2825 ὑπογραφὴν),
1026 2755 1281 2829 ἀφορμὰς
1299 2759 1412 2822 τοῖς
1440 2757 1649 2823 τέκνοις
1675 2775 1819 2833 παρ-

243 2843 458 2914 έχοντες
508 2841 610 2915 τὴν
662 2844 891 2899 νωθείαν
916 2845 962 2876 ³³
1004 2845 1400 2900 άποσείσασθαι
1473 2848 1820 2917 συγκαταῦά-

245 2952 391 3000 σεως
413 2936 637 3008 τρόπῳ,
690 2935 909 2992 δοκοῦσι
954 2940 1098 2994 κατά
1147 2941 1565 3012 συμπεριφοράν
1595 2941 1820 2996 παιδικὰ

242 3030 474 3098 παίγνια
514 3029 777 3099 μετιέναι,
804 3030 880 3095 ὡς
917 3032 1051 3103 φέρε
1093 3031 1268 3086 είπείν
1304 3031 1676 3105 καρυατίζειν,
1724 3035 1820 3089 καὶ

242 3122 608 3194 ἀστραγάλοις
654 3123 774 3194 μετ’
820 3123 999 3179 αὐτῶν
1054 3125 1596 3198 συμπεριφέρεσθαι,
1647 3127 1681 3199 ἢ
1726 3129 1819 3181 καὶ

244 3214 378 3286 ἄνθη
410 3212 687 3287 πολύχροα
716 3213 925 3281 τούτοις
970 3216 1381 3288 παρατιθέντες,
1423 3220 1517 3272 καὶ
1558 3219 1738 3292 (263
1768 3221 1820 3291 b)

245 3308 575 3378 πολυϐαφείς
626 3306 860 3380 ἐσθῆτας
925 3307 1035 3363 τῶν
1078 3309 1385 3383 αίσθήσεων
1434 3312 1822 3386 θελκτηρίους,

245 3401 464 3472 ἀπῆγον
502 3401 536 3474 ἢ
570 3401 964 3473 κατέπληττον,
997 3401 1072 3467 ὡς
1095 3402 1207 3457 τῶν
1229 3404 1441 3459 παίδων
1467 3407 1663 3478 ἑτέραν
1690 3409 1827 3472 τέως

244 3493 512 3565 ἐργασίαν
548 3494 650 3548 οὐκ
675 3494 931 3566 ἑχόντων,
965 3494 1104 3565 μετὰ
1134 3493 1306 3567 βραχὺ
1326 3495 1383 3549 δὲ
1408 3498 1502 3551 καὶ
1531 3498 1824 3569 παιδευτη-

248 3588 386 3660 ρίοις
434 3588 631 3652 αὐτοὺς
680 3588 791 3641 τῶν
833 3588 1037 3657 γονέων
1087 3588 1510 3661 παραδιδόντων,
1554 3586 1676 3646 εἶτα
1733 3592 1827 3645 καὶ

244 3678 408 3749 λόγου
436 3676 767 3751 τελεωτέρου
809 3678 903 3733 καὶ
948 3679 1295 3750 πραγμάτων
1337 3680 1484 3734 ίδίων
1514 3681 1825 3750 μεταδιδόν-

243 3789 375 3839 των,
399 3770 545 3827 οὓτω
568 3772 730 3844 τυχὸν
773 3772 869 3826 καὶ
902 3772 994 3826 τὸν
1024 3772 1118 3826 ἐπὶ
1173 3772 1395 3828 πάντων
1426 3772 1560 3826 Θεόν
1586 3789 1719 3845 φησι
1738 3773 1827 3827 διά

242 3866 356 3922 τῶν
387 3866 745 3939 εἰρημένωννὸ
772 3865 1092 3929 διδάσκαλος
1127 3865 1217 3921 διά
1260 3868 1360 3937 τῆς
1408 3866 1547 3930 τέως
1584 3867 1828 3938 ίστοριώ-

243 3958 370 4022 δους
400 3958 509 4012 τῶν
541 3959 882 4029 φαινομένων
915 3959 1232 4029 κτισμάτων
1272 3956 1489 4030 φύσεως
1520 3960 1602 4023 είς
1623 3959 1827 4032 ἔκπλη-

248 4050 395 4123 ξινῆ
436 4050 530 4105 καὶ
557 4052 863 4121 ἀπαγωγὴν
903 4051 992 4105 διὰ
1031 4051 1131 4123 τῆς
1178 4050 1359 4106 αὐτῶν
1389 4052 1518 4116 θέας
1560 4053 1655 4106 καὶ
1681 4052 1826 4122 γνώ·

249 4161 388 4209 σεως
448 4142 545 4200 νῦν
594 4146 743 4217 ἡμᾶς
796 4138 884 4198 οἷα
948 4146 1146 4217 κομιδῇ
1198 4145 1395 4209 παῖδας
1450 4145 1824 4218 ἐμϐάλλοντα,

247 4236 441 4293 ἒπειτα
492 4236 588 4292 καὶ
639 4238 740 4310 τὴν
788 4236 897 4291 τῶν
954 4239 1013 4291 ὲν
1060 4237 1245 4301 αὐτοῖς
1295 4236 1826 4310 πνευματικωτέρων

246 4330 425 4400 λόγων
470 4328 705 4402 θεωρίαν
762 4329 994 4394 ἑνιέντα,
1060 4331 1155 4383 καὶ
1209 4328 1519 4384 τελευταῖον
1577 4332 1671 4387 ἐπὶ
1728 4332 1828 4403 τὴν

1911 565 2179 620 mundum
2208 581 2371 623 suum
2404 570 2535 625 hinc
2562 581 2618 627 et
2646 572 2818 628 illinc.
2856 595 2873 626 ›
2909 577 3099 632 Nonne
3129 576 3297 648 igitur
3331 578 3485 633 simi-

1910 656 2038 711 liter
2068 667 2232 729 atque
2264 660 2381 731 ipse
2410 662 2467 717 in
2508 679 2762 720 sermone
2805 682 2973 722 sacra:
3006 669 3378 734 Pentecostes,
3414 671 3483 725 de

1910 750 2026 805 Deo
2072 760 2128 805 et
2159 752 2380 808 condita
2415 756 2629 811 'natura
2676 756 2979 824 disserens,
3027 761 3105 816 ait
3152 782 3169 814 ι
3225 762 3482 829 Quandiu

1912 850 2146 911 uterque
2176 844 2231 898 in
2264 847 2506 915 propriis
2531 850 2818 913 manserit,
2852 852 2998 907 Deus
3043 853 3256 908 scilicet
3301 854 3355 907 in
3384 870 3483 909 sua

1912 936 2157 1004 specula,
2203 945 2261 991 et
2307 937 2473 994 homo
2498 940 2551 995 in
2594 940 2907 999 humilitate
2951 961 3071 1009 sua,
3118 961 3222 1001 nec
3264 946 3485 1001 bonitas

1913 1026 2259 1095 miscebitur,
2313 1046 2417 1086 nec
2450 1030 2766 1103 benignitas
2795 1037 3301 1091 communicabitur
3323 1079 3337 1103 ,
3388 1036 3486 1093 sed

1912 1120 2023 1174 erit
2051 1136 2280 1191 magnus
2302 1131 2357 1177 et
2384 1140 2494 1179 non
2530 1127 2892 1195 permeabilis
2911 1128 3097 1184 hiatus
3116 1130 3442 1200 interiectus
3468 1169 3486 1190 .

1913 1228 2023 1266 non
2051 1213 2279 1268 divitem
2313 1232 2342 1269 a
2376 1215 2580 1272 Lazaro
2608 1226 2667 1272 et
2695 1220 2942 1290 expetito
2967 1221 3202 1275 Abrahae
3240 1221 3366 1276 sinu
3402 1220 3491 1274 di-

1914 1304 2119 1362 rimens
2145 1317 2196 1371 ι’,
2234 1324 2425 1364 verum
2454 1321 2798 1380 procreatam
2827 1324 2882 1368 et
2904 1312 3104 1367 ﬂuxam
3135 1321 3389 1368 naturam
3420 1314 3491 1367 ab

1916 1396 2160 1454 increata
2197 1408 2253 1454 et
2291 1401 2541 1456 stabili?»
2575 1402 2672 1457 llis
2704 1414 3075 1460 consentanea
3102 1414 3268 1475 atque
3291 1406 3493 1460 similia

1914 1506 2146 1563 magnus
2169 1494 2267 1550 Dei
2286 1512 2466 1565 praeco
2488 1499 2835 1568 persequitur
2855 1499 3146 1571 Dionysius
3165 1500 3494 1570 Areopagita

1915 1584 2109 1642 dicens
2137 1604 2151 1640 :
2178 1608 2196 1639 ι
2227 1588 2363 1643 Nam
2396 1591 2714 1646 audendum
2741 1600 2829 1647 est
2848 1593 2954 1648 hoc
2969 1593 3136 1648 etiam
3158 1592 3227 1648 de
3253 1592 3493 1648 veritate

1915 1676 2123 1743 dicere,
2164 1681 2310 1750 quod
2342 1681 2577 1752 ipsemet
2604 1684 2854 1739 omnium
2883 1700 3069 1740 rerum
3092 1685 3217 1740 fons
3244 1692 3299 1740 et
3326 1700 3495 1740 causa

1916 1770 2151 1841 pulchro
2185 1782 2242 1829 et
2280 1774 2427 1829 bono
2461 1784 2791 1831 cunctorum
2818 1792 3031 1845 amore,
3055 1789 3281 1848 propter
3308 1792 3499 1833 exces-

1920 1878 2042 1918 sum
2078 1864 2346 1922 bonitatis
2392 1868 2786 1924 amantissimae
2825 1877 2981 1924 extra
3022 1885 3084 1925 se
3127 1868 3348 1925 exsistit
3393 1883 3495 1938 per

1921 1971 2108 2011 rerum
2153 1959 2401 2015 omnium
2438 1961 2842 2031 providentias,
2882 1972 2940 2017 et
2985 1963 3146 2033 quasi
3191 1961 3498 2018 delectatur

1918 2048 2194 2119 ejusmodi
2220 2051 2469 2109 bonitate
2497 2064 2555 2109 et
2585 2055 2855 2110 cbaritate
2887 2064 2945 2111 et
2978 2070 3189 2119 amore,
3234 2062 3312 2119 et,
3369 2068 3495 2107 cum

1920 2142 1992 2197 sit
2030 2158 2197 2214 supra
2230 2146 2415 2202 omnia
2437 2156 2496 2203 et
2522 2148 2705 2203 omnia
2733 2157 2791 2203 et
2813 2164 2881 2203 ex
2902 2148 3165 2204 omnibus
3182 2156 3494 2218 exemptus,

1919 2234 1989 2289 ad
2029 2236 2339 2291 universale
2362 2236 2680 2304 deducitur,
2708 2240 3012 2296 secundum
3038 2240 3364 2297 exstaticam
3400 2256 3498 2295 su-

1920 2328 2361 2396 pernaturalem,
2388 2345 2512 2400 quae
2548 2331 2793 2401 seipsum
2832 2331 2981 2387 haud
3031 2332 3290 2394 deserat,
3324 2332 3501 2387 virtu-

1921 2424 2054 2471 tem.
2092 2435 2111 2469 ι
2149 2416 2405 2475 Fortasse
2436 2418 2627 2491 igitur,
2656 2430 2719 2476 ut
2753 2421 2891 2485 dixi,
2929 2438 3107 2477 meam
3133 2423 3303 2487 illius,
3332 2442 3350 2475 ι
3391 2422 3500 2478 Lu-

1920 2503 2003 2560 dit
2036 2506 2186 2561 enim
2218 2507 2382 2563 Ratio
2412 2524 2669 2578 summa,
2692 2528 2858 2583 quam
2909 2513 3105 2583 paucis
3140 2513 3370 2584 exposui
3411 2529 3503 2568 ra-

1922 2597 2128 2653 tionem
2148 2614 2218 2655 ex
2246 2599 2332 2655 bis
2354 2617 2576 2673 quoque
2605 2612 2663 2659 et
2698 2604 2754 2660 in
2794 2605 2937 2661 banc
2964 2608 3297 2663 sententiam
3326 2606 3502 2663 inter—

1920 2688 2128 2756 pretari
2173 2688 2339 2745 nobis
2390 2691 2576 2757 liceat,
2619 2693 2701 2748 uti
2744 2694 3000 2752 dicamus
3044 2714 3058 2750 :
3112 2696 3272 2752 Sicut
3308 2714 3505 2768 paren-

1923 2789 2006 2834 tes
2041 2784 2125 2848 (ut
2147 2791 2350 2837 nostra:
2381 2784 2508 2840 vita:
2539 2786 2808 2856 exemplis
2855 2797 2981 2842 utar
3008 2788 3075 2843 ad
3120 2804 3211 2843 res
3251 2805 3376 2859 qme
3410 2806 3505 2843 su-

1920 2884 2240 2944 perantnos
2262 2876 2669 2949 delineandas),
2703 2880 2893 2950 pueris
2941 2882 3218 2953 pigritiam
3243 2892 3504 2937 excutere

1920 2964 2209 3020 studentes
2235 2966 2727 3023 condcscensionis
2747 2969 2912 3025 modo
2938 2986 3058 3025 sese
3086 2971 3505 3028 accommodant

1918 3066 1974 3111 et
1999 3058 2235 3128 puerilia
2268 3058 2486 3115 ludicra
2546 3060 2705 3130 sequi
2762 3059 3047 3129 videntur,
3093 3063 3265 3117 veluti
3292 3064 3375 3118 fac
3403 3080 3508 3117 nu-

1848 3181 1896 3244 c
1924 3149 2085 3205 cibus
2128 3158 2186 3205 et
2210 3151 2335 3207 talis
2370 3151 2565 3207 ludere
2598 3166 2723 3207 cum
2777 3153 2861 3208 eis
2929 3154 3337 3225 morigerantes
3360 3195 3375 3218 ,
3416 3155 3507 3210 vel

1924 3240 2092 3295 etiam
2123 3240 2287 3298 ﬂores
2308 3243 2557 3298 colorum
2596 3246 2869 3301 varietate
2904 3245 3201 3301 distinctos
3228 3254 3285 3301 et
3322 3255 3508 3302 vestes

1923 3333 2095 3389 variis
2119 3335 2405 3391 coloribus
2428 3336 2651 3403 tinctas,
2670 3354 2794 3409 quae
2817 3355 3016 3395 sensus
3041 3341 3341 3404 mulceant,
3377 3355 3512 3410 pro-

1924 3434 2231 3490 ponentes,
2285 3425 2531 3495 primum
2603 3437 2839 3483 avocant
2900 3438 2998 3485 aut
3060 3430 3509 3501 obstupefaCiunt

1923 3528 2147 3583 pueros,
2188 3515 2298 3569 alio
2322 3531 2489 3587 opere
2529 3518 2775 3573 nondum
2798 3530 3122 3591 occupatos,
3172 3522 3337 3592 paulo
3382 3530 3508 3593 post

1923 3620 2058 3659 vero
2076 3605 2209 3661 ludo
2232 3607 2506 3664 litterario
2529 3610 2778 3681 ipsisque
2808 3611 3162 3684 disciplinam
3195 3614 3505 3684 graviorem

1926 3697 2176 3765 tradunt,
2200 3708 2257 3755 et
2285 3703 2530 3771 propriis
2560 3703 2799 3774 negotils
2827 3704 3085 3760 imbuunt
3119 3724 3134 3761 :
3166 3704 3248 3761 sic
3268 3706 3507 3763 fortasse

1924 3790 2093 3845 etiam
2147 3808 2334 3848 rerum
2366 3794 2757 3851 universarum
2784 3798 2959 3853 Deum
2996 3798 3185 3855 verbis
3223 3800 3346 3855 istis
3389 3818 3507 3856 ma-

1925 3881 2096 3952 gister
2121 3899 2220 3953 per
2260 3900 2448 3941 rerum
2495 3897 2806 3944 creatarum
2851 3906 2976 3960 quae
3027 3899 3296 3962 apparent
3344 3892 3509 3947 nobis

1924 3975 2096 4029 veluti
2166 3976 2510 4035 historialem
2570 3981 2795 4037 interim
2860 3992 3111 4039 naturam
3171 3999 3307 4050 uos,
3358 4000 3509 4040 nunc

1924 4068 2097 4123 veluti
2142 4071 2381 4127 maxime
2441 4088 2677 4143 pueros,
2726 4075 2781 4131 in
2835 4076 3373 4147 obstupefactionem
3418 4079 3506 4133 vel

1924 4164 2093 4218 etiam
2129 4166 2513 4222 avocationem
2552 4176 2855 4238 conspectu
2907 4167 3168 4225 nimirum
3214 4162 3407 4224 earum
3451 4177 3511 4224 et

1925 4255 2241 4327 cognitione
2259 4256 2629 4328 injicientem,
2655 4259 2860 4315 deinde
2872 4260 3042 4315 etiam
3067 4260 3511 4331 spiritualiorum

1928 4345 1985 4401 in
2038 4346 2121 4402 eis
2163 4348 2439 4407 rationum
2505 4332 3031 4419 contemplationem
3079 4350 3508 4413 immittentem,

250 4423 445 4479 ἑαυτοῦ
472 4423 653 4487 καθώς
682 4426 830 4479 ἐστιν
869 4422 1090 4494 ἐφικτὸν
1125 4422 1211 4477 διά
1246 4423 1526 4493 θεολογίας
1556 4441 1820 4495 μυστικω-

1927 4446 2207 4506 postremo
2231 4438 2299 4493 ad
2316 4439 2402 4494 sui
2418 4441 2787 4511 cognitionem
2813 4428 2986 4512 magis
3004 4442 3311 4514 mysticam,
3330 4458 3510 4514 quan-

248 4516 413 4589 τέραν
441 4514 646 4587 γνῶσιν
677 4516 962 4585 ὲνάγοντα,
1008 4515 1109 4588 τὴν
1140 4515 1323 4586 πάσης
1349 4514 1450 4586 τῆς
1490 4516 1549 4568 ὲν
1583 4515 1713 4569 εἴδει
1736 4517 1820 4569 καί

1940 4536 2047 4582 tam
2068 4529 2342 4601 attingere
2367 4531 2531 4586 nobis
2552 4532 2735 4597 liceat,
2762 4548 2885 4602 qua:
2905 4533 2974 4588 ab
3000 4534 3153 4587 omni
3179 4533 3234 4586 in
3259 4534 3435 4588 forma
3453 4541 3513 4587 et

248 4609 391 4681 ποιῷ
434 4609 532 4665 καλ⁸
575 4613 814 4681 σχήματι
858 4608 953 4663 καὶ
990 4607 1166 4679 ποσῷ,
1203 4604 1281 4678 τῷ
1323 4607 1380 4661 ὲν
1412 4605 1607 4677 πλήθει
1650 4622 1709 4659 τε
1739 4608 1820 4660 καί

1939 4621 2208 4691 qualitate
2228 4629 2286 4677 et
2311 4623 2499 4693 specie
2543 4632 2600 4678 et
2632 4624 2942 4693 quantitate
2983 4633 3091 4677 tam
3141 4624 3513 4679 multitudinis

247 4703 397 4773 εγκῳ
441 4704 758 4759 παντάπασι
813 4701 1246 4773 καθαρεύουσαν,
1300 4699 1575 4763 ποικιλίας
1627 4716 1687 4753 τε
1742 4699 1820 4754 καί

1932 4725 2098 4779 quam
2122 4711 2283 4766 molis
2305 4712 2466 4783 plane
2488 4728 2629 4783 pura
2650 4722 2735 4768 est
2752 4729 2849 4784 per
2877 4712 3208 4783 theologiam
3226 4712 3505 4767 deducen-

250 4795 555 4862 συνθέσεως
576 4797 636 4851 ὲν
656 4797 768 4857 τοῖς
787 4793 1280 4868 προπαιδεύμασιν,
1306 4793 1384 4857 ὡς
1407 4793 1546 4866 πρὸς
1569 4792 1630 4848 τὸ
1649 4793 1820 4865 τέρμα

1936 4808 2066 4865 tem,
2092 4801 2147 4855 in
2176 4801 2463 4857 varietatis
2484 4815 2650 4876 atque
2677 4804 3097 4875 compositionis
3124 4812 3383 4872 tanquam
3408 4803 3514 4874 pri-

251 4890 351 4961 τῆς
390 4888 645 4962 θεωρίας,
691 4906 710 4943 ι
739 4888 954 4953 παίζειν
981 4906 1001 4940 ι
1046 4887 1260 4959 εἴρηται
1299 4885 1380 4958 τῷ
1407 4885 1653 4959 θεοφὸρῳ
1681 4887 1820 4961 Γρη-

1930 4894 2036 4951 mis
2056 4894 2363 4968 disciplinzc
2381 4896 2673 4953 elementis
2702 4897 2759 4951 in
2810 4896 2972 4951 linem
3008 4894 3510 4965 contemplationis,

250 4978 446 5051 γορίῳ,
490 4978 588 5033 καὶ
625 4978 702 5050 τῷ
742 4977 989 5051 θεοφόρῳ
1034 4976 1297 5047 Διονυσίῳ
1347 4975 1716 5047 ιθέλγεσθαίι
1767 4994 1820 5031 τε

1943 5006 1962 5039 ι
1981 4988 2223 5055 ludere,»
2253 4990 2396 5045 utab
2413 4989 2603 5045 divino
2622 4988 2887 5059 Gregorio
2919 4989 3126 5043 dictum
3146 4999 3251 5050 cst.
3270 4997 3327 5042 et
3345 4986 3414 5041 ab
3435 4986 3515 5041 di-

253 5072 350 5126 καὶ
390 5088 409 5123 ι
443 5070 755 5139 ἐξίστασθαι
788 5071 1001 5129 ἑαυτοῦ.
1031 5090 1050 5125 ι

1936 5079 2068 5133 vino
2088 5080 2346 5153 Dionysio
2389 5100 2405 5132 ι
2429 5079 2691 5135 delectari
2717 5099 2735 5130 ι
2765 5088 2840 5143 et,
2870 5098 2888 5129 ι
2918 5087 3071 5134 extra
3099 5093 3158 5133 se
3189 5076 3506 5132 exsisterea

321 5159 416 5234 Τῷ
480 5162 596 5217 ὄντι
646 5162 757 5234 γάρ
804 5166 869 5218 ὲκ
918 5159 1271 5234 παραλλήλου
1325 5163 1468 5217 κατά
1523 5163 1820 5234 παράθεσιν

2010 5173 2223 5230 Revera
2281 5174 2430 5229 enim
2478 5188 2570 5229 res
2626 5182 2927 5243 praesentes
2978 5180 3035 5228 et
3094 5170 3238 5226 visui
3287 5169 3515 5241 objectm

255 5252 608 5327 θεωρούμενα
644 5256 783 5329 πρὸς
816 5256 887 5312 τά
936 5256 1142 5329 κυρίως
1173 5254 1268 5309 καλ⁸
1294 5253 1511 5327 άληθῶς
1537 5255 1686 5323 ὄντα,
1736 5259 1820 5312 καῚ

1934 5265 2089 5337 juxta
2106 5282 2171 5322 ea
2193 5282 2315 5338 qua:
2338 5265 2559 5338 proprie
2583 5281 2649 5321 ac
2674 5281 2801 5321 vere
2821 5274 2970 5330 sunt,
2997 5280 3229 5337 quaeque
3257 5263 3311 5318 in
3330 5264 3353 5318 1⁵
3354 5273 3516 5316 uturo

320 5402 349 5443 ι⁵
377 5391 514 5451 Luc.
537 5409 648 5463 xvn,
676 5395 769 5452 24.

1523 5483 1759 5542 νΔῐὶΙᾹε]
1795 5487 2085 5547 LECTION
2095 5491 2202 5550 ES.

342 5579 391 5612 “
428 5578 522 5639 Sic
554 5580 679 5638 cod.
709 5579 853 5638 Gud.
877 5578 937 5637 b.
968 5579 1007 5635 l.
1082 5581 1125 5619 ⁸⁷
1154 5576 1246 5637 Sic
1272 5576 1399 5635 cod.
1429 5576 1572 5635 Gud.

322 5720 431 5792 (70)
460 5719 622 5792 Greg.
642 5718 775 5775 Naz.
805 5719 899 5775 Or.
933 5719 988 5792 in
1014 5719 1320 5775 Pcntecost.
1351 5732 1471 5790 cap.
1500 5715 1610 5787 12.,
1630 5731 1686 5788 p.
1710 5717 1832 5774 7M.

2014 5718 2129 5792 (ll)
2207 5718 2429 5792 Dionys.
2485 5720 2753 5792 Areopag.
2804 5720 2882 5792 Dic
2910 5721 3015 5792 div.
3072 5738 3221 5790 nam.
3261 5736 3382 5792 cap.
3454 5720 3508 5775 4.

263 5790 395 5847 tom.
423 5792 463 5846 Ι.
503 5790 643 5863 Opp.
674 5792 762 5847 ed.
796 5790 1001 5847 Bened.

1944 5788 1973 5860 §
2008 5781 2119 5857 ἰδέ
2146 5805 2201 5861 p.
2226 5781 2509 5847 έθόἶιοιιι.
2544 5791 2583 5858 l,
2622 5781 2761 5862 Opp.
2796 5791 2884 5846 ed.
2916 5790 3051 5848 \‘cn.
