  <div class='ocr_page' id='page_1' title='image "/cluster/home/n/w/nwhite01/storage/ocr_20150623/91/hvd.32044019208024/724.png"; bbox 0 0 4080 6282; ppageno 0'>
   <div class='ocr_carea' id='block_1_1' title="bbox 267 272 1839 343">
    <p class='ocr_par' dir='ltr' id='par_1_1' title="bbox 267 272 1839 343">
     <span class='ocr_line' id='line_1_1' title="bbox 267 272 1839 343; baseline -0.004 0"><span class='ocrx_word' id='word_1_1' title='bbox 267 275 407 343; x_wconf 66' lang='grc'><strong>1417</strong></span> <span class='ocrx_word' id='word_1_2' title='bbox 1504 272 1839 336; x_wconf 83' lang='lat' dir='ltr'><strong>AMBIGUC</strong></span> 
     </span>
    </p>
   </div>
   <div class='ocr_carea' id='block_1_2' title="bbox 1946 272 3537 343">
    <p class='ocr_par' dir='ltr' id='par_1_2' title="bbox 1946 274 3537 340">
     <span class='ocr_line' id='line_1_2' title="bbox 1946 274 3537 340; baseline 0.004 -6"><span class='ocrx_word' id='word_1_3' title='bbox 1946 274 2024 336; x_wconf 84' lang='lat' dir='ltr'><strong>lM</strong></span> <span class='ocrx_word' id='word_1_4' title='bbox 2064 276 2317 338; x_wconf 84' lang='lat' dir='ltr'><strong>LIBER.</strong></span> <span class='ocrx_word' id='word_1_5' title='bbox 3401 276 3537 340; x_wconf 69' lang='grc'><strong>1418</strong></span> 
     </span>
    </p>
   </div>
   <div class='ocr_carea' id='block_1_3' title="bbox 335 384 1839 465">
    <p class='ocr_par' dir='ltr' id='par_1_3' title="bbox 335 384 1839 465">
     <span class='ocr_line' id='line_1_3' title="bbox 335 384 1839 465; baseline -0.003 -18"><span class='ocrx_word' id='word_1_6' title='bbox 335 392 525 449; x_wconf 85' lang='grc' dir='ltr'>Ταῦτα</span> <span class='ocrx_word' id='word_1_7' title='bbox 551 393 680 465; x_wconf 70' lang='grc' dir='ltr'>περὶ</span> <span class='ocrx_word' id='word_1_8' title='bbox 722 384 800 446; x_wconf 82' lang='grc' dir='ltr'>ὧν</span> <span class='ocrx_word' id='word_1_9' title='bbox 847 391 960 453; x_wconf 86' lang='grc' dir='ltr'>τοῖς</span> <span class='ocrx_word' id='word_1_10' title='bbox 990 387 1288 452; x_wconf 77' lang='grc' dir='ltr'>θειοτάτοις</span> <span class='ocrx_word' id='word_1_11' title='bbox 1316 388 1411 441; x_wconf 78' lang='grc' dir='ltr'><strong>τοῦ</strong></span> <span class='ocrx_word' id='word_1_12' title='bbox 1463 389 1702 459; x_wconf 81' lang='grc' dir='ltr'><strong>μεγάλου</strong></span> <span class='ocrx_word' id='word_1_13' title='bbox 1735 391 1839 443; x_wconf 91' lang='grc' dir='ltr'><strong>Πα-</strong></span> 
     </span>
    </p>
   </div>
   <div class='ocr_carea' id='block_1_4' title="bbox 1946 384 3542 465">
    <p class='ocr_par' dir='ltr' id='par_1_4' title="bbox 2026 389 3542 462">
     <span class='ocr_line' id='line_1_4' title="bbox 2026 389 3542 462; baseline 0.004 -18"><span class='ocrx_word' id='word_1_14' title='bbox 2026 390 2093 445; x_wconf 83' lang='lat' dir='ltr'><strong>Hi</strong></span> <span class='ocrx_word' id='word_1_15' title='bbox 2143 399 2276 445; x_wconf 86' lang='lat' dir='ltr'><strong>sunt</strong></span> <span class='ocrx_word' id='word_1_16' title='bbox 2330 389 2436 445; x_wconf 92' lang='lat' dir='ltr'><strong>loci</strong></span> <span class='ocrx_word' id='word_1_17' title='bbox 2477 389 2533 445; x_wconf 91' lang='lat' dir='ltr'><strong>in</strong></span> <span class='ocrx_word' id='word_1_18' title='bbox 2557 391 2742 462; x_wconf 87' lang='lat' dir='ltr'><strong>magni</strong></span> <span class='ocrx_word' id='word_1_19' title='bbox 2773 392 2949 448; x_wconf 79' lang='lat' dir='ltr'><strong>nostri</strong></span> <span class='ocrx_word' id='word_1_20' title='bbox 2982 392 3162 449; x_wconf 86' lang='lat' dir='ltr'><strong>Patris</strong></span> <span class='ocrx_word' id='word_1_21' title='bbox 3205 401 3265 448; x_wconf 88' lang='lat' dir='ltr'><strong>et</strong></span> <span class='ocrx_word' id='word_1_22' title='bbox 3297 392 3542 450; x_wconf 88' lang='lat' dir='ltr'><strong>doctoris</strong></span> 
     </span>
    </p>
   </div>
   <div class='ocr_carea' id='block_1_5' title="bbox 261 481 1839 559">
    <p class='ocr_par' dir='ltr' id='par_1_5' title="bbox 261 481 1839 559">
     <span class='ocr_line' id='line_1_5' title="bbox 261 481 1839 559; baseline -0.004 -18"><span class='ocrx_word' id='word_1_23' title='bbox 261 487 392 559; x_wconf 79' lang='grc' dir='ltr'>τρὺς</span> <span class='ocrx_word' id='word_1_24' title='bbox 468 484 628 555; x_wconf 75' lang='grc' dir='ltr'>ἡμῶν</span> <span class='ocrx_word' id='word_1_25' title='bbox 702 484 797 538; x_wconf 82' lang='grc' dir='ltr'>καὶ</span> <span class='ocrx_word' id='word_1_26' title='bbox 869 481 1192 537; x_wconf 81' lang='grc' dir='ltr'><strong>διδασκάλου</strong></span> <span class='ocrx_word' id='word_1_27' title='bbox 1280 481 1584 553; x_wconf 83' lang='grc' dir='ltr'>Γρηγορίου</span> <span class='ocrx_word' id='word_1_28' title='bbox 1670 481 1839 550; x_wconf 79' lang='grc' dir='ltr'>λόγοις</span> 
     </span>
    </p>
   </div>
   <div class='ocr_carea' id='block_1_6' title="bbox 1946 481 3540 559">
    <p class='ocr_par' dir='ltr' id='par_1_6' title="bbox 1958 481 3540 557">
     <span class='ocr_line' id='line_1_6' title="bbox 1958 481 3540 557; baseline 0.003 -20"><span class='ocrx_word' id='word_1_29' title='bbox 1958 481 2209 553; x_wconf 80' lang='lat' dir='ltr'><strong>Gregorii</strong></span> <span class='ocrx_word' id='word_1_30' title='bbox 2230 482 2589 539; x_wconf 75' lang='lat' dir='ltr'><strong>sermonibus</strong></span> <span class='ocrx_word' id='word_1_31' title='bbox 2610 482 2679 539; x_wconf 90' lang='lat' dir='ltr'><strong>de</strong></span> <span class='ocrx_word' id='word_1_32' title='bbox 2704 484 2909 554; x_wconf 83' lang='lat' dir='ltr'><strong>quibus</strong></span> <span class='ocrx_word' id='word_1_33' title='bbox 2938 485 3289 556; x_wconf 67' lang='lat' dir='ltr'><strong>quaesivistis,</strong></span> <span class='ocrx_word' id='word_1_34' title='bbox 3322 501 3540 557; x_wconf 82' lang='lat' dir='ltr'><strong>ineque,</strong></span> 
     </span>
    </p>
   </div>
   <div class='ocr_carea' id='block_1_7' title="bbox 257 572 1839 651">
    <p class='ocr_par' dir='ltr' id='par_1_7' title="bbox 257 572 1839 651">
     <span class='ocr_line' id='line_1_7' title="bbox 257 572 1839 651; baseline -0.005 -19"><span class='ocrx_word' id='word_1_35' title='bbox 257 579 583 651; x_wconf 69' lang='grc' dir='ltr'><strong>⁴ιπιπορήσατιε</strong></span> <span class='ocrx_word' id='word_1_36' title='bbox 604 578 699 631; x_wconf 70' lang='grc' dir='ltr'>καὶ</span> <span class='ocrx_word' id='word_1_37' title='bbox 722 578 895 630; x_wconf 71' lang='grc' dir='ltr'>εἰπεῖν</span> <span class='ocrx_word' id='word_1_38' title='bbox 922 575 1247 630; x_wconf 79' lang='grc' dir='ltr'>ἐκελεύσατὲ</span> <span class='ocrx_word' id='word_1_39' title='bbox 1280 591 1392 643; x_wconf 88' lang='grc' dir='ltr'>μοι,</span> <span class='ocrx_word' id='word_1_40' title='bbox 1414 572 1839 645; x_wconf 53' lang='grc' dir='ltr'>μακαριώτατοι,</span> 
     </span>
    </p>
   </div>
   <div class='ocr_carea' id='block_1_8' title="bbox 1946 572 3541 651">
    <p class='ocr_par' dir='ltr' id='par_1_8' title="bbox 1959 575 3541 651">
     <span class='ocr_line' id='line_1_8' title="bbox 1959 575 3541 651; baseline 0.006 -21"><span class='ocrx_word' id='word_1_41' title='bbox 1959 575 2291 642; x_wconf 90' lang='lat' dir='ltr'><strong>beatissimi,</strong></span> <span class='ocrx_word' id='word_1_42' title='bbox 2331 592 2431 647; x_wconf 91' lang='lat' dir='ltr'><strong>pro</strong></span> <span class='ocrx_word' id='word_1_43' title='bbox 2449 577 2597 633; x_wconf 87' lang='lat' dir='ltr'><strong>virili</strong></span> <span class='ocrx_word' id='word_1_44' title='bbox 2629 587 2785 648; x_wconf 87' lang='lat' dir='ltr'><strong>parte</strong></span> <span class='ocrx_word' id='word_1_45' title='bbox 2817 595 3100 651; x_wconf 78' lang='lat' dir='ltr'><strong>exponere</strong></span> <span class='ocrx_word' id='word_1_46' title='bbox 3128 583 3401 638; x_wconf 75' lang='lat' dir='ltr'><strong>voluistis.</strong></span> <span class='ocrx_word' id='word_1_47' title='bbox 3432 585 3541 639; x_wconf 76' lang='lat' dir='ltr'><strong>Vo-</strong></span> 
     </span>
    </p>
   </div>
   <div class='ocr_carea' id='block_1_9' title="bbox 259 667 1839 746">
    <p class='ocr_par' dir='ltr' id='par_1_9' title="bbox 259 667 1839 744">
     <span class='ocr_line' id='line_1_9' title="bbox 259 667 1839 744; baseline -0.004 -17"><span class='ocrx_word' id='word_1_48' title='bbox 259 673 406 727; x_wconf 84' lang='grc' dir='ltr'>κατά</span> <span class='ocrx_word' id='word_1_49' title='bbox 426 671 523 744; x_wconf 81' lang='grc' dir='ltr'>τὴν</span> <span class='ocrx_word' id='word_1_50' title='bbox 549 671 690 743; x_wconf 72' lang='grc' dir='ltr'>ἐμὴν</span> <span class='ocrx_word' id='word_1_51' title='bbox 713 670 963 742; x_wconf 79' lang='grc' dir='ltr'>δύναμιν.</span> <span class='ocrx_word' id='word_1_52' title='bbox 986 668 1078 739; x_wconf 80' lang='grc' dir='ltr'><strong>Τῷ</strong></span> <span class='ocrx_word' id='word_1_53' title='bbox 1100 669 1349 740; x_wconf 82' lang='grc' dir='ltr'>ὑμετέρῳ</span> <span class='ocrx_word' id='word_1_54' title='bbox 1379 668 1607 739; x_wconf 84' lang='grc' dir='ltr'><strong>νεύματι</strong></span> <span class='ocrx_word' id='word_1_55' title='bbox 1628 667 1839 730; x_wconf 78' lang='grc' dir='ltr'>δικαίως</span> 
     </span>
    </p>
   </div>
   <div class='ocr_carea' id='block_1_10' title="bbox 1946 667 3542 746">
    <p class='ocr_par' dir='ltr' id='par_1_10' title="bbox 1958 667 3542 746">
     <span class='ocr_line' id='line_1_10' title="bbox 1958 667 3542 746; baseline 0.006 -24"><span class='ocrx_word' id='word_1_56' title='bbox 1958 667 2162 722; x_wconf 89' lang='lat' dir='ltr'><strong>luntati</strong></span> <span class='ocrx_word' id='word_1_57' title='bbox 2192 676 2417 735; x_wconf 70' lang='lat' dir='ltr'><strong>vestrae,</strong></span> <span class='ocrx_word' id='word_1_58' title='bbox 2458 679 2522 725; x_wconf 92' lang='lat' dir='ltr'><strong>ut</strong></span> <span class='ocrx_word' id='word_1_59' title='bbox 2557 686 2658 741; x_wconf 88' lang='lat' dir='ltr'><strong>par</strong></span> <span class='ocrx_word' id='word_1_60' title='bbox 2689 680 2776 726; x_wconf 90' lang='lat' dir='ltr'><strong>est</strong></span> <span class='ocrx_word' id='word_1_61' title='bbox 2800 714 2814 739; x_wconf 95' lang='lat'><strong>,</strong></span> <span class='ocrx_word' id='word_1_62' title='bbox 2853 672 3146 737; x_wconf 85' lang='lat' dir='ltr'><strong>Obediens,</strong></span> <span class='ocrx_word' id='word_1_63' title='bbox 3172 674 3414 731; x_wconf 87' lang='lat' dir='ltr'><strong>disserui</strong></span> <span class='ocrx_word' id='word_1_64' title='bbox 3440 691 3542 746; x_wconf 85' lang='lat' dir='ltr'><strong>ego</strong></span> 
     </span>
    </p>
   </div>
   <div class='ocr_carea' id='block_1_11' title="bbox 260 760 1839 838">
    <p class='ocr_par' dir='ltr' id='par_1_11' title="bbox 260 761 1839 833">
     <span class='ocr_line' id='line_1_11' title="bbox 260 761 1839 833; baseline -0.002 -17"><span class='ocrx_word' id='word_1_65' title='bbox 260 763 505 817; x_wconf 81' lang='grc' dir='ltr'><strong>ὑπείκων</strong></span> <span class='ocrx_word' id='word_1_66' title='bbox 535 761 673 833; x_wconf 80' lang='grc' dir='ltr'>ἔφην</span> <span class='ocrx_word' id='word_1_67' title='bbox 703 762 816 831; x_wconf 78' lang='grc' dir='ltr'><strong>ἐγὼ</strong></span> <span class='ocrx_word' id='word_1_68' title='bbox 861 762 1278 833; x_wconf 80' lang='grc' dir='ltr'><strong>στοχαζόμενος,</strong></span> <span class='ocrx_word' id='word_1_69' title='bbox 1326 761 1443 815; x_wconf 84' lang='grc' dir='ltr'>ἀλλ’</span> <span class='ocrx_word' id='word_1_70' title='bbox 1475 762 1575 815; x_wconf 86' lang='grc' dir='ltr'><strong>οὐκ</strong></span> <span class='ocrx_word' id='word_1_71' title='bbox 1608 761 1839 831; x_wconf 80' lang='grc' dir='ltr'>ἀποφαι-</span> 
     </span>
    </p>
   </div>
   <div class='ocr_carea' id='block_1_12' title="bbox 1946 760 3541 838">
    <p class='ocr_par' dir='ltr' id='par_1_12' title="bbox 1958 760 3541 838">
     <span class='ocr_line' id='line_1_12' title="bbox 1958 760 3541 838; baseline 0.006 -23"><span class='ocrx_word' id='word_1_72' title='bbox 1958 760 2027 816; x_wconf 90' lang='lat' dir='ltr'><strong>de</strong></span> <span class='ocrx_word' id='word_1_73' title='bbox 2052 762 2370 834; x_wconf 83' lang='lat' dir='ltr'><strong>conjectura</strong></span> <span class='ocrx_word' id='word_1_74' title='bbox 2402 765 2576 836; x_wconf 84' lang='lat' dir='ltr'><strong>magis</strong></span> <span class='ocrx_word' id='word_1_75' title='bbox 2600 765 3044 822; x_wconf 89' lang='lat' dir='ltr'><strong>commendando</strong></span> <span class='ocrx_word' id='word_1_76' title='bbox 3068 784 3231 838; x_wconf 89' lang='lat' dir='ltr'><strong>quam</strong></span> <span class='ocrx_word' id='word_1_77' title='bbox 3262 769 3541 824; x_wconf 82' lang='lat' dir='ltr'><strong>aﬂirman—</strong></span> 
     </span>
    </p>
   </div>
   <div class='ocr_carea' id='block_1_13' title="bbox 256 852 1851 927">
    <p class='ocr_par' dir='ltr' id='par_1_13' title="bbox 256 852 1851 927">
     <span class='ocr_line' id='line_1_13' title="bbox 256 852 1851 927; baseline -0.001 -18"><span class='ocrx_word' id='word_1_78' title='bbox 256 855 504 927; x_wconf 77' lang='grc' dir='ltr'>νόμενος.</span> <span class='ocrx_word' id='word_1_79' title='bbox 537 855 615 907; x_wconf 87' lang='grc' dir='ltr'>Οὐ</span> <span class='ocrx_word' id='word_1_80' title='bbox 659 855 768 927; x_wconf 83' lang='grc' dir='ltr'><strong>γάρ</strong></span> <span class='ocrx_word' id='word_1_81' title='bbox 816 856 1122 925; x_wconf 76' lang='grc' dir='ltr'><strong>ἐφικνεῖται</strong></span> <span class='ocrx_word' id='word_1_82' title='bbox 1164 855 1265 926; x_wconf 83' lang='grc' dir='ltr'><strong>τῆς</strong></span> <span class='ocrx_word' id='word_1_83' title='bbox 1305 855 1549 926; x_wconf 81' lang='grc' dir='ltr'><strong>μεγάλης</strong></span> <span class='ocrx_word' id='word_1_84' title='bbox 1572 853 1667 907; x_wconf 72' lang='grc' dir='ltr'>καὶ</span> <span class='ocrx_word' id='word_1_85' title='bbox 1712 852 1851 925; x_wconf 78' lang='grc' dir='ltr'>ὑψη-</span> 
     </span>
    </p>
   </div>
   <div class='ocr_carea' id='block_1_14' title="bbox 254 945 1855 1019">
    <p class='ocr_par' dir='ltr' id='par_1_14' title="bbox 254 945 1855 1019">
     <span class='ocr_line' id='line_1_14' title="bbox 254 945 1855 1019; baseline 0.001 -20"><span class='ocrx_word' id='word_1_86' title='bbox 254 945 361 1017; x_wconf 77' lang='grc' dir='ltr'>λῆς</span> <span class='ocrx_word' id='word_1_87' title='bbox 389 946 483 1000; x_wconf 88' lang='grc' dir='ltr'><strong>τοῦ</strong></span> <span class='ocrx_word' id='word_1_88' title='bbox 532 947 797 1018; x_wconf 83' lang='grc' dir='ltr'>θεοφόρου</span> <span class='ocrx_word' id='word_1_89' title='bbox 849 947 1172 1002; x_wconf 79' lang='grc' dir='ltr'>διδασκάλου</span> <span class='ocrx_word' id='word_1_90' title='bbox 1221 947 1461 1012; x_wconf 76' lang='grc' dir='ltr'>διανοίας</span> <span class='ocrx_word' id='word_1_91' title='bbox 1508 950 1538 1001; x_wconf 83' lang='grc' dir='ltr'><strong>ὁ</strong></span> <span class='ocrx_word' id='word_1_92' title='bbox 1585 947 1855 1019; x_wconf 79' lang='grc' dir='ltr'>ἡμέτερος</span> 
     </span>
    </p>
   </div>
   <div class='ocr_carea' id='block_1_15' title="bbox 254 1036 1853 1109">
    <p class='ocr_par' dir='ltr' id='par_1_15' title="bbox 254 1036 1853 1109">
     <span class='ocr_line' id='line_1_15' title="bbox 254 1036 1853 1109; baseline 0 -18"><span class='ocrx_word' id='word_1_93' title='bbox 254 1036 404 1103; x_wconf 89' lang='grc' dir='ltr'>νοῦς,</span> <span class='ocrx_word' id='word_1_94' title='bbox 440 1036 665 1102; x_wconf 89' lang='grc' dir='ltr'>πολλαῖς</span> <span class='ocrx_word' id='word_1_95' title='bbox 695 1036 777 1091; x_wconf 79' lang='grc' dir='ltr'>ἔτι</span> <span class='ocrx_word' id='word_1_96' title='bbox 820 1038 959 1092; x_wconf 81' lang='grc' dir='ltr'>κατὰ</span> <span class='ocrx_word' id='word_1_97' title='bbox 998 1036 1217 1109; x_wconf 79' lang='grc' dir='ltr'>θέλησιν</span> <span class='ocrx_word' id='word_1_98' title='bbox 1257 1036 1409 1091; x_wconf 86' lang='grc' dir='ltr'>ἀκίσι</span> <span class='ocrx_word' id='word_1_99' title='bbox 1442 1036 1630 1091; x_wconf 88' lang='grc' dir='ltr'>παθῶν</span> <span class='ocrx_word' id='word_1_100' title='bbox 1663 1036 1853 1107; x_wconf 84' lang='grc' dir='ltr'>βαλλό-</span> 
     </span>
    </p>
   </div>
   <div class='ocr_carea' id='block_1_16' title="bbox 256 1122 1850 1201">
    <p class='ocr_par' dir='ltr' id='par_1_16' title="bbox 256 1122 1850 1201">
     <span class='ocr_line' id='line_1_16' title="bbox 256 1122 1850 1201; baseline 0.001 -20"><span class='ocrx_word' id='word_1_101' title='bbox 256 1144 441 1198; x_wconf 88' lang='grc' dir='ltr'>μενος,</span> <span class='ocrx_word' id='word_1_102' title='bbox 472 1122 548 1182; x_wconf 81' lang='grc' dir='ltr'>ὧν</span> <span class='ocrx_word' id='word_1_103' title='bbox 595 1132 705 1194; x_wconf 77' lang='grc' dir='ltr'>τοῖς</span> <span class='ocrx_word' id='word_1_104' title='bbox 748 1130 975 1201; x_wconf 74' lang='grc' dir='ltr'>μώλωψι</span> <span class='ocrx_word' id='word_1_105' title='bbox 1005 1130 1207 1201; x_wconf 79' lang='grc' dir='ltr'>μᾶλλον</span> <span class='ocrx_word' id='word_1_106' title='bbox 1241 1130 1423 1201; x_wconf 84' lang='grc' dir='ltr'>χαίρει</span> <span class='ocrx_word' id='word_1_107' title='bbox 1475 1128 1850 1201; x_wconf 81' lang='grc' dir='ltr'>στιζόμενοςῆ</span> 
     </span>
    </p>
   </div>
   <div class='ocr_carea' id='block_1_17' title="bbox 251 1221 1849 1294">
    <p class='ocr_par' dir='ltr' id='par_1_17' title="bbox 251 1221 1849 1294">
     <span class='ocr_line' id='line_1_17' title="bbox 251 1221 1849 1294; baseline 0.001 -20"><span class='ocrx_word' id='word_1_108' title='bbox 251 1221 472 1290; x_wconf 77' lang='grc' dir='ltr'>χάρισιν</span> <span class='ocrx_word' id='word_1_109' title='bbox 514 1221 725 1292; x_wconf 85' lang='grc' dir='ltr'>ἀρετῶν</span> <span class='ocrx_word' id='word_1_110' title='bbox 761 1223 1180 1294; x_wconf 81' lang='grc' dir='ltr'>καθαιρόμενος,</span> <span class='ocrx_word' id='word_1_111' title='bbox 1230 1222 1320 1276; x_wconf 81' lang='grc' dir='ltr'>διὰ</span> <span class='ocrx_word' id='word_1_112' title='bbox 1363 1223 1463 1294; x_wconf 83' lang='grc' dir='ltr'>τὴν</span> <span class='ocrx_word' id='word_1_113' title='bbox 1498 1222 1725 1294; x_wconf 75' lang='grc' dir='ltr'>μακρὰν</span> <span class='ocrx_word' id='word_1_114' title='bbox 1754 1225 1849 1276; x_wconf 89' lang='grc' dir='ltr'><strong>τοῦ</strong></span> 
     </span>
    </p>
   </div>
   <div class='ocr_carea' id='block_1_18' title="bbox 252 1312 1850 1390">
    <p class='ocr_par' dir='ltr' id='par_1_18' title="bbox 252 1312 1850 1390">
     <span class='ocr_line' id='line_1_18' title="bbox 252 1312 1850 1390; baseline 0.003 -23"><span class='ocrx_word' id='word_1_115' title='bbox 252 1312 430 1368; x_wconf 85' lang='grc' dir='ltr'>κακοῦ</span> <span class='ocrx_word' id='word_1_116' title='bbox 458 1315 749 1387; x_wconf 86' lang='grc' dir='ltr'>συνήθειαν</span> <span class='ocrx_word' id='word_1_117' title='bbox 775 1315 889 1381; x_wconf 84' lang='grc' dir='ltr'>’ἐξιν</span> <span class='ocrx_word' id='word_1_118' title='bbox 917 1315 1097 1370; x_wconf 75' lang='grc' dir='ltr'>λαϐὼν</span> <span class='ocrx_word' id='word_1_119' title='bbox 1141 1316 1628 1390; x_wconf 83' lang='grc' dir='ltr'>φιλαμαρτήμονα.</span> <span class='ocrx_word' id='word_1_120' title='bbox 1661 1317 1773 1370; x_wconf 73' lang='grc' dir='ltr'>Καὶ</span> <span class='ocrx_word' id='word_1_121' title='bbox 1802 1319 1850 1371; x_wconf 80' lang='grc' dir='ltr'>εἰ</span> 
     </span>
    </p>
   </div>
   <div class='ocr_carea' id='block_1_19' title="bbox 253 1407 1850 1483">
    <p class='ocr_par' dir='ltr' id='par_1_19' title="bbox 253 1407 1850 1483">
     <span class='ocr_line' id='line_1_19' title="bbox 253 1407 1850 1483; baseline 0.004 -25"><span class='ocrx_word' id='word_1_122' title='bbox 253 1408 358 1475; x_wconf 84' lang='grc' dir='ltr'>μὲν</span> <span class='ocrx_word' id='word_1_123' title='bbox 382 1407 623 1477; x_wconf 78' lang='grc' dir='ltr'>φανῶσιν</span> <span class='ocrx_word' id='word_1_124' title='bbox 670 1409 799 1480; x_wconf 83' lang='grc' dir='ltr'>ὑμῖν</span> <span class='ocrx_word' id='word_1_125' title='bbox 845 1427 969 1463; x_wconf 90' lang='grc' dir='ltr'>τινα</span> <span class='ocrx_word' id='word_1_126' title='bbox 1008 1410 1168 1481; x_wconf 84' lang='grc' dir='ltr'>λόγον</span> <span class='ocrx_word' id='word_1_127' title='bbox 1210 1410 1357 1483; x_wconf 84' lang='grc' dir='ltr'>ἔχειν</span> <span class='ocrx_word' id='word_1_128' title='bbox 1393 1412 1492 1481; x_wconf 86' lang='grc' dir='ltr'>τῆς</span> <span class='ocrx_word' id='word_1_129' title='bbox 1540 1409 1850 1475; x_wconf 82' lang='grc' dir='ltr'>ὑποθέσεως</span> 
     </span>
    </p>
   </div>
   <div class='ocr_carea' id='block_1_20' title="bbox 249 1499 1844 1577">
    <p class='ocr_par' dir='ltr' id='par_1_20' title="bbox 249 1499 1844 1577">
     <span class='ocr_line' id='line_1_20' title="bbox 249 1499 1844 1577; baseline 0.002 -24"><span class='ocrx_word' id='word_1_130' title='bbox 249 1499 425 1568; x_wconf 80' lang='grc' dir='ltr'>ἄξιον,</span> <span class='ocrx_word' id='word_1_131' title='bbox 475 1502 570 1555; x_wconf 80' lang='grc' dir='ltr'>καὶ</span> <span class='ocrx_word' id='word_1_132' title='bbox 616 1502 690 1575; x_wconf 78' lang='grc' dir='ltr'>μὴ</span> <span class='ocrx_word' id='word_1_133' title='bbox 722 1503 899 1576; x_wconf 85' lang='grc' dir='ltr'>πάντη</span> <span class='ocrx_word' id='word_1_134' title='bbox 938 1508 1037 1577; x_wconf 80' lang='grc' dir='ltr'>τῆς</span> <span class='ocrx_word' id='word_1_135' title='bbox 1080 1503 1338 1577; x_wconf 82' lang='grc' dir='ltr'>ἀληθείας</span> <span class='ocrx_word' id='word_1_136' title='bbox 1390 1504 1844 1576; x_wconf 86' lang='grc' dir='ltr'>ἀπολειπόμενον,</span> 
     </span>
    </p>
   </div>
   <div class='ocr_carea' id='block_1_21' title="bbox 247 1593 1847 1669">
    <p class='ocr_par' dir='ltr' id='par_1_21' title="bbox 247 1593 1847 1669">
     <span class='ocr_line' id='line_1_21' title="bbox 247 1593 1847 1669; baseline 0.002 -23"><span class='ocrx_word' id='word_1_137' title='bbox 247 1593 331 1660; x_wconf 82' lang='grc' dir='ltr'>τῷ</span> <span class='ocrx_word' id='word_1_138' title='bbox 363 1593 481 1665; x_wconf 82' lang='grc' dir='ltr'><strong>Θεῷ</strong></span> <span class='ocrx_word' id='word_1_139' title='bbox 532 1596 709 1667; x_wconf 87' lang='grc' dir='ltr'>χάρις,</span> <span class='ocrx_word' id='word_1_140' title='bbox 764 1595 843 1667; x_wconf 83' lang='grc' dir='ltr'>τῷ</span> <span class='ocrx_word' id='word_1_141' title='bbox 881 1596 981 1668; x_wconf 82' lang='grc' dir='ltr'>τὴν</span> <span class='ocrx_word' id='word_1_142' title='bbox 1015 1596 1357 1669; x_wconf 76' lang='grc' dir='ltr'>χαμαίζηλον</span> <span class='ocrx_word' id='word_1_143' title='bbox 1401 1596 1512 1668; x_wconf 81' lang='grc' dir='ltr'>(ἵνα</span> <span class='ocrx_word' id='word_1_144' title='bbox 1560 1598 1655 1651; x_wconf 74' lang='grc' dir='ltr'>καὶ</span> <span class='ocrx_word' id='word_1_145' title='bbox 1690 1596 1847 1650; x_wconf 85' lang='grc' dir='ltr'>τοῦτο</span> 
     </span>
    </p>
   </div>
   <div class='ocr_carea' id='block_1_22' title="bbox 254 1686 1841 1760">
    <p class='ocr_par' dir='ltr' id='par_1_22' title="bbox 254 1686 1841 1760">
     <span class='ocr_line' id='line_1_22' title="bbox 254 1686 1841 1760; baseline 0.003 -21"><span class='ocrx_word' id='word_1_146' title='bbox 254 1686 743 1759; x_wconf 65' lang='grc' dir='ltr'>θαυματουργήσῃ)</span> <span class='ocrx_word' id='word_1_147' title='bbox 778 1688 873 1741; x_wconf 73' lang='grc' dir='ltr'>καὶ</span> <span class='ocrx_word' id='word_1_148' title='bbox 902 1690 1218 1760; x_wconf 83' lang='grc' dir='ltr'>χαμαιπετῆ</span> <span class='ocrx_word' id='word_1_149' title='bbox 1253 1689 1494 1744; x_wconf 89' lang='grc' dir='ltr'>διάνοιαν</span> <span class='ocrx_word' id='word_1_150' title='bbox 1523 1689 1841 1759; x_wconf 80' lang='grc' dir='ltr'>φωτίσαντι,</span> 
     </span>
    </p>
   </div>
   <div class='ocr_carea' id='block_1_23' title="bbox 248 1777 1836 1854">
    <p class='ocr_par' dir='ltr' id='par_1_23' title="bbox 248 1777 1836 1854">
     <span class='ocr_line' id='line_1_23' title="bbox 248 1777 1836 1854; baseline 0.006 -26"><span class='ocrx_word' id='word_1_151' title='bbox 248 1778 344 1830; x_wconf 77' lang='grc' dir='ltr'>καὶ</span> <span class='ocrx_word' id='word_1_152' title='bbox 363 1777 518 1846; x_wconf 84' lang='grc' dir='ltr'>λόγον</span> <span class='ocrx_word' id='word_1_153' title='bbox 552 1778 866 1850; x_wconf 84' lang='grc' dir='ltr'>σύμμετρον</span> <span class='ocrx_word' id='word_1_154' title='bbox 919 1782 1294 1852; x_wconf 84' lang='grc' dir='ltr'>χαρισαμένῳ,</span> <span class='ocrx_word' id='word_1_155' title='bbox 1327 1781 1464 1854; x_wconf 79' lang='grc' dir='ltr'>πρὸς</span> <span class='ocrx_word' id='word_1_156' title='bbox 1500 1781 1561 1834; x_wconf 87' lang='grc' dir='ltr'>τὸ</span> <span class='ocrx_word' id='word_1_157' title='bbox 1601 1783 1836 1852; x_wconf 80' lang='grc' dir='ltr'>χαράξαι</span> 
     </span>
    </p>
   </div>
   <div class='ocr_carea' id='block_1_24' title="bbox 248 1865 1835 1943">
    <p class='ocr_par' dir='ltr' id='par_1_24' title="bbox 248 1865 1835 1943">
     <span class='ocr_line' id='line_1_24' title="bbox 248 1865 1835 1943; baseline 0.007 -26"><span class='ocrx_word' id='word_1_158' title='bbox 248 1865 348 1936; x_wconf 80' lang='grc' dir='ltr'>τὴν</span> <span class='ocrx_word' id='word_1_159' title='bbox 374 1868 716 1939; x_wconf 82' lang='grc' dir='ltr'>συμμετρίαν</span> <span class='ocrx_word' id='word_1_160' title='bbox 758 1869 867 1922; x_wconf 89' lang='grc' dir='ltr'><strong>τῶν</strong></span> <span class='ocrx_word' id='word_1_161' title='bbox 906 1870 1209 1941; x_wconf 80' lang='grc' dir='ltr'>νοηθέντων</span> <span class='ocrx_word' id='word_1_162' title='bbox 1260 1874 1355 1925; x_wconf 82' lang='grc' dir='ltr'><strong>καί</strong></span> <span class='ocrx_word' id='word_1_163' title='bbox 1387 1873 1516 1943; x_wconf 85' lang='grc' dir='ltr'>ὑμῖν</span> <span class='ocrx_word' id='word_1_164' title='bbox 1558 1875 1668 1936; x_wconf 70' lang='grc' dir='ltr'>τοῖς</span> <span class='ocrx_word' id='word_1_165' title='bbox 1701 1874 1835 1929; x_wconf 82' lang='grc' dir='ltr'>ὐπο-</span> 
     </span>
    </p>
   </div>
   <div class='ocr_carea' id='block_1_25' title="bbox 247 1955 1833 2037">
    <p class='ocr_par' dir='ltr' id='par_1_25' title="bbox 247 1955 1833 2037">
     <span class='ocr_line' id='line_1_25' title="bbox 247 1955 1833 2037; baseline 0.006 -27"><span class='ocrx_word' id='word_1_166' title='bbox 247 1955 447 2023; x_wconf 64' lang='grc' dir='ltr'>ττάξασι</span> <span class='ocrx_word' id='word_1_167' title='bbox 485 1959 582 2012; x_wconf 77' lang='grc' dir='ltr'>καὶ</span> <span class='ocrx_word' id='word_1_168' title='bbox 607 1962 673 2031; x_wconf 83' lang='grc' dir='ltr'>τῇ</span> <span class='ocrx_word' id='word_1_169' title='bbox 699 1959 808 2013; x_wconf 85' lang='grc' dir='ltr'><strong>τῶν</strong></span> <span class='ocrx_word' id='word_1_170' title='bbox 850 1960 1025 2031; x_wconf 90' lang='grc' dir='ltr'>εὐχῶν</span> <span class='ocrx_word' id='word_1_171' title='bbox 1081 1960 1305 2033; x_wconf 79' lang='grc' dir='ltr'>βοηθείᾳ</span> <span class='ocrx_word' id='word_1_172' title='bbox 1325 1963 1389 2016; x_wconf 83' lang='grc' dir='ltr'>τὸ</span> <span class='ocrx_word' id='word_1_173' title='bbox 1414 1965 1522 2017; x_wconf 86' lang='grc' dir='ltr'><strong>πᾶν</strong></span> <span class='ocrx_word' id='word_1_174' title='bbox 1554 1964 1833 2037; x_wconf 82' lang='grc' dir='ltr'>κατορθώ-</span> 
     </span>
    </p>
   </div>
   <div class='ocr_carea' id='block_1_26' title="bbox 251 2050 1835 2127">
    <p class='ocr_par' dir='ltr' id='par_1_26' title="bbox 251 2050 1835 2127">
     <span class='ocr_line' id='line_1_26' title="bbox 251 2050 1835 2127; baseline 0.006 -26"><span class='ocrx_word' id='word_1_175' title='bbox 251 2065 430 2103; x_wconf 84' lang='grc' dir='ltr'>σασιν.</span> <span class='ocrx_word' id='word_1_176' title='bbox 467 2071 484 2102; x_wconf 79' lang='grc' dir='ltr'><strong>ι</strong></span> <span class='ocrx_word' id='word_1_177' title='bbox 514 2050 576 2104; x_wconf 83' lang='lat' dir='ltr'><strong>El</strong></span> <span class='ocrx_word' id='word_1_178' title='bbox 602 2050 658 2104; x_wconf 82' lang='grc' dir='ltr'>δὲ</span> <span class='ocrx_word' id='word_1_179' title='bbox 686 2052 784 2105; x_wconf 89' lang='grc' dir='ltr'><strong>οὐκ</strong></span> <span class='ocrx_word' id='word_1_180' title='bbox 826 2052 1001 2123; x_wconf 81' lang='grc' dir='ltr'>ὀρθῶς</span> <span class='ocrx_word' id='word_1_181' title='bbox 1032 2052 1063 2123; x_wconf 84' lang='grc' dir='ltr'>ἢ</span> <span class='ocrx_word' id='word_1_182' title='bbox 1094 2053 1299 2117; x_wconf 82' lang='grc' dir='ltr'>ἀτελῶς</span> <span class='ocrx_word' id='word_1_183' title='bbox 1329 2054 1424 2107; x_wconf 76' lang='grc' dir='ltr'>καὶ</span> <span class='ocrx_word' id='word_1_184' title='bbox 1452 2054 1551 2126; x_wconf 85' lang='grc' dir='ltr'><strong>τῆς</strong></span> <span class='ocrx_word' id='word_1_185' title='bbox 1574 2054 1835 2127; x_wconf 83' lang='grc' dir='ltr'>ἀληθείας</span> 
     </span>
    </p>
   </div>
   <div class='ocr_carea' id='block_1_27' title="bbox 248 2142 1834 2220">
    <p class='ocr_par' dir='ltr' id='par_1_27' title="bbox 248 2142 1834 2220">
     <span class='ocr_line' id='line_1_27' title="bbox 248 2142 1834 2220; baseline 0.004 -24"><span class='ocrx_word' id='word_1_186' title='bbox 248 2142 283 2213; x_wconf 75' lang='grc' dir='ltr'><strong>ἢ</strong></span> <span class='ocrx_word' id='word_1_187' title='bbox 304 2142 503 2208; x_wconf 85' lang='grc' dir='ltr'>ὀλικῶς</span> <span class='ocrx_word' id='word_1_188' title='bbox 526 2144 559 2216; x_wconf 79' lang='grc' dir='ltr'><strong>ἢ</strong></span> <span class='ocrx_word' id='word_1_189' title='bbox 584 2143 825 2216; x_wconf 80' lang='grc' dir='ltr'>μερικῶς</span> <span class='ocrx_word' id='word_1_190' title='bbox 847 2144 1205 2218; x_wconf 86' lang='grc' dir='ltr'>ἀποπεπλάνη</span> <span class='ocrx_word' id='word_1_191' title='bbox 1215 2164 1310 2218; x_wconf 85' lang='grc' dir='ltr'><strong>μαι</strong></span> <span class='ocrx_word' id='word_1_192' title='bbox 1342 2167 1361 2200; x_wconf 77' lang='grc' dir='ltr'><strong>ι</strong></span> <span class='ocrx_word' id='word_1_193' title='bbox 1392 2148 1504 2216; x_wconf 87' lang='grc' dir='ltr'>(τὸν</span> <span class='ocrx_word' id='word_1_194' title='bbox 1527 2148 1635 2220; x_wconf 82' lang='grc' dir='ltr'><strong>γάρ</strong></span> <span class='ocrx_word' id='word_1_195' title='bbox 1657 2148 1834 2220; x_wconf 84' lang='grc' dir='ltr'>μέγαν</span> 
     </span>
    </p>
   </div>
   <div class='ocr_carea' id='block_1_28' title="bbox 249 2236 1833 2312">
    <p class='ocr_par' dir='ltr' id='par_1_28' title="bbox 249 2236 1833 2312">
     <span class='ocr_line' id='line_1_28' title="bbox 249 2236 1833 2312; baseline 0.003 -23"><span class='ocrx_word' id='word_1_196' title='bbox 249 2238 348 2290; x_wconf 80' lang='grc' dir='ltr'>καὶ</span> <span class='ocrx_word' id='word_1_197' title='bbox 378 2236 716 2310; x_wconf 82' lang='grc' dir='ltr'>θεοφάντορα</span> <span class='ocrx_word' id='word_1_198' title='bbox 750 2239 854 2293; x_wconf 88' lang='grc' dir='ltr'><strong>κάν</strong></span> <span class='ocrx_word' id='word_1_199' title='bbox 900 2238 1077 2308; x_wconf 82' lang='grc' dir='ltr'>τούτῳ</span> <span class='ocrx_word' id='word_1_200' title='bbox 1106 2255 1190 2292; x_wconf 88' lang='grc' dir='ltr'><strong>σοι</strong></span> <span class='ocrx_word' id='word_1_201' title='bbox 1219 2241 1517 2312; x_wconf 80' lang='grc' dir='ltr'>προσφέρω</span> <span class='ocrx_word' id='word_1_202' title='bbox 1558 2241 1833 2296; x_wconf 86' lang='grc' dir='ltr'>Διονύσιον</span> 
     </span>
    </p>
   </div>
   <div class='ocr_carea' id='block_1_29' title="bbox 250 2328 1833 2405">
    <p class='ocr_par' dir='ltr' id='par_1_29' title="bbox 250 2328 1833 2405">
     <span class='ocr_line' id='line_1_29' title="bbox 250 2328 1833 2405; baseline 0.004 -23"><span class='ocrx_word' id='word_1_203' title='bbox 250 2328 703 2401; x_wconf 85' lang='grc' dir='ltr'>παρακλήτορα),</span> <span class='ocrx_word' id='word_1_204' title='bbox 764 2349 784 2382; x_wconf 75' lang='grc' dir='ltr'><strong>ι</strong></span> <span class='ocrx_word' id='word_1_205' title='bbox 814 2329 916 2401; x_wconf 84' lang='grc' dir='ltr'>τῆς</span> <span class='ocrx_word' id='word_1_206' title='bbox 979 2331 1079 2401; x_wconf 84' lang='grc' dir='ltr'>σῆς</span> <span class='ocrx_word' id='word_1_207' title='bbox 1150 2330 1217 2385; x_wconf 84' lang='grc' dir='ltr'>ἂν</span> <span class='ocrx_word' id='word_1_208' title='bbox 1272 2332 1360 2401; x_wconf 76' lang='grc' dir='ltr'>εἴη</span> <span class='ocrx_word' id='word_1_209' title='bbox 1422 2332 1833 2405; x_wconf 83' lang='grc' dir='ltr'>φιλανθρωπίας</span> 
     </span>
    </p>
   </div>
   <div class='ocr_carea' id='block_1_30' title="bbox 248 2419 1833 2498">
    <p class='ocr_par' dir='ltr' id='par_1_30' title="bbox 248 2419 1833 2498">
     <span class='ocr_line' id='line_1_30' title="bbox 248 2419 1833 2498; baseline 0.006 -26"><span class='ocrx_word' id='word_1_210' title='bbox 248 2419 740 2483; x_wconf 59' lang='grc' dir='ltr'>ἐπανορθώσασθαι</span> <span class='ocrx_word' id='word_1_211' title='bbox 792 2423 886 2477; x_wconf 77' lang='grc' dir='ltr'>τὸν</span> <span class='ocrx_word' id='word_1_212' title='bbox 932 2424 1205 2489; x_wconf 84' lang='grc' dir='ltr'>ἀκουσίως</span> <span class='ocrx_word' id='word_1_213' title='bbox 1234 2424 1555 2494; x_wconf 79' lang='grc' dir='ltr'>ἀγνοοῦντα,</span> <span class='ocrx_word' id='word_1_214' title='bbox 1596 2427 1693 2480; x_wconf 70' lang='grc' dir='ltr'>καὶ</span> <span class='ocrx_word' id='word_1_215' title='bbox 1733 2444 1833 2498; x_wconf 84' lang='grc' dir='ltr'>με·</span> 
     </span>
    </p>
   </div>
   <div class='ocr_carea' id='block_1_31' title="bbox 248 2510 1831 2590">
    <p class='ocr_par' dir='ltr' id='par_1_31' title="bbox 248 2510 1831 2590">
     <span class='ocr_line' id='line_1_31' title="bbox 248 2510 1831 2590; baseline 0.006 -27"><span class='ocrx_word' id='word_1_216' title='bbox 248 2510 505 2566; x_wconf 78' lang='grc' dir='ltr'>ταδοῦναι</span> <span class='ocrx_word' id='word_1_217' title='bbox 551 2515 713 2583; x_wconf 81' lang='grc' dir='ltr'>λόγου</span> <span class='ocrx_word' id='word_1_218' title='bbox 743 2515 822 2585; x_wconf 83' lang='grc' dir='ltr'>τῷ</span> <span class='ocrx_word' id='word_1_219' title='bbox 880 2516 1073 2587; x_wconf 85' lang='grc' dir='ltr'>μαθεῖν</span> <span class='ocrx_word' id='word_1_220' title='bbox 1097 2517 1361 2589; x_wconf 81' lang='grc' dir='ltr'>δεομένῳ,</span> <span class='ocrx_word' id='word_1_221' title='bbox 1409 2520 1504 2572; x_wconf 69' lang='grc' dir='ltr'>καὶ</span> <span class='ocrx_word' id='word_1_222' title='bbox 1552 2518 1831 2590; x_wconf 78' lang='grc' dir='ltr'>ἐπαμῦναι</span> 
     </span>
    </p>
   </div>
   <div class='ocr_carea' id='block_1_32' title="bbox 247 2604 1832 2682">
    <p class='ocr_par' dir='ltr' id='par_1_32' title="bbox 247 2604 1832 2682">
     <span class='ocr_line' id='line_1_32' title="bbox 247 2604 1832 2682; baseline 0.006 -26"><span class='ocrx_word' id='word_1_223' title='bbox 247 2604 327 2676; x_wconf 78' lang='grc' dir='ltr'>τῷ</span> <span class='ocrx_word' id='word_1_224' title='bbox 359 2605 435 2677; x_wconf 82' lang='grc' dir='ltr'>μὴ</span> <span class='ocrx_word' id='word_1_225' title='bbox 480 2606 728 2681; x_wconf 78' lang='grc' dir='ltr'>αὐτάρκη</span> <span class='ocrx_word' id='word_1_226' title='bbox 779 2609 1010 2681; x_wconf 83' lang='grc' dir='ltr'>δύναμιν</span> <span class='ocrx_word' id='word_1_227' title='bbox 1037 2610 1237 2682; x_wconf 77' lang='grc' dir='ltr'>ἔχοντι,</span> <span class='ocrx_word' id='word_1_228' title='bbox 1293 2612 1389 2667; x_wconf 73' lang='grc' dir='ltr'>καὶ</span> <span class='ocrx_word' id='word_1_229' title='bbox 1439 2613 1694 2667; x_wconf 78' lang='grc' dir='ltr'>ἰάσασθαι</span> <span class='ocrx_word' id='word_1_230' title='bbox 1740 2613 1832 2667; x_wconf 81' lang='grc' dir='ltr'>τὸν</span> 
     </span>
    </p>
   </div>
   <div class='ocr_carea' id='block_1_33' title="bbox 247 2698 1834 2775">
    <p class='ocr_par' dir='ltr' id='par_1_33' title="bbox 247 2698 1834 2775">
     <span class='ocr_line' id='line_1_33' title="bbox 247 2698 1834 2775; baseline 0.005 -25"><span class='ocrx_word' id='word_1_231' title='bbox 247 2699 350 2751; x_wconf 85' lang='grc' dir='ltr'><strong>οὐκ</strong></span> <span class='ocrx_word' id='word_1_232' title='bbox 394 2698 646 2754; x_wconf 77' lang='grc' dir='ltr'>ἐθέλοντα</span> <span class='ocrx_word' id='word_1_233' title='bbox 693 2703 1021 2775; x_wconf 72' lang='grc' dir='ltr'>ἀρρωστεῖν,</span> <span class='ocrx_word' id='word_1_234' title='bbox 1068 2704 1182 2775; x_wconf 78' lang='grc'><strong>(75)</strong></span> <span class='ocrx_word' id='word_1_235' title='bbox 1218 2705 1304 2759; x_wconf 83' lang='grc' dir='ltr'>ἵνα</span> <span class='ocrx_word' id='word_1_236' title='bbox 1352 2704 1447 2759; x_wconf 75' lang='grc' dir='ltr'>καὶ</span> <span class='ocrx_word' id='word_1_237' title='bbox 1487 2704 1647 2758; x_wconf 87' lang='grc' dir='ltr'>τοῦτο</span> <span class='ocrx_word' id='word_1_238' title='bbox 1694 2704 1834 2775; x_wconf 86' lang='grc' dir='ltr'><strong>μετά</strong></span> 
     </span>
    </p>
   </div>
   <div class='ocr_carea' id='block_1_34' title="bbox 246 2788 1828 2868">
    <p class='ocr_par' dir='ltr' id='par_1_34' title="bbox 246 2788 1828 2868">
     <span class='ocr_line' id='line_1_34' title="bbox 246 2788 1828 2868; baseline 0.006 -27"><span class='ocrx_word' id='word_1_239' title='bbox 246 2788 357 2842; x_wconf 85' lang='grc' dir='ltr'><strong>τῶν</strong></span> <span class='ocrx_word' id='word_1_240' title='bbox 398 2790 575 2845; x_wconf 80' lang='grc' dir='ltr'>ἄλλων</span> <span class='ocrx_word' id='word_1_241' title='bbox 612 2808 704 2846; x_wconf 89' lang='grc' dir='ltr'><strong>σου</strong></span> <span class='ocrx_word' id='word_1_242' title='bbox 740 2793 944 2861; x_wconf 84' lang='grc' dir='ltr'>καλῶν,</span> <span class='ocrx_word' id='word_1_243' title='bbox 997 2795 1201 2866; x_wconf 87' lang='grc' dir='ltr'>μᾶλλον</span> <span class='ocrx_word' id='word_1_244' title='bbox 1231 2795 1288 2849; x_wconf 83' lang='grc' dir='ltr'>δὲ</span> <span class='ocrx_word' id='word_1_245' title='bbox 1336 2796 1443 2868; x_wconf 74' lang='grc' dir='ltr'>πρὸ</span> <span class='ocrx_word' id='word_1_246' title='bbox 1484 2796 1595 2850; x_wconf 88' lang='grc' dir='ltr'><strong>τῶν</strong></span> <span class='ocrx_word' id='word_1_247' title='bbox 1636 2796 1828 2862; x_wconf 83' lang='grc' dir='ltr'>ἄλλων,</span> 
     </span>
    </p>
   </div>
   <div class='ocr_carea' id='block_1_35' title="bbox 247 2883 1831 2962">
    <p class='ocr_par' dir='ltr' id='par_1_35' title="bbox 247 2883 1831 2962">
     <span class='ocr_line' id='line_1_35' title="bbox 247 2883 1831 2962; baseline 0.003 -23"><span class='ocrx_word' id='word_1_248' title='bbox 247 2883 507 2954; x_wconf 87' lang='grc' dir='ltr'>ἀνάθημα</span> <span class='ocrx_word' id='word_1_249' title='bbox 555 2886 735 2956; x_wconf 85' lang='grc' dir='ltr'>τίμιον</span> <span class='ocrx_word' id='word_1_250' title='bbox 777 2889 871 2941; x_wconf 75' lang='grc' dir='ltr'>καὶ</span> <span class='ocrx_word' id='word_1_251' title='bbox 938 2889 1118 2959; x_wconf 86' lang='grc' dir='ltr'>πάσης</span> <span class='ocrx_word' id='word_1_252' title='bbox 1171 2889 1363 2955; x_wconf 87' lang='grc' dir='ltr'>θυσίας</span> <span class='ocrx_word' id='word_1_253' title='bbox 1408 2890 1831 2962; x_wconf 76' lang='grc' dir='ltr'>αίδεσιμώτερον</span> 
     </span>
    </p>
   </div>
   <div class='ocr_carea' id='block_1_36' title="bbox 252 2978 1831 3055">
    <p class='ocr_par' dir='ltr' id='par_1_36' title="bbox 252 2978 1831 3055">
     <span class='ocr_line' id='line_1_36' title="bbox 252 2978 1831 3055; baseline 0.004 -26"><span class='ocrx_word' id='word_1_254' title='bbox 252 2978 618 3053; x_wconf 81' lang='grc' dir='ltr'>ίερουργήσῃς</span> <span class='ocrx_word' id='word_1_255' title='bbox 679 2981 757 3053; x_wconf 76' lang='grc' dir='ltr'><strong>τῷ</strong></span> <span class='ocrx_word' id='word_1_256' title='bbox 803 2981 924 3053; x_wconf 85' lang='grc' dir='ltr'><strong>Θεῷ</strong></span> <span class='ocrx_word' id='word_1_257' title='bbox 973 2983 1072 3055; x_wconf 84' lang='grc' dir='ltr'>τὴν</span> <span class='ocrx_word' id='word_1_258' title='bbox 1138 2982 1588 3054; x_wconf 78' lang='grc' dir='ltr'>φιλανθρωπίαν,</span> <span class='ocrx_word' id='word_1_259' title='bbox 1642 2982 1721 3054; x_wconf 83' lang='grc' dir='ltr'>τῷ</span> <span class='ocrx_word' id='word_1_260' title='bbox 1773 2984 1831 3038; x_wconf 84' lang='grc' dir='ltr'>ὲν</span> 
     </span>
    </p>
   </div>
   <div class='ocr_carea' id='block_1_37' title="bbox 1957 855 3540 935">
    <p class='ocr_par' dir='ltr' id='par_1_37' title="bbox 1957 855 3540 935">
     <span class='ocr_line' id='line_1_37' title="bbox 1957 855 3540 935; baseline 0.005 -25"><span class='ocrx_word' id='word_1_261' title='bbox 1957 855 2051 910; x_wconf 91' lang='lat' dir='ltr'><strong>do.</strong></span> <span class='ocrx_word' id='word_1_262' title='bbox 2078 856 2270 927; x_wconf 85' lang='lat' dir='ltr'><strong>Neque</strong></span> <span class='ocrx_word' id='word_1_263' title='bbox 2289 858 2440 913; x_wconf 91' lang='lat' dir='ltr'><strong>enim</strong></span> <span class='ocrx_word' id='word_1_264' title='bbox 2467 858 2806 929; x_wconf 86' lang='lat' dir='ltr'><strong>assequitur,</strong></span> <span class='ocrx_word' id='word_1_265' title='bbox 2834 874 3018 930; x_wconf 91' lang='lat' dir='ltr'><strong>neque</strong></span> <span class='ocrx_word' id='word_1_266' title='bbox 3042 862 3263 932; x_wconf 84' lang='lat' dir='ltr'><strong>attingit</strong></span> <span class='ocrx_word' id='word_1_267' title='bbox 3286 878 3540 935; x_wconf 79' lang='lat' dir='ltr'><strong>magnam</strong></span> 
     </span>
    </p>
   </div>
   <div class='ocr_carea' id='block_1_38' title="bbox 1954 951 3538 1012">
    <p class='ocr_par' dir='ltr' id='par_1_38' title="bbox 1954 951 3538 1012">
     <span class='ocr_line' id='line_1_38' title="bbox 1954 951 3538 1012; baseline 0.004 -7"><span class='ocrx_word' id='word_1_268' title='bbox 1954 959 2011 1005; x_wconf 89' lang='lat' dir='ltr'><strong>et</strong></span> <span class='ocrx_word' id='word_1_269' title='bbox 2055 951 2351 1007; x_wconf 89' lang='lat' dir='ltr'><strong>sublimem</strong></span> <span class='ocrx_word' id='word_1_270' title='bbox 2374 952 2548 1007; x_wconf 88' lang='lat' dir='ltr'><strong>divini</strong></span> <span class='ocrx_word' id='word_1_271' title='bbox 2596 954 2849 1009; x_wconf 88' lang='lat' dir='ltr'><strong>doctoris</strong></span> <span class='ocrx_word' id='word_1_272' title='bbox 2872 962 3117 1009; x_wconf 80' lang='lat' dir='ltr'><strong>mentem</strong></span> <span class='ocrx_word' id='word_1_273' title='bbox 3149 965 3336 1010; x_wconf 84' lang='lat' dir='ltr'><strong>noster</strong></span> <span class='ocrx_word' id='word_1_274' title='bbox 3371 957 3538 1012; x_wconf 90' lang='lat' dir='ltr'><strong>intel-</strong></span> 
     </span>
    </p>
   </div>
   <div class='ocr_carea' id='block_1_39' title="bbox 1953 1045 3541 1117">
    <p class='ocr_par' dir='ltr' id='par_1_39' title="bbox 1953 1045 3541 1117">
     <span class='ocr_line' id='line_1_39' title="bbox 1953 1045 3541 1117; baseline 0.003 -18"><span class='ocrx_word' id='word_1_275' title='bbox 1953 1045 2154 1111; x_wconf 87' lang='lat' dir='ltr'><strong>lectus,</strong></span> <span class='ocrx_word' id='word_1_276' title='bbox 2207 1046 2304 1117; x_wconf 90' lang='lat' dir='ltr'><strong>qui</strong></span> <span class='ocrx_word' id='word_1_277' title='bbox 2351 1047 2685 1103; x_wconf 82' lang='lat' dir='ltr'><strong>voluntariis</strong></span> <span class='ocrx_word' id='word_1_278' title='bbox 2736 1048 2921 1104; x_wconf 88' lang='lat' dir='ltr'><strong>adhuc</strong></span> <span class='ocrx_word' id='word_1_279' title='bbox 2969 1049 3270 1105; x_wconf 83' lang='lat' dir='ltr'><strong>aﬂ&#39;eetuum</strong></span> <span class='ocrx_word' id='word_1_280' title='bbox 3331 1050 3541 1104; x_wconf 85' lang='lat' dir='ltr'><strong>aculeis</strong></span> 
     </span>
    </p>
   </div>
   <div class='ocr_carea' id='block_1_40' title="bbox 1954 1138 3541 1213">
    <p class='ocr_par' dir='ltr' id='par_1_40' title="bbox 1954 1138 3541 1213">
     <span class='ocr_line' id='line_1_40' title="bbox 1954 1138 3541 1213; baseline 0.004 -22"><span class='ocrx_word' id='word_1_281' title='bbox 1954 1138 2276 1208; x_wconf 86' lang='lat' dir='ltr'><strong>pungimur,</strong></span> <span class='ocrx_word' id='word_1_282' title='bbox 2305 1154 2545 1209; x_wconf 89' lang='lat' dir='ltr'><strong>quorum</strong></span> <span class='ocrx_word' id='word_1_283' title='bbox 2578 1140 2909 1197; x_wconf 88' lang='lat' dir='ltr'><strong>vulneribus</strong></span> <span class='ocrx_word' id='word_1_284' title='bbox 2930 1142 3025 1212; x_wconf 87' lang='lat' dir='ltr'><strong>qui</strong></span> <span class='ocrx_word' id='word_1_285' title='bbox 3057 1142 3342 1198; x_wconf 85' lang='lat' dir='ltr'><strong>sauciatur</strong></span> <span class='ocrx_word' id='word_1_286' title='bbox 3366 1142 3541 1213; x_wconf 83' lang='lat' dir='ltr'><strong>magis</strong></span> 
     </span>
    </p>
   </div>
   <div class='ocr_carea' id='block_1_41' title="bbox 1953 1231 3539 1306">
    <p class='ocr_par' dir='ltr' id='par_1_41' title="bbox 1953 1231 3539 1306">
     <span class='ocr_line' id='line_1_41' title="bbox 1953 1231 3539 1306; baseline 0.003 -21"><span class='ocrx_word' id='word_1_287' title='bbox 1953 1231 2158 1301; x_wconf 82' lang='lat' dir='ltr'><strong>gaudet</strong></span> <span class='ocrx_word' id='word_1_288' title='bbox 2183 1249 2349 1303; x_wconf 89' lang='lat' dir='ltr'><strong>quam</strong></span> <span class='ocrx_word' id='word_1_289' title='bbox 2394 1233 2490 1303; x_wconf 88' lang='lat' dir='ltr'><strong>qui</strong></span> <span class='ocrx_word' id='word_1_290' title='bbox 2524 1234 2795 1289; x_wconf 88' lang='lat' dir='ltr'><strong>virtutum</strong></span> <span class='ocrx_word' id='word_1_291' title='bbox 2835 1235 3027 1306; x_wconf 88' lang='lat' dir='ltr'><strong>gratiis</strong></span> <span class='ocrx_word' id='word_1_292' title='bbox 3069 1244 3357 1306; x_wconf 79' lang='lat' dir='ltr'><strong>purgatur.</strong></span> <span class='ocrx_word' id='word_1_293' title='bbox 3386 1243 3539 1304; x_wconf 90' lang='lat' dir='ltr'><strong>post-</strong></span> 
     </span>
    </p>
   </div>
   <div class='ocr_carea' id='block_1_42' title="bbox 1952 1324 3536 1403">
    <p class='ocr_par' dir='ltr' id='par_1_42' title="bbox 1952 1324 3536 1403">
     <span class='ocr_line' id='line_1_42' title="bbox 1952 1324 3536 1403; baseline 0.001 -26"><span class='ocrx_word' id='word_1_294' title='bbox 1952 1339 2115 1393; x_wconf 85' lang='lat' dir='ltr'><strong>quam</strong></span> <span class='ocrx_word' id='word_1_295' title='bbox 2163 1325 2235 1379; x_wconf 91' lang='lat' dir='ltr'><strong>ob</strong></span> <span class='ocrx_word' id='word_1_296' title='bbox 2289 1326 2520 1380; x_wconf 90' lang='lat' dir='ltr'><strong>multam</strong></span> <span class='ocrx_word' id='word_1_297' title='bbox 2584 1325 2712 1379; x_wconf 88' lang='lat' dir='ltr'><strong>mali</strong></span> <span class='ocrx_word' id='word_1_298' title='bbox 2761 1324 3245 1403; x_wconf 64' lang='lat' dir='ltr'><strong>consuetudinem,</strong></span> <span class='ocrx_word' id='word_1_299' title='bbox 3287 1324 3536 1379; x_wconf 87' lang='lat' dir='ltr'><strong>habitum</strong></span> 
     </span>
    </p>
   </div>
   <div class='ocr_carea' id='block_1_43' title="bbox 1952 1418 3537 1490">
    <p class='ocr_par' dir='ltr' id='par_1_43' title="bbox 1952 1418 3537 1490">
     <span class='ocr_line' id='line_1_43' title="bbox 1952 1418 3537 1490; baseline -0.001 -18"><span class='ocrx_word' id='word_1_300' title='bbox 1952 1419 2255 1488; x_wconf 88' lang='lat' dir='ltr'><strong>assumpsit</strong></span> <span class='ocrx_word' id='word_1_301' title='bbox 2283 1419 2339 1474; x_wconf 90' lang='lat' dir='ltr'><strong>in</strong></span> <span class='ocrx_word' id='word_1_302' title='bbox 2382 1429 2670 1489; x_wconf 87' lang='lat' dir='ltr'><strong>peccatum</strong></span> <span class='ocrx_word' id='word_1_303' title='bbox 2713 1420 3035 1490; x_wconf 79' lang='lat' dir='ltr'><strong>proclivem.</strong></span> <span class='ocrx_word' id='word_1_304' title='bbox 3078 1420 3257 1488; x_wconf 87' lang='lat' dir='ltr'><strong>Atque</strong></span> <span class='ocrx_word' id='word_1_305' title='bbox 3281 1418 3328 1472; x_wconf 91' lang='lat' dir='ltr'><strong>si</strong></span> <span class='ocrx_word' id='word_1_306' title='bbox 3369 1434 3537 1487; x_wconf 83' lang='lat' dir='ltr'><strong>argu-</strong></span> 
     </span>
    </p>
   </div>
   <div class='ocr_carea' id='block_1_44' title="bbox 1950 1507 3535 1591">
    <p class='ocr_par' dir='ltr' id='par_1_44' title="bbox 1950 1507 3535 1591">
     <span class='ocr_line' id='line_1_44' title="bbox 1950 1507 3535 1591; baseline 0 -29"><span class='ocrx_word' id='word_1_307' title='bbox 1950 1517 2139 1564; x_wconf 89' lang='lat' dir='ltr'><strong>mento</strong></span> <span class='ocrx_word' id='word_1_308' title='bbox 2188 1526 2291 1565; x_wconf 90' lang='lat' dir='ltr'><strong>suo</strong></span> <span class='ocrx_word' id='word_1_309' title='bbox 2322 1511 2532 1581; x_wconf 90' lang='lat' dir='ltr'><strong>aliquid</strong></span> <span class='ocrx_word' id='word_1_310' title='bbox 2564 1512 2791 1583; x_wconf 86' lang='lat' dir='ltr'><strong>dignum</strong></span> <span class='ocrx_word' id='word_1_311' title='bbox 2833 1510 3038 1564; x_wconf 86' lang='lat' dir='ltr'><strong>habere</strong></span> <span class='ocrx_word' id='word_1_312' title='bbox 3088 1509 3173 1563; x_wconf 67' lang='lat' dir='ltr'><strong>ha:</strong></span> <span class='ocrx_word' id='word_1_313' title='bbox 3198 1507 3535 1591; x_wconf 60' lang='lat' dir='ltr'><strong>quaestiones</strong></span> 
     </span>
    </p>
   </div>
   <div class='ocr_carea' id='block_1_45' title="bbox 1948 1600 3532 1679">
    <p class='ocr_par' dir='ltr' id='par_1_45' title="bbox 1948 1600 3532 1679">
     <span class='ocr_line' id='line_1_45' title="bbox 1948 1600 3532 1679; baseline -0.003 -23"><span class='ocrx_word' id='word_1_314' title='bbox 1948 1602 2107 1657; x_wconf 84' lang='lat' dir='ltr'><strong>vobis</strong></span> <span class='ocrx_word' id='word_1_315' title='bbox 2141 1603 2504 1668; x_wconf 89' lang='lat' dir='ltr'><strong>videbuntur,</strong></span> <span class='ocrx_word' id='word_1_316' title='bbox 2536 1613 2593 1659; x_wconf 88' lang='lat' dir='ltr'><strong>et</strong></span> <span class='ocrx_word' id='word_1_317' title='bbox 2627 1603 2775 1674; x_wconf 90' lang='lat' dir='ltr'><strong>quod</strong></span> <span class='ocrx_word' id='word_1_318' title='bbox 2818 1618 2941 1679; x_wconf 18' lang='lat' dir='ltr'><strong>non,</strong></span> <span class='ocrx_word' id='word_1_319' title='bbox 2962 1616 3193 1671; x_wconf 90' lang='lat' dir='ltr'><strong>prorsus</strong></span> <span class='ocrx_word' id='word_1_320' title='bbox 3232 1617 3261 1655; x_wconf 87' lang='lat' dir='ltr'><strong>a</strong></span> <span class='ocrx_word' id='word_1_321' title='bbox 3298 1600 3532 1653; x_wconf 78' lang='lat' dir='ltr'><strong>veritate</strong></span> 
     </span>
    </p>
   </div>
   <div class='ocr_carea' id='block_1_46' title="bbox 1949 1691 3531 1766">
    <p class='ocr_par' dir='ltr' id='par_1_46' title="bbox 1949 1691 3531 1766">
     <span class='ocr_line' id='line_1_46' title="bbox 1949 1691 3531 1766; baseline -0.004 -17"><span class='ocrx_word' id='word_1_322' title='bbox 1949 1695 2191 1751; x_wconf 90' lang='lat' dir='ltr'><strong>alienum</strong></span> <span class='ocrx_word' id='word_1_323' title='bbox 2222 1696 2315 1762; x_wconf 89' lang='lat' dir='ltr'><strong>sit,</strong></span> <span class='ocrx_word' id='word_1_324' title='bbox 2348 1697 2463 1752; x_wconf 93' lang='lat' dir='ltr'><strong>Deo</strong></span> <span class='ocrx_word' id='word_1_325' title='bbox 2490 1697 2562 1751; x_wconf 87' lang='lat' dir='ltr'><strong>sit</strong></span> <span class='ocrx_word' id='word_1_326' title='bbox 2591 1695 2789 1766; x_wconf 88' lang='lat' dir='ltr'><strong>gratia,</strong></span> <span class='ocrx_word' id='word_1_327' title='bbox 2817 1695 2913 1765; x_wconf 86' lang='lat' dir='ltr'><strong>qui</strong></span> <span class='ocrx_word' id='word_1_328' title='bbox 2957 1693 3222 1748; x_wconf 90' lang='lat' dir='ltr'><strong>humilem</strong></span> <span class='ocrx_word' id='word_1_329' title='bbox 3253 1692 3333 1763; x_wconf 85' lang='lat' dir='ltr'><strong>(ut</strong></span> <span class='ocrx_word' id='word_1_330' title='bbox 3360 1691 3531 1746; x_wconf 89' lang='lat' dir='ltr'><strong>etiam</strong></span> 
     </span>
    </p>
   </div>
   <div class='ocr_carea' id='block_1_47' title="bbox 1947 1782 3531 1859">
    <p class='ocr_par' dir='ltr' id='par_1_47' title="bbox 1947 1782 3531 1859">
     <span class='ocr_line' id='line_1_47' title="bbox 1947 1782 3531 1859; baseline -0.003 -18"><span class='ocrx_word' id='word_1_331' title='bbox 1947 1787 2053 1842; x_wconf 90' lang='lat' dir='ltr'><strong>hoc</strong></span> <span class='ocrx_word' id='word_1_332' title='bbox 2076 1787 2271 1844; x_wconf 82' lang='lat' dir='ltr'><strong>ederet</strong></span> <span class='ocrx_word' id='word_1_333' title='bbox 2308 1787 2663 1859; x_wconf 88' lang='lat' dir='ltr'><strong>miraculum)</strong></span> <span class='ocrx_word' id='word_1_334' title='bbox 2700 1796 2755 1843; x_wconf 91' lang='lat' dir='ltr'><strong>et</strong></span> <span class='ocrx_word' id='word_1_335' title='bbox 2802 1787 3073 1857; x_wconf 85' lang='lat' dir='ltr'><strong>abjectam</strong></span> <span class='ocrx_word' id='word_1_336' title='bbox 3111 1794 3354 1839; x_wconf 90' lang='lat' dir='ltr'><strong>mentem</strong></span> <span class='ocrx_word' id='word_1_337' title='bbox 3398 1782 3531 1836; x_wconf 91' lang='lat' dir='ltr'><strong>illu-</strong></span> 
     </span>
    </p>
   </div>
   <div class='ocr_carea' id='block_1_48' title="bbox 1944 1873 3529 1948">
    <p class='ocr_par' dir='ltr' id='par_1_48' title="bbox 1944 1873 3529 1948">
     <span class='ocr_line' id='line_1_48' title="bbox 1944 1873 3529 1948; baseline -0.001 -21"><span class='ocrx_word' id='word_1_338' title='bbox 1944 1875 2176 1930; x_wconf 89' lang='lat' dir='ltr'><strong>minavit</strong></span> <span class='ocrx_word' id='word_1_339' title='bbox 2202 1886 2257 1931; x_wconf 93' lang='lat' dir='ltr'><strong>et</strong></span> <span class='ocrx_word' id='word_1_340' title='bbox 2301 1885 2488 1948; x_wconf 90' lang='lat' dir='ltr'><strong>aptum</strong></span> <span class='ocrx_word' id='word_1_341' title='bbox 2540 1877 2809 1933; x_wconf 88' lang='lat' dir='ltr'><strong>orationis</strong></span> <span class='ocrx_word' id='word_1_342' title='bbox 2838 1876 3124 1931; x_wconf 88' lang='lat' dir='ltr'><strong>modulum</strong></span> <span class='ocrx_word' id='word_1_343' title='bbox 3168 1890 3269 1945; x_wconf 90' lang='lat' dir='ltr'><strong>per</strong></span> <span class='ocrx_word' id='word_1_344' title='bbox 3297 1873 3529 1945; x_wconf 79' lang='lat' dir='ltr'><strong>gratiam</strong></span> 
     </span>
    </p>
   </div>
   <div class='ocr_carea' id='block_1_49' title="bbox 1943 1965 3530 2037">
    <p class='ocr_par' dir='ltr' id='par_1_49' title="bbox 1943 1965 3530 2037">
     <span class='ocr_line' id='line_1_49' title="bbox 1943 1965 3530 2037; baseline -0.002 -19"><span class='ocrx_word' id='word_1_345' title='bbox 1943 1978 2100 2019; x_wconf 89' lang='lat' dir='ltr'><strong>suam</strong></span> <span class='ocrx_word' id='word_1_346' title='bbox 2125 1966 2523 2036; x_wconf 86' lang='lat' dir='ltr'><strong>suppeditavit,</strong></span> <span class='ocrx_word' id='word_1_347' title='bbox 2553 1977 2614 2021; x_wconf 91' lang='lat' dir='ltr'><strong>ut</strong></span> <span class='ocrx_word' id='word_1_348' title='bbox 2640 1966 2790 2037; x_wconf 91' lang='lat' dir='ltr'><strong>quod</strong></span> <span class='ocrx_word' id='word_1_349' title='bbox 2817 1965 3075 2037; x_wconf 81' lang='lat' dir='ltr'><strong>cogitatis</strong></span> <span class='ocrx_word' id='word_1_350' title='bbox 3107 1970 3441 2034; x_wconf 86' lang='lat' dir='ltr'><strong>congrueret</strong></span> <span class='ocrx_word' id='word_1_351' title='bbox 3471 1968 3530 2017; x_wconf 89' lang='lat' dir='ltr'><strong>et</strong></span> 
     </span>
    </p>
   </div>
   <div class='ocr_carea' id='block_1_50' title="bbox 1942 2055 3530 2114">
    <p class='ocr_par' dir='ltr' id='par_1_50' title="bbox 1942 2055 3530 2114">
     <span class='ocr_line' id='line_1_50' title="bbox 1942 2055 3530 2114; baseline -0.001 -2"><span class='ocrx_word' id='word_1_352' title='bbox 1942 2067 2381 2113; x_wconf 90' lang='lat' dir='ltr'><strong>consentaneum</strong></span> <span class='ocrx_word' id='word_1_353' title='bbox 2412 2067 2562 2114; x_wconf 88' lang='lat' dir='ltr'><strong>esset</strong></span> <span class='ocrx_word' id='word_1_354' title='bbox 2605 2057 2805 2114; x_wconf 87' lang='lat' dir='ltr'><strong>litteris</strong></span> <span class='ocrx_word' id='word_1_355' title='bbox 2858 2056 3251 2112; x_wconf 86' lang='lat' dir='ltr'><strong>mandaremus</strong></span> <span class='ocrx_word' id='word_1_356' title='bbox 3312 2055 3370 2109; x_wconf 91' lang='lat' dir='ltr'><strong>iu</strong></span> <span class='ocrx_word' id='word_1_357' title='bbox 3429 2070 3530 2110; x_wconf 86' lang='lat' dir='ltr'><strong>ve-</strong></span> 
     </span>
    </p>
   </div>
   <div class='ocr_carea' id='block_1_51' title="bbox 1942 2144 3528 2220">
    <p class='ocr_par' dir='ltr' id='par_1_51' title="bbox 1942 2144 3528 2220">
     <span class='ocr_line' id='line_1_51' title="bbox 1942 2144 3528 2220; baseline -0.003 -16"><span class='ocrx_word' id='word_1_358' title='bbox 1942 2159 2117 2205; x_wconf 88' lang='lat' dir='ltr'><strong>strum</strong></span> <span class='ocrx_word' id='word_1_359' title='bbox 2152 2164 2375 2220; x_wconf 88' lang='lat' dir='ltr'><strong>quoque</strong></span> <span class='ocrx_word' id='word_1_360' title='bbox 2407 2150 2762 2206; x_wconf 88' lang='lat' dir='ltr'><strong>commodum</strong></span> <span class='ocrx_word' id='word_1_361' title='bbox 2789 2148 2883 2219; x_wconf 90' lang='lat' dir='ltr'><strong>qui</strong></span> <span class='ocrx_word' id='word_1_362' title='bbox 2937 2147 3256 2202; x_wconf 89' lang='lat' dir='ltr'><strong>mandatum</strong></span> <span class='ocrx_word' id='word_1_363' title='bbox 3293 2144 3528 2200; x_wconf 83' lang='lat' dir='ltr'><strong>dedistis</strong></span> 
     </span>
    </p>
   </div>
   <div class='ocr_carea' id='block_1_52' title="bbox 1940 2236 3527 2310">
    <p class='ocr_par' dir='ltr' id='par_1_52' title="bbox 1940 2236 3527 2310">
     <span class='ocr_line' id='line_1_52' title="bbox 1940 2236 3527 2310; baseline -0.002 -17"><span class='ocrx_word' id='word_1_364' title='bbox 1940 2248 1996 2294; x_wconf 90' lang='lat' dir='ltr'><strong>et</strong></span> <span class='ocrx_word' id='word_1_365' title='bbox 2013 2242 2397 2310; x_wconf 86' lang='lat' dir='ltr'><strong>prceationum</strong></span> <span class='ocrx_word' id='word_1_366' title='bbox 2419 2250 2731 2297; x_wconf 88' lang='lat' dir='ltr'><strong>vestrarum</strong></span> <span class='ocrx_word' id='word_1_367' title='bbox 2757 2239 2964 2295; x_wconf 84' lang='lat' dir='ltr'><strong>auxilio</strong></span> <span class='ocrx_word' id='word_1_368' title='bbox 2985 2248 3164 2293; x_wconf 88' lang='lat' dir='ltr'><strong>totum</strong></span> <span class='ocrx_word' id='word_1_369' title='bbox 3186 2252 3327 2307; x_wconf 92' lang='lat' dir='ltr'><strong>opus</strong></span> <span class='ocrx_word' id='word_1_370' title='bbox 3341 2236 3527 2306; x_wconf 87' lang='lat' dir='ltr'><strong>auspi-</strong></span> 
     </span>
    </p>
   </div>
   <div class='ocr_carea' id='block_1_53' title="bbox 1941 2330 3524 2405">
    <p class='ocr_par' dir='ltr' id='par_1_53' title="bbox 1941 2330 3524 2405">
     <span class='ocr_line' id='line_1_53' title="bbox 1941 2330 3524 2405; baseline -0.005 -14"><span class='ocrx_word' id='word_1_371' title='bbox 1941 2335 2127 2392; x_wconf 89' lang='lat' dir='ltr'><strong>castis.</strong></span> <span class='ocrx_word' id='word_1_372' title='bbox 2166 2356 2183 2389; x_wconf 86' lang='grc'><strong>‹</strong></span> <span class='ocrx_word' id='word_1_373' title='bbox 2215 2336 2285 2391; x_wconf 88' lang='lat' dir='ltr'><strong>At</strong></span> <span class='ocrx_word' id='word_1_374' title='bbox 2304 2338 2472 2393; x_wconf 89' lang='lat' dir='ltr'><strong>etiam</strong></span> <span class='ocrx_word' id='word_1_375' title='bbox 2499 2336 2544 2392; x_wconf 91' lang='lat' dir='ltr'><strong>si</strong></span> <span class='ocrx_word' id='word_1_376' title='bbox 2574 2351 2743 2405; x_wconf 85' lang='lat' dir='ltr'><strong>prave</strong></span> <span class='ocrx_word' id='word_1_377' title='bbox 2762 2344 2821 2390; x_wconf 89' lang='lat' dir='ltr'><strong>et</strong></span> <span class='ocrx_word' id='word_1_378' title='bbox 2849 2334 2969 2389; x_wconf 89' lang='lat' dir='ltr'><strong>sine</strong></span> <span class='ocrx_word' id='word_1_379' title='bbox 2992 2333 3179 2389; x_wconf 82' lang='lat' dir='ltr'><strong>fructu</strong></span> <span class='ocrx_word' id='word_1_380' title='bbox 3207 2348 3239 2388; x_wconf 90' lang='lat' dir='ltr'><strong>a</strong></span> <span class='ocrx_word' id='word_1_381' title='bbox 3269 2330 3524 2395; x_wconf 84' lang='lat' dir='ltr'><strong>veritate,</strong></span> 
     </span>
    </p>
   </div>
   <div class='ocr_carea' id='block_1_54' title="bbox 1941 2425 3523 2500">
    <p class='ocr_par' dir='ltr' id='par_1_54' title="bbox 1941 2425 3523 2500">
     <span class='ocr_line' id='line_1_54' title="bbox 1941 2425 3523 2500; baseline -0.007 -14"><span class='ocrx_word' id='word_1_382' title='bbox 1941 2431 2057 2487; x_wconf 85' lang='lat' dir='ltr'><strong>sive</strong></span> <span class='ocrx_word' id='word_1_383' title='bbox 2094 2430 2326 2486; x_wconf 89' lang='lat' dir='ltr'><strong>omnino</strong></span> <span class='ocrx_word' id='word_1_384' title='bbox 2348 2431 2464 2486; x_wconf 88' lang='lat' dir='ltr'><strong>sive</strong></span> <span class='ocrx_word' id='word_1_385' title='bbox 2485 2445 2551 2485; x_wconf 87' lang='lat' dir='ltr'><strong>ex</strong></span> <span class='ocrx_word' id='word_1_386' title='bbox 2579 2440 2758 2500; x_wconf 90' lang='lat' dir='ltr'><strong>parte,</strong></span> <span class='ocrx_word' id='word_1_387' title='bbox 2794 2426 3168 2483; x_wconf 87' lang='lat' dir='ltr'><strong>aberraverim</strong></span> <span class='ocrx_word' id='word_1_388' title='bbox 3193 2446 3211 2476; x_wconf 75' lang='grc' dir='ltr'><strong>ι</strong></span> <span class='ocrx_word' id='word_1_389' title='bbox 3241 2425 3523 2495; x_wconf 81' lang='lat' dir='ltr'><strong>(magnum</strong></span> 
     </span>
    </p>
   </div>
   <div class='ocr_carea' id='block_1_55' title="bbox 1939 2518 3521 2595">
    <p class='ocr_par' dir='ltr' id='par_1_55' title="bbox 1939 2518 3521 2595">
     <span class='ocr_line' id='line_1_55' title="bbox 1939 2518 3521 2595; baseline -0.006 -16"><span class='ocrx_word' id='word_1_390' title='bbox 1939 2526 2087 2580; x_wconf 87' lang='lat' dir='ltr'><strong>enim</strong></span> <span class='ocrx_word' id='word_1_391' title='bbox 2133 2526 2453 2581; x_wconf 88' lang='lat' dir='ltr'><strong>etdivinum</strong></span> <span class='ocrx_word' id='word_1_392' title='bbox 2499 2526 2555 2579; x_wconf 88' lang='lat' dir='ltr'><strong>in</strong></span> <span class='ocrx_word' id='word_1_393' title='bbox 2584 2525 2689 2580; x_wconf 87' lang='lat' dir='ltr'><strong>hac</strong></span> <span class='ocrx_word' id='word_1_394' title='bbox 2714 2538 2936 2595; x_wconf 92' lang='lat' dir='ltr'><strong>quoque</strong></span> <span class='ocrx_word' id='word_1_395' title='bbox 2978 2536 3144 2577; x_wconf 79' lang='lat' dir='ltr'><strong>causa</strong></span> <span class='ocrx_word' id='word_1_396' title='bbox 3182 2519 3284 2575; x_wconf 90' lang='lat' dir='ltr'><strong>tibi</strong></span> <span class='ocrx_word' id='word_1_397' title='bbox 3316 2518 3521 2589; x_wconf 76' lang='lat' dir='ltr'><strong>Diony-</strong></span> 
     </span>
    </p>
   </div>
   <div class='ocr_carea' id='block_1_56' title="bbox 1940 2611 3523 2689">
    <p class='ocr_par' dir='ltr' id='par_1_56' title="bbox 1940 2611 3523 2689">
     <span class='ocr_line' id='line_1_56' title="bbox 1940 2611 3523 2689; baseline -0.006 -15"><span class='ocrx_word' id='word_1_398' title='bbox 1940 2619 2081 2674; x_wconf 87' lang='lat' dir='ltr'><strong>sium</strong></span> <span class='ocrx_word' id='word_1_399' title='bbox 2112 2618 2335 2689; x_wconf 82' lang='lat' dir='ltr'><strong>profero</strong></span> <span class='ocrx_word' id='word_1_400' title='bbox 2367 2616 2821 2687; x_wconf 90' lang='lat' dir='ltr'><strong>consolatorem),</strong></span> <span class='ocrx_word' id='word_1_401' title='bbox 2854 2636 2871 2668; x_wconf 77' lang='grc' dir='ltr'><strong>ι</strong></span> <span class='ocrx_word' id='word_1_402' title='bbox 2916 2626 3024 2671; x_wconf 73' lang='lat' dir='ltr'><strong>tuze</strong></span> <span class='ocrx_word' id='word_1_403' title='bbox 3048 2614 3139 2679; x_wconf 90' lang='lat' dir='ltr'><strong>sit,</strong></span> <span class='ocrx_word' id='word_1_404' title='bbox 3174 2628 3393 2683; x_wconf 88' lang='lat' dir='ltr'><strong>precor,</strong></span> <span class='ocrx_word' id='word_1_405' title='bbox 3416 2611 3523 2665; x_wconf 86' lang='lat' dir='ltr'><strong>hu-</strong></span> 
     </span>
    </p>
   </div>
   <div class='ocr_carea' id='block_1_57' title="bbox 1941 2710 3525 2781">
    <p class='ocr_par' dir='ltr' id='par_1_57' title="bbox 1941 2710 3525 2781">
     <span class='ocr_line' id='line_1_57' title="bbox 1941 2710 3525 2781; baseline -0.003 -18"><span class='ocrx_word' id='word_1_406' title='bbox 1941 2711 2225 2765; x_wconf 87' lang='lat' dir='ltr'><strong>manitatis</strong></span> <span class='ocrx_word' id='word_1_407' title='bbox 2258 2711 2539 2781; x_wconf 84' lang='lat' dir='ltr'><strong>corrigere</strong></span> <span class='ocrx_word' id='word_1_408' title='bbox 2564 2726 2691 2764; x_wconf 89' lang='lat' dir='ltr'><strong>eum</strong></span> <span class='ocrx_word' id='word_1_409' title='bbox 2720 2710 2813 2780; x_wconf 90' lang='lat' dir='ltr'><strong>qui</strong></span> <span class='ocrx_word' id='word_1_410' title='bbox 2851 2710 3058 2764; x_wconf 86' lang='lat' dir='ltr'><strong>invitus</strong></span> <span class='ocrx_word' id='word_1_411' title='bbox 3080 2722 3183 2762; x_wconf 87' lang='lat' dir='ltr'><strong>nec</strong></span> <span class='ocrx_word' id='word_1_412' title='bbox 3207 2714 3403 2775; x_wconf 90' lang='lat' dir='ltr'><strong>sponte</strong></span> <span class='ocrx_word' id='word_1_413' title='bbox 3426 2720 3525 2759; x_wconf 90' lang='lat' dir='ltr'><strong>sua</strong></span> 
     </span>
    </p>
   </div>
   <div class='ocr_carea' id='block_1_58' title="bbox 1943 2798 3525 2874">
    <p class='ocr_par' dir='ltr' id='par_1_58' title="bbox 1943 2798 3525 2874">
     <span class='ocr_line' id='line_1_58' title="bbox 1943 2798 3525 2874; baseline -0.006 -18"><span class='ocrx_word' id='word_1_414' title='bbox 1943 2802 1997 2857; x_wconf 91' lang='lat' dir='ltr'><strong>in</strong></span> <span class='ocrx_word' id='word_1_415' title='bbox 2038 2802 2351 2874; x_wconf 79' lang='lat' dir='ltr'><strong>ignorantia</strong></span> <span class='ocrx_word' id='word_1_416' title='bbox 2387 2809 2665 2866; x_wconf 88' lang='lat' dir='ltr'><strong>versatur,</strong></span> <span class='ocrx_word' id='word_1_417' title='bbox 2688 2810 2745 2854; x_wconf 89' lang='lat' dir='ltr'><strong>et</strong></span> <span class='ocrx_word' id='word_1_418' title='bbox 2776 2801 2844 2855; x_wconf 91' lang='lat' dir='ltr'><strong>de</strong></span> <span class='ocrx_word' id='word_1_419' title='bbox 2874 2807 3058 2854; x_wconf 89' lang='lat' dir='ltr'><strong>vestro</strong></span> <span class='ocrx_word' id='word_1_420' title='bbox 3093 2798 3370 2852; x_wconf 89' lang='lat' dir='ltr'><strong>instruere</strong></span> <span class='ocrx_word' id='word_1_421' title='bbox 3395 2810 3525 2847; x_wconf 89' lang='lat' dir='ltr'><strong>eum</strong></span> 
     </span>
    </p>
   </div>
   <div class='ocr_carea' id='block_1_59' title="bbox 1940 2884 3526 2966">
    <p class='ocr_par' dir='ltr' id='par_1_59' title="bbox 1940 2884 3526 2966">
     <span class='ocr_line' id='line_1_59' title="bbox 1940 2884 3526 2966; baseline -0.008 -17"><span class='ocrx_word' id='word_1_422' title='bbox 1940 2896 2036 2966; x_wconf 91' lang='lat' dir='ltr'><strong>qui</strong></span> <span class='ocrx_word' id='word_1_423' title='bbox 2085 2896 2287 2951; x_wconf 87' lang='lat' dir='ltr'><strong>instrui</strong></span> <span class='ocrx_word' id='word_1_424' title='bbox 2324 2903 2380 2949; x_wconf 92' lang='lat' dir='ltr'><strong>et</strong></span> <span class='ocrx_word' id='word_1_425' title='bbox 2428 2903 2583 2965; x_wconf 90' lang='lat' dir='ltr'><strong>optat</strong></span> <span class='ocrx_word' id='word_1_426' title='bbox 2629 2903 2686 2948; x_wconf 87' lang='lat' dir='ltr'><strong>et</strong></span> <span class='ocrx_word' id='word_1_427' title='bbox 2724 2901 3007 2963; x_wconf 87' lang='lat' dir='ltr'><strong>precatur,</strong></span> <span class='ocrx_word' id='word_1_428' title='bbox 3050 2899 3215 2959; x_wconf 89' lang='lat' dir='ltr'><strong>atque</strong></span> <span class='ocrx_word' id='word_1_429' title='bbox 3266 2884 3526 2957; x_wconf 72' lang='lat' dir='ltr'><strong>praesidio</strong></span> 
     </span>
    </p>
   </div>
   <div class='ocr_carea' id='block_1_60' title="bbox 1941 2976 3525 3048">
    <p class='ocr_par' dir='ltr' id='par_1_60' title="bbox 1941 2976 3525 3048">
     <span class='ocr_line' id='line_1_60' title="bbox 1941 2976 3525 3048; baseline -0.009 -4"><span class='ocrx_word' id='word_1_430' title='bbox 1941 3004 2062 3045; x_wconf 89' lang='lat' dir='ltr'><strong>esse</strong></span> <span class='ocrx_word' id='word_1_431' title='bbox 2093 2988 2143 3044; x_wconf 87' lang='lat' dir='ltr'><strong>ei</strong></span> <span class='ocrx_word' id='word_1_432' title='bbox 2168 2989 2256 3043; x_wconf 89' lang='lat' dir='ltr'><strong>cui</strong></span> <span class='ocrx_word' id='word_1_433' title='bbox 2299 3003 2408 3042; x_wconf 87' lang='lat' dir='ltr'><strong>non</strong></span> <span class='ocrx_word' id='word_1_434' title='bbox 2447 2994 2532 3041; x_wconf 86' lang='lat' dir='ltr'><strong>sat</strong></span> <span class='ocrx_word' id='word_1_435' title='bbox 2564 2984 2777 3039; x_wconf 72' lang='lat' dir='ltr'><strong>virium</strong></span> <span class='ocrx_word' id='word_1_436' title='bbox 2825 2992 2931 3048; x_wconf 88' lang='lat' dir='ltr'><strong>est,</strong></span> <span class='ocrx_word' id='word_1_437' title='bbox 2970 2991 3027 3037; x_wconf 89' lang='lat' dir='ltr'><strong>et</strong></span> <span class='ocrx_word' id='word_1_438' title='bbox 3058 2979 3392 3035; x_wconf 87' lang='lat' dir='ltr'><strong>medicinam</strong></span> <span class='ocrx_word' id='word_1_439' title='bbox 3444 2976 3525 3030; x_wconf 80' lang='lat' dir='ltr'><strong>af-</strong></span> 
     </span>
    </p>
   </div>
   <div class='ocr_carea' id='block_1_61' title="bbox 248 3062 1839 3172">
    <p class='ocr_par' dir='ltr' id='par_1_61' title="bbox 248 3070 1833 3147">
     <span class='ocr_line' id='line_1_61' title="bbox 248 3070 1833 3147; baseline 0.011 -25"><span class='ocrx_word' id='word_1_440' title='bbox 248 3070 467 3142; x_wconf 84' lang='grc' dir='ltr'>οὐρανῷ</span> <span class='ocrx_word' id='word_1_441' title='bbox 510 3073 606 3126; x_wconf 82' lang='grc' dir='ltr'>καὶ</span> <span class='ocrx_word' id='word_1_442' title='bbox 651 3074 747 3128; x_wconf 76' lang='grc' dir='ltr'>ἐπὶ</span> <span class='ocrx_word' id='word_1_443' title='bbox 788 3074 893 3146; x_wconf 83' lang='grc' dir='ltr'>γῆς</span> <span class='ocrx_word' id='word_1_444' title='bbox 939 3075 1091 3147; x_wconf 85' lang='grc' dir='ltr'><strong>παρά</strong></span> <span class='ocrx_word' id='word_1_445' title='bbox 1145 3076 1325 3147; x_wconf 89' lang='grc' dir='ltr'>πάσης</span> <span class='ocrx_word' id='word_1_446' title='bbox 1364 3073 1708 3145; x_wconf 79' lang='grc' dir='ltr'>δοξαζομένῳ</span> <span class='ocrx_word' id='word_1_447' title='bbox 1732 3075 1833 3145; x_wconf 81' lang='grc' dir='ltr'>τῆς</span> 
     </span>
    </p>
   </div>
   <div class='ocr_carea' id='block_1_62' title="bbox 1946 3062 3524 3172">
    <p class='ocr_par' dir='ltr' id='par_1_62' title="bbox 1946 3062 3524 3143">
     <span class='ocr_line' id='line_1_62' title="bbox 1946 3062 3524 3143; baseline -0.009 -17"><span class='ocrx_word' id='word_1_448' title='bbox 1946 3072 2088 3129; x_wconf 79' lang='lat' dir='ltr'><strong>ferre</strong></span> <span class='ocrx_word' id='word_1_449' title='bbox 2123 3073 2173 3128; x_wconf 93' lang='lat' dir='ltr'><strong>ei</strong></span> <span class='ocrx_word' id='word_1_450' title='bbox 2198 3073 2293 3143; x_wconf 91' lang='lat' dir='ltr'><strong>qui</strong></span> <span class='ocrx_word' id='word_1_451' title='bbox 2319 3078 2588 3143; x_wconf 65' lang='lat' dir='ltr'><strong>aegrotare</strong></span> <span class='ocrx_word' id='word_1_452' title='bbox 2618 3085 2731 3123; x_wconf 89' lang='lat' dir='ltr'><strong>non</strong></span> <span class='ocrx_word' id='word_1_453' title='bbox 2758 3068 2898 3132; x_wconf 89' lang='lat' dir='ltr'><strong>vult,</strong></span> <span class='ocrx_word' id='word_1_454' title='bbox 2929 3086 2947 3118; x_wconf 73' lang='grc' dir='ltr'><strong>ι</strong></span> <span class='ocrx_word' id='word_1_455' title='bbox 2979 3074 3039 3120; x_wconf 91' lang='lat' dir='ltr'><strong>ut</strong></span> <span class='ocrx_word' id='word_1_456' title='bbox 3066 3065 3233 3119; x_wconf 86' lang='lat' dir='ltr'><strong>etiam</strong></span> <span class='ocrx_word' id='word_1_457' title='bbox 3266 3062 3375 3117; x_wconf 90' lang='lat' dir='ltr'><strong>hoc</strong></span> <span class='ocrx_word' id='word_1_458' title='bbox 3396 3075 3524 3114; x_wconf 92' lang='lat' dir='ltr'><strong>cum</strong></span> 
     </span>
    </p>
   </div>
   <div class='ocr_carea' id='block_1_63' title="bbox 249 3155 1839 3241">
    <p class='ocr_par' dir='ltr' id='par_1_63' title="bbox 249 3163 1833 3241">
     <span class='ocr_line' id='line_1_63' title="bbox 249 3163 1833 3241; baseline 0.002 -23"><span class='ocrx_word' id='word_1_459' title='bbox 249 3163 501 3230; x_wconf 84' lang='grc' dir='ltr'>κτίσεως,</span> <span class='ocrx_word' id='word_1_460' title='bbox 551 3168 645 3220; x_wconf 73' lang='grc' dir='ltr'><strong>καὶ</strong></span> <span class='ocrx_word' id='word_1_461' title='bbox 697 3168 869 3239; x_wconf 83' lang='grc' dir='ltr'>μόνην</span> <span class='ocrx_word' id='word_1_462' title='bbox 915 3167 1236 3223; x_wconf 86' lang='grc' dir='ltr'>ἀπαιτοῦντι</span> <span class='ocrx_word' id='word_1_463' title='bbox 1276 3169 1408 3241; x_wconf 79' lang='grc' dir='ltr'>παρ’</span> <span class='ocrx_word' id='word_1_464' title='bbox 1438 3167 1598 3240; x_wconf 84' lang='grc' dir='ltr'>ἡμῶν</span> <span class='ocrx_word' id='word_1_465' title='bbox 1641 3168 1833 3222; x_wconf 88' lang='grc' dir='ltr'>θυσίαν</span> 
     </span>
    </p>
   </div>
   <div class='ocr_carea' id='block_1_64' title="bbox 1946 3155 3525 3241">
    <p class='ocr_par' dir='ltr' id='par_1_64' title="bbox 1946 3155 3525 3239">
     <span class='ocr_line' id='line_1_64' title="bbox 1946 3155 3525 3239; baseline -0.012 -15"><span class='ocrx_word' id='word_1_466' title='bbox 1946 3169 2194 3239; x_wconf 89' lang='lat' dir='ltr'><strong>reliquis,</strong></span> <span class='ocrx_word' id='word_1_467' title='bbox 2218 3165 2306 3221; x_wconf 87' lang='lat' dir='ltr'><strong>vel</strong></span> <span class='ocrx_word' id='word_1_468' title='bbox 2329 3165 2514 3236; x_wconf 88' lang='lat' dir='ltr'><strong>potius</strong></span> <span class='ocrx_word' id='word_1_469' title='bbox 2544 3178 2655 3233; x_wconf 73' lang='lat' dir='ltr'><strong>pra:</strong></span> <span class='ocrx_word' id='word_1_470' title='bbox 2677 3160 2928 3233; x_wconf 88' lang='lat' dir='ltr'><strong>reliquis,</strong></span> <span class='ocrx_word' id='word_1_471' title='bbox 2954 3157 3247 3213; x_wconf 85' lang='lat' dir='ltr'><strong>donarium</strong></span> <span class='ocrx_word' id='word_1_472' title='bbox 3280 3155 3525 3209; x_wconf 88' lang='lat' dir='ltr'><strong>honora-</strong></span> 
     </span>
    </p>
   </div>
   <div class='ocr_carea' id='block_1_65' title="bbox 248 3256 1214 3333">
    <p class='ocr_par' dir='ltr' id='par_1_65' title="bbox 248 3256 1214 3333">
     <span class='ocr_line' id='line_1_65' title="bbox 248 3256 1214 3333; baseline 0.005 -23"><span class='ocrx_word' id='word_1_473' title='bbox 248 3256 346 3329; x_wconf 76' lang='grc' dir='ltr'>τὴν</span> <span class='ocrx_word' id='word_1_474' title='bbox 375 3259 455 3324; x_wconf 85' lang='grc' dir='ltr'><strong>εἰς</strong></span> <span class='ocrx_word' id='word_1_475' title='bbox 479 3258 743 3330; x_wconf 85' lang='grc' dir='ltr'>ἀλλήλους</span> <span class='ocrx_word' id='word_1_476' title='bbox 781 3261 1214 3333; x_wconf 82' lang='grc' dir='ltr'>φιλανθρωπίαν.</span> 
     </span>
    </p>
   </div>
   <div class='ocr_carea' id='block_1_66' title="bbox 1948 3242 3523 3329">
    <p class='ocr_par' dir='ltr' id='par_1_66' title="bbox 1948 3242 3523 3329">
     <span class='ocr_line' id='line_1_66' title="bbox 1948 3242 3523 3329; baseline -0.013 -12"><span class='ocrx_word' id='word_1_477' title='bbox 1948 3262 2082 3328; x_wconf 88' lang='lat' dir='ltr'><strong>bile,</strong></span> <span class='ocrx_word' id='word_1_478' title='bbox 2114 3258 2377 3329; x_wconf 88' lang='lat' dir='ltr'><strong>omnique</strong></span> <span class='ocrx_word' id='word_1_479' title='bbox 2407 3254 2682 3311; x_wconf 75' lang='lat' dir='ltr'><strong>sacrificio</strong></span> <span class='ocrx_word' id='word_1_480' title='bbox 2702 3251 3098 3317; x_wconf 85' lang='lat' dir='ltr'><strong>venerabilius,</strong></span> <span class='ocrx_word' id='word_1_481' title='bbox 3124 3249 3239 3303; x_wconf 89' lang='lat' dir='ltr'><strong>Deo</strong></span> <span class='ocrx_word' id='word_1_482' title='bbox 3268 3242 3523 3301; x_wconf 89' lang='lat' dir='ltr'><strong>humani-</strong></span> 
     </span>
    </p>
   </div>
   <div class='ocr_carea' id='block_1_67' title="bbox 253 3341 3520 3426">
    <p class='ocr_par' dir='ltr' id='par_1_67' title="bbox 253 3341 3520 3426">
     <span class='ocr_line' id='line_1_67' title="bbox 253 3341 3520 3426; baseline -0.003 -20"><span class='ocrx_word' id='word_1_483' title='bbox 253 3360 420 3407; x_wconf 88' lang='lat' dir='ltr'><strong>tatem</strong></span> <span class='ocrx_word' id='word_1_484' title='bbox 468 3352 887 3420; x_wconf 77' lang='lat' dir='ltr'><strong>saeriﬁeaveris,</strong></span> <span class='ocrx_word' id='word_1_485' title='bbox 931 3355 1028 3426; x_wconf 91' lang='lat' dir='ltr'><strong>qui</strong></span> <span class='ocrx_word' id='word_1_486' title='bbox 1077 3355 1134 3411; x_wconf 92' lang='lat' dir='ltr'><strong>in</strong></span> <span class='ocrx_word' id='word_1_487' title='bbox 1168 3355 1311 3411; x_wconf 67' lang='lat' dir='ltr'><strong>caalo</strong></span> <span class='ocrx_word' id='word_1_488' title='bbox 1358 3362 1416 3409; x_wconf 91' lang='lat' dir='ltr'><strong>et</strong></span> <span class='ocrx_word' id='word_1_489' title='bbox 1466 3372 1521 3410; x_wconf 82' lang='lat' dir='ltr'><strong>in</strong></span> <span class='ocrx_word' id='word_1_490' title='bbox 1564 3364 1715 3411; x_wconf 88' lang='lat' dir='ltr'><strong>terra</strong></span> <span class='ocrx_word' id='word_1_491' title='bbox 1761 3355 1830 3412; x_wconf 86' lang='lat' dir='ltr'><strong>ab</strong></span> <span class='ocrx_word' id='word_1_492' title='bbox 1864 3357 2017 3415; x_wconf 90' lang='lat' dir='ltr'><strong>omni</strong></span> <span class='ocrx_word' id='word_1_493' title='bbox 2083 3356 2337 3412; x_wconf 75' lang='lat' dir='ltr'><strong>creatura</strong></span> <span class='ocrx_word' id='word_1_494' title='bbox 2383 3350 2735 3423; x_wconf 75' lang='lat' dir='ltr'><strong>praedicatur,</strong></span> <span class='ocrx_word' id='word_1_495' title='bbox 2804 3347 3007 3419; x_wconf 88' lang='lat' dir='ltr'><strong>quique</strong></span> <span class='ocrx_word' id='word_1_496' title='bbox 3045 3346 3224 3401; x_wconf 88' lang='lat' dir='ltr'><strong>solum</strong></span> <span class='ocrx_word' id='word_1_497' title='bbox 3278 3359 3309 3398; x_wconf 90' lang='lat' dir='ltr'><strong>a</strong></span> <span class='ocrx_word' id='word_1_498' title='bbox 3357 3341 3520 3396; x_wconf 88' lang='lat' dir='ltr'><strong>nobis</strong></span> 
     </span>
    </p>
   </div>
   <div class='ocr_carea' id='block_1_68' title="bbox 249 3447 1621 3519">
    <p class='ocr_par' dir='ltr' id='par_1_68' title="bbox 249 3447 1621 3519">
     <span class='ocr_line' id='line_1_68' title="bbox 249 3447 1621 3519; baseline 0.001 -17"><span class='ocrx_word' id='word_1_499' title='bbox 249 3448 495 3518; x_wconf 87' lang='lat' dir='ltr'><strong>postulat</strong></span> <span class='ocrx_word' id='word_1_500' title='bbox 519 3447 851 3503; x_wconf 78' lang='lat' dir='ltr'><strong>sacriﬁcium</strong></span> <span class='ocrx_word' id='word_1_501' title='bbox 885 3448 1287 3504; x_wconf 86' lang='lat' dir='ltr'><strong>humanitatem</strong></span> <span class='ocrx_word' id='word_1_502' title='bbox 1312 3464 1441 3519; x_wconf 88' lang='lat' dir='ltr'><strong>erga</strong></span> <span class='ocrx_word' id='word_1_503' title='bbox 1462 3447 1621 3503; x_wconf 91' lang='lat' dir='ltr'><strong>alios.</strong></span> 
     </span>
    </p>
   </div>
   <div class='ocr_carea' id='block_1_69' title="bbox 314 3588 1839 3674">
    <p class='ocr_par' dir='ltr' id='par_1_69' title="bbox 314 3596 1839 3674">
     <span class='ocr_line' id='line_1_69' title="bbox 314 3596 1839 3674; baseline -0.003 -18"><span class='ocrx_word' id='word_1_504' title='bbox 314 3599 428 3669; x_wconf 76' lang='lat'><strong>(75)</strong></span> <span class='ocrx_word' id='word_1_505' title='bbox 484 3600 706 3674; x_wconf 83' lang='lat' dir='ltr'><strong>Dionys.</strong></span> <span class='ocrx_word' id='word_1_506' title='bbox 758 3600 1027 3672; x_wconf 81' lang='lat' dir='ltr'><strong>Areopag.</strong></span> <span class='ocrx_word' id='word_1_507' title='bbox 1064 3599 1139 3654; x_wconf 88' lang='lat' dir='ltr'><strong>De</strong></span> <span class='ocrx_word' id='word_1_508' title='bbox 1162 3599 1323 3654; x_wconf 81' lang='lat' dir='ltr'><strong>divin.</strong></span> <span class='ocrx_word' id='word_1_509' title='bbox 1357 3598 1620 3654; x_wconf 83' lang='lat' dir='ltr'><strong>nominib.</strong></span> <span class='ocrx_word' id='word_1_510' title='bbox 1656 3613 1778 3668; x_wconf 90' lang='lat' dir='ltr'><strong>cap.</strong></span> <span class='ocrx_word' id='word_1_511' title='bbox 1815 3596 1839 3650; x_wconf 77' lang='grc'><strong>1</strong></span> 
     </span>
    </p>
   </div>
   <div class='ocr_carea' id='block_1_70' title="bbox 1946 3588 2887 3674">
    <p class='ocr_par' dir='ltr' id='par_1_70' title="bbox 1946 3588 2887 3662">
     <span class='ocr_line' id='line_1_70' title="bbox 1946 3588 2887 3662; baseline -0.004 -14"><span class='ocrx_word' id='word_1_512' title='bbox 1946 3610 1982 3649; x_wconf 85' lang='grc'><strong>).</strong></span> <span class='ocrx_word' id='word_1_513' title='bbox 2021 3592 2147 3658; x_wconf 74' lang='grc'><strong>554,</strong></span> <span class='ocrx_word' id='word_1_514' title='bbox 2181 3599 2317 3647; x_wconf 92' lang='lat' dir='ltr'><strong>tom.</strong></span> <span class='ocrx_word' id='word_1_515' title='bbox 2356 3592 2397 3646; x_wconf 92' lang='lat' dir='ltr'><strong>l.</strong></span> <span class='ocrx_word' id='word_1_516' title='bbox 2423 3590 2563 3662; x_wconf 90' lang='lat' dir='ltr'><strong>Opp.</strong></span> <span class='ocrx_word' id='word_1_517' title='bbox 2595 3588 2663 3644; x_wconf 92' lang='lat' dir='ltr'><strong>ed</strong></span> <span class='ocrx_word' id='word_1_518' title='bbox 2694 3589 2887 3645; x_wconf 86' lang='lat' dir='ltr'><strong>Venet.</strong></span> 
     </span>
    </p>
   </div>
   <div class='ocr_carea' id='block_1_71' title="bbox 250 4007 3529 4099">
    <p class='ocr_par' dir='ltr' id='par_1_71' title="bbox 250 4007 3529 4099">
     <span class='ocr_line' id='line_1_71' title="bbox 250 4007 3529 4099; baseline -0.004 -19"><span class='ocrx_word' id='word_1_519' title='bbox 250 4019 315 4080; x_wconf 90' lang='lat' dir='ltr'><strong>S.</strong></span> <span class='ocrx_word' id='word_1_520' title='bbox 357 4016 607 4080; x_wconf 81' lang='lat' dir='ltr'><strong>Maximi</strong></span> <span class='ocrx_word' id='word_1_521' title='bbox 659 4017 909 4082; x_wconf 83' lang='lat' dir='ltr'><strong>Scholia</strong></span> <span class='ocrx_word' id='word_1_522' title='bbox 956 4017 1023 4080; x_wconf 89' lang='lat' dir='ltr'><strong>in</strong></span> <span class='ocrx_word' id='word_1_523' title='bbox 1069 4019 1137 4079; x_wconf 89' lang='lat' dir='ltr'><strong>B.</strong></span> <span class='ocrx_word' id='word_1_524' title='bbox 1191 4017 1556 4097; x_wconf 76' lang='lat' dir='ltr'><strong>Dionysium</strong></span> <span class='ocrx_word' id='word_1_525' title='bbox 1599 4017 2038 4099; x_wconf 85' lang='lat' dir='ltr'><strong>Areopagitam</strong></span> <span class='ocrx_word' id='word_1_526' title='bbox 2094 4021 2345 4079; x_wconf 76' lang='lat' dir='ltr'><strong>exstant</strong></span> <span class='ocrx_word' id='word_1_527' title='bbox 2372 4014 2553 4076; x_wconf 76' lang='lat' dir='ltr'><strong>‘inter</strong></span> <span class='ocrx_word' id='word_1_528' title='bbox 2602 4027 2797 4092; x_wconf 76' lang='lat' dir='ltr'><strong>Opera</strong></span> <span class='ocrx_word' id='word_1_529' title='bbox 2844 4009 3045 4091; x_wconf 90' lang='lat' dir='ltr'><strong>ipsius</strong></span> <span class='ocrx_word' id='word_1_530' title='bbox 3095 4007 3529 4088; x_wconf 69' lang='lat' dir='ltr'><strong>AreOpagitze,</strong></span> 
     </span>
    </p>
   </div>
   <div class='ocr_carea' id='block_1_72' title="bbox 328 4111 3635 4205">
    <p class='ocr_par' dir='ltr' id='par_1_72' title="bbox 328 4111 3635 4205">
     <span class='ocr_line' id='line_1_72' title="bbox 328 4111 3635 4205; baseline -0.003 -21"><span class='ocrx_word' id='word_1_531' title='bbox 328 4121 594 4204; x_wconf 90' lang='lat' dir='ltr'><strong>hujusce</strong></span> <span class='ocrx_word' id='word_1_532' title='bbox 636 4125 1009 4203; x_wconf 77' lang='lat' dir='ltr'><strong>Patrologiee</strong></span> <span class='ocrx_word' id='word_1_533' title='bbox 1058 4130 1213 4187; x_wconf 81' lang='lat' dir='ltr'><strong>tom.</strong></span> <span class='ocrx_word' id='word_1_534' title='bbox 1247 4125 1357 4200; x_wconf 82' lang='lat' dir='ltr'><strong>IV;</strong></span> <span class='ocrx_word' id='word_1_535' title='bbox 1399 4124 1534 4204; x_wconf 87' lang='lat' dir='ltr'><strong>ejus</strong></span> <span class='ocrx_word' id='word_1_536' title='bbox 1574 4139 1723 4186; x_wconf 89' lang='lat' dir='ltr'><strong>vero</strong></span> <span class='ocrx_word' id='word_1_537' title='bbox 1773 4126 2150 4205; x_wconf 85' lang='lat' dir='ltr'><strong>Computum</strong></span> <span class='ocrx_word' id='word_1_538' title='bbox 2203 4121 2697 4186; x_wconf 83' lang='lat' dir='ltr'><strong>ecclesiasticum</strong></span> <span class='ocrx_word' id='word_1_539' title='bbox 2741 4116 3031 4181; x_wconf 88' lang='lat' dir='ltr'><strong>dedimus</strong></span> <span class='ocrx_word' id='word_1_540' title='bbox 3065 4115 3231 4178; x_wconf 88' lang='lat' dir='ltr'><strong>inter</strong></span> <span class='ocrx_word' id='word_1_541' title='bbox 3268 4111 3528 4193; x_wconf 87' lang='lat' dir='ltr'><strong>supple-</strong></span> <span class='ocrx_word' id='word_1_542' title='bbox 3626 4165 3635 4174; x_wconf 94' lang='lat'><strong>.</strong></span> 
     </span>
    </p>
   </div>
   <div class='ocr_carea' id='block_1_73' title="bbox 329 4223 2140 4302">
    <p class='ocr_par' dir='ltr' id='par_1_73' title="bbox 329 4223 2140 4302">
     <span class='ocr_line' id='line_1_73' title="bbox 329 4223 2140 4302; baseline -0.001 -15"><span class='ocrx_word' id='word_1_543' title='bbox 329 4231 545 4289; x_wconf 85' lang='lat' dir='ltr'><strong>menta</strong></span> <span class='ocrx_word' id='word_1_544' title='bbox 573 4226 653 4289; x_wconf 85' lang='lat' dir='ltr'><strong>ad</strong></span> <span class='ocrx_word' id='word_1_545' title='bbox 684 4227 939 4289; x_wconf 85' lang='lat' dir='ltr'><strong>Eusebii</strong></span> <span class='ocrx_word' id='word_1_546' title='bbox 983 4226 1364 4302; x_wconf 84' lang='lat' dir='ltr'><strong>Chronicon,</strong></span> <span class='ocrx_word' id='word_1_547' title='bbox 1407 4233 1562 4289; x_wconf 88' lang='lat' dir='ltr'><strong>tom.</strong></span> <span class='ocrx_word' id='word_1_548' title='bbox 1599 4226 1768 4301; x_wconf 84' lang='lat' dir='ltr'><strong>XIX,</strong></span> <span class='ocrx_word' id='word_1_549' title='bbox 1803 4224 1925 4289; x_wconf 90' lang='lat' dir='ltr'><strong>col.</strong></span> <span class='ocrx_word' id='word_1_550' title='bbox 1966 4223 2140 4288; x_wconf 72' lang='lat'><strong>1217.</strong></span> 
     </span>
    </p>
   </div>
   <div class='ocr_carea' id='block_1_74' title="bbox 1706 4462 2082 4477">
    <p class='ocr_par' dir='ltr' id='par_1_74' title="bbox 1706 4462 2082 4477">
     <span class='ocr_line' id='line_1_74' title="bbox 1706 4462 2082 4477; baseline -0.003 -3"><span class='ocrx_word' id='word_1_551' title='bbox 1706 4462 2082 4477; x_wconf 47' lang='grc' dir='ltr'><strong>’ψ</strong></span> 
     </span>
    </p>
   </div>
   <div class='ocr_carea' id='block_1_75' title="bbox 886 4651 2907 4785">
    <p class='ocr_par' dir='ltr' id='par_1_75' title="bbox 886 4651 2907 4785">
     <span class='ocr_line' id='line_1_75' title="bbox 886 4651 2907 4785; baseline -0.005 -35"><span class='ocrx_word' id='word_1_552' title='bbox 886 4658 980 4750; x_wconf 94' lang='lat' dir='ltr'><strong>S.</strong></span> <span class='ocrx_word' id='word_1_553' title='bbox 1058 4654 1510 4785; x_wconf 84' lang='lat' dir='ltr'><strong>MAXIMI</strong></span> <span class='ocrx_word' id='word_1_554' title='bbox 1588 4653 2388 4749; x_wconf 81' lang='lat' dir='ltr'><strong>CONFESSORIS</strong></span> <span class='ocrx_word' id='word_1_555' title='bbox 2458 4651 2907 4743; x_wconf 83' lang='lat' dir='ltr'><strong>HYMNI.</strong></span> 
     </span>
    </p>
   </div>
   <div class='ocr_carea' id='block_1_76' title="bbox 1244 4872 2572 4948">
    <p class='ocr_par' dir='ltr' id='par_1_76' title="bbox 1244 4872 2572 4948">
     <span class='ocr_line' id='line_1_76' title="bbox 1244 4872 2572 4948; baseline -0.005 -15"><span class='ocrx_word' id='word_1_556' title='bbox 1244 4875 1487 4942; x_wconf 73' lang='lat' dir='ltr'><strong>(DANIEL,</strong></span> <span class='ocrx_word' id='word_1_557' title='bbox 1517 4876 1772 4933; x_wconf 78' lang='lat' dir='ltr'><strong>Thesaur.</strong></span> <span class='ocrx_word' id='word_1_558' title='bbox 1806 4873 2131 4948; x_wconf 81' lang='lat' dir='ltr'><strong>nymnolag.,</strong></span> <span class='ocrx_word' id='word_1_559' title='bbox 2167 4875 2259 4943; x_wconf 90' lang='lat' dir='ltr'><strong>Ill,</strong></span> <span class='ocrx_word' id='word_1_560' title='bbox 2294 4872 2360 4934; x_wconf 83' lang='lat'><strong>97</strong></span> <span class='ocrx_word' id='word_1_561' title='bbox 2391 4876 2572 4946; x_wconf 82' lang='lat' dir='ltr'><strong>seqq.)</strong></span> 
     </span>
    </p>
   </div>
   <div class='ocr_carea' id='block_1_77' title="bbox 250 5131 1841 5256">
    <p class='ocr_par' dir='ltr' id='par_1_77' title="bbox 250 5170 1841 5256">
     <span class='ocr_line' id='line_1_77' title="bbox 250 5170 1841 5256; baseline 0.014 -53"><span class='ocrx_word' id='word_1_562' title='bbox 250 5179 485 5256; x_wconf 50' lang='lat' dir='ltr'><strong>&quot;(prpe</strong></span> <span class='ocrx_word' id='word_1_563' title='bbox 517 5252 530 5256; x_wconf 28' lang='grc' dir='ltr'><strong>Α</strong></span> <span class='ocrx_word' id='word_1_564' title='bbox 550 5173 1012 5256; x_wconf 62' lang='grc' dir='ltr'>εὐχρριστήριᾳς</span> <span class='ocrx_word' id='word_1_565' title='bbox 1082 5170 1321 5256; x_wconf 67' lang='lat' dir='ltr'><strong>Hymnus</strong></span> <span class='ocrx_word' id='word_1_566' title='bbox 1358 5171 1657 5256; x_wconf 56' lang='lat' dir='ltr'><strong>gratiarum</strong></span> <span class='ocrx_word' id='word_1_567' title='bbox 1675 5170 1841 5256; x_wconf 55' lang='lat' dir='ltr'><strong>actio:</strong></span> 
     </span>
    </p>
   </div>
   <div class='ocr_carea' id='block_1_78' title="bbox 326 5240 1841 5379">
    <p class='ocr_par' dir='ltr' id='par_1_78' title="bbox 326 5240 1841 5379">
     <span class='ocr_line' id='line_1_78' title="bbox 326 5240 1841 5318; baseline -0.008 -12"><span class='ocrx_word' id='word_1_568' title='bbox 326 5240 427 5306; x_wconf 67' lang='grc' dir='ltr'><strong>ἔται</strong></span> <span class='ocrx_word' id='word_1_569' title='bbox 462 5240 478 5246; x_wconf 58' lang='grc'>⁷</span> <span class='ocrx_word' id='word_1_570' title='bbox 511 5240 806 5318; x_wconf 71' lang='grc' dir='ltr'>ίκεέῆῥιος</span> <span class='ocrx_word' id='word_1_571' title='bbox 862 5240 1014 5314; x_wconf 61' lang='grc' dir='ltr'>πρὸς</span> <span class='ocrx_word' id='word_1_572' title='bbox 1136 5240 1236 5298; x_wconf 72' lang='grc' dir='ltr'><strong>ἠίε</strong></span> <span class='ocrx_word' id='word_1_573' title='bbox 1267 5249 1317 5296; x_wconf 84' lang='lat' dir='ltr'><strong>et</strong></span> <span class='ocrx_word' id='word_1_574' title='bbox 1346 5240 1746 5313; x_wconf 61' lang='lat' dir='ltr'><strong>supplicationis</strong></span> <span class='ocrx_word' id='word_1_575' title='bbox 1771 5240 1841 5295; x_wconf 84' lang='lat' dir='ltr'><strong>ad</strong></span> 
     </span>
     <span class='ocr_line' id='line_1_79' title="bbox 328 5314 1351 5379; baseline -0.009 -1"><span class='ocrx_word' id='word_1_576' title='bbox 328 5323 497 5379; x_wconf 79' lang='grc' dir='ltr'>Θεόν.</span> <span class='ocrx_word' id='word_1_577' title='bbox 1164 5314 1351 5373; x_wconf 87' lang='lat' dir='ltr'><strong>Deum.</strong></span> 
     </span>
    </p>
   </div>
   <div class='ocr_carea' id='block_1_79' title="bbox 255 5448 1844 5593">
    <p class='ocr_par' dir='ltr' id='par_1_79' title="bbox 255 5448 1844 5593">
     <span class='ocr_line' id='line_1_80' title="bbox 255 5448 1844 5593; baseline -0.009 -76"><span class='ocrx_word' id='word_1_578' title='bbox 255 5460 475 5534; x_wconf 83' lang='grc' dir='ltr'>Λειμών</span> <span class='ocrx_word' id='word_1_579' title='bbox 523 5478 590 5533; x_wconf 90' lang='grc' dir='ltr'><strong>με</strong></span> <span class='ocrx_word' id='word_1_580' title='bbox 633 5457 854 5530; x_wconf 79' lang='grc' dir='ltr'>τλήμον’</span> <span class='ocrx_word' id='word_1_581' title='bbox 888 5458 1015 5527; x_wconf 73' lang='grc' dir='ltr'>ἔσχε</span> <span class='ocrx_word' id='word_1_582' title='bbox 1086 5453 1227 5511; x_wconf 88' lang='lat' dir='ltr'><strong>Olim</strong></span> <span class='ocrx_word' id='word_1_583' title='bbox 1260 5466 1349 5508; x_wconf 86' lang='lat' dir='ltr'><strong>me</strong></span> <span class='ocrx_word' id='word_1_584' title='bbox 1383 5456 1606 5571; x_wconf 86' lang='lat' dir='ltr'><strong>beatum</strong></span> <span class='ocrx_word' id='word_1_585' title='bbox 1642 5448 1844 5593; x_wconf 58' lang='lat' dir='ltr'><strong>eﬂlﬁig;</strong></span> 
     </span>
    </p>
   </div>
   <div class='ocr_carea' id='block_1_80' title="bbox 1466 5590 1843 5648">
    <p class='ocr_par' dir='ltr' id='par_1_80' title="bbox 1466 5590 1843 5648">
     <span class='ocr_line' id='line_1_81' title="bbox 1466 5590 1843 5648; baseline -0.003 0"><span class='ocrx_word' id='word_1_586' title='bbox 1466 5590 1843 5648; x_wconf 76' lang='lat' dir='ltr'><strong>iucundarum</strong></span> 
     </span>
    </p>
   </div>
   <div class='ocr_carea' id='block_1_81' title="bbox 1500 5664 1832 5735">
    <p class='ocr_par' dir='ltr' id='par_1_81' title="bbox 1500 5664 1832 5735">
     <span class='ocr_line' id='line_1_82' title="bbox 1500 5664 1832 5735; baseline -0.009 -16"><span class='ocrx_word' id='word_1_587' title='bbox 1500 5664 1832 5735; x_wconf 87' lang='lat' dir='ltr'><strong>plantarum,</strong></span> 
     </span>
    </p>
   </div>
   <div class='ocr_carea' id='block_1_82' title="bbox 258 5594 1382 5671">
    <p class='ocr_par' dir='ltr' id='par_1_82' title="bbox 258 5594 1382 5671">
     <span class='ocr_line' id='line_1_83' title="bbox 258 5594 1382 5671; baseline -0.004 -15"><span class='ocrx_word' id='word_1_588' title='bbox 258 5600 446 5671; x_wconf 39' lang='lat' dir='ltr'><strong>nam,</strong></span> <span class='ocrx_word' id='word_1_589' title='bbox 480 5599 660 5670; x_wconf 65' lang='grc' dir='ltr'>φυτῶν</span> <span class='ocrx_word' id='word_1_590' title='bbox 689 5597 949 5667; x_wconf 84' lang='grc' dir='ltr'>ἀρίστων,</span> <span class='ocrx_word' id='word_1_591' title='bbox 1087 5594 1382 5652; x_wconf 85' lang='lat' dir='ltr'><strong>Paradisus</strong></span> 
     </span>
    </p>
   </div>
   <div class='ocr_carea' id='block_1_83' title="bbox 579 5783 1237 5851">
    <p class='ocr_par' dir='ltr' id='par_1_83' title="bbox 579 5783 1237 5851">
     <span class='ocr_line' id='line_1_84' title="bbox 579 5783 1237 5851; baseline -0.006 0"><span class='ocrx_word' id='word_1_592' title='bbox 579 5790 850 5851; x_wconf 73' lang='grc' dir='ltr'>Ρηιιοι.</span> <span class='ocrx_word' id='word_1_593' title='bbox 898 5786 1017 5850; x_wconf 79' lang='lat' dir='ltr'><strong>Gn.</strong></span> <span class='ocrx_word' id='word_1_594' title='bbox 1072 5783 1237 5847; x_wconf 76' lang='lat' dir='ltr'><strong>XCI.</strong></span> 
     </span>
    </p>
   </div>
   <div class='ocr_carea' id='block_1_84' title="bbox 2765 5164 3287 5236">
    <p class='ocr_par' dir='ltr' id='par_1_84' title="bbox 2765 5164 3287 5236">
     <span class='ocr_line' id='line_1_85' title="bbox 2765 5164 3287 5236; baseline -0.006 -12"><span class='ocrx_word' id='word_1_595' title='bbox 2765 5168 2909 5236; x_wconf 84' lang='lat' dir='ltr'><strong>Quin</strong></span> <span class='ocrx_word' id='word_1_596' title='bbox 2960 5167 3057 5223; x_wconf 90' lang='lat' dir='ltr'><strong>Dei</strong></span> <span class='ocrx_word' id='word_1_597' title='bbox 3087 5164 3287 5223; x_wconf 85' lang='lat' dir='ltr'><strong>summi</strong></span> 
     </span>
    </p>
   </div>
   <div class='ocr_carea' id='block_1_85' title="bbox 2767 5236 3524 5309">
    <p class='ocr_par' dir='ltr' id='par_1_85' title="bbox 2767 5236 3524 5309">
     <span class='ocr_line' id='line_1_86' title="bbox 2767 5236 3524 5309; baseline -0.004 -14"><span class='ocrx_word' id='word_1_598' title='bbox 2767 5238 3127 5295; x_wconf 86' lang='lat' dir='ltr'><strong>lnenarrabili</strong></span> <span class='ocrx_word' id='word_1_599' title='bbox 3175 5236 3524 5309; x_wconf 85' lang='lat' dir='ltr'><strong>providentia</strong></span> 
     </span>
    </p>
   </div>
   <div class='ocr_carea' id='block_1_86' title="bbox 2768 5310 3231 5381">
    <p class='ocr_par' dir='ltr' id='par_1_86' title="bbox 2768 5310 3231 5381">
     <span class='ocr_line' id='line_1_87' title="bbox 2768 5310 3231 5381; baseline -0.004 -15"><span class='ocrx_word' id='word_1_600' title='bbox 2768 5311 3083 5380; x_wconf 88' lang='lat' dir='ltr'><strong>Amoreque</strong></span> <span class='ocrx_word' id='word_1_601' title='bbox 3111 5310 3231 5381; x_wconf 89' lang='lat' dir='ltr'><strong>pari</strong></span> 
     </span>
    </p>
   </div>
   <div class='ocr_carea' id='block_1_87' title="bbox 2768 5379 3521 5504">
    <p class='ocr_par' dir='ltr' id='par_1_87' title="bbox 2768 5379 3521 5504">
     <span class='ocr_line' id='line_1_88' title="bbox 2768 5379 3521 5453; baseline -0.004 -16"><span class='ocrx_word' id='word_1_602' title='bbox 2768 5379 3008 5438; x_wconf 31' lang='lat' dir='ltr'><strong>Lumen’</strong></span> <span class='ocrx_word' id='word_1_603' title='bbox 3039 5379 3190 5437; x_wconf 81' lang='lat' dir='ltr'><strong>istud</strong></span> <span class='ocrx_word' id='word_1_604' title='bbox 3224 5395 3326 5453; x_wconf 83' lang='lat' dir='ltr'><strong>ego</strong></span> <span class='ocrx_word' id='word_1_605' title='bbox 3365 5379 3521 5434; x_wconf 86' lang='lat' dir='ltr'><strong>vide-</strong></span> 
     </span>
     <span class='ocr_line' id='line_1_89' title="bbox 3344 5449 3517 5504; baseline 0 0"><span class='ocrx_word' id='word_1_606' title='bbox 3344 5449 3517 5504; x_wconf 79' lang='lat' dir='ltr'><strong>ibam.</strong></span> 
     </span>
    </p>
   </div>
   <div class='ocr_carea' id='block_1_88' title="bbox 2770 5449 3517 5579">
    <p class='ocr_par' dir='ltr' id='par_1_88' title="bbox 2770 5449 3517 5579">
     <span class='ocr_line' id='line_1_90' title="bbox 3263 5449 3517 5522; baseline -0.031 1"><span class='ocrx_word' id='word_1_607' title='bbox 3263 5449 3281 5453; x_wconf 69' lang='lat'><strong>&#39;</strong></span> <span class='ocrx_word' id='word_1_608' title='bbox 3344 5449 3517 5522; x_wconf 79' lang='lat' dir='ltr'><strong>Ibam.</strong></span> 
     </span>
     <span class='ocr_line' id='line_1_91' title="bbox 2770 5523 3415 5579; baseline -0.008 0"><span class='ocrx_word' id='word_1_609' title='bbox 2770 5523 2968 5579; x_wconf 82' lang='lat' dir='ltr'><strong>Factus</strong></span> <span class='ocrx_word' id='word_1_610' title='bbox 2992 5540 3059 5579; x_wconf 82' lang='lat' dir='ltr'><strong>ex</strong></span> <span class='ocrx_word' id='word_1_611' title='bbox 3092 5523 3225 5579; x_wconf 88' lang='lat' dir='ltr'><strong>limo</strong></span> <span class='ocrx_word' id='word_1_612' title='bbox 3254 5530 3415 5577; x_wconf 71' lang='lat' dir='ltr'><strong>terra:</strong></span> 
     </span>
    </p>
   </div>
   <div class='ocr_carea' id='block_1_89' title="bbox 2768 5588 3525 5665">
    <p class='ocr_par' dir='ltr' id='par_1_89' title="bbox 2768 5588 3525 5665">
     <span class='ocr_line' id='line_1_92' title="bbox 2768 5588 3525 5665; baseline -0.011 -15"><span class='ocrx_word' id='word_1_613' title='bbox 2768 5593 3097 5665; x_wconf 86' lang='lat' dir='ltr'><strong>llabensque</strong></span> <span class='ocrx_word' id='word_1_614' title='bbox 3118 5602 3382 5665; x_wconf 71' lang='lat' dir='ltr'><strong>praeterea</strong></span> <span class='ocrx_word' id='word_1_615' title='bbox 3410 5588 3525 5660; x_wconf 79' lang='lat' dir='ltr'><strong>spi-</strong></span> 
     </span>
    </p>
   </div>
   <div class='ocr_carea' id='block_1_90' title="bbox 3296 5660 3518 5735">
    <p class='ocr_par' dir='ltr' id='par_1_90' title="bbox 3296 5660 3518 5735">
     <span class='ocr_line' id='line_1_93' title="bbox 3296 5660 3518 5735; baseline 0 -20"><span class='ocrx_word' id='word_1_616' title='bbox 3296 5660 3518 5735; x_wconf 86' lang='lat' dir='ltr'><strong>[ritum,</strong></span> 
     </span>
    </p>
   </div>
   <div class='ocr_carea' id='block_1_91' title="bbox 1937 5167 2586 5242">
    <p class='ocr_par' dir='ltr' id='par_1_91' title="bbox 1937 5167 2586 5242">
     <span class='ocr_line' id='line_1_94' title="bbox 1937 5167 2586 5242; baseline -0.002 -17"><span class='ocrx_word' id='word_1_617' title='bbox 1937 5167 2120 5242; x_wconf 71' lang='grc' dir='ltr'>Ἶῐμος</span> <span class='ocrx_word' id='word_1_618' title='bbox 2153 5170 2291 5225; x_wconf 87' lang='grc' dir='ltr'>Θεοῦ</span> <span class='ocrx_word' id='word_1_619' title='bbox 2329 5172 2586 5242; x_wconf 87' lang='grc' dir='ltr'>μεγίστου</span> 
     </span>
    </p>
   </div>
   <div class='ocr_carea' id='block_1_92' title="bbox 1952 5240 2636 5314">
    <p class='ocr_par' dir='ltr' id='par_1_92' title="bbox 1952 5240 2636 5314">
     <span class='ocr_line' id='line_1_95' title="bbox 1952 5240 2636 5314; baseline 0 0"><span class='ocrx_word' id='word_1_620' title='bbox 1952 5240 2077 5314; x_wconf 70' lang='grc' dir='ltr'><strong>Ὺπ’</strong></span> <span class='ocrx_word' id='word_1_621' title='bbox 2106 5240 2375 5314; x_wconf 65' lang='grc' dir='ltr'><strong>ἀφράστφ</strong></span> <span class='ocrx_word' id='word_1_622' title='bbox 2408 5242 2636 5314; x_wconf 74' lang='grc' dir='ltr'>προνοίη</span> 
     </span>
    </p>
   </div>
   <div class='ocr_carea' id='block_1_93' title="bbox 1942 5299 2618 5401">
    <p class='ocr_par' dir='ltr' id='par_1_93' title="bbox 1942 5299 2618 5401">
     <span class='ocr_line' id='line_1_96' title="bbox 1942 5299 2618 5401; baseline 0 0"><span class='ocrx_word' id='word_1_623' title='bbox 1942 5299 2234 5401; x_wconf 60' lang='grc' dir='ltr'><strong>ζερωξέζέί</strong></span> <span class='ocrx_word' id='word_1_624' title='bbox 2264 5299 2526 5401; x_wconf 50' lang='lat' dir='ltr'><strong>{view</strong></span> <span class='ocrx_word' id='word_1_625' title='bbox 2560 5299 2618 5401; x_wconf 72' lang='grc' dir='ltr'><strong>..ζ</strong></span> 
     </span>
    </p>
   </div>
   <div class='ocr_carea' id='block_1_94' title="bbox 1938 5382 2694 5451">
    <p class='ocr_par' dir='ltr' id='par_1_94' title="bbox 1938 5382 2694 5451">
     <span class='ocr_line' id='line_1_97' title="bbox 1938 5382 2694 5451; baseline 0.005 -17"><span class='ocrx_word' id='word_1_626' title='bbox 1938 5382 2058 5445; x_wconf 87' lang='grc' dir='ltr'>Φῶς</span> <span class='ocrx_word' id='word_1_627' title='bbox 2086 5382 2234 5435; x_wconf 81' lang='grc' dir='ltr'>τοῦτ’</span> <span class='ocrx_word' id='word_1_628' title='bbox 2274 5382 2385 5450; x_wconf 77' lang='grc' dir='ltr'><strong>ἐγὼ</strong></span> <span class='ocrx_word' id='word_1_629' title='bbox 2424 5382 2694 5451; x_wconf 77' lang='grc' dir='ltr'>κατεῖδον,</span> 
     </span>
    </p>
   </div>
   <div class='ocr_carea' id='block_1_95' title="bbox 1940 5452 2589 5526">
    <p class='ocr_par' dir='ltr' id='par_1_95' title="bbox 1940 5452 2589 5526">
     <span class='ocr_line' id='line_1_98' title="bbox 1940 5452 2589 5526; baseline 0.005 -21"><span class='ocrx_word' id='word_1_630' title='bbox 1940 5452 2212 5518; x_wconf 77' lang='grc' dir='ltr'>Πλασθεὶς</span> <span class='ocrx_word' id='word_1_631' title='bbox 2240 5455 2361 5525; x_wconf 78' lang='grc' dir='ltr'>χοὸς</span> <span class='ocrx_word' id='word_1_632' title='bbox 2387 5455 2589 5526; x_wconf 78' lang='grc' dir='ltr'>γεηροῦ</span> 
     </span>
    </p>
   </div>
   <div class='ocr_carea' id='block_1_96' title="bbox 1937 5592 2695 5738">
    <p class='ocr_par' dir='ltr' id='par_1_96' title="bbox 1937 5592 2695 5738">
     <span class='ocr_line' id='line_1_99' title="bbox 1937 5592 2695 5738; baseline 0 -91"><span class='ocrx_word' id='word_1_633' title='bbox 1937 5592 2047 5648; x_wconf 63' lang='grc' dir='ltr'><strong>ΚαὶΙ</strong></span> <span class='ocrx_word' id='word_1_634' title='bbox 2096 5592 2314 5667; x_wconf 86' lang='grc' dir='ltr'>πνεῦμα</span> <span class='ocrx_word' id='word_1_635' title='bbox 2371 5593 2695 5738; x_wconf 64' lang='grc' dir='ltr'>προσλαῗὼν</span> 
     </span>
     <span class='ocr_line' id='line_1_100' title="bbox 2612 5682 2692 5731; baseline 0 -12"><span class='ocrx_word' id='word_1_636' title='bbox 2612 5682 2692 5731; x_wconf 86' lang='grc' dir='ltr'><strong>τε,</strong></span> 
     </span>
    </p>
   </div>
   <div class='ocr_carea' id='block_1_97' title="bbox 2612 5682 2692 5731">
    <p class='ocr_par' dir='ltr' id='par_1_97' title="bbox 2612 5682 2692 5731">
     <span class='ocr_line' id='line_1_101' title="bbox 2612 5682 2692 5731; baseline 0 -12"><span class='ocrx_word' id='word_1_637' title='bbox 2612 5682 2692 5731; x_wconf 83' lang='grc' dir='ltr'><strong>τε,</strong></span> 
     </span>
    </p>
   </div>
   <div class='ocr_carea' id='block_1_98' title="bbox 3066 5782 3144 5844">
    <p class='ocr_par' dir='ltr' id='par_1_98' title="bbox 3066 5782 3144 5844">
     <span class='ocr_line' id='line_1_102' title="bbox 3066 5782 3144 5844; baseline 0.038 -3"><span class='ocrx_word' id='word_1_638' title='bbox 3066 5782 3144 5844; x_wconf 75' lang='grc' dir='ltr'><strong>Ιιὸ</strong></span> 
     </span>
    </p>
   </div>
  </div>
