4080 6282
535 379 668 444 1427
1769 387 2146 449 TIIALASSI.

2157 389 2167 448 [
2202 389 2518 449 ABBATIS
2722 422 2726 424 -
3631 387 3768 452 1428

597 493 753 550 Joan.
785 492 1022 550 Jacobus
1049 493 1332 567 Grynaeus,
1366 497 1420 551 in
1449 496 1662 553 Praefat.
1696 497 1760 552 ad
1806 497 2330 569 Orthodoxographa
2365 498 2558 553 scribit
2592 497 2941 554 Thalassium
2977 513 3044 553 ex
3085 496 3452 568 quorumdam
3485 499 3763 554 sententia

526 584 778 642 ﬂoruisse
808 587 863 641 in
896 587 1138 643 Ecclesia
1169 587 1490 644 Caesariensi
1513 606 1640 645 ann.
1679 590 1741 646 C.
1769 592 1890 646 465.
1926 591 2126 646 Verum
2161 605 2190 645 a
2225 590 2622 646 sententiarum
2653 599 2878 646 auctore
2911 589 3247 662 Hesychasta
3281 589 3472 659 utique
3509 588 3768 644 diversus

391 688 412 706 °
526 676 629 732 fuit
659 677 976 734 Thalassius
1007 679 1265 736 Cassareae
1292 681 1646 752 Cappadociae
1681 684 1991 754 episcopus,
2027 683 2122 754 qui
2177 682 2430 738 interfuit
2457 684 2693 739 concilio
2731 683 2894 740 CPol.
2941 693 2998 740 et
3047 683 3326 756 Ephesino
3356 700 3487 740 ann.
3540 681 3668 743 H9,
3719 690 3774 734 et

523 767 954 829 Chalcedonensi
981 789 1110 829 ann.
1147 775 1271 830 451.
1302 775 1618 832 Thalassius
1642 792 1772 833 vero
1799 777 2090 848 episcopus
2121 777 2381 834 Caesarea;
2413 778 2711 834 Palaestina:
2739 778 2924 833 nullus
2949 777 3053 834 fuit
3075 795 3090 832 :
3115 795 3240 833 nam
3267 779 3324 834 in
3355 775 3771 844 subscriptione

525 858 745 914 concilii
781 859 940 916 CPol.
985 878 1112 918 ann.
1147 863 1270 929 58-1,
1304 881 1402 935 pro
1433 865 1704 920 Thalassio
1735 867 1938 922 rectius
1961 868 2051 922 alii
2099 867 2317 923 codices
2343 868 2548 926 habent
2575 867 2866 932 Gelasium,
2902 868 3108 943 quibus
3134 869 3539 932 Theodoretus,
3588 865 3776 921 Leon-

526 947 637 1006 tius
663 960 721 1007 et
751 953 845 1007 alii
879 963 1092 1010 veteres
1118 956 1260 1027 apud
1298 955 1640 1012 llarduinum
1667 957 2056 1030 suffragantur.

646 1151 3758 1186 Μ

1412 1311 2392 1451 ΘΑΑΑΣΣΙΟΥ
2504 1313 2914 1448 ΑΒΒΑ

969 1543 1129 1603 ΠΕΡΙ
1167 1544 1439 1599 ΑΓΑΠΗΣ
1481 1547 1599 1600 ΚΑΙ
1637 1499 2092 1610 ΕΓΚΡΑἝΕίΑΣ,
2129 1547 2251 1602 ΚΑΙ
2290 1547 2426 1602 ΤΗΣ
2464 1547 2651 1602 ΚΑΤΑ
2689 1548 2882 1602 ΝΟΥΝ
2922 1549 3306 1616 ΠΟΛΙΤΕΙΑΣ,

1571 1709 1768 1760 ΠΡΟΣ
1803 1709 1899 1762 HA
1914 1709 2099 1762 ΥΑΟΝ
2134 1704 2691 1776 ΠΡΕΣΒΥΤΕΡΟΝ,

1700 1868 2358 1960 ΕΚΑΤΟΝΤΑΣ
2432 1867 2553 1978 ΑΠ’.

1795 2050 1905 2121 Ἧς
1940 2057 1974 2127 ἡ
2001 2054 2317 2126 ἀκροστιχὶς
2345 2053 2440 2126 ἥδε
2461 2070 2476 2086 ·

793 2213 1175 2286 Πνευματικῷ
1222 2215 1462 2286 ἀδελφῷ
1495 2217 1595 2270 καί
1629 2213 1914 2286 ἀγαπητῷ
1947 2213 2132 2284 κυρίῳ
2177 2214 2396 2282 Παύλῳ
2436 2212 2802 2281 Θαλάσσιος,
2845 2211 2923 2280 τῷ
2958 2211 3078 2284 μὲν
3113 2211 3452 2284 φαινομένῳ

1290 2308 1670 2378 Ἠσυχοστής
1691 2325 1704 2337 ·
1736 2306 1810 2376 τῇ
1835 2307 1903 2361 δὲ
1933 2305 2183 2373 ἀληθείᾳ
2209 2306 2663 2377 πραγματευτὴς
2690 2304 3057 2373 κενοδοξίας.

1406 2468 1459 2510 ⁸
2130 2472 2202 2488 u—u-v

1328 2621 2172 2754 THALASSII
2243 2677 2254 2685 ·
2303 2619 2974 2751 ABBATIS

765 2860 876 2930 DE
925 2861 1391 2926 CHARITATE
1440 2864 1542 2928 AC
1585 2863 2159 2939 CONTINENTIA,
2204 2863 2528 2927 NECNO‘N
2576 2864 2684 2924 DE
2732 2861 3130 2925 REGIMINE
3184 2857 3517 2932 MENTIS,

1657 3029 1754 3084 AD
1789 3028 1875 3085 ΡΑ
1888 3026 2080 3086 ULUM
2111 3023 2632 3083 PRESBYTERUM

1774 3201 2375 3292 CENTUBIA
2454 3201 2534 3322 ι,

1451 3395 1620 3467 Cujus
1645 3407 1907 3450 versuum
1936 3391 2129 3463 pn’mae
2156 3391 2355 3446 litterae
2385 3390 2570 3446 Graece
2601 3389 2849 3446 collecta:

1789 3482 1890 3538 has
1919 3481 2192 3540 dictiones
2221 3480 2468 3536 elIiciunt
2501 3497 2515 3534 :

985 3639 1281 3729 Spiritalt'
1310 3647 1365 3701 et
1399 3637 1627 3702 dilecto
1669 3637 1920 3699 domino
1960 3635 2163 3697 Paulo
2212 3636 2600 3709 Thalassius,
2632 3635 2862 3716 quietis
2900 3632 3288 3705 monastica',

1260 3756 1332 3808 ut
1359 3755 1650 3826 apparet,
1680 3763 1748 3806 re
1788 3752 1990 3805 autem
2021 3743 2162 3822 ipsa
2202 3743 2410 3804 inanis
2465 3739 2687 3819 gloria.-
2737 3748 3033 3804 sectator.

1413 3911 1697 3985 (GALLAND.
1736 3908 1846 3965 Vel.
1883 3908 2107 3963 Patrum
2157 3903 2430 3960 Biblio.th..
2465 3915 2508 3961 t.
2538 3904 2679 3966 Xlll,
2709 3919 2767 3974 p.
2798 3902 2880 3974 5.)

586 4196 638 4248 1.
674 4194 842 4248 Amor
887 4193 934 4247 si
978 4199 1128 4248 totus
1167 4192 1458 4247 ordinetur
1502 4193 1557 4246 in
1597 4193 1793 4259 Deum,
1845 4202 2091 4248 amantes
2124 4197 2170 4254 Α

2161 4239 2170 4254 ,
2268 4192 2338 4248 α’.
2378 4193 2550 4258 Πόθος
2578 4193 2715 4264 πρὸς
2747 4191 2879 4247 Θεὸν
2907 4189 3088 4254 sint;
3134 4188 3495 4260 τεταγμένος,
3526 4188 3651 4260 Θεῷ
3690 4188 3772 4244 ἀλ·

516 4289 662 4348 lntcr
703 4301 762 4341 se
799 4295 856 4341 et
897 4300 1024 4340 cum
1065 4286 1179 4340 Deo
1217 4286 1458 4354 copulat.

2198 4286 2381 4358 λήλοις
2407 4286 2704 4357 ’συνδεσμΞῖ
2733 4285 2858 4349 τοὺς
2891 4281 3205 4345 ποθοῦντας.

583 4380 639 4433 2.
679 4378 829 4432 Mens
865 4377 1100 4447 spiritali
1142 4377 1415 4432 charitate
1458 4377 1724 4448 locuples,
1767 4377 1906 4433 nihil
1942 4377 2090 4449 quod

516 4470 840 4539 charitatem
893 4485 1004 4530 non
1045 4469 1257 4536 deceat,
1305 4470 1374 4526 de
1425 4471 1682 4542 proximo
1725 4471 1947 4543 cogitat.

2200 4471 2411 4541 γίζεται
2443 4471 2574 4543 περὶ
2608 4470 2702 4524 τοῦ
2736 4470 2908 4534 πέλας
2933 4468 3003 4523 τὰ
3028 4470 3094 4539 τῇ
3136 4467 3329 4541 ἀγάπῃ
3360 4467 3436 4538 μὴ
3469 4467 3767 4538 πρέποντα.

588 4565 642 4619 5.
689 4563 802 4619 Sub
842 4563 1126 4621 charitatis
1173 4563 1431 4635 ﬁgmento
1481 4565 1797 4638 hypocrisin
1824 4566 2085 4628 occultat,

2270 4572 2338 4634 γ’.
2391 4565 2479 4617 Ἐν
2508 4563 2786 4634 πλάσματι
2819 4562 3041 4632 ἀγάπης
3065 4560 3165 4633 τὴν
3195 4560 3491 4630 ὑπόκρισιν
3522 4560 3769 4631 κρύπτει,

514 4657 611 4729 qui
665 4671 762 4712 ore
809 4656 1008 4726 probat
1052 4656 1200 4727 quod
1241 4657 1386 4728 apud
1435 4674 1494 4713 se
1541 4673 1673 4712 vere
1720 4657 1879 4712 nihili
1937 4656 2089 4712 facit.

2200 4661 2229 4713 ὁ
2263 4657 2343 4730 τῷ
2396 4658 2495 4729 μὲν
2545 4657 2771 4729 στόματι
2817 4653 3078 4725 εὐλογῶν,
3106 4655 3174 4725 τῇ
3221 4653 3279 4707 δὲ
3320 4653 3520 4724 καρδίᾳ
3566 4651 3770 4717 ἐξουδε-

2271 4378 2337 4450 β’.
2376 4379 2522 4444 Νοῦς
2551 4378 2926 4449 πνευματικὴν
2952 4377 3176 4446 ἀγάπην
3216 4374 3562 4446 κτησάμενος
3593 4374 3656 4428 οὗ
3693 4373 3774 4425 λο-

2202 4769 2331 4806 νων.

587 4832 642 4888 4.
689 4830 836 4886 Nihil
897 4837 1009 4885 tam
1049 4838 1224 4894 atrox,
1274 4832 1520 4903 nihilque
1569 4841 1678 4893 tam
1723 4847 2094 4887 mrumnosum
2174 4805 2198 4868 ί

2174 4805 2219 4868 ⁸⁷
2273 4843 2334 4899 δ’.
2389 4844 2678 4915 ’Υπομένει
2713 4843 3009 4914 ἀταράχως
3036 4843 3064 4895 ὁ
3087 4840 3308 4910 ἀγάπην
3339 4838 3681 4909 κτησάμενος
3712 4834 3773 4888 τὰ

517 4922 794 4979 intentare
835 4933 1068 4993 possunt
1101 4923 1333 4988 inimici,
1379 4924 1525 4995 quod
1572 4940 1682 4978 non
1715 4923 1855 4980 citra
1905 4924 2095 4982 turba-

1990 4924 2095 4982 'ba-
2204 4936 2332 5007 παρ⁸
2361 4933 2574 5006 ἐχθρῶν
2598 4931 2915 5002 ὲπαγόμενα
2942 4929 3184 5002 λυπηρὰ,
3212 4929 3306 4983 καὶ
3344 4928 3601 4982 ἐπίπονα.

519 5015 727 5070 tionem
769 5015 1020 5079 sutl'erat,
1061 5014 1386 5070 charitatem
1431 5015 1737 5085 possidens.

590 5106 644 5161 5.
682 5105 806 5165 Sola
835 5107 1073 5172 charitas
1119 5106 1173 5160 in
1206 5123 1370 5161 unam
1396 5123 1690 5178 veramque
1719 5107 2094 5172 concordiam,

519 5195 693 5259 Deum
741 5205 798 5249 et
835 5205 1147 5256 creaturam
1192 5198 1359 5268 cogit.

1249 5198 1359 5268 igit.
2205 5201 2458 5272 ἀλλήλοις
2484 5201 2564 5264 είς
2586 5198 2860 5270 ὁμόνοιαν.

589 5288 643 5343 6.
681 5286 1019 5343 Charitatem
1045 5303 1233 5343 veram
1258 5287 1565 5358 possidens,
1599 5288 1867 5346 adversus
1906 5289 2098 5360 proxi-

2277 5291 2352 5359 ς’.
2412 5293 2657 5362 Ἀγάπην
2707 5290 2966 5362 ἀληθινὴν
3005 5289 3212 5353 ἐκεῖνος
3263 5288 3552 5359 κέκτηται.
3586 5288 3614 5341 ὁ
3651 5286 3773 5340 ὕπο·

523 5395 672 5446 mmn
712 5395 894 5452 neque
957 5379 1321 5449 suspiciones,
1371 5396 1550 5451 neque
1591 5382 1823 5436 verbum
1872 5381 2093 5451 aliquod

2207 5386 2365 5440 νοιῶν
2393 5385 2467 5457 μὴ
2493 5385 2838 5457 ἀνεχόμενος,
2869 5384 3003 5458 μηδὲ
3031 5384 3194 5453 λόγου
3226 5382 3368 5436 κατά
3400 5381 3494 5435 τοῦ
3521 5380 3706 5442 πέλας.

523 5473 797 5532 admittet.

591 5567 642 5620 7.
695 5567 851 5636 Apud
892 5567 1063 5622 Deum
1118 5576 1174 5622 et
1224 5568 1477 5622 homines
1541 5567 1803 5623 honorem
1859 5579 2101 5623 meretur
2134 5582 2174 5636 Β

2160 5583 2174 5636 ι
2277 5564 2342 5628 ζ’.
2383 5563 2578 5634 Τίμιος
2620 5563 2856 5633 ὑπάρχει
2904 5561 3053 5633 παρὰ
3083 5559 3202 5631 Θεῷ
3243 5558 3340 5613 καὶ
3391 5555 3698 5630 ἀνθρώποις
3744 5555 3771 5607 ό

523 5657 616 5724 qni
642 5672 867 5726 operam
891 5676 1046 5715 suam
1068 5660 1132 5715 ad
1156 5660 1445 5716 charitatis
1467 5660 1884 5716 dissolutionem
1910 5671 2089 5732 negat.

1910 5671 2089 5732 negat.
2207 5658 2344 5729 πρὸς
2372 5657 2668 5710 κατάλυσιν
2691 5655 2912 5726 ἀγάπης
2941 5653 3113 5724 μηδὲν
3139 5650 3497 5721 ἐπιτηδεύων.

593 5744 642 5798 8.
675 5745 974 5804 Charitatis
996 5767 1105 5806 non
1129 5751 1399 5806 simulatae
1425 5751 1705 5821 proprium
1735 5761 1841 5817 est,
1868 5750 2096 5807 verbum

2276 5756 2348 5819 η’.
2393 5749 2553 5802 Ἴδιον
2607 5746 2845 5817 ὑπάρχει
2893 5744 2991 5813 τῆς
3049 5742 3415 5813 ἀνυποκρίτου
3459 5739 3700 5812 ἀγάπης,
3746 5735 3771 5788 ὀ

523 5851 719 5897 verum
751 5854 779 5895 ο
812 5844 1148 5897 conseicntia
1196 5845 1338 5898 bona
1387 5843 1710 5912 profectum.

2207 5843 2360 5914 λόγος
2387 5841 2590 5910 ἀληθὴς
2613 5840 2675 5895 ἐκ
2704 5839 3059 5910 συνειδήσεως
3094 5835 3321 5908 ἀγαθῆς.

2273 5111 2334 5166 ε’.
2372 5110 2524 5179 Μόνη
2554 5109 2588 5180 ἠ
2621 5108 2812 5178 ἀγάπη
2858 5107 3121 5161 συνάπτει
3164 5105 3264 5178 τὴν
3320 5105 3498 5160 κτίσιν
3538 5103 3658 5174 Θεῷ
3687 5100 3774 5157 καὶ

4007 5789 4015 6143 l
