4080 6282
281 372 416 439 1429
1682 378 1874 441 CENT

1970 379 2066 441 lIA
2104 381 2156 444 Ι.
3381 386 3517 454 1430

344 486 411 541 θ’.
452 484 703 557 Κρὺπτει
724 484 813 540 τὸν
843 484 1037 556 φθόνον
1067 486 1125 541 ἐν
1160 487 1401 559 σχήματι
1424 488 1656 556 εὑνοίας,
1691 491 1721 543 ὁ
1746 489 1843 557 ψό-
1872 539 1874 546 ι

2016 490 2070 548 9.
2115 490 2230 547 Sub
2274 490 2672 549 benevolentia!
2714 492 2907 549 habitu
2966 494 3196 551 livorem
3251 498 3517 566 occultat,

274 597 370 651 γον
394 578 473 652 τῷ
494 580 708 651 ἀδελφῷ
728 580 788 646 ἐξ
819 579 1070 653 ἐτέρω[ν]
1096 581 1435 653 προσφέρων.

1970 583 2039 653 [ui
2087 583 2311 639 fratrem
2334 585 2489 654 quasi
2516 599 2584 639 ex
2630 586 2812 641 alieno
2839 602 2935 643 ore
2980 589 3246 644 conviciis
3270 590 3515 645 lacessit.

347 680 400 728 ι’.
442 673 655 745 Ὠσπερ
688 673 742 725 αί
777 674 1037 745 σαρκικαὶ
1064 673 1257 744 ἀρεταὶ
1282 673 1380 745 τὴν
1409 672 1515 727 τῶν
1544 670 1847 745 ἀνθρώπων

2021 676 2109 731 10.
2145 677 2215 733 Ut
2252 677 2497 733 carnales
2525 677 2757 733 virtutes
2788 679 3107 747 humanam,
3154 682 3230 737 ita
3259 690 3315 738 et
3342 682 3509 753 spiri—

275 765 456 832 δόξαν,
490 763 634 818 οὑτω
659 764 756 819 καὶ
792 766 848 817 at.
882 765 1269 836 nvsupattzal.
1290 764 1389 835 τὴν
1420 763 1514 819 τοῦ
1550 764 1688 819 Θεοῦ
1721 766 1845 818 ἐπι-

1974 770 2124 826 uales
2166 769 2262 825 Dei
2310 769 2540 841 gloriam
2588 769 2904 826 conciliant.

279 874 548 911 σπωνται.

350 955 440 1003 ια’.
493 948 710 1019 Ἀγάπη
750 947 846 1002 καὶ
905 947 1205 1017 ἐγκράτεια
1263 947 1445 1020 ψυχὴν
1496 948 1846 1021 καθαίρουσιο

279 1044 402 1098 νοῦν
428 1044 487 1098 δέ
508 1040 818 1114 λαμπρύνει
844 1042 1120 1113 προσευχὴ
1156 1040 1391 1112 καθαρά.

355 1136 443 1207 ιβ’.
482 1134 717 1199 Δυνατδς
761 1133 900 1204 ἀνὴρ
932 1134 1139 1195 ἐκεῖνος
1184 1134 1447 1206 ὑπάρχει,
1477 1135 1506 1188 ὁ
1532 1130 1729 1205 πράξει
1755 1134 1851 1187 καὶ

278 1227 480 1298 γνώσει
500 1228 598 1298 τὴν
624 1228 824 1281 κακίαν
856 1226 1196 1285 ἀπελαύνων.

351 1329 441 1391 ιγ’.
482 1316 620 1391 Εὗρε
657 1321 817 1393 χάριν
847 1313 1003 1386 οὗτος
1050 1320 1202 1393 παρά
1243 1319 1321 1392 τῷ
1352 1321 1492 1393 Θεῷ,
1526 1324 1553 1375 ὁ
1582 1324 1851 1381 ἀπάθειαν

280 1415 621 1488 κτησάμενος
657 1414 748 1470 καὶ
770 1414 968 1484 γνῶσιν
995 1416 1388 1487 πνευματικὴν.

2019 964 2131 1017 ll.‘
2156 962 2411 1018 Charitas
2443 969 2501 1018 et
2532 963 2872 1018 continentia
2920 962 3161 1018 animam
3204 964 3522 1034 puriﬁcant,

1950 1063 2188 1110 mentem
2211 1070 2340 1109 vero
2365 1070 2518 1125 purae
2543 1070 2737 1124 preces
2768 1056 3069 1110 illustrant.

2021 1148 2107 1202 12.
2152 1149 2289 1203 Vere
2321 1157 2517 1217 potens
2547 1147 2633 1201 vir
2657 1155 2762 1209 est.
2795 1149 2969 1219 quiet
2995 1164 3166 1217 opere
3203 1157 3260 1203 et
3289 1147 3522 1204 scientia

1950 1239 2216 1294 malitiam
2261 1256 2415 1296 remo
2425 1248 2530 1297 vet.

2023 1331 2108 1385 l3.
2125 1331 2369 1400 Magnam
2393 1331 2536 1402 apud
2560 1332 2728 1385 Deum
2751 1330 2983 1400 gratiam
3008 1329 3239 1393 invenit,
3262 1329 3355 1399 qui
3378 1328 3531 1385 seda-

1950 1424 2021 1478 tis
2049 1423 2340 1479 aﬁ‘ectibus
2363 1423 2733 1494 cognitionem
2763 1422 3135 1493 Spiritualium
3163 1422 3397 1491 adeptus
3424 1429 3529 1476 est.

353 1509 436 1562 ιδ’.
478 1508 768 1579 Δογισμῶν
814 1509 1081 1580 ἐμπαθῶν
1134 1512 1185 1565 εί
1233 1514 1618 1585 περιγενέσθαι
1669 1514 1850 1588 θέλῃς,

281 1600 610 1672 ἐγκράτειαν
633 1602 854 1672 κτῆσαι,
880 1603 974 1657 καὶ
994 1604 1215 1677 ἀγάπην
1249 1606 1384 1677 πρὸς
1412 1608 1537 1671 τοὺς
1566 1608 1812 1679 πλησίον.

356 1697 439 1746 ιε’.
480 1690 719 1758 Φύλαξον
774 1694 969 1747 σαυτὸν
1014 1694 1123 1748 ἀπὸ
1178 1697 1450 1768 ἀκρασίας
1494 1699 1591 1753 καλ⁸
1634 1699 1848 1769 μίσους,

281 1781 377 1834 καὶ
409 1780 483 1852 μὴ
516 1780 685 1852 εῦρῃς
714 1782 1048 1853 πρόσκομμα
1080 1784 1137 1838 ἐν
1174 1786 1352 1857 καιρῷ
1387 1787 1699 1857 προσευχῆς
1733 1804 1848 1841 σου.

2025 1517 2110 1571 li.
2157 1516 2214 1571 Si
2253 1516 2615 1586 cogitationes
2640 1517 2826 1571 animo
2864 1515 3093 1570 infestas
3131 1516 3325 1570 deesse
3352 1514 3530 1584 cupis,

1952 1606 2111 1663 stude
2146 1607 2501 1661 continentia:
2526 1621 2591 1661 ac
2619 1606 2877 1661 charitati
2905 1607 2959 1660 in
2984 1606 3320 1677 proximum.

2026 1699 2112 1756 15.
2142 1699 2213 1753 Ut
2246 1698 2301 1751 in
2336 1707 2583 1768 tempore
2610 1713 2842 1767 precum
2870 1706 3089 1752 tuarum
3124 1706 3323 1753 cuncta
3356 1696 3533 1755 faces-

1955 1795 2077 1842 sant
2109 1787 2463 1853 oll'endicula,
2496 1801 2628 1842 cave
2655 1787 2725 1842 ab
2757 1786 3180 1857 intemperantia
3206 1794 3262 1842 et
3288 1784 3443 1840 odio.

355 1847 705 1944 ιξζηοέτὲζερ
742 1847 843 1927 οὑκ
870 1847 1015 1929 ἔστιν
1049 1876 1229 1947 εὑρεῖν
1256 1847 1853 1950 ἐν’βορόόρῳηάρὼμα-

2028 1879 2113 1932 16.
2165 1879 2235 1935 Ut
2273 1880 2328 1933 in
2390 1894 2548 1933 caeno
2581 1887 2827 1933 aromata
2867 1894 2977 1933 non
3028 1877 3410 1941 inveniuntur,
3460 1875 3535 1929 ita

278 1983 370 2032 τα,
404 1963 576 2027 οὑτως
601 1965 709 2019 οὐδ’
729 1968 787 2020 ἐν
808 1968 954 2038 ψυχῇ
981 1970 1325 2039 μνησικάκου
1355 1971 1575 2043 ἀγάπης
1599 1970 1851 2025 εὐωδίαν.

355 2148 441 2213 ιζ’.
482 2149 693 2220 Κράτει
734 2149 997 2218 γενναίως
1036 2148 1209 2220 θυμοῦ
1254 2152 1349 2205 καὶ
1402 2154 1719 2225 ἐπιθυμίας,
1767 2154 1859 2208 καὶ

285 2239 539 2311 πονηρῶν
568 2239 846 2312 λογισμῶν
869 2240 1102 2311 τάχιστα
1127 2243 1469 2315 ἀπαλλάττῃ.

355 2424 447 2485 ιη’.
503 2418 741 2487 Ἀναιρεῖ
782 2415 1089 2481 κενοδοξίαν
1122 2420 1155 2485 ἡ
1182 2421 1398 2488 κρυπτὴ
1462 2420 1719 2490 ἐργασία,
1758 2420 1859 2474 ἀπ-

283 2508 495 2564 ελαύνει
532 2510 587 2562 δὲ
620 2509 997 2580 ὑπερηφανίαν
1019 2510 1078 2563 τὸ
1112 2509 1315 2581 μηδένα
1343 2510 1662 2574 ὲξουθενεῖν.

361 2599 446 2652 ιθ’.
491 2600 654 2653 ’Ὶδιον
703 2599 1008 2665 κενοδοξίας
1051 2599 1340 2669 ὑπόκρισις
1375 2602 1469 2655 καὶ
1507 2600 1733 2670 ψεῦδος·
1764 2601 1862 2673 τῆς

281 2687 339 2742 δὲ
364 2690 760 2761 ὑπερηφανίας,
784 2692 818 2760 ὴ
848 2691 1023 2761 οίησις
1059 2690 1156 2743 καὶ
1184 2689 1395 2758 φθόνος.

363 2788 430 2835 κ’.
474 2784 692 2854 Ἀρχων
731 2783 939 2847 ἐκεῖνος
988 2784 1017 2836 ὁ
1062 2782 1254 2837 ἐαυτοῦ
1309 2781 1503 2855 ἄρξας,
1555 2784 1652 2838 καὶ
1683 2784 1862 2856 ψυχὴν

287 2874 387 2928 καὶ
425 2872 585 2945 σῶμα
608 2873 686 2945 τῷ
712 2875 856 2947 λόγῳ
878 2875 1176 2941 ὑποτάξας.

361 2969 466 3023 κα’.
529 2969 827 3041 Γνησιότης
885 2970 1040 3039 φίλου
1099 2972 1158 3026 ἐν
1215 2972 1510 3043 πειρασμῷ
1567 2972 1862 3039 δείκνυται,

286 3062 452 3132 ἡνίκα
475 3063 575 3133 τῆς
600 3061 846 3132 ἀνάγκης
871 3064 1239 3132 συγκοινωνὸς
1267 3065 1512 3136 γένηται.

1956 1986 2137 2041 neque
2181 1971 2468 2025 charitatis
2500 1971 2876 2025 suaveolentia
2906 1971 2962 2025 in
2989 1971 3171 2025 anima
3206 1967 3532 2040 injuriarun

1957 2063 2209 2118 memori.

2031 2156 2115 2209 17.
2164 2154 2466 2209 Iracundia:
2513 2161 2570 2208 et
2618 2154 3079 2225 concupiscentim
3124 2167 3389 2223 generose
3438 2152 3541 2206 im-

1958 2263 2111 2317 pera,
2165 2254 2220 2300 et
2283 2247 2612 2315 quantocius
2668 2263 2697 2302 a
2743 2247 2901 2302 malis
2947 2246 3374 2317 cogitationibus
3427 2244 3539 2298 eris

1958 2334 2193 2390 aﬁcnus.

2034 2424 2118 2478 18.
2158 2425 2379 2479 lnanem
2421 2426 2964 2505 gloriangabolebis,
3000 2441 3167 2495 opera
3206 2424 3422 2480 occulte
3462 2422 3540 2477 fa—

1961 2515 2199 2581 ciendo;
2244 2516 2558 2585 superbiam
2596 2532 2759 2581 vero,
2810 2518 3089 2571 neminem
3114 2514 3540 2570 contemnendo.

2035 2609 2121 2663 19.
2150 2609 2332 2663 Inanis
2364 2608 2552 2678 gloriae
2585 2610 2817 2665 comites
2847 2618 2979 2665 sunt
3003 2610 3283 2665 simulatio
3311 2618 3366 2663 et
3392 2624 3545 2663 men-

1961 2698 2210 2765 dacium;
2239 2698 2517 2769 superbia:
2547 2708 2754 2765 autem,
2796 2702 3042 2771 suspicio
3066 2710 3121 2755 et
3154 2701 3379 2754 invidia.

2032 2789 2123 2843 20.
2155 2789 2461 2858 Imperator
2497 2791 2809 2845 censendus
2837 2800 2943 2856 est,
2988 2792 3082 2860 qui
3127 2792 3309 2845 anima
3335 2799 3393 2845 et
3421 2805 3543 2846 cor—

1964 2895 2099 2951 pore
2143 2881 2345 2936 rationi
2385 2883 2669 2954 subjectis,
2704 2899 2761 2938 se
2794 2885 2973 2953 ipsum
3002 2884 3227 2938 rexerit.

2040 2973 2130 3027 2|.
2182 2972 2484 3030 Sinceritas
2537 2976 2700 3030 amici
2745 2977 2803 3031 in
2850 2966 3155 3031 tentatione
3210 2975 3544 3039 ostenditur,

1969 3065 2191 3134 quando
2227 3066 2441 3121 scilicet
2476 3067 2533 3121 in
2567 3068 2897 3123 necessitate
2926 3068 3319 3123 communicat.

366 3154 470 3225 κβ’.
523 3155 847 3225 Ἀσφάλισαι
901 3156 1001 3220 τὰς
1051 3157 1335 3227 αἰσθήσεις
1385 3155 1463 3227 τῷ
1534 3157 1722 3228 τρόπῳ
1754 3138 1865 3225 έῆς

2041 3157 2129 3212 22.
2162 3157 2369 3213 Sensus
2391 3158 2567 3223 muni,
2598 3168 2655 3215 et
2675 3159 2848 3229 quieti
2879 3160 3233 3224 assuefacito,
3263 3159 3547 3230 cogitatio-

288 3247 543 3318 ἡσυχίας,
579 3249 676 3302 καὶ
715 3248 938 3302 δίκασον
966 3248 1092 3314 τοὺς
1135 3248 1431 3319 λογισμοὺς
1460 3246 1774 3318 ἐφεστῶτας
1800 3250 1866 3319 τῇ

1972 3263 2071 3302 nes
2107 3262 2238 3302 vero
2275 3247 2329 3301 in
2361 3256 2587 3318 pectore
2622 3260 2907 3305 versantes
2931 3250 3191 3321 justitica.

292 3340 513 3412 καρδίᾳ.

366 3437 471 3501 κγ’.
512 3430 655 3504 Πρὸς
707 3430 833 3493 τοὺς
867 3429 1147 3502 λυπηροὺς
1198 3429 1515 3500 λογισμοὺς,
1560 3426 1873 3498 άμνησικά-

294 3543 407 3590 κως
464 3524 708 3580 ἀπάνταο
758 3524 895 3597 πρὸς
941 3524 997 3577 δὲ
1063 3524 1190 3587 τοὺς
1230 3521 1544 3593 φιληδόνους
1586 3516 1874 3591 ἐχθρωδῶς

276 3618 555 3674 .διάκεισο.
1456 3628 1459 3631 ’

368 3707 469 3762 κδ’.
521 3705 752 3777 Ἡσυχία
799 3705 893 3759 καὶ
929 3704 1227 3777 προσευχὴ,
1262 3704 1357 3757 καὶ
1402 3703 1616 3773 ἀγάπη,
1648 3702 1745 3755 καὶ
1777 3703 1873 3769 ἐγ-

295 3797 526 3869 κράτεια
554 3794 921 3868 τετράπλοκόν
954 3797 1102 3848 ἐστιν
1145 3794 1318 3864 ἀρμα,
1373 3793 1451 3856 είς
1497 3790 1757 3861 οὐρανοὺς
1785 3790 1874 3843 ἀν-

294 3890 429 3959 άγον
450 3889 538 3943 τὸν
559 3887 702 3943 νοῦν.
990 3886 993 3887 ⁷

369 3981 467 4035 κε’.
508 3982 821 4057 Τῆξονοτὴν
869 3980 1047 4050 σάρκα
1086 3995 1181 4032 σου
1231 3977 1417 4048 ἀσιτίᾳ
1446 3978 1539 4030 καὶ
1574 3972 1872 4044 ἀγρυπνίᾳ,

297 4077 395 4132 καὶ
426 4076 753 4139 ἀπελαύνεις
783 4076 873 4129 τὸν
895 4075 1089 4144 δήμιον
1123 4073 1224 4143 τῆς
1253 4072 1447 4142 ἡδονῆς
1475 4066 1763 4137 λογισμοῦ.

370 4169 623 4241 acc-230;
657 4169 883 4236 τήκεται
924 4166 1093 4237 κηρὸς
1157 4165 1265 4219 ἀπὸ
1337 4163 1629 4234 προσώπου
1682 4157 1875 4229 πυρὸς,

297 4262 469 4325 οὓτως
499 4260 607 4315 ἀπὸ
633 4259 797 4330 φόϐου
821 4258 956 4313 Θεοῦ
989 4258 1295 4330 ἀκάθαρτος
1327 4257 1604 4325 λογισμός.

374 4350 476 4416 κζ’.
518 4350 678 4421 Κακὴ
713 4348 885 4421 ζημία
924 4348 1104 4419 ψυχῆς
1142 4350 1369 4419 συνετῆς
1417 4350 1732 4420 ἐγχρονίσαι
1776 4349 1880 4402 πά-

303 4444 387 4499 θει
410 4443 616 4515 ψεκτῷ.

372 4618 481 4690 κη’.
533 4618 859 4689 ’Υπόμεινον
892 4615 990 4680 τάς
1019 4616 1127 4669 τῶν
1161 4614 1423 4684 λυπηρῶν
1464 4616 1555 4667 καὶ
1599 4616 1876 4686 ὀδυνηρῶν

301 4710 628 4779 ἐπαγωγὰς*
660 4710 749 4763 διὰ
775 4709 884 4780 γάρ
908 4706 1113 4763 τούτων
1143 4726 1203 4761 σε
1238 4706 1492 4778 καθαίρει
1532 4709 1565 4779 ἠ
1608 4708 1703 4761 τοῦ
1738 4706 1874 4760 Θεοῦ

302 4805 558 4878 πρόνοια.

376 4896 480 4953 κθ’.
532 4896 724 4967 Ῥίψας
766 4896 865 4966 τὴν
891 4894 1026 4968 ὓλην
1062 4896 1157 4949 καὶ
1194 4896 1272 4967 τῷ
1299 4896 1490 4965 κόσμῳ
1523 4892 1880 4963 άποταξάμε-
1943 4956 1955 4989 ι

302 5010 395 5059 νος
414 5010 425 5023 ·
455 4989 724 5058 ἁπόταξαι
751 4991 937 5045 λοιπὸν
963 4992 1056 5044 καὶ
1082 4994 1195 5055 τοῖς
1223 4992 1481 5061 πονηροῖς
1506 4990 1807 5060 λογισμοῖς.

275 5144 283 5217 ἶ
376 5176 443 5231 λ’.
489 5174 651 5227 Ἵδιον
693 5172 855 5245 ἔργον
895 5172 1133 5244 ὑπάρχει
1168 5170 1262 5224 τοῦ
1294 5168 1409 5235 νοῦ,
1438 5168 1498 5221 τὸ
1532 5168 1715 5237 λόγοις
1747 5166 1905 5222 Θεοῦ»

309 5267 597 5340 σχολάζειν
622 5267 730 5325 ἀεί.

381 5360 485 5415 λα’.
532 5359 743 5429 Ὥσπερ
794 5356 953 5428 ἔργον
998 5355 1134 5410 Θεοῦ
1174 5354 1451 5424 διοικῆσαι
1506 5354 1597 5408 τὸν
1658 5355 1886 5425 κόσμον,

307 5455 455 5508 οὑτω
486 5453 580 5506 καὶ
606 5451 783 5522 ψυχῆς
807 5450 1074 5521 κυϐερνᾷν
1097 5448 1157 5502 τὸ
1186 5448 1364 5519 σῶμα.

387 5543 491 5613 λβ’.
535 5544 673 5613 Ποίᾳ
722 5542 897 5595 ἐλπίδι
925 5540 1002 5612 τῷ
1045 5540 1269 5610 Χριστῷ
1308 5539 1721 5609 άπαντήσομεν,
1770 5541 1892 5604 ταῖς

314 5636 416 5705 τῆς
448 5634 649 5707 σαρκὸς
676 5634 889 5705 ἡδοναῖς
927 5634 1090 5705 μέχρι
1127 5632 1220 5688 τοῦ
1250 5632 1342 5687 νῦν
1364 5630 1703 5694 δουλεύοντες
1729 5648 1742 5695 ;

390 5829 410 5850 ⁸
442 5817 588 5875 Psal.
626 5833 787 5883 LXVII,
820 5816 874 5873 ὅ.

2043 3402 2130 3476 ‘23.
2167 3420 2628 3491 Cogitationibus,
2674 3424 2719 3478 si
2767 3423 3046 3479 tristitiam
3084 3422 3285 3486 ferant,
3334 3418 3548 3491 placide

1974 3524 2030 3569 et
2085 3515 2295 3584 absque
2347 3516 2700 3571 acerbatione
2759 3515 3161 3581 oceurras;sin
3222 3512 3547 3581 voluptaria:

1973 3606 2182 3663 fuerint
2208 3618 2264 3662 et
2291 3608 2647 3672 illecebrosas,
2690 3608 2969 3662 hostiliter
2997 3622 3128 3677 erga
3160 3621 3255 3661 eas
3288 3606 3549 3660 aﬂiciare.

2042 3700 2131 3753 24.
2176 3699 2493 3765 Silentium,
2544 3714 2760 3772 preces,
2806 3700 3049 3754 charitas
3083 3707 3139 3753 et
3185 3696 3548 3759 continentia,

1976 3793 2290 3864 quadriiugi
2333 3794 2461 3863 equi
2508 3803 2637 3849 sunt
2677 3802 2917 3849 mentem
2973 3801 3030 3849 et
3070 3794 3127 3847 in
3164 3792 3367 3847 caalum
3421 3791 3551 3845 sub-

1974 3885 2259 3940 vehentes.

2045 3976 2133 4031 25.
2167 3978 2413 4032 Extenua
2444 3994 2665 4034 carnem
2694 3978 2875 4034 inedia
2911 3986 2967 4033 et
2992 3977 3215 4048 vigiliis,
3258 3976 3554 4044 statimque

1978 4067 2290 4123 carniﬁcem
2331 4070 2631 4139 voluptatis
2676 4070 2979 4140 appetitum
3025 4068 3362 4124 eliminabis.

2049 4158 2138 4213 26.
2175 4157 2317 4213 Sicut
2346 4162 2463 4230 ﬂuit
2490 4176 2611 4213 cera
2646 4179 2678 4214 a
2725 4161 2855 4230 facie
2903 4162 3037 4231 ignis
3076 4172 3125 4224 α,
3169 4160 3249 4213 sic
3295 4173 3325 4211 a
3362 4157 3559 4211 timore

1980 4250 2078 4305 Dei
2124 4251 2396 4321 impurior
2424 4252 2705 4321 cogitatio.

2052 4344 2141 4397 27.
2188 4343 2407 4399 Grande
2455 4346 2661 4399 malum
2690 4352 2748 4400 et
2789 4344 3203 4400 incommodum
3241 4342 3441 4397 animae
3478 4356 3564 4395 sa-

1982 4438 2176 4507 pienti,
2208 4438 2251 4490 si
2276 4452 2430 4491 mens
2451 4437 2852 4506 exprobrandae
2896 4432 3306 4505 perturbationi
3338 4433 3559 4487 diutine

1912 4549 1956 4603 ῃ
1986 4528 2328 4581 immorctur.

2046 4621 2137 4675 28.
2160 4619 2423 4674 Tristium
2473 4632 3021 4687 :erumnosorumque
3041 4626 3345 4671 eventuum
3368 4617 3556 4686 plagas

1981 4714 2254 4786 patienter
2289 4710 2530 4775 sustine;
2583 4708 2787 4765 talibus
2828 4709 2975 4763 enim
3022 4707 3316 4778 prudentia
3365 4707 3558 4761 divina

1987 4817 2038 4864 te
2067 4806 2341 4877 pnriticat.

2051 4898 2141 4953 29.
2171 4896 2274 4954 Ubi
2315 4894 2604 4949 materiam
2638 4892 2933 4963 abieceris,
2977 4889 3301 4959 mundoque
3349 4889 3561 4945 dixeris

1993 4992 2142 5055 vale,
2199 4988 2496 5058 reliquum,
2528 4996 2590 5041 ut
2625 4985 2809 5055 pravis
2844 4994 2898 5039 et
2926 4983 3183 5037 inanibus
3210 4981 3379 5035 etiam
3413 4980 3563 5048 cogi-

1998 5083 2300 5145 tationibus
2340 5079 2650 5135 renunties.

2063 5174 2151 5230 50.
2195 5170 2485 5241 Proprium
2526 5169 2729 5225 mentis
2777 5184 2918 5238 opus
2960 5176 3064 5231 est,
3106 5180 3302 5221 vacare
3350 5178 3573 5234 semper

1992 5267 2174 5323 verbis
2217 5264 2336 5319 Dei.

2069 5356 2157 5412 51.
2196 5356 2267 5411 Ut
2311 5354 2407 5409 Dei
2432 5367 2571 5423 opus
2594 5359 2679 5407 est
2718 5362 2908 5420 regere
2938 5347 3232 5412 mundum,
3262 5346 3336 5401 ita
3362 5353 3418 5399 et
3451 5344 3571 5398 ani.-

2000 5466 2102 5505 mte
2132 5448 2438 5521 gubernare
2469 5460 2689 5515 corpus.

2069 5542 2160 5596 5%.
2192 5539 2309 5607 Qua
2338 5556 2435 5610 spe
2485 5550 2850 5592 occurremus
2884 5533 3127 5597 Christo,
3164 5528 3347 5585 adhuc
3374 5542 3574 5599 corpo-

2002 5628 2112 5684 reis
2158 5628 2532 5699 voluptatibus
2576 5624 2921 5681 servientes?
