4080 6282
555 401 688 466 M31

1791 402 2192 466 THALASSII
2230 405 2549 467 ABBATIS

3668 399 3804 469 H32

615 509 706 565 35.
737 506 1131 565 Erumnarum
1164 509 1281 567 sive
1317 521 1514 582 sponte
1553 523 1986 584 assumptarum,
2012 513 2128 569 sive

2301 515 2404 583 λγν.
2456 516 2700 586 Ἀναιρετ
2742 503 2935 586 ἡδονὴν
2993 512 3337 568 κακοπάθεια
3389 512 3488 567 καὶ
3545 513 3714 586 λύπη,
3769 516 3804 586 ἢ

538 602 732 663 divina
750 602 1097 673 providentia
1119 603 1489 673 inductarum,
1509 606 1797 662 tolerantia
1816 614 1872 662 et
1894 621 2122 674 maeror,

547 695 1051 765 concupiscentiam
1094 696 1441 755 interimunt.

618 787 706 842 36.
740 787 986 843 Avaritia
1025 804 1126 860 per
1166 805 1227 846 se
1267 791 1504 846 materia
1553 790 1942 859 aﬂ‘ectionum;
1985 807 2124 862 qua-

548 891 696 943 rum,
729 879 1037 948 praesertim
1061 880 1532 948 illecebrosarum,
1556 883 1746 938 nullus
1773 883 1883 938 erit
1903 883 2122 949 modus,

549 970 597 1028 si
638 971 956 1028 invaluerit.
1614 968 1618 973 ’
2027 984 2036 993 ‘

619 1063 708 1118 55.
742 1062 1096 1134 Voiuptatum
1122 1065 1356 1136 penuria
1380 1081 1584 1137 parens
1611 1075 1696 1122 est
1722 1066 1998 1132 tristitiae;
2027 1081 2126 1122 vo—

549 1153 749 1225 luptati
790 1169 924 1210 vero
951 1157 1103 1212 nulla
1155 1173 1265 1213 non
1316 1160 1663 1230 perturbatio
1696 1161 1989 1231 conjuncta
2015 1161 2123 1214 est.

621 1244 710 1299 56.
752 1244 869 1312 Qua
906 1263 1164 1304 mensura
1207 1251 1426 1320 corpori
1471 1259 1568 1307 tuo
1609 1251 1844 1317 meritis,
1881 1249 2126 1306 vicissim

549 1335 649 1392 tibi
693 1338 1018 1404 remetietur
1062 1340 1208 1396 Deus
1257 1341 1308 1395 δ.

617 1427 706 1482 ‘57.
743 1427 1068 1485 Divinorum
1115 1445 1284 1501 opera
1324 1430 1663 1501 judiciorum
1704 1443 1855 1497 sunt,
1888 1434 2127 1490 retribuc

549 1516 728 1576 tiones
753 1534 948 1576 eorum
977 1536 1099 1591 quae
1124 1537 1223 1592 per
1260 1537 1493 1592 corpora
1521 1530 1652 1578 sunt
1683 1534 2013 1594 perpetrata.

619 1608 710 1663 38.
739 1609 1211 1668 immortalitatem
1240 1613 1387 1683 parit
1413 1615 1592 1669 virtus
1614 1629 1680 1670 ac
1708 1615 1936 1671 scientia
1959 1633 1974 1682 ;
1995 1631 2131 1672 con-

550 1707 655 1768 tra,
701 1716 891 1758 earum
926 1703 1164 1774 privatio
1216 1705 1411 1761 mortis
1458 1715 1548 1762 est
1585 1716 1782 1763 mater.

617 1791 707 1848 39.
736 1793 986 1850 Tristitia
1023 1811 1148 1868 quae
1175 1797 1483 1852 secundum
1528 1797 1702 1853 Deum
1732 1806 1837 1864 est,
1868 1797 2130 1854 libidines

547 1889 606 1938 et
651 1867 1130 1954 concupiscentias
1161 1886 1406 1956 coniicit,
1433 1904 1668 1960 quarum
1702 1889 1982 1956 interitus,
2012 1890 2131 1945 ani-
2161 1867 2202 1923 Β

549 1987 654 2029 ma:
697 1983 756 2030 et
793 1979 1153 2034 resurrectio.

618 2063 710 2120 ιθ.
760 2066 1180 2137 Impassibilitas
1223 2079 1308 2127 est
1351 2072 1594 2126 animam
1645 2087 1757 2127 non
1799 2073 2011 2128 moveri
2059 2071 2129 2127 ad

2230 607 2503 674 ἑκούσιος,
2535 607 2570 678 ἦ
2607 608 2670 661 ὲκ
2709 609 2809 680 τῆς
2835 605 3095 678 προνοίας
3117 604 3458 676 ἐπαγομένη.

2297 777 2394 868 λδ’.
2435 812 2576 883 Ὕλη
2634 811 2823 867 παθῶν
2877 809 3211 884 φιλαργυρία
3267 809 3566 882 τυγχάνει·
3603 810 3681 876 ὡς
3709 810 3812 865 αὑ·-

2229 902 2427 977 ξητικὴ
2459 900 2593 960 οὖσα
2614 905 2714 978 τῆς
2739 903 3096 977 περιεκτικῆς
3126 902 3343 976 ἡδονῆς.

2299 1085 2393 1140 λε’.
2435 1085 2628 1157 Λὺπην
2654 1086 2829 1139 τίκτει
2852 1083 3123 1156 ἀποτυχία
3143 1082 3365 1157 ἡδονῆς·
3585 1081 3642 1136 δὲ
3677 1099 3815 1135 παν·

2226 1179 2280 1232 τὶ
2310 1178 2469 1232 πάθει
2497 1178 2873 1243 συνέζευκται.

2297 1270 2407 1337 λς’.
2445 1267 2516 1341 ᾯ
2548 1269 2732 1341 μέτρῳ
2773 1268 2991 1341 μετρεῖς
3017 1265 3095 1336 τῷ
3133 1263 3347 1336 σώματί
3376 1280 3496 1332 σου,
3525 1261 3815 1334 ἀντιστρό-

2228 1379 2346 1432 φως
2374 1361 2528 1433 παρά
2550 1359 2688 1415 Θεοῦ
2711 1358 3250 1432 ἀντιμετρηθήσεται
3277 1373 3384 1411 σοι.

2297 1455 2395 1522 λζ’.
2437 1456 2612 1510 Θείων
2653 1455 2940 1527 κριμάτων
2970 1453 3107 1526 ἔργα
3147 1453 3408 1524 τυγχάνει
3450 1447 3815 1512 ἀνταπόδοσις

2226 1547 2416 1604 δικαία
2446 1547 2559 1602 τῶν
2590 1547 2680 1602 διὰ
2707 1546 2805 1602 τοῦ
2831 1546 3086 1618 σώματος
3124 1542 3563 1616 πεπραγμένων.

2297 1637 2402 1708 λη’.
2455 1636 2777 1691 Ἀθανασίαν
2831 1636 3007 1691 τίκτει
3045 1634 3215 1706 ἀρετὴ
3259 1632 3356 1686 καὶ
3404 1631 3647 1700 γνῶσις*
3676 1621 3814 1699 ὧνή

2231 1733 2512 1804 στέρησις,
2538 1733 2633 1787 τοῦ
2673 1732 2904 1788 θανάτου
2935 1729 3134 1801 γέγονε
3166 1729 3372 1800 μήτηρ.

2303 1824 2405 1879 λθθ.
2445 1826 2605 1898 Λύπη
2637 1825 2782 1880 κατά
2819 1823 2952 1878 Θεὸν
2986 1823 3204 1894 ἀναιρεῖ
3239 1820 3468 1892 ἡδονήνο
3496 1817 3698 1889 ἡδονῆς
3745 1812 3804 1867 δὲ

2229 1919 2528 1992 ἀναίρεσις,
2557 1918 2856 1983 ἀνάστασις
2881 1917 3118 1989 ὑπάρχει
3146 1913 3348 1986 ψυχῆς.

2305 2103 2380 2167 μ’.
2430 2094 2703 2150 Ἀπάθειά
2727 2095 2876 2148 ἐστιν
2904 2091 3169 2162 ἀκινησία
3195 2089 3378 2160 ψυχῆς
3407 2087 3548 2158 πρὸς
3575 2083 3778 2139 κακίαν
3795 2097 3812 2112 °

551 2157 757 2213 malum
786 2159 990 2226 ullum;
1021 2177 1216 2218 verum
1246 2163 1390 2219 hanc
1413 2163 1758 2234 impossibile
1794 2173 1882 2220 est
1909 2165 2130 2235 assequi

2228 2157 2319 2259 ἧς.
2334 2188 2518 2256 τυχεῖν
2549 2172 2836 2258 ἀμήχανον
2860 2184 2990 2240 ἀνευ
3021 2157 3496 2254 ἐλέους-Χριστοῦ.

547 2248 671 2306 sine
717 2248 1105 2308 misericordia
1151 2252 1382 2309 Christi.

620 2342 712 2396 41.
749 2341 1002 2398 Salvator
1025 2352 1134 2399 tam
1168 2347 1339 2401 animi
1371 2362 1538 2416 quam
1569 2348 1820 2416 corporis
1859 2357 1946 2403 est
1968 2347 2130 2404 Chri-

2307 2363 2416 2427 μα’.
2456 2355 2648 2427 Σωτὴρ
2685 2355 2924 2427 ὑπάρχει
2955 2352 3136 2424 ψυχῆς
3175 2350 3271 2405 καὶ
3320 2349 3578 2416 σώματος
3607 2349 3635 2401 6
3674 2346 3814 2418 Χρι-

552 2439 691 2496 stus,
729 2435 888 2504 cujus
917 2435 1150 2507 vestigia
1193 2437 1290 2507 qui
1327 2438 1600 2514 sequitur,
1629 2453 1660 2494 a
1687 2439 1846 2494 malis
1881 2438 2130 2494 redditur

2233 2447 2378 2514 στδς,
2406 2440 2469 2502 οῦ
2497 2448 2612 2512 τοῖς
2639 2445 2841 2517 ίχνεσιν
2869 2447 2898 2500 6
2939 2442 3270 2509 ἀκολουθῶν,
3299 2439 3682 2511 ἐλευθεροῦται
3715 2455 3813 2490 κα-

548 2521 714 2578 liber.

619 2613 710 2670 42.
744 2615 990 2672 Salutem
1024 2619 1112 2674 vis
1138 2621 1402 2691 assequi?
1436 2621 1696 2679 renuntia
1724 2624 2128 2694 voluptatibus,

2233 2541 2413 2702 κεῖθ’.
2451 2631 2738 2702 Σωτηρίας
2776 2630 2826 2683 εί
2873 2627 3051 2691 θέλεις
3118 2627 3324 2695 τυχεῖν,
3375 2622 3651 2688 ἀπόταξαι
3695 2623 3814 2684 ταῖς

551 2704 886 2772 amplectere
921 2708 1248 2766 charitatem
1289 2726 1354 2766 ac
1399 2713 1801 2770 continentiam
1849 2731 1957 2772 una
2002 2731 2129 2772 cum

2231 2721 2474 2792 ἡδοναῖς’
2511 2722 2608 2776 καὶ
2623 2720 2970 2792 ἐγκράτειαν,
2993 2718 3088 2773 καὶ
3112 2717 3356 2787 ἀγάπην,
3383 2715 3480 2768 καὶ
3508 2711 3816 2785 προσευχὴν

549 2807 775 2862 precum
825 2797 1173 2856 assiduitate.

620 2884 711 2939 45.
755 2887 983 2957 Pmpria
1027 2898 1114 2946 est
1160 2893 1593 2964 impassibilitati
1637 2912 1769 2953 vera
1829 2897 2116 2961 discretio.

542 2974 700 3048 juxta
742 2993 907 3046 quam
942 2981 998 3036 in
1042 2985 1230 3054 regula
1282 3003 1656 3059 mensuraque
1703 2989 1872 3046 facito
1919 2993 2126 3047 omnia.

618 3069 710 3122 44.
743 3070 1012 3128 Dominus
1052 3085 1243 3131 noster
1277 3086 1332 3132 et
1356 3078 1502 3134 Deus
1533 3089 1618 3134 est
1657 3081 1819 3138 .lesus
1844 3081 2124 3150 Christus;

2228 2813 2522 2869 ἀναλαϐοῦ.

2305 2903 2415 2975 μγ’.
2457 2905 2620 2958 Ἴδιον
2653 2903 2943 2972 ἀπαθείας,
2975 2902 3250 2972 διάκρισις
3295 2898 3563 2971 ἀληθινήο
3594 2895 3719 2952 καθ’
3748 2896 3817 2968 ἢν

2238 2994 2420 3048 πάντα
2453 2995 2660 3066 πρᾶττε
2692 2993 2880 3066 μέτρῳ
2903 2992 2998 3048 καὶ
3024 2991 3229 3047 κανόνι.

2307 3084 2411 3155 μδ’.
2462 3086 2523 3137 '0
2569 3083 2775 3156 Κύριος
2818 3084 2976 3155 ἡμῶν
3017 3084 3114 3137 καὶ⁹
3167 3081 3303 3146 Θεὸς
3355 3081 3572 3153 Ἰησοῦς
3609 3082 3759 3136 ἐστιν
3787 3081 3816 3134 6

546 3174 712 3230 quem
755 3164 801 3218 si
837 3180 995 3221 mens
1037 3177 1326 3238 sequatur,
1377 3186 1486 3226 non
1526 3181 1710 3228 manet
1761 3175 1817 3228 in
1855 3175 2121 3232 tenebris.

2230 3175 2500 3247 Χριστός·
2536 3177 2630 3232 καὶ
2656 3176 2780 3240 νοῦς
2812 3178 2842 3231 6
2875 3173 3189 3231 ἀκολουθῶν
3229 3173 3403 3246 αὑτῷ,
3433 3175 3512 3246 μὴ
3561 3174 3724 3247 μείνῃ
3760 3175 3818 3226 ἐν

613 3333 704 3390 45.
734 3336 1014 3410 Recollige
1051 3352 1292 3400 mentem
1344 3342 1515 3411 tuam,
1550 3359 1607 3404 et
1633 3351 1866 3407 observa
1913 3355 2124 3445 cogita-

546 3422 728 3481 tiones
757 3443 770 3480 :
809 3437 869 3484 et
906 3431 952 3484 si
985 3448 1123 3501 quas
1157 3434 1462 3493 oﬂ’enderis
1501 3439 1557 3494 in
1585 3440 1907 3499 aﬂ'ectiones
1933 3422 2126 3501 noxias

546 3517 806 3584 transire,
847 3521 994 3590 ipsas
1036 3540 1310 3597 expugna.

614 3608 705 3663 46.
736 3609 780 3665 Α
821 3613 998 3669 tribus
1031 3617 1394 3687 cogitationes
1423 3624 1747 3693 accipimus,
1781 3642 1810 3680 a
1834 3631 2122 3694 memoria,

546 3699 804 3757 sensibus
835 3712 892 3759 et
919 3706 1242 3766 habitudine
1263 3716 1546 3784 corporis;
1584 3718 1680 3772 sed
1708 3720 2127 3780 molestissimas

544 3790 706 3848 aﬂ‘ert
738 3799 1024 3854 memoria.

611 3969 700 4022 47.
747 3969 1027 4040 Sapientia
1074 3975 1340 4045 praeditus
1380 3981 1534 4034 novit
1581 3983 1827 4040 rationes
1865 3985 2124 4057 incorpor

546 4075 790 4124 reorum,
819 4073 876 4119 et
908 4066 1055 4134 quod
1087 4068 1326 4133 initium,
1361 4073 1568 4141 etquis
1603 4073 1730 4130 linis
1751 4077 1966 4132 mundi.

614 4151 704 4205 48.
752 4153 1003 4210 Activam
1027 4158 1196 4214 vitam
1242 4177 1311 4216 ne
1348 4162 1553 4219 habeas
1586 4167 1885 4236 neglectui,
1914 4179 1970 4229 et
2001 4171 2127 4226 illu-

547 4243 816 4298 strabitur
864 4263 1020 4301 mens
1058 4257 1172 4305 tua.
1214 4252 1306 4306 Ait
1335 4255 1482 4312 enim
1513 4274 1527 4310 :
1581 4257 1874 4314 Thesauro:
1911 4262 2127 4318 abscon-

547 4332 682 4388 ditos
726 4344 776 4388 et
813 4338 1096 4396 invisibiles
1129 4346 1369 4412 aperiam
1394 4347 1486 4402 tibi
1528 4359 1574 4403 ο.

624 4427 709 4482 49.
745 4428 962 4486 Invenit
987 4436 1216 4504 gratiam
1259 4438 1402 4508 apud
1428 4441 1745 4509 Dominum,
1777 4447 1875 4514 qui
1915 4447 2125 4515 libera-

2225 3267 2292 3334 τῇ
2326 3265 2534 3338 σκοτίᾳ.

2304 3354 2407 3427 με’.
2443 3357 2723 3428 Συνάγαγε
2765 3357 2858 3411 τὸν
2896 3357 3017 3412 νοῦν
3047 3374 3166 3423 σου,
3207 3357 3304 3411 καὶ
3349 3357 3514 3428 τήρει
3549 3356 3683 3421 τοὺς
3730 3354 3818 3409 λο-

2227 3447 2479 3519 γισμοὺς,
2503 3450 2600 3503 καὶ
2618 3448 2718 3503 οῦσ
2732 3447 3206 3521 εὑρῃς·ὲμπαθεῖς,
3227 3445 3542 3519 πολέμησον
3561 3448 3702 3520 πρὸς
3719 3447 3818 3500 αὑ-

2227 3556 2376 3604 τους.

2302 3633 2420 3702 μς’.
2446 3631 2584 3704 Τρία
2611 3632 2919 3705 ὑπάρχουσι
2949 3635 3272 3705 πράγματα,
3306 3633 3376 3686 δι’
3407 3626 3484 3688 ὧν
3512 3633 3818 3705 λαμϐάνεις

2225 3725 2554 3796 λογισμούς·
2582 3727 2616 3796 ἡ
2647 3725 2921 3796 αἴσθησις,
2951 3727 3045 3778 καὶ
3072 3728 3106 3798 ἡ
3139 3725 3350 3797 μνήμη,
3380 3727 3479 3779 καὶ
3527 3728 3560 3796 ἡ
3617 3728 3819 3798 κρᾶσις

2226 3817 2319 3871 τοῦ
2353 3816 2605 3887 σώματος
2625 3832 2639 3845 ⁶
2668 3816 3040 3890 χαλεπώτεροι
3065 3818 3122 3870 δὲ
3151 3818 3199 3871 oi
3221 3817 3376 3871 αὑτοὶ
3405 3817 3517 3871 ἀπὸ
3539 3817 3644 3888 τῆς
3676 3819 3812 3888 μνή-

2231 3929 2338 3982 μης
2369 3910 2533 3965 εἰσιν.

2303 3999 2411 4072 μζ.
2452 3995 2524 4071 Ὦ
2556 3997 2713 4070 ἐδόθη
2750 4000 2932 4070 σοφία,
2976 4000 3120 4069 ἔγνω
3147 3998 3339 4067 λόγους
3362 3999 3699 4069 ἀσωμάτων,
3722 4000 3818 4053 καὶ

2226 4093 2309 4154 τίς
2337 4092 2370 4162 ή
2399 4090 2543 4160 ἀρχὴ
2571 4090 2829 4161 ὑπάρχει,
2871 4091 2965 4144 καὶ
2993 4091 3046 4143 τί
3075 4090 3136 4144 τὸ
3159 4089 3312 4154 τέλος
3332 4089 3427 4144 τοῦ
3451 4090 3692 4161 κόσμου.

2303 4191 2414 4256 μη’.
2452 4184 2547 4255 Μὴ
2597 4184 2790 4254 ἀμέλει
2833 4184 3168 4255 πρακτικῆς,
3213 4184 3310 4238 καὶ
3347 4182 3759 4254 φωτισθήσεται
3785 4184 3815 4236 6

2227 4275 2352 4339 νοῦς
2387 4292 2502 4328 σου.
2546 4292 2564 4324 ι
2589 4273 2966 4341 Θησαυροὺς,
3021 4273 3212 4345 φησὶν,
3268 4274 3668 4344 ἀποκρύφους
3716 4273 3813 4327 καί

2226 4367 2524 4436 ἀοράτους
2560 4365 2781 4431 ἀνοιξω
2815 4380 2936 4420 σοι.
2961 4385 2980 4419 ι

2301 4458 2409 4528 μθ’.
2450 4447 2594 4528 Εὗρε
2637 4459 2799 4528 χάριν
2846 4457 3001 4529 παρὰ
3037 4456 3178 4528 Θεῷ,
3217 4458 3245 4511 6
3277 4457 3466 4511 παθῶν
3515 4457 3814 4529 ἐλευθερω-

547 4527 637 4575 tus
676 4529 762 4576 est
799 4523 868 4579 ab
913 4526 1304 4586 affectionibus
1340 4550 1355 4586 :
1394 4532 1626 4602 insuper
1665 4547 1723 4592 et
1767 4537 1860 4593 ille
1906 4540 2126 4597 miseri-

2229 4523 2364 4615 θείς,
2392 4551 2490 4604 καὶ
2511 4523 2573 4604 τὸ
2775 4523 2981 4614 ἔλεος-ὁ
3005 4523 3260 4619 γνάισεως
3291 4549 3673 4616 καταξιωθείς.

545 4610 793 4667 cordiam
834 4626 1141 4684 assecutus,
1174 4623 1266 4690 qui
1297 4623 1585 4681 scientiam
1630 4629 1834 4683 meruit
1863 4630 2118 4701 adipisci.

612 4703 700 4756 50.
747 4705 899 4760 Mens
933 4711 1452 4777 perturbationibus
1493 4716 1719 4782 nudata,
1753 4722 2003 4789 quotidie
2031 4725 2121 4780 lu—

544 4795 820 4851 culentior
857 4799 1062 4865 evadit,
1116 4809 1172 4855 et
1221 4803 1290 4857 ad
1339 4820 1429 4860 res
1475 4821 1598 4876 quae
1645 4824 1776 4866 vere
1803 4822 1954 4881 sunt,
1993 4832 2124 4872 con-

547 4887 890 4956 templandas
925 4889 1252 4947 illustratur.

615 4979 705 5033 5i.
740 4980 859 5035 Lux
901 4982 1098 5040 animae
1127 4992 1214 5040 est
1268 4986 1511 5057 cognitio
1557 5002 1781 5060 sancta;
1810 5011 1932 5065 quae
1956 4998 2000 5054 si
2031 5002 2121 5055 cui

546 5067 789 5161 defuerit
831 5072 1191 5144 imprudenti,
1223 5077 1610 5136 obambulabit
1650 5085 1708 5140 in
1746 5088 2014 5161 tenebris,

608 5157 700 5254 οἳ.
723 5161 1050 5254 imprudens
1079 5178 1166 5224 est
1193 5170 1366 5240 quiin
1393 5174 1608 5230 malitia
1627 5188 1909 5249 versatur;
1941 5157 2121 5254 ipsum

544 5251 691 5306 enim
723 5252 1044 5323 ignorantize
1072 5261 1314 5318 tenebrae
1333 5259 1654 5336 .excipient.

615 5345 704 5401 55.
731 5345 918 5402 Jesum
953 5363 1161 5417 amans,
1189 5371 1219 5409 a
1247 5357 1461 5415 malitia
1480 5360 1831 5429 liberabitur,
1861 5375 1917 5420 et
1941 5367 2121 5438 ipsum

545 5439 826 5508 sequendo
865 5455 1053 5495 veram
1095 5445 1305 5502 videbit
1347 5451 1658 5508 scientiam.

615 5531 706 5588 54.
755 5531 906 5588 Mens
948 5548 978 5587 a
1013 5539 1528 5604 perturbationibus
1559 5545 1758 5613 libera,
1794 5566 1917 5620 qua:
1941 5554 2124 5610 consi-

545 5623 727 5686 derat,
785 5623 901 5680 sive
938 5625 1147 5697 vigilet,
1209 5631 1325 5689 sive
1377 5633 1618 5693 dormiat
1662 5656 1917 5712 corpore,
1970 5646 2119 5703 videt

547 5716 825 5770 subtilius.

617 5833 646 5874 ι
675 5831 865 5889 Matth.
905 5852 999 5905 vn,
1034 5837 1106 5907 2;
1144 5839 1291 5897 Marc
1325 5859 1398 5914 ιν,
1430 5847 1518 5904 24.
1599 5862 1618 5888 ε
1657 5849 1758 5906 lsa.
1795 5868 1912 5914 διν.
1947 5813 2019 5909 5..

2301 4648 2362 4698 ν’.
2402 4642 2550 4706 Νοῦς
2587 4641 2776 4696 παθῶν
2801 4641 3207 4713 ἐλευθερωθεὶς,
3245 4642 3546 4714 φιιηοειδὴς
3578 4642 3810 4710 γίνεται,

2228 4737 2351 4801 ταῖς
2383 4737 2494 4790 τῶν
2527 4735 2696 4790 ὄντων
2751 4735 3010 4806 θεωρίαις
3041 4734 3403 4798 ἀδιαλείπτως
3437 4735 3808 4806 καταλαμπό-

2233 4848 2413 4900 μενος.

2301 5017 2402 5064 να’.
2441 5011 2649 5078 Φὲγγος
2677 5009 2858 5080 ψυχῆς
2885 5009 2919 5079 ὴ
2952 5005 3155 5076 γνῶσίς
3182 5007 3353 5072 ἐστιν,
3395 5000 3468 5078 ἧς
3513 5007 3807 5080 στερηθεὶς

2230 5104 2259 5155 6
2287 5101 2476 5172 ἄφρων
2507 5101 2565 5153 ὲν
2594 5099 2774 5152 σκότει
2806 5096 3210 5169 διαπορεύεται.

2300 5193 2400 5262 νβ’.
2446 5193 2673 5262 Ἀφρων
2705 5190 2855 5245 ἐστὶν
2879 5191 2908 5244 6
2935 5192 2995 5244 ὲν
3038 5189 3222 5243 σκότει
3263 5188 3470 5258 διάγων
3491 5205 3506 5219 ·
3539 5188 3601 5244 6v
3635 5187 3812 5243 διαδέ-

2229 5303 2380 5357 χεται
2403 5280 2686 5346 1663:6104
2711 5281 3008 5352 ἀγνωσίας.
3845 5305 3852 5310 ν

2299 5385 2402 5446 νγ’.
2454 5375 2662 5446 Ἰησοῦν
2688 5377 2717 5429 6
2752 5374 3006 5443 ἀγαπῶν,
3041 5373 3538 5446 ἐλευθερωθήσεται
3561 5372 3761 5438 κακίας
3789 5391 3805 5404 ·

2228 5469 2322 5524 καὶ
2358 5470 2387 5521 6
2415 5466 2727 5522 ἀκολουθῶν
2755 5467 2925 5536 αὑτῷ,
2960 5466 3153 5536 θψεται
3186 5466 3389 5536 γνῶσιν
3412 5464 3613 5536 ἀληθῆ.

2297 5559 2391 5614 νδ’.
2428 5558 2576 5623 Νοῦς
2622 5557 2813 5613 παθῶν
2853 5557 3264 5631 ἐλευθερωθεὶς,
3317 5557 3452 5628 ψιλά
3499 5557 3688 5628 βλέπει
3739 5557 3805 5611 τά

2227 5653 2499 5723 νοήματα,
2539 5650 2636 5705 καὶ
2684 5651 3052 5725 ἐγρηγορότος
3086 5649 3181 5706 τοῦ
3227 5648 3503 5725 σώματος,
3533 5649 3630 5705 καὶ
3661 5648 3807 5706 κατά

2225 5744 2349 5808 τοὺς
2373 5742 2574 5809 ὕπνους
2601 5743 2787 5801 αὑτοῦ.
