4080 6282
253 402 391 468 1133

1662 409 2059 474 ΕΕΝἸἭΗΙΛ
2095 415 2144 475 Ι.

3372 418 3511 487 1634

310 511 518 600 νε’.ῌ⁹0
571 513 697 579 νοῦς
728 514 809 580 εἰς
846 516 1017 587 ἄκρον
1062 516 1359 589 καθαρθεὶς
1404 522 1807 591 στενοχωρεὴαι

1993 519 2082 577 55.
2115 521 2283 579 Menti
2330 523 2387 579 in
2432 540 2710 582 summum
2757 526 3085 599 puriﬁcatam,
3116 537 3348 600 angusta
3376 544 3507 588 sunt

236 604 351 666 τοῖς
381 597 499 657 οὖσι
523 619 539 635 ο
579 604 673 659 καὶ
717 605 823 672 ἔξω
868 606 1010 664 θέλει
1058 610 1304 679 γίνεσθαι
1347 611 1566 665 πάντων
1592 612 1701 665 τῶν
1728 627 1823 680 γε·

236 692 503 760 γονάτων.

308 784 417 850 νς’.
456 784 743 857 Μακάριος
770 789 798 841 6
825 788 1037 857 φθάσας
1064 791 1145 854 είς
1169 792 1269 863 τὴν
1308 791 1617 864 ἀπέραντον
1653 794 1819 848 ἀπει-

1925 614 2113 670 omnia
2145 629 2267 687 quae
2296 627 2458 684 sunt;
2490 634 2823 692 semperque
2859 621 3014 693 cupit
3047 638 3170 679 esse
3199 632 3353 678 extra
3382 640 3504 679 om-

1922 705 2014 759 nia
2044 722 2169 775 quaa
2190 718 2328 763 sunt
2359 709 2522 765 facta.

1994 799 2083 854 56.
2108 800 2309 857 Beatus
2334 811 2418 858 est
2447 802 2516 866 is,
2548 803 2640 874 qui
2677 803 2743 859 ad
2768 803 3037 859 inﬁnitam
3068 805 3502 864 immensitatem

237 876 361 947 ρίαν
381 892 396 906 ·
432 878 641 942 ἐκεῖνος
676 877 719 931 δ’
750 878 1005 949 ἔφθασεν,
1037 883 1066 936 6
1112 883 1181 937 τά
1219 884 1615 957 πεπερασμένα
1645 884 1807 957 περάε

1919 893 2205 961 pervenit;
2248 894 2296 950 is
2331 910 2463 951 vero
2492 897 2767 966 pervenit,
2798 895 2893 967 qui
2929 897 3243 966 penetravit
3273 913 3338 953 ea
3380 914 3503 969 quae

236 985 359 1041 σας.

308 1059 405 1126 νζ’.
460 1061 693 1135 Ἐρευνᾷ
721 1063 916 1133 λόγους
955 1064 1090 1120 Θεοῦ
1121 1068 1149 1121 6
1181 1068 1473 1141 σεϐόμενος
1498 1069 1691 1125 αὐτόν’
1724 1068 1817 1125 εῦ-

232 1151 411 1223 ρίσκει
446 1153 503 1208 δὲ
528 1155 725 1219 αὐτοὺς
747 1157 777 1208 6
798 1159 895 1227 τῆς
924 1157 1185 1231 ἀληθείας
1223 1161 1482 1233 ἐραστής.

294 1239 405 1315 ,νη’.
444 1243 589 1307 Νοῦς
618 1243 677 1310 es
711 1246 1002 1319 ὀρθότητος
1024 1249 1361 1321 κινούμενος,
1391 1253 1637 1325 εὑρίσκει
1684 1254 1817 1329 ἀλή-

228 1330 386 1387 θειαν
407 1350 420 1365 ·
457 1335 486 1387 6
515 1335 571 1388 δὲ
601 1337 664 1391 ἐκ
697 1338 905 1404 πάθους
929 1341 1093 1405 τινὸς,
1123 1343 1481 1412 ἀποτεύξεται
1515 1347 1706 1418 αὐτῆς.

308 1424 405 1479 νϐ’.
450 1425 664 1500 Ὥσπερ
696 1432 762 1501 τῇ
792 1430 948 1504 οὐσίᾳ
972 1434 1251 1502 ἄγνωστος
1279 1436 1308 1490 6
1331 1436 1485 1503 Θεὸς,
1516 1437 1688 1505 οὕτως
1720 1442 1814 1495 καὶ

224 1518 298 1588 τῇ
326 1517 669 1592 μεγαλοσύνῃ
698 1523 847 1576 ἐστὶν
875 1523 1201 1595 ἀπέραντος.

180 1660 227 1696 .
306 1606 370 1696 ξ’..
410 1602 519 1696 Ἦς
549 1609 737 1696 οὐσίας
765 1612 907 1684 ἀρχὴ
937 1614 1032 1669 καὶ
1066 1615 1217 1681 τέλος
1243 1617 1342 1672 οῦκ
1365 1617 1535 1687 ἔστιν,
1566 1620 1690 1676 οῦτε
1715 1625 1814 1695 τῆς

224 1693 425 1760 σοφίας
456 1695 752 1766 ὲξεύρεσις.

301 1781 400 1878 ξαν.
443 1786 693 1858 Σωτηρία
737 1791 973 1864 ῦπάρχει
1018 1796 1201 1867 πάσης
1256 1799 1511 1866 κτίσεως,
1563 1803 1597 1876 ὴ
1641 1804 1810 1878 ὕπερ-

222 1874 434 1943 άγαθος
456 1878 548 1930 τοῦ
576 1881 881 1949 κτίσαντος
913 1888 1039 1960 περὶ
1070 1891 1244 1957 αὐτὴν
1274 1895 1519 1966 πρόνοια.

297 1967 395 2037 ξβ’.
450 1969 840 2046 Ύποστηρίζει
893 1980 1099 2052 Κυριος
1144 1986 1355 2051 πάντας
1400 1989 1527 2053 τοὺς
1573 1992 1809 2045 καταπί-

214 2054 452 2124 πτοντας
490 2061 547 2114 ἐν
573 2064 895 2138 οἰκτιρμοίς,
924 2071 1016 2125 καὶ
1048 2073 1267 2146 ἀνορθοϊ
1287 2076 1495 2144 πάντας
1520 2081 1647 2146 τοὺς
1677 2100 1809 2137 κατ·

213 2166 239 2200 ε
247 2148 629 2220 ῤῥαγμένους.

293 2238 390 2308 ξγκ
434 2243 668 2312 Χριστός
699 2245 818 2305 ἐστι
848 2247 1071 2314 ζώντων
1097 2254 1192 2307 καὶ
1219 2256 1430 2327 νεκρῶν
1459 2262 1680 2333 κριτὴς,
1709 2264 1805 2318 καὶ

209 2331 315 2401 τῆς
347 2334 583 2389 ἑκάστου
616 2338 869 2407 πράξεως
901 2342 1109 2408 δίκαιος
1133 2331 1528 2421 ἀνταποδότης.

286 2421 383 2489 ξδ’.
426 2421 625 2497 Ἀρξαι
651 2432 698 2483 εἰ
730 2431 905 2497 θέλεις
933 2435 1031 2507 τῆς
1054 2436 1235 2508 ψυχῆς
1266 2442 1361 2495 καὶ
1392 2443 1486 2496 τοῦ
1521 2444 1799 2517 σώματος,

212 2516 506 2589 προλαϐὼν
528 2519 626 2584 τάς
652 2523 760 2576 τῶν
793 2525 980 2579 παθῶν
1016 2529 1195 2593 αἰτίας
1232 2533 1551 2603 περίκοπτε.

282 2609 383 2675 ξε’.
425 2613 690 2681 Σύζευξον
723 2621 844 2682 ταῖς
887 2620 1111 2692 ἀρεταῖς
1154 2624 1256 2688 τὰς
1288 2627 1386 2694 τῆς
1434 2627 1612 2700 ψυχῆς
1642 2630 1802 2685 δυνά-

211 2716 361 2769 μεις,
395 2705 489 2757 καὶ
522 2707 703 2780 πάσης
726 2709 827 2780 τῆς
855 2710 964 2765 τῶν
996 2713 1186 2768 παθῶν
1214 2716 1395 2789 ὁρμῆς
1433 2719 1802 2790 ἀποζεύγνυν-

208 2809 325 2847 ται.

289 2885 395 2954 Es’.
438 2887 553 2952 Τὰς
595 2888 692 2961 τῆς
728 2890 1026 2965 ἐπιθυμίας
1074 2896 1250 2967 ὁρμὰς
1298 2867 1600 2976 ἐγκρατείᾳ.
1647 2908 1799 2980 χαλί-

207 2994 417 3071 νωσον·
453 2981 549 3044 τὰς
577 2981 633 3033 δὲ
662 2981 757 3035 τοῦ
786 2982 982 3056 θυμοῦ,
1016 2988 1205 3064 ἀγάπῃ
1243 3002 1635 3071 πνευματικῇ..

286 3070 395 3134 ξζ’.
426 3072 654 3142 Ἡσυχία
685 3076 779 3129 καὶ
803 3081 1099 3150 προσευχὴ,
1125 3083 1359 3153 μέγιστα
1382 3087 1523 3143 ὅπλα
1551 3070 1756 3164 ἀρετῆς
1780 3112 1793 3126 .

206 3156 380 3274 alb-Eat
423 3165 530 3236 γάρ
574 3166 665 3221 τὸν
710 3167 835 3223 νοῦν
870 3172 1257 3245 καθαίρουσαι,
1284 3156 1791 3259 διορατικὸνάπερ-
1820 3212 1865 3274 C

207 3255 497 3324 γάζονται.

283 3350 387 3441 ξτγ.
430 3349 701 3423 Συντυχία
750 3353 956 3426 ὠφελεῖ
1006 3358 1141 3431 μόνη
1191 3362 1224 3433 ἡ
1271 3368 1653 3441 πνευματική·
1684 3369 1795 3424 τῶν

204 3441 267 3494 δὲ
295 3439 501 3495 λοιπῶν
528 3444 719 3498 πασῶν
756 3449 1143 3519 προτιμωτέρα
1171 3451 1391 3523 ἡσυχία.

285 3530 383 3596 ξθι.
425 3532 545 3586 Τῶν
574 3538 735 3590 πέντε
759 3539 980 3609 τρόπων
1009 3544 1323 3614 συντυχίας,
1349 3546 1477 3610 τοὺς
1501 3552 1649 3621 τρεῖς
1674 3553 1795 3606 ἐπί-

205 3623 364 3689 λεξαι
389 3642 403 3656 ·
426 3626 515 3697 -τῷ
552 3626 610 3681 δὲ
644 3631 890 3703 τετάρτῳ
937 3633 1015 3703 μὴ
1062 3638 1334 3711 συχνάσῃς
1357 3654 1371 3670 ο
1404 3640 1498 3695 τοῦ
1539 3644 1793 3715 πέμπτου

203 3719 503 3787 ἀπόστηθι.

278 3812 341 3866 ο’.
397 3813 657 3885 Ἡσυχίαν
698 3816 888 3888 ἀγαπᾷ
936 3820 965 3873 6
1014 3818 1089 3889 μὴ
1141 3820 1370 3892 πάσχων
1423 3828 1561 3897 πρὸς
1597 3830 1667 3884 τὰ
1696 3832 1791 3886 τοῦ

200 3909 440 3979 κόσμου.
479 3912 587 3963 Καὶ
617 3912 825 3977 πάντας
854 3914 981 3978 τοὺς
1023 3914 1366 3987 ἀνθρώπους,
1399 3920 1427 3972 6
1460 3923 1627 3993 μηδὲν
1650 3925 1789 3995 ἀγα-

203 4002 327 4055 πῶν
356 4000 716 4074 ἀνθρώπινον.

276 4102 378 4147 οαν.
420 4095 751 4161 Διδάσκαλος
773 4098 1033 4173 ἀληθὴςή
1068 4104 1372 4177 συνείδησις
1400 4106 1657 4181 ὑπάρχει,
1762 4112 1790 4165 ὁ

201 4186 499 4239 ὑπακούων
524 4190 874 4258 ἀπρόσκοπος
897 4192 1163 4264 διαμένει.

282 4276 384 4346 οβ’.
441 4277 716 4345 Ἐκείνους
754 4282 949 4351 μόνους
973 4286 1034 4338 οῦ
1064 4288 1241 4357 κρίνει
1276 4290 1336 4343 τὺ
1369 4293 1632 4358 συνειδὸς,
1664 4292 1791 4357 τοὺς

201 4370 288 4434 εἰς
322 4369 385 4422 τὸ
414 4371 581 4443 ἀκρον
612 4375 711 4444 τῆς
752 4374 954 4446 ἀρετῆς
990 4376 1022 4447 ἢ
1054 4377 1155 4448 τῆς
1194 4381 1396 4446 κακίας
1448 4386 1785 4455 φθάσαντας.

1919 982 2074 1038 ﬁnita
2115 993 2268 1039 sunt.

1989 1075 2077 1130 57.
2115 1074 2407 1132 Scrutatur
2443 1078 2613 1133 verba
2645 1077 2766 1144 Dei,
2807 1078 2903 1149 qui
2930 1095 3057 1135 eum
3092 1079 3258 1146 colit;
3285 1079 3499 1135 invenit

1916 1175 2125 1233 autem,
2158 1170 2251 1238 qui
2282 1178 2430 1223 amat
2468 1170 2784 1225 veritatem.

1984 1259 2072 1315 58.
2110 1261 2263 1316 Mens
2286 1262 2579 1324 veritatem
2610 1262 2842 1326 invenit,
2873 1263 2973 1319 sia
3004 1264 3338 1320 rectitudine
3364 1263 3499 1320 diri-

1911 1361 2099 1424 gatur;
2147 1352 2349 1408 amittit
2402 1362 2610 1417 autem,
2649 1355 2693 1409 si
2728 1355 2797 1409 ab
2840 1355 3134 1411 affectione
3175 1357 3385 1427 aliqua.

1985 1441 2074 1499 59.
2108 1442 2178 1500 Ut
2220 1444 2365 1500 Deus
2393 1445 2702 1500 secundum
2733 1448 3031 1502 essentiam
3076 1447 3238 1502 nobis
3276 1457 3362 1501 est
3409 1447 3496 1502 in-

1912 1538 2198 1608 cognitus;
2226 1537 2302 1592 ita
2332 1538 2638 1593 secundum
2672 1541 3017 1609 majestatem
3047 1550 3135 1594 est
3166 1540 3491 1595 immensus.

1982 1630 2072 1684 60.
2102 1629 2357 1685 Essentia
2387 1646 2508 1701 quae
2548 1631 2829 1703 principio
2869 1644 3023 1688 caret
3051 1643 3107 1688 et
3144 1632 3271 1698 ﬁne,
3314 1646 3525 1701 neque,

1910 1719 2204 1789 sapientia,
2251 1722 2674 1791 perscrutabilis
2722 1733 2825 1780 est.

1986 1811 2075 1865 61.
2120 1810 2281 1867 Salus
2306 1813 2488 1868 omnis
2525 1824 2794 1871 creaturas
2832 1825 2918 1873 est
2974 1818 3179 1890 optima
3210 1821 3496 1883 Creatoris

1911 1902 2061 1957 circa
2100 1902 2273 1972 ipsam
2318 1903 2695 1973 providentia.

1978 1993 2067 2050 6%.
2104 1992 2363 2050 Suﬂ‘ulcit
2400 1995 2668 2051 Dominus
2700 1998 3154 2058 miserationibus
3176 2018 3370 2060 omnes
3401 2020 3495 2061 va—

1906 2084 2183 2153 cillantes,
2233 2095 2290 2143 ct
2319 2087 2632 2145 confractos
2661 2106 2856 2146 omnes
2898 2093 3081 2165 erigit.

1978 2245 2067 2300 65.
2090 2244 2346 2301 Christus
2366 2246 2673 2301 viventium
2699 2255 2758 2302 et
2782 2258 3130 2304 mortuorum
3147 2259 3231 2305 est
3248 2250 3417 2321 judex
3436 2249 3489 2318 ἀ,

1904 2352 1969 2392 ac
2006 2336 2192 2407 justus
2221 2336 2660 2406 uniuscujusque
2710 2340 2896 2408 operis
2927 2341 3235 2396 retributor
3271 2354 3318 2396 θ.

1974 2428 2063 2483 64.
2105 2428 2383 2497 Imperare
2427 2427 2514 2481 vis
2542 2427 2740 2483 anima:
2779 2436 2836 2483 et
2865 2431 3119 2500 corpori?
3146 2441 3274 2488 ante
3302 2431 3488 2486 omnia

1901 2520 2258 2575 aﬁ‘ectionum
2304 2534 2503 2575 causas
2538 2520 2899 2577 circumcide.

1973 2612 2062 2667 65.
2091 2612 2309 2666 Adhibe
2355 2612 2504 2666 vires
2547 2613 2747 2667 animm
2780 2614 2850 2668 ad
2898 2613 3081 2669 studia
3110 2615 3405 2682 virtutum,
3432 2623 3488 2672 et

1900 2704 1969 2760 ab
2007 2704 2157 2758 omni
2202 2702 2559 2757 aﬁ‘ectionum
2606 2705 2877 2759 violentia
2918 2707 3249 2762 absolveris.

1969 2798 2058 2852 66.
2098 2795 2689 2864 Concupiscentiarum
2729 2798 2970 2867 impetus
3005 2800 3350 2855 continentia
3394 2815 3487 2855 re-

1898 2891 2135 2955 frenato,
2182 2886 2484 2943 iracundia:
2521 2903 2655 2944 vero
2699 2890 2888 2945 divina
2937 2890 3324 2962 spiritualique
3353 2892 3485 2947 cha-

1898 2984 2087 3039 ritate.

1968 3078 2056 3133 67.
2088 3078 2386 3133 Silentium
2428 3087 2486 3135 et
2524 3091 2721 3149 preces
2760 3076 3001 3132 maxima
3033 3076 3303 3131 virtutum
3330 3090 3484 3131 arma

1897 3180 2060 3234 sunt;
2113 3180 2357 3225 mentem
2404 3170 2556 3226 enim
2600 3169 2767 3225 simul
2800 3167 3125 3238 purillcant,
3170 3183 3235 3223 ac
3277 3166 3487 3238 perspi-

1900 3263 2175 3317 caciorem
2208 3262 2470 3318 reddunt.

1970 3354 2057 3409 68.
2092 3353 2284 3409 Solum
2310 3355 2599 3425 spirituale
2624 3354 2966 3424 colloquium
2990 3352 3218 3424 prodest
3249 3370 3262 3406 :
3299 3359 3354 3407 at
3380 3366 3486 3408 ca-

1895 3447 2034 3501 terls
2086 3446 2348 3501 omnibus
2397 3446 2679 3501 silentium
2722 3445 3126 3516 prmferendum
3162 3452 3269 3500 est.

1962 3538 2052 3594 69.
2102 3538 2182 3592 Ex
2206 3539 2452 3609 quinque
2492 3537 2673 3593 modis
2711 3538 3115 3607 colloquiorum
3151 3544 3266 3592 tres
3304 3536 3478 3607 elige;

1896 3628 1957 3683 in
1985 3636 2185 3699 quarto
2229 3645 2298 3685 ne
2329 3630 2405 3685 sis
2435 3629 2728 3699 frequens;
2777 3644 2809 3683 a
2835 3628 3031 3699 quinto
3069 3642 3299 3698 prorsus
3353 3627 3483 3683 abs—

1893 3721 2028 3775 tine.

1964 3811 2051 3868 79.
2092 3812 2388 3868 Silentium
2414 3820 2582 3877 amat,
2616 3813 2711 3883 qui
2747 3812 2817 3867 ad
2840 3827 2904 3867 ea
2931 3827 3053 3882 qua:
3092 3811 3262 3881 huius
3284 3809 3478 3865 mundi

1891 3915 2042 3970 sunt,
2083 3921 2201 3960 non»
2240 3903 2496 3960 afﬁcitur.
2541 3905 2746 3960 Omnes
2784 3914 2970 3959 autem
3023 3903 3280 3958 homines
3308 3910 3476 3968 amat,

1890 3997 1986 4069 qui
2022 3996 2161 4051 nihil
2207 3997 2509 4051 humanum
2559 3996 2617 4052 in
2670 3996 2753 4050 eis
2792 4004 2961 4049 amat.

1962 4092 2049 4145 71.
2097 4089 2349 4160 Magistra
2376 4105 2543 4144 verax
2576 4086 2921 4143 conscientia
2944 4098 3067 4153 est;
3110 4086 3199 4142 cui
3225 4086 3479 4157 quisquis

1889 4184 2235 4248 auscultarit,
2271 4183 2481 4252 absque
2512 4181 2761 4251 scrupuli
2792 4180 3134 4236 oﬁ'endiculo
3155 4188 3463 4251 permanet.

1963 4277 2049 4333 72.
2099 4276 2227 4332 lllos
2266 4276 2417 4331 solos
2453 4276 2796 4331 conscientia
2853 4290 2953 4329 sua
2994 4290 3106 4329 non
3136 4274 3341 4344 arguit,
3377 4271 3474 4342 qui

1888 4369 1975 4424 vel
2026 4369 2083 4423 in
2111 4369 2402 4432 virtutum,
2432 4368 2519 4423 vel
2556 4367 2613 4422 in
2658 4367 2931 4423 vitiorum
2968 4365 3247 4437 fastigium
3280 4379 3480 4435 perve-

1890 4466 2119 4512 nerunt.

276 4553 378 4616 ογ’.
422 4547 602 4621 Ἀκρα
632 4549 872 4604 ἀπάθεια
894 4549 1026 4621 ψιλὰ
1054 4556 1202 4608 ποιεῖ
1224 4555 1291 4609 τὰ
1318 4559 1568 4628 νοήματα
1595 4574 1609 4588 ⁸
1638 4560 1785 4631 ἄκρα

1969 4549 2058 4603 75.
2102 4548 2329 4603 Summa
2375 4549 2789 4619 impassihilitas
2842 4549 3081 4604 subtiles
3114 4547 3281 4603 eﬁicit
3324 4549 3477 4619 cogi-

200 4642 265 4697 δὲ
294 4643 496 4713 γνῶσις
524 4644 599 4716 τῷ
632 4645 1039 4721 ὑπεραγνώστῳ
1065 4649 1418 4723 παρίστησιν.
1530 4656 1535 4661 ’

279 4820 374 4875 οδν.
416 4821 574 4895 Λύπη
625 4822 774 4878 ἐστὶν
824 4824 1000 4899 ψεκτὴ
1052 4828 1323 4901 ἀποτυχία
1379 4831 1601 4902 ἡδονῶν,
1638 4826 1713 4889 ὧν
1757 4837 1787 4891 6

206 4918 653 4987 καταφρονήσας,
689 4916 894 4984 ἄλυπος
917 4920 1188 4990 διαμένει.

276 5097 371 5144 σε’.
429 5091 493 5145 Ἦ
521 5092 666 5164 λύπη
697 5094 927 5150 καθόλου
962 5097 1218 5167 στέρησίς
1249 5098 1400 5154 ἐστιν
1425 5101 1638 5173 ἡδονῆς,
1676 5102 1783 5158 κάν

205 5197 267 5234 τε
295 5182 399 5251 τῆς
430 5186 572 5239 κατά
605 5186 758 5251 Θεὸν,
788 5187 892 5241 κᾶν
919 5188 1019 5259 τῆς
1048 5188 1189 5243 κατὰ
1215 5190 1422 5259 κόσμον
1446 5193 1666 5267 νοήσῃς.

278 5353 392 5420 ος·’.
435 5355 569 5411 Θεοῦ
598 5359 717 5415 ἐστι
762 5360 1031 5431 βασιλεία,
1070 5363 1342 5435 ἀγαθότης
1383 5365 1479 5419 καὶ
1510 5365 1692 5436 σοφία,
1715 5359 1791 5423 ὧν

205 5449 236 5501 6
266 5450 562 5521 ἐπιτυχὼν,
604 5453 666 5506 6v
692 5452 939 5525 οὐρανοῖς
964 5455 1327 5512 πολιτεύεται.

279 5542 383 5607 ρξ’.
434 5546 675 5611 Ἐκεῖνος
708 5547 894 5611 ἄθλιος
934 5548 1242 5620 ἄνθρωπος,
1287 5551 1316 5604 6
1347 5551 1449 5623 τῆς
1473 5552 1652 5625 ψυχῆς
1693 5554 1791 5625 μὲν

206 5632 272 5688 τὸ
297 5635 480 5707 σῶμα,
516 5638 613 5693 τοῦ
645 5640 782 5695 Θεοῦ
812 5641 869 5695 δὲ
897 5642 989 5697 τὸν
1020 5642 1226 5713 κόσμον
1275 5647 1387 5709 τοῖς
1430 5644 1611 5718 ἔργοις
1652 5662 1790 5718 προ-

208 5730 469 5799 τιμήσας.

283 5848 310 5888 ἀ
338 5847 456 5905 Act.
490 5865 542 5917 ι,
575 5850 662 5906 42.
744 5863 767 5891 ο
796 5851 940 5913 Psal.
973 5866 1081 5921 ut,
1115 5851 1221 5925 15.

1896 4651 2079 4709 tatus;
2130 4641 2386 4698 sublimis
2433 4656 2569 4696 vero
2621 4641 2852 4696 scientia
2894 4641 2962 4695 ad
2995 4639 3341 4710 ignotissima
3376 4641 3477 4695 ad-

1895 4732 2067 4787 ducit.

1959 4824 2045 4878 74.
2076 4822 2338 4878 Mmstitia
2374 4836 2442 4877 ex
2476 4821 2823 4892 voluptatum
2851 4817 3071 4874 defectu
3100 4826 3364 4887 concepta
3397 4816 3479 4871 vi-

1892 4916 2217 4988 tuperabilis
2242 4923 2359 4971 est:
2387 4929 2483 4970 eas
2507 4915 2655 4969 enim
2672 4914 2768 4984 qui
2794 4909 3213 4981 contempserit,
3244 4908 3478 4965 inoll‘en-

1888 5024 1983 5065 sus
2020 5013 2307 5078 permanet
2339 5020 2404 5060 ac
2430 5004 2732 5077 jucundus.

1961 5100 2050 5155 75.
2104 5088 2415 5167 voluptatis
2461 5095 2739 5164 repressio
2799 5100 2920 5157 est,
2968 5092 3148 5146 omnis
3212 5087 3473 5153 tristitia.

1885 5190 2005 5246 sive
2035 5205 2159 5261 qua:
2200 5187 2508 5243 secundum
2552 5187 2726 5242 Deum
2758 5193 2862 5249 est,
2896 5183 3012 5239 sive
3043 5199 3172 5253 quae
3203 5180 3475 5237 mundum

1890 5283 2056 5353 sapit.

1963 5372 2052 5427 76.
2098 5370 2193 5426 Dei
2227 5383 2483 5441 regnum,
2522 5376 2608 5424 est
2645 5366 2865 5423 bonitas
2893 5379 2958 5421 ac
2991 5364 3297 5436 sapientia;
3336 5375 3473 5432 quas

1888 5465 1982 5537 qui
2036 5473 2254 5527 nactus,
2306 5462 2594 5533 municeps
2628 5471 2714 5517 est
2757 5460 2816 5514 in
2853 5459 3032 5515 caelis.

1962 5558 2050 5611 77.
2086 5556 2182 5611 llle
2216 5556 2389 5612 miser
2429 5564 2516 5610 est
2572 5555 2760 5620 homo,
2795 5554 2890 5625 qui
2939 5553 2994 5607 in
3043 5547 3307 5620 operibus
3356 5543 3474 5600 suis

1889 5664 2093 5717 corpus
2129 5663 2294 5718 quam
2330 5648 2603 5723 “animam,
2659 5656 2715 5705 ct
2761 5644 3028 5703 mundum
3075 5657 3237 5713 quam
3296 5639 3470 5696 Deum

1892 5738 2119 5813 majoris
2149 5738 2304 5795 facit.
