4080 6282
544 350 688 454 itas

1777 355 2180 428 THALASSII
2218 355 2460 416 ABBAT
2468 353 2536 415 lS

3665 341 3810 408 1m

613 495 702 550 78.
749 489 1032 562 [Equalem
1065 487 1122 544 in
1150 499 1343 542 omnes
1363 482 1690 540 charitatem
1719 477 1984 551 possidet,
2015 470 2110 546 qui

2283 465 2384 538 οη’.
2430 467 2583 536 Ἰσην
2622 463 2722 535 τὴν
2769 462 2988 532 ἀγάπην
3030 460 3166 532 πρὸς
3211 456 3422 520 πάντας
3775 455 3809 507 6

541 585 704 642 bonis
749 597 860 638 non
901 579 1132 644 invidet,
1177 577 1564 645 malorumque
1602 573 1919 628 miseretur.

612 761 701 816 79.
733 758 919 827 Quam
959 772 1090 813 vere
1137 756 1373 814 idoneus
1398 764 1455 812 et
1490 755 1644 812 utilis
1690 753 1759 810 ad
1794 752 2117 826 regendum,
2150 818 2162 825 O

543 853 638 924 qui
681 852 791 924 jam
833 860 996 905 antea
1041 849 1237 904 animae
1274 849 1607 920 corporique
1642 862 1742 903 suo
1786 846 2009 902 virtutis
2037 846 2119 901 le-

544 960 640 1015 ges
673 943 825 998 tulitl

616 1035 707 1090 80.
743 1035 838 1091 llle
857 1033 1158 1105 spiritualis
1177 1041 1263 1090 est
1289 1032 1619 1104 negotiator,
1650 1031 1745 1102 qui
1771 1033 1960 1088 suavia
1987 1048 2120 1102 pro-

547 1140 820 1196 speraque
873 1127 1038 1198 hujus
1088 1123 1280 1179 mundi
1332 1119 1561 1195 pr0pter
1616 1123 1803 1179 futura
1846 1141 1913 1180 ex
1963 1139 2121 1194 aquo

549 1218 873 1272 contemnit.

621 1310 708 1364 8i.
755 1310 952 1366 Anima
1001 1310 1271 1365 charitate
1312 1319 1372 1366 et
1421 1310 1787 1381 temperantia
1826 1310 2119 1377 ﬁrmatur;

552 1418 705 1457 mens
721 1418 850 1457 vero
869 1404 1022 1473 puris
1036 1403 1292 1472 precibus
1306 1419 1370 1457 ac
1387 1402 1620 1472 spiritali
1633 1403 2121 1473 contemplatione.

623 1495 711 1548 82.
751 1493 887 1550 Cum
929 1510 1240 1550 sermonem
1304 1495 1494 1550 utilem
1549 1496 1728 1561 audis,
1771 1512 1884 1550 non
1935 1496 2123 1567 jndica

550 1585 847 1654 dicentem,
872 1603 942 1642 ne
969 1599 1020 1642 te
1047 1588 1228 1658 ipsum
1253 1588 1495 1658 pretiosa
1515 1587 1896 1643 admonitione
1917 1587 2120 1658 prives.

621 1759 709 1816 85.
750 1762 1028 1818 Iudicium
1063 1780 1295 1835 pravum
1323 1765 1465 1821 mala
1493 1766 1716 1837 cogitat,
1746 1777 1803 1822 et
1836 1765 2123 1821 benefacta

2218 559 2330 620 τοῖς
2378 555 2480 627 μὲν
2525 552 2833 617 σπουδαίοις
2881 553 2958 623 μὴ
2999 549 3233 621 φθονῶν,
3281 548 3406 612 τοὺς
3451 545 3510 600 δὲ
3559 545 3811 615 φαύλους

2219 648 2405 704 ἐλεῶν.

2289 740 2386 796 οϐ’.
2425 734 2626 813 Ἀρξαι
2673 738 2752 802 ὡς
2791 734 3010 807 ἀληθῶς
3050 734 3257 798 ἐκεῖνος
3318 732 3577 802 «Ii-pedm,
3620 732 3652 785 ὁ
3704 731 3806 784 καὶ

2219 833 2363 905 ψυχῇ
2395 832 2490 887 καὶ
2520 831 2732 903 σώματι
2758 830 2827 886 τά
2858 831 2959 903 τῆς
2984 829 3191 902 ἀρετῆς
3218 826 3618 899 νομοθετήσας.

2293 1018 2366 1066 π’.
2409 1009 2847 1084 Πραγματευτὴς
2872 1008 3245 1081 πνευματικδς
3289 1009 3499 1072 ἐκεῖνος
3531 1006 3808 1076 υπάρχει,

2221 1107 2250 1160 ὁ
2278 1104 2338 1171 ἐξ
2366 1105 2495 1158 ἴσου
2537 1103 2626 1157 διὰ
2670 1103 2738 1157 τά
2769 1102 3032 1173 μέλλοντα
3069 1101 3166 1155 καὶ
3193 1100 3303 1155 τῶν
3337 1100 3512 1172 ἡδέων
3545 1098 3642 1152 τοῦ
3681 1097 3808 1167 βίου

2221 1198 2318 1252 καὶ⁵
2345 1195 2453 1250 τῶν
2495 1194 2800 1264 αὑστειρῶν
2829 1194 3264 1266 ἀποταξάμενος.

2293 1294 2407 1343 πα’.
2456 1286 2717 1342 Ῥώννυσι
2743 1285 2921 1358 ψυχὴν
2949 1285 3069 1356 μὲν,
3100 1285 3288 1355 ἀγάπη
3333 1283 3428 1338 καὶ
3457 1281 3768 1353 ἐγκράτεια
3792 1293 3816 1309 ο

2222 1377 2348 1432 νοῦν
2371 1377 2428 1432 δὲ
2456 1376 2732 1448 προσευχὴ
2761 1375 3000 1447 καθαρὰ,
3034 1375 3131 1428 καὶ
3179 1372 3382 1444 θεωρία
3414 1369 3804 1442 πνευματική.

2293 1467 2403 1539 πβ⁹.
2457 1466 2697 1521 Ἀκούων
2737 1466 2894 1534 λόγον
2938 1464 3234 1535 ὠφέλιμον,
3280 1462 3356 1534 μὴ
3395 1465 3550 1533 κρῖνε
3581 1462 3681 1514 τὸν
3712 1461 3804 1514 λέ-

2221 1578 2405 1631 γοντα,
2461 1560 2547 1613 ἵνα
2599 1561 2675 1631 μὴ
2724 1558 2823 1630 τῆς
2869 1555 3186 1627 ἐπωφελοῦς
3241 1555 3526 1617 νουθεσίας
3594 1551 3798 1606 ἑαυτὸν

2225 1653 2629 1723 ἀποστερήσῃς.

2298 1753 2410 1815 πγ’.
2451 1745 2651 1816 Γνώμη
2674 1726 3051 1815 πονηράκακά
3081 1740 3416 1811 ἐνθυμεῖται,
3443 1740 3539 1792 καὶ
3570 1739 3643 1792 τὰ
3675 1755 3814 1791 κατε

549 1853 786 1921 proximi
835 1853 1134 1911 infideliter
1177 1858 1457 1912 narrando
1498 1860 1677 1914 elevat
1721 1874 1787 1914 ac
1826 1858 2125 1913 imminuit.

2231 1839 2520 1912 ορθώματα
2552 1836 2647 1890 τοῦ
2711 1834 2938 1907 πλησίον
2963 1835 3043 1898 εἰς
3071 1833 3330 1887 ἐλάττονα
3360 1828 3810 1901 παραγνωρίζει.

621 1942 710 1998 84.
739 1944 817 2000 Ne
844 1946 1149 2002 credideris
1177 1948 1442 2019 cogitatui
1475 1951 1616 2005 mala
1647 1951 1714 2006 de
1751 1951 2001 2020 proximo
2025 1967 2122 2006 co-

550 2032 745 2104 gitanti
779 2055 791 2091 :
829 2053 954 2091 nam
989 2039 1084 2109 qui
1123 2040 1327 2096 malum
1378 2042 1698 2097 thesaurum
1751 2043 1938 2110 habet,
1982 2044 2126 2099 mala

548 2125 716 2180 etiam
765 2129 990 2200 cogitat.

621 2217 709 2272 85.
746 2218 956 2274 Bonum
988 2236 1086 2276 cor
1121 2221 1295 2279 bonas
1337 2223 1703 2295 cogitationes
1730 2225 1908 2280 nutrit
1940 2243 1953 2279 :
1985 2242 2127 2297 qua-

548 2305 658 2362 lem
703 2309 852 2363 enim
888 2310 1206 2368 thesaurum
1244 2313 1430 2381 habet,
1461 2315 1597 2371 tales
1632 2315 1798 2370 etiam
1832 2317 2000 2372 habet
2029 2332 2126 2372 co-

464 2463 469 2466 _
548 2399 862 2468 gitationes.

621 2493 711 2547 86.
742 2492 892 2549 Habe
936 2496 1204 2552 rationem
1241 2497 1638 2568 cogitationum
1693 2509 1932 2564 tuarum,
1965 2500 2127 2556 mali-

551 2586 795 2657 tiamque
827 2587 986 2660 fuge;
1063 2605 1134 2646 ne
1172 2590 1409 2647 obscura
1459 2600 1645 2648 mente
1692 2592 1800 2648 alia
1848 2609 1950 2664 pro
2003 2593 2128 2650 aliis

551 2676 757 2733 videas.
837 2739 840 2742 ,

625 2769 710 2824 87.
758 2770 977 2827 Iudaeos
1020 2780 1148 2831 ante
1190 2774 1383 2830 oculos
1423 2790 1696 2845 propone,
1737 2784 1901 2847 teque
1940 2777 2126 2847 ipsum

550 2858 787 2914 munias.
817 2859 1030 2917 Invidia
1055 2862 1204 2918 enim
1233 2863 1521 2929 obcaecati,
1551 2865 1845 2921 Dominum
1869 2875 1927 2923 et
1955 2867 2126 2923 Deum

551 2950 893 3008 Beelzebulis
931 2955 1154 3010 nomine
1193 2956 1536 3012 infamabant
1575 2957 1620 3012 ί.

625 3044 711 3100 88.
746 3045 1103 3116 Suspiciones
1120 3039 1280 3105 malai
1295 3059 1533 3105 mentem
1551 3051 1864 3118 obfuscant,
1889 3053 2128 3110 faciunt-

552 3150 660 3204 que
705 3144 766 3191 ιι
805 3153 871 3193 ea
909 3155 1032 3209 quae
1070 3149 1228 3196 extra
1274 3141 1419 3196 viam
1466 3153 1616 3210 sunt,
1656 3144 1951 3201 videantur
2005 3162 2128 3204 esse

553 3240 610 3278 ιη
643 3241 751 3281 νηι

624 3319 712 3373 89.
747 3318 911 3376 Juxta
947 3337 1140 3378 omnes
1183 3323 1415 3380 virtutes
1443 3327 1757 3383 scaturiunt
1781 3337 1838 3384 et
1882 3329 2129 3397 vitia;et

556 3408 686 3466 inde
731 3420 838 3478 est,
888 3429 1063 3485 quare
1103 3416 1234 3472 mali
1276 3417 1512 3475 virtutes
1567 3420 1622 3475 in
1662 3422 1862 3478 malam
1914 3435 2129 3494 partem

557 3502 1014 3574 interpretantur.

631 3596 721 3652 90.
762 3598 914 3654 Mens
951 3599 997 3655 si
1030 3600 1085 3654 in
1115 3617 1176 3656 re
1217 3601 1402 3672 aliqua
1436 3602 1648 3660 diutius
1675 3605 1762 3661 vel
1787 3606 1858 3662 ob
1873 3607 2128 3674 lectetur,

557 3685 642 3740 vel
691 3697 939 3752 maereat,
991 3691 1174 3744 statim
1207 3691 1263 3745 in
1293 3693 1497 3748 acediae
1539 3710 1701 3764 grave
1736 3696 1938 3752 malum
1962 3695 2129 3752 cadit.

631 3779 720 3833 91.
747 3778 1095 3837 Conscientia
1118 3799 1255 3852 pura
1282 3785 1520 3839 animam
1543 3787 1772 3852 excitat,
1800 3803 1966 3857 quam
2007 3805 2131 3844 rur-

560 3887 656 3927 sus
709 3873 764 3927 in
801 3882 1006 3929 terram
1055 3877 1336 3934 immunda
1375 3882 1636 3952 cogitatio
1675 3882 1887 3953 dejicit.

634 3963 724 4019 92.
746 3964 1042 4036 Exagitata:
1059 3968 1346 4036 passiones
1369 3972 1861 4041 expellunt'vanam
1882 3974 2131 4046 gloriam:

563 4059 620 4108 at
662 4053 709 4108 si
755 4055 957 4125 quietae
1003 4058 1330 4125 consistant,
1376 4076 1497 4116 eam
1556 4079 1749 4121 rursus
1793 4066 2135 4134 postliminio

564 4153 844 4199 revocant.

637 4235 726 4290 95.
767 4237 863 4291 Vis
893 4239 1062 4292 semel
1090 4240 1160 4293 ab
1207 4242 1466 4296 omnibus
1497 4244 1667 4298 animi
1697 4246 2134 4314 perturbationi-

565 4323 672 4381 bus
719 4326 982 4383 liberari?
1007 4330 1336 4403 assuefacito
1362 4342 1416 4388 te
1443 4335 1724 4402 eharitati,
1763 4338 2057 4394 contentiae
2079 4347 2137 4394 et

567 4416 846 4486 precibus.

2155 3185 2203 3249 C

2299 1929 2404 1985 πᾶ.
2443 1928 2536 1999 Μὴ
2584 1927 2806 1982 πίστευε
2841 1926 2920 1997 τῷ
2961 1923 3211 1994 λογισμῷ
3255 1922 3496 1992 κρίνοντι
3529 1920 3624 1974 τὸν
3667 1921 3815 1988 πλη-

2228 2023 2364 2088 σίον,
2392 2023 2474 2076 ὅτι
2505 2020 2742 2092 πονηρὸν
2786 2018 2924 2090 ἔχων
2954 2015 3251 2088 θησαυρὸν,
3281 2013 3496 2085 πονηρὰ
3521 2013 3619 2066 καὶ
3647 2011 3808 2081 λογί-

2227 2119 2403 2263 ζεῖξεξῖ
2457 2207 2663 2280 Ἀγαθὴ
2701 2205 2898 2279 καρδία
2936 2201 3148 2272 ἀγαθὰς
3198 2198 3408 2262 ἑννοίας
3434 2197 3593 2269 φέρει
3617 2212 3635 2228 ⁸
3663 2195 3810 2266 πρὸς

2228 2299 2336 2372 γὰρ
2357 2301 2448 2354 τὸν
2480 2297 2751 2370 θησαυρὸν
2774 2294 2960 2362 αὐτοῦ,
3000 2295 3094 2349 καὶ
3115 2293 3183 2347 τὰ
3223 2290 3588 2361 ἐνθυμήματα
3615 2287 3810 2343 αὐτοῦ.

2301 2485 2420 2546 πςν.
2461 2479 2539 2550 Ti;
2551 2495 2630 2551 ρει
2655 2477 2782 2542 τοὺς
2806 2476 3124 2547 λογισμοὺς,
3151 2475 3246 2528 καὶ
3258 2473 3428 2544 φεῦγε
3454 2473 3562 2528 ἀπὸ
3584 2472 3812 2536 κακίαςο

2232 2573 2318 2650 ἵνα
2345 2573 2420 2645 μὴ
2445 2571 2748 2636 σκοτισθεὶς
2768 2573 2796 2625 ὁ
2826 2570 2950 2635 νοῦς
2986 2569 3124 2624 ἀλλα
3153 2569 3268 2622 ἀντ’
3298 2567 3476 2622 ἄλλων
3521 2565 3723 2638 βλέπῃ.

2301 2752 2409 2818 πζη
2463 2751 2665 2806 Ἐννόει
2690 2747 3159 2828 τοὺςςῐουδαίους,
3191 2745 3612 2814 καὶάσφάλισαι
3643 2761 3814 2800 σεαυ-

2231 2844 2340 2898 τόν.
2371 2845 2431 2898 Ol
2452 2842 2653 2897 ὲκοεοῦ
2697 2841 2893 2910 φθόνου
2922 2838 3322 2909 τυφλωθέντες,
3349 2838 3442 2891 τὸν
3473 2837 3683 2909 Κύριον
3711 2835 3810 2889 καὶ

2233 2936 2366 2990 Θεὸν
2391 2937 2469 2997 είς
2503 2932 2833 2996 Βεελζεὸοὺλ
2862 2929 3309 3003 παρεγνὼρισαν.

2303 3026 2416 3099 σπη’.
2466 3025 2726 3080 ’Υπόνοια
2794 3025 3008 3097 πονηρά
3066 3023 3305 3088 σκοτίζει
3385 3020 3657 3085 διάνοιαν,
3711 3019 3816 3074 καὶ

2234 3122 2397 3186 ποιεῖ,
2434 3119 2502 3172 τά
2532 3119 2679 3189 παρὰ
2707 3117 2806 3189 τὴν
2834 3117 2972 3184 ὁδὸν,
3005 3117 3128 3174 ἀντὶ
3153 3119 3251 3189 τῆς
3277 3112 3398 3169 ὁδοῦ
3428 3114 3685 3184 θεωρεῖν.

2307 3311 2414 3366 πθ’.
2455 3312 2586 3377 Ταῖς
2640 3310 2860 3381 ἀρεταῖς
2929 3307 3170 3370 ἀπάσαις
3229 3302 3706 3376 παραπεπήγασιν
3757 3300 3818 3353 αι

2236 3407 2457 3462 κακίαι·
2497 3405 2593 3459 καὶ
2614 3405 2703 3458 διά
2733 3402 2892 3456 τοῦτο
2915 3401 3014 3466 τὰς
3041 3399 3242 3471 ἀρετὰς
3275 3399 3325 3450 οἱ
3348 3396 3580 3466 πονηροὶ
3605 3396 3690 3460 εἰς
3717 3411 3817 3448 κα-

2236 3501 2360 3565 κίας
2394 3517 2468 3553 πα
2477 3495 2893 3570 ραγνωρίζουσι.

2309 3599 2380 3661 kv.
2433 3590 2624 3661 Ἡδονῇ
2665 3588 2698 3658 ἢ
2748 3587 2896 3660 λύπῃ
2936 3581 3266 3655 ἐγχρονίξων
3320 3582 3350 3634 ὁ
3397 3577 3547 3642 νοῦς.
3598 3575 3679 3666 Et?)
3723 3575 3824 3645 τῆς

2239 3683 2472 3754 ἁκηδίας
2501 3680 2664 3736 πάθει
2691 3681 2923 3750 τάχιστα
2952 3675 3296 3746 περιπίπτει.
3587 3671 3590 3676 ’

2309 3773 2420 3842 1.,α’.
2460 3771 2775 3842 Συνείδησις
2805 3766 3025 3837 καθαρά
3049 3765 3306 3837 διεγείρει
3323 3762 3529 3834 ψυχὴν,
3555 3759 3820 3830 λογισμὸς

2238 3868 2296 3923 δὲ
2327 3865 2570 3940 ῥυπαρὸς
2599 3861 2977 3933 καταχθονίζει
3005 3859 3198 3928 αὑτήν.

2311 3960 2417 4031 ιιβι.
2459 3955 2769 4026 Κινοὺμενα
2795 3953 2864 4006 τά
2896 3952 3042 4022 πάθη
3068 3947 3440 4003 ἀπελαύνουσι
3475 3943 3816 4011 κενοδοξίαν⁸

2242 4049 2611 4128 ἀναιρούμενα
2641 4047 2718 4114 δὲ,
2748 4045 2909 4099 πάλιν
2930 4043 3104 4114 αὐτὴν
3133 4037 3601 4111 ὑποστρέφουσιν.

2313 4243 2422 4307 ιιγα.
2464 4235 2526 4287 Εἰ
2567 4231 2784 4285 πάντων
2831 4225 2976 4297 ὁμοῦ
3025 4222 3139 4277 τῶν
3201 4218 3390 4275 παθῶν
3439 4215 3822 4307 ἀπαλλαγῆναι

2245 4304 2438 4392 θέλεις,
2463 4319 2790 4394 ἐγκράτειαν
2825 4317 2919 4370 καὶ
2950 4313 3173 4384 ἀγάπην
3205 4310 3297 4366 καὶ
3337 4306 3654 4381 προσευχὴν
3686 4304 3818 4360 ανά-

2243 4419 2400 4474 λαὸε.

633 4507 722 4563 91.
762 4508 913 4566 Mens
944 4511 1088 4582 apud
1121 4511 1294 4569 Deum
1335 4529 1544 4576 moram
1588 4516 1795 4575 faciens
1834 4523 2131 4591 precando,

2317 4512 2418 4582 ιιδν.
2455 4506 2599 4572 Νοῦς
2627 4504 2714 4559 διὰ
2747 4499 3054 4574 προσευχῆς
3085 4495 3163 4567 τῷ
3343 4491 3698 4598 ἦγχῐζτξνξξωνν
3724 4493 3818 4545 καὶ

568 4597 850 4658 aﬂ'ectivas
891 4603 1090 4660 animae
1134 4606 1280 4662 vires
1320 4622 1352 4662 a
1407 4609 1761 4678 passionibus
1804 4613 2022 4670 liberat.

640 4692 727 4746 95.
765 4692 918 4749 Sicut
963 4695 1109 4750 Deus
1148 4697 1407 4754 omnibus
1437 4716 1560 4770 quae
1604 4712 1757 4768 sunt,
1805 4704 1961 4760 dedit
1991 4723 2136 4778 esse,

569 4780 647 4837 ita
689 4792 746 4838 et
775 4784 963 4839 omnia
995 4787 1342 4856 providentia
1387 4805 1486 4846 sua
1527 4793 1692 4848 simul
1732 4795 2030 4868 colligavit.

643 4877 734 4933 96.
771 4877 838 4932 Et
872 4893 996 4934 cum
1039 4889 1186 4936 esset
1219 4881 1505 4952 Dominus,
1552 4883 1728 4941 factus
1756 4901 1948 4945 servus
1981 4905 2134 4948 sum-

572 4987 716 5027 mam
744 4987 873 5044 erga
904 4983 1189 5031 creaturas
1217 4977 1620 5047 providentiam
1651 4979 1952 5036 declaravit
1981 4985 2029 5040 ε.

643 5067 732 5123 97.
764 5067 916 5123 Deus
944 5075 1004 5123 et
1026 5069 1268 5125 Verbum
1300 5071 1509 5142 absque
1548 5073 1634 5128 sui
1665 5075 2028 5132 conversione
2056 5076 2141 5134 in-

573 5168 853 5225 carnatus,
889 5161 1038 5216 omni
1083 5170 1350 5218 creaturae
1378 5179 1477 5233 per
1509 5179 1733 5220 carnem
1768 5163 1958 5222 unitus
1996 5178 2100 5224 est.

647 5252 735 5308 98.
765 5254 971 5308 Rarum
1003 5253 1328 5310 miraculum
1371 5256 1428 5310 in
1466 5256 1606 5312 cmlo
1642 5265 1698 5312 et
1728 5258 1782 5314 in
1817 5268 1986 5325 terra,
2008 5261 2140 5332 quia

575 5344 724 5400 Deus
752 5359 919 5414 super
945 5352 1168 5413 terram,
1215 5356 1272 5402 et
1303 5347 1470 5402 homo
1507 5348 1564 5402 in
1594 5348 1778 5415 caelis;
1809 5359 1870 5405 ut
1891 5351 2145 5410 homines

579 5437 789 5510 angelis
821 5438 1250 5506 associarentur,
1293 5449 1348 5496 et
1381 5440 1533 5496 omni
1575 5451 1843 5500 creatura:
1887 5444 2148 5503 divinitas

581 5529 940 5588 tribueretur.
1919 5537 1922 5542 ’

660 5671 840 5727 ‘Luc.
871 5687 944 5729 χι.
991 5671 1074 5726 15.
1154 5674 1177 5712 ε
1204 5671 1440 5744 Philipp.
1481 5689 1538 5740 ιι,
1568 5671 1620 5725 7.

2232 4614 2296 4670 τὸ
2334 4601 2633 4674 παθητικὴν
2656 4597 2758 4667 τῆς
2790 4593 2967 4665 ψυχῆς
2993 4589 3105 4643 τῶν
3126 4586 3317 4642 παθῶν
3346 4585 3712 4674 ἀπαλλάττει.

2305 4706 2409 4770 κε’.
2458 4673 2517 4750 ’⁷0
2545 4691 2678 4753 Θεὸς
2708 4687 2770 4741 τὸ
2807 4679 2947 4737 εἶναι
2992 4681 3106 4745 τοῖς
3157 4678 3279 4733 οὖσι
3316 4673 3589 4739 δεδωκὼς,
3625 4673 3721 4726 καὶ
3753 4675 3822 4744 τῇ

2235 4791 2463 4866 προνοίᾳ
2490 4783 2654 4843 αὑτοῦ
2694 4782 2813 4854 ἅμα
2831 4778 2901 4833 τὰ
2927 4776 3106 4830 πάντα
3129 4773 3454 4843 συνέδησεν.

2305 4883 2419 4955 ις’.
2437 4859 2736 4946 *Δεσπότης
2764 4872 2821 4928 δὲ
2852 4869 3136 4940 ὑπάρχων,
3160 4865 3254 4921 καὶ
3275 4863 3463 4926 δοῦλος
3505 4859 3820 4931 γενόμενος,

2240 4981 2303 5036 τὸ
2326 4979 2494 5048 ἀκρον
2525 4973 2625 5043 τῆς
2655 4964 2910 5040 προνοίας
2939 4964 3005 5034 τῇ
3037 4960 3214 5015 κτίσει
3238 4957 3526 5048 ἐξέφηνεν.

2315 5045 2419 5139 ιιξζ
2469 5068 2529 5121 Ὃ
2554 5062 2686 5126 Θεὸς
2709 5057 2803 5114 καὶ⁸
2816 5055 2988 5124 Λόγος
3012 5051 3295 5124 ἀτρέπτων
3319 5047 3645 5120 σαρκωθεὶς,
3665 5045 3822 5117 πάσῃ

2242 5165 2311 5236 τῇ
2341 5161 2518 5216 κτίσει
2543 5155 2632 5211 διά
2659 5152 2761 5223 τῆς
2795 5147 2996 5220 σαρκὸς
3021 5142 3229 5236 won.

2315 5251 2424 5326 κη’.
2465 5249 2626 5304 Ξένον
2647 5243 2831 5314 θαῦμα
2858 5242 2916 5294 ἐν
2946 5235 3160 5310 οὐρανῷ
3180 5232 3276 5287 καὶ
3298 5231 3391 5287 ἐπὶ
3419 5230 3546 5326 γῆς,
3585 5229 3666 5326 ὅτι

2251 5317 2354 5406 ἐπὶ.
2377 5317 2508 5416 ζγῆς,
2559 5340 2660 5395 κᾶν
2685 5349 2712 5380 ι
2737 5335 3022 5407 ἄνθρωπος
3070 5330 3129 5382 ὲν
3179 5327 3459 5400 οὐρανοῖς·
3499 5323 3589 5416 ἵνα
3611 5317 3820 5416 ἀνθρῴσ

2253 5413 2692 5506 παυς-,ἀγγέλοις
2735 5426 2998 5498 συνάψας,
3051 5423 3170 5496 ἅμα
3218 5419 3366 5492 πάσῃ
3395 5419 3464 5490 τῇ
3502 5415 3680 5471 κτίσει
3727 5413 3823 5484 τὴν

2255 5534 2448 5590 θέωσιν
2473 5527 2790 5602 χαρίσηται.

2080 5736 2180 5799 ει
2233 5796 2259 5800 ,,
2312 5772 2336 5793 .-

667 5819 695 5851 ι
724 5808 851 5865 Κᾶν
883 5809 1044 5867 Forte
1069 5807 1182 5866 καί.
