4080 6282
221 391 245 443 1
256 388 351 447 437

1622 400 2009 461 CENTURIA
2046 401 2129 462 II.

3324 406 3459 471 1438

286 494 391 563 ιβ’.
443 497 738 573 ’Λγιασμὸς
784 508 876 562 καὶ
924 507 1119 573 θέωσις
1166 510 1413 581 ἀγγέλων
1440 515 1533 570 καὶ
1567 516 1779 590 ἀνθρώ·
1808 524 1852 581 Α

1952 510 2041 566 99.
2083 509 2216 564 Tam
2258 509 2578 581 angelorum
2611 529 2774 583 quam
2814 514 3103 570 hominum
3142 516 3455 573 sanctiﬁca-

217 605 355 655 πων,
390 592 423 661 ἡ
463 593 664 660 γνῶσις
695 596 795 669 τῆς
821 601 984 670 ἁγίας
1014 602 1109 657 καὶ
1140 604 1423 674 ὁμοουσίου
1446 608 1699 679 Τριάδος.

288 770 356 835 ρ’.
398 767 753 841 Συγχώρησις
802 774 1108 845 ἁμαρτιῶν,
1158 776 1347 832 παθῶν
1386 778 1535 833 ἐστιν
1576 780 1791 836 ἐλευθε-

218 858 333 926 ρία,
366 852 441 912 ὧν
471 860 500 911 ὀ
532 862 701 933 μήπω
747 864 1081 937 ἀπαλλαγεὶς
1124 868 1330 941 χάριτι,
1363 871 1465 943 τῆς
1497 876 1790 947 συγχωρή-

217 962 360 1014 σεως
382 949 533 1006 οὑπω
554 952 762 1024 ἔτυχεν.

201 1249 207 1257 η
226 1223 423 1248 ..-

1885 601 1961 656 tio
2005 610 2062 656 et
2105 601 2419 669 deiﬁcatio,
2470 612 2556 659 est
2604 614 2808 660 sanctae
2857 608 3481 680 eonsubstantialisque.

1888 692 2179 748 Trinitatis
2209 695 2471 765 cognitio.

1966 784 2085 839 100.
2114 786 2472 842 Peccatorum
2496 788 2750 844 remissio
2768 788 3083 845 libertatem
3107 792 3179 846 ab
3210 791 3460 848 affectio-

1888 876 2054 932 nibus
2082 887 2307 947 praestat
2341 896 2356 934 :
2391 896 2557 951 quam
2591 882 2686 952 qui
2716 882 2963 936 nondum
2993 898 3092 953 per
3112 883 3341 954 gratiam
3374 900 3461 940 as-

1889 978 2116 1025 secutus
2161 981 2267 1037 est,
2302 974 2373 1030 ab
2397 989 2466 1030 eo
2497 975 2667 1031 etiam
2703 984 2926 1046 peccata
2966 976 3212 1031 nondum
3244 976 3457 1033 disces-

1891 1068 2104 1114 serunt.

439 1234 1950 1272 .______._______

1404 1355 2064 1504 EKATONTAZ
2139 1421 2249 1515 B'.

1509 1576 1621 1649 Ἦς
1652 1588 1686 1660 ἡ
1717 1588 2027 1662 ἁκροστιχὶς
2053 1594 2150 1664 ἥδε

544 1722 732 1796 Εὗξαι
754 1730 907 1802 ὑπὲρ
935 1732 1101 1805 ἐμοῦ,
1136 1734 1364 1807 ἀδελφέ
1386 1740 1707 1810 τιμιώτατε,
1741 1747 1831 1801 ὅτι
1850 1749 2085 1819 μεγάλα
2124 1754 2281 1808 κακὰ
2301 1752 2621 1822 προσδοκῶ
2648 1754 2788 1820 ἄξια
2816 1754 2928 1826 τῆς
2954 1752 3105 1826 ἐμῆς

968 1831 1392 1900 προαιρέσεως,
1423 1836 1625 1904 λύπας
1648 1839 1722 1908 τῇ
1742 1840 1935 1912 ψυχῇ,
1966 1843 2066 1899 καὶ
2095 1844 2318 1915 ὀδύνας
2341 1846 2421 1914 τῷ
2449 1846 2696 1918 σώματι.

1415 2144 2025 2241 CENTURIA
2109 2155 2246 2275 ιι,

1041 2334 1212 2411 Cujus
1238 2354 1496 2396 versuum
1530 2344 1717 2413 prima:
1760 2345 1958 2401 littera:
1985 2346 2086 2402 has
2114 2362 2279 2403 voces
2316 2346 2579 2405 exhibent
2605 2364 2620 2404 :

573 2484 701 2549 Ora
730 2504 853 2568 pro
904 2508 1017 2563 me,
1061 2492 1266 2572 frater
1305 2493 1701 2572 dignissime;
1740 2499 1904 2559 mala
1950 2501 2111 2561 enim
2148 2509 2438 2579 exspecto
2474 2500 2745 2581 grandia
2785 2509 2844 2564 et
2880 2498 3076 2581 digna

800 2591 953 2653 meis
995 2590 1248 2670 studiis,
1301 2595 1601 2657 tristitiae
1640 2598 1878 2661 scilicet
1918 2600 2117 2662 animi
2154 2609 2208 2662 et
2248 2599 2497 2662 dolores
2536 2602 2849 2679 corporis.

272 2886 345 2943 α’.
389 2887 622 2953 Ἐθέλεις
650 2886 741 2957 ὑφ’
779 2888 837 2943 ἓν
866 2888 974 2942 τῶν
1006 2890 1214 2945 κακιῶν
1242 2866 1666 2964 ἀπαλλαγήναις
1694 2896 1762 2967 τῇ
1806 2898 1848 2953 Β

1945 2893 1995 2947 l.
2032 2893 2124 2948 Vis
2169 2892 2340 2949 semel
2370 2908 2402 2948 a
2448 2892 2605 2947 malis
2651 2892 2909 2948 omnibus
2954 2891 3179 2949 liberari
3218 2892 3242 2947 ?
3280 2896 3445 2951 matri

203 2984 379 3055 μητρὶ
404 2982 515 3035 τῶν
541 2980 731 3035 κακῶν
758 2984 825 3053 τῇ
860 2982 1119 3055 φιλαυτία
1154 2983 1446 3049 ἀπόταξαι.

276 3075 343 3147 β’.
386 3074 577 3143 Ὑγεία
625 3073 826 3145 ψυχῆς,
856 3074 1095 3130 ἀπάθεια
1124 3077 1218 3131 καὶ⁵
1248 3075 1472 3145 γνῶσις,
1499 3069 1568 3151 ἦς
1593 3079 1777 3148 τυχεῖν

198 3169 485 3240 ἀμήχανον
518 3166 607 3220 τὸν
630 3167 839 3238 ἡδοναῖς
867 3167 1209 3224 δουλεύοντα.

272 3260 344 3331 γ’.
380 3259 641 3331 Ξηραίνει
686 3258 785 3323 τὰς
828 3258 1023 3330 ἡδονὰς
1052 3260 1153 3323 τὰς
1202 3258 1519 3330 σωματικάς
1550 3276 1643 3324 τε,
1680 3258 1777 3313 καὶ

196 3352 441 3423 ψυχικὰς
474 3352 770 3423 ἐγκράτεια
824 3352 945 3422 μεθ’
974 3351 1272 3423 ὑπομονῆς,
1295 3353 1391 3406 καὶ
1419 3351 1606 3421 ἀγάπη
1638 3351 1776 3422 μετὰ

200 3443 615 3516 μακροθυμίας.

269 3537 335 3590 δ’.
376 3535 544 3606 Ἀρχὴ
598 3535 787 3590 κακῶν
833 3536 901 3606 τῇ
953 3534 1098 3606 ψυχῇ
1131 3535 1162 3604 ἡ
1197 3533 1451 3604 φιλαυτία
1503 3535 1725 3606 γέγονεν
1756 3554 1770 3568 ο

198 3627 464 3698 φιλαυτία
491 3628 547 3681 δέ
581 3628 784 3699 ὲστινή
813 3626 907 3680 τοῦ
943 3626 1194 3698 σώματος
1226 3626 1397 3693 φιλία.

267 3813 332 3859 ε’.
368 3806 532 3859 "tam
560 3804 655 3858 τοῦ
680 3804 903 3874 λογικοῦ
928 3804 989 3857 τὸ
1011 3804 1352 3877 ὑποταγῆναι
1374 3806 1451 3877 τῷ
1478 3808 1641 3879 λόγῳ,
1677 3808 1772 3862 καὶ

192 3896 258 3949 τδ
283 3894 607 3960 ὑποπιάσαι,
638 3894 732 3948 καὶ
760 3894 1180 3963 δουλαγωγῆσαι
1206 3896 1266 3949 τὸ
1302 3895 1484 3966 σῶμα.

272 3994 347 4053 ς’.
378 3986 574 4059 ’Υὸρις
605 3986 682 4057 τῷ
711 3985 917 4056 λογικῷ
947 3986 1285 4055 ὑποταγῆναι
1332 3988 1409 4059 τῷ
1448 3989 1649 4061 ἀλόγῳ,
1677 3989 1772 4043 καὶ

192 4080 461 4152 πρόνοιαν
490 4078 653 4133 αὑτοῦ
689 4078 958 4134 ποιεῖσθαι
988 4080 1069 4143 είς
1092 4079 1389 4151 ἐπιθυμίας
1409 4082 1659 4153 αἰσχράς.

1879 2987 2171 3051 malorum,
2204 2986 2377 3042 amori
2410 2985 2490 3040 tui
2531 2985 2703 3057 ipsius
2739 2986 3019 3041 renuntia.

1945 3080 2000 3133 2.
2026 3078 2235 3133 Animae
2291 3078 2498 3133 sanitas
2522 3084 2609 3131 est
2638 3076 3055 3147 impassibilitas
3087 3087 3144 3134 et
3185 3080 3445 3149 scientia,

1876 3187 2038 3243 quam
2067 3188 2229 3227 nemo
2254 3171 2629 3240 voluptatibus
2652 3168 2899 3224 serviens
2927 3171 3142 3241 assequi
3172 3183 3371 3242 potest.

1945 3263 1998 3315 '5.
2028 3261 2371 3316 Abstinentia
2419 3276 2544 3316 cum
2579 3260 2864 3329 patientia,
2927 3268 2983 3314 et
3027 3260 3267 3317 Charitas
3317 3279 3443 3318 cum

1876 3352 2311 3423 longanimitate,
2340 3360 2449 3405 tam
2474 3365 2773 3421 corporeas
2797 3364 2961 3419 quam
2990 3350 3257 3408 animales
3288 3354 3447 3408 volu-

1875 3454 2053 3516 ptates
2086 3445 2385 3499 exsiccant.

1945 3537 1997 3590 4.
2030 3536 2367 3605 Principium
2418 3534 2684 3589 malorum
2737 3535 2951 3598 animae,
2991 3534 3095 3589 fuit
3150 3550 3305 3589 amor
3359 3534 3446 3590 sui

1876 3628 2081 3698 ipsius;
2133 3643 2287 3682 amor
2327 3635 2511 3682 autem
2565 3627 2652 3683 sui
2710 3627 2917 3698 ipsius,
2966 3642 3120 3682 amor
3181 3636 3267 3683 est
3320 3643 3445 3683 cor-

1875 3720 2051 3791 poris.

1944 3809 1996 3863 5.
2021 3807 2311 3877 Proprium
2357 3815 2443 3861 est
2472 3805 2790 3869 rationalis,
2820 3812 2882 3859 ut
2916 3804 3117 3859 rationi
3153 3805 3443 3871 subdatur,

1873 3900 2305 3970 castigatumque
2330 3913 2535 3968 corpus
2561 3897 2615 3951 in
2652 3896 2979 3951 servitutem
3028 3896 3260 3966 redigat.

1945 3992 1999 4046 6.
2027 3991 2232 4061 lnjuria
2282 3990 2343 4045 ﬁt
2375 3988 2630 4043 rationali
2695 3987 2937 4042 hominis
2982 3987 3149 4056 parti,
3190 3988 3234 4041 si
3267 3988 3443 4059 subji—

1872 4083 2047 4139 cialur
2072 4082 2248 4136 bruta:
2276 4081 2435 4135 alteri
2471 4087 2530 4135 et
2558 4078 2793 4133 rationis
2815 4078 3051 4147 experti,
3088 4079 3441 4148 prudentiam

1874 4193 2026 4233 suam
2052 4174 2380 4230 insumendo
2416 4172 2484 4226 ad
2514 4171 2785 4242 explenda
2827 4170 3009 4239 turpia
3039 4170 3313 4225 desideria

264 4266 333 4332 ζ’.
371 4268 611 4340 Πονηρὸν
636 4267 798 4338 ἔργον
833 4268 1012 4339 ψυχῆς
1046 4267 1293 4338 λογικῆς,
1324 4264 1765 4337 καταλιμπάνειν
1795 4237 1842 4301 c

1941 4271 1994 4323 7.
2034 4268 2235 4323 Malum
2261 4265 2546 4321 rationalis
2571 4265 2767 4318 animae
2803 4278 2969 4332 opus,
3004 4272 3090 4318 est
3143 4263 3436 4333 reliquisse

188 4361 284 4415 τὸν
302 4360 604 4423 κτίσαντα,
635 4361 730 4414 καὶ
759 4360 1047 4432 λατρεύειν
1073 4359 1150 4431 τῷ
1177 4357 1411 4429 σώματι.

262 4458 337 4521 η’.
383 4451 742 4523 Ἐκελεὺσθης
768 4451 831 4505 τὸ
853 4450 1011 4519 σῶμα
1043 4449 1323 4519 ὑπηρέτην
1358 4448 1525 4519 ἔχειν,
1559 4447 1620 4501 οὑ
1658 4447 1765 4519 μὴν

186 4541 249 4594 δὲ
282 4542 403 4605 ταῖς
434 4540 649 4611 ἡδοναῖς
669 4540 835 4596 αὑτοῦ
864 4540 1018 4613 παρὰ
1040 4539 1202 4611 φύσιν
1235 4538 1529 4594 δουλεύειν.

262 4713 329 4770 θ’.
374 4716 566 4786 Ῥῆξον
610 4716 679 4770 τὰ
729 4717 905 4789 δεσμά
944 4717 1043 4789 τῆς
1086 4718 1224 4789 πρὸς
1249 4717 1309 4772 τὸ
1346 4717 1507 4790 σῶμα
1542 4717 1763 4789 φιλίας,

185 4813 289 4868 καὶ
355 4811 522 4882 μηδὲν
582 4811 869 4884 παράσχῃς
922 4812 1001 4884 τῷ
1052 4812 1243 4885 δούλῳ,
1288 4812 1317 4866 ὃ
1370 4830 1423 4866 τι
1483 4812 1561 4885 μὴ
1616 4813 1765 4867 πᾶσα

184 4904 429 4973 ἀνάγκη.

261 5002 315 5048 ι’.
349 4994 443 5064 Ἐγ
458 4994 670 5049 κλεισον
717 4994 816 5059 τὰς
863 4993 1125 5065 ἀσθήσεις
1155 4994 1213 5047 ἐν
1272 4992 1351 5061 τῷ
1386 4993 1632 5067 φρουρίῳ
1660 4995 1760 5064 τῆς

186 5080 442 5152 ἡσυχίας,
474 5083 562 5135 ἵνα
607 5082 685 5155 μὴ
713 5082 805 5137 τὸν
848 5081 973 5138 νοῦν
1006 5081 1355 5155 περισπῶσιν
1386 5084 1466 5148 εἰς
1498 5084 1593 5149 τὰς
1625 5084 1760 5149 ἰδίας

184 5172 350 5225 ἐπιθυ
358 5172 506 5242 μίας.

261 5262 351 5319 ια’.
384 5265 632 5333 Μέγιστα
660 5265 801 5319 ὅπλα
852 5265 945 5320 τοῦ
988 5265 1105 5337 μεθ’
1132 5264 1411 5336 ὑπομονῆς
1461 5267 1761 5337 ἡσυχάζον-

183 5373 299 5418 τος,
332 5356 631 5428 ἐγκράτεια
675 5358 770 5413 καὶ
807 5358 998 5429 ἀγάπη
1050 5358 1145 5411 καὶ
1195 5358 1473 5432 προσευχὴ
1501 5361 1596 5414 καὶ
1633 5360 1762 5414 ἀνά-

183 5465 408 5516 γνωσις.

257 5538 348 5608 ιβ’.
379 5540 454 5592 Οὑ
516 5540 747 5595 παύεται
798 5541 826 5593 ὁ
882 5541 1008 5605 νοῦς
1063 5542 1193 5615 περὶ
1262 5543 1361 5606 τὰς
1411 5543 1603 5613 ἡδονὰς
1660 5562 1754 5597 κυ-

184 5630 420 5695 κλεὺων,
472 5631 631 5704 ἄχρις
657 5628 718 5689 οὗ
749 5633 847 5705 τὴν
887 5633 1063 5706 σάρκα
1095 5635 1517 5707 δουλαγωγήσας
1555 5636 1757 5707 θεωρίᾳ

187 5722 529 5793 σχολάζεται.

263 5820 353 5881 ιγ’.
398 5814 570 5886 ’Υπὲρ
595 5816 702 5871 τῶν
733 5816 961 5873 ἐντολῶν
992 5817 1409 5889 ἀγωνιζώμεθα,
1441 5820 1529 5874 ἵνα
1564 5819 1751 5875 παθῶν

1867 4361 2244 4425 Conditorem,
2269 4368 2325 4414 et
2353 4358 2564 4413 servire
2597 4354 2837 4425 corpori.

1937 4454 1989 4507 8.
2023 4453 2219 4507 Jussus
2244 4466 2305 4505 es
2338 4463 2539 4517 corpus
2570 4446 2805 4500 ministri
2836 4445 2957 4499 loco
2991 4444 3217 4510 habere,
3247 4454 3303 4500 et
3326 4461 3437 4500 non

1865 4552 1928 4600 ut
1952 4543 2101 4599 illius
2129 4542 2317 4615 (supra
2338 4553 2502 4608 quam
2535 4537 2705 4607 exigit
2745 4535 2965 4604 natura)
3024 4537 3235 4591 servias
3277 4538 3436 4606 cupi-

1865 4640 2157 4697 ditatibus.

1932 4732 1986 4787 9.
2010 4727 2278 4785 Amicitiae
2303 4741 2434 4797 erga
2471 4737 2674 4794 corpus
2697 4721 2918 4776 vincula
2977 4729 3324 4791 rumpantur,
3376 4731 3433 4776 et

1864 4838 1977 4878 non
2018 4819 2302 4889 indulgeas
2324 4830 2505 4882 servo,
2559 4812 2668 4868 nisi
2701 4811 2849 4884 quod
2894 4811 3074 4867 omnis
3130 4812 3433 4867 necessitas

1865 4914 2117 4972 requirit.

1968 4933 2117 4970 1111⁸11..

1928 4933 2019 5055 ῗο.
2039 4998 2262 5056 lnclude
2298 5011 2497 5053 sensus
2526 4996 2667 5050 intra
2711 4992 2914 5063 quietis
2943 4994 3327 5059 munitionem,
3358 5008 3428 5048 ne

1863 5092 1919 5148 in
1952 5108 2049 5148 sua
2078 5089 2356 5147 desideria
2382 5095 2624 5142 mentem
2654 5084 2988 5140 distrahant.

1932 5269 2019 5324 ll.
2044 5268 2115 5325 Ut
2145 5267 2242 5323 tibi
2260 5267 2417 5338 quies
2432 5276 2487 5323 et
2505 5268 2765 5338 patientia
2796 5269 3140 5341 contingant,
3161 5271 3216 5325 in
3235 5286 3420 5338 promo

1860 5368 1956 5430 plu
1998 5360 2096 5415 tibi
2127 5359 2238 5414 sint
2283 5361 2678 5429 temperantia,
2724 5361 3036 5428 charitatis,
3095 5378 3323 5432 precum
3371 5368 3431 5416 et

1858 5451 2114 5507 lectionis
2144 5466 2315 5517 arma,
2347 5467 2479 5506 sane
2502 5453 2674 5507 multo
2701 5453 2987 5509 ﬁdissima.

1932 5543 2019 5597 12.
2045 5542 2217 5609 Mens,
2251 5543 2591 5613 voluptatum
2624 5546 2768 5600 escis
2818 5562 2955 5615 quas
2990 5544 3180 5607 ambit,
3217 5543 3426 5599 inhiare

1862 5651 1972 5690 non
2005 5642 2205 5699 cessat,
2255 5634 2433 5690 donec
2463 5651 2694 5707 corpore
2750 5639 2803 5693 in
2833 5638 3155 5694 servitutem
3202 5635 3429 5692 redacto

1861 5727 2310 5797 contemplationi
2335 5736 2514 5784 vacet.

1936 5820 2018 5876 l5.
2051 5820 2109 5875 ln
2148 5820 2440 5891 praeceptis
2475 5822 2761 5881 servandis
2809 5820 3191 5881 desudandum
3228 5828 3332 5885 est,
3369 5826 3430 5875 ut
