4080 6282
207 330 347 401 1441

1578 319 1962 386 CENTURIA
2005 319 2089 381 II.

3310 316 3441 390 ΜΩ

199 450 280 521 γή
304 463 320 478 ·
352 442 421 519 ἧς
442 442 656 527 οὐδεὶς,
684 440 1042 514 ἐπιτυγχάνει
1102 438 1233 496 ἀνευ
1267 437 1453 503 ἐλέους
1513 434 1772 510 Χριστοῦ.

1877 446 2000 487 esse
2043 429 2307 497 liberum,
2337 447 2459 502 quae
2480 434 2617 491 nulli
2644 435 2856 509 absque
2903 437 3287 497 misericordia
3309 442 3440 500 Jesu

278 646 369 700 λδ.
396 646 469 716 Γῆ
493 646 643 699 ἐστιν
671 642 1007 714 ἐπαγγελίας
1031 645 1064 713 ἡ
1090 643 1343 714 βασιλεία
1371 642 1483 697 τῶν
1510 641 1774 718 οὐρανῶν,

196 732 278 812 ἧς
305 737 566 810 πρόξενοι
611 737 853 805 γίνονται
879 735 1120 793 ἀπάθεια
1151 737 1247 790 καὶ
1274 735 1497 805 γνῶσις.

281 888 375 946 λε’.
417 889 694 959 Αἴγυπτός
741 890 857 943 ἐστι
895 888 1091 961 νοητὴ,
1117 890 1146 943 6
1189 887 1499 958 σκοτασμὺς
1536 904 1645 940 των
1672 903 1778 942 πα-

194 982 317 1036 θῶν
346 998 360 1013 ·
415 982 495 1047 είς
544 983 612 1053 ἥν
662 980 841 1044 οὐδεὶς
892 981 1311 1048 καταϐαίνει,εί
1372 981 1448 1052 μὴ
1495 979 1639 1051 λιμῷ
1677 996 1779 1032 πε-

196 1072 424 1146 ριπὲσῃ.

277 1163 362 1231 λς’
400 1163 595 1232 Λόγοις
670 1166 1059 1235 πνευματικοῖς
1120 1163 1500 1234 ὲπισυχνάσεις
1562 1162 1625 1215 τὸ
1680 1156 1773 1225 οὖς

196 1274 324 1326 σου,
356 1258 451 1312 καὶ
491 1258 769 1328 λογισμῶν
800 1258 1135 1330 ἀκαθάρτων
1173 1260 1564 1329 ἀπομακρυνεῖ
1591 1258 1619 1311 6
1649 1255 1775 1318 νοῦς

196 1367 319 1404 σου.

274 1438 375 1502 λζ’.
418 1440 648 1508 Ἀγαθδς
679 1439 775 1497 καὶ
818 1439 981 1509 σοφὸς
1013 1438 1175 1509 φύσει
1206 1438 1365 1510 μόνος
1392 1440 1422 1494 ὁ
1462 1439 1595 1504 Θεός
1620 1455 1635 1472 ο
1691 1438 1777 1508 γί⁸

201 1548 359 1586 νεται
386 1532 443 1585 δὲ
473 1534 691 1605 μεθέξει
727 1534 823 1588 καὶ
846 1535 875 1586 6
903 1532 1048 1599 νοῦς,
1076 1534 1170 1587 ἐὰν
1198 1533 1496 1605 σπουδάσῃ.

272 1728 377 1799 λη’.
407 1730 614 1800 Κράτει
655 1730 892 1802 γαστρὸς
947 1731 1042 1784 καὶ
1088 1730 1283 1795 ὕπνου,
1319 1729 1412 1783 καὶ
1444 1727 1616 1800 θυμοῦ
1637 1768 1652 1793 ,
1677 1728 1769 1783 καὶ

1878 526 2081 582 Christi
2116 525 2408 597 contingit.

1948 618 2040 673 δι.
2066 616 2237 672 Terra
2267 618 2734 687 repromissionis,
2765 635 2995 692 regnum
3019 631 3103 676 est
3131 624 3438 690 caelorum;

1879 710 1935 765 in
1958 726 2123 780 quam
2153 719 2395 765 mentem
2420 710 2688 768 inducunt
2726 713 3144 784 impossibilitas
3170 726 3227 771 et
3263 717 3445 772 scien-

1879 805 1975 859 tia.

1943 895 2326 968 55.1133yptus
2354 895 2691 965 spiritualis,
2737 898 3123 954 obtenebratio
3158 903 3447 971 perturba-

1876 988 2129 1056 tionum;
2158 989 2213 1042 in
2250 1002 2417 1057 quam
2465 1004 2651 1054 nemo,
2686 989 2794 1046 nisi
2826 1000 2989 1046 antea
3013 991 3159 1048 fame
3206 993 3442 1060 laboret,

1882 1080 2195 1136 descendit.

1951 1173 2038 1227 56.
2075 1173 2279 1228 Aurem
2314 1184 2461 1230 tuam
2518 1172 2905 1243 spiritualibus
2947 1174 3301 1229 sermonibus
3334 1174 3447 1229 fre-

1876 1272 2113 1334 quenter
2135 1266 2515 1327 accommoda,
2548 1274 2604 1319 et
2639 1274 2880 1319 mentem
2928 1265 2996 1319 ab
3024 1265 3324 1322 immundis
3356 1282 3448 1321 co-

1877 1356 2243 1426 gitationibus
2262 1358 2568 1428 elongabis.

1954 1448 2045 1502 57.
2081 1448 2247 1504 Solus
2294 1451 2441 1505 Deus
2467 1459 2663 1504 natura
2702 1448 2882 1503 bonus
2901 1456 2987 1503 est
3022 1464 3086 1503 ac
3106 1448 3360 1519 sapiens;
3388 1448 3448 1502 ﬁt

1880 1547 2068 1594 autem
2116 1556 2273 1596 mens
2321 1540 2747 1611 participatione
2794 1540 2940 1606 talis,
3001 1540 3166 1596 modo
3198 1540 3447 1595 studiosa

1876 1631 1970 1686 sit.

1947 1722 2037 1778 58.
2105 1722 2321 1792 Impera
2374 1722 2576 1785 ventri,
2620 1738 2837 1787 somno,
2890 1723 2985 1779 irae
3024 1731 3081 1779 et
3124 1723 3361 1794 linguae;
3391 1732 3449 1778 et

192 1790 489 1892 γλώσσηςό
520 1821 610 1874 καὶ
640 1790 701 1874 οῦ
737 1790 814 1893 μη
840 1790 1171 1891 π-ροσκόψεις
1200 1790 1335 1892 πρὸς
1352 1820 1499 1874 λίθον
1516 1790 1613 1874 πὸν

1882 1831 2168 1885 nunquam
2190 1790 2469 1885 impingcs
2496 1815 2565 1871 ad
2602 1814 2842 1886 lapidem
2869 1815 3065 1885 pedem
3098 1790 3280 1872 tuum.

196 1928 322 1966 σου.
1466 1936 1479 1949 .

270 2000 373 2055 λθ’.
433 1999 726 2070 Ἀγωνίζου
782 2000 1072 2073 ἀγαπῆσαι
1136 2000 1314 2055 πάντα
1374 2000 1661 2071 ἄνθρωπον
1713 1999 1774 2066 ἐξ

194 2092 339 2157 ῖσου,
377 2092 471 2145 καὶ
498 2090 824 2155 ἀπελαύνεις
854 2092 1156 2164 συλλήϐδην
1185 2092 1364 2146 πάντα
1390 2092 1458 2146 τὰ
1497 2093 1663 2163 πάθη.

270 2189 346 2253 μ’.
379 2183 551 2252 Κοινὴ
580 2180 671 2235 νοῦ
696 2182 792 2235 καὶ
817 2181 1123 2251 αἰσθήσεως
1147 2183 1179 2253 ἡ
1214 2182 1417 2253 Θεωρία
1443 2181 1550 2234 τῶν
1579 2179 1772 2250 αἰσθη-

190 2276 308 2329 τῶν
341 2292 356 2306 ο
397 2275 504 2329 ἰδία
524 2274 580 2328 δὲ
608 2274 704 2328 τοῦ
733 2272 826 2328 νοῦ
858 2275 891 2345 ὴ
925 2274 1125 2343 γνῶσις
1154 2273 1262 2327 τῶν
1287 2274 1507 2345 νοητῶν.

268 2440 384 2503 μα’.
426 2432 715 2488 Ἀδύνατον
753 2434 844 2488 τὸν
894 2431 1021 2486 νοῦν
1085 2431 1343 2502 σχολάσαι
1386 2432 1500 2494 τοῖς
1540 2431 1770 2497 νοητοῖς,

190 2528 241 2579 εί
276 2526 355 2596 μὴ
388 2526 486 2597 τὴν
520 2527 704 2595 σχέσιν
740 2525 840 2598 τὴν
889 2526 1025 2597 πρὸς
1083 2523 1184 2595 τὴν
1231 2522 1487 2594 αἴσθησιν
1513 2563 1527 2589 ,
1564 2522 1661 2574 καὶ
1707 2520 1775 2575 τὰ

189 2616 435 2688 αἰσθητά
463 2617 734 2689 ἀποκόψῃ.

273 2708 386 2779 μβ’.
423 2709 809 2780 Προσπάθειαν
860 2706 1152 2779 φυσικὴνὴ
1182 2706 1434 2778 αἴσθησις
1479 2703 1595 2775 ἔχει
1636 2702 1774 2776 πρὸς

190 2803 262 2854 τὰ
284 2798 545 2870 αἰσθητά,
570 2799 668 2853 καὶ
703 2798 1069 2869 συμπερισπᾷ
1098 2796 1190 2850 τὸν
1222 2795 1347 2851 νοῦν
1379 2794 1772 2865 περισπωμένη

193 2892 329 2963 περὶ
360 2892 521 2945 αὑτά.

271 2980 381 3055 μγ’.
420 2981 605 3053 Ῥίιξιον
628 2982 728 3052 τὴν
753 2979 1005 3050 αἴσθησιν
1033 2980 1162 3051 περὶ
1200 2979 1299 3050 τὴν
1327 2977 1421 3033 τοῦ
1446 2975 1538 3031 νοῦ
1570 2977 1773 3047 ὑπουρ-

1943 1969 2033 2025 59.
2056 1969 2281 2026 Enitere
2300 1979 2367 2027 ut
2399 1986 2593 2027 omnes
2628 1954 2885 2028 homines
2907 1973 3195 2043 aequaliter
3217 1971 3445 2045 diligas,

1872 2063 2272 2133 passionesque
2302 2079 2499 2118 omnes
2518 2064 2681 2119 simul
2708 2080 2737 2119 a
2765 2074 2817 2120 te
2857 2065 3068 2151 apiges.

1945 2152 2035 2207 40.
2074 2152 2431 2207 Sensibilium
2479 2169 2663 2208 rerum
2697 2156 3092 2225 contemplatio
3134 2156 3448 2212 communis

1872 2252 1958 2299 est
1990 2244 2162 2298 menti
2189 2253 2246 2299 et
2270 2249 2496 2311 sensui;
2532 2246 2996 2303 intellectualium
3039 2258 3221 2303 autelr
3259 2248 3447 2305 scieno

1876 2336 1950 2389 tia
1975 2335 2075 2389 soli
2108 2337 2281 2391 menti
2323 2338 2603 2392 convenit.

1945 2427 2033 2481 4|.
2066 2427 2415 2498 lmpossibile
2470 2440 2555 2485 est
2589 2441 2832 2487 mentem
2866 2448 3061 2488 vacare
3096 2432 3446 2490 intellectua-

1872 2517 2039 2583 libus,
2072 2520 2177 2574 nisi
2203 2521 2507 2577 amicitiam
2541 2538 2671 2596 erga
2697 2541 2896 2582 sensus
2941 2536 2997 2583 ct
3037 2527 3323 2584 sensibilia
3345 2544 3447 2584 an-

1874 2619 1963 2663 tea
1996 2612 2315 2680 amputarit.

1946 2701 2035 2756 42.
2098 2703 2304 2760 Sensus
2347 2715 2548 2761 natura
2600 2707 2965 2765 sensibilibus
3028 2711 3303 2778 afﬁcitur;
3349 2714 3447 2769 sed

1874 2807 2002 2849 cum
2030 2794 2177 2851 circa
2208 2812 2271 2851 ea
2300 2798 2652 2869 distrahitur,
2679 2801 3013 2858 distrahitur
3050 2814 3107 2860 et
3159 2820 3337 2861 mens.

1947 2989 2034 3044 45.
2059 2985 2206 3058 Coge
2228 3003 2426 3044 sensus
2452 2989 2506 3044 in
2524 2990 2725 3047 mentis
2756 2990 3108 3062 obsequium,
3133 3001 3191 3049 et
3213 3006 3324 3049 non
3349 2991 3450 3048 des

195 3079 327 3147 γίαν
354 3117 370 3143 ,
412 3078 507 3130 καὶ
545 3076 620 3147 μὴ
651 3075 758 3146 δῷς
788 3076 925 3146 αὐτῇ
958 3075 1147 3145 καιρὸν
1179 3074 1641 3146 άπιπερισπᾶσαι
1674 3070 1773 3124 αὑ·-

1877 3079 2012 3151 ipsis
2034 3080 2385 3135 occasionem
2415 3097 2535 3137 eam
2563 3081 2928 3139 distrahendi.

190 3171 307 3224 ⁸εόν.

280 3260 385 3332 μδ’.
414 3261 584 3315 Ὅταν
630 3259 813 3330 συμϐῇ
839 3258 930 3312 τδν
961 3257 1084 3312 νοῦν
1123 3256 1385 3329 σχολάσαι
1438 3257 1550 3318 τοῖς
1582 3253 1767 3326 αἰσθη-

190 3357 333 3421 τοῖς,
358 3354 728 3425 ἀντιπερίσπα
761 3353 861 3424 τὴν
907 3352 1181 3425 αἴσθησιν,
1209 3352 1346 3424 πρὸς
1383 3350 1507 3405 νοῦν
1555 3348 1773 3418 ἀνάγων

192 3446 267 3502 τὰ
296 3447 698 3518 παρακείμενα.

272 3538 380 3611 με’.
412 3538 667 3609 Σημεῖον,
698 3538 779 3592 ὅτι
806 3537 1057 3609 σχολάζει
1084 3538 1112 3592 6
1137 3535 1261 3599 νοῦς
1303 3535 1434 3608 περὶ
1480 3533 1551 3589 τὰ
1580 3531 1768 3605 νοητὰ,

191 3631 259 3685 τὸ
318 3632 536 3685 πάντων
596 3631 956 3702 καταφρονεῖν
1015 3629 1118 3683 τῶν
1174 3628 1275 3702 τὴν
1333 3627 1586 3699 αἴσθησιν
1651 3642 1773 3678 σαι-

192 3724 422 3779 νόντων.

270 3820 391 3885 μς’.
428 3813 840 3886 Διανοιγόμενος
883 3815 911 3868 6
936 3813 1061 3880 νοῦς
1092 3815 1223 3887 περὶ
1270 3813 1368 3884 τὴν
1415 3812 1522 3865 τῶν
1565 3810 1772 3883 νοητῶν

198 3907 491 3979 θεωρίαν,
552 3907 1004 3962 δυσαπόστασειον
1088 3908 1201 3979 ἔχει
1262 3907 1361 3979 τὴν
1424 3907 1555 3978 περὶ
1634 3904 1775 3960 αὐτά

196 3999 426 4072 ἡδονήν.
1532 4022 1535 4025 ›

272 4090 385 4163 μζκ
417 4090 587 4144 Ὅταν
637 4092 666 4144 6
729 4092 855 4155 νοῦς
908 4092 1191 4166 πλουτήσῃ
1242 4090 1341 4164 τὴν
1384 4091 1483 4161 τῆς
1542 4088 1773 4159 μονάδος

192 4182 426 4252 γνῶσιν,
460 4182 583 4236 τότε
610 4184 704 4237 καὶ
730 4183 828 4255 τὴν
858 4183 1116 4256 αἴσθησιν
1160 4184 1337 4256 πάντη
1365 4181 1774 4254 δεδουλωμένην

193 4276 336 4348 ἔχει.

274 4399 391 4465 μηῆ
421 4391 612 4448 Κὼλυε
648 4392 742 4447 τὸν
778 4390 905 4447 νοῦν
935 4406 1032 4445 σου
1064 4389 1351 4445 κυκλεύειν
1411 4389 1480 4443 τά
1516 4388 1772 4459 αἰσθητὰ,

196 4485 292 4540 ινα
324 4484 400 4556 μὴ
431 4482 624 4556 ἡδονάς
652 4484 749 4539 καὶ
775 4481 956 4545 λύπας
979 4483 1037 4535 ἐν
1066 4480 1249 4544 αὐτοῖς
1287 4477 1672 4551 καρπὼσηται.

283 4687 391 4759 μθθ.
426 4682 528 4743 ’Ὧν
555 4690 582 4743 6
612 4687 737 4753 νοῦς
762 4688 820 4741 ὲν
841 4690 956 4751 τοῖς
976 4687 1141 4751 θείοις
1174 4686 1424 4759 σχολάζει
1463 4685 1776 4750 διαπαντὸς,

196 4782 410 4839 τούτων
475 4784 571 4837 καὶ
614 4781 678 4835 τὸ
733 4781 1034 4853 παθητικὸν
1094 4782 1263 4853 μέρος
1338 4780 1482 4835 θεῖον
1556 4781 1779 4852 γέγονεν

198 4876 387 4931 ὅπλον.

275 4972 337 5021 ν’.
383 4963 669 5020 Ἀδύνατον
718 4964 811 5018 τδν
856 4964 983 5019 νοῦν
1022 4967 1087 5035 τῇ
1120 4963 1320 5034 γνώσει
1367 4966 1691 5036 ποιωθῆναι,
1730 4966 1779 5019 εἰ

203 5060 282 5133 μὴ
307 5058 571 5130 πρότερον
600 5057 663 5111 τὸ
705 5056 1005 5129 παθητικὸν
1032 5059 1153 5121 ταῖς
1200 5056 1428 5122 οἰκείαις
1459 5060 1681 5129 ἀρεταῖς
1721 5058 1780 5126 ἐξ

204 5150 373 5206 αὐτοῦ
406 5150 656 5205 πελάσει.

277 5261 379 5318 να’.
410 5260 573 5327 Ξένος
624 5260 736 5315 τῶν
783 5260 881 5317 τοῦ
925 5262 1130 5333 κόσμου
1163 5261 1191 5315 6
1219 5260 1344 5325 νοῦς
1377 5262 1497 5316 τότε
1546 5261 1775 5329 γίνεται,

203 5362 334 5415 ὅταν
378 5356 479 5427 τὴν
532 5354 669 5427 πρὸς
717 5356 816 5427 τὴν
842 5353 1095 5427 αἴσθησιν
1121 5355 1304 5426 σχέσιν
1330 5355 1611 5419 παντελῶς
1640 5357 1780 5409 ἁπο-

205 5453 370 5525 κόψῃ.

280 5570 381 5641 νβ’.
418 5570 579 5626 ’Ἰδιον
625 5566 718 5622 τοῦ
758 5560 1071 5633 λογιστικοῦ
1117 5559 1216 5631 τῆς
1262 5560 1464 5633 ψυχῆς,
1499 5560 1779 5632 σχολάζειν

206 5661 409 5732 γνώσει
458 5659 594 5715 Θεοῦ
622 5675 635 5690 ·
667 5656 761 5712 τοῦ
796 5654 859 5725 ,δὲ
905 5649 1210 5721 παθητικοῦ
1248 5652 1439 5723 αὐτῆς,
1469 5651 1659 5723 ἀγάπη
1687 5655 1777 5707 καὶ

207 5753 521 5826 ἐγκράτεια.

1940 3254 2033 3308 44.
2082 3253 2314 3320 Quando
2362 3262 2602 3311 mentem
2661 3257 3022 3314 sensibilibus
3074 3275 3273 3315 vacare
3315 3274 3448 3315 con-

1873 3346 2061 3417 tingit,
2115 3346 2325 3402 obsiste
2389 3348 2681 3413 sensibus,
2719 3357 2777 3403 et
2834 3348 3051 3421 objecta
3097 3350 3153 3405 in
3205 3360 3447 3405 mentem

1870 3438 2106 3494 subduc.

1939 3531 2030 3585 45.
2062 3530 2289 3602 Signum
2339 3530 2540 3585 mentis
2568 3530 2714 3587 circa
2746 3531 3109 3603 intelligibilia
3153 3547 3445 3603 occupare,

1871 3630 1955 3677 est
1985 3620 2325 3677 ﬂoccifacerc
2350 3621 2531 3675 omnia
2562 3637 2682 3691 qua:
2703 3636 2898 3678 sensus
2937 3624 3245 3703 oblectant:

1942 3802 2032 3858 46.
2090 3802 2368 3873 Occupata
2408 3819 2565 3859 mens
2624 3804 2678 3859 in
2732 3805 3198 3875 contemplatione
3248 3821 3444 3862 eorum

1873 3909 1996 3964 qua:
2028 3903 2179 3961 sunt,
2204 3894 2438 3950 solidam
2476 3894 2531 3950 in
2558 3896 2640 3951 eis
2664 3895 3003 3965 voluptatem
3024 3897 3335 3966 experitur.

1946 4090 2036 4145 47.
2081 4088 2311 4157 Quando
2352 4104 2510 4146 mens
2547 4089 2782 4146 unitatis
2835 4090 3069 4145 scicntia
3115 4090 3450 4160 locupletata

1872 4180 2061 4247 fuerit,
2097 4191 2226 4238 tunc
2257 4198 2457 4240 sensus
2492 4184 2722 4239 omnino
2747 4182 2802 4237 in
2838 4182 3163 4238 servitutem
3198 4183 3451 4238 redactos

1875 4283 2045 4331 tenet.

1948 4392 2038 4446 48.
2080 4392 2324 4448 Prohibe
2353 4402 2595 4449 mentem
2647 4402 2798 4448 tuam
2840 4390 3050 4448 circum
3085 4390 3311 4447 sensilia
3350 4406 3448 4445 va-

1811 4479 1857 4534 D
1888 4484 2027 4552 gari,
2063 4500 2132 4538 ne
2167 4485 2513 4554 voluptatum
2545 4484 2787 4540 tristitiae
2829 4483 3043 4539 fructus
3059 4482 3227 4538 simul
3268 4498 3340 4546 ex
3364 4482 3449 4537 eis

1877 4574 2157 4643 decerpat.

1951 4687 2040 4742 49.
2084 4685 2331 4753 Quorum
2359 4700 2514 4741 mens
2538 4692 2805 4755 perpetuo
2838 4685 3045 4740 divinis
3077 4695 3258 4753 vacat,
3292 4687 3361 4743 iis
3385 4697 3445 4744 et

1878 4775 2145 4831 aﬂ‘ectiva:
2168 4776 2365 4831 anima!
2394 4776 2541 4831 vires
2596 4774 2783 4831 divina
2814 4773 2955 4829 ﬁunt
2984 4790 3158 4830 arma.

1947 4970 2035 5027 50.
2064 4971 2407 5042 lmpossibile
2426 4984 2511 5029 est
2540 4982 2782 5029 mentem
2814 4971 3045 5028 scientia
3094 4969 3305 5040 perﬁci,
3340 4970 3449 5026 nisi

1882 5066 2041 5133 prius
2069 5062 2324 5121 οπεοιὶιά
2343 5137 2356 5148 ⁶
2375 5067 2569 5121 animm
2591 5066 2773 5136 portio
2798 5065 2914 5120 suis
2939 5065 3298 5120 admoveatur
3344 5066 3455 5121 vir-

1882 5155 2114 5212 tutibus.

1956 5268 2045 5323 51.
2075 5269 2226 5324 Mens
2282 5284 2394 5324 non
2441 5279 2602 5324 antea
2630 5269 2738 5325 erit
2767 5271 3059 5343 peregrina
3112 5286 3303 5329 eorum
3331 5288 3453 5342 quae

1886 5370 2019 5416 sunt
2057 5360 2111 5413 in
2139 5360 2244 5414 hoc
2271 5360 2496 5423 mundo,
2530 5360 2637 5415 nisi
2664 5362 2842 5416 modis
2864 5362 3123 5417 omnibus
3149 5363 3451 5418 amicitiam

1884 5466 2014 5522 erga
2041 5466 2236 5506 sensus
2253 5453 2581 5507 rcsecuerit.

1954 5564 2041 5619 52.
2072 5565 2365 5634 Pmprinm
2414 5576 2499 5620 est
2521 5566 2774 5621 rationali
2807 5567 3044 5637 portioni
3110 5564 3327 5629 animae,
3355 5580 3451 5618 va.-

1882 5671 2008 5711 care
2031 5656 2330 5725 cognitioni
2357 5656 2702 5721 Dei;activa:
2754 5668 2961 5727 autem,
3021 5658 3347 5714 cltaritatem
3394 5664 3453 5711 et

1884 5747 2279 5806 continentiam
2315 5750 2637 5818 amplexari.
