4080 6282
646 302 785 369 1443
1899 300 2302 361 THALASSII
2343 301 2661 362 ABBATIS
3786 303 3911 368 14M

713 421 804 477 53.
851 417 972 474 Non
1004 421 1189 488 potest
1215 429 1378 471 mens
1406 413 1490 469 rei
1548 412 1740 470 sensili
1775 412 1869 468 diu
1917 413 2225 482 immorari,
2256 419 2303 475 Α

2299 465 2303 474 .
2397 415 2498 486 νγ⁰.
2537 415 2826 471 ’Δδύνατον
2844 416 2936 470 τὸν
2953 415 3077 471 νοῦν
3099 420 3390 488 πράγματι
3416 417 3701 491 χρονίζειν
3729 423 3910 493 αἰσθη-

646 512 754 569 nisi
789 509 1019 565 omnino
1058 506 1127 562 ad
1163 506 1314 562 illam
1336 504 1624 560 afﬁciatur.
2198 532 2200 534 τ

2198 532 2200 534 τ
2328 508 2426 580 τῷ,
2464 510 2516 563 εἰ
2576 509 2651 582 μὴ
2705 509 2926 574 πάντως
2953 511 3129 575 πάθος
3159 513 3428 582 κέκτηται
3456 513 3600 582 πρὸς
3622 514 3779 569 αὑτό.

716 603 806 659 54.
857 600 1011 656 Mens
1053 597 1305 669 perfecta
1339 604 1425 652 est
1477 611 1647 667 quam
1702 595 1937 653 scientia
1966 594 2224 666 perlicit;

2399 597 2493 651 v6'.
2523 597 2741 662 Τέλειος
2793 598 2946 652 ἐστιν
2974 601 3003 653 6
3035 601 3162 664 νοῦς
3195 603 3226 655 6
3270 601 3531 666 ποιωθεὶς
3570 606 3642 674 τῇ
3695 604 3911 672 γνώσει.

643 695 828 752 anima
862 707 999 748 vero
1021 689 1328 747 virtutibus
1351 688 1632 743 roborata.

2327 688 2476 760 ψυχὴ
2501 687 2558 742 δέ
2591 689 2709 742 ἐστι
2745 689 2949 757 τελεία,
2980 691 3016 762 ὴ
3074 693 3198 756 ταῖς
3243 693 3469 764 ἀρεταῖς
3515 696 3915 766 ἀνακραθεῖςα.

716 791 805 846 55.
833 787 1034 844 Mentis
1059 801 1186 842 eum
1211 783 1470 840 sensibus
1491 781 1895 847 amicitia,eam
1923 778 2057 836 facit
2080 796 2230 836 man-

2401 788 2495 838 νε’.
2541 782 2606 836 Ἦ
2653 782 2794 854 πρὸς
2824 783 2924 854 τὴν
2954 784 3208 857 αἴσθησιν
3245 786 3430 858 σχέσις
3458 788 3558 842 τοῦ
3593 789 3715 857 νοῦ,
3744 789 3918 844 δοῦλον

645 885 857 955 cipium
887 893 1287 951 corporearum
1319 876 1692 946 voluptatum.

2329 873 2497 928 αὐτὸν
2522 873 2818 946 καθίστησι
2848 875 2962 930 τῶν
2983 877 3079 930 τοῦ
3107 875 3364 948 σώματος
3385 879 3619 950 ἡδονῶν.

719 974 809 1029 56.
863 969 1098 1039 Quando
1153 984 1187 1024 a
1247 965 1558 1021 virtutibus
1614 964 1734 1020 suis
1780 962 2053 1019 affectivze
2077 962 2230 1018 vires

2399 972 2508 1032 νς’.
2539 965 2836 1021 Σαλεύεται
2869 970 2900 1022 6
2931 967 3056 1033 νοῦς
3089 970 3156 1023 ἐκ
3182 969 3280 1024 τοῦ
3307 972 3477 1025 τόπου
3507 973 3612 1044 τῆς
3641 973 3919 1042 fuissem;

647 1073 967 1128 moventur,
1033 1070 1166 1117 tunc
1213 1060 1385 1116 etiam
1428 1073 1588 1115 mens
1616 1074 1649 1114 a
1699 1058 1944 1114 scientiae
1972 1072 2087 1114 suae
2107 1057 2230 1113 loco

2328 1057 2420 1110 ὅτε
2473 1055 2536 1109 τὸ
2592 1055 2898 1128 παθητικὸν
2925 1059 3093 1114 αὐτοῦ
3139 1061 3337 1133 κινηθῇ
3371 1063 3438 1116 ἐκ
3459 1063 3571 1116 τῶν
3605 1063 3762 1118 ίδίων
3797 1065 3917 1136 ἀρε-

646 1157 995 1213 deturbatur.
2327 1148 2459 1205 τῶν.

722 1250 812 1304 57.
835 1245 1163 1317 Accepimus
1187 1252 1522 1316 potestatem
1554 1243 1701 1298 ﬁlios
1741 1243 1840 1298 Dei
1877 1241 2003 1298 ﬁeri
2035 1243 2052 1284 ί
2084 1258 2100 1309 ;
2133 1240 2232 1298 sed

2402 1238 2501 1306 νζ.
2555 1241 2858 1314 Ἐλάϐομεν
2907 1243 3163 1311 ἐξουσίαν
3215 1243 3387 1300 τέκνα
3418 1246 3688 1315 γενέσθαι
3744 1247 3918 1302 Θεοῦέ

649 1361 760 1403 non
790 1344 1018 1410 erimus,
1052 1340 1161 1397 nisi
1195 1340 1524 1396 affectiones
1551 1336 1892 1393 exuerimus.

2331 1334 2394 1388 οὐ
2427 1335 2694 1407 γινόμεθα
2711 1336 2769 1390 δὲ
2800 1336 2850 1390 εί
2884 1337 2960 1407 μὴ
2981 1337 3053 1392 τὰ
3085 1337 3232 1409 πάθη
3264 1339 3698 1411 ἀποδυσώμεθα.

716 1438 805 1494 58.
835 1436 1037 1492 Nullus
1059 1449 1118 1490 se
1138 1441 1302 1504 putet
1325 1431 1502 1486 illium
1526 1430 1625 1485 Dei
1654 1429 1884 1494 factum,
1909 1424 2234 1483 efﬁcaciter-

2404 1434 2507 1498 νη’.
2543 1429 2751 1500 Μηδεὶς
2807 1430 3007 1484 οίέσθω
3059 1431 3252 1485 τέκνον
3297 1431 3435 1486 Θεοῦ
3482 1436 3608 1487 κατ’
3638 1435 3921 1506 ἐνέργειαν

647 1547 756 1602 que
785 1531 962 1586 Deum
997 1529 1056 1583 in
1089 1542 1150 1584 se
1176 1525 1424 1598 operari,
1463 1524 1513 1580 si
1548 1537 1662 1580 non
1684 1521 1907 1578 divinos
1949 1520 2235 1576 characte-

2331 1519 2637 1588 γεγονέναι,
2677 1521 2847 1592 μήπω
2878 1524 3007 1586 τοὺς
3036 1522 3215 1588 θείους
3253 1528 3618 1598 χαρακτῆρας
3648 1529 3713 1581 ἐν
3744 1529 3916 1601 ἐαυτῷ

648 1638 740 1678 res
770 1622 915 1677 intra
939 1636 997 1676 se
1022 1617 1358 1691 possederit.

1085 1617 1358 1675 issederit.
2333 1612 2696 1683 κτησάμενος.

717 1715 806 1770 59.
858 1711 1178 1770 Similitudo
1227 1725 1449 1766 morum
1499 1709 1587 1767 vel
1630 1707 1909 1764 bonorum
1933 1704 2022 1762 vel
2061 1703 2235 1759 malo-
2263 1775 2303 1784 _

2406 1703 2505 1760 νϐ’.
2549 1705 2615 1758 Ἢ
2660 1704 2804 1760 κατὰ
2833 1705 2925 1760 τὸν
2963 1707 3166 1779 τρόπον
3197 1709 3458 1780 ὁμοίωσις
3483 1710 3582 1764 τοῦ
3616 1712 3854 1780 ἀγαθοῦ,
3886 1715 3913 1784 ἦ

652 1822 777 1862 rum
808 1805 953 1861 filios
987 1803 1121 1863 facit
1148 1801 1236 1858 vel
1267 1800 1367 1858 Dei
1403 1800 1487 1857 vel
1511 1798 1750 1856 Satanaa.
2261 1827 2263 1834 ι

2305 1786 2430 1849 λτοῦ
2463 1796 2731 1869 πονηροῦ,
2775 1798 2808 1870 ἦ
2843 1797 2940 1852 τοῦ
2977 1775 3114 1853 Θεοῦ
3149 1775 3330 1869 υίοῦς,
3360 1802 3395 1874 ἢ
3419 1803 3514 1856 τοῦ
3552 1775 3783 1860 Σατανᾶ
3821 1775 3916 1860 ἀτί

2335 1887 2649 1958 εργὰζεται.

720 1978 808 2036 60.
861 1979 960 2034 Vir
1003 1976 1321 2050 intelligens
1363 1980 1473 2042 est,
1509 1973 1606 2045 qui
1639 1988 1700 2029 se
1726 1972 1913 2043 ipsum
1977 1971 2234 2038 attendit,

2409 1979 2472 2044 ξ’.
2509 1980 2738 2047 Συνετὸς
2785 1981 2925 2054 ἀνὴρ
2956 1985 2983 2037 6
3015 1983 3301 2056 προσέχων
3355 1986 3558 2058 ἐαυτῷ,
3597 1989 3697 2042 καὶ
3757 1991 3917 2044 σπεύ-

650 2084 709 2129 et
751 2072 978 2129 festinat
1032 2071 1329 2140 studetque
1381 2068 1452 2124 ab
1499 2066 1652 2122 omni
1700 2064 2122 2136 inquinamento
2148 2079 2239 2120 se-

1884 2074 2122 2120 tamento
2148 2079 2239 2120 se-
2336 2072 2444 2127 δων
2470 2075 2807 2148 χωρισθῆναι
2827 2075 2939 2130 ἀπὸ
2965 2077 3165 2142 παντὸς
3195 2079 3495 2151 μολυσμοῦ.

654 2181 862 2237 parari.

720 2257 809 2312 61.
844 2254 1131 2312 Obczecata
1178 2255 1385 2318 anima,
1421 2253 1590 2308 etiam
1632 2251 1766 2304 dum
1814 2247 2064 2317 vapulat,
2125 2260 2240 2301 non

2411 2251 2516 2317 ξαθ.
2553 2253 2948 2326 Πεπωρωμένη
2988 2254 3158 2327 ψυχὴ,
3199 2257 3571 2330 μαστιζομένη
3595 2259 3700 2313 ούκ
3735 2262 3922 2317 αἰσθό-

655 2350 846 2415 sentit,
880 2346 1406 2416 benefactoremque
1429 2358 1729 2416 agnoscere
1766 2341 1974 2397 renuit.

2339 2362 2510 2411 νεται,
2561 2347 2656 2400 καὶ
2701 2348 2783 2410 είς
2843 2347 3202 2420 συναίσθησιν
3257 2348 3434 2403 ἐλθεῖν
3489 2351 3586 2404 τοῦ
3635 2354 3919 2424 εὐεργέτου

709 2457 712 2460 ·
2342 2438 2444 2492 οὐκ
2477 2437 2756 2508 ἀνέχεται.

730 2529 820 2585 62.
853 2524 1090 2584 Sordida
1115 2524 1288 2580 vestis
1318 2538 1349 2579 e
1381 2522 1590 2579 divinis
1619 2519 1834 2591 nuptiis
1860 2518 2036 2590 ejicit,
2082 2525 2240 2573 exte-

2415 2529 2514 2602 ξβ’.
2559 2531 2812 2603 Ῥυπαρά
2840 2531 3005 2605 ἐσθὴς
3037 2533 3201 2588 θείων
3225 2535 3422 2606 γάμων
3450 2535 3806 2602 ἐκϐάλλεται,
3836 2542 3921 2592 ut,

658 2620 986 2688 riorumque
1023 2616 1380 2671 tenebrarum
1422 2613 1752 2685 participem
1788 2607 1992 2665 faciti.

1991 2652 1992 2659 ι
2079 2700 2086 2702 Α
2342 2623 2601 2678 κοινωνὸν
2630 2623 3015 2695 ἀπεργάζεται
3049 2626 3277 2692 σκότους
3315 2628 3602 2702 ἐξωτέρου,

726 2712 818 2768 63.
850 2710 955 2778 Qui
986 2709 1144 2764 timet
1177 2708 1376 2772 Deum,
1409 2707 1494 2762 sui
1534 2705 1713 2778 ipsius
1743 2717 1936 2760 curam
1972 2700 2139 2773 gerit,
2185 2711 2244 2758 et

2416 2713 2516 2785 εί·
2564 2717 2622 2770 Ὁ
2678 2718 3019 2789 φοϐούμενος
3081 2719 3175 2774 τὸν
3231 2721 3382 2788 Θεὸν,
3415 2700 3772 2794 ἐπιμελεῖται
3835 2727 3921 2794 τῆς

658 2823 690 2862 a
711 2821 884 2880 pravo
904 2803 1192 2869 consortio
1210 2819 1270 2860 se
1285 2803 1514 2859 alienat.

2344 2809 2544 2864 ἑαυτοῦ
2599 2810 2801 2883 ψυχῆς,
2834 2814 2930 2869 καὶ
2974 2816 3221 2887 πονηρᾶς
3269 2816 3555 2882 κοινωνίας
3592 2820 3921 2875 ἀπαλλάττει

2345 2902 2558 2958 ἑαυτόν.

734 2988 822 3047 64.
852 2985 1202 3060 lmposslbile
1225 2995 1312 3042 est
1353 2981 1799 3039 misericordiam
1828 2997 1860 3037 a
1881 2982 1994 3036 Deo
2017 2979 2244 3050 assequi

2417 2995 2510 3064 ξδ’.
2559 2997 2867 3070 Ἀμήχανόν
2897 3000 3015 3053 ἐστι
3039 3002 3226 3070 τυχεῖν
3254 3000 3440 3066 ἐλέους
3461 3002 3600 3057 Θεοῦ
3638 3005 3734 3060 τὸν
3765 3023 3920 3060 κατα-

658 3097 822 3148 ευωι
893 3081 991 3152 qui
1055 3081 1238 3151 ipsum
1287 3075 1688 3148 (Ῐθτθιίίὶυθτίιν
1750 3082 1808 3131 ει
1864 3071 2246 3144 νοιυρῑδῑίδυε
2270 3135 2316 3164 η
2347 3087 2602 3145 λείπεντα
2629 3091 2813 3159 αὑτὸν,
2844 3092 2938 3146 καὶ
2964 3092 3182 3164 ἡδοναῖς
3215 3093 3566 3152 δουλεύοντα.

661 3174 858 3230 servit.
1407 3183 1418 3190 '
2270 3135 2318 3196 ϐ

731 3265 822 3321 65.
853 3263 1145 3319 Neminem
1187 3277 1354 3333 posse
1405 3260 1625 3315 duobus
1653 3256 1897 3313 dominis
1949 3255 2160 3311 servire
2197 3253 2244 3321 ιι,

2420 3272 2514 3342 ξε¹.
2554 3273 2765 3346 Ἰησοῦς
2793 3275 2944 3330 ἐστιν
2969 3277 2996 3330 6
3019 3275 3220 3346 λέγων,
3285 3277 3389 3332 κᾶν
3417 3280 3711 3333 πιστεύειν
3742 3283 3805 3335 ού
3852 3283 3923 3336 θέ-

661 3376 693 3416 a
726 3360 860 3416 Jesu
894 3358 1232 3423 dictumest,
1261 3354 1478 3410 etiamsi
1506 3352 1734 3409 credere
1775 3351 2037 3405 nolimus.
2346 3363 2548 3437 λωμεν,
2578 3366 2662 3419 ὅτι
2689 3366 2864 3432 οὐδεὶς
2891 3365 3113 3422 δύναται
3143 3367 3265 3422 δυσὶ
3295 3369 3506 3440 κυρίοις
3539 3369 3823 3425 δουλεύειν
3846 3414 3861 3425 _

731 3449 822 3506 66.
846 3449 1045 3505 Anima
1093 3445 1498 3503 affectionibus
1531 3443 1755 3499 sordida
1794 3441 1934 3498 adeo
1972 3441 2246 3496 obcaecata

2419 3457 2529 3525 ξς’.
2571 3458 2919 3514 Ῥυπωθεῖσα
2972 3461 3144 3534 ψυχὴ,
3176 3462 3285 3516 ἀπὸ
3327 3461 3518 3516 παθῶν
3567 3463 3918 3535 πεπώρωται,

660 3553 768 3613 est,
792 3551 854 3598 ut
880 3543 989 3598 nisi
1016 3549 1237 3598 secetur
1259 3547 1314 3596 et
1345 3547 1563 3604 uratur,
1588 3535 1817 3592 credere
1857 3543 2078 3590 renuat.

2350 3550 2444 3604 καὶ
2491 3551 2623 3606 ἄνευ
2673 3551 2858 3623 τομῶν
2896 3553 2992 3607 καὶ
3025 3557 3316 3626 καυτήριον
3358 3553 3643 3609 πιστεύειν
3685 3559 3789 3610 οὐκ
3837 3560 3921 3612 ἀν-

2347 3643 2555 3699 ένεται.

731 3727 820 3783 67.
843 3723 1158 3781 Obduratos
1180 3718 1459 3776 horrenda
1479 3723 1755 3773 tormenta
1787 3712 2093 3784 excipient:
2117 3725 2245 3766 nam

2347 3663 2373 3696 ε
2415 3663 2555 3699 εται.

2378 3663 2517 3804 χξξ.
2562 3737 2824 3808 Ἐτασμοὶ
2867 3739 3094 3812 φοϐεροὶ
3127 3739 3259 3805 τοὺς
3289 3742 3504 3813 πηροὺς
3542 3742 3876 3816 διαδέχονται
3904 3761 3917 3774 ·

662 3818 784 3875 sine
816 3817 1031 3890 magnis
1071 3813 1360 3872 laboribus
1381 3809 1675 3867 molletieri
1696 3815 1997 3878 nequeunt.

2348 3830 2472 3901 δίχα
2529 3829 2638 3901 γὰρ
2699 3809 2956 3902 μεγάλων
3010 3809 3200 3888 πόνων
3255 3809 3604 3908 μαλαχθῆναι
3655 3809 3730 3892 ού
3761 3855 3919 3891 κατα-

2347 3922 2610 3993 δέχονται.

737 4023 826 4079 68.
849 4021 946 4076 Vir
976 4017 1294 4089 intelligens
1347 4012 1646 4070 sollicitam
1701 4010 1788 4067 sui
1820 4024 2012 4066 curam
2062 4008 2242 4080 gerit;

2422 4014 2523 4088 ξη’.
2561 4017 2791 4081 Συνετὸς
2842 4018 2983 4090 ἀνὴρ
3014 4021 3362 4092 ἐπιμελεῖται
3408 4024 3652 4079 ἐαυτοῦ·
3711 4026 3805 4078 καὶ
3857 4024 3916 4079 δι’

661 4115 924 4183 ultroque
970 4109 1248 4180 susceptis
1298 4106 1588 4162 laboribus
1617 4145 1633 4170 ,
1689 4119 1787 4160 eos
1839 4118 1981 4174 quos
2034 4102 2243 4158 invitus

2034 4102 2243 4158 invitus
2344 4108 2609 4163 ἑκουσίων
2637 4111 2817 4165 πόνων
2841 4113 2973 4177 τοὺς
3004 4113 3299 4178 ἀκουσίους
3332 4115 3618 4188 ἐκφεύγει.

662 4203 856 4266 ferret,
885 4197 1103 4268 effugit.
3405 4223 3414 4230 .

733 4293 823 4348 69.
852 4290 1098 4360 Diligens
1124 4288 1323 4344 animae
1348 4301 1482 4340 cura
1521 4285 1579 4338 in
1614 4285 1885 4339 malorum
1914 4282 2244 4339 sustinentia

2417 4287 2514 4354 ξοό
2557 4291 2876 4361 Ἐπιμέ).εια
2902 4291 3104 4364 ψυχῆς,
3134 4294 3484 4349 κακοπάθεια
3518 4296 3616 4350 καὶ
3661 4293 3917 4348 ταπείνω-

664 4390 721 4436 et
751 4379 1066 4436 humilitate
1091 4377 1345 4433 consistit
1372 4392 1386 4430 :
1428 4384 1656 4446 propter
1672 4389 1769 4431 eas
1787 4375 1934 4430 enim
1956 4375 2102 4430 Deus
2117 4390 2244 4445 pec-

2171 4390 2244 4430 ξο-
2345 4399 2431 4447 σις
2460 4397 2473 4410 ·
2506 4382 2575 4436 δι’
2608 4378 2684 4438 ὦν
2709 4387 2738 4438 6
2775 4384 2910 4450 Θεὸς
2943 4389 3220 4458 συγχωρεῖ
3263 4388 3442 4450 πασας
3482 4389 3782 4460 ἁμαρτίας.

665 4484 788 4530 cata
814 4472 998 4527 omnia
1025 4471 1318 4526 condonat.
2267 4505 2318 4564 ι)

737 4563 824 4618 70.
851 4562 1008 4617 Sicut
1059 4560 1524 4632 concupiscentiae
1553 4569 1608 4615 et
1636 4559 1734 4614 ira:
1773 4567 1998 4630 peccata
2053 4558 2242 4613 multi-
2271 4558 2305 4564 '

2415 4564 2478 4618 0'.
2518 4567 2730 4636 Ὥσπερ
2753 4567 3039 4639 ἐπιθυμίαι
3073 4569 3172 4623 καὶ
3201 4571 3363 4642 ὀργαὶ
3404 4572 3684 4642 ἁμαρτίας
3729 4573 3915 4642 πληθύ-

664 4655 874 4726 plicant
902 4653 958 4722 };
985 4655 1061 4710 ita
1084 4653 1428 4710 continentia
1467 4661 1525 4708 et
1557 4651 1846 4706 humilitas
1886 4651 2082 4706 eadem
2127 4652 2243 4704 exi-

2343 4675 2525 4712 νουσιν
2562 4677 2576 4690 ·
2611 4659 2842 4732 ούτωςή
2875 4663 3173 4733 ἐγκράτεια
3215 4664 3313 4716 καὶ
3350 4666 3685 4728 ταπείνωσις
3712 4666 3910 4728 ἐξαλεί-

663 4747 920 4802 naniunt.

2344 4767 2550 4819 φουσινο
2563 4751 2751 4814 αὑτάς.

733 4841 824 4894 Ἡ.
856 4838 1111 4894 Conterit
1145 4851 1244 4892 cor
1293 4836 1520 4892 tristitia
1545 4851 1667 4905 qua:
1717 4833 2022 4889 secundum
2068 4833 2241 4889 Deum

2414 4847 2515 4896 oa'.
2563 4841 2846 4914 Συντρίὸει
2894 4843 3123 4915 καρδίαν
3165 4843 3312 4915 λύπη
3359 4845 3501 4898 κατά
3535 4843 3668 4897 Θεόν
3707 4862 3724 4876 ο
3755 4843 3913 4914 αὐτὴν

660 4939 747 4986 est
779 4943 848 4997 m;
871 4945 992 4984 cam
1024 4929 1172 5000 parit
1202 4928 1300 4983 tibi
1329 4927 1494 4981 timor
1519 4924 1941 4996 suppliciorum.

1519 4924 1941 4996 suppliciorum.
2341 4929 2398 4982 δὲ
2430 4931 2607 4984 τίκτει
2633 4931 2797 4999 φόϐος
2827 4933 3121 4998 κολάσεως.

733 5023 824 5077 72.
848 5022 1099 5076 Tristitia
1122 5035 1244 5090 quae
1267 5019 1575 5075 secundum
1602 5017 1773 5071 Deum
1805 5025 1910 5080 est,
1943 5015 2110 5071 corda
2136 5032 2239 5086 pu-

2414 5020 2514 5092 οβ’.
2550 5023 2709 5094 Λύπη
2740 5026 2880 5079 κατὰ
2911 5025 3045 5078 Θεὸν
3075 5004 3328 5097 καθαίρει
3360 5027 3592 5099 καρδίαν
3621 5044 3635 5057 '
3671 5031 3767 5082 καὶ
3795 5028 3913 5086 τοὺς

662 5114 863 5181 rificat,
890 5122 946 5168 et
988 5114 1057 5168 ab
1081 5114 1165 5170 eis
1215 5113 1566 5182 voluptatum
1599 5109 2030 5182 Linquinamcnta
2081 5110 2240 5163 elon-

2081 5110 2240 5163 elon-
2353 5115 2667 5187 μολυσμοὺς
2702 5117 2811 5170 τῶν
2842 5116 3046 5188 ἡδονῶν
3073 5118 3346 5190 μακρύνει
3369 5119 3467 5172 ἀπ’
3494 5118 3685 5188 αὐτῆς.

699 5218 775 5263 at.

699 5225 775 5263 at.

663 5225 695 5280 ς
734 5297 1111 5358 75.Patientia
1131 5306 1236 5360 est,
1269 5297 1490 5366 quando
1513 5295 1696 5350 anima
1723 5293 1946 5349 labores
1971 5294 2117 5348 ultro
2136 5293 2235 5348 de-

2418 5303 2518 5365 ογ’.
2562 5297 2842 5370 ’Υπομονή
2899 5298 3049 5351 ἐστιν
3089 5298 3378 5368 φιλοπονία
3424 5299 3603 5370 ψυχῆς
3634 5315 3645 5327 ·
3684 5295 3811 5351 ἔνθα
3862 5296 3910 5349 δὲ

662 5391 887 5460 ditaque
909 5404 1078 5458 opera
1099 5388 1283 5443 subit:
1323 5389 1417 5443 ubi
1445 5404 1510 5444 ea
1531 5387 1724 5454 fuerit,
1755 5387 1883 5442 inde
1907 5387 1960 5440 in
1979 5387 2233 5442 exsilium

1710 5429 1724 5454 ,
1755 5387 1883 5442 inde
1907 5387 1960 5440 in
1979 5387 2233 5442 exsiliunt
2347 5387 2657 5458 φιλοπονία,
2691 5389 2971 5460 φιληδονία
3002 5389 3317 5462 ἐξώρισται.

662 5475 817 5539 abire
854 5480 1198 5551 voluptatum
1226 5497 1380 5536 amor
1409 5481 1643 5552 cogitur.

730 5577 820 5631 74.
856 5573 1102 5642 Quodvis
1145 5583 1429 5644 peccatum
1487 5572 1773 5644 voluptate
1829 5572 2229 5638 committitur;

2414 5571 2506 5626 06'.
2575 5571 2731 5625 Πᾶσα
2792 5572 3043 5643 ἁμαρτία
3112 5571 3202 5628 διὰ
3240 5573 3338 5644 τὴν
3391 5572 3584 5646 ἡδονὴν
3662 5574 3905 5643 γίνεται·

734 5753 940 5813 Hoan.
975 5771 1010 5821 ι,
1050 5754 1115 5810 1‘2
1219 5767 1233 5805 ι
1287 5754 1476 5812 Matth.
1519 5770 1648 5823 xm,
1689 5754 1771 5821 19.,
1813 5754 1897 5810 15.
1977 5754 1999 5794 ιε
2034 5752 2226 5810 Matth.
2272 5771 2345 5823 γι,

2091 5755 2226 5810 attb.
2272 5771 2346 5823 τι,
2373 5753 2463 5810 Ξί.
2545 5751 2763 5810 1Eccli.
2799 5769 2928 5809 xm:
2953 5753 3215 5825 passim.’
3267 5765 3305 5793 ··
3337 5754 3484 5812 Eccl.
3523 5771 3618 5824 vn,
3652 5755 3702 5810 5.

3215 5840 3264 5848 ,4-
