4080 6282
246 211 386 302 ius

1602 234 1990 295 CENTURIA
2032 235 2111 293 II.

3326 228 3470 294 1446

239 349 339 403 καὶ⁵
370 348 520 402 πάσα
563 344 940 417 συγχώρησις,
970 345 1059 399 διά
1109 344 1210 416 τὴν
1256 343 1626 398 κακοπάθειαν
1659 382 1673 408 ,
1712 342 1805 395 καὶ

1928 341 2221 395 remittitur
2274 351 2454 397 autem
2506 357 2605 412 per
2658 342 2929 398 malorum
2984 341 3370 397 sustinentiam
3413 354 3475 400 e-t
3522 362 3529 371 ·

234 440 435 494 λύπην.

387 458 435 494 ν.

307 458 412 585 τόξ’.
462 530 766 595 ’Λκουσίοις
796 531 983 594 πόνοις
1009 504 1153 584 κατά
1183 530 1441 601 πρόνοιαν
1469 502 1806 599 περιπίπτει,

240 626 273 680 6
299 625 367 679 δι’
405 624 672 679 ἑκουσίων
696 624 875 678 πόνων
904 625 1187 694 μετανοεῖν
1222 623 1297 695 μὴ
1324 622 1667 692 ἀνεχόμενος.

314 810 421 869 οςν.
455 803 651 873 Σωτήρ
699 803 848 856 ἐστιν
884 804 913 856 6
971 803 1205 875 Χριστὸς
1237 802 1333 856 τοῦ
1376 802 1689 871 σύμπαντος
1722 797 1811 851 κό-

248 881 393 966 σμου
417 913 433 928 ο
469 895 564 949 καὶ
584 895 683 966 τὴν
710 896 1000 967 μετάνοιαν
1043 898 1123 960 είς
1154 895 1429 966 σωτηρίαν
1453 896 1565 956 τοῖς
1607 890 1815 962 ἀνθρώ-

239 1004 366 1050 ποις
389 988 698 1058 ἐχαρίσατο.

320 1075 418 1141 oC’.
453 1077 697 1147 Τήρησιν
732 1075 962 1129 ἐντολῶν
1002 1074 1176 1129 τίκτει
1205 1072 1461 1144 μετάνοια
1493 1090 1508 1105 ·
1542 1072 1658 1144 ἠδὲ
1708 1073 1814 1127 τῶν

240 1168 478 1223 ἐντολῶν
502 1169 755 1240 τήρησις,
784 1167 961 1239 ψυχῆς
990 1171 1136 1222 ποιεῖ
1162 1167 1258 1238 τὴν
1288 1166 1575 1249 κάθαρσιν.

321 1343 423 1415 οη’.
467 1342 532 1396 Ἦ
565 1344 662 1414 τῆς
691 1344 867 1415 ψυχῆς
899 1343 1188 1416 κάθαρσις,
1221 1344 1409 1424 παθῶν
1447 1346 1597 1397 ἐστιν
1642 1341 1819 1397 ἀπαλ-

249 1433 393 1504 λαγὴ
423 1447 438 1462 ⁶
477 1436 512 1506 ἡ
541 1434 598 1488 δὲ
650 1435 761 1488 τῶν
800 1435 989 1489 παθῶν
1026 1435 1338 1507 ἀπαλλαγὴ,
1371 1435 1592 1506 ἀγάπην
1641 1435 1815 1488 τίκτει

239 1518 401 1574 Θεοῦ.

324 1612 426 1666 οθν.
460 1612 622 1685 Ψυχὴ
677 1613 892 1686 καθαρά
946 1616 981 1685 ἠ
1038 1614 1129 1667 τὸν
1182 1614 1316 1670 Θεὸν
1369 1614 1663 1684 ἀγαπῶσα,
1721 1615 1817 1669 καὶ

242 1703 372 1767 νοῦς
403 1705 550 1758 ἐστιν
578 1704 819 1777 καθαρὸς
850 1707 879 1759 6
898 1705 1124 1773 ἀγνοίας
1154 1706 1461 1776 χωρισθείς.

318 1800 395 1850 π’.
437 1796 611 1869 ’Υπὲρ
655 1799 765 1851 τῶν
816 1798 1045 1851 ἐντολῶν
1095 1797 1189 1851 τοῦ
1224 1797 1358 1851 Θεοῦ
1397 1798 1558 1870 μέχρι
1588 1798 1816 1852 θανάτου

243 1887 542 1956 ἀγώνισαι,
594 1890 677 1943 ὅτι
738 1888 806 1943 δι’
867 1889 1046 1943 αὐτῶν
1085 1888 1380 1961 καθαρθεὶς
1417 1892 1496 1953 είς
1532 1890 1632 1960 τὴν
1675 1888 1818 1960 ζωὴν

248 1981 560 2053 εἰσελεύσῃ.

326 2075 443 2123 πα’.
475 2070 692 2141 Χρῆσαι
725 2069 802 2140 τῷ
828 2069 1041 2140 σώματι
1071 2070 1146 2133 ὡς
1173 2070 1420 2142 ὑπηρέτῃ
1446 2070 1554 2124 τῶν
1571 2070 1817 2138 ἐντολῶν,

244 2159 517 2213 ἀνώδυνον
546 2161 676 2215 αὐτὸ
699 2161 882 2231 τηρῶν
912 2160 1006 2213 καὶ
1040 2159 1230 2215 ἄνοσον
1258 2163 1355 2233 ὅση
1390 2161 1642 2232 δύναμις.

328 2334 438 2405 πβ¹.
474 2337 537 2389 Ἦ
566 2337 666 2407 τῆς
692 2337 894 2409 σαρκὸς
925 2337 1317 2405 ἐπανάστασις,
1351 2339 1409 2407 ἐξ
1454 2339 1711 2411 ἀμελείας
1740 2338 1825 2409 γίν

246 2443 401 2480 νεται
454 2428 553 2499 τῆς
611 2428 923 2499 προσευχῆς
976 2446 1035 2482 τε
1089 2431 1184 2483 καὶ
1236 2431 1462 2501 διαίτης,
1511 2434 1605 2485 καὶ
1654 2430 1825 2501 καλῆς

248 2519 502 2591 ⁴ἡσυχίας.

330 2617 439 2679 πγ’.
468 2608 623 2664 Καλὰ
662 2610 867 2679 ἔγγονα
896 2612 1069 2665 τίκτει
1105 2614 1137 2683 ἡ
1169 2612 1308 2685 καλὴ
1348 2613 1545 2683 ἡσυχία
1574 2629 1588 2643 ·
1626 2612 1855 2683 ἐγκρά-.

250 2720 410 2757 τειαν
500 2704 595 2757 καὶ
644 2704 865 2776 ἀγάπην
940 2707 1035 2758 καὶ

257 2797 378 2867 ράν.

327 2889 434 2942 πδ⁹.
487 2887 820 2957 Ἀνάγνωσις
874 2891 966 2943 καὶ
1029 2890 1307 2962 προσευχὴ
1344 2890 1483 2944 ’νοῦν
1535 2889 1828 2960 καθαίρου-

1108 2707 1205 2776 τὴν
1283 2706 1589 2778 προσευχὴν
1660 2708 1828 2760 καθα-

1912 433 2142 488 luctum.

1983 526 2067 579 75.
2104 524 2364 596 Quisquis
2385 526 2764 596 pcenitentiam
2787 543 2948 599 agere
2963 543 3062 597 per
3084 528 3302 583 labores
3330 526 3475 582 ultro

1911 627 2196 687 susceptos
2224 618 2503 682 renititur,
2534 618 2582 673 is
2610 627 2829 673 coactus
2881 620 2935 672 in
2968 619 3187 674 labores
3222 618 3317 688 qui
3364 620 3477 690 jam

1913 705 2241 776 praedeliniti
2274 716 2421 773 sunt,
2461 708 2686 775 incidet,
2721 725 2860 778 quos
2888 719 2943 765 et
2975 711 3179 766 invitus
3210 711 3369 767 feret.

1985 798 2079 853 76.
2106 798 2362 855 Christus
2386 800 2552 855 totius
2589 800 2775 855 mundi
2801 800 3070 865 Salvator,
3100 810 3185 856 est
3216 808 3272 856 et
3300 802 3478 872 poeni-

1916 891 2142 947 tentiam
2174 892 2242 949 iis
2274 893 2368 963 qui
2413 909 2535 948 eam
2572 892 2748 947 acturi
2784 902 2933 958 sunt,
2982 892 3036 947 in
3082 893 3313 947 salutem
3345 908 3480 947 con-

1913 982 2080 1039 cessit
2106 993 2156 1037 ιι.
2674 1058 2677 1061 _

1987 1076 2074 1129 77.
2096 1075 2501 1145 Praeceptorum
2535 1074 2939 1130 observantiam
2966 1074 3479 1145 paritpoanitentia;

1913 1176 2316 1237 praeceptorum
2350 1183 2482 1223 vero
2510 1167 2861 1223 observantia
2900 1169 3097 1221 anima:
3126 1174 3345 1236 prestat
3374 1182 3480 1235 pu-

1914 1258 2297 1314 rilicationem.

1986 1352 2075 1407 78.
2101 1350 2355 1406 Animam
2378 1350 2690 1421 puriﬁcare,
2726 1359 2813 1406 est
2841 1366 2960 1405 eam
2995 1350 3064 1406 ab
3097 1349 3485 1406 aﬂ‘ectionibus

1915 1443 2185 1511 liberare;
2219 1459 2284 1498 ca
2339 1451 2520 1497 autem
2552 1443 2779 1499 libertas
2808 1442 3132 1497 cbaritatem
3173 1441 3267 1496 Dei
3323 1440 3487 1495 nobis

1915 1536 2077 1606 parit.

1989 1627 2075 1682 79.
2097 1628 2292 1684 Anima
2330 1646 2468 1701 pura
2503 1640 2608 1693 est,
2631 1646 2751 1701 quae
2778 1630 2950 1685 Deum
2974 1627 3152 1700 diligit
3178 1645 3192 1694 ;
3224 1641 3381 1683 mens
3396 1640 3490 1681 ve-

1921 1734 1984 1774 ro
2009 1735 2165 1789 pura,
2202 1728 2323 1791 qua:
2352 1722 2420 1777 ab
2452 1722 2761 1793 ignorantia
2798 1720 3045 1776 secessit.

1992 1812 2079 1866 80.
2104 1814 2210 1868 Pro
2241 1815 2515 1869 mandatis
2537 1815 2743 1870 Christi
2783 1831 2957 1885 usque
2988 1814 3057 1869 ad
3111 1821 3343 1868 mortem
3366 1826 3488 1866 cer-

1922 1910 2023 1956 ta:
2060 1920 2159 1973 per
2215 1920 2279 1960 ea
2338 1906 2487 1960 enim
2550 1904 2872 1976 puriﬁcatus
2944 1905 3012 1961 ad
3063 1904 3233 1960 vitam
3304 1903 3492 1972 ingre-

1920 1994 2110 2051 dieris.

2002 2089 2089 2142 81.
2119 2088 2359 2158 Corpore
2385 2088 2453 2143 ad
2486 2089 2851 2145 ministerium
2896 2090 3279 2145 mandatorum
3311 2100 3491 2155 utere,

1923 2193 2150 2234 servans
2180 2179 2382 2249 ipsum,
2412 2188 2678 2249 quantum
2708 2180 2822 2237 ﬁeri
2850 2182 3174 2257 potest,sine
3209 2183 3495 2238 doloribus

1923 2281 1979 2327 et
2006 2270 2123 2326 sine
2154 2271 2367 2326 morbo.

1996 2362 2085 2417 82.
2135 2362 2331 2418 Carnis
2382 2362 2701 2431 seditiones,
2737 2379 2805 2419 ex
2854 2365 3185 2436 negligentia
3244 2382 3492 2437 precum,

1933 2453 2109 2509 diaetae
2136 2454 2490 2526 honestaeque
2523 2456 2725 2527 quietis
2748 2458 3025 2512 oriuntur.

1999 2631 2088 2685 85.
2122 2632 2416 2687 Formosos
2450 2644 2657 2688 llDerOS
2690 2633 2928 2690 formosa
2957 2635 3101 2704 parit
3123 2637 3498 2706 quiesznem-

1932 2734 2001 2789 pe
2031 2721 2450 2787 continentiam,
2485 2723 2837 2790 cbaritatem,
2872 2741 3150 2797 purasque
3177 2744 3389 2797 preces.

1999 2898 2086 2961 84.
2117 2897 2305 2954 Lectio
2329 2908 2384 2954 et
2402 2914 2628 2970 precum
2661 2902 2877 2971 puritas
2904 2911 3146 2957 mentem
3182 2904 3500 2973 puriﬁcant;

255 2994 345 3032 σιν
377 2993 391 3008 ·
421 2978 610 3050 ἀγάπη
678 2978 735 3032 δὲ
779 2979 874 3033 καὶ
922 2981 1219 3051 ἐγκράτεια
1276 2982 1336 3032 τὸ
1387 2979 1689 3052 παθητικὸν
1730 2983 1827 3051 τῆς

1934 2988 2130 3044 anima:
2164 2996 2349 3043 autem
2388 2989 2698 3045 aﬂ‘ectivam
2732 2999 2943 3061 partem
2982 2990 3222 3047 cbaritas
3246 3001 3303 3047 et
3323 2996 3505 3048 conti-

250 3069 456 3140 ψυχῆςο

330 3177 437 3216 πε.
474 3160 626 3231 ἰσην
676 3159 969 3223 διαπαντὸς
1006 3160 1163 3231 τήρει
1219 3158 1319 3230 τὴν
1368 3159 1714 3231 ἐγκράτειαν,
1743 3160 1831 3215 ἵνα

262 3252 341 3323 μὴ
374 3254 438 3324 τῇ
463 3252 732 3322 ἀνομαλία
758 3254 836 3315 είς
860 3252 928 3306 τὰ
953 3252 1166 3305 ἐναντία
1199 3253 1394 3325 πέσῃς.

333 3347 455 3411 πς⁹.
508 3345 571 3399 Ὀ
629 3344 936 3414 νομοθετῶν
967 3342 1145 3416 ἐαυτῷ
1177 3344 1254 3416 μὴ
1280 3345 1499 3416 παραϐῇ
1538 3344 1729 3398 ἑαυτόν
1754 3362 1767 3375 '
1803 3347 1831 3398 ὁ

258 3434 371 3505 γὰρ
420 3433 615 3489 ἐαυτὸν
678 3431 1203 3505 παραλογιζόμενος,
1236 3437 1427 3489 ἐαυτὸν
1449 3438 1654 3508 ἀπατᾷ.

334 3614 443 3680 πζν.
476 3614 687 3686 Δυσμαί
735 3616 876 3668 εἰσιν
910 3615 1117 3685 νοηταὶ,
1150 3615 1322 3685 ψυχαὶ
1365 3617 1633 3687 ἐμπαθεῖς
1662 3632 1676 3645 '
1716 3618 1833 3680 ταῖς

258 3708 371 3780 γὰρ
402 3708 684 3773 τοιαύταις
717 3709 804 3762 ἔδυ
831 3709 928 3780 τῆς
948 3708 1297 3779 δικαιοσύνης
1326 3710 1354 3761 6
1378 3708 1547 3778 ἥλιος.

330 3797 447 3869 πη¹.
486 3799 610 3862 Υἱός
667 3800 819 3852 ἐστιν
873 3798 1007 3852 Θεοῦ
1057 3801 1086 3852 6
1139 3797 1428 3870 όμοιωθεὶς
1474 3798 1554 3869 τῷ
1608 3798 1725 3869 Θεῷ
1768 3799 1834 3852 δι’

257 3892 614 3962 ἀγαθότητος,
650 3892 746 3944 καὶ⁵
774 3891 876 3961 τῆς
904 3891 1114 3962 σοφίας,
1143 3893 1237 3945 καὶ
1274 3890 1575 3962 δυνάμεως,
1629 3893 1724 3945 καὶ
1759 3893 1835 3946 δι-

260 4003 333 4039 κα
342 3986 578 4055 ιοσύνης.

338 4075 447 4131 πθ’.
485 4077 658 4139 Νόσος
698 4077 845 4129 ἐστὶν
886 4074 1084 4147 ψυχῆς,
1115 4078 1149 4147 ἡ
1181 4078 1281 4147 τῆς
1325 4080 1521 4145 κακίας
1558 4082 1692 4150 ἕξις,
1739 4084 1836 4138 θά-

262 4184 425 4228 νατος
454 4167 510 4219 δὲ
543 4168 575 4237 ὴ
608 4169 727 4220 κατ’
754 4167 1028 4236 ἐνέργειαν
1059 4168 1322 4239 ἁμαρτία.

341 4264 412 4327 [σι’.
458 4258 837 4330 Ἀκτημοσύνη
894 4262 1043 4314 ἐστὶν
1101 4265 1288 4333 νοητὴ,
1319 4266 1351 4332 ἡ
1382 4267 1647 4338 παντελὴς
1695 4269 1840 4323 ἀπά-

1932 3084 2142 3139 nentia.

2001 3174 2089 3229 85.
2126 3172 2408 3243 Equalem
2444 3160 2841 3229 continentiam
2895 3188 3111 3245 semper
3151 3174 3403 3241 observa,
3437 3189 3505 3230 ne

1931 3281 2029 3337 per
2068 3264 2495 3336 inmqualitatem
2519 3264 2574 3318 in
2605 3265 2885 3320 contraria
2918 3265 3147 3320 incidas.

2003 3358 2091 3413 86.
2144 3358 2223 3413 Ne
2264 3357 2640 3428 praevariceris
2669 3358 2926 3426 teipsum,
2959 3373 3084 3412 cum
3127 3358 3227 3413 tibi
3275 3358 3379 3429 ipsi
3423 3358 3505 3413 le-

1934 3464 2056 3520 gem
2086 3450 2384 3515 statueris;
2428 3450 2671 3519 scipsum
2701 3450 2847 3505 enim
2873 3449 3025 3504 falsis
3060 3450 3369 3504 rationibus
3386 3450 3506 3521 pal-

1936 3540 2367 3610 pans,'seipsum
2398 3538 2632 3594 seducit.

2005 3628 2092 3682 87.
2120 3627 2362 3684 Occasus
2392 3628 2665 3698 spiritales
2696 3635 2842 3689 sunt,
2882 3627 3080 3681 animae
3135 3627 3510 3696 perturbatio-

1936 3722 2103 3776 nibus
2128 3721 2385 3791 inquieun
2411 3738 2425 3785 ;
2456 3720 2533 3775 sol
2565 3720 2710 3774 enim
2732 3719 2961 3790 justitia:
2994 3719 3101 3774 illis
3140 3719 3364 3774 occidit.

2007 3813 2093 3867 88.
2129 3812 2304 3866 Filius
2334 3812 2429 3865 Dei
2455 3810 2581 3881 quis
2612 3820 2716 3873 est,
2745 3810 2816 3865 ob
2851 3810 3150 3864 bonitatem
3200 3820 3256 3864 et
3289 3811 3510 3881 sapien-

1940 3902 2093 3968 tiam,
2128 3911 2184 3957 et
2229 3901 2557 3972 potentiam,
2615 3909 2670 3956 et
2711 3901 3019 3973 justitiam,
3073 3900 3271 3955 similis
3317 3902 3368 3956 ci
3424 3902 3510 3956 fa-

1937 4002 2058 4047 ClUS
2094 4000 2139 4045 ⁰.
3286 4034 3292 4038 .

2010 4083 2098 4137 89.
2134 4081 2351 4137 Malitia:
2382 4082 2605 4136 habitus
2632 4081 2859 4135 morbus
2879 4088 2963 4135 est
2992 4079 3187 4135 animae
3206 4095 3222 4145 ;
3244 4095 3391 4134 mors
3411 4095 3511 4134 au-

1943 4183 2049 4230 tem
2077 4191 2176 4245 per
2205 4173 2581 4244 operationem
2610 4173 2819 4243 peccati
2849 4172 3220 4227 introducitur
3253 4182 3299 4226 ιν.

2007 4262 2095 4318 90.
2123 4264 2429 4333 Paupertas
2457 4262 2737 4332 spiritalis,
2761 4271 2846 4317 est
2865 4271 3242 4316 consummata
3266 4260 3516 4331 impassi—

266 4354 410 4417 θεια,
441 4352 563 4406 καθ’
604 4352 670 4421 ἢν
702 4352 993 4420 γενόμενος
1023 4353 1052 4404 6
1102 4351 1228 4415 νοῦς
1280 4354 1555 4425 ἀναχωρεῖ
1603 4358 1712 4409 τῶν
1753 4360 1828 4412 ἐν·

1948 4356 2174 4421 bilitas;
2209 4371 2330 4424 qua:
2358 4356 2404 4409 si
2431 4355 2602 4410 menti
2632 4355 2977 4419 conceditur,
3008 4354 3075 4408 ab
3116 4353 3203 4409 bis
3258 4369 3380 4425 qua:
3424 4353 3515 4408 hic

265 4444 465 4499 ταῦθα.

344 4536 455 4606 ιια’.
496 4536 829 4608 Συμφώνους
882 4536 1039 4607 τήρει
1077 4535 1175 4600 τὰς
1219 4535 1320 4605 τῆς
1360 4536 1541 4608 ψυχῆς
1605 4538 1836 4610 ἀρετάςο

268 4635 334 4686 ἐκ
390 4630 581 4684 τούτου
638 4630 746 4700 γὰρ
804 4627 1049 4682 τίκτεται
1103 4631 1130 4682 ὁ
1188 4628 1285 4699 τῆς
1332 4629 1677 4701 δικαιοσύνης
1706 4648 1840 4697 καρ-

269 4742 393 4788 πος.

344 4816 451 4886 ι-,β’.
483 4815 593 4886 Τὴν
653 4814 761 4867 τῶν
823 4814 1026 4885 νοητῶν
1084 4812 1337 4885 θεωρίαν,
1366 4812 1655 4884 ἀσώματον
1702 4810 1843 4871 εἷναί

270 4925 457 4977 φασιν,
485 4907 559 4970 ῶς
593 4906 725 4977 ῦλης
751 4907 846 4960 καὶ
883 4907 1058 4969 εἴδους
1084 4906 1263 4975 πάντη
1288 4906 1735 4979 ἀπηλλαγμένην.

347 5096 456 5159 ια’.
486 5090 699 5160 Ὠσπερ
738 5088 808 5143 τὰ
836 5088 1078 5154 τέσσαρα
1107 5091 1344 5159 στοιχεῖα
1371 5089 1436 5141 ἐκ
1458 5089 1555 5157 τῆς
1591 5086 1726 5158 ὕλης
1757 5090 1850 5142 καὶ

1948 4460 2095 4515 sunt,
2119 4450 2350 4505 secedit.

2016 4544 2103 4596 91.
2137 4539 2419 4595 Consonas
2471 4539 2667 4593 animae
2699 4537 2935 4593 virtutes
2960 4538 3216 4593 custodi:
3269 4554 3335 4592 ex
3381 4538 3514 4609 ipsis

1947 4637 2095 4692 enim
2126 4634 2374 4689 nascitur
2395 4631 2609 4686 fructus
2637 4629 2884 4703 iustitiae.

2016 4816 2103 4871 92.
2137 4811 2669 4883 Contemplationem
2697 4824 2887 4866 eorum
2929 4824 3050 4880 qua:
3067 4823 3221 4863 mens
3252 4806 3514 4878 concipit,

1956 4910 2109 4964 aiunt
2157 4906 2383 4962 omnino
2411 4904 2798 4975 incorpoream
2838 4917 2981 4968 esse,
3013 4909 3203 4971 utpote
3234 4915 3356 4971 qua:
3384 4899 3455 4955 sit
3486 4915 3518 4954 a

1953 5000 2183 5057 materia
2212 4998 2497 5067 formaque
2533 4996 2858 5051 abalienata.

2024 5089 2113 5147 9'5.
2150 5089 2303 5145 Sicut
2326 5095 2563 5156 quatuor
2591 5086 2861 5140 elementa
2885 5100 2951 5140 ex
2981 5083 3211 5138 materia
3244 5091 3298 5137 et
3321 5080 3515 5141 forma,

275 5183 372 5238 τοῦ
402 5183 576 5246 εἴδους
607 5200 621 5214 ο
654 5182 827 5246 οὕτως
858 5184 951 5236 καὶ
974 5184 1042 5234 τὰ
1068 5181 1128 5246 ἐξ
1156 5181 1337 5235 αὐτῶν
1370 5181 1598 5254 σώματα
1641 5185 1704 5236 ἐκ
1742 5183 1828 5237 τῶτ

1951 5183 2030 5239 sic
2058 5190 2114 5238 et
2142 5195 2373 5250 corpora
2427 5192 2547 5248 qua:
2580 5193 2645 5232 ex
2680 5177 2813 5247 ipsis
2842 5184 2990 5242 sunt,
3060 5192 3126 5231 ex
3158 5175 3291 5246 ipsis
3355 5172 3519 5228 etiam

277 5276 461 5330 αὐτῶν
496 5273 846 5341 συνέστηκεν.

356 5370 455 5438 ηδ’.
514 5368 657 5439 Σάρξ
724 5368 1015 5437 γενόμενος
1066 5366 1154 5420 διὰ
1209 5366 1308 5438 τὴν
1357 5366 1771 5443 φιλανθρωπίαν
1823 5368 1852 5419 6

283 5473 482 5538 Λόγος,
504 5467 627 5521 οὔτε
656 5466 683 5519 ὃ
721 5462 788 5538 ἦν
816 5464 1130 5536 μτέὄαλεν,
1159 5461 1265 5516 οὐδ’
1297 5459 1324 5513 ὃ
1353 5461 1595 5529 γέγονεν,
1629 5458 1853 5527 ἠλλοίω-

286 5583 401 5619 σεν.

1955 5283 2084 5331 sunt
2112 5273 2431 5329 constituta.

2029 5366 2119 5421 94.
2143 5364 2384 5419 Verbum
2401 5370 2624 5431 propter
2640 5358 3076 5416 misericordiam
3100 5372 3228 5414 caro
3250 5356 3449 5410 factum
3469 5362 3519 5416 ιι,

1958 5472 2136 5526 neque
2167 5454 2314 5525 quod
2346 5463 2463 5509 erat
2490 5450 2894 5518 transmutavit,
2918 5466 3096 5521 neque
3124 5446 3267 5519 quod
3294 5445 3518 5508 factum,

1959 5545 2229 5602 alteravit.

348 5689 380 5720 ιι
406 5680 595 5736 Matth.
620 5694 691 5746 tv,
728 5676 814 5732 l7.
899 5677 924 5717 ιι
959 5673 1101 5732 Psal.
1138 5689 1257 5739 mu,
1293 5673 1379 5738 l8,
1416 5670 1499 5727 l9.
1578 5680 1605 5723 ι)
1635 5669 1792 5723 Rom.
1818 5682 1871 5729 v,
1902 5667 1986 5721 l9..
2068 5674 2095 5714 ιι
2122 5662 2279 5719 Joan.
2311 5674 2347 5723 I,
2380 5657 2467 5712 H.
