4080 6282
583 324 724 396 ut:
1825 297 2231 366 THALASSII
2271 291 2590 356 ABBATIS
3053 250 3058 254 ’
3721 275 3857 342 ius

645 440 744 498 95.
777 436 849 496 Ut
876 451 947 494 ex
972 433 1180 491 deitate
1198 441 1256 489 et
1287 428 1654 492 humanitate,
1687 433 1745 481 et
1777 424 1834 479 in
1871 420 2078 477 deitate
2100 426 2156 472 et
2186 420 2232 477 Α

2328 409 2431 480 ιιέ.
2493 409 2705 479 Ὥσπερ
2767 402 2832 458 ἐκ
2899 401 3155 473 θεότητος
3228 398 3323 454 καὶ
3408 393 3857 467 ἀνθτδωπότητος,

585 532 966 596 humanitate;
997 527 1079 582 sic
1123 542 1193 582 ex
1228 524 1444 580 duabus
1496 519 1728 585 naturis,
1752 525 1809 572 et
1837 515 1894 569 in
1950 509 2169 566 duabus

2269 507 2364 559 καὶ
2397 506 2454 557 ἐν
2485 501 2727 571 θεότητι,
2760 498 2854 552 καὶ
2873 495 3284 569 ἀνθρωπότητι,
3311 491 3490 554 οῦτως
3519 491 3621 543 καὶ
3660 489 3727 541 ἐκ
3768 487 3867 540 δύο

585 621 823 688 naturis,
859 620 1102 677 dicimus
1137 631 1261 672 esse
1293 629 1466 672 unum
1497 613 1695 668 Deum.

2274 597 2494 668 φύσεων
2524 634 2542 662 ,
2598 593 2695 647 καὶ
2752 592 2810 645 ἐν
2880 590 2975 645 δύο
3034 587 3235 658 φύσεσι
3305 585 3544 654 λέγομεν
3607 582 3705 634 τὸν
3769 580 3866 632 ἕνα

2271 692 2424 746 Θεόν.

657 805 746 863 96.
783 803 960 862 Unam
993 797 1333 874 bypostasim
1369 797 1426 850 in
1482 792 1706 849 Christo
1740 783 2070 844 conﬁtemur
2103 793 2173 835 ex

2350 780 2472 852 ις’.
2495 781 2642 837 Μίαν
2672 779 2978 833 ὑπόστασιν
3002 772 3246 847 Χριστοῦ
3273 769 3660 844 ὁμολογοῦμεν
3692 767 3755 820 ἐν
3779 765 3870 818 δύο

590 900 809 958 duabus
835 868 1053 951 naturis
1071 868 1535 962 inseparabiliter
1569 883 1760 939 unitis.

1609 883 1760 937 nitis.
2277 876 2508 950 φύσεσιν
2540 872 2852 944 ἡνωμέναις
2875 868 3219 938 ἁδιαιρέτως.

661 947 1402 1057 ﬁ'iil‘ns—eparabilem-unam
1423 975 1631 1033 Christi
1661 971 2037 1045 gloriﬁcamus
2070 966 2174 1039 hy-

2291 947 2302 950 -
2349 964 2456 1031 ις’.
2504 963 2838 1033 ’Δδιαίρετον
2861 958 2961 1030 τὴν
2991 957 3122 1029 μίαν
3151 951 3392 1027 Χριστοῦ
3432 949 3744 1005 ὑπόστασιν
3785 947 3873 1000 δο-

592 1080 885 1154 postasim,
924 1083 981 1130 et
1006 1073 1145 1128 citra
1167 1085 1388 1126 onmem
1441 1064 1826 1122 confusionem
1849 1067 2175 1115 naturarum

2279 1057 2660 1128 ξὰζομεν,καὶ
2719 1053 3031 1123 ἀσύγχυτον
3089 1049 3188 1121 τὴν
3237 1047 3348 1100 τῶν
3395 1046 3622 1115 φύσεων
3666 1042 3873 1094 ἕνωσιν

595 1175 925 1232 conﬁtemur
951 1168 1236 1224 unionem.
1435 1183 1440 1189 ·

1061 1181 1236 1222 onem.
1435 1183 1440 1189 ·
2278 1145 2672 1219 ὁμολογοῦμεν.

665 1267 756 1323 98.
787 1263 980 1319 Trium
1022 1256 1407 1331 bypostasium
1428 1266 1593 1308 unam
1632 1247 1854 1305 deitatis
1882 1243 2181 1302 essentiam

2350 1241 2462 1313 kq'.
2508 1237 2960 1310 Τρισυπόστατον
3002 1232 3102 1302 τὴν
3139 1231 3270 1302 μίαν
3308 1231 3414 1298 ,τῆς
3453 1226 3723 1294 θεότητος
3782 1222 3871 1274 οῦ-

596 1360 910 1422 adoramus,
943 1353 1309 1425 ejusdemque
1333 1345 1589 1404 essentia:
1625 1349 1871 1398 sanctam
1927 1335 2176 1392 Trinita-

2285 1332 2406 1385 σξαν
2469 1325 2888 1402 προσκυνοῦμεν
2921 1363 2937 1389 ,
3011 1322 3107 1376 καὶ
3170 1321 3458 1390 ὁμοούσιον
3525 1315 3630 1384 τὴν
3706 1313 3873 1380 ἁγίαν

597 1456 706 1502 tem
737 1443 1090 1500 conﬁtemur.
1221 1420 1234 1421 ί

2283 1423 2494 1496 Τριάδα
2525 1420 2780 1490 θεολογοῦ
2787 1435 2909 1490 μεν.

667 1539 756 1595 99.
788 1537 1162 1607 Proprietates
1197 1532 1366 1588 trium
1391 1523 1771 1600 hypostasium
1797 1529 1948 1586 sunt,
1995 1528 2181 1591 pater-

2335 1493 2462 1583 ιδ’.
2491 1515 2592 1568 Διὰ
2641 1513 2751 1568 τῶν
2798 1508 2966 1582 τριῶν
3011 1505 3364 1560 ύποστάσεων
3415 1499 3730 1569 πατρότης,
3762 1493 3872 1545 υἱό-

669 1586 756 1595 νν’
788 1586 1158 1607 ""l""""“
1203 1586 1236 1588 "
1434 1586 1485 1600 ιιι
1998 1586 2015 1591 -

526 1648 528 1651 '
599 1633 766 1696 nitas,
786 1630 996 1694 ﬁliatio,
1019 1639 1076 1685 et
1105 1625 1418 1698 processio:
1447 1630 1504 1678 et
1533 1617 1849 1676 communia
1877 1615 2052 1670 tribus
2078 1613 2137 1685 Ιι)

2287 1626 2409 1680 της,
2473 1607 2800 1678 ἐκπόρευσις
2834 1620 2847 1634 ·
2911 1599 3008 1654 καὶ
3072 1597 3228 1653 κοινὰ
3277 1594 3386 1647 τῶν
3446 1591 3639 1646 αὐτῶν
3711 1586 3874 1641 πάλιν

600 1724 916 1795 postasibus
954 1729 1106 1788 sunt,
1129 1717 1395 1784 essentia,
1435 1722 1659 1778 natura,
1685 1711 1885 1775 deitas,
1908 1684 2148 1763 bonitas.

2141 1745 2148 1759 .
2221 1717 2263 1771 Β
2290 1702 2460 1767 ἐστὶν,
2493 1702 2527 1772 ἡ
2565 1698 2744 1765 ούσεα,
2777 1698 2813 1768 ἡ
2841 1695 3023 1768 φύσις,
3062 1693 3096 1764 ἡ
3132 1690 3345 1761 θεότης,
3376 1689 3411 1759 ἡ
3445 1684 3752 1755 ἀγαθύτης.

607 1901 3864 1966 _________________________________

1801 2094 2466 2192 ΕΚΑΤΟΝΤΑΣ
2538 2085 2651 2183 Γ’.

1880 2286 1991 2354 Ἦς
2022 2289 2059 2360 ἡ
2086 2285 2405 2359 ἀκροστιχὶς
2429 2283 2527 2354 ἥδε
2553 2295 2569 2311 ο

620 2465 783 2523 ’.ἁλλ’
811 2458 891 2536 ἦν
934 2461 1092 2516 κακὰ
1128 2457 1365 2528 κυρίως,
1407 2454 1478 2508 οὐ
1503 2453 1576 2506 τὰ
1606 2448 1721 2518 τὴν
1761 2445 2124 2512 συνείδησιν
2155 2443 2289 2514 (leg.
2337 2434 2536 2511 σάρκα)
2572 2430 2910 2492 λυποῦντα.
2957 2427 3073 2496 τὴν
3108 2424 3177 2478 δὲ
3223 2420 3441 2494 ψυχὴν
3482 2418 3872 2490 καθαίροντα.

727 2518 760 2546 Γ
817 2518 848 2536 Ἰ
1201 2518 1218 2528 ’
1241 2518 1402 2604 (una
1432 2544 1504 2600 τὰ
1528 2543 1644 2614 τὴν
1672 2541 2037 2607 συνείδησιν
2063 2535 2403 2598 λυποῦντα,
2438 2529 2736 2598 τέρποντα
2768 2523 2838 2579 δὲ
2868 2523 2984 2592 τὴν
3007 2518 3234 2589 σάρκα.

2227 2701 2297 2713 ⁵-

1751 2841 2827 2960 ρΕΝΤυΒιΑιιυ

1836 3061 2009 3136 Cujus
2037 3059 2154 3117 haec
2183 3067 2269 3116 est
2297 3054 2627 3113 acrostichis
2656 3071 2672 3110 :

736 3259 1177 3322 Verumtamen
1213 3252 1477 3332 proprie
1505 3247 1671 3310 mala
1709 3257 1877 3319 sunt,
1917 3261 2046 3306 non
2087 3259 2223 3323 quae
2263 3258 2509 3302 carnem
2545 3238 2865 3320 afﬂigunt,
2895 3237 3166 3299 animam
3202 3255 3347 3300 vero
3379 3233 3775 3317 puri/itaut;

987 3354 1093 3417 sed
1133 3372 1268 3437 qua:
1308 3353 1756 3416 conscientiam
1793 3345 2039 3430 quidem
2079 3340 2351 3407 tristitia
2381 3342 2695 3426 afﬁciunt,
2742 3358 2991 3404 carnem
3030 3360 3173 3404 vero
3217 3341 3516 3406 titillant.

691 3655 746 3711 l.
803 3653 952 3709 Bona
1024 3651 1092 3706 de
1144 3664 1213 3705 eo
1273 3647 1421 3720 quod
1475 3655 1672 3702 natura
1725 3645 1929 3701 bonum
1989 3644 2200 3716 cogita;
2231 3651 2274 3709 (ι

2374 3651 2444 3700 α’.
2519 3643 2729 3714 Ἀγαθὰ
2763 3642 2998 3710 διανοοῦ,
3049 3643 3146 3697 καὶ
3192 3642 3321 3714 περὶ
3366 3642 3574 3704 παντὸς
3601 3639 3893 3713 ἀνθρώπου

619 3749 717 3808 sed
746 3757 803 3804 et
836 3747 904 3802 de
928 3744 1079 3800 omni
1106 3740 1341 3797 homine
1375 3739 1583 3795 sentias
1615 3738 1775 3793 bene.

1198 3740 1341 3797 mine
1375 3739 1583 3795 sentias
1615 3738 1775 3793 bene.
2303 3737 2446 3791 καλὰ
2479 3736 2809 3806 διαλογίζοο.

687 3841 742 3896 2.
776 3839 1084 3896 Verborum
1113 3842 1170 3891 et
1213 3849 1442 3905 operum
1494 3848 1559 3886 ac
1610 3831 2006 3902 cogitationum
2036 3828 2204 3884 ratio-

2376 3829 2442 3900 β’.
2474 3829 2664 3900 Λόγων
2690 3831 2787 3883 καὶ
2813 3827 2992 3901 ἔργων
3021 3828 3117 3882 καὶ
3147 3825 3367 3881 ἐννοιῶν
3395 3820 3703 3895 ἀπολογίαν
3725 3828 3893 3882 art-2t-

619 3947 748 3993 nem
781 3927 1054 3984 reddituri
1081 3941 1274 3982 sumus
1309 3924 1365 3979 in
1389 3923 1479 3978 die
1503 3921 1739 3994 judiciil’
1764 3962 1779 3976 .

2303 3921 2545 3992 τούμεθα
2573 3921 2730 3992 παρὰ
2751 3920 2886 3975 Θεοῦ
2920 3922 2981 3974 ἐν
3003 3919 3186 3992 map;
3206 3919 3442 3993 κρίσεως

690 4026 746 4081 5.
800 4024 1034 4080 Habitus
1075 4019 1301 4077 virtutis
1339 4018 1427 4073 vel
1460 4015 1685 4072 malitiae
1720 4014 1956 4086 impellit
1986 4030 2110 4080 nos,
2145 4022 2208 4069 ut

2375 4011 2446 4084 γ’.
2502 4014 2570 4066 Ἢ
2602 4014 2714 4080 ἕξις
2746 4013 2847 4084 τῆς
2877 4013 3078 4085 ἀρετῆς
3117 4013 3150 4083 ἢ
3183 4014 3282 4083 τῆς
3329 4012 3533 4076 κακίας
3576 4016 3725 4066 κινεῖ
3751 4013 3898 4083 ἡμᾶς

621 4113 765 4169 bene
813 4112 903 4168 vel
950 4111 1093 4167 male
1127 4109 1456 4180 cogitemus,
1485 4106 1573 4161 vel
1618 4106 1908 4176 loquamur
1941 4105 2027 4160 vel
2071 4119 2206 4176 ope-

2307 4107 2402 4161 ἐπὶ
2459 4105 2528 4159 τὰ
2563 4104 2706 4160 καλὰ
2741 4105 2777 4176 ἢ
2809 4104 2880 4158 τὰ
2931 4104 3081 4160 κακὰ
3104 4107 3327 4171 ἐννοεῖν,
3377 4105 3412 4177 ἢ
3465 4105 3670 4174 λέγειν,
3712 4106 3746 4177 ἢ
3785 4107 3899 4160 δια-

625 4220 834 4260 remur.

2307 4197 2663 4269 πράττεσθαι.

692 4295 747 4348 4.
773 4294 926 4348 Mens
949 4291 1040 4347 cui
1061 4289 1384 4345 affectiones
1401 4288 1699 4359 imperant,
1729 4288 1936 4359 cogitat
1951 4305 2072 4360 quae
2097 4305 2208 4344 non

2379 4291 2444 4348 δ’.
2476 4292 2621 4357 Νοῦς
2669 4293 2780 4348 ἀπὸ
2824 4291 3014 4346 παθῶν
3043 4291 3476 4364 κεκρατημένος,
3522 4293 3704 4346 ἐννοέ
3720 4291 3787 4346 τὰ
3823 4291 3898 4362 μὴ

622 4385 859 4451 decent;
904 4383 1098 4453 quales
1139 4389 1324 4436 autem
1373 4378 1734 4451 cogitationes
1782 4379 1913 4445 sint,
1966 4378 2211 4450 produnt

2310 4387 2595 4458 πρέποντα
2614 4406 2629 4418 ·
2662 4387 2960 4460 φανεροῦσι
2979 4386 3038 4441 δέ
3059 4387 3162 4458 τὴν
3189 4385 3401 4440 ἔννοιαν
3428 4387 3480 4438 οι
3508 4386 3661 4455 λόγοι
3703 4387 3800 4440 καὶ
3831 4387 3899 4439 τὰ

623 4492 908 4534 sermones
939 4484 996 4532 et
1025 4489 1215 4546 opera.

858 4492 908 4532 es
939 4484 996 4532 et
1025 4489 1215 4546 opera.
2311 4481 2469 4552 ἔργα,

695 4570 750 4624 5.
779 4569 934 4625 Malae
977 4564 1330 4638 cogitationis
1353 4563 1466 4620 dux
1499 4563 1754 4627 aﬁ'ectio;
1793 4572 1878 4621 est
1903 4565 2212 4621 aﬁ'ectionis

2383 4575 2446 4628 ε’.
2496 4572 2691 4646 Κακῆς
2745 4571 2953 4637 ἐννοίας
2982 4575 3306 4646 προηγεῖται
3336 4574 3528 4638 πάθος,
3566 4572 3666 4627 τοῦ
3693 4572 3753 4626 δὲ
3797 4571 3899 4625 πά-

624 4668 820 4715 auctor
880 4672 1098 4723 sensus,
1139 4671 1251 4727 quo
1300 4662 1362 4710 ut
1404 4654 1548 4710 male
1593 4664 1832 4720 utamur,
1857 4655 1914 4710 in
1939 4662 2214 4712 causaest

2314 4666 2442 4731 θους
2473 4666 2623 4721 αἰτία
2679 4666 3023 4738 ,καθέστηκεν
3080 4668 3115 4738 ἠ
3165 4667 3437 4739 αἴσθησις,
3486 4667 3589 4738 τῆς
3626 4666 3685 4720 δὲ
3721 4665 3901 4735 κακῆς

625 4767 800 4809 mens.
2315 4759 2488 4830 αὐτῆς
2525 4759 2800 4830 χρήσεως,
2830 4759 2990 4830 δῆλον
3015 4760 3096 4814 ὅτι
3125 4763 3154 4814 ὁ
3183 4760 3330 4825 νοῦς.

695 4845 749 4899 6.
777 4840 1002 4898 lnclude
1029 4839 1199 4910 igitur
1224 4852 1441 4902 sensus,
1465 4852 1716 4908 expugna
1732 4837 2135 4908 phantasmata.
2159 4844 2216 4893 et

2387 4854 2464 4916 ς’.
2507 4848 2858 4903 ’Δπόκλεισον
2886 4848 2987 4921 τὴν
3013 4849 3270 4920 αἴσθησιν
3292 4866 3308 4882 ο
3340 4849 3435 4903 καὶ
3458 4849 3774 4921 πολέμησον
3802 4847 3901 4916 τὴν

626 4935 954 4990 aﬁectiones
989 4929 1158 4986 armis
1223 4927 1609 4984 mandatorum
1657 4927 1859 5000 diripe.

2318 4941 2610 5014 πρόληψιν,
2649 4943 2746 4997 καὶ
2801 4941 2989 5008 ὅπλοις
3039 4943 3151 4998 τῶν
3195 4942 3425 4997 ἐντολῶν
3475 4942 3634 4998 ἄνελέ
3686 4957 3782 4995 σου
3834 4941 3903 4995 τὰ

2240 5049 2288 5106 ι)
2316 5034 2486 5105 πάθη.

695 5132 747 5185 7.
776 5131 979 5186 Malitia
1011 5131 1343 5195 inveterata,
1373 5129 1535 5200 longa
1569 5143 1712 5199 opus
1740 5127 1910 5184 habet
1934 5129 2205 5186 exercita-

2381 5127 2449 5193 ζ’.
2505 5127 2692 5182 Κακία
2736 5128 3060 5200 χρονισασα,
3093 5127 3382 5199 ἀσκήσεως
3426 5127 3600 5183 δεῖται
3639 5126 3897 5200 χρονίας·

628 5223 800 5291 tione;
819 5224 1066 5279 stabilita
1089 5222 1238 5278 enim
1263 5218 1607 5278 consuetudo
1625 5219 1775 5275 haud
1797 5219 1980 5276 subito
2004 5219 2206 5275 immu-

2311 5222 2572 5293 συνήθεια
2639 5219 2750 5294 γὰρ
2833 5221 3176 5292 παγιωθεῖσα
3266 5221 3480 5294 ἁθρόως
3541 5222 3604 5275 ού
3677 5237 3903 5293 μετακι-

625 5323 793 5372 tatur.

2307 5315 2500 5370 νεῖται.
3177 5307 3192 5320 ⁴

693 5409 748 5466 8.
785 5406 1084 5464 Monastica
1110 5408 1225 5463 vita
1258 5424 1422 5480 quam
1479 5407 1815 5464 comitantur
1860 5405 2204 5462 continentia

2384 5413 2456 5479 η’,
2494 5407 2766 5478 Ἀσκησις
2791 5407 3158 5478 ἐπιτεταμένη
3186 5406 3513 5479 ἐγκρατείας
3536 5407 3631 5462 καὶ
3657 5406 3900 5478 ἀγάπης.

631 5515 698 5558 ac
721 5500 986 5565 charitas,
1006 5515 1105 5570 per
1130 5501 1455 5570 patientiam
1473 5507 1529 5557 et
1549 5499 1797 5571 quietem
1812 5497 1973 5557 facile
1993 5499 2209 5583 quein-

2130 5499 2209 5583 in-
2315 5500 2380 5555 δι’
2417 5500 2698 5574 ὑπομονῆς
2725 5499 2831 5574 καὶ,
2852 5500 3084 5574 ἡσυχίας
3114 5501 3293 5556 ἀνεῖλε
3321 5500 3392 5556 τὰ
3424 5501 3741 5574 ὲγκείμενα.

623 5595 812 5667 juncta
841 5603 990 5660 sunt,
1013 5592 1356 5666 exsequitur.
2629 5591 2634 5596 ’

702 5759 730 5792 ι’
753 5749 946 5808 Matth.
978 5769 1072 5822 xu,
1104 5752 1199 5809 36.
