4080 6282
599 295 732 365 1451

1720 357 1728 366 .
1848 295 2250 363 THALASSII
2290 298 2609 366 ABBATIS

3709 310 3858 379 1452

592 418 653 475 in
678 425 939 473 tenmnus
981 410 1428 486 cogitationibus,
1466 410 1928 484 contemplatione
1971 413 2156 469 horun

2273 434 2384 485 ται,
2412 420 2471 472 ἐν
2494 423 2606 484 τοῖς
2634 419 2810 491 ψιλοῖς
2833 421 3094 495 νοήμασι,
3117 422 3177 477 ἑν
3202 426 3270 497 τῇ
3293 423 3501 497 θεωρίᾳ
3526 426 3641 481 τῶν
3660 426 3861 493 ὅντων,

595 528 720 585 quae
750 521 900 578 sunt,
932 519 991 567 et
1044 510 1254 566 lumine
1303 509 1514 564 nullam
1580 508 1855 565 referente
1905 509 2168 581 speciem.

661 606 752 662 50.
781 605 1022 662 Occulta:
1051 611 1180 660 sunt
1209 604 1266 659 in
1288 603 1580 660 animabus
1603 603 1808 660 nostris
1846 604 2169 661 affectiones

589 699 870 771 pessimae;
895 697 1386 770 deprehenduntur
1409 703 1593 753 autem
1617 695 1711 752 ubi
1725 711 1891 768 opera
1911 695 1969 751 in
1987 695 2166 752 lucem

590 791 920 870 prodierint.

657 881 747 937 51.
773 880 1169 953 lmperturbata
1182 887 1365 935 manet
1391 878 1685 951 aliquando
1704 894 1879 945 mens,
1905 880 2171 951 tranquil-

588 972 802 1029 litatem
835 973 1072 1043 aliquam
1121 972 1513 1043 particularem
1545 979 1714 1027 nacta
1745 988 1758 1025 :
1786 971 2033 1042 quandiu
2082 980 2167 1028 ta-

589 1080 717 1121 men
747 1064 946 1121 absunt
978 1076 1164 1135 Opera,
1197 1063 1428 1134 probata
1460 1079 1570 1118 non
1604 1072 1708 1119 est.

658 1157 869 1212 52.Per
901 1156 1024 1223 tria,
1043 1156 1258 1211 scilicet
1277 1155 1620 1221 memoriam,
1648 1154 2030 1212 habitudinem
2047 1171 2167 1211 cor-

588 1249 742 1319 poris
766 1255 822 1303 et
848 1262 1064 1312 sensus,
1098 1254 1160 1302 ut
1183 1245 1505 1318 praedictum
1539 1254 1644 1309 est,
1671 1244 1984 1301 excitantur
2020 1245 2156 1302 affe-

589 1342 819 1397 ctioncs.

658 1431 750 1486 55.
781 1431 952 1498 Mens,
976 1429 1269 1487 custoditis
1300 1429 1556 1486 sensibus
1585 1437 1642 1485 et
1669 1429 1917 1499 corporis
1941 1428 2166 1484 habitu-

589 1527 741 1592 dine,
773 1527 828 1581 in
884 1525 1259 1582 obedientiam
1292 1525 1496 1596 justam
1532 1522 1747 1578 firmata
1781 1519 1991 1577 bellum
2023 1523 2166 1595 gerit

588 1618 854 1674 adversus
868 1617 1057 1674 'solam
1087 1616 1433 1674 memoriam.

658 1711 747 1764 54.
778 1710 824 1765 Δ
853 1710 1112 1766 sensibus
1136 1708 1392 1764 oriuntur
1410 1706 1755 1779 affectiones,
1790 1711 2011 1784 quoties
2029 1724 2163 1766 con-

592 1801 824 1858 tinentia
851 1802 1224 1873 spiritalisque
1252 1800 1494 1857 charitas
1525 1800 1828 1859 abfuerint.

656 1964 748 2020 55.
776 1965 1116 2020 Moderatum
1148 1961 1442 2035 jejunium,
1487 1960 1692 2035 vigilite
1738 1968 1797 2019 et
1844 1960 2165 2035 psalmodite

586 2060 835 2133 parabile
868 2073 1070 2130 corpus
1098 2056 1355 2114 reddunt.

656 2262 743 2318 56.
762 2260 1021 2332 Corporis
1035 2256 1418 2316 habitudinem
1430 2255 1537 2313 tria
1555 2255 1611 2312 in
1630 2254 1877 2312 deterius
1905 2253 2161 2320 alterant,

584 2371 782 2426 nempe
808 2355 986 2410 diaetae
1008 2348 1365 2416 inordinatio,
1392 2347 1521 2405 dein
1537 2349 1683 2405 aeris
1701 2346 2031 2414 immutatio,
2046 2354 2165 2401 tan-

585 2446 712 2502 dem
742 2455 798 2500 et
828 2443 1139 2499 daemonum
1171 2439 1478 2496 infestatio.

654 2535 744 2589 57.
774 2534 978 2589 Rerum
1004 2528 1280 2587 memoriae
1305 2528 1510 2600 quibus
1541 2527 1863 2585 affectiones
1916 2530 2161 2586 excitan-

586 2636 695 2694 tur,
724 2625 1002 2698 precibus,
1029 2623 1287 2689 lectione,
1307 2621 1648 2678 continentia
1670 2637 1737 2679 ac
1761 2621 2029 2680 charitate
2058 2622 2161 2677 ini-

584 2727 796 2773 nuunlu
804 2733 848 2772 1⁵.

653 2810 742 2866 58.
769 2810 976 2866 Sensus
1001 2807 1240 2879 primum
1262 2807 1454 2864 claude
1477 2817 1535 2861 et
1560 2804 1870 2877 quietiores
1894 2802 2083 2870 facito,
2102 2810 2161 2857 et

582 2910 773 2972 postea
799 2898 969 2956 armis
991 2898 1261 2956 virtutum
1284 2897 1549 2956 adversus
1574 2911 1639 2953 ea
1661 2911 1785 2967 quae
1834 2895 2158 2952 memoriam

584 2988 866 3053 infestant,
898 2987 1171 3058 praeliare.

2270 512 2329 564 ἑν
2355 511 2437 584 τῷ
2460 512 2618 584 ἀϊδίῳ
2636 515 2799 584 φωτί.

2339 603 2404 659 λ’.
2442 606 2696 662 Κάκιστα
2735 607 2885 677 πάθη
2939 607 3003 663 ἐν
3046 612 3167 675 ταῖς
3216 610 3422 681 ψυχαῖς
3463 611 3625 683 ἡμῶν
3650 613 3897 685 κέκρψ,

2270 713 2434 751 πταιο
2477 698 2603 753 τότε
2639 698 2696 754 δὲ
2730 700 3009 771 φαίνεται,
3056 703 3189 757 ὅταν
3232 704 3305 759 τά
3348 706 3662 778 πράγματα
3703 707 3863 776 ἑλέτ-

2269 807 2492 861 χωνται.

2338 880 2450 935 λα’·
2484 881 2867 955 ’Δνενόχλητος
2911 883 3062 954 μένει
3090 883 3207 939 ἔσθ’
3231 884 3325 939 ὅτι
3349 886 3380 939 6
3417 884 3564 949 νοῦς.
3616 883 3861 957 tum-151;

2266 972 2446 1045 τυχὼν
2500 973 2809 1040 ἀπαθείας·
2862 975 3122 1049 ἀδόκιμος
3171 976 3229 1032 δέ
3273 978 3425 1032 ἔστιν
3470 978 3563 1032 διά
3591 977 3698 1049 τὴν
3742 976 3861 1031 τῶν

2268 1067 2614 1139 πραγμάτων
2646 1068 2942 1126 ἀπουσίαν.

2337 1156 2439 1228 λβ⁸.
2482 1157 2779 1214 Κινοῦνται
2817 1160 2890 1214 τά
2933 1157 3082 1232 πάθη
3124 1158 3216 1215 διά
3271 1161 3382 1216 τῶν
3404 1161 3575 1232 τριῶν
3619 1161 3855 1225 τούτων.

2267 1250 2361 1306 διά
2390 1268 2449 1307 τε
2481 1251 2584 1323 τῆς
2609 1253 2832 1324 μνήμης
2855 1252 2953 1306 καὶ
2983 1252 3082 1323 τῆς
3112 1253 3387 1325 κράσεως,
3414 1256 3509 1309 καὶ
3530 1254 3640 1325 τῆς
3658 1254 3856 1325 αἰσθή-

2269 1362 2428 1411 σεως,
2466 1345 2543 1410 ὡς
2581 1344 2933 1416 προείρηται.

2335 1434 2439 1506 λγ’.
2480 1438 2539 1489 Ὀ
2565 1434 2691 1500 νοῦς
2722 1437 2823 1507 τήν
2850 1453 2909 1490 τε
2947 1436 3202 1508 αἴσθησιν
3228 1436 3585 1502 ἀποκλείσας,
3623 1437 3726 1491 καὶ
3753 1436 3854 1508 τὴν

2268 1529 2469 1598 κρᾶσιν
2505 1527 2795 1599 ὁμαλίσας,
2838 1527 2978 1601 πρὸς
3009 1531 3179 1601 μόνην
3214 1528 3315 1602 τὴν
3345 1530 3573 1602 μνήμην
3606 1530 3729 1601 ἔχει
3762 1530 3857 1583 τὸν

2268 1620 2528 1692 πόλεμον.

2337 1712 2433 1766 λδ’.
2471 1711 2608 1768 Ὑπὸ
2629 1710 2740 1765 τῶν
2773 1711 3085 1783 αίσθήσεων
3114 1712 3239 1769 τότε
3269 1712 3339 1766 τά
3363 1710 3511 1784 πάθη
3540 1709 3854 1774 κινοῦνται,

2265 1804 2504 1878 ὁπηνίκα
2545 1803 2846 1876 ἐγκράτεια
2889 1807 2967 1877 μὴ
3008 1807 3185 1879 παρῇ,
3237 1805 3331 1860 καὶ⁹
3368 1804 3558 1875 ἀγάπη
3602 1819 3855 1874 πνευμαο

2263 1899 2411 1970 τική.

2334 1987 2431 2045 λε’.
2507 1988 2753 2062 Νηπεία
2812 1985 3148 2060 σύμμετρος,
3214 1986 3313 2042 καὶ
3379 1984 3686 2057 ἀγρυπνία,
3750 1984 3851 2039 καὶ

2261 2078 2552 2152 ψαλμῳδία
2625 2079 2869 2151 πέφυκεν
2947 2078 3231 2150 ὁμαλίζειν
3312 2077 3412 2149 τὴν
3476 2079 3677 2149 κρᾶσιν
3749 2075 3852 2129 τοῦ

2265 2171 2540 2245 σώματος.

2332 2262 2442 2329 λς’.
2487 2262 2569 2319 Τὰ
2618 2261 2746 2334 τρία
2789 2260 2965 2318 ταῦτα
3003 2262 3103 2335 τὴν
3145 2262 3346 2334 κρᾶσιν
3392 2261 3537 2317 κατά
3568 2261 3633 2316 τὸ
3661 2261 3849 2334 χεῖρον

2260 2354 2422 2426 δῆλον
2452 2354 2535 2410 δτι
2572 2354 2901 2423 άλλοιοῦσιν,
2947 2356 2982 2429 ἠ
3019 2355 3121 2427 τῆς
3145 2354 3358 2425 διαίτης
3391 2352 3613 2421 ἀταξία,
3646 2354 3685 2425 η
3731 2352 3848 2408 τῶν

2262 2447 2443 2519 ἀέρων
2473 2446 2885 2521 μεταϐολὴ,καὶ
2913 2450 2947 2520 η
2979 2446 3090 2503 τῶν
3117 2446 3389 2519 δαιμόνων
3416 2446 3623 2517 ἑπαφή.

2332 2539 2432 2604 λζ’.
2478 2540 2545 2594 Al
2594 2539 2863 2612 ἐμπαθεῖς
2902 2539 3117 2613 μνῆμαι
3146 2538 3236 2594 διὰ
3271 2538 3483 2593 τούτων
3527 2536 3839 2607 ψιλοῦνται.

2259 2630 2349 2686 διὰ
2364 2630 2697 2704 προσευχῆς,
2715 2634 2814 2688 καὶ
2832 2631 3215 2703 ἀναγνώσεως,
3244 2630 3341 2686 καὶ
3362 2629 3718 2703 ἐγκρατείας,
3746 2630 3841 2683 καὶ

2260 2724 2506 2796 ἀγάπης.
3118 2736 3121 2739 ‘

2329 2819 2433 2890 λη’.
2472 2819 2587 2891 Τὴν
2613 2818 2868 2892 αἴσθησιν
2896 2803 3120 2891 ’πρῶτον
3151 2819 3221 2892 τῇ
3243 2817 3452 2891 ἠσυχίᾳ
3482 2815 3836 2883 ἀπόκλεισον,

2259 2913 2356 2966 καὶ
2385 2911 2509 2966 τότε
2529 2912 2643 2978 τοῖς
2678 2911 2867 2978 ὅπλοις
2900 2896 3013 2967 τῶν
3042 2910 3258 2985 ἀρετῶν
3291 2910 3433 2983 πρὸς
3469 2909 3573 2974 τὰς
3612 2910 3839 2981 μνήμας

2261 3002 2595 3075 πολέμησον.

653 3079 741 3135 59.
768 3079 838 3135 Ut
865 3078 1258 3150 cogitationum
1291 3077 1519 3145 abusus,
1551 3076 1762 3133 malitia
1799 3085 1887 3133 est
1921 3091 2150 3145 earum;

2332 3058 2432 3152 10;.
2463 3058 2541 3149 ³11
2565 3058 2708 3151 κατά
2745 3096 2988 3154 διάνοιαν
3021 3096 3211 3165 κακία,
3245 3096 3282 3169 η
3324 3058 3687 3166 παράχρησίς
3725 3089 3842 3143 εστι

583 3174 658 3230 ita
682 3184 739 3230 et
762 3189 992 3246 operum
1024 3172 1230 3230 abusus
1249 3171 1568 3230 earumdem
1599 3179 1687 3228 est
1711 3170 1940 3227 malitia.

649 3369 741 3427 40.
766 3369 901 3426 Tam
930 3368 1324 3442 cogitationum
1349 3382 1518 3441 quam
1561 3368 1792 3439 Operum
1815 3366 2043 3435 abusus,
2075 3373 2161 3424 est

571 3464 790 3522 .eisdem
819 3481 930 3521 non
963 3464 1222 3538 religiose
1240 3472 1297 3521 et
1317 3462 1466 3537 juste
1495 3461 1596 3519 uti.

651 3650 740 3705 41.
772 3648 1109 3706 Allectiones
1133 3655 1327 3715 turpes
1352 3646 1557 3702 mentis
1583 3644 1805 3703 vincula
1853 3652 2004 3711 sunt,
2028 3644 2156 3717 qui-

582 3743 685 3799 bus
716 3743 771 3797 in
803 3740 1120 3797 carnalibus
1145 3738 1409 3811 operibus
1439 3738 1743 3797 detinetur.

648 3835 738 3891 62.
776 3833 1084 3890 Perfectam
1114 3832 1565 3904 tranquillitatem
1599 3843 1888 3891 assecutus
1916 3842 2023 3901 est,
2058 3832 2154 3905 qui

578 3942 758 3998 neque
805 3941 936 3998 erga
974 3941 1142 3997 opera
1198 3939 1379 3996 neque
1430 3939 1662 3996 operum
1700 3926 1993 3982 memorias
2036 3924 2153 3981 alli-

578 4021 747 4077 citur.
1242 4070 1256 4081 ,

646 4112 738 4166 45.
776 4109 972 4165 Anima
1003 4106 1149 4164 bona
1186 4108 1498 4178 proximum
1522 4123 1685 4164 suum
1717 4108 2003 4165 beneficiis
2027 4124 2155 4180 pro-

579 4201 864 4271 sequitur:
891 4209 946 4255 et
971 4200 1018 4255 si
1049 4199 1325 4269 ingratum
1388 4201 1728 4268 experiatur,
1763 4200 2152 4271 longanimiter

576 4293 727 4358 fert;
770 4290 907 4362 quin
931 4290 1097 4347 etiam
1127 4288 1328 4344 tolerat
1363 4289 1723 4357 sustinenter,
1758 4292 1805 4349 si
1829 4293 1900 4350 ab
1922 4309 1991 4351 eo
2015 4296 2150 4366 quid

576 4382 836 4456 patiatur.

2261 3187 2370 3243 τῶν
2420 3189 2711 3260 νοημάτων
2732 3203 2747 3218 ·
2805 3190 2840 3262 η
2898 3189 2957 3244 δὲ
3009 3188 3131 3244 κατ’
3178 3188 3468 3260 ἐνέργειαν
3520 3183 3770 3257 ἁμαρτία
3808 3182 3843 3253 η

2260 3280 2609 3355 παράχρησις
2635 3283 2752 3337 ἑστι
2780 3282 2892 3337 τῶν
2911 3282 3272 3355 πραγμάτων.

2332 3381 2407 3447 μ’.
2438 3375 2745 3449 Νοημάτων
2780 3375 2879 3432 καὶ
2912 3374 3258 3450 πραγμάτων
3280 3372 3433 3429 ἐστὶν
3460 3372 3841 3445 παράχρησις,

2256 3466 2321 3521 τὸ
2350 3466 2427 3540 μὴ
2469 3465 2710 3533 ιύσεὸῶς
2760 3468 2856 3522 καὶ
2896 3465 3118 3533 δικαίως
3158 3468 3273 3532 τοῖς
3306 3465 3653 3540 ἀμφοτέροις
3703 3464 3841 3536 χρή-

2261 3555 2481 3617 σασθαι.

2329 3655 2440 3720 μα’.
2494 3647 2682 3722 Δεσμά
2736 3647 3065 3721 ὑπάρχουσιν
3100 3645 3251 3719 πάθη
3292 3644 3494 3717 ψεκτὰ.
3535 3644 3840 3716 κατέχοντι

2254 3739 2347 3794 τὸν
2370 3738 2496 3793 νοῦν
2524 3739 2584 3793 ιν
2607 3740 2723 3804 τοῖς
2747 3739 3029 3812 αίσθητοῖς
3052 3737 3417 3811 πραγμάτων.

2328 3831 2440 3904 μβ’,
2486 3830 2726 3897 Ἐκεῖνος
2744 3831 2959 3888 τελείαν
2986 3831 3101 3903 ἔχει
3142 3830 3436 3898 ἀπάθειαν,
3466 3833 3498 3887 6
3533 3831 3674 3904 μηδὲ
3701 3832 3838 3904 πρὸς

2253 3923 2323 3980 τὰ
2378 3923 2684 3997 πράγματα
2742 3925 2991 3997 πάσχων,
3061 3922 3197 3997 μηδὲ
3250 3922 3392 3995 πρὸς
3458 3922 3563 3988 τὰς
3613 3925 3837 3996 μνήμας

2253 4013 2456 4069 αὐτῶν.

2324 4103 2437 4176 μγ’.
2492 4103 2655 4176 Ψυχὴ
2710 4103 2891 4175 ἀγαθὴ
2935 4104 3216 4176 εὐεργετεῖ
3268 4102 3361 4157 τὸν
3421 4101 3674 4175 πλησίον,
3737 4102 3833 4157 καὶ

2251 4196 2712 4269 ἀγνωμονουμένη
2750 4183 3101 4269 μακροθυμιί
3119 4196 3208 4249 ἐπ’
3227 4195 3400 4269 αὐτῷ,
3421 4198 3519 4250 καὶ
3543 4197 3831 4267 πάσχουσα

2250 4289 2514 4362 ὑπομένει
2550 4288 2623 4344 τὰ
2648 4289 2781 4361 παρ’
2810 4287 3001 4347 αὑτοῦ.

644 4473 736 4529 At.
764 4471 899 4528 Tam
930 4470 1119 4545 gravia
1151 4471 1296 4527 mala
1329 4479 1480 4539 sunt,
1518 4478 1702 4543 pravae
1760 4474 2147 4547 cogitationes,

2327 4471 2431 4544 μδ’.
2494 4469 2842 4543 ’Υπάρχοντά
2880 4470 2998 4526 ἐστι
3043 4471 3220 4555 κακά,
3280 4473 3536 4541 λογισμοὶ
3577 4476 3831 4545 πονηροὶ,

576 4573 639 4621 ut
679 4564 788 4621 nisi
825 4564 954 4636 quis
994 4564 1081 4621 eis
1116 4563 1433 4633 renuntiet,
1466 4564 1757 4623 scientiam
1797 4582 1985 4623 veram
2036 4584 2149 4625 non

574 4656 843 4715 addiscat.

640 4749 733 4804 45.
759 4748 1046 4805 Christum
1070 4749 1169 4820 qui
1195 4748 1353 4805 audit
1375 4758 1422 4815 ',
1452 4749 1697 4821 seipsum
1722 4750 1791 4806 ad
1820 4751 1999 4811 lucem
2053 4753 2149 4810 ad.

571 4840 727 4897 ducit
754 4859 766 4896 :
795 4841 891 4912 qui
914 4855 1047 4898 vero
1078 4840 1259 4912 ipsum
1286 4841 1553 4907 imitatur,
1575 4842 1816 4913 seipsum
1866 4842 2145 4899 emendat.

640 4930 732 4990 46.
759 4934 1091 5006 Iniuriarum
1121 4933 1463 5003 recordatio,
1489 4934 1640 5006 lepra
1668 4944 1752 5001 est
1774 4936 1999 5003 animae,
2026 4953 2148 5008 qua:

568 5026 657 5082 vel
688 5043 755 5081 ex
786 5027 1117 5099 ignominia,
1141 5028 1228 5083 vel
1257 5028 1490 5094 damno,
1518 5028 1603 5084 vel
1639 5029 1963 5100 suspiciosis
1996 5032 2149 5104 cogi-

571 5118 879 5173 tationibus
909 5118 1135 5175 accidit.

640 5210 733 5265 47.
779 5209 1020 5266 Mentem
1074 5212 1246 5267 invidi
1300 5223 1536 5268 excmcat
1586 5213 1883 5284 Dominus;
1945 5215 2146 5288 injuste

568 5302 721 5358 enim
749 5300 819 5358 de
847 5301 1008 5358 bonis
1035 5302 1271 5374 proximi
1299 5305 1683 5360 contristatur.

636 5416 728 5473 48.
766 5415 1187 5473 Obtrectatricis
1228 5419 1423 5473 animae
1467 5418 1683 5490 lingua,
1720 5418 1875 5477 hasta
1914 5429 2000 5478 est
2042 5422 2141 5479 tri-

569 5506 785 5575 cuspis;
820 5521 949 5560 nam
978 5514 1036 5561 et
1061 5506 1300 5577 seipsam
1328 5515 1385 5561 et
1412 5507 1759 5577 audientem,
1813 5510 2143 5582 quandoque

570 5596 737 5651 etiam
766 5612 895 5652 eum
923 5595 991 5653 de
1016 5611 1127 5668 quo
1151 5597 1495 5668 obloquitur,
1522 5596 1689 5654 laedit.

642 5762 667 5793 ³
692 5754 881 5808 Matth.
913 5770 1007 5815 vn.
1032 5756 1123 5809 Ἡ.

2252 4558 2337 4629 οἷς
2362 4564 2392 4620 6
2422 4563 2499 4637 μὴ
2514 4563 2980 4635 ἀποτασσόμενος,
3009 4564 3072 4618 οὐ
3094 4563 3389 4635 μαθητεύει
3425 4566 3493 4635 τῇ
3532 4564 3760 4635 γνώσει.

2325 4755 2429 4821 με’.
2459 4748 2700 4823 Χριστοῦ
2722 4750 2752 4803 6
2789 4748 3026 4812 ἀκούων,
3068 4746 3259 4801 ἑαυτὸν
3291 4751 3641 4819 φωταγωγεῐ,
3678 4749 3775 4805 καὶ
3802 4751 3834 4802 6

2254 4839 2590 4912 μιμούμενος
2622 4837 2809 4906 αὐτὸν,
2839 4837 3171 4909 διορθοῦται.

2322 4931 2439 5001 μς’.
2498 4930 2565 4984 Ἦ
2620 4930 2958 5003 μνησικακία
3000 4930 3177 5002 λέπρα
3239 4932 3360 4985 ἐστὶ
3403 4931 3622 5002 ψυχῆςο
3688 4948 3837 5003 συμ-

2246 5024 2423 5078 ϐαίνει
2450 5022 2507 5077 δὲ
2540 5022 2679 5095 αὐτὴ
2713 5022 2823 5077 άπδ
2864 5023 3121 5095 ἀτιμιῶν,
3162 5024 3195 5096 ἦ
3224 5023 3448 5097 ζημίας,
3487 5024 3521 5098 ἢ
3552 5024 3839 5095 λογισμῶν

2246 5116 2524 5180 ὑπονοίας.

2319 5207 2427 5280 μζ’.
2460 5207 2664 5278 Κύριος
2691 5204 2819 5262 νοῦν
2840 5206 3117 5279 ’φθονερὸν
3157 5208 3433 5278 ὲκτυιρλοῖ,
3464 5209 3547 5263 ὅτι
3572 5208 3838 5264 λυπεῖται

2250 5300 2455 5364 ἀδίκως
2483 5300 2576 5353 ἐπὶ
2605 5299 2720 5363 τοῖς
2746 5296 2971 5367 ἀγαθοῖς
3012 5298 3107 5352 τοῦ
3152 5299 3401 5371 πλησίον.

2325 5422 2438 5489 μη⁹.
2463 5414 2782 5477 Καταλάλος
2808 5413 2864 5468 δὲ
2888 5414 3035 5488 ψυχὴ
3065 5415 3334 5487 τρίὸωλον
3366 5416 3507 5487 ἔχων
3540 5416 3805 5487 γλῶσσαν
3826 5437 3843 5451 .

2250 5506 2443 5563 ἑαυτὸν
2485 5507 2596 5577 γὰρ
2634 5506 2729 5560 καὶ
2768 5504 2860 5558 τὸν
2893 5505 3182 5575 ἀκούοντα,
3216 5506 3331 5564 ’ἐσθ’
3358 5511 3451 5564 ὅτε
3500 5508 3559 5565 δὲ
3600 5510 3696 5564 καὶ
3738 5512 3844 5563 τὸν

2252 5598 2556 5655 καταλαλού
2567 5614 2726 5652 μενον
2750 5594 2981 5665 βλάπτει
