4080 6282
1982 656 2204 715 alienus
2252 663 2396 731 erit,
2437 666 2483 721 si
2534 670 2760 728 eosdem
2810 674 3121 736 liberaliter
3170 682 3335 740 donis
3376 702 3571 758 prose-

1985 759 2209 818 quatur.

2047 840 2137 895 50.
2184 840 2388 903 Odium
2432 864 2562 922 erga
2612 856 2964 925 proximum,
3011 877 3163 920 mors
3207 876 3292 923 est
3333 872 3557 939 animae;

1975 946 2099 988 eam
2141 934 2253 993 fert
2289 948 2348 994 et
2384 939 2554 998 infert
2595 946 2986 1008 obtrectatoris
3024 953 3233 1028 lingua.

2045 1026 2133 1080 51.
2180 1027 2417 1101 Acedia,
2464 1036 2801 1110 negligentia
2855 1043 3082 1113 animae;
3118 1026 3323 1108 Vanima
3377 1063 3564 1113 autem

1975 1124 2105 1174 tunc
2139 1122 2427 1195 negligens
2458 1136 2578 1195 est,
2608 1130 2831 1202 quando
2863 1136 3051 1194 studio
3083 1141 3428 1214 voluptatum
3464 1148 3564 1206 de-

1974 1207 2093 1264 dita
2110 1253 2125 1277 ,
2159 1214 2415 1273 morbida
2447 1220 2639 1279 fuerit.

2038 1300 2127 1357 52.
2164 1302 2267 1372 Qui
2299 1306 2489 1367 Jesum
2522 1312 2731 1388 diligit,
2767 1319 3056 1381 laboribus
3090 1340 3316 1387 exercet
3346 1343 3555 1392 semet-

1970 1393 2154 1465 ipsum
2186 1416 2199 1452 :
2229 1416 2370 1470 quos
2400 1419 2527 1461 cum
2558 1408 2786 1477 tolerat,
2817 1413 2974 1486 fugat
2998 1418 3274 1477 acediam.

2034 1488 2124 1543 55.
2154 1489 2477 1551 Monasticis
2501 1496 2795 1557 laboribus
2819 1502 3072 1563 ﬁrmatur
3090 1510 3309 1579 anima;
3341 1522 3399 1569 et
3426 1529 3551 1574 cum

1961 1580 2146 1637 omnia
2176 1598 2301 1640 cum
2333 1602 2596 1645 mensura
2626 1592 2790 1659 facit,
2821 1597 3065 1670 abigitur
3086 1604 3301 1659 acedia.

2028 1669 2117 1726 54.
2142 1671 2250 1739 Qui
2274 1678 2459 1733 ventri
2484 1681 2743 1753 imperat,
2765 1669 3248 1760 concupiscentias
3271 1690 3547 1768 tabefacit,

1956 1772 2012 1819 et
2039 1766 2474 1838 cogitationibus
2496 1773 2931 1836 fornicationum
2966 1794 3209 1843 mentem
3234 1804 3397 1847 suam
3431 1809 3550 1850 ser-

1887 1829 1931 1890 θ
1957 1856 2076 1913 vire
2103 1874 2215 1915 non
2245 1861 2400 1919 sinit.

2021 1951 2110 2007 55.
2144 1952 2298 2012 Mens
2330 1957 2673 2019 continentis
2709 1966 2975 2037 templum
3011 1980 3099 2027 est
3134 1972 3376 2046 Spiritus
3413 1995 3544 2036 san-

1949 2040 2052 2108 cti;
2085 2044 2266 2116 gulosi
2297 2055 2486 2105 autem
2518 2067 2706 2120 mens,
2734 2072 3031 2116 corvorum
3062 2071 3148 2120 est
3176 2065 3541 2127 domicilium.

2017 2131 2106 2189 56.
2151 2134 2488 2195 Varietatem
2530 2142 2848 2202 eduliorum
2892 2158 3159 2222 appetere
3202 2155 3336 2215 facit
3372 2162 3541 2219 satie-

1561 2202 1721 2275 ίίιιλδν
1751 2206 1845 2262 τδν
1949 2234 2058 2293 tas;
2094 2226 2401 2301 indigentia
2428 2249 2564 2292 vero
2596 2251 2825 2295 suavem
2852 2202 2993 2298 facti;
3014 2243 3221 2303 siccum
3252 2258 3311 2306 et
3337 2251 3539 2311 deeru-

1943 2327 2147 2374 statum
2182 2337 2403 2392 panem.

2014 2412 2102 2467 57.
2130 2412 2362 2472 Alienus
2400 2416 2461 2473 fit
2496 2420 2568 2476 ab
2608 2421 2847 2494 invidia,
2873 2427 2971 2498 qui
3006 2430 3059 2486 ei
3098 2431 3191 2489 cui
3233 2434 3531 2508 invidetur.

1942 2501 1998 2559 in
2045 2510 2419 2578 prosperitate
2462 2516 2805 2586 congaudet,
2839 2534 2963 2579 sese
3010 2525 3300 2585 occultans
3342 2531 3395 2586 ei
3437 2501 3532 2605 qui

1942 2591 2177 2655 invidet.

2009 2687 2099 2743 58.
2128 2688 2214 2745 Ab
2248 2689 2476 2749 homine
2510 2694 2685 2751 vitam
2718 2699 3068 2773 negligenter
3097 2718 3298 2778 agente
3332 2716 3530 2782 procul

1933 2779 2234 2849 abscedas,
2262 2784 2483 2843 etiamsi
2520 2789 2667 2861 apud
2710 2792 3007 2866 plerosque
3048 2814 3309 2871 magnum
3334 2779 3529 2877 ipsius

1933 2871 2007 2927 sit
2044 2888 2269 2930 nomen.

2004 2967 2093 3023 59.
2128 2968 2389 3026 Amicum
2428 2972 2528 3028 tibi
2563 2990 2729 3046 para,
2759 2976 2942 3036 virum
2965 2981 3186 3042 laboris
3216 2986 3521 3058 patientem

1930 3067 1989 3114 et
2015 3060 2272 3129 avidum,
2298 3073 2356 3120 et
2384 3064 2442 3121 in
2474 3066 2727 3138 lapsibus
2758 3070 2868 3129 tuis
2896 3075 3215 3144 praesidium
3246 3080 3517 3141 invenies.

1853 3186 1898 3245 ο
1999 3152 2087 3209 60.
2113 3154 2410 3227 Negligens
2442 3160 2637 3217 multis
2664 3161 2909 3221 dominis
2939 3170 3297 3231 venundatus
3321 3184 3437 3242 est,
3464 3186 3520 3234 et

1928 3255 2188 3302 versatur
2219 3258 2503 3323 utcunque
2530 3252 2817 3313 duxerint.

1996 3339 2087 3395 6l.
2125 3340 2438 3401 Benevolus
2481 3346 2585 3403 tibi
2625 3349 2736 3405 erit
2776 3360 2833 3407 et
2867 3355 3034 3412 amici
3076 3357 3229 3426 loco,
3267 3368 3517 3436 tempore

1925 3430 2112 3500 pacis;
2158 3434 2260 3490 sed
2306 3446 2368 3493 ut
2413 3437 2629 3508 hostis,
2662 3451 2911 3516 tempere
2960 3451 3285 3511 tentationis
3330 3430 3514 3529 impu-

1924 3524 2131 3595 gnabit.

1992 3615 2079 3672 62.
2130 3617 2442 3693 Antequam
2496 3626 2888 3689 tribulationes
2936 3649 3297 3709 moveantur,
3349 3646 3510 3715 ponit

1920 3723 2025 3778 pro
2070 3719 2125 3767 te
2165 3714 2407 3772 animam
2449 3734 2642 3790 suam;
2695 3724 2793 3781 ubi
2836 3736 3026 3786 autem
3068 3744 3232 3792 moue
3267 3714 3507 3807 fuerint,

1919 3806 2068 3855 tuam
2105 3804 2274 3861 etiam
2313 3808 2560 3866 animam
2604 3813 2768 3873 tollit.

1986 3893 2072 3948 65.
2107 3894 2279 3953 Terra
2324 3899 2533 3959 inculta
2576 3912 2635 3960 et
2678 3906 2935 3978 deserta,
2968 3914 3146 3985 spinis
3189 3917 3502 3991 densescit;

363 803 427 853 v'.
484 799 731 867 Θάνατος
787 803 971 879 ψυχῆς
1036 810 1191 879 μῖσος
1262 812 1401 885 πρὸς
1456 816 1553 871 τὸν
1612 820 1877 892 πλησίονο

283 887 475 944 τοῦτον
511 891 625 962 εχει
660 895 755 949 καὶ
779 897 1009 967 πράττει
1035 901 1068 973 η
1098 902 1194 956 τοῦ
1218 907 1527 964 καταλάλου
1555 887 1801 978 γλῶσσα.

354 988 460 1037 να’.
515 984 739 1057 Ἀκηδία
768 988 917 1044 ἐστὶν
944 991 1210 1068 ὀλιγωρία
1256 996 1467 1072 ψυχῆςο
1515 1002 1775 1079 ὀλιγωρεί
1814 1007 1874 1062 δὲ

276 1073 431 1148 ψυχὴ
460 1076 843 1149 φιληδονοῦσα.

350 1254 453 1328 νβ’.
498 1257 705 1331 Ἰησοῦν
726 1261 759 1315 ὀ
792 1263 1031 1333 ἀγαπῶν
1056 1271 1394 1341 γυμνάζεται
1422 1276 1482 1330 ἐν
1506 1278 1708 1348 πόνοις,
1735 1299 1869 1356 καρ-

270 1351 435 1423 τερίᾳ
464 1352 520 1406 δὲ
545 1354 727 1410 πόνων
760 1357 1013 1416 ἐκδιώκει
1050 1363 1303 1437 ἁκηδίαν.

347 1451 450 1514 vf.
513 1445 809 1505 Ῥώννυται
829 1451 981 1526 ψυχὴ
1012 1455 1100 1511 διά
1128 1460 1309 1515 πόνων
1338 1462 1649 1535 ἀσκήσεως,
1682 1469 1777 1524 καὶ
1804 1471 1863 1526 ὲν

272 1534 355 1606 τῷ
383 1536 562 1590 πάντα
590 1539 778 1611 μέτρῳ
818 1546 995 1599 ποιεῖν
1013 1546 1313 1605 ἀπελαύνει
1352 1554 1607 1626 ἀκηδίαν.

342 1626 436 1682 νδν.
478 1627 539 1682 Ὀ
574 1631 796 1703 κρατῶν
824 1637 1086 1709 γαστρὸς,
1126 1644 1385 1714 μαραίνει
1412 1646 1735 1720 ἐπιθυμίαν,
1764 1653 1859 1707 καὶ

264 1715 553 1792 λογισμοῖς
583 1725 843 1796 πορνείας
867 1729 931 1782 οὺ
957 1729 1202 1788 δουλεύει
1233 1737 1262 1791 ὀ
1294 1736 1421 1804 νοῦς
1451 1715 1641 1800 αὐτοῦ.

334 1900 428 1957 νε⁹.
468 1903 613 1970 Νοῦς
641 1906 952 1980 ἐγκρατοῦς
1002 1910 1132 1980 ναδς
1170 1916 1329 1987 ἁγίου
1360 1922 1715 1995 Πνεύματος·
1742 1929 1771 1983 ὁ
1792 1927 1850 1986 δὲ

259 1993 358 2050 τοῦ
396 1994 838 2072 γαστριμάργου,
868 2008 1294 2083 κατοικητήριον
1331 1993 1609 2087 κοράκων.

331 2094 441 2153 νς’.
490 2090 598 2163 Τῆς
622 2092 733 2148 τῶν
769 2095 1078 2168 βρωμάτων
1122 2103 1399 2172 ποικιλίας
1442 2111 1472 2163 ὁ
1508 2111 1670 2181 κόρος
1703 2116 1849 2168 ποιεῖ

256 2181 581 2255 ἐπιθυμίαν,
629 2186 663 2258 η
704 2187 761 2243 δὲ
803 2189 985 2247 ἔνδεια
1015 2193 1200 2265 ἡδύνει
1231 2197 1327 2254 καὶ
1357 2200 1527 2256 αὐτὸν

253 2273 445 2346 ἄρτον.

324 2368 423 2434 νζ¹.
472 2370 905 2431 ’Δπαλλάττεται
939 2376 1136 2448 φθόνου
1170 2381 1201 2436 ὁ
1247 2386 1562 2459 συγχαίρων
1600 2388 1680 2462 τῷ
1708 2390 1840 2463 φθο-

249 2461 501 2534 νουμένῳ
526 2466 786 2537 κρυπτῶς
821 2468 919 2525 τοῦ
957 2471 1306 2543 φθονοῦντος.

320 2650 431 2716 νη’.
461 2645 568 2699 Τοῦ
598 2648 816 2719 ἀμελῶς
857 2651 1104 2723 βιοῦντος
1137 2658 1419 2731 μάκρυνον
1450 2666 1699 2733 σεαυτὸν,
1731 2670 1837 2728 κᾶν

242 2735 422 2808 ὄνομα
458 2739 603 2808 μέγα
627 2742 779 2813 παρά
809 2744 1025 2812 πολλοῖς
1052 2748 1337 2825 κέκτηται.

316 2916 418 2974 νθ’.
460 2921 666 2994 ’Ἄνδρα
692 2923 981 2993 φιλόπονον
1017 2931 1218 3002 κτῆσαι
1254 2933 1430 3006 φίλον,
1460 2939 1556 2995 καὶ
1579 2941 1832 3016 εὑρήσεις

242 3010 460 3084 σκέπην
492 3014 601 3070 τῶν
641 3016 750 3073 σῶν
793 3020 1149 3095 σφαλμάτων.

313 3103 379 3172 ξ’.
414 3110 715 3176 Δεσπόταις
748 3112 1008 3181 πολλοῖςὸ
1044 3119 1255 3193 ἀμελὴς
1290 3116 1592 3199 πέπραταῇ
1630 3130 1727 3183 καὶ
1750 3130 1828 3195 ὡς

237 3192 469 3266 ἄγουσιν
501 3199 685 3269 αὑτὸν,
722 3201 896 3269 οὕτως
925 3192 1250 3278 διαγίνεται.

304 3289 413 3358 Ea’.
440 3291 631 3347 Εὐνοεῖ
658 3310 741 3347 σοι
764 3292 841 3361 ὡς
871 3296 1027 3367 φίλος
1062 3302 1122 3355 ὲν
1150 3304 1329 3377 καιρῷ
1357 3308 1606 3382 εἰρήνης,
1643 3313 1739 3368 καὶ
1767 3315 1827 3368 ὲν

233 3383 418 3458 καιρῷ
449 3386 763 3459 πειρασμοῦ
798 3387 878 3455 ὡς
908 3390 1102 3464 ὲχθρὸς
1145 3396 1407 3470 πολεμεῖ.

306 3563 410 3638 CF.
447 3568 563 3642 Τὴν
604 3570 784 3646 ψυχὴν
821 3575 1035 3649 τίθησιν
1063 3579 1207 3655 ὑπερ
1248 3583 1343 3639 σοῦ
1390 3586 1497 3659 πρὸ
1537 3590 1634 3660 τῆς
1665 3592 1820 3664 κινή-

231 3674 375 3725 σεως
419 3661 529 3716 τῶν
578 3664 792 3737 παθῶν,
834 3670 930 3726 καὶ
966 3670 1099 3727 ὅταν
1142 3676 1461 3751 κινηθῶσιν,
1502 3681 1601 3755 την
1640 3661 1819 3757 ψυχήν

227 3769 328 3806 σου
365 3753 651 3824 λαμϐάνει.

297 3844 403 3915 Er’.
442 3848 505 3903 Ἦ
539 3853 880 3925 χερσωθεῖσα
900 3857 995 3931 γῆ,
1026 3859 1281 3917 ἀκανθῶν
1311 3866 1690 3942 πεπλήρωται,
1720 3874 1815 3927 καὶ

222 3936 439 4011 ἀμελὴς
467 3940 613 4016 ψυχὴ
647 3946 837 4001 παθῶν
862 3948 1213 4022 ἀκαθάρτων.

297 4027 389 4093 ξδ’.
434 4030 581 4099 Νοῦς
630 4035 897 4109 φρόνιμος
962 4040 1176 4111 χαλινοῖ
1227 4043 1410 4116 ψυχὴν
1466 4048 1657 4115 αὐτοῦ,
1716 4053 1811 4106 καὶ

220 4117 519 4186 ὐποπιάζει
544 4123 607 4177 τὸ
630 4124 810 4198 σῶμα,
840 4129 935 4183 καί¹
953 4129 1295 4203 δουλαγωγεῖ
1319 4135 1388 4190 τὰ
1418 4138 1590 4211 πάθη.

292 4213 386 4279 ξε.
436 4215 647 4288 Σημεῖα
682 4219 793 4274 τῶν
821 4221 969 4278 ἔνδον
998 4224 1070 4279 τά
1103 4231 1358 4303 προφανῆ
1389 4234 1689 4307 κινήματαν
1730 4239 1806 4305 ὡς

215 4304 316 4359 καὶ
390 4307 504 4363 τῶν
584 4311 885 4381 ἀγνώστων
967 4315 1202 4382 δένδρων
1267 4325 1321 4377 oi
1400 4304 1803 4402 προφερόμενοι

213 4399 440 4470 καρποί.

1908 4177 1999 4241 gat
2026 4188 2261 4246 corpus,
2287 4188 2345 4235 et
2372 4181 2700 4244 affectiones
2725 4190 2834 4247 sibi
2865 4196 3074 4253 servire
3099 4197 3232 4257 facit

1978 4264 2066 4321 65.
2099 4266 2300 4328 Gcstus
2332 4277 2640 4336 exteriores
2670 4283 2828 4355 signa
2858 4298 2988 4344 sunt
3009 4300 3259 4350 motuum
3290 4295 3494 4355 intrin-

210 4585 308 4638 καὶ
338 4585 433 4639 τὸν
462 4592 846 4664 κεκρυμμένον
885 4596 1343 4676 ψευδοπροφήτην
1370 4607 1453 4671 εὶς
1483 4609 1620 4678 φανέ

208 4676 457 4747 ἄγουσιν.

280 4789 383 4856 εζν.
434 4793 579 4859 Νοῦς
627 4796 967 4873 ἡλογημένος
999 4806 1060 4860 οὐ
1101 4808 1349 4865 παιδεύει
1390 4813 1572 4888 ψυχὴν
1598 4816 1793 4882 αὑτοῦ.

204 4882 304 4937 καὶ
391 4885 617 4961 ἀγάπης
691 4893 789 4947 καὶ
848 4896 951 4968 τῆς
1016 4898 1346 4973 ἐγκρατείας
1402 4882 1791 4984 ἀπομακρύνει
1893 4933 1960 4988 ch

200 4976 399 5047 αὐτήν.

1966 4841 2053 4896 67.
2085 4844 2237 4902 Mens
2272 4851 2438 4909 stulta
2468 4855 2709 4915 animam
2740 4877 2893 4919 suam
2924 4883 3038 4924 non
3072 4873 3287 4941 erudit,
3318 4879 3413 4934 sed
3446 4898 3478 4936 τι

1966 4936 2164 4994 aritate
2189 4952 2247 4997 et
2271 4948 2614 5008 continentia
2641 4956 2803 5025 longe
2833 4970 3072 5030 separat.

271 5094 377 5167 ξηο.
438 5098 690 5160 Ὲννοιῶν
751 5106 972 5183 φαύλων
1021 5113 1173 5168 αἰτία
1217 5115 1332 5183 ἕξις
1388 5122 1625 5195 πονηρὰ,
1678 5126 1789 5180 ἀπὸ

271 5192 511 5236 νοδοὲίηρ
529 5199 619 5236 νηὶ
641 5200 1053 5236 .⁶.ο...........-ι..-
1076 5210 1168 5236 -.-ι
1198 5211 1444 5236 λιν-ιη,
1502 5235 1510 5236 ,
1548 5234 1562 5236 ᾼ

1959 5140 2048 5195 68.
2092 5143 2472 5216 lmprobarum
2518 5157 2917 5227 cogitationum
2959 5180 3126 5224 causa
3169 5180 3254 5227 est
3298 5178 3477 5236 malus

197 5192 511 5260 κενοδοξίας
529 5199 624 5252 καλ⁵
641 5200 1053 5276 ὑπερηφανείας
1076 5210 1173 5265 καὶ
1192 5192 1786 5282 ἀλαζονείας-’συνισταο

199 5284 364 5341 μένῃ.

1969 5192 2047 5195 Ὗ--
2093 5192 2471 5216 --.Ἰηυνιηυιι-
2518 5192 2917 5227 νυδιιιιιιυιιυιιι
2959 5192 3126 5224 causa
3169 5192 3254 5227 εει
3298 5192 3477 5236 malus

1936 5232 2138 5301 abitus,
2164 5252 2229 5291 ex
2262 5240 2412 5297 inani
2441 5244 2646 5316 gloria,
2673 5259 2730 5305 et
2759 5256 3051 5327 superbia,
3078 5271 3136 5317 et
3162 5273 3478 5341 arrogantia

199 5284 364 5357 μένη-

1936 5284 2169 5383 {ﬁxis—ti;

268 5394 369 5463 59'.
400 5401 541 5457 ἰδια
561 5406 670 5461 τῶν
699 5414 1116 5485 προειρημένων
1143 5418 1454 5493 ὖπόκρισις,
1484 5427 1577 5479 καὶ
1605 5428 1777 5497 δόλος,

268 5493 502 5536 manuari-1
559 5512 616 5536 τε
678 5502 769 5536 νηὶ
840 5504 1089 5536 “unum-
1174 5512 1263 5536 ...Α
1329 5515 1380 5536 -ι
1460 5518 1518 5536 γι
1689 5523 1704 5536 .

1952 5441 2041 5497 69.
2075 5442 2238 5501 Vitiis
2274 5447 2386 5518 jam
2431 5458 2754 5515 memoratis
2790 5465 3155 5533 peculiariter
3189 5475 3474 5536 adhaerent

193 5493 504 5560 πανουργία
559 5512 618 5548 τε
678 5502 773 5553 καὶ
838 5504 1110 5575 εἰρωνεία,
1174 5512 1268 5565 καὶ
1326 5515 1387 5568 τὸ
1450 5518 1527 5571 πά

1533 5523 1779 5590 μφαυλον
1880 5533 2220 5606 hypocrisis,
2249 5540 2442 5610 dolus,
2470 5550 2751 5618 versutia,
2786 5523 2973 5615 irrisio
3016 5577 3080 5618 ac
3118 5564 3472 5638 improbism—

190 5576 408 5649 ψεῦδος.
1533 5576 1600 5590 ”
1708 5576 1765 5617 ³

1936 5576 2078 5606 ηανν-
2094 5576 2191 5593 ..πει
2204 5580 2220 5604 ν
2249 5576 2412 5599 uvaua
2427 5586 2442 5610 ν

1940 5644 2030 5683 um
2070 5626 2443 5691 mendacium.

261 5700 327 5751 o’.
378 5699 735 5761 Δουλεύουσιν
762 5713 873 5776 τοῖς
911 5704 1260 5789 προλεχθεῖσι
1284 5724 1477 5794 φθόνος
1504 5746 1599 5786 και
1636 5731 1772 5806 ἔρις,

1949 5742 2037 5799 70.
2060 5744 2344 5805 Ρτωᾶίοιίε
2363 5751 2529 5809 etiam
2555 5756 2830 5827 serviunt,
2850 5761 3058 5822 invidia
3082 5777 3139 5824 et
3161 5779 3468 5848 contentio,

190 5782 363 5859 θυμὸς
395 5792 491 5848 καὶ
526 5794 688 5867 ὀργὴ,
720 5800 865 5874 λύπη
893 5782 989 5860 καὶ
1018 5782 1359 5884 μνησικακία

1876 5832 2034 5893 furor
2056 5853 2121 5895 ac
2145 5838 2248 5912 ira,
2272 5845 2536 5931 maestitia
2560 5857 2617 5906 et
2639 5851 2897 5913 vindicta:
2921 5860 3229 5928 meditatio.
