4080 6282
592 392 743 462 1159

1824 399 2225 462 THALASSII
2264 398 2588 461 ABBATIS

3723 388 3864 455 1460

657 509 712 565 5.
738 504 1062 564 Familiares
1090 506 1284 565 deitati
1314 516 1446 566 sunt
1474 509 1745 568 meutales
1767 519 2004 579 naturae,
2027 512 2160 569 sola-

2345 521 2408 569 e'.
2441 513 2654 568 Οίκεῖον
2689 509 2941 581 θεότητος
2973 508 3031 562 al
3074 506 3259 579 νοεραὶ
3288 503 3505 577 φύσεις,
3536 506 3740 576 καινῷ
3767 507 3862 576 μό-

584 616 694 672 que
717 610 905 657 meme
928 601 1351 672 perceptibiles;
1378 617 1575 659 sensus
1599 612 1785 660 autem
1810 615 1867 660 et
1886 604 2170 662 sensibilia

584 693 642 751 in
673 694 1004 766 obsequium
1032 696 1239 752 mentis
1267 704 1450 752 creata
1478 705 1627 753 sunt.

655 788 709 843 6.
736 787 1053 844 Ministrent
1080 788 1184 845 tibi
1208 803 1408 844 sensus
1435 798 1494 845 et
1518 789 1804 846 sensibilia
1830 790 1898 847 ad
1924 800 2170 848 contem-

582 877 882 948 plationem
909 879 1304 950 spiritualium,
1329 888 1388 934 et
1409 894 1523 933 non
1545 879 1792 935 vicissim
1820 879 2079 936 sensibus
2103 895 2169 935 ea

582 987 709 1044 qua:
733 972 801 1028 ad
830 974 1054 1029 carnale
1079 973 1418 1029 desiderium
1445 982 1716 1044 spectant.

653 1066 706 1121 ’1.
736 1065 935 1122 Iussus
959 1082 1027 1125 es
1045 1076 1290 1123 mactare
1319 1082 1488 1136 opera
1516 1068 1800 1139 corporis,
1827 1076 1889 1122 ut
1912 1068 2169 1140 volupta-

584 1155 736 1214 tibus
765 1172 867 1228 per
894 1156 1111 1214 labores
1134 1158 1405 1215 emortis
1432 1158 1675 1214 animam
1701 1159 2023 1215 resuscites.

647 1349 701 1406 8.
736 1350 1065 1409 nominetur
1098 1354 1156 1409 in
1193 1362 1247 1411 te
1279 1354 1456 1420 Deus,
1480 1354 1849 1424 dominusque
1880 1361 2001 1408 esto
2037 1365 2165 1407 sen-

578 1457 742 1499 suum
773 1453 1020 1513 tuorum,
1045 1454 1102 1502 et
1129 1462 1200 1503 ne
1227 1446 1495 1504 deteriori
1528 1453 1586 1502 tu
1617 1446 1816 1502 melior
1835 1453 2165 1517 potestatem

578 1534 637 1591 in
663 1545 720 1593 te
739 1536 982 1594 dederis.

645 1625 699 1681 9.
727 1625 1117 1699 Sempiternus
1140 1629 1287 1686 Deus
1315 1639 1373 1686 et
1398 1630 1709 1686 immensus
1730 1638 1789 1685 et
1812 1626 2163 1694 indeﬁnitus,

574 1720 916 1790 sempiterna
949 1721 1094 1779 bona
1126 1732 1185 1779 et
1212 1724 1482 1780 immensa
1514 1739 1579 1780 ac
1611 1722 1941 1788 ineffabilia,
1969 1721 2037 1779 iis
2068 1720 2163 1793 qui

573 1825 635 1868 se
663 1812 970 1880 audierint,
1002 1815 1290 1885 pollicitus
1314 1825 1424 1873 est.

643 1904 732 1959 1ο.
774 1904 974 1963 Mentis
1023 1907 1309 1980 pr0prium
1362 1917 1450 1965 est
1503 1910 1560 1965 in
1610 1910 1723 1965 Deo
1768 1925 1989 1981 semper
2029 1925 2161 1966 ver-

570 1995 680 2051 seri
696 2037 711 2062 ,
735 2006 792 2053 et
814 2000 1056 2071 cogitare
1082 1999 1152 2057 de
1184 2000 1336 2071 ipso,
1361 2001 1542 2073 deque
1573 2003 1925 2074 providentia
1950 2017 2016 2059 ac
2045 2011 2158 2059 ter-

567 2085 828 2144 ribilibus
856 2089 1032 2160 ipsius
1057 2091 1310 2163 iudiciis.

638 2178 731 2235 11.
754 2180 1006 2238 Potestas
1035 2182 1134 2238 tibi
1158 2183 1289 2240 data
1318 2193 1406 2240 est
1426 2183 1484 2239 in
1514 2184 1790 2240 utrumvis
1812 2184 2150 2241 declinandi.

568 2271 661 2329 Sis
695 2288 830 2345 ergo
864 2274 1084 2330 meliori
1121 2274 1410 2343 subditus,
1433 2286 1492 2331 et
1521 2275 1860 2332 deteriorem
1890 2277 1992 2333 tibi
2025 2275 2159 2333 sub-

563 2362 663 2437 jici
671 2372 748 2420 to.

638 2457 725 2513 12.
757 2457 898 2513 Boni
941 2469 1072 2516 sunt
1110 2476 1342 2527 sensus,
1369 2461 1514 2518 bona
1554 2471 1612 2519 et
1647 2462 1933 2520 sensibilis
1978 2480 1993 2517 :
2032 2479 2161 2521 nam

563 2562 735 2620 opera
770 2558 901 2606 sunt
932 2550 1067 2608 boni
1099 2552 1233 2621 Dei;
1270 2554 1427 2610 nullo
1470 2562 1650 2611 tamen
1694 2555 1861 2612 modo
1900 2572 2027 2613 cum
2065 2557 2155 2614 bis

562 2652 691 2710 quae
727 2649 915 2695 mente
953 2642 1366 2714 percipiuntur,
1397 2645 1788 2703 conferuntur.

632 2731 728 2787 15.
752 2731 1092 2789 Rationalem
1124 2744 1175 2790 et
1200 2736 1537 2807 spiritualem
1569 2738 1957 2806 substantiam,
1986 2756 2153 2810 capo-

561 2838 673 2879 sem
700 2826 916 2896 spiritus
948 2835 999 2880 et
1025 2828 1357 2898 cogitationis
1387 2845 1502 2885 sua:
1536 2832 1732 2885 creavit
1761 2830 1936 2899 Deus;
1967 2847 2154 2888 sensus

560 2924 740 2971 autem
768 2926 816 2972 et
845 2920 1112 2976 sensibilia
1140 2924 1196 2976 in
1226 2939 1383 2977 usum
1412 2924 1579 2996 ipsius
1608 2925 1878 2995 produxit.

2271 623 2347 679 νῳ
2374 596 2599 677 ληπταί·
2631 606 2665 675 ή
2688 603 2746 657 δὲ
2774 602 3031 673 αἴσθησις
3063 601 3160 655 καὶ⁵
3183 600 3254 654 τὰ
3274 599 3515 671 αἰσθητὰ
3544 600 3629 665 είς
3655 600 3861 670 ὑπουρ-

2270 700 2395 771 γίαν
2422 698 2517 753 τοῦ
2549 698 2642 752 νοῦ
2670 696 2921 769 ἐκτίσθη.

2341 799 2419 860 ς’.
2459 789 2836 864 Ύπουργείτω
2888 798 2971 843 σοι
3004 789 3041 861 ή
3069 786 3330 859 αίσθησις
3368 786 3464 840 καὶ
3499 786 3568 840 ea
3596 783 3859 855 αίσθητά,

2268 885 2408 959 πρὸς
2431 884 2665 957 Θεωρίαν
2691 883 2798 954 τήν
2814 879 3217 954 πνευματικήν,
3241 879 3337 934 καὶ
3355 879 3430 950 μή
3455 895 3541 932 σοι
3567 877 3861 948 ἀντιστρὸ

2269 996 2387 1051 φως
2418 980 2486 1050 τῇ
2521 976 2781 1048 αἰσθήσει
2809 976 2878 1030 τά
2910 974 3049 1046 πρὸς
3080 972 3377 1043 ἐπιθυμίαν
3397 971 3501 1042 τῆς
3522 970 3753 1041 σαρκός.

2340 1072 2407 1138 ξ’.
2442 1070 2741 1143 Νεκρῶσαι
2774 1066 3110 1138 ἐκελεύσθης
3140 1066 3239 1130 τὰς
3269 1065 3502 1134 πράξεις
3534 1061 3635 1116 τοῦ
3666 1060 3856 1133 σώμα-

2266 1181 2380 1231 τος,
2409 1164 2501 1219 ἵνα
2524 1162 2623 1234 τήν
2657 1160 2839 1233 ψυχὴν
2858 1159 3076 1232 ἡδοναῖς
3107 1156 3481 1229 νεκρωθεῖσαν
3509 1155 3629 1218 τοῖς
3669 1152 3859 1218 πόνοις

2268 1256 2663 1329 ἐξαναστήσῃς.

2338 1354 2409 1419 η’.
2465 1344 2744 1416 Κυριεύου
2785 1342 2896 1398 ἀπὸ
2936 1338 3099 1410 Θεοῦ,
3129 1341 3224 1395 καὶ
3267 1339 3492 1411 κυρίευε
3527 1338 3631 1410 τῆς
3664 1336 3857 1408 αἰσθή-

2269 1456 2430 1505 σεως,
2463 1438 2558 1492 καὶ
2588 1437 2665 1511 μὴ
2697 1436 2787 1501 δὸς
2826 1434 2925 1507 τὴν
2975 1433 3226 1501 ἐξουσίαν
3251 1435 3280 1487 ό
3312 1432 3583 1504 κρείττων
3626 1428 3707 1502 τῷ
3738 1430 3856 1502 χεί-

2333 1549 2406 1589 νι.

2448 1624 2645 1690 Ἀἲδιος
2694 1623 2850 1691 Θεὸς,
2900 1621 2997 1677 καὶ
3047 1619 3353 1691 ἀπέραντος
3372 1658 3390 1681 ,
3444 1616 3544 1672 καὶ
3572 1615 3852 1688 ἀόριστος,

2266 1725 2363 1778 καὶ
2392 1722 2543 1777 ἀΐδια
2575 1718 2784 1790 ἀγαθὰ,
2803 1718 2897 1774 καὶ
2915 1714 3224 1786 ἀπέραντα,
3254 1713 3348 1769 καὶ
3371 1710 3721 1782 ἀνεκλάλητα
3742 1710 3853 1773 τοῖς

2266 1815 2418 1888 αύτῷ
2444 1812 2820 1869 ὑπακούουσιν
2856 1808 3246 1882 ἐπηγγείλατο.

2340 1916 2393 1965 ι’.
2430 1908 2585 1963 Ἴδιον
2612 1904 2711 1961 τοῦ
2748 1903 2843 1960 νοῦ
2873 1903 2935 1958 τὸ
2962 1905 3024 1958 ὲν
3055 1901 3135 1973 τῷ
3166 1899 3288 1972 Θεῷ
3316 1898 3555 1967 διάγειν,
3589 1895 3694 1950 καὶ
3725 1893 3850 1965 περὶ

2265 2001 2431 2057 αὑτοῦ
2454 1998 2814 2064 διανοεῖσθαι,
2844 1996 3069 2068 καὶτῆς
3101 1992 3271 2051 αὐτοῦ
3299 1991 3589 2066 προνοίας,
3614 1989 3714 2045 καὶ
3744 1988 3849 2044 τῶν

2264 2096 2396 2167 φοϐε
2406 2095 2517 2168 ρῶν
2553 2090 2721 2149 αὑτοῦ
2749 2089 3063 2164 χριμάτων.

2334 2196 2429 2245 ια’.
2464 2189 2652 2259 Ἔχεις
2680 2184 2782 2258 τήν
2810 2183 3062 2251 δξουσίαν
3082 2181 3184 2252 τῆς
3210 2178 3299 2235 ἐπ’
3318 2178 3623 2251 ἀμφότερα
3647 2176 3842 2251 ῥοπῆς,

2255 2281 2420 2353 γενοῦ
2454 2279 2549 2337 τοῦ
2583 2278 2916 2353 κρείττονος,
2945 2275 3041 2330 καὶ¹
3077 2273 3411 2338 ὑποτάσσεις
3440 2270 3506 2326 τὸ
3530 2273 3741 2343 χεῖρον.

2332 2460 2423 2533 ιβ’.
2456 2458 2612 2534 Καλὴ
2661 2458 2699 2530 ή
2721 2456 3027 2528 ⁸αίσθησις,
3059 2454 3155 2510 καὶ
3186 2451 3330 2509 καλά
3359 2451 3432 2507 τά
3475 2448 3739 2519 αίσθητά,
3770 2447 3844 2511 ὥς

2259 2551 2398 2606 Θεοῦ
2440 2551 2579 2624 ἔργα
2626 2547 2723 2604 τοῦ
2765 2546 2997 2618 ἀγαθοῦ,
3049 2545 3111 2600 οὑ
3147 2541 3540 2615 συγκρίνονται
3591 2539 3653 2593 δὲ
3697 2538 3845 2609 ὅμως

2127 2667 2151 2692 ο
2259 2643 2579 2699 παντάπασι
2626 2640 2705 2712 τῷ
2750 2639 2828 2712 νῷ
2862 2638 3100 2703 καὶτοῖς
3129 2636 3364 2709 νοητοῖς.

2332 2734 2425 2805 ιγ’.
2454 2734 2576 2803 Τὴν
2598 2732 2858 2805 λογικὴν
2888 2731 2991 2787 καί
3027 2728 3247 2799 νοερὸν
3289 2723 3517 2782 οὐσίαν
3560 2718 3840 2786 δεκτικὴν

2257 2827 2369 2885 τοῦ
2415 2828 2760 2897 πνεύματος
2789 2824 2889 2881 καί
2916 2821 3027 2892 τῆς
3066 2819 3289 2877 ἑαυτοῦ
3320 2818 3608 2891 γνώσεως
3643 2817 3679 2871 ὁ
3706 2811 3842 2880 Θεὸς
3884 2850 3894 2859 -

2256 2919 2759 2992 ἐδημιούγηινησενο
2782 2920 2900 2988 τὴν
2922 2918 2993 2973 δὲ
3019 2916 3313 2983 αἴσθησιν
3341 2910 3443 2966 καὶ
3469 2909 3545 2966 τὰ
3565 2905 3841 2977 αἰσθητὰ,

2257 3014 2337 3079 εί(
2378 3011 2606 3083 χρῆσιν
2633 3011 2828 3081 αὐτῆς
2864 3010 3239 3082 παρήγαγεν.

604 3128 609 3131 ~
637 3093 724 3150 l5.
749 3094 1021 3153 Praedicta
1048 3107 1269 3166 autem,
1295 3115 1420 3171 quae
1447 3101 1769 3161 communia
1797 3108 1931 3159 sunt
1954 3101 2217 3159 omnibus
2243 3101 2300 3157 in
2328 3113 2518 3159 sancta
2541 3103 2817 3160 Trinitate
2846 3112 2904 3159 et
2929 3117 3030 3173 per
3056 3098 3405 3173 negationem
3434 3093 3839 3157 attribuuntur,

557 3185 735 3258 magis
766 3188 991 3259 propria
1019 3189 1345 3261 iudicantur
1372 3192 1442 3248 iis
1474 3208 1599 3263 qua:
1633 3208 1734 3265 per
1760 3191 2184 3248 alﬁrmationem
2219 3200 2350 3248 sunt
2376 3192 2547 3249 dicta.
2575 3194 2645 3249 At
2668 3208 2781 3248 non
2812 3191 3071 3247 similiter
3099 3189 3155 3244 in
3184 3186 3655 3260 proprietatibus.
3681 3185 3835 3250 Nam,

558 3286 623 3334 ut
642 3281 1002 3351 praedictum,
1027 3298 1221 3340 earum
1246 3286 1412 3342 etiam
1439 3287 1656 3358 aliquas
1685 3303 1785 3359 per
1809 3287 2232 3345 aﬁirmationem
2255 3326 2272 3352 ,
2300 3287 2514 3359 aliquas
2544 3304 2646 3359 per
2672 3288 3025 3361 negationem
3056 3285 3279 3349 dicunt,
3307 3290 3367 3338 ut
3396 3282 3658 3353 genitum
3690 3296 3839 3346 esse,

558 3382 618 3428 et
645 3373 867 3431 similia.
894 3375 1032 3432 Nam
1065 3376 1472 3436 innascibilitas
1509 3381 1777 3453 singulari
1818 3382 2132 3455 signiﬁcato
2165 3379 2354 3436 dill'ert
2392 3396 2425 3436 a
2462 3382 2776 3438 nativitate.
2801 3382 2909 3439 Per
2937 3378 3074 3435 illud
3109 3376 3258 3433 enim
3298 3372 3653 3447 significatur
3685 3373 3840 3430 Pater

556 3480 670 3522 non
705 3481 830 3524 esse
869 3468 1118 3539 genitus,
1149 3486 1251 3541 per
1287 3471 1396 3529 hoc
1431 3489 1566 3530 vero
1603 3473 1779 3530 Filius
1818 3491 1941 3532 esse
1978 3475 2222 3548 genitus.

630 3557 719 3611 14.
749 3556 907 3614 Sicut
942 3560 1248 3618 absurdum
1288 3572 1376 3622 est
1409 3566 1684 3638 subjicere
1724 3567 1931 3624 bonum
1969 3567 2150 3623 domi-
2178 3570 2222 3629 ο

555 3658 691 3703 num
721 3648 977 3720 improbo
1004 3667 1192 3722 servo;
1226 3655 1302 3711 ita
1328 3664 1387 3714 et
1410 3657 1734 3726 absurdum,
1763 3659 2148 3731 corruptibilis

554 3738 809 3810 corporis
839 3744 1173 3815 mancipium
1197 3762 1323 3804 esse
1348 3748 1675 3805 rationalem
1704 3761 1970 3806 mentem.

628 3830 718 3887 15.
750 3831 906 3888 Mens
939 3835 1049 3891 nisi
1082 3852 1279 3895 sensus
1307 3840 1647 3910 moderetur,
1676 3858 1776 3914 per
1802 3859 1899 3900 eos
1927 3844 1984 3900 in
2008 3844 2143 3902 vitia

556 3922 701 3978 mala
746 3935 890 3982 ruet.
945 3926 1305 3988 Sensibilium
1358 3934 1507 3990 enim
1563 3934 1843 3993 illecebris
1893 3937 2140 3994 inescata

554 4015 822 4073 malitiam
862 4019 1080 4092 sibiipsi
1122 4025 1326 4095 pariet.

625 4104 712 4160 16.
740 4105 846 4174 Qui
885 4112 1146 4169 sensibus
1180 4115 1446 4186 imperat,
1477 4120 1691 4176 muniat
1721 4122 1890 4177 etiam
1926 4138 2139 4180 memo-

554 4192 692 4287 riam
722 4213 737 4251 :
770 4199 1129 4260 simulacrum
1153 4208 1303 4264 enim
1333 4225 1433 4280 per
1455 4227 1653 4269 sensus
1680 4225 2014 4287 conceptum
2048 4233 2139 4275 re-

552 4282 755 4342 fricant
780 4289 1124 4351 aﬂ’ectiones.

624 4375 712 4433 17.
744 4377 966 4453 Castiga
999 4398 1203 4457 corpus
1236 4395 1294 4444 et
1326 4388 1522 4446 sedulo
1554 4406 1814 4463 precare,
1840 4396 2138 4469 statimque

551 4465 625 4525 ab
646 4474 1024 4532 occursacnlis
1049 4477 1446 4537 cogitationum
1476 4483 1828 4544 liberaberis.

621 4651 708 4707 18.
741 4653 940 4711 Verbis
976 4657 1180 4715 divinis
1215 4662 1480 4719 continue
1513 4680 1647 4722 vaca
1680 4686 1693 4721 :
1734 4684 1859 4724 nam
1902 4669 2137 4744 diligens

548 4740 608 4799 in
635 4744 721 4801 eis
746 4747 994 4805 studium
1022 4751 1347 4811 aﬂ‘ectiones
1371 4755 1639 4813 absumit.

619 4835 707 4893 19.
733 4837 923 4896 Lectio
953 4849 1011 4898 et
1037 4843 1263 4915 vigiliae,
1290 4862 1600 4920 precesque
1629 4866 1755 4907 cum
1784 4854 1998 4924 psalmo
2019 4855 2134 4915 Deo

546 4940 792 4988 mentem
822 4933 1059 5003 sistunt,
1086 4952 1157 4994 ne
1188 4937 1336 4995 circa
1361 4939 1682 5001 atl‘ectiones
1706 4955 1954 5018 vagetur.

613 5108 705 5164 20.
735 5110 892 5169 Sicut
920 5129 1018 5170 ver
1045 5115 1178 5172 facit
1204 5121 1516 5191 germinare
1548 5126 1796 5195 plantas,
1820 5129 1896 5185 ita
1932 5130 2129 5201 imper-

543 5201 828 5261 turbantia
852 5209 1024 5263 menti
1053 5212 1310 5270 concedit
1334 5220 1697 5290 contemplari
1727 5236 1795 5277 ea
1822 5237 1947 5294 quae
1972 5235 2124 5281 sunt.

610 5382 704 5440 2i.
738 5384 990 5445 Mandata
1020 5389 1277 5463 observa,
1306 5402 1364 5450 et
1400 5394 1650 5455 invenies
1688 5416 1916 5472 pacem;
1955 5405 2126 5462 Deum

540 5474 737 5547 dilige,
768 5490 825 5533 et
862 5482 1153 5542 scientiam
1192 5490 1526 5559 assequeris.

608 5567 698 5623 22.
732 5570 1020 5631 Sententia
1053 5577 1111 5634 in
1147 5587 1201 5637 te
1233 5581 1341 5638 lata
1367 5593 1482 5651 est,
1507 5593 1570 5641 ut
1595 5588 1653 5644 in
1679 5588 2124 5661 diﬂicultatibus,

539 5659 734 5806 labzrc
750 5674 836 5795 bet
879 5669 1082 5729 sudore
1130 5675 1315 5733 vultus
1358 5677 1440 5733 tui
1487 5693 1689 5750 panem
1737 5683 1982 5743 scientiae
2030 5659 2125 5742 coé

539 5765 629 5806 me
671 5769 730 5806 as
786 5797 798 5806 .

539 5756 730 5809 medas
750 5756 798 5810 ιτ.

611 5863 798 5921 ι’(ἰειι.
839 5884 921 5935 m,
961 5872 1041 5927 l9.

2330 3568 2416 3623 ιδ’.
2450 3568 2664 3641 Ὠσπερ
2692 3569 2893 3624 ἄτοπον
2924 3564 3098 3638 δούλῳ
3117 3564 3307 3635 φαύλῳ
3330 3561 3607 3633 δεσπότην
3631 3544 3839 3630 ἕγαθὸν

2251 3659 2547 3728 ὑποτάξαι,
2581 3659 2754 3726 οὑτως
2797 3658 2996 3715 ἄτοπον
3030 3656 3159 3714 νοῦν
3176 3652 3395 3725 λογικὸν
3423 3651 3647 3724 σώματι
3678 3650 3839 3706 δουλ-

2250 3752 2539 3823 αγωγῆσαι
2556 3750 2804 3825 φθαρτῷ.

2326 3850 2407 3898 ιε’.
2450 3842 2596 3908 Νοῦς
2635 3845 2712 3916 μὴ
2753 3842 3063 3897 ἐπιστατῶν
3102 3845 3172 3914 τῇ
3218 3841 3506 3913 αίσθήσει,
3560 3840 3633 3895 δι’
3663 3838 3836 3907 αὐτῆς

2250 3936 2577 4010 περιπίπτει
2627 3938 2841 4001 κακοῖς·
2871 3935 2965 4006 ὑφ’
3013 3935 3208 4007 ήδονῆς
3237 3934 3347 4008 γὰρ
3399 3933 3515 3988 τῶν
3560 3931 3837 4003 αἰσθητῶν

2247 4028 2617 4101 ἁπατηθεῖσα,
2648 4028 2824 4083 τίκτει
2855 4028 3007 4100 αὑτῷ
3034 4028 3369 4100 φαυλότητα.

2323 4123 2416 4189 ις’.
2451 4122 2689 4195 Κρατῶν
2726 4122 2828 4193 τῆς
2867 4121 3201 4194 αἰσθήσεως,
3244 4120 3560 4192 ἀσφαλίζου
3595 4123 3695 4175 καὶ
3732 4118 3832 4187 τήν

2249 4215 2494 4285 μνήμην·
2535 4213 2592 4268 αί
2631 4212 2741 4284 γὰρ
2771 4212 2862 4267 διὰ
2899 4212 3001 4282 τῆς
3031 4212 3363 4283 αἰσθήσεως
3389 4212 3699 4285 προλήψεις
3740 4210 3829 4264 διὰ

2244 4305 2345 4373 τῆς
2380 4304 2603 4377 μνήμης
2629 4304 2948 4359 ἀνακινοῦσι
2977 4305 3048 4360 τά
3083 4305 3256 4377 πάθη.
3658 4290 3667 4298 ’

2316 4396 2406 4463 ιζ’.
2443 4397 2745 4463 ’Υποπίαζε
2769 4399 2833 4452 τὸ
2880 4398 3065 4470 σῶμα,
3094 4400 3192 4453 καὶ
3220 4398 3531 4470 προσεύχου
3560 4396 3826 4467 συνεχῶς,

2245 4491 2342 4546 καὶ
2379 4491 2490 4546 τῶν
2546 4491 2613 4546 ὲκ
2666 4490 2990 4564 προλήψεως
3042 4490 3321 4563 λογισμῶν
3370 4491 3605 4562 τάκιστα
3648 4488 3824 4544 ἀπα-λε

2243 4585 2431 4658 λάττῃ.

2315 4676 2407 4748 ιη’.
2455 4677 2691 4751 Ῥήμασι
2738 4676 2906 4742 θείοις
2946 4676 3309 4741 ἀδιαλείπτως
3349 4676 3603 4747 σχόλαζε’
3654 4674 3822 4746 ήγάρ

2241 4769 2377 4841 περὶ
2405 4769 2548 4825 αύτά
2587 4768 2873 4839 φιλοπονία
2903 4768 3293 4825 καταναλίσκει
3318 4768 3389 4823 τά
3431 4768 3605 4839 πάθη.

2315 4859 2401 4916 ιθ⁹.
2428 4862 2641 4933 Ἵστησι
2687 4863 2780 4916 τδν
2819 4861 2946 4917 νοῦν
2979 4862 3081 4934 τῆς
3127 4859 3258 4934 περὶ
3299 4861 3371 4915 τά
3412 4860 3562 4930 πάθη
3606 4858 3815 4929 πλάνης

2167 4937 2213 4993 Ῑ)
2239 4953 2566 5023 ἀνάγνωσις,
2593 4955 2689 5010 καὶ
2725 4955 3000 5026 ἀγρυπνία
3049 4954 3143 5009 καὶ
3174 4951 3453 5026 προσευχὴ
3485 4952 3581 5006 καὶ
3616 4950 3803 5022 ψαλμ-

2238 5045 2397 5193 ῳδῗῗ
2419 5137 2630 5210 Ὥσπερ
2676 5138 2739 5192 τὸ
2772 5137 2874 5210 ἔαρ
2920 5136 3059 5208 πρὸς
3107 5137 3171 5190 τὸ
3203 5135 3527 5208 βλαστάνειν
3564 5135 3816 5189 ἀνακινεῖ

2234 5228 2304 5283 τὰ
2336 5228 2504 5299 φυτὰ,
2537 5228 2712 5291 οὓτως
2744 5231 2842 5284 καὶ
2880 5231 2915 5301 ή
2956 5228 3197 5283 ἀπάθεια
3245 5228 3339 5282 τὸν
3365 5225 3514 5293 νοῦν,
3547 5227 3686 5298 πρὸς
3717 5224 3814 5295 τὴν

2236 5323 2439 5393 γνῶσιν
2470 5323 2577 5377 τῶν
2597 5324 2789 5378 ὄντων.

2307 5422 2412 5471 κα’.
2455 5417 2805 5488 Συντήρησον
2846 5416 3091 5481 ἐντολὰς,
3127 5417 3222 5470 καὶ
3262 5416 3520 5487 εὑρήσεις
3567 5413 3807 5487 εἰρήνην

2236 5512 2329 5564 καὶ
2360 5511 2452 5564 τὸν
2485 5510 2619 5565 Θεὸν
2639 5511 2951 5581 ἀγάπησον,
2991 5512 3086 5565 καὶ
3103 5511 3356 5579 γνώσεως
3385 5507 3668 5578 ἐπιτεύξῃ.

2304 5604 2408 5676 κβ’.
2450 5604 2620 5675 Κόπῳ
2650 5605 2745 5660 καὶ
2776 5604 2983 5677 μόχθῳ,
3017 5605 3113 5659 καὶ
3160 5604 3345 5678 ἱδρῶτι
3393 5599 3692 5675 προσώπου
3721 5613 3809 5655 τον

2231 5698 2395 5767 ἄρτον
2434 5698 2532 5770 τῆς
2563 5697 2816 5768 γνώσεως
2845 5697 3175 5770 κατεκρίθης
3197 5696 3421 5752 ἐσθίειν.
