4080 6282
326 312 451 379 1461

1706 303 2094 367 CENTURIA
2136 303 2235 362 IV.

3445 240 3581 341 1432

391 425 501 497 κγ’.
541 425 798 498 Ἀμέλεια
822 424 913 479 τὸν
942 421 1268 497 προπάτορα
1302 422 1381 486 είς
1414 419 1730 493 παράϐασιν
1761 420 1891 488 ἠγα-

2063 417 2154 471 25.
2187 410 2532 484 Negligentia
2573 407 2812 479 primum
2845 406 3132 475 parentem
3162 388 3580 498 nostrumufeeit

320 536 441 587 γεν,
494 519 589 573 καὶ
634 518 761 573 ἀντὶ
807 516 907 587 τῆς
942 515 1156 588 τρυφῆς
1202 512 1541 585 παραδείσου
1600 509 1893 581 κατέκρινε

321 610 562 683 θανάτῳ.

390 698 491 754 κδ’.
522 698 732 770 Κράτει
779 695 876 751 καὶ
913 696 979 751 σὺ
1020 694 1121 765 τῆς
1143 694 1306 761 Εὔας,
1340 694 1434 750 τὸν
1479 694 1605 763 ὅφιν
1635 691 1894 761 φύλαξαι,

322 792 409 845 ἵνα
437 790 514 863 μὴ
546 791 892 861 ἀπατηθεῖσα
922 788 1017 844 τοῦ
1056 789 1218 857 ξύλου
1253 805 1336 841 σοι
1370 785 1610 859 μεταδῷ.

392 892 492 938 κε’.
516 886 729 957 Ὥσπερ
759 884 821 938 τὸ
838 883 1001 955 σῶμα
1026 884 1166 939 κατά
1196 881 1359 953 φύσιν
1390 882 1424 953 ἡ
1452 879 1599 953 ψυχὴ
1618 879 1896 946 ζωοποιεῖ,

320 977 465 1031 οὑτω
494 978 590 1032 καὶ
619 977 721 1049 τὴν
748 976 928 1049 ψυχὴν
954 978 988 1049 ἡ
1015 975 1185 1047 ἀρετὴ
1213 975 1309 1030 καὶ
1340 975 1375 1046 ἡ
1406 972 1629 1043 γνῶσις.

393 1076 507 1135 κς’.
536 1068 753 1139 Νεφέλη
801 1069 952 1123 ἐστὶν
994 1067 1223 1138 ἄνυδρος
1251 1064 1376 1130 νοῦς
1417 1064 1754 1137 οίησίσοφος.
1792 1062 1899 1118 ὑπὸ

317 1161 433 1215 τῶν
479 1161 580 1231 τῆς
633 1160 1087 1229 κενοδοξίας-καὶ
1137 1158 1519 1232 ὑπερηφανίας
1564 1155 1897 1227 πνευμάτων

322 1253 802 1326 παραφερόμενοςο

393 1342 497 1408 κζ’.
541 1342 865 1409 Κενοδοξίας
912 1341 1131 1415 κρατῶν
1158 1341 1268 1395 ἀπὸ
1307 1341 1408 1412 τῆς
1438 1339 1698 1410 πορνείας
1723 1338 1898 1410 πρόσ-

321 1452 437 1506 εχε,
469 1436 683 1508 μήποτε
722 1436 828 1501 τᾶς
880 1433 1047 1506 τιμὰς
1094 1432 1313 1505 φεύγων
1338 1432 1536 1505 ἀτιμίᾳ
1569 1431 1895 1505 περιπέσης.

392 1620 499 1685 κη’.
545 1611 871 1682 ’Δποφυγὼν
910 1609 1240 1677 κενοδοξίαν,
1273 1609 1352 1675 είς
1384 1608 1476 1663 τὸν
1504 1608 1637 1663 Θεὸν
1664 1608 1898 1663 ἀπόϐλε-

321 1722 412 1759 πε·
447 1707 495 1760 εί
529 1704 589 1759 δὲ
633 1706 798 1777 μήγε,
829 1704 1006 1776 οίησει
1034 1704 1069 1774 ἢ
1112 1701 1342 1791 πορνεία
1376 1700 1752 1773 περιπίπτεις.

390 1880 491 1935 xO'.
528 1879 693 1934 Ἰδιον
714 1878 814 1950 τῆς
850 1875 1159 1942 κενοδοξίας
1179 1875 1214 1946 ἠ
1245 1874 1590 1947 ἐπιδεικτικὴ
1613 1874 1899 1947 ἐπιτήδευ-

318 1991 428 2037 σιςο
459 1973 559 2045 τῆς
601 1972 661 2028 δε
693 1968 1075 2045 ὑπερηφανίας
1102 1968 1167 2024 τὸ
1201 1967 1505 2038 εξουθενεῖν
1553 1968 1650 2022 καὶ
1692 1964 1899 2039 θυμοῦσ-

322 2067 471 2120 σθαι.

393 2159 461 2216 λ’.
487 2158 602 2229 Τὴν
633 2155 1077 2230 γαστριμαργίαν
1112 2155 1350 2226 φεύγων,
1394 2154 1494 2226 τὴν
1544 2154 1900 2226 ἀνθρωπαρί-

324 2268 512 2306 σκειαν
542 2249 797 2319 φύλαξαι,
827 2248 927 2321 τὴν
954 2246 1238 2319 ὠχρότητα
1303 2244 1399 2301 τοῦ
1450 2243 1747 2318 προσώπου
1806 2261 1896 2299 σου

324 2343 701 2411 ἐπιδείξασθαι
729 2340 1276 2413 προσφαντάζουσαν.

392 2433 494 2488 λα’.
540 2432 735 2504 Ὠραία
782 2431 1044 2501 νηστεία,
1093 2432 1128 2501 ἠ
1187 2429 1543 2502 βραχυφαγίᾳ
1591 2428 1896 2502 χαίρουσα,

323 2526 417 2578 καὶ
454 2524 772 2594 λιτοφαγίαν
805 2522 1026 2596 ἔχουσα,
1059 2522 1156 2577 καὶ
1200 2519 1727 2594 ἀνθρωπαρὼκειαν
1769 2519 1891 2591 φεύ-

360 2634 514 2673 ουσα.

360 2636 514 2673 ουσα.

323 2636 357 2686 γ
394 2713 495 2785 λβ’.
528 2712 827 2782 Νηστεύων
872 2708 979 2775 ἕως
1012 2707 1133 2779 ὀψὲ,
1175 2708 1253 2779 μὴ
1288 2707 1568 2781 χορτάσῃς
1604 2707 1685 2772 είς
1716 2705 1901 2777 κόρον,

324 2807 415 2861 ἶνα
442 2805 518 2879 μὴ
536 2805 573 2861 ὃ.
602 2804 750 2871 ἅπαξ
779 2800 1095 2866 καταλύεις,
1122 2798 1295 2857 ταῦτα
1324 2800 1487 2857 πάλιν
1515 2799 1899 2874 οίκοδομήσῃς.

394 2984 496 3054 λγ’.
531 2983 623 3055 Μὴ
661 2982 832 3037 πίνων
853 2977 1015 3049 οἶνον,
1054 2980 1129 3054 μὴ
1157 2978 1470 3053 χορτασθῇς
1516 2977 1729 3043 ὓδατος·
1760 2978 1812 3033 εί
1843 2976 1903 3032 δὲ

326 3080 497 3151 μήγε,
524 3079 625 3150 τὴν
662 3076 832 3149 αὐτὴν
864 3075 999 3149 ὓλην
1025 3078 1093 3149 τῇ
1124 3073 1354 3148 πορνείᾳ
1384 3073 1666 3147 παρέχεις.

396 3260 492 3317 λδ’.
532 3262 598 3316 ’11
646 3259 1002 3333 ὑπερηφανία
1050 3258 1152 3330 τῆς
1204 3257 1353 3322 Θείας
1397 3255 1728 3328 ἀφίστασθαι
1761 3258 1907 3310 ποιεῖ

326 3354 605 3426 βοηθείας.
634 3353 723 3425 ἐφ’
752 3352 932 3424 ἑαυτῷ
958 3350 1300 3415 πεποιθέναι,
1332 3349 1430 3406 καὶ
1459 3348 1570 3405 τῶν
1599 3348 1906 3421 ἀνθρώπων

327 3441 784 3512 κατεπαίρεσθαι.

396 3531 490 3587 λε’.
516 3532 790 3603 Φάρμακα
818 3530 958 3587 κατά
993 3530 1092 3603 τῆς
1122 3529 1502 3603 ὑπερηφανίας
1526 3529 1622 3586 δύο
1650 3529 1900 3603 πρόκεινο

320 3640 418 3677 ται
449 3625 792 3695 πράγματα·
824 3623 970 3696 ἅπερ
1006 3622 1036 3677 ὁ
1092 3621 1171 3695 μὴ
1211 3622 1665 3696 καταδεχόμενος,
1720 3625 1905 3697 τρίτον

326 3715 440 3783 ἕξει
470 3716 674 3787 σφόδρα
702 3714 1056 3788 δριμύτατον.

344 3823 365 3832 ⁴
396 3826 508 3892 λς’.
557 3824 974 3900 ’Υπερηφανίαν
1016 3825 1234 3897 ἀναιρεῖ
1284 3825 1564 3900 προσευχὴ
1618 3825 1759 3899 μετά
1810 3826 1904 3883 δα-

326 3922 536 3992 κρύων,
573 3919 669 3975 καὶ⁵
693 3919 754 3974 τὸ
788 3918 994 3992 μηδένα
1022 3917 1349 3985 ἐξουθενεῖν,
1375 3918 1473 3974 καὶ
1502 3918 1751 3975 ἀκούσιοι
1782 3920 1905 3975 tm-

328 4009 517 4082 φοραίο

397 4100 499 4167 λζ’.
543 4100 767 4166 Ῥἀδδος
804 4100 954 4156 ἐστὶν
987 4102 1175 4174 νοητὴ,
1199 4104 1234 4176 ὴ
1279 4103 1372 4158 διά
1415 4096 1743 4176 πειρασμῶν
1772 4105 1905 4161 παί-

325 4192 529 4256 δευσις.
566 4195 1014 4266 ταπεινοφρονεῦ
1042 4194 1436 4252 ἐκδιδάσκουσα
1495 4194 1586 4251 τὸν
1631 4196 1692 4251 ὲν
1734 4197 1905 4271 ἀφρο-

328 4282 466 4357 σύνῃ
497 4282 882 4354 ὶπαιρόμενον.

396 4374 503 4445 λη’.
553 4373 714 4429 ’ἰδιον
753 4373 917 4446 ἔργον
943 4371 1040 4428 τοῦ
1076 4373 1192 4441 νοῦ,
1218 4373 1283 4429 τδ
1320 4374 1397 4447 μὴ
1432 4375 1723 4447 ἀνέχεσθαι
1752 4377 1901 4447 λογι-

332 4465 470 4538 σμοῦ
493 4465 668 4537 λάθρα
697 4462 1127 4530 καταλαλοῦντος
1155 4465 1301 4520 κατά
1336 4465 1432 4521 τοῦ
1466 4467 1718 4539 πλησίον.

400 4558 499 4616 λον.
534 4558 749 4630 Ὠσπερ
771 4558 802 4611 ό
827 4556 1124 4630 κηπουρὸς,
1150 4556 1225 4629 μὴ
1249 4557 1505 4629 ἀπαίρων
1530 4557 1629 4623 τὰς
1653 4558 1902 4629 βοτάνας,

330 4650 631 4719 ἀποπνίγει
663 4651 736 4704 τά
762 4649 995 4721 λάχανα⁶
1029 4648 1206 4716 οὑτως
1238 4650 1336 4705 καὶ
1379 4651 1410 4707 ὁ
1445 4649 1572 4715 νοῦς
1606 4650 1682 4724 μὴ
1713 4640 1908 4708 καθαί-

333 4763 447 4818 ρων
476 4746 604 4809 τοὺς
636 4744 955 4815 λογισμοὺς,
1000 4744 1267 4799 ἀπόλλυσι
1295 4744 1423 4810 τοὺς
1450 4745 1666 4810 πόνους.

403 4842 477 4909 μ’.
512 4836 739 4901 Συνετὸς
785 4834 948 4909 ἀνὴρ.
981 4838 1011 4891 ὁ
1054 4835 1370 4909 συμϐουλῆς
1405 4836 1733 4911 ἀνεχόμενος
1753 4879 1770 4905 ,
1812 4840 1909 4895 καὶ

333 4930 573 5002 μάλιστα
615 4928 712 4984 τοῦ
755 4929 1129 5003 πνευματικοῦ
1170 4930 1380 5004 πατρὸς
1411 4931 1556 4987 κατά
1608 4931 1742 4987 Θεὸν
1770 4949 1909 5006 συμ-

334 5024 492 5096 βουλε
499 5023 709 5088 ύοντος.

404 5124 519 5189 μα’.
550 5115 975 5189 Νενεκρωμένος
1026 5115 1134 5171 ὑπὸ
1192 5117 1416 5181 παθῶν,
1452 5117 1761 5189 συμϐουλῆς
1807 5120 1910 5174 οὑκ

330 5209 673 5276 αἰσθάνεται,
704 5208 921 5279 καὶτῆς
950 5207 1286 5274 παιδεύσεως
1307 5210 1686 5283 πνευματικῆς
1703 5210 1765 5265 τὸ
1787 5210 1909 5267 σύν-

330 5305 452 5358 ολον
482 5303 586 5358 οὐκ
623 5301 898 5373 ἀνέχεται.

401 5394 513 5468 μβῖ.
548 5395 609 5451 '0
639 5393 716 5466 μὴ
736 5393 1027 5466 δεχόμενος
1054 5396 1391 5469 συμϐουλὴν,
1418 5397 1481 5451 ού
1515 5399 1780 5470 κατορθοῖ
1808 5396 1908 5463 τὰς

1931 3130 1978 3193 C

1998 479 2310 578 transgredi
2329 479 2435 571 ,τοι
2468 517 2570 574 pro
2611 498 2828 556 deliciis
2867 491 3111 567 paradisi
3152 485 3315 546 morti
3355 479 3577 555 adiudi-

1995 606 2155 656 catus
2191 605 2276 653 est
2296 608 2318 637 θ
2328 636 2343 653 ο

2063 691 2154 745 24.
2179 690 2395 761 impera
2416 696 2474 744 et
2515 694 2575 741 tu
2596 684 2745 747 Evae,
2779 688 2835 737 et
2857 694 2888 733 a
2913 682 3167 746 serpente
3193 684 3355 737 cave,
3380 681 3452 722 ne
3475 662 3576 720 de-

1995 784 2116 840 lusa
2152 782 2253 838 tibi
2280 794 2500 852 quoque
2530 778 2600 834 de
2628 776 2779 847 ligno
2806 768 3067 843 pratbeat.

2066 876 2158 931 25.
2187 847 2345 932 Sicut
2370 847 2553 930 anima
2583 881 2787 938 corpus
2816 859 3122 920 secundum
3151 864 3402 911 naturam
3429 847 3574 904 vivi-

1999 970 2147 1035 ficat,
2174 968 2248 1024 ita
2274 975 2332 1024 et
2355 965 2593 1022 animam
2617 961 2795 1016 virtus
2818 964 2876 1012 et
2898 950 3151 1011 scientia.

2068 1031 2159 1117 26.
2192 1060 2345 1116 Mens
2375 1056 2639 1128 opinione
2670 1067 2767 1108 sua
2802 1047 2910 1104 sibi
2942 1043 3166 1115 sapiens
3193 1038 3341 1103 visa,
3372 1031 3577 1128 nebula

1997 1165 2085 1214 est
2121 1155 2244 1212 sine
2278 1124 2431 1223 aqua
2457 1165 2491 1205 a
2529 1145 2730 1219 spiritu
2768 1139 2948 1199 inanis
2990 1134 3177 1209 gloria:
3211 1139 3269 1188 et
3302 1124 3578 1200 superbiae

1997 1248 2223 1305 actitata.

2031 1265 2200 1395 gl???
2182 1287 2290 1405 Qui
2311 1350 2466 1391 vana:
2491 1332 2677 1405 gloria:
2704 1324 3033 1389 dominaris,
3061 1330 3195 1377 cave
3221 1313 3321 1371 tibi
3348 1310 3517 1405 etiam
3546 1322 3578 1363 a

1996 1430 2385 1495 fornicatione,
2407 1442 2477 1482 ne
2501 1404 2633 1481 dum
2654 1424 2896 1480 honores
2920 1415 3087 1488 fugis,
3105 1409 3317 1468 incidas
3342 1406 3397 1463 in
3424 1404 3579 1476 igno-

1998 1540 2218 1583 minias.

1922 1785 1971 1846 Β
1998 1803 2083 1859 vel
2112 1801 2169 1857 in
2194 1797 2615 1856 fornicationem
2648 1789 2878 1847 incides.

2065 1893 2157 1950 29.
2182 1890 2367 1949 Inanis
2394 1886 2580 1960 gloriae
2610 1880 2897 1956 proprium
2923 1884 3009 1932 est
3032 1867 3359 1933 ostentatio;
3387 1877 3581 1960 super-

1996 1987 2103 2043 bia:
2144 1999 2280 2041 vero
2335 1956 2687 2050 contemptus
2746 1972 2982 2030 aliorum
3034 1974 3093 2023 et
3143 1962 3375 2021 efferata
3426 1956 3579 2013 inso-

1995 2078 2291 2236 ιεῐὲιύῗ.ριιί
2330 2166 2514 2238 gulam
2554 2159 2724 2233 fugit,
2767 2161 2962 2214 caveat
3004 2166 3075 2207 ne
3115 2152 3328 2220 quaerat
3362 2140 3582 2213 placere

1998 2263 2336 2323 hominibus,
2366 2258 2631 2331 pallorem
2668 2252 2855 2307 vultus
2874 2248 3233 2319 apparentem
3272 2240 3589 2292 monstrare

1999 2370 2509 2505 Ουὲίῗηέιιιοιπιιω
2560 2450 2648 2498 est
2685 2436 2960 2515 jejunium
3012 2427 3231 2487 modico
3272 2419 3584 2494 frugalique

2000 2543 2127 2601 cibo
2164 2539 2437 2614 gaudens,
2466 2534 2789 2595 hominibus
2826 2529 3049 2602 placere
3086 2520 3325 2593 fugiens.

2071 2719 2159 2776 52.
2190 2715 2423 2786 Quando
2455 2730 2632 2787 usque
2665 2711 2735 2769 ad
2764 2721 3053 2780 vesperam
3082 2703 3329 2776 ieiunas,
3353 2710 3485 2753 cave
3515 2690 3586 2750 ad
3608 2736 3621 2747 .

2001 2813 2311 2871 satietatem
2365 2824 2542 2880 usque
2596 2802 2909 2877 implearis,
2952 2812 3026 2854 ne
3069 2794 3331 2851 videlicet
3384 2789 3587 2845 iterum

2002 2914 2260 2963 exstruas
2296 2917 2419 2974 qua:
2459 2898 2625 2972 paulo
2667 2903 2797 2951 ante
2832 2893 3209 2948 destruxeras.

2074 2998 2165 3054 55.
2195 2994 2427 3064 Quando
2484 3006 2595 3048 non
2648 2988 2796 3045 bibis
2843 2984 3062 3047 vinum,
3110 2977 3276 3033 etiam
3337 2986 3487 3064 aqua
3515 2983 3589 3064 ne

2008 3060 2323 3163 implearis;
2390 3084 2477 3142 sin
2523 3082 2709 3139 minus
2753 3070 3189 3147 obtemperaris,
3234 3060 3591 3124 fornicationi

2008 3182 2260 3242 eamdem
2293 3177 2582 3235 materiam
2618 3168 3019 3245 suppeditabis.

2076 3273 2167 3327 54.
2215 3268 2483 3342 Superbia
2514 3266 2647 3323 facit
2689 3264 2880 3320 divino
2906 3255 3137 3316 destitui
3165 3252 3393 3319 auxilio,
3419 3249 3590 3306 confl-

2006 3366 2139 3425 dere
2169 3365 2226 3422 in
2250 3364 2460 3436 seipso,
2491 3369 2548 3420 et
2571 3358 2839 3417 adversus
2865 3351 3121 3412 homines
3143 3349 3463 3419 insurgere.

2075 3543 2167 3600 55.
2196 3542 2317 3600 Duo
2351 3539 2593 3599 remedia
2625 3537 2889 3596 adversus
2914 3530 3189 3606 superbiae
3215 3526 3356 3584 mala
3388 3538 3589 3597 prepo-

2004 3645 2250 3702 nuntur;
2277 3649 2399 3706 quae
2425 3633 2471 3690 si
2502 3632 2629 3703 quis
2654 3630 2907 3701 accipere
2937 3624 3146 3691 renuit,
3174 3621 3400 3680 tertium
3426 3618 3591 3687 longe

2005 3727 2424 3787 acerbissimum
2457 3725 2751 3782 habiturus
2772 3733 2879 3779 est.

2074 3841 2165 3898 56.
2214 3838 2537 3913 Superbiam
2593 3836 2797 3893 tollunt
2843 3830 3057 3906 precari
3109 3844 3239 3887 cum
3293 3822 3587 3894 lacrymis,

2005 3942 2361 3990 contemnere
2392 3929 2696 3997 neminem,
2729 3925 2971 3984 denique
3000 3923 3203 3981 damna
3244 3927 3445 3994 prater
3487 3929 3600 3974 vo-.‘

2004 4025 2276 4082 luntatem
2308 4021 2639 4080 accidentia.

2073 4117 2166 4173 57.
2192 4115 2447 4173 Eruditio
2471 4130 2572 4187 per
2605 4112 2959 4181 tentationes,
2986 4110 3140 4182 virga
3172 4106 3438 4179 spiritalis
3458 4112 3543 4160 est
3570 4119 3586 4157 :

2004 4225 2133 4266 eum
2174 4209 2324 4265 enim
2355 4207 2452 4280 qui
2496 4207 2553 4263 in
2599 4204 2861 4278 superbia
2892 4202 3284 4266 extollebatur,
3308 4197 3594 4254 humiliter

2006 4302 2214 4360 sentire
2252 4300 2435 4356 docet.

2074 4394 2164 4449 58.
2199 4392 2492 4462 Proprium
2536 4391 2740 4447 mentis
2771 4404 2910 4460 opus
2953 4398 3059 4451 est,
3091 4402 3161 4442 ne
3203 4382 3593 4456 cogitationem

1936 4476 1979 4533 D
2007 4483 2228 4554 quidem
2257 4483 2402 4537 ferre
2437 4483 2687 4552 proximo
2710 4483 2851 4538 clam
2884 4481 3306 4535 obtrectantem.

2085 4573 2174 4628 59.
2210 4571 2364 4627 Sient
2395 4571 2722 4626 hortulanus
2753 4587 2864 4626 non
2903 4569 3191 4624 eradicans
3219 4566 3448 4632 zizania,
3480 4565 3596 4625 Suf-

2015 4661 2161 4718 foeat
2203 4660 2387 4728 olera;
2443 4659 2519 4715 ita
2560 4668 2617 4715 et
2649 4675 2805 4716 mens
2850 4658 3209 4729 cogitationes
3239 4672 3350 4712 non
3396 4656 3596 4728 puriﬁ-

2014 4771 2169 4823 cans,
2191 4752 2461 4826 disperdit
2481 4753 2722 4810 labores.

2087 4847 2178 4905 40.
2230 4846 2326 4904 Vir
2373 4846 2737 4920 intelligentia
2778 4844 3061 4917 praeditus,
3115 4839 3363 4900 consiliis
3404 4854 3594 4912 paret,

2017 4940 2253 4995 maxime
2283 4938 2458 5011 patris
2486 4936 2792 5009 spiritualis
2818 4951 2883 4993 ea
2919 4950 3042 5007 quae
3075 4932 3171 4991 Dei
3215 4939 3367 4999 sunt,
3398 4946 3595 4987 consu-

2015 5032 2202 5090 lentis.

2085 5127 2175 5182 41.
2227 5125 2401 5193 Quem
2448 5120 2773 5179 affectiones
2806 5134 2919 5175 sua:
2968 5115 3361 5188 perdiderunt,
3410 5115 3595 5171 consi-

2016 5218 2149 5273 lium
2194 5230 2303 5270 non
2334 5213 2512 5279 audit,
2542 5209 2640 5268 sed
2671 5220 2730 5269 et
2765 5207 3073 5282 spiritualis
3096 5205 3428 5265 eruditionis
3462 5221 3597 5262 con-

2016 5308 2199 5364 silium
2232 5305 2456 5377 respuit.
3153 5301 3156 5304 ’

2089 5398 2177 5455 42.
2214 5397 2318 5467 Qui
2340 5395 2633 5454 consilium
2666 5394 2894 5467 respuit,
2918 5394 3033 5450 vias
3062 5410 3189 5451 suas
3211 5409 3321 5450 non
3346 5389 3597 5464 corrigit,

330 5487 486 5550 ὁδοὺς
518 5486 710 5553 αὑτοῦ,
739 5486 878 5543 ἀλλά
903 5488 1050 5543 κατά
1084 5488 1348 5562 κρημνῶν
1370 5488 1459 5546 ἀεὶ
1489 5491 1583 5545 καὶ
1613 5490 1901 5563 φαράγγωι

2021 5490 2115 5549 sed
2145 5508 2242 5563 pcr
2267 5497 2539 5562 praerupta
2571 5499 2627 5545 ct
2657 5487 2955 5561 praecipitia
2981 5487 3174 5542 fertur.

334 5580 591 5654 φέρεται.

407 5774 430 5803 ε
466 5761 607 5822 Gen.
646 5780 705 5833 ll,
748 5764 835 5819 17.
