4080 6282
551 349 690 418 146⁸1

547 468 905 533 aﬁirmativa.
967 482 1066 538 per
1107 464 1528 522 aﬁlrmationem
1586 465 1850 523 dicuntur
1900 486 1915 523 :

550 578 675 618 rum
705 577 829 618 esse
862 562 982 617 sine
1026 560 1327 631 principio,
1369 568 1428 615 et
1470 560 1824 629 immensum,
1863 570 1923 618 et
1964 562 2136 619 incir-

1785 350 2188 414 THALASSII
2228 347 2551 410 ABBATIS

1976 476 2135 523 caate-
2161 469 2212 528 Α
2237 464 2306 519 λα
2364 460 2758 534 καταφατικῶς
2805 457 3026 529 λέγεται
3085 455 3182 514 καὶ
3238 453 3385 512 κατά
3424 452 3603 508 θέσινο
3654 447 3724 503 τὸ
3771 447 3839 501 δὲ

2236 557 2477 629 ἄναρχον
2523 554 2685 611 πάλιν
2706 593 2723 620 ,
2750 552 2849 609 καὶ
2875 551 3130 625 ἄπειρον,
3170 549 3266 604 καὶ
3293 547 3549 619 ἀόριστον
3581 540 3685 597 καὶ
3732 540 3842 592 ὅσα

3687 330 3835 397 ιιεε

548 656 974 727 cumseriptum,
1005 662 1064 710 et
1089 668 1434 725 quaecunque
1458 654 1734 725 negativa,
1762 670 1863 725 per
1890 657 2138 727 negatio-

2258 649 2620 722 ιποφατικῶς,
2657 646 2802 704 κατά
2834 644 2938 719 τὴν
2967 643 3283 719 ἀφαίρεσιν.

548 764 678 806 nem
711 748 821 804 dici
852 748 1259 819 intelliguntur.

620 842 711 899 84.
742 842 884 898 Cum
919 857 1028 897 una
1053 841 1127 898 sit
1157 847 1360 898 sanctae
1383 838 1676 895 Trinitatis
1700 839 1887 895 unitas
1907 838 2142 895 abscon-

550 931 723 988 ditior
745 949 913 1005 quam
943 934 1156 989 ratione
1182 933 1269 988 vel
1302 939 1486 988 mente
1514 931 1638 1001 capi
1665 939 1852 1002 queat,
1878 931 2140 1003 praedicta

554 1033 737 1085 tamen
770 1036 829 1085 et
873 1028 1077 1085 similia
1110 1029 1267 1084 aiunt
1311 1042 1435 1098 quae
1476 1026 1626 1083 circa
1672 1025 1845 1098 ipsam
1888 1026 2145 1082 conside-

555 1130 772 1177 rantur.

629 1214 721 1269 85.
754 1212 910 1270 Sicut
931 1218 1116 1269 autem
1160 1228 1329 1269 unam
1367 1213 1631 1270 deitatem
1674 1222 1876 1269 sancta:
1903 1213 2144 1269 Trinita-

557 1305 629 1361 tis
660 1304 870 1371 dieunt,
893 1304 970 1360 ita
1001 1314 1060 1361 et
1083 1312 1197 1361 tres
1235 1305 1559 1378 hypostases
1584 1305 1750 1361 unius
1778 1305 2000 1362 deitatis
2029 1307 2145 1378 glo-

474 1381 481 1388 ’
557 1396 795 1452 riﬁcant.

627 1487 717 1545 86.
768 1489 1091 1562 lntelligunt
1122 1498 1308 1546 autem
1351 1489 1616 1561 praedicta
1658 1507 1761 1562 per
1795 1491 2145 1563 negationem

554 1589 616 1636 et
641 1579 1087 1649 aﬁirmationem,
1116 1593 1180 1639 ut
1215 1584 1529 1639 communia
1564 1591 1696 1640 sunt
1725 1594 1927 1641 saneta:
1954 1586 2149 1642 unius-

554 1686 664 1744 que
684 1675 943 1731 essentia:
965 1676 1248 1743 Trinitati,
1295 1678 1503 1747 absque
1544 1680 1949 1749 proprietatum
1975 1670 2149 1737 deno-

556 1765 789 1833 tatione,
814 1783 1051 1838 quarum
1078 1769 1374 1825 nonnullas
1406 1785 1506 1840 per
1541 1769 1980 1837 aﬁirmationem,
2004 1788 2147 1827 non-

556 1860 739 1916 nullas
763 1877 863 1932 per
897 1862 1247 1935 negationem
1273 1865 1584 1920 enuntiant.

630 1953 719 2008 87.
771 1955 1065 2026 Appellant
1134 1966 1320 2013 autem
1380 1959 1695 2013 divinarum
1763 1958 2147 2033 liypostasium

555 2047 927 2118 proprietates
970 2052 1384 2121 paternitatem,
1436 2051 1784 2117 ﬁliationem,
1838 2054 2154 2124 processio-

555 2154 707 2207 nem,
742 2149 800 2198 et
835 2157 1182 2215 quascunque
1209 2144 1317 2200 alia
1338 2144 1563 2216 proprie
1592 2144 1876 2201 dicuntur.

626 2317 719 2374 88.
768 2318 1100 2393 Hypostasin
1149 2318 1455 2389 deﬁniunt,
1504 2322 1800 2379 essentiam
1847 2338 1976 2380 cum
2021 2341 2151 2397 pro-

556 2408 891 2477 prietatibus
915 2426 929 2463 :
958 2410 1085 2465 ideo
1113 2426 1458 2483 unaquaeque
1486 2412 1799 2485 bypostasis
1828 2414 1996 2471 habet
2015 2417 2147 2489 quid

557 2514 852 2556 commune
884 2503 1159 2568 essentize,
1188 2513 1245 2559 et
1276 2504 1409 2575 quid
1432 2506 1720 2578 proprium
1744 2508 2074 2581 hypostasis.

630 2591 718 2647 89.
746 2593 1012 2651 Praedicta
1039 2605 1223 2651 autem
1248 2600 1562 2654 communia
1588 2601 1849 2658 omnibus
1873 2602 1931 2658 in
1960 2612 2151 2660 sancta

560 2681 851 2751 Trinitate,
878 2702 1003 2756 qua:
1041 2703 1141 2758 per
1166 2689 1515 2761 negationem
1544 2693 1949 2761 attribuuntur,
1976 2697 2152 2767 magis

559 2773 784 2842 propria
795 2774 1116 2845 iudicantur
1135 2779 1221 2834 bis
1237 2796 1358 2850 qua:
1373 2797 1474 2852 per
1486 2782 1900 2842 aﬁirmationem
1918 2798 2047 2843 sunt
2063 2789 2150 2844 di-

558 2871 666 2917 cta.
698 2863 768 2919 At
790 2880 903 2921 non
928 2865 1188 2925 similiter
1216 2870 1269 2925 in
1306 2873 1762 2943 proprietatibus.
1792 2878 1929 2933 Nam
1959 2895 2151 2936 earum

557 2954 726 3009 etiam
751 2956 986 3039 aliquas,
1015 2970 1076 3016 ut
1103 2961 1428 3032 praedictum
1450 2972 1558 3032 est,
1586 2982 1686 3038 per
1708 2968 2149 3039 aﬁirmationem,

558 3036 775 3117 aliquas
797 3064 898 3119 per
924 3053 1275 3123 negationem
1305 3055 1520 3125 dicunt,
1552 3036 1614 3113 ut
1649 3062 1895 3131 genitum
1921 3080 2067 3132 esse,
2096 3036 2154 3123 et

560 3141 785 3200 similia.
811 3144 1031 3202 Etenim
1060 3164 1171 3204 non
1209 3166 1333 3207 esse
1357 3154 1627 3223 genitum,
1655 3156 1918 3229 singulari
1944 3161 2155 3233 signiﬁ-

560 3245 685 3293 cato
717 3238 909 3297 diﬁ'ert
951 3258 982 3297 a
1022 3245 1271 3314 genitum
1322 3262 1466 3304 esse.
1512 3250 1619 3306 Per
1661 3251 1768 3309 hoc
1799 3255 1948 3311 enim
1982 3256 2155 3314 Filius

562 3331 782 3401 genitus
810 3349 934 3390 esse
975 3336 1352 3409 signiﬁcatur;
1379 3356 1481 3413 per
1506 3342 1644 3400 illud
1676 3361 1831 3414 vero,
1857 3347 2021 3405 Pater
2041 3365 2153 3406 non

561 3437 685 3480 esse
717 3426 960 3497 genitus.
1917 3481 1920 3485 .

633 3516 725 3573 90.
749 3518 949 3576 Verbis
980 3521 1206 3594 insuper
1232 3536 1291 3582 et
1328 3527 1650 3585 nominibus
1675 3530 1761 3587 usi
1790 3541 1943 3601 sunt,
1968 3534 2037 3590 ad
2062 3536 2158 3593 de-

562 3610 853 3669 clarandas
882 3615 1127 3673 rationes
1159 3618 1366 3690 quibus
1404 3636 1470 3677 ea
1506 3637 1629 3693 qua:
1666 3623 1818 3681 circa
1857 3627 2155 3684 essentiam

563 3712 696 3760 sunt
737 3713 941 3763 sanctae
986 3708 1295 3777 Trinitatis,
1332 3720 1395 3767 ut
1428 3714 1637 3771 dictum
1663 3726 1770 3784 est,
1803 3720 2159 3777 consideran-

565 3804 677 3863 tm,
702 3814 813 3855 non
842 3808 903 3856 ut
924 3816 991 3857 ea
1014 3818 1138 3873 quae
1167 3804 1341 3875 ipsius
1369 3815 1499 3863 sunt
1520 3811 1801 3877 essentiaa,
1825 3812 2153 3871 declarent:

563 3889 835 3959 ejusmodi
864 3893 1013 3949 enim
1039 3895 1190 3952 nulla
1216 3908 1401 3955 mente
1426 3902 1711 3973 cognosci,
1735 3903 1997 3977 nulloque
2040 3923 2159 3965 ser-

563 3997 728 4040 mone
769 3984 957 4057 eloqui
988 3998 1241 4059 possunt,
1273 3991 1371 4049 sed
1417 3994 1521 4051 soli
1561 3995 1840 4054 divinitati
1888 4009 2019 4056 sunt
2065 4016 2160 4059 co-

562 4075 737 4147 gnita.

634 4169 725 4225 9i.
765 4169 924 4227 Sicut
964 4182 1152 4231 autem
1197 4174 1395 4234 dicunt
1437 4195 1603 4235 unam
1649 4182 1942 4238 essentiam
1988 4185 2157 4241 trium

565 4260 966 4332 hypostasium,
998 4267 1079 4323 sic
1104 4276 1162 4323 et
1195 4270 1359 4326 unius
1381 4274 1639 4331 essentia
1666 4274 2002 4333 conﬁtentur
2026 4294 2157 4336 san-

566 4361 711 4408 ctam
744 4351 1099 4415 Trinitatem.

638 4443 729 4500 92.
774 4445 1075 4505 Enimvero
1107 4450 1327 4508 Patrem
1374 4458 1821 4530 eontemplantur
1851 4461 1969 4519 sine
2001 4465 2156 4536 prin-

2311 836 2413 891 πδ’.
2448 836 2597 899 Mra;
2616 834 2787 906 οὑσης
2811 832 2914 903 τῆς
2942 831 3089 901 ὑπὲρ
3108 827 3233 883 νοῦν
3256 825 3352 881 καὶ
3379 823 3542 892 λόγον
3564 820 3669 875 καὶ
3697 833 3846 888 xpo-

2242 930 2371 1000 φίας
2403 928 2662 999 θεότητος
2702 927 2800 997 τῆς
2831 924 2996 994 ἀγὶας
3044 919 3297 994 Τριάδος,
3352 914 3425 971 τά
3476 913 3620 985 περὶ
3663 910 3847 981 αὑτὴν

2243 1021 2600 1096 θεωρούμενα
2647 1020 2719 1076 τά
2769 1015 3152 1091 προειρημένα
3188 1009 3329 1068 εῖναι
3360 1027 3554 1083 φασιν,
3616 1006 3723 1061 καὶ
3772 1002 3849 1057 τά

2242 1118 2427 1173 ὅμοια.

2454 1206 2666 1277 Ὠσπερ
2714 1203 2774 1259 δὲ
2828 1204 2959 1276 μίαν
2985 1200 3218 1272 θεότητα
3261 1197 3365 1269 τῆς
3404 1195 3569 1264 ἀγίας
3600 1188 3849 1263 Τριόδος

2244 1300 2498 1371 λέγουσιν
2516 1317 2531 1332 ο
2562 1298 2739 1364 οὑτως
2769 1299 2867 1354 καὶ
2894 1298 3046 1370 τρεῖς
3069 1295 3172 1361 τὰς
3206 1292 3537 1356 ὑποστάσεις
3563 1288 3669 1359 τῆς
3709 1286 3848 1359 μιᾶς

2247 1394 2503 1467 θεότητος
2527 1391 2868 1459 δοξάζουσιν.

2320 1496 2440 1557 πς’.
2475 1489 2676 1543 Νοοῦσι
2706 1488 2764 1542 δὲ
2791 1487 2861 1543 τά
2889 1485 3033 1542 κατά
3062 1483 3356 1555 ἀφαίρεσιν
3392 1480 3491 1535 καὶ
3519 1476 3677 1533 θέσιν
3704 1491 3849 1546 προ-

2249 1580 2539 1652 ειρημένα,
2573 1580 2730 1636 κοινὰ
2759 1578 2852 1634 ἐπὶ
2879 1579 2982 1650 τῆς
3010 1578 3175 1647 ἁγίας
3209 1575 3305 1629 καὶ
3331 1570 3631 1645 ὁμοουσίου
3664 1565 3850 1640 τριά-

2248 1673 2338 1738 δος
2386 1674 2556 1746 χωρίς
2602 1672 2715 1726 τῶν
2760 1670 3107 1743 ἰδιωμάτων
3161 1667 3352 1739 ἐπειδὴ
3402 1664 3504 1721 καὶ
3552 1662 3748 1718 αὑτῶν
3776 1660 3851 1716 τά

2252 1766 2483 1820 πλείστα
2515 1764 2615 1836 μὲν
2665 1762 2809 1817 κατά
2860 1763 3033 1828 θέσιν,
3066 1758 3195 1814 τινὰ
3240 1758 3299 1812 δὲ
3353 1755 3499 1811 κατά
3536 1751 3852 1825 ἀφαίρεσιν

2179 1838 2223 1895 Β
2250 1859 2526 1929 λέγουσιν.

2321 1953 2433 2019 πζν.
2475 1950 2744 2019 Λέγουσιν
2771 1948 2830 2003 δὲ
2861 1947 3029 2003 πάλιν
3057 1945 3131 2000 τὰ
3182 1943 3451 2015 ἰδιώματα
3506 1939 3621 1994 τῶν
3674 1936 3852 1991 θείων

2250 2043 2609 2101 ὑποστάσεων
2644 2041 2843 2106 ταῦτα,
2895 2034 3009 2095 οἷον
3039 2038 3144 2111 τὴν
3174 2034 3516 2107 πατρότητα,
3564 2030 3671 2102 τὴν
3730 2028 3851 2084 υἱό-

2249 2156 2410 2213 τητα,
2458 2137 2560 2212 τὴν
2615 2134 2966 2210 ἐκπόρευσιν,
3017 2132 3116 2189 καὶ
3158 2131 3264 2186 ὃσα
3300 2127 3438 2185 ἄλλα
3501 2122 3691 2188 ιδικῶς
3751 2122 3852 2176 1t-

2248 2251 2434 2307 γεται.

2324 2333 2440 2400 πη’.
2476 2324 2814 2381 Ὕπόστασιν
2850 2324 2909 2378 δὲ
2960 2320 3259 2394 ὁρίζουσιν,
3290 2315 3481 2373 οὑσίαν
3516 2311 3658 2386 μεςά
3693 2311 3852 2366 ἰδιω-

2256 2419 2465 2493 μάτων,
2500 2419 2570 2473 δι’
2593 2418 2623 2472 ὃ
2654 2416 2859 2487 ἑκάστη
2891 2416 2927 2487 ἡ
2982 2413 3286 2477 ὑπόστασις
3327 2410 3446 2481 ἔχει
3477 2407 3538 2461 ἓν
3561 2405 3626 2459 τὸ
3658 2402 3851 2459 κοινὸν

2251 2511 2352 2583 τῆς
2392 2508 2604 2573 οὑσίας,
2633 2507 2730 2563 καὶ
2760 2504 2823 2560 τὸ
2844 2504 2979 2560 ῐδιον
3008 2502 3110 2575 τῆς
3137 2500 3519 2561 ὑποστάσεως.

2325 2602 2437 2657 πθ’.
2467 2600 2550 2655 Τὰ
2582 2600 2642 2655 δὲ
2684 2598 2887 2655 κοινῶν
2919 2596 3085 2652 πάλιν
3134 2593 3230 2650 ἐπὶ
3262 2594 3362 2663 τῆς
3412 2590 3576 2661 ἁγίας
3605 2586 3852 2660 Τριάδος

2253 2694 2400 2749 κατά
2433 2691 2730 2765 ἀφαίρεσιν
2777 2688 3177 2762 προειρημένα,
3207 2685 3319 2740 τῶν
3364 2683 3505 2739 κατά
3559 2681 3721 2735 θέσιν
3752 2680 3851 2733 λε-

2255 2786 2503 2860 χθέντων
2526 2784 2842 2859 κυριώτερα
2867 2782 3168 2856 κρίνουσιν,
3200 2781 3301 2850 οὑχ
3323 2777 3495 2842 οὕτως
3525 2776 3720 2847 μέντοι
3750 2774 3852 2827 καὶ

2255 2880 2349 2934 ἐπὶ
2369 2878 2480 2933 τῶν
2516 2878 2850 2950 ίδιωμάτων’
2902 2874 3094 2946 ἐπειδὴ
3123 2875 3217 2929 καὶ
3246 2871 3426 2926 αὑτῶν
3454 2869 3526 2923 τά
3561 2869 3669 2939 μὲν
3702 2866 3851 2922 κατά

2256 2976 2426 3041 θέσιν,
2451 2973 2522 3028 τὰ
2546 2973 2603 3028 δὲ
2636 2971 2782 3028 κατά
2813 2970 3129 3043 ἀφαίρεσιν,
3161 2966 3239 3031 ὡς
3274 2963 3622 3036 προείρηται,
3654 2960 3855 3028 λέγου-

2259 3088 2367 3135 σιν,
2399 3069 2475 3133 ὡς
2509 3068 2570 3122 τὸ
2600 3065 2882 3138 γεννητὸν,
2912 3063 3009 3118 καὶ
3048 3060 3117 3116 τά
3145 3061 3334 3133 ὃμοια.
3369 3058 3438 3113 Ἦ
3464 3054 3575 3125 γὰρ
3606 3053 3855 3122 ἀγεννη-

2180 3194 2224 3254 c
2259 3164 2350 3218 σία
2379 3164 2479 3235 τῆς
2504 3161 2856 3254 γεννήσεως,
2875 3155 3020 3254 κατὰ
3048 3152 3492 3254 μόνην-διαφέρει
3523 3148 3629 3254 τὴν

2257 3257 2402 3314 σίαν.
2437 3256 2505 3311 Ἦ
2540 3255 2639 3327 μὲν
2672 3253 2784 3325 γὰρ
2809 3251 2873 3306 τδ
2906 3250 2984 3323 μὴ
3010 3246 3375 3321 γεγεννῆσθαι
3404 3243 3496 3299 τδν
3527 3240 3785 3313 Πατέρα,
3814 3239 3853 3309 ἠ

2254 3348 2312 3404 δὲ
2335 3348 2398 3403 τὸ
2424 3345 2787 3419 γεγεννῆσθαι
2809 3343 2903 3401 τὸν
2934 3342 3065 3398 Υίδν
3096 3338 3381 3414 σημαίνει.

2326 3539 2400 3603 l".
2432 3534 2673 3605 Ῥήμασι
2701 3531 2748 3585 δ’
2775 3529 2848 3588 αὖ
2870 3528 2969 3585 καὶ
2994 3527 3225 3600 ὀνόμασι
3253 3524 3552 3597 κέχρηνται
3576 3518 3726 3593 πρὸς
3747 3518 3856 3589 τὴν
3910 3542 3917 3549 -

2254 3627 2365 3682 τῶν
2396 3626 2527 3696 περὶ
2558 3624 2660 3697 τὴν
2687 3622 2900 3687 οὑσίαν,
2940 3620 3016 3686 ὡς
3057 3619 3296 3691 εῐρηται,
3331 3616 3431 3687 τῆς
3459 3611 3626 3683 ἁγίας
3677 3611 3853 3683 Τριά-

2255 3718 2349 3782 δος
2392 3715 2791 3789 θεωρουμένων
2837 3714 3018 3783 λόγων
3069 3711 3405 3782 σαφήνειαν·
3450 3706 3512 3760 οὑ
3553 3703 3751 3775 μέντοι
3784 3718 3854 3773 γε

2254 3813 2366 3867 τῶν
2394 3811 2537 3866 κατά
2559 3809 2660 3883 τὴν
2684 3808 2875 3865 οὑσίαν
2892 3824 2911 3843 ο
2945 3806 3214 3879 ἄγνωστοι
3242 3803 3353 3875 γάρ
3371 3792 3520 3856 οὗτοι
3546 3796 3624 3871 νῷ
3641 3796 3851 3867 πάντη,

2254 3906 2352 3962 καὶ
2379 3904 2607 3979 ἀῤῥὴτῳ
2638 3903 2785 3976 λόγῳ
2812 3901 3016 3975 πάντη,
3063 3898 3165 3955 καὶ
3194 3896 3334 3971 μόνῃ
3368 3897 3437 3970 τῇ
3475 3892 3678 3967 Τριάδι
3706 3891 3854 3946 εἰσὶν

2256 3998 2678 4071 γινωσκόμενοι.

2328 4188 2439 4253 ια’.
2463 4183 2675 4254 Ὠσπερ
2691 4179 2746 4237 δὲ
2766 4177 3207 4253 τρισυπόστατον
3234 4174 3335 4246 τὴν
3366 4173 3499 4245 μίαν
3524 4170 3722 4226 οὑσίαν
3746 4167 3851 4239 τῆς

2260 4279 2516 4350 θεότητος
2551 4276 2829 4346 λέγουσιν,
2869 4272 3046 4337 οὑτως
3075 4272 3174 4326 καὶ
3202 4267 3490 4342 όμοοὺσιον
3532 4265 3637 4337 τὴν
3685 4263 3852 4334 ἁγίαν

2258 4369 2468 4442 Τριάδα
2499 4364 2877 4440 ὁμολογοῦσιν.

2330 4460 2453 4532 ιιβ’.’
2470 4460 2772 4533 Θεωρεϊται
2799 4458 2858 4513 δὲ
2890 4456 3079 4523 αὑτοῖς
3097 4454 3261 4511 πάλιν
3284 4456 3313 4509 ό
3332 4451 3525 4523 Πατὴρ
3555 4449 3657 4505 καὶ
3682 4450 3850 4520 ἄναρ-

565 4537 733 4610 cipio,
760 4548 817 4596 et
841 4540 1176 4614 principium
1210 4562 1224 4600 :
1253 4555 1311 4602 et
1342 4547 1463 4605 sine
1504 4551 1781 4624 principio
1808 4555 2059 4626 quidem,
2091 4566 2153 4615 ut

2258 4574 2354 4629 χος
2388 4556 2484 4611 καὶ
2516 4554 2701 4627 ἀρχή·
2737 4552 2834 4608 καὶ
2862 4552 3101 4626 ἄναρχος
3120 4552 3222 4622 μὲν
3244 4549 3318 4613 ὼς
3344 4547 3668 4619 ἀγέννητος,
3703 4543 3850 4615 ἀρχὴ

565 4629 894 4703 ingenitum,
934 4636 1274 4709 principium
1298 4651 1482 4699 autem
1521 4655 1584 4700 ut
1608 4647 1911 4718 genitorem
1945 4660 2003 4707 et
2030 4666 2157 4707 eru-

565 4733 833 4782 etatorem
863 4743 1056 4784 eorum
1091 4731 1187 4803 qui
1211 4748 1281 4790 ex
1313 4735 1453 4807 ipso,
1477 4754 1679 4811 nempe
1708 4742 2067 4813 sempiterno,
2101 4752 2160 4800 et

566 4815 623 4871 in
686 4815 809 4887 ipso
867 4818 1175 4891 exsistunt,
1244 4824 1409 4895 Filii,
1471 4828 1728 4901 inquam,
1802 4841 1859 4890 et
1918 4832 2158 4907 Spiritus

564 4910 762 4967 sancti.

635 5005 726 5062 93.
754 5007 951 5068 Unitas
986 5013 1134 5085 apud
1166 5014 1317 5087 ipsos
1350 5018 1419 5074 ad
1447 5017 1777 5078 Trinitatem
1813 5038 1989 5095 usque
2032 5041 2159 5096 pro-

562 5107 712 5154 mota
745 5113 933 5160 manet
959 5107 1165 5176 unitas,
1207 5118 1266 5166 et
1307 5110 1555 5170 Trinitas
1582 5131 1760 5188 usque
1787 5117 1858 5173 ad
1888 5118 2157 5178 unitatem

566 5188 765 5279 iterum
794 5205 984 5254 coacta
1012 5208 1201 5257 manet
1228 5201 1473 5261 Trinitas
1498 5223 1512 5260 :
1539 5206 1687 5279 quod
1720 5208 1881 5267 valde
1916 5208 2157 5269 admira~

566 5276 676 5335 bile
699 5289 804 5336 est.

638 5372 727 5429 94.
756 5373 1075 5451 lntelligunt
1099 5383 1325 5453 quidem
1356 5400 1550 5444 omnes
1570 5388 1773 5446 Filium
1800 5401 1858 5448 et
1888 5392 2157 5465 Spiritum

567 5473 817 5522 sanctum
844 5484 957 5525 non
983 5486 1173 5529 carere
1196 5475 1420 5546 quidem
1462 5479 1757 5552 principio,
1792 5485 2159 5557 sempiternos

567 5563 775 5647 autem.
810 5559 881 5614 Et
916 5559 1043 5618 ideo
1074 5580 1185 5620 non
1229 5567 1347 5623 sine
1375 5569 1650 5641 principio
1692 5573 1821 5643 quia
1856 5576 1923 5631 ad
1954 5577 2160 5647 princi-

574 5644 723 5715 pium
748 5656 805 5705 et
842 5650 1049 5709 fontem
1077 5655 1414 5725 referuntur,
1444 5658 1662 5716 Patrem
1690 5662 1923 5719 scilicet.
1949 5644 2160 5736 Sempi—

575 5747 764 5798 ternos
801 5759 957 5814 vero,
991 5748 1140 5819 quod
1173 5766 1205 5807 a
1251 5751 1613 5822 sempiterno,
1659 5754 1754 5811 ille
1793 5771 1893 5826 per
1936 5758 2157 5814 modum

2262 4647 2320 4702 δὲ
2346 4646 2424 4710 ὡς
2447 4644 2726 4717 γεννήτωρ
2755 4643 2855 4698 καὶ
2908 4639 3209 4714 προδολεῖκ
3242 4636 3351 4692 τῶν
3396 4638 3458 4705 ἐξ
3505 4632 3679 4689 αὑτοῦ
3725 4632 3849 4687 κατ’

2261 4739 2453 4793 οὐσίαν
2477 4737 2536 4806 ἐξ
2555 4735 2726 4792 ἀϊδίου
2757 4733 3114 4808 ὑπαρχόντων
3133 4734 3192 4788 ὲν
3220 4728 3422 4802 ἑαυτῷ,
3451 4725 3582 4783 Υίοῧ
3612 4742 3671 4782 τε
3702 4724 3850 4795 λέγω

2261 4833 2358 4889 καὶ
2391 4832 2535 4887 Πνεὺ
2542 4848 2713 4905 ματος
2751 4830 2933 4899 ἁγίου.

2330 5019 2440 5085 ια’.
2489 5013 2558 5068 Ἥ
2591 5011 2762 5086 μονὰς
2805 5009 2968 5084 μέχρι
3001 5007 3236 5080 Τριάδος
3266 5006 3396 5076 παρ’
3423 5003 3610 5065 αὐτοῖς
3658 5015 3847 5055 κινου-

2264 5106 2401 5180 μένη
2432 5104 2587 5179 μένει
2624 5104 2817 5174 μονὰς,
2850 5102 3003 5173 καὶὴ
3044 5099 3219 5174 Τριάς
3254 5098 3420 5171 μέχρι
3456 5092 3693 5167 μονάδος
3720 5106 3846 5146 συν-

2260 5198 2528 5273 αγομένη,
2567 5196 2721 5272 μένει
2750 5196 2950 5269 Τριάς·
2981 5195 3010 5250 ὃ
3040 5194 3136 5249 καὶ
3160 5189 3488 5266 παράδοξον.

2330 5381 2438 5454 ιιδν.
2484 5381 2689 5439 Νοοῦσι
2722 5381 2783 5439 δὲ
2829 5381 2994 5436 πάλιν
3023 5378 3116 5434 τὸν
3148 5378 3300 5445 Υίδν,
3353 5375 3450 5433 καὶ
3478 5376 3541 5431 τδ
3592 5372 3846 5446 Πνεῦμα,

2260 5476 2362 5531 οὑκ
2394 5474 2611 5549 ἄναρχα
2638 5474 2761 5548 μὲν,
2795 5473 2944 5529 ἀΐδια
2967 5472 3059 5527 δέ’
3110 5469 3205 5527 καὶ
3241 5469 3344 5525 οὐκ
3382 5468 3597 5540 ἄναρχα
3631 5465 3737 5538 μὲν
3772 5464 3848 5527 ὡς

2263 5569 2402 5643 πρὸς
2435 5567 2611 5644 ἀρχὴν
2659 5566 2757 5624 καὶ
2807 5564 2991 5639 πηγὴν
3018 5564 3406 5637 ἀναφερόμενα
3453 5560 3549 5615 τὸν
3600 5557 3843 5631 Πατέρα,

2259 5664 2406 5718 ἀΐδια
2428 5662 2505 5729 δὲ,
2530 5661 2606 5727 ὡς
2639 5660 2702 5728 ἐξ
2730 5659 2926 5726 ἀϊδίου,
2961 5657 3057 5713 τοῦ
3089 5657 3189 5728 μὲν
3218 5652 3516 5728 γεννητῶς,
3545 5650 3643 5710 τοῦ
3669 5650 3729 5709 δδ
3761 5652 3844 5704 ἐκ·

2265 5756 2549 5829 Μρευτῶς
2589 5753 2765 5831 Πατρὶ
2797 5752 3256 5828 συνυπάρχοντος.

576 5836 980 5906 generationis,
1027 5840 1120 5899 bic
1166 5858 1267 5914 per
1326 5844 1551 5902 modum
1595 5848 1965 5916 proccssionis
2008 5851 2157 5909 Patri
2196 5850 2497 5908 coexsistit.
