4080 6282
253 391 402 463 1469

1580 358 1587 365 ’
1635 384 2027 451 csmunu
2066 387 2166 451 Iv.

3409 379 3563 469 mo,

330 509 433 573 κε’.
482 495 891 571 ’Δδιαίρετονδὶ
920 495 1021 568 τὴν
1053 493 1183 567 μίαν
1215 474 1449 565 θεότητα
1476 491 1577 563 τῆς
1614 490 1846 563 Τριάδος

2020 495 2110 551 95.
2138 494 2314 553 Unam
2344 502 2529 551 autem
2554 493 2844 550 Trinitatis
2883 492 3148 550 deitatem
3193 492 3544 564 inseparabi-

248 597 613 668 φυλάττουσι.
648 592 745 649 καὶ
791 588 1135 663 ἀσυγχύτους
1162 588 1263 653 τάς
1313 588 1464 659 τρείς
1512 586 1845 649 ὑποστάσεις

247 686 359 759 τῆς
400 684 533 757 μιᾶς
570 682 829 754 θεότητος
871 679 1215 752 διατηροῦσι.

330 776 447 846 ις’.
488 775 781 847 ’ἰδιότητας
825 772 883 827 δὲ
935 769 1034 825 τοῦ
1071 770 1172 841 μὲν
1216 766 1456 841 Πατρός.
1505 765 1568 821 rb
1604 766 1846 837 ἄναρχον

249 873 355 929 καὶ
379 870 680 942 ἀγέννητον
708 866 960 937 λόγουσιο
992 863 1089 917 τοῦ
1114 862 1173 916 δὲ
1210 860 1345 915 Υἱοῦ
1367 860 1430 914 rb
1464 860 1523 914 ὲν
1551 860 1718 931 ἀρχῇ,
1746 857 1845 912 καὶ

247 966 323 1018 rb
347 958 631 1033 γεννητόν.
660 956 769 1012 Τοῦ
802 956 862 1011 δὲ
896 954 1027 1011 Υίοῦ
1056 956 1154 1008 καί⁵
1194 951 1290 1006 τοῦ
1330 952 1489 1021 ἁγίου
1523 949 1845 1019 Πνεῦματος

247 1055 320 1110 οῦ
350 1051 609 1125 χρονικὴν
633 1049 855 1119 λέγουσι
892 1047 993 1120 τὴν
1023 1046 1221 1119 ἀρχήν.
1241 1044 1369 1109 Πῶς
1401 1043 1544 1116 γάρ;
1580 1042 1718 1099 ἀλλά
1744 1042 1846 1112 τὴν

249 1146 431 1219 αὐτὴν
457 1144 737 1217 δηλοῦσιν,
764 1142 827 1208 ἐξ
852 1136 939 1213 ἦς,
959 1140 1036 1205 ὡς
1066 1139 1126 1206 ἑξ
1161 1138 1312 1210 ἡλίου
1331 1137 1394 1192 rb
1418 1137 1555 1208 φῶς,
1586 1134 1761 1200 οὕτως
1785 1133 1846 1201 ἐξ

248 1238 430 1294 ἀϊδίου
458 1236 559 1309 τὴν
589 1234 825 1307 ὓπαρξιν
855 1233 1093 1305 ἔχουσιν.
1134 1230 1223 1299 Ἐξ
1256 1230 1427 1302 αὐτῆς
1461 1229 1573 1302 γάρ
1608 1228 1731 1284 κατ’
1755 1227 1846 1282 οῦ-

251 1331 405 1397 σίαν,
437 1329 488 1383 εί
517 1330 612 1384 καὶ
647 1328 725 1400 μὴ
759 1328 876 1399 μετ’
905 1326 1100 1398 αὐτήν.

327 1514 435 1587 κζ’.
480 1514 545 1566 Ἦ
580 1510 779 1582 ἰδιότης
805 1508 969 1565 πάλιν
996 1506 1107 1561 τῶν
1150 1504 1524 1569 ὑποστάσεων,
1581 1501 1845 1575 ἀκίνητος

248 1610 354 1665 καὶ
382 1606 779 1680 ἀμετάπτωτος
836 1604 968 1675 παρ’
1014 1602 1200 1665 αὐτοῖς
1258 1599 1624 1675 φυλάττεταν
1681 1596 1841 1668 καὶὴ

250 1702 508 1773 κοινότης
532 1700 591 1756 δὲ
610 1698 713 1770 τῆς
741 1696 955 1762 οὐσίας,
984 1695 1154 1767 ήγουν
1183 1692 1378 1763 θεότης
1405 1690 1737 1763 ἀδιαίρετος.

1944 587 2053 643 lem
2075 587 2420 656 custodiunt,
2445 597 2504 644 et
2526 586 2844 643 inconfusas
2875 595 2989 642 tres
3026 586 3353 658 bypostases
3379 584 3547 642 unius

1943 680 2165 736 deitatis
2186 687 2537 736 conservant.

2014 768 2105 824 96.
2128 768 2508 841 Proprietates
2530 770 2712 825 Patris
2734 769 2951 834 dicunt,
2973 785 3087 826 non
3114 784 3237 825 esse
3268 768 3543 839 genitum,

1944 868 2002 919 et
2025 879 2149 919 esse
2178 863 2249 918 ab
2283 862 2464 919 initio.
2496 863 2619 918 Filii
2645 879 2779 919 vero
2801 877 2925 919 esse
2950 862 3008 916 in
3040 861 3314 933 principio
3340 870 3546 917 etesse

1944 956 2218 1028 genitum.
2249 956 2321 1010 At
2346 955 2590 1026 Spiritus
2628 955 2827 1021 sancti,
2852 971 2981 1011 cum
3023 954 3303 1025 principio
3335 969 3458 1009 esse
3485 961 3545 1010 et

1946 1049 2269 1121 procedere.
2298 1048 2635 1120 Principium
2660 1058 2845 1103 autem
2871 1047 2998 1103 Filii
3022 1056 3080 1102 et
3101 1046 3344 1117 Spiritus
3365 1045 3542 1101 sancti

1945 1156 2059 1196 non
2086 1141 2387 1212 temporale
2416 1140 2629 1196 dicunt.
2661 1140 2769 1196 Sed
2814 1139 3135 1211 quomodo?
3174 1153 3398 1194 causam
3428 1153 3546 1193 ma-

1946 1232 2232 1298 nifestam,
2281 1248 2351 1287 ex
2405 1247 2536 1303 qua,
2595 1231 2743 1287 sicut
2799 1247 2865 1287 ex
2922 1231 3040 1287 sole
3095 1231 3306 1296 lumen,
3352 1228 3432 1285 sic
3476 1244 3542 1284 ex

1945 1326 2289 1396 sempiterno
2331 1324 2711 1381 exsistentiam
2748 1324 2978 1380 habent.
3010 1322 3090 1379 Ex
3123 1322 3246 1390 ipso
3274 1321 3426 1377 enim
3458 1336 3547 1377 se-

1947 1419 2189 1474 cundum
2223 1419 2542 1484 essentiam,
2576 1433 2688 1474 non
2715 1427 2840 1488 post
2871 1418 3068 1489 ipsam.

2016 1511 2106 1568 97.
2136 1511 2457 1582 Proprietas
2514 1510 2647 1567 item
2704 1510 3075 1583 bypostaseon
3104 1506 3174 1562 ab
3199 1505 3334 1577 ipsis
3361 1521 3546 1561 serva-

1948 1613 2042 1661 tur
2068 1604 2369 1660 immobilis
2390 1614 2448 1660 et
2467 1603 2705 1667 stabilis,
2732 1604 2902 1673 inque
2923 1602 3150 1657 alteram
3174 1614 3288 1654 non
3314 1595 3541 1653 cadens.

1946 1700 2327 1757 Communitas
2355 1715 2491 1755 vero
2529 1698 2808 1764 essentia,
2832 1696 3011 1753 deitas
3034 1692 3296 1749 videlicet
3326 1691 3549 1761 insepa-

1949 1792 2163 1848 rabilis.

328 1888 442 1954 ῑιη’.
485 1880 708 1937 Μονάδα
757 1880 817 1933 ιν
862 1877 1079 1951 Τριάδι,
1134 1877 1230 1931 καὶ
1276 1874 1485 1947 Τριάδα
1537 1872 1596 1927 ὲν
1650 1869 1841 1943 μονάδι

2017 1887 2108 1942 98.
2142 1886 2423 1943 Unitatem
2453 1884 2510 1940 in
2534 1883 2826 1949 Trinitate,
2868 1892 2926 1938 et
2965 1878 3297 1935 Trinitatem
3333 1876 3391 1932 in
3418 1875 3544 1931 uni-

249 1974 651 2050 ὁμολογοῦμεν,
685 1973 761 2038 ῶς
787 1972 1177 2046 διαιρουμένην
1207 1969 1553 2043 ἀδιαιρέτως,
1586 1969 1681 2023 καὶ
1713 1982 1842 2019 συν-

250 2070 579 2142 απτομένην
599 2066 970 2142 διῃρημένως.

328 2163 437 2233 ιιθν.
482 2160 682 2234 Ἀρχὴν
701 2160 759 2215 δὲ
788 2158 919 2231 μίαν
944 2157 1054 2212 τῶν
1079 2156 1217 2212 ὅλων
1235 2155 1328 2211 τὸν
1352 2155 1579 2227 Πατέρα
1610 2153 1841 2218 οἴδασιν,

250 2256 351 2311 τοῦ
390 2255 489 2327 μὲν
513 2252 647 2308 Υίοῦ
677 2252 775 2309 καὶ
802 2250 898 2305 τοῦ
924 2248 1263 2323 Πνεῦματος,
1291 2249 1369 2314 ὡς
1397 2248 1723 2320 γεννήτορα,
1746 2245 1843 2300 καί

250 2351 330 2415 ὡς
359 2350 545 2420 πηγὴν
586 2346 760 2403 ἀίδιον
815 2345 911 2399 καὶ
951 2344 1281 2416 συνάπειρον
1314 2341 1408 2397 καὶ
1440 2343 1720 2415 ἀόριστον,
1748 2339 1843 2396 καὶ

250 2444 570 2516 όμοοῠσιον,
610 2441 705 2495 καὶ
735 2437 1061 2511 ἀχώριστον.
1094 2438 1216 2492 Τῶν
1262 2437 1322 2491 δὲ
1375 2435 1715 2507 κτισμάτων,
1766 2433 1844 2499 ῶς

250 2536 592 2611 δημιουργὸν
618 2535 714 2590 καὶ
740 2531 1071 2606 προνοητὴν,
1107 2532 1205 2585 καὶ
1232 2530 1427 2602 κριτὴν
1453 2529 1522 2585 δι’
1563 2527 1719 2593 Υἰοῦ,
1748 2527 1843 2597 δη-

250 2627 392 2701 λαδὴ
417 2628 476 2681 ἰν
497 2625 639 2699 ἀγίῳ
688 2622 991 2694 Πνεῦματι.
1039 2622 1142 2687 Ἐξ
1170 2621 1359 2677 αὑτοῦ
1386 2619 1519 2690 γάρ,
1556 2618 1712 2690 φησὶ,
1744 2617 1844 2671 καὶ

249 2718 331 2773 δι’
361 2716 572 2782 αὑτοῦ,
607 2714 707 2771 καὶ
728 2717 817 2784 εἰς
835 2714 1025 2770 αὐτὸν
1065 2713 1137 2769 τὰ
1161 2712 1380 2769 πάντα.
1408 2710 1579 2778 Αὐτῷ
1610 2712 1649 2783 ἠ
1692 2709 1845 2777 δόξα

250 2816 346 2882 εἰς
383 2812 525 2881 τοὺς
556 2810 797 2881 αἰῶνας.

332 3000 399 3066 ρ’.
426 2992 681 3049 Συναῖδια
730 2991 893 3048 πάλιν
941 2989 1166 3060 λέγουσι
1211 2988 1289 3062 τῷ
1336 2987 1515 3059 Πατρὶ
1554 2986 1649 3042 τὸν
1690 2985 1842 3053 Υἰδν,

257 3087 357 3147 καὶ
386 3087 447 3141 rb
480 3086 707 3158 Πνεῦμα
737 3086 799 3141 rb
829 3086 1005 3155 ἀγιον,
1036 3085 1097 3138 οὐ
1130 3085 1445 3156 συνάναρχα
1471 3081 1561 3136 δέ’
1596 3082 1692 3137 καὶ
1718 3098 1847 3135 συν-

1948 1987 2059 2035 tate
2107 1978 2460 2042 conﬁtemur,
2517 1984 2710 2048 utpote
2751 1990 2876 2047 qua:
2922 1980 3141 2044 separet
3177 1971 3543 2042 inseparatos,

1945 2080 2004 2128 et
2031 2072 2337 2143 conjungat
2362 2078 2671 2142 separatos.

2017 2165 2108 2223 99.
2142 2164 2486 2236 Principium
2512 2173 2697 2220 autem
2721 2176 2892 2217 unum
2915 2157 3410 2239 omnium‘Patrem
3435 2155 3547 2213 sci-

1946 2275 2092 2315 mus.
2127 2260 2196 2315 Et
2219 2258 2557 2331 principium
2580 2257 2803 2328 quidem
2836 2253 2963 2310 Filii
2984 2261 3042 2309 et
3064 2252 3329 2323 Spiritus,
3354 2258 3418 2305 ut
3449 2265 3545 2323 ge-

1944 2353 2185 2409 nitorem
2247 2360 2304 2407 et
2347 2351 2557 2407 fontem
2604 2335 2981 2414 coaeternum,
3035 2352 3439 2403 coaeternorum
3486 2350 3547 2399 et

1945 2446 2113 2514 simul
2163 2445 2565 2501 immensorum
2596 2452 2653 2499 et
2684 2440 3125 2503 indelinitorum,
3153 2447 3211 2494 et
3253 2436 3419 2491 unius
3458 2450 3547 2491 es-

1945 2539 2167 2603 sentia,
2212 2546 2273 2593 et
2307 2536 2941 2606 incircumscriptorum.
3008 2530 3351 2601 Principium
3414 2542 3547 2582 vero

1946 2638 2350 2693 creaturarum,
2377 2637 2439 2683 ut
2467 2627 2726 2698 opiﬁcem
2758 2636 2815 2681 et
2846 2633 3291 2696 prospectorem,
3314 2629 3372 2675 et
3399 2618 3548 2691 judi-

1946 2736 2087 2785 cem,
2118 2736 2317 2790 nempe
2359 2734 2459 2790 per
2485 2718 2685 2773 Filium
2713 2717 2768 2771 in
2815 2714 3027 2786 Spiritu
3069 2724 3282 2770 sancto.
3310 2712 3394 2768 Ea:
3434 2714 3547 2782 ipso

1944 2816 2116 2878 enim,
2142 2813 2241 2877 ait,
2273 2822 2321 2866 et
2354 2828 2448 2883 per
2471 2811 2645 2882 ipsum
2678 2817 2728 2864 et
2758 2809 2814 2863 in
2844 2810 2964 2879 ipso
2992 2808 3193 2861 omnia.
3222 2804 3333 2876 Ipsi
3370 2804 3545 2875 gloria

1946 2909 2002 2961 in
2037 2906 2234 2962 secula
2283 2902 2330 2959 ί.

2019 2998 2141 3053 100.
2174 2995 2493 3053 Οοωῑθηιοε
2531 2996 2662 3052 item
2691 2994 2885 3050 dicunt
2912 2991 3063 3049 Patri
3097 2990 3198 3062 (2),
3225 3006 3336 3046 non
3361 2996 3548 3045 tamen

1947 3088 2112 3144 simul
2142 3103 2268 3143 cum
2292 3102 2360 3142 eo
2395 3094 2650 3142 carentes
2671 3082 2983 3155 principio;
3012 3089 3068 3136 et
3093 3086 3400 3135 coaeternos
3424 3078 3547 3150 qui-

257 3181 409 3236 αΐδια
437 3179 558 3251 μὲν,
592 3180 668 3245 ῶς
693 3178 754 3245 ἐξ
786 3178 1017 3251 ἀπείρου
1046 3177 1125 3248 τῷ
1163 3176 1342 3249 Πατρὶ
1389 3174 1839 3245 συνυπάρχοντα·

1953 3180 2095 3246 dem,
2128 3187 2189 3234 ut
2216 3178 2613 3235 coexsistentes
2645 3175 2816 3240 Patri,
2858 3172 2929 3229 ab
2973 3173 3273 3235 immenso;
3311 3185 3420 3224 non
3460 3183 3551 3225 ca-

256 3271 323 3324 οῦ
348 3270 661 3341 συνάναρχα
696 3268 775 3332 δὲ,
810 3267 887 3332 ὡς
933 3267 1034 3321 οὐκ
1063 3266 1303 3321 ἀναίτια.
1344 3264 1435 3330 Ἐξ
1489 3262 1657 3319 αὑτοῦ
1707 3263 1843 3334 γὰρ,

218 3426 221 3427 ν
262 3365 313 3418 εἰ
347 3362 441 3417 καὶ
465 3362 542 3435 μὴ
571 3362 689 3434 μετ’
722 3359 911 3428 αὑτὸν,
941 3360 1019 3424 ῶς
1064 3359 1174 3429 γάρ
1207 3357 1363 3430 ἡλίου
1390 3357 1451 3411 τὸ
1484 3357 1622 3426 φῶς,
1663 3353 1851 3420 καθὼς

264 3456 615 3526 προείρηται.
649 3453 885 3521 Λέγουσι
910 3452 967 3506 δὲ
1004 3451 1170 3505 πάλιν
1196 3452 1289 3504 καὶ
1317 3450 1555 3521 ἀναρχα,
1585 3449 1715 3504 ὅταν
1765 3464 1850 3513 τις

153 3548 166 3561 ⁸
262 3551 364 3619 τὴν
394 3548 501 3602 ἀπὸ
526 3548 723 3620 χρόνου
748 3545 1005 3619 λαμϐάνῃ
1041 3543 1241 3617 ἀρχὴν,
1282 3544 1370 3597 ἵνα
1398 3543 1476 3614 μὴ
1508 3541 1615 3596 ὑπὸ
1653 3542 1849 3613 χρόνου

263 3640 432 3713 νοηθῇ
456 3640 524 3695 τά
548 3639 608 3707 ἐξ
632 3634 708 3695 ὧν
740 3641 769 3694 ό
813 3640 1024 3713 χρόνος.
1054 3638 1169 3693 Οὐκ
1196 3638 1408 3708 ἀναρχα
1431 3632 1528 3691 οὖν
1556 3635 1637 3708 τῷ
1666 3635 1849 3707 αἰτίῳ,

263 3734 345 3805 τῷ
376 3735 433 3789 δὲ
462 3734 640 3807 χρόνῳ
665 3734 901 3805 ἀναρχα,
925 3732 1002 3797 ὡς
1032 3731 1140 3803 πρὸ
1167 3730 1367 3795 παντὸς
1388 3730 1479 3783 καὶ
1510 3730 1728 3801 χρόνου,
1756 3728 1853 3782 καὶ

262 3828 482 3894 αἰῶνος,
510 3829 607 3883 καὶ
632 3827 775 3901 ὑπὲρ
804 3826 977 3884 αἰῶνα
1006 3824 1101 3879 καὶ
1132 3823 1342 3897 χρόνον.
1367 3822 1448 3876 Δι’
1482 3814 1558 3878 ὧν
1587 3822 1733 3884 ἀπας
1756 3820 1853 3874 καὶ

264 3919 428 3985 αἰὼν,
464 3920 556 3974 καὶ
584 3918 797 3992 χρόνος,
829 3916 1014 3973 καὶτὰ
1037 3918 1095 3971 ὲν
1124 3916 1306 3980 αἰῶνι,
1332 3913 1429 3969 καὶ
1457 3913 1527 3967 τά
1560 3914 1617 3966 ἐν
1647 3912 1851 3984 χρόνῳ,

264 4012 365 4069 καὶ
392 4011 468 4076 ῶς
489 4010 566 4083 τῷ
600 4010 796 4083 Πατρὶ,
835 4011 913 4073 ῶς
944 4009 1293 4081 προείρηται,
1320 4006 1751 4062 πναίδια.·Μεθ’
1776 3999 1853 4061 ὧν

263 4103 420 4176 αὑτῷ
452 4106 485 4177 ἡ
529 4101 677 4169 δόξα,
706 4103 803 4159 καὶ
851 4101 916 4158 rb
952 4100 1156 4175 κράτος
1204 4102 1287 4166 εἰς
1337 4099 1471 4165 τοὺς
1510 4097 1713 4165 αἰῶνας
1737 4099 1849 4154 τῶν

263 4196 500 4254 αἰώνων.
529 4198 586 4277 ’ᾼ
596 4197 725 4270 μήν.

341 4430 363 4472 ί
406 4432 568 4487 Rom.
600 4446 675 4497 xi,
696 4424 787 4485 36.

347 4568 425 4641 (Ξ)
461 4568 621 4641 Μαι-ο,
657 4568 978 4641 ϐταξςοτιιηι
1008 4566 1064 4623 in
1099 4564 1634 4641 sacris_promiscue
1680 4564 1856 4641 utitur

271 4635 505 4712 nomine
542 4639 804 4712 principii
850 4649 907 4712 et
958 4653 1172 4695 causae:
1202 4646 1261 4712 at
1289 4635 1472 4712 Latini
1509 4637 1577 4692 ad
1613 4636 1757 4691 intra
1799 4635 1856 4690 in

1945 3280 2131 3327 rentes
2157 3277 2342 3326 autem
2376 3266 2676 3340 principio,
2715 3265 2845 3338 quia
2887 3279 3001 3319 non
3032 3261 3153 3318 sine
3188 3276 3355 3317 causa
3396 3268 3546 3316 sunt.

1944 3368 2026 3425 Ex
2064 3367 2187 3439 ipso
2224 3366 2398 3433 enim,
2440 3366 2577 3421 licet
2604 3380 2719 3420 non
2744 3370 2871 3435 post
2898 3361 3102 3433 ipsum,
3134 3358 3281 3416 sicut
3323 3372 3393 3412 ex
3433 3355 3549 3409 sole

1945 3462 2159 3527 lumen,
2186 3470 2250 3516 ut
2272 3458 2600 3531 prtedictum
2633 3468 2740 3514 est.
2765 3458 2972 3514 Dicunt
2997 3464 3180 3510 autem
3204 3461 3261 3507 et
3293 3456 3550 3506 carentes

1947 3552 2246 3625 principio,
2264 3560 2327 3607 ut
2346 3551 2393 3607 si
2414 3551 2540 3621 quis
2563 3550 2632 3607 de
2654 3548 2945 3620 temporali
2965 3543 3242 3618 principio
3264 3543 3547 3612 loquatur,

1949 3662 2022 3703 ne
2047 3645 2273 3701 subesse
2303 3643 2541 3714 tempori
2571 3650 2859 3714 putentur,
2894 3657 2926 3696 a
2953 3638 3162 3709 quibus
3192 3644 3411 3705 tempus
3439 3645 3551 3687 ca:-

1951 3740 2054 3811 pit.
2081 3739 2200 3795 Non
2224 3746 2416 3794 carent
2454 3738 2623 3809 igitur
2652 3734 2929 3806 principio
2969 3729 3200 3794 causali,
3228 3734 3420 3783 carent
3453 3738 3551 3779 au-

1950 3841 2062 3887 tem
2100 3830 2379 3901 principio
2407 3827 2725 3899 temporali.
2753 3824 2912 3891 Quod
2939 3831 3069 3878 ante
3095 3834 3259 3875 omne
3285 3813 3550 3871 saeculum

1951 3936 2008 3982 et
2034 3934 2271 3995 tempus,
2299 3932 2355 3979 et
2380 3938 2550 3993 super
2573 3920 2834 3976 saeculum
2858 3925 2916 3973 et
2941 3925 3182 3984 tempus,
3211 3925 3311 3981 per
3332 3920 3474 3979 quos
3494 3912 3553 3959 et

1951 4016 2214 4073 saeculum
2247 4022 2307 4069 et
2349 4022 2589 4084 tempus,
2617 4022 2675 4067 et
2718 4026 2842 4082 quae
2882 4009 2938 4065 in
2969 4005 3191 4071 saeculo,
3238 4011 3296 4059 et
3342 4013 3465 4069 qua:
3492 3995 3553 4051 in
3622 4060 3625 4064 λ

1954 4114 2238 4176 tempore,
2268 4112 2326 4160 et
2359 4102 2509 4175 quod
2552 4101 2701 4157 Patri
2724 4143 2739 4167 ,
2773 4099 2920 4155 sicut
2948 4095 3273 4169 praedictum
3308 4098 3430 4155 est,
3455 4101 3555 4144 co-

1954 4198 2170 4255 aeterni.
2204 4197 2345 4256 Cum
2387 4196 2591 4267 quibus
2634 4195 2739 4266 ipsi
2777 4194 2851 4250 sit
2879 4191 3055 4264 gloria
3077 4196 3135 4244 et
3170 4179 3552 4259 imperiumin

1958 4290 2159 4347 saecula
2188 4294 2543 4348 saeculorum.
2574 4295 2781 4355 Amen.

2003 4578 2073 4617 ue
2119 4560 2547 4643 enimuprnprie
2597 4559 2779 4643 Pater.
2807 4555 3017 4610 dicitur
3042 4550 3527 4643 Δςειιιξξξλιτίὲίἰ,Ψεῖιι

2007 4642 2127 4688 ater
2149 4642 2206 4688 et
2236 4618 2603 4687 Filius'cansa
2635 4625 2879 4696 Spiritus
2901 4623 3106 4681 sancti.
3165 4620 3289 4676 Vide
3316 4618 3377 4676 S.
3419 4618 3556 4675 Tho-

276 4697 562 4768 Trinitate'
578 4727 691 4769 non
720 4697 1022 4769 admittunt
1059 4709 1487 4782 appellationem
1516 4722 1736 4765 causae:
1763 4721 1860 4763 ne-
1966 4720 2153 4760 maml
2191 4720 2272 4775 p.,
2304 4720 2357 4773 ᾳ.
2384 4703 2477 4768 55,
2510 4708 2619 4755 art.
2652 4698 2674 4753 l
2710 4707 2759 4753 et
2780 4697 2839 4752 2.
