4080 6282
237 271 246 282 ι
317 207 454 306 H73
649 319 651 321 I
799 318 807 321 _
901 320 904 321 ί
1347 217 1721 310 ιιΒΕῐξωε
1759 222 1862 308 .m‘
1897 222 2400 313 TnEonosm-M
2442 256 2596 316 IMP.
3463 245 3603 321 tua

312 357 384 411 δι’
409 360 561 429 ἡμᾶς
595 357 813 424 ἐγένετο
865 357 1173 430 ἄνθρωπος,
1219 361 1414 431 μείνας
1455 361 1484 413 ὃ
1531 357 1600 432 ἦν
1631 361 1784 426 Θεὸς,
1829 363 1893 426 ὼς

2011 372 2155 418 stum
2180 365 2278 420 Dei
2309 363 2696 437 Filium,quod
2727 381 2892 425 verus
2919 369 2991 424 sit
3020 365 3187 425 licus.
3205 355 3594 439 Neque'enim,

313 451 411 504 καὶ
440 451 474 521 ἡ
517 450 762 521 ὑμετέρα
792 450 1045 504 εὐσέϐεια
1076 451 1356 522 διέμαθεν,
1406 452 1506 523 ἠδη
1553 454 1648 506 καὶ
1692 455 1776 518 τὸ,
1808 449 1893 525 ἦν,

2008 465 2369 528 posteaquam
2400 459 2576 513 nostri
2599 475 2762 514 causa
2797 463 2964 516 homo
2998 461 3176 518 factus
3223 471 3326 526 est,
3355 462 3413 516 id
3442 465 3598 532 quod

311 543 691 618 ἀρνησόμεθα.
739 543 900 598 Ἀλλά
949 546 1114 616 ἡμεῖς
1162 545 1518 617 πιστεύομεν,
1568 547 1664 600 καὶ
1704 547 1893 617 ὁμολο-

2006 560 2146 614 erat,
2175 551 2280 605 hoc
2306 561 2392 606 est
2439 552 2607 618 Deus,
2662 567 2785 607 esse
2828 570 2941 609 non
2974 553 3246 610 desinens
3297 553 3596 625 (quemad-

311 637 544 709 γοῦμεν,
584 639 681 690 καὶ
731 635 1099 710 κηρύττομεν,
1154 639 1235 692 ὅτι
1290 641 1319 692 ὁ
1374 638 1481 711 πρὸ
1530 636 1642 693 τῶν
1688 640 1893 693 αίὼνων

2007 641 2230 696 modum
2270 649 2327 697 et
2349 652 2533 699 vestra
2577 659 2800 716 quoque
2835 645 3013 716 pietas
3039 646 3162 704 "nos
3209 644 3474 718 ignorat).
3513 644 3597 700 id-

309 731 446 796 θεὸς
479 731 673 801 Λόγος,
709 734 738 786 ὁ
788 732 1085 805 μονογενὴς
1136 731 1268 795 Υἱὸς
1298 732 1393 786 τοῦ
1426 731 1564 787 Θεοῦ
1613 732 1893 804 ὑπάρχων,

2004 732 2158 790 circo
2185 735 2512 806 negabimus
2539 733 2686 808 quod
2723 747 2862 794 erat.
2916 737 3023 794 Sed
3076 754 3175 794 nos
3207 740 3506 803 credimus,
3537 746 3598 794 et

309 824 403 878 διὰ
425 823 524 897 τὴν
558 825 760 896 πολλὴν
804 823 970 878 αὑτοῦ
1013 824 1430 897 φιλανθρωπίαν
1449 824 1557 897 ’τὴν
1587 826 1724 898 πρδς
1739 826 1893 897 ’ἡμᾶς

2006 829 2355 900 profitemur,
2386 837 2441 884 et
2467 830 2836 899 praedicamus
2891 830 3064 886 Deum
3095 830 3361 895 Verbum,
3403 831 3596 902 unige-

306 909 496 980 οὖσαν,
556 915 781 985 γέγονεν
816 916 1106 989 ἄνθρωπος
1140 918 1369 996 τέλειος,
1407 918 1484 983 ὡς
1520 914 1601 983 εἷς
1629 918 1691 984 ἐξ
1743 917 1893 990 ἡμῶν

2000 919 2290 991 nitumque
2326 913 2424 975 Dei
2462 920 2684 987 Filium,
2724 921 2819 991 qui
2876 920 3076 976 saecula
3134 919 3321 974 omnia
3371 927 3596 975 antece-

310 1012 458 1065 κατά
492 1011 671 1065 πάντα
700 1012 871 1083 χωρὶς
894 1011 1197 1084 ἁμαρτίας,
1228 1012 1420 1083 μείνας
1449 1013 1478 1066 ὃ
1503 1007 1594 1085 ἦν,
1627 1012 1782 1078 Θεὸς,
1815 1009 1893 1066 διὰ

2001 1010 2189 1076 debat,
2225 1021 2455 1084 propter
2508 1029 2664 1069 suam
2717 1027 2844 1084 erga
2884 1028 2986 1068 nos
3035 1012 3464 1083 benignitatem,
3491 1011 3596 1066 im-

308 1099 413 1172 τὴν
436 1099 531 1154 τοῦ
567 1101 760 1170 γένους
801 1101 960 1173 ἡμῶν
1018 1103 1299 1175 σωτηρίαν
1345 1105 1633 1177 γεννηθεὶς
1686 1105 1749 1158 ἐκ
1776 1103 1893 1176 ’τῆς

2002 1095 2361 1177 mensamque
2383 1106 2712 1172 bonitatem,
2729 1106 3013 1161 hominem
3039 1105 3370 1176 perfectum,
3403 1105 3597 1161 nobis-

307 1192 475 1263 ἀγίας
509 1193 787 1266 Παρθένου
814 1195 1157 1266 Μαρίαςμῦς
1186 1196 1350 1262 αὐτὸς
1380 1191 1512 1253 οἶδε.

1887 1205 1892 1210 ’
2001 1195 2109 1268 que
2143 1205 2242 1269 per
2266 1200 2454 1254 omnia
2484 1199 2723 1254 similem
2753 1199 3027 1271 ‘(peccato
3075 1207 3287 1253 tantum
3332 1205 3593 1275 excepto)

303 1287 572 1344 eﬁeetum
617 1303 780 1354 esse;
818 1287 872 1343 id
907 1289 1087 1360 ipsum
1119 1290 1266 1362 quod
1296 1300 1419 1346 erat
1469 1307 1577 1346 non
1649 1291 1931 1354 amittens,
1973 1287 2135 1348 modo
2185 1307 2349 1363 quem
2402 1293 2553 1348 solus
2611 1291 2734 1362 ipse
2800 1291 2978 1357 novit,
3033 1304 3102 1346 ex
3135 1299 3326 1346 sancta
3367 1292 3596 1362 Virgine

305 1382 482 1438 Maria
507 1398 608 1453 pro
639 1382 820 1438 salute
855 1382 1085 1438 humani
1122 1384 1342 1455 generis
1366 1393 1557 1439 natum
1595 1399 1739 1441 esse.

312 1548 316 1552 η
379 1479 455 1533 B’.
509 1477 715 1532 Τούτου
753 1477 920 1534 ἕνεκα
963 1478 1058 1533 τοῦ
1098 1478 1378 1550 ἀληθοῦςε
1430 1480 1739 1554 δόγματος,
1801 1479 1896 1535 τοῦ

199 1582 237 1609 ”-
304 1575 368 1630 ἒν
401 1575 466 1645 τῇ
510 1571 1120 1647 ἀγιωτάτηἙκκλησίᾳ
1145 1571 1431 1643 ἀκριϐῶςᾶ
1463 1565 1893 1647 κηρυττομένου,

2011 1553 2015 1556 _
2077 1471 2268 1537 ll.‘0b
2330 1446 2440 1546 hoc
2473 1493 2668 1556 verum
2721 1476 2920 1550 dogma
2975 1477 3031 1555 in
3093 1477 3442 1533 sanctissima
3494 1477 3594 1534 Dei

2005 1569 2253 1628 Ecclesia
2273 1571 2488 1627 sincere
2510 1566 3249 1641 praedicatumma'ulumque
3271 1569 3591 1624 hmreticunm

304 1668 404 1722 καὶ
442 1665 534 1721 τοῦ
564 1665 841 1738 αἱρετικοῦ
870 1665 1080 1720 Παύλου
1110 1665 1334 1731 δικαίως
1357 1666 1686 1731 ἐξωσθέντος
1706 1706 1722 1732 ,
1772 1669 1893 1737 ἐγέ-

1997 1654 2124 1737 jure
2148 1666 2358 1737 optimo
2385 1665 2648 1737 ejectum,
2680 1663 2821 1718 facta
2852 1669 2984 1718 sunt
3023 1664 3323 1719 schismata
3348 1664 3588 1734 populo-

303 1777 462 1815 νοντο
490 1761 768 1831 σχίσματα
796 1758 965 1822 λαῶν,
999 1758 1404 1814 ἀκαταστασίαι
1435 1762 1650 1829 ἱερέων,
1682 1763 1893 1834 ταραχὴ

2005 1776 2148 1825 rum,
2191 1759 2540 1830 perturbatio
2577 1757 2956 1825 sacerdotum,
2988 1765 3045 1812 et
3067 1766 3351 1828 pastorum
3387 1757 3593 1812 tumul-

305 1854 604 1925 ποιμένων.
639 1853 804 1907 Ὅθεν
835 1853 930 1908 καὶ
958 1851 1051 1908 νῦν
1086 1855 1228 1909 κατά
1260 1856 1554 1927 πρόσωπον
1588 1854 1683 1908 τοῦ
1707 1857 1894 1926 ’ἐγχει-

306 1946 591 2020 ρισθέντος
649 1945 742 1999 τὸν
794 1938 894 2017 τῆς
949 1945 1258 2018 ἐπισκοπῆς
1316 1945 1511 2024 θρόνον
1557 1949 1895 2020 Νεστορίουο

303 2041 358 2095 εί
385 2039 466 2093 δεῖ
497 2039 674 2092 εἰπεῖν
703 2037 1006 2091 ἐπίσκοπον
1028 2053 1042 2066 ο
1102 2036 1161 2091 ἐν
1192 2037 1271 2109 τῷ
1300 2038 1589 2110 συνεδρίῳ,
1640 2039 1899 2104 πολλάκις

302 2130 453 2194 τινὲς
482 2130 591 2184 τῶν
619 2127 1034 2184 εὐλαϐεστάτων
1059 2129 1447 2202 πρεσϐυτέρων
1476 2131 1712 2202 ἤλεγξαν
1737 2132 1898 2184 αὑτὸν

304 2225 406 2278 καὶ
436 2223 526 2278 διὰ
554 2221 654 2295 τὴν
681 2220 965 2278 ἀπείθειαν
991 2222 1158 2277 αὑτοῦ
1178 2263 1193 2286 ,
1227 2223 1288 2277 τὸ
1324 2224 1401 2294 μὴ
1429 2224 1612 2293 λέγειν
1637 2224 1900 2278 Θεοτόκον

303 2313 410 2388 τὴν
443 2315 602 2385 ἁγίαν
629 2315 904 2388 Παρθένον
926 2355 942 2380 ,
1000 2317 1096 2371 καὶ
1134 2316 1267 2371 Θεὸν
1295 2317 1426 2370 ὄντα
1454 2318 1615 2387 φύσει
1645 2315 1898 2388 ἀληθινὸν

301 2409 400 2464 τὸν
426 2407 688 2480 Χριστὸν,
717 2407 822 2479 τῆς
851 2407 1016 2462 αὑτοῦ
1047 2409 1336 2474 κοινωνίας
1367 2409 1595 2473 ἑαυτοὺς
1619 2400 1895 2478 ἐξέϐαλον,

304 2503 407 2560 καὶ
455 2503 784 2573 κατέχουσιν
833 2499 942 2566 ἕως
973 2499 1114 2576 ,ἄρτι
1137 2515 1152 2530 ·
1209 2500 1356 2564 τινές
1392 2499 1450 2554 δέ
1489 2501 1667 2574 λάθρα
1697 2502 1899 2572 ὁμοίως

303 2594 406 2670 τῆς
429 2592 594 2648 αὑτοῦ
622 2594 909 2658 κοινωνίας
941 2592 1271 2670 στέλλονται.
1311 2577 1498 2648 Ἄλλοι
1524 2593 1582 2648 δὲ
1610 2592 1720 2648 τῶν
1747 2594 1900 2649 εύλα·

303 2686 588 2742 ϐεστάτων
635 2686 1024 2760 πρεσϐυτέρων
1050 2729 1064 2752 ,
1118 2685 1208 2742 διὰ
1247 2686 1311 2741 τὸ
1359 2685 1537 2756 λέγειν
1581 2687 1639 2742 ἐν
1667 2692 1732 2762 τῇ
1765 2690 1898 2763 ἁγίᾳ

301 2780 484 2854 ταύτῃ
535 2779 835 2851 ἐκκλησίᾳ,
889 2779 1099 2854 Εἰρήνῃ
1146 2781 1215 2852 τῇ
1265 2780 1715 2858 παραθαλασσίᾳ,
1757 2783 1899 2838 κατά

302 2872 404 2928 τοῦ
425 2873 828 2938 ἀνανεωθέντος
850 2869 1042 2938 κακῶς
1063 2872 1358 2945 δόγματος,
1379 2873 1475 2928 τοῦ
1497 2873 1678 2950 λέγειν
1699 2875 1898 2931 ἐκωλύ-

309 2965 506 3039 θησαν.
533 2967 704 3022 Ὅθεν
738 2965 944 3021 ἐπεϐόα
975 2966 1003 3020 ὁ
1031 2965 1158 3032 λαὸς
1176 3008 1192 3037 ,
1248 2965 1430 3041 ζητῶν
1460 2947 1560 3040 τῆς
1583 2947 1897 3040 δρθοδοξίας

2004 1853 2199 1908 tuatio.
2247 1849 2390 1919 Quin
2426 1860 2481 1908 et
2516 1851 2622 1907 hoc
2655 1852 2776 1922 ipso
2806 1865 3029 1922 quoque
3066 1859 3313 1922 tempore
3356 1849 3589 1921 quidam

2000 1963 2030 2003 e
2059 1939 2652 2016 reverendissimorum
2710 1943 3340 2001 saeerdomm'nin’nero
3391 1943 3592 1999 Nesto-

2002 2041 2169 2108 rium,
2201 2040 2298 2112 qui
2327 2041 2544 2096 obtinet
2577 2039 2934 2112 episcopatus
2974 2039 3146 2111 hujus
3191 2031 3378 2094 sedem
3415 2037 3482 2109 (si
3509 2047 3592 2093 ta-

2003 2149 2128 2190 men
2163 2135 2488 2205 episcopum
2520 2149 2720 2190 vocare
2751 2133 2833 2188 fas
2861 2133 2992 2205 est),
3027 2148 3094 2187 eo
3117 2131 3265 2202 quod
3302 2129 3590 2186 Christum

2001 2236 2200 2281 natura
2233 2242 2429 2282 verum
2457 2226 2654 2292 Deum,
2687 2233 2935 2281 sanctam
2979 2240 3115 2280 vero
3143 2223 3426 2296 Virginem
3458 2222 3588 2278 Deie

2000 2332 2191 2388 param
2247 2334 2368 2373 esse
2401 2316 2680 2372 obstinata
2711 2317 2910 2372 animi
2951 2317 3330 2384 contentione
3383 2329 3588 2386 negare

2000 2420 2211 2482 pergat,
2239 2408 2293 2465 in
2325 2410 2549 2482 publico
2595 2426 2857 2466 consessu
2887 2425 3074 2466 coram
3111 2426 3224 2466 non
3267 2407 3589 2478 infrequen-

2002 2512 2086 2559 ter
2125 2504 2544 2576 corripuerunt,
2578 2514 2634 2561 et
2677 2505 2748 2560 ab
2775 2505 3023 2577 ejuSdem
3059 2502 3450 2560 communione
3493 2501 3593 2557 de-

2000 2594 2306 2661 sciverunt,
2331 2607 2387 2651 et
2408 2596 2460 2650 in
2486 2597 2822 2652 hodiernum
2845 2613 3020 2667 usque
3051 2595 3588 2661 dieurdesciscunt;

2001 2689 2255 2745 nonnulli
2278 2689 2595 2762 clanculum
2620 2691 2699 2746 ab
2733 2691 2884 2746 illius
2914 2691 3201 2765 consortio
3226 2705 3285 2744 se
3312 2689 3593 2746 subduxe-

2002 2777 2170 2838 runt:
2200 2784 2294 2840 alii
2333 2800 2402 2840 ex
2459 2781 2900 2855 religiosissimis
2922 2766 3296 2854 presbyteris,
3320 2781 3586 2852 quoniam

1998 2878 2055 2932 in
2115 2879 2219 2934 hac
2264 2884 2450 2935 sancta
2497 2876 2728 2933 ecclesia
2785 2876 2942 2931 [rene
2988 2873 3064 2945 (l)
3116 2873 3394 2927 maritima
3450 2885 3589 2925 con-

2001 2979 2085 3026 tra
2156 2971 2500 3042 repullulans
2567 2985 2803 3041 pravum
2875 2968 3072 3039 dogma
3143 2963 3586 3027 invehebantur,

307 3049 520 3129 συνήθη
561 3057 935 3122 διδασκαλίαν.
983 3057 1195 3128 λέγων’
1257 3059 1493 3116 Βασιλέα
1517 3060 1740 3134 ἔχομεν,
1771 3064 1893 3117 ἐπί-

2001 3061 2225 3118 dicendi
2281 3061 2543 3118 facultate
2590 3060 2795 3133 privati
2829 3063 2978 3137 sunt.
3010 3065 3014 3069 ’
3041 3057 3204 3128 Unde
3245 3054 3471 3122 accidit,
3525 3062 3590 3109 ut

306 3167 511 3205 σκοπον
562 3150 662 3205 οὐκ
706 3149 926 3222 ἔχομεν.
992 3152 1102 3206 Καὶ
1147 3149 1286 3218 τέως
1333 3153 1435 3225 μὲν
1473 3152 1828 3229 ἀνεκδίκητον
1869 3168 1892 3198 θ

304 3243 491 3317 ἔμεινε
528 3245 590 3299 τὺ
616 3244 712 3299 τοῦ
739 3245 870 3300 λαοῦ
902 3245 1263 3317 πειρατήριον
1285 3286 1302 3314 ,
1359 3244 1455 3300 τοῦ
1499 3247 1892 3321 συλληφθέντος

302 3339 372 3395 In
401 3339 606 3411 μέρους
636 3340 788 3412 παρὰ
817 3339 928 3393 τῶν
956 3338 1263 3416 ύπερετῷν,
1317 3340 1414 3395 καὶ
1445 3340 1503 3398 ὲν
1530 3340 1607 3414 τῷ
1628 3340 1894 3414 δικανικῷ

302 3433 674 3506 τυπτηθέντος
704 3415 982 3505 διαφόρως
1012 3433 1070 3486 ἐν
1095 3415 1252 3486 πόλει
1283 3431 1666 3508 βασιλευούσῃ·
1701 3433 1738 3488 ἃ
1766 3431 1893 3488 οὔτε

303 3526 366 3584 ἐν
421 3529 536 3590 τοῖς
577 3524 768 3596 ,ἔθνεσι
831 3526 947 3590 τοῖς
1007 3524 1368 3598 βαρϐαρικοῖς
1429 3526 1672 3596 ἐγένετο.
1732 3527 1894 3593 Τινές

303 3620 448 3677 κατὰ
477 3620 771 3693 πρόσωπον
819 3620 878 3674 ἐν
918 3621 987 3693 τῇ
1019 3619 1301 3693 ἁγιωτάτῃ
1331 3620 1602 3694 ἐκκλησίᾳ
1636 3621 1730 3676 ἐπὶ
1759 3621 1891 3676 λαοῦ

343 3711 540 3782 λεγξαν
559 3757 577 3780 ,
633 3713 731 3768 καὶ
777 3711 960 3793 θλῖψιν
990 3712 1051 3766 οὐ
1082 3711 1290 3784 μικράν
1319 3711 1645 3783 ὑπέμειναν.
1686 3712 1807 3766 Τῶν
1835 3712 1892 3766 δὲ

303 3805 685 3880 αφελεστέρων
707 3825 791 3871 τις
819 3805 1162 3878 μοναζόντων
1184 3804 1512 3877 ἠναγκάσθη
1537 3803 1682 3859 κατά
1707 3804 1889 3874 ζῆλον,

301 3900 409 3955 ἀνά
449 3901 616 3974 μέσον
645 3899 745 3972 τῆς
770 3899 1102 3971 ἐκκλησίας,
1156 3897 1249 3952 τὸν
1278 3897 1498 3968 κήρυκα
1531 3897 1630 3968 τῆς
1657 3897 1892 3968 ἀνομίας

300 3993 551 4067 ἐπισχεῖν
584 3991 679 4047 τοῦ
717 3993 792 4065 μὴ
821 3990 1125 4056 εἰσελθεῖν,
1178 3989 1452 4058 συνάξεως
1481 3987 1685 4061 οὔσης,
1738 3990 1890 4064 αίρε-

300 4086 457 4142 τικοῦ
487 4086 654 4142 αὐτοῦ
678 4085 851 4152 ὄντος.
876 4084 1078 4140 Τοῦτον
1101 4083 1158 4139 δὲ
1183 4085 1490 4156 τυπτήσας,
1516 4084 1631 4148 τοῖς
1659 4083 1892 4155 μεγαλο-

301 4179 703 4254 πρεπεστάτοις
734 4179 996 4252 ἐπάρχοις
1023 4175 1365 4250 παρέδωκεν·
1398 4171 1479 4236 ἔτι
1501 4175 1559 4230 δὲ
1586 4157 1893 4248 τυπτηθένεί

298 4293 391 4340 τα,
422 4274 520 4330 καὶ
548 4271 940 4346 πομπευθέντα
966 4270 1227 4343 δημοσία,
1259 4269 1354 4346 τοῦ
1387 4271 1628 4342 κήρυκος
1657 4269 1888 4342 βοῶντος

1997 3152 2238 3225 populus
2267 3155 2529 3211 usitatam
2585 3141 2712 3208 ﬁdei
2769 3151 3218 3223 praedicationem
3269 3146 3587 3218 requirens,

1994 3247 2217 3318 publice
2241 3247 2565 3303 inclamaret
2594 3265 2606 3301 :
2636 3241 3347 3317 lmperatorem‘habemus,
3373 3239 3588 3311 episco-

1995 3356 2128 3412 pum
2153 3358 2264 3398 non
2291 3341 2812 3412 habemus...Verum
2845 3339 2938 3394 hic
2974 3337 3164 3410 populi
3208 3327 3441 3389 cenatus
3474 3347 3585 3387 non

1996 3438 2202 3492 mansit
2227 3434 2491 3507 impunis.
2523 3434 2657 3491 Pars
2689 3449 2928 3503 namque
2967 3418 3290 3487 a‘ministris
3330 3441 3586 3495 compre-

1995 3531 2193 3593 hensa,
2224 3536 2390 3599 atque
2417 3526 2485 3581 ad
2513 3525 2756 3582 tribunal
2775 3525 3081 3587 abstracta,
3103 3520 3196 3576 tali
3228 3518 3579 3574 immanitate

1994 3611 2347 3679 diverberata
2381 3630 2722 3691 exceptaque
2743 3624 2828 3672 est
2866 3617 2921 3671 in
2947 3615 3098 3685 regia
3129 3613 3378 3677 civitate,
3401 3609 3585 3681 qualis

1994 3733 2063 3773 ne
2123 3703 2272 3788 apud
2334 3713 2599 3771 barbaras
2652 3712 2878 3784 quidem
2935 3710 3192 3764 nationes
3237 3705 3573 3777 quandoque

1994 3809 2198 3876 usitata
2247 3807 2391 3890 fuit.'
2428 3806 2548 3863 Non
2579 3805 2879 3862 defuerunt
2939 3802 3035 3882 qui
3063 3799 3270 3871 populo
3303 3803 3574 3867 praesente

1994 3912 2051 3959 et
2096 3887 2472 3959 audiente-in
2535 3897 2884 3974 sanctissima
2954 3887 3580 3973 Ecclesia'coram‘illi

1995 3996 2400 4064 reclamarent;
2430 3993 2524 4050 sed
2545 3992 2821 4069 noncitra
2855 3987 3178 4062 gravissima
3207 3980 3580 4047 incommoda,

1991 4104 2115 4160 qua:
2165 4105 2230 4144 ea
2279 4087 2349 4143 de
2397 4102 2561 4142 causa
2599 4084 2992 4156 pertulerunt.
3039 4077 3287 4159 Denique
3347 4072 3582 4145 simplex

1991 4179 2220 4253 quidam
2258 4177 2587 4244 monachus,
2614 4177 2734 4232 zelo
2773 4171 3094 4248 vehementi
3143 4166 3461 4238 instigatus,
3506 4163 3585 4218 ’in‘

1991 4276 2238 4331 medium
2275 4273 2526 4330 ecclesiae
2575 4271 2922 4348 progressus,
2983 4279 3110 4321 cum
3161 4259 3384 4334 synaxis
3437 4256 3582 4313 cele-

301 4364 616 4448 έμπροσθεν
648 4363 852 4430 αὐτοῦ,
902 4366 969 4436 τῇ
1015 4361 1620 4434 ἐξορίαπαρέπεμψεν.
1675 4362 1750 4415 υύ
1785 4363 1886 4430 μό-

1997 4367 2277 4431 braretur,
2329 4365 2630 4436 impietatis
2691 4359 3037 4433 przeconem,
3085 4354 3233 4428 quod
3285 4350 3587 4462 hmteticus'

301 4480 394 4518 νον
427 4462 490 4531 δὲ
513 4458 734 4532 τοῦτο,
789 4457 927 4514 ἀλλά
975 4457 1072 4512 καὶ
1115 4457 1173 4509 ἐν
1211 4457 1349 4528 αὐτῇ
1387 4457 1454 4527 τῇ
1483 4455 1767 4527 ἁγιωτάτῃ
1792 4457 1884 4508 ἐκ-

299 4555 532 4628 κλησίᾳ,
589 4539 729 4626 μετὰ
777 4551 876 4623 τὴν
929 4549 1189 4622 ἀθέμιτον
1218 4549 1384 4603 αὑτοῦ
1412 4545 1653 4618 ὁμιλίαν,
1701 4547 1752 4600 οί
1789 4545 1892 4623 τῆς¹

298 4651 534 4726 φατρίας
565 4646 730 4704 αὐτοῦ
755 4647 852 4701 τοῦ
875 4644 1222 4716 κατέχοντος.
1252 4643 1413 4713 φόνον
1439 4639 1669 4714 ἔμελλον
1693 4641 1885 4708 ποιεῖν,

297 4749 348 4803 εε
380 4747 458 4820 μὴ
489 4748 524 4818 ἡ
551 4745 643 4800 τοῦ
668 4742 806 4798 Θεοῦ
830 4741 1056 4816 βοήθεια
1081 4737 1370 4795 κατέλαϐε.
1396 4803 1401 4806 _
1583 4737 1588 4740 ’
1883 4731 1886 4734 ’

1995 4466 2165 4523 esset,
2191 4455 2261 4511 ab
2298 4456 2548 4526 ingressu
2583 4453 2879 4524 prohibere
2909 4457 3140 4505 conatus
3166 4455 3282 4502 est.
3297 4440 3407 4500 Sed
3431 4442 3583 4498 hunc

1996 4550 2089 4605 ille
2115 4563 2316 4605 caesum
2333 4544 2638 4618 magniﬁcis
2656 4543 2990 4617 prwsidibus
3016 4538 3269 4606 tradidit;
3282 4536 3581 4608 flagrisque

1996 4642 2184 4697 denuo
2216 4641 2543 4703 dissectum,
2573 4645 2629 4693 et
2654 4636 2874 4708 publice
2915 4647 3140 4697 caasum,
3182 4643 3435 4702 praecone
3465 4643 3578 4682 non

1995 4735 2207 4806 absque
2231 4735 2478 4789 clamore
2519 4739 2824 4804 praeeunte,
2853 4727 2906 4783 in
2929 4726 3184 4786 exsilium
3214 4722 3444 4794 expulit.
3474 4709 3581 4776 Ne?

297 4816 408 4912 que
446 4816 733 4911 'tragmdia
777 4837 897 4894 hmc
928 4835 1081 4891 hisce
1128 4832 1334 4888 ﬁnibus
1363 4827 1637 4886 constitit.
1661 4827 1880 4883 Etenim
1921 4828 2015 4899 qui
2089 4837 2275 4900 partes
2344 4837 2656 4898 sequuntur
2693 4825 2878 4905 omnia
2913 4839 3012 4894 per
3043 4816 3581 4912 \‘itliagelttis,upost

299 4905 526 5005 impiam
555 4905 706 4988 illius
744 4928 1092 4992 concionem,
1148 4924 1258 4979 nisi
1286 4922 1436 4978 Deus
1479 4917 1880 4992 prohibuisset,
1924 4920 1978 4974 in
2030 4920 2266 4991 ipsamet
2324 4915 2679 4996 sacrosancta
2727 4915 2835 4971 "Dei
2864 4911 3109 4968 Ecclesia
3139 4907 3344 5003 aedem
3369 4905 3576 4966 edituri

295 5042 482 5091 erant.
1129 5087 1132 5089 .

369 5098 444 5188 l".
501 5121 587 5177 Τὰ
635 5119 768 5189 περὶ
811 5115 973 5191 ἡμῶν
1013 5112 1287 5170 δύσπιστά
1326 5113 1444 5166 ἐστι
1491 5109 1633 5181 τάχα
1667 5108 1887 5171 πολλοῖς

296 5221 413 5283 τοῖς
455 5216 737 5273 ἀκούουσι.
795 5213 954 5272 Κατὰ
981 5209 1090 5282 γὰρ
1134 5205 1386 5263 κέλευσιν
1414 5201 1580 5258 αὑτοῦ
1625 5201 1720 5257 καὶ
1750 5217 1884 5271 προ-

295 5311 508 5385 τροπὴν
537 5309 844 5381 ἀνήλθομεν
889 5306 946 5359 ἒν
981 5302 1059 5375 τῷ
1086 5297 1422 5370 ἐπισκοπείῳ
1461 5292 1886 5369 πληροφορηθῆ-

2066 5102 2156 5158 ιιι.
2184 5102 2358 5156 Porro
2399 5097 2670 5153 autemiis
2695 5111 2817 5167 qua:
2840 5094 2910 5150 ab
2944 5091 3041 5176 illo
3076 5090 3323 5180 perpessi
3344 5103 3575 5180 ‘sumns,

1994 5193 2152 5250 multi
2205 5191 2437 5246 fortasse
2487 5188 2650 5245 fidem
2704 5201 2814 5242 non
2856 5182 3163 5269 habebunt.
3198 5177 3580 5259 Etenimquo

1993 5286 2241 5360 perfecte
2287 5285 2674 5352 edoceremur,
2709 5292 2914 5337 Verane
2950 5293 3013 5335 ea
3048 5273 3258 5341 essent,
3301 5289 3372 5330 an
3416 5273 3572 5337 falsa,

1581 5429 1818 5488 νΑιυᾹῑ
1862 5423 2264 5485 LEGTIONES.

314 5591 320 5600 .
371 5553 398 5587 ⁸
435 5541 720 5617 ἀκριϐοῦς.
795 5539 823 5581 ιι
849 5536 1088 5609 άληθῶς.
1167 5546 1192 5577 ε
1251 5533 1338 5589 ἵσ.
1365 5531 1470 5587 οὒκ
1494 5527 1876 5598 ἀνεκδίκητον.

3327 5571 3333 5578 .

316 5687 318 5690 ·
375 5668 454 5742 (l)
487 5667 713 5742 Nomen‘
731 5659 984 5742 ecclesia;
1025 5671 1148 5740 qua:
1207 5668 1304 5742 ex-
1324 5651 1454 5742 Isim
1503 5643 1962 5742 niaritimahdicta
2002 5648 2106 5706 est,
2157 5653 2281 5695 cum
2332 5635 2451 5692 alia:
2501 5641 2694 5691 essent
2719 5628 2967 5704 ejusdem
3013 5621 3275 5683 nominis.
3310 5620 3390 5690 Ex
3435 5619 3577 5678 Pnoé'

301 5717 458 5814 capio
483 5717 563 5795 b‘é
576 5717 824 5794 aedificiis
841 5717 1135 5787 Iustiniani
1158 5725 1292 5781 edit.
1324 5725 1483 5780 Rom.
1512 5721 1567 5775 in
1597 5717 1870 5775 emendat.
