  <div class='ocr_page' id='page_1' title='image "/cluster/home/n/w/nwhite01/storage/ocr_20150623/91/hvd.32044019208024/756.png"; bbox 0 0 4080 6282; ppageno 0'>
   <div class='ocr_carea' id='block_1_1' title="bbox 294 271 432 337">
    <p class='ocr_par' dir='ltr' id='par_1_1' title="bbox 294 271 432 337">
     <span class='ocr_line' id='line_1_1' title="bbox 294 271 432 337; baseline 0.007 -1"><span class='ocrx_word' id='word_1_1' title='bbox 294 271 432 337; x_wconf 79' lang='grc'><strong>1477</strong></span> 
     </span>
    </p>
   </div>
   <div class='ocr_carea' id='block_1_2' title="bbox 1323 261 2565 330">
    <p class='ocr_par' dir='ltr' id='par_1_2' title="bbox 1323 261 2565 330">
     <span class='ocr_line' id='line_1_2' title="bbox 1323 261 2565 330; baseline -0.001 -2"><span class='ocrx_word' id='word_1_2' title='bbox 1323 266 1693 330; x_wconf 81' lang='lat' dir='ltr'><strong>LIBELLUS</strong></span> <span class='ocrx_word' id='word_1_3' title='bbox 1730 265 1832 326; x_wconf 80' lang='lat' dir='ltr'><strong>AD</strong></span> <span class='ocrx_word' id='word_1_4' title='bbox 1866 261 2365 326; x_wconf 73' lang='lat' dir='ltr'><strong>THEODOSIUM</strong></span> <span class='ocrx_word' id='word_1_5' title='bbox 2402 266 2565 327; x_wconf 75' lang='lat' dir='ltr'><strong>IMP.</strong></span> 
     </span>
    </p>
   </div>
   <div class='ocr_carea' id='block_1_3' title="bbox 3412 262 3553 332">
    <p class='ocr_par' dir='ltr' id='par_1_3' title="bbox 3412 262 3553 332">
     <span class='ocr_line' id='line_1_3' title="bbox 3412 262 3553 332; baseline -0.021 0"><span class='ocrx_word' id='word_1_6' title='bbox 3412 262 3553 332; x_wconf 71' lang='lat' dir='ltr'><strong>H78</strong></span> 
     </span>
    </p>
   </div>
   <div class='ocr_carea' id='block_1_4' title="bbox 291 382 1864 459">
    <p class='ocr_par' dir='ltr' id='par_1_4' title="bbox 291 382 1864 459">
     <span class='ocr_line' id='line_1_4' title="bbox 291 382 1864 459; baseline -0.003 -18"><span class='ocrx_word' id='word_1_7' title='bbox 291 405 396 459; x_wconf 86' lang='grc' dir='ltr'><strong>μον</strong></span> <span class='ocrx_word' id='word_1_8' title='bbox 435 385 549 440; x_wconf 89' lang='grc' dir='ltr'><strong>τῶν</strong></span> <span class='ocrx_word' id='word_1_9' title='bbox 591 382 958 438; x_wconf 76' lang='grc' dir='ltr'>ἐκτελοῦντων</span> <span class='ocrx_word' id='word_1_10' title='bbox 986 382 1268 436; x_wconf 82' lang='grc' dir='ltr'><strong>διακονίαν</strong></span> <span class='ocrx_word' id='word_1_11' title='bbox 1294 387 1415 438; x_wconf 76' lang='grc' dir='ltr'>τινὰ</span> <span class='ocrx_word' id='word_1_12' title='bbox 1444 385 1565 457; x_wconf 84' lang='grc' dir='ltr'>Θεῷ</span> <span class='ocrx_word' id='word_1_13' title='bbox 1593 387 1674 449; x_wconf 84' lang='grc' dir='ltr'><strong>εἰς</strong></span> <span class='ocrx_word' id='word_1_14' title='bbox 1702 383 1864 456; x_wconf 78' lang='grc' dir='ltr'>ὀργὴν</span> 
     </span>
    </p>
   </div>
   <div class='ocr_carea' id='block_1_5' title="bbox 1965 382 3553 459">
    <p class='ocr_par' dir='ltr' id='par_1_5' title="bbox 1975 382 3553 454">
     <span class='ocr_line' id='line_1_5' title="bbox 1975 382 3553 454; baseline 0.005 -18"><span class='ocrx_word' id='word_1_15' title='bbox 1975 382 2330 448; x_wconf 89' lang='lat' dir='ltr'><strong>monachum,</strong></span> <span class='ocrx_word' id='word_1_16' title='bbox 2375 392 2468 437; x_wconf 83' lang='lat' dir='ltr'><strong>au:</strong></span> <span class='ocrx_word' id='word_1_17' title='bbox 2507 383 2827 454; x_wconf 88' lang='lat' dir='ltr'><strong>religiosum</strong></span> <span class='ocrx_word' id='word_1_18' title='bbox 2868 384 3069 442; x_wconf 87' lang='lat' dir='ltr'><strong>laicnm</strong></span> <span class='ocrx_word' id='word_1_19' title='bbox 3102 384 3368 454; x_wconf 96' lang='lat' dir='ltr'><strong>honorat;</strong></span> <span class='ocrx_word' id='word_1_20' title='bbox 3423 388 3553 444; x_wconf 83' lang='lat' dir='ltr'><strong>nul-</strong></span> 
     </span>
    </p>
   </div>
   <div class='ocr_carea' id='block_1_6' title="bbox 286 476 1871 552">
    <p class='ocr_par' dir='ltr' id='par_1_6' title="bbox 286 476 1871 552">
     <span class='ocr_line' id='line_1_6' title="bbox 286 476 1871 552; baseline -0.002 -17"><span class='ocrx_word' id='word_1_21' title='bbox 286 481 433 537; x_wconf 79' lang='grc' dir='ltr'><strong>κατά</strong></span> <span class='ocrx_word' id='word_1_22' title='bbox 481 478 592 531; x_wconf 85' lang='grc' dir='ltr'><strong>τῶν</strong></span> <span class='ocrx_word' id='word_1_23' title='bbox 638 478 807 545; x_wconf 81' lang='grc' dir='ltr'>ἀξίων</span> <span class='ocrx_word' id='word_1_24' title='bbox 829 516 847 542; x_wconf 94' lang='grc'><strong>,</strong></span> <span class='ocrx_word' id='word_1_25' title='bbox 911 476 1026 530; x_wconf 77' lang='grc' dir='ltr'>ἀλλ’</span> <span class='ocrx_word' id='word_1_26' title='bbox 1057 476 1420 547; x_wconf 79' lang='grc' dir='ltr'><strong>ἐνδυσάμενος</strong></span> <span class='ocrx_word' id='word_1_27' title='bbox 1446 479 1545 549; x_wconf 77' lang='grc' dir='ltr'>τὴν</span> <span class='ocrx_word' id='word_1_28' title='bbox 1571 477 1871 552; x_wconf 74' lang='grc' dir='ltr'>ὑπεροψίαν</span> 
     </span>
    </p>
   </div>
   <div class='ocr_carea' id='block_1_7' title="bbox 285 567 1872 640">
    <p class='ocr_par' dir='ltr' id='par_1_7' title="bbox 285 567 1872 640">
     <span class='ocr_line' id='line_1_7' title="bbox 285 567 1872 640; baseline -0.001 -15"><span class='ocrx_word' id='word_1_29' title='bbox 285 572 434 625; x_wconf 81' lang='grc' dir='ltr'>κατὰ</span> <span class='ocrx_word' id='word_1_30' title='bbox 460 572 681 624; x_wconf 81' lang='grc' dir='ltr'>πάντων</span> <span class='ocrx_word' id='word_1_31' title='bbox 702 607 720 634; x_wconf 90' lang='grc'><strong>,</strong></span> <span class='ocrx_word' id='word_1_32' title='bbox 774 567 996 640; x_wconf 80' lang='grc' dir='ltr'>θαρρῶν</span> <span class='ocrx_word' id='word_1_33' title='bbox 1027 570 1140 632; x_wconf 86' lang='grc' dir='ltr'>τοῖς</span> <span class='ocrx_word' id='word_1_34' title='bbox 1170 571 1437 640; x_wconf 83' lang='grc' dir='ltr'>χρήμασι,</span> <span class='ocrx_word' id='word_1_35' title='bbox 1477 569 1569 625; x_wconf 85' lang='grc' dir='ltr'><strong>καί</strong></span> <span class='ocrx_word' id='word_1_36' title='bbox 1595 588 1760 625; x_wconf 89' lang='grc' dir='ltr'>τινων</span> <span class='ocrx_word' id='word_1_37' title='bbox 1788 570 1872 624; x_wconf 86' lang='grc' dir='ltr'>δι-</span> 
     </span>
    </p>
   </div>
   <div class='ocr_carea' id='block_1_8' title="bbox 285 660 1871 735">
    <p class='ocr_par' dir='ltr' id='par_1_8' title="bbox 285 660 1871 735">
     <span class='ocr_line' id='line_1_8' title="bbox 285 660 1871 735; baseline 0.001 -20"><span class='ocrx_word' id='word_1_38' title='bbox 285 662 655 733; x_wconf 72' lang='grc' dir='ltr'>εφθαρμένων</span> <span class='ocrx_word' id='word_1_39' title='bbox 684 664 750 733; x_wconf 80' lang='grc' dir='ltr'><strong>τῇ</strong></span> <span class='ocrx_word' id='word_1_40' title='bbox 786 660 966 732; x_wconf 82' lang='grc' dir='ltr'>ίσχύῖ,</span> <span class='ocrx_word' id='word_1_41' title='bbox 1021 661 1054 733; x_wconf 73' lang='grc' dir='ltr'><strong>ἢ</strong></span> <span class='ocrx_word' id='word_1_42' title='bbox 1108 660 1196 715; x_wconf 83' lang='grc' dir='ltr'><strong>ἴνα</strong></span> <span class='ocrx_word' id='word_1_43' title='bbox 1226 661 1445 731; x_wconf 75' lang='grc' dir='ltr'>ἀφόϐως</span> <span class='ocrx_word' id='word_1_44' title='bbox 1471 664 1734 735; x_wconf 84' lang='grc' dir='ltr'>είπωμεν.</span> <span class='ocrx_word' id='word_1_45' title='bbox 1774 663 1871 719; x_wconf 74' lang='grc' dir='ltr'>καὶ</span> 
     </span>
    </p>
   </div>
   <div class='ocr_carea' id='block_1_9' title="bbox 283 752 1871 826">
    <p class='ocr_par' dir='ltr' id='par_1_9' title="bbox 283 752 1871 826">
     <span class='ocr_line' id='line_1_9' title="bbox 283 752 1871 826; baseline 0.003 -21"><span class='ocrx_word' id='word_1_46' title='bbox 283 752 367 823; x_wconf 84' lang='grc' dir='ltr'>τῷ</span> <span class='ocrx_word' id='word_1_47' title='bbox 417 753 672 825; x_wconf 80' lang='grc' dir='ltr'><strong>ὑμετέρῳ</strong></span> <span class='ocrx_word' id='word_1_48' title='bbox 713 754 939 826; x_wconf 81' lang='grc' dir='ltr'>κράτει,</span> <span class='ocrx_word' id='word_1_49' title='bbox 976 752 1153 807; x_wconf 81' lang='grc' dir='ltr'>ταῦτα</span> <span class='ocrx_word' id='word_1_50' title='bbox 1184 755 1367 806; x_wconf 81' lang='grc' dir='ltr'>ποιεῖ·</span> <span class='ocrx_word' id='word_1_51' title='bbox 1408 752 1670 825; x_wconf 79' lang='grc' dir='ltr'>ἀξιοῦμεν</span> <span class='ocrx_word' id='word_1_52' title='bbox 1701 754 1871 825; x_wconf 70' lang='grc' dir='ltr'>μηδὶν</span> 
     </span>
    </p>
   </div>
   <div class='ocr_carea' id='block_1_10' title="bbox 284 845 1871 918">
    <p class='ocr_par' dir='ltr' id='par_1_10' title="bbox 284 845 1871 918">
     <span class='ocr_line' id='line_1_10' title="bbox 284 845 1871 918; baseline 0.001 -19"><span class='ocrx_word' id='word_1_53' title='bbox 284 845 441 916; x_wconf 82' lang='grc' dir='ltr'><strong>αὑτῷ</strong></span> <span class='ocrx_word' id='word_1_54' title='bbox 489 845 633 900; x_wconf 88' lang='grc' dir='ltr'>κατά</span> <span class='ocrx_word' id='word_1_55' title='bbox 677 862 838 900; x_wconf 85' lang='grc' dir='ltr'>τινων</span> <span class='ocrx_word' id='word_1_56' title='bbox 886 845 1087 911; x_wconf 75' lang='grc' dir='ltr'>ἐξεῖναι</span> <span class='ocrx_word' id='word_1_57' title='bbox 1131 848 1305 899; x_wconf 83' lang='grc' dir='ltr'>ποιεῖν</span> <span class='ocrx_word' id='word_1_58' title='bbox 1326 886 1342 910; x_wconf 92' lang='grc'><strong>,</strong></span> <span class='ocrx_word' id='word_1_59' title='bbox 1393 846 1491 899; x_wconf 79' lang='grc' dir='ltr'><strong>ἐάν</strong></span> <span class='ocrx_word' id='word_1_60' title='bbox 1534 847 1610 918; x_wconf 79' lang='grc' dir='ltr'>μὴ</span> <span class='ocrx_word' id='word_1_61' title='bbox 1655 846 1871 917; x_wconf 87' lang='grc' dir='ltr'>πρῶτον</span> 
     </span>
    </p>
   </div>
   <div class='ocr_carea' id='block_1_11' title="bbox 285 937 1871 1011">
    <p class='ocr_par' dir='ltr' id='par_1_11' title="bbox 285 937 1871 1011">
     <span class='ocr_line' id='line_1_11' title="bbox 285 937 1871 1011; baseline 0 -19"><span class='ocrx_word' id='word_1_62' title='bbox 285 937 577 1009; x_wconf 81' lang='grc' dir='ltr'>διόρθωσιν</span> <span class='ocrx_word' id='word_1_63' title='bbox 624 937 769 1010; x_wconf 80' lang='grc' dir='ltr'>λάϐῃ</span> <span class='ocrx_word' id='word_1_64' title='bbox 815 938 885 993; x_wconf 80' lang='grc' dir='ltr'><strong>τὰ</strong></span> <span class='ocrx_word' id='word_1_65' title='bbox 932 938 1074 993; x_wconf 82' lang='grc' dir='ltr'>κατὰ</span> <span class='ocrx_word' id='word_1_66' title='bbox 1100 940 1200 1011; x_wconf 78' lang='grc' dir='ltr'>τὴν</span> <span class='ocrx_word' id='word_1_67' title='bbox 1225 938 1506 1011; x_wconf 78' lang='grc' dir='ltr'>όρθόδοξον</span> <span class='ocrx_word' id='word_1_68' title='bbox 1531 939 1737 1005; x_wconf 88' lang='grc' dir='ltr'>πίστιν,</span> <span class='ocrx_word' id='word_1_69' title='bbox 1784 940 1871 994; x_wconf 79' lang='grc' dir='ltr'><strong>ἵνα</strong></span> 
     </span>
    </p>
   </div>
   <div class='ocr_carea' id='block_1_12' title="bbox 289 1029 1872 1106">
    <p class='ocr_par' dir='ltr' id='par_1_12' title="bbox 289 1029 1872 1106">
     <span class='ocr_line' id='line_1_12' title="bbox 289 1029 1872 1106; baseline 0.003 -24"><span class='ocrx_word' id='word_1_70' title='bbox 289 1031 371 1101; x_wconf 80' lang='grc' dir='ltr'>μὴ</span> <span class='ocrx_word' id='word_1_71' title='bbox 399 1029 604 1100; x_wconf 81' lang='grc' dir='ltr'>ταύτην</span> <span class='ocrx_word' id='word_1_72' title='bbox 630 1029 983 1103; x_wconf 81' lang='grc' dir='ltr'>διασκεδάσῃ.</span> <span class='ocrx_word' id='word_1_73' title='bbox 1030 1031 1126 1086; x_wconf 73' lang='grc' dir='ltr'>καὶ</span> <span class='ocrx_word' id='word_1_74' title='bbox 1152 1031 1252 1102; x_wconf 73' lang='grc' dir='ltr'>τὴν</span> <span class='ocrx_word' id='word_1_75' title='bbox 1281 1031 1446 1086; x_wconf 79' lang='grc' dir='ltr'>αὑτοῦ</span> <span class='ocrx_word' id='word_1_76' title='bbox 1480 1032 1872 1106; x_wconf 77' lang='grc' dir='ltr'>παρεισαγάγῃ</span> 
     </span>
    </p>
   </div>
   <div class='ocr_carea' id='block_1_13' title="bbox 285 1112 1869 1194">
    <p class='ocr_par' dir='ltr' id='par_1_13' title="bbox 285 1112 1869 1194">
     <span class='ocr_line' id='line_1_13' title="bbox 285 1112 1869 1194; baseline 0.003 -24"><span class='ocrx_word' id='word_1_77' title='bbox 285 1116 465 1171; x_wconf 84' lang='grc' dir='ltr'>ταῦτα</span> <span class='ocrx_word' id='word_1_78' title='bbox 491 1117 681 1173; x_wconf 87' lang='grc' dir='ltr'>ποιῶν.</span> <span class='ocrx_word' id='word_1_79' title='bbox 715 1112 838 1173; x_wconf 76' lang='grc' dir='ltr'>Οἵδε</span> <span class='ocrx_word' id='word_1_80' title='bbox 864 1118 994 1191; x_wconf 82' lang='grc' dir='ltr'>γάρ,</span> <span class='ocrx_word' id='word_1_81' title='bbox 1028 1119 1105 1184; x_wconf 81' lang='grc' dir='ltr'>ὠς</span> <span class='ocrx_word' id='word_1_82' title='bbox 1132 1120 1325 1189; x_wconf 74' lang='grc' dir='ltr'>οἴεται,</span> <span class='ocrx_word' id='word_1_83' title='bbox 1360 1122 1445 1176; x_wconf 83' lang='grc' dir='ltr'>ὅτι</span> <span class='ocrx_word' id='word_1_84' title='bbox 1478 1123 1584 1177; x_wconf 73' lang='grc' dir='ltr'><strong>κᾶν</strong></span> <span class='ocrx_word' id='word_1_85' title='bbox 1615 1121 1694 1194; x_wconf 82' lang='grc' dir='ltr'>τῷ</span> <span class='ocrx_word' id='word_1_86' title='bbox 1720 1123 1869 1194; x_wconf 81' lang='grc' dir='ltr'>φόϐῳ</span> 
     </span>
    </p>
   </div>
   <div class='ocr_carea' id='block_1_14' title="bbox 287 1209 1871 1285">
    <p class='ocr_par' dir='ltr' id='par_1_14' title="bbox 287 1209 1871 1285">
     <span class='ocr_line' id='line_1_14' title="bbox 287 1209 1871 1285; baseline 0.003 -21"><span class='ocrx_word' id='word_1_87' title='bbox 287 1209 520 1274; x_wconf 80' lang='grc' dir='ltr'>πολλοὺς</span> <span class='ocrx_word' id='word_1_88' title='bbox 542 1211 823 1280; x_wconf 78' lang='grc' dir='ltr'>ἀμϐλυνας</span> <span class='ocrx_word' id='word_1_89' title='bbox 848 1212 1136 1284; x_wconf 80' lang='grc' dir='ltr'><strong>ἀποστήσῃ</strong></span> <span class='ocrx_word' id='word_1_90' title='bbox 1164 1213 1262 1285; x_wconf 82' lang='grc' dir='ltr'>τῆς</span> <span class='ocrx_word' id='word_1_91' title='bbox 1285 1214 1541 1280; x_wconf 76' lang='grc' dir='ltr'>πίστεωςο</span> <span class='ocrx_word' id='word_1_92' title='bbox 1569 1216 1663 1270; x_wconf 78' lang='grc' dir='ltr'>καὶ</span> <span class='ocrx_word' id='word_1_93' title='bbox 1686 1215 1871 1269; x_wconf 80' lang='grc' dir='ltr'>λοιπὸν</span> 
     </span>
    </p>
   </div>
   <div class='ocr_carea' id='block_1_15' title="bbox 286 1301 1868 1382">
    <p class='ocr_par' dir='ltr' id='par_1_15' title="bbox 286 1301 1868 1382">
     <span class='ocr_line' id='line_1_15' title="bbox 286 1301 1868 1382; baseline 0.006 -28"><span class='ocrx_word' id='word_1_94' title='bbox 286 1301 467 1374; x_wconf 78' lang='grc' dir='ltr'>εὑρὼν</span> <span class='ocrx_word' id='word_1_95' title='bbox 495 1301 889 1375; x_wconf 81' lang='grc' dir='ltr'>ὁμογνώμονας</span> <span class='ocrx_word' id='word_1_96' title='bbox 911 1305 1079 1360; x_wconf 81' lang='grc' dir='ltr'>αὐτοῦ</span> <span class='ocrx_word' id='word_1_97' title='bbox 1095 1347 1111 1371; x_wconf 93' lang='grc'><strong>,</strong></span> <span class='ocrx_word' id='word_1_98' title='bbox 1150 1307 1408 1382; x_wconf 76' lang='grc' dir='ltr'><strong>παράσχῃ</strong></span> <span class='ocrx_word' id='word_1_99' title='bbox 1433 1308 1619 1373; x_wconf 84' lang='grc' dir='ltr'>αὐτοῖς</span> <span class='ocrx_word' id='word_1_100' title='bbox 1645 1308 1868 1379; x_wconf 78' lang='grc' dir='ltr'><strong>θάρσος,</strong></span> 
     </span>
    </p>
   </div>
   <div class='ocr_carea' id='block_1_16' title="bbox 284 1390 1870 1471">
    <p class='ocr_par' dir='ltr' id='par_1_16' title="bbox 284 1390 1870 1471">
     <span class='ocr_line' id='line_1_16' title="bbox 284 1390 1870 1471; baseline 0.008 -27"><span class='ocrx_word' id='word_1_101' title='bbox 284 1390 431 1444; x_wconf 66' lang='grc' dir='ltr'>ὥστε</span> <span class='ocrx_word' id='word_1_102' title='bbox 479 1394 575 1447; x_wconf 79' lang='grc' dir='ltr'>καὶ</span> <span class='ocrx_word' id='word_1_103' title='bbox 616 1393 722 1457; x_wconf 70' lang='grc' dir='ltr'>ἕως</span> <span class='ocrx_word' id='word_1_104' title='bbox 756 1394 981 1465; x_wconf 83' lang='grc' dir='ltr'><strong>πληγῶν</strong></span> <span class='ocrx_word' id='word_1_105' title='bbox 1006 1396 1244 1469; x_wconf 74' lang='grc' dir='ltr'>δημοσίᾳ</span> <span class='ocrx_word' id='word_1_106' title='bbox 1274 1399 1601 1471; x_wconf 69' lang='grc' dir='ltr'><strong>ἐπιχειρεῖν,</strong></span> <span class='ocrx_word' id='word_1_107' title='bbox 1656 1400 1750 1455; x_wconf 77' lang='grc' dir='ltr'>καὶ</span> <span class='ocrx_word' id='word_1_108' title='bbox 1791 1401 1870 1455; x_wconf 80' lang='grc' dir='ltr'>δι-</span> 
     </span>
    </p>
   </div>
   <div class='ocr_carea' id='block_1_17' title="bbox 283 1485 1869 1573">
    <p class='ocr_par' dir='ltr' id='par_1_17' title="bbox 283 1485 1869 1573">
     <span class='ocr_line' id='line_1_17' title="bbox 283 1485 1869 1573; baseline 0.004 -35"><span class='ocrx_word' id='word_1_109' title='bbox 283 1485 478 1556; x_wconf 66' lang='grc' dir='ltr'>ωγμδδ</span> <span class='ocrx_word' id='word_1_110' title='bbox 525 1488 724 1541; x_wconf 84' lang='grc' dir='ltr'>ποιεῖν.</span> <span class='ocrx_word' id='word_1_111' title='bbox 776 1489 852 1541; x_wconf 85' lang='grc' dir='ltr'><strong>Οὐ</strong></span> <span class='ocrx_word' id='word_1_112' title='bbox 892 1488 1053 1559; x_wconf 87' lang='grc' dir='ltr'>μόνον</span> <span class='ocrx_word' id='word_1_113' title='bbox 1092 1489 1150 1543; x_wconf 80' lang='grc' dir='ltr'>δὲ</span> <span class='ocrx_word' id='word_1_114' title='bbox 1197 1492 1324 1554; x_wconf 81' lang='grc' dir='ltr'>τοὺς</span> <span class='ocrx_word' id='word_1_115' title='bbox 1350 1490 1513 1573; x_wconf 73' lang='grc' dir='ltr'>αὐτοῦ</span> <span class='ocrx_word' id='word_1_116' title='bbox 1539 1492 1704 1564; x_wconf 86' lang='grc' dir='ltr'>δῆθεν</span> <span class='ocrx_word' id='word_1_117' title='bbox 1731 1492 1869 1565; x_wconf 78' lang='grc' dir='ltr'>κλη-</span> 
     </span>
    </p>
   </div>
   <div class='ocr_carea' id='block_1_18' title="bbox 286 1582 1868 1663">
    <p class='ocr_par' dir='ltr' id='par_1_18' title="bbox 286 1582 1868 1663">
     <span class='ocr_line' id='line_1_18' title="bbox 286 1582 1868 1663; baseline 0.008 -30"><span class='ocrx_word' id='word_1_118' title='bbox 286 1582 499 1653; x_wconf 81' lang='grc' dir='ltr'>ρικοὺς,</span> <span class='ocrx_word' id='word_1_119' title='bbox 521 1582 555 1653; x_wconf 75' lang='grc' dir='ltr'>ἢ</span> <span class='ocrx_word' id='word_1_120' title='bbox 578 1583 1078 1652; x_wconf 53' lang='grc' dir='ltr'>ωγκέλλωςβλλά</span> <span class='ocrx_word' id='word_1_121' title='bbox 1110 1588 1202 1641; x_wconf 73' lang='grc' dir='ltr'>καὶ</span> <span class='ocrx_word' id='word_1_122' title='bbox 1222 1589 1288 1643; x_wconf 89' lang='grc' dir='ltr'><strong>ἐκ</strong></span> <span class='ocrx_word' id='word_1_123' title='bbox 1306 1589 1415 1643; x_wconf 90' lang='grc' dir='ltr'><strong>τῶν</strong></span> <span class='ocrx_word' id='word_1_124' title='bbox 1441 1590 1641 1657; x_wconf 73' lang='grc' dir='ltr'>ἔξωθεν</span> <span class='ocrx_word' id='word_1_125' title='bbox 1671 1607 1868 1663; x_wconf 87' lang='grc' dir='ltr'>παροι-</span> 
     </span>
    </p>
   </div>
   <div class='ocr_carea' id='block_1_19' title="bbox 285 1669 1866 1749">
    <p class='ocr_par' dir='ltr' id='par_1_19' title="bbox 285 1669 1866 1749">
     <span class='ocr_line' id='line_1_19' title="bbox 285 1669 1866 1749; baseline 0.009 -27"><span class='ocrx_word' id='word_1_126' title='bbox 285 1669 425 1723; x_wconf 84' lang='grc' dir='ltr'>κιῶν</span> <span class='ocrx_word' id='word_1_127' title='bbox 472 1671 844 1743; x_wconf 84' lang='grc' dir='ltr'>προσελάϐετό</span> <span class='ocrx_word' id='word_1_128' title='bbox 892 1692 1079 1743; x_wconf 87' lang='grc' dir='ltr'>τινας,</span> <span class='ocrx_word' id='word_1_129' title='bbox 1133 1672 1213 1741; x_wconf 78' lang='grc' dir='ltr'><strong>οἷς</strong></span> <span class='ocrx_word' id='word_1_130' title='bbox 1261 1678 1499 1749; x_wconf 76' lang='grc' dir='ltr'>μάλιστα</span> <span class='ocrx_word' id='word_1_131' title='bbox 1530 1680 1633 1735; x_wconf 82' lang='grc' dir='ltr'><strong>οὐκ</strong></span> <span class='ocrx_word' id='word_1_132' title='bbox 1655 1682 1866 1749; x_wconf 78' lang='grc' dir='ltr'>ἔξεστιν</span> 
     </span>
    </p>
   </div>
   <div class='ocr_carea' id='block_1_20' title="bbox 286 1753 1863 1844">
    <p class='ocr_par' dir='ltr' id='par_1_20' title="bbox 286 1753 1863 1844">
     <span class='ocr_line' id='line_1_20' title="bbox 286 1753 1863 1844; baseline 0.01 -34"><span class='ocrx_word' id='word_1_133' title='bbox 286 1753 431 1812; x_wconf 77' lang='grc' dir='ltr'>εἶναι</span> <span class='ocrx_word' id='word_1_134' title='bbox 462 1760 607 1816; x_wconf 84' lang='grc' dir='ltr'><strong>κατά</strong></span> <span class='ocrx_word' id='word_1_135' title='bbox 634 1763 762 1826; x_wconf 80' lang='grc' dir='ltr'>τοὺς</span> <span class='ocrx_word' id='word_1_136' title='bbox 786 1762 1278 1835; x_wconf 70' lang='grc' dir='ltr'>ἐκκλησιαστικοὺς</span> <span class='ocrx_word' id='word_1_137' title='bbox 1302 1769 1534 1834; x_wconf 82' lang='grc' dir='ltr'>κανόνας</span> <span class='ocrx_word' id='word_1_138' title='bbox 1574 1774 1654 1836; x_wconf 81' lang='grc' dir='ltr'><strong>εἰς</strong></span> <span class='ocrx_word' id='word_1_139' title='bbox 1677 1772 1863 1844; x_wconf 78' lang='grc' dir='ltr'>ἕτερον</span> 
     </span>
    </p>
   </div>
   <div class='ocr_carea' id='block_1_21' title="bbox 284 1850 1862 1937">
    <p class='ocr_par' dir='ltr' id='par_1_21' title="bbox 284 1850 1862 1937">
     <span class='ocr_line' id='line_1_21' title="bbox 284 1850 1862 1937; baseline 0.01 -34"><span class='ocrx_word' id='word_1_140' title='bbox 284 1850 640 1907; x_wconf 80' lang='grc' dir='ltr'>ἐπισκοπεῖον</span> <span class='ocrx_word' id='word_1_141' title='bbox 657 1892 674 1916; x_wconf 85' lang='grc'><strong>.</strong></span> <span class='ocrx_word' id='word_1_142' title='bbox 724 1854 759 1926; x_wconf 81' lang='grc' dir='ltr'>ἢ</span> <span class='ocrx_word' id='word_1_143' title='bbox 811 1857 893 1920; x_wconf 84' lang='grc' dir='ltr'><strong>είς</strong></span> <span class='ocrx_word' id='word_1_144' title='bbox 920 1855 1092 1929; x_wconf 71' lang='grc' dir='ltr'>ἀλλην</span> <span class='ocrx_word' id='word_1_145' title='bbox 1120 1859 1416 1931; x_wconf 72' lang='grc' dir='ltr'>ἐκκλησίαν</span> <span class='ocrx_word' id='word_1_146' title='bbox 1440 1901 1457 1926; x_wconf 98' lang='grc'><strong>,</strong></span> <span class='ocrx_word' id='word_1_147' title='bbox 1508 1862 1626 1917; x_wconf 85' lang='grc' dir='ltr'>ἀλλ’</span> <span class='ocrx_word' id='word_1_148' title='bbox 1649 1864 1862 1937; x_wconf 80' lang='grc' dir='ltr'><strong>ἀνάγκη</strong></span> 
     </span>
    </p>
   </div>
   <div class='ocr_carea' id='block_1_22' title="bbox 281 1943 1864 2028">
    <p class='ocr_par' dir='ltr' id='par_1_22' title="bbox 281 1943 1864 2028">
     <span class='ocr_line' id='line_1_22' title="bbox 281 1943 1864 2028; baseline 0.008 -29"><span class='ocrx_word' id='word_1_149' title='bbox 281 1943 482 2009; x_wconf 78' lang='grc' dir='ltr'>αὐτοὺς</span> <span class='ocrx_word' id='word_1_150' title='bbox 507 1946 589 2010; x_wconf 87' lang='grc' dir='ltr'><strong>είς</strong></span> <span class='ocrx_word' id='word_1_151' title='bbox 613 1947 713 2011; x_wconf 80' lang='grc' dir='ltr'><strong>τὰς</strong></span> <span class='ocrx_word' id='word_1_152' title='bbox 743 1947 878 2013; x_wconf 78' lang='grc' dir='ltr'>ιδίας</span> <span class='ocrx_word' id='word_1_153' title='bbox 907 1950 1220 2022; x_wconf 77' lang='grc' dir='ltr'>παροικίας,</span> <span class='ocrx_word' id='word_1_154' title='bbox 1256 1952 1290 2025; x_wconf 74' lang='grc' dir='ltr'>ἢ</span> <span class='ocrx_word' id='word_1_155' title='bbox 1324 1953 1528 2022; x_wconf 88' lang='grc' dir='ltr'>πόλεις,</span> <span class='ocrx_word' id='word_1_156' title='bbox 1558 1954 1691 2011; x_wconf 80' lang='grc' dir='ltr'>ὅπου</span> <span class='ocrx_word' id='word_1_157' title='bbox 1718 1958 1864 2028; x_wconf 77' lang='grc' dir='ltr'>ἐχει-</span> 
     </span>
    </p>
   </div>
   <div class='ocr_carea' id='block_1_23' title="bbox 286 2036 1865 2123">
    <p class='ocr_par' dir='ltr' id='par_1_23' title="bbox 286 2036 1865 2123">
     <span class='ocr_line' id='line_1_23' title="bbox 286 2036 1865 2123; baseline 0.009 -33"><span class='ocrx_word' id='word_1_158' title='bbox 286 2036 679 2111; x_wconf 75' lang='grc' dir='ltr'>ροτονήθησαν,</span> <span class='ocrx_word' id='word_1_159' title='bbox 700 2040 864 2095; x_wconf 86' lang='grc' dir='ltr'>κάκεῖ</span> <span class='ocrx_word' id='word_1_160' title='bbox 882 2044 1095 2116; x_wconf 76' lang='grc' dir='ltr'>ἡσυσχῆ</span> <span class='ocrx_word' id='word_1_161' title='bbox 1116 2044 1345 2115; x_wconf 77' lang='grc' dir='ltr'>διάγειν·</span> <span class='ocrx_word' id='word_1_162' title='bbox 1368 2046 1456 2100; x_wconf 85' lang='grc' dir='ltr'><strong>ἴνα</strong></span> <span class='ocrx_word' id='word_1_163' title='bbox 1479 2048 1650 2121; x_wconf 87' lang='grc' dir='ltr'><strong>μὴτῷ</strong></span> <span class='ocrx_word' id='word_1_164' title='bbox 1667 2049 1865 2123; x_wconf 83' lang='grc' dir='ltr'>μακρῷ</span> 
     </span>
    </p>
   </div>
   <div class='ocr_carea' id='block_1_24' title="bbox 281 2130 1866 2213">
    <p class='ocr_par' dir='ltr' id='par_1_24' title="bbox 281 2130 1866 2213">
     <span class='ocr_line' id='line_1_24' title="bbox 281 2130 1866 2213; baseline 0.008 -30"><span class='ocrx_word' id='word_1_165' title='bbox 281 2130 463 2203; x_wconf 80' lang='grc' dir='ltr'>χρόνῳ</span> <span class='ocrx_word' id='word_1_166' title='bbox 491 2132 579 2186; x_wconf 87' lang='grc' dir='ltr'><strong>διά</strong></span> <span class='ocrx_word' id='word_1_167' title='bbox 606 2130 708 2201; x_wconf 80' lang='grc' dir='ltr'>τῆς</span> <span class='ocrx_word' id='word_1_168' title='bbox 736 2134 1073 2209; x_wconf 82' lang='grc' dir='ltr'>προσκαίρου</span> <span class='ocrx_word' id='word_1_169' title='bbox 1102 2136 1452 2205; x_wconf 77' lang='grc' dir='ltr'>δυναστείας,</span> <span class='ocrx_word' id='word_1_170' title='bbox 1498 2139 1639 2213; x_wconf 71' lang='grc' dir='ltr'>ἐρψῃ</span> <span class='ocrx_word' id='word_1_171' title='bbox 1667 2156 1866 2212; x_wconf 81' lang='grc' dir='ltr'>περισ-</span> 
     </span>
    </p>
   </div>
   <div class='ocr_carea' id='block_1_25' title="bbox 284 2220 1865 2304">
    <p class='ocr_par' dir='ltr' id='par_1_25' title="bbox 284 2220 1865 2304">
     <span class='ocr_line' id='line_1_25' title="bbox 284 2220 1865 2304; baseline 0.006 -27"><span class='ocrx_word' id='word_1_172' title='bbox 284 2220 524 2295; x_wconf 71' lang='grc' dir='ltr'>σοτέρως</span> <span class='ocrx_word' id='word_1_173' title='bbox 573 2226 609 2297; x_wconf 80' lang='grc' dir='ltr'>ἠ</span> <span class='ocrx_word' id='word_1_174' title='bbox 658 2226 1010 2298; x_wconf 86' lang='grc' dir='ltr'>παρανομία,</span> <span class='ocrx_word' id='word_1_175' title='bbox 1060 2229 1157 2283; x_wconf 81' lang='grc' dir='ltr'>καὶ</span> <span class='ocrx_word' id='word_1_176' title='bbox 1202 2229 1483 2303; x_wconf 72' lang='grc' dir='ltr'>ἐπιγραφῇ</span> <span class='ocrx_word' id='word_1_177' title='bbox 1525 2231 1865 2304; x_wconf 67' lang='grc' dir='ltr'>τῇύμετέρᾳ</span> 
     </span>
    </p>
   </div>
   <div class='ocr_carea' id='block_1_26' title="bbox 281 2315 1864 2392">
    <p class='ocr_par' dir='ltr' id='par_1_26' title="bbox 281 2315 1864 2392">
     <span class='ocr_line' id='line_1_26' title="bbox 281 2315 1864 2392; baseline 0.005 -24"><span class='ocrx_word' id='word_1_178' title='bbox 281 2315 558 2387; x_wconf 69' lang='grc' dir='ltr'>εὐσεϐείᾳ*</span> <span class='ocrx_word' id='word_1_179' title='bbox 592 2318 671 2381; x_wconf 82' lang='grc' dir='ltr'><strong>είς</strong></span> <span class='ocrx_word' id='word_1_180' title='bbox 696 2317 855 2371; x_wconf 88' lang='grc' dir='ltr'>τοῦτο</span> <span class='ocrx_word' id='word_1_181' title='bbox 880 2318 990 2391; x_wconf 83' lang='grc' dir='ltr'><strong>γὰρ</strong></span> <span class='ocrx_word' id='word_1_182' title='bbox 1020 2319 1166 2392; x_wconf 76' lang='grc' dir='ltr'>ὑμᾶς</span> <span class='ocrx_word' id='word_1_183' title='bbox 1186 2320 1339 2377; x_wconf 71' lang='grc' dir='ltr'>ἔθετο</span> <span class='ocrx_word' id='word_1_184' title='bbox 1358 2322 1389 2376; x_wconf 84' lang='grc' dir='ltr'><strong>ό</strong></span> <span class='ocrx_word' id='word_1_185' title='bbox 1410 2322 1543 2387; x_wconf 74' lang='grc' dir='ltr'>Θεὸς</span> <span class='ocrx_word' id='word_1_186' title='bbox 1561 2322 1864 2392; x_wconf 83' lang='grc' dir='ltr'>διακόνους,</span> 
     </span>
    </p>
   </div>
   <div class='ocr_carea' id='block_1_27' title="bbox 284 2403 1867 2485">
    <p class='ocr_par' dir='ltr' id='par_1_27' title="bbox 284 2403 1867 2485">
     <span class='ocr_line' id='line_1_27' title="bbox 284 2403 1867 2485; baseline 0.008 -28"><span class='ocrx_word' id='word_1_187' title='bbox 284 2403 427 2477; x_wconf 79' lang='grc' dir='ltr'>ὑπὲρ</span> <span class='ocrx_word' id='word_1_188' title='bbox 439 2405 558 2477; x_wconf 69' lang='grc' dir='ltr'>κτῆς</span> <span class='ocrx_word' id='word_1_189' title='bbox 581 2404 741 2479; x_wconf 80' lang='grc' dir='ltr'>δόξης</span> <span class='ocrx_word' id='word_1_190' title='bbox 767 2407 934 2462; x_wconf 84' lang='grc' dir='ltr'>αὐτοῦ</span> <span class='ocrx_word' id='word_1_191' title='bbox 955 2409 1051 2464; x_wconf 89' lang='grc' dir='ltr'><strong>τοῦ</strong></span> <span class='ocrx_word' id='word_1_192' title='bbox 1072 2409 1397 2476; x_wconf 82' lang='grc' dir='ltr'>δοξάσαντος</span> <span class='ocrx_word' id='word_1_193' title='bbox 1421 2413 1587 2485; x_wconf 78' lang='grc' dir='ltr'>ὑμᾶς,</span> <span class='ocrx_word' id='word_1_194' title='bbox 1606 2414 1702 2469; x_wconf 78' lang='grc' dir='ltr'>καὶ</span> <span class='ocrx_word' id='word_1_195' title='bbox 1716 2413 1867 2481; x_wconf 82' lang='grc' dir='ltr'>δοξά-</span> 
     </span>
    </p>
   </div>
   <div class='ocr_carea' id='block_1_28' title="bbox 281 2496 1865 2578">
    <p class='ocr_par' dir='ltr' id='par_1_28' title="bbox 281 2496 1865 2578">
     <span class='ocr_line' id='line_1_28' title="bbox 281 2496 1865 2578; baseline 0.007 -28"><span class='ocrx_word' id='word_1_196' title='bbox 281 2496 505 2566; x_wconf 79' lang='grc' dir='ltr'>ζοντος,</span> <span class='ocrx_word' id='word_1_197' title='bbox 556 2500 652 2553; x_wconf 74' lang='grc' dir='ltr'>καὶ</span> <span class='ocrx_word' id='word_1_198' title='bbox 698 2500 1042 2567; x_wconf 83' lang='grc' dir='ltr'>ἀποδιδόντος</span> <span class='ocrx_word' id='word_1_199' title='bbox 1066 2501 1196 2574; x_wconf 80' lang='grc' dir='ltr'>ὑμῖν</span> <span class='ocrx_word' id='word_1_200' title='bbox 1218 2504 1311 2557; x_wconf 82' lang='grc' dir='ltr'>τὸν</span> <span class='ocrx_word' id='word_1_201' title='bbox 1338 2505 1531 2576; x_wconf 85' lang='grc' dir='ltr'>μισθὸν</span> <span class='ocrx_word' id='word_1_202' title='bbox 1562 2506 1704 2578; x_wconf 81' lang='grc' dir='ltr'><strong>μετά</strong></span> <span class='ocrx_word' id='word_1_203' title='bbox 1727 2508 1865 2563; x_wconf 87' lang='grc' dir='ltr'>πάν-</span> 
     </span>
    </p>
   </div>
   <div class='ocr_carea' id='block_1_29' title="bbox 279 2591 1865 2673">
    <p class='ocr_par' dir='ltr' id='par_1_29' title="bbox 279 2591 1865 2673">
     <span class='ocr_line' id='line_1_29' title="bbox 279 2591 1865 2673; baseline 0.007 -29"><span class='ocrx_word' id='word_1_204' title='bbox 279 2607 394 2644; x_wconf 87' lang='grc' dir='ltr'><strong>των</strong></span> <span class='ocrx_word' id='word_1_205' title='bbox 430 2591 541 2646; x_wconf 87' lang='grc' dir='ltr'><strong>τῶν</strong></span> <span class='ocrx_word' id='word_1_206' title='bbox 583 2594 776 2663; x_wconf 80' lang='grc' dir='ltr'>ἁγίων,</span> <span class='ocrx_word' id='word_1_207' title='bbox 812 2595 922 2649; x_wconf 90' lang='grc' dir='ltr'><strong>τῶν</strong></span> <span class='ocrx_word' id='word_1_208' title='bbox 954 2594 1137 2661; x_wconf 77' lang='grc' dir='ltr'>καλῶς</span> <span class='ocrx_word' id='word_1_209' title='bbox 1166 2596 1523 2667; x_wconf 78' lang='grc' dir='ltr'>φυλαξάντων</span> <span class='ocrx_word' id='word_1_210' title='bbox 1553 2599 1656 2665; x_wconf 82' lang='grc' dir='ltr'>τὰς</span> <span class='ocrx_word' id='word_1_211' title='bbox 1683 2602 1865 2673; x_wconf 87' lang='grc' dir='ltr'>ἐγχει-</span> 
     </span>
    </p>
   </div>
   <div class='ocr_carea' id='block_1_30' title="bbox 285 2684 1863 2762">
    <p class='ocr_par' dir='ltr' id='par_1_30' title="bbox 285 2684 1863 2762">
     <span class='ocr_line' id='line_1_30' title="bbox 285 2684 1863 2762; baseline 0.006 -22"><span class='ocrx_word' id='word_1_212' title='bbox 285 2684 570 2758; x_wconf 84' lang='grc' dir='ltr'>ρισθείσας</span> <span class='ocrx_word' id='word_1_213' title='bbox 614 2689 801 2754; x_wconf 81' lang='grc' dir='ltr'>αὐτοῖς</span> <span class='ocrx_word' id='word_1_214' title='bbox 843 2689 1141 2755; x_wconf 89' lang='grc' dir='ltr'>διακονίας.</span> <span class='ocrx_word' id='word_1_215' title='bbox 1204 2691 1348 2762; x_wconf 84' lang='grc' dir='ltr'>Πρὸς</span> <span class='ocrx_word' id='word_1_216' title='bbox 1376 2690 1470 2758; x_wconf 78' lang='grc' dir='ltr'>οὓς</span> <span class='ocrx_word' id='word_1_217' title='bbox 1502 2688 1692 2748; x_wconf 73' lang='grc' dir='ltr'>εἰπενσ</span> <span class='ocrx_word' id='word_1_218' title='bbox 1752 2690 1863 2757; x_wconf 83' lang='grc' dir='ltr'><strong>Εὖ,</strong></span> 
     </span>
    </p>
   </div>
   <div class='ocr_carea' id='block_1_31' title="bbox 280 2782 1861 2861">
    <p class='ocr_par' dir='ltr' id='par_1_31' title="bbox 280 2782 1861 2861">
     <span class='ocr_line' id='line_1_31' title="bbox 280 2782 1861 2861; baseline 0.003 -23"><span class='ocrx_word' id='word_1_219' title='bbox 280 2782 467 2839; x_wconf 79' lang='grc' dir='ltr'>δοῦλε</span> <span class='ocrx_word' id='word_1_220' title='bbox 514 2786 700 2855; x_wconf 76' lang='grc' dir='ltr'>ἀγαθὲ</span> <span class='ocrx_word' id='word_1_221' title='bbox 745 2787 845 2841; x_wconf 80' lang='grc' dir='ltr'><strong>καί</strong></span> <span class='ocrx_word' id='word_1_222' title='bbox 882 2787 1097 2855; x_wconf 66' lang='grc' dir='ltr'>πιστέ,</span> <span class='ocrx_word' id='word_1_223' title='bbox 1150 2788 1250 2843; x_wconf 77' lang='grc' dir='ltr'>ἐπί</span> <span class='ocrx_word' id='word_1_224' title='bbox 1276 2789 1451 2859; x_wconf 73' lang='grc' dir='ltr'>ὀλίγα</span> <span class='ocrx_word' id='word_1_225' title='bbox 1487 2786 1561 2861; x_wconf 80' lang='grc' dir='ltr'>ἧς</span> <span class='ocrx_word' id='word_1_226' title='bbox 1622 2789 1861 2859; x_wconf 68' lang='grc' dir='ltr'>πιστὸς,</span> 
     </span>
    </p>
   </div>
   <div class='ocr_carea' id='block_1_32' title="bbox 278 2877 1866 2953">
    <p class='ocr_par' dir='ltr' id='par_1_32' title="bbox 278 2877 1866 2953">
     <span class='ocr_line' id='line_1_32' title="bbox 278 2877 1866 2953; baseline 0.004 -22"><span class='ocrx_word' id='word_1_227' title='bbox 278 2877 380 2932; x_wconf 78' lang='grc' dir='ltr'>ἐπὶ</span> <span class='ocrx_word' id='word_1_228' title='bbox 405 2877 653 2933; x_wconf 71' lang='grc' dir='ltr'>πολλῶν</span> <span class='ocrx_word' id='word_1_229' title='bbox 675 2896 751 2933; x_wconf 82' lang='grc' dir='ltr'><strong>σε</strong></span> <span class='ocrx_word' id='word_1_230' title='bbox 779 2881 1161 2950; x_wconf 81' lang='grc' dir='ltr'>καταστήσω·</span> <span class='ocrx_word' id='word_1_231' title='bbox 1178 2881 1419 2937; x_wconf 75' lang='grc' dir='ltr'>εῖσελθε</span> <span class='ocrx_word' id='word_1_232' title='bbox 1438 2884 1521 2947; x_wconf 86' lang='grc' dir='ltr'><strong>είς</strong></span> <span class='ocrx_word' id='word_1_233' title='bbox 1539 2883 1655 2950; x_wconf 83' lang='grc' dir='ltr'><strong>τὴν</strong></span> <span class='ocrx_word' id='word_1_234' title='bbox 1671 2883 1866 2953; x_wconf 83' lang='grc' dir='ltr'>χαρὰν</span> 
     </span>
    </p>
   </div>
   <div class='ocr_carea' id='block_1_33' title="bbox 276 2968 1864 3046">
    <p class='ocr_par' dir='ltr' id='par_1_33' title="bbox 276 2968 1864 3046">
     <span class='ocr_line' id='line_1_33' title="bbox 276 2968 1864 3046; baseline 0.004 -23"><span class='ocrx_word' id='word_1_235' title='bbox 276 2968 391 3024; x_wconf 76' lang='grc' dir='ltr'><strong>τοῦ</strong></span> <span class='ocrx_word' id='word_1_236' title='bbox 428 2970 651 3040; x_wconf 79' lang='grc' dir='ltr'>Κυρίου</span> <span class='ocrx_word' id='word_1_237' title='bbox 681 2986 821 3030; x_wconf 83' lang='grc' dir='ltr'>σου.</span> <span class='ocrx_word' id='word_1_238' title='bbox 872 2972 937 3027; x_wconf 77' lang='lat' dir='ltr'><strong>Ol</strong></span> <span class='ocrx_word' id='word_1_239' title='bbox 970 2972 1138 3038; x_wconf 79' lang='grc' dir='ltr'>ὅντως</span> <span class='ocrx_word' id='word_1_240' title='bbox 1165 2974 1485 3046; x_wconf 73' lang='grc' dir='ltr'>Χριστιανοὶ</span> <span class='ocrx_word' id='word_1_241' title='bbox 1511 2975 1719 3040; x_wconf 84' lang='grc' dir='ltr'>τούτοις</span> <span class='ocrx_word' id='word_1_242' title='bbox 1749 2979 1864 3040; x_wconf 88' lang='grc' dir='ltr'>τοῖς</span> 
     </span>
    </p>
   </div>
   <div class='ocr_carea' id='block_1_34' title="bbox 1976 475 3557 547">
    <p class='ocr_par' dir='ltr' id='par_1_34' title="bbox 1976 475 3557 547">
     <span class='ocr_line' id='line_1_34' title="bbox 1976 475 3557 547; baseline 0.005 -17"><span class='ocrx_word' id='word_1_243' title='bbox 1976 475 2085 530; x_wconf 88' lang='lat' dir='ltr'><strong>lam</strong></span> <span class='ocrx_word' id='word_1_244' title='bbox 2118 491 2339 545; x_wconf 67' lang='lat' dir='ltr'><strong>poenam</strong></span> <span class='ocrx_word' id='word_1_245' title='bbox 2371 477 2575 547; x_wconf 79' lang='lat' dir='ltr'><strong>iniquis</strong></span> <span class='ocrx_word' id='word_1_246' title='bbox 2609 477 2888 533; x_wconf 74' lang='lat' dir='ltr'><strong>decretam</strong></span> <span class='ocrx_word' id='word_1_247' title='bbox 2920 478 3205 546; x_wconf 79' lang='lat' dir='ltr'><strong>formidat,</strong></span> <span class='ocrx_word' id='word_1_248' title='bbox 3228 481 3438 537; x_wconf 87' lang='lat' dir='ltr'><strong>nullam</strong></span> <span class='ocrx_word' id='word_1_249' title='bbox 3458 480 3557 538; x_wconf 86' lang='lat' dir='ltr'><strong>de-</strong></span> 
     </span>
    </p>
   </div>
   <div class='ocr_carea' id='block_1_35' title="bbox 1971 567 3556 644">
    <p class='ocr_par' dir='ltr' id='par_1_35' title="bbox 1971 567 3556 644">
     <span class='ocr_line' id='line_1_35' title="bbox 1971 567 3556 644; baseline 0.006 -24"><span class='ocrx_word' id='word_1_250' title='bbox 1971 567 2143 636; x_wconf 89' lang='lat' dir='ltr'><strong>nique</strong></span> <span class='ocrx_word' id='word_1_251' title='bbox 2167 567 2345 637; x_wconf 92' lang='lat' dir='ltr'><strong>legem</strong></span> <span class='ocrx_word' id='word_1_252' title='bbox 2369 567 2753 623; x_wconf 89' lang='lat' dir='ltr'><strong>ministrorum</strong></span> <span class='ocrx_word' id='word_1_253' title='bbox 2778 569 2873 625; x_wconf 63' lang='lat' dir='ltr'><strong>ira:</strong></span> <span class='ocrx_word' id='word_1_254' title='bbox 2904 569 3107 626; x_wconf 74' lang='lat' dir='ltr'><strong>divina:</strong></span> <span class='ocrx_word' id='word_1_255' title='bbox 3144 571 3202 627; x_wconf 89' lang='lat' dir='ltr'><strong>in</strong></span> <span class='ocrx_word' id='word_1_256' title='bbox 3244 573 3370 643; x_wconf 84' lang='lat' dir='ltr'><strong>ejus</strong></span> <span class='ocrx_word' id='word_1_257' title='bbox 3420 588 3556 644; x_wconf 90' lang='lat' dir='ltr'><strong>pro-</strong></span> 
     </span>
    </p>
   </div>
   <div class='ocr_carea' id='block_1_36' title="bbox 1970 661 3549 738">
    <p class='ocr_par' dir='ltr' id='par_1_36' title="bbox 1970 661 3549 738">
     <span class='ocr_line' id='line_1_36' title="bbox 1970 661 3549 738; baseline 0.005 -23"><span class='ocrx_word' id='word_1_258' title='bbox 1970 670 2290 716; x_wconf 88' lang='lat' dir='ltr'><strong>vocatores:</strong></span> <span class='ocrx_word' id='word_1_259' title='bbox 2346 661 2445 717; x_wconf 89' lang='lat' dir='ltr'><strong>sed</strong></span> <span class='ocrx_word' id='word_1_260' title='bbox 2478 662 2743 732; x_wconf 84' lang='lat' dir='ltr'><strong>superbia</strong></span> <span class='ocrx_word' id='word_1_261' title='bbox 2770 677 2879 733; x_wconf 89' lang='lat' dir='ltr'><strong>qua</strong></span> <span class='ocrx_word' id='word_1_262' title='bbox 2929 679 3124 721; x_wconf 90' lang='lat' dir='ltr'><strong>omnes</strong></span> <span class='ocrx_word' id='word_1_263' title='bbox 3167 667 3549 738; x_wconf 84' lang='lat' dir='ltr'><strong>parvipendit.</strong></span> 
     </span>
    </p>
   </div>
   <div class='ocr_carea' id='block_1_37' title="bbox 1970 750 3549 827">
    <p class='ocr_par' dir='ltr' id='par_1_37' title="bbox 1970 750 3549 827">
     <span class='ocr_line' id='line_1_37' title="bbox 1970 750 3549 827; baseline 0.006 -22"><span class='ocrx_word' id='word_1_264' title='bbox 1970 750 2175 815; x_wconf 90' lang='lat' dir='ltr'><strong>elatus,</strong></span> <span class='ocrx_word' id='word_1_265' title='bbox 2234 751 2599 822; x_wconf 82' lang='lat' dir='ltr'><strong>pecuniisque</strong></span> <span class='ocrx_word' id='word_1_266' title='bbox 2636 760 2695 807; x_wconf 92' lang='lat' dir='ltr'><strong>et</strong></span> <span class='ocrx_word' id='word_1_267' title='bbox 2746 762 3139 823; x_wconf 88' lang='lat' dir='ltr'><strong>corruptorum</strong></span> <span class='ocrx_word' id='word_1_268' title='bbox 3176 757 3549 827; x_wconf 88' lang='lat' dir='ltr'><strong>quorumdam</strong></span> 
     </span>
    </p>
   </div>
   <div class='ocr_carea' id='block_1_38' title="bbox 1969 839 3551 917">
    <p class='ocr_par' dir='ltr' id='par_1_38' title="bbox 1969 839 3551 917">
     <span class='ocr_line' id='line_1_38' title="bbox 1969 839 3551 917; baseline 0.006 -22"><span class='ocrx_word' id='word_1_269' title='bbox 1969 839 2260 897; x_wconf 82' lang='lat' dir='ltr'><strong>hominum</strong></span> <span class='ocrx_word' id='word_1_270' title='bbox 2286 844 2532 913; x_wconf 89' lang='lat' dir='ltr'><strong>potentia</strong></span> <span class='ocrx_word' id='word_1_271' title='bbox 2573 842 2781 909; x_wconf 80' lang='lat' dir='ltr'><strong>fretus;</strong></span> <span class='ocrx_word' id='word_1_272' title='bbox 2818 856 2896 908; x_wconf 86' lang='lat' dir='ltr'><strong>et,</strong></span> <span class='ocrx_word' id='word_1_273' title='bbox 2940 853 3003 898; x_wconf 92' lang='lat' dir='ltr'><strong>ut</strong></span> <span class='ocrx_word' id='word_1_274' title='bbox 3052 845 3226 901; x_wconf 89' lang='lat' dir='ltr'><strong>libere</strong></span> <span class='ocrx_word' id='word_1_275' title='bbox 3266 847 3417 917; x_wconf 92' lang='lat' dir='ltr'><strong>quod</strong></span> <span class='ocrx_word' id='word_1_276' title='bbox 3460 863 3551 904; x_wconf 86' lang='lat' dir='ltr'><strong>res</strong></span> 
     </span>
    </p>
   </div>
   <div class='ocr_carea' id='block_1_39' title="bbox 1971 932 3552 1004">
    <p class='ocr_par' dir='ltr' id='par_1_39' title="bbox 1971 932 3552 1004">
     <span class='ocr_line' id='line_1_39' title="bbox 1971 932 3552 1004; baseline 0.004 -17"><span class='ocrx_word' id='word_1_277' title='bbox 1971 940 2078 998; x_wconf 86' lang='lat' dir='ltr'><strong>est,</strong></span> <span class='ocrx_word' id='word_1_278' title='bbox 2107 932 2378 996; x_wconf 88' lang='lat' dir='ltr'><strong>dicamus,</strong></span> <span class='ocrx_word' id='word_1_279' title='bbox 2439 944 2626 989; x_wconf 86' lang='lat' dir='ltr'><strong>vestra</strong></span> <span class='ocrx_word' id='word_1_280' title='bbox 2684 948 2908 1004; x_wconf 89' lang='lat' dir='ltr'><strong>quoque</strong></span> <span class='ocrx_word' id='word_1_281' title='bbox 2946 934 3325 992; x_wconf 71' lang='lat' dir='ltr'><strong>dominatione</strong></span> <span class='ocrx_word' id='word_1_282' title='bbox 3372 937 3552 994; x_wconf 77' lang='lat' dir='ltr'><strong>fretus</strong></span> 
     </span>
    </p>
   </div>
   <div class='ocr_carea' id='block_1_40' title="bbox 1971 1024 3551 1099">
    <p class='ocr_par' dir='ltr' id='par_1_40' title="bbox 1971 1024 3551 1099">
     <span class='ocr_line' id='line_1_40' title="bbox 1971 1024 3551 1099; baseline 0.004 -19"><span class='ocrx_word' id='word_1_283' title='bbox 1971 1024 2090 1080; x_wconf 72' lang='lat' dir='ltr'><strong>haec</strong></span> <span class='ocrx_word' id='word_1_284' title='bbox 2118 1024 2273 1080; x_wconf 78' lang='lat' dir='ltr'><strong>facit.</strong></span> <span class='ocrx_word' id='word_1_285' title='bbox 2338 1025 2604 1091; x_wconf 87' lang='lat' dir='ltr'><strong>Petimus,</strong></span> <span class='ocrx_word' id='word_1_286' title='bbox 2650 1027 2899 1097; x_wconf 84' lang='lat' dir='ltr'><strong>inquam,</strong></span> <span class='ocrx_word' id='word_1_287' title='bbox 2937 1044 3009 1081; x_wconf 89' lang='lat' dir='ltr'><strong>ne</strong></span> <span class='ocrx_word' id='word_1_288' title='bbox 3038 1028 3347 1099; x_wconf 77' lang='lat' dir='ltr'><strong>quidquam</strong></span> <span class='ocrx_word' id='word_1_289' title='bbox 3390 1030 3551 1086; x_wconf 75' lang='lat' dir='ltr'><strong>dein—</strong></span> 
     </span>
    </p>
   </div>
   <div class='ocr_carea' id='block_1_41' title="bbox 1970 1118 3549 1192">
    <p class='ocr_par' dir='ltr' id='par_1_41' title="bbox 1970 1118 3549 1192">
     <span class='ocr_line' id='line_1_41' title="bbox 1970 1118 3549 1192; baseline 0.004 -20"><span class='ocrx_word' id='word_1_290' title='bbox 1970 1133 2104 1189; x_wconf 89' lang='lat' dir='ltr'><strong>ceps</strong></span> <span class='ocrx_word' id='word_1_291' title='bbox 2134 1118 2189 1172; x_wconf 91' lang='lat' dir='ltr'><strong>in</strong></span> <span class='ocrx_word' id='word_1_292' title='bbox 2213 1120 2529 1189; x_wconf 87' lang='lat' dir='ltr'><strong>quempiam</strong></span> <span class='ocrx_word' id='word_1_293' title='bbox 2585 1120 2665 1175; x_wconf 89' lang='lat' dir='ltr'><strong>illi</strong></span> <span class='ocrx_word' id='word_1_294' title='bbox 2712 1120 2900 1184; x_wconf 88' lang='lat' dir='ltr'><strong>liceat,</strong></span> <span class='ocrx_word' id='word_1_295' title='bbox 2934 1121 3039 1176; x_wconf 85' lang='lat' dir='ltr'><strong>nisi</strong></span> <span class='ocrx_word' id='word_1_296' title='bbox 3080 1122 3317 1192; x_wconf 89' lang='lat' dir='ltr'><strong>primum</strong></span> <span class='ocrx_word' id='word_1_297' title='bbox 3352 1123 3549 1179; x_wconf 83' lang='lat' dir='ltr'><strong>ortho-</strong></span> 
     </span>
    </p>
   </div>
   <div class='ocr_carea' id='block_1_42' title="bbox 1971 1210 3550 1284">
    <p class='ocr_par' dir='ltr' id='par_1_42' title="bbox 1971 1210 3550 1284">
     <span class='ocr_line' id='line_1_42' title="bbox 1971 1210 3550 1284; baseline 0.004 -19"><span class='ocrx_word' id='word_1_298' title='bbox 1971 1210 2130 1265; x_wconf 76' lang='lat' dir='ltr'><strong>doxa:</strong></span> <span class='ocrx_word' id='word_1_299' title='bbox 2180 1211 2310 1266; x_wconf 90' lang='lat' dir='ltr'><strong>ﬁdei</strong></span> <span class='ocrx_word' id='word_1_300' title='bbox 2346 1213 2555 1267; x_wconf 88' lang='lat' dir='ltr'><strong>veritas</strong></span> <span class='ocrx_word' id='word_1_301' title='bbox 2583 1214 2946 1268; x_wconf 88' lang='lat' dir='ltr'><strong>enucleetur:</strong></span> <span class='ocrx_word' id='word_1_302' title='bbox 3006 1229 3100 1278; x_wconf 90' lang='lat' dir='ltr'><strong>ne,</strong></span> <span class='ocrx_word' id='word_1_303' title='bbox 3148 1213 3295 1284; x_wconf 89' lang='lat' dir='ltr'><strong>quod</strong></span> <span class='ocrx_word' id='word_1_304' title='bbox 3344 1215 3550 1271; x_wconf 79' lang='lat' dir='ltr'><strong>obnixo</strong></span> 
     </span>
    </p>
   </div>
   <div class='ocr_carea' id='block_1_43' title="bbox 1969 1304 3552 1379">
    <p class='ocr_par' dir='ltr' id='par_1_43' title="bbox 1969 1304 3552 1379">
     <span class='ocr_line' id='line_1_43' title="bbox 1969 1304 3552 1379; baseline 0 -18"><span class='ocrx_word' id='word_1_305' title='bbox 1969 1305 2177 1371; x_wconf 90' lang='lat' dir='ltr'><strong>studet,</strong></span> <span class='ocrx_word' id='word_1_306' title='bbox 2203 1305 2307 1360; x_wconf 88' lang='lat' dir='ltr'><strong>hac</strong></span> <span class='ocrx_word' id='word_1_307' title='bbox 2332 1305 2558 1376; x_wconf 87' lang='lat' dir='ltr'><strong>penitus</strong></span> <span class='ocrx_word' id='word_1_308' title='bbox 2585 1304 2851 1377; x_wconf 88' lang='lat' dir='ltr'><strong>dissipata</strong></span> <span class='ocrx_word' id='word_1_309' title='bbox 2874 1321 3201 1376; x_wconf 78' lang='lat' dir='ltr'><strong>eversaque,</strong></span> <span class='ocrx_word' id='word_1_310' title='bbox 3239 1322 3392 1362; x_wconf 89' lang='lat' dir='ltr'><strong>suam</strong></span> <span class='ocrx_word' id='word_1_311' title='bbox 3415 1322 3552 1379; x_wconf 88' lang='lat' dir='ltr'><strong>pau-</strong></span> 
     </span>
    </p>
   </div>
   <div class='ocr_carea' id='block_1_44' title="bbox 1970 1397 3549 1470">
    <p class='ocr_par' dir='ltr' id='par_1_44' title="bbox 1970 1397 3549 1470">
     <span class='ocr_line' id='line_1_44' title="bbox 1970 1397 3549 1470; baseline 0.003 -19"><span class='ocrx_word' id='word_1_312' title='bbox 1970 1398 2125 1453; x_wconf 86' lang='lat' dir='ltr'><strong>latim</strong></span> <span class='ocrx_word' id='word_1_313' title='bbox 2182 1398 2526 1453; x_wconf 88' lang='lat' dir='ltr'><strong>introducat.</strong></span> <span class='ocrx_word' id='word_1_314' title='bbox 2582 1397 2992 1453; x_wconf 80' lang='lat' dir='ltr'><strong>Animadvertit</strong></span> <span class='ocrx_word' id='word_1_315' title='bbox 3026 1399 3199 1464; x_wconf 87' lang='lat' dir='ltr'><strong>enim,</strong></span> <span class='ocrx_word' id='word_1_316' title='bbox 3247 1416 3387 1470; x_wconf 88' lang='lat' dir='ltr'><strong>quos</strong></span> <span class='ocrx_word' id='word_1_317' title='bbox 3438 1402 3549 1456; x_wconf 86' lang='lat' dir='ltr'><strong>alia</strong></span> 
     </span>
    </p>
   </div>
   <div class='ocr_carea' id='block_1_45' title="bbox 1969 1491 3547 1563">
    <p class='ocr_par' dir='ltr' id='par_1_45' title="bbox 1969 1491 3547 1563">
     <span class='ocr_line' id='line_1_45' title="bbox 1969 1491 3547 1563; baseline 0.003 -17"><span class='ocrx_word' id='word_1_318' title='bbox 1969 1492 2186 1548; x_wconf 87' lang='lat' dir='ltr'><strong>ratione</strong></span> <span class='ocrx_word' id='word_1_319' title='bbox 2218 1508 2329 1547; x_wconf 93' lang='lat' dir='ltr'><strong>non</strong></span> <span class='ocrx_word' id='word_1_320' title='bbox 2363 1500 2569 1563; x_wconf 89' lang='lat' dir='ltr'><strong>potest,</strong></span> <span class='ocrx_word' id='word_1_321' title='bbox 2601 1507 2699 1547; x_wconf 89' lang='lat' dir='ltr'><strong>eos</strong></span> <span class='ocrx_word' id='word_1_322' title='bbox 2730 1491 2929 1548; x_wconf 89' lang='lat' dir='ltr'><strong>timore</strong></span> <span class='ocrx_word' id='word_1_323' title='bbox 2961 1507 2993 1547; x_wconf 92' lang='lat' dir='ltr'><strong>a</strong></span> <span class='ocrx_word' id='word_1_324' title='bbox 3049 1492 3156 1547; x_wconf 86' lang='lat' dir='ltr'><strong>ﬁde</strong></span> <span class='ocrx_word' id='word_1_325' title='bbox 3206 1502 3457 1550; x_wconf 79' lang='lat' dir='ltr'><strong>avertere</strong></span> <span class='ocrx_word' id='word_1_326' title='bbox 3486 1510 3547 1550; x_wconf 89' lang='lat' dir='ltr'><strong>se</strong></span> 
     </span>
    </p>
   </div>
   <div class='ocr_carea' id='block_1_46' title="bbox 1968 1584 3547 1658">
    <p class='ocr_par' dir='ltr' id='par_1_46' title="bbox 1968 1584 3547 1658">
     <span class='ocr_line' id='line_1_46' title="bbox 1968 1584 3547 1658; baseline 0.002 -19"><span class='ocrx_word' id='word_1_327' title='bbox 1968 1600 2158 1655; x_wconf 90' lang='lat' dir='ltr'><strong>posse:</strong></span> <span class='ocrx_word' id='word_1_328' title='bbox 2191 1594 2252 1640; x_wconf 90' lang='lat' dir='ltr'><strong>ut</strong></span> <span class='ocrx_word' id='word_1_329' title='bbox 2312 1601 2427 1641; x_wconf 73' lang='lat' dir='ltr'><strong>sua:</strong></span> <span class='ocrx_word' id='word_1_330' title='bbox 2460 1584 2753 1640; x_wconf 63' lang='lat' dir='ltr'><strong>sententiae</strong></span> <span class='ocrx_word' id='word_1_331' title='bbox 2783 1586 2953 1641; x_wconf 88' lang='lat' dir='ltr'><strong>semel</strong></span> <span class='ocrx_word' id='word_1_332' title='bbox 3009 1586 3300 1658; x_wconf 82' lang='lat' dir='ltr'><strong>adjunctus</strong></span> <span class='ocrx_word' id='word_1_333' title='bbox 3345 1588 3420 1642; x_wconf 88' lang='lat' dir='ltr'><strong>ita</strong></span> <span class='ocrx_word' id='word_1_334' title='bbox 3458 1588 3547 1642; x_wconf 90' lang='lat' dir='ltr'><strong>in-</strong></span> 
     </span>
    </p>
   </div>
   <div class='ocr_carea' id='block_1_47' title="bbox 1970 1676 3548 1751">
    <p class='ocr_par' dir='ltr' id='par_1_47' title="bbox 1970 1676 3548 1751">
     <span class='ocr_line' id='line_1_47' title="bbox 1970 1676 3548 1751; baseline 0.004 -20"><span class='ocrx_word' id='word_1_335' title='bbox 1970 1676 2237 1745; x_wconf 80' lang='lat' dir='ltr'><strong>ﬂammet,</strong></span> <span class='ocrx_word' id='word_1_336' title='bbox 2265 1687 2328 1734; x_wconf 90' lang='lat' dir='ltr'><strong>ut</strong></span> <span class='ocrx_word' id='word_1_337' title='bbox 2348 1679 2587 1735; x_wconf 89' lang='lat' dir='ltr'><strong>verbera</strong></span> <span class='ocrx_word' id='word_1_338' title='bbox 2615 1694 2842 1750; x_wconf 89' lang='lat' dir='ltr'><strong>quoque</strong></span> <span class='ocrx_word' id='word_1_339' title='bbox 2870 1679 3079 1751; x_wconf 89' lang='lat' dir='ltr'><strong>quibus</strong></span> <span class='ocrx_word' id='word_1_340' title='bbox 3102 1679 3326 1735; x_wconf 89' lang='lat' dir='ltr'><strong>libitum</strong></span> <span class='ocrx_word' id='word_1_341' title='bbox 3374 1681 3548 1737; x_wconf 78' lang='lat' dir='ltr'><strong>fuerit</strong></span> 
     </span>
    </p>
   </div>
   <div class='ocr_carea' id='block_1_48' title="bbox 1967 1770 3547 1842">
    <p class='ocr_par' dir='ltr' id='par_1_48' title="bbox 1967 1770 3547 1842">
     <span class='ocr_line' id='line_1_48' title="bbox 1967 1770 3547 1842; baseline 0.001 -17"><span class='ocrx_word' id='word_1_342' title='bbox 1967 1771 2188 1842; x_wconf 78' lang='lat' dir='ltr'><strong>publice</strong></span> <span class='ocrx_word' id='word_1_343' title='bbox 2240 1770 2448 1827; x_wconf 79' lang='lat' dir='ltr'><strong>inferre</strong></span> <span class='ocrx_word' id='word_1_344' title='bbox 2479 1771 2741 1837; x_wconf 84' lang='lat' dir='ltr'><strong>audeant,</strong></span> <span class='ocrx_word' id='word_1_345' title='bbox 2793 1778 2851 1827; x_wconf 93' lang='lat' dir='ltr'><strong>et</strong></span> <span class='ocrx_word' id='word_1_346' title='bbox 2901 1771 3347 1842; x_wconf 87' lang='lat' dir='ltr'><strong>persecutionem</strong></span> <span class='ocrx_word' id='word_1_347' title='bbox 3393 1773 3547 1828; x_wconf 83' lang='lat' dir='ltr'><strong>exci-</strong></span> 
     </span>
    </p>
   </div>
   <div class='ocr_carea' id='block_1_49' title="bbox 1968 1863 3549 1935">
    <p class='ocr_par' dir='ltr' id='par_1_49' title="bbox 1968 1863 3549 1935">
     <span class='ocr_line' id='line_1_49' title="bbox 1968 1863 3549 1935; baseline 0.001 -17"><span class='ocrx_word' id='word_1_348' title='bbox 1968 1873 2085 1919; x_wconf 88' lang='lat' dir='ltr'><strong>tare</strong></span> <span class='ocrx_word' id='word_1_349' title='bbox 2112 1879 2225 1918; x_wconf 91' lang='lat' dir='ltr'><strong>non</strong></span> <span class='ocrx_word' id='word_1_350' title='bbox 2246 1863 2525 1919; x_wconf 81' lang='lat' dir='ltr'><strong>dubitent.</strong></span> <span class='ocrx_word' id='word_1_351' title='bbox 2555 1864 2749 1935; x_wconf 85' lang='lat' dir='ltr'><strong>Neque</strong></span> <span class='ocrx_word' id='word_1_352' title='bbox 2776 1879 2913 1919; x_wconf 84' lang='lat' dir='ltr'><strong>vero</strong></span> <span class='ocrx_word' id='word_1_353' title='bbox 2939 1879 3166 1919; x_wconf 89' lang='lat' dir='ltr'><strong>suorum</strong></span> <span class='ocrx_word' id='word_1_354' title='bbox 3200 1873 3549 1930; x_wconf 86' lang='lat' dir='ltr'><strong>tantum,aut</strong></span> 
     </span>
    </p>
   </div>
   <div class='ocr_carea' id='block_1_50' title="bbox 1968 1955 3550 2027">
    <p class='ocr_par' dir='ltr' id='par_1_50' title="bbox 1968 1955 3550 2027">
     <span class='ocr_line' id='line_1_50' title="bbox 1968 1955 3550 2027; baseline 0 -16"><span class='ocrx_word' id='word_1_355' title='bbox 1968 1955 2407 2012; x_wconf 90' lang='lat' dir='ltr'><strong>domesticorum</strong></span> <span class='ocrx_word' id='word_1_356' title='bbox 2439 1970 2611 2027; x_wconf 88' lang='lat' dir='ltr'><strong>opera</strong></span> <span class='ocrx_word' id='word_1_357' title='bbox 2644 1955 2980 2011; x_wconf 90' lang='lat' dir='ltr'><strong>clericorum</strong></span> <span class='ocrx_word' id='word_1_358' title='bbox 3019 1970 3143 2011; x_wconf 87' lang='lat' dir='ltr'><strong>eam</strong></span> <span class='ocrx_word' id='word_1_359' title='bbox 3189 1956 3258 2011; x_wconf 88' lang='lat' dir='ltr'><strong>ad</strong></span> <span class='ocrx_word' id='word_1_360' title='bbox 3292 1972 3409 2011; x_wconf 87' lang='lat' dir='ltr'><strong>rem</strong></span> <span class='ocrx_word' id='word_1_361' title='bbox 3438 1956 3550 2011; x_wconf 87' lang='lat' dir='ltr'><strong>uti-</strong></span> 
     </span>
    </p>
   </div>
   <div class='ocr_carea' id='block_1_51' title="bbox 1967 2048 3550 2120">
    <p class='ocr_par' dir='ltr' id='par_1_51' title="bbox 1967 2048 3550 2120">
     <span class='ocr_line' id='line_1_51' title="bbox 1967 2048 3550 2120; baseline 0 -16"><span class='ocrx_word' id='word_1_362' title='bbox 1967 2057 2081 2114; x_wconf 88' lang='lat' dir='ltr'><strong>tur,</strong></span> <span class='ocrx_word' id='word_1_363' title='bbox 2115 2065 2311 2105; x_wconf 91' lang='lat' dir='ltr'><strong>verum</strong></span> <span class='ocrx_word' id='word_1_364' title='bbox 2347 2049 2718 2120; x_wconf 87' lang='lat' dir='ltr'><strong>quorumdam</strong></span> <span class='ocrx_word' id='word_1_365' title='bbox 2752 2063 2975 2120; x_wconf 90' lang='lat' dir='ltr'><strong>quoque</strong></span> <span class='ocrx_word' id='word_1_366' title='bbox 3016 2048 3087 2104; x_wconf 89' lang='lat' dir='ltr'><strong>ab</strong></span> <span class='ocrx_word' id='word_1_367' title='bbox 3126 2049 3335 2105; x_wconf 80' lang='lat' dir='ltr'><strong>exteris</strong></span> <span class='ocrx_word' id='word_1_368' title='bbox 3369 2064 3550 2120; x_wconf 71' lang='lat' dir='ltr'><strong>para:-</strong></span> 
     </span>
    </p>
   </div>
   <div class='ocr_carea' id='block_1_52' title="bbox 1964 2140 3549 2211">
    <p class='ocr_par' dir='ltr' id='par_1_52' title="bbox 1964 2140 3549 2211">
     <span class='ocr_line' id='line_1_52' title="bbox 1964 2140 3549 2211; baseline 0.001 -16"><span class='ocrx_word' id='word_1_369' title='bbox 1964 2140 2069 2195; x_wconf 91' lang='lat' dir='ltr'><strong>ciis</strong></span> <span class='ocrx_word' id='word_1_370' title='bbox 2122 2151 2180 2196; x_wconf 82' lang='lat' dir='ltr'><strong>et</strong></span> <span class='ocrx_word' id='word_1_371' title='bbox 2209 2141 2551 2197; x_wconf 65' lang='lat' dir='ltr'><strong>dioecesibus</strong></span> <span class='ocrx_word' id='word_1_372' title='bbox 2588 2140 2927 2207; x_wconf 88' lang='lat' dir='ltr'><strong>ascitorum;</strong></span> <span class='ocrx_word' id='word_1_373' title='bbox 2981 2140 3187 2211; x_wconf 87' lang='lat' dir='ltr'><strong>quibus</strong></span> <span class='ocrx_word' id='word_1_374' title='bbox 3218 2149 3402 2197; x_wconf 89' lang='lat' dir='ltr'><strong>tamen</strong></span> <span class='ocrx_word' id='word_1_375' title='bbox 3457 2157 3549 2197; x_wconf 81' lang='lat' dir='ltr'><strong>se-</strong></span> 
     </span>
    </p>
   </div>
   <div class='ocr_carea' id='block_1_53' title="bbox 1966 2231 3546 2304">
    <p class='ocr_par' dir='ltr' id='par_1_53' title="bbox 1966 2231 3546 2304">
     <span class='ocr_line' id='line_1_53' title="bbox 1966 2231 3546 2304; baseline 0.001 -17"><span class='ocrx_word' id='word_1_376' title='bbox 1966 2232 2211 2288; x_wconf 89' lang='lat' dir='ltr'><strong>cundum</strong></span> <span class='ocrx_word' id='word_1_377' title='bbox 2234 2233 2648 2289; x_wconf 87' lang='lat' dir='ltr'><strong>ecclesiasticos</strong></span> <span class='ocrx_word' id='word_1_378' title='bbox 2676 2247 2921 2288; x_wconf 88' lang='lat' dir='ltr'><strong>canones</strong></span> <span class='ocrx_word' id='word_1_379' title='bbox 2940 2231 2996 2287; x_wconf 92' lang='lat' dir='ltr'><strong>in</strong></span> <span class='ocrx_word' id='word_1_380' title='bbox 3010 2233 3193 2288; x_wconf 89' lang='lat' dir='ltr'><strong>alieno</strong></span> <span class='ocrx_word' id='word_1_381' title='bbox 3222 2233 3546 2304; x_wconf 87' lang='lat' dir='ltr'><strong>episcopatu</strong></span> 
     </span>
    </p>
   </div>
   <div class='ocr_carea' id='block_1_54' title="bbox 1963 2325 3546 2397">
    <p class='ocr_par' dir='ltr' id='par_1_54' title="bbox 1963 2325 3546 2397">
     <span class='ocr_line' id='line_1_54' title="bbox 1963 2325 3546 2397; baseline 0.002 -17"><span class='ocrx_word' id='word_1_382' title='bbox 1963 2326 2053 2380; x_wconf 87' lang='lat' dir='ltr'><strong>vel</strong></span> <span class='ocrx_word' id='word_1_383' title='bbox 2082 2326 2320 2381; x_wconf 85' lang='lat' dir='ltr'><strong>ecclesia</strong></span> <span class='ocrx_word' id='word_1_384' title='bbox 2353 2326 2557 2397; x_wconf 87' lang='lat' dir='ltr'><strong>degere</strong></span> <span class='ocrx_word' id='word_1_385' title='bbox 2596 2340 2710 2381; x_wconf 89' lang='lat' dir='ltr'><strong>non</strong></span> <span class='ocrx_word' id='word_1_386' title='bbox 2744 2326 2900 2393; x_wconf 89' lang='lat' dir='ltr'><strong>licet,</strong></span> <span class='ocrx_word' id='word_1_387' title='bbox 2955 2325 3053 2381; x_wconf 88' lang='lat' dir='ltr'><strong>sed</strong></span> <span class='ocrx_word' id='word_1_388' title='bbox 3114 2327 3431 2383; x_wconf 87' lang='lat' dir='ltr'><strong>necessario</strong></span> <span class='ocrx_word' id='word_1_389' title='bbox 3488 2327 3546 2383; x_wconf 91' lang='lat' dir='ltr'><strong>in</strong></span> 
     </span>
    </p>
   </div>
   <div class='ocr_carea' id='block_1_55' title="bbox 1965 2419 3547 2492">
    <p class='ocr_par' dir='ltr' id='par_1_55' title="bbox 1965 2419 3547 2492">
     <span class='ocr_line' id='line_1_55' title="bbox 1965 2419 3547 2492; baseline 0.001 -17"><span class='ocrx_word' id='word_1_390' title='bbox 1965 2419 2034 2476; x_wconf 87' lang='lat' dir='ltr'><strong>iis</strong></span> <span class='ocrx_word' id='word_1_391' title='bbox 2082 2420 2222 2476; x_wconf 88' lang='lat' dir='ltr'><strong>locis</strong></span> <span class='ocrx_word' id='word_1_392' title='bbox 2250 2428 2308 2475; x_wconf 90' lang='lat' dir='ltr'><strong>et</strong></span> <span class='ocrx_word' id='word_1_393' title='bbox 2360 2420 2701 2486; x_wconf 87' lang='lat' dir='ltr'><strong>civitatibus,</strong></span> <span class='ocrx_word' id='word_1_394' title='bbox 2759 2420 2927 2491; x_wconf 88' lang='lat' dir='ltr'><strong>idque</strong></span> <span class='ocrx_word' id='word_1_395' title='bbox 2979 2420 3193 2491; x_wconf 89' lang='lat' dir='ltr'><strong>quiete,</strong></span> <span class='ocrx_word' id='word_1_396' title='bbox 3246 2421 3303 2476; x_wconf 91' lang='lat' dir='ltr'><strong>in</strong></span> <span class='ocrx_word' id='word_1_397' title='bbox 3338 2421 3547 2492; x_wconf 86' lang='lat' dir='ltr'><strong>quibus</strong></span> 
     </span>
    </p>
   </div>
   <div class='ocr_carea' id='block_1_56' title="bbox 1965 2508 3543 2583">
    <p class='ocr_par' dir='ltr' id='par_1_56' title="bbox 1965 2508 3543 2583">
     <span class='ocr_line' id='line_1_56' title="bbox 1965 2508 3543 2583; baseline 0.001 -18"><span class='ocrx_word' id='word_1_398' title='bbox 1965 2508 2211 2565; x_wconf 89' lang='lat' dir='ltr'><strong>ordinati</strong></span> <span class='ocrx_word' id='word_1_399' title='bbox 2227 2521 2397 2565; x_wconf 90' lang='lat' dir='ltr'><strong>sunt:</strong></span> <span class='ocrx_word' id='word_1_400' title='bbox 2423 2525 2494 2565; x_wconf 89' lang='lat' dir='ltr'><strong>ne</strong></span> <span class='ocrx_word' id='word_1_401' title='bbox 2526 2525 2696 2565; x_wconf 72' lang='lat' dir='ltr'><strong>mora:</strong></span> <span class='ocrx_word' id='word_1_402' title='bbox 2724 2509 3117 2577; x_wconf 85' lang='lat' dir='ltr'><strong>diuturnitate,</strong></span> <span class='ocrx_word' id='word_1_403' title='bbox 3149 2519 3543 2583; x_wconf 82' lang='lat' dir='ltr'><strong>temporanea-</strong></span> 
     </span>
    </p>
   </div>
   <div class='ocr_carea' id='block_1_57' title="bbox 1965 2601 3543 2677">
    <p class='ocr_par' dir='ltr' id='par_1_57' title="bbox 1965 2601 3543 2677">
     <span class='ocr_line' id='line_1_57' title="bbox 1965 2601 3543 2677; baseline 0.002 -22"><span class='ocrx_word' id='word_1_404' title='bbox 1965 2616 2075 2671; x_wconf 87' lang='lat' dir='ltr'><strong>que</strong></span> <span class='ocrx_word' id='word_1_405' title='bbox 2138 2601 2387 2672; x_wconf 88' lang='lat' dir='ltr'><strong>potentia</strong></span> <span class='ocrx_word' id='word_1_406' title='bbox 2440 2603 2746 2672; x_wconf 88' lang='lat' dir='ltr'><strong>nequitiam</strong></span> <span class='ocrx_word' id='word_1_407' title='bbox 2813 2618 2970 2658; x_wconf 90' lang='lat' dir='ltr'><strong>suam</strong></span> <span class='ocrx_word' id='word_1_408' title='bbox 3032 2605 3200 2660; x_wconf 91' lang='lat' dir='ltr'><strong>latius</strong></span> <span class='ocrx_word' id='word_1_409' title='bbox 3256 2614 3543 2677; x_wconf 73' lang='lat' dir='ltr'><strong>propaget,</strong></span> 
     </span>
    </p>
   </div>
   <div class='ocr_carea' id='block_1_58' title="bbox 1963 2688 3547 2761">
    <p class='ocr_par' dir='ltr' id='par_1_58' title="bbox 1963 2688 3547 2761">
     <span class='ocr_line' id='line_1_58' title="bbox 1963 2688 3547 2761; baseline 0.003 -17"><span class='ocrx_word' id='word_1_410' title='bbox 1963 2688 2236 2760; x_wconf 86' lang='lat' dir='ltr'><strong>vobisque</strong></span> <span class='ocrx_word' id='word_1_411' title='bbox 2283 2689 2340 2745; x_wconf 90' lang='lat' dir='ltr'><strong>id</strong></span> <span class='ocrx_word' id='word_1_412' title='bbox 2387 2689 2725 2755; x_wconf 87' lang='lat' dir='ltr'><strong>ascribatur,</strong></span> <span class='ocrx_word' id='word_1_413' title='bbox 2772 2706 2914 2761; x_wconf 89' lang='lat' dir='ltr'><strong>quos</strong></span> <span class='ocrx_word' id='word_1_414' title='bbox 2957 2692 3031 2747; x_wconf 92' lang='lat' dir='ltr'><strong>ob</strong></span> <span class='ocrx_word' id='word_1_415' title='bbox 3084 2693 3140 2747; x_wconf 92' lang='lat' dir='ltr'><strong>id</strong></span> <span class='ocrx_word' id='word_1_416' title='bbox 3174 2694 3230 2748; x_wconf 91' lang='lat' dir='ltr'><strong>in</strong></span> <span class='ocrx_word' id='word_1_417' title='bbox 3261 2694 3547 2749; x_wconf 88' lang='lat' dir='ltr'><strong>ministros</strong></span> 
     </span>
    </p>
   </div>
   <div class='ocr_carea' id='block_1_59' title="bbox 1967 2780 3544 2858">
    <p class='ocr_par' dir='ltr' id='par_1_59' title="bbox 1967 2780 3544 2858">
     <span class='ocr_line' id='line_1_59' title="bbox 1967 2780 3544 2858; baseline 0.003 -21"><span class='ocrx_word' id='word_1_418' title='bbox 1967 2780 2112 2844; x_wconf 86' lang='lat' dir='ltr'><strong>Deus</strong></span> <span class='ocrx_word' id='word_1_419' title='bbox 2140 2784 2463 2854; x_wconf 70' lang='lat' dir='ltr'><strong>assumpsit,</strong></span> <span class='ocrx_word' id='word_1_420' title='bbox 2496 2792 2558 2839; x_wconf 90' lang='lat' dir='ltr'><strong>ut</strong></span> <span class='ocrx_word' id='word_1_421' title='bbox 2618 2785 2770 2840; x_wconf 89' lang='lat' dir='ltr'><strong>illius</strong></span> <span class='ocrx_word' id='word_1_422' title='bbox 2802 2785 3033 2858; x_wconf 83' lang='lat' dir='ltr'><strong>gloriam</strong></span> <span class='ocrx_word' id='word_1_423' title='bbox 3065 2795 3290 2843; x_wconf 89' lang='lat' dir='ltr'><strong>strenue</strong></span> <span class='ocrx_word' id='word_1_424' title='bbox 3333 2803 3544 2858; x_wconf 80' lang='lat' dir='ltr'><strong>propu-</strong></span> 
     </span>
    </p>
   </div>
   <div class='ocr_carea' id='block_1_60' title="bbox 1964 2875 3544 2946">
    <p class='ocr_par' dir='ltr' id='par_1_60' title="bbox 1964 2875 3544 2946">
     <span class='ocr_line' id='line_1_60' title="bbox 1964 2875 3544 2946; baseline 0.003 -16"><span class='ocrx_word' id='word_1_425' title='bbox 1964 2875 2166 2946; x_wconf 89' lang='lat' dir='ltr'><strong>gnetis,</strong></span> <span class='ocrx_word' id='word_1_426' title='bbox 2195 2875 2291 2946; x_wconf 88' lang='lat' dir='ltr'><strong>qui</strong></span> <span class='ocrx_word' id='word_1_427' title='bbox 2318 2875 2519 2931; x_wconf 89' lang='lat' dir='ltr'><strong>illustri</strong></span> <span class='ocrx_word' id='word_1_428' title='bbox 2539 2876 2752 2931; x_wconf 85' lang='lat' dir='ltr'><strong>honore</strong></span> <span class='ocrx_word' id='word_1_429' title='bbox 2777 2891 2878 2932; x_wconf 86' lang='lat' dir='ltr'><strong>vos</strong></span> <span class='ocrx_word' id='word_1_430' title='bbox 2904 2878 3233 2943; x_wconf 86' lang='lat' dir='ltr'><strong>cumulavit,</strong></span> <span class='ocrx_word' id='word_1_431' title='bbox 3264 2888 3321 2933; x_wconf 92' lang='lat' dir='ltr'><strong>et</strong></span> <span class='ocrx_word' id='word_1_432' title='bbox 3342 2894 3544 2934; x_wconf 86' lang='lat' dir='ltr'><strong>cumu-</strong></span> 
     </span>
    </p>
   </div>
   <div class='ocr_carea' id='block_1_61' title="bbox 1963 2968 3546 3040">
    <p class='ocr_par' dir='ltr' id='par_1_61' title="bbox 1963 2968 3546 3040">
     <span class='ocr_line' id='line_1_61' title="bbox 1963 2968 3546 3040; baseline 0.002 -17"><span class='ocrx_word' id='word_1_433' title='bbox 1963 2968 2077 3036; x_wconf 88' lang='lat' dir='ltr'><strong>lat;</strong></span> <span class='ocrx_word' id='word_1_434' title='bbox 2132 2969 2403 3039; x_wconf 90' lang='lat' dir='ltr'><strong>vobisque</strong></span> <span class='ocrx_word' id='word_1_435' title='bbox 2437 2984 2565 3024; x_wconf 91' lang='lat' dir='ltr'><strong>cum</strong></span> <span class='ocrx_word' id='word_1_436' title='bbox 2609 2968 2869 3024; x_wconf 89' lang='lat' dir='ltr'><strong>omnibus</strong></span> <span class='ocrx_word' id='word_1_437' title='bbox 2913 2970 3141 3037; x_wconf 88' lang='lat' dir='ltr'><strong>sanctis,</strong></span> <span class='ocrx_word' id='word_1_438' title='bbox 3192 2968 3289 3040; x_wconf 91' lang='lat' dir='ltr'><strong>qui</strong></span> <span class='ocrx_word' id='word_1_439' title='bbox 3338 2984 3546 3026; x_wconf 90' lang='lat' dir='ltr'><strong>munus</strong></span> 
     </span>
    </p>
   </div>
   <div class='ocr_carea' id='block_1_62' title="bbox 278 3058 1864 3141">
    <p class='ocr_par' dir='ltr' id='par_1_62' title="bbox 278 3058 1863 3136">
     <span class='ocr_line' id='line_1_62' title="bbox 278 3058 1863 3136; baseline 0.006 -24"><span class='ocrx_word' id='word_1_440' title='bbox 278 3058 461 3130; x_wconf 83' lang='grc' dir='ltr'>λόγοις</span> <span class='ocrx_word' id='word_1_441' title='bbox 510 3062 599 3116; x_wconf 88' lang='grc' dir='ltr'><strong>διά</strong></span> <span class='ocrx_word' id='word_1_442' title='bbox 644 3063 754 3117; x_wconf 89' lang='grc' dir='ltr'><strong>τῶν</strong></span> <span class='ocrx_word' id='word_1_443' title='bbox 793 3062 974 3136; x_wconf 74' lang='grc' dir='ltr'>ἔργων</span> <span class='ocrx_word' id='word_1_444' title='bbox 1019 3064 1404 3120; x_wconf 76' lang='grc' dir='ltr'>πιστεύουσινο</span> <span class='ocrx_word' id='word_1_445' title='bbox 1466 3067 1516 3120; x_wconf 86' lang='grc' dir='ltr'>οἱ</span> <span class='ocrx_word' id='word_1_446' title='bbox 1548 3066 1606 3121; x_wconf 81' lang='grc' dir='ltr'><strong>δέ</strong></span> <span class='ocrx_word' id='word_1_447' title='bbox 1645 3068 1863 3123; x_wconf 80' lang='grc' dir='ltr'>ἄπιστοι</span> 
     </span>
    </p>
   </div>
   <div class='ocr_carea' id='block_1_63' title="bbox 1965 3058 3543 3141">
    <p class='ocr_par' dir='ltr' id='par_1_63' title="bbox 1967 3058 3543 3131">
     <span class='ocr_line' id='line_1_63' title="bbox 1967 3058 3543 3131; baseline 0.001 -17"><span class='ocrx_word' id='word_1_448' title='bbox 1967 3074 2131 3114; x_wconf 91' lang='lat' dir='ltr'><strong>suum</strong></span> <span class='ocrx_word' id='word_1_449' title='bbox 2173 3059 2431 3130; x_wconf 70' lang='lat' dir='ltr'><strong>praaelare</strong></span> <span class='ocrx_word' id='word_1_450' title='bbox 2472 3058 2754 3121; x_wconf 88' lang='lat' dir='ltr'><strong>obierunt.</strong></span> <span class='ocrx_word' id='word_1_451' title='bbox 2798 3058 3112 3115; x_wconf 90' lang='lat' dir='ltr'><strong>mercedem</strong></span> <span class='ocrx_word' id='word_1_452' title='bbox 3142 3067 3393 3131; x_wconf 90' lang='lat' dir='ltr'><strong>tempore</strong></span> <span class='ocrx_word' id='word_1_453' title='bbox 3438 3076 3543 3117; x_wconf 88' lang='lat' dir='ltr'><strong>suo</strong></span> 
     </span>
    </p>
   </div>
   <div class='ocr_carea' id='block_1_64' title="bbox 276 3153 1865 3231">
    <p class='ocr_par' dir='ltr' id='par_1_64' title="bbox 276 3153 1865 3231">
     <span class='ocr_line' id='line_1_64' title="bbox 276 3153 1865 3231; baseline 0.004 -23"><span class='ocrx_word' id='word_1_454' title='bbox 276 3153 375 3208; x_wconf 78' lang='grc' dir='ltr'>καὶ</span> <span class='ocrx_word' id='word_1_455' title='bbox 401 3155 945 3227; x_wconf 79' lang='grc' dir='ltr'>ἀπεῤῥιμμένοι,καὶ</span> <span class='ocrx_word' id='word_1_456' title='bbox 972 3160 1039 3229; x_wconf 74' lang='grc' dir='ltr'><strong>τῇ</strong></span> <span class='ocrx_word' id='word_1_457' title='bbox 1068 3158 1279 3212; x_wconf 79' lang='grc' dir='ltr'>ἑαυτῶν</span> <span class='ocrx_word' id='word_1_458' title='bbox 1308 3157 1490 3231; x_wconf 71' lang='grc' dir='ltr'>κοιλίᾳ</span> <span class='ocrx_word' id='word_1_459' title='bbox 1514 3158 1738 3225; x_wconf 79' lang='grc' dir='ltr'>ζῶντες,</span> <span class='ocrx_word' id='word_1_460' title='bbox 1770 3161 1865 3214; x_wconf 74' lang='grc' dir='ltr'>καὶ</span> 
     </span>
    </p>
   </div>
   <div class='ocr_carea' id='block_1_65' title="bbox 278 3247 1864 3323">
    <p class='ocr_par' dir='ltr' id='par_1_65' title="bbox 278 3247 1864 3323">
     <span class='ocr_line' id='line_1_65' title="bbox 278 3247 1864 3323; baseline 0.004 -24"><span class='ocrx_word' id='word_1_461' title='bbox 278 3247 362 3311; x_wconf 81' lang='grc' dir='ltr'><strong>εἰς</strong></span> <span class='ocrx_word' id='word_1_462' title='bbox 414 3247 546 3301; x_wconf 80' lang='grc' dir='ltr'>αὐτὸ</span> <span class='ocrx_word' id='word_1_463' title='bbox 595 3247 755 3303; x_wconf 89' lang='grc' dir='ltr'>τοῦτο</span> <span class='ocrx_word' id='word_1_464' title='bbox 788 3248 1332 3323; x_wconf 79' lang='grc' dir='ltr'>προσκαρτεροῦντες</span> <span class='ocrx_word' id='word_1_465' title='bbox 1355 3293 1371 3317; x_wconf 97' lang='grc'><strong>,</strong></span> <span class='ocrx_word' id='word_1_466' title='bbox 1431 3250 1527 3306; x_wconf 84' lang='grc' dir='ltr'><strong>ὲάν</strong></span> <span class='ocrx_word' id='word_1_467' title='bbox 1558 3253 1864 3308; x_wconf 82' lang='grc' dir='ltr'>ἀκούσωσιν</span> 
     </span>
    </p>
   </div>
   <div class='ocr_carea' id='block_1_66' title="bbox 276 3336 1862 3416">
    <p class='ocr_par' dir='ltr' id='par_1_66' title="bbox 276 3336 1862 3416">
     <span class='ocr_line' id='line_1_66' title="bbox 276 3336 1862 3416; baseline 0.003 -25"><span class='ocrx_word' id='word_1_468' title='bbox 276 3336 647 3408; x_wconf 82' lang='grc' dir='ltr'>ὁμολογοῦντά</span> <span class='ocrx_word' id='word_1_469' title='bbox 681 3356 805 3395; x_wconf 91' lang='grc' dir='ltr'>τινα</span> <span class='ocrx_word' id='word_1_470' title='bbox 824 3379 840 3403; x_wconf 90' lang='grc'><strong>.</strong></span> <span class='ocrx_word' id='word_1_471' title='bbox 865 3341 959 3394; x_wconf 84' lang='grc' dir='ltr'>τὸν</span> <span class='ocrx_word' id='word_1_472' title='bbox 982 3341 1219 3412; x_wconf 81' lang='grc' dir='ltr'>Χριστὸν</span> <span class='ocrx_word' id='word_1_473' title='bbox 1246 3337 1386 3396; x_wconf 81' lang='grc' dir='ltr'>εῖναι</span> <span class='ocrx_word' id='word_1_474' title='bbox 1410 3342 1563 3408; x_wconf 80' lang='grc' dir='ltr'>Θεὸν,</span> <span class='ocrx_word' id='word_1_475' title='bbox 1582 3342 1862 3416; x_wconf 78' lang='grc' dir='ltr'>διαπρίον·</span> 
     </span>
    </p>
   </div>
   <div class='ocr_carea' id='block_1_67' title="bbox 277 3428 1860 3505">
    <p class='ocr_par' dir='ltr' id='par_1_67' title="bbox 277 3428 1860 3505">
     <span class='ocr_line' id='line_1_67' title="bbox 277 3428 1860 3505; baseline 0.004 -21"><span class='ocrx_word' id='word_1_476' title='bbox 277 3446 406 3498; x_wconf 87' lang='grc' dir='ltr'>ται,</span> <span class='ocrx_word' id='word_1_477' title='bbox 442 3430 518 3495; x_wconf 83' lang='grc' dir='ltr'>ὥς</span> <span class='ocrx_word' id='word_1_478' title='bbox 549 3432 600 3485; x_wconf 76' lang='lat' dir='ltr'><strong>oi</strong></span> <span class='ocrx_word' id='word_1_479' title='bbox 628 3431 755 3487; x_wconf 82' lang='grc' dir='ltr'>τότε</span> <span class='ocrx_word' id='word_1_480' title='bbox 816 3433 1061 3487; x_wconf 81' lang='grc' dir='ltr'>Ἰουδαῖοι</span> <span class='ocrx_word' id='word_1_481' title='bbox 1087 3434 1346 3505; x_wconf 78' lang='grc' dir='ltr'>συνέσχον</span> <span class='ocrx_word' id='word_1_482' title='bbox 1383 3434 1456 3489; x_wconf 88' lang='grc' dir='ltr'><strong>τά</strong></span> <span class='ocrx_word' id='word_1_483' title='bbox 1511 3428 1629 3489; x_wconf 80' lang='grc' dir='ltr'><strong>ὧτα</strong></span> <span class='ocrx_word' id='word_1_484' title='bbox 1656 3436 1860 3503; x_wconf 82' lang='grc' dir='ltr'>αὐτῶν,</span> 
     </span>
    </p>
   </div>
   <div class='ocr_carea' id='block_1_68' title="bbox 275 3523 1860 3601">
    <p class='ocr_par' dir='ltr' id='par_1_68' title="bbox 275 3523 1860 3601">
     <span class='ocr_line' id='line_1_68' title="bbox 275 3523 1860 3601; baseline 0.003 -22"><span class='ocrx_word' id='word_1_485' title='bbox 275 3524 375 3579; x_wconf 87' lang='grc' dir='ltr'><strong>τοῦ</strong></span> <span class='ocrx_word' id='word_1_486' title='bbox 404 3523 562 3594; x_wconf 80' lang='grc' dir='ltr'>ἁγίου</span> <span class='ocrx_word' id='word_1_487' title='bbox 592 3524 870 3595; x_wconf 79' lang='grc' dir='ltr'>Στεφάνου</span> <span class='ocrx_word' id='word_1_488' title='bbox 919 3525 1016 3580; x_wconf 90' lang='grc' dir='ltr'><strong>τοῦ</strong></span> <span class='ocrx_word' id='word_1_489' title='bbox 1055 3528 1529 3601; x_wconf 86' lang='grc' dir='ltr'>πρωτομάρτυρος</span> <span class='ocrx_word' id='word_1_490' title='bbox 1566 3528 1860 3601; x_wconf 86' lang='grc' dir='ltr'>διηγουμέ-</span> 
     </span>
    </p>
   </div>
   <div class='ocr_carea' id='block_1_69' title="bbox 276 3618 1863 3692">
    <p class='ocr_par' dir='ltr' id='par_1_69' title="bbox 276 3618 1863 3692">
     <span class='ocr_line' id='line_1_69' title="bbox 276 3618 1863 3692; baseline 0.003 -20"><span class='ocrx_word' id='word_1_491' title='bbox 276 3634 407 3685; x_wconf 90' lang='grc' dir='ltr'>νου,</span> <span class='ocrx_word' id='word_1_492' title='bbox 466 3618 550 3673; x_wconf 80' lang='grc' dir='ltr'>ὄτι</span> <span class='ocrx_word' id='word_1_493' title='bbox 599 3618 824 3688; x_wconf 80' lang='grc' dir='ltr'>Θεωρῶ,</span> <span class='ocrx_word' id='word_1_494' title='bbox 867 3619 1024 3691; x_wconf 73' lang='grc' dir='ltr'>φησι,</span> <span class='ocrx_word' id='word_1_495' title='bbox 1075 3619 1220 3686; x_wconf 82' lang='grc' dir='ltr'>τοὺς</span> <span class='ocrx_word' id='word_1_496' title='bbox 1242 3620 1540 3689; x_wconf 77' lang='grc' dir='ltr'>οὐρανοὺς</span> <span class='ocrx_word' id='word_1_497' title='bbox 1570 3621 1863 3692; x_wconf 65' lang='grc' dir='ltr'><strong>ἁνεῳῃιέο</strong></span> 
     </span>
    </p>
   </div>
   <div class='ocr_carea' id='block_1_70' title="bbox 277 3710 1863 3779">
    <p class='ocr_par' dir='ltr' id='par_1_70' title="bbox 277 3710 1863 3779">
     <span class='ocr_line' id='line_1_70' title="bbox 277 3710 1863 3779; baseline 0.003 -15"><span class='ocrx_word' id='word_1_498' title='bbox 277 3726 427 3777; x_wconf 72' lang='grc' dir='ltr'>γους</span> <span class='ocrx_word' id='word_1_499' title='bbox 444 3750 458 3774; x_wconf 90' lang='grc'><strong>,</strong></span> <span class='ocrx_word' id='word_1_500' title='bbox 518 3711 616 3765; x_wconf 77' lang='grc' dir='ltr'><strong>καί</strong></span> <span class='ocrx_word' id='word_1_501' title='bbox 666 3712 777 3765; x_wconf 77' lang='grc' dir='ltr'><strong>τὸν</strong></span> <span class='ocrx_word' id='word_1_502' title='bbox 822 3710 961 3765; x_wconf 58' lang='lat' dir='ltr'><strong>my</strong></span> <span class='ocrx_word' id='word_1_503' title='bbox 1010 3711 1119 3767; x_wconf 82' lang='grc' dir='ltr'><strong>τοῦ</strong></span> <span class='ocrx_word' id='word_1_504' title='bbox 1165 3710 1481 3779; x_wconf 75' lang='grc' dir='ltr'>ἀνθρώπου</span> <span class='ocrx_word' id='word_1_505' title='bbox 1531 3713 1601 3767; x_wconf 79' lang='grc' dir='ltr'><strong>ἐκ</strong></span> <span class='ocrx_word' id='word_1_506' title='bbox 1646 3713 1863 3775; x_wconf 74' lang='grc' dir='ltr'>δεξιῶν</span> 
     </span>
    </p>
   </div>
   <div class='ocr_carea' id='block_1_71' title="bbox 277 3800 1856 3878">
    <p class='ocr_par' dir='ltr' id='par_1_71' title="bbox 277 3800 1856 3878">
     <span class='ocr_line' id='line_1_71' title="bbox 277 3800 1856 3878; baseline 0.001 -21"><span class='ocrx_word' id='word_1_507' title='bbox 277 3800 510 3857; x_wconf 67' lang='grc' dir='ltr'>ἑστῶτα</span> <span class='ocrx_word' id='word_1_508' title='bbox 523 3802 907 3873; x_wconf 75' lang='grc' dir='ltr'>τοῦάορὰτου</span> <span class='ocrx_word' id='word_1_509' title='bbox 932 3803 1267 3860; x_wconf 83' lang='grc' dir='ltr'>Θεοῦ.οὖτω</span> <span class='ocrx_word' id='word_1_510' title='bbox 1284 3806 1378 3860; x_wconf 76' lang='grc' dir='ltr'>καὶ</span> <span class='ocrx_word' id='word_1_511' title='bbox 1401 3800 1549 3860; x_wconf 76' lang='grc' dir='ltr'>οὗτοι</span> <span class='ocrx_word' id='word_1_512' title='bbox 1574 3805 1856 3878; x_wconf 86' lang='grc' dir='ltr'>διαπρίον-</span> 
     </span>
    </p>
   </div>
   <div class='ocr_carea' id='block_1_72' title="bbox 276 3894 1861 3971">
    <p class='ocr_par' dir='ltr' id='par_1_72' title="bbox 276 3894 1861 3971">
     <span class='ocr_line' id='line_1_72' title="bbox 276 3894 1861 3971; baseline 0.004 -24"><span class='ocrx_word' id='word_1_513' title='bbox 276 3910 369 3947; x_wconf 82' lang='grc' dir='ltr'><strong>ται</strong></span> <span class='ocrx_word' id='word_1_514' title='bbox 428 3894 569 3950; x_wconf 85' lang='grc' dir='ltr'><strong>κατά</strong></span> <span class='ocrx_word' id='word_1_515' title='bbox 647 3894 759 3949; x_wconf 84' lang='grc' dir='ltr'><strong>τῶν</strong></span> <span class='ocrx_word' id='word_1_516' title='bbox 835 3896 1216 3967; x_wconf 86' lang='grc' dir='ltr'>Χριστιανῶν,</span> <span class='ocrx_word' id='word_1_517' title='bbox 1284 3897 1379 3953; x_wconf 75' lang='grc' dir='ltr'>καὶ</span> <span class='ocrx_word' id='word_1_518' title='bbox 1433 3897 1617 3954; x_wconf 87' lang='grc' dir='ltr'>πάντα</span> <span class='ocrx_word' id='word_1_519' title='bbox 1688 3899 1861 3971; x_wconf 82' lang='grc' dir='ltr'>θυμὸν</span> 
     </span>
    </p>
   </div>
   <div class='ocr_carea' id='block_1_73' title="bbox 277 3986 965 4053">
    <p class='ocr_par' dir='ltr' id='par_1_73' title="bbox 277 3986 965 4053">
     <span class='ocr_line' id='line_1_73' title="bbox 277 3986 965 4053; baseline 0.006 -13"><span class='ocrx_word' id='word_1_520' title='bbox 277 3986 675 4053; x_wconf 81' lang='grc' dir='ltr'>σπουδάζουσιν</span> <span class='ocrx_word' id='word_1_521' title='bbox 703 3986 965 4046; x_wconf 81' lang='grc' dir='ltr'>ἐκτελεῖν.</span> 
     </span>
    </p>
   </div>
   <div class='ocr_carea' id='block_1_74' title="bbox 1968 3150 3541 3225">
    <p class='ocr_par' dir='ltr' id='par_1_74' title="bbox 1968 3150 3541 3225">
     <span class='ocr_line' id='line_1_74' title="bbox 1968 3150 3541 3225; baseline -0.001 -16"><span class='ocrx_word' id='word_1_522' title='bbox 1968 3153 2186 3209; x_wconf 88' lang='lat' dir='ltr'><strong>reddet.</strong></span> <span class='ocrx_word' id='word_1_523' title='bbox 2215 3152 2427 3219; x_wconf 85' lang='lat' dir='ltr'><strong>Quibus</strong></span> <span class='ocrx_word' id='word_1_524' title='bbox 2448 3150 2654 3207; x_wconf 89' lang='lat' dir='ltr'><strong>ctillud</strong></span> <span class='ocrx_word' id='word_1_525' title='bbox 2678 3165 2899 3222; x_wconf 87' lang='lat' dir='ltr'><strong>quoque</strong></span> <span class='ocrx_word' id='word_1_526' title='bbox 2928 3151 3185 3207; x_wconf 90' lang='lat' dir='ltr'><strong>dicturus</strong></span> <span class='ocrx_word' id='word_1_527' title='bbox 3205 3159 3327 3207; x_wconf 88' lang='lat' dir='ltr'><strong>est:</strong></span> <span class='ocrx_word' id='word_1_528' title='bbox 3367 3152 3541 3225; x_wconf 80' lang='lat' dir='ltr'><strong>Euge,</strong></span> 
     </span>
    </p>
   </div>
   <div class='ocr_carea' id='block_1_75' title="bbox 1964 3245 3545 3317">
    <p class='ocr_par' dir='ltr' id='par_1_75' title="bbox 1964 3245 3545 3317">
     <span class='ocr_line' id='line_1_75' title="bbox 1964 3245 3545 3317; baseline -0.001 -16"><span class='ocrx_word' id='word_1_529' title='bbox 1964 3263 2113 3301; x_wconf 78' lang='lat' dir='ltr'><strong>serve</strong></span> <span class='ocrx_word' id='word_1_530' title='bbox 2140 3246 2270 3301; x_wconf 83' lang='lat' dir='ltr'><strong>bone</strong></span> <span class='ocrx_word' id='word_1_531' title='bbox 2300 3255 2349 3300; x_wconf 86' lang='lat' dir='ltr'><strong>et</strong></span> <span class='ocrx_word' id='word_1_532' title='bbox 2380 3245 2763 3317; x_wconf 75' lang='lat' dir='ltr'><strong>ﬁdelis;ruper</strong></span> <span class='ocrx_word' id='word_1_533' title='bbox 2800 3262 2972 3316; x_wconf 81' lang='lat' dir='ltr'><strong>pauca</strong></span> <span class='ocrx_word' id='word_1_534' title='bbox 3000 3246 3147 3316; x_wconf 76' lang='lat' dir='ltr'><strong>fuisti</strong></span> <span class='ocrx_word' id='word_1_535' title='bbox 3174 3246 3545 3317; x_wconf 73' lang='lat' dir='ltr'><strong>ﬁdelis,supcr</strong></span> 
     </span>
    </p>
   </div>
   <div class='ocr_carea' id='block_1_76' title="bbox 1966 3338 3545 3411">
    <p class='ocr_par' dir='ltr' id='par_1_76' title="bbox 1966 3338 3545 3411">
     <span class='ocr_line' id='line_1_76' title="bbox 1966 3338 3545 3411; baseline 0 -17"><span class='ocrx_word' id='word_1_536' title='bbox 1966 3340 2139 3395; x_wconf 82' lang='lat' dir='ltr'><strong>multa</strong></span> <span class='ocrx_word' id='word_1_537' title='bbox 2171 3350 2221 3394; x_wconf 83' lang='lat' dir='ltr'><strong>te</strong></span> <span class='ocrx_word' id='word_1_538' title='bbox 2280 3340 2597 3395; x_wconf 81' lang='lat' dir='ltr'><strong>constituam</strong></span> <span class='ocrx_word' id='word_1_539' title='bbox 2633 3354 2653 3394; x_wconf 90' lang='lat'><strong><em>:</em></strong></span> <span class='ocrx_word' id='word_1_540' title='bbox 2713 3340 2860 3393; x_wconf 81' lang='lat' dir='ltr'><strong>intra</strong></span> <span class='ocrx_word' id='word_1_541' title='bbox 2916 3338 2973 3393; x_wconf 84' lang='lat' dir='ltr'><strong>in</strong></span> <span class='ocrx_word' id='word_1_542' title='bbox 3025 3338 3279 3411; x_wconf 80' lang='lat' dir='ltr'><strong>gaudium</strong></span> <span class='ocrx_word' id='word_1_543' title='bbox 3327 3339 3545 3394; x_wconf 81' lang='lat' dir='ltr'><strong>Domini</strong></span> 
     </span>
    </p>
   </div>
   <div class='ocr_carea' id='block_1_77' title="bbox 1965 3430 3537 3502">
    <p class='ocr_par' dir='ltr' id='par_1_77' title="bbox 1965 3430 3537 3502">
     <span class='ocr_line' id='line_1_77' title="bbox 1965 3430 3537 3502; baseline -0.001 -15"><span class='ocrx_word' id='word_1_544' title='bbox 1965 3436 2044 3489; x_wconf 80' lang='lat' dir='ltr'><strong>tui</strong></span> <span class='ocrx_word' id='word_1_545' title='bbox 2063 3436 2103 3487; x_wconf 82' lang='grc'><strong>⁸.</strong></span> <span class='ocrx_word' id='word_1_546' title='bbox 2173 3432 2276 3500; x_wconf 91' lang='lat' dir='ltr'><strong>Qui</strong></span> <span class='ocrx_word' id='word_1_547' title='bbox 2337 3433 2457 3487; x_wconf 87' lang='lat' dir='ltr'><strong>veri</strong></span> <span class='ocrx_word' id='word_1_548' title='bbox 2508 3430 2814 3487; x_wconf 85' lang='lat' dir='ltr'><strong>Christiani</strong></span> <span class='ocrx_word' id='word_1_549' title='bbox 2884 3438 3037 3497; x_wconf 88' lang='lat' dir='ltr'><strong>sunt,</strong></span> <span class='ocrx_word' id='word_1_550' title='bbox 3091 3431 3129 3486; x_wconf 91' lang='lat' dir='ltr'><strong>ii</strong></span> <span class='ocrx_word' id='word_1_551' title='bbox 3185 3447 3288 3502; x_wconf 88' lang='lat' dir='ltr'><strong>per</strong></span> <span class='ocrx_word' id='word_1_552' title='bbox 3346 3447 3537 3502; x_wconf 88' lang='lat' dir='ltr'><strong>opera,</strong></span> 
     </span>
    </p>
   </div>
   <div class='ocr_carea' id='block_1_78' title="bbox 1963 3523 3537 3599">
    <p class='ocr_par' dir='ltr' id='par_1_78' title="bbox 1963 3523 3537 3599">
     <span class='ocr_line' id='line_1_78' title="bbox 1963 3523 3537 3599; baseline -0.001 -18"><span class='ocrx_word' id='word_1_553' title='bbox 1963 3536 2233 3599; x_wconf 89' lang='lat' dir='ltr'><strong>quantum</strong></span> <span class='ocrx_word' id='word_1_554' title='bbox 2265 3525 2594 3582; x_wconf 74' lang='lat' dir='ltr'><strong>Christiana:</strong></span> <span class='ocrx_word' id='word_1_555' title='bbox 2619 3524 2888 3580; x_wconf 63' lang='lat' dir='ltr'><strong>doctrinae</strong></span> <span class='ocrx_word' id='word_1_556' title='bbox 2914 3524 3188 3587; x_wconf 87' lang='lat' dir='ltr'><strong>tribuant,</strong></span> <span class='ocrx_word' id='word_1_557' title='bbox 3210 3523 3537 3579; x_wconf 88' lang='lat' dir='ltr'><strong>ostendunt.</strong></span> 
     </span>
    </p>
   </div>
   <div class='ocr_carea' id='block_1_79' title="bbox 1963 3617 3538 3691">
    <p class='ocr_par' dir='ltr' id='par_1_79' title="bbox 1963 3617 3538 3691">
     <span class='ocr_line' id='line_1_79' title="bbox 1963 3617 3538 3691; baseline -0.003 -15"><span class='ocrx_word' id='word_1_558' title='bbox 1963 3622 2034 3676; x_wconf 83' lang='lat' dir='ltr'><strong>At</strong></span> <span class='ocrx_word' id='word_1_559' title='bbox 2055 3637 2190 3675; x_wconf 87' lang='lat' dir='ltr'><strong>vero</strong></span> <span class='ocrx_word' id='word_1_560' title='bbox 2230 3619 2485 3675; x_wconf 88' lang='lat' dir='ltr'><strong>inﬁdeles</strong></span> <span class='ocrx_word' id='word_1_561' title='bbox 2510 3625 2567 3673; x_wconf 89' lang='lat' dir='ltr'><strong>et</strong></span> <span class='ocrx_word' id='word_1_562' title='bbox 2595 3618 2818 3691; x_wconf 72' lang='lat' dir='ltr'><strong>abiecti,</strong></span> <span class='ocrx_word' id='word_1_563' title='bbox 2854 3617 2949 3689; x_wconf 91' lang='lat' dir='ltr'><strong>qui</strong></span> <span class='ocrx_word' id='word_1_564' title='bbox 2988 3618 3169 3673; x_wconf 80' lang='lat' dir='ltr'><strong>ventri</strong></span> <span class='ocrx_word' id='word_1_565' title='bbox 3189 3634 3291 3673; x_wconf 87' lang='lat' dir='ltr'><strong>suo</strong></span> <span class='ocrx_word' id='word_1_566' title='bbox 3318 3618 3538 3680; x_wconf 88' lang='lat' dir='ltr'><strong>vivunt,</strong></span> 
     </span>
    </p>
   </div>
   <div class='ocr_carea' id='block_1_80' title="bbox 1961 3706 3539 3782">
    <p class='ocr_par' dir='ltr' id='par_1_80' title="bbox 1961 3706 3539 3782">
     <span class='ocr_line' id='line_1_80' title="bbox 1961 3706 3539 3782; baseline -0.005 -13"><span class='ocrx_word' id='word_1_567' title='bbox 1961 3721 2021 3769; x_wconf 89' lang='lat' dir='ltr'><strong>et</strong></span> <span class='ocrx_word' id='word_1_568' title='bbox 2046 3713 2113 3769; x_wconf 90' lang='lat' dir='ltr'><strong>ad</strong></span> <span class='ocrx_word' id='word_1_569' title='bbox 2140 3713 2290 3767; x_wconf 92' lang='lat' dir='ltr'><strong>hunc</strong></span> <span class='ocrx_word' id='word_1_570' title='bbox 2310 3726 2541 3782; x_wconf 87' lang='lat' dir='ltr'><strong>scopum</strong></span> <span class='ocrx_word' id='word_1_571' title='bbox 2568 3709 2756 3765; x_wconf 90' lang='lat' dir='ltr'><strong>omnia</strong></span> <span class='ocrx_word' id='word_1_572' title='bbox 2793 3724 2893 3764; x_wconf 87' lang='lat' dir='ltr'><strong>sua</strong></span> <span class='ocrx_word' id='word_1_573' title='bbox 2936 3708 3121 3764; x_wconf 87' lang='lat' dir='ltr'><strong>studia</strong></span> <span class='ocrx_word' id='word_1_574' title='bbox 3160 3708 3431 3773; x_wconf 81' lang='lat' dir='ltr'><strong>referunt,</strong></span> <span class='ocrx_word' id='word_1_575' title='bbox 3458 3706 3539 3762; x_wconf 90' lang='lat' dir='ltr'><strong>illi</strong></span> 
     </span>
    </p>
   </div>
   <div class='ocr_carea' id='block_1_81' title="bbox 1964 3796 3540 3875">
    <p class='ocr_par' dir='ltr' id='par_1_81' title="bbox 1964 3796 3540 3875">
     <span class='ocr_line' id='line_1_81' title="bbox 1964 3796 3540 3875; baseline -0.007 -14"><span class='ocrx_word' id='word_1_576' title='bbox 1964 3806 2197 3875; x_wconf 88' lang='lat' dir='ltr'><strong>siquem</strong></span> <span class='ocrx_word' id='word_1_577' title='bbox 2242 3801 2523 3859; x_wconf 86' lang='lat' dir='ltr'><strong>Christum</strong></span> <span class='ocrx_word' id='word_1_578' title='bbox 2576 3801 2749 3855; x_wconf 86' lang='lat' dir='ltr'><strong>Deum</strong></span> <span class='ocrx_word' id='word_1_579' title='bbox 2800 3814 2923 3855; x_wconf 89' lang='lat' dir='ltr'><strong>esse</strong></span> <span class='ocrx_word' id='word_1_580' title='bbox 2951 3797 3200 3870; x_wconf 88' lang='lat' dir='ltr'><strong>proﬁteri</strong></span> <span class='ocrx_word' id='word_1_581' title='bbox 3233 3796 3540 3861; x_wconf 90' lang='lat' dir='ltr'><strong>audierint,</strong></span> 
     </span>
    </p>
   </div>
   <div class='ocr_carea' id='block_1_82' title="bbox 1964 3889 3541 3964">
    <p class='ocr_par' dir='ltr' id='par_1_82' title="bbox 1964 3889 3541 3964">
     <span class='ocr_line' id='line_1_82' title="bbox 1964 3889 3541 3964; baseline -0.006 -12"><span class='ocrx_word' id='word_1_582' title='bbox 1964 3898 2115 3953; x_wconf 90' lang='lat' dir='ltr'><strong>illico</strong></span> <span class='ocrx_word' id='word_1_583' title='bbox 2139 3896 2511 3951; x_wconf 88' lang='lat' dir='ltr'><strong>dissecantur.</strong></span> <span class='ocrx_word' id='word_1_584' title='bbox 2542 3892 2611 3948; x_wconf 84' lang='lat' dir='ltr'><strong>Et</strong></span> <span class='ocrx_word' id='word_1_585' title='bbox 2628 3891 3094 3964; x_wconf 88' lang='lat' dir='ltr'><strong>quemadmodum</strong></span> <span class='ocrx_word' id='word_1_586' title='bbox 3125 3889 3323 3954; x_wconf 56' lang='lat' dir='ltr'><strong>Judaei,</strong></span> <span class='ocrx_word' id='word_1_587' title='bbox 3347 3897 3541 3944; x_wconf 87' lang='lat' dir='ltr'><strong>sancto</strong></span> 
     </span>
    </p>
   </div>
   <div class='ocr_carea' id='block_1_83' title="bbox 1966 3970 3540 4059">
    <p class='ocr_par' dir='ltr' id='par_1_83' title="bbox 1966 3970 3540 4059">
     <span class='ocr_line' id='line_1_83' title="bbox 1966 3970 3540 4059; baseline -0.006 -14"><span class='ocrx_word' id='word_1_588' title='bbox 1966 3988 2249 4059; x_wconf 85' lang='lat' dir='ltr'><strong>Stephano</strong></span> <span class='ocrx_word' id='word_1_589' title='bbox 2277 3994 2680 4059; x_wconf 80' lang='lat' dir='ltr'><strong>protomartyre</strong></span> <span class='ocrx_word' id='word_1_590' title='bbox 2707 3970 3001 4041; x_wconf 68' lang='lat' dir='ltr'><strong>narrante:</strong></span> <span class='ocrx_word' id='word_1_591' title='bbox 3039 3983 3174 4038; x_wconf 83' lang='lat' dir='ltr'><strong>Ecce</strong></span> <span class='ocrx_word' id='word_1_592' title='bbox 3221 3983 3367 4037; x_wconf 76' lang='lat' dir='ltr'><strong>video</strong></span> <span class='ocrx_word' id='word_1_593' title='bbox 3385 3980 3540 4036; x_wconf 67' lang='lat' dir='ltr'><strong>calor</strong></span> 
     </span>
    </p>
   </div>
   <div class='ocr_carea' id='block_1_84' title="bbox 275 4072 3539 4152">
    <p class='ocr_par' dir='ltr' id='par_1_84' title="bbox 275 4072 3539 4152">
     <span class='ocr_line' id='line_1_84' title="bbox 275 4072 3539 4152; baseline -0.002 -18"><span class='ocrx_word' id='word_1_594' title='bbox 275 4088 511 4152; x_wconf 79' lang='lat' dir='ltr'><strong>apertos,</strong></span> <span class='ocrx_word' id='word_1_595' title='bbox 541 4087 590 4133; x_wconf 81' lang='lat' dir='ltr'><strong>et</strong></span> <span class='ocrx_word' id='word_1_596' title='bbox 612 4076 809 4135; x_wconf 70' lang='lat' dir='ltr'><strong>Filium</strong></span> <span class='ocrx_word' id='word_1_597' title='bbox 841 4078 1069 4135; x_wconf 77' lang='lat' dir='ltr'><strong>hominis</strong></span> <span class='ocrx_word' id='word_1_598' title='bbox 1094 4087 1321 4137; x_wconf 76' lang='lat' dir='ltr'><strong>stantem</strong></span> <span class='ocrx_word' id='word_1_599' title='bbox 1354 4099 1389 4137; x_wconf 83' lang='grc' dir='ltr'><strong>α</strong></span> <span class='ocrx_word' id='word_1_600' title='bbox 1429 4081 1630 4137; x_wconf 72' lang='lat' dir='ltr'><strong>dextris</strong></span> <span class='ocrx_word' id='word_1_601' title='bbox 1668 4081 1943 4137; x_wconf 73' lang='lat' dir='ltr'><strong>invisibilis</strong></span> <span class='ocrx_word' id='word_1_602' title='bbox 1983 4080 2079 4134; x_wconf 85' lang='lat' dir='ltr'><strong>Dei</strong></span> <span class='ocrx_word' id='word_1_603' title='bbox 2106 4080 2149 4146; x_wconf 84' lang='grc'>⁸,</span> <span class='ocrx_word' id='word_1_604' title='bbox 2196 4093 2363 4134; x_wconf 89' lang='lat' dir='ltr'><strong>aures</strong></span> <span class='ocrx_word' id='word_1_605' title='bbox 2413 4092 2542 4132; x_wconf 90' lang='lat' dir='ltr'><strong>suas</strong></span> <span class='ocrx_word' id='word_1_606' title='bbox 2595 4074 2991 4131; x_wconf 90' lang='lat' dir='ltr'><strong>continebant:</strong></span> <span class='ocrx_word' id='word_1_607' title='bbox 3040 4073 3116 4128; x_wconf 89' lang='lat' dir='ltr'><strong>ita</strong></span> <span class='ocrx_word' id='word_1_608' title='bbox 3159 4081 3218 4130; x_wconf 85' lang='lat' dir='ltr'><strong>et</strong></span> <span class='ocrx_word' id='word_1_609' title='bbox 3267 4072 3359 4128; x_wconf 88' lang='lat' dir='ltr'><strong>isti</strong></span> <span class='ocrx_word' id='word_1_610' title='bbox 3395 4088 3539 4143; x_wconf 90' lang='lat' dir='ltr'><strong>quo-</strong></span> 
     </span>
    </p>
   </div>
   <div class='ocr_carea' id='block_1_85' title="bbox 274 4169 3129 4249">
    <p class='ocr_par' dir='ltr' id='par_1_85' title="bbox 274 4169 3129 4249">
     <span class='ocr_line' id='line_1_85' title="bbox 274 4169 3129 4249; baseline -0.003 -18"><span class='ocrx_word' id='word_1_611' title='bbox 274 4192 388 4248; x_wconf 89' lang='lat' dir='ltr'><strong>que</strong></span> <span class='ocrx_word' id='word_1_612' title='bbox 426 4176 480 4231; x_wconf 92' lang='lat' dir='ltr'><strong>in</strong></span> <span class='ocrx_word' id='word_1_613' title='bbox 512 4174 861 4232; x_wconf 87' lang='lat' dir='ltr'><strong>Christianos</strong></span> <span class='ocrx_word' id='word_1_614' title='bbox 914 4176 1178 4233; x_wconf 90' lang='lat' dir='ltr'><strong>dentibus</strong></span> <span class='ocrx_word' id='word_1_615' title='bbox 1224 4176 1504 4244; x_wconf 83' lang='lat' dir='ltr'><strong>frendent,</strong></span> <span class='ocrx_word' id='word_1_616' title='bbox 1529 4192 1862 4249; x_wconf 90' lang='lat' dir='ltr'><strong>omnemque</strong></span> <span class='ocrx_word' id='word_1_617' title='bbox 1891 4177 2137 4233; x_wconf 79' lang='lat' dir='ltr'><strong>furorem</strong></span> <span class='ocrx_word' id='word_1_618' title='bbox 2165 4188 2327 4230; x_wconf 90' lang='lat' dir='ltr'><strong>suum</strong></span> <span class='ocrx_word' id='word_1_619' title='bbox 2356 4172 2414 4227; x_wconf 89' lang='lat' dir='ltr'><strong>in</strong></span> <span class='ocrx_word' id='word_1_620' title='bbox 2436 4171 2561 4227; x_wconf 89' lang='lat' dir='ltr'><strong>illos</strong></span> <span class='ocrx_word' id='word_1_621' title='bbox 2590 4170 2815 4241; x_wconf 81' lang='lat' dir='ltr'><strong>explere</strong></span> <span class='ocrx_word' id='word_1_622' title='bbox 2851 4169 3129 4224; x_wconf 88' lang='lat' dir='ltr'><strong>laborant.</strong></span> 
     </span>
    </p>
   </div>
   <div class='ocr_carea' id='block_1_86' title="bbox 348 4267 1859 4345">
    <p class='ocr_par' dir='ltr' id='par_1_86' title="bbox 348 4267 1859 4345">
     <span class='ocr_line' id='line_1_86' title="bbox 348 4267 1859 4345; baseline 0.003 -22"><span class='ocrx_word' id='word_1_623' title='bbox 348 4275 425 4335; x_wconf 76' lang='grc' dir='ltr'><strong>ς’.</strong></span> <span class='ocrx_word' id='word_1_624' title='bbox 467 4270 753 4342; x_wconf 78' lang='grc' dir='ltr'>’Δξιοῦμεν</span> <span class='ocrx_word' id='word_1_625' title='bbox 774 4267 869 4325; x_wconf 81' lang='grc' dir='ltr'>οὖν</span> <span class='ocrx_word' id='word_1_626' title='bbox 894 4273 1125 4345; x_wconf 75' lang='grc' dir='ltr'>προνοίᾳ</span> <span class='ocrx_word' id='word_1_627' title='bbox 1148 4272 1244 4326; x_wconf 89' lang='grc' dir='ltr'><strong>τοῦ</strong></span> <span class='ocrx_word' id='word_1_628' title='bbox 1270 4274 1859 4345; x_wconf 85' lang='grc' dir='ltr'>μεγαλοπρεπεστάτου</span> 
     </span>
    </p>
   </div>
   <div class='ocr_carea' id='block_1_87' title="bbox 276 4362 1860 4435">
    <p class='ocr_par' dir='ltr' id='par_1_87' title="bbox 276 4362 1860 4435">
     <span class='ocr_line' id='line_1_87' title="bbox 276 4362 1860 4435; baseline 0.003 -20"><span class='ocrx_word' id='word_1_629' title='bbox 276 4362 522 4435; x_wconf 76' lang='grc' dir='ltr'>ἐπάρχου</span> <span class='ocrx_word' id='word_1_630' title='bbox 554 4362 655 4434; x_wconf 81' lang='grc' dir='ltr'>τῆς</span> <span class='ocrx_word' id='word_1_631' title='bbox 682 4363 809 4429; x_wconf 77' lang='grc' dir='ltr'>νέας</span> <span class='ocrx_word' id='word_1_632' title='bbox 838 4364 1065 4435; x_wconf 83' lang='grc' dir='ltr'>Ῥώμης</span> <span class='ocrx_word' id='word_1_633' title='bbox 1098 4363 1406 4419; x_wconf 82' lang='grc' dir='ltr'>κωλύεσθαι</span> <span class='ocrx_word' id='word_1_634' title='bbox 1433 4366 1562 4429; x_wconf 78' lang='grc' dir='ltr'>τοὺς</span> <span class='ocrx_word' id='word_1_635' title='bbox 1589 4366 1732 4419; x_wconf 87' lang='grc' dir='ltr'><strong>κατά</strong></span> <span class='ocrx_word' id='word_1_636' title='bbox 1752 4366 1860 4419; x_wconf 87' lang='grc' dir='ltr'><strong>τῶν</strong></span> 
     </span>
    </p>
   </div>
   <div class='ocr_carea' id='block_1_88' title="bbox 2029 4256 3537 4341">
    <p class='ocr_par' dir='ltr' id='par_1_88' title="bbox 2029 4256 3537 4341">
     <span class='ocr_line' id='line_1_88' title="bbox 2029 4256 3537 4341; baseline -0.011 -14"><span class='ocrx_word' id='word_1_637' title='bbox 2029 4271 2097 4328; x_wconf 76' lang='lat' dir='ltr'><strong>V.</strong></span> <span class='ocrx_word' id='word_1_638' title='bbox 2135 4270 2416 4341; x_wconf 79' lang='lat' dir='ltr'><strong>Rogamus</strong></span> <span class='ocrx_word' id='word_1_639' title='bbox 2452 4265 2708 4337; x_wconf 88' lang='lat' dir='ltr'><strong>proinde,</strong></span> <span class='ocrx_word' id='word_1_640' title='bbox 2738 4274 2802 4319; x_wconf 91' lang='lat' dir='ltr'><strong>ut</strong></span> <span class='ocrx_word' id='word_1_641' title='bbox 2828 4256 3361 4334; x_wconf 87' lang='lat' dir='ltr'><strong>magniﬁcentissimi</strong></span> <span class='ocrx_word' id='word_1_642' title='bbox 3395 4272 3537 4327; x_wconf 69' lang='lat' dir='ltr'><strong>prte-</strong></span> 
     </span>
    </p>
   </div>
   <div class='ocr_carea' id='block_1_89' title="bbox 1960 4349 3536 4430">
    <p class='ocr_par' dir='ltr' id='par_1_89' title="bbox 1960 4349 3536 4430">
     <span class='ocr_line' id='line_1_89' title="bbox 1960 4349 3536 4430; baseline -0.009 -10"><span class='ocrx_word' id='word_1_643' title='bbox 1960 4364 2090 4421; x_wconf 82' lang='lat' dir='ltr'><strong>fecti</strong></span> <span class='ocrx_word' id='word_1_644' title='bbox 2115 4380 2274 4419; x_wconf 75' lang='lat' dir='ltr'><strong>nova:</strong></span> <span class='ocrx_word' id='word_1_645' title='bbox 2293 4363 2481 4417; x_wconf 69' lang='lat' dir='ltr'><strong>Romae</strong></span> <span class='ocrx_word' id='word_1_646' title='bbox 2521 4356 2890 4430; x_wconf 88' lang='lat' dir='ltr'><strong>providentia,</strong></span> <span class='ocrx_word' id='word_1_647' title='bbox 2918 4361 3344 4424; x_wconf 89' lang='lat' dir='ltr'><strong>compescantur</strong></span> <span class='ocrx_word' id='word_1_648' title='bbox 3373 4349 3410 4406; x_wconf 91' lang='lat' dir='ltr'><strong>ii</strong></span> <span class='ocrx_word' id='word_1_649' title='bbox 3443 4350 3536 4421; x_wconf 90' lang='lat' dir='ltr'><strong>qui</strong></span> 
     </span>
    </p>
   </div>
   <div class='ocr_carea' id='block_1_90' title="bbox 275 4443 1864 4538">
    <p class='ocr_par' dir='ltr' id='par_1_90' title="bbox 275 4454 1860 4528">
     <span class='ocr_line' id='line_1_90' title="bbox 275 4454 1860 4528; baseline 0.001 -19"><span class='ocrx_word' id='word_1_650' title='bbox 275 4454 576 4528; x_wconf 80' lang='grc' dir='ltr'>δρθοδόξων</span> <span class='ocrx_word' id='word_1_651' title='bbox 621 4456 1094 4528; x_wconf 70' lang='grc' dir='ltr'>ἐπανισταμένους</span> <span class='ocrx_word' id='word_1_652' title='bbox 1115 4496 1132 4523; x_wconf 97' lang='grc'><strong>,</strong></span> <span class='ocrx_word' id='word_1_653' title='bbox 1190 4456 1287 4510; x_wconf 79' lang='grc' dir='ltr'>καὶ</span> <span class='ocrx_word' id='word_1_654' title='bbox 1333 4458 1608 4527; x_wconf 77' lang='grc' dir='ltr'>προφάσει</span> <span class='ocrx_word' id='word_1_655' title='bbox 1651 4456 1860 4512; x_wconf 85' lang='grc' dir='ltr'>δικαιο-</span> 
     </span>
    </p>
   </div>
   <div class='ocr_carea' id='block_1_91' title="bbox 1965 4443 3539 4538">
    <p class='ocr_par' dir='ltr' id='par_1_91' title="bbox 1965 4443 3539 4518">
     <span class='ocr_line' id='line_1_91' title="bbox 1965 4443 3539 4518; baseline -0.008 -9"><span class='ocrx_word' id='word_1_656' title='bbox 1965 4455 2227 4509; x_wconf 86' lang='lat' dir='ltr'><strong>adversus</strong></span> <span class='ocrx_word' id='word_1_657' title='bbox 2266 4451 2609 4506; x_wconf 82' lang='lat' dir='ltr'><strong>orthodoxos</strong></span> <span class='ocrx_word' id='word_1_658' title='bbox 2659 4449 2976 4518; x_wconf 90' lang='lat' dir='ltr'><strong>insurgunt,</strong></span> <span class='ocrx_word' id='word_1_659' title='bbox 3024 4453 3079 4499; x_wconf 90' lang='lat' dir='ltr'><strong>et</strong></span> <span class='ocrx_word' id='word_1_660' title='bbox 3106 4443 3211 4499; x_wconf 86' lang='lat' dir='ltr'><strong>sub</strong></span> <span class='ocrx_word' id='word_1_661' title='bbox 3265 4449 3539 4513; x_wconf 70' lang='lat' dir='ltr'><strong>pmtextu</strong></span> 
     </span>
    </p>
   </div>
   <div class='ocr_carea' id='block_1_92' title="bbox 276 4547 1860 4621">
    <p class='ocr_par' dir='ltr' id='par_1_92' title="bbox 276 4547 1860 4621">
     <span class='ocr_line' id='line_1_92' title="bbox 276 4547 1860 4621; baseline 0.001 -19"><span class='ocrx_word' id='word_1_662' title='bbox 276 4547 511 4619; x_wconf 72' lang='grc' dir='ltr'>λογιιῖιν,</span> <span class='ocrx_word' id='word_1_663' title='bbox 553 4548 630 4613; x_wconf 87' lang='grc' dir='ltr'><strong>ῶς</strong></span> <span class='ocrx_word' id='word_1_664' title='bbox 672 4566 873 4619; x_wconf 83' lang='grc' dir='ltr'>φασιν,</span> <span class='ocrx_word' id='word_1_665' title='bbox 921 4547 1338 4621; x_wconf 70' lang='grc' dir='ltr'>ἐπιχειροῦντας</span> <span class='ocrx_word' id='word_1_666' title='bbox 1379 4549 1522 4602; x_wconf 88' lang='grc' dir='ltr'>κατά</span> <span class='ocrx_word' id='word_1_667' title='bbox 1554 4565 1722 4615; x_wconf 91' lang='grc' dir='ltr'>τινος,</span> <span class='ocrx_word' id='word_1_668' title='bbox 1752 4547 1860 4613; x_wconf 74' lang='grc' dir='ltr'>ἓως</span> 
     </span>
    </p>
   </div>
   <div class='ocr_carea' id='block_1_93' title="bbox 274 4640 1861 4714">
    <p class='ocr_par' dir='ltr' id='par_1_93' title="bbox 274 4640 1861 4714">
     <span class='ocr_line' id='line_1_93' title="bbox 274 4640 1861 4714; baseline -0.003 -15"><span class='ocrx_word' id='word_1_669' title='bbox 274 4643 369 4699; x_wconf 81' lang='grc' dir='ltr'>ὅτε</span> <span class='ocrx_word' id='word_1_670' title='bbox 398 4641 469 4697; x_wconf 86' lang='grc' dir='ltr'>τὰ</span> <span class='ocrx_word' id='word_1_671' title='bbox 495 4642 595 4714; x_wconf 85' lang='grc' dir='ltr'>τῆς</span> <span class='ocrx_word' id='word_1_672' title='bbox 626 4644 865 4708; x_wconf 88' lang='grc' dir='ltr'>πίστεως</span> <span class='ocrx_word' id='word_1_673' title='bbox 889 4643 1174 4714; x_wconf 85' lang='grc' dir='ltr'>διόρθωσιν</span> <span class='ocrx_word' id='word_1_674' title='bbox 1198 4642 1383 4697; x_wconf 85' lang='grc' dir='ltr'>λάϐοι·</span> <span class='ocrx_word' id='word_1_675' title='bbox 1423 4642 1472 4695; x_wconf 92' lang='grc' dir='ltr'><strong>εί</strong></span> <span class='ocrx_word' id='word_1_676' title='bbox 1498 4641 1555 4694; x_wconf 78' lang='grc' dir='ltr'>δὲ</span> <span class='ocrx_word' id='word_1_677' title='bbox 1584 4640 1861 4714; x_wconf 72' lang='grc' dir='ltr'>παρακού-</span> 
     </span>
    </p>
   </div>
   <div class='ocr_carea' id='block_1_94' title="bbox 153 4735 1861 4809">
    <p class='ocr_par' dir='ltr' id='par_1_94' title="bbox 153 4735 1861 4809">
     <span class='ocr_line' id='line_1_94' title="bbox 153 4735 1861 4809; baseline -0.001 -20"><span class='ocrx_word' id='word_1_678' title='bbox 153 4778 164 4788; x_wconf 91' lang='grc'><strong><em>.</em></strong></span> <span class='ocrx_word' id='word_1_679' title='bbox 279 4753 445 4803; x_wconf 81' lang='grc' dir='ltr'>σετε,</span> <span class='ocrx_word' id='word_1_680' title='bbox 505 4735 663 4809; x_wconf 74' lang='grc' dir='ltr'>ἡμῶν</span> <span class='ocrx_word' id='word_1_681' title='bbox 719 4736 1129 4809; x_wconf 82' lang='grc' dir='ltr'>ἀμελήσαντες,</span> <span class='ocrx_word' id='word_1_682' title='bbox 1186 4736 1680 4808; x_wconf 83' lang='grc' dir='ltr'>διαμαρτυρόμεθα</span> <span class='ocrx_word' id='word_1_683' title='bbox 1730 4735 1861 4808; x_wconf 80' lang='grc' dir='ltr'>ὑμῖν</span> 
     </span>
    </p>
   </div>
   <div class='ocr_carea' id='block_1_95' title="bbox 276 4827 1862 4902">
    <p class='ocr_par' dir='ltr' id='par_1_95' title="bbox 276 4827 1862 4902">
     <span class='ocr_line' id='line_1_95' title="bbox 276 4827 1862 4902; baseline 0.001 -19"><span class='ocrx_word' id='word_1_684' title='bbox 276 4827 513 4883; x_wconf 83' lang='grc' dir='ltr'>ἐνώπιον</span> <span class='ocrx_word' id='word_1_685' title='bbox 542 4828 637 4883; x_wconf 89' lang='grc' dir='ltr'><strong>τοῦ</strong></span> <span class='ocrx_word' id='word_1_686' title='bbox 668 4828 935 4900; x_wconf 67' lang='grc' dir='ltr'>βασιλέως</span> <span class='ocrx_word' id='word_1_687' title='bbox 964 4827 1071 4884; x_wconf 82' lang='grc' dir='ltr'><strong>τῶν</strong></span> <span class='ocrx_word' id='word_1_688' title='bbox 1092 4828 1327 4895; x_wconf 83' lang='grc' dir='ltr'>αίὼνων,</span> <span class='ocrx_word' id='word_1_689' title='bbox 1358 4827 1666 4901; x_wconf 79' lang='grc' dir='ltr'>ἀφθάρτου,</span> <span class='ocrx_word' id='word_1_690' title='bbox 1694 4828 1862 4902; x_wconf 88' lang='grc' dir='ltr'>ἀορά-</span> 
     </span>
    </p>
   </div>
   <div class='ocr_carea' id='block_1_96' title="bbox 276 4919 1859 4992">
    <p class='ocr_par' dir='ltr' id='par_1_96' title="bbox 276 4919 1859 4992">
     <span class='ocr_line' id='line_1_96' title="bbox 276 4919 1859 4992; baseline -0.001 -17"><span class='ocrx_word' id='word_1_691' title='bbox 276 4938 374 4975; x_wconf 88' lang='grc' dir='ltr'><strong>του</strong></span> <span class='ocrx_word' id='word_1_692' title='bbox 394 4960 412 4987; x_wconf 92' lang='grc'><strong>,</strong></span> <span class='ocrx_word' id='word_1_693' title='bbox 451 4922 615 4992; x_wconf 81' lang='grc' dir='ltr'>μόνον</span> <span class='ocrx_word' id='word_1_694' title='bbox 642 4919 811 4991; x_wconf 84' lang='grc' dir='ltr'>σοφοῦ</span> <span class='ocrx_word' id='word_1_695' title='bbox 835 4920 972 4976; x_wconf 84' lang='grc' dir='ltr'>Θεοῦ</span> <span class='ocrx_word' id='word_1_696' title='bbox 992 4960 1009 4987; x_wconf 97' lang='grc'><strong>,</strong></span> <span class='ocrx_word' id='word_1_697' title='bbox 1043 4919 1142 4975; x_wconf 88' lang='grc' dir='ltr'><strong>τοῦ</strong></span> <span class='ocrx_word' id='word_1_698' title='bbox 1167 4919 1417 4982; x_wconf 81' lang='grc' dir='ltr'>ἐλθόντος</span> <span class='ocrx_word' id='word_1_699' title='bbox 1448 4921 1543 4975; x_wconf 80' lang='grc' dir='ltr'>καὶ</span> <span class='ocrx_word' id='word_1_700' title='bbox 1568 4920 1859 4989; x_wconf 76' lang='grc' dir='ltr'>ἐπιφανένο</span> 
     </span>
    </p>
   </div>
   <div class='ocr_carea' id='block_1_97' title="bbox 276 5012 1861 5087">
    <p class='ocr_par' dir='ltr' id='par_1_97' title="bbox 276 5012 1861 5087">
     <span class='ocr_line' id='line_1_97' title="bbox 276 5012 1861 5087; baseline -0.001 -19"><span class='ocrx_word' id='word_1_701' title='bbox 276 5031 391 5078; x_wconf 86' lang='grc' dir='ltr'>τος,</span> <span class='ocrx_word' id='word_1_702' title='bbox 420 5014 499 5080; x_wconf 86' lang='grc' dir='ltr'>ὠς</span> <span class='ocrx_word' id='word_1_703' title='bbox 524 5013 781 5084; x_wconf 74' lang='grc' dir='ltr'>ἠθέλησε,</span> <span class='ocrx_word' id='word_1_704' title='bbox 812 5014 903 5069; x_wconf 84' lang='grc' dir='ltr'>διὰ</span> <span class='ocrx_word' id='word_1_705' title='bbox 928 5014 1030 5085; x_wconf 82' lang='grc' dir='ltr'>τὴν</span> <span class='ocrx_word' id='word_1_706' title='bbox 1053 5013 1331 5087; x_wconf 82' lang='grc' dir='ltr'>σωτηρίαν</span> <span class='ocrx_word' id='word_1_707' title='bbox 1356 5012 1535 5085; x_wconf 77' lang='grc' dir='ltr'>ἡμῶν,</span> <span class='ocrx_word' id='word_1_708' title='bbox 1572 5013 1669 5069; x_wconf 86' lang='grc' dir='ltr'>καὶ</span> <span class='ocrx_word' id='word_1_709' title='bbox 1696 5012 1861 5069; x_wconf 88' lang='grc' dir='ltr'>πάλιν</span> 
     </span>
    </p>
   </div>
   <div class='ocr_carea' id='block_1_98' title="bbox 277 5100 1861 5180">
    <p class='ocr_par' dir='ltr' id='par_1_98' title="bbox 277 5100 1861 5180">
     <span class='ocr_line' id='line_1_98' title="bbox 277 5100 1861 5180; baseline -0.001 -19"><span class='ocrx_word' id='word_1_710' title='bbox 277 5106 581 5180; x_wconf 72' lang='grc' dir='ltr'>ἐρχομένου</span> <span class='ocrx_word' id='word_1_711' title='bbox 624 5108 810 5179; x_wconf 86' lang='grc' dir='ltr'>κρῖναι</span> <span class='ocrx_word' id='word_1_712' title='bbox 839 5107 1051 5173; x_wconf 79' lang='grc' dir='ltr'>ζῶντας</span> <span class='ocrx_word' id='word_1_713' title='bbox 1082 5107 1179 5162; x_wconf 75' lang='grc' dir='ltr'>καὶ</span> <span class='ocrx_word' id='word_1_714' title='bbox 1203 5107 1469 5178; x_wconf 82' lang='grc' dir='ltr'>νεκροὺς,</span> <span class='ocrx_word' id='word_1_715' title='bbox 1526 5100 1572 5177; x_wconf 81' lang='grc' dir='ltr'>ᾧ</span> <span class='ocrx_word' id='word_1_716' title='bbox 1613 5107 1861 5178; x_wconf 86' lang='grc' dir='ltr'>κάμπτει</span> 
     </span>
    </p>
   </div>
   <div class='ocr_carea' id='block_1_99' title="bbox 277 5200 1859 5273">
    <p class='ocr_par' dir='ltr' id='par_1_99' title="bbox 277 5200 1859 5273">
     <span class='ocr_line' id='line_1_99' title="bbox 277 5200 1859 5273; baseline 0 -19"><span class='ocrx_word' id='word_1_717' title='bbox 277 5202 389 5254; x_wconf 79' lang='grc' dir='ltr'>πᾶν</span> <span class='ocrx_word' id='word_1_718' title='bbox 438 5201 570 5271; x_wconf 84' lang='grc' dir='ltr'>γόνυ</span> <span class='ocrx_word' id='word_1_719' title='bbox 626 5201 997 5273; x_wconf 85' lang='grc' dir='ltr'>ἐπουρανίων,</span> <span class='ocrx_word' id='word_1_720' title='bbox 1056 5202 1151 5256; x_wconf 78' lang='grc' dir='ltr'>καὶ</span> <span class='ocrx_word' id='word_1_721' title='bbox 1198 5200 1488 5269; x_wconf 83' lang='grc' dir='ltr'>ἐπιγείων,</span> <span class='ocrx_word' id='word_1_722' title='bbox 1544 5201 1641 5255; x_wconf 79' lang='grc' dir='ltr'>καὶ</span> <span class='ocrx_word' id='word_1_723' title='bbox 1688 5217 1859 5256; x_wconf 86' lang='grc' dir='ltr'>κατα-</span> 
     </span>
    </p>
   </div>
   <div class='ocr_carea' id='block_1_100' title="bbox 276 5293 1858 5366">
    <p class='ocr_par' dir='ltr' id='par_1_100' title="bbox 276 5293 1858 5366">
     <span class='ocr_line' id='line_1_100' title="bbox 276 5293 1858 5366; baseline -0.001 -19"><span class='ocrx_word' id='word_1_724' title='bbox 276 5293 508 5365; x_wconf 86' lang='grc' dir='ltr'>χθονίων</span> <span class='ocrx_word' id='word_1_725' title='bbox 535 5335 551 5359; x_wconf 95' lang='grc'><strong>,</strong></span> <span class='ocrx_word' id='word_1_726' title='bbox 608 5295 704 5349; x_wconf 76' lang='grc' dir='ltr'>καὶ</span> <span class='ocrx_word' id='word_1_727' title='bbox 750 5298 898 5350; x_wconf 84' lang='grc' dir='ltr'>πᾶσα</span> <span class='ocrx_word' id='word_1_728' title='bbox 933 5294 1155 5365; x_wconf 84' lang='grc' dir='ltr'>γλῶσσα</span> <span class='ocrx_word' id='word_1_729' title='bbox 1196 5293 1653 5366; x_wconf 77' lang='grc' dir='ltr'>ἐξομολογήσεται</span> <span class='ocrx_word' id='word_1_730' title='bbox 1683 5293 1858 5366; x_wconf 80' lang='grc' dir='ltr'>αὐτῷ,</span> 
     </span>
    </p>
   </div>
   <div class='ocr_carea' id='block_1_101' title="bbox 275 5386 1854 5461">
    <p class='ocr_par' dir='ltr' id='par_1_101' title="bbox 275 5386 1854 5461">
     <span class='ocr_line' id='line_1_101' title="bbox 275 5386 1854 5461; baseline 0 -21"><span class='ocrx_word' id='word_1_731' title='bbox 275 5389 358 5441; x_wconf 84' lang='grc' dir='ltr'><strong>δτι</strong></span> <span class='ocrx_word' id='word_1_732' title='bbox 404 5386 575 5441; x_wconf 85' lang='grc' dir='ltr'>ἀθῶοί</span> <span class='ocrx_word' id='word_1_733' title='bbox 620 5390 808 5453; x_wconf 84' lang='grc' dir='ltr'>ἐσμεν.</span> <span class='ocrx_word' id='word_1_734' title='bbox 858 5388 1053 5459; x_wconf 78' lang='grc' dir='ltr'>Ἡμεῖς</span> <span class='ocrx_word' id='word_1_735' title='bbox 1081 5388 1192 5461; x_wconf 85' lang='grc' dir='ltr'><strong>γάρ</strong></span> <span class='ocrx_word' id='word_1_736' title='bbox 1222 5388 1368 5459; x_wconf 78' lang='grc' dir='ltr'>ὑμᾶς</span> <span class='ocrx_word' id='word_1_737' title='bbox 1397 5386 1854 5460; x_wconf 77' lang='grc' dir='ltr'>παρεκαλέσαμεν</span> 
     </span>
    </p>
   </div>
   <div class='ocr_carea' id='block_1_102' title="bbox 274 5478 1857 5553">
    <p class='ocr_par' dir='ltr' id='par_1_102' title="bbox 274 5478 1857 5553">
     <span class='ocr_line' id='line_1_102' title="bbox 274 5478 1857 5553; baseline 0.001 -21"><span class='ocrx_word' id='word_1_738' title='bbox 274 5478 408 5550; x_wconf 74' lang='grc' dir='ltr'>περὶ</span> <span class='ocrx_word' id='word_1_739' title='bbox 436 5480 657 5533; x_wconf 83' lang='grc' dir='ltr'>συνόδου</span> <span class='ocrx_word' id='word_1_740' title='bbox 687 5480 1104 5552; x_wconf 84' lang='grc' dir='ltr'>οίκουμενικῆς,</span> <span class='ocrx_word' id='word_1_741' title='bbox 1155 5481 1255 5552; x_wconf 80' lang='grc' dir='ltr'>τῆς</span> <span class='ocrx_word' id='word_1_742' title='bbox 1279 5479 1588 5551; x_wconf 76' lang='grc' dir='ltr'>δυναμένης</span> <span class='ocrx_word' id='word_1_743' title='bbox 1612 5479 1857 5553; x_wconf 88' lang='grc' dir='ltr'>ἀκριϐῶς</span> 
     </span>
    </p>
   </div>
   <div class='ocr_carea' id='block_1_103' title="bbox 273 5569 1857 5646">
    <p class='ocr_par' dir='ltr' id='par_1_103' title="bbox 273 5569 1857 5646">
     <span class='ocr_line' id='line_1_103' title="bbox 273 5569 1857 5646; baseline 0.003 -23"><span class='ocrx_word' id='word_1_744' title='bbox 273 5569 548 5644; x_wconf 68' lang='grc' dir='ltr'>κρατῦναι</span> <span class='ocrx_word' id='word_1_745' title='bbox 603 5574 700 5628; x_wconf 71' lang='grc' dir='ltr'><strong>καὶ</strong></span> <span class='ocrx_word' id='word_1_746' title='bbox 747 5572 1058 5646; x_wconf 87' lang='grc' dir='ltr'>ἀνορθῶσαι</span> <span class='ocrx_word' id='word_1_747' title='bbox 1119 5572 1190 5628; x_wconf 86' lang='grc' dir='ltr'><strong>τὰ</strong></span> <span class='ocrx_word' id='word_1_748' title='bbox 1239 5572 1617 5644; x_wconf 82' lang='grc' dir='ltr'>σαλευόμενα,</span> <span class='ocrx_word' id='word_1_749' title='bbox 1678 5571 1857 5628; x_wconf 82' lang='grc' dir='ltr'>είτουν</span> 
     </span>
    </p>
   </div>
   <div class='ocr_carea' id='block_1_104' title="bbox 1959 4536 3538 4615">
    <p class='ocr_par' dir='ltr' id='par_1_104' title="bbox 1959 4536 3538 4615">
     <span class='ocr_line' id='line_1_104' title="bbox 1959 4536 3538 4615; baseline -0.007 -16"><span class='ocrx_word' id='word_1_750' title='bbox 1959 4544 2108 4615; x_wconf 88' lang='lat' dir='ltr'><strong>quod</strong></span> <span class='ocrx_word' id='word_1_751' title='bbox 2132 4559 2191 4598; x_wconf 90' lang='lat' dir='ltr'><strong>se</strong></span> <span class='ocrx_word' id='word_1_752' title='bbox 2226 4540 2554 4605; x_wconf 79' lang='lat' dir='ltr'><strong>defendunt,</strong></span> <span class='ocrx_word' id='word_1_753' title='bbox 2586 4548 2649 4593; x_wconf 91' lang='lat' dir='ltr'><strong>ut</strong></span> <span class='ocrx_word' id='word_1_754' title='bbox 2675 4540 2853 4594; x_wconf 89' lang='lat' dir='ltr'><strong>aiunt.</strong></span> <span class='ocrx_word' id='word_1_755' title='bbox 2877 4553 2989 4591; x_wconf 92' lang='lat' dir='ltr'><strong>non</strong></span> <span class='ocrx_word' id='word_1_756' title='bbox 3026 4537 3218 4607; x_wconf 89' lang='lat' dir='ltr'><strong>paucis</strong></span> <span class='ocrx_word' id='word_1_757' title='bbox 3245 4536 3538 4601; x_wconf 87' lang='lat' dir='ltr'><strong>insultant;</strong></span> 
     </span>
    </p>
   </div>
   <div class='ocr_carea' id='block_1_105' title="bbox 1958 4628 3541 4702">
    <p class='ocr_par' dir='ltr' id='par_1_105' title="bbox 1958 4628 3541 4702">
     <span class='ocr_line' id='line_1_105' title="bbox 1958 4628 3541 4702; baseline -0.007 -9"><span class='ocrx_word' id='word_1_758' title='bbox 1958 4636 2141 4693; x_wconf 87' lang='lat' dir='ltr'><strong>donec</strong></span> <span class='ocrx_word' id='word_1_759' title='bbox 2162 4651 2228 4691; x_wconf 90' lang='lat' dir='ltr'><strong>ea</strong></span> <span class='ocrx_word' id='word_1_760' title='bbox 2277 4632 2465 4689; x_wconf 87' lang='lat' dir='ltr'><strong>omnia</strong></span> <span class='ocrx_word' id='word_1_761' title='bbox 2504 4647 2628 4702; x_wconf 70' lang='lat' dir='ltr'><strong>quae</strong></span> <span class='ocrx_word' id='word_1_762' title='bbox 2657 4632 2726 4686; x_wconf 88' lang='lat' dir='ltr'><strong>ad</strong></span> <span class='ocrx_word' id='word_1_763' title='bbox 2758 4630 2920 4685; x_wconf 89' lang='lat' dir='ltr'><strong>ﬁdem</strong></span> <span class='ocrx_word' id='word_1_764' title='bbox 2954 4628 3258 4700; x_wconf 89' lang='lat' dir='ltr'><strong>pertinent,</strong></span> <span class='ocrx_word' id='word_1_765' title='bbox 3316 4644 3541 4700; x_wconf 83' lang='lat' dir='ltr'><strong>compo—</strong></span> 
     </span>
    </p>
   </div>
   <div class='ocr_carea' id='block_1_106' title="bbox 1957 4721 3540 4795">
    <p class='ocr_par' dir='ltr' id='par_1_106' title="bbox 1957 4721 3540 4795">
     <span class='ocr_line' id='line_1_106' title="bbox 1957 4721 3540 4795; baseline -0.004 -11"><span class='ocrx_word' id='word_1_766' title='bbox 1957 4738 2182 4785; x_wconf 90' lang='lat' dir='ltr'><strong>nantur.</strong></span> <span class='ocrx_word' id='word_1_767' title='bbox 2208 4725 2365 4795; x_wconf 85' lang='lat' dir='ltr'><strong>Quod</strong></span> <span class='ocrx_word' id='word_1_768' title='bbox 2398 4726 2445 4781; x_wconf 88' lang='lat' dir='ltr'><strong>si</strong></span> <span class='ocrx_word' id='word_1_769' title='bbox 2461 4734 2710 4780; x_wconf 90' lang='lat' dir='ltr'><strong>nostram</strong></span> <span class='ocrx_word' id='word_1_770' title='bbox 2734 4721 3198 4794; x_wconf 88' lang='lat' dir='ltr'><strong>supplicationem</strong></span> <span class='ocrx_word' id='word_1_771' title='bbox 3230 4736 3335 4792; x_wconf 88' lang='lat' dir='ltr'><strong>pro</strong></span> <span class='ocrx_word' id='word_1_772' title='bbox 3358 4722 3540 4778; x_wconf 91' lang='lat' dir='ltr'><strong>nihilo</strong></span> 
     </span>
    </p>
   </div>
   <div class='ocr_carea' id='block_1_107' title="bbox 1958 4812 3537 4885">
    <p class='ocr_par' dir='ltr' id='par_1_107' title="bbox 1958 4812 3537 4885">
     <span class='ocr_line' id='line_1_107' title="bbox 1958 4812 3537 4885; baseline -0.006 -7"><span class='ocrx_word' id='word_1_773' title='bbox 1958 4819 2290 4885; x_wconf 87' lang='lat' dir='ltr'><strong>habueritis,</strong></span> <span class='ocrx_word' id='word_1_774' title='bbox 2328 4832 2428 4874; x_wconf 83' lang='lat' dir='ltr'><strong>vos</strong></span> <span class='ocrx_word' id='word_1_775' title='bbox 2464 4832 2649 4873; x_wconf 87' lang='lat' dir='ltr'><strong>coram</strong></span> <span class='ocrx_word' id='word_1_776' title='bbox 2675 4813 2975 4871; x_wconf 91' lang='lat' dir='ltr'><strong>immortali</strong></span> <span class='ocrx_word' id='word_1_777' title='bbox 3014 4812 3344 4869; x_wconf 72' lang='lat' dir='ltr'><strong>saeculorum</strong></span> <span class='ocrx_word' id='word_1_778' title='bbox 3368 4813 3537 4885; x_wconf 84' lang='lat' dir='ltr'><strong>Rege,</strong></span> 
     </span>
    </p>
   </div>
   <div class='ocr_carea' id='block_1_108' title="bbox 1960 4905 3542 4982">
    <p class='ocr_par' dir='ltr' id='par_1_108' title="bbox 1960 4905 3542 4982">
     <span class='ocr_line' id='line_1_108' title="bbox 1960 4905 3542 4982; baseline -0.006 -12"><span class='ocrx_word' id='word_1_779' title='bbox 1960 4913 2249 4979; x_wconf 89' lang='lat' dir='ltr'><strong>invisibili,</strong></span> <span class='ocrx_word' id='word_1_780' title='bbox 2278 4911 2398 4968; x_wconf 90' lang='lat' dir='ltr'><strong>solo</strong></span> <span class='ocrx_word' id='word_1_781' title='bbox 2437 4909 2687 4982; x_wconf 87' lang='lat' dir='ltr'><strong>sapiente</strong></span> <span class='ocrx_word' id='word_1_782' title='bbox 2729 4910 2843 4965; x_wconf 89' lang='lat' dir='ltr'><strong>Deo</strong></span> <span class='ocrx_word' id='word_1_783' title='bbox 2872 4907 2915 4973; x_wconf 73' lang='grc'>⁸,</span> <span class='ocrx_word' id='word_1_784' title='bbox 2954 4908 3049 4979; x_wconf 91' lang='lat' dir='ltr'><strong>qui</strong></span> <span class='ocrx_word' id='word_1_785' title='bbox 3090 4914 3293 4962; x_wconf 72' lang='lat' dir='ltr'><strong>nostra:</strong></span> <span class='ocrx_word' id='word_1_786' title='bbox 3347 4905 3542 4961; x_wconf 89' lang='lat' dir='ltr'><strong>salutis</strong></span> 
     </span>
    </p>
   </div>
   <div class='ocr_carea' id='block_1_109' title="bbox 1957 4998 3542 5073">
    <p class='ocr_par' dir='ltr' id='par_1_109' title="bbox 1957 4998 3542 5073">
     <span class='ocr_line' id='line_1_109' title="bbox 1957 4998 3542 5073; baseline -0.009 -8"><span class='ocrx_word' id='word_1_787' title='bbox 1957 5022 2124 5065; x_wconf 78' lang='lat' dir='ltr'><strong>causa</strong></span> <span class='ocrx_word' id='word_1_788' title='bbox 2153 5004 2463 5071; x_wconf 90' lang='lat' dir='ltr'><strong>descendit,</strong></span> <span class='ocrx_word' id='word_1_789' title='bbox 2489 5012 2566 5073; x_wconf 89' lang='lat' dir='ltr'><strong>et,</strong></span> <span class='ocrx_word' id='word_1_790' title='bbox 2590 5011 2652 5058; x_wconf 93' lang='lat' dir='ltr'><strong>ut</strong></span> <span class='ocrx_word' id='word_1_791' title='bbox 2674 5000 2871 5068; x_wconf 89' lang='lat' dir='ltr'><strong>voluit,</strong></span> <span class='ocrx_word' id='word_1_792' title='bbox 2898 5001 3045 5056; x_wconf 90' lang='lat' dir='ltr'><strong>inter</strong></span> <span class='ocrx_word' id='word_1_793' title='bbox 3066 4998 3325 5055; x_wconf 88' lang='lat' dir='ltr'><strong>homines</strong></span> <span class='ocrx_word' id='word_1_794' title='bbox 3373 5012 3542 5068; x_wconf 86' lang='lat' dir='ltr'><strong>appa-</strong></span> 
     </span>
    </p>
   </div>
   <div class='ocr_carea' id='block_1_110' title="bbox 1960 5095 3539 5175">
    <p class='ocr_par' dir='ltr' id='par_1_110' title="bbox 1960 5095 3539 5175">
     <span class='ocr_line' id='line_1_110' title="bbox 1960 5095 3539 5175; baseline -0.007 -15"><span class='ocrx_word' id='word_1_795' title='bbox 1960 5104 2098 5171; x_wconf 91' lang='lat' dir='ltr'><strong>ruit,</strong></span> <span class='ocrx_word' id='word_1_796' title='bbox 2134 5115 2192 5162; x_wconf 89' lang='lat' dir='ltr'><strong>et</strong></span> <span class='ocrx_word' id='word_1_797' title='bbox 2228 5104 2299 5159; x_wconf 89' lang='lat' dir='ltr'><strong>ad</strong></span> <span class='ocrx_word' id='word_1_798' title='bbox 2318 5099 2684 5175; x_wconf 70' lang='lat' dir='ltr'><strong>iudicandum</strong></span> <span class='ocrx_word' id='word_1_799' title='bbox 2711 5100 2868 5155; x_wconf 87' lang='lat' dir='ltr'><strong>vivos</strong></span> <span class='ocrx_word' id='word_1_800' title='bbox 2921 5107 2977 5155; x_wconf 88' lang='lat' dir='ltr'><strong>et</strong></span> <span class='ocrx_word' id='word_1_801' title='bbox 3000 5105 3256 5153; x_wconf 88' lang='lat' dir='ltr'><strong>mortuos</strong></span> <span class='ocrx_word' id='word_1_802' title='bbox 3282 5096 3304 5127; x_wconf 84' lang='lat'><strong>&#39;</strong></span> <span class='ocrx_word' id='word_1_803' title='bbox 3335 5095 3539 5150; x_wconf 89' lang='lat' dir='ltr'><strong>iterum</strong></span> 
     </span>
    </p>
   </div>
   <div class='ocr_carea' id='block_1_111' title="bbox 1960 5190 3543 5265">
    <p class='ocr_par' dir='ltr' id='par_1_111' title="bbox 1960 5190 3543 5265">
     <span class='ocr_line' id='line_1_111' title="bbox 1960 5190 3543 5265; baseline -0.005 -11"><span class='ocrx_word' id='word_1_804' title='bbox 1960 5192 2236 5254; x_wconf 76' lang='lat' dir='ltr'><strong>venturus</strong></span> <span class='ocrx_word' id='word_1_805' title='bbox 2297 5204 2421 5262; x_wconf 88' lang='lat' dir='ltr'><strong>est;</strong></span> <span class='ocrx_word' id='word_1_806' title='bbox 2476 5194 2566 5250; x_wconf 93' lang='lat' dir='ltr'><strong>cui</strong></span> <span class='ocrx_word' id='word_1_807' title='bbox 2596 5208 2763 5249; x_wconf 91' lang='lat' dir='ltr'><strong>omne</strong></span> <span class='ocrx_word' id='word_1_808' title='bbox 2814 5208 2957 5265; x_wconf 89' lang='lat' dir='ltr'><strong>genu</strong></span> <span class='ocrx_word' id='word_1_809' title='bbox 3005 5190 3543 5256; x_wconf 73' lang='lat' dir='ltr'><strong>incurvatur,cmlc-</strong></span> 
     </span>
    </p>
   </div>
   <div class='ocr_carea' id='block_1_112' title="bbox 1959 5284 3540 5355">
    <p class='ocr_par' dir='ltr' id='par_1_112' title="bbox 1959 5284 3540 5355">
     <span class='ocr_line' id='line_1_112' title="bbox 1959 5284 3540 5355; baseline -0.004 -7"><span class='ocrx_word' id='word_1_810' title='bbox 1959 5291 2150 5355; x_wconf 89' lang='lat' dir='ltr'><strong>stium,</strong></span> <span class='ocrx_word' id='word_1_811' title='bbox 2174 5289 2525 5346; x_wconf 86' lang='lat' dir='ltr'><strong>terrestrium</strong></span> <span class='ocrx_word' id='word_1_812' title='bbox 2573 5296 2630 5343; x_wconf 89' lang='lat' dir='ltr'><strong>et</strong></span> <span class='ocrx_word' id='word_1_813' title='bbox 2655 5286 3041 5353; x_wconf 83' lang='lat' dir='ltr'><strong>infernorum;</strong></span> <span class='ocrx_word' id='word_1_814' title='bbox 3066 5292 3125 5341; x_wconf 90' lang='lat' dir='ltr'><strong>et</strong></span> <span class='ocrx_word' id='word_1_815' title='bbox 3155 5284 3540 5355; x_wconf 82' lang='lat' dir='ltr'><strong>omnislingua</strong></span> 
     </span>
    </p>
   </div>
   <div class='ocr_carea' id='block_1_113' title="bbox 1962 5377 3537 5460">
    <p class='ocr_par' dir='ltr' id='par_1_113' title="bbox 1962 5377 3537 5460">
     <span class='ocr_line' id='line_1_113' title="bbox 1962 5377 3537 5460; baseline -0.008 -19"><span class='ocrx_word' id='word_1_816' title='bbox 1962 5386 2259 5460; x_wconf 62' lang='lat' dir='ltr'><strong>conﬁtetur</strong></span> <span class='ocrx_word' id='word_1_817' title='bbox 2281 5384 2341 5452; x_wconf 82' lang='grc'><strong>⁸;</strong></span> <span class='ocrx_word' id='word_1_818' title='bbox 2371 5382 2703 5439; x_wconf 65' lang='lat' dir='ltr'><strong>innocentiae</strong></span> <span class='ocrx_word' id='word_1_819' title='bbox 2740 5390 2944 5437; x_wconf 64' lang='lat' dir='ltr'><strong>nostra:</strong></span> <span class='ocrx_word' id='word_1_820' title='bbox 2977 5386 3144 5436; x_wconf 88' lang='lat' dir='ltr'><strong>testes</strong></span> <span class='ocrx_word' id='word_1_821' title='bbox 3176 5377 3537 5450; x_wconf 87' lang='lat' dir='ltr'><strong>appellamus.</strong></span> 
     </span>
    </p>
   </div>
   <div class='ocr_carea' id='block_1_114' title="bbox 1962 5469 3540 5545">
    <p class='ocr_par' dir='ltr' id='par_1_114' title="bbox 1962 5469 3540 5545">
     <span class='ocr_line' id='line_1_114' title="bbox 1962 5469 3540 5545; baseline -0.009 -9"><span class='ocrx_word' id='word_1_822' title='bbox 1962 5480 2075 5536; x_wconf 87' lang='lat' dir='ltr'><strong>Nos</strong></span> <span class='ocrx_word' id='word_1_823' title='bbox 2096 5479 2247 5534; x_wconf 87' lang='lat' dir='ltr'><strong>enim</strong></span> <span class='ocrx_word' id='word_1_824' title='bbox 2270 5492 2371 5535; x_wconf 83' lang='lat' dir='ltr'><strong>vos</strong></span> <span class='ocrx_word' id='word_1_825' title='bbox 2401 5476 2470 5533; x_wconf 92' lang='lat' dir='ltr'><strong>de</strong></span> <span class='ocrx_word' id='word_1_826' title='bbox 2497 5474 2841 5534; x_wconf 74' lang='lat' dir='ltr'><strong>mcumenica</strong></span> <span class='ocrx_word' id='word_1_827' title='bbox 2868 5472 3079 5545; x_wconf 83' lang='lat' dir='ltr'><strong>synodo</strong></span> <span class='ocrx_word' id='word_1_828' title='bbox 3104 5469 3351 5544; x_wconf 88' lang='lat' dir='ltr'><strong>cogenda</strong></span> <span class='ocrx_word' id='word_1_829' title='bbox 3378 5484 3540 5539; x_wconf 85' lang='lat' dir='ltr'><strong>roga-</strong></span> 
     </span>
    </p>
   </div>
   <div class='ocr_carea' id='block_1_115' title="bbox 1962 5561 3540 5643">
    <p class='ocr_par' dir='ltr' id='par_1_115' title="bbox 1962 5561 3540 5643">
     <span class='ocr_line' id='line_1_115' title="bbox 1962 5561 3540 5643; baseline -0.008 -14"><span class='ocrx_word' id='word_1_830' title='bbox 1962 5572 2169 5640; x_wconf 87' lang='lat' dir='ltr'><strong>vimus,</strong></span> <span class='ocrx_word' id='word_1_831' title='bbox 2198 5585 2321 5643; x_wconf 63' lang='lat' dir='ltr'><strong>que</strong></span> <span class='ocrx_word' id='word_1_832' title='bbox 2353 5569 2637 5643; x_wconf 87' lang='lat' dir='ltr'><strong>aptissime</strong></span> <span class='ocrx_word' id='word_1_833' title='bbox 2663 5576 2852 5641; x_wconf 88' lang='lat' dir='ltr'><strong>posset</strong></span> <span class='ocrx_word' id='word_1_834' title='bbox 2875 5562 3233 5623; x_wconf 88' lang='lat' dir='ltr'><strong>constabilire</strong></span> <span class='ocrx_word' id='word_1_835' title='bbox 3250 5569 3306 5619; x_wconf 88' lang='lat' dir='ltr'><strong>et</strong></span> <span class='ocrx_word' id='word_1_836' title='bbox 3324 5561 3540 5634; x_wconf 80' lang='lat' dir='ltr'><strong>erigere</strong></span> 
     </span>
    </p>
   </div>
   <div class='ocr_carea' id='block_1_116' title="bbox 350 5724 1864 5800">
    <p class='ocr_par' dir='ltr' id='par_1_116' title="bbox 350 5725 1864 5796">
     <span class='ocr_line' id='line_1_116' title="bbox 350 5725 1864 5796; baseline 0.001 -15"><span class='ocrx_word' id='word_1_837' title='bbox 350 5725 375 5757; x_wconf 85' lang='lat'><strong>’</strong></span> <span class='ocrx_word' id='word_1_838' title='bbox 404 5725 594 5785; x_wconf 78' lang='lat' dir='ltr'><strong>Matth.</strong></span> <span class='ocrx_word' id='word_1_839' title='bbox 647 5744 771 5784; x_wconf 80' lang='lat' dir='ltr'><strong>xxv.</strong></span> <span class='ocrx_word' id='word_1_840' title='bbox 800 5728 893 5786; x_wconf 74' lang='lat'><strong>23.</strong></span> <span class='ocrx_word' id='word_1_841' title='bbox 970 5730 991 5761; x_wconf 85' lang='grc'>³</span> <span class='ocrx_word' id='word_1_842' title='bbox 1033 5728 1155 5786; x_wconf 80' lang='lat' dir='ltr'><strong>Act.</strong></span> <span class='ocrx_word' id='word_1_843' title='bbox 1193 5743 1248 5796; x_wconf 81' lang='grc' dir='ltr'><strong>ν,</strong></span> <span class='ocrx_word' id='word_1_844' title='bbox 1284 5729 1373 5786; x_wconf 83' lang='lat'><strong>57.</strong></span> <span class='ocrx_word' id='word_1_845' title='bbox 1446 5726 1516 5783; x_wconf 74' lang='grc'><strong>⁸1</strong></span> <span class='ocrx_word' id='word_1_846' title='bbox 1551 5726 1693 5784; x_wconf 83' lang='lat' dir='ltr'><strong>Tim.</strong></span> <span class='ocrx_word' id='word_1_847' title='bbox 1725 5744 1764 5795; x_wconf 83' lang='grc' dir='ltr'><strong>ι,</strong></span> <span class='ocrx_word' id='word_1_848' title='bbox 1812 5728 1864 5783; x_wconf 76' lang='lat'><strong>11</strong></span> 
     </span>
    </p>
   </div>
   <div class='ocr_carea' id='block_1_117' title="bbox 1965 5724 2999 5800">
    <p class='ocr_par' dir='ltr' id='par_1_117' title="bbox 1972 5724 2999 5800">
     <span class='ocr_line' id='line_1_117' title="bbox 1972 5724 2999 5800; baseline -0.002 -15"><span class='ocrx_word' id='word_1_849' title='bbox 1972 5729 1995 5763; x_wconf 85' lang='grc'><strong><em>³</em></strong></span> <span class='ocrx_word' id='word_1_850' title='bbox 2026 5726 2147 5785; x_wconf 79' lang='lat' dir='ltr'><strong>Act.</strong></span> <span class='ocrx_word' id='word_1_851' title='bbox 2187 5741 2241 5795; x_wconf 73' lang='grc' dir='ltr'>ι,</span> <span class='ocrx_word' id='word_1_852' title='bbox 2286 5726 2374 5783; x_wconf 74' lang='grc'><strong>42.</strong></span> <span class='ocrx_word' id='word_1_853' title='bbox 2454 5728 2476 5761; x_wconf 85' lang='grc'><strong><em>⁸</em></strong></span> <span class='ocrx_word' id='word_1_854' title='bbox 2510 5724 2750 5800; x_wconf 86' lang='lat' dir='ltr'><strong>Philipp.</strong></span> <span class='ocrx_word' id='word_1_855' title='bbox 2796 5741 2857 5795; x_wconf 81' lang='grc' dir='ltr'><strong>ιι,</strong></span> <span class='ocrx_word' id='word_1_856' title='bbox 2910 5726 2999 5783; x_wconf 77' lang='grc'><strong>10.</strong></span> 
     </span>
    </p>
   </div>
  </div>
