4080 6282
298 257 428 325 1481
1762 264 1909 336 ΝΟΤ

1932 264 2094 333 lTIA.
3401 282 3543 356 ηεξ

290 375 511 448 (scribit
542 377 729 467 nescio
786 376 914 467 quis
945 392 1010 433 ex
1038 378 1332 448 sectariis)
1366 378 1843 452 ConstantinOpoli
1883 386 2108 439 allatum
2141 385 2196 440 in
2235 387 2615 442 vetustissimo
2652 393 3028 464 manuscripto
3076 398 3377 467 exemplari
3412 412 3541 460 ante

286 480 496 519 annum
539 466 679 559 1586
726 466 980 559 ediderat
1022 484 1146 523 cum
1177 485 1274 524 sua
1323 473 1575 527 versione
1606 472 1802 528 Latina
1842 475 2170 530 Theodorus
2202 476 2360 543 B'eza,
2398 479 2792 551 continereque
2822 485 3074 554 Opposita
3121 487 3190 543 iis
3222 466 3315 559 qui
3342 498 3535 549 nostra

290 562 542 651 tempore
578 554 837 651 haereses
895 557 1137 613 Nestorii
1173 567 1245 647 et
1270 559 1594 630 Eutychetis
1624 576 1987 651 renovarunt,
2031 580 2169 636 quas
2210 575 2407 621 auctor
2452 568 2542 622 ille
2587 578 2769 637 vetus,
2802 575 3054 642 quamvis
3082 554 3283 649 exigu-0
3305 582 3538 651 scripto,

285 642 464 741 solide
509 644 733 737 refellit.
773 647 935 703 Anno
967 648 1175 705 Christi
1222 646 1356 707 1599
1389 652 1668 711 Robertus
1706 645 1988 721 Baliqreus
2020 657 2238 722 Scotus,
2269 659 2586 729 Aquitanici
2618 663 2833 735 collegii
2867 642 3539 741 Burdigalaevgymnas-iar;

284 739 410 804 cha,
438 732 696 799 eumdem
720 753 1016 802 tractatum
1043 747 1231 803 emisit
1257 748 1401 820 typis
1426 750 1658 815 Morelli,
1687 768 1794 807 una
1821 764 1947 808 cum
1979 754 2184 811 Gclasii
2211 756 2463 828 Cyziceni
2498 758 2729 813 historia
2764 732 2983 815 concilii
3013 732 3247 829 Βίίωηῖ
3275 766 3538 837 ἑᾶῙυηοιιι

281 836 451 889 etiam
496 851 595 892 sua
634 839 891 894 versione
938 840 1155 904 Latina,
1203 839 1526 913 addiditque
1572 853 1733 900 notas
1772 854 1829 900 et
1888 848 2269 904 corrcctiones
2296 864 2360 904 ex
2398 850 2773 920 manuscripto
2808 854 3105 923 exemplari
3129 856 3273 910 Petri
3313 836 3535 922 Stellae;

283 948 502 987 necnon
526 932 784 989 eumdem
821 933 1071 988 libellum
1098 944 1258 989 antea
1292 934 1351 989 in
1375 935 1620 1006 linguam
1653 936 1905 992 Latinam
1946 940 2303 995 transtulerat
2332 940 2666 998 Godefridus
2693 944 3019 997 Tilmannus
3050 943 3354 1002 Carthus‘iaa
3382 949 3537 1003 Pari-

282 1029 487 1083 siensis
528 1028 835 1084 monachus
873 1030 1031 1099 cujus
1061 1030 1370 1085 versionem
1417 1042 1550 1086 tom.
1580 1032 1695 1087 VIII
1734 1033 2084 1090 bibliothecae
2120 1044 2321 1090 sancite
2355 1036 2696 1107 Margarinus
2742 1037 2994 1107 Bignaaus
3045 1048 3306 1110 tanquam
3341 1042 3535 1109 prazfa-

283 1121 492 1174 tionem
519 1119 675 1175 libris
702 1120 976 1175 Anastasii
1007 1120 1233 1177 Sinaitze
1274 1123 1600 1193 patriarcha:
1631 1122 1960 1180 Antio‘cherﬂ
1996 1126 2245 1196 praeﬁxit.
2286 1122 2363 1182 Ex
2402 1128 2506 1184 hoc
2549 1128 2692 1183 libro
2728 1129 2989 1183 nonnulla
3024 1140 3309 1186 mutuatur
3338 1131 3537 1187 Suidas

279 1212 340 1266 in
371 1211 607 1276 Manete,
640 1212 927 1282 multoque
948 1212 1107 1282 plura
1145 1214 1212 1269 de
1241 1215 1409 1271 Paulo
1445 1202 1824 1283 Samosateno,
1858 1214 2186 1288 Apollinari,
2223 1217 2517 1275 Theodoro
2552 1220 2962 1289 Mopsuesteno,
2992 1230 3048 1274 et
3086 1221 3229 1289 aliis,
3264 1222 3533 1292 Georgius

275 1302 567 1361 Cedrenus
594 1306 648 1361 in
682 1305 998 1361 Aureliano.

350 1405 540 1460 Eidem
587 1403 755 1460 etiam
796 1403 1121 1458 attribuitur
1161 1404 1487 1473 opusculum
1534 1404 1631 1469 Tt;
1678 1405 1839 1474 φύσις
1876 1408 1961 1462 καὶ

1920 1408 1968 1462 al.
2015 1406 2194 1469 οὐσία.
2239 1406 2367 1472 Qua:
2405 1410 2471 1462 sit
2509 1420 2704 1463 natura
2739 1419 2787 1463 et
2824 1412 3065 1464 essentia.
3100 1410 3161 1464 Ρ.
3196 1409 3268 1465 Τὸ
3310 1411 3410 1481 μὲν
3436 1415 3531 1486 τῆς

272 1499 465 1558 οὐσίας
511 1495 703 1567 ὄνομα,
759 1496 929 1565 αὐτὴν
978 1495 1077 1566 τὴν
1116 1495 1309 1566 κλῆσίν
1354 1510 1498 1567 φημι
1540 1499 1633 1550 καὶ
1668 1492 1767 1570 τήν
1815 1510 1883 1570 πρ

1918 1500 2207 1570 χσηγορίάν.
2257 1497 2482 1555 Necnon
2516 1511 2572 1555 et
2633 1502 2783 1555 aliud
2844 1503 2931 1556 cui
2979 1502 3175 1558 titulus
3210 1521 3223 1556 :
3258 1503 3529 1575 Σύντομος

273 1591 541 1659 ἐξήγησις
579 1590 672 1642 καὶ
715 1588 967 1659 διήγησις
1008 1589 1136 1659 περὶ
1178 1588 1271 1642 τοῦ
1320 1589 1614 1660 τριμεροῦς
1659 1590 1759 1661 τῆς
1808 1590 1881 1661 ψυ

1917 1592 2009 1663 [ἦς.
2051 1591 2436 1662 Compendiosa
2483 1594 2755 1664 expositio,
2810 1595 2891 1648 uel
2930 1596 3201 1649 enarratio
3241 1596 3305 1649 de
3336 1598 3528 1667 triplici

271 1680 534 1758 facultate
578 1681 791 1734 animm.
846 1680 910 1733 P.
965 1680 1088 1733 ’Ότι
1132 1680 1261 1750 τρία
1318 1681 1458 1751 μέρη
1508 1680 1609 1750 τῆς
1658 1674 1836 1751 ψυχῆς

1915 1682 2162 1750 ογισμδς,
2220 1682 2412 1753 Θυμὸς,
2464 1683 2751 1753 ἐπιθυμία.
2792 1684 2907 1738 Hoc
2944 1700 3077 1739 vero
3108 1694 3446 1756 postremum
3472 1688 3526 1743 in

269 1771 553 1841 aliquibus
589 1768 878 1825 codicibus
918 1768 1309 1837 manuscriptis
1338 1768 1654 1822 vindicatur
1688 1769 1969 1840 Stephano
1998 1770 2428 1835 Nicomediensi,
2465 1772 2521 1825 in
2560 1772 2682 1827 aliis
2715 1774 2911 1829 Joanni
2941 1774 3297 1832 Damasceno.
3333 1779 3528 1836 Posse-

233 1866 437 1918 ‘vinus
469 1862 747 1918 existimat
781 1859 847 1914 ad
881 1859 1029 1913 hunc
1084 1858 1437 1913 Theodorum
1492 1858 1781 1914 referenda
1811 1875 1955 1924 esse,
2010 1875 2133 1929 qua:
2178 1859 2499 1916 Gennadius
2541 1862 2597 1915 in
2633 1863 2879 1932 catalogo
2901 1862 2969 1917 de
3002 1864 3298 1921 Theodoro
3330 1869 3526 1923 Antio-

266 1957 450 2011 (heno
482 1953 697 2009 scribit.
730 1951 837 2008 Sed
862 1952 1024 2019 plane
1050 1950 1490 2020 Mopsuestenum
1515 1965 1639 2005 cum
1668 1951 1939 2006 Raitheno
1967 1951 2291 2018 confundit;
2326 1960 2385 2006 ut
2414 1953 2561 2006 enim
2584 1968 2749 2023 supra
2772 1954 3038 2018 vidimus,
3071 1972 3194 2026 quia
3223 1958 3294 2015 de
3326 1960 3527 2016 Antio-

266 2049 451 2103 cheno
501 2045 668 2101 tradit
712 2044 1047 2109 Gennadius,
1098 2044 1165 2098 ad
1212 2044 1661 2115 Mopsuestenum
1695 2044 2036 2100 referuntur.
2082 2045 2273 2114 Neque
2312 2044 2542 2100 meliore
2581 2045 2736 2101 lance
2768 2046 3092 2104 Gesneriani
3130 2051 3525 2120 epitomatores

265 2141 419 2194 hunc
467 2135 817 2193 Theodorum
868 2149 897 2188 a
948 2133 1239 2189 Theodoro
1284 2134 1606 2205 presbytero
1662 2133 1935 2188 Raitheno
1985 2133 2261 2188 dividunt.
2308 2132 2585 2189 Theodori
2640 2135 2947 2206 presbyteri
2996 2137 3251 2193 Railheni
3302 2140 3527 2198 libellus

262 2231 538 2287 adversus
594 2228 851 2292 haereses,
907 2227 1003 2297 qui
1059 2228 1319 2282 unionem
1368 2228 1769 2298 hypostaticam
1812 2227 2045 2282 duarum
2106 2228 2159 2282 in
2201 2227 2423 2283 Christo
2468 2236 2789 2283 naturarum
2835 2245 3243 2302 oppugnarunt,
3283 2236 3525 2306 primum

261 2326 454 2382 Griece
483 2322 687 2384 editus,
718 2329 773 2375 et
803 2319 1028 2374 Latinus
1058 2319 1234 2374 factus
1273 2334 1302 2373 a
1341 2319 1633 2373 Theodoro
1658 2318 1795 2373 Beza
1829 2317 1946 2373 in-4
1975 2318 2208 2373 Gcnevae
2246 2319 2402 2374 1576.

338 2414 570 2487 Scripsit
608 2424 875 2484 praetcrea
922 2413 1182 2483 pleraque
1221 2411 1346 2479 alia,
1390 2411 1595 2481 quibus
1640 2406 1974 2465 catholicum
2020 2408 2217 2480 dogma
2267 2408 2636 2466 conﬁrmavit.
2677 2411 2962 2470 Laudatur
2995 2413 3143 2470 illius
3184 2419 3525 2487 Δοτματικὸς

260 2511 445 2580 λόγος,
504 2508 817 2582 Dogmatica
877 2507 1071 2571 oratio,
1119 2511 1177 2559 et
1217 2520 1284 2559 ex
1320 2518 1385 2559 ea
1419 2504 1601 2573 aliqua
1626 2502 1988 2557 aﬂ’eruntura
2015 2504 2225 2558 Joanne
2262 2504 2440 2559 Vccco
2474 2506 2788 2574 patriarcha
2832 2506 3440 2582 Constantinopolitano
3469 2514 3525 2567 in

260 2605 602 2680 epigraphis.
649 2580 923 2673 Θεόδὼρος
954 2603 983 2654 ὀ
1011 2602 1112 2671 τῆς
1151 2600 1367 2655 Ῥαῖθοῦ
1400 2599 1773 2670 πρεσϐύτερος
1822 2600 1879 2652 ὲν
1926 2599 2006 2670 τῷ
2051 2598 2368 2670 δογματικῷ
2418 2600 2562 2670 λόγῳ
2610 2602 2800 2669 αὑτοῦ,
2847 2599 2911 2660 οὗ
2958 2607 2991 2675 ἡ
3047 2580 3211 2678 ἀρχὴς
3262 2610 3527 2663 ’Ἄτοπον

256 2696 425 2770 οἶμαι
452 2695 551 2752 καὶ
572 2696 772 2763 καλῶς
793 2712 860 2765 τε
892 2693 1069 2748 τοῦτο
1088 2694 1393 2762 νενόμικα.
1434 2690 1728 2745 Theodorus
1765 2688 1867 2743 Rai

1912 2705 2061 2743 tenus
2096 2689 2363 2760 presbyter
2389 2692 2445 2744 in
2468 2692 2768 2761 dogmatica
2789 2710 2887 2747 sua
2915 2698 3176 2763 aratione,
3198 2699 3349 2768 cujus
3374 2702 3523 2769 prin-

257 2797 478 2865 cipium,
513 2803 621 2850 etc.
650 2794 730 2849 Ex
754 2792 949 2848 eadem
976 2789 1293 2847 referuntur
1320 2788 1524 2858 aliqua,
1552 2802 1672 2856 cap.
1702 2785 1757 2848 2,
1789 2786 1843 2851 4,
1877 2782 1932 2850 5,
1956 2785 1989 2839 6
2010 2794 2066 2839 et
2093 2788 2143 2840 7.
2166 2785 2474 2841 Adnotatur
2500 2794 2680 2841 tamen
2712 2787 2767 2842 in
2790 2789 3034 2858 margine
3064 2792 3254 2846 nescio
3287 2808 3318 2847 a
3356 2810 3466 2863 quo
3505 2814 3519 2848 :

258 2893 389 2945 Ὀτι
417 2891 477 2945 τὸ
508 2890 683 2962 στόμα
703 2888 797 2943 τοῦ
834 2887 1048 2960 Πατρὸς
1073 2888 1102 2940 ὁ
1140 2885 1266 2948 Υἱός
1289 2922 1304 2938 .
1338 2884 1509 2953 Ζήτει
1530 2883 1587 2935 ὲν
1614 2881 1693 2952 τῷ
1721 2880 2037 2953 ὁογματικῷ
2064 2880 2208 2951 λόγῳ
2249 2880 2527 2952 Θεοδώρου
2568 2882 2943 2955 πρεσϐυτέρου
2978 2884 3078 2954 τῆς
3119 2886 3356 2952 Ῥαῖθοῦ,
3394 2883 3455 2943 οὗ
3488 2893 3520 2960 ἠ

254 2987 426 3059 ἀρχὴ,
457 2988 712 3040 Ἄτοπον
739 2979 901 3054 οἶμαι
922 2999 937 3014 ο
995 2982 1104 3035 ἴσθι
1144 2980 1202 3035 δὲ
1249 2980 1330 3034 ὃτι
1369 2979 1464 3033 καὶ
1496 2981 1523 3032 ὁ
1554 2978 1651 3048 τὴν
1683 2976 1967 3050 παροῦσαν
1997 2977 2193 3049 χρῆσιν
2237 2978 2509 3048 περιέχων
2536 2978 2714 3047 λόγος,
2745 2979 2803 3032 ἐν
2839 2996 2949 3033 τισι
2978 2979 3209 3050 βιϐλίοις
3234 2985 3328 3036 τοῦ
3362 2985 3519 3053 ἁγίου

268 3076 631 3133 Ἀναστασίου
659 3075 1087 3145 ἐπιγέγραπται.
1132 3070 1199 3127 0s
1228 3071 1397 3142 patris
1430 3085 1538 3123 esse
1562 3067 1778 3133 Filium,
1808 3085 1879 3138 qu

1911 3069 2026 3121 erito
2070 3068 2124 3121 in
2166 3068 2403 3121 oratione
2438 3069 2737 3139 dogmatica
2780 3068 3033 3125 Theodori
3068 3073 3353 3144 presbyteri
3390 3075 3522 3131 Bai-

254 3174 420 3237 theni,
446 3173 596 3242 cujus
621 3177 697 3225 est
720 3169 1035 3240 principium
1066 3184 1084 3222 :
1120 3168 1356 3220 ’Δτοπον
1381 3159 1557 3234 οἶμαι.
1601 3163 1966 3218 Verumtamen
2002 3166 2151 3230 scito,
2193 3179 2423 3234 prazsens
2447 3164 2541 3218 hoc
2565 3164 2763 3219 dictum
2802 3168 3153 3223 continentem
3194 3171 3511 3253 orationem,

253 3265 311 3321 in
335 3266 592 3337 aliquibus
626 3263 882 3317 codicibus
903 3268 1086 3315 sancto
1117 3261 1398 3314 Anastasio
1434 3258 1643 3311 ascribi.

325 3360 521 3414 Eidem
567 3370 792 3429 quoque
836 3353 1103 3410 asseritur
1157 3366 1298 3423 opus
1348 3351 1486 3422 Περὶ
1530 3350 1636 3404 τῶν
1675 3350 1798 3404 καθ’
1844 3349 1936 3419 qui

1903 3348 1991 3412 ιᾶς
2038 3347 2215 3421 ὀρθῶν
2254 3347 2353 3420 τῆς
2376 3347 2635 3418 ἀληθείας
2667 3350 2976 3420 δογμάτων.
3004 3350 3079 3405 De
3105 3355 3257 3407 rectis
3282 3356 3514 3413 veritatis

250 3453 541 3509 secundum
578 3467 672 3507 nos
714 3451 1063 3522 dogmatibus.
1101 3448 1343 3504 Joannes
1384 3447 1597 3502 Veccus
1634 3444 1689 3499 in
1730 3444 1861 3516 epigr

1903 3444 2045 3515 ipbis
2085 3459 2207 3515 cap.
2251 3444 2277 3499 1
2316 3442 2635 3515 εΘεόδωρος
2677 3447 2706 3500 ὁ
2742 3445 2840 3515 τῆς
2894 3446 3109 3499 Ῥαῖοοῡ
3143 3450 3514 3520 πρεσϐύτερος

252 3547 386 3615 περὶ
419 3545 525 3597 τῶν
552 3543 674 3597 καθ’
711 3544 859 3614 ἡμᾶς
892 3540 1072 3612 ὀρθῶν
1091 3544 1191 3610 τῆς
1214 3538 1472 3610 ἀληθείας
1491 3536 1780 3608 δογμάτων
1813 3535 2102 3603 θεολογῶν,
2136 3536 2272 3609 φησι
2306 3553 2320 3568 ·
2354 3536 2464 3592 Τοῦ
2489 3536 2559 3589 δὲ
2586 3538 2882 3607 σώματος,
2917 3539 3011 3593 καὶ
3035 3542 3116 3626 ,τὰ
3159 3542 3307 3611 ἑξῆς.
3354 3543 3516 3597 Theo-

250 3638 414 3691 dorus
441 3637 727 3691 Raithenns
758 3635 1026 3705 presbyter
1058 3633 1122 3687 de
1153 3634 1302 3686 rectis
1339 3633 1573 3687 veritatis
1601 3629 1931 3701 dogmatibus
1961 3629 2247 3685 edisserens
2269 3630 2554 3685 secundum
2586 3647 2701 3695 nos,
2741 3636 2817 3686 ait
2851 3649 2870 3686 :
2896 3632 3153 3703 Corporis
3204 3650 3356 3699 vero,
3402 3646 3510 3697 etc.

253 3737 371 3790 Hoc
428 3747 650 3805 quoque
696 3732 751 3787 in
790 3731 1023 3785 dubium
1070 3729 1307 3784 vertitur
1344 3746 1414 3782 an
1460 3726 1736 3782 Theodori
1768 3724 1840 3779 sit
1870 3742 1882 3778 ε
1912 3740 2151 3795 namque
2184 3736 2484 3781 annotatur
2509 3724 2563 3779 in
2616 3725 2863 3796 margine
2894 3743 2907 3779 :
2936 3726 3036 3780 'Ev
3072 3744 3180 3781 τισι
3219 3726 3446 3798 βιϐλίοις
3477 3733 3511 3802 ὴ

252 3828 536 3899 ἐπιγραφὴ
580 3826 673 3879 τὸν
728 3824 1081 3898 Ἀναστὰσιον
1122 3822 1234 3891 ἔχει.
1259 3838 1271 3851 ·
1305 3821 1367 3875 In
1398 3819 1708 3891 quibusdam
1729 3816 1863 3871 libris

1902 3816 2173 3887 inscriptio
2205 3816 2488 3871 Anastasio
2518 3817 2720 3871 tribuit.
2764 3815 3004 3871 Adverte
3050 3826 3260 3884 tamen,
3312 3818 3507 3885 lector,

253 3890 535 3975 tum'hoc'
574 3919 643 3975 de
695 3890 1067 3989 dogmatibus,
1117 3890 1232 3969 tum
1278 3911 1556 3982 superius,
1594 3908 1901 3963 orationem
1944 3922 2143 3977 nempe
2190 3908 2579 3978 dogmaticamg
2619 3922 2790 3961 unum
2842 3906 3102 3976 idemque
3137 3923 3277 3977 opus
3316 3907 3508 3967 fuisse,

249 4030 432 4085 neque
460 4015 738 4069 diversum
777 4013 846 4068 ab
874 4028 963 4074 eo,
996 4010 1142 4081 quod
1191 4025 1220 4064 a
1246 4009 1495 4062 Ball‘oreo
1518 4004 1705 4061 Graece
1734 4014 1790 4060 et
1814 4003 2007 4058 Latine
2040 4004 2251 4059 editum
2277 4012 2385 4070 est,
2408 4003 2560 4074 quod
2586 4019 2651 4085 ex
2685 4002 2957 4073 principio
2979 4004 3168 4073 operis
3192 4004 3413 4074 colligo.
3442 4003 3510 4061 Et

250 4107 461 4166 Vecms
491 4110 605 4181 ipse
632 4108 687 4162 in
726 4105 1061 4179 epigraphis,
1100 4118 1219 4174 cap.
1260 4105 1290 4157 7
1320 4118 1386 4157 ex
1420 4109 1653 4155 tractatu
1682 4099 1757 4155 De
1781 4099 1861 4153 1η(

1900 4096 2162 4152 ιηιοῑίοηθ
2200 4099 2528 4153 sententiam
2567 4084 2748 4152 ail'ert.
2788 4097 3065 4168 Θεόδωρος
3088 4099 3119 4150 ὁ
3144 4096 3245 4167 τῆς
3284 4097 3511 4150 Ῥαῖθοῦ-

248 4204 617 4279 πρεσϐύτερος
642 4208 698 4258 ὲν
729 4199 811 4267 οἷς
836 4202 1037 4273 γράφει
1070 4199 1533 4273 προπαρασκευήν
1556 4214 1615 4252 τε
1652 4198 1747 4253 καὶ
1774 4195 2082 4265 γυμνασίαν
2122 4194 2199 4265 τῷ
2238 4194 2546 4265 βουλομένῳ
2568 4194 2784 4264 [μαθεῖν
2812 4194 2896 4258 τίς
2941 4195 2971 4246 ὁ
3002 4195 3202 4264 τρόπος
3236 4194 3336 4263 τῆς
3356 4194 3507 4253 θείας

249 4299 741 4371 ὲνανθρωπήσεως,
767 4287 828 4349 οὗ
853 4293 886 4364 ὴ
916 4293 1079 4364 ἀρχὴ,
1113 4294 1374 4345 Ἄτοπον
1407 4286 1567 4358 οἶμαι
1595 4287 1693 4340 καὶ
1720 4285 1860 4339 καλε]

1896 4306 1918 4350 ς
1953 4303 2019 4356 γε
2058 4286 2231 4340 τοῦτο
2263 4285 2570 4353 νενόμικα.
2609 4284 2901 4338 Theodorus
2929 4282 3216 4338 Raitlienus
3238 4285 3507 4353 presbyter

246 4393 476 4449 scribens
496 4387 938 4462 praeparationem
967 4393 1013 4436 et
1056 4384 1500 4443 exercitationem,
1536 4381 1765 4449 cupienti
1794 4380 2062 4432 addiscere
2099 4379 2309 4431 modum
2338 4376 2742 4440 incarnationis,
2774 4376 2924 4446 cujus
2958 4376 3275 4447 principium
3303 4392 3320 4429 :
3350 4377 3507 4431 "Aro-

247 4503 352 4538 πον
380 4480 553 4553 οἶμαι.
585 4479 654 4534 Et
690 4476 856 4533 verba
882 4489 947 4530 ex
972 4474 1077 4527 hoc
1099 4486 1267 4542 opere
1289 4470 1524 4525 adducta
1550 4468 1742 4524 eadem
1773 4478 1902 4520 sunt
1931 4482 2053 4536 quae
2090 4482 2258 4535 supra
2291 4465 2597 4519 adduxerat
2624 4480 2691 4517 ex
2714 4467 2964 4521 oratione
2994 4468 3143 4522 illius
3172 4468 3501 4538 dogmatica.

248 4580 388 4636 Ilinc
420 4576 660 4647 primum
692 4568 889 4635 infero,
915 4566 1062 4623 edita
1098 4582 1128 4620 a
1160 4563 1428 4626 Balforeo,
1466 4578 1496 4616 a
1530 4561 1813 4615 nonnullis
1843 4559 2132 4613 Anastasio
2163 4572 2384 4627 quoque
2417 4555 2615 4620 tribui;
2650 4556 2975 4619 secundum,
3013 4566 3307 4612 tractatum
3349 4560 3507 4614 illum.

247 4670 317 4727 de
353 4658 700 4739 dogmatibus
746 4671 803 4719 et
854 4658 1158 4717 orationem
1193 4657 1363 4727 ipsam
1411 4652 1774 4725 dogmaticam
1809 4665 1976 4706 unum
2021 4664 2162 4719 opus
2205 4648 2415 4712 luisse;
2467 4647 2715 4711 tertium,
2767 4654 3056 4701 tractatum
3106 4647 3260 4701 illum
3302 4650 3504 4702 multas

247 4768 434 4834 partes
464 4762 519 4814 in
542 4772 600 4815 se
635 4756 917 4820 habuisse,
945 4762 999 4808 et
1022 4768 1087 4808 ex
1114 4750 1182 4805 iis
1212 4750 1378 4803 unam
1415 4753 1624 4834 tantum
1668 4743 2040 4815 promulgasse
2074 4740 2406 4796 Balforeum.

320 4874 603 4931 Laudatur
627 4872 759 4926 item
784 4868 1031 4941 ejusdem
1065 4866 1244 4922 oratio
1272 4862 1514 4919 secunda
1540 4861 1616 4915 De
1654 4862 1990 4930 indescripto,
2049 4860 2184 4931 Περὶ
2211 4861 2517 4931 ἀγράπτου.
2566 4856 2780 4915 Vcccus
2820 4860 2874 4914 in
2901 4855 3238 4931 epigraphis,
3272 4878 3393 4933 cap.
3426 4867 3455 4919 'l
3482 4883 3509 4933 :_

244 4970 521 5041 Θεόδωρος
563 4968 592 5020 ὁ
640 4958 737 5035 τῆς
790 4956 1003 5016 Ῥαῖθοῦ
1061 4954 1431 5029 πρεσϐύτερος
1472 4959 1528 5009 ὲν
1574 4955 1650 5025 τῷ
1696 4956 1822 5024 περὶ
1865 4954 2151 5023 ἀγρὰπτου
2192 4953 2431 5024 δευτέρῳ
2474 4952 2638 5022 λόγῳ,
2679 4946 2738 5004 οὗ
2780 4953 3004 5024 ἡάρχὴ,
3039 4953 3240 5006 Πάντα
3306 4950 3497 5022 τολμᾷ

245 5064 497 5136 γλῶσσα
545 5063 741 5116 δολία.
782 5059 1077 5115 Theodorus
1109 5046 1397 5109 Ruit/tenus
1438 5054 1705 5123 presbyter
1750 5053 1804 5104 in
1849 5050 2077 5103 secunda
2120 5051 2358 5102 oratione
2406 5047 2481 5101 De
2512 5047 2826 5117 indescripto
2861 5049 2935 5117 (3)
2976 5048 3125 5117 cujus
3151 5050 3490 5118 principium,

243 5135 394 5211 Nihil
422 5171 533 5210 non
557 5153 725 5209 audet
759 5151 948 5206 dolosa
973 5150 1178 5219 lingua.
1205 5144 1272 5200 Et
1302 5145 1399 5199 lib.
1431 5164 1447 5201 ι
1488 5141 1554 5197 ad
1589 5143 1829 5214 Sugdaea:

1877 5139 2214 5195 Theodorum
2245 5139 2565 5208 episcopum
2602 5155 2614 5191 :
2661 5136 2718 5190 '0
2742 5138 2840 5206 τῆς
2879 5135 3094 5189 Ῥαἶθοῦ
3121 5139 3488 5209 πρεσϐύτερος

246 5254 546 5323 Θεόδωρος,
565 5254 594 5305 ὁ
620 5248 1120 5320 δογματικώτατος,
1157 5245 1215 5297 ὲν
1238 5242 1314 5313 τῷ
1339 5242 1467 5312 περὶ
1498 5239 1783 5312 ἀγρὰπτου
1813 5238 1957 5307 λόγῳ
1985 5236 2149 5289 αὑτοῦ
2189 5234 2425 5303 δευτέρῳ
2455 5230 2595 5284 οὕτω
2634 5232 2798 5301 φησίν
2824 5248 2837 5261 ·
2877 5231 3132 5316 Οἴδαμεῄ
3151 5224 3244 5286 οἶα
3267 5233 3486 5301 λέγειν,

245 5347 342 5403 καὶ
370 5349 437 5402 τὰ
465 5347 613 5417 ἑξῆς.
668 5343 955 5401 Ruit/tenus
994 5339 1261 5412 presbyter
1303 5336 1599 5391 Theodorus
1643 5336 1699 5388 in
1741 5331 1966 5386 secunda
2002 5347 2099 5384 sua
2137 5328 2375 5382 oratione
2398 5325 2475 5379 De
2518 5324 2833 5395 indescripto
2870 5324 3035 5380 dicit:
3058 5326 3273 5382 Scimus
3309 5327 3488 5394 qnalia

324 5527 688 5599 (5)1nscripto
730 5523 817 5578 hic
841 5533 898 5579 et
940 5537 1064 5577 mox
1098 5522 1289 5577 scribit
1324 5519 1582 5606 Allalius;
1631 5517 1724 5598 sed
1763 5511 2425 5606 tameiiwdiceLndumAesse
2455 5508 2639 5606 potius
2664 5506 2977 5577 indescripto
3015 5500 3398 5606 cognoscitur:

247 5579 403 5672 puio',
429 5579 511 5652 ex
526 5579 675 5672 edito
704 5612 733 5649 a
766 5594 927 5672 nobis
965 5593 1325 5672 antirrhetico
1359 5590 1524 5672 1,.ἳξξι
1556 5579 1881 5658 patriarchae
1920 5582 2211 5656 Nicephori
2239 5582 2503 5637 adversus
2536 5579 2940 5650 Copronymum
2967 5594 2981 5642 ;
3011 5593 3122 5645 quo
3161 5579 3281 5635 loco
3317 5579 3487 5635 etiam

248 5661 601 5725 innninantur
627 5666 868 5721 hieretici
896 5664 1336 5733 Agraptodoceta:
1368 5661 1449 5719 .A.
1480 5661 1551 5715 bl.

536 5762 806 5821 PATROL.
851 5758 964 5817 Gn.
1006 5756 1153 5817 XCI.
2952 5742 3029 5803 Is?
