4080 6282
575 299 720 366 4483

1710 295 2098 357 THEODORI
2147 295 2668 358 RAI'I‘HUENSIS

3705 303 3848 366 148i

573 415 779 477 dicere,
817 420 924 468 etc.
951 410 1140 482 Neque
1168 410 1396 466 alterius
1422 423 1545 464 esse
1567 418 1722 478 puto,
1757 423 1880 478 qua:
1915 407 2044 478 περὶ
2079 407 2166 474 τῆς

2264 405 2368 472 πίας
2402 407 2654 479 Τριάδος,
2681 410 2744 462 de
2768 417 2955 464 sancta
2999 410 3277 479 Trinitate,
3322 414 3580 485 leguntur
3609 416 3669 470 in
3717 416 3824 470 cod

573 508 697 564 Vat.
732 504 856 561 620.
891 505 952 560 P.
984 503 1130 558 Μίαν
1159 498 1300 558 εἶναι
1326 502 1435 556 τῶν
1463 503 1602 556 ὅλων
1629 501 1828 572 ἀρχὴν,
1855 497 1951 553 καὶ
1973 498 2007 568 ὴ
2030 495 2240 550 Παλαιὰ
2269 497 2360 550 καὶ
2391 499 2424 570 η
2449 499 2626 571 Καινὴ
2655 499 2896 555 διδάσκει
2930 501 3121 574 Γραφή
3147 503 3246 574 (4).

646 645 722 711 (ι)
763 643 882 698 Νοη
909 643 971 697 ·ἰη
1008 642 1200 698 codice
1225 641 1352 712 Vat.
1378 641 1763 697 tantummodo
1798 638 1924 702 620,
1956 635 2175 712 [1185,
2208 635 2497 712 sedetiam
2514 641 2598 712 in
2628 639 2815 696 Ottob.
2845 643 2971 706 ιιι,
2995 643 3033 697 f.
3070 645 3192 709 152,
3229 646 3471 700 occurrit
3498 645 3590 700 hic
3627 654 3856 699 tractus

574 705 679 788 sub
707 705 995 788 Theodori
1033 714 1280 768 nomine.
1321 711 1428 767 Sed
1458 714 1646 788 verius
1697 713 1752 766 in
1790 711 1912 788 γει.
1947 705 2110 786 2026,
2151 705 2320 788 [χ’ί85
2342 709 2483 779 gerit
2512 709 2846 788 'l‘beodoreti
2873 705 3099 788 nomen,
3125 705 3377 788 egcujus
3406 731 3601 786 reapse
3632 716 3796 770 libro
3823 732 3852 768 ν

574 783 778 840 Haeret.
807 783 920 839 fab.
946 794 1266 854 excerptum
1304 797 1446 849 esse,
1481 784 1731 854 adeoque
1758 782 1896 837 nihil
1931 781 2060 834 novi
2083 781 2391 845 continere,
2431 795 2534 852 ego
2560 781 2746 852 legens
2768 785 3036 853 comperi.
3068 786 3132 842 Α.
3163 786 3234 839 Μ.

588 979 3826 1024 W

1729 1143 2693 1264 ΘΕΟΔΩΡΟΥ

1616 1361 2235 1420 ΠΡΕΣΒΥΤΕΡΟΥ
2290 1364 2457 1418 ΤΗΣ
2507 1361 2819 1419 ΡΔΙΘΟΥ

581 1525 1060 1596 Προπαρασκευή
1092 1543 1180 1590 τις
1222 1526 1318 1580 καί
1348 1528 1675 1598 γυμνασία,
1705 1527 1787 1594 τῷ
1811 1525 2171 1594 ,βουλομένῳ
2214 1523 2430 1596 μαθεῖν
2473 1527 2567 1594 τίς
2618 1530 2651 1582 ὀ
2695 1527 2916 1597 τρόπος
2946 1526 3058 1596 τῆς
3107 1525 3270 1590 θείας
3304 1522 3853 1592 ἐνανθρωπήσεως.

970 1617 1067 1672 καί
1098 1620 1466 1688 οἰκονομίας,
1496 1618 1626 1675 καθ’
1660 1620 1734 1676 ὃν
1761 1621 2120 1690 πέπρακται,
2147 1617 2246 1672 καὶ
2269 1618 2406 1672 τίνα
2430 1620 2503 1674 τὰ
2531 1619 2683 1688 πρὸς
2708 1619 2852 1686 τοὺς
2885 1616 3219 1687 ταύτηνμὴ
3243 1613 3429 1687 ὀρθῶς

1281 1713 1575 1780 νοοῦντας
1597 1713 1892 1784 λεγόμενα
1919 1711 2078 1780 παρὰ
2105 1709 2223 1766 τῶν
2257 1707 2371 1780 τῆς
2406 1711 2768 1780 Ἐκκλησίας
2807 1711 3124 1781 τροφίμων.

1735 2027 2714 2156 THEODORI

1533 2269 2095 2330 PRESBYTERI
2163 2267 2902 2330 RHAITHUENSIS

586 2420 980 2500 Praparatio
1019 2417 1297 2501 quadam
1334 2428 1390 2480 et
1441 2419 1816 2478 exercitatio
1865 2417 1934 2478 in
1979 2419 2112 2498 ejus
2155 2418 2426 2497 gratiam
2477 2417 2586 2497 qui
2648 2415 2887 2479 discere
2935 2417 3144 2496 cupit.
3200 2418 3507 2498 quomodo
3553 2421 3726 2502 facta
3767 2415 3854 2484 si‘

1191 2519 1556 2582 incarnatio
1596 2517 1836 2590 divina,
1877 2527 1932 2578 et
1965 2535 2100 2596 quae
2129 2518 2205 2580 ab
2242 2518 2541 2580 Ecclesia:
2575 2516 2848 2579 alumnis
2887 2527 3108 2578 contra
3144 2535 3246 2579 eos

1457 2623 1568 2703 qui
1595 2640 1725 2684 non
1763 2633 1928 2685 recte
1974 2622 2048 2684 de
2090 2643 2159 2685 ea
2193 2635 2546 2698 senserunt,
2590 2622 2762 2686 dicta
2793 2633 2966 2684 sunt.

1703 2791 1986 2855 Interprete
2011 2791 2273 2843 Francisco
2309 2790 2550 2842 Turriano
2573 2791 2631 2841 S.
2677 2792 2722 2840 J.

1491 2921 1780 2992 (GALLAND.
1815 2921 1923 2977 νοτ.
1952 2920 2179 2976 Patrum
2208 2918 2458 2976 Biblioth.
2495 2928 2535 2974 t.
2579 2918 2717 2985 χιιι,
2749 2934 2803 2990 p.
2831 2917 2942 2982 2|).

645 3213 968 3276 Absurdum
1033 3213 1300 3281 arbitror,
1361 3224 1418 3269 et
1466 3223 1618 3270 recte
1667 3213 1894 3284 quidem
1945 3231 2034 3272 me
2075 3233 2162 3271 ar-
2195 3223 2239 3281 Α

576 3305 776 3365 bimari
811 3302 1001 3377 judico
1062 3319 1076 3356 :
1144 3312 1231 3358 est
1283 3303 1434 3358 enim
1490 3317 1685 3358 revera
1737 3302 2065 3367 absurdum,
2117 3304 2162 3358 si

578 3400 618 3454 li
673 3396 900 3469 quidem
944 3395 1039 3466 qui
1093 3395 1161 3450 ad
1191 3394 1458 3451 tuendum
1498 3395 1853 3451 mendacium
1885 3395 2164 3467 Eutyche-

577 3492 654 3547 tis
698 3499 757 3546 et
797 3488 1052 3544 Dioscori
1099 3488 1519 3558 conspirarunt,
1557 3497 1615 3544 et
1647 3495 1844 3544 contra
1870 3488 2163 3544 veritatem

579 3580 935 3646 militant,.ita
979 3580 1201 3656 fortiter
1224 3590 1282 3636 ct
1310 3580 1605 3652 vigilanter
1632 3581 1806 3636 solam
1855 3581 2160 3638 Ecclesiam

577 3677 676 3733 Dei
734 3676 1068 3732 catholicam
1125 3682 1184 3729 et
1242 3674 1608 3745 apostolicam
1676 3683 2040 3746 oppugnant,
2103 3685 2164 3729 ut

577 3784 786 3840 pueros
816 3783 968 3833 suos,
1004 3782 1132 3821 cum
1171 3766 1417 3820 nondum
1450 3765 1766 3835 expeditam
1799 3765 2010 3822 habent
2055 3766 2164 3822 lin-

579 3875 768 3932 guam,
793 3869 1091 3930 antequam
1127 3866 1258 3913 eant
1286 3856 1356 3912 ad
1385 3856 1682 3927 magistros
1722 3867 1780 3912 et
1819 3857 2001 3927 prima
2043 3857 2162 3911 ele-

579 3962 766 4010 menta
819 3951 1148 4016 didicerint,
1205 3963 1478 4006 exacuere
1505 3956 1563 4005 et
1606 3949 1885 4006 instruere
1937 3957 2160 4012 curent,

548 4095 550 4098 ,
578 4055 642 4102 ιιι
671 4046 860 4102 dicere
890 4053 948 4102 et
969 4043 1164 4100 audire
1186 4042 1411 4114 possint
1433 4057 1535 4112 pro
1569 4041 1896 4097 defensione
1936 4041 2162 4112 dogma-

549 4140 653 4195 ~tis
693 4137 844 4211 quod
899 4137 1003 4209 ipsi
1049 4125 1431 4206 profitentur:
1475 4150 1577 4189 nos
1623 4149 1761 4189 vero
1817 4133 1890 4188 ita
1939 4133 2162 4188 desides

557 4245 773 4286 .sumus
796 4238 855 4284 et
885 4229 1325 4298 languentes,.ut
1357 4241 1461 4281 nec
1492 4226 1597 4280 hoc
1631 4226 1811 4295 ipsum
1836 4225 2162 4281 studeamus

579 4318 743 4380 scire,
781 4332 913 4387 quae
934 4317 1170 4370 istorum
1216 4315 1292 4370 sit
1333 4322 1528 4369 contra
1562 4314 1873 4370 Ecclesiam
1926 4325 2159 4371 contro-

576 4409 760 4465 versia
788 4426 804 4475 ;
835 4417 892 4463 et
916 4423 984 4463 ex
1021 4407 1228 4478 quibus
1257 4405 1433 4462 initiis
1458 4406 1710 4477 ipsorum
1747 4406 2018 4463 adversus
2057 4424 2162 4463 nos

578 4501 792 4557 exstitit
818 4499 1026 4555 bellum
1053 4507 1155 4564 ;et
1183 4498 1278 4570 qui
1311 4497 1424 4553 sint
1448 4513 1642 4553 eorum
1673 4497 1867 4565 duces,
1899 4514 1930 4554 a
1955 4499 2160 4570 quibus

2341 3217 2575 3270 Ἄτοπον
2615 3211 2792 3286 οἶμαι,
2827 3215 2925 3270 καὶ
2967 3214 3147 3280 καλῶς
3206 3216 3305 3288 μὲν
3348 3217 3512 3271 τοῦτο
3544 3221 3807 3292 νενόμικα
3834 3239 3849 3252 ·

2268 3307 2364 3363 καὶ
2408 3308 2518 3379 γάρ
2561 3307 2710 3362 ἐστιν
2747 3309 2920 3372 ὅντως
2961 3308 3188 3375 ἄτοπον,
3244 3310 3292 3362 εί
3339 3303 3485 3364 οὗτοι
3533 3311 3660 3380 μὲν,
3695 3315 3745 3366 οἱ
3793 3313 3852 3380 εξ

2269 3400 2556 3471 Εὑτυχέως
2601 3401 2697 3455 καὶ
2739 3402 3032 3474 Διοσκόρου
3066 3401 3146 3473 τῷ
3187 3401 3374 3472 ψεύδει
3429 3404 3848 3475 συνιστάμενοι,

2266 3491 2362 3545 καὶ
2399 3493 2819 3564 στρατευόμενοι
2867 3493 3010 3548 κατὰ
3052 3492 3314 3564 ἀληθείας
3339 3535 3353 3558 ,
3378 3495 3522 3549 οὕτω
3562 3497 3854 3567 καρτερῶς

2265 3583 2363 3638 καὶ
2391 3582 2690 3654 ἀγρύπνως
2733 3583 3036 3655 πολεμοῦσι
3084 3584 3186 3656 τὴν
3220 3585 3390 3657 μόνην
3420 3586 3725 3659 καθολικὴν
3755 3590 3852 3641 καὶ

2263 3675 2628 3748 ἁποστολικὴν
2653 3674 2748 3733 τοῦ
2779 3675 2917 3731 Θεοῦ
2953 3677 3280 3750 Ἐκκλησίαν
3299 3694 3312 3708 °
3337 3677 3478 3732 ὥστε
3499 3681 3600 3732 καὶ
3620 3681 3693 3732 τὰ
3721 3681 3851 3749 παρ’

2264 3769 2451 3834 αὐτοῖς
2483 3769 2673 3825 παιδία
2711 3773 2878 3842 μήπω
2902 3771 3278 3843 τρανωθείσης
3308 3769 3494 3834 αὐτοῖς
3536 3771 3636 3841 τῆς
3671 3771 3851 3832 γλὼσο

2265 3877 2388 3932 σης,
2419 3861 2548 3933 πρὶν
2581 3863 2662 3925 είς
2687 3861 3040 3927 διδασκάλους
3086 3863 3364 3933 φοιτῆσαι,
3403 3863 3501 3914 καὶ
3553 3863 3622 3915 τὰ
3653 3863 3850 3933 πρῶτα

2266 3952 2509 4020 στοιχεῖα
2555 3951 2770 4021 μαθεῖν,
2801 3953 3005 4024 ἀκονᾷν
3060 3968 3122 4004 τε
3167 3952 3262 4005 καὶ
3305 3947 3671 4022 ὲμῦισάζειν,
3697 3949 3846 4011 ὅπως

2263 4041 2447 4110 λέγειν
2479 4042 2577 4096 καὶ
2627 4041 2851 4096 ἀκούειν
2897 4042 3147 4096 δύναιντο
3186 4042 3325 4112 ὑπὲρ
3361 4038 3454 4092 τοῦ
3493 4039 3627 4110 παρ’
3657 4039 3844 4102 αὐτοῖς

2265 4133 2704 4206 πρεσϐευομένου
2731 4136 3020 4207 δόγματος,
3050 4136 3200 4207 ἡμᾶς
3230 4119 3287 4187 δὲ
3313 4132 3457 4185 οὕτω
3493 4129 3846 4202 καταῤῥᾳθυυ

2266 4228 2388 4296 μεῖν
2414 4225 2510 4280 καὶ
2540 4225 3020 4291 ἀναπεπτωκέναι,
3053 4225 3128 4290 ὡς
3162 4223 3300 4296 μηδὲ
3332 4222 3466 4277 αὐτὸ
3491 4222 3652 4275 τοῦτο
3681 4237 3847 4274 mu-

2261 4315 2443 4382 δάζειν
2491 4317 2712 4383 εἰδέναι,
2753 4318 2839 4382 τίς
2895 4321 2929 4390 ἡ
2994 4318 3229 4388 διαφορὰ
3284 4317 3491 4370 τούτων
3550 4314 3687 4384 πρὸς
3747 4313 3844 4383 τὴν

2274 4409 2622 4481 Ἐκκλησίαν,
2645 4410 2740 4464 καὶ
2767 4410 2832 4464 ἑκ
2853 4409 3020 4464 ποίων
3046 4409 3233 4480 ἀρχῶν
3264 4410 3293 4462 ὸ
3319 4406 3455 4477 πρὸς
3481 4407 3632 4476 ἡμᾶς
3660 4405 3841 4466 αὐτοῖς

2265 4501 2565 4572 συνέστηκε
2589 4502 2847 4572 πόλεμος,
2883 4503 3031 4566 τίνες
3059 4519 3119 4555 τε
3144 4504 3239 4554 καὶ
3275 4503 3323 4554 οἱ
3362 4499 3636 4572 ἡγεμόνες
3662 4498 3842 4553 αὖτών

560 4593 1070 4668 cognominantur.
1090 4591 1308 4648 idcirco
1340 4605 1452 4647 non
1479 4599 1564 4648 cst
1599 4591 1982 4647 arbitrandum
2015 4593 2160 4646 otio-

2264 4585 2434 4656 οὗτοι,
2463 4591 2558 4660 ἀφ’
2589 4583 2666 4644 ὦν
2697 4590 2882 4662 ἔχουσι
2915 4589 3014 4662 τὴν
3049 4588 3463 4661 προσωνυμίαν.
3522 4588 3623 4640 Διὰ
3671 4585 3843 4639 ταῦτα

562 4702 701 4742 sum
731 4701 860 4742 esse
877 4701 1082 4756 ponere
1129 4685 1185 4740 in
1210 4684 1298 4739 his
1333 4683 1602 4745 studium.
1640 4698 1843 4753 neque,
1881 4683 2012 4755 quia
2063 4683 2159 4737 Dei

571 4775 756 4851 gratia
776 4783 835 4832 et
863 4775 1274 4837 benevolentia,
1325 4771 1381 4828 in
1408 4787 1546 4843 pace
1592 4781 1724 4830 sunt
1749 4787 1839 4828 res
1889 4772 2160 4828 ecclesia-

567 4869 751 4932 alicae.
781 4875 840 4922 et
894 4866 1301 4938 tranquillitate
1355 4880 1420 4920 ac
1449 4863 1638 4934 quiete
1696 4863 1969 4928 fruimur,
2007 4863 2160 4920 omni

565 4959 778 5020 haeresi
803 4959 872 5016 de
899 4958 1083 5015 medio
1111 4957 1332 5014 sublata
1380 4957 1518 5012 etin
1563 4971 1694 5012 suas
1737 4956 1975 5013 latebras
2023 4957 2164 5011 rele-

573 5062 724 5122 gata.
757 5051 1028 5108 continuo
1053 5066 1155 5106 nos
1198 5049 1442 5105 inermes
1477 5047 1689 5104 erimus
1713 5055 1770 5104 et
1817 5047 2032 5106 militia:
2063 5065 2158 5104 ru-

573 5145 709 5209 des;
738 5160 808 5203 ne
833 5143 984 5203 bello
1013 5142 1317 5214 derepente
1347 5141 1522 5205 illato,
1551 5140 1598 5197 si
1627 5141 1762 5196 nudi
1793 5150 1853 5196 et
1886 5141 2157 5214 imparati

571 5233 948 5309 ,rqperiamur.
973 5234 1044 5289 ab
1073 5233 1359 5304 impietate
1389 5233 1731 5288 occidamur.
1787 5234 1928 5290 Dum
1951 5248 2158 5289 secun-

571 5327 670 5390 dis
695 5326 880 5386 ventis
904 5321 1149 5398 navigas,
1188 5336 1394 5392 metue,
1428 5325 1608 5397 inquit
1644 5325 1947 5398 Gregorius
1977 5327 2160 5386 Theo-

575 5421 758 5490 logus,
802 5417 1192 5490 naufragium,
1229 5428 1288 5474 et
1339 5418 1524 5473 minus
1566 5418 1916 5490 naufragium
1961 5417 2156 5482 facies,

579 5510 833 5581 adiutore
871 5524 1006 5567 usus
1049 5516 1221 5566 metti.
1272 5507 1455 5575 Quare
1507 5517 1571 5563 ut
1613 5507 1886 5580 princeps
1919 5518 2157 5580 aposto-

575 5600 760 5659 lorum
821 5601 1022 5654 Petrus
1071 5597 1352 5671 przecipit.
1396 5599 1569 5654 simus
1619 5613 1828 5672 semper
1860 5601 2040 5670 parati
2083 5602 2156 5655 ad

649 5721 732 5810 με)
767 5721 929 5796 Greg.
968 5724 1124 5792 Νη..
1163 5723 1312 5782 Orat.
1383 5740 1469 5780 ιιί
1523 5724 1602 5780 De
1660 5743 1844 5782 amore
1895 5730 2254 5801 paupertatis.

2263 4681 2339 4752 μὴ
2385 4685 2666 4754 πάρεργον
2716 4682 2971 4754 ἡγεῖσθαι
3019 4682 3313 4752 ὀφείλομεν
3352 4682 3450 4752 τὴν
3495 4681 3629 4751 περὶ
3670 4677 3842 4733 ταῦτα

2261 4774 2479 4848 σχολὴν,
2512 4775 2671 4847 μηδὲ,
2701 4775 2784 4829 ὅτι
2822 4774 2961 4828 Θεοῦ
3017 4775 3201 4846 χάριτι
3249 4775 3344 4830 καὶ⁸
3385 4773 3643 4844 εὐμενείᾳ
3689 4775 3843 4841 εἰρη-

2260 4868 2406 4921 νεύει
2427 4869 2496 4921 τὰ
2523 4868 2624 4938 τῆς
2659 4866 3007 4939 Ἐκκλησίας,
3038 4869 3096 4920 ὲν
3121 4867 3332 4938 γαλήνῃ
3359 4883 3421 4920 τε
3451 4865 3546 4919 καὶ
3573 4866 3844 4934 ἀταραξίᾳ.

2261 4958 2450 5028 ἐσμὲν,
2489 4958 2670 5030 πάσης
2723 4959 2992 5031 αίρέσεως
3046 4955 3294 5012 ἐκποδὼν
3345 4959 3425 5024 είς
3476 4957 3608 5018 τοὺς
3639 4955 3842 5022 ἑαυτῆς

2268 5048 2510 5118 φωλεοὺς
2555 5049 3116 5122 κατακεκρυμμένης,
3146 5048 3248 5122 ἤδη
3297 5050 3391 5103 καὶ
3438 5047 3604 5119 ἡμεῖς
3652 5044 3841 5100 ἄοπλοι

2265 5158 2410 5206 τινες
2455 5135 2606 5214 ὦμεν
2639 5141 3066 5214 ἀπειροπόλεμοι
3097 5159 3112 5172 ·
3149 5144 3348 5214 μήπως
3397 5143 3491 5197 καὶ
3554 5143 3710 5212 ἄφνω
3757 5143 3843 5194 ὲν-

2268 5236 2492 5299 στάντος
2520 5235 2784 5306 πολέμου,
2816 5235 3013 5307 γυμνοὶ
3054 5235 3150 5289 καὶ
3181 5236 3560 5307 ἀπαράσκευοι
3590 5233 3843 5305 εὑρεθέν-

2263 5342 2359 5398 τες
2399 5327 2505 5383 ὑπὸ
2543 5329 2641 5399 τῆς
2669 5327 2989 5391 δυσσεϐείας
3017 5327 3418 5399 ἀναιρεθῶμεν.
3470 5326 3617 5389 Ἕως
3664 5326 3723 5392 ὲξ
3757 5326 3846 5378 οὐ-

2267 5418 2390 5490 ρίας
2426 5420 2603 5485 πλεῖς,
2635 5419 2905 5491 φοῦήθητι
2937 5421 2998 5473 τὸ
3025 5421 3305 5487 ναυάγιον,
3335 5418 3501 5490 φησιν
3532 5420 3562 5471 ὁ
3581 5416 3842 5483 Θεολόγος

2255 5512 2724 5588 .Γρηγὸριος(5),
2765 5512 2857 5568 καὶ
2906 5507 3072 5584 ἦττον
3139 5511 3492 5582 ναυαγήσεις.
3553 5511 3620 5580 τῇ
3673 5507 3840 5578 δειλίᾳ

2262 5604 2444 5679 βοηθῷ
2464 5605 2775 5683 χρώμενος.
2795 5605 2990 5666 Τοίνυν
3020 5602 3162 5659 κατὰ
3177 5601 3276 5674 τὴν
3307 5599 3528 5672 ἐντολὴν
3556 5599 3652 5654 τοῦ
3683 5615 3838 5669 κορυο
