4080 6282
265 307 403 370 1485

1536 299 1634 362 DE
1674 298 2264 361 lNCARNATIONE.

3363 311 3501 377 1486

258 424 418 490 φαίου
439 418 547 473 τῶν
570 415 1170 484 ἀποστέλων,Ἐτοιμοι
1196 410 1490 484 γενώμεθα
1510 411 1658 479 πρὸς
1684 411 1833 466 ἀπο-

1945 416 2351 484 satisfactionem
2378 418 2520 470 omni
2540 422 2766 488 poscenti
2804 436 2897 475 nos
2930 423 3187 476 rationem
3207 422 3271 476 de
3293 439 3355 477 ea
3385 440 3503 495 qua:

255 515 475 582 λογίαν
513 512 603 565 ἀεὶ
637 551 652 573 ,
682 511 861 563 παντὶ
895 508 974 573 τῷ
1006 508 1268 562 αἰτοῦντι
1302 506 1460 577 ἡμᾶς
1477 509 1665 576 λόγον
1698 508 1830 574 περὶ

256 604 369 672 τῆς
393 605 463 658 ἐν
478 603 622 671 ἡμῖν
646 602 917 667 ἐλπίδος,
941 600 1091 669 μετὰ
1121 602 1460 669 πραΰτητος
1488 599 1582 653 καὶ
1614 599 1826 667 φόϐου,

255 698 622 765 συνείδησιν
644 695 891 763 ἔχοντες
915 691 1165 761 ἀγαθήν
1188 692 1275 745 ἴνα
1313 690 1372 744 ἓν
1404 691 1513 745 τῶν
1555 691 1832 761 ὁποτέρων

257 790 478 851 παντως
502 789 635 859 ἡμῖν
672 785 892 857 ὑπάρξῃ
923 784 1015 837 διὰ
1056 784 1157 855 τῆς
1207 774 1464 853 τοιαύτης
1518 782 1831 847 ἀξιεπαίνου

260 881 520 951 σπουδῆς,
552 881 584 951 ἢ
616 878 676 932 τὸ
708 877 902 940 σώζειν
938 877 1065 939 τοὺς
1098 872 1542 944 ἀποδιορίζοντας
1580 874 1830 937 ἑαυτοὺς,

257 972 356 1025 καὶ
384 972 449 1024 ὲκ
480 971 580 1041 τῆς
610 972 854 1039 πονηρᾶς
884 968 1212 1039 διακρίσεως
1233 966 1436 1037 ταύτης
1452 966 1650 1029 αὐτοὺς
1678 966 1834 1037 ἐξαρ-

257 1063 475 1126 πάζειν,
515 1060 661 1113 καθά
702 1060 1015 1129 παραινεῖὸ
1053 1057 1171 1109 κατ’
1198 1055 1431 1125 ἐπίκλην
1470 1053 1696 1123 ἀδελφὸς
1738 1053 1831 1106 τοῦ

186 1146 189 1147 ⁷
259 1152 468 1220 Κυρίου
501 1150 575 1219 ’ἢ
618 1150 668 1201 εί
710 1148 786 1219 μὴ
845 1145 1041 1209 τοῦτο,
1079 1146 1184 1199 κᾶν
1226 1145 1607 1216 ἀπορράπτειν
1652 1144 1833 1197 αὐτῶν

260 1246 438 1314 στόμα
472 1245 585 1305 τοῖς
612 1243 841 1305 δικαίοις
868 1240 1131 1310 ἐλέγχοις,
1167 1238 1243 1302 ὡς
1288 1238 1425 1310 μηδὲ
1455 1237 1647 1308 καιρὸν
1688 1235 1833 1307 ἔχειν

258 1338 460 1400 αὐτοὺς
506 1333 936 1407 ἁθυρογλωττείν
983 1331 1129 1386 κατὰ
1190 1332 1288 1401 τῆς
1342 1330 1624 1401 ἀληθείας.
1669 1332 1735 1383 "0
1776 1330 1833 1383 δὲ

255 1428 466 1482 τούτων
518 1424 845 1496 τιμιώτερόν
891 1440 951 1476 τε
988 1423 1085 1476 καὶ
1126 1422 1330 1493 μεῖζον,
1369 1422 1457 1476 ἵνα
1491 1423 1655 1493 ἡμεῖς
1680 1421 1835 1475 αὐτοὶ

258 1522 621 1591 γινώσκωμεν
672 1518 767 1571 καὶ
815 1513 1361 1587 πεπληροφορήμεθα
1394 1514 1479 1583 ἐφ’
1510 1514 1599 1585 οἵᾳ
1651 1513 1836 1567 πίστει

258 1615 572 1683 ἑστήκαμεν
603 1611 696 1665 καὶ
723 1610 1076 1680 καυχώμεθα,
1114 1607 1620 1679 παρῤησιαζόμενοί
1650 1624 1709 1660 τε
1742 1608 1836 1661 καὶ

259 1702 852 1775 ὲλευθεροστομοῦντες
905 1705 969 1773 τῇ
1021 1701 1193 1771 αὐτῆς
1244 1700 1525 1772 ὁμολογίᾳ,
1556 1694 1617 1754 οὗ
1674 1704 1837 1772 χάριν

259 1798 389 1859 τοὺς
436 1763 634 1867 ταύτῃ.
660 1763 1073 1863 ἀντικειμένους
1118 1763 1599 1861 ἀποστρεφόμεθα.
1631 1763 1833 1859 Στοχά-
1870 1763 1910 1817 Β

261 1889 430 1961 ζομαι
461 1889 517 1942 δὲ
561 1889 642 1941 ὅτι
690 1888 785 1941 καὶ⁴
833 1885 975 1940 κατά
1018 1885 1111 1939 τὸν
1166 1884 1359 1954 καιρὸν
1404 1883 1503 1953 τῆς
1535 1882 1836 1935 ἀνταποδό-

264 1997 425 2043 σεως,
459 1978 707 2049 μείζωνὸ
740 1977 929 2048 μισθὸς
952 1977 1103 2030 ἔσται
1132 1976 1227 2029 καὶ
1272 1976 1305 2046 ἡ
1348 1971 1588 2045 ἁποδοχὴ
1635 1972 1837 2026 πλείων

262 2074 378 2135 τοῖς
423 2070 563 2141 μετά
610 2068 867 2139 γνώσεως
900 2067 1199 2140 ἐμμελοῦς,
1240 2067 1525 2138 ἀραρότως
1547 2066 1641 2120 καὶ
1675 2066 1838 2138 ἑδρα-

268 2163 481 2234 σμένως
513 2162 792 2233 ἐχομένοις
815 2162 918 2231 τῆς
946 2158 1250 2226 εὐσεϐείας,
1282 2161 1392 2215 τῶν
1423 2160 1609 2225 ἁπλῶς
1638 2161 1732 2214 καὶ
1762 2160 1839 2223 ὡς

266 2258 458 2328 ἔτυχεν
502 2258 565 2310 ὲκ
608 2254 1095 2327 πατροπαραδότου
1157 2253 1450 2326 συνηθείας
1492 2255 1551 2308 ὲν
1594 2257 1663 2325 τῇ
1699 2254 1837 2324 αύτῇ

268 2351 448 2405 πίστει
475 2348 914 2419 γνωριζομένων.
948 2348 1011 2401 Ol
1045 2346 1145 2418 μὲν
1169 2347 1280 2419 γὰρ
1308 2347 1449 2400 κατὰ
1485 2345 1839 2416 συμϐεϐηκὸς

271 2445 455 2515 μόνον,
487 2445 536 2496 οἱ
558 2443 614 2497 δὲ
642 2442 738 2495 καὶ
764 2441 871 2495 ἀπὸ
890 2440 1126 2503 διανοίας
1152 2440 1248 2493 καὶ
1274 2439 1503 2509 γνώμης
1534 2438 1717 2492 πιστοὶ
1742 2455 1839 2507 γε·-

268 2537 492 2606 γονότες
555 2535 905 2602 εὑρίσκονται
937 2548 954 2564 ο
988 2532 1100 2595 ὡς,
1135 2532 1295 2603 εἴπερ
1353 2530 1545 2601 ἔτυχεν
1595 2530 1840 2594 ἐκείνους

267 2629 397 2691 τοὺς
427 2626 711 2699 ῥᾳθύμους
743 2625 839 2680 καὶ
866 2626 967 2679 οὐκ
996 2622 1381 2691 ὲξεταστικοὺς
1406 2622 1513 2675 ὑπὸ
1544 2620 1841 2693 αἱρετικῶν

268 2721 473 2790 γονέων
524 2719 787 2791 ὑπάρξαι,
811 2718 921 2772 οὐδ’
945 2719 1011 2772 ἂν
1048 2717 1372 2787 ἐφρόντισαν
1430 2716 1531 2785 τὴν
1578 2713 1842 2785 πατρῴαν

268 2812 590 2867 δυσσέδειαν
671 2809 1052 2866 ἀποδύσασθαι
1087 2825 1103 2841 ο
1165 2806 1310 2863 οὕτω
1389 2808 1777 2875 κατάγνωστον
1807 2806 1842 2877 ἠ

267 2905 501 2977 ἀμαθία,
537 2904 632 2959 καὶ
686 2904 747 2957 τὸ
786 2903 862 2975 μὴ
910 2902 1085 2957 θέλειν
1124 2899 1478 2957 διδάσκεσθαι
1508 2917 1522 2931 ·
1553 2898 1643 2954 διὰ
1681 2898 1844 2953 τοῦτο

269 2998 364 3051 καὶ
388 2996 604 3068 εἴρηται
631 3012 646 3029 ⁸
678 2995 907 3064 Σοφίαν
951 2992 1051 3049 καί
1091 2992 1369 3047 παιδείαν
1406 2994 1441 3046 ό
1483 2989 1843 3057 ἐξουθενῶν,

1932 509 1987 560 in
2010 508 2153 561 nobis
2180 518 2255 561 est
2281 524 2390 577 spe,
2417 525 2534 562 cum
2551 512 2803 566 modestia
2828 523 2876 566 et
2904 515 3108 579 timore,
3134 517 3504 571 conscientiam

1933 598 2177 651 habentes
2208 598 2403 651 bonam
2438 600 2463 638 ε
2500 615 2514 651 :
2548 607 2607 652 ut
2636 599 2741 654 hoc
2764 601 3029 657 laudabili
3058 604 3244 659 studio
3269 605 3506 660 alterum

1933 690 2170 744 duorum
2194 690 2421 745 omnino
2446 706 2823 761 assequamur,
2842 703 2901 748 ut
2931 696 3016 750 vel
3050 710 3148 751 eos
3168 697 3348 751 salvos
3382 697 3508 752 red-

1933 781 2130 836 damus
2148 780 2242 851 qui
2257 781 2582 851 semetipsos
2621 792 2907 855 segregant
2926 794 2984 839 et
3004 801 3035 840 a
3060 787 3201 841 mala
3249 800 3502 857 segrega-

1937 878 2083 931 tione
2107 890 2226 942 eos,
2255 885 2514 945 tanquam
2531 892 2599 931 ex
2612 876 2737 947 igne
2759 884 2980 948 ereptos
3011 876 3307 947 rapiamus,
3333 887 3396 933 ut
3415 878 3507 933 ille

1933 965 2029 1036 qui
2068 966 2238 1021 frater
2283 966 2502 1021 Domini
2528 976 2774 1032 vocatur,
2805 970 3108 1025 admoneth
3142 987 3157 1024 :
3188 982 3283 1027 aut
3321 972 3367 1027 si
3396 988 3506 1027 non

1936 1056 2060 1121 hoc,
2086 1072 2149 1111 os
2168 1072 2360 1112 eorum
2376 1058 2569 1112 saltem
2595 1059 2758 1129 justis
2774 1061 3111 1132 argumentis
3135 1062 3506 1129 obstruamus,

1936 1157 1997 1203 ut
2021 1164 2132 1203 non
2162 1149 2403 1205 habeant
2455 1161 2675 1221 tempus
2717 1152 2939 1207 laxandi
2975 1168 3039 1209 os
3076 1163 3271 1210 contra
3315 1155 3509 1211 Eccle-

1936 1242 2111 1306 siam;
2146 1251 2204 1296 ct
2229 1242 2378 1311 quod
2412 1242 2611 1297 melius
2642 1257 2708 1296 ac
2757 1244 3113 1313 praestantius
3136 1252 3253 1310 est,
3290 1245 3372 1300 uti
3408 1260 3512 1300 nos

1938 1333 2044 1404 ipsi
2104 1350 2504 1407 cognoscamus
2536 1345 2593 1390 et
2630 1345 2789 1391 certo
2838 1336 3099 1403 sciamus,
3151 1337 3208 1392 in
3246 1354 3356 1408 qua
3401 1337 3511 1394 ﬁde

1938 1436 2169 1493 stemus,
2202 1435 2259 1483 et
2281 1428 2583 1498 gloriemur
2605 1445 2727 1483 eam
2758 1428 3111 1485 conﬁtentes.
3140 1429 3219 1484 Ex
3243 1446 3355 1500 quo
3391 1430 3507 1496 ﬁat,

1938 1528 2000 1573 ut
2021 1534 2118 1573 eos
2151 1519 2247 1589 qui
2271 1519 2680 1584 contradicunt,
2713 1519 3077 1575 declinemus.
3120 1519 3511 1590 Conjccturam

1937 1625 2075 1665 vero
2122 1610 2289 1677 facio,
2332 1627 2458 1666 cum
2503 1613 2684 1667 aderit
2740 1621 2958 1683 tempus
3003 1612 3508 1678 remunerationis,

1939 1703 2221 1772 copiosius
2272 1718 2393 1758 esse
2442 1704 2880 1759 remunerandos
2912 1720 3029 1769 eos,
3083 1705 3179 1775 qui
3247 1706 3510 1773 scienter,

1939 1796 2097 1851 ﬁrme
2133 1812 2199 1851 ac
2228 1804 2553 1852 constanter
2575 1797 2837 1867 pietatem
2877 1798 2933 1852 in
2982 1799 3153 1853 Deum
3193 1798 3510 1863 coluerunt,

1937 1906 2101 1961 quam
2126 1892 2221 1962 qui
2257 1892 2605 1962 simpliciter,
2625 1903 2682 1947 et
2715 1906 2944 1963 propter
2978 1909 3190 1949 morem
3216 1910 3251 1949 a
3287 1894 3515 1965 majori-

1937 1973 2043 2035 bu's
2072 1982 2189 2036 suis
2225 1981 2487 2036 traditum
2540 1982 2596 2037 in
2651 1983 2846 2037 eadem
2903 1983 3009 2039 ﬁde
3056 1995 3204 2040 sunt.
3246 1984 3333 2039 llli
3363 1985 3514 2040 enim

1940 2071 2135 2127 ﬁdeles
2175 2082 2560 2136 numerantur,
2596 2075 2726 2144 quia
2765 2090 2896 2129 casu
2938 2075 3119 2131 solum
3158 2076 3349 2132 ﬁdeles
3392 2092 3515 2132 esse

1938 2156 2385 2234 cognoscuntur;
2419 2164 2642 2232 hivero,
2679 2181 2805 2221 cum
2858 2165 3224 2238 intelligentia
3264 2177 3322 2223 et
3361 2168 3516 2239 judi-

1940 2254 2069 2309 cio:
2105 2263 2165 2309 ut
2202 2257 2315 2326 jam
2348 2257 2394 2311 si
2423 2257 2498 2312 ita
2519 2258 2819 2322 evenisset,
2846 2268 2907 2314 ut
2935 2259 3017 2314 illi
3051 2259 3294 2326 desides,
3341 2270 3398 2317 et
3420 2264 3517 2333 qui

1940 2348 2080 2402 nihil
2101 2349 2411 2418 inquirunt,
2438 2365 2505 2405 ex
2530 2351 2801 2407 haereticis
2828 2352 3152 2421 parentibus
3172 2354 3287 2408 nati
3307 2364 3517 2418 essent,

1942 2442 2081 2496 nihil
2112 2451 2400 2498 curassent
2452 2452 2739 2513 paternam
2782 2445 3124 2515 impietatem
3151 2462 3395 2514 exuere;
3430 2465 3521 2503 us-

1942 2551 2051 2605 que
2100 2536 2239 2591 adeo
2284 2546 2341 2591 et
2386 2536 2755 2606 vituperabile
2806 2546 2892 2591 est
2945 2537 3224 2609 ignorare,
3276 2549 3334 2594 et
3374 2540 3521 2597 nolle

1942 2627 2182 2690 discere,
2219 2628 2429 2682 idcirco
2482 2629 2619 2683 dicit
2653 2628 2942 2699 Scriptura
2976 2648 2991 2683 :
3039 2629 3143 2696 Qui
3199 2634 3523 2703 sapientiam

1943 2728 1992 2772 et
2012 2718 2349 2790 disciplinam
2374 2721 2595 2790 spernit,
2630 2721 2820 2783 miser;
2876 2722 2967 2790 qui
2996 2738 3118 2776 vero
3167 2732 3316 2775 amat
3361 2711 3540 2777 disci;

1944 2810 2171 2880 plinam,
2234 2811 2461 2863 inveniet
2520 2811 2868 2881 cognitionem
2917 2827 3035 2864 cum
3085 2812 3302 2882 justitia
3335 2813 3377 2866 ἱ.
3448 2812 3522 2871 Ut

1943 2910 2128 2957 autem
2157 2901 2495 2968 faciliajﬁant
2524 2901 2721 2956 lectori
2746 2901 2909 2972 hujus
2939 2901 3066 2956 libri
3089 2917 3155 2957 ea
3179 2918 3301 2972 quae
3326 2911 3541 2959 contra

1945 2992 2293 3047 adversarios
2318 2991 2599 3057 dicuntur,
2631 2992 2811 3048 visum
2832 3002 2916 3047 est
2946 2994 3321 3048 necessarium
3347 3009 3522 3064 pauca

269 3087 647 3154 ταλαίπωρος
670 3101 687 3120 ο
733 3089 765 3139 ό
821 3084 890 3139 δὲ
935 3082 1183 3153 ἀγαπῶν
1234 3083 1532 3148 παιδείαν,
1598 3080 1844 3150 εὑρήσει

1946 3084 2195 3155 (ιιιτειιοηι
2242 3084 2325 3150 .ad
2381 3084 2744 3155 aperiendum
2788 3084 3005 3141 aditum
3058 3086 3340 3151 scribere,
3395 3086 3523 3143 inde

269 3177 498 3249 γνῶσιν
530 3178 681 3248 μετά
727 3176 1141 3243 δικαιοσύνης.
1192 3175 1311 3228 Ἵνα
1356 3174 1414 3228 δὲ
1462 3173 1709 3244 εῦληπτα
1746 3174 1843 3242 γέ-

1954 3177 2228 3248 principio
2262 3186 2481 3256 sumpto
2519 3196 2533 3232 :

271 3289 431 3341 νηται
462 3270 627 3324 παντὶ
655 3268 734 3341 τῷ
754 3269 1135 3339 ἐντυγχάνοντι
1181 3266 1259 3337 τῷ
1298 3266 1645 3338 προκειμένῳ
1701 3268 1976 3340 πονήματι
2017 3268 2086 3321 τὰ
2132 3269 2270 3340 πρὸς
2311 3270 2438 3333 τοὺς
2466 3268 2534 3321 δι’
2564 3268 2815 3349 ἐναντίας
2877 3268 3166 3342 λεγόμενα,
3199 3266 3372 3340 μικρά
3405 3282 3525 3322 τινα

271 3363 409 3436 πρὸς
452 3360 766 3432 εἰσαγωγὴν
817 3358 1073 3425 συντάξαι
1130 3359 1427 3428 ἀναγκαῖον
1472 3355 1701 3429 ἐνόμισα
1729 3398 1743 3425 ,
1770 3352 1840 3431 ἦς
1877 3361 1972 3413 καὶ
1999 3359 2327 3433 ἀρχόμενος,
2353 3357 2498 3416 οὓτω
2525 3360 2668 3433 φημί
2698 3377 2713 3391 ·

795 3480 953 3544 Δόξα
991 3478 1317 3544 Μάνεντος.

340 3599 532 3670 Μάνης
563 3599 592 3652 ὁ
623 3596 717 3652 τοῦ
752 3597 1033 3651 ἀντιθέτου
1066 3597 1292 3658 σκότους
1338 3595 1637 3668 ὲφευρετὴς
1662 3635 1677 3660 ,
1712 3594 1849 3666 μᾶλ-

270 3693 451 3747 λονδὲ
480 3694 580 3763 τῆς
608 3691 860 3757 ἐξουσίας
909 3688 1006 3743 τοῦ
1055 3688 1280 3751 σκότους
1311 3688 1675 3757 ,ἀνάπλασμα,
1712 3704 1848 3757 φαν-

270 3782 436 3854 τασίᾳ
462 3781 594 3853 ψιλῇ
626 3781 720 3834 καὶ
750 3780 990 3850 σχήματι
1024 3778 1256 3849 διακένῳ
1287 3776 1541 3848 σώματος
1567 3776 1851 3848 ἀνθρωπί-

272 3894 399 3942 νου,
426 3870 848 3943 πεφανερῶσθαι
896 3871 986 3924 τδν
1014 3869 1222 3942 Κύριον
1256 3868 1568 3939 ὲφαντάσθη
1595 3867 1671 3931 ώς
1719 3867 1853 3938 ἀλη-

272 3968 385 4031 θῶς
422 3968 517 4021 καὶ
564 3963 903 4035 ὠνείρωξεν,
944 3962 1108 4027 ὥστε,
1147 3962 1300 4031 φησὶ,
1336 3962 1430 4015 καὶ
1484 3961 1715 4030 πάσχειν
1764 3960 1853 4014 δο-

275 4060 392 4115 κεῖν
437 4058 599 4112 αὐτὸν
647 4057 744 4111 καὶ
791 4055 1091 4127 πράττειν,
1136 4053 1279 4124 ἅπερ
1314 4053 1443 4122 ἔδρα
1492 4055 1586 4107 καὶ
1617 4053 1853 4107 πέπονθε

275 4151 584 4222 καθ’ήμᾶς,
609 4149 772 4220 μηδὲν
809 4149 865 4203 δὲ
921 4146 1123 4201 τούτων
1165 4147 1453 4217 πράγματι
1490 4146 1585 4200 καὶ
1628 4145 1854 4217 ἀληθεία

2487 3480 2675 3552 Opinio
2702 3480 3001 3537 Hanicltan'.

2026 3593 2355 3649 Manichatus
2406 3592 2665 3648 inventor
2703 3592 3058 3647 tenebrarum
3097 3593 3523 3658 contrariarum,

1956 3686 2068 3741 imo
2100 3694 2418 3757 apotestate
2464 3686 2819 3740 tenebrarum
2852 3686 3183 3749 instructus,
3234 3686 3392 3741 ﬁnxit
3432 3696 3529 3741 aut

1958 3778 2277 3843 somniavit,
2304 3777 2624 3848 apparuisse
2654 3777 2946 3832 Dominum
2974 3778 3318 3847 phantastice
3348 3779 3528 3833 solum

1958 3880 2014 3925 et
2045 3870 2194 3925 inani
2238 3870 2409 3940 ﬁgura
2441 3870 2693 3939 corporis
2724 3870 2950 3925 humani
2978 3886 2993 3935 ;
3026 3871 3099 3924 ita
3134 3878 3194 3924 ut
3225 3870 3525 3932 videretur,

1960 3962 2164 4032 inquit,
2201 3963 2334 4032 pati,
2363 3971 2420 4017 et
2448 3977 2611 4032 agere
2636 3975 2759 4031 qua:
2790 3960 3007 4031 agebat,
3058 3968 3113 4014 et
3146 3975 3363 4030 passus»
3384 3975 3528 4023 esse.
3600 3977 3611 3986 ’

1958 4057 2103 4111 sicut
2129 4071 2264 4122 nos;
2286 4056 2427 4110 nihil
2451 4064 2635 4109 tamen
2670 4054 2852 4123 reipsa
2875 4062 2931 4108 et
2955 4054 3192 4108 veritate
3222 4052 3526 4113 exstitisse.

1964 4149 2062 4205 sed
2096 4150 2277 4205 visum
2309 4162 2431 4205 esse
2464 4158 2697 4212 tantum,
2726 4157 2783 4202 et
2804 4148 2886 4203 sic
2913 4146 3046 4201 falsa
3079 4147 3263 4217 specie
3293 4145 3531 4200 illusisse

274 4246 533 4317 ὑπάρξαι,
560 4242 695 4299 ἀλλά
709 4242 925 4311 δοκήσει
952 4240 1112 4313 μόνον
1139 4240 1231 4294 καὶ
1251 4239 1437 4311 ἀπάτῃ
1473 4237 1844 4293 ἀποδουκολεῐι

1965 4241 2303 4307 hominibus,
2329 4257 2453 4297 cum
2485 4241 2686 4311 quibus
2722 4239 2933 4295 versari
2968 4239 3286 4309 putabatur.
3324 4237 3536 4292 Idcirco

272 4341 403 4404 τοὺς
454 4336 807 4409 ἀνθρώπους,
843 4330 926 4398 οἷς
979 4335 1073 4388 καὶ
1122 4331 1592 4402 συνανεσ-ιράφθαι
1646 4331 1844 4400 νενόμι-

1965 4349 2076 4388 non
2100 4334 2216 4387 vult
2239 4332 2423 4389 dicere
2448 4332 2502 4385 in
2538 4332 2770 4386 Domino
2785 4330 2922 4384 duas
2944 4337 3193 4391 naturas,
3215 4327 3309 4382 sed
3348 4341 3533 4390 unam.

277 4448 423 4489 σται.
455 4430 549 4485 Διά
565 4429 722 4485 τοῦτο
744 4424 946 4480 καὶδύο
974 4424 1163 4492 φύσεις
1189 4424 1530 4494 παραιτεῖται
1555 4421 1734 4489 λέγειν
1767 4421 1844 4473 ὲπ¹

1968 4425 2180 4479 scilicet
2202 4425 2541 4489 divinitatis;
2566 4423 2695 4493 quia
2720 4422 2891 4492 ﬁgura
2919 4421 3010 4477 illa
3045 4422 3112 4475 ad
3132 4419 3429 4475 fallendum
3460 4420 3535 4473 si-

273 4524 371 4578 τοῦ
433 4522 658 4594 κυρίου,
721 4518 857 4575 ἀλλὰ
910 4518 1040 4588 μίαν
1070 4516 1168 4588 τὴν
1212 4516 1311 4585 τῆς
1365 4514 1632 4583 θεότητος,
1663 4512 1739 4574 ὡς
1770 4512 1844 4566 ἅτε

1972 4517 2195 4577 mulata,
2222 4515 2445 4584 indigna
2470 4514 2754 4568 videretur
2776 4513 3000 4566 nomine
3024 4520 3235 4566 natura:
3259 4511 3535 4566 humanae.

274 4616 373 4669 τοῦ
401 4612 869 4685 πεφενακισμένου
901 4608 1132 4682 [ἐκείνου
1164 4607 1461 4677 σχήματος,
1495 4604 1571 4675 μὴ
1602 4601 1858 4672 ἀξιουμέ-
2304 4642 2305 4645 η
2368 4618 2375 4627 ι

275 4704 395 4778 νου]
428 4707 560 4776 παρ’
585 4703 750 4759 αὑτοῦ
808 4700 1118 4773 ἀνθρωπίνη
1173 4697 1333 4769 φύσις
1373 4692 1856 4765 κατονομάζεσθαι.

622 4819 779 4884 Δόξα
808 4818 1055 4873 Παύλου
1095 4810 1510 4884 Σαμοσατέως.

349 4934 562 4999 Παῦλος
607 4934 663 4988 δέ
699 4951 785 4996 τις
818 4932 996 5001 τούτῳ
1032 4929 1109 4999 τῷ
1144 4928 1384 4984 Μάνεντι
1416 4925 1716 4998 σύγχρονος
1764 4940 1858 4993 γε-

274 5025 489 5096 γονὼς,
525 5025 880 5094 Σαμοσατεὺς
936 5023 1036 5093 μὲν
1080 5019 1141 5072 τὸ
1185 5018 1364 5087 γένος,
1413 5015 1747 5085 Ἀντιοχείας
1803 5014 1859 5067 δὲ

276 5121 379 5190 τῆς
413 5119 616 5190 Συρίας
645 5117 927 5187 πρόεδρος,
956 5112 1111 5184 ψέιιδν
1137 5111 1423 5182 ἄνθρωπον
1448 5105 1585 5163 εἶναι
1623 5109 1716 5161 τὸν
1748 5106 1860 5159 Κύ-

2300 4798 2498 4871 Opinio
2518 4796 2679 4854 Pauli
2699 4795 3111 4852 Samosatensis.

2036 4914 2241 4971 Paulus
2270 4913 2519 4985 quidam,
2555 4912 2647 4984 qui
2683 4911 2788 4965 fuit
2811 4919 2970 4966 aetate
2997 4904 3302 4969 Manichaei,
3337 4919 3539 4976 genere

1962 5008 2389 5072 Samosatensis,
2415 5007 2709 5077 episcopus
2737 5013 2919 5058 autem
2945 5000 3254 5057 Antiochiae
3277 4998 3330 5052 in
3356 4997 3537 5069 Syria,

1959 5102 2278 5171 blaspheme
2325 5099 2646 5170 pra-dicavit
2712 5110 2831 5150 esse
2887 5095 3181 5149 Dominum
3256 5090 3540 5144 hominem

281 5181 399 5282 pinv
432 5181 826 5280 ὲδῦσφήμησεν
854 5222 869 5239 ·
918 5181 1109 5275 ὥσπερ
1129 5204 1186 5257 δὲ
1226 5181 1306 5266 είς
1333 5202 1566 5254 ζκαστον
1594 5198 1706 5254 τῶν
1733 5215 1844 5269 προ

1962 5204 2200 5260 tantum,
2229 5204 2283 5249 et
2313 5192 2593 5247 habitasse
2616 5188 2859 5245 Verbum
2892 5188 2947 5242 in
2969 5202 3036 5241 eo
3060 5184 3268 5240 sicutin
3289 5181 3539 5254 quolibet

281 5305 491 5377 φητῶν,
521 5302 665 5357 οὕτω
691 5302 786 5355 καὶ
813 5301 871 5353 ὲν
901 5298 1050 5367 αὐτῷ
1073 5295 1329 5366 γενέσθαι
1373 5294 1468 5347 τοῦ
1512 5291 1651 5346 Θεοῦ
1681 5291 1858 5359 Λόγου

279 5396 382 5468 τὴν
407 5394 654 5466 οἴκησιν·
692 5391 847 5447 ἐνθεν
864 5393 960 5445 καὶ
991 5390 1088 5443 δύο
1114 5388 1306 5461 φύσεις
1340 5383 1687 5457 διῃρημένους
1701 5380 1859 5452 ἑχού-

284 5506 387 5552 σας
431 5490 525 5541 καὶ
570 5485 965 5556 ἅκοινωνήτους
1021 5482 1158 5555 πρὸς
1212 5479 1413 5541 ἑαυτὰς
1471 5473 1612 5529 εἶναι
1659 5475 1863 5528 παντά-

285 5599 456 5637 πασιν
491 5583 548 5635 ὲν
587 5579 664 5652 τῷ
691 5576 932 5648 Χριστῷ,
968 5575 1128 5629 ἄλλου
1178 5573 1329 5634 ὄντος
1377 5569 1545 5623 αὐτοῦ
1598 5566 1692 5620 τοῦ
1732 5568 1864 5635 Χριο

362 5743 389 5787 ⁸
421 5741 446 5801 ι
482 5741 629 5799 Petr.
665 5754 746 5803 ιιι,
799 5738 886 5803 l5,
932 5733 1017 5791 16.
1094 5732 1119 5772 ιτ
1151 5730 1276 5787 Jud.
1314 5731 1399 5784 l9.
1485 5731 1495 5767 ξ
1532 5726 1658 5799 Sap.
1701 5740 1780 5787 ιιι,
1826 5722 1879 5780 2.

1958 5304 2024 5342 ex
2045 5301 2278 5340 numero
2315 5284 2751 5354 prophetarum:
2792 5280 2939 5335 unde
2968 5277 3154 5333 aiebat
3200 5276 3339 5331 duas
3378 5284 3542 5328 natu-

1966 5394 2055 5433 ras
2078 5392 2199 5431 esse
2227 5377 2283 5430 in
2315 5374 2539 5429 Christo
2573 5372 2801 5435 divisas,
2852 5371 2937 5425 vel
2991 5371 3111 5425 sine
3160 5367 3271 5423 ulla
3317 5365 3538 5436 penitus

1969 5470 2114 5522 inter
2134 5482 2191 5521 se
2225 5456 2614 5521 communione
2640 5481 2656 5529 ;
2718 5472 2975 5531 tanquam
3005 5460 3147 5514 alius
3171 5465 3319 5512 esset
3368 5452 3543 5508 (ἰιιτιοη

1971 5570 2110 5625 stus,
2142 5565 2199 5613 et
2228 5557 2369 5612 alius
2399 5555 2495 5628 qui
2544 5554 2601 5612 in
2638 5542 2764 5627 ipso
2789 5553 3069 5611 habitabat
3106 5550 3252 5606 Deus
3279 5544 3552 5606 Verbum.
