4080 6282
565 345 700 409 1487

1701 341 2089 402 THEUDOil-i
2129 343 2651 406 RIIAITUENSIS

3695 346 3833 423 1488

564 465 655 520 lia:
685 463 875 536 prims
907 461 1146 532 origines
1181 474 1367 524 unam,
1392 471 1447 514 ct
1481 459 1616 515 duas
1653 471 1875 514 naturas
1921 461 1978 514 in
2018 461 2113 515 Sal-

2245 462 2393 525 στοῦ,
2432 466 2526 518 καὶ
2581 464 2743 519 ἄλλου
2794 466 2888 520 τοῦ
2938 467 2996 520 ὲν
3047 468 3198 539 αύτῷ
3249 470 3642 536 κατοικοῦντος
3690 474 3832 529 Θεοῦ

561 563 751 610 vatore
773 552 997 609 Christo
1022 567 1191 624 prave
1228 560 1283 606 et
1326 549 1644 621 blaSplieme
1670 550 1988 620 proﬁtendi.
2039 552 2136 607 illa

560 645 965 703 humanitatem
995 644 1245 710 tollebat,
1276 644 1394 699 haec
1420 642 1791 699 divinitatem.

1064 931 1255 1002 Opinio
1286 931 1629 1003 Apollinarii.

625 1051 748 1109 Non
766 1048 966 1120 exiguo
986 1054 1113 1117 post
1137 1055 1385 1115 tempore
1412 1044 1612 1114 prasul
1649 1044 1936 1100 Laodicea:
1963 1044 2133 1117 Syria:

556 1144 851 1201 maritima:
898 1138 1276 1210 Apollinarius
1335 1138 1412 1211 (6)
1463 1138 1693 1193 alterius
1752 1138 1977 1193 insaniae
2023 1137 2130 1192 fuit

557 1245 773 1292 auctor.
809 1233 948 1290 Cum
991 1231 1140 1287 enim
1175 1231 1367 1285 Ariani
1395 1245 1618 1285 carnem
1652 1229 1858 1286 Christi
1903 1230 2132 1285 omnino

557 1329 912 1385 inanimatam
943 1340 1066 1382 esse
1089 1324 1360 1390 dicerent,
1406 1322 1590 1378 aiebat
1624 1323 1997 1394 Apollinarius
2042 1338 2131 1379 as-

554 1421 856 1492 sumpsisse
909 1417 1136 1488 quidem
1186 1416 1479 1471 Dominum
1531 1429 1754 1470 carnem
1806 1415 2128 1479 animatam,

553 1521 797 1568 mentem
822 1524 957 1565 vero
988 1515 1230 1564 nostram
1256 1519 1370 1561 non
1396 1505 1758 1577 assumpsisse
1795 1522 1809 1559 :
1845 1521 1948 1561 nec
1980 1505 2130 1559 enim

552 1623 776 1667 carnem
797 1609 952 1664 illam
970 1614 1156 1663 mente
1179 1606 1419 1660 humana
1441 1603 1931 1675 indiguisse,quod
1979 1603 2127 1657 illam

549 1703 697 1760 Deus
719 1699 962 1758 Verbum
991 1700 1088 1771 qui
1129 1713 1253 1754 eam
1284 1697 1564 1759 induerat,
1616 1696 1987 1768 gubernaret;
2031 1710 2128 1751 ne-

2241 553 2439 621 Λόγου.
2476 553 2646 610 Αῦται
2679 558 2777 628 μὲν
2805 555 2899 612 οὖν
2925 561 2984 614 αἱ
3018 561 3237 632 πρῶται
3267 564 3397 630 φυαὶ
3432 564 3531 618 τοῦ
3560 567 3660 636 τὴν
3699 570 3831 636 μίαν

2240 645 2403 712 φύσιν
2430 685 2444 711 ,
2470 649 2565 700 καὶ
2596 650 2697 712 τὰς
2739 650 2833 704 δύο
2864 651 3052 716 κακῶς
3089 654 3181 707 καὶ
3209 653 3514 726 δυσφήμους
3567 656 3832 725 λέγεσὋαι

2239 739 2332 792 ἐπὶ
2386 740 2482 793 τοῦ
2527 741 2784 814 Σωτῆρος
2827 743 3066 814 Χριστοῦ
3107 760 3122 774 ·
3163 746 3224 800 τὸ
3265 746 3368 816 μὲν
3413 749 3502 800 ἐπ’
3535 749 3830 821 ἀναιρέσει

2237 831 2335 902 τῆς
2366 831 2810 904 ἀνθρωπότητος,
2831 834 2894 887 τὸ
2917 833 2974 888 δὲ
2995 834 3093 905 τῆς
3117 835 3388 909 Θεότητος.

2708 945 2865 1010 Δόξα
2917 947 3350 1017 Ἄπολιναρίου.

2306 1057 2517 1127 Χρόνου
2563 1058 2619 1111 δὲ
2649 1059 2709 1112 οὗ
2755 1059 2955 1130 μικροῦ
2987 1063 3272 1132 προϊόντος
3314 1063 3706 1134 ’Δπολινάριός
3745 1084 3834 1130 τις

2236 1147 2502 1218 πρόεδρος
2559 1149 2852 1219 γενόμενος
2915 1151 3238 1216 Λαοδικείας
3280 1153 3381 1223 τῆς
3431 1155 3661 1225 Συρξας,
3730 1156 3835 1224 τῆς

2244 1240 2512 1312 παράλου,
2538 1242 2732 1313 ἑτέρας
2760 1243 3236 1317 ματαιοῳροσύνης
3270 1247 3540 1317 ἡγήσατο.
3571 1248 3700 1300 Τῶν
3719 1253 3832 1320 γὰρ

2246 1332 2540 1402 ’Δρειανῶν
2598 1334 2946 1390 παντάπασιν
2999 1335 3210 1406 ἄψυχον
3264 1337 3536 1406 λεγόντων
3583 1340 3687 1410 τὴν

2233 1424 2444 1496 Κυρίου
2476 1424 2676 1496 σάρκα,
2705 1425 2867 1490 αὐτὸς
2895 1429 2924 1481 ό
2955 1428 3335 1500 Ἀπολινάριος
3366 1429 3496 1502 ἔφη,
3521 1433 3610 1484 ὅτι
3636 1431 3829 1502 σάρκα

2237 1518 2336 1587 μὲν
2360 1518 2768 1589 ἐμψυχωμένην
2801 1519 2946 1591 ψυχῇ
2977 1519 3181 1593 ζωτικῇ
3229 1523 3496 1577 ἀνέλαϐεν
3519 1526 3549 1576 ὁ
3586 1524 3823 1596 Κύρπ.

2231 1608 2355 1663 νοῦν
2379 1609 2436 1662 δὲ
2466 1610 2559 1664 τὸν
2593 1609 2859 1682 ἡμέτερον
2895 1615 2957 1666 οὔ
2988 1615 3304 1685 προσήκατο
3329 1630 3345 1646 '
3380 1616 3518 1686 μηδὲ
3540 1618 3656 1688 γὰρ
3688 1617 3824 1687 δεη-

2239 1701 2402 1772 θῆναι
2454 1701 2576 1766 νοὸς
2615 1702 2959 1772 ἀνθρωπίνου
2985 1706 3203 1778 ἐκείνην
3233 1707 3332 1780 τὴν
3364 1709 3568 1778 σάρκα,
3608 1712 3824 1780 ἠγεμο-

547 1809 658 1866 que
681 1808 880 1865 capere
897 1805 1020 1848 eam
1043 1791 1208 1847 aliam
1238 1789 1350 1845 vim
1380 1789 1782 1860 intelligentem
1815 1795 2016 1858 praeter
2040 1786 2113 1841 di-

2229 1796 2527 1867 νευομένην
2553 1797 2658 1849 ὑπὸ
2698 1786 2994 1868 τοῦάύτὴν
3023 1799 3367 1862 ἐνδεδυκότος
3410 1801 3550 1855 Θεοῦ
3581 1802 3768 1870 Λόγου
3806 1823 3820 1835 ·

547 1886 730 1940 vinam
765 1902 780 1939 :
814 1897 928 1938 non
959 1882 1116 1939 enim
1158 1881 1332 1952 ipsam
1359 1880 1656 1936 humanam
1690 1885 1929 1933 mentem
1961 1891 2126 1948 posse

545 1977 843 2042 sustinere,
876 1984 938 2031 ut
965 1989 1092 2030 cum
1126 1973 1440 2044 potentiore
1473 1982 1530 2028 et
1566 1971 1803 2027 Domino
1830 1970 2124 2049 habitaret.

546 2069 644 2124 His
660 2068 881 2139 positis,
921 2065 1158 2121 allirmat
1194 2080 1359 2121 unam
1399 2073 1654 2118 natu-ram
1698 2077 1821 2117 esse
1866 2061 2031 2117 Verbi
2071 2070 2128 2116 et

544 2163 748 2228 carnis,
773 2163 977 2232 quippe
1013 2173 1139 2215 cum
1161 2173 1292 2215 caro
1325 2156 1651 2227 imperfecta
1670 2156 1747 2211 sit
1779 2151 1840 2209 u't
1875 2155 1948 2210 sit
1981 2163 2127 2210 totus

544 2255 736 2318 homo,
774 2263 831 2308 et
863 2252 934 2308 ob
989 2252 1134 2307 hanc
1183 2265 1429 2316 causam,
1456 2249 1682 2317 indigna
1732 2262 1855 2312 quae
1891 2256 2126 2302 vocetur

543 2354 760 2401 natura.

919 2627 1108 2698 Opinio
1139 2627 1395 2682 Theodori
1423 2625 1776 2698 Mopsuestiw.

622 2749 741 2806 Post
766 2756 920 2802 nunc
949 2744 1351 2816 Apollinarium
1401 2743 1588 2799 statim
1622 2743 1834 2798 exstitit
1866 2734 2122 2797 Theodo-

537 2853 635 2893 rus
673 2836 896 2908 quidam
946 2835 1296 2906 Mopsuestiae
1339 2834 1581 2890 civitatis
1607 2834 1686 2890 sic
1719 2834 2016 2888 nominatae
2063 2833 2117 2887 in

514 2927 729 2983 'Ciicia
758 2926 1074 2998 episcopus,
1108 2925 1202 2995 qui
1241 2939 1309 2980 ex
1353 2931 1468 2979 toto
1508 2923 1897 2979 contradicens
1945 2923 2116 2994 Apol-

534 3018 755 3082 linario,
808 3015 1173 3072 contumelias
1227 3031 1338 3070 non
1383 3015 1533 3070 leves
1576 3011 1771 3070 audaci
1818 3015 2002 3070 animo
2060 3022 2118 3070 et

2229 1887 2364 1942 ἀλλά
2398 1887 2534 1959 μηδὲ
2564 1891 2763 1960 χωρεῖν
2783 1890 2954 1960 αὐτὴν
2981 1891 3149 1963 ἀλλην
3171 1892 3366 1963 νοεράν
3392 1893 3629 1965 δύναμιν
3655 1896 3821 1967 παρᾶ

2227 1979 2327 2050 τὴν
2378 1978 2530 2034 Θείαν
2562 1996 2577 2011 ·
2616 1981 2754 2052 μηδὲ
2790 1983 2899 2054 γὰρ
2948 1983 3111 2038 αὐτὸν
3157 1985 3249 2038 τὸν
3289 1985 3636 2057 ἀνθρώπινον
3683 1987 3820 2040 νοῦν

2229 2070 2532 2140 ὑποστῆναι
2585 2070 2847 2126 δύνασθαι
2885 2073 2986 2144 τὴν
3024 2075 3166 2144 μετά
3210 2074 3304 2128 τοῦ
3355 2077 3672 2147 κρείττονος
3714 2079 3818 2131 καὶ

2229 2160 2506 2214 Δεσπότου
2530 2162 2824 2235 ἐνοίκησιν.
2857 2164 3043 2219 Ταῦτα
3084 2165 3420 2237 ὑποθέμενος
3469 2168 3813 2222 διατείνεται

2231 2253 2361 2322 μίαν
2386 2248 2525 2308 εἶναι
2556 2255 2720 2324 φύσιν
2739 2257 2835 2309 τοῦ
2858 2257 3056 2326 Λόγου,
3079 2259 3173 2312 καὶ
3207 2261 3307 2330 τῆς
3339 2261 3569 2331 σαρκὸς,
3596 2262 3675 2325 ὡς
3708 2263 3813 2316 ire

2225 2345 2324 2414 τῆς
2356 2347 2560 2417 σαρκὸς
2595 2347 2822 2412 ἀτελοῦς
2866 2348 3033 2420 οῦσης
3086 2351 3168 2414 είς
3215 2351 3278 2404 τὸ
3325 2348 3463 2405 εἶναι
3514 2354 3813 2425 ἄνθρωπον

2224 2438 2364 2503 ὅλον,
2417 2441 2510 2493 καὶ
2553 2440 2640 2494 διὰ
2693 2440 2857 2495 τοῦτο
2903 2442 3039 2514 μηδὲ
3087 2443 3264 2511 ἀξίαν,
3312 2448 3474 2514 φύσιν
3529 2462 3814 2518 προσαγο-

2226 2531 2503 2602 ρεύεσθαι.

2524 2643 2683 2710 Δόξα
2711 2643 3015 2714 Θεοδώρου
3045 2641 3492 2715 Μοψουεστίας.

2294 2751 2452 2807 Μετὰ
2493 2753 2685 2809 τοῦτον
2733 2755 2794 2808 δὲ
2847 2754 2942 2809 τὸν
2982 2755 3389 2828 ’Δπολινάριον,
3420 2757 3631 2823 εύθέως
3677 2760 3811 2815 ἀνα-

2222 2842 2476 2912 φαίνεταί
2507 2862 2592 2910 τις
2621 2843 2899 2917 Θεόδωρος
2936 2851 3035 2921 τῆς
3061 2845 3441 2921 Μοψουεστίας
3466 2852 3613 2907 οὕτω
3646 2855 3809 2923 λεγοο

2224 2934 2396 3003 μένης
2431 2939 2489 2989 ἐν
2514 2939 2578 3009 τῇ
2609 2939 2681 3007 γῇ
2710 2939 2821 2992 τῶν
2857 2939 3098 2994 Κιλίκων
3120 2941 3219 3015 τὴν
3246 2945 3544 3015 ἠγεμονίαν
3565 2945 3761 3017 λαχών
3788 2964 3803 2978 ·

2219 3024 2276 3087 ὃς
2315 3027 2379 3078 ὲκ
2412 3026 2708 3100 διαμέτρου
2733 3027 2813 3100 τῷ
2851 3027 3216 3100 Ἀπολιναρίῳ
3240 3032 3577 3104 φερόμενος,
3608 3035 3807 3106 ὕϐρεις

535 3109 703 3166 corde
732 3108 1111 3179 imperterrita
1142 3105 1366 3163 Christo
1394 3105 1562 3162 infert
1581 3147 1596 3170 ,
1629 3107 1759 3160 dum
1784 3123 1912 3162 eum
1941 3123 2113 3162 unum

2218 3116 2279 3170 ού
2313 3117 2410 3181 τὰς
2440 3117 2710 3188 τυχούσας
2762 3119 3014 3194 τολμηρᾷ
3055 3122 3203 3196 ψυχῇ
3229 3123 3321 3178 καὶ
3353 3124 3545 3196 ἀφόϐῳ
3597 3105 3806 3198 καρδία

534 3199 817 3254 hominem
845 3215 878 3255 c
904 3208 1094 3256 nostro
1141 3215 1376 3254 numero
1401 3208 1455 3254 et
1504 3199 1669 3270 vulgo
1708 3199 1994 3256 hominum
2025 3217 2113 3256 vo-

2391 3175 2406 3181 ⁷
2511 3175 2541 3188 ’⁸
2689 3175 2707 3184 ⁷
2861 3175 2874 3192 ⁸
2926 3175 2954 3193 η
2987 3175 3001 3194 δ
3070 3175 3082 3194 δ
3133 3175 3203 3196 δη
3233 3175 3320 3178 Ἶ⁷ί⁷
3357 3175 3419 3194 ’ίῐ
3441 3175 3454 3177 “
3508 3175 3536 3196 ἶ
3599 3175 3804 3198 "V‘I'"'.'

2220 3209 2481 3280 καταχέει
2511 3208 2604 3264 τοῦ
2633 3207 3174 3284 ΔεσπότουΧριστοῦ
3198 3232 3212 3246 ο
3244 3215 3536 3288 ἄνθρωπον
3563 3217 3667 3272 ἕνα
3690 3219 3804 3272 τῶν

531 3299 642 3354 cat,
679 3289 773 3360 qui
804 3305 903 3361 per
935 3304 1289 3361 progressum
1331 3299 1557 3361 accepta
1589 3290 1685 3346 Dei
1709 3292 1907 3361 gratia,
1937 3293 2116 3348 nomi-

532 3394 697 3438 natus
718 3383 887 3438 fuerit
919 3383 1065 3439 Deus
1090 3421 1105 3448 ,
1133 3392 1190 3437 et
1215 3398 1282 3438 ex
1323 3382 1597 3453 baptismo
1627 3383 1682 3438 in
1707 3383 1966 3450 Iordane,
2014 3387 2112 3441 ha-

531 3475 774 3544 ptizatus
813 3474 871 3529 in
913 3474 1139 3529 nomine
1197 3473 1406 3539 Patris,
1453 3483 1512 3530 et
1551 3474 1716 3542 Filii,
1769 3485 1826 3532 et
1871 3476 2113 3548 Spiritus

531 3565 709 3621 sancti
736 3605 751 3629 ,
778 3574 888 3620 etc.
912 3604 928 3630 ,
956 3564 1181 3620 habitus
1210 3566 1286 3620 sit
1310 3565 1512 3637 dignus
1552 3566 1698 3622 inter
1729 3569 1940 3638 primos
1965 3571 2111 3627 dono

531 3655 774 3726 Spiritus
791 3655 990 3712 sancti.
1011 3656 1183 3712 Deum
1209 3664 1394 3713 autem
1417 3657 1661 3722 Verbum
1683 3669 1912 3731 propter
1930 3663 2112 3718 excel-

531 3745 741 3800 lentem
767 3746 1032 3802 virtutem
1065 3748 1206 3819 ejus,
1256 3748 1314 3803 in
1344 3763 1411 3804 eo
1447 3749 1786 3808 habitantem
1816 3794 1831 3820 ,
1875 3769 1978 3824 pro
2006 3755 2109 3810 bo-

528 3854 599 3893 na
638 3855 739 3894 sua
765 3839 1047 3902 voluntate
1081 3844 1492 3900 communicare
1525 3860 1654 3901 cum
1683 3846 1881 3904 eodem
1916 3860 2107 3920 postea

447 3971 452 3974 .
528 3929 601 3985 ad
625 3931 1164 3989 consummationem
1187 3972 1202 3998 ,
1237 3933 1486 3989 divinam
1531 3936 1854 4008 dignitatem
1881 3949 1938 3996 ct
1977 3941 2108 3997 ado-

527 4023 824 4079 rationem.
870 4023 997 4080 Haec
1029 4037 1088 4081 et
1128 4025 1234 4081 alia
1269 4026 1544 4096 ejusmodi
1589 4029 1908 4101 blaspheme
1951 4048 2106 4090 com-

526 4123 748 4171 mentus
782 4116 924 4172 duas
946 4127 1178 4172 naturas
1198 4118 1481 4190 sigillatim
1515 4121 1759 4192 signatas
1793 4124 1932 4180 dicit
1959 4140 2017 4182 se
2047 4127 2104 4181 in

521 4208 746 4263 Christo
777 4224 1079 4278 agnoscere
1100 4250 1114 4274 ,
1148 4211 1329 4264 solum
1362 4212 1690 4270 habitudine
1732 4215 1878 4271 inter
1907 4233 1966 4273 se
1991 4219 2105 4274 col-

523 4299 681 4352 latas.
713 4297 840 4352 Haec
867 4307 955 4352 est
980 4300 1222 4353 secunda
1249 4299 1497 4366 haeresis,
1536 4319 1658 4372 qua:
1700 4315 1824 4375 post
1871 4308 2101 4365 Paulum

523 4391 970 4446 Samosatenscm
996 4405 1163 4446 unam
1193 4399 1470 4459 naturam,
1495 4403 1554 4449 et
1594 4396 1732 4452 duas
1778 4411 2004 4457 naturas
2030 4403 2102 4456 εἱ-

521 4480 755 4552 9ἱίίαιὶιη
774 4483 1016 4553 signatas
1044 4481 1121 4556 (7)
1146 4499 1316 4554 prave
1341 4484 1396 4541 in
1426 4486 1650 4544 Christo
1669 4492 1990 4551 conﬁtetur.

1089 4684 1276 4757 Opinio
1307 4685 1557 4743 Nestorii.

589 4777 723 4832 Post
748 4776 850 4833 hos
874 4777 980 4834 fuit
1003 4778 1238 4848 quidam
1257 4777 1482 4834 nomine
1503 4779 1796 4840 Nestorius
1823 4787 2096 4845 oriundus

517 4887 585 4925 ex
614 4868 968 4925 Germanicia
995 4869 1052 4924 in
1084 4870 1261 4943 Syria.
1300 4873 1502 4931 Factus
1521 4884 1606 4932 est
1638 4877 1878 4934 clericus
1900 4879 2097 4936 Antio-

510 4964 671 5029 chiae,
690 4980 813 5034 quae
828 4963 938 5020 sita
950 4965 1197 5036 estjuxta
1213 4967 1478 5024 Orontem
1496 4968 1745 5038 ﬂuvium,
1763 4981 1820 5028 et
1837 4973 2096 5030 Ecclesiae

509 5054 1138 5127 Constantinopolitanae
1163 5056 1402 5126 praefuit.
1436 5058 1539 5116 Hic
1573 5076 1768 5117 rursus
1796 5077 1932 5118 voce
1953 5062 2093 5119 dua-

511 5161 635 5199 rum
671 5156 994 5202 naturarum
1020 5147 1075 5202 in
1109 5147 1333 5206 Christo
1371 5166 1542 5222 prave
1575 5152 1786 5209 abusus
1811 5162 1917 5221 est,
1950 5155 2094 5213 sicut

512 5239 750 5308 majores
765 5241 886 5311 ejus
912 5241 1117 5296 Paulus
1131 5252 1187 5298 et
1207 5241 1533 5300 Theodorus
1562 5263 1574 5299 :
1591 5261 1702 5301 non
1717 5247 1868 5303 enim
1897 5264 2091 5306 nume-

508 5347 631 5386 rum
655 5331 890 5388 duarum
913 5342 1236 5390 naturarum
1260 5335 1515 5404 aﬂirmat,
1546 5348 1608 5393 ut
1640 5340 1931 5398 veritatem
1947 5342 2088 5399 divi-

2218 3300 2342 3354 καθ’
2373 3302 2521 3372 ἡμᾶς
2547 3303 2730 3357 κοινὸν
2750 3305 3062 3368 ἀποκαλῶν,
3089 3307 3184 3361 καὶ
3207 3302 3271 3362 ἐκ
3292 3311 3578 3384 προκοπῆς
3605 3310 3805 3365 λαϐόν-

2217 3410 2285 3446 τα
2334 3395 2436 3464 τὴν
2492 3395 2654 3467 χάριν
2691 3397 2786 3450 τοῦ
2811 3389 2968 3464 Θεοῦ,
3002 3399 3133 3454 Θεὸν
3156 3400 3521 3472 ὀνομάζεσθαι
3552 3421 3567 3435 ⁸
3606 3406 3709 3459 καὶ
3734 3407 3804 3460 ἑκ

2211 3483 2306 3538 τοῦ
2339 3486 2398 3539 ὲν
2429 3485 2508 3556 τῷ
2548 3487 2788 3560 Ἰορδάνῃ
2814 3489 3192 3562 βαπτίσματος
3220 3491 3522 3564 ἀξιωθῆναι
3545 3495 3603 3548 ὲν
3637 3497 3796 3568 πρῶ-

2210 3593 2326 3640 τοις
2355 3577 2458 3649 τῆς
2510 3577 2605 3633 τοῦ
2658 3581 2815 3650 ἁγίου
2851 3582 3170 3654 Πνεύματος
3212 3585 3457 3656 δωρεᾶς,
3489 3589 3574 3651 είς
3610 3588 3796 3660 ὄνομα

2211 3671 2456 3741 Πατέρος
2478 3673 2572 3726 καὶ
2599 3673 2730 3729 Υίοῦ
2749 3676 2844 3729 καὶ
2865 3676 3021 3744 ἁγίου
3052 3677 3364 3751 Πνεύματος
3395 3681 3793 3751 βαπτισθέντα.

2213 3762 2318 3818 Τὸν
2359 3764 2416 3820 δὲ
2461 3765 2596 3819 Θεὸν
2623 3767 2798 3837 Λόγον
2847 3769 2936 3823 διὰ
2973 3771 3077 3842 τὴν
3115 3771 3566 3844 ὑπερϐάλλουσαν
3610 3775 3785 3830 αὑτοῦ

2209 3855 2414 3928 ἀρετὴν
2445 3859 2568 3912 κατ’
2591 3859 2846 3914 εὐδοκίαν
2885 3861 2944 3914 ὲν
2970 3861 3123 3933 αύτῷ
3149 3865 3580 3936 κατοικήσαντα,
3621 3884 3795 3936 μετα-

2192 3947 2396 4004 ιδοῦναι
2426 3949 2582 4021 αὐτῷ
2609 3954 2709 4022 τῆς
2735 3951 2924 4023 θεῖκῆς
2950 3953 3110 4020 ἀξίας
3132 3955 3226 4008 καὶ
3253 3959 3690 4029 προσκυνήσεως
3709 3962 3791 4020 εἰς

2208 4039 2437 4112 ὕστερον
2497 4043 2640 4114 μετὰ
2680 4042 2784 4115 τὴν
2825 4043 3106 4099 τελείωσιν
3130 4061 3145 4076 '
3179 4047 3360 4101 ταῦτά·
3395 4065 3456 4101 τε
3493 4049 3591 4102 καὶ
3623 4051 3789 4121 ἔτερα

2206 4134 2381 4188 πολλὰ
2410 4135 2778 4206 δυσφημήσας
2804 4137 3054 4202 τοιαῦτα,
3083 4139 3178 4192 δύο
3210 4139 3401 4208 φύσεις
3431 4143 3788 4213 ίδιοπεριορί-

2207 4243 2366 4291 στους
2411 4228 2576 4297 φησὶν
2623 4229 2821 4284 εἰδέναι
2862 4231 2957 4285 ἐπὶ
3007 4231 3271 4304 Χριστοῦ,
3300 4233 3488 4303 σχέσει
3532 4236 3647 4288 τινὶ
3685 4237 3782 4288 καὶ

2208 4317 2369 4388 μόνον
2399 4317 2661 4390 ἀλλήλαις
2689 4321 3074 4393 οίκειωμένας.
3095 4324 3332 4396 Δευτέρα
3354 4326 3449 4379 καὶ
3473 4326 3615 4397 αῦτη
3644 4328 3783 4382 πλά-

2205 4425 2274 4480 νη
2298 4407 2397 4462 τοῦ
2433 4409 2565 4481 μίαν
2581 4410 2746 4480 φύσιν
2769 4413 2864 4468 καὶ
2888 4412 2984 4467 δύο
3015 4414 3204 4484 φύσεις
3223 4415 3780 4487 ἰδιοπεριορίστους,

2125 4509 2173 4569 ι)
2205 4500 2281 4572 μὴ
2316 4503 2461 4558 κατὰ
2497 4503 2592 4557 τὸν
2625 4503 2788 4576 ὀρθὸν
2831 4505 2990 4575 λόγον
3037 4507 3422 4580 ὁμολογεῖσθαι
3461 4513 3522 4565 ὲν
3543 4511 3623 4582 τῷ
3648 4513 3783 4584 Χριδ

2201 4609 2330 4664 στῳ.

2717 4712 2874 4778 Δόξα
2935 4715 3286 4786 Νεστορίου.

2267 4786 2422 4855 Μετά
2455 4814 2683 4868 τούτους
2729 4806 2787 4859 δὲ
2847 4805 3056 4872 γίνεταί
3085 4825 3170 4873 τις
3207 4808 3504 4882 Νεστόριος
3531 4811 3781 4884 ὀνόματι,

2197 4891 2257 4956 ὃς
2282 4892 2510 4964 ὡρμᾶτο
2555 4895 2659 4965 μὲν
2711 4897 2824 4951 ἀπὸ
2868 4898 3270 4970 Γερμανικείας
3323 4902 3426 4973 τῆς
3466 4905 3522 4957 ὲν
3553 4905 3728 4978 Συρίᾳ
3762 4926 3777 4938 ·

2197 4985 2498 5058 κληροῦται
2526 4988 2583 5042 δὲ
2606 4990 2666 5045 ἐν
2704 4990 2976 5064 Ἀντιοχίᾳ
3000 4995 3068 5064 τῇ
3103 4994 3262 5067 παρά
3296 4995 3562 5068 Ὀρόντην
3607 5015 3790 5054 ποτα-

2199 5075 2322 5146 μὸν,
2344 5079 2972 5147 Κωνσταντινουπόλεως
3008 5083 3065 5137 δὲ
3109 5085 3203 5138 τὸν
3255 5085 3446 5158 θρόνον
3484 5087 3778 5159 λαμὸἀπι.

2197 5164 2367 5236 Οὗτος
2407 5172 2570 5227 πάλιν
2590 5177 2658 5246 τῇ
2690 5177 2843 5246 φωνῇ
2881 5175 2992 5232 τῶν
3023 5177 3116 5232 δύο
3149 5179 3365 5248 φύσεων
3396 5182 3509 5236 τῶν
3543 5183 3605 5234 ὲν
3637 5182 3683 5234 Χ
3693 5200 3775 5251 με

2157 5307 2168 5314 .
2198 5263 2330 5334 στῷ,
2383 5265 2679 5336 κακοφυῶς
2727 5267 3107 5341 ἀποκέχρηται
3158 5270 3366 5342 ὁμοίως
3423 5274 3627 5342 Παύλῳ
3683 5275 3778 5327 καὶ

2191 5355 2452 5430 Θεοδώρῳ
2471 5360 2584 5424 τοῖς
2616 5360 2810 5416 ἑαυτοῦ
2839 5363 3144 5433 προγόνοις.
3170 5365 3245 5418 Ού
3272 5364 3489 5435 γὰρ’ἶνα
3518 5367 3618 5435 τὴν
3644 5367 3780 5438 ἀλη·

507 5425 698 5482 nitatis
743 5435 799 5482 et
853 5426 1216 5486 humanitatis
1254 5430 1311 5485 in
1361 5428 1583 5490 Christo
1617 5433 1738 5490 sine
1777 5441 2084 5496 mutatione

2215 5425 2394 5521 Idm-ca
2423 5425 2536 5523 ⁷τῆς
2578 5453 2725 5508 κατά
2766 5425 3005 5526 Χριστόν
3044 5425 3299 5528 θεότητός
3324 5425 3384 5510 τε
3424 5460 3520 5512 καὶ
3561 5425 3777 5530 ἀνθρω-

1999 5560 2210 5619 ΝΟΤΑΞ
2221 5610 2236 5621 .

573 5639 804 5718 (milies
839 5651 896 5696 et
954 5658 1076 5714 quae
1129 5654 1440 5718 sequuntur
1478 5648 1770 5718 oescripsit
1803 5651 2002 5711 Suidas
2026 5673 2079 5712 ν.

513 5710 940 5782 ’ᾼπολλινάριο;,
975 5710 1047 5768 ἰιι
1095 5710 1334 5771 advertit
1363 5717 1629 5773 Kustcrus
1661 5710 1730 5778 ad
1766 5720 1948 5780 Suidae
1977 5710 2080 5782 Le;

500 5779 684 5845 xicon,
733 5779 866 5837 tom.
899 5782 940 5849 l,
981 5799 1105 5857 pag.
1151 5788 1255 5840 ‘280

2260 5661 2344 5740 (η
2399 5661 2921 5740 Ἰδιοπεριορὶστους,
2963 5677 3117 5740 verte
3144 5669 3253 5723 suis
3281 5686 3550 5740 quamque
3573 5669 3770 5737 ﬁnibus

2189 5733 2554 5800 terminatam,
2599 5733 2711 5790 hoc
2762 5747 2867 5805 est,
2905 5753 3014 5794 non
3064 5733 3403 5811 hyposta'tice
3453 5733 3639 5796 unitas
