4080 6282
249 368 387 438 1489

1490 379 1589 440 DE
1629 380 2220 449 INCARNATIONE.

3362 400 3499 468 1490

239 486 499 555 πότητος,
531 486 628 544 καὶ
659 487 759 558 τὴν
786 487 991 557 τούτων
1016 488 1189 561 ἀτρεψ
1200 487 1285 546 ίαν
1308 490 1402 550 καὶ
1429 491 1520 555 ἐπι
1529 495 1698 565 μονὴν
1720 496 1812 550 καὶ

1919 510 1973 558 et
2001 501 2324 558 confusione
2346 505 2646 576 signiﬁcet;
2673 509 2767 565 sed
2801 519 2862 565 ιιι
2886 526 2986 583 per
3003 512 3182 584 ipsum
3202 529 3497 572 numerum

233 579 579 649 ἀσυγχυσίαν
606 582 850 654 σημάνῃ,
873 581 968 634 τὸν
995 582 1233 654 ἀριθμὸν
1254 583 1364 638 τῶν
1401 584 1493 639 δύο
1524 590 1813 659 καταφρά-

233 671 320 736 ζει
351 671 588 742 φύσεων,
618 673 732 734 ἀλλ’
763 674 854 736 ἶνα
871 673 968 730 δύο
993 675 1263 747 πρόσωπα
1305 677 1373 732 δι’
1401 678 1570 734 αὑτοῦ
1601 679 1693 733 τοῦ
1717 679 1812 734 δύο

235 762 474 834 ἀριθμοῦ
495 764 729 835 δολερῶς
750 765 1127 839 ὑπαινίξηται,
1157 766 1257 840 τὴν
1287 769 1400 824 τῶν
1429 769 1648 840 φύσεων
1680 773 1813 842 κλῆ-

235 866 322 910 σιν
362 853 485 915 ἀντὶ
532 853 642 916 τῶν
676 854 984 925 προσώπων
1026 856 1322 928 λαμόἀνων
1359 860 1704 930 κακούργως,
1737 862 1811 932 ὡς

229 943 452 1016 ἀληθῶς
479 946 577 1000 καὶ
594 947 903 1018 κακοήθως,
937 953 1478 1026 πεπαῤῥησιασμένῃ
1520 972 1809 1026 προσωνυ-

233 1035 339 1108 μία
376 1036 484 1102 τῶν
514 1037 733 1108 φύσεων
759 1038 822 1093 τὸ
853 1041 1305 1114 ἀπηγορευμένον
1348 1044 1458 1100 τῶν
1501 1045 1812 1112 προσώπων

230 1129 493 1197 εἰσάγων,
517 1129 659 1192 ὥστε
689 1131 848 1188 ἄλλον
889 1127 1034 1188 εἶναι
1065 1135 1194 1206 παρ’
1220 1120 1372 1206 αύτῷ
1413 1135 1506 1190 τὸν
1548 1137 1810 1211 Χριστὸν,

229 1220 330 1274 καὶ
355 1221 516 1280 ἄλλον
543 1222 634 1286 τὸν
665 1222 799 1276 Θεὸν
824 1223 1018 1292 Λόγον,
1051 1225 1192 1285 κατά
1212 1227 1310 1298 τὴν
1345 1226 1606 1301 πατρῴαν
1643 1228 1810 1298 αὐτοῦ

228 1310 442 1381 πλάνην
473 1327 487 1340 ·
537 1312 650 1382 υἱὸς
689 1314 798 1385 γὰρ
829 1308 897 1386 ἦν
939 1315 1033 1385 τοῦ
1070 1314 1327 1386 ζιζίλικος,
1369 1317 1465 1370 τοῦ
1511 1317 1571 1370 δὲ
1633 1318 1812 1388 Σαμο-

229 1404 445 1467 σατέως
475 1404 764 1474 ἀπόγονος.
796 1407 905 1476 Καὶ
942 1406 1032 1461 διὰ
1083 1407 1240 1466 τοῦτο
1283 1408 1422 1480 πρὸς
1468 1409 1569 1481 τὴν
1607 1411 1810 1482 σεμνὴν

230 1494 512 1566 Παρθένον
545 1494 812 1566 ᾄσπονδον
857 1497 1029 1570 ἤρατο
1066 1499 1325 1571 πόλεμον,
1353 1500 1430 1572 μὴ
1465 1501 1811 1573 δυσωπηθεὶς

226 1583 330 1656 τὴν
360 1583 667 1661 θεομητέρα
689 1587 783 1642 καὶ
813 1587 982 1659 ἁγνὴν
1007 1589 1245 1660 Μαρίαν,
1265 1589 1341 1656 ὡς
1381 1591 1652 1645 Δεσπότου
1695 1592 1812 1664 Μη-

227 1675 368 1747 τέρα
392 1693 406 1705 ⁸
435 1676 551 1734 ἀλλ’
583 1677 658 1747 ῶς
709 1679 896 1745 δοῦλος
943 1683 1350 1758 τραχηλιαστὴς
1393 1686 1488 1749 καὶ
1524 1685 1812 1757 ἀναίσχυν-

226 1783 345 1836 τος,
380 1767 715 1841 ἀρνούμενος
753 1771 847 1826 τὸν
891 1773 1088 1828 ἑαυτοῦ
1129 1775 1354 1846 Κύριον,
1384 1777 1481 1830 καὶ
1525 1776 1810 1848 ἀτιμάζων

1921 595 2156 654 duarum
2181 605 2506 652 naturarum
2524 598 2662 655 duas
2685 617 2944 671 personas
2973 604 3242 678 designet,
3272 616 3499 667 naturas

1920 705 2024 762 pro
2050 690 2303 765 personis
2335 693 2652 762 appellans;
2694 703 2750 749 et
2774 698 3141 764 appellatione
3171 697 3508 758 naturarum’

1921 780 2193 838 malitiose
2219 790 2275 836 et
2296 798 2394 853 per
2425 782 2614 840 dolum
2639 783 2816 839 fretus
2859 793 2916 838 et
2937 787 3196 852 conﬁsus,
3235 805 3498 864 personas

1919 878 2113 926 contra
2158 869 2389 925 vetitum
2430 872 2816 939 introducens;
2872 882 2931 929 ut
2982 875 3126 944 apud
3180 865 3308 940 eum
3357 879 3497 939 alius

1918 969 2065 1018 esset
2091 960 2366 1026 Christus,
2406 971 2465 1019 et
2515 965 2657 1022 alius
2713 965 2861 1021 Deus
2886 967 3152 1033 Verbum,
3191 969 3495 1028 secundum

1917 1067 2164 1128 errorem
2199 1061 2416 1124 patrum
2451 1071 2515 1110 ac
2547 1057 2815 1128 majorum
2861 1075 3085 1120 suorum
3127 1078 3143 1115 :
3196 1061 3302 1116 fuit
3345 1062 3494 1126 enim

1919 1145 2066 1202 ﬁlius
2098 1145 2306 1211 Cilicis,
2355 1156 2414 1202 et
2462 1164 2529 1204 ex
2563 1150 2800 1219 pesteris
2855 1152 3010 1208 Pauli
3067 1152 3491 1212 Samosatensis.

1917 1238 2131 1299 Idcirco
2174 1240 2380 1300 bellum
2425 1241 2671 1311 suscepit
2721 1257 2847 1304 cum
2895 1243 3118 1315 Virgine
3165 1245 3492 1314 venerabili,

1917 1331 2123 1387 nullam
2152 1331 2520 1388 reverentiam
2560 1333 2829 1398 adhibens
2856 1336 3018 1390 matri
3052 1337 3148 1391 Dei
3172 1345 3227 1392 et
3260 1338 3495 1408 purissi-

1919 1437 2019 1482 mae
2054 1422 2237 1480 Maria:
2269 1466 2284 1488 ,
2334 1433 2526 1495 utpote
2566 1425 2725 1486 Matri
2772 1425 3011 1494 Domini,
3058 1427 3152 1483 scd
3197 1429 3384 1500 potius
3432 1439 3496 1485 ut

1917 1527 2112 1569 servus
2165 1514 2440 1582 superbus
2480 1521 2536 1568 et
2587 1515 2899 1588 impudens.
2949 1533 3155 1590 negans
3197 1517 3494 1572 Dominum

1916 1609 2180 1668 suum,et
2205 1602 2492 1660 Dominam
2541 1619 2696 1659 suam
2733 1605 3080 1676 vituperans,
3126 1619 3238 1661 non
3276 1614 3384 1659 tam
3411 1603 3494 1658 in-

1915 1692 2108 1747 videns
2135 1692 2185 1747 ei
2219 1693 2645 1764 appellationem
2679 1695 2872 1750 matris
2896 1695 3016 1760 Dei,
3051 1711 3214 1765 quam
3241 1693 3494 1750 invidens

1916 1782 2010 1837 Dei
2044 1782 2465 1853 appellationem
2492 1799 2557 1838 ex
2590 1784 2708 1854 ipsa
2738 1784 2961 1855 Virgine
2992 1793 3169 1839 matre
3203 1793 3356 1839 nato.
3392 1783 3494 1838 Hic

225 1857 332 1926 τὴν
359 1858 656 1914 Δέσποιναν
683 1862 900 1925 ἑαυτοῦ,
933 1863 1244 1933 βασκαίνων
1273 1867 1334 1919 ού
1365 1867 1623 1922 τοσοῦτον
1671 1868 1809 1939 αὐτῇ

1919 1873 2082 1944 igitur
2127 1873 2416 1929 Nestorius
2449 1875 2645 1930 tertius
2672 1875 2837 1946 hujus
2867 1875 3094 1930 haeresis
3124 1875 3365 1934 Iudaica:
3396 1873 3494 1930 de-

226 1950 352 2019 τῆς,
377 1950 659 2018 Θεοτόκος,
697 1956 1069 2026 προσηγορίας
1094 1996 1108 2018 ,
1138 1957 1263 2010 ὅσον
1303 1957 1426 2028 τῆς,
1455 1958 1607 2024 Θεὸς,
1638 1958 1720 2030 τῷ
1752 1960 1812 2025 ἐξ

225 2043 403 2118 αὐτῆς
423 2044 755 2122 γεννηθέντι.
797 2041 966 2112 Οὗτος
998 2050 1096 2119 μὲν
1125 2046 1219 2105 οὖν
1247 2051 1277 2103 ό
1308 2052 1604 2126 Νεστόριος
1657 2053 1840 2126 τρίτος

227 2141 312 2208 εἰς
339 2137 528 2192 ἑαυτὸν
557 2138 731 2211 αὐτὴν
754 2141 1137 2212 περιέστησεν.

745 2255 862 2322 Δόξ
863 2273 902 2313 α
954 2259 1286 2340 Εὐτυχοῦς.

301 2373 415 2443 Τῆς
463 2371 521 2428 δὲ
570 2372 848 2436 ἀντιθέτου
899 2377 1112 2448 μοίρας.
1143 2380 1244 2450 τῆς
1281 2378 1426 2438 κατὰ
1478 2378 1673 2450 Μάνην
1713 2381 1808 2445 καὶ

242 2465 642 2537 Ἀπολινάριον,
672 2466 855 2534 τρίτος
912 2469 1074 2529 πάλιν
1119 2472 1465 2544 προαπιστὴς
1493 2475 1522 2530 ό
1562 2473 1809 2546 Εὗτυχὴς

230 2556 613 2626 ἀναφαίνεται,
642 2557 701 2622 ὃς
727 2555 795 2630 ἦν
819 2559 1126 2632 ἡγούμενος
1156 2564 1518 2634 μοναστηρίου
1553 2564 1677 2628 ἐνὸς
1697 2564 1809 2623 τῶν

234 2646 369 2715 περὶ
397 2646 459 2700 τὸ
487 2645 802 2711 Βυζάντιον.
831 2642 1000 2713 Οὗτος
1022 2649 1130 2722 γὰρ
1155 2651 1232 2722 μὴ
1257 2639 1585 2723 ἀνεχόμενος
1613 2654 1807 2724 όμοούς

235 2757 352 2794 σιον
378 2742 510 2812 ἡμῖν
537 2741 634 2796 καὶ
660 2743 876 2812 ὁμοφυῆ
909 2743 1007 2813 τὴν
1041 2744 1218 2816 σάρκα
1244 2743 1341 2798 τοῦ
1372 2744 1578 2817 Κυρίου
1607 2747 1806 2816 ὁμολο-

232 2833 375 2901 γεῖν,
405 2831 506 2895 τὰς
548 2830 645 2896 δύο
682 2831 876 2901 φύσεις
914 2832 1212 2904 ἀπηρνεῖτο
1243 2833 1514 2898 σώζεσθαι
1545 2834 1724 2904 λέγειν
1749 2837 1808 2898 ἐν

231 2921 313 2991 τῷ
337 2919 557 2992 Χριστῷ
589 2921 729 2992 μετά
756 2921 856 2993 τῆς
883 2921 1089 2976 τούτων
1137 2921 1386 2989 ἑνώσεώς
1429 2941 1491 2978 τε
1534 2926 1627 2978 καὶ
1673 2942 1812 2996 συμ-

233 3013 436 3080 φυΐαςο
471 3013 534 3066 οὗ
594 3013 754 3081 μόνον
804 3012 884 3079 δὲ,
911 3011 1046 3068 ἀλλά
1077 3013 1173 3069 καὶ
1225 3013 1505 3086 τερατώδη
1549 3015 1674 3069 τινὰ
1717 3017 1812 3070 καὶ

231 3103 496 3158 ἀλλόκοτα
521 3103 804 3174 ἔπλαττεν,
826 3103 885 3169 ἐξ
910 3103 1140 3174 ούρανοῦ
1161 3103 1335 3173 λέγων
1358 3106 1684 3178 κατηνέχθαι
1714 3105 1808 3160 τοῦ

234 3194 446 3265 Κυρίου
477 3193 538 3248 τὸ
569 3194 750 3268 σῶμα.
778 3195 875 3248 καὶ
907 3193 981 3260 ὡς
1005 3194 1096 3250 διὰ
1130 3195 1367 3266 σωλῆνας
1395 3179 1493 3267 τῆς
1531 3197 1807 3270 Παρθένου

235 3287 620 3358 παραδραμεῖν
647 3288 737 3340 τὸν
765 3287 897 3343 Θεὸν
913 3287 1108 3356 Λόγον,
1148 3288 1440 3360 οὐρανόθεν
1470 3290 1628 3345 τοῦτο
1665 3292 1812 3350 ἑνδε-

231 3379 600 3450 δυμένον,ἴνα
646 3379 772 3452 δόξῃ
823 3378 986 3450 δῆθεν
1022 3381 1384 3452 γεγεννῆσθαι
1429 3384 1494 3436 ὲκ
1528 3384 1811 3453 γυναικὸς,

234 3472 439 3544 καίπερ
467 3473 606 3543 μήτε
626 3473 1044 3544 γεγεννημένον.
1078 3475 1377 3545 Μανιχαῖος
1392 3475 1421 3528 ὁ
1443 3476 1614 3545 Λόγος
1635 3469 1812 3542 οὗτος,

233 3566 333 3620 καὶ
377 3565 928 3637 πεφαντασιασμένος
976 3567 1155 3638 πολλῷ
1197 3567 1398 3640 μᾶλλον
1439 3568 1672 3624 ἐκείνου.
1703 3571 1815 3626 Καὶ

232 3658 410 3722 οὕτως
458 3651 550 3714 οὖν
601 3657 731 3728 μίαν
781 3657 946 3727 φύσιν
1000 3658 1090 3713 τὸν
1131 3660 1368 3732 Χριστὸν
1405 3659 1812 3733 διεστραμμένη

235 3751 436 3826 καρδία
486 3749 848 3821 ἐπρέσϐευσε.
903 3750 1026 3804 Τῶν
1065 3751 1158 3806 οὖν
1217 3751 1311 3806 δύο
1358 3753 1538 3823 μερῶν
1583 3751 1811 3817 τούτων,

233 3841 332 3894 τοῦ
361 3858 420 3894 τε
454 3841 594 3910 κατὰ
627 3842 820 3916 Μάνην
854 3843 947 3898 καὶ
992 3843 1366 3915 ’Δπολινάριον
1396 3843 1490 3898 καὶ
1539 3844 1810 3917 Εὐτυχέα,

238 3934 334 3989 καὶ
383 3932 478 3999 τοῦ
507 3933 651 4006 κατά
691 3933 901 4006 Παῦλον
936 3935 1031 3988 καὶ
1064 3933 1337 4005 Θεόδωρον
1371 3935 1467 3989 καὶ
1495 3935 1812 4007 Νεστόριον,

236 4025 347 4079 τῶν
388 4024 487 4096 μὲν
519 4023 648 4095 μίαν
695 4025 881 4098 φύσιν,
911 4023 1020 4079 τῶν
1049 4023 1106 4078 δὲ
1139 4024 1233 4080 δύο
1259 4024 1452 4094 φύσεις
1480 4023 1541 4091 ἐξ
1563 4026 1813 4090 ἐναντίας

237 4116 484 4188 ἀλλήλων
514 4115 604 4170 τὸν
625 4115 904 4186 Λεσπότην
933 4115 1171 4187 Χριστον
1200 4117 1432 4187 ἀμαθῶς
1484 4118 1811 4188 είρηκότων,

237 4208 338 4271 τὰς
359 4206 444 4277 ἐφ’
477 4206 713 4280 ἑηᾲτερα
740 4205 1004 4272 κακίστας
1026 4207 1378 4280 μετατροπέις
1402 4209 1496 4262 καί
1524 4206 1814 4272 δυσσεϐεῖς

241 4297 628 4370 παρεγκλίσεις
667 4296 1078 4366 ἀπαναινομένη
1116 4299 1150 4366 η
1185 4296 1449 4369 καθολικὴ
1490 4297 1812 4366 Ἐκκλησία,

243 4394 419 4465 μέσην
451 4391 778 4464 ἀμφοτέρων
807 4388 1034 4460 βαδίζει,
1069 4389 1174 4460 ὁδῷ
1214 4389 1470 4461 βασιλικῇ
1511 4389 1816 4462 πορευομέ-

1918 1961 2109 2018 fensor
2133 1971 2190 2018 et
2215 1971 2502 2034 patronus,
2539 1980 2662 2020 eam
2692 1965 2796 2040 sibi
2829 1966 3151 2022 vindicavit.

1879 2055 2193 2126 προστάτης
2251 2056 2350 2126 τῆς
2377 2056 2675 2127 Ἰουδαϊκῆς
2695 2055 2897 2129 ταύτης
2917 2058 3187 2130 αἱρέσεως
3215 2055 3460 2128 γεγονὼς

2415 2264 2609 2336 Opinio
2654 2266 2974 2337 Eutychetis.

1990 2384 2166 2444 Secta:
2198 2383 2487 2440 contraria:
2523 2381 2805 2449 Manichzei
2860 2391 2915 2438 et
2947 2381 3271 2452 Apollinarii
3299 2380 3495 2437 tertius

1885 2451 1893 2463 ’
1919 2492 2112 2534 rursus
2141 2486 2411 2548 patronus
2432 2483 2590 2530 ortus
2618 2483 2702 2532 est
2722 2451 3020 2546 Eutyches,
3045 2473 3339 2544 praefectus
3372 2473 3492 2528 cui-
3604 2496 3607 2497 ν

1919 2568 2043 2643 dam
2065 2567 2398 2630 monasterio
2426 2567 2636 2624 circum
2661 2564 3216 2635 Constantinopolim.
3238 2560 3340 2617 llic
3368 2577 3494 2618 cum

1917 2661 2088 2720 nollet
2103 2658 2355 2714 conﬁteri
2373 2673 2494 2714 esse
2515 2672 2737 2713 carnem
2752 2657 2968 2715 Domini
2983 2656 3227 2730 ejusdem
3241 2655 3498 2716 substan-

1919 2753 2008 2808 tiae
2034 2760 2090 2806 et
2121 2759 2334 2805 natura}
2383 2764 2492 2819 qua
2543 2757 2732 2810 nostra
2773 2757 2880 2818 est,
2916 2748 3152 2819 negabat
3195 2735 3403 2802 servari
3437 2747 3493 2800 in

1915 2842 2136 2899 Christo
2172 2841 2313 2904 duas
2337 2849 2565 2895 naturas
2598 2855 2710 2904 una
2737 2854 2863 2896 cum
2885 2854 3074 2904 earum
3100 2839 3304 2904 unione
3335 2855 3348 2892 :
3389 2851 3493 2893 nec

1917 2935 2024 2990 hoc
2049 2934 2226 2996 solum
2247 2973 2262 2998 ,
2314 2930 2412 2998 sed
2450 2929 2702 3002 quaedam
2728 2929 2903 2992 instar
2940 2928 3172 2996 monstri
3202 2936 3258 2982 et
3285 2926 3492 2981 absona

1917 3025 2176 3097 ﬁngebat.
2221 3023 2418 3084 Aiebat
2456 3023 2604 3078 enim
2633 3020 2878 3088 delatum
2905 3034 3026 3090 esse
3049 3032 3254 3088 corpus
3282 3015 3491 3096 ChriSti

1913 3135 1944 3175 e
1968 3118 2128 3182 caelo,
2166 3126 2223 3174 et
2270 3117 2440 3171 Deum
2487 3115 2750 3180 Verbum,
2779 3128 2904 3168 cum
2948 3126 3146 3184 corpus
3169 3127 3200 3166 e
3236 3109 3374 3168 coelo
3409 3108 3493 3164 in-

1914 3209 2145 3274 duisset,
2181 3223 2280 3278 per
2314 3207 2592 3278 Virginem
2623 3216 2881 3277 tanquam
2914 3219 3014 3276 per
3039 3201 3282 3269 canalem
3315 3208 3492 3254 trans-

1913 3315 2158 3367 measse;
2191 3308 2252 3356 ut
2273 3299 2526 3354 videatur
2553 3305 2715 3352 natus
2741 3311 2808 3363 ex
2849 3294 3102 3360 muliere,
3139 3308 3266 3349 cum
3299 3300 3484 3347 tamen

1913 3400 2078 3448 natus
2115 3404 2227 3444 non
2281 3387 2373 3444 sit.
2431 3386 2547 3442 Hoc
2591 3385 2771 3440 aiebat
2813 3383 3168 3448 .‘llanicltaeus,
3225 3381 3337 3434 imo
3375 3393 3491 3433 ma-

1915 3483 1998 3556 gis
2018 3482 2147 3546 hoc,
2188 3495 2353 3551 quam
2398 3476 2533 3532 illud
2573 3474 3013 3540 commentitium
3051 3481 3156 3539 est.
3204 3470 3295 3542 Sic
3325 3469 3493 3541 igitur

1917 3588 2082 3642 unam
2112 3581 2365 3628 naturam
2399 3568 2454 3625 in
2494 3567 2715 3634 Christo
2745 3579 3005 3636 perverse
3063 3561 3345 3635 professus
3385 3567 3490 3614 est.

1914 3662 2052 3732 Cum
2083 3661 2250 3734 igitur
2284 3659 2405 3716 dua:
2435 3659 2544 3714 sint
2579 3668 2786 3729 partes,
2838 3671 2946 3710 una
2981 3651 3292 3715 Manichaei,
3325 3648 3491 3720 Apol-

1915 3755 2099 3826 linarii
2160 3763 2217 3814 et
2251 3753 2608 3834 Eutychetis;
2664 3752 2833 3820 altera
2880 3748 3057 3812 Pauli,
3101 3743 3394 3834 Theodori
3435 3750 3492 3797 et

1913 3844 2184 3909 Nestorii;
2237 3844 2312 3897 illi
2355 3831 2517 3906 unam
2569 3852 2844 3897 naturam.
2895 3837 2951 3892 hi
2995 3837 3134 3906 duas
3169 3836 3224 3890 in
3265 3831 3488 3890 Christo

1918 3938 2239 4000 inscienter,
2272 3951 2334 3990 ac
2364 3935 2593 4011 interse
2626 3941 2935 4004 pugnantes
2969 3938 3176 4001 ponant
3205 3945 3218 3981 :
3257 3928 3492 3982 istorum

1918 4028 1973 4082 in
2023 4028 2346 4089 alterutram
2417 4010 2637 4095 partem.
2680 4022 2945 4092 pessimas
2996 4017 3392 4091 declinationes
3438 4023 3495 4070 et

1919 4119 2115 4190 impias
2161 4117 2541 4173 aberrationes
2585 4130 2851 4188 respuens
2913 4110 3157 4176 Ecclesia
3202 4105 3492 4166 catholica.

1920 4211 2101 4275 media
2124 4211 2267 4265 inter
2290 4217 2581 4280 utramque
2598 4206 2686 4261 via
2717 4206 2864 4280 regia
2892 4202 3117 4266 incedit,
3146 4215 3249 4256 nec
3271 4197 3338 4253 ad
3370 4212 3495 4252 eam

1919 4302 2201 4357 declinans
2232 4315 2354 4369 qua:
2391 4297 2610 4364 videtur
2651 4295 2719 4350 ad
2768 4295 3047 4349 dexteram
3085 4289 3348 4354 tendere,
3392 4301 3496 4341 nec

1918 4390 1988 4446 ad
2017 4406 2135 4444 eam
2160 4404 2280 4458 quae
2330 4388 2490 4457 plane
2527 4384 2704 4444 tendit
2745 4381 2813 4438 ad
2855 4383 3157 4442 sinistram.
3197 4377 3316 4433 Non
3351 4376 3498 4431 enim

240 4502 330 4555 νη,
349 4484 423 4558 μὴ
448 4484 772 4554 ὲγκλίνουσα
790 4483 868 4546 είς
890 4481 958 4536 τὰ
990 4481 1253 4536 δοκοῦντα
1275 4481 1447 4547 δεξιὰ,
1475 4481 1612 4551 μηδὲ
1642 4482 1723 4541 εἰς
1748 4479 1814 4534 τὰ

1921 4475 2245 4547 simpliciter
2265 4477 2555 4546 proﬁtetur
2571 4490 2734 4530 unam
2756 4483 3006 4532 naturam
3031 4472 3086 4525 in
3102 4471 3340 4533 Christo,
3353 4467 3499 4522 sicut

243 4575 492 4648 προφανῆ
520 4573 803 4645 ἀριστερά.
834 4571 993 4628 Κατὰ
1021 4571 1128 4642 γὰρ
1157 4571 1385 4642 Μάνητα
1407 4571 1502 4634 καὶ
1540 4570 1822 4637 Ἀπολινά-

246 4686 362 4740 ριον
382 4668 478 4740 καὶ
511 4665 757 4738 Εὐτυχέα
787 4663 916 4735 μίαν
950 4663 1111 4732 φύσιν
1134 4662 1322 4726 ἁπλῶς
1343 4661 1437 4715 ἐπὶ
1465 4661 1702 4730 Χριστοῦ
1728 4660 1816 4714 λέ-

242 4777 362 4828 γειν
391 4759 451 4813 ού
473 4757 864 4830 παραδέχεται,
889 4754 1026 4810 ἀλλὰ
1057 4755 1185 4826 μίαν
1202 4753 1364 4824 φύσιν
1385 4753 1474 4806 τοῦ
1493 4751 1628 4808 Θεοῦ
1647 4755 1819 4822 Λόγου

247 4849 677 4920 σεσαρκωμένην
711 4863 726 4878 ο
755 4846 844 4900 διὰ
883 4845 982 4913 τῆς
1007 4844 1331 4917 προσθήκης
1369 4842 1464 4898 τοῦ
1489 4883 1505 4906 ,
1532 4861 1818 4916 σεσαρκω-

249 4943 446 5014 μένην,
496 4939 749 5012 δηλοῦσιν
781 4938 880 5010 τὴν
923 4937 1087 5008 φύσιν
1129 4937 1228 5006 τῆς
1274 4935 1717 5007 ἀνθρωπότητος,
1755 4938 1821 5007 ἢν

245 5038 278 5106 ἡ
315 5035 479 5105 φύσις
511 5032 606 5086 τοῦ
637 5033 772 5088 Θεοῦ
801 5034 977 5100 Λόγου
1007 5029 1570 5101 προσλαμϐανομένη,
1603 5029 1720 5100 ἅμα
1761 5046 1820 5082 τε

247 5124 344 5178 καὶ
368 5125 464 5176 σὺν
490 5121 662 5192 ταύτῃ
691 5115 772 5183 εἷς
806 5119 1009 5190 Κύριος
1052 5115 1259 5188 Ἰησοῦς
1282 5116 1518 5188 Χριστὸς
1551 5113 1775 5186 γέγονεν
1805 5132 1819 5145 ·

247 5215 368 5270 οὐδὲ
410 5214 604 5286 αὑτὴή
637 5212 730 5266 τοῦ
760 5213 934 5280 Λόγου
957 5209 1118 5280 φύσις
1154 5207 1314 5279 ἑτέρα
1347 5209 1475 5279 παρ’
1507 5207 1706 5278 ἑαυτὴν
1731 5206 1824 5260 καὶ

247 5307 358 5362 τῶν
404 5305 528 5360 κατ’
563 5305 733 5375 αὐτὴν
763 5303 1084 5371 θεοπρεπῶς
1138 5300 1474 5371 αὐχημάτων
1523 5297 1822 5368 γενομένη,

249 5401 298 5453 εἰ
326 5399 421 5469 καὶ
447 5401 506 5452 ὲν
537 5398 841 5470 προσλήψει
897 5396 1097 5467 σαρκὸς
1147 5395 1362 5464 γέγονε,
1394 5393 1595 5463 σαρκὸς
1645 5391 1701 5445 δὲ
1729 5393 1827 5461 οὐχ

251 5490 442 5555 ἁπλῶς
474 5506 487 5520 ·
522 5489 682 5544 τοῦτο
730 5490 838 5560 γὰρ
882 5487 1227 5559 Ἀρειανικόν
1250 5503 1261 5514 ·
1301 5482 1442 5540 ἀλλὰ
1474 5482 1679 5554 σαρκὸς
1727 5483 1824 5552 ἒμ-

251 5581 585 5653 ψυχωμὲνης
617 5597 632 5612 ⁸
670 5582 766 5634 καὶ
797 5581 920 5651 οὐχὶ
969 5577 1376 5650 ὲμψυχωμένης
1414 5574 1574 5646 μόνον
1598 5591 1611 5604 ·
1665 5574 1827 5628 πάλιν

254 5672 364 5742 γὰρ
406 5671 786 5742 Ἀπολιναρίου
833 5671 929 5725 καὶ
975 5661 1176 5722 τοῦτο’
1248 5667 1362 5720 ἀλλ’
1423 5664 1830 5738 ὲμψυχωμένης

253 5764 404 5838 ψυχῇ
436 5767 602 5837 νοερᾷ
629 5765 725 5819 καὶ
755 5764 950 5835 λογικῇ
971 5778 984 5792 '
1011 5763 1130 5817 οὐδὲ
1162 5765 1268 5834 μὴν
1296 5761 1393 5833 τὴν
1414 5760 1704 5832 ἀνθρώπου
1730 5757 1830 5828 φύ-

1924 4569 2277 4629 Manichaeus,
2319 4565 2692 4634 Apollinarius
2713 4570 2770 4617 et
2812 4561 3090 4630 Eutyches
3115 4599 3128 4623 ,
3172 4557 3268 4611 sed
3311 4555 3498 4626 potius

1925 4675 2089 4715 unam
2126 4668 2377 4712 naturam
2408 4655 2576 4711 Verbi
2609 4653 2708 4709 Dei
2741 4653 3080 4726 incantatam
3110 4667 3122 4702 :
3150 4645 3498 4718 adjungendo

1923 4754 2094 4816 enim,
2128 4751 2489 4813 incantatam,
2537 4747 2786 4812 declarat
2822 4751 3077 4810 naturam
3113 4737 3494 4801 humanitatis,

1923 4857 2086 4918 quam
2119 4848 2313 4895 natura
2362 4837 2525 4897 Verbi
2566 4837 2660 4892 Dei
2705 4832 3022 4914 assumpsit,
3087 4839 3144 4886 et
3173 4827 3333 4884 simul
3366 4840 3492 4882 cum

1927 4935 2030 4989 hac
2063 4933 2239 4988 factus
2264 4939 2348 4985 est
2383 4946 2527 4986 unus
2560 4929 2826 5008 Dominus
2848 4926 3011 4982 Jesus
3040 4922 3296 4979 Christus
3337 4934 3350 4971 :
3393 4931 3497 4971 nec

1928 5028 2041 5096 ipsa
2075 5033 2267 5079 natura
2288 5023 2452 5079 Verbi
2474 5021 2729 5078 Deifacta
2757 5029 2844 5076 est
2872 5019 2976 5073 alia
2998 5026 3196 5088 praeter
3235 5011 3493 5082 seipsam,

1925 5127 1981 5172 et
2014 5134 2076 5172 ea
2112 5132 2233 5186 quae
2267 5115 2372 5185 ipsi
2414 5123 2477 5170 ut
2507 5130 2626 5169 eam
2676 5113 2897 5177 decent,
2946 5100 3305 5170 conveniunt,
3354 5113 3496 5158 tam-

1926 5207 2030 5262 etsi
2053 5221 2272 5262 carnem
2292 5203 2589 5274 assumpsit
2609 5221 2624 5269 ;
2645 5217 2866 5258 carnem
2885 5216 3018 5257 vero
3037 5215 3148 5254 non
3171 5193 3497 5265 simpliciter

1927 5298 2244 5369 assumpsit,
2273 5297 2377 5353 hoc
2397 5296 2544 5352 enim
2559 5295 2752 5350 dicunt
2773 5293 2983 5358 Ariani,
3014 5291 3110 5348 sed
3138 5287 3500 5346 carnemani-

1928 5395 2158 5451 malam,
2210 5403 2313 5442 nec
2351 5385 2646 5452 animatum
2709 5391 2944 5451 tantum,
2999 5382 3108 5436 hoc
3139 5380 3288 5458 enim
3331 5377 3500 5433 tradit

1928 5479 2322 5549 Apollinarius,
2380 5477 2478 5532 sed
2533 5476 2715 5530 anima
2768 5473 3024 5529 rationali
3072 5480 3129 5526 et
3155 5468 3499 5549 intelligente

1929 5572 2214 5646 praeditam
2236 5586 2445 5642 :neque
2461 5577 2718 5624 naturam
2737 5565 2979 5646 hominis
2997 5578 3159 5635 quam
3178 5557 3494 5628 assumpsit,
3521 5616 3528 5622 _

1933 5667 1986 5722 in
2060 5667 2296 5734 seipsam
2330 5663 2567 5726 refudit,
2608 5676 2712 5717 nec
2742 5646 2890 5714 illam
2926 5659 3101 5728 ipsam
3148 5651 3404 5717 mutavit,
3436 5656 3499 5704 ut

1933 5765 2089 5814 extra
2109 5755 2487 5814 deﬁnitionem
2512 5755 2631 5826 ejus
2659 5750 2967 5808 naturalem
2996 5756 3052 5804 et
3078 5741 3496 5818 substantialem
