4080 6282
252 371 390 442 1493

1480 373 1577 435 DE
1615 331 2206 437 INCARNATIONE:

3356 380 3491 446 1494

248 487 408 543 ιλαὸε
439 484 668 555 δύναμιν
695 483 776 548 είς
805 482 865 537 τὸ
886 481 1177 547 τεκνῶσαι,
1211 483 1285 555 μὴ
1308 482 1396 537 διὰ
1433 484 1531 555 τῆς
1560 482 1819 554 ἑνδημίας

1939 484 2091 539 Verbi
2124 483 2193 539 ad
2226 484 2333 539 hoc
2363 485 2601 556 impulsa
2629 496 2798 544 esset.
2841 488 3134 557 Quomodo
3156 492 3326 564 igitur
3371 494 3497 557 haec

246 579 343 636 τοῦ
390 578 570 647 Λόγου
606 580 687 642 είς
713 576 874 631 τοῦτο
923 576 1379 648 παρορμηθεῖσας
1409 576 1535 641 ῐῐῶς
1559 570 1652 631 οὖν
1680 576 1817 648 αὕτη

246 672 282 741 ἡ
312 673 370 724 ὲν
400 667 623 741 Χριστῷ
677 667 1035 739 ἀνθρωπότης
1090 669 1148 721 ὲν
1198 666 1471 740 ίδιαζούσῃ
1527 668 1822 722 ὑποστάσει

248 762 374 816 καθ’
402 760 603 832 ἑαυτὴν
642 760 841 814 οὑποτε
890 758 1177 831 γενομένη,
1208 759 1325 814 ἀλλ’
1365 763 1423 814 ὲν
1470 759 1548 830 τῷ
1581 759 1822 831 προσλα-

248 855 465 925 ϐομένῳ
488 852 660 923 αὐτὴν
685 851 805 921 Θεῷ
830 851 1010 923 Λόγῳ,
1035 851 1100 905 τὸ
1128 849 1269 905 εἷναί
1295 868 1355 905 τε
1403 850 1494 905 καὶ
1525 850 1824 921 ὑποστῆναι

246 942 510 1013 λαχοῦσα,
548 942 848 1005 ὑπόστασις
881 941 949 995 ἂν
982 940 1202 1012 λεχθείη
1250 942 1400 1006 ποτὲ,
1448 941 1481 1012 ἢ
1532 942 1824 1012 πρόσωπον

253 1034 623 1090 ίδιοσύστατον
655 1032 777 1088 καθ’
802 1034 986 1097 ἑαυτὸ,
1014 1035 1111 1087 καὶ
1155 1033 1261 1088 ἀνὰ
1297 1032 1463 1105 μέρος
1490 1030 1828 1104 γνωριζόμε-

249 1142 342 1179 νον
375 1124 521 1195 ἔχοις
566 1122 801 1176 Ἦλίθιον
822 1123 993 1186 ὅντως
1030 1123 1125 1176 καὶ
1159 1122 1386 1194 μάταιον
1412 1122 1474 1177 τὸ
1502 1121 1673 1176 ταῦτα
1704 1139 1829 1175 συν-

247 1218 558 1288 ομολογεῖν,
593 1215 816 1270 καὶδύο
867 1215 1196 1280 ὑποστάσεις
1253 1216 1286 1287 ἢ
1330 1217 1599 1286 πρόσωπα
1645 1218 1829 1288 ζητεῖν

250 1308 347 1361 ἐπὶ
380 1306 471 1361 τοῦ
509 1305 752 1361 τοιούτου
800 1305 1266 1378 ἀποτελέσματος.
1322 1308 1386 1361 Et
1418 1308 1549 1379 μήτι
1605 1307 1714 1379 ἄρα
1747 1324 1831 1371 τις

249 1402 364 1461 τοῖς
409 1398 616 1469 χείλεσι
658 1398 756 1469 μὲν
796 1400 934 1469 τιμᾷ
965 1398 1060 1451 καὶ
1107 1399 1415 1464 ἀσπάζεται
1448 1399 1639 1461 ταῦτα,
1694 1401 1727 1471 ή
1773 1399 1831 1453 δὲ

250 1490 449 1562 καρδία
513 1489 679 1544 αὑτοῦ
728 1489 917 1562 πόρῤω
972 1490 1168 1558 ἀπέχει
1212 1490 1308 1544 ἀπ’
1349 1489 1555 1567 αὐτῶν,
1585 1491 1747 1544 Ὥστε
1784 1491 1837 1545 εἴ

248 1601 333 1646 τις
360 1581 597 1652 γνησίως
623 1583 714 1636 καὶ
735 1583 1199 1653 ἐκκλησιαπικῶς
1224 1583 1509 1653 ὁμολογεῖν
1537 1582 1708 1637 ἐθέλοι
1736 1583 1833 1648 τὰς

250 1676 307 1727 ὲν
336 1675 558 1746 Χριστῷ
590 1674 684 1728 δύο
736 1674 950 1745 φύσεις,
986 1676 1080 1728 καὶ
1133 1675 1215 1739 τὸ,
1252 1675 1351 1745 μία
1380 1674 1543 1743 φύσις
1574 1673 1670 1727 τοῦ
1696 1673 1832 1727 Θεοῦ

255 1767 431 1833 Λόγου
485 1767 905 1838 σεσαρκωμένη,
945 1766 1168 1829 ὑπτίαις
1202 1767 1358 1837 χερσὶ
1408 1766 1503 1839 καὶ
1551 1765 1833 1837 ὁλοκλήρῳ

1872 600 1873 603 η
1926 577 1982 631 in
2028 575 2252 631 Christo
2284 577 2626 642 humanitas,
2672 595 2798 633 cum
2847 597 3133 652 nunquam
3183 600 3283 654 per
3328 603 3387 642 se
3439 589 3498 644 in

1925 669 2153 739 propria
2180 684 2415 738 persona
2440 669 2628 729 fuerit.
2658 671 2752 726 sed
2784 672 2838 725 in
2862 674 3045 729 Verbo
3076 676 3173 730 Dei
3200 678 3349 746 quod
3375 695 3499 734 eam

1926 756 2246 825 assumpsit,
2272 772 2397 813 esse
2416 765 2472 812 et
2500 758 2808 815 subsistere
2833 763 3028 816 sortita
3052 772 3157 828 est,
3180 765 3498 836 hypostasis

1925 843 2035 900 dici
2070 861 2315 916 unquam
2358 848 2573 917 queat?
2616 855 2712 902 aut
2760 864 3052 919 personam
3085 852 3318 921 habeat,
3376 873 3500 927 quae

1926 952 2026 1007 pro
2056 946 2211 1006 parte
2241 953 2340 991 sua
2386 954 2486 1008 per
2507 954 2565 993 se
2592 940 2950 1002 subsistat,’et
2975 942 3234 1012 privatim
3266 955 3453 1001 notam
3479 950 3503 1001 ?

1928 1028 2161 1083 Fatuum
2193 1028 2445 1099 profecto
2476 1039 2532 1085 et
2572 1046 2775 1085 vanum
2813 1041 2899 1086 est
2948 1033 3065 1088 haec
3099 1034 3353 1091 confiteri
3386 1077 3400 1099 ,
3446 1048 3507 1093 et

1928 1117 2066 1172 duas
2094 1118 2419 1189 hypostases
2449 1118 2567 1173 sive
2602 1134 2868 1188 personas
2899 1120 2953 1173 in
3005 1120 3111 1175 hoc
3137 1136 3307 1191 opere
3354 1138 3504 1191 quae-

1929 1227 2053 1266 rere
2084 1228 2098 1276 ;
2138 1211 2243 1266 nisi
2284 1211 2411 1281 quis
2441 1210 2583 1267 forte
2608 1212 2772 1266 labiis
2798 1211 3024 1282 quidem
3054 1212 3295 1267 honorat
3329 1222 3386 1267 et
3417 1228 3506 1266 os-

1929 1303 2147 1358 culatur
2183 1304 2320 1368 haec,
2371 1319 2469 1358 cor
2526 1311 2710 1358 autem
2737 1305 2859 1373 ejus
2897 1304 3059 1374 longe
3092 1304 3161 1358 ab
3209 1304 3293 1359 eis
3325 1305 3503 1360 abest.

1929 1394 2109 1460 Quare
2135 1395 2179 1449 si
2221 1395 2348 1464 quis
2385 1396 2629 1466 legitime
2657 1404 2713 1450 et
2751 1396 3134 1452 ecclesiastice
3165 1398 3304 1454 duas
3342 1406 3507 1453 natu-

1932 1502 2021 1541 ras
2045 1486 2099 1540 in
2144 1486 2371 1543 Christo
2395 1486 2648 1543 conﬁteri
2672 1489 2811 1551 vult,
2842 1505 3006 1543 unam
3037 1491 3204 1545 etiam
3250 1498 3507 1544 naturam

1930 1578 2095 1633 Verbi
2132 1578 2498 1643 incarnatam,
2539 1580 2719 1634 obviis
2770 1581 3028 1636 manibus
3063 1590 3121 1637 et
3174 1590 3289 1638 toto
3337 1584 3507 1638 corde

1932 1670 2323 1739 amplectatur,
2362 1679 2421 1726 ut
2456 1680 2618 1725 antea
2649 1671 2890 1726 diximus
2928 1690 2940 1726 :
2971 1673 3015 1727 si
3057 1673 3184 1743 quis
3220 1689 3359 1730 vero
3392 1674 3511 1729 exi-

1934 1760 2121 1813 stimat
2141 1760 2484 1816 confundere
2510 1777 2613 1816 nos
2659 1762 2765 1817 hoc
2798 1762 2965 1816 modo
3000 1763 3247 1819 divinam
3277 1779 3507 1820 oecono-

253 1860 451 1931 καρδία
498 1859 905 1927 καταδεξάσθω,
944 1860 1021 1924 ὡς
1050 1859 1120 1913 τὰ
1152 1859 1531 1930 προειρημένα
1561 1858 1734 1929 δηλοῖ.
1765 1859 1826 1913 Et

1939 1853 2140 1919 miam,
2174 1855 2333 1923 quasi
2392 1854 2677 1925 adiunctio
2734 1855 3007 1911 incarnati
3058 1859 3221 1913 aliter
3274 1857 3508 1930 intelligi

250 1952 307 2005 δὲ
345 1954 564 2021 συγχεῖν
613 1953 759 2024 ἡμᾶς
796 1952 887 2006 διὰ
914 1952 1074 2006 τοῦτο
1120 1952 1334 2022 νομίζει
1369 1951 1471 2023 τὴν
1499 1951 1650 2005 θείαν
1681 1954 1829 2005 οἱκο-

252 2044 470 2114 νομίαν,
515 2044 591 2109 ὡς
640 2044 735 2098 τοῦ
791 2044 1220 2115 σεσαρκωμένου
1250 2044 1344 2097 καὶ
1376 2043 1553 2109 ἄλλως
1587 2043 1829 2097 νοεῖσθαι

252 2133 586 2204 δυναμένουο
629 2135 781 2207 παρὰ
835 2135 927 2189 τὸν
977 2136 1079 2203 τῆς
1132 2135 1416 2199 εὐσεϐείας
1445 2134 1603 2204 λόγον
1651 2136 1831 2190 λαὸὼν

251 2226 352 2297 τὴν
371 2226 663 2298 ἐπαγωγὴν
690 2229 810 2298 τὴν,
831 2227 997 2298 σαρκὶ
1024 2228 1344 2297 ψυχωμένη,
1364 2226 1507 2297 ψυχῇ
1544 2230 1707 2299 νοερᾷ
1737 2228 1833 2282 καὶ

252 2317 475 2388 λογικῇ,
513 2316 816 2373 παυσάσθω
844 2318 1035 2372 λοιπὸν
1085 2316 1181 2372 τοῦ
1228 2317 1665 2389 προφασίζεσθαι
1696 2335 1831 2390 προ-

255 2411 450 2478 φάσεις
482 2411 541 2463 ὲν
570 2410 886 2481 ἁμαρτίαις.

220 2516 223 2517 ⁷
328 2496 453 2555 Οἷον
476 2502 532 2556 δέ
565 2520 619 2556 τι
638 2502 811 2571 λέγω·
848 2503 932 2568 τὸ,
971 2502 1386 2574 σεσαρκωμένη,
1417 2504 1583 2574 φημὶ,
1609 2503 1833 2558 δύναται

256 2593 355 2645 καὶ
398 2596 463 2665 τῇ
507 2594 607 2664 μιᾷ
651 2592 810 2663 φύσει
861 2592 1241 2667 προσκεῖσθαι,
1288 2593 1383 2646 καὶ
1424 2593 1619 2663 ἑτέραν
1671 2596 1834 2661 φύσιν

254 2682 429 2755 ταύτῃ
479 2684 554 2754 μὴ
586 2684 922 2752 ἐπεισάγειν,
953 2683 1163 2755 τροπὴν
1202 2682 1259 2735 δέ
1301 2700 1425 2736 τινα
1452 2684 1571 2753 ἢτοι
1607 2684 1837 2753 μεταὸοη

254 2774 357 2845 λὴν
385 2776 587 2847 ταύτης
612 2777 927 2847 σημαίνειν
958 2776 1147 2847 ὥσπερ
1180 2776 1415 2847 λέγομεν
1444 2777 1533 2831 τὸν
1559 2776 1833 2848 κρύσταλ-

256 2868 371 2931 λον,
412 2868 574 2937 φύσιν
620 2868 814 2932 ὕδατος
870 2864 1012 2922 εἶναι
1073 2868 1657 2939 κεκρυσταλλωμένην.
1703 2869 1833 2923 Ἰδοὺ

256 2960 370 3029 γὰρ
406 2959 505 3031 τὴν
532 2959 695 3030 φύσιν
738 2959 833 3014 τοῦ
862 2958 1055 3023 ὓδατος
1092 2960 1220 3028 μίαν
1247 2959 1469 3023 εἰδότες,
1500 2959 1593 3012 καὶ⁵
1622 2958 1706 3022 τὸ,
1742 2975 1835 3011 κε-

258 3051 773 3124 κρυσταλλωμένην,
803 3051 973 3123 ταύτῃ
1001 3052 1318 3119 ἐπάγοντες,
1339 3050 1533 3121 ἑτέραν
1567 3050 1731 3119 φύσιν
1749 3049 1838 3103 διὰ

258 3140 359 3207 τῆς
392 3138 648 3209 τοιαύτης
689 3140 967 3209 σημασίας
1004 3138 1067 3192 οὑ
1098 3139 1547 3209 προσηγάγομεν,
1579 3138 1741 3208 μόνον
1775 3138 1832 3192 δὲ

260 3228 425 3299 πῆξίν
463 3214 584 3284 τινα
628 3230 758 3303 περὶ
796 3230 965 3302 αὐτὴν
1007 3230 1307 3300 γενομένην
1350 3232 1709 3302 νενοήκαμεν,
1746 3229 1834 3285 διὰ

259 3319 361 3388 τῆς
413 3318 975 3391 κεκρυσταλλωμένης
1018 3321 1221 3387 φωνῆς.
1267 3318 1411 3389 Πρὸς
1446 3318 1605 3372 τοῦτό
1631 3336 1831 3390 φαμεν,

260 3409 345 3462 ὃτι
393 3409 488 3463 ἐπὶ
542 3410 651 3463 τῶν
685 3410 944 3464 τοιούτων
1002 3409 1458 3480 ἀποτελεσμάτων
1499 3410 1600 3464 οὑκ
1650 3410 1834 3465 ἀναδι-

263 3501 653 3566 πλασιάζονται
704 3504 762 3556 αί
807 3502 1055 3557 τοιαῦται
1093 3502 1302 3572 φωναί·
1335 3504 1363 3555 ὁ
1397 3502 1506 3572 γὰρ
1535 3502 1836 3555 ἀναδιπλα-

266 3596 499 3667 σιασμὸς
531 3597 767 3651 ἐνταῦθα
796 3598 1071 3669 σημασίαν
1099 3596 1313 3664 φύσεως
1346 3595 1540 3666 ἐτέρας
1575 3598 1837 3650 ποιεῖται.

267 3683 413 3753 Οἷον,
460 3690 521 3743 οὑ
569 3689 848 3759 δυνάμεθα
875 3689 1055 3757 λέγειν
1082 3688 1274 3751 ὓδατος
1304 3687 1467 3756 φύσιν
1498 3687 1838 3758 κεκρυσταλ-

265 3779 521 3851 λωμένην
567 3779 923 3851 κρυστάλλῳο
955 3779 1082 3834 ἐπεὶ
1137 3779 1267 3851 παρ’
1298 3778 1436 3831 αὐτὰ
1482 3778 1839 3849 ἐσημήναμεν

266 3872 454 3942 ἕτερον
507 3868 645 3925 εἶναι
674 3871 774 3943 τὴν
819 3871 914 3925 τοῦ
962 3871 1153 3935 ὕδατος
1186 3871 1368 3940 φύσιν,
1405 3870 1498 3923 καὶ
1526 3870 1714 3941 ἓτερον
1743 3869 1841 3943 τὴν

266 3965 362 4019 τοῦ
398 3942 770 4036 κρυστάλλου·
814 3963 890 4028 ὡς
918 3964 1084 4035 ἡνίκα
1108 3963 1341 4034 λέγομεν
1370 3961 1527 4028 ξύλον
1558 3942 1842 4033 κεχρυσωί

272 4057 434 4127 μένον
464 4055 678 4128 χρυσῷ·
709 4055 798 4110 διὰ
827 4055 937 4126 γὰρ
963 4055 1061 4111 τοῦ
1090 4054 1600 4125 ἀναδιπλασιασμοὺ
1642 4056 1837 4109 τούτου

270 4150 571 4220 ἐνοήσαμεν
600 4147 729 4203 ἄλλο
752 4165 804 4202 τι
838 4143 979 4202 εἶναι
1006 4148 1068 4201 τὸ
1098 4147 1275 4212 ξύλον,
1310 4147 1403 4201 καὶ
1435 4146 1567 4201 ἄλλο
1589 4147 1681 4201 τὸν
1708 4164 1843 4218 χρυ-

272 4243 387 4299 σόν.
421 4240 609 4304 Οὕτως
650 4236 744 4294 οὖν
793 4240 1049 4302 ἐνταῦθα,
1076 4242 1204 4295 ὅταν
1239 4242 1484 4313 εἴπωμεν
1521 4241 1650 4312 μίαν
1682 4240 1844 4310 φύσιν

270 4334 364 4388 τοῦ
411 4333 548 4388 Θεοῦ
598 4333 774 4399 Λόγου
838 4335 1291 4404 σεσαρκωμένην,
1355 4334 1517 4403 φύσιν
1590 4334 1841 4405 ἐναργῶς

271 4424 773 4499 ὑπεσημηνάμεθα,
832 4424 927 4478 καὶ
978 4426 1063 4479 ὅτι
1120 4426 1195 4496 μὴ
1252 4426 1390 4494 αὑτὴ
1446 4426 1480 4494 ἡ
1538 4425 1732 4496 θεότης
1766 4428 1845 4487 εἰς

273 4520 450 4590 σάρκα
497 4516 956 4591 μεταπεποίηται,
994 4516 1134 4571 ἀλλὰ
1169 4518 1403 4587 μείνασα
1434 4518 1575 4586 ὅπερ
1617 4513 1707 4585 ἦν,
1757 4516 1845 4568 διὰ
1879 4517 1924 4572 D

271 4614 365 4666 τοῦ
393 4614 911 4682 καταπετάσματος,
945 4610 1090 4665 τοῦτ’
1123 4609 1239 4664 ἔστι
1277 4612 1376 4675 τῆς
1401 4609 1847 4680 προσληφθείσης

272 4707 365 4759 ὑπ’
425 4707 597 4776 αὑτῆς
645 4704 871 4777 σαρκὸς,
929 4706 1061 4774 ἡμῖν
1109 4702 1515 4774 πεφανέρωται.
1585 4701 1849 4765 Ἐντελῶς

274 4800 383 4872 ἄρα
416 4800 511 4854 καὶ
536 4802 569 4870 ἡ
594 4799 820 4868 τοιαύτη
850 4796 1049 4863 ἔννοια,
1082 4796 1170 4852 διὰ
1215 4795 1308 4850 τοῦ
1342 4793 1849 4866 ἀναδιπλασιασμοῦ

274 4894 588 4947 ἀποδέδοται
614 4891 826 4946 τούτου.
1409 4908 1413 4912 δ
1448 4894 1449 4897 “

348 4988 410 5040 Εἰ
435 4987 491 5039 δέ
521 5004 605 5050 τις
630 4986 791 5040 πάλιν
817 4983 1145 5055 ἁναχυτικδς
1171 4983 1266 5036 καὶ
1296 4981 1643 5053 συμφύρτης,
1679 4998 1851 5051 προσ-

279 5081 417 5134 ίεται
454 5079 554 5150 μὲν
581 5078 673 5132 τὸν
704 5077 948 5132 τοιοῦτον
992 5077 1140 5145 ὂρον,
1169 5074 1245 5139 ὼς
1274 5074 1633 5146 συντρέχοντα
1675 5074 1731 5127 δὲ
1774 5072 1853 5143 τῷ

278 5170 443 5225 αὑτοῦ
471 5169 848 5239 δυσσεῦήματι
869 5183 882 5197 ⁸
928 5167 1165 5237 μάλιστα
1194 5165 1292 5235 μὲν
1318 5165 1411 5219 καὶ
1447 5167 1503 5219 αἱ
1547 5164 1855 5235 προλεχθεῖ-

282 5279 372 5315 σαι
415 5261 704 5329 ὲπαγωγαὶ
747 5259 823 5322 ὡς
871 5258 1210 5331 πορρωτάτω
1236 5256 1336 5328 τὴν
1365 5256 1533 5311 αὑτοῦ
1562 5256 1855 5311 κακόνοιαν

280 5353 636 5407 ἀποσείονται
656 5369 671 5384 ο
705 5350 887 5421 πολλῷ
912 5352 970 5404 δὲ
1004 5349 1205 5420 μᾶλλον
1236 5350 1264 5402 ὁ
1294 5348 1485 5417 ἕτερος
1521 5349 1670 5419 ὄρος,
1693 5349 1722 5399 ὁ
1764 5348 1856 5400 τὸν

282 5446 520 5515 Χριστὸν
567 5446 625 5497 ὲν
662 5443 757 5498 δύο
805 5443 1001 5513 φύσεσι
1034 5441 1439 5515 γνωριζόμενον
1466 5441 1852 5509 ἀπαγγέλλων,

283 5538 380 5591 καὶ
437 5534 1019 5610 λαθροκακουργοῦντα
1069 5535 1231 5588 αὐτὸν
1300 5533 1614 5602 ἁπελέγχει.
1684 5526 1856 5594 Οὗτος

285 5628 395 5699 γὰρ
427 5630 457 5681 ὁ
496 5629 620 5700 ὅρος
673 5626 973 5700 διαρρήδην
1008 5624 1103 5695 βοᾷ
1133 5624 1192 5676 τὸ
1222 5623 1449 5696 ἑδραίαν
1475 5624 1569 5677 καὶ
1594 5624 1856 5689 ἀνεκφοί-

285 5740 448 5789 τητον
484 5723 581 5791 τὴν
616 5720 849 5788 θατέρας
900 5718 1114 5787 φύσεως
1154 5717 1391 5784 ἰδιότητα
1421 5717 1524 5769 κάν
1568 5718 1633 5784 τῇ
1666 5715 1858 5767 ὲνώσει

294 5814 685 5890 μεμενηκέναι,
726 5812 866 5867 ὥστε
917 5811 1113 5885 ῥαδίως
1159 5807 1536 5878 διαγινώσκειν
1573 5806 1857 5873 δύνασθαι,

1931 1944 2124 2013 possit,
2150 1956 2206 1999 et
2230 1945 2334 2000 iste
2377 1962 2485 2000 non
2527 1946 2616 2017 pie
2669 1946 2909 2016 accipiat
2945 1947 3389 2018 adiunctionem,
3424 1950 3508 2005 in-

1931 2043 2215 2090 carnatum
2251 2051 2417 2092 carne
2448 2037 2686 2092 animata
2729 2039 2910 2093 anima
2943 2038 3285 2109 intelligente
3327 2048 3385 2096 et
3417 2056 3510 2097 ra-

1934 2126 2147 2194 tionali,
2183 2128 2404 2185 desinat
2452 2130 2555 2185 iste
2578 2145 2846 2186 excusare
2866 2130 3255 2188 excusationes
3292 2130 3349 2187 in
3373 2146 3511 2204 pec-

1933 2218 2091 2274 catis.

2005 2512 2189 2566 Dicam
2226 2513 2431 2568 clarius
2480 2532 2491 2567 :
2527 2514 2663 2569 Cum
2710 2514 2915 2570 dicitur
2952 2531 3059 2571 una
3101 2524 3301 2573 natura
3340 2516 3511 2575 Verbi

1936 2603 2241 2667 iucarnata,
2280 2606 2582 2669 incarnata,
2630 2607 2879 2675 inquam,
2920 2616 3105 2678 potest
3158 2608 3384 2680 adiungi
3417 2610 3513 2668 .ιηί

1937 2703 2178 2759 ηιιιιιταξς
2226 2704 2282 2749 et
2325 2696 2555 2749 alteram
2609 2697 2831 2765 quidem
2880 2709 3133 2753 naturam
3185 2715 3297 2754 non
3349 2699 3516 2755 indu-

1936 2798 2087 2847 cere,
2148 2785 2505 2839 mutationem
2576 2801 2707 2841 vero
2766 2787 3060 2856 quamdam
3115 2788 3232 2842 sive
3284 2803 3517 2844 conver-

1937 2877 2146 2931 sionem
2201 2878 2320 2947 ejus
2359 2878 2708 2947 signiﬁcare,
2766 2878 2912 2932 sicut
2961 2878 3201 2934 dicimus
3283 2880 3515 2950 glaciem

1936 2982 2058 3023 esse
2104 2976 2356 3022 naturam
2395 2984 2552 3037 aqua:
2605 2969 2967 3036 congclatam.
3014 2969 3233 3024 Etenim
3279 2970 3518 3025 scientes

1938 3074 2103 3113 unam
2156 3070 2411 3115 naturam
2466 3076 2620 3130 aquae
2664 3076 2809 3125 esse,
2848 3072 2904 3117 et
2955 3062 3318 3133 adiuugentes
3361 3063 3515 3130 huic,

1938 3152 2304 3222 congelatam,
2340 3152 2566 3207 alteram
2606 3163 2859 3208 naturam
2910 3170 3009 3224 per
3055 3154 3200 3211 hanc
3238 3154 3518 3227 signiﬁca-

1939 3244 2146 3298 tionem
2184 3259 2293 3298 non
2340 3245 2701 3313 apponimus;
2732 3247 2903 3301 solam
2956 3255 3141 3303 autem
3174 3248 3516 3319 congelatio-

1939 3352 2063 3392 nem
2100 3337 2154 3391 in
2183 3354 2246 3392 ea
2280 3345 2478 3392 natura
2509 3337 2705 3393 factam
2734 3340 3105 3396 intelleximus
3135 3358 3200 3397 ex
3231 3341 3335 3397 hac
3358 3357 3517 3407 voce,

1938 3431 2300 3500 congelatam.
2350 3428 2432 3483 Ad
2466 3428 2585 3484 haec
2612 3430 2874 3497 dicimus,
2919 3431 3067 3502 quod
3099 3432 3155 3486 in
3200 3433 3517 3505 huiusmodi

1939 3521 2170 3589 eﬂcctis,
2207 3524 2521 3594 huiusmodi
2541 3538 2704 3579 voces
2721 3538 2831 3577 non
2857 3522 3241 3593 duplicantur;
3267 3524 3519 3595 duplica-

1942 3613 2019 3667 tio
2054 3615 2202 3669 enim
2248 3617 2339 3673 hic
2377 3618 2838 3686 signiﬁcationem
2899 3616 3129 3672 alterius
3171 3628 3383 3674 naturae.
3406 3617 3523 3674 elﬁ-

1941 3708 2016 3761 cit
2054 3726 2068 3762 :
2103 3710 2261 3764 verbi
2304 3713 2501 3781 gratia,
2554 3728 2667 3767 non
2709 3728 3006 3791 possumus
3041 3712 3229 3769 dicere
3261 3723 3519 3769 naturam

1941 3815 2097 3869 aqua:
2119 3804 2463 3873 congelatam
2495 3806 2690 3877 glacie,
2715 3807 2844 3875 quia
2874 3806 3058 3861 statim
3083 3806 3523 3877 signiﬁcaremus

1942 3891 2092 3945 aliud
2135 3908 2258 3947 esse
2306 3904 2771 3971 naturamraquze,
2815 3908 2872 3952 ct
2912 3897 3063 3951 aliud
3116 3906 3368 3953 naturam
3403 3897 3521 3967 gla-

1944 3982 2085 4050 ciei;
2150 3984 2296 4040 sicut
2329 4001 2456 4041 eum
2517 3988 2758 4043 dicimus
2802 3987 3011 4058 lignum
3059 3997 3311 4044 auratum
3357 4003 3519 4051 auro,

1945 4072 2318 4143 duplicatione
2356 4075 2498 4132 facta
2542 4064 2899 4155 intelligimus
2950 4078 3099 4134 aliud
3152 4093 3274 4133 esse
3307 4078 3520 4149 lignum

1946 4174 2003 4221 et
2029 4167 2176 4222 aliud
2201 4184 2421 4224 aurum.
2445 4169 2536 4225 Sic
2564 4171 2733 4241 igitur
2756 4171 2869 4235 hic,
2924 4186 3049 4225 cum
3084 4170 3325 4226 dicimus
3357 4185 3522 4225 unam

1948 4265 2202 4313 naturam
2231 4259 2329 4315 Dei
2350 4260 2516 4317 Verbi
2548 4262 2912 4324 incarnatam,
2940 4268 2998 4316 et
3025 4261 3299 4325 addimus,
3321 4277 3523 4326 carne;

1949 4356 2203 4403 naturam
2240 4350 2424 4406 carnis
2477 4352 2933 4423 signiﬁcavimus,
2968 4361 3025 4407 et
3061 4352 3210 4423 quod
3257 4352 3527 4408 divinitas

1953 4458 2061 4494 non
2088 4452 2173 4497 est
2204 4453 2415 4498 mutata
2444 4444 2501 4499 in
2532 4462 2777 4511 carnem,
2811 4448 2907 4502 sed
2934 4446 3081 4516 quod
3117 4463 3352 4503 manens
3375 4448 3525 4517 quod

1953 4540 2093 4591 erat,
2135 4547 2232 4599 per
2259 4534 2531 4596 velamen,
2569 4535 2622 4588 id
2672 4524 2778 4599 est,
2809 4552 2906 4604 per
2934 4552 3158 4591 carnem
3188 4548 3527 4608 assumptam

1953 4620 2115 4676 nobis
2147 4623 2424 4691 apparuit.
2471 4625 2720 4679 Perfecto
2770 4640 2903 4695 ergo
2950 4627 3265 4695 huiusmodi
3300 4636 3528 4683 sentcn-
3597 4674 3602 4679 .

1955 4713 2027 4766 tia
2079 4730 2178 4783 per
2230 4715 2372 4770 hanc
2430 4715 2863 4787 duplicationem
2911 4717 3185 4774 redditur.

2026 4981 2082 5035 Si
2123 4981 2247 5051 quis
2270 4997 2401 5037 vero
2441 4998 2634 5037 rursus
2667 4993 2891 5038 naturas
2920 4983 3264 5039 confundens
3293 4993 3349 5040 et
3375 5002 3531 5042 com-

1957 5072 2212 5133 miscens,
2242 5072 2510 5141 approbat
2528 5073 2749 5141 quidem
2779 5073 2920 5128 hanc
2942 5073 3345 5140 deﬁnitionem,
3374 5078 3530 5145 quasi

1956 5180 2081 5218 cum
2124 5164 2405 5233 impietate
2457 5164 2579 5233 eius
2620 5163 2784 5218 faciat
2831 5180 2895 5220 ac
2950 5166 3302 5234 consentiat;
3336 5169 3534 5239 adiun-

1957 5257 2169 5309 ctioncs
2193 5270 2329 5325 quas
2354 5255 2512 5324 prius
2538 5254 2799 5319 diximus,
2822 5257 3056 5313 maxime
3084 5260 3307 5329 quidem
3333 5264 3533 5317 malam

1958 5355 2197 5400 mentem
2237 5347 2357 5415 eius
2406 5346 2729 5410 rctundunt,
2781 5348 2875 5402 sed
2924 5350 3095 5405 multo
3152 5354 3324 5424 magis
3353 5354 3536 5409 adhuc

1958 5440 2128 5494 altera
2177 5436 2450 5501 deﬁnitio,
2499 5454 2620 5508 qum
2644 5438 2929 5494 Christum
2977 5441 3032 5496 in
3066 5442 3286 5499 duabus
3316 5444 3535 5500 naturis

1959 5529 2207 5599 agnoscit
2239 5537 2296 5584 ct
2338 5530 2652 5600 proﬁtetur,
2689 5547 2927 5602 eumque
2959 5534 3198 5590 latenter
3235 5545 3290 5591 et
3322 5551 3418 5605 per
3451 5534 3537 5590 in-
3616 5556 3619 5557 ν

1961 5622 2130 5676 sidias
2160 5623 2348 5677 fallere
2377 5622 2678 5678 convincit.
2728 5624 2854 5680 Baro
2887 5627 3037 5680 enim
3068 5625 3316 5683 deﬁnitio
3343 5634 3535 5698 aperte

1961 5713 2158 5767 clamat
2192 5713 2583 5781 proprietatem
2626 5713 2913 5782 utriusque
2960 5724 3172 5770 natura:
3215 5714 3424 5778 ﬁrmam
3479 5726 3536 5773 et

1964 5804 2361 5861 immutabilem
2390 5806 2445 5859 in
2474 5804 2676 5860 unione
2700 5806 2998 5875 mansisse;
3031 5816 3091 5863 ut
3110 5798 3271 5865 facile
3294 5806 3536 5867 discerni
