4080 6282
311 308 457 399 1497‘

1532 330 1631 392 DE
1666 330 2256 395 INCARNATIONE.

3429 329 3563 397 1498

304 445 489 507 λοιπὸν
521 442 812 507 ἀναδύεται
840 441 902 495 τὸ
930 440 1023 503 δύο
1051 440 1243 511 φύσεις
1282 443 1586 514 ὁμολογεῖν,
1620 445 1752 516 μίαν
1781 446 1879 517 μὲν

1982 460 2145 519 quam
2196 447 2339 501 dixit
2395 462 2560 502 unam
2621 456 2873 503 naturam
2924 447 3020 515 Dei
3068 446 3256 512 Verbi,
3315 447 3564 517 adiungit

301 539 403 608 τῆν
430 537 526 591 τοῦ
565 536 700 593 Θεοῦ
731 537 927 604 Λόγου,
972 535 1170 607 ἑτέραν
1200 536 1255 589 δὲ
1284 536 1382 607 τὴν
1411 537 1782 608 ἀνθρωπίνην,
1813 540 1879 611 ἣν

302 630 465 694 αὐτὸς
493 629 583 689 διά
629 630 726 699 τῆς
775 626 1209 699 σεσαριιωμένης
1258 628 1458 695 λέξεως
1510 630 1879 699 ἀπαγγέλλειν

301 721 727 793 διισχυρίζεταις
760 719 796 777 ἃ
823 719 934 791 γὰρ
960 721 1214 791 ὁμολογεῖ
1241 720 1338 775 καὶ
1382 720 1708 793 ἀριθμείτω,
1740 721 1881 777 κατά

300 814 392 868 τὸν
434 814 612 885 μέγαν
654 812 955 873 Βασίλειον.
988 813 1053 865 Et
1099 812 1157 866 δὲ
1199 813 1440 869 αἰτιᾶται
1473 813 1566 867 τὸν
1595 812 1690 867 δύο
1720 813 1879 885 ἀριθ-

305 906 425 977 μὸν,
461 904 539 969 ὡς
566 903 881 976 δικαστικόν
908 920 1031 968 τινα
1060 904 1155 958 καὶ
1178 904 1532 976 διαιρετικὸν,
1564 904 1882 973 γινωσκέτω

306 998 380 1069 μὴ
409 997 633 1068 εὖλογον
678 992 819 1053 εἶναι
866 999 969 1069 τὴν
1011 996 1270 1068 τοιαύτην
1304 996 1656 1069 παραίτησιν.
1684 996 1749 1053 Εἰ
1782 995 1880 1065 μὲν

302 1090 429 1162 γὰρ,
454 1090 531 1155 ὡς
552 1090 649 1144 καὶ
674 1089 933 1161 ἀνωτέρω
950 1090 1188 1162 εἴρηται,
1201 1087 1370 1142 εἰπὼν
1385 1088 1415 1140 ό
1430 1089 1555 1160 ὄρος
1579 1086 1672 1143 δύο
1689 1086 1881 1159 φύσεις

300 1181 487 1245 ἁπλῶς
510 1182 569 1237 ἐν
601 1180 680 1252 τῷ
729 1180 952 1252 Χριστῷ
1006 1180 1323 1249 γινώσκειν,
1355 1180 1453 1235 καὶ
1493 1180 1660 1252 μηδὲν
1691 1179 1880 1252 ἓτερον

300 1274 740 1346 προσεπιφέρων,
794 1272 1106 1338 ἀπεσιώπα,
1145 1271 1331 1345 χώραν
1373 1273 1504 1337 ἴσως
1551 1272 1725 1327 ἐδίδου
1760 1274 1881 1333 ταῖς

298 1366 579 1430 τοιαύταις
615 1365 897 1434 ὑποψίαις,
928 1364 1003 1428 ὡς
1056 1364 1239 1436 μήπου
1294 1362 1393 1436 τὴν
1441 1361 1639 1417 ἑαυτοῦ
1672 1362 1880 1418 ἔννοιαν

298 1460 512 1531 τρανῶς
528 1459 915 1532 παραστήσας,
947 1459 1095 1523 ὅπως
1118 1453 1229 1510 οἶδε
1259 1456 1360 1521 τάς
1379 1455 1637 1521 τοιαύτας
1660 1457 1753 1511 δύο
1773 1456 1879 1524 φύ-

301 1567 416 1614 σεις
453 1549 599 1621 ἔχειν
629 1548 767 1621 πρὸς
804 1547 1024 1619 ἑαυτάς.
1061 1547 1196 1603 Ειδὲ
1222 1547 1419 1617 ὲπάγει
1454 1546 1538 1610 τὸ,
1568 1544 1877 1616 ἡνωμένας,

300 1645 395 1698 καὶ
429 1642 570 1714 πρὸς
602 1640 816 1705 τούτοις
846 1640 946 1711 τὴν
985 1639 1114 1709 μίαν
1145 1634 1417 1710 κηρύττει
1438 1636 1757 1700 ὑπόστασιν,
1787 1635 1880 1689 ού-

297 1736 356 1790 δὲ
384 1734 624 1791 ὲθέλοντί
663 1750 771 1786 τινι
825 1731 1195 1801 συκοφαντίας
1235 1730 1398 1783 τόπον
1429 1729 1749 1799 παρέχεται.
1784 1728 1881 1781 Δέ-

298 1830 510 1885 δεικται
541 1823 636 1882 οὖν
684 1829 750 1887 ὲκ
784 1826 1006 1893 παντὸς,
1050 1826 1131 1891 ὅτι
1163 1824 1358 1897 ταυτὸν
1400 1821 1731 1894 ἀμφοτέροις
1761 1821 1875 1881 τοῖς
1908 1817 1947 1871 Β

296 1924 545 1995 ὁρισμοῖς
586 1919 797 1985 τούτοις
839 1918 900 1971 τὸ
929 1916 1196 1989 βούλημα,
1230 1916 1323 1970 καὶ
1350 1917 1379 1969 ὁ
1401 1914 1590 1987 ἕτερος
1633 1912 1729 1967 τοῦ
1762 1910 1876 1966 ὲτέ-

302 2030 395 2083 ρου
430 2007 826 2082 ἐρμηνευτικδς
857 2008 1058 2079 μᾶλλον
1085 2006 1181 2059 καὶ
1208 2005 1307 2058 οὐκ
1334 2003 1579 2066 ἐναντίος
1612 2002 1871 2073 ὑπάρχει.

298 2107 409 2159 Καὶ
438 2104 611 2158 ταῦτα
644 2103 745 2174 μὲν
772 2101 848 2166 ὡς
879 2101 938 2153 ὲν
967 2096 1391 2171 προεισαγωγῆς
1434 2096 1563 2149 εῖδει
1610 2092 1876 2164 malem.

297 2212 397 2251 σαν
421 2214 536 2251 νυν.

369 2379 435 2432 Ὀ
465 2377 510 2433 δ’
558 2370 651 2431 οὖν
679 2376 709 2430 ό
738 2374 898 2443 λόγος
937 2374 1166 2446 ὥρμητο
1207 2368 1597 2440 διηγήσασθαι,
1646 2368 1729 2421 ὅτι
1770 2368 1873 2436 τῆς

307 2467 638 2540 Ἐκκλησίας
664 2464 1080 2537 παρωσαμένης
1104 2462 1203 2526 τὰς
1231 2463 1317 2531 ὲφ’
1369 2461 1608 2531 ἐκάτῖδείκῑ
1639 2460 1872 2530 τροπάἶν

297 2566 467 2636 μέσην
495 2580 553 2618 τε
588 2563 680 2618 καὶ
699 2560 1075 2633 ἀληθεστάτην
1101 2555 1410 2628 τεμνούσης
1437 2555 1555 2609 ὁδόν
1579 2571 1592 2585 '
1634 2554 1875 2623 Σευῆρός

300 2675 378 2722 τις
406 2659 475 2728 τῇ
494 2656 601 2710 τῶν
623 2657 682 2709 ιν
713 2652 1015 2723 Ἀντιοχείᾳ
1036 2649 1304 2723 προεδρίᾳ
1321 2647 1514 2709 ἑαυτὸν
1538 2645 1872 2717 είσωθήσας,

302 2748 392 2821 τὴν
422 2746 616 2819 ἑτέραν
663 2744 774 2800 τῶν
812 2742 1130 2815 ὁμομοίρων
1160 2740 1390 2808 τούτων,
1427 2741 1576 2797 τοῦτ’
1628 2740 1744 2795 ἔστι
1774 2740 1875 2812 τὴν

295 2841 436 2897 οιατά
466 2841 681 2912 Μάνην,
723 2836 1102 2908 Ἀπολινάριόν
1148 2853 1210 2892 τε
1245 2836 1341 2891 καὶ
1370 2834 1642 2906 Εὐτυχέα,
1675 2835 1875 2891 διεκδι-

295 2936 410 2989 ιιεῖν
446 2934 731 3004 έπειρᾶτο,
779 2929 966 2987 κυκῶν
1016 2930 1115 2998 ὅση
1161 2926 1391 3000 δύναμις
1428 2927 1577 2999 αὐτῷ
1628 2927 1728 2999 τὴν
1774 2929 1874 2997 τῆς

303 3026 633 3096 Ἐκκλησίας
654 3024 899 3096 είρήνην.
946 3021 1191 3087 Ἐλαθεὶς
1221 3021 1278 3076 δὲ
1313 3021 1413 3092 τῆς
1447 3018 1765 3092 Ἀντιοχέων
1796 3017 1874 3082 ὡς

1984 539 2363 607 incarnatam;
2409 556 2581 614 quare
2629 550 2818 610 postea
2862 550 3080 598 recusat
3125 540 3378 596 conﬁteri
3424 540 3563 600 duas

1983 640 2232 698 naturas,
2281 649 2447 689 unam
2485 633 2713 707 quidem
2752 634 2850 689 Dei
2881 635 3074 701 Verbi,
3109 644 3168 689 et
3193 635 3424 690 alteram
3453 632 3559 687 liu—

1982 741 2221 787 manam.
2256 741 2421 797 quam
2452 726 2569 797 ipse
2611 725 2882 781 vocabulo
2918 724 3189 780 incarnati
3235 724 3467 779 atIirmat
3499 739 3560 779 se

1983 816 2275 885 proﬁteri?
2317 832 2441 888 quae
2483 817 2633 872 enim
2677 816 2991 879 conﬁtetur,
3047 824 3326 880 numeret,
3383 822 3443 868 ut
3484 813 3561 868 ait

1982 921 2213 977 magnus
2253 907 2507 979 Basilius.
2546 906 2604 963 Si
2639 915 2822 963 autem
2864 913 3087 966 accusat
3131 904 3409 959 binarium
3452 921 3560 958 nu-

1982 1013 2196 1055 merum
2244 1008 2504 1073 tanquam
2565 997 2904 1061 dividentem
2949 1005 3005 1052 et
3033 996 3385 1066 partientem,
3424 997 3561 1051 sciat

1982 1106 2093 1146 non
2133 1107 2256 1147 esse
2289 1091 2488 1147 rationi
2519 1099 2949 1147 consentaneam
2993 1088 3312 1160 huiusmodi
3346 1103 3562 1142 recusa-

1984 1183 2212 1238 tionem.
2247 1183 2303 1237 Si
2340 1184 2513 1247 enim,
2550 1192 2611 1238 ut
2650 1181 2911 1252 superius
2931 1180 3141 1235 dictum
3170 1187 3277 1244 est,
3307 1177 3561 1234 deﬁnitio

1980 1290 2105 1345 quae
2151 1275 2288 1331 dicit
2330 1275 2656 1346 simpliciter
2696 1272 2919 1345 agnosci
2955 1272 3010 1327 in
3039 1270 3261 1327 Christo
3295 1270 3431 1326 duas
3463 1285 3563 1323 na.

1982 1375 2158 1433 turas,
2199 1378 2256 1425 et
2290 1367 2430 1424 nihil
2481 1367 2634 1423 aliud
2663 1366 2987 1439 adiitngens,
3030 1363 3295 1427 reticeat;
3327 1362 3560 1418 fortasse

1980 1461 2161 1517 locum
2205 1461 2424 1521 dederit
2473 1459 2790 1531 huiusmodi
2862 1455 3295 1527 suspicionibus,
3344 1464 3409 1508 ut
3462 1454 3557 1523 qui

1980 1568 2089 1607 non
2127 1552 2291 1622 plane
2328 1553 2662 1609 sententiam
2711 1566 2866 1607 suam
2917 1548 3239 1621 protulerit,
3281 1546 3560 1616 quomodo

1982 1643 2317 1715 intelligeret
2346 1643 2415 1698 ad
2456 1660 2515 1700 se
2544 1643 2780 1699 invicem
2812 1640 3038 1696 affectas
3066 1636 3389 1710 huiusmodi
3423 1635 3561 1689 duas

1983 1744 2226 1791 naturas.
2252 1736 2308 1792 Si
2332 1751 2465 1795 vero
2505 1735 2787 1807 adiungat,
2817 1734 3097 1797 unitas,et
3134 1745 3297 1785 uuam
3331 1736 3559 1800 praeter-

1977 1845 2039 1886 ea
2073 1830 2392 1900 bypostasin
2464 1828 2749 1901 praedicet,
2785 1843 2853 1883 ne
2880 1824 3088 1881 volenti
3134 1822 3356 1893 quidem
3385 1820 3557 1873 ullum

1976 1923 2157 1978 locum
2187 1924 2282 1983 dat
2313 1921 2623 1977 calumniae.
2658 1922 3103 1976 Demonstratum
3135 1916 3300 1987 igitur
3333 1922 3417 1969 est
3443 1928 3561 1967 om-

1975 2015 2109 2069 nino
2163 2014 2424 2077 eumdem
2452 2028 2674 2069 sensum
2713 2026 2835 2066 esse
2878 2009 3169 2079 utriusque
3196 2004 3557 2069 deﬁnitionis,

1975 2115 2032 2162 et
2070 2106 2300 2161 alteram
2340 2121 2462 2160 esse
2508 2104 2740 2159 alterius
2768 2098 3314 2171 interpretationem,
3354 2104 3410 2152 et
3454 2095 3562 2150 mi~

1977 2199 2125 2254 nime
2198 2197 2559 2254 contrariam.
2639 2196 2708 2250 Et
2767 2194 2885 2249 haec
2954 2193 3223 2248 hactenus
3299 2197 3559 2258 tanquam

1978 2291 2034 2345 in
2081 2290 2323 2360 speciem
2378 2286 2797 2360 przeparationis
2833 2287 2979 2341 dicta
3029 2285 3141 2341 sint
3190 2297 3363 2337 nunc.

2045 2378 2200 2447 Quod
2228 2389 2413 2437 autem
2443 2395 2720 2451 cmperam
2749 2392 3047 2447 exponere,
3087 2373 3556 2445 quemadmodum

1975 2474 2221 2529 Ecclesia
2259 2473 2503 2543 explosis
2533 2470 2982 2529 abcrrationibus
3011 2470 3065 2523 in
3110 2477 3401 2537 utramque
3434 2483 3560 2536 par-

1977 2575 2087 2621 tem
2135 2566 2280 2621 inter
2330 2581 2390 2622 se
2452 2565 2901 2622 dissentientium
2931 2604 2946 2630 ,
3004 2562 3187 2619 media
3237 2560 3324 2616 via
3382 2575 3561 2629 eaque

1977 2655 2286 2712 rectissima
2329 2656 2711 2727 ingrediatur;
2766 2655 3008 2711 Severus
3051 2654 3299 2725 quidam,
3346 2653 3442 2723 qui
3497 2667 3557 2707 se

1976 2750 2032 2804 in
2050 2749 2430 2820 episcopatum
2455 2748 2716 2803 Ecclesiae
2742 2745 3135 2801 Antiochensis
3157 2745 3363 2807 intulit,
3394 2743 3559 2797 aliam

1975 2859 2139 2914 quam
2188 2842 2435 2913 ipsorum
2463 2841 2736 2897 sodalium
2777 2847 3005 2906 sectam,
3048 2838 3103 2893 id
3136 2848 3241 2905 est,
3276 2836 3560 2891 Maniclimi

1974 2948 2031 2995 et
2077 2937 2406 3009 Apollinarii
2447 2944 2505 2992 et
2556 2934 2896 3007 Eutychetis,
2937 2930 3236 2988 defendere
3272 2944 3561 3000 aggressus

1975 3041 2079 3097 est,
2107 3032 2354 3096 turbans,
2384 3030 2561 3101 quoad
2587 3027 2788 3100 potuit,
2813 3040 3005 3099 pacem
3032 3023 3310 3080 Ecclesiae.
3337 3022 3561 3092 Eiectus

294 3116 601 3187 στασιώδης
646 3115 741 3205 καὶ
780 3112 1071 3185 ταραξίας,
1118 3116 1186 3186 τῇ
1240 3112 1636 3183 Ἀλεξανδρέων
1674 3110 1876 3183 κουφό-

1980 3140 2114 3180 vero
2157 3124 2227 3178 ab
2272 3122 2749 3179 Antiochensibus
2779 3129 3040 3189 tanquam
3079 3116 3341 3171 factiosus
3367 3123 3424 3171 et
3450 3122 3564 3171 tur-

298 3226 419 3281 τητι
458 3198 722 3271 λαίλαπος
753 3205 848 3260 καὶ
890 3204 1123 3276 θυέλλης
1162 3204 1320 3277 δίκην
1350 3203 1677 3275 ἐνέσκηψεν.
1707 3203 1877 3259 Ἔνθα

296 3302 387 3355 καὶ
411 3300 606 3371 ἑτέρας
640 3297 952 3366 καταιγίδος
976 3298 1420 3368 ἀντιπνευσάσης
1445 3296 1617 3368 αὐτῷ,
1651 3296 1876 3368 ἡμερώ-

300 3407 449 3461 τερος
490 3388 589 3460 μὲν
614 3390 707 3443 καὶ⁵
728 3382 893 3460 ἦττον
915 3387 1161 3459 ζαλώδης
1196 3387 1273 3458 (9)
1303 3388 1470 3451 αὐτὸς
1496 3388 1695 3442 ἑαυτοῦ
1723 3388 1876 3456 γίνε-

295 3501 423 3538 ται·
468 3484 517 3538 οἱ
545 3483 603 3539 δὲ
636 3484 733 3537 ὑπ’
764 3481 934 3538 αὐτοῦ
967 3481 1422 3554 κλυδωνιζόμενοι
1452 3484 1549 3538 καὶ
1580 3484 1878 3556 περιφερό-

298 3594 471 3648 μενοι,
519 3574 897 3646 διεσπάρησαν
940 3574 1037 3628 ἀπ*
1075 3573 1344 3645 ἀλλήλων,
1400 3577 1496 3629 καὶ
1542 3574 1878 3649 διῃρέθησαν

292 3672 555 3742 χειρόνως
592 3671 625 3743 ἢ
669 3670 956 3743 πρότερον.
1003 3670 1328 3726 Διεσκέδασε
1357 3671 1467 3742 γὰρ
1507 3670 1710 3734 αὐτοὺς
1750 3671 1878 3724 Ἰου-

294 3763 498 3829 λιανὸς,
534 3762 823 3834 ἑπίχαρμα
851 3762 964 3816 τῶν
994 3761 1207 3835 ἐχθρῶν
1237 3761 1428 3828 αὑτοῦ,
1462 3761 1649 3827 καθὼς
1673 3762 1880 3834 γέγρα-

298 3874 447 3910 πται.
502 3855 793 3920 Ἰουλιανὸς
830 3855 889 3911 δὲ
931 3846 1086 3920 οὗτος
1152 3854 1590 3925 Ἀλικαρνασσοῦ
1644 3855 1743 3926 μὲν
1777 3855 1879 3926 τῆς

308 3943 495 4007 Ἀσίας
521 3943 823 4009 ἐπίσκοπος
849 3940 940 4017 ἦν,
969 3944 1072 4015 τῆς
1107 3945 1163 3999 δὲ
1187 3946 1533 4017 Εὐτυχιανῆς
1565 3946 1880 4017 συμμορίας

297 4038 715 4110 προαγωνιστὴς
738 4030 1134 4109 ὲκθυμότατος,
1175 4038 1418 4111 Σευήρου
1466 4056 1528 4093 τε
1565 4039 1637 4093 τά
1684 4038 1879 4109 πρῶτα

298 4130 535 4203 συνήθης
568 4132 662 4185 καὶ
693 4130 868 4201 φίλος.
908 4132 1413 4205 συγκεκροτημένοι
1443 4149 1505 4186 τε
1534 4134 1705 4205 ἄμφω
1732 4133 1876 4187 κατά

294 4223 395 4292 τῆς
426 4221 723 4292 ἀληθείαςο
787 4222 1016 4294 ὕστερον
1061 4223 1118 4277 δὲ
1178 4224 1514 4295 ἐμπεσόντος
1560 4225 1744 4289 αὐτοῖς
1780 4225 1878 4280 τοῦ

296 4315 541 4371 τοιούτου
570 4317 912 4387 ζητήματος,
946 4317 1179 4386 πότερον
1222 4317 1465 4386 φθαρτὸν
1502 4316 1665 4386 φύσει
1696 4317 1879 4386 λέγειν

295 4411 358 4464 τὸ
405 4410 564 4481 σῶμα
606 4407 702 4462 τοῦ
753 4408 958 4477 Κυρίου
1006 4408 1157 4473 ποτὲ,
1208 4408 1240 4479 ἦ
1287 4410 1408 4462 ούδέ
1458 4426 1624 4475 ποτε,
1664 4410 1780 4464 ἀλλ’
1820 4411 1879 4476 ἐξ

1981 3211 2265 3280 ὒιιίοηιυε,
2305 3214 2472 3269 irruit
2509 3214 2683 3268 instar
2713 3210 2969 3282 procella:
3006 3218 3063 3264 et
3108 3206 3345 3269 turbinis
3390 3205 3445 3260 in
3485 3205 3564 3260 le-

1981 3310 2206 3364 vitatem
2243 3305 2741 3373 Alexandrinorum
2770 3344 2784 3369 ,
2832 3302 2925 3358 ubi
2967 3301 3073 3367 alia
3103 3306 3431 3369 tempestate
3472 3312 3561 3351 re-

1981 3401 2148 3457 ﬂante
2189 3398 2533 3455 mansuetior
2571 3407 2629 3453 et
2664 3397 2850 3452 minus
2908 3393 3171 3450 turbidus
3213 3391 3393 3447 factus
3437 3398 3559 3451 est;

1981 3494 2077 3564 qui
2122 3502 2305 3548 autem
2341 3491 2410 3546 ab
2458 3506 2525 3546 eo
2570 3490 2794 3551 fuerant
2822 3486 3085 3542 fluctibus
3129 3482 3321 3555 iactati
3360 3490 3417 3537 et
3450 3481 3563 3535 cir-

1980 3584 2238 3647 cumacti,
2272 3600 2302 3643 a
2334 3600 2392 3639 se
2417 3582 2551 3653 ipsis
2578 3582 2803 3637 fuerunt
2840 3577 3090 3642 dissecti,
3124 3586 3179 3631 et
3208 3574 3373 3631 divisi
3406 3574 3563 3644 peius

1981 3693 2144 3748 quam
2197 3687 2381 3739 antea.
2436 3674 2711 3745 Dispersit
2757 3671 2907 3729 enim
2958 3686 3055 3727 eos
3104 3668 3379 3731 Julianus,
3419 3666 3564 3721 risus

1982 3769 2333 3829 inimicorum
2387 3782 2639 3829 suorum,
2688 3774 2749 3820 ut
2793 3763 3063 3834 scriptum
3118 3770 3225 3821 est.
3280 3760 3413 3813 Erat
3474 3758 3565 3812 hic

1979 3862 2232 3925 Julianus
2261 3861 2554 3931 episcopus
2602 3855 2973 3917 llalicarnassi
3020 3855 3077 3911 in
3108 3853 3256 3917 Asia,
3302 3849 3562 3905 defensor

1981 3953 2405 4017 ardentissimus
2448 3961 2611 4006 secta:
2657 3946 3005 4019 Eutychetis,
3073 3942 3233 3999 initio
3278 3939 3565 3997 familiaris

1980 4058 2037 4105 et
2084 4048 2299 4104 amicus
2352 4046 2542 4103 Severi
2588 4063 2602 4099 :
2640 4044 2804 4101 ambo
2835 4042 2986 4099 enim
3032 4048 3223 4099 contra
3274 4037 3568 4092 veritatem

1980 4141 2466 4212 conspiraverant,
2517 4148 2709 4209 postea
2757 4151 2892 4194 vero
2954 4133 3226 4197 dissidere
3276 4138 3569 4200 ceperunt

1980 4245 2101 4297 orta
2128 4236 2274 4297 inter
2300 4251 2396 4291 eos
2427 4231 2853 4303 disceptatione,
2885 4238 3070 4284 utrum
3097 4224 3394 4282 dicendum
3422 4231 3568 4278 esset

1981 4345 2182 4400 corpus
2223 4328 2431 4384 Christi
2482 4336 2680 4383 natura
2738 4322 3038 4394 aliquando
3087 4317 3449 4390 eorruptibile
3498 4332 3575 4372 an

1979 4437 2285 4491 nunquam,
2337 4420 2434 4475 sed
2494 4421 2684 4489 potius
2737 4418 2807 4477 ab
2856 4418 2975 4487 ipsa
3032 4414 3240 4475 unione
3296 4411 3568 4467 sublatam

300 4502 466 4572 αὐτῆς
526 4504 625 4573 τῆς
698 4498 945 4563 ἑνώσεως
1001 4500 1387 4571 ἀπαρνηθῆναι
1459 4501 1559 4571 τῆς
1627 4500 1875 4573 φθαρτῆς

1980 4526 2102 4569 esse
2151 4510 2547 4579 proprietatem
2600 4516 2816 4563 naturre
2864 4504 3267 4574 corruptibilis,
3309 4511 3573 4572 tanquam

298 4590 513 4660 φύσεως
541 4592 603 4645 τὸ
632 4591 828 4662 ἰδίωμα
852 4633 867 4656 ,
925 4590 1004 4655 ὼς
1030 4593 1159 4662 μιᾶς
1189 4591 1408 4662 φύσεως
1432 4594 1734 4664 γινομένων
1764 4593 1875 4647 τῶν

296 4687 411 4749 δύο,
477 4686 572 4740 καὶ
626 4688 726 4757 τῆς
782 4686 1076 4751 ούσιώδους
1116 4686 1383 4757 διαφορᾶς
1430 4686 1633 4757 ἀμφοῖν
1675 4688 1877 4760 μηκέτι

297 4779 731 4852 γινωσκομένης,
778 4778 877 4834 τοῦ
914 4779 971 4833 δὲ
1008 4778 1321 4849 κρείττονός
1351 4796 1411 4833 τε
1438 4780 1533 4834 καὶ
1561 4779 1707 4834 θείου
1744 4781 1880 4853 μᾶλ-

295 4874 387 4925 λόν
428 4890 544 4935 πως
576 4871 966 4943 ὲκνικήσαντος
992 4872 1109 4942 ἅμα
1137 4874 1205 4943 τῇ
1241 4871 1432 4944 πρώτῃ
1462 4872 1747 4942 συναφείᾳ,
1786 4873 1882 4933 καὶ⁴

299 4964 436 5034 πρὸς
477 4964 537 5017 τὸ
583 4963 781 5018 ἑαυτοῦ
828 4964 1026 5035 ίδίωμα
1066 4964 1128 5018 τὸ
1154 4960 1317 5036 ἦττον
1357 4965 1416 5019 ὲν
1450 4965 1649 5037 ἀκαρεῖ
1671 4965 1880 5036 μεθαρ-

302 5058 572 5127 μόσαντος
592 5059 691 5128 τῆς
706 5056 828 5114 κατ’
857 5056 992 5110 αὐτὸ
1014 5057 1255 5127 φυσικῆς
1283 5057 1565 5129 ἰδιότητος.
1598 5058 1791 5113 Κοινδν
1825 5058 1881 5112 δὲ

299 5150 632 5223 ἀμφοτέροις
664 5149 938 5222 Ἰουλιανῷ
961 5152 1055 5206 καλ⁸
1078 5153 1301 5223 Σευήρῳ
1322 5152 1472 5206 τουτὶ
1497 5151 1557 5205 τὸ
1576 5151 1842 5222 ἀπόρημα
1862 5167 1875 5181 ·

298 5243 470 5314 ἄμφω
524 5243 636 5314 γάρ
686 5245 784 5315 τῆς
827 5244 1163 5313 συγχυτικῆς
1213 5244 1560 5313 προεμάχουν
1608 5241 1877 5306 ὲνώσεως.

811 5356 966 5423 Δόξα
1019 5353 1363 5427 Ἰουλιανοῦ.

384 5469 672 5534 Ἰουλιανὸς
710 5468 844 5538 γοῦν
870 5468 1048 5536 καλῶς
1072 5470 1321 5541 ποιήσειν
1350 5467 1566 5539 διέγνω,
1596 5471 1643 5523 εί
1675 5470 1870 5525 παντά-

302 5578 466 5621 πασιν
492 5561 552 5627 ἐξ
578 5562 823 5625 ἀπόπτου
866 5562 1092 5632 χωρήσῃ
1128 5562 1271 5616 κατά
1302 5562 1399 5633 τῆς
1440 5561 1720 5633 ἀληθείας,
1782 5564 1877 5617 καὶ

306 5653 383 5726 μὴ
408 5653 588 5726 ἐαυτῷ
617 5672 672 5710 τε
696 5655 789 5709 καὶ
817 5654 989 5726 ταύτῃ
1024 5652 1277 5726 πολέμιος
1374 5655 1467 5708 καὶ
1496 5655 1835 5728 ἀνάρμοστος
1860 5672 1874 5687 ο

1983 4598 2105 4657 duae
2142 4606 2353 4653 naturae
2397 4596 2554 4653 facta:
2582 4603 2771 4650 essent
2814 4609 2943 4656 una.
2989 4601 3049 4648 et
3093 4592 3404 4646 differentia
3435 4590 3573 4645 sub-

1984 4690 2258 4746 stantialis
2308 4696 2523 4744 naturae
2570 4703 2679 4743 non
2731 4686 2969 4757 amplius
3012 4690 3364 4749 nosceretur,
3411 4681 3570 4752 quasi

1986 4781 2183 4837 melior
2209 4794 2359 4850 pars,
2392 4778 2448 4834 id
2501 4786 2586 4833 est
2615 4777 2824 4841 divina,
2860 4776 3023 4831 simul
3059 4789 3184 4831 cum
3221 4773 3341 4843 ipsa
3364 4772 3571 4828 unione

1986 4873 2232 4935 vicisset.
2272 4881 2331 4928 et
2363 4871 2430 4929 ad
2463 4886 2617 4927 suam
2662 4869 3062 4941 proprietatem
3100 4868 3155 4922 in
3196 4876 3402 4938 puncto
3434 4874 3571 4919 tem-

1986 4964 2141 5034 poris
2173 4963 2443 5021 minorem
2472 4970 2685 5033 partem
2713 4977 2745 5016 a
2791 4962 3031 5017 naturali
3065 4962 3189 5033 eius
3232 4959 3573 5031 proprietate

1988 5055 2382 5119 transtulisset.
2424 5054 2748 5111 Communis
2786 5063 2969 5109 autem
3021 5055 3335 5117 amborum,
3366 5051 3570 5109 Juliani

1986 5148 2201 5205 scilicet
2247 5156 2304 5203 et
2354 5146 2581 5210 Severi,
2650 5146 2768 5202 haec
2829 5147 3105 5202 dubitatio
3165 5157 3222 5203 et
3286 5145 3567 5216 quaestio:

1986 5243 2149 5297 ambo
2191 5241 2342 5297 enim
2385 5240 2650 5296 unionem
2692 5240 3122 5295 confundentem
3174 5237 3567 5294 defendebant.

2320 5355 2509 5427 Opinio
2536 5354 2746 5411 Iuliani
2794 5354 3199 5411 Halicarnassei

2054 5471 2306 5528 Julianus
2341 5470 2508 5542 igitur
2533 5472 2763 5542 pulchre
2795 5485 2853 5526 se
2891 5471 3164 5526 facturum
3200 5467 3481 5540 cogitavit,
3519 5467 3567 5524 si

1985 5562 2202 5618 occulte
2241 5569 2299 5616 et
2330 5560 2593 5616 insidiose
2647 5569 2836 5616 contra
2867 5561 3156 5618 veritatem
3190 5560 3410 5631 penitus
3440 5573 3567 5631 pro-

1985 5656 2224 5722 cederet,
2276 5662 2465 5709 etnon
2498 5653 2781 5709 videretur
2828 5652 2933 5709 sibi
2979 5650 3292 5707 contrarius
3316 5662 3373 5706 et
3416 5666 3447 5706 a
3476 5665 3568 5707 ve-

375 5783 452 5858 (9)
494 5785 624 5841 Fed.
674 5786 811 5841 Mor.
868 5787 975 5859 leg.
1011 5803 1077 5843 ex
1126 5787 1248 5844 eod.
1300 5805 1402 5845 ms.
1465 5791 1525 5846 P.
1585 5790 1662 5846 St.
1713 5786 1871 5863 ἧττον
1895 5790 2111 5857 ζαλὼδη
2142 5790 2327 5846 mitior
2357 5798 2410 5846 et
2447 5791 2627 5847 minus
2664 5791 3012 5848 turbulentus
3035 5808 3199 5862 quam
3224 5801 3403 5847 antea.
