4080 6282
529 348 664 416 1199
1661 367 2055 429 THEODORI
2097 365 2620 428 RHAITUENSIS
3648 359 3786 425 1500

525 463 688 517 ritate
711 461 1044 535 discrepare.
1071 468 1418 527 Existimavit
1443 489 1573 547 ergo
1595 491 1939 547 consequens
1959 492 2095 540 esse,

2205 474 2499 529 ἀκόλουθον
2545 470 2684 529 εἶναι
2737 475 2968 545 νομίσας
3040 474 3118 547 τῷ
3166 471 3381 544 λέγοντι
3433 474 3563 545 μίαν
3602 474 3788 543 φύσιν

524 563 588 610 ιιι
633 555 728 625 qui
787 572 952 612 unam
1003 570 1260 618 naturam
1296 565 1528 632 diceret,
1573 584 1683 623 non
1730 569 1935 624 faceret
1981 586 2095 626 eam

2209 567 2283 639 μὴ
2328 569 2466 638 πρὸς
2512 566 2713 639 ἑαυτὴν
2759 567 3006 622 ἐναντίαν
3053 569 3149 622 καὶ
3208 567 3614 638 διαφερομένην
3655 569 3790 620 ποτὲ

521 650 858 704 contrariam
891 653 996 709 sibi
1025 663 1082 709 et
1119 672 1149 712 a
1185 673 1244 712 se
1282 659 1721 732 discrepantem;
1757 665 1974 720 sublata
2002 682 2104 720 au-

526 747 635 793 tem
659 739 1028 813 discrepantia
1053 787 1068 811 ,
1087 750 1425 818 sequebatur
1445 753 1616 825 magis
1645 754 1874 826 impium
1894 773 2037 820 esse,
2055 759 2100 814 si

527 830 827 898 diceretur,
841 835 988 903 quod
1011 837 1258 896 deterius
1277 851 1382 909 est,
1398 846 1616 916 aggredi
1645 847 1711 902 ad
1731 852 2102 920 praestantius,

530 920 582 976 id
598 933 703 988 est,
722 928 1084 997 corruptibile
1099 931 1166 985 ad
1187 933 1619 1005 incorruptibile.
1635 939 1760 995 llaec
1776 956 1899 996 cum
1921 944 1999 998 sic
2018 962 2104 1000 se-

527 1027 652 1067 cum
671 1017 1033 1075 ratiocinatus
1047 1032 1215 1089 esset,
1234 1033 1290 1079 et
1307 1025 1445 1081 nihil
1467 1027 1616 1084 aliud
1636 1031 1742 1086 sibi
1760 1035 2100 1090 contrarium

525 1106 904 1173 przevidisset,
961 1110 1439 1185 incorruptibilem
1497 1135 1716 1191 semper
1767 1133 1825 1179 et
1879 1128 2104 1183 omnino

525 1195 744 1252 Domini
789 1215 1013 1255 carnem
1065 1203 1355 1275 imperiose
1412 1215 1809 1280 pronuntiavit.
1864 1217 2104 1275 Severus

522 1297 706 1345 autem
743 1308 852 1348 non
892 1297 1162 1365 probabat
1209 1301 1332 1369 ista,
1382 1316 1444 1360 ut
1473 1323 1594 1377 qua:
1632 1310 2013 1368 confusionem
2048 1323 2104 1370 et

523 1385 964 1443 commistiouem
992 1401 1312 1460 naturarum
1342 1398 1503 1467 plane
1533 1401 1890 1472 inducerent;
1923 1423 2103 1476 neque

524 1481 703 1530 tamen
751 1494 941 1560 pacem
991 1481 1172 1540 facere
1223 1488 1443 1546 volebat
1489 1507 1615 1547 cum
1664 1495 1933 1563 Ecclesia,
1983 1515 2105 1570 quae

520 1571 918 1628 convenienter
952 1574 1284 1636 dill‘erentia:
1332 1591 1389 1638 et
1423 1587 1856 1656 proprietatibus
1880 1603 2106 1650 naturas

522 1671 795 1729 numerat,
831 1666 884 1720 in
925 1668 1130 1737 quibus
1164 1672 1474 1732 differentia
1523 1682 1924 1751 proprietatum
1979 1704 2103 1743 cer-

521 1752 696 1816 nitur,
737 1765 794 1810 et
835 1773 1069 1827 quarum
1103 1775 1232 1819 sunt
1258 1769 1622 1838 proprietates
1650 1777 1947 1840 naturales,
1981 1795 2102 1848 qua:

522 1843 575 1896 in
602 1844 736 1914 ipsis
759 1851 976 1905 naturis
1012 1851 1236 1922 insunt;
1263 1861 1595 1916 ctassentiri
1621 1865 1868 1922 audaciis
1897 1869 2100 1926 Juliani

522 1937 816 2006 impudens
859 1951 915 1997 et
970 1947 1227 2014 petulans
1277 1966 1399 2006 esse
1428 1954 1832 2026 arbitrabatur;
1875 1970 1933 2016 et
1990 1979 2100 2018 non

521 2026 702 2082 minus
735 2046 858 2085 csse
890 2048 1052 2102 quam
1092 2037 1244 2093 nudo
1279 2041 1458 2111 capite
1492 2053 1547 2099 et
1579 2055 1769 2116 aperto
1797 2065 1894 2104 ore
1930 2050 2102 2121 picta-

518 2128 626 2175 tem
675 2139 1010 2196 oppugnare.

1092 2263 1282 2336 Opim'o
1333 2267 1533 2326 Severi.

587 2389 666 2444 Ex
697 2406 764 2447 eo
811 2403 1057 2465 tempore
1100 2398 1276 2455 factus
1307 2409 1392 2456 est
1435 2403 1674 2460 Severus
1704 2406 1806 2461 sibi
1857 2416 1916 2463 et
1945 2425 2097 2465 men-

513 2480 674 2536 dacio
716 2499 817 2538 suo
871 2491 1203 2556 contrarius,
1247 2502 1303 2548 et
1342 2511 1444 2550 nec
1491 2512 1560 2551 ex
1609 2505 1724 2553 toto
1775 2517 1963 2566 verax,
1998 2520 2101 2559 nec

513 2587 580 2627 ex
629 2582 744 2629 toto
798 2579 1053 2647 mendax,
1091 2583 1208 2648 sed,
1259 2594 1321 2640 ut
1349 2589 1422 2641 ita
1463 2588 1665 2654 dicam,
1710 2593 2098 2660 pseudalcthes

517 2665 593 2734 (id
619 2674 714 2732 est,
747 2669 1068 2743 falsiverus),
1098 2676 1295 2732 similis
1326 2689 1538 2737 natura:
1570 2685 1908 2754 compositae,
1934 2703 2097 2757 quam

515 2759 849 2830 excogitavit
886 2784 899 2818 :
940 2765 1148 2824 idcirco
1183 2786 1372 2828 secum
1419 2785 1645 2845 pugnat,
1679 2786 1736 2833 et
1780 2778 2100 2835 inconstans

511 2860 645 2918 est,
692 2862 750 2910 et
816 2856 965 2912 fatue
1015 2869 1181 2930 atque
1255 2863 1532 2922 inerudite
1594 2869 1835 2924 medium
1891 2872 2098 2943 aliquid

517 2941 666 2998 inter
740 2948 1086 3005 mendacium
1159 2963 1216 3008 et
1302 2956 1589 3013 veritatem
1651 2963 1878 3030 quaerit;
1949 2966 2096 3034 quod

511 3039 724 3095 nullum
775 3053 880 3098 est.
915 3045 1033 3100 Non
1085 3047 1232 3101 enim
1263 3048 1501 3106 inveniri
1537 3067 1640 3108 nec
1672 3056 1970 3126 excogitari
2001 3075 2098 3128 po-

512 3136 620 3184 test
638 3131 843 3200 aliquid
869 3134 1089 3191 veritati
1109 3145 1165 3192 et
1184 3140 1473 3195 mendacio
1495 3142 1862 3215 interjectum.
1880 3149 2095 3204 Veritas
2124 3176 2168 3233 ο

510 3219 660 3275 enim
687 3238 906 3294 semper
938 3227 1118 3282 media
1149 3238 1254 3292 est,
1283 3245 1388 3285 non
1419 3240 1752 3301 transversa,
1777 3249 1942 3307 atque
1973 3240 2097 3297 ideo

512 3311 670 3367 tinnit
713 3323 770 3370 et
815 3318 1060 3389 undique
1108 3322 1338 3390 aequalis
1387 3332 1444 3379 et
1492 3335 1639 3382 recta
1689 3347 1702 3382 :
1750 3329 1886 3386 nihil
1933 3332 2099 3403 igitur

513 3404 734 3475 recipit,
768 3409 916 3479 quod
944 3427 1064 3465 eam
1115 3414 1307 3470 reddat
1339 3416 1643 3487 obliquam,
1671 3429 1728 3476 et
1750 3437 1780 3476 e
1813 3437 1914 3476 suo
1944 3432 2089 3478 statu

510 3504 568 3550 et
621 3495 882 3554 ﬁrmitate
941 3504 1200 3573 expellat.
1259 3504 1525 3578 Coarguit
1582 3517 1766 3564 autem
1821 3511 2092 3582 quidquid

510 3588 776 3646 insidiose
809 3592 876 3646 ad
920 3610 1040 3649 eam
1073 3597 1306 3661 accedit,
1339 3607 1395 3654 et
1445 3599 1688 3655 medium
1715 3604 1836 3674 ejus
1865 3615 2095 3674 quatere

511 3682 713 3751 nititur,
747 3703 760 3739 :
790 3684 841 3739 id
868 3688 1015 3756 quod
1052 3688 1258 3745 Severo
1297 3691 1548 3748 evenisse
1593 3695 1923 3765 reperimus.
1953 3696 2095 3764 Quia

508 3773 678 3836 enim,
721 3775 1067 3843 utdiximus,
1107 3781 1349 3837 medium
1389 3783 1595 3854 aliquid
1649 3803 1853 3842 novum
1889 3799 2095 3859 praeter

508 3866 796 3940 veritatem
836 3881 1068 3928 conatus
1098 3883 1183 3928 est
1213 3874 1482 3941 invenire,
1513 3879 1660 3950 quod
1699 3881 1948 3938 invenire
1983 3901 2094 3940 non

505 3957 707 4026 potuit,
749 3959 880 4016 fecit
912 3961 1049 4032 ipse.
1095 3964 1232 4021 Cum
1267 3970 1415 4023 enim
1451 3969 1688 4028 Severus
1720 3974 1834 4044 ipse
1880 3977 2093 4034 diceret

505 4061 625 4102 csse
660 4047 942 4107 Christum
987 4070 1152 4111 unam
1188 4067 1467 4126 naturam,
1521 4071 1577 4118 et
1617 4064 1988 4124 diﬂ‘erentiam
2037 4070 2093 4126 in

503 4139 727 4198 Christo
774 4146 1080 4216 reciperet;
1125 4151 1378 4208 Julianus
1427 4172 1559 4211 vero
1607 4175 1771 4214 unam
1817 4172 2090 4229 naturam,

454 4293 462 4301 ,
507 4233 651 4287 sicut
701 4234 961 4301 Severus,
992 4251 1245 4308 poneret,
1291 4245 1387 4298 sed
1431 4246 1799 4304 dill‘erentiam
1827 4253 2089 4309 tolleret:

505 4322 740 4387 veritas,
770 4323 822 4378 id
838 4335 942 4390 est,
965 4330 1341 4387 ecclesiastica
1365 4334 1640 4402 doctrina,
1663 4355 1824 4395 suum
1849 4343 2090 4400 medium

508 4414 716 4484 ubique
738 4419 1079 4486 custodiens,
1105 4423 1302 4494 recipit
1321 4426 1542 4496 quidem
1568 4429 1961 4498 dill’erentiam,
1989 4437 2086 4493 sed

2205 659 2432 732 ταύτην·
2463 663 2658 715 ποιεῖν.
2709 662 2986 731 Διαφορᾶς
3018 661 3074 714 δὲ
3108 660 3184 732 μὴ
3221 658 3392 730 οὔσης
3421 658 3791 758 ἀσεϐέστερον

2207 752 2395 820 φάναι,
2441 751 2504 806 τὸ
2540 755 2723 825 χεῖρον
2754 752 3034 824 μετελθεῖν
3062 751 3200 824 πρὸς
3227 752 3288 805 τὸ
3327 753 3599 822 κρεῖττον,
3643 750 3791 802 τοῦτ’

2205 841 2321 895 ἐστι
2357 842 2420 896 τὸ
2458 842 2702 916 φθαρτὸν
2746 842 2886 913 πρὸς
2942 841 3004 894 τὸ
3051 839 3348 911 ἄφθαρτον.
3385 838 3570 891 Ταῦτα

2206 935 2524 1005 γισάμενος,
2551 933 2648 988 καὶ
2689 935 2812 1005 μηδ’
2850 933 2926 996 ὼς
2953 934 3042 986 ἔτε
3052 949 3143 1004 ρον
3170 931 3585 1000 ἐναντιούμενον
3606 931 3796 1031 Fauni»

2207 1027 2465 1098 προϊδὼν,
2521 1026 2804 1096 ἄφθαρτον
2839 1026 2928 1080 ἀεί
2957 1041 3016 1080 τε
3047 1025 3142 1079 καὶ
3176 1023 3319 1077 κατὰ
3347 1024 3528 1077 πάντα
3567 1022 3671 1093 τὴν
3696 1022 3793 1073 τοῦ

2206 1118 2414 1190 Κυρίου
2469 1118 2650 1190 σάρκα
2682 1116 3107 1192 ὲξουσιαστικῶς
3144 1115 3493 1185 ἀπεφήνατο.
3546 1110 3794 1181 ﬁni-‘90;

2205 1211 2261 1264 δὲ
2289 1211 2500 1276 τούτοις
2531 1211 2606 1284 μὴ
2630 1211 2883 1284 ἀρεσθεὶς
2914 1210 2990 1274 ὡς
3013 1208 3312 1280 διαρρήδην
3335 1205 3674 1278 κηρύττουσι
3693 1202 3795 1272 τὴν

2206 1305 2468 1376 άνάχυσίν
2506 1323 2564 1358 τε
2612 1304 2708 1358 καὶ
2757 1303 3058 1372 σύμφυσιν,
3101 1301 3227 1356 οὒτε
3278 1297 3608 1353 σπείσασθαι
3655 1296 3795 1364 πρὸς

2204 1394 2303 1466 τὴν
2345 1395 2678 1466 Ἐκκλησίαν
2705 1394 2980 1460 ἐϐούλετο,
3005 1393 3081 1458 ὡς
3112 1391 3426 1455 ἀκολούθως
3453 1393 3522 1462 τῇ
3549 1388 3795 1458 διαφορᾷ

2205 1487 2300 1540 καὶ
2349 1489 2471 1552 ταῖς
2524 1487 2750 1559 ἰδιότησι
2797 1487 2892 1541 καὶ
2932 1487 3034 1550 τὰς
3083 1485 3274 1556 φύσεις
3332 1479 3788 1553 ἀπαριθμοῦσιν.

2205 1580 2334 1651 περὶ
2365 1578 2432 1644 ἃς
2466 1579 2500 1651 ὴ
2538 1580 2771 1651 διαφορά
2814 1579 3120 1650 θεωρεῖται,
3150 1578 3246 1632 καὶ
3273 1571 3348 1631 ὧν
3390 1577 3532 1630 εἰσιν
3566 1576 3624 1629 αἱ
3661 1573 3791 1627 ἰδιό-

2203 1690 2365 1743 τητες
2394 1673 2637 1742 φυσικῶς
2677 1673 2871 1738 αὑταῖς
2904 1673 3332 1744 ἐνυπάρχουσαι.
3365 1669 3479 1724 Καὶ
3503 1669 3567 1722 τὸ
3592 1666 3789 1720 συνθέ-

2207 1765 2331 1818 σθαι
2369 1768 2490 1829 ταίς
2549 1763 2840 1820 Ἰουλιανοῦ
2878 1765 3222 1836 τολμηρίαις,
3263 1763 3481 1827 ἀναιδὲς
3533 1762 3654 1831 ἅμα
3693 1761 3792 1814 καὶ

2204 1857 2473 1927 προπετὲς
2496 1856 2870 1929 ὑπελάμϐανε,
2911 1857 3012 1911 καὶ
3043 1857 3200 1911 οὐδὲν
3227 1856 3418 1926 ἕτερον
3445 1854 3478 1925 ἢ
3512 1856 3699 1924 γυμνῇ
3722 1855 3787 1922 τῇ

2205 1949 2437 2021 κεφαλῇ,
2467 1945 2561 2004 καὶ
2584 1950 3016 2024 άπερικαλύπτῳ
3038 1950 3116 2023 τῷ
3140 1950 3371 2021 στόματι
3401 1948 3664 2019 πολεμεῖν
3690 1947 3792 2019 τὴν

2203 2038 2509 2096 εὐσέϐειαν.

2751 2267 2905 2332 Δόξα
2948 2269 3237 2337 Σευῆρον.

2285 2397 2381 2450 Ἕκ
2427 2396 2619 2451 τούτου
2672 2399 2909 2470 Σευῆρος
2968 2400 3177 2468 γίνεται
3229 2399 3322 2454 καὶ
3383 2398 3566 2469 ἑαυτῷ
3594 2398 3691 2452 καὶ
3718 2403 3784 2470 τῇ

2202 2487 2431 2558 ἀληθεία
2459 2490 2552 2542 καὶ
2588 2489 2666 2559 τῷ
2691 2490 2894 2557 γείτονι
2933 2490 3100 2545 αὑτοῦ
3127 2490 3310 2560 ψεύδει
3348 2490 3648 2554 ἀντίθετος.
3691 2494 3788 2544 καὶ

2201 2580 2325 2634 οὔτε
2352 2581 2489 2646 ὅλως
2510 2582 2718 2654 ἀληθὴς
2742 2581 2867 2637 οὔτε
2895 2583 3034 2647 ὅλως
3053 2583 3276 2654 ψευδὴς,
3310 2584 3426 2655 an;
3462 2577 3576 2637 οἷον
3606 2585 3786 2636 εἰπεῖν

2200 2669 2563 2742 ψευδαληθὴς,
2602 2672 2788 2742 ὅμοιος
2811 2676 2880 2744 τῇ
2911 2674 3004 2726 ὑπ’
3049 2673 3215 2726 αὐτοῦ
3250 2673 3649 2744 ἐπινενοημένῃ
3682 2674 3786 2741 μιᾷ

2203 2762 2440 2833 συνθὲτῳ
2463 2761 2644 2831 φύσει.
2675 2764 2774 2818 Διά
2809 2765 2968 2818 τοῦτο
2995 2765 3086 2819 καὶ
3127 2765 3260 2838 πρὸς
3301 2766 3499 2818 ἑαυτὸν
3533 2765 3785 2834 μάχιμος

2202 2855 2298 2909 καὶ
2331 2855 2720 2926 άπαλίμσολος,
2749 2856 2973 2926 ἠλιθίως
3007 2857 3177 2921 ὅντως
3216 2858 3311 2911 καὶ
3351 2856 3587 2927 ἀμαθῶς
3618 2856 3789 2927 μέσον

2200 2964 2253 3000 τι
2299 2948 2486 3018 χρῆμα
2531 2947 2760 3018 ψεύδους
2802 2949 2896 3003 καὶ
2951 2949 3210 3019 ἀληθείας
3256 2949 3463 3019 ζητῶν,
3501 2948 3642 3018 ὅπερ
3675 2948 3788 2999 ὀῦκ

2201 3037 2337 3092 ἐστι.
2388 3038 2683 3111 Μεσότητα
2743 3041 2854 3112 γὰρ
2899 3040 3155 3110 ἀληθείας
3214 3041 3314 3094 καὶ
3371 3039 3608 3110 ψεύδους
3656 3041 3785 3092 οὔτε

2201 3131 2402 3201 εὑρεῖν,
2441 3129 2564 3184 οὔτε
2591 3131 2877 3202 ἐπινοῆσαι
2910 3133 3134 3186 δυνατόν
3159 3147 3173 3161 ·
3219 3133 3252 3201 ἡ
3283 3131 3382 3202 μὲν
3414 3133 3525 3201 7&9
3554 3130 3786 3200 ἀλήθεια

2208 3224 2349 3295 μέση
2396 3224 2485 3278 ἀεὶ
2523 3224 2617 3278 καὶ
2649 3224 3078 3297 ἀπαρέγκλιτος,
3129 3225 3224 3279 καὶ
3253 3224 3342 3278 διὰ
3380 3223 3542 3278 τοῦτο
3592 3223 3788 3294 ἑδραὲα

2202 3314 2296 3368 καὶ
2335 3313 2600 3368 πάντοθεν
2652 3313 2740 3385 ἴση
2789 3315 2885 3368 καὶ
2929 3313 3250 3376 εύθύτονος-
3301 3313 3364 3366 ού
3411 3313 3788 3384 παραδέχεται

2199 3402 2295 3461 οὖν
2335 3407 2524 3478 ἕτερόν
2563 3424 2617 3460 τι
2664 3407 2724 3460 τὸ
2775 3407 3067 3478 έγκάρσιον
3100 3405 3269 3477 αὐτὴν
3306 3404 3632 3469 ἀποτελοῦν,
3687 3407 3790 3457 καὶ

2200 3498 2434 3566 ὲξωθοῦν
2489 3501 2584 3570 τῆς
2659 3496 2869 3563 οἰκείας
2932 3499 3179 3562 στάσεως
3246 3497 3341 3552 καὶ
3395 3497 3786 3568 μονιμότητος,

2199 3591 2474 3658 ὲκτοξεύει
2517 3591 2574 3644 δὲ
2632 3594 2741 3646 πᾶν
2784 3591 2847 3645 τὸ
2873 3590 3178 3654 ὲπισούλως
3202 3591 3338 3659 αὐτῇ
3371 3587 3786 3660 προσπελάζον.

2200 3685 2294 3739 καὶ
2331 3685 2394 3738 τὸ
2429 3685 2594 3754 μέσον
2623 3684 2795 3754 αύτῆς
2823 3683 3165 3739 διασαλεύειν
3198 3682 3564 3753 πειρώμενον.
3601 3681 3788 3751 Ὅπερ

2199 3778 2295 3832 καὶ
2351 3779 2587 3849 Σευῆρον
2647 3778 2740 3831 ὑπ’
2796 3779 2968 3849 αὐτῆς
3035 3776 3346 3830 πεπονθότα
3424 3775 3781 3845 εὑρίσκομεν.

2211 3869 2428 3941 Ἐπειδὴ
2461 3871 2592 3942 γάρ,
2623 3870 2701 3934 ὡς
2744 3870 2973 3941 ἔφαμεν,
3003 3869 3192 3925 καινόν
3220 3885 3272 3922 τι
3299 3867 3465 3938 μέσον
3499 3867 3657 3938 παρὰ
3684 3866 3784 3936 τὴν

2199 3961 2458 4031 ἀλήθειαν
2503 3961 2685 4033 εὑρεῖν
2734 3961 3083 4034 ἐπεχείρησε,
3149 3959 3510 4028 πλαγιασθὲν,
3555 3959 3633 4022 ὡς
3683 3960 3784 4012 οὐκ

2199 4052 2342 4121 ἔγνω
2377 4052 2551 4124 μέσην
2581 4051 2776 4106 ἑαυτοῦ
2805 4052 3017 4107 καὶτοῦ
3037 4053 3315 4122 ὁμοφύλου
3344 4052 3496 4123 αὐτῷ
3525 4052 3780 4124 ψεύδους,

2197 4145 2465 4216 πεποίηκε
2517 4145 2742 4214 ταύτην.
2789 4144 2965 4198 Αὐτοῦ
3005 4145 3117 4215 7&9
3158 4146 3398 4218 Σευῆρου
3439 4145 3573 4216 μίαν
3617 4145 3781 4217 φύσιν

2195 4237 2447 4307 λέγοντος
2479 4232 2621 4292 εἰναι
2649 4239 2752 4310 ιτδν
2782 4238 3046 4310 Χριστὸν,
3093 4238 3186 4292 καὶ
3233 4238 3331 4309 τὴν
3368 4237 3642 4310 διαφορὰν
3679 4240 3778 4305 τὴν

2194 4330 2253 4383 έν
2291 4329 2368 4401 τῷ
2422 4330 2646 4400 Χριστῷ
2693 4331 3018 4402 δεχομένου·
3077 4330 3365 4385 Ἰουλιανοῦ
3395 4330 3453 4383 δὲ
3499 4331 3632 4402 μίαν
3680 4331 3780 4401 μὲν

2197 4423 2340 4477 κατᾶ
2378 4425 2619 4494 Σευῆρον
2659 4424 2910 4493 λέγοντος
2948 4423 3132 4493 φύσιν,
3169 4423 3524 4493 ἀναιροῦντος
3573 4425 3635 4478 δὲ
3680 4423 3781 4494 τὴν

503 4518 620 4558 non
667 4503 811 4561 sicut
841 4507 1116 4578 Severus;
1147 4528 1258 4568 non
1292 4515 1442 4571 enim
1474 4520 1629 4575 novit
1653 4538 1894 4593 unquam
1925 4541 2090 4582 unam

2198 4512 2491 4585 διαφοράν·
2531 4515 2565 4583 ἠ
2609 4513 2857 4585 ἀλήθεια,
2896 4513 3042 4568 τοῦτ’
3080 4513 3229 4568 ἔστιν
3262 4516 3290 4568 ὁ
3321 4514 3776 4584 ὲκκλησιαστικὺς

506 4607 761 4652 naturam
820 4600 925 4656 sibi
977 4606 1344 4674 contrariam;
1379 4609 1518 4666 duas
1557 4613 1704 4668 enim
1754 4625 1982 4673 naturas
2033 4619 2088 4674 in

503 4686 728 4743 Christo
767 4705 894 4744 cum
934 4705 1216 4763 agnoscat,
1275 4696 1620 4755 divinitatem
1644 4703 1870 4759 scilicet
1900 4715 1956 4760 et
1988 4707 2090 4762 hu-

505 4779 849 4847 manitatem,
873 4781 1072 4840 harum
1100 4787 1267 4842 etiam
1298 4788 1444 4844 inter
1474 4806 1533 4846 se
1557 4792 1928 4851 differentiam
1964 4814 2090 4868 per-

505 4870 698 4938 spicue
726 4877 1139 4946 contemplatur
1167 4895 1182 4932 :
1208 4895 1313 4936 nec
1346 4882 1495 4936 enim
1523 4892 1608 4939 est
1651 4885 1794 4941 idem
1824 4888 2088 4953 divinitas

503 4969 562 5016 et
588 4961 907 5022 humanitas
943 4984 957 5021 :
994 4972 1214 5026 tametsi
1246 4989 1392 5028 unus
1416 4983 1500 5031 est
1527 4975 1783 5034 Christus
1807 4979 1862 5033 in
1892 4981 2083 5037 amba-

505 5051 610 5108 bus
633 5057 872 5124 naturis;
897 5066 952 5113 et
979 5059 1125 5116 idem
1154 5065 1433 5120 estambze
1462 5075 1676 5123 natura:
1697 5085 1712 5122 :
1736 5085 1859 5124 nam
1895 5088 2088 5142 quam-

503 5141 589 5196 "lS
613 5143 788 5200 ambae
808 5155 1019 5205 natura:
1042 5160 1172 5206 sunt
1194 5169 1386 5217 unum,
1413 5172 1522 5211 ηοη
1550 5167 1729 5214 tamen
1758 5169 1888 5215 sunt
1915 5178 2084 5218 unum

503 5241 728 5298 natura,
777 5238 875 5292 sed
906 5256 1077 5297 unum
1126 5259 1422 5302 concursu.
1468 5248 1558 5305 Sic
1596 5251 1841 5306 Ecclesia
1880 5255 2085 5323 pra3di-

503 5335 616 5392 cat,
659 5342 784 5397 quae
830 5347 942 5386 non
982 5336 1179 5407 recipit
1213 5339 1586 5398 differentiam
1620 5359 1688 5399 eo
1742 5345 1926 5409 modo,
1975 5365 2084 5418 quo

507 5414 748 5475 Severus
795 5437 810 5475 :
858 5423 955 5478 sed
1001 5428 1304 5483 secundum
1356 5432 1627 5487 rationem
1679 5444 1736 5489 et
1775 5435 2082 5494 doctrinam

504 5520 661 5564 suam
709 5511 860 5567 illam
908 5531 1019 5572 non
1063 5519 1265 5589 reiicit,
1316 5528 1376 5574 ut
1419 5521 1598 5592 rejicit
1643 5525 1896 5581 Julianus
1931 5527 2081 5583 llali-

504 5611 866 5670 carnasseus;
898 5607 1003 5660 scit
1026 5608 1172 5663 enim
1197 5613 1559 5681 assumpsisse
1580 5615 1822 5669 Verbum
1859 5633 2079 5674 carnem

508 5699 697 5740 veram
726 5701 781 5744 et
804 5694 1044 5751 animam
1080 5698 1499 5770 intelligentcm,
1535 5721 1658 5758 cum
1690 5707 1806 5760 suis
1839 5711 2083 5777 proprie-

508 5779 766 5837 tatibus:
813 5787 920 5843 scit
964 5788 1095 5845 item
1149 5792 1364 5848 unitum
1413 5810 1533 5850 esse
1587 5799 1935 5867 corruptibili
1984 5801 2083 5857 im-

2191 4604 2369 4673 λόγος,
2402 4605 2500 4676 τὴν
2535 4605 2812 4677 μεσότητα
2856 4607 3022 4678 ἑαυτῇ
3069 4606 3350 4676 πανταχοῦ
3409 4607 3773 4671 διασώζουσα,

2190 4695 2410 4765 δέχεται
2469 4695 2568 4766 μὲν
2615 4696 2716 4767 τὴν
2746 4696 3038 4767 διαφορὰν,
3083 4696 3146 4750 οὐ
3205 4696 3348 4752 κατὰ
3386 4697 3630 4766 Σευῆρον
3675 4695 3770 4749 δέ·

2190 4788 2326 4842 Οὐδὲ
2354 4788 2462 4858 7&9
2492 4783 2600 4842 οἶδέ
2641 4805 2771 4841 ποτε
2822 4789 2950 4858 μίαν
2982 4786 3145 4856 φύσιν
3170 4789 3338 4858 ἑαυτῇ
3367 4787 3638 4841 ἐναντίαν.
3670 4787 3773 4840 Δύο

2191 4877 2301 4948 γάρ
2335 4877 2527 4948 φύσεις
2551 4879 2610 4931 ὲν
2637 4875 2716 4948 τῷ
2758 4876 2980 4949 Χριστῷ
3012 4873 3382 4946 γινώσκουσα,
3418 4876 3653 4947 θεότητα
3682 4879 3773 4930 καὶ

2189 4969 2286 5024 ἀνθ
2295 4971 2606 5041 ρωπὸτητα,
2633 4968 2841 5023 τούτων
2874 4969 2970 5022 καὶ
2997 4969 3261 5040 διαφορὰν
3282 4971 3382 5040 τὴν
3405 4969 3541 5041 πρὸς
3569 4969 3772 5040 ἄλληλα

2187 5063 2636 5134 τηλαυγεστάτην
2683 5061 2897 5132 θεωρεῖ.
2950 5063 3026 5117 Ού
3073 5063 3183 5134 7&9
3220 5062 3415 5118 ταυτὸν
3450 5062 3646 5133 θεότης
3682 5065 3775 5116 καὶ

2187 5153 2562 5225 ἁνθρωπότης,
2591 5155 2641 5207 εἰ
2671 5153 2766 5208 καὶ
2797 5149 2879 5219 εἷς
2915 5156 2943 5208 ό
2980 5154 3217 5225 Χριστὸς
3254 5155 3284 5208 ό
3327 5155 3386 5208 ὲν
3429 5154 3773 5225 ἀμφοτέραις

2189 5248 2476 5317 ὑπάρχων,
2515 5247 2610 5300 καὶ
2639 5247 2952 5319 ἀμφότερον
2971 5263 2986 5279 ⁶
3036 5249 3086 5301 εἰ
3118 5249 3226 5319 γὰρ
3267 5248 3363 5302 καὶ
3390 5247 3454 5301 τὸ
3486 5247 3771 5317 συναμφό-

2185 5357 2343 5411 τερον
2377 5339 2455 5405 ἓν,
2487 5338 2601 5393 ἀλλ’
2639 5339 2701 5393 οὐ
2739 5341 2805 5411 τῇ
2843 5339 3024 5409 φύσει,
3077 5343 3146 5413 τῇ
3175 5341 3233 5394 δὲ
3263 5340 3485 5410 συνόδῳ,
3515 5341 3546 5392 ό
3575 5338 3775 5408 ἐκκλη-

2188 5432 2470 5498 σιαστικος
2513 5432 2691 5504 κῆρυξ
2720 5432 2988 5503 ἀριδήλως
3018 5433 3136 5504 βοᾷ.
3188 5431 3281 5504 Μὴ
3318 5432 3588 5503 δεχομένη
3635 5431 3695 5485 δὲ
3735 5433 3768 5502 ἡ

2201 5523 2500 5594 Ἐκκλησία
2527 5524 2670 5578 κατά
2701 5525 2942 5596 Σευῆρον
2981 5522 3081 5596 τὴν
3111 5524 3409 5596 διαφοράν·
3456 5523 3594 5577 ἀλλὰ
3627 5521 3771 5576 κατά

2186 5617 2278 5670 τὸν
2347 5619 2546 5686 ἑαυτῆς
2599 5615 2758 5684 λόγον
2817 5616 2918 5668 οὐκ
2975 5614 3343 5670 ἀποϐάλλεται
3384 5613 3593 5685 ταύτην
3645 5610 3769 5665 καθ’

2186 5709 2482 5778 ὁμοιότητα
2516 5709 2611 5762 τοῦ
2671 5708 3164 5777 Ἀλικαρνασσέως.
3211 5710 3401 5778 Σάρκα
3443 5707 3552 5776 γὰρ
3592 5705 3768 5777 ἀληθῆ

2189 5801 2282 5854 καὶ
2309 5801 2490 5873 ψυχὴν
2520 5801 2712 5873 νοεράν
2751 5801 2891 5873 μετὰ
2927 5800 3036 5856 τῶν
3061 5801 3276 5855 οἰκ;ίων
3303 5801 3614 5871 ἰδιωμάτων
3639 5799 3769 5854 ἀπ’
