4080 6282
311 377 440 446 ῘἹΟῙ

1575 384 1671 445 DE
1712 380 2305 446 JNCARNATIONE.

3428 392 3564 458 l502

302 501 532 555 λαϐόντα
581 498 673 554 τὸν
704 499 876 569 Λόγον
911 499 1199 556 ἐπίσταται
1220 517 1233 531 ⁸
1287 502 1382 557 καὶ
1416 503 1616 558 ἐνωθέν
1647 500 1755 559 οἶδε
1802 502 1881 575 τῷ

1986 506 2238 571 mortale,
2285 516 2344 562 ut
2388 514 2519 562 ante
2561 519 2897 567 memoratus
2937 512 3234 582 Gregorius
3251 511 3562 585 Theologus

302 592 530 663 φθαρτῷ
586 591 647 646 τὸ
686 591 981 658 ἀθάνατον,
1036 593 1113 658 ὡς
1164 597 1193 649 6
1246 596 1567 669 προλεχθεὶς
1616 596 1881 666 Θεολόγος

300 682 602 754 Γρηγόριος
647 683 774 753 ἔφη·

374 772 498 845 ’Ἆρ’
533 771 649 842 οὖν,
686 776 826 847 ὅπερ
862 777 1145 849 ἐλέγομεν,
1174 776 1313 849 μέση
1345 778 1661 849 μεμένηκεν
1698 779 1880 851 ἀμφο-

300 866 475 938 τέρων
501 868 597 921 καὶ
626 868 881 939 ἀκίνητος
906 868 941 942 ἠ
970 870 1220 942 ἀλήθεια,
1254 869 1667 943 ἀποδαλλομένη
1703 871 1802 943 μὲν
1820 872 1881 926 τὸ

298 959 479 1028 λέγειν
524 961 665 1015 κατά
725 962 967 1035 Σευῆρον
1024 964 1156 1035 μίαν
1212 963 1378 1033 φύσιν
1434 966 1527 1019 καὶ
1580 965 1879 1036 διαφοράν·

301 1052 625 1124 αἰνίγματος
653 1053 763 1127 γάρ
788 1057 882 1109 καὶ
912 1057 1313 1129 τερατομυθίας
1339 1058 1492 1112 οὐδὲν
1516 1052 1680 1131 ἧττον
1702 1059 1882 1131 διενή-

299 1161 424 1214 νοχε
475 1144 656 1200 τοῦτο.
716 1146 841 1211 Πῶς
900 1148 1011 1220 γάρ
1044 1150 1078 1220 ἡ
1118 1146 1257 1222 αὐτὴ
1290 1151 1454 1221 φύσις
1496 1151 1590 1205 δύο
1627 1150 1781 1204 ἔσται
1813 1136 1882 1204 τά

300 1237 555 1303 ἐναντίας
614 1236 734 1302 πῶς
792 1238 849 1292 δὲ
898 1240 994 1294 καὶ
1052 1242 1419 1314 ὑποστήσεται
1464 1242 1588 1296 κατ’
1639 1242 1773 1297 αὐτὸ
1821 1241 1881 1296 τὸ

299 1328 602 1399 πεφυκέναι
662 1331 1046 1405 πολεμουμένῃ
1122 1333 1213 1403 ὑφ’
1268 1332 1493 1404 ἐαυτῆς,
1556 1334 1650 1387 καὶ
1711 1333 1882 1404 αὐτὴν

299 1423 613 1492 πολεμοῦσα
641 1441 656 1488 ;
690 1423 803 1477 Kal.
854 1427 913 1477 ἐν
959 1425 1138 1497 τούτῳ
1171 1426 1229 1479 δὲ
1277 1426 1420 1480 κατά
1448 1426 1641 1497 καιρὸν
1671 1439 1881 1497 μνημο-

296 1514 513 1569 νευτέον
542 1511 638 1569 τοῦ
665 1515 872 1588 Κυρίου
905 1516 1160 1587 βοῶντος,
1207 1518 1288 1572 ὅτι
1315 1520 1466 1572 πᾶσα
1491 1518 1638 1572 οίκία
1660 1517 1692 1589 ἢ
1724 1517 1882 1586 βασι-

296 1605 416 1660 λεία
441 1605 563 1661 καθ’
595 1605 795 1679 ἑαυτὴν
823 1607 1166 1679 μερισθεῖσα,
1206 1610 1267 1664 ού
1296 1611 1648 1682 σταθήσεται.
1691 1608 1755 1663 Εἰ
1787 1606 1880 1663 οὖν

298 1699 421 1753 κατ’
466 1700 629 1754 αὑτὸν
663 1701 697 1772 ἡ
736 1700 838 1772 μία
888 1700 1051 1770 φύσις
1082 1702 1349 1775 ἐμερίσθη
1384 1705 1468 1773 ἐφ’
1511 1702 1730 1775 ἑαυτὴν,
1763 1702 1881 1766 πῶς

300 1788 628 1863 σταθήσεται
668 1792 703 1862 ὴ
739 1791 947 1863 ταύτης
982 1792 1255 1865 ὓπαρξις;
1315 1789 1405 1865 ἆρ’
1449 1789 1543 1847 οὖν
1589 1794 1731 1848 κατά
1781 1793 1880 1857 τὰς

296 1884 489 1947 κεινὰς
515 1883 723 1947 ἐννοίας
743 1883 887 1937 κατά
914 1901 973 1937 τε
1005 1886 1167 1939 αὑτὸν
1201 1887 1293 1938 τὸν
1326 1886 1418 1940 τοῦ
1461 1886 1665 1956 Κυρίου
1700 1886 1877 1953 λόγον,

297 1970 359 2031 εὖ
387 1993 451 2045 γε
483 1973 652 2029 ποιῶν
682 1977 711 2029 ὁ
740 1975 837 2046 τῆς
864 1976 1190 2048 Ἐκκλησίας
1220 1976 1399 2047 λόγος,
1430 1979 1489 2031 ού
1513 1977 1882 2049 παραδέχεται

300 2065 431 2140 μίαν
491 2067 654 2136 φύσιν
688 2065 826 2140 πρὸς
871 2067 1069 2140 ἑαυτὴν
1116 2068 1538 2142 διαφερομένην,
1598 2069 1693 2123 καὶ
1741 2070 1878 2141 αὐτῇ

297 2161 571 2228 ἐναντίαν,
616 2163 757 2216 κατά
782 2161 886 2234 τὴν
917 2158 1010 2215 τοῦ
1046 2158 1288 2234 Σευήρου
1319 2164 1552 2218 ἄστατον
1583 2162 1678 2216 καὶ
1715 2178 1881 2232 μαχι-

301 2256 556 2326 μωτάτην
590 2254 856 2309 ἐπίνοιαν.
913 2252 1073 2308 ’Λλλά
1106 2253 1213 2326 μὴν
1256 2254 1377 2309 ούδέ
1412 2256 1554 2310 κατά
1598 2252 1882 2309 Ἰουλιανόν

300 2349 614 2402 παντάπασι
667 2345 765 2418 τὴν
815 2346 1079 2418 διαφορὰν
1127 2345 1495 2402 ἀποϐάλλεται
1538 2347 1570 2418 ἡ
1618 2346 1713 2400 τοῦ
1744 2344 1881 2399 Θεοῦ

312 2438 631 2507 Ἐκκλησία.
696 2438 759 2491 Ei
808 2438 917 2508 γὰρ
968 2439 1067 2509 μία
1105 2438 1205 2509 μὲν
1248 2439 1410 2508 φύσις
1445 2440 1566 2493 κατ’
1609 2439 1817 2492 ἐκεῖνον
1854 2440 1884 2492 6

298 2530 555 2603 Χριστὸς,
574 2528 670 2583 καὶ
686 2529 950 2601 διαφορὰν
972 2527 1202 2600 ούσιώδη
1236 2529 1311 2601 μὴ
1342 2529 1466 2584 καθ’
1496 2529 1674 2583 ὁτιοῦν
1705 2547 1885 2601 παρα-

297 2621 569 2684 δέδεκται,
604 2619 663 2673 ἒν
710 2618 819 2673 τῶν
850 2620 1128 2691 ὁποτέρων
1162 2620 1377 2690 ἀνάγκη
1437 2618 1653 2684 πάντως
1689 2618 1885 2689 ὁμολο-

299 2716 419 2783 γεῖν
448 2713 540 2766 τὸν
569 2713 743 2767 ταῦτα
774 2712 1264 2786 διισχυριζόμενον,
1318 2715 1350 2786 ἢ
1394 2714 1682 2786 ἄνθρωπον
1729 2712 1884 2782 ψιλὸν

300 2802 442 2859 εἶναι
473 2805 566 2859 τὸν
600 2804 828 2877 Κύριον,
856 2806 950 2858 καὶ
976 2805 1044 2857 τά
1087 2804 1358 2876 λεγόμενα
1399 2807 1485 2859 ἐπ’
1518 2804 1706 2871 αὑτοῦ,
1734 2805 1885 2859 θείαν

297 2898 528 2968 δύναμιν
584 2896 777 2968 ἑτέραν
826 2898 956 2968 παρ’
995 2897 1158 2951 αὑτὸν
1215 2894 1420 2964 οὖσαν,
1479 2898 1573 2951 καὶ
1628 2898 1686 2950 ἐν
1734 2896 1886 2968 αὐτῷ

298 2986 485 3055 οὖσαν,
519 2991 613 3044 καὶ¹
661 2989 992 3062 ἐνεργοῦσαν
1026 2990 1375 3061 πεπρᾶχθαι’
1421 2990 1454 3063 ἦ
1500 2991 1633 3044 Θεὸν
1678 2989 1886 3061 γυμνὸν

300 3084 397 3135 καὶ
427 3081 502 3153 μὴ
542 3081 1005 3153 ἐνηνθρωπηκότα
1044 3078 1187 3135 εἷναι
1234 3082 1326 3138 τὸν
1363 3083 1624 3154 Χριστὸν,
1678 3084 1774 3137 καὶ
1815 3083 1885 3139 τά

299 3174 569 3242 λεγόμενα
603 3172 690 3226 ἐπ’
734 3171 899 3225 αὑτοῦ
940 3170 1280 3243 ἀνθρώπινα,
1327 3171 1402 3244 μὴ
1444 3173 1521 3238 ὡς
1569 3173 1881 3248 ἄνθρωπον,
1910 3203 1954 3262 c

301 3265 415 3320 ἀλλ’
469 3265 546 3328 ὼς
607 3263 741 3317 Θεὸν
782 3262 955 3317 ταῦτα
1006 3264 1224 3329 παθεῖν,
1270 3266 1350 3328 είς
1394 3264 1494 3336 τὴν
1532 3266 1661 3335 μίαν
1717 3266 1882 3320 αὑτοῦ

304 3356 465 3426 φύσιν
510 3356 682 3411 ταῦτα
714 3356 1149 3427 ἀναδεχόμενονο
1209 3356 1241 3428 ἢ
1275 3359 1324 3410 εἰ
1383 3357 1519 3428 μηδὲ
1558 3356 1616 3411 ἓν
1656 3357 1883 3422 τούτων,

305 3448 576 3518 φαντασία
618 3447 726 3501 τινὶ
758 3446 855 3500 καὶ
892 3448 1077 3518 ἀπάτη
1111 3447 1293 3516 λέγειν
1338 3449 1468 3519 περὶ
1502 3447 1667 3502 αὑτοῦ
1688 3448 1885 3519 ,δεδρα-

305 3541 458 3594 κέναι
488 3538 633 3611 ἅπερ
663 3538 814 3611 ἔδρα,
840 3539 960 3611 ἦτοι
985 3539 1053 3592 τὰ
1076 3538 1216 3601 θεῖα,
1238 3541 1358 3611 ἤτοι
1388 3540 1456 3593 τὰ
1481 3539 1822 3610 ἀνθρώπινα,
1852 3541 1885 3612 ἢ

304 3634 365 3686 τὸ
408 3632 672 3704 παράπαν
720 3631 890 3703 ψευδῆ
947 3626 1088 3685 εἶναι
1134 3630 1235 3703 τὴν
1295 3631 1423 3703 περὶ
1489 3632 1657 3686 αὐτοῦ
1704 3634 1887 3686 πᾶσαν

304 3723 667 3796 εὖαγγελικην
717 3724 981 3796 ἱστορίαν,
1037 3725 1135 3778 καὶ
1181 3724 1360 3796 μάτην
1396 3724 1713 3779 ἀπατᾶσθαι
1756 3725 1887 3789 τοὺς

305 3818 692 3890 Χριστιανοὺς,
719 3817 813 3871 καὶ
848 3816 1013 3888 κενὴν
1049 3817 1331 3889 μακαρίαν
1358 3813 1517 3881 εἶναι,
1552 3817 1612 3870 τὸ
1636 3816 1700 3888 δὴ
1731 3817 1887 3886 λεγό-

309 3925 489 3979 μενον,
521 3907 620 3978 τὴν
637 3908 717 3970 είς
733 3906 970 3978 Χριστὸν
1003 3906 1217 3960 ἐλπίδα.
1246 3905 1453 3975 Καιρὸς
1489 3904 1547 3958 δὲ
1577 3904 1765 3959 λοιπὸν
1794 3907 1887 3961 καὶ

303 4002 365 4054 τὸ
394 3999 489 4055 τοῦ
526 3998 851 4052 Ἀποστόλου
893 3996 1096 4066 λέγειν,
1140 3997 1334 4051 Κενὸν
1359 3996 1469 4067 ἄρα
1509 3997 1574 4050 τὸ
1614 3996 1889 4067 κήρυγμα

305 4091 494 4162 ἡμῶν.
546 4091 967 4160 Εὐρισκόμεθα
1001 4089 1070 4142 δὲ
1118 4088 1217 4143 καὶ
1250 4087 1741 4158 ψευδομάρτυρες
1783 4088 1889 4144 τοῦ

308 4185 479 4249 Θεοῦ,
522 4183 613 4237 ὅτι
646 4181 1344 4252 ψευδοεμαρτυρήσαμεν
1383 4180 1535 4234 κατὰ
1568 4180 1675 4235 τοῦ
1713 4180 1886 4248 Θεοῦ,

305 4278 395 4332 ὅτι
424 4276 621 4348 ἤγειρε
646 4276 752 4331 τὸν
779 4275 1058 4342 Χριστὸν,
1077 4273 1149 4329 ὃν
1180 4277 1291 4329 οὐκ
1317 4273 1537 4345 ἤγειρε.

378 4366 696 4437 Ματαιότης
724 4365 893 4427 δντως
925 4364 975 4415 οἱ
1001 4364 1230 4416 τοιοῦτοι
1259 4365 1632 4435 συλλογισμοὶ,
1664 4366 1761 4419 καὶ
1790 4365 1893 4435 τῆς

307 4460 543 4523 πίστεως
598 4454 880 4528 ἀνατροπὴ
928 4453 1069 4508 κατά
1099 4454 1191 4507 τὸν
1229 4454 1494 4523 Θεολόγον
1550 4456 1880 4527 Γρηγόριον,

1980 596 2137 654 dixit.

2050 783 2227 839 Media
2264 784 2431 854 igitur
2458 785 2660 841 mansit
2688 785 2835 840 inter
2869 793 3187 855 utrumque,
3240 796 3302 840 ut
3374 787 3559 844 iceba-

1981 890 2125 939 mus,
2165 874 2393 930 immota
2432 876 2665 944 veritas,
2714 892 2837 946 qua:
2876 877 3090 946 respuit
3139 878 3287 946 quod
3321 878 3565 935 Severus

1980 968 2057 1022 ait
2088 983 2212 1023 esse
2252 984 2416 1023 unam
2452 976 2709 1023 naturam
2746 979 2802 1023 et
2826 968 3195 1024 differentiam
3225 986 3239 1022 :
3276 985 3385 1023 non
3411 972 3560 1024 enim

1981 1061 2170 1115 dilfert
2230 1061 2336 1116 hoc
2394 1060 2463 1115 ab
2512 1060 2802 1132 aenigmate
2850 1070 2907 1115 et
2952 1070 3223 1116 monstro.
3273 1060 3564 1127 Quomodo

1981 1152 2129 1205 enim
2172 1152 2365 1206 eadem
2403 1160 2603 1205 natura
2649 1150 2760 1206 erit
2789 1151 2901 1206 duo
2932 1152 3255 1207 contraria?
3285 1152 3569 1221 quomodo

1981 1243 2269 1308 subsistet,
2317 1243 2363 1297 si
2416 1243 2468 1297 ei
2528 1243 2755 1297 insitum
2800 1251 2903 1308 est,
2964 1252 3027 1298 ut
3073 1244 3181 1298 sibi
3234 1260 3264 1298 a
3307 1260 3365 1299 se
3415 1244 3566 1299 circa

1983 1332 2128 1388 idem
2172 1332 2380 1387 bellum
2410 1331 2715 1386 inferatur?
2759 1332 2936 1387 Etiam
2984 1332 3077 1387 hic
3118 1341 3429 1403 opportune
3474 1349 3565 1389 re-

1981 1425 2275 1481 colendum
2322 1427 2586 1482 memoria
2632 1434 2718 1482 est
2758 1428 2905 1497 quod
2954 1427 3220 1482 Dominus
3264 1426 3362 1491 ait,
3415 1427 3563 1497 quod

1981 1516 2161 1571 omnis
2198 1516 2395 1572 domus
2420 1517 2510 1572 vel
2540 1532 2769 1589 regnum
2802 1519 2857 1572 in
2910 1519 3154 1588 seipsum
3190 1516 3427 1571 divisum
3454 1533 3563 1571 non

1982 1608 2153 1664 stabit
2190 1607 2233 1662 ι.
2276 1608 2332 1663 Si
2375 1625 2528 1679 ergo,
2558 1618 2619 1664 ut
2653 1610 2757 1665 iste
2792 1618 2968 1680 putat,
3001 1625 3109 1664 una
3137 1618 3334 1663 natura
3364 1609 3563 1679 partita

1981 1708 2065 1755 est
2090 1702 2144 1755 in
2177 1717 2235 1756 se
2271 1703 2466 1772 ipsam,
2505 1702 2784 1773 quomodo
2817 1703 3127 1758 substantia
3155 1703 3273 1773 ejus
3305 1701 3566 1757 exsistet?

1984 1790 2128 1861 Ergo
2160 1792 2464 1848 secundum
2492 1809 2839 1849 communem
2865 1809 3110 1857 sensum,
3154 1802 3211 1849 et
3260 1792 3565 1848 secundum

1986 1884 2165 1954 ipsum
2216 1885 2445 1939 verbum
2498 1884 2737 1951 Domini,
2770 1893 2919 1941 recte
2964 1885 3095 1940 facit
3141 1885 3407 1949 Ecclesia,
3445 1900 3567 1953 quae

1982 1990 2093 2030 non
2146 1975 2344 2046 recipit
2393 1992 2559 2032 unam
2614 1985 2870 2032 naturam
2919 1992 3109 2031 secum
3139 1985 3472 2047 pugnantem
3502 1992 3565 2029 ac

1950 2065 2087 2123 .sibi
2146 2068 2501 2137 contrariam,
2547 2069 2855 2125 secundum
2903 2069 3296 2140 cogitationem
3352 2067 3566 2130 Severi,

1980 2161 2363 2217 inconstantia:
2413 2177 2477 2216 ac
2515 2160 2893 2232 repugnantize
2922 2160 3163 2231 plenam,
3190 2173 3370 2228 neque
3410 2157 3564 2211 dill‘e-

1984 2254 2215 2309 rentiam
2241 2253 2464 2323 penitus
2489 2251 2641 2324 ejicit
2664 2252 2973 2307 secundum
2996 2251 3298 2306 Julianum.
3332 2250 3388 2305 Si
3417 2250 3566 2304 enim

1980 2345 2235 2401 Christus
2267 2354 2352 2401 est
2378 2344 2682 2400 secundum
2722 2344 2874 2399 illum
2909 2360 3017 2399 una
3053 2352 3276 2409 natura,
3311 2352 3368 2399 et
3406 2343 3569 2419 diffe-

1984 2438 2217 2493 rentiam
2273 2437 2693 2493 substantialem
2741 2453 2853 2492 non
2912 2437 2966 2491 in
3017 2437 3270 2507 quolibet
3331 2436 3570 2506 recipit;

1982 2530 2312 2585 alterutrum
2338 2545 2567 2584 necesse
2585 2536 2671 2583 est
2695 2527 3047 2593 confiteatur,
3070 2528 3162 2598 qui
3191 2528 3295 2583 hoc
3315 2527 3569 2592 aﬂirmat,

1982 2632 2079 2677 aut
2115 2622 2408 2676 Dominum
2451 2637 2574 2676 esse
2619 2621 2902 2675 hominem
2954 2628 3201 2685 tantum;
3248 2629 3305 2675 et
3361 2619 3571 2684 divina,

1983 2733 2107 2787 qua:
2153 2716 2222 2771 de
2260 2731 2327 2771 eo
2368 2714 2655 2779 dicuntur,
2699 2728 2809 2767 non
2845 2722 3107 2781 tanquam
3144 2714 3264 2782 ejus
3301 2713 3396 2782 qui
3427 2721 3575 2767 esset

1985 2812 2153 2875 Deus,
2199 2807 2432 2864 dicenda
2500 2821 2646 2871 esse,
2719 2804 2814 2859 sed
2872 2804 3182 2859 secundum
3241 2812 3572 2873 potestatem

1986 2901 2228 2957 divinam
2287 2905 2410 2969 qua:
2457 2906 2605 2953 esset
2657 2897 2765 2951 alia
2816 2906 3019 2967 prseter
3068 2912 3220 2959 eum,
3267 2904 3325 2951 et
3384 2897 3441 2951 in
3503 2912 3572 2951 eo

1986 2994 2329 3059 operaretur,
2361 2986 2505 3041 facta
2550 3001 2673 3040 esse
2707 3002 2720 3038 :
2748 2994 2846 3040 aut
2879 2984 3050 3039 Deum
3104 2993 3340 3051 tantum,
3375 2995 3431 3040 et
3459 3002 3568 3041 non

1986 3096 2108 3137 esse
2148 3078 2432 3134 Christum
2471 3076 2676 3132 factum
2710 3076 3029 3143 hominem;
3082 3085 3139 3131 et
3175 3076 3416 3131 humana
3450 3093 3575 3147 quze

1986 3174 2055 3229 de
2105 3190 2173 3231 eo
2223 3174 2508 3239 dicun‘tur,
2544 3190 2653 3229 non
2707 3182 2769 3229 ut
2797 3172 3103 3238 hominem,
3155 3173 3253 3228 sed
3301 3182 3361 3228 ut
3399 3173 3573 3228 Deum

1988 3268 2079 3322 illa
2130 3284 2353 3338 passum
2392 3283 2515 3324 esse
2563 3266 2619 3321 in
2670 3283 2777 3322 una
2814 3282 2915 3322 sua
2956 3276 3153 3321 natura
3191 3283 3205 3320 :
3240 3274 3335 3321 aut
3361 3267 3406 3321 si
3438 3282 3576 3321 neu-

1986 3368 2132 3414 trum
2177 3360 2409 3421 horum,
2448 3373 2679 3414 necesse
2723 3360 2833 3413 erit
2881 3358 3070 3413 dicere
3126 3358 3194 3413 de
3246 3358 3387 3428 ipso,
3439 3357 3576 3412 falsa

1987 3452 2191 3523 specie,
2244 3464 2301 3508 et
2346 3460 2406 3507 ut
2456 3461 2684 3522 apparet
2735 3459 2969 3517 tantum,
3036 3450 3234 3506 fecisse
3275 3466 3398 3520 quae
3445 3449 3577 3504 fecit

1986 3544 2192 3609 divina,
2230 3543 2346 3599 sive
2378 3544 2621 3598 humana
2656 3560 2669 3596 :
2701 3552 2795 3596 aut
2822 3556 3052 3613 prorsus
3078 3542 3271 3596 falsam
3308 3556 3429 3595 esse
3461 3556 3579 3595 om-

1987 3653 2113 3692 nem
2145 3636 2433 3691 historiam
2467 3634 2841 3707 evangelicam
2861 3677 2875 3699 ,
2910 3643 2968 3690 et
2995 3634 3201 3689 frustra
3232 3633 3579 3689 Christianos

1988 3729 2123 3793 falli,
2171 3744 2481 3799 vanamque
2543 3743 2685 3794 esse,
2733 3736 2796 3782 ut
2845 3726 2982 3781 alias
3022 3726 3248 3789 dicitur,
3304 3740 3459 3795 spem
3521 3725 3578 3779 in

1988 3823 2291 3879 Christum.
2325 3820 2395 3877 Ut
2418 3814 2531 3892 jam.
2560 3821 2887 3891 tempestive
2927 3819 3038 3874 dici
3071 3818 3267 3890 possit,
3320 3816 3467 3888 quod
3502 3817 3580 3870 ait

1990 3914 2236 3969 Paulus:
2271 3913 2458 3968 Inanis
2508 3928 2643 3984 ergo
2698 3920 2775 3967 est
2819 3920 3003 3966 nostra
3041 3911 3388 3983 prwdicatio;
3428 3926 3579 3977 repe-

1991 4006 2162 4059 rimur
2203 4014 2381 4059 autem
2429 4004 2556 4075 falsi
2619 4012 2774 4059 testes
2833 4004 2952 4068 Dei,
2991 4005 3117 4074 quia
3168 4003 3366 4073 falsum
3432 4002 3579 4054 festi-

1990 4098 2226 4151 monium
2262 4104 2447 4150 contra
2472 4095 2639 4151 Deum
2674 4096 2927 4162 diximus,
2954 4094 3095 4167 quod
3129 4093 3397 4149 suscitavit
3425 4092 3551 4147 Chri

1990 4198 2154 4256 stum,
2203 4206 2359 4261 quem
2404 4206 2508 4244 non
2537 4190 2811 4244 suscitavit
2845 4201 2910 4245 ω.

2063 4367 2225 4423 Vana:
2258 4383 2450 4423 revera
2498 4377 2629 4424 sunt
2672 4368 2991 4440 hujusmodi
3039 4366 3578 4440 argumentationes,

1992 4468 2049 4512 et
2076 4459 2294 4513 eversio
2344 4459 2495 4521 ﬁdei,
2530 4469 2590 4513 ut
2630 4461 2708 4515 ait
2738 4460 3041 4530 Gregorius
3072 4461 3406 4531 Theologus.
3448 4460 3579 4516 Om-

318 4551 627 4614 Ἐκπαντδς
652 4549 744 4604 οὖν
774 4547 1148 4603 ἀποδέδεικται
1180 4541 1602 4621 κεκαθαρμένην
1631 4549 1886 4619 amem-

1994 4546 2126 4600 nino
2182 4546 2350 4616 igitur
2400 4546 2840 4601 demonstratum
2889 4557 2974 4602 est
3026 4550 3196 4602 solam
3250 4550 3579 4604 sententiam

312 4664 451 4710 σεως
472 4646 715 4716 ἀπάσης,
746 4642 843 4697 καὶ
866 4641 1253 4709 ἀνεξέλεγκτον
1284 4636 1446 4706 εἶναι,
1473 4640 1566 4693 καὶ
1598 4639 1767 4711 μόνην
1795 4639 1889 4693 ἐπὶ

308 4739 408 4808 τῆς
425 4735 684 4803 ἀληθείας
711 4734 937 4788 ἑστάναι
986 4731 1086 4803 τὴν
1116 4731 1274 4797 δόξαν
1307 4731 1407 4801 τῆς
1438 4731 1601 4800 ἁγίας
1630 4731 1723 4784 τοῦ
1753 4729 1888 4783 Θεοῦ

311 4830 407 4883 καὶ
428 4825 727 4896 καθολικῆς
774 4824 1125 4895 Ἐκκλησίας.
1171 4824 1341 4877 Ὅταν
1377 4824 1474 4894 μὲν
1514 4823 1621 4893 γὰρ
1642 4822 1733 4876 τόν
1762 4821 1889 4894 τρό-

310 4940 415 4977 πον
445 4920 570 4976 καθ’
603 4920 661 4973 ὃν
688 4919 914 4990 γέγονεν
948 4919 981 4989 ἠ
1009 4919 1073 4971 ἐκ
1104 4916 1262 4981 θείας
1308 4915 1723 4987 φιλανθρωπίας
1755 4914 1891 4987 πρὸς

313 5017 463 5087 ημᾶς
500 5010 909 5083 συγκαταϐασις
958 5008 1218 5079 ϐούληται
1261 5011 1557 5080 παριστᾷν,
1608 5008 1708 5080 τὴν
1761 5007 1891 5079 μίαν

311 5104 407 5159 τοῦ
436 5104 570 5158 Θεοῦ
604 5103 778 5172 Λόγου
817 5102 979 5171 φύσιν
1026 5101 1458 5173 σεσαρκωμὲνην
1495 5099 1851 5170 ὁμολογοῦσιν
1873 5113 1890 5129 ⁸

311 5195 389 5257 ὡς
414 5195 509 5250 ἆτε
538 5194 634 5248 τοῦ
651 5194 823 5261 Λόγου
848 5192 1086 5263 ἀνάρχου
1108 5208 1165 5244 τε
1198 5192 1351 5255 ὄντος
1388 5191 1484 5245 καὶ
1514 5190 1700 5254 ἀϊδίως
1730 5190 1788 5242 ἐν
1815 5189 1894 5261 τῷ

317 5284 515 5355 Πατρὶ,
546 5288 604 5340 ἐν
635 5286 847 5356 ὑστέρῳ
867 5285 924 5338 δὲ
953 5284 1022 5338 δι’
1053 5285 1201 5355 ἡμᾶς
1227 5284 1323 5337 καὶ
1354 5284 1456 5354 τὴν
1476 5283 1750 5354 ἡμετέραν
1787 5299 1894 5335 σω-

315 5378 511 5451 τηρίαν
540 5378 1081 5450 ἐνανθρωπήσαντος,
1137 5378 1232 5431 καὶ
1259 5377 1604 5445 σπέρματος
1639 5375 1896 5445 Ἁϐραάμ

315 5472 777 5542 ἐπιλαϐομένου,
840 5472 936 5525 καὶ
969 5470 1112 5524 κατά
1161 5471 1341 5525 πάντα
1376 5472 1511 5541 ἡμῖν
1536 5467 1896 5539 ὁμοιωθέντος

316 5565 442 5635 δίχα
469 5564 637 5636 μόνης
661 5563 956 5636 ἁμαρτίας.
995 5562 1167 5616 Ὅταν
1210 5562 1267 5616 δὲ
1297 5562 1366 5616 τὰ
1392 5564 1449 5614 ἐν
1480 5554 1561 5625 οἷς
1587 5562 1615 5614 6
1640 5559 1894 5631 Χριστος,

319 5655 354 5728 ἦ
384 5656 476 5710 καὶ
503 5656 604 5708 ὅσα
645 5657 673 5710 6
707 5655 961 5727 Χριστὸς,
997 5652 1252 5726 βούληται
1284 5653 1530 5724 θεωρεῖν,
1579 5650 1673 5704 δύο
1705 5651 1898 5719 φύσεις

399 5806 647 5884 l.Matth.
702 5825 801 5875 xu,
843 5808 931 5864 ‘25.
1007 5819 1044 5847 ω
1090 5807 1108 5861 l
1157 5807 1283 5861 Cor.
1337 5823 1424 5872 xv,
1494 5807 1576 5873 li,
1650 5807 1732 5861 l5.

1993 4646 2195 4692 sancta:
2225 4646 2282 4692 et
2333 4638 2623 4693 catholica:
2667 4638 2767 4693 Dei
2807 4639 3073 4694 Ecclesia:
3130 4656 3317 4694 veram
3360 4652 3583 4703 esse,et

1994 4727 2132 4783 nihil
2164 4728 2474 4783 contradici
2519 4744 2717 4799 posse,
2772 4744 2952 4800 neque
2987 4744 3150 4800 posse
3184 4745 3304 4784 eam
3335 4730 3580 4802 coargui.

1993 4823 2132 4879 Cum
2166 4822 2315 4878 enim
2344 4822 2640 4878 ostendere
2665 4822 2806 4888 vult,
2837 4821 3119 4893 quomodo
3147 4838 3215 4877 ex
3243 4821 3430 4876 divina
3451 4838 3582 4892 erga

1996 4914 2251 4969 homines
2301 4913 2572 4969 charitate
2618 4913 2864 4969 Verbum
2916 4914 3011 4968 Dei
3068 4913 3137 4967 ad
3195 4914 3584 4968 assumendam

1997 5022 2219 5063 carnem
2242 5007 2403 5062 nobis
2433 5005 2912 5070 condescenderit,
2941 5020 3109 5059 unam
3136 5012 3393 5059 naturam
3419 5004 3586 5060 Verbi

1994 5099 2090 5154 Dei
2120 5100 2419 5155 conﬁtetur
2468 5099 2847 5164 incarnatam;
2905 5097 3053 5166 quod
3088 5112 3156 5151 ex
3187 5096 3495 5151 aeternitate
3530 5107 3588 5151 et

1993 5192 2112 5248 sine
2146 5191 2420 5261 principio
2449 5201 2570 5246 erat
2601 5191 2657 5245 in
2686 5191 2798 5245 Deo
2816 5189 2981 5244 Patre
3014 5204 3029 5254 ;
3061 5196 3118 5243 et
3143 5196 3337 5258 postea
3361 5196 3589 5258 propter

1996 5298 2100 5337 nos
2130 5290 2186 5336 et
2206 5290 2434 5352 propter
2461 5282 2696 5336 salutem
2727 5287 2998 5344 nostram,
3022 5282 3230 5335 factum
3260 5278 3367 5334 fuit
3396 5279 3585 5344 homo,

1997 5381 2055 5426 et
2097 5388 2277 5425 semen
2314 5372 2588 5426 Abraham
2621 5371 2971 5443 apprehendit
2994 5379 3047 5437 ιι,
3076 5379 3133 5426 et
3160 5386 3260 5440 per
3294 5370 3478 5425 omnia
3503 5369 3587 5423 fa-

2001 5473 2126 5517 ctus
2187 5469 2273 5516 est
2329 5462 2531 5518 similis
2581 5463 2744 5518 nobis
2801 5469 3034 5531 excepto
3107 5462 3227 5516 solo
3286 5470 3514 5532 peccato
3538 5469 3587 5517 °.

2001 5551 2234 5620 Quando
2269 5556 2452 5609 autem
2482 5554 2684 5610 docere
2727 5554 2846 5609 vult
2874 5553 2967 5609 illa
2998 5553 3054 5607 in
3088 5553 3294 5623 quibus
3333 5552 3590 5610 Christus

2006 5645 2295 5709 consistit,
2328 5657 2384 5703 et
2415 5662 2536 5718 qua:
2586 5646 2841 5703 Christus
2885 5644 3005 5699 vult
3059 5659 3161 5701 nos
3197 5644 3583 5717 contemplari,

1813 5813 1835 5839 υ
1896 5804 2062 5859 llcbr.
2118 5819 2175 5869 ιι,
2224 5802 2304 5856 l6.
2389 5810 2411 5832 τ’
2451 5802 2616 5859 Hebr.
2657 5818 2729 5868 tv,
2790 5801 2869 5857 15.
