4068 6142
336 259 449 324 ’705

1682 254 2160 316 ΜΥΞΤΑΟΟΟΙᾹ
2174 305 2185 314 .

3499 258 3607 322 706

334 388 430 426 νου
460 369 689 440 βεῦαίαν
734 370 828 424 καὶ
854 370 1207 441 ἀπαράϐατον
1236 368 1553 439 ὑπόσχεσιν,
1589 367 1907 437 φυλάξαντες

2027 382 2181 437 spem
2211 367 2422 441 ﬁrmam
2454 376 2658 422 nostrae
2688 367 2838 433 ﬁdei,
2868 383 2933 423 ac
2953 368 3075 439 ejus
3109 367 3509 439 quiijollicitus
3523 386 3609 427 est

288 468 293 473 '
333 463 479 516 κατὰ
532 462 768 532 δύναμιν
820 462 923 526 τὰς
966 462 1185 526 ἐντολὰς
1213 501 1228 525 ,
1302 460 1631 530 πιστεύομεν
1659 460 1922 529 ,καταλή-

330 554 537 623 ψεσθαι
561 555 627 619 ⁸⁸,
679 555 1097 625 μεταϐαίνοντες
1125 555 1235 609 άπὸ
1258 554 1357 624 τῆς
1382 554 1441 604 ὲν
1467 552 1647 605 πίστει
1676 552 1920 621 χάριτος,

332 646 414 706 είς
444 647 544 715 τὴν
591 645 712 697 κατ’
733 643 873 708 εῐδος
899 646 1060 716 χάριν
1086 662 1100 675 ·
1159 642 1583 715 μεταποιοῦντος
1606 643 1753 713 ἡμᾶς
1780 642 1920 711 πρὸς

330 735 529 787 ἑαυτὸν
576 734 779 805 δηλαδὴ
830 736 923 788 τοῦ
957 734 1093 788 Θεοῦ
1141 736 1234 788 κα)⁴
1274 734 1528 805 Σωτῆρος
1558 733 1716 805 ἡμῶν
1745 731 1917 803 Ἰησοῦ

329 825 572 894 Χριστοῦ
596 841 609 854 ⁸
669 829 734 897 τῇ
762 827 1122 897 ,περιαιρέσει
1177 826 1286 879 τῶν
1327 829 1386 879 ὲν
1421 828 1554 898 ἡμῖν
1587 827 1686 896 τῆς
1713 826 1918 897 φθορᾶς

329 915 754 985 γνωρισμάτων,
779 915 873 968 καὶ.
896 915 963 967 τὰ
986 914 1421 985 παραδειχθέντα
1442 916 1532 968 διὰ
1553 914 1661 969 τῶν
1685 914 1917 968 ἐνταῦθα

329 1007 608 1076 αἰσθητῶν
672 1007 958 1078 συμϐόλων
1014 1009 1149 1077 ἡμῖν
1206 1007 1495 1077 ἀρχέτυπα
1551 1008 1914 1079 χαριζομένου

332 1099 633 1169 μυστήρια.

2025 460 2537 515 incommutabilem
2556 468 2877 530 certamque
2901 462 3129 516 omnino
3158 463 3605 531 promissionem,

2023 551 2119 605 ubi
2153 567 2255 621 pro
2277 553 2427 607 virili
2466 562 2659 607 nostra
2696 553 2958 609 facultate
3002 556 3259 609 mandata
3303 558 3612 610 servaveri-
3657 600 3661 605 .

2023 658 2168 707 mus,
2208 652 2572 715 percepturos
2615 661 2717 700 nos
2745 647 3046 711 credimus,
3074 648 3167 716 qui
3197 663 3228 701 a
3275 647 3452 715 gratia
3483 663 3608 716 quae

2021 735 2076 787 in
2122 735 2228 790 ﬁde
2256 744 2364 799 est,
2388 737 2456 790 ad
2496 738 2729 806 gratiam
2753 753 2875 806 qua:
2906 746 2989 792 est
3014 738 3321 792 secundum
3361 738 3605 808 speciem

2021 828 2309 881 transituri
2330 829 2540 895 simus;
2584 830 2699 885 Deo
2732 829 2947 883 scilicet
2992 845 3059 883 ac
3088 829 3383 884 Servatore
3413 837 3607 883 nostro

2017 917 2406 973 Iesu-Christo
2432 935 2535 974 nos
2560 920 2616 972 in
2639 935 2697 973 se
2726 927 3153 982 transmutante,
3196 935 3413 974 necnon
3479 935 3606 975 cor-

2018 1008 2296 1077 ruptionis
2334 1010 2696 1079 mortalisque
2730 1011 2789 1064 in
2819 1012 2984 1066 nobis
3012 1012 3140 1066 vitae
3178 1020 3340 1065 notas
3371 1011 3605 1064 abolen-

2018 1099 2111 1162 do,
2162 1115 2265 1168 per
2298 1115 2362 1153 ea
2390 1100 2636 1171 symbola
2686 1117 2812 1169 qua:
2844 1102 2902 1155 in
2948 1117 3173 1156 sensum
3236 1102 3465 1164 cadunt,
3513 1100 3608 1155 hic

1919 1227 1928 1238 .
2016 1190 2181 1244 nobis
2214 1191 2486 1260 tantisper
2530 1199 2857 1257 monstrata,
2896 1192 3182 1260 primitiva
3220 1192 3480 1263 mysteria
3505 1192 3604 1246 lar-

395 1349 494 1403 Διὰ
522 1348 599 1401 ’δὲ
625 1348 688 1401 τὸ
739 1348 1202 1420 εὐμνημόνευτον,
1232 1350 1305 1403 ἐἰ
1348 1349 1514 1414 δοκεῖ,
1569 1350 1669 1422 τὴν
1702 1350 1809 1404 τῶν
1837 1352 1913 1404 εἰ-

328 1441 584 1511 ρημένων
613 1441 846 1511 δύναμιν
873 1441 996 1494 κατ’
1018 1441 1284 1512 ἐπιτομὴν
1312 1434 1738 1511 ἐπιδραμόντες,
1769 1440 1911 1494 οὓτω

302 1536 814 1607 .κεφαλαιώσωμεν.
840 1537 998 1589 Ἔστι
1031 1538 1131 1606 μὲν
1157 1532 1251 1590 οῦν
1276 1540 1309 1607 ὴ
1338 1528 1470 1605 ἇγία
1494 1537 1793 1606 Ἐκκλησία
1816 1537 1911 1590 τύ-

325 1648 465 1695 πος,
520 1629 596 1692 ὡς
644 1630 894 1700 εἴρηται,
942 1626 1250 1692 καὶείκὼν,
1287 1628 1380 1680 τοῦ
1417 1629 1515 1697 μὲν
1535 1627 1713 1680 Θεοῦ⁸
1768 1629 1909 1682 διότι

2012 1280 2217 1349 gicntc.

2086 1370 2310 1425 Summa
2364 1371 2623 1426 dictorum
2662 1392 2725 1427 ac
2778 1375 3172 1444 recapitulatio.
3200 1406 3273 1417 —
3311 1376 3383 1432 Ut
3415 1385 3603 1431 autem

2015 1464 2297 1517 memoriae
2356 1465 2723 1529 consulatur,
2780 1466 2826 1520 si
2854 1467 3022 1532 libet,
3060 1482 3255 1521 eorum
3307 1485 3430 1537 qua:
3475 1469 3604 1524 data

2013 1563 2143 1608 sunt
2194 1553 2306 1607 vim
2336 1553 2584 1609 breviter
2632 1566 3052 1625 percurrentes,
3098 1559 3176 1612 ita
3223 1558 3280 1612 in
3331 1573 3602 1614 summam

2013 1642 2350 1711 redigamus.
2386 1643 2484 1698 Est
2523 1644 2694 1714 igitur
2741 1653 2932 1699 sancta
2973 1646 3242 1712 Ecclesia,
3285 1647 3365 1701 uti
3388 1648 3601 1703 dictum

322 1724 391 1794 ἢν
421 1722 712 1794 ἐργάζεται
762 1722 904 1776 κατὰ
951 1721 1052 1792 τὴν
1093 1722 1319 1791 ἄπειρον
1351 1720 1519 1774 αὑτοῦ
1546 1720 1778 1791 δύναμιν
1818 1722 1907 1774 καὶ

2012 1744 2119 1798 est,
2146 1735 2242 1789 Dei
2278 1735 2504 1804 quidem
2558 1736 2735 1807 ﬁgura
2791 1753 2857 1792 ac
2896 1739 3106 1809 imago;
3154 1740 3301 1810 quod
3334 1741 3603 1796 nimirum

324 1815 541 1884 σοφίαν,
579 1817 706 1885 περὶ
737 1815 838 1878 τὰς
862 1816 1155 1884 διαφόρους
1186 1812 1295 1868 τῶν
1323 1814 1491 1867 ὄντων
1516 1813 1707 1876 οὐσίας
1738 1812 1909 1881 ἀσύγ-

325 1924 488 1978 χυτον
541 1908 775 1972 ἕνωσιν,
840 1907 916 1970 ὡς
970 1906 1302 1977 δημιουργὸς
1357 1907 1480 1959 κατ’
1509 1904 1678 1976 ἄκρον
1735 1904 1912 1974 ἑαυτῷ

323 2000 567 2070 συνέχων
590 2016 604 2030 ⁸
643 2001 738 2052 καὶ
768 1999 911 2053 κατὰ
940 1999 1071 2070 μίαν
1098 1999 1198 2069 τῆς
1228 1998 1467 2060 πίστεως
1501 1997 1597 2051 καὶ
1621 1995 1787 2067 ’χάριν
1817 1998 1927 2049 καὶ-

326 2092 524 2161 κλῆσιν
556 2093 685 2155 τοὺς
717 2092 946 2154 πιστοὺς
973 2091 1227 2160 ἀλλήλοις
1250 2091 1499 2154 ένοειδῶς
1522 2092 1871 2143 συνάπτουσα
1890 2106 1908 2118 λ

324 2185 451 2247 τοὺς
492 2184 549 2236 δὲ
594 2186 936 2254 πρακτικοὺς
978 2183 1076 2235 καὶ
1103 2183 1415 2255 ἐναρέτους,
1446 2183 1590 2237 κατὰ
1620 2184 1750 2253 μίαν
1776 2182 1915 2251 γνώ-

329 2293 439 2346 μης
464 2276 789 2344 ταυτότητα’
820 2275 948 2338 τοὺς
971 2276 1029 2328 δὲ
1058 2274 1430 2346 θεωρητικοὺς
1460 2279 1553 2329 καὶ
1577 2277 1914 2344 γνωστικοὺς

325 2372 466 2441 πρὸς
512 2371 724 2432 τούτοις
780 2371 876 2424 καὶ
927 2370 1054 2426 καθ’
1076 2372 1331 2443 ὁμόνοιαν
1361 2371 1585 2442 ἀρραγῆ
1621 2373 1715 2426 καλ⁸
1743 2372 1914 2427 ἀδιαί-

329 2478 505 2532 ρετον.

318 2570 427 2625 per
458 2570 623 2608 unam
662 2556 964 2610 voluntatis
1019 2555 1443 2623 animorumque
1505 2555 1965 2621 consensionem;

2017 1841 2183 1895 quam
2237 1827 2329 1881 ille
2359 1827 2577 1882 inﬁnita
2627 1830 2875 1897 potentia
2923 1847 3020 1885 sua
3066 1847 3129 1886 ac
3160 1832 3431 1902 sapientia
3471 1849 3603 1904 erga
3648 1831 3652 1834 ’

2015 1916 2312 1971 distinctas
2348 1933 2539 1971 rerum
2573 1919 2850 1974 essentias
2888 1920 3241 1976 ineonfusam
3288 1924 3601 1979 unitionem

2014 2008 2169 2069 facit,
2208 2017 2468 2077 tanquam
2518 2012 2703 2080 Opifex
2736 2028 2801 2066 ac
2848 2013 3160 2068 conditoris
3202 2014 3330 2084 jure
3386 2031 3603 2072 summa

2015 2099 2179 2169 520
2225 2101 2465 2170 quadam
2521 2104 2942 2157 necessitudine
3002 2105 3186 2173 seipse
3221 2116 3601 2171 connectens;

2013 2203 2135 2243 eam
2162 2206 2384 2260 quoque
2416 2192 2506 2245 illa
2537 2209 2635 2261 per
2678 2194 2804 2248 ﬁdei
2835 2195 3063 2263 gratiam
3107 2197 3163 2249 in
3195 2195 3602 2272 ﬁdelibusopc-

2013 2290 2191 2346 retur,
2218 2298 2414 2336 omnes
2444 2283 2672 2352 quidem
2700 2284 2894 2339 ﬁdeles
2918 2301 3103 2339 secum
3136 2287 3287 2356 ipsos
3310 2288 3602 2343 uniformi-

2014 2381 2099 2426 ter
2139 2389 2239 2442 per
2264 2374 2391 2428 ﬁdei
2423 2391 2589 2429 unam
2615 2377 2846 2446 gratiam
2897 2379 3338 2434 ac-vocalionem
3367 2383 3602 2453 conjun—

2011 2478 2179 2533 geus;
2215 2479 2313 2519 eos
2345 2476 2531 2521 autem
2554 2467 2648 2536 qui
2682 2467 2954 2522 actionem
2992 2484 3057 2523 ac
3090 2469 3354 2524 virtutem
3385 2472 3598 2537 colunt,
3660 2466 3669 2471 ’

2010 2554 2078 2608 ad
2128 2556 2246 2611 haec
2277 2572 2410 2611 vero
2458 2559 2629 2614 etiam
2677 2575 2775 2616 eos
2812 2559 2907 2630 qui
2951 2562 3477 2631 contemplationem
3533 2579 3601 2619 ac

322 2646 769 2716 seieutiam,.per
817 2645 1218 2711 ﬁrmissimam,
1269 2661 1601 2715 omnemque
1636 2646 1931 2701 divisionis
1966 2662 2032 2701 ac
2052 2646 2208 2701 rima:
2244 2664 2444 2703 noxam
2477 2659 2854 2720 respuentem,
2881 2651 3239 2706 concordiam

393 2738 501 2791 Τοῦ
541 2739 598 2791 δὲ
644 2739 853 2808 κόσμου
879 2777 895 2801 ,
952 2739 1047 2792 τοῦ
1077 2757 1137 2792 τε
1169 2738 1364 2809 νοητοῦ
1394 2741 1488 2793 καὶ
1516 2738 1610 2793 τοῦ
1639 2740 1901 2816 αἰσθητοῦ

316 2828 492 2892 τύπος
520 2831 687 2884 ἐστίν·
714 2829 788 2892 ὡς
813 2830 907 2883 τοῦ
936 2830 1130 2900 νοητοῦ
1156 2833 1363 2902 κόσμου
1388 2832 1449 2885 τὸ
1478 2834 1741 2903 ἱερατείον
1764 2832 1903 2902 σύμ-

310 2922 479 2977 ισολον
508 2922 727 2993 έχουσαο
762 2920 859 2975 τοῦ
889 2921 1150 2992 αἰσθητοῦ
1177 2922 1255 2988 δὲ,
1290 2923 1383 2976 τὸν
1407 2923 1551 2978 ναόν.

398 3097 718 3168 Ἀνθρώπου
757 3099 814 3152 δὲ
868 3099 1035 3153 πάλιν
1065 3099 1229 3153 εἰκών
1257 3091 1437 3165 ἐστιν,
1487 3101 1562 3163 ὡς
1595 3100 1694 3171 τὴν
1723 3100 1903 3172 ψυχὴν

318 3190 412 3243 διὰ
452 3191 547 3243 τοῦ
594 3191 862 3261 ἱερατείου
894 3193 1206 3261 μιμουμένη
1228 3208 1242 3222 ο
1301 3192 1361 3246 τὸ
1386 3194 1444 3245 δὲ
1478 3193 1657 3263 σῶμα,
1691 3194 1779 3246 διὰ
1806 3192 1900 3246 τοῦ

322 3281 456 3335 ναοῦ
484 3283 922 3353 προϐαλλομένη.
956 3283 1138 3354 Αὐτῆς
1156 3283 1214 3336 δὲ
1237 3285 1336 3354 τῆς
1359 3285 1538 3354 ψυχῆς
1563 3285 1686 3338 καθ’
1703 3286 1902 3357 ἑαυτὴν

323 3374 623 3443 νοουμένης
648 3375 818 3439 τύπος
847 3376 964 3428 ἐστὶ
999 3376 1092 3428 καὶ
1117 3375 1302 3438 εἰκὼν,
1339 3376 1414 3438 ὡς
1443 3376 1536 3429 τοῦ
1561 3377 1901 3447 θεωρητικοῦ

322 3465 412 3518 διὰ
445 3465 537 3517 τοῦ
566 3466 839 3537 ίερατείου
870 3465 1112 3538 φέρουσα
1139 3467 1201 3519 τὸ
1226 3467 1471 3531 ἐπίδοξον
1494 3485 1508 3499 ·
1546 3468 1641 3520 τοῦ
1668 3469 1726 3522 δὲ
1757 3487 1900 3541 πρα-

322 3556 519 3611 κτικοῦ
548 3558 635 3611 διὰ
660 3558 754 3611 τοῦ
779 3558 908 3612 ναοῦ
942 3558 1002 3612 τὸ
1031 3558 1263 3629 κόσμιον
1293 3558 1511 3630 ἔχουσα.

394 3819 507 3889 Τῆς
536 3818 592 3872 δὲ
621 3818 952 3890 τελουμένης
984 3820 1044 3872 ἐν
1074 3820 1212 3891 αὐτῇ
1241 3821 1399 3888 ἁγίας
1425 3822 1716 3887 συνάξεως,
1743 3824 1776 3894 ἡ
1803 3823 1901 3893 μὲν

324 3909 518 3980 πρώτη
563 3908 768 3972 εἴσοδος
817 3908 1052 3977 γενικῶς
1095 3908 1192 3977 μὲν
1239 3908 1390 3979 δηλοί
1420 3910 1518 3979 τὴν
1550 3910 1774 3981 πρώτην
1805 3912 1900 3964 τοῦ

322 3993 460 4047 Θεοῦ
492 3994 648 4065 ἡμῶν
677 3995 979 4066 παρουσίαν
999 4013 1014 4027 ο
1078 3995 1258 4059 ίδικῶς
1281 3996 1359 4061 δὲ,
1395 3998 1493 4068 τὴν
1520 3998 1584 4051 δι’
1610 3999 1776 4052 αὑτοῦ
1807 4002 1903 4054 καὶ

324 4090 423 4141 σὺν
448 4087 598 4157 αὐτῷ
628 4089 736 4140 τῶν
762 4086 822 4152 ἐξ
842 4089 1104 4151 ἀπιστίας
1130 4090 1209 4151 εἰς
1232 4089 1438 4153 πίστιν,
1457 4091 1550 4143 καὶ
1570 4093 1680 4144 ἀπὸ
1700 4093 1901 4155 κακίας

320 4179 403 4241 εἰς
432 4177 655 4248 ἀρετὴν,
690 4179 785 4231 καὶ
815 4178 924 4232 ἀπὸ
953 4179 1231 4248 ἀγνωσίας
1261 4182 1344 4243 είς
1372 4181 1573 4247 γνῶσιν
1604 4184 1901 4254 εἰσαγομέ-

321 4287 428 4325 νων
454 4272 809 4341 ἐπιστροφήν.

390 4451 474 4504 Τὰ
499 4450 554 4504 δὲ
586 4451 846 4520 γινόμενα
878 4451 1001 4523 μετ’
1017 4450 1188 4522 αὐτὴν
1213 4452 1639 4524 ἀναγνώσματα,
1665 4453 1897 4523 γενικῶς

269 4528 275 4533 ’
322 4543 445 4612 μὲν,
501 4543 571 4596 τὰ
618 4543 738 4596 θεῖα
785 4542 1066 4613 θελήματά
1106 4560 1167 4596 τε
1223 4546 1318 4597 καὶ
1352 4545 1689 4616 βουλήματα,
1722 4545 1901 4600 καο’ἃ

318 4635 425 4706 χρὴ
480 4636 609 4698 τοὺς
648 4635 856 4698 πάντας
889 4635 1242 4689 παιδεύεσθαί
1276 4654 1336 4689 τε
1379 4638 1471 4690 καὶ
1498 4638 1896 4704 πολιτεύεσθαι,

322 4727 541 4796 μηνύει’
584 4725 768 4789 ίδικῶς
791 4725 871 4791 δὲ,
904 4726 1001 4797 τὴν
1031 4726 1175 4780 κατὰ
1205 4728 1306 4797 τὴν
1332 4729 1516 4782 πίστιν
1542 4730 1898 4785 διδασκαλίαν

320 4818 415 4870 καὶ
466 4818 752 4889 προκοπὴν
803 4819 914 4873 τῶν
968 4820 1412 4872 πιστευσάντων·
1470 4822 1567 4874 καὶ
1616 4822 1725 4874 τῶν
1755 4841 1897 4893 πρα-

319 4911 524 4965 κτικῶν
575 4914 675 4980 τὴν
719 4911 842 4965 κατ’
871 4912 1073 4983 ἀρετὴν
1100 4912 1305 4980 παγίαν
1342 4913 1583 4967 διάθεσιν
1604 4929 1619 4947 ο
1676 4915 1801 4968 καθ’
1831 4918 1897 4988 ἢν

315 5002 395 5073 τῷ
420 5003 550 5074 θείῳ
576 5005 729 5074 νόμῳ
757 5004 1096 5073 στοιχοῦντες
1143 5003 1253 5057 τῶν
1285 5005 1514 5059 ἐντολῶν
1543 5007 1812 5077 ἀνδρικῶς
1836 5026 1895 5062 τε

319 5095 413 5147 καὶ
461 5095 775 5166 ἀκλονήτως
816 5095 1062 5167 ἵστανται
1125 5096 1263 5165 πρὸς
1313 5098 1414 5160 τὰς
1468 5097 1748 5167 μεθοδείας
1796 5100 1893 5154 τοῦ

314 5187 564 5240 διαϐόλου
584 5228 599 5251 ,
652 5189 745 5242 καὶ
772 5187 873 5252 τὰς
900 5190 1282 5258 ἀντικειμένας
1310 5191 1593 5258 ἐνεργείας
1619 5192 1893 5261 διαδιδρά-

315 5293 531 5332 σκουσι·
587 5280 682 5333 καὶ
706 5280 816 5333 τῶν
838 5280 1155 5348 γνωστικῶν
1183 5283 1280 5352 τὴν
1311 5282 1455 5337 κατὰ
1479 5283 1716 5356 θεωρίαν
1743 5282 1885 5348 ἕξιν·

319 5369 436 5423 καθ’
458 5369 527 5441 ἢν
572 5371 699 5434 τοὺς
744 5370 853 5423 τῶν
892 5370 1166 5426 αἰσθ.ιτῶν
1206 5373 1299 5427 καὶ
1326 5373 1425 5445 τῆς
1449 5374 1536 5427 ἐπ’
1552 5376 1732 5438 αὐτοῖς
1756 5392 1890 5445 προ-

378 5635 431 5668 ³¹
469 5635 737 5707 μεταλήψ.
771 5651 822 5691 c.
856 5635 921 5690 A.
952 5646 1007 5691 et
1033 5639 1120 5695 Fr.

2082 2742 2274 2796 Mundi
2309 2751 2516 2808 autem,
2551 2753 2668 2797 tum
2699 2746 2819 2815 ejus
2846 2745 2939 2814 qui
2981 2753 3164 2799 mente
3195 2746 3331 2811 sola,
3362 2754 3475 2799 tum
3501 2744 3597 2814 qui

2007 2845 2174 2886 sensu
2198 2832 2527 2901 percipitur,
2570 2833 2742 2903 ﬁgura
2771 2842 2889 2900 est;
2929 2844 2990 2888 ut
3015 2850 3137 2903 quae
3168 2836 3357 2888 mundi
3389 2836 3595 2890 intelli-

2005 2922 2191 2992 gibilis
2221 2924 2528 2978 sacrarium
2569 2925 2881 2995 symbolum
2920 2925 3159 2991 habeat;
3208 2926 3371 2996 hujus
3405 2935 3593 2981 autem

2004 3015 2102 3084 qui
2128 3016 2184 3070 in
2218 3031 2440 3071 sensum
2471 3017 2641 3081 cadit,
2668 3018 2953 3087 templum.

2077 3108 2295 3163 Rursus
2321 3122 2455 3162 vero
2499 3109 2681 3179 imago
2724 3118 2809 3164 est
2856 3109 3120 3172 hominis,
3146 3118 3207 3164 ut
3239 3126 3361 3179 quae
3395 3111 3593 3166 animae

2004 3215 2104 3269 per
2144 3202 2449 3267 sacrarium
2491 3202 2732 3271 speciem
2762 3203 3004 3268 referat;
3057 3218 3157 3271 per
3183 3203 3447 3271 templum
3493 3220 3592 3258 au-

2004 3294 2115 3341 tem
2153 3304 2359 3357 corpus
2385 3290 2661 3359 prmfcrat.
2710 3290 2890 3359 Ipsius
2922 3299 3104 3344 autem
3132 3292 3329 3346 animae
3368 3300 3429 3345 ut
3470 3293 3589 3362 ipsa

2003 3380 2313 3434 secundum
2344 3396 2402 3435 se
2430 3397 2495 3435 ae
2542 3396 2794 3435 seorsum
2844 3382 3258 3445 consideratur,
3300 3381 3474 3451 ﬁgura
3503 3393 3589 3438 est

2003 3487 2069 3525 ac
2110 3472 2320 3540 imago,
2368 3480 2430 3525 ut
2453 3487 2576 3540 quae
2610 3487 2708 3539 per
2758 3473 3064 3526 sacrarium
3098 3474 3219 3541 ejus
3256 3477 3433 3541 partis
3463 3490 3586 3544 quae

2002 3560 2459 3627 contemplationi
2511 3560 2699 3615 studet
2740 3560 3052 3641 claritatem
3092 3561 3262 3628 ferat;
3314 3579 3415 3632 per
3448 3573 3586 3619 tem-

2002 3651 2154 3719 plum
2204 3658 2390 3704 autem
2420 3646 2554 3721 ejus
2577 3667 2701 3721 quae
2734 3653 2976 3719 actioni,
3012 3663 3269 3709 ornatum
3300 3655 3585 3712 decorem-

2000 3757 2108 3810 que
2143 3740 2413 3795 obtineat.

2074 3831 2212 3901 Ejus
2232 3840 2416 3886 autem
2440 3847 2559 3901 qum
2577 3832 2632 3886 in
2661 3849 2725 3887 ea
2757 3840 3040 3904 peragitur
3074 3851 3244 3892 sacrae
3273 3853 3581 3910 synaxeos;

1948 3966 1957 3975 .
1998 3923 2211 3992 primus
2245 3923 2469 3993 quidem
2508 3924 2772 3980 introitus
2817 3928 3156 3996 generaliter
3182 3929 3407 3997 quidem
3460 3932 3581 4000 pri-

2000 4030 2153 4067 mum
2184 4013 2389 4068 Christi
2421 4015 2519 4069 Dei
2566 4017 2746 4070 nostri
2793 4017 3092 4072 adventum
3121 4020 3423 4088 signiﬁcat;
3456 4037 3585 4090 pro-

1999 4105 2119 4174 prie
2149 4120 2300 4168 vcro,
2347 4121 2488 4171 eam,
2514 4123 2636 4175 quze
2680 4123 2781 4177 per
2815 4109 2996 4179 ipsum
3026 4150 3040 4172 ,
3077 4111 3306 4180 ipsoque
3357 4113 3583 4180 auspice

2000 4203 2106 4277 es],
2142 4210 2337 4250 eorum
2381 4197 2476 4266 qui
2525 4196 2594 4251 ab
2633 4198 2964 4253 inﬁdelitate
2995 4199 3064 4253 ad
3098 4200 3355 4263 ﬁdem,et
3382 4216 3412 4255 a
3445 4201 3583 4256 vitio

2001 4287 2069 4341 ad
2117 4288 2402 4354 virtutem,
2439 4301 2606 4359 atque
2627 4290 2697 4345 ab
2720 4290 3029 4361 ignorantia
3054 4291 3120 4345 ad
3156 4291 3444 4346 scientiam
3496 4292 3582 4346 in-

1928 4408 1974 4463 D
2003 4376 2290 4432 ducuntur
2316 4381 2767 4435 conversionem.

2071 4469 2205 4536 Quae
2232 4478 2414 4526 autem
2445 4472 2514 4526 ab
2554 4487 2622 4526 eo
2651 4479 2962 4542 sequuntur
3000 4472 3288 4537 lectiones,
3311 4473 3584 4542 generali-‘-

1998 4567 2084 4613 ter
2113 4560 2340 4629 quidem
2356 4560 2574 4616 divinas
2590 4562 2905 4617 voluntates
2934 4572 2991 4617 et
3016 4561 3244 4617 consilia
3268 4562 3579 4632 designant,

1994 4667 2063 4706 ex
2098 4667 2336 4721 quorum
2366 4653 2583 4708 ratione
2605 4668 2834 4709 necesse
2866 4665 2974 4719 est,
3006 4666 3070 4711 ut
3099 4671 3296 4710 omnes
3315 4656 3580 4710 erudian-

1995 4751 2087 4796 tur
2116 4743 2398 4813 vitamque
2419 4744 2749 4808 instituant;
2782 4747 3006 4815 proprie
3034 4755 3242 4810 autem,
3267 4762 3460 4801 eorum
3482 4747 3578 4816 qui

1996 4834 2356 4889 crediderunt
2382 4836 2508 4891 ﬁdei
2538 4836 2847 4891 doctrinam
2877 4845 3047 4907 atque
3090 4838 3432 4906 profectum;
3461 4845 3576 4891 tum

1995 4926 2208 4981 scilicet
2233 4942 2448 4994 eorum,
2479 4929 2574 4998 qui
2603 4928 2880 4985 actionem
2913 4930 3123 4994 colunt,
3169 4928 3382 4983 ﬁrmam
3403 4929 3580 4983 virtu-

1996 5015 2065 5076 tis
2089 5014 2535 5085 dispositionem;
2569 5034 2702 5088 qua,
2721 5019 2961 5074 divinam
2989 5021 3373 5074 mandatorum
3402 5019 3577 5088 legem

1992 5112 2284 5171 sectantes,
2308 5107 2457 5162 virili
2481 5108 2828 5178 infractaque
2847 5109 3155 5165 constantia
3171 5108 3436 5163 adversus
3458 5108 3579 5164 dia-

1992 5193 2105 5250 boli
2141 5197 2369 5254 insidias
2400 5201 2730 5263 consistunt,
2762 5215 3070 5270 eorumque
3093 5202 3365 5256 occultam
3387 5200 3497 5255 vim
3515 5216 3580 5256 ac

1997 5289 2315 5346 molitiones
2325 5300 2524 5346 cavent
2538 5299 2704 5360 atque
2723 5290 2972 5362 fugiunt;
2992 5300 3107 5345 tum
3125 5307 3258 5348 vero
3275 5291 3372 5360 qui
3395 5291 3581 5345 scien-

2000 5378 2133 5434 tiam
2169 5381 2362 5437 eolunt
2399 5382 2735 5452 studentque
2793 5381 3081 5453 sapientiae
3104 5424 3120 5450 ,
3161 5379 3582 5452 contemplatio:

1545 5524 1778 5584 γΑιιιΑῑ
1817 5526 2215 5589 LECTIONES.
