4068 6142
502 260 610 320 707

1701 251 1760 308 S.
1805 248 2088 309 ΜΛΧΙΜΙ
2131 248 2636 311 CONFESSORIS

3675 258 3795 324 70,8

504 370 594 421 nis
623 363 907 428 habitum;
936 363 1094 432 cujus
1133 375 1388 424 munere,
1420 375 1606 414 rerum
1655 360 1708 413 in
1737 373 1959 414 sensum
1992 373 2086 412 ca-

2202 362 2339 423 νοίας
2382 363 2785 425 π-νευιιατικοὺς
2834 363 2974 417 κατᾶ
3014 363 3243 434 δύναμιν
3283 366 3673 438 συλλεγόμενοι
3701 370 3797 423 λό-

505 457 759 510 dentium
793 452 1168 522 spiritalisque
1204 451 1260 504 in
1303 450 1387 504 eis
1431 448 1794 518 providentiae
1843 449 2087 501 rationes

506 549 851 617 colligentes,
883 545 1092 614 absque
1127 558 1322 598 errore
1357 541 1425 596 ad
1453 541 1747 596 veritatem
1769 547 2025 594 currunt.

575 639 784 692 Divina:
801 645 986 690 autem
1014 636 1359 690 canticorum
1387 632 1817 694 modulationes,
1841 631 2086 685 divinam

500 729 905 802 iucunditatem
935 743 1003 781 ac
1041 727 1380 796 voluptatem
1416 726 1661 780 omnium
1693 723 1892 778 animis
1929 723 2088 776 inna-

503 831 781 885 scentem;
803 836 908 889 qua
929 819 1152 890 mystice
1177 817 1441 881 rohorati,
1461 815 1809 886 superiorum
1839 813 2090 868 omnium

507 911 666 981 521
701 911 924 964 virtutis
951 909 1105 964 cultu
1133 909 1382 963 laborum
1407 907 1742 960 oblivionem
1781 913 2087 967 sumentes,

503 1004 574 1056 ad
609 1018 802 1057 eorum
829 1017 950 1071 qua:
982 1002 1193 1070 reliqua
1224 1010 1375 1064 sunt,
1405 1000 1720 1053 divinorum
1756 994 2090 1064 incorrupti-

507 1095 816 1163 biliumque
851 1095 1122 1147 bonorum
1174 1094 1474 1147 vehemens
1531 1099 1971 1157 contentamque
2001 1102 2094 1141 ve-

507 1188 616 1258 gcti
654 1202 717 1240 ac
739 1187 950 1239 alacres
977 1184 1362 1239 accenduntur
1395 1182 1757 1237 desiderium.

580 1279 842 1332 Sanctum
883 1289 1066 1330 autem
1098 1276 1476 1344 Evangelium.
1509 1273 1838 1343 generaliter
1870 1270 2094 1340 quidem

507 1371 673 1440 hujus
716 1371 902 1424 sreculi
950 1368 1442 1422 consummationis
1471 1376 1556 1420 est
1586 1366 1925 1436 symbolum;
1965 1379 2094 1433 pro-

505 1463 625 1530 prie
653 1476 808 1524 vero,
837 1475 1030 1513 eorum
1056 1459 1149 1528 qui
1174 1458 1550 1520 crediderunt,
1576 1456 1813 1525 perfecte
1835 1454 2096 1523 omnique

503 1571 572 1610 ex
601 1562 755 1622 parte
782 1553 993 1620 antiqui
1021 1551 1226 1604 erroris
1256 1548 1610 1604 abolitionem
1641 1547 1920 1617 designat;
1955 1555 2098 1600 tum-

505 1662 612 1715 que
663 1659 854 1698 eorum
897 1643 992 1712 qui
1037 1642 1311 1696 actionem
1349 1641 1559 1704 colunt,
1593 1639 2093 1702 mortificationem,

505 1737 750 1805 legisque
783 1751 847 1789 ac
877 1750 1071 1788 sensus
1103 1734 1310 1798 carnis,
1343 1749 1438 1787 seu
1481 1733 1599 1802 ejus
1625 1730 1932 1800 prudentia:
1957 1745 2095 1784 con-

505 1828 960 1890 summationem;
996 1836 1110 1880 tum
1148 1841 1343 1879 eorum
1377 1826 1472 1893 qui
1509 1823 1833 1894 sapientiam
1865 1838 1929 1877 ac
1961 1837 2096 1876 con-

509 1921 944 1988 templationem,
976 1919 1217 1988 plurium
1248 1932 1314 1970 ac
1355 1917 1698 1971 diversarum
1731 1915 2004 1968 rationum
2041 1913 2098 1967 in

507 2011 900 2079 amplissfmam
937 2025 1098 2062 unam
1146 2007 1478 2075 maximique
1513 2005 1752 2059 ambitus
1800 2004 2096 2068 rationem,

509 2102 900 2155 coercitionem
951 2115 1017 2153 ac
1065 2098 1424 2162 relationem;
1477 2112 1674 2166 nempe
1719 2103 2098 2150 consummata

2190 471 2340 520 γους,
2377 455 2631 518 ἀπλανῶς
2665 457 2803 526 πρὸς
2833 455 2929 526 τὴν
2956 456 3214 526 ἀλήθειαν
3243 459 3518 528 φέρονται.

2262 631 2344 685 Τά
2390 633 2447 685 δὲ
2505 632 2625 685 θεῖα
2678 632 2787 685 τῶν
2827 633 3088 703 ᾀσμάτων
3118 633 3448 705 μελίσματα,
3492 636 3598 708 τὴν
3623 636 3794 706 ἐγγι-

2193 721 2430 793 νομένην
2480 725 2602 786 ταῖς
2645 724 2902 777 ἀπάντων
2920 723 2966 755 ⁸⁸
3017 723 3219 792 ψυχαῖς
3266 725 3416 778 θείαν
3449 725 3648 797 ἡδονὴν
3693 727 3796 780 καὶ

2194 815 2558 885 τερπνότητα·
2596 815 2717 867 καθ’
2741 815 2808 886 ἢν
2839 815 3121 885 μυστικῶς
3154 815 3517 887 ρωννύμεναι,
3539 817 3654 870 τῶν
3687 817 3794 887 μὲν

2195 905 2586 976 παρελθόντων
2637 907 2734 974 τῆς
2797 907 2998 978 ἀρετῆς
3049 907 3497 964 ἐπιλανθάνονται
3551 911 3742 961 πόνων
3775 925 3788 939 ·

2195 1000 2333 1070 πρὸς
2380 999 2436 1052 δὲ
2488 999 2586 1070 τὴν
2633 998 2744 1052 τῶν
2783 999 3121 1070 λειπομένων
3157 1002 3316 1057 θείων
3362 1005 3454 1058 καὶ
3483 1005 3792 1077 ἀκηράτων

2197 1089 2440 1160 ἀγαθῶν,
2479 1092 2731 1156 νεάζουσι
2762 1091 2976 1145 εὔτονον
3009 1092 3214 1160 ἔφεσιν.

2267 1269 2342 1321 Τὸ
2397 1269 2453 1322 δὲ
2511 1270 2663 1338 ἀγιον
2718 1271 3072 1337 Εὐαγγὲλιον,
3113 1275 3344 1340 γενικῶς
3375 1276 3471 1344 μὲν
3509 1278 3789 1346 σύμϐολόν

2198 1359 2311 1410 ἐστι
2357 1358 2456 1427 τῆς
2509 1359 2818 1420 συντελείας
2866 1359 2960 1412 τοῦ
2987 1359 3184 1420 αἰῶνος
3215 1363 3406 1416 τούτου
3437 1381 3450 1394 °
3487 1367 3673 1432 ἰδικῶς
3697 1369 3784 1439 δὲ,

2197 1450 2306 1503 τῶν
2359 1450 2458 1520 μὲν
2518 1451 2932 1504 πιστευσάντων
2979 1453 3131 1522 δηλοῖ
3158 1454 3249 1507 τὸν
3277 1457 3518 1528 παντελῆ
3547 1459 3648 1532 τῆς
3685 1463 3787 1533 ἀρ-

2198 1540 2358 1608 χαίας
2396 1539 2603 1610 πλάνης
2631 1534 2937 1610 ἀφανισμόν
2968 1559 2984 1576 ο
3019 1543 3128 1597 τῶν
3167 1545 3224 1598 δὲ
3284 1549 3627 1616 πρακτικῶν,
3683 1552 3785 1622 τὴν

2199 1633 2465 1701 νέκρωσιν
2517 1634 2611 1686 κα)⁵
2663 1634 2977 1690 συντέλειαν
3005 1637 3102 1690 τοῦ
3149 1638 3292 1692 κατά
3316 1641 3494 1712 σάρκα
3522 1642 3688 1713 νόμου
3723 1662 3784 1698 τε

2197 1726 2290 1779 καὶ
2325 1727 2672 1796 φρονήματος
2706 1743 2720 1757 ·
2755 1727 2865 1780 τῶν
2887 1727 2944 1780 δὲ
2974 1730 3314 1797 γνωστικῶν,
3343 1733 3443 1803 τὴν
3499 1735 3638 1805 πρὸς
3690 1737 3784 1789 τὸν

2199 1817 2667 1870 συνεκτικώτατον
2719 1818 2877 1886 λόγον
2931 1819 3042 1874 τῶν
3098 1821 3312 1876 πολλῶν
3364 1825 3458 1877 καὶ
3506 1823 3784 1896 διαφόρων

2196 1906 2371 1976 λόγων
2426 1907 2751 1977 συναγωγήν
2783 1927 2843 1962 τε
2872 1911 2966 1962 καὶ
2991 1912 3293 1983 ἀναφορὰν,
3337 1915 3784 1985 συντελεσθείσης

2198 2005 2380 2066 αὐτοῖς
2436 2003 2531 2056 καὶ
2583 2003 3000 2076 περατωθείσης
3051 2005 3152 2077 ’τῆς
3201 2004 3642 2079 διεξοδικωτέρας
3689 2002 3785 2062 καὶ

2201 2095 2592 2166 ποικιλωτέρας
2624 2101 2860 2168 φυσικῆς
2884 2097 3137 2169 θεωρίας.

507 2195 914 2270 iilis_nactaque
951 2195 1269 2258 terminum,
1295 2207 1417 2262 qua:
1461 2192 1635 2246 fusior
1663 2191 1994 2260 expatiatur,
2026 2204 2093 2244 ac
2127 2192 2298 2262 magis
2365 2194 2513 2248 varia
2576 2203 2680 2258 est,
2721 2195 2956 2250 naturali
2987 2195 3448 2266 contemplatione
3481 2212 3544 2252 ac
3587 2214 3783 2268 specu-

508 2291 732 2345 laﬁonc.

577 2383 858 2437 Pontificis
904 2391 1088 2436 autem
1119 2396 1149 2434 e
1182 2380 1313 2434 sede
1361 2379 1694 2442 descensus,
1735 2394 1800 2433 ac
1838 2378 2099 2432 catechu-

507 2491 796 2528 meuorum
823 2475 1039 2541 cjcctio,
1071 2472 1403 2542 generaliter
1432 2470 1654 2539 quidem
1687 2469 1981 2540 significat,
2010 2484 2100 2523 se-

508 2566 751 2619 cundum
784 2566 962 2634 magni
1000 2565 1090 2618 Dci
1126 2581 1188 2618 ac
1213 2564 1512 2617 Salvatoris
1539 2563 1711 2618 nostri
1738 2561 1864 2615 Jesu
1889 2562 2099 2616 Christi

507 2672 536 2709 e
564 2657 720 2708 caelis
746 2655 1066 2717 adventum,
1099 2670 1162 2707 ac
1189 2663 1540 2721 peccatorum
1571 2668 1600 2706 a
1625 2653 1828 2705 sanctis
1854 2667 2101 2722 segrega-

510 2748 740 2809 tionem,
790 2747 1105 2815 justamque
1155 2761 1254 2813 pro
1300 2746 1565 2814 cujusque
1615 2744 1826 2797 meritis
1857 2745 2102 2798 retribu-

511 2837 748 2899 tionem;
785 2837 999 2904 proprie
1037 2843 1242 2897 autem,
1278 2834 1578 2902 perfectam
1625 2849 1818 2888 eorum
1849 2835 1944 2903 qui
1977 2850 2099 2888 cre-

509 2926 848 2980 dideruntin
887 2926 990 2977 title
1018 2925 1429 2988 certitudincm,
1459 2941 1622 2994 quam
1670 2926 1799 2979 facit
1849 2925 1992 2979 Deus
2037 2940 2101 2979 ac

510 3018 752 3072 Verbum
802 3017 1064 3068 invisibili
1114 3017 1323 3070 ratione
1371 3015 1698 3080 adveniens;
1751 3033 1849 3086 per
1893 3031 2094 3085 quam,
2127 2999 2167 3056 ε’·

510 3110 691 3162 omnis
729 3107 836 3161 ullo
883 3107 1045 3161 modo
1095 3107 1410 3161 claudicans
1447 3107 1500 3160 in
1549 3108 1654 3162 fide
1709 3109 1906 3178 (instar
1944 3116 2096 3161 catc-

509 3199 791 3264 chumeni)
821 3200 1078 3269 cogitatio
1123 3212 1288 3268 atque
1336 3201 1474 3254 ratio
1518 3201 1587 3254 ab
1618 3199 2039 3274 eis.expellitur
2079 3215 2096 3252 :

509 3310 700 3347 eorum
743 3303 924 3346 autem
974 3294 1067 3361 qui
1102 3293 1290 3346 colunt
1324 3294 1619 3358 actionem,
1653 3292 1948 3361 perfectam
1992 3291 2098 3345 im-

511 3385 820 3454 perturbati
852 3385 1020 3438 animi
1069 3384 1544 3453 tranquillitatem,
1576 3400 1672 3452 per
1702 3399 1863 3452 quam
1911 3381 2098 3436 libidi-

511 3494 644 3532 nosa
695 3479 896 3541 omnis,
954 3494 1054 3530 nec
1114 3477 1517 3531 illuminationc
1557 3477 1754 3530 donata
1815 3475 2096 3544 cogitatio,

511 3572 580 3625 ab
622 3571 802 3624 anima
845 3571 1098 3633 decedit;
1133 3585 1326 3623 eorum
1370 3585 1500 3622 vero
1530 3569 1623 3638 qui
1672 3567 2001 3636 sapientiam
2036 3580 2101 3619 ac

513 3662 1054 3730 contemplationem,
1085 3662 1338 3716 altiorem
1388 3661 1605 3730 cognita
1639 3659 1924 3727 complexu
1970 3673 2101 3710 con-

517 3753 782 3804 tinentem
821 3751 1128 3812 scientiam,
1165 3751 1322 3819 cujus
1349 3765 1576 3803 munere
1607 3764 1671 3803 ac
1698 3749 1818 3802 luce
1856 3755 2102 3800 terreno-

517 3855 637 3892 rum
672 3838 965 3892 simulacra
991 3841 1174 3894 omnia
1197 3843 1265 3894 ab
1295 3843 1474 3894 anima
1503 3840 1812 3909 diffugiant.
1932 3896 1935 3899 _

584 3929 742 3996 Quod
803 3938 984 3984 autem
1049 3933 1380 3985 clauduntur
1444 3932 1611 3995 fores,
1677 3938 2101 3997 sanctorumque

512 4023 899 4093 mysteriorum
941 4023 1236 4092 ingressus,
1275 4039 1488 4077 necnon
1545 4022 1792 4075 divinum
1827 4021 2098 4083 osculum,

511 4129 575 4168 ac
619 4113 863 4184 Symboli
915 4114 1038 4168 fidei
1089 4114 1449 4178 exclamatio,
1505 4113 1832 4183 generaliter
1876 4111 2101 4180 quidem

510 4205 840 4275 significant,
868 4205 1145 4274 praeterire
1181 4220 1302 4272 qua:
1333 4206 1387 4258 in
1419 4220 1638 4259 sensum
1669 4203 1893 4266 cadunt,
1926 4217 2101 4275 eaque

511 4297 911 4351 manifestanda
935 4313 1053 4366 qua:
1079 4306 1262 4350 mente
1299 4297 1716 4366 intelliguntur;
1743 4310 1941 4350 novam
1967 4271 2096 4349 item

511 4389 683 4442 divini
734 4405 862 4458 erga
911 4405 1012 4442 nos
1056 4387 1299 4458 mysterii
1348 4387 1689 4453 doctrinam;
1739 4387 2098 4457 omniumque

510 4495 636 4533 cum
664 4479 942 4543 omnibus,
973 4478 1169 4548 seipsis
1203 4478 1410 4547 pariter
1432 4493 1497 4532 ac
1524 4481 1659 4541 Deo,
1696 4479 1935 4534 futuram
1969 4496 2103 4534 eon-

511 4573 715 4628 cordiaa
743 4588 807 4625 ac
851 4571 1232 4625 consensionis
1279 4587 1342 4625 ac
1387 4571 1702 4626 dilectionis
1739 4572 1849 4625 vim
1900 4586 2098 4636 unam;

511 4665 740 4734 ejusque
769 4661 962 4716 salutis
993 4678 1141 4732 ergo,
1175 4677 1340 4732 quam
1385 4661 1452 4716 iis
1487 4662 1666 4716 modis
1694 4663 1976 4716 consecuti
2012 4677 2104 4716 su-

513 4770 657 4816 mus,
689 4754 992 4824 gratiarum
1025 4753 1320 4807 actionem.
1359 4753 1586 4821 Proprie
1617 4763 1823 4816 autem,
1859 4752 2101 4806 ﬁdelium

510 4847 733 4916 quidem
785 4863 814 4900 a
869 4846 1104 4916 simplici
1158 4847 1263 4900 fide
1310 4846 1378 4900 ad
1425 4845 1742 4914 dogmatum
1793 4845 2101 4900 doctrinam

509 4948 567 4992 et
598 4938 981 4991 -iuitiationem
1025 4952 1464 5005 consensumque
1496 4936 1674 5005 522-
1698 4951 1761 4990 ac
1803 4937 2102 5006 gratiarum

511 5030 808 5091 actionem,
844 5028 1152 5098 profectum
1185 5028 1333 5098 (nam
1366 5029 1602 5098 primum
1652 5029 1925 5098 significat
1955 5028 2102 5097 quod

511 5116 848 5169 clauduntur
882 5115 1058 5181 fores;
1089 5115 1346 5179 alterum,
1373 5126 1686 5171 sanctorum
1715 5116 2101 5186 mysteriorum

513 5207 808 5272 introitus;
841 5207 1084 5272 tertium,
1115 5209 1363 5262 osculum
1404 5209 1521 5263 sive
1551 5208 1834 5277 amplexus
1865 5216 1921 5262 et
1949 5208 2099 5261 salu--

515 5300 683 5364 tatio;
711 5307 992 5368 quartum,
1025 5301 1254 5370 symboli
1280 5299 1622 5369 exclamatio)
1653 5317 1666 5352 :
1692 5314 1883 5354 eorum
1916 5305 2097 5351 autem

515 5387 610 5454 qui
632 5389 821 5441 colunt
841 5389 1135 5454 actionem,
1162 5390 1229 5443 ab
1251 5390 1464 5444 actione
1485 5390 1551 5444 ad
1577 5389 2097 5457 contemplationem

2285 2377 2349 2429 Ἢ
2377 2377 2434 2429 δὲ
2461 2378 2553 2430 τοῦ
2585 2377 2889 2448 ἀρχιερέως
2919 2378 3026 2432 ἀπὺ
3081 2379 3173 2433 τοῦ
3222 2379 3414 2451 θρόνου
3455 2386 3779 2450 κατάϐασις,

2203 2469 2297 2522 καὶ
2345 2472 2378 2536 ἡ
2429 2470 2536 2522 τῶν
2564 2471 2992 2540 κατηχουμένων
3035 2471 3254 2542 ἐκϐολὴ,
3283 2475 3517 2540 γενικῶς
3547 2477 3646 2544 μὲν
3684 2495 3782 2547 ση-

2205 2561 2387 2629 μαίνει
2422 2561 2520 2630 τὴν
2548 2561 2642 2613 ἀπ’
2673 2561 2905 2632 οὐρανοῦ
2939 2562 3199 2633 δευτέραν
3235 2564 3328 2617 τοῦ
3361 2567 3597 2634 μεγάλου
3628 2565 3782 2620 ’Θεοῦ

2201 2654 2296 2706 καὶ
2325 2653 2575 2723 Σωτῆρος
2601 2653 2761 2723 ἡμῶν
2821 2654 2995 2722 Ἰησοῦ
3036 2655 3268 2725 Χριστοῦ
3314 2657 3632 2725 παρουσίαν,
3683 2661 3780 2711 καὶ

2200 2744 2290 2797 τὸν
2333 2742 2442 2796 ἀπὸ
2471 2744 2577 2796 τῶν
2608 2744 2781 2811 ἀγίων
2808 2744 3114 2814 ἀφορισμὸν
3137 2746 3243 2798 τῶν
3272 2746 3610 2816 ἁμαρτωλῶν
3637 2763 3652 2778 ο
3681 2750 3782 2801 καὶ

2200 2835 2300 2904 τὴν
2330 2834 2548 2888 δικαίαν
2581 2835 2719 2905 πρὸς
2765 2835 2865 2905 τὴν
2897 2836 3128 2888 ἑκάστου
3164 2835 3319 2900 ἀξίαν
3347 2837 3579 2909 ἀμοιϐήν
3614 2854 3628 2868 ⁸
3687 2839 3786 2891 ἰδι-

2201 2922 2311 2985 κῶς
2336 2922 2413 2981 δὲ,
2440 2921 2537 2992 τὴν
2569 2921 2784 2975 τελείαν
2820 2924 2878 2974 ὲν
2923 2923 3104 2976 πίστει
3135 2923 3245 2976 τῶν
3283 2926 3695 2980 πιστευσάντων
3737 2927 3782 2958 ⁵⁷

2201 3013 2596 3084 πληροφορίαν,
2659 3015 2724 3084 ἢν
2785 3017 2932 3066 ποιεῖ
2976 3017 3411 3085 παραγινόμενος
3460 3014 3708 3088 ἀοράτως
3753 3019 3783 3071 ὁ

2201 3104 2333 3167 Θεὸς
2377 3105 2471 3157 καὶ
2510 3104 2681 3172 Λόγος
2713 3119 2727 3135 °
2763 3103 2832 3157 δι’
2863 3099 2932 3176 ἧς
2963 3108 3070 3168 πᾶς
3103 3105 3184 3159 ἔτι
3207 3105 3330 3160 καθ’
3359 3107 3541 3161 ὁτιοῦν
3569 3109 3782 3174 σκάζων

2202 3197 2345 3250 κατά
2371 3196 2468 3265 τὴν
2491 3197 2675 3250 πίστιν
2707 3195 2966 3267 λογισμὸς
2996 3199 3411 3269 κατηχουμένου
3438 3201 3662 3270 τρόπον,
3688 3203 3786 3254 αὑ-

2200 3290 2310 3343 τῶν
2349 3289 2716 3344 ἀπελαύνεται
2749 3306 2763 3320 ·
2797 3290 2907 3363 τῶν
2929 3289 2985 3342 δὲ
3032 3292 3374 3362 πρακτικῶν,
3427 3293 3529 3363 τὴν
3573 3293 3782 3346 τελείαν

2201 3381 2491 3440 ἀπάθειαν,
2526 3381 2594 3432 δι’
2628 3375 2694 3451 ἦς
2723 3382 2830 3443 πᾶς
2868 3380 3120 3450 ἐμπαθὴς
3165 3382 3261 3436 καὶ
3292 3381 3601 3450 ἀφώτιστος
3647 3383 3784 3450 λογι-

2204 3474 2338 3542 σμὸς
2363 3474 2462 3540 τῆς
2504 3473 2680 3542 ψυχῆς
2713 3473 3032 3541 ἀπογίνεται
3061 3490 3074 3502 ·
3100 3473 3208 3526 τῶν
3231 3475 3289 3528 δὲ
3317 3476 3660 3541 γνωστικῶν,
3685 3478 3784 3546 τὴν

2203 3565 2526 3633 συνεκτικὴν
2583 3567 2896 3634 ἐπιστήμην
2942 3563 3051 3616 τῶν
3091 3567 3523 3635 ἐπεγνωσμένων
3576 3567 3623 3598 ⁸⁸
3655 3583 3670 3598 ο
3717 3566 3782 3620 δι’

2200 3650 2267 3726 ἦς
2319 3659 2490 3710 πᾶσαι
2535 3655 2642 3708 τῶν
2694 3655 2892 3709 ὑλικῶν
2922 3659 2979 3710 αί
3025 3657 3231 3721 εἰκόνες
3257 3659 3354 3727 τῆς
3380 3659 3559 3730 ψυχῆς
3595 3657 3783 3711 ἐκδιώ-

2200 3766 2406 3803 κονται.

2287 3925 2349 3976 Ἠ
2382 3923 2438 3976 δὲ
2473 3922 2678 3984 κλεῖσις
2706 3923 2813 3974 τῶν
2853 3921 3056 3992 θυρῶν,
3096 3924 3190 3976 καὶ
3238 3926 3272 3994 ὴ
3311 3925 3419 3978 τῶν
3460 3928 3632 3996 ἁγίων
3678 3947 3780 3999 μυ·

2203 4016 2444 4085 στηρίων
2465 4013 2688 4079 εἴσοδος,
2718 4014 2812 4065 καὶ
2842 4015 2869 4067 ὁ
2898 4012 3040 4076 θεῖος
3089 4016 3400 4086 ἀσπασμὸς,
3457 4021 3552 4072 καὶ
3601 4023 3634 4089 ὴ
3689 4020 3780 4074 τοῦ

2205 4111 2479 4178 συμϐόλου
2523 4110 2621 4179 τῆς
2669 4109 2904 4171 πίστεως
2935 4108 3262 4179 ὲκφώνησις,
3297 4113 3532 4180 γενικῶς
3565 4115 3664 4183 μὲν
3693 4116 3783 4185 δη.

2203 4202 2288 4254 λοῖ
2325 4203 2422 4272 τὴν
2452 4201 2559 4254 τῶν
2587 4199 2863 4270 αἰσθητῶν
2889 4201 3142 4271 πάροδον,
3185 4203 3279 4255 καὶ
3308 4205 3408 4273 τὴν
3435 4206 3544 4258 τῶν
3579 4209 3781 4277 νοητῶν

2206 4293 2532 4361 φανέρωσιν,
2571 4291 2666 4343 καὶ
2717 4291 2816 4360 τὴν
2870 4290 3061 4359 καινὴν
3112 4292 3206 4344 τοῦ
3263 4295 3392 4364 περὶ
3441 4297 3589 4366 ἡμᾶς
3639 4299 3780 4352 θείου

2207 4382 2510 4454 μυστηρίου
2543 4380 2790 4450 διδαχὴν,
2846 4382 2940 4434 καί
2987 4380 3082 4452 τὴν
3135 4383 3272 4451 πρὸς
3311 4384 3520 4450 πάντας
3564 4390 3783 4442 πάντων

2200 4474 2426 4536 ἑαυτούς
2478 4490 2536 4526 τε
2582 4474 2676 4526 καὶ
2705 4473 2798 4526 τὸν
2830 4473 2964 4526 Θεὸν
3001 4476 3375 4546 γενησομένην
3403 4477 3659 4546 ὁμονοίας
3693 4483 3784 4535 καὶ

2198 4566 2660 4638 ὁμογνωμοσύνης
2700 4569 2792 4620 καὶ
2834 4568 3057 4638 ἀγάπης
3085 4569 3410 4638 ταυτότητα,
3442 4571 3538 4624 καὶ
3573 4574 3672 4641 τὴν
3698 4573 3780 4640 ἐφ’

2199 4653 2281 4720 οἷς
2310 4657 2598 4728 ἐσώθημεν
2625 4657 2848 4728 τρόποις
2881 4659 3235 4728 εὐχαριστίαν
3261 4676 3276 4690 ο
3309 4661 3494 4725 ἰδικῶς
3541 4663 3620 4725 δὲ,
3677 4665 3783 4718 τῶν

2205 4749 2305 4818 μὲν
2339 4747 2550 4800 πιστῶν
2576 4748 2678 4817 τὴν
2711 4748 2820 4801 ἀπὸ
2845 4751 2944 4819 τῆς
2977 4750 3156 4822 ἁπλῆς
3199 4752 3436 4815 πίστεως
3471 4755 3552 4816 εἰς
3590 4755 3690 4826 τὴν
3729 4759 3783 4809 ὲν

2201 4840 2436 4910 δόγμασι
2481 4838 2703 4909 διδαχὴν
2750 4839 2847 4892 καὶ
2903 4841 3130 4911 μύησιν,
3179 4845 3274 4896 καὶ
3333 4845 3648 4914 ὁμοφωνίαν
3693 4848 3783 4899 καὶ

2203 4931 2507 4993 εὐσέϐειαν,
2545 4931 2829 5000 προκοπήν
2857 4946 2874 4963 ο
2895 4933 2958 4984 τὸ
2985 4933 3095 5002 γὰρ
3122 4934 3359 5005 πρῶτον,
3393 4938 3424 5006 ὴ
3454 4937 3566 4988 τῶν
3605 4937 3784 5007 θυρῶν

2201 5023 2352 5092 δηλοῖ
2390 5022 2612 5085 κλείσις.
2645 5021 2717 5073 Τὸ
2746 5021 2999 5092 δεύτερον
3021 5024 3096 5088 δὲ,
3131 5026 3163 5095 ὴ
3197 5025 3303 5078 τῶν
3349 5027 3523 5095 ἀγίων
3550 5028 3783 5091 εἴσοδος·

2201 5115 2264 5167 τὸ
2295 5113 2351 5166 δὲ
2377 5115 2581 5184 τρίτον,
2605 5115 2633 5167 ὁ
2656 5114 2946 5182 ἀσπασμός
2979 5128 2993 5143 ⁶
3019 5117 3116 5167 καὶ
3147 5115 3208 5169 τδ
3234 5117 3516 5188 τέταρτον,
3550 5121 3583 5188 ὴ
3607 5120 3786 5187 ἐκφω-

2205 5223 2359 5274 νησις
2387 5203 2480 5258 τοῦ
2513 5203 2736 5258 σοϐὁλου
2763 5219 2776 5233 ⁸
2805 5203 2913 5256 τῶν
2937 5204 2994 5257 δὲ
3020 5207 3357 5276 πρακτικῶν,
3388 5209 3488 5278 τὴν
3512 5209 3623 5262 ἀπὸ
3649 5210 3782 5278 «pd-

2207 5300 2343 5363 ξεως
2380 5299 2460 5362 εἰς
2506 5296 2740 5367 θεωρίαν
2789 5297 3076 5367 μυσάντων
3109 5297 3208 5359 τὰς
3242 5298 3527 5367 αἰσθήσεις
3557 5300 3654 5354 καὶ
3685 5300 3787 5365 ἔξω

2208 5389 2410 5458 σαρκὸς
2437 5388 2532 5442 καὶ
2562 5388 2768 5458 κόσμου
2789 5387 3104 5457 γενομένων
3123 5389 3210 5443 διὰ
3247 5389 3344 5459 τῆς
3369 5390 3650 5463 ἀποϐολῆς
3682 5391 3788 5444 τῶν

1797 5545 2026 5601 VARI/[‘3
2067 5544 2473 5599 LECTIONES.

595 5658 640 5689 ⁸⁵
668 5659 756 5711 l"r.
800 5657 1037 5709 πάντων.
1113 5661 1154 5693 ⁵⁸⁷
1194 5660 1558 5712 πιστευόντων
1589 5659 1650 5713 C.
1699 5658 1762 5713 A.
1797 5669 1850 5714 et
1882 5660 1967 5712 l-‘r.

2069 5659 2112 5690 "'
2145 5659 2502 5728 ἐγνωσμένων
2533 5658 2591 5711 C.
2625 5659 2687 5710 Α.
2727 5666 2780 5710 et
2803 5657 2892 5709 Fr.
