4068 6142
376 262 482 331 709

1757 263 2260 326 MYSTAGOGIA.

3537 268 3645 333 ’110

378 377 501 433 κατ’
522 373 691 438 αὐτὰς
710 373 1020 445 ἐνεργειῶν,
1056 372 1378 444 μετάθεσιν,
1437 373 1530 426 καὶ
1572 373 1672 445 τὴν
1720 375 1962 447 ἀπὸτοῦ

2069 374 2186 448 (ubi
2214 389 2408 430 sensus
2454 375 2810 443 occluserint,
2846 391 3055 432 necnon
3111 393 3296 447 carne,
3330 385 3647 454 mundoque

373 468 580 536 τρόπου
609 465 718 518 τῶν
748 463 985 517 ἐντολῶν
1020 465 1100 527 είς
1127 463 1225 518 τὸν
1252 463 1411 531 λόγον
1440 462 1619 518 αὐτῶν
1652 465 1917 518 ἀνάϐασιν
1951 483 1965 496 ·

376 559 473 611 καὶ
522 557 622 625 τὴν
663 551 846 609 αὐτῶν
886 555 996 607 τῶν
1022 551 1254 606 ἐντολῶν
1274 552 1420 606 κατὰ
1441 551 1571 615 τοὺς
1604 553 1839 617 οἰκείους
1875 555 1968 607 λό.

374 663 510 715 γους
566 642 803 714 συγγενῆ
855 642 994 714 πρὸς
1021 642 1120 706 τὰς
1148 641 1406 712 δυνάμεις
1429 642 1530 712 τῆς
1559 642 1740 714 ψυχῆς
1769 644 1969 698 οἰκειύο

374 733 516 805 τητά
539 750 598 786 τε
634 732 733 785 καί¹
763 731 980 792 ἕνωσιν,
1013 731 1111 784 καὶ
1149 731 1251 802 τὴν
1288 730 1426 801 πρὸς
1454 731 1774 803 θεολογικὴν
1800 733 1967 804 εὐχα-

377 825 590 898 ριστίαν
621 824 929 895 ἐπιτήδειον
948 823 1065 889 ἕξιν
1097 839 1110 854 ·
1133 822 1244 877 τῶν
1264 822 1321 875 δὲ
1355 824 1693 892 γνωστικῶν,
1730 824 1828 896 τὴν
1853 825 1963 879 ἀπὸ

374 917 474 986 τῆς
504 917 741 986 φυσικῆς
767 916 1002 986 θεωρίας
1048 917 1132 978 είς
1159 916 1261 986 τὴν
1287 914 1396 969 τῶν
1423 915 1630 986 νοητῶν
1653 916 1831 987 ἁπλῆν
1859 934 1962 970 κα-

374 1008 633 1079 τανόησιν
664 1023 680 1039 ο
714 1006 838 1060 καθ’
866 1006 935 1077 ἠν
966 1006 1218 1076 οὐδαμῶς
1238 1006 1313 1059 δι’
1362 1007 1667 1078 αἰσθήσεως
1721 1008 1755 1077 ἦ
1816 1025 1957 1071 τινος

373 1098 487 1151 τῶν
516 1097 862 1169 φαινομένων
885 1096 967 1149 ἐτι
991 1097 1083 1150 τὸν
1113 1097 1256 1151 θεῖον
1288 1098 1383 1151 καὶ
1418 1098 1673 1169 ἄρρητον,
1701 1098 1964 1168 μεταδιώ-

375 1207 535 1244 κουσι
590 1189 750 1259 λόγον
776 1206 792 1220 ο
846 1190 940 1243 καὶ
989 1188 1090 1260 τὴν
1146 1189 1284 1259 πρὸς
1324 1191 1424 1261 τὴν
1450 1189 1629 1261 ψυχὴν
1651 1190 1761 1243 τῶν
1789 1192 1964 1261 αὐτῆς

375 1281 658 1351 δυνάμεων
700 1281 916 1345 ἐνωσιν,
974 1281 1069 1334 καὶ
1118 1276 1219 1350 τὴν
1247 1280 1387 1333 κατὰ
1409 1280 1535 1333 νοῦν
1562 1281 1808 1344 ἐνοειδῶς
1837 1282 1964 1335 συλ-

377 1372 763 1443 λαμϐάνουσαν
795 1372 897 1425 τὸν
916 1371 1014 1441 τῆς
1055 1370 1313 1442 προνοίας
1339 1371 1495 1440 λόγον
1527 1371 1829 1442 ἁπλότητα.

2054 482 2260 521 eorum
2305 468 2532 539 abiectis
2563 470 2978 539 operationibus
3014 473 3372 543 excesserint)
3407 486 3645 532 transla-

2067 559 2308 625 tionem;
2330 574 2741 631 ascensumque
2769 577 2801 616 a
2826 562 3208 619 mandatorum
3239 567 3424 633 modo,
3456 570 3523 625 ad
3547 586 3648 625 eo-

2064 665 2189 704 rum
2216 654 2523 719 rationem;
2548 668 2765 708 necnon
2813 654 3056 724 ipsorum
3087 657 3470 713 mandatorum
3489 662 3644 732 juxta

2063 741 2320 810 proprias
2364 744 2608 800 rationes
2652 744 2871 800 afﬁnem
2917 762 3043 802 cum
3074 749 3271 805 anima;
3302 751 3517 806 viribus
3544 769 3645 807 ne-

2062 831 2462 888 cessitudinem
2498 849 2563 889 ac
2607 836 2943 904 unitionem;
2975 846 3272 909 aptumque
3299 840 3543 895 habitum
3577 843 3645 897 ad

2065 937 2210 988 eam,
2257 940 2378 995 quae
2415 941 2487 981 ex
2526 928 2810 1000 theologiae
2842 930 3054 986 ratione
3083 941 3187 998 est,
3216 935 3511 1004 gratiarum
3552 952 3646 990 ac-

2065 1013 2276 1069 tionem
2303 1032 2316 1069 :
2341 1031 2534 1072 eorum
2558 1034 2691 1073 vero
2727 1020 2820 1090 qui
2857 1023 3178 1091 sapientiam
3217 1039 3281 1080 ac
3304 1028 3648 1097 contempla-

2069 1103 2299 1169 tionem,
2334 1122 2366 1161 a
2402 1110 2638 1164 naturali
2685 1112 3060 1179 speculatione
3105 1114 3175 1168 ad
3221 1114 3649 1187 iutelligiitilium

2064 1193 2375 1264 simplicem
2410 1200 2612 1254 mentis
2654 1200 3185 1269 considerationem;
3233 1221 3341 1275 qua
3384 1222 3494 1261 non
3531 1223 3651 1262 am-

2070 1284 2216 1354 plius
2249 1301 2511 1342 sensuum
2560 1305 2761 1359 opera,
2815 1292 3049 1348 uiliusve
3098 1308 3289 1348 eorum
3340 1311 3476 1365 ope,
3527 1314 3651 1367 quae

2071 1385 2201 1431 sum
2228 1378 2407 1435 oculis
2434 1381 2756 1450 conspicua,
2792 1382 3033 1437 divinam
3085 1400 3448 1456 arcanumque
3475 1388 3650 1442 ratio-

375 1479 502 1519 nem
552 1471 998 1534 persequuntur;
1045 1461 1241 1515 animae
1286 1461 1417 1516 item
1461 1463 1787 1518 facultatum
1834 1477 1960 1517 cum
1997 1462 2115 1534 ipsa
2144 1467 2480 1537 unitionem;
2547 1487 2669 1526 eam
2733 1472 2971 1544 denique
3000 1490 3123 1544 quae
3155 1476 3339 1531 animo
3362 1478 3652 1532 uniformi—

378 1565 463 1613 ter
486 1554 850 1626 providentia:
897 1552 1168 1607 rationem
1194 1553 1597 1623 complectitur,
1639 1554 2070 1624 simplicitatem.

459 1645 527 1700 'H
556 1645 613 1700 δέ
639 1645 737 1699 τοῦ
765 1642 1064 1714 Τρισαγίου
1085 1642 1362 1706 ἄπαυστος
1381 1643 1492 1695 τῶν
1516 1644 1685 1711 ἁγίων
1716 1645 1965 1712 ἀγγέλων

2139 1640 2364 1720 Trisagii
2405 1651 3153 1726 exclamatio.—lrrequieta
3203 1666 3386 1714 autem
3436 1674 3653 1720 sancto-

378 1734 681 1808 ἁγιαστικὴ
709 1732 1014 1801 δοεολογία,
1048 1731 1284 1801 γενικῶς
1314 1732 1413 1802 μὲν
1441 1733 1698 1804 σημαίνει
1723 1732 1820 1804 τὴν
1842 1733 1960 1804 ἃμα

375 1847 435 1884 τε
464 1827 561 1883 καὶ
589 1829 647 1881 ἐν
663 1826 846 1897 ταύτῷ
863 1824 1241 1896 γενησομένην
1260 1825 1401 1879 κατά
1419 1825 1510 1878 τὸν
1528 1826 1700 1880 αἰῶνα
1717 1826 1810 1879 τὸν
1832 1827 1962 1896 μέλ-

375 1922 536 1975 λοντα
560 1920 671 1973 τῶν
694 1917 966 1989 οὐρανίων
989 1916 1083 1969 καὶ
1107 1913 1367 1983 ἐπιγείων
1393 1914 1677 1984 δυνάμεων
1705 1915 1826 1983 ίσην
1867 1917 1961 1968 καὶ

379 2010 657 2066 πολιτείαν
712 2009 805 2063 καὶ
867 2005 1090 2077 ἀγωγὴν
1138 2004 1235 2057 καί⁸
1283 2005 1603 2075 συμφωνίαν
1656 2005 1757 2073 τῆς
1813 2003 1962 2068 θείας

376 2101 703 2170 δοξολογίας,
741 2095 1193 2159 άθανατισθέντος
1234 2096 1349 2158 τοῖς
1383 2093 1693 2166 ἀνθρώποις
1720 2093 1815 2147 τοῦ
1851 2093 1961 2147 σῶ-

383 2210 550 2265 ματος
587 2191 678 2244 διὰ
720 2188 824 2258 τῆς
874 2184 1244 2250 ἀναστάσεως,
1299 2187 1394 2239 καὶ
1440 2184 1638 2255 μηκέτι
1671 2183 1964 2255 βαροῦντος

378 2285 476 2356 τὴν
504 2282 684 2353 ψυχὴν
701 2282 770 2350 ττι
797 2278 993 2349 φθορᾷ.
1029 2277 1125 2330 και
1172 2277 1545 2349 βαρσυμένου·
1576 2277 1711 2331 ἀλλά
1747 2277 1836 2331 διὰ
1863 2278 1964 2348 τῆς

380 2376 462 2438 είς
492 2368 797 2442 ἀφθαρσίαν
850 2367 1091 2436 ἀλλαγῆς
1151 2367 1289 2438 πρὸς
1332 2366 1599 2438 ὑποδοχὴν
1660 2368 1965 2440 παρουσίας

375 2462 515 2517 Θεοῦ
566 2461 820 2524 λαϐόντος
852 2460 946 2512 καὶ
976 2459 1206 2529 δύναμιν
1231 2458 1329 2511 καὶ
1359 2458 1774 2530 ἐπιτηδειότητα
1806 2475 1821 2491 ·
1862 2459 1962 2514 ιδι-

374 2548 493 2617 κῶς
534 2552 611 2617 δέ,
669 2551 778 2605 τῶν
834 2551 935 2621 μὲν
965 2549 1174 2602 πιστῶν
1200 2550 1302 2619 τὴν
1349 2549 1486 2621 πρὸς
1528 2551 1796 2618 ἀγγέλους
1820 2551 1965 2605 κατὰ

374 2641 475 2712 τὴν
522 2639 706 2694 πίστιν
734 2638 1051 2710 θεολογικὴν
1072 2639 1305 2709 ἅμιλλαν
1337 2657 1352 2670 ο
1385 2640 1494 2694 τῶν
1526 2640 1583 2695 δὲ
1617 2641 1961 2710 πρακτικῶν,

369 2734 485 2806 τὴν
509 2731 817 2802 ίσάγτελον,
842 2730 918 2795 ὡς
945 2731 1165 2800 ἐφικτὸν
1192 2732 1525 2804 ἀνθρώποις,
1561 2734 1705 2788 κατὰ
1726 2735 1818 2790 τὸν
1850 2736 1964 2806 βίον

369 2823 759 2895 λαμπρότητα,
795 2822 889 2875 καὶ
925 2822 1023 2893 τὴν
1049 2823 1294 2876 εὐτονίαν
1320 2824 1420 2893 τῆς
1450 2823 1772 2896 θεολογικῆς
1800 2827 1966 2896 ὑμνο-

372 2914 562 2983 .λογίας
599 2931 614 2946 ·
676 2914 787 2968 τῶν
830 2915 905 2991 δὲ.
941 2914 1282 2982 γνωστικῶν,
1318 2915 1417 2978 τὰς
1473 2916 1792 2984 ἰσαγγέλους
1819 2919 1963 2972 κατὰ

374 3007 441 3061 τὸ
476 3006 704 3061 δυνατὺν
752 3004 1064 3076 ἀνθρώποις
1099 3007 1229 3078 περὶ
1261 3006 1517 3079 θεότητος
1537 3009 1750 3079 νοήσεις
1772 3024 1834 3062 τε
1869 3009 1963 3065 καὶ
1990 3000 2034 3058 C

382 3096 643 3169 ὑμνήσεις
677 3096 770 3150 καὶ
811 3095 1175 3169 άεικινησίας.

462 3377 528 3432 Ἥ
556 3377 613 3432 δὲ
640 3377 887 3450 μακαρία
915 3376 1008 3431 τοῦ
1038 3378 1276 3448 μεγάλου
1295 3378 1432 3432 Θεοῦ
1462 3379 1557 3433 καὶ
1587 3379 1802 3450 Πατρὸς
1835 3380 1961 3434 ἐπί-

380 3469 592 3541 κλησις,
634 3469 787 3539 καὶὴ
819 3467 937 3533 τοῦ,
966 3464 1070 3534 Εἷς
1107 3467 1295 3539 ἅγιος,
1335 3468 1428 3522 καὶ
1461 3469 1571 3522 τῶν
1611 3469 1739 3539 ἑξῆς
1775 3470 1959 3541 ἐκφὼ-

380 3575 536 3631 νησις
565 3575 582 3591 ·
632 3559 730 3612 καὶ
769 3559 802 3628 ή
851 3558 960 3611 τῶν
1003 3558 1177 3626 ἁγίων
1204 3560 1298 3612 καὶ
1340 3558 1619 3623 ζωοποιῶν
1648 3561 1965 3633 μυστηρίων

382 3650 707 3721 μετάληψις,
733 3651 833 3722 τὴν
863 3650 957 3702 ἐπὶ
986 3651 1121 3703 πᾶσι
1152 3651 1250 3704 καὶ
1276 3650 1371 3704 ἐπὶ
1397 3650 1617 3704 πάντων
1644 3651 1753 3706 τῶν
1795 3652 1963 3718 ἀξίων

380 3741 649 3812 ἐσομένην
690 3740 779 3795 διὰ
818 3740 915 3811 τὴν
960 3740 1277 3811 ἀγαθότητα
1309 3740 1403 3794 τοῦ
1435 3741 1571 3795 Θεοῦ
1599 3743 1758 3812 ἡμῶν
1784 3744 1963 3798 υίοθε-

382 3831 539 3894 σίαν,
601 3830 792 3885 ἕνωσίν
858 3847 919 3883 τε
975 3832 1070 3884 καὶ
1121 3831 1462 3902 οἰκειότητα,
1521 3832 1616 3885 καὶ
1671 3834 1964 3906 ὁμοιότητα

381 3921 532 3976 θείαν
558 3922 651 3976 καὶ
688 3922 882 3976 θέωσιν
909 3921 1060 3991 δηλοῖ
1080 3939 1094 3955 ο
1124 3922 1193 3976 δι’
1216 3917 1284 3993 ἦς
1323 3923 1502 3979 πάντα
1539 3925 1598 3978 ἐν
1625 3926 1790 3979 πᾶσιν
1811 3926 1964 3980 ἔσται

380 4014 513 4076 τοῖς,
538 4010 868 4083 σωζομένοις
908 4012 1071 4075 αὐτὸς
1104 4013 1133 4065 ό
1186 4012 1340 4079 Θεὸς,
1375 4013 1577 4084 ὁμοίως
1601 4031 1615 4046 ο
1656 4014 1732 4079 ὡς
1768 4016 1975 4082 κάλλος,

379 4101 692 4173 ἀρχέτυπον
723 4102 847 4158 κατ’
881 4104 1060 4158 αἰτίαν
1101 4103 1400 4174 ἐμπρέπων
1424 4106 1537 4165 τοῖς
1564 4105 1714 4177 αὐτῷ
1740 4106 1806 4160 δι’
1831 4108 1964 4179 ἀρε-

379 4192 484 4264 τῆς
505 4194 602 4247 καὶ
628 4195 881 4262 γνώσεως
913 4194 1053 4247 κατὰ
1070 4194 1231 4277 χάριν
1258 4194 1455 4265 ὁμοίως
1487 4197 1890 4267 συμπρέπουσι,

480 4368 502 4401 ⁸
529 4367 759 4433 Πιστοὺς
781 4368 837 4421 δὲ
860 4368 955 4421 καὶ
977 4369 1268 4440 ἐναρέτους
1289 4371 1383 4424 καὶ
1401 4374 1735 4438 γνωστικοὺς
1759 4374 1962 4440 ἐκάλει,

378 4458 510 4520 τοὺς
565 4459 954 4530 εἰσαγομένους
1011 4459 1108 4512 καὶ
1134 4458 1262 4523 τοὺς
1282 4460 1692 4531 προκόπτοντας
1718 4463 1813 4516 καὶ
1844 4465 1970 4528 τοὺς

380 4544 657 4611 τελείους,
682 4546 853 4617 ἧγουν
888 4546 1106 4610 δούλους
1144 4548 1238 4601 καὶ
1270 4548 1519 4619 μισθίους
1547 4550 1641 4604 καὶ
1666 4552 1836 4615 υίούς·
1870 4552 1973 4617 τὰς

380 4640 531 4708 τρεῖς
553 4636 736 4701 τάξεις
755 4637 863 4691 τῶν
889 4638 1234 4708 σωζομένων.
1266 4638 1450 4693 Δοῦλοι
1471 4641 1580 4710 γάρ
1609 4642 1737 4708 είσι,
1766 4643 1969 4710 πιστοὶ,

381 4728 434 4781 oi.
469 4727 620 4798 φόϐῳ
647 4728 753 4781 τῶν
777 4729 1161 4799 ἢπειλημένων
1196 4730 1599 4803 ἐκπληροῦντες
1638 4732 1731 4786 τοῦ
1774 4735 1968 4789 δεσπό-

382 4834 477 4873 του
500 4820 597 4882 τὰς
616 4819 853 4881 ἐντολὰς,
879 4821 1103 4884 καὶτοῖς
1123 4823 1489 4876 πιστευθεῖσιν
1512 4823 1771 4882 εὐνοϊκῶς
1792 4826 1958 4896 ἐπερ-

382 4910 678 4982 γαζόμενοι
701 4928 715 4943 ·
760 4913 965 4983 μίσθιοι
1017 4914 1094 4976 δὲ,
1143 4916 1191 4968 οί
1226 4915 1376 4987 πόθῳ
1402 4916 1511 4969 τῶν
1541 4918 1964 4989 ἐπηγγελμένων

383 5001 606 5070 ἀγαθῶν
642 5002 1002 5074 βαστάζοντες
1048 5004 1167 5075 μεθ’
1222 5007 1500 5079 ὑπομονῆς
1545 5009 1607 5061 τὸ
1663 5009 1827 5080 βάρος
1864 5012 1964 5082 τῆς

385 5094 600 5166 ἡμέρας
641 5096 736 5149 καὶ
780 5097 869 5150 τὸν
924 5096 1189 5150 καύσονα⁶’
1250 5099 1520 5166 τουτέστι,
1566 5101 1669 5173 τὴν
1722 5103 1963 5173 ἔμφυτον

344 5197 350 5203 ’
386 5184 483 5238 καὶ
507 5182 943 5257 συνεζευγμένην
970 5191 1035 5258 τῇ
1068 5187 1317 5265 παρούσῃ
1340 5190 1452 5261 ζωῇ
1500 5193 1567 5246 ἐκ
1612 5196 1712 5264 τῆς
1748 5212 1959 5268 προπα-

382 5273 613 5346 τορικῆς
650 5277 947 5345 καταδίκης
980 5278 1176 5345 (Mei/tv,
1229 5283 1322 5333 καὶ
1367 5285 1494 5342 τοὺς
1535 5283 1621 5336 ἐπ’
1649 5284 1784 5355 αὐτῇ
1818 5284 1959 5361 ὑπὲρ

2066 1755 2188 1794 rum
2253 1744 2574 1813 angelorum
2635 1746 2983 1804 sanctiﬁcans
3020 1749 3252 1822 Trisagii
3303 1753 3648 1823 gloriﬁcatio,

2067 1832 2398 1900 generaliter
2430 1834 2653 1903 quidem
2703 1835 2995 1906 signiﬁcat,
3034 1839 3195 1894 simul
3225 1842 3539 1915 pariterque
3567 1847 3653 1901 fu-

2070 1931 2251 1977 turam
2276 1924 2333 1978 in
2366 1927 2566 1981 saeculo
2585 1934 2842 1991 venturo,
2866 1930 3176 1986 caelestium
3208 1948 3273 1987 ac
3307 1941 3649 1993 terrestrium

2066 2013 2357 2080 virtutum,
2387 2030 2577 2084 parem
2600 2017 2728 2072 vitae
2757 2018 3025 2075 rationem
3049 2036 3115 2075 ac
3142 2023 3542 2083 institutionem
3567 2031 3652 2084 di-

2066 2103 2319 2175 vinaeque
2342 2105 2754 2175 gloriﬁcationis
2772 2124 3070 2166 consonam
3091 2129 3304 2181 vocem,
3333 2118 3651 2177 hominibus

2068 2209 2170 2265 per
2200 2196 2665 2253 resurrectionem
2697 2199 2994 2257 immortali
3026 2218 3257 2275 corpore
3277 2209 3523 2280 donatis;
3558 2216 3650 2269 tali

2069 2285 2303 2350 scilicet,
2337 2295 2399 2341 ut
2423 2304 2532 2343 non
2563 2290 2820 2359 amplius,
2852 2308 2960 2363 qua
2990 2294 3170 2365 ipsum
3200 2301 3466 2369 gravitate
3497 2304 3651 2359 labo-

2069 2384 2176 2443 rat,
2224 2389 2415 2450 gravet
2465 2382 2703 2438 animam
2745 2387 3123 2457 corruptione,
3179 2389 3275 2446 sed
3317 2404 3649 2451 commutata

2069 2468 2506 2542 incorruptione,
2537 2475 2604 2529 ad
2634 2476 2727 2531 Dei
2759 2478 3166 2549 suscipiendum
3210 2482 3502 2541 adventum
3538 2491 3649 2543 vim

2070 2560 2547 2635 aptitudinemque
2582 2566 2871 2624 obtineat:
2901 2572 3122 2641 proprie
3166 2583 3372 2642 autem,
3406 2577 3651 2634 ﬁdelium

2069 2652 2293 2719 quidem
2328 2669 2453 2709 cum
2499 2659 2708 2729 angelis
2741 2660 3106 2732 theologicum
3162 2666 3288 2721 ﬁdei
3337 2677 3651 2738 certamen;

2069 2755 2263 2797 eorum
2291 2744 2475 2800 autem
2507 2748 2601 2817 qui
2632 2750 2820 2806 colunt
2865 2753 3158 2820 actionem,
3204 2774 3516 2831 comparem
3558 2779 3656 2817 an-

2070 2833 2227 2902 gelis,
2254 2836 2436 2904 quoad
2469 2838 2679 2894 homini
2724 2856 3048 2899 concessum
3092 2857 3195 2911 est,
3234 2852 3356 2905 vita:
3398 2854 3654 2922 splendo-

2070 2937 2188 2978 rem
2213 2934 2647 2999 contentumque
2668 2931 2889 2989 deitatis
2912 2935 3199 2994 laudanda:
3222 2942 3464 2997 studium
3489 2955 3653 3015 atque

2065 3014 2349 3083 ardorem;
2385 3033 2579 3074 eorum
2624 3038 2756 3078 vero
2800 3026 2894 3095 qui
2931 3030 3255 3099 sapientiam
3302 3051 3367 3090 ac
3409 3048 3655 3093 contem-

2064 3104 2385 3173 plationem,
2437 3125 2596 3180 pares
2653 3114 2884 3185 angelis,
2926 3129 3192 3188 quantum
3254 3123 3360 3179 fert
3413 3126 3653 3184 humana

2064 3194 2332 3262 conditio,
2357 3196 2426 3252 de
2453 3199 2660 3257 deitate
2695 3205 3057 3275 cogitationes
3081 3225 3144 3264 ac
3164 3212 3398 3280 cantica,
3423 3230 3485 3269 ac
3506 3217 3653 3287 jngis

2062 3292 2248 3339 motus
2275 3286 2622 3357 agitationes.

2133 3374 2298 3431 Beata
2327 3387 2510 3434 autem
2532 3384 2715 3453 magni
2736 3385 2835 3440 Dei
2853 3401 2918 3443 ac
2937 3387 3117 3444 Patris
3142 3389 3450 3462 invocatio;
3478 3396 3653 3455 illius,

2062 3478 2191 3534 que,
2229 3467 2374 3522 Unus
2410 3480 2647 3537 sanctus,
2680 3479 2737 3527 et
2771 3490 2895 3544 qua:
2933 3488 3262 3548 sequuntur,
3294 3484 3650 3555 exclamatio;

2064 3565 2495 3630 sanctorumque
2529 3577 2595 3617 ac
2642 3564 2987 3621 viviticorum
3030 3572 3414 3640 mysteriorum
3462 3591 3653 3645 perce-

2063 3647 2201 3716 ptio,
2226 3658 2351 3718 post
2374 3652 2580 3717 omnia,
2620 3652 3079 3724 inque’omnibus
3109 3661 3310 3732 dignis,
3342 3665 3438 3720 Dei
3473 3671 3650 3724 nostri

2064 3737 2403 3810 benignitate
2452 3742 2692 3799 futuram
2735 3747 3104 3818 adoptionem,
3139 3755 3556 3831 unitionemque
3587 3778 3653 3818 ac

2064 3830 2530 3900 conjunctiimem,
2565 3834 2919 3908 divinamque
2946 3841 3361 3904 similitudinem
3397 3868 3461 3907 ac
3488 3854 3649 3909 deiﬁ-

2065 3922 2338 3978 cationem
2377 3923 2536 3997 523
2567 3928 2876 3999 declarant;
2901 3933 2956 3988 vi
2990 3939 3148 4008 cujus
3196 3940 3313 4008 ipse
3348 3943 3494 4000 Deus
3534 3963 3652 4002 om-

2064 4012 2157 4067 nia
2184 4013 2241 4067 in
2266 4015 2526 4071 omnibus
2555 4019 2831 4077 similibus
2864 4024 3040 4080 salute
3070 4027 3341 4086 donandis
3380 4036 3509 4103 erit,
3546 4054 3649 4094 ceu

2064 4103 2406 4172 primitivum
2435 4106 2604 4165 decus
2634 4112 2939 4168 secundum
2970 4131 3150 4173 causa:
3190 4121 3457 4179 rationem
3485 4127 3541 4182 in
3569 4131 3650 4186 eis

2064 4210 2165 4264 per
2209 4196 2468 4254 virtutem
2513 4217 2578 4256 ac
2625 4204 2911 4261 scientiam
2943 4218 3231 4279 praestans,
3262 4215 3354 4284 qui
3395 4217 3652 4277 similiter

1994 4326 2039 4382 Β
2067 4300 2192 4340 cum
2226 4286 2293 4342 eo
2318 4298 2642 4358 praestantes
2672 4305 2836 4351 erunt
2863 4314 2964 4368 per
2991 4303 3243 4371 gratiam.

2139 4376 2312 4433 Porro
2343 4378 2555 4464 ﬁdeles,
2581 4384 2772 4440 virtuti
2811 4389 3026 4446 deditos
3057 4408 3121 4449 ac
3149 4396 3433 4454 scientiam
3468 4404 3651 4459 colen-

2067 4476 2171 4534 tes,
2202 4472 2456 4538 vocabat,
2505 4477 2599 4545 qui
2645 4478 2984 4536 inducuntur
3020 4486 3278 4557 velutque
3315 4492 3652 4551 rudimenta-

2065 4561 2199 4626 rios,
2244 4563 2598 4632 proﬁcientes
2646 4577 2809 4640 atque
2856 4575 3165 4643 perfectos;
3214 4580 3266 4634 id
3305 4592 3407 4648 est,
3440 4601 3646 4655 servos,

2067 4655 2471 4721 mercenarios,
2526 4657 2698 4725 ﬁlios;
2758 4668 2870 4717 tres
2917 4679 3114 4735 nempe
3157 4670 3383 4727 ordines
3424 4690 3646 4741 eorum,

2068 4742 2163 4810 qui
2193 4744 2371 4799 salute
2417 4746 2713 4804 donantur.
2761 4750 2916 4808 Servi
2958 4758 3104 4811 enim
3149 4771 3278 4816 sunt
3312 4763 3521 4833 ﬁdeles,
3553 4771 3646 4839 qui

2069 4830 2342 4886 minarum
2375 4845 2546 4899 metu,
2577 4837 2791 4894 Domini
2832 4846 3088 4902 mandata
3121 4850 3369 4921 implent,
3399 4865 3454 4910 ct
3483 4830 3651 4914 bene—

2070 4925 2191 4979 vole
2232 4942 2296 4982 ac
2337 4928 2576 4986 candore
2606 4933 2774 4988 animi
2824 4936 2877 4991 in
2925 4939 2993 5007 iis
3032 4957 3154 5012 qua:
3188 4944 3415 5003 fuerunt
3440 4953 3647 5008 credita

2068 5025 2382 5072 versantur.
2413 5020 2736 5078 Mercenarii
2766 5036 2971 5096 autem,
2998 5033 3093 5103 qui
3119 5034 3389 5093 bonorum
3418 5044 3652 5109 promis-

2067 5118 2255 5160 sorum
2281 5107 2587 5178 cupiditate
2626 5113 2816 5180 illecti,
2847 5133 2969 5173 cum
3001 5123 3266 5191 patientia
3290 5107 3504 5198 pondus
3539 5134 3648 5187 diei

2065 5204 2123 5250 et
2145 5207 2339 5253 aestum
2376 5210 2625 5271 portant;
2659 5220 2780 5260 eam
2808 5210 3020 5267 scilicet
3045 5229 3167 5284 qua:
3196 5230 3453 5285 concreta
3481 5235 3563 5278 est
3588 5241 3652 5281 ac

2067 5288 2298 5346 inolevit
2342 5293 2416 5357 ei,
2470 5311 2634 5364 quam
2680 5299 2894 5369 agimus
2935 5304 3082 5370 vitae,
3127 5310 3359 5378 exprimi
3406 5318 3653 5383 parentis

1665 5418 1898 5476 VARIJE
1939 5420 2342 5482 LECTIONES.

462 5504 512 5603 ξ’
544 5503 635 5558 Fr.
674 5503 870 5603 Πιστοὶ
897 5506 1142 5603 ἱνάρετοι
1169 5523 1182 5536 ·
1211 5510 1528 5575 γνωστικοί.
1562 5510 1925 5583 Εἰσαγόμενοι
1957 5531 1973 5547 ⁸
2011 5519 2423 5587 προκόπτοντες
2457 5540 2472 5555 ο
2509 5526 2728 5603 τέλειοι,
2766 5528 2975 5603 ,Δοῦλοι
3006 5546 3020 5562 δ
3070 5534 3276 5603 μίσθιοι
3309 5554 3322 5567 ο
3384 5540 3509 5596 υίοί.
3560 5543 3655 5599 Fi-

483 5591 530 5603 ιι-
582 5575 716 5603 ..ἔνου
745 5574 787 5603 ἕ.
813 5584 892 5603 ..ιιι
937 5585 1074 5603 δην..-
1141 5580 1401 5603 -.._.’-..a:_
1436 5592 1681 5603 ------,.--
1729 5592 1768 5603 -.
1816 5587 1881 5603 νγ·
1921 5586 1953 5603 ι.
2002 5586 2015 5603 ι
2245 5590 2276 5603 ιι
2412 5600 2420 5603 .
2500 5595 2532 5603 .-

2346 5572 2351 5573 γ
2374 5572 2383 5573 7
2402 5572 2419 5585 ν
2520 5572 2728 5581 ,__._,',.
2790 5572 2975 5581 _7.-.--uu
3116 5572 3276 5588 ιυνινν
3389 5572 3509 5596 υἱυιο
3585 5572 3593 5577 ⁷
3624 5574 3653 5587 -

388 5572 552 5637 dates,
569 5574 787 5673 girtutis
810 5572 1095 5642 studentes,
1136 5572 1402 5649 sapientia
1436 5592 1683 5636 vacantes
1710 5572 2112 5655 'et'spiritales';
2155 5590 2552 5659 rudimentarii,
2592 5597 2944 5667 proﬁcientes,
2982 5572 3214 5672 perfecti,
3251 5611 3406 5673 servi,
3455 5572 3653 5666 merit-:3-

390 5645 535 5699 uarii
563 5642 686 5711 ﬁlii.
