4068 6142
448 243 552 306 '7“

452 442 690 495 taliones
741 440 1077 503 obveniant;
1126 439 1330 507 quique
1384 440 1549 493 vitam
1592 443 1725 505 vita,
1770 444 2025 511 prwsenti

451 533 716 594 futuram,
751 546 849 599 per
872 530 1108 583 liberum
1142 531 1311 584 animi
1357 535 1718 601 propositum,
1753 535 2027 603 sapienter

450 628 805 675 commutant.
868 621 989 674 Filii
1051 621 1311 690 denique,
1362 623 1457 691 qui
1517 640 1696 692 neque
1753 625 2025 679 minarum

450 729 619 777 metu,
656 731 758 770 nec
803 716 1194 785 promissorum
1237 718 1565 786 cupiditate,
1596 720 1693 773 sed
1739 720 1901 773 modo
1935 721 2027 772 illo

442 825 512 861 ac
548 808 757 871 habitu,
803 823 913 876 quo
956 809 1010 861 in
1056 809 1261 862 bonum
1307 810 1711 879 honestumque
1756 828 2025 881 propensa

442 899 615 951 animi
647 898 923 950 voluntate
967 898 1218 963 tendunt,
1246 915 1275 951 a
1306 900 1418 953 Deo
1449 917 1728 970 nunquam
1770 918 2027 972 separan-

448 999 558 1054 tur,
589 991 739 1043 velut
776 990 919 1046 ﬁlius
955 990 1065 1053 ille,
1092 991 1160 1044 ad
1199 1007 1363 1060 quem
1406 992 1614 1046 dictum
1658 1004 1780 1047 est:
1810 994 1931 1055 Fili,
1969 1005 2025 1047 tu

436 1097 650 1149 semper
683 1098 882 1134 mecum
920 1098 993 1143 es,
1020 1090 1068 1133 et
1086 1084 1275 1136 omnia
1314 1100 1431 1136 mea
1487 1091 1578 1137 tua
1620 1094 1744 1137 sunt
1774 1085 1832 1149 ας
1865 1106 1883 1137 ι
1920 1087 2025 1142 hoc

448 1171 624 1241 ipsum
664 1189 762 1242 per
784 1172 1132 1242 adoptionem
1166 1173 1618 1247 [deiﬁcationem],
1647 1194 1768 1247 quae
1797 1185 1879 1231 est
1903 1193 2025 1246 gra-

448 1264 540 1329 tia,
589 1265 936 1329 exsistentes,
988 1266 1168 1334 quoad
1203 1268 1324 1335 ejus
1358 1282 1676 1321 concessum
1724 1279 1826 1332 est,
1875 1268 2025 1336 quod

445 1355 591 1408 Deus
618 1370 716 1423 per
745 1364 995 1409 naturam
1028 1364 1084 1409 et
1112 1371 1289 1410 causze
1331 1357 1597 1411 rationem
1632 1369 1751 1411 tum
1793 1369 1879 1413 est
1909 1369 2022 1413 tum

441 1445 690 1497 creditur
722 1460 861 1500 esse.

516 1534 923 1604 Frequentanda
972 1536 1403 1592 ecclesia.—Ne
1448 1553 1583 1609 ergo
1632 1556 1663 1594 a
1705 1550 1891 1596 sancta
1925 1540 2021 1595 Dei

445 1626 686 1680 Ecclesia
728 1628 921 1681 abesse
969 1628 1024 1681 in
1056 1628 1301 1682 animum
1334 1630 1679 1696 inducamus,
1708 1647 1831 1701 qua:
1873 1641 2019 1687 tanta

1602 244 1665 304 S.
1705 249 1991 306 ΜΛΧΙΜΙ
2016 249 2537 308 .CONFESSOIUS

453 360 630 415 reatu,
657 349 1034 409 aﬂlictionem,
1068 362 1132 401 ac
1158 363 1279 415 quae
1310 348 1435 404 inde
1468 350 1685 403 virtutis
1716 368 1878 405 causa
1912 361 2019 406 ten-

2130 357 2228 423 τῆς
2282 356 2485 423 ἀρετῆς
2542 357 2877 426 πειρασμούς
2911 374 2923 387 ·

3599 264 3718 321 712

2986 358 3079 411 καὶ
3128 357 3273 430 ζωῆς
3325 362 3470 431 ζωὴν
3525 368 3716 433 σοφῶς

2130 446 2247 496 κατ’
2303 447 2619 515 αὐθαίρετον
2673 449 2894 519 γνώμην
2915 451 3392 518 ἀνταλλάσσοντες,
3425 458 3526 525 τῆς
3565 474 3705 528 παρ-

2128 535 2294 605 ούσης
2345 537 2442 606 τὴν
2499 538 2818 608 μέλλουσαν.
2870 540 2991 593 Υἱοὶ
3029 542 3108 613 δε,
3161 543 3211 596 oi
3240 545 3375 614 μήτε
3415 546 3569 617 φόϐῳ
3597 548 3714 600 τῶν

2131 628 2533 697 ἡπειλημένων,
2568 631 2703 699 μήτε
2736 630 2885 700 πόθῳ
2929 631 3038 683 τῶν
3063 633 3484 704 ἐπηγγελμένων
3518 677 3534 699 ,
3571 639 3713 691 ἀλλά

2126 718 2314 787 τρόπῳ
2341 721 2434 772 καὶ
2465 718 2579 783 ἕξει
2606 724 2706 791 τῆς
2738 722 2874 792 πρὸς
2902 722 2962 774 τὸ
2988 723 3153 776 καλὸν
3183 726 3325 778 κατά
3350 727 3580 798 γνώμην
3606 732 3711 800 τῆς

2125 809 2302 879 ψυχῆς
2337 813 2511 880 ῥοπῆς
2540 828 2601 863 τε
2635 813 2728 865 καὶ
2760 812 3078 877 διαθέσεως,
3118 816 3388 884 μηδέποτε
3432 818 3528 871 τοῦ
3565 820 3709 874 θεοῦ

2126 902 2481 971 χωριζόμενοι
2506 919 2523 951 ‘.
2550 903 2671 957 κατ’
2698 904 2904 956 ἐκεῖνον
2928 905 3020 957 τὸν
3051 908 3185 968 υἱὸν,
3216 907 3351 976 πρὸς
3384 908 3444 961 ὃν
3464 911 3702 981 εἴρηται,

2133 990 2391 1058 Τέκνον,
2418 989 2498 1043 σὺ
2535 991 2792 1044 πάντοτε
2832 992 2959 1059 μετ’
3004 991 3154 1061 ἐμοῦ
3196 990 3269 1055 εἷ,
3321 994 3420 1047 καί
3466 996 3543 1048 τὰ
3588 998 3706 1066 ἐμὰ

2130 1080 2327 1132 πάντα
2359 1078 2444 1132 σά
2470 1080 2600 1134 ἐστι
2630 1097 2644 1111 ο
2679 1079 2838 1133 τοῦτο
2865 1082 3003 1135 κατὰ
3030 1083 3129 1151 τὴν
3172 1084 3229 1135 ὲν
3258 1084 3444 1153 χάριτι
3481 1084 3631 1139 θέσιν
3655 1088 3703 1118 ⁸⁸

2126 1170 2485 1239 ἐνδεχομένως
2521 1172 2875 1242 ὑπάρχοντες,
2908 1174 3043 1243 ὅπερ
3074 1176 3102 1226 ό
3130 1175 3261 1236 Θεὸς
3288 1176 3429 1228 κατὰ
3459 1176 3558 1246 τὴν
3593 1175 3693 1246 φύ-

2128 1278 2211 1313 σιν
2228 1262 2321 1312 καὶ
2350 1261 2526 1314 αἰτίαν
2555 1262 2648 1315 καὶ
2680 1261 2795 1315 ἔστι
2829 1264 2922 1316 καὶ
2953 1264 3286 1319 πιστεύεται.

2190 1530 2280 1601 Μὴ
2306 1531 2482 1583 τοίνυν
2511 1529 2926 1599 ἀπολειφθῶμεν
2946 1530 3049 1597 πῆς
3083 1527 3244 1596 ἁγίας
3277 1526 3368 1582 τοῦ
3396 1527 3530 1581 Θεοῦ
3596 1520 3708 1576 Ἐἰ-⁸

2125 1621 2375 1689 κλησίας,
2409 1618 2648 1671 τοσαῦτα
2672 1619 2812 1672 κατά
2840 1619 2940 1688 τὴν
2989 1617 3095 1671 τῶν
3143 1618 3482 1688 τελουμένων
3533 1618 3695 1673 θείων

447 1716 502 1768 in
548 1716 860 1770 divinorum
912 1717 1308 1787 symbolorum,
1355 1735 1476 1788 quae
1518 1722 1887 1787 celebrantur,
1940 1725 2018 1777 ri-

2129 1711 2411 1782 συμϐόλων
2438 1710 2597 1779 ἁγίαν
2627 1709 2870 1775 διάταξιν
2914 1712 3013 1780 τῆς
3058 1709 3330 1780 σωτηρίας
3378 1710 3539 1779 ἡμῶν
3596 1728 3695 1764 πε-

447 1817 711 1876 tuumque
740 1817 925 1861 sancta
953 1807 1317 1873 ordinatione,
1351 1812 1544 1866 salutis
1571 1822 1775 1867 nostra:
1816 1826 2018 1885 myste-

445 1899 523 1951 ria
549 1900 960 1967 complectitur;
983 1899 1184 1968 quibus
1215 1902 1432 1971 egregie
1457 1918 1730 1973 quemque
1767 1916 2017 1961 nostrum

443 1991 537 2059 qui
572 1992 736 2044 vitam
780 1992 982 2046 virtute
1029 1992 1290 2057 instituit,
1333 2009 1436 2062 pro
1479 2010 1546 2048 eo
1582 2012 1647 2050 ac
1676 1998 1854 2066 capit,
1889 2014 2020 2053 con-

444 2088 703 2133 sentanea
731 2080 950 2134 Christo
981 2081 1192 2136 ratione
1222 2081 1518 2149 fabricans,
1552 2087 1698 2155 quod
1746 2103 1847 2156 per
1889 2105 2017 2143 san-

444 2180 589 2224 ctum
616 2170 881 2239 baptisma
907 2171 960 2224 in
995 2170 1201 2240 Spiritu
1232 2184 1420 2229 sancto
1448 2174 1635 2230 datum
1658 2187 1742 2232 est
1773 2179 2021 2249 adoptio-

444 2263 529 2316 nis
559 2279 779 2343 munus,
806 2262 1131 2318 Christianis
1162 2265 1410 2321 moribus
1441 2267 1493 2320 in
1525 2268 1700 2337 palam
1726 2272 2014 2339 producit:

444 2352 537 2405 sed
569 2361 770 2421 quanta
802 2353 1051 2419 facultas,
1081 2356 1340 2425 omnique
1369 2357 1669 2427 diligentia,
1696 2360 1891 2431 dignos
1917 2377 2019 2419 nos

443 2444 645 2498 divinis
669 2446 990 2501 muneribus
1014 2447 1390 2511 exhibeamus,
1415 2464 1513 2517 per
1535 2450 1680 2506 bona
1708 2467 1874 2523 opera
1897 2454 2018 2524 pla-

444 2544 628 2588 centes
675 2534 820 2595 Deo;
870 2550 980 2589 non
1038 2547 1427 2591 conversantes
1474 2541 1609 2592 sicut
1655 2550 1853 2611 gentes,
1903 2559 2019 2612 qua:

444 2624 611 2677 Deum
652 2626 921 2694 ignorant,
952 2628 1007 2679 in
1036 2628 1277 2696 passione
1316 2628 1560 2683 desiderii
1593 2642 1615 2670 ο
1662 2648 1726 2686 ac
1752 2633 2014 2700 libidine;

445 2714 541 2768 sed
569 2716 714 2770 sicut
742 2716 819 2770 ait
847 2728 1067 2771 sanctus
1093 2718 1383 2785 Apostolus
1409 2738 1421 2772 :
1454 2720 1828 2788 Mortiﬁcantes
1858 2741 2020 2778 mem-

445 2809 538 2861 bra
576 2823 691 2877 qua:
730 2817 851 2860 sunt
890 2824 1047 2876 super
1084 2817 1302 2871 terram,
1340 2809 1760 2878 fornicationem,
1792 2815 2020 2868 immun-

447 2900 652 2962 ditiam,
683 2898 970 2963 libidinem,
1006 2901 1474 2967 concupiscentiam
1504 2903 1726 2967 malam,
1755 2913 1804 2957 et
1840 2909 2019 2959 avari-

2122 1802 2408 1873 ριεχούσης
2466 1802 2761 1872 μυστήρια,
2808 1799 2873 1853 δι’
2908 1794 2984 1854 ὧν
3035 1799 3265 1854 ἕκαστον
3320 1800 3477 1871 ἡμῶν
3517 1802 3698 1866 καλῶς

2123 1892 2356 1963 μάλιστα
2396 1892 2811 1961 πολιτευόμενον
2842 1890 3120 1958 ἀναλόγως
3156 1890 3334 1960 ἑαυτῷ
3382 1893 3523 1945 κατά
3563 1894 3697 1964 Χρι-

2121 1986 2245 2038 στὸν
2301 1983 2730 2055 δημιουργοῦσα,
2778 1984 2839 2036 τὸ
2894 1983 3047 2037 δοθὲν
3077 1984 3166 2037 διὰ
3197 1982 3290 2035 τοῦ
3314 1983 3470 2051 ἁγίου
3499 1984 3694 2052 βαπτίο

2123 2094 2324 2147 σματος
2354 2080 2410 2130 ὲν
2434 2076 2731 2145 Hveupath
2743 2075 2882 2143 ἁγίῳ
2906 2074 3150 2144 χάρισμα
3170 2076 3267 2143 τῆς
3295 2072 3584 2139 υἱοθεσίας,
3615 2076 3695 2138 είς

2121 2168 2428 2239 φανέρωσιν
2471 2167 2594 2234 ἄγει
2637 2166 2778 2219 κατά
2802 2164 3037 2235 Χριστὸν
3068 2163 3483 2234 πολιτευόμενον
3511 2180 3527 2195 ·
3559 2165 3697 2218 ἀλλὰ

2120 2260 2272 2331 πάσῃ
2308 2258 2535 2328 δυνάμει
2562 2274 2621 2310 τε
2649 2256 2745 2310 καὶ
2767 2256 2968 2327 σπουδῇ
3006 2256 3449 2326 παραστήσωμεν
3469 2257 3696 2319 ἑαυτοὺς

2119 2350 2301 2415 ἀξίους
2331 2348 2440 2402 τῶν
2478 2348 2639 2402 θείων
2693 2348 3064 2419 χαρισμάτων,
3121 2345 3187 2400 δι’
3239 2346 3417 2416 ἔργων
3471 2349 3696 2417 ἀγαθῶν

2119 2438 2547 2510 εὐαρεστοῧντας
2574 2437 2653 2507 τῷ
2681 2436 2800 2507 Θεῷ
2830 2453 2844 2465 ·
2899 2437 2975 2506 μὴ
3031 2436 3493 2507 ἀναστρεφόμενοι
3544 2439 3697 2491 κατά

2120 2534 2192 2588 τὰ
2229 2534 2398 2600 ἔθνη,
2432 2534 2504 2587 τὰ
2518 2531 2603 2601 μὴ
2634 2531 2835 2584 είδότα
2873 2529 3043 2593 Θεὸν,
3063 2530 3134 2584 ἐν
3162 2530 3333 2584 πάθει
3354 2531 3689 2600 ἐπιθυμίας

2120 2626 2276 2689 ἀλλὰ,
2308 2624 2493 2686 καθώς
2526 2639 2691 2692 φησιν
2713 2623 2743 2674 ὁ
2776 2622 2931 2689 ἀγιος
2971 2620 3305 2685 Ἀπόστολος,
3335 2620 3689 2688 Νεκρώσαν-

2118 2736 2219 2785 τες
2269 2720 2342 2772 τὰ
2385 2716 2540 2786 μέλη
2579 2715 2653 2769 τὰ
2680 2715 2779 2767 ἐπὶ
2806 2712 2916 2781 τῆς
2944 2711 3074 2783 γῆς,
3105 2713 3401 2780 πορνείαν,
3429 2714 3688 2780 ἀκαθαρ-

2120 2812 2283 2873 σίαν,
2320 2810 2530 2875 πάθος,
2552 2808 2874 2876 ἐπιθυμίαν
2901 2806 3121 2873 κακὴν,
3182 2806 3281 2859 καί
3327 2805 3438 2873 τὴν
3474 2808 3694 2859 πλεον-

2119 2903 2309 2967 εξίαν,
2340 2901 2472 2967 ἣτις
2505 2899 2678 2953 ἐστίν
2725 2897 3185 2963 ειδωλολατρεία
3212 2911 3226 2924 ·
3272 2896 3347 2949 δι’
3386 2894 3425 2949 ά
3463 2896 3697 2964 ἔρχεται

449 2993 599 3053 tium,
641 3004 757 3058 qua:
805 2996 881 3041 est
919 2987 1326 3043 simulacrorum
1356 2995 1612 3059 servitus;
1648 3004 1861 3064 propter
1904 3013 2019 3066 qua:

2123 2995 2160 3061 ἡ
2186 2992 2332 3061 ὀργὴ
2357 2992 2454 3045 ἐπὶ
2475 2990 2617 3055 τοὺς
2642 2990 2812 3055 υίοὺς
2846 2988 2957 3057 τῆς
3005 2989 3349 3055 ἀπειθείας·
3396 2987 3582 3057 ὀργήν
3633 3005 3697 3042 τε

448 3082 586 3134 venit
614 3082 697 3133 ira
730 3079 827 3132 Dei
860 3080 914 3132 in
952 3078 1090 3147 ﬁlios
1117 3091 1484 3147 contumaces;
1519 3083 1680 3155 524
1713 3102 2021 3157 omnemque

450 3172 585 3223 iram
617 3178 665 3221 et
700 3168 1113 3238 indignationem
1143 3177 1191 3222 et
1221 3179 1428 3241 turpem
1457 3188 1749 3227 sermonem
1789 3181 1839 3226 et
1873 3192 2018 3229 men-

447 3263 656 3316 dacium
687 3261 705 3299 τ
738 3278 751 3313 :
778 3271 853 3324 et,
885 3269 943 3314 ut
969 3261 1137 3315 semel
1164 3262 1364 3326 dicam,
1399 3272 1572 3317 totum
1599 3274 1825 3325 veterem
1854 3267 2022 3320 homi-

447 3368 586 3413 nem,
610 3352 698 3421 qui
738 3352 1094 3421 corrumpitur
1132 3351 1417 3404 secundum
1457 3352 1715 3407 desideria
1747 3355 1940 3409 erroris
1970 3356 2016 3418 ⁸,

445 3443 754 3512 deponentes
805 3458 924 3495 cum
976 3443 1174 3496 actibus
1196 3443 1302 3495 suis
1347 3444 1375 3481 h
1421 3451 1470 3495 et
1515 3444 1818 3510 desideriis,
1864 3447 2020 3516 digne

446 3531 553 3584 Deo
599 3531 953 3597 ambulemus,
997 3533 1088 3602 qui
1134 3535 1333 3587 vocavit
1374 3551 1466 3588 nos
1505 3536 1559 3588 in
1594 3552 1751 3590 suum
1802 3553 2019 3606 regnum

447 3633 495 3675 et
520 3623 745 3694 gloriam
788 3622 841 3688 i;
893 3624 1168 3678 induentes
1210 3642 1302 3678 nos
1368 3629 1570 3680 viscera
1625 3628 2015 3690 misericordiae,

445 3717 835 3785 benignitatem,
871 3716 1284 3783 submissionem,
1326 3720 1797 3785 mansuetudinem,
1828 3718 2017 3791 longa-

446 3808 775 3869 nimitatem;
816 3816 1185 3877 supportantes
1224 3811 1441 3862 invicem
1487 3812 1541 3864 in
1587 3813 1844 3866 charitate
1890 3811 1936 3878 i,
1968 3820 2018 3865 et

444 3895 697 3948 donantes
733 3898 1133 3969 nobismetipsis,
1161 3902 1207 3954 si
1235 3904 1350 3971 quis
1381 3902 1629 3956 adversus
1661 3903 1892 3973 aliquem
1921 3905 2018 3958 Ita-

443 3989 524 4041 bet
555 3988 846 4058 querelam,
868 3992 1000 4044 sicut
1033 4003 1080 4045 et
1110 3993 1365 4057 Dominus
1407 3996 1619 4049 donavit
1652 3997 1818 4051 nobis.
1848 3995 2017 4065 Super

443 4083 641 4145 omnia,
693 4082 957 4136 vinculum
1018 4084 1153 4136 illud
1200 4086 1553 4155 perfectionis,
1602 4089 1916 4141 charitatem
1967 4099 2015 4142 et

442 4189 646 4243 pacem,
678 4174 732 4225 in
767 4190 928 4243 quam
962 4184 1011 4227 et
1042 4176 1209 4228 vocati
1251 4192 1427 4229 sumus
1464 4177 1518 4229 in
1557 4193 1662 4230 uno
1695 4195 1911 4245 corpore
1944 4180 1967 4219 ιι
1997 4197 2010 4232 :

442 4272 523 4330 et,
550 4275 608 4318 ut
635 4281 845 4319 summa
873 4265 1072 4327 dicam,
1099 4282 1290 4319 novum
1311 4268 1593 4332 hominem,
1619 4269 1706 4337 qui
1732 4277 2015 4322 renovatur

2127 3080 2355 3147 πᾶσαν,
2412 3081 2507 3134 καὶ
2540 3080 2730 3149 θυμὸν
2752 3079 2849 3135 καί
2871 3079 3304 3148 αισχρολοτίαν
3326 3079 3424 3133 καὶ
3449 3078 3692 3148 ψεῦδος·

2128 3174 2243 3238 καὶ,
2283 3172 2562 3242 συντόμως
2598 3174 2793 3234 εἰπεῖν,
2844 3171 3021 3225 πάντα
3054 3170 3160 3223 τὸν
3192 3170 3452 3224 παλαιὸν
3479 3170 3699 3238 ἄνθρω-

2127 3276 2265 3328 πον,
2299 3263 2405 3315 τὸν
2423 3262 2811 3330 φθειρόμενον
2853 3260 3005 3313 κατὰ
3060 3261 3169 3324 τὰς
3216 3259 3535 3329 ἐπιθυμίας
3588 3259 3698 3326 τῆς

2127 3351 2380 3420 ἀπάτης,
2406 3352 2762 3420 ἀποθέμενοι
2786 3351 2909 3405 σὺν
2933 3351 3059 3417 ταῖς
3081 3349 3377 3419 πράξεσιν
3395 3352 3579 3406 αὑτοῦ
3597 3353 3695 3405 καὶ

2129 3445 2256 3511 ταῖς
2277 3445 2635 3514 ἐπιθυμίαις,
2665 3444 2847 3508 ἀξίως
2870 3442 2976 3496 τοῦ
3003 3442 3152 3496 Θεοῦ
3176 3440 3695 3510 περιπατήσωμεν,

2126 3536 2234 3590 τοῦ
2281 3536 2659 3601 καλέσαντος
2696 3533 2854 3603 ἡμᾶς
2882 3536 2970 3600 είς
3001 3534 3116 3604 τὴν
3142 3533 3343 3587 ἀὐτοῦ
3370 3534 3698 3598 ,ϐασιλείαν

2126 3628 2224 3681 καὶ
2263 3628 2452 3690 δόξαν
2481 3643 2493 3656 ’
2539 3626 2939 3693 ἐνδυσάμενοι
2978 3624 3307 3694 σπλάγχνα
3358 3625 3694 3693 οίκτιρμοῦ,

2125 3720 2521 3786 χρηστότητα,
2544 3715 3127 3784 ταπεινοφροσύνην,
3150 3715 3461 3782 πραΰτητα
3488 3715 3555 3779 ⁶¹,
3582 3730 3697 3782 μα-

2125 3808 2451 3877 κροθυμίαν
2474 3824 2488 3837 ·
2518 3807 2868 3875 ἀνεχόμενοι
2891 3804 3179 3869 ἀλλήλων
3211 3804 3281 3857 ἐν
3323 3804 3548 3873 ἀγάπῃ,
3597 3805 3696 3857 κάι

2123 3897 2493 3967 χαριζόμενοι
2541 3895 2778 3961 ἑαυτοῖς
2827 3895 2938 3949 ἐάν
2968 3912 3059 3961 τις
3083 3897 3232 3963 πρός
3258 3912 3391 3948 τινα
3409 3896 3521 3964 ἔχῃ
3549 3912 3707 3965 μομτ

2122 3990 2267 4059 μὴν,
2300 3988 2493 4055 καθὼς
2522 3987 2620 4041 καί
2647 3991 2679 4041 ό
2706 3989 2919 4055 Κίφιος
2943 3988 2987 4019 ⁶¹
3031 3986 3355 4055 ἐχαρίσατο
3386 3986 3553 4055 ἡμῖν,
3595 3988 3695 4041 ἐπὶ

2122 4083 2275 4140 πᾶσί
2303 4100 2367 4137 τε
2393 4082 2501 4136 τὸν
2526 4079 2876 4147 σύνδεσμον
2902 4080 3290 4155 τελειότητος,
3325 4080 3439 4145 τὴν
3454 4080 3699 4148 ἀγάπην

2122 4175 2219 4228 καὶ
2252 4173 2369 4241 τὴν
2395 4172 2664 4240 εἰρήνην,
2693 4173 2780 4235 εις
2822 4168 2903 4236 ἣν
2951 4169 3051 4223 καί
3091 4169 3437 4237 ἐκλήθημεν
3488 4170 3558 4222 ἐν
3603 4171 3697 4223 ἐνὶ

2121 4264 2345 4334 σώματι
2371 4279 2384 4293 ·
2420 4264 2536 4326 καὶ,
2572 4261 2659 4314 ἵνα
2687 4258 2921 4312 συνελὼν
2949 4257 3108 4322 εἴπω,
3140 4258 3248 4312 τὸν
3289 4260 3432 4313 νέον
3476 4259 3698 4327 ἅνθρω-

442 4359 498 4408 t'n
527 4356 865 4424 agnitionem,
898 4355 1184 4408 secundum
1227 4356 1512 4425 imaginem
1542 4357 1675 4426 ejus,
1705 4359 1793 4427 qui
1819 4361 2014 4413 creavit

2123 4354 2892 4420 πον.τὸνάνακαινούμενον
2904 4354 2993 4416 είς
3007 4350 3332 4419 ἐπίγνωσιν
3352 4350 3477 4404 κατ’
3493 4352 3700 4403 εἰκόνα

439 4451 592 4500 illum
633 4445 673 4499 ι.
701 4447 840 4501 Dum
883 4447 1031 4501 enim
1064 4446 1143 4500 sic
1168 4446 1291 4501 vita:
1320 4447 1563 4502 rationes
1604 4463 2015 4518 componamus,

440 4537 740 4592 poterimus
774 4538 959 4606 utique
983 4537 1231 4592 in'ﬁnem
1256 4538 1565 4593 divinarum
1592 4541 2019 4608 promissionum

440 4632 583 4680 bona
610 4641 706 4695 spe
730 4626 852 4681 l‘ulti
882 4628 1093 4692 venire,
1123 4635 1169 4681 et
1203 4628 1412 4699 impleri
1438 4632 1703 4700 agnitione
1734 4632 2021 4688 voluntatis

439 4718 573 4783 eius,
607 4718 662 4770 in
681 4719 825 4771 omni
853 4720 1115 4787 sapientia
1145 4728 1193 4771 et
1225 4720 1493 4773 intellectu
1527 4721 1778 4791 spiritali,
1803 4723 2023 4791 fructiﬁ-

438 4815 617 4860 cantes
645 4816 694 4860 et
731 4817 1015 4862 crescentes
1050 4810 1104 4862 in
1134 4811 1353 4864 scientia
1391 4810 1636 4878 Domini;
1662 4815 1717 4867 in
1743 4817 1885 4868 omni
1914 4817 2020 4868 vir-

442 4909 551 4954 mte
582 4901 882 4970 conﬁrmati
928 4902 1217 4955 secundum
1264 4906 1552 4966 potentiam
1582 4903 1844 4960 claritatis
1887 4908 2021 4977 ejus,

2117 4443 2222 4499 τοῦ
2249 4445 2574 4507 κτίσαντος
2609 4443 2816 4495 αὐτόν.
2845 4440 2999 4493 Οὕτω
3028 4439 3137 4509 γὰρ
3158 4438 3224 4493 ἂν
3246 4436 3508 4507 βιοῦντες,
3534 4438 3699 4506 δυνη-

2120 4537 2347 4607 θείημεν
2379 4535 2514 4603 πρδς
2537 4534 2599 4585 τὸ
2634 4532 2786 4595 τέλος
2814 4531 2987 4584 ἐλθεῖν
3015 4532 3123 4584 τῶν
3148 4529 3308 4584 θείων
3332 4528 3697 4597 ἐπαγγελιῶν,

2126 4626 2242 4696 μετ’
2278 4625 2492 4686 ἐλπίδος
2517 4623 2727 4692 ἀγαθῆς
2799 4620 3152 4692 πληρωθῆναί
3190 4637 3250 4672 τε
3276 4620 3371 4688 τὴν
3402 4620 3700 4687 ἐπίγνωσιν

2120 4716 2216 4769 τοῦ
2246 4715 2548 4785 θελήματος
2575 4712 2763 4778 αὐτοῦ,
2814 4714 2909 4766 καὶ
2938 4714 3087 4782 πάσῃ
3133 4713 3296 4783 σοφίᾳ
3338 4712 3433 4763 καὶ
3487 4711 3703 4764 συνέσει

2127 4807 2473 4874 πνευματικῇ
2538 4802 3034 4874 καρποφοροῦντες,
3091 4803 3187 4855 καὶ
3235 4800 3590 4870 αὐξανόμενοι
3632 4803 3700 4871 τῇ

2125 4897 2418 4965 ἐπιγνώσει
2449 4897 2654 4967 Κυρίου
2685 4912 2697 4925 ·
2741 4897 2799 4949 ὲν
2848 4895 2998 4965 πάσῃ
3038 4894 3265 4963 δυνάμει
3301 4892 3703 4962 δυναμούμενοι

440 5009 493 5046 ιη
527 4993 669 5045 omni
696 4993 951 5062 patientia
976 5000 1023 5044 et
1064 4992 1466 5063 longanimitate
1505 5011 1618 5048 cum
1646 4999 1861 5067 gaudio,
1894 5015 2019 5068 gra-

2124 4990 2264 5044 κατά
2312 4990 2372 5041 τὸ
2399 4989 2600 5058 κράτος
2629 4991 2726 5058 τῆς
2772 4987 2928 5056 δόξης
2962 4984 3150 5050 αὐτοῦ,
3175 4986 3253 5047 είς
3282 4986 3460 5038 πᾶσαν
3492 4984 3702 5037 οἰκοδο-

442 5084 542 5136 tias
584 5091 798 5153 agentes
848 5084 1019 5148 Patri,
1071 5084 1159 5153 qui
1203 5083 1414 5137 idoneos
1461 5102 1553 5139 nos
1588 5086 1705 5156 fecit
1732 5089 1789 5140 in
1818 5098 2019 5158 partem

2126 5084 2233 5153 μὴν
2262 5081 2308 5113 ⁸³
2329 5081 2421 5134 καὶ
2448 5079 2829 5150 μακροθυμίαν
2857 5077 2994 5148 μετά
3025 5077 3218 5145 χαρᾶς,
3249 5073 3704 5144 εὐχαριστοῦντες

439 5176 596 5228 sortis
625 5184 928 5228 sanctorum
958 5176 1012 5228 in
1039 5174 1233 5228 lmnine
1262 5184 1322 5230 ω.

508 5375 536 5415 ἰ
569 5376 792 5439 Luc-xv,
828 5377 915 5429 51.
998 5389 1020 5415 θ
1055 5378 1073 5431 1
1104 5378 1294 5433 Thess.
1328 5396 1422 5443 iv,-
1453 5380 1505 5433 5.

444 5463 500 5511 ιι,
526 5447 613 5502 12.
669 5444 684 5493 i
731 5446 931 5513 Ephes.
958 5462 1027 5511 iv,
1055 5448 1108 5500 ‘2.
1188 5448 1211 5485 ιί
1234 5448 1443 5503 Coloss.
1474 5465 1551 5513 ιιι,
1587 5449 1793 5515 ιεὶπιὸ.

1624 5380 1642 5417 τ
1670 5380 1883 5435 Coloss.
1923 5394 2000 5440 ιιι,
2062 5373 2199 5433 5-9.

1881 5448 1894 5485 ι
1931 5449 2145 5508 ibim-9
2198 5448 2283 5502 10.
2360 5444 2641 5503 In'Coloss.
2676 5461 2713 5508 ι,
2739 5444 2892 5497 9-12.

2120 5174 2198 5243 τῷ
2220 5173 2420 5244 Πατρὶ.
2445 5171 2522 5241 τῷ
2556 5170 2881 5222 ἱκανώσαντι
2915 5170 3058 5238 ἡμᾶς
3091 5168 3171 5229 είς
3215 5166 3313 5236 τὴν
3367 5164 3565 5235 μερίδα
3605 5164 3700 5217 τοῦ

2121 5266 2325 5357 ρήρου
2356 5264 2464 5317 τῶν
2494 5261 2662 5329 ἁγίων
2690 5262 2747 5315 ὲν
2772 5260 2848 5331 τῷ
2871 5260 3026 5329 φωτί.

2315 5382 2340 5418 κ
2372 5378 2568 5447 Ephes.
2611 5393 2683 5438 tv,
2717 5372 2903 5447 ea.)
2937 5373 3148 5428 Coloss.
3185 5388 3264 5436 ιιι,
3292 5372 3345 5426 9.
3413 5370 3431 5408 ¹
3459 5370 3701 5426 lThess.

1709 5563 1946 5620 VARUS
1987 5563 2389 5620 Littl'l'lONES.

518 5650 563 5683 ⁸ο
584 5650 780 5701 θέωσιν
810 5653 871 5703 Α,
908 5652 967 5705 C.
1002 5663 1056 5706 et
1091 5656 1176 5709 Fr.
1256 5659 1296 5689 ⁶¹
1337 5658 1425 5711 Fr.
1464 5659 1765 5726 πραότητα.
1844 5662 1888 5691 ⁶¹
1940 5659 2019 5722 Χρ

2123 5660 2193 5723 5;.
2230 5659 2293 5714 C.
2355 5663 2414 5713 Α.
2495 5659 2539 5689 ³⁸
2573 5656 2759 5709 Grreca
2811 5650 3014 5704 habent
3075 5646 3373 5718 ὑπομονήν.
