4068 6142
375 269 484 336 713

1745 269 2142 332 MYSTAGOG
2155 274 2252 334 ΙΑ.

3453 336 3460 343 .
3551 278 3660 344 71-!

453 385 642 457 Σαφὴς
665 385 724 439 δὲ
753 387 852 456 τῆς
890 387 1114 456 χάριτος
1161 384 1361 454 ταύτης
1409 383 1556 438 ἐστὶν
1593 383 1890 449 ἀπόδειξις,
1932 387 1965 454 ἡ

2137 387 2362 458 Affectus
2399 406 2551 461 opere
2575 391 2896 463 probandus.
2930 390 3296 460 Bene/itemfor
3321 393 3416 454 vis,
3445 402 3501 447 ut
3534 394 3657 449 deos

383 480 520 552 πρὸς
549 479 610 532 τὸ
637 478 899 546 συγγενὲς
927 477 994 532 δι’
1021 476 1232 540 εὐνοίας
1283 476 1531 540 ἑκούσιος
1575 477 1912 540 συνδιάθεσις
1949 493 1962 509 ·

351 583 356 588 ’
384 568 457 644 ἦς
475 571 639 642 ἔργον
669 570 843 634 εστὶν,
871 569 946 633 ὡς
979 569 1134 632 Θεὸν,
1177 567 1509 621 οἰκειοῦσθαι
1561 568 1703 621 κατά
1741 566 1970 636 δύναμιν

383 664 476 718 τὸν
504 661 628 716 καθ’
675 660 853 714 ὁτιοῦν
891 661 990 730 τῆς
1022 659 1179 731 ἡμῶν
1218 659 1540 730 ἐπικουρίας
1575 659 1826 729 δεόμενον
1877 661 1971 714 ἀν-

385 755 626 828 θρωποψ
645 755 742 810 καὶ
765 757 840 826 μὴ
869 754 964 825 ὲᾷν
986 752 1326 822 ἀτημέλητον
1353 752 1448 804 καὶ
1467 751 1821 822 ἀπρονόητον·
1838 751 1972 804 ἀλλά

391 849 596 919 σπουδῇ
647 848 714 917 τῇ
769 843 1053 916 πρεπούσῃ
1103 843 1222 897 κατ’
1276 841 1558 911 ἐνέργειαν
1600 841 1972 896 ἐνδείκνυσθαι

389 938 570 1003 ζῶσαν
587 918 692 1008 τὴν
713 938 772 988 ὲν
799 937 930 1006 ἡμῖν
953 935 1086 1002 πρός
1123 951 1183 987 τε
1203 934 1293 988 τὸν
1321 918 1454 988 Θεὸν
1483 935 1580 988 καὶ
1608 935 1696 987 τὸν
1743 935 1971 1005 πλησίον

388 1029 651 1084 διάθεσιν.
699 1029 900 1098 Ἔργον
944 1027 1054 1096 γάρ
1093 1025 1374 1092 ἀπόδειξις
1431 1027 1746 1089 διαθέσεως.
1802 1027 1970 1080 Οὐδὲν

390 1121 500 1192 γάρ
559 1117 682 1173 οὔτε
745 1117 881 1188 πρὸς
941 1117 1290 1186 δικαιοσύνην
1341 1117 1486 1171 οὓτω
1555 1117 1734 1189 ῥᾴδιόν
1799 1119 1967 1192 ἐστιν,

389 1189 512 1263 οὔτε
554 1207 688 1276 πρὸς
739 1208 936 1260 θέωσιν
983 1207 1075 1276 (ἵν’
1128 1206 1302 1270 οὕτως
1337 1208 1499 1271 εἴπω)
1549 1210 1644 1262 καὶ
1686 1207 1784 1278 τὴν
1837 1189 1970 1276 πρὸς

390 1301 524 1354 Θεὸν
547 1299 826 1370 ἐγγύτητα
853 1300 1189 1372 καθέστηκεν
1225 1303 1549 1372 ἐπιτήδειον,
1583 1302 1658 1365 ὡς
1715 1303 1862 1364 ἕλεος
1907 1303 1970 1354 ὲκ

389 1391 564 1462 ψυχῆς
581 1393 658 1454 είς
679 1391 804 1453 τοὺς
825 1391 1111 1460 δεομένους
1141 1391 1256 1461 μεθ’
1278 1392 1469 1462 ἡδονῆς
1496 1396 1590 1446 καὶ
1610 1394 1782 1466 χαρᾶς
1807 1410 1970 1463 προσο

397 1481 714 1552 φερόμενος.
774 1483 838 1535 Εἰ
869 1483 978 1554 γὰρ
1009 1483 1140 1535 Θεὸν
1168 1485 1197 1534 6
1221 1485 1392 1552 Λόγος
1434 1485 1526 1537 τὸν
1555 1481 1617 1538 εὖ
1645 1485 1834 1539 παθεῖν
1865 1485 1970 1538 δεό-

397 1591 558 1644 μενον
604 1573 826 1638 ἔδειξεν.
891 1575 1019 1643 Ἐφ’
1063 1573 1214 1627 ὅσον
1245 1575 1354 1646 γὰρ
1401 1575 1746 1642 ἐποιήσατε,
1781 1578 1966 1646 φησιν,

393 1665 482 1718 ἐνί
538 1667 765 1720 τούτων
819 1666 942 1720 τῶν
1002 1663 1382 1735 ἐλαχίστων,
1432 1669 1559 1737 ἐμοὶ
1603 1671 1927 1740 ἐποιήσατε
1954 1687 1966 1702 ·

393 1755 524 1820 Θεὸς
545 1756 603 1810 δὲ
633 1759 662 1810 6
693 1754 884 1822 εἰπὼν,
915 1755 1094 1826 πολλῷ
1128 1756 1327 1826 μᾶλλον
1351 1759 1444 1812 τὸν
1491 1755 1550 1812 εὗ
1595 1763 1769 1814 ποιεῖν
1822 1763 1974 1817 δυνά·
2005 1741 2046 1794 Β

394 1865 560 1920 μενον
587 1850 681 1904 καὶ
705 1849 980 1915 ποιοῦντα,
1023 1849 1188 1914 δείξει
1233 1849 1450 1920 ἀληθῶς
1495 1853 1638 1905 κατά
1681 1853 1840 1924 χάριν
1883 1857 1974 1908 καὶ

397 1940 618 2010 μέθεξιν
641 1940 772 1996 ὄντα
799 1941 954 2004 Θεὸν,
991 1941 1068 2004 ὡς
1095 1940 1194 2012 τὴν
1216 1941 1380 1995 αὐτοῦ
1404 1942 1505 2012 τῆς
1530 1929 1852 2015 εὐεργεσίας
1881 1947 1974 1998 εύη

399 2031 654 2102 μιμήτως
698 2031 1098 2100 ἀνειλημμένον
1143 2032 1425 2102 ὲνέργειάν
1467 2049 1526 2085 τε
1565 2035 1662 2086 καὶ
1714 2035 1972 2103 ἰδιότητα.

395 2123 506 2176 Καὶ
530 2122 582 2176 εί
613 2123 744 2186 Θεὸς
770 2124 800 2176 6
823 2123 1056 2192 πτωχὸς,
1091 2121 1180 2175 διὰ
1203 2122 1302 2192 τὴν
1325 2124 1420 2176 τοῦ
1453 2123 1520 2178 δι’
1552 2126 1697 2194 ἡμᾶς
1727 2126 1976 2196 πτωχεύ-

397 2231 590 2280 σαντος
613 2215 747 2268 Θεοῦ
781 2213 1213 2282 συγκατάδασιν,
1243 2213 1339 2266 καὶ
1362 2215 1442 2276 είς
1491 2215 1684 2270 ἑαυτὸν
1739 2218 1971 2272 ἑκάστου

397 2303 701 2374 συμπαθῶς
731 2302 1132 2373 ἀναδεχομένου
1167 2301 1338 2374 πάθη,
1371 2304 1468 2357 καὶ
1504 2305 1664 2375 μέχρι
1706 2307 1807 2377 τῆς
1851 2325 1975 2364 συν-

394 2395 611 2458 τελείας
636 2394 731 2448 τοῦ
753 2393 971 2458 αἰῶνος,
1003 2391 1144 2448 κατά
1164 2395 1264 2466 τὴν
1297 2395 1588 2465 ἀναλογίαν
1617 2396 1713 2452 τοῦ
1750 2401 1809 2455 ὲν
1847 2401 1975 2456 ἑκάς

389 2500 510 2556 στῳ
539 2483 766 2548 πάθους,
795 2485 882 2537 ἀεὶ¹
904 2483 973 2538 δι’
993 2483 1308 2554 ἀγαθότητα
1333 2485 1632 2554 πάσχοντος
1659 2493 1935 2558 μυστικῶς
1956 2508 1971 2524 ο

393 2573 562 2627 πλέον
587 2573 834 2644 δηλονότι
872 2573 918 2606 ⁸⁸
955 2574 1098 2626 κατά
1131 2573 1222 2626 τὸν
1247 2573 1432 2628 εἰκότα
1456 2574 1612 2642 λόγον
1639 2575 1790 2651 ἔσται
1820 2579 1972 2646 Θεὸς,

391 2667 420 2720 6
457 2665 601 2719 κατά
641 2664 874 2736 μίμησιν
897 2663 994 2718 τοῦ
1029 2663 1166 2717 Θεοῦ
1199 2663 1289 2717 διὰ
1329 2665 1740 2738 φιλανθρωπίαν
1769 2673 1835 2724 τὰ
1867 2672 1978 2726 τῶν

392 2757 676 2811 παθόντων
710 2755 858 2824 πάθη
887 2755 957 2810 δι’
1007 2755 1201 2808 ἑαυτοῦ
1247 2754 1568 2827 θεοπρεπῶς
1625 2760 1919 2832 ἐξιώμενος
1960 2779 1974 2795 ·

390 2850 487 2904 καὶ
515 2849 616 2920 τὴν
643 2846 810 2920 αὐτὴν
835 2847 914 2918 τῷ
935 2847 1073 2918 Θεῷ,
1103 2847 1246 2900 κατὰ
1266 2849 1558 2918 ἀναλογίαν
1582 2855 1682 2924 τῆς
1705 2859 1978 2928 σωστικῆς

392 2945 674 3015 προνοίας,
719 2941 865 2998 κατά
895 2941 1139 2996 διάθεσιν
1177 2941 1316 3010 ἔχων
1345 2942 1695 3013 δεικνύμενος
1723 2945 1972 3018 δύναμιν.

2077 473 2539 550 [ποῖαι-Ποίας
2581 493 2764 536 autem
2815 482 3004 552 gratiae
3055 482 3201 536 clara
3245 483 3498 552 probatio
3539 495 3658 549 est,

2077 577 2378 636 spontanea
2410 573 2596 628 animo
2627 573 2767 628 bene
2806 573 3014 628 volenti
3057 588 3184 644 erga
3215 575 3435 644 generis
3468 589 3656 629 neces-

2076 661 2318 717 situdine
2347 663 2507 719 nobis
2531 665 2874 735 conjunctos,
2899 663 3148 731 affectio;
3178 667 3337 736 cujus
3359 666 3465 721 hoc
3495 683 3656 734 opus,

2077 755 2183 810 hoc
2213 755 2444 823 facinus,
2479 767 2537 812 ut
2567 757 2818 827 quisquis
2841 757 3126 812 hominum
3164 757 3273 812 ulla
3300 758 3356 812 in
3385 773 3444 812 re
3471 768 3658 811 nostra

2076 861 2180 914 ope
2213 857 2390 917 egeat,
2427 848 2572 902 haud
2622 862 2785 902 secus
2827 863 2894 902 ac
2922 847 3096 901 Deum
3131 862 3232 916 pro
3257 845 3402 900 virili
3446 857 3656 908 nostra,

2077 937 2352 1015 demereri
2385 938 2735 1002 Studeamus,
2765 953 2869 992 nec
2904 938 3216 1008 neglectum
3265 952 3328 991 ac
3375 936 3494 990 sine
3528 953 3659 990 cura

2078 1031 2360 1099 praaterire
2387 1045 2488 1084 nos
2519 1047 2644 1085 eum
2687 1031 2932 1084 sinamus
2955 1069 2968 1092 ,
2999 1029 3116 1094 sed,
3147 1045 3254 1098 qua
3291 1044 3391 1098 par
3417 1037 3500 1083 est
3529 1029 3658 1082 dili-

2077 1121 2279 1192 gentia,
2319 1122 2498 1192 reipsa
2535 1121 2588 1177 in
2623 1121 2784 1176 nobis
2815 1121 3000 1176 vivere
3025 1135 3090 1174 ae
3116 1120 3321 1190 vigere,
3347 1135 3458 1189 quo
3487 1120 3658 1173 Deum

2075 1213 2500 1284 proximumque
2540 1213 2944 1282 prosequimur,
2976 1211 3234 1265 aﬂ‘eetum
3277 1209 3655 1264 ostendamus.

2075 1303 2320 1358 Affectus
2353 1304 2500 1357 enim
2532 1303 2785 1374 probatio
2841 1309 2926 1356 est
2961 1303 3146 1372 operis
3180 1301 3469 1355 exhibitio.
3511 1300 3660 1355 Nihil

2077 1393 2280 1462 quippe
2313 1392 2379 1446 ad
2413 1391 2680 1462 justitiam
2719 1390 2858 1446 adeo
2887 1389 3067 1454 facile,
3095 1389 3284 1459 sicque
3311 1403 3659 1458 consequen-

2076 1481 2203 1536 dam
2230 1481 2490 1536 deitatem
2523 1480 2606 1550 (ut
2637 1481 2718 1534 sic
2738 1479 2953 1550 loquar)
2988 1479 3328 1549 expeditum,
3361 1487 3417 1534 et
3445 1487 3504 1532 ut
3532 1493 3658 1533 cum

2077 1573 2189 1628 Deo
2210 1571 2614 1626 necessitudine
2632 1573 2946 1642 jungamur,
2973 1585 3036 1625 ac
3071 1569 3470 1633 misericordia,
3495 1584 3659 1638 quam
3714 1610 3722 1616 ι

2077 1680 2144 1719 ex
2173 1664 2356 1718 animo
2386 1679 2512 1718 cum
2547 1663 2825 1732 voluptate
2868 1668 2925 1717 et
2967 1661 3168 1732 gaudio
3211 1660 3564 1716 conferamus
3604 1661 3659 1717 in

2077 1772 2193 1822 eos,
2226 1757 2320 1826 qui
2351 1755 2619 1826 indigent.
2668 1754 2951 1825 Siquidem
2993 1754 3139 1808 enim
3185 1753 3491 1822 Scriptura,
3532 1768 3661 1806 eum

2079 1850 2174 1919 qui
2219 1849 2342 1918 opis
2385 1856 2510 1918 eget
2555 1855 2612 1902 et
2657 1855 2720 1901 ut
2770 1845 3038 1900 beneﬂcio
3089 1843 3661 1914 impartiatur,—deum

2079 1939 2342 2013 ostendit.
2373 1937 2622 2004 Quandiu
2642 1938 2811 2003 enim,
2835 1937 3032 2006 inquit,
3065 1937 3158 1990 uni
3187 1951 3252 1988 ex
3277 1936 3509 1990 minimis
3533 1937 3662 1990 meis

2079 2028 2191 2083 istis
2218 2029 2432 2098 fecistis,
2459 2029 2586 2082 mihi
2614 2028 2802 2097 fecistis
2833 2036 2862 2064 ιι
2895 2044 2909 2082 :
2941 2027 3114 2081 Porro
3143 2027 3288 2080 Deus
3331 2033 3414 2080 est
3445 2026 3538 2096 qui
3583 2027 3665 2080 lo—

2081 2123 2310 2193 quitur;
2343 2122 2549 2192 potiori
2597 2121 2758 2191 longe
2803 2119 3039 2184 ratione,
3084 2133 3248 2183 eum,
3301 2118 3390 2172 cui
3441 2118 3664 2172 benefa-

2081 2215 2262 2270 ciendi
2305 2213 2536 2268 facultas
2561 2220 2666 2277 est,
2717 2225 2894 2281 exque
2944 2210 3036 2264 illa
3085 2209 3379 2274 benefaeit,
3410 2210 3666 2264 ostendet

2078 2322 2268 2362 revera
2293 2322 2394 2375 per
2414 2303 2641 2376 gratiam
2663 2303 2868 2372 Deique
2889 2301 3309 2373 participatione
3333 2301 3496 2355 deum
3517 2315 3662 2365 esse,

2078 2398 2170 2469 qui
2200 2400 2321 2469 ejus
2359 2395 2758 2458 beneﬁcentiae,
2807 2394 3067 2464 praeclare
3106 2391 3394 2456 imitando,
3441 2391 3552 2445 vim
3599 2407 3664 2448 ac

2079 2489 2472 2558 proprietatem
2515 2486 2720 2540 inierit.
2746 2485 2822 2538 Ac
2849 2483 3121 2554 siquidem
3155 2498 3362 2554 pauper
3393 2482 3531 2538 deus
3557 2491 3663 2546 est,

2082 2580 2291 2636 idcirco
2320 2575 2450 2649 quia
2479 2579 2624 2634 Deus
2647 2577 2807 2648 525
2836 2591 2946 2646 qua
2975 2591 3033 2632 se
3064 2576 3226 2631 nobis
3251 2575 3474 2632 demisit
3499 2591 3563 2630 ac
3584 2575 3666 2629 in—

2081 2670 2326 2736 clinavit,
2374 2684 2582 2740 egenus
2631 2669 2806 2724 factus
2851 2674 2936 2728 est
2969 2675 3018 2732 ο,
3067 2666 3234 2737 inque
3283 2667 3522 2737 seipsum
3568 2681 3667 2737 per

2079 2777 2352 2818 summam
2396 2759 2806 2814 miserationem
2842 2759 3110 2829 cujusque
3153 2759 3364 2828 recepit
3395 2758 3558 2822 mala,
3603 2773 3668 2812 ac

2079 2869 2257 2926 usque
2288 2851 2356 2907 ad
2403 2849 2589 2906 saeculi
2623 2849 3154 2908 consummationem
3189 2863 3290 2918 pro
3325 2863 3394 2904 eo
3429 2864 3493 2904 ac
3515 2849 3668 2918 quie-

2081 2962 2190 3018 que
2218 2943 2378 2999 malis
2409 2941 2666 3005 afﬁcitur,
2717 2955 2938 3010 semper
2967 2940 3196 3012 mystice
3227 2940 3494 2996 bonitatis
3528 2949 3666 2994 nutu

395 3034 627 3106 patitur;
671 3035 845 3107 magis
887 3034 1078 3104 utique
1133 3035 1333 3089 merito
1375 3035 1513 3089 deus
1557 3035 1684 3100 erit,
1733 3037 1826 3106 qui
1877 3040 1974 3096 Dei
2016 3039 2322 3098 imitatione
2351 3031 2711 3089 humanitatis
2741 3030 2927 3086 studio
2991 3045 3054 3086 ac
3117 3030 3476 3102 benignitate,
3511 3030 3666 3086 labo-

391 3131 630 3186 rantium
675 3131 819 3186 mala
861 3145 927 3185 ac
964 3129 1343 3201 aegritudines,
1409 3145 1510 3200 per
1553 3145 1612 3186 se
1658 3131 1774 3202 ipse
1821 3135 2007 3194 divine
2045 3137 2382 3198 medicatur;
2447 3127 2811 3197 eamdemque
2851 3141 2978 3182 cum
3005 3127 3120 3182 Deo
3156 3141 3258 3197 pro
3291 3135 3408 3182 rata
3450 3141 3550 3182 sua
3583 3142 3676 3180 ra—

392 3229 543 3283 tione
571 3227 808 3282 salubris
831 3221 1192 3296 providentia:
1220 3225 1330 3280 vim
1358 3225 1664 3281 secundum
1693 3228 1972 3300 aﬂ‘ectum,
2013 3235 2218 3290 habere
2245 3234 2602 3284 monstratur.
3581 3265 3587 3271 .

461 3311 559 3379 Τίς
580 3314 673 3370 οὖν
705 3315 814 3388 ἄρα
855 3315 992 3386 πρὸς
1039 3315 1242 3386 ἀρετὴν
1291 3314 1434 3368 οὕτω
1481 3315 1682 3387 βραδύς
1721 3322 1838 3373 ἐστι
1876 3323 1970 3374 καὶ
1999 3332 2043 3389 ο

388 3407 728 3479 δυσκίνητος.
759 3405 902 3460 ὥστε
935 3407 1010 3479 μὴ
1046 3407 1296 3476 ἐφίεσθαι
1329 3407 1606 3478 θεότητος,
1667 3409 1842 3476 οὕτως
1883 3415 1974 3466 εύ-

325 3535 344 3551 .
392 3499 539 3554 ὠνου
559 3517 618 3552 τε
645 3499 740 3552 καὶ
777 3498 1104 3569 εὑπορίστου
1140 3499 1234 3552 καὶ
1267 3497 1456 3570 ῥᾳδίας
1489 3497 1656 3570 οὔσης
1687 3505 1785 3572 τῆς
1825 3505 1966 3574 κτή-

395 3607 571 3656 σεωςς
616 3589 890 3659 ’Δσφαλὴς
915 3589 974 3642 δὲ
1003 3587 1209 3642 τούτων
1234 3591 1352 3643 ἐστὶ
1387 3589 1482 3644 καὶ
1510 3591 1706 3656 ἄσυλος
1733 3593 1971 3666 φυλακὴ,

391 3684 488 3754 καί
514 3681 762 3752 εὐμαρὴς
807 3681 944 3752 πρὸς
986 3681 1260 3753 σωτηρίαν
1281 3681 1398 3746 ὁδός
1419 3697 1434 3710 ⁸
1469 3678 1559 3754 ἧς,
1594 3681 1772 3754 οἶμαι,
1805 3688 1974 3758 χωρὶς

392 3773 514 3826 κατ’
538 3770 796 3842 ἀλήθειαν
831 3771 985 3825 οὐδὲν
1014 3770 1167 3824 ἔσται
1203 3771 1312 3824 τῶν
1356 3771 1576 3839 ἀγαθῶν
1621 3775 1873 3839 ἀϐλαϐῶς
1897 3775 1975 3847 τῷ

392 3865 570 3936 ἔχοντι
623 3861 1092 3934 συντηρούμενον⁶
1145 3863 1584 3933 ἡαῦτοπραγία,
1633 3866 1810 3918 εῐτουν
1851 3866 1974 3920 ἰδιο-

393 3956 628 4028 πραγία,
653 3955 720 4008 δι’
743 3949 812 4026 ἦς
852 3954 922 4008 τὰ
953 3953 1074 4007 καθ’
1103 3954 1334 4017 ἑαυτοὺς
1377 3957 1600 4008 σκοπεῖν
1631 3973 1690 4008 τε
1727 3957 1822 4010 καὶ
1861 3957 1975 4010 δια-

396 4045 734 4100 σκέπτεσθαι
781 4046 977 4116 μόνους
1045 4045 1432 4116 μανθάνοντες,
1466 4046 1562 4100 τοῦ
1627 4050 1757 4120 παρ’
1799 4049 1974 4104 ἄλλων

391 4136 650 4218 διακενῆς
695 4137 901 4207 βλάϐην
937 4136 1084 4208 ἔχειν
1131 4135 1588 4218 ἐλευθερούμεθα.
1622 4139 1684 4192 Εἰ
1717 4140 1824 4210 γὰρ
1853 4141 1972 4194 ἑαυ-

393 4229 520 4292 τοὺς
575 4227 770 4300 μόνους
827 4230 962 4300 ὁρᾷν
997 4245 1058 4282 τε
1103 4217 1456 4292 καιὲτάζειν
1501 4217 1794 4301 μάθοιμεν,
1827 4231 1970 4284 0666-

394 4336 527 4375 ποτε
550 4323 664 4384 τοῖς
689 4320 800 4374 τῶν
813 4320 1010 4384 ἄλλων,
1043 4320 1119 4383 ὡς
1156 4319 1202 4372 δ’
1227 4321 1293 4374 ἂν
1329 4319 1523 4390 ἔχοντα
1548 4321 1813 4389 τύχωσιν,
1849 4323 1976 4374 ἑπι-

397 4409 708 4482 θησόμεθαο
742 4409 1105 4479 γινώσκοντες
1135 4409 1233 4463 ἕνα
1277 4411 1438 4480 μόνον
1481 4411 1676 4483 κριτὴν
1725 4413 1888 4480 σοφόν
1915 4431 1972 4466 τε

395 4503 496 4558 καὶ
543 4503 752 4556 δίκαιον
795 4501 888 4555 τὸν
941 4501 1094 4566 Θεὸν,
1142 4502 1235 4554 τὸν
1282 4501 1464 4570 σοφῶς
1501 4519 1562 4556 τε
1605 4505 1700 4557 καὶ
1753 4504 1976 4568 δικαίως

394 4593 575 4649 πάντα
615 4595 684 4648 τά
731 4594 995 4664 γινόμενα
1053 4592 1348 4664 κρίνοντα’
1403 4591 1530 4647 καθ’
1573 4593 1632 4646 ὃν
1680 4596 1974 4666 γεγένηται

2158 3317 2517 3389 Ἰδιοπραγία,
2549 3332 2631 3380 ac,
2665 3315 2803 3386 quod
2854 3329 2968 3384 quis
3005 3329 3104 3367 sua
3139 3319 3285 3366 curet
3319 3319 3546 3381 agatque
3573 3310 3675 3362 do-

2074 3432 2265 3470 norum
2302 3413 2400 3466 Dei
2435 3419 2550 3466 tuta
2591 3411 2650 3464 in
2683 3408 2828 3463 nobis
2857 3405 3361 3472 custodia.—Quis
3381 3405 3460 3460 sic
3496 3405 3666 3475 igitur

2073 3507 2141 3561 ad
2167 3507 2429 3560 virtutem
2461 3502 2671 3566 tardus,
2703 3500 2892 3570 sicque
2921 3507 3071 3554 motu
3099 3497 3282 3569 segnis
3310 3511 3375 3551 ac
3401 3495 3660 3562 dilllcilis,

2074 3607 2134 3652 ut
2167 3596 2390 3652 deitatis
2432 3592 2709 3649 desiderio
2740 3606 2850 3646 non
2881 3598 3096 3662 agatur,
3127 3603 3291 3658 quam
3334 3587 3479 3642 facili
3523 3587 3663 3642 adeo

2073 3690 2251 3761 pretio
2277 3701 2530 3743 coemere
2557 3701 2621 3740 ac
2647 3699 2966 3754 comparare
2996 3681 3194 3752 queat?
3224 3681 3365 3736 Tuta
3407 3695 3560 3746 vero,
3595 3695 3661 3735 ae

2075 3779 2411 3836 inviolabiiis
2451 3779 2649 3833 horum
2679 3775 2930 3831 custodia
2963 3783 3070 3840 est,
3099 3773 3386 3844 facilisque
3411 3771 3480 3828 ad
3510 3771 3658 3827 salu-

2077 3878 2185 3927 tem
2203 3871 2313 3936 via,
2333 3870 2451 3925 sine
2470 3882 2576 3938 qua
2596 3867 2678 3938 (ut
2699 3882 2800 3938 ego
2817 3865 3040 3936 quidem
3058 3862 3334 3934 existimo)
3354 3878 3517 3918 nemo
3531 3877 3663 3918 vere

2073 3979 2136 4018 ea
2160 3979 2283 4033 qua:
2306 3961 2520 4016 obtinet
2543 3959 2710 4026 bona,
2735 3959 2902 4014 illaesa
2935 3955 3256 4022 servaverit,
3286 3963 3343 4011 et
3387 3962 3448 4010 ut
3475 3953 3662 4010 damni

2074 4054 2212 4108 nihil
2244 4052 2500 4123 accipiat,
2532 4051 2617 4106 sui
2649 4049 2740 4105 illa
2767 4049 2981 4121 privata
3008 4055 3114 4113 est,
3142 4062 3206 4102 ac
3228 4062 3410 4102 rerum
3437 4061 3660 4101 suarum

2075 4145 2410 4215 agendarum
2455 4157 2622 4208 cura;
2668 4156 2798 4212 qua,
2843 4149 3034 4195 nostra
3079 4139 3345 4194 duntaxat
3385 4136 3661 4208 dispicere

2073 4237 2222 4291 docti
2271 4251 2336 4291 ac
2381 4234 2756 4300 considerare,
2787 4232 2843 4288 id
2890 4227 3304 4303 consequimur,
3339 4238 3400 4286 ut
3439 4231 3510 4286 ab
3538 4231 3664 4286 aliis

2074 4328 2213 4382 nihil
2256 4327 2463 4383 frustra
2505 4324 2694 4381 damni
2728 4325 3084 4396 accipiamus.
3114 4323 3173 4380 Si
3205 4323 3354 4379 enim
3385 4339 3489 4379 nos
3516 4324 3663 4394 ipsos

2075 4421 2252 4474 solum
2297 4419 2496 4474 intueri
2533 4433 2598 4473 ac
2641 4418 2959 4474 examinare
2991 4417 3330 4482 noverimus,
3377 4431 3662 4487 nunquam
3747 4407 3761 4420 ⁸

2077 4508 2132 4562 ἰη
2182 4503 2270 4562 illa
2313 4524 2436 4578 quas
2476 4516 2608 4574 sunt
2637 4508 2894 4571 aliorum,
2924 4509 3306 4578 cujuscunque
3347 4505 3493 4561 modi
3527 4507 3660 4570 sint,

2075 4599 2312 4668 grassari
2357 4599 2516 4654 nobis
2549 4598 2987 4668 indulgebimus;
3021 4597 3115 4666 qui
3143 4595 3406 4650 nimirum
3434 4596 3662 4652 unicum

393 4683 572 4754 λόγον,
622 4685 738 4738 ἀλλ’
813 4684 876 4738 οὐ
926 4683 1048 4738 καθ’
1091 4683 1151 4736 ὃν
1215 4685 1600 4756 πεφανέρωται
1637 4687 1836 4757 τρόπον
1858 4703 1872 4717 ·
1916 4688 1974 4740 ὃν

2077 4689 2314 4760 judicem
2361 4703 2487 4743 cum
2519 4688 2825 4758 sapientem
2867 4695 2982 4740 tum
3027 4687 3256 4757 justum,
3300 4695 3499 4742 cuncta
3541 4703 3665 4756 quae

398 4776 531 4839 τσως
559 4775 626 4829 ἂν
651 4775 902 4830 δύναιντο
931 4775 1026 4828 καὶ
1063 4773 1340 4846 ἄνθρωποι
1361 4775 1586 4844 κρίνειν,
1611 4777 1866 4848 ἀμυδρῶς
1891 4783 1971 4842 εἰς

395 4866 460 4920 τὸ
483 4864 810 4937 φαινόμενον
858 4867 1174 4938 βλέποντες·
1208 4870 1337 4940 περὶ
1365 4869 1394 4921 6
1425 4869 1485 4922 οὑ
1518 4868 1734 4934 πάντως
1764 4873 1910 4924 ἐστὶν
1939 4873 1971 4942 ἡ

394 4964 646 5034 ἀλήθεια,
671 4963 796 5016 οὐδὲ
826 4961 938 5034 τῶν
972 4962 1274 5029 γινομένων
1294 4961 1323 5013 6
1349 4961 1528 5029 λόγος.
1569 4960 1629 5014 '0
1654 4963 1710 5015 δὲ
1733 4962 1886 5026 Θεὸς,
1913 4964 1974 5015 τὸ

393 5031 600 5122 ἀφανές
625 5072 686 5108 τε
709 5031 916 5122 κίνημα
943 5052 1041 5122 τῆς
1060 5051 1260 5121 ψυχῆς,
1279 5053 1375 5106 καὶ
1400 5055 1499 5124 τὴν
1527 5053 1754 5124 ἀόρατον
1774 5055 1970 5126 ὁρμὴν,

395 5150 490 5202 καὶ
521 5149 614 5200 τὸν
653 5148 810 5216 λόγον
842 5147 1028 5208 αὐτὸν,
1079 5145 1200 5198 καθ’
1229 5144 1288 5198 ὃν
1314 5145 1570 5216 ὥρμηται
1603 5147 1637 5217 ἡ
1671 5146 1840 5216 ψυχὴ,
1878 5147 1973 5201 καὶ

394 5239 485 5291 τὸν
519 5236 614 5291 τοῦ
659 5238 845 5305 λόγου,
881 5237 1085 5289 σκοπόν
1109 5252 1121 5265 ’
1149 5235 1422 5298 τουτέστι,
1454 5236 1514 5288 τὸ
1561 5237 1761 5300 παντὸς
1796 5238 1975 5306 πράγ-

399 5329 1110 5402 ματοςπροεπινοούμενον
1127 5329 1171 5360 ⁸³
1203 5327 1356 5391 τέλος
1394 5328 1630 5398 βλέπων,
1671 5329 1846 5398 κρίνει
1895 5331 1976 5382 δι-

465 5472 496 5502 ι
521 5463 714 5520 Matth.
745 5479 870 5528 xxv,
898 5464 990 5522 40.
1071 5471 1094 5496 υ
1130 5462 1174 5517 ll
1201 5461 1332 5518 Cor.
1359 5439 1482 5528 vni,
1511 5462 1566 5516 9.

467 5667 513 5702 “
550 5667 605 5722 δὲ
633 5667 794 5738 δῆλον
813 5667 894 5719 ὅτι
923 5665 985 5720 C.
1027 5666 1065 5719 A
1168 5667 1212 5698 ’⁵⁸
1265 5662 1750 5736 προεπινοουμένου
1783 5665 1843 5722 C.
1885 5667 1952 5721 A.

803 5760 1068 5823 PsTnnL.
1113 5761 1228 5822 (is.
1268 5759 1423 5822 XCI.

2079 4781 2218 4835 ﬁunt
2272 4780 2552 4850 sapienter
2593 4779 2848 4848 justeque
2891 4777 3228 4848 judicantem
3297 4777 3502 4844 Deum,
3549 4794 3663 4834 non

2079 4871 2423 4942 ignoremus;
2452 4883 2670 4939 nempe,
2701 4884 2808 4939 qua
2839 4869 3053 4923 ratione
3080 4867 3171 4922 illa
3201 4867 3340 4923 facta
3376 4876 3526 4932 sunt,
3552 4884 3661 4923 non
3719 4873 3734 4886 '

2077 4981 2146 5019 eo
2179 4964 2342 5019 modo
2373 4979 2482 5035 quo
2521 4953 2771 5034 proditai
2805 4977 2916 5032 quo
2941 4961 3105 5016 etiam
3139 4960 3282 5015 forte
3305 4960 3558 5015 homines
3576 4961 3666 5033 ju-

2080 5057 2268 5111 dicare
2316 5057 2550 5127 possint,
2594 5057 2864 5125 tantisper
2906 5053 3143 5108 obscure
3189 5053 3296 5106 hoe
3333 5060 3666 5117 contuentes

2081 5149 2228 5218 quod
2263 5159 2349 5205 est
2389 5148 2771 5219 conspicuum,
2802 5163 2865 5202 ac
2901 5147 3078 5202 oculis
3111 5152 3300 5216 paret;
3332 5144 3386 5198 in
3415 5159 3524 5214 quo
3553 5160 3665 5198 non

2079 5241 2304 5296 omnino
2347 5241 2448 5296 sita
2475 5239 2700 5303 veritas,
2733 5247 2826 5294 aut
2849 5255 3040 5294 eorum
3069 5253 3190 5308 quae
3223 5235 3362 5290 ﬁunt
3389 5235 3532 5290 ratio
3561 5245 3664 5306 po-

2080 5338 2184 5389 sita
2226 5341 2331 5388 est.
2361 5335 2506 5390 Deus
2548 5339 2754 5399 autem,
2785 5333 3081 5388 obscurum
3132 5331 3313 5400 ipsum
3344 5329 3514 5384 animi
3547 5345 3669 5386 mo-

1696 5571 1933 5629 VARIE
1977 5576 2380 5637 LlCCTlONES.
3203 5627 3207 5633 .
3271 5617 3274 5620 ~
3583 5589 3590 5598 ’
3656 5600 3721 5637 ρῖ

3138 5710 3396 5826 ⁴ντί
