4068 6142
372 234 480 302 '215

1532 234 1592 295 S.
1637 233 1926 295 ΜΑΧΙΜΙ
1967 233 2479 296 CONFESSORIS

3541 240 3660 307 716

376 357 527 413 tum,
572 344 1133 417 inaspectabilemque
1196 342 1626 414 appetitionem,
1679 359 1742 399 ac
1788 343 1962 414 ipsam

2073 349 2259 413 καίως,
2300 348 2377 411 ώς
2424 347 2584 416 ἔφην,
2624 346 2802 401 πάντα
2847 345 2920 400 τά
2966 363 3120 418 παρα
3183 348 3294 402 τῶν
3345 348 3660 423 ἀνθρώπων

332 442 335 445 ’
375 439 646 494 rationem
698 454 805 508 qua
857 436 1126 506 impulsus
1173 445 1258 489 est
1305 426 1551 500 animus,
1618 436 1960 506 rationisque

374 546 604 602 scepum
637 545 701 583 ac
744 528 1059 582 institutum
1089 526 1302 590 videns,
1340 527 1394 581 id
1421 535 1526 592 est,
1550 527 1755 598 negotii
1792 526 1962 582 totius

374 604 786 694 praecogitatum
834 620 1020 683 linem,
1066 620 1214 690 juste
1250 619 1350 688 (uti
1397 619 1671 687 dicebam)
1703 633 1825 688 quae
1858 618 1973 679 ho:

375 716 586 769 minum
633 712 833 766 studiis
880 719 1150 780 aguntur,
1204 711 1389 764 omnia
1431 709 1661 780 judicat.
1712 709 1869 776 Quod
1918 710 1964 764 si

375 813 636 876 praestare
681 802 1081 867 studuerimus,
1127 816 1339 873 nosque
1382 803 1544 857 nobis
1578 803 1712 872 ipsis
1739 803 1967 858 delinie-

374 901 569 962 rimus,
608 897 693 951 his
725 912 847 965 qua:
889 903 1020 953 sunt
1052 903 1207 949 extra
1236 910 1346 949 non
1392 895 1719 960 insilientes,
1749 911 1852 951 nec
1881 897 1965 951 vi-

375 993 528 1055 dere,
565 1005 667 1044 nec
707 988 923 1053 audire,
961 1003 1062 1042 nec
1094 987 1270 1058 loqui,
1308 987 1554 1053 oculum,
1601 1004 1814 1055 aurem,
1864 989 1970 1043 lin-

374 1102 559 1157 guam,
599 1100 723 1154 quae
765 1090 896 1138 sunt
944 1083 1203 1146 aliorum,
1249 1080 1529 1146 sinamus;
1584 1090 1642 1136 ut
1694 1082 1966 1152 siquidem

376 1178 495 1234 ﬁeri
525 1178 719 1248 possit,
746 1176 836 1230 his
870 1174 1094 1244 penitus
1137 1188 1463 1239 arceamus;
1489 1174 1575 1228 sin
1618 1183 1827 1239 autem,
1862 1174 1969 1228 mi-

375 1271 615 1326 serantis
660 1268 844 1340 potius
902 1266 1103 1321 aﬂ‘eetu
1149 1281 1313 1336 quam
1362 1266 1627 1332 libidine,
1683 1266 1740 1320 in
1786 1274 1971 1321 actum

375 1360 582 1423 exseri,
614 1374 677 1413 ac
703 1356 853 1428 quod
885 1371 915 1411 e
945 1355 1152 1410 nostris
1186 1355 1499 1410 rationibus
1522 1356 1593 1410 sit
1618 1355 1828 1421 videre,
1871 1371 1971 1410 au-

376 1449 520 1513 dire,
567 1448 722 1518 loqui
771 1447 1096 1518 jubeamus;
1145 1444 1311 1515 idque
1348 1444 1655 1510 hactenus,
1691 1444 1821 1499 dum
1857 1460 1974 1499 mo-

374 1539 620 1595 deratrix
666 1539 808 1593 ratio
857 1536 1199 1609 probaverit.
1246 1534 1414 1606 526
1452 1536 1600 1591 Nihil
1643 1535 1791 1590 enim
1822 1536 1974 1591 hisce

375 1632 595 1703 organis
624 1630 691 1685 ad
724 1638 1015 1701 peccatum
1060 1628 1340 1683 lubricum
1374 1628 1569 1699 magis,
1614 1629 1721 1683 nisi
1757 1630 1974 1684 ratione

2069 439 2456 511 πραττόμενα·
2490 441 2628 512 ὅπερ
2653 442 2704 493 εί
2746 439 3095 511 κατορθῶσαι
3122 440 3527 513 σπουδάσομεν,
3558 445 3664 499 καὶ

2067 536 2277 598 ἑαυτοῖς
2318 535 2545 598 ἑαυτοὺς
2595 535 2984 606 περιορίσομεν
3027 538 3139 596 τοῖς
3193 534 3352 599 ἐκτὸς
3400 537 3501 591 οὑκ
3531 539 3665 592 ἐπι-

2067 630 2353 700 φυόμενοι,
2387 630 2513 683 οὒτε
2556 631 2713 702 ὁρᾷν,
2739 630 2864 684 οὑτε
2891 632 3134 696 ἀκούειν,
3167 629 3295 684 οὔτε
3326 631 3532 699 λαλεῖν,
3564 633 3689 688 τδνκ

2066 722 2365 792 ὀφθαλμὸν,
2408 724 2441 793 ἢ
2482 723 2544 776 τὸ
2583 720 2696 788 οὖς,
2742 724 2775 793 ἢ
2829 724 2930 792 τὴν
2969 724 3223 792 γλῶσσαν
3247 724 3319 778 τὰ
3343 726 3452 778 τῶν
3480 726 3667 781 ἄλλων

2069 810 2378 879 ἀφήσομεν,
2434 812 2483 863 εί
2529 810 2625 880 μὲν
2682 805 2794 864 οἷον
2844 811 2903 864 τέ
2947 814 3086 875 ἐστι,
3139 814 3457 878 παντελῶς*
3507 819 3558 869 εἰ
3605 817 3667 869 δὲ

2074 902 2240 970 μήγε,
2281 903 2588 972 συμπαθῶς
2624 902 2848 974 μᾶλλον,
2903 903 3019 957 ἀλλ’
3068 906 3127 958 οὑ
3178 908 3254 977 μὴ
3329 909 3597 977 ἐμπαθῶς
3618 910 3666 941 ⁸⁸

2068 992 2281 1055 τούτοις
2325 994 2588 1064 ἐνεργεῖν,
2632 994 2727 1046 καὶ
2762 995 2843 1058 είς
2893 996 3087 1064 κέρδος
3116 997 3389 1068 ἡμέτερον
3413 1000 3548 1069 ὑρᾷν
3577 1017 3664 1068 τε,

2071 1084 2167 1137 καὶ
2184 1085 2432 1152 ἀκούειν,
2473 1087 2569 1137 καὶ
2607 1085 2791 1139 λαλεῖν
2828 1089 3222 1157 ἐπιτρέποντες
3242 1109 3254 1121 ·
3283 1091 3379 1143 καὶ
3402 1091 3667 1147 τοσοῦτον

2074 1175 2259 1244 μόνον,
2299 1176 2424 1228 ὅσον
2462 1176 2542 1246 τῷ
2578 1177 2891 1247 ήνιοχοὺντι
2920 1179 3098 1233 ταῦτα
3129 1181 3263 1251 θείῳ
3302 1181 3447 1251 λόγῳ
3482 1184 3660 1239 δοκεῖ.

2073 1267 2238 1320 Οὐδὲν
2266 1267 2375 1337 γὰρ
2398 1268 2603 1321 τούτων
2626 1268 2736 1322 τῶν
2768 1270 3018 1340 ὀργάνων
3039 1272 3177 1343 πρὸς
3202 1274 3484 1343 ἁμαρτίαν
3512 1277 3664 1329 ἐστὶν

2074 1356 2510 1427 εὑολισθότερον,
2547 1359 2621 1429 μὴ
2661 1358 2809 1430 λόγῳ
2845 1359 3388 1432 παιδαγωγουμένων
3408 1381 3423 1394 ·
3454 1366 3545 1418 καὶ
3568 1367 3664 1419 οὑ-

2072 1448 2163 1500 δὲν
2194 1449 2358 1501 πάλιν
2396 1448 2532 1519 πρὸς
2564 1451 2841 1521 σωτηρίαν
2878 1452 3066 1506 αὑτῶν
3116 1455 3487 1526 ἑτοιμότερον,
3524 1459 3662 1512 τάσ-

2077 1557 2263 1603 σοντος
2292 1541 2434 1593 αὑτὰ
2465 1541 2562 1593 τοῦ
2600 1540 2784 1609 λόγου,
2831 1542 2928 1597 καὶ
2965 1544 3324 1615 ρυθμίζοντος
3374 1547 3471 1601 καὶ
3511 1548 3599 1619 ἐφ’
3626 1549 3665 1604 ἃ

2074 1629 2157 1683 δεῖ
2185 1631 2279 1683 καὶ
2304 1630 2557 1699 βούλεται
2585 1631 2833 1698 ἄγοντος.

374 1744 567 1784 eorum
598 1725 900 1796 castigetur
930 1740 1064 1781 usus
1084 1742 1101 1790 ;
1123 1723 1372 1794 nihilque
1406 1740 1602 1780 rursus
1627 1725 1693 1779 ad
1729 1725 1964 1780 salutem
2003 1725 2072 1779 iis
2094 1726 2430 1796 expeditius,
2482 1726 2775 1782 ordinante
2817 1741 2882 1782 ea
2922 1729 3159 1796 ratione,
3180 1745 3248 1786 ac
3270 1741 3662 1803 componentc,

373 1834 552 1888 eoque
599 1816 839 1871 ducente
901 1830 1015 1885 quo
1082 1828 1265 1884 opera:
1310 1815 1550 1885 pretium
1592 1814 1665 1869 sit
1725 1829 1789 1868 ac
1838 1823 1975 1869 nutu
2011 1816 2165 1870 velit.

443 1910 524 1965 Ne
571 1924 702 1979 ergo
734 1923 832 1978 pro
865 1907 1011 1960 virili
1059 1914 1245 1961 nostra
1294 1907 1406 1961 Deo
1449 1908 1680 1977 obsequi
1730 1909 1969 1979 negliga-

2142 1909 2235 1981 Μὴ
2268 1910 2455 1963 τοίνυν
2493 1910 2868 1982 ἀμελήσωμεν
2897 1911 3039 1966 κατὰ
3075 1913 3308 1984 δύναμιν
3345 1917 3442 1971 τοῦ
3480 1918 3667 1972 πείθε-

342 2019 519 2077 _mus,
553 2002 648 2073 qui
683 2000 751 2054 ad
789 2011 1051 2055 aeternam
1087 2015 1188 2055 nos
1218 2000 1384 2055 vitam
1433 2017 1495 2056 ac
1526 2002 1749 2055 beatum
1779 2002 1967 2066 ﬁnem,

374 2095 691 2150 divinorum
734 2108 798 2148 ac
831 2093 1154 2148 salutarium
1189 2093 1574 2148 mandatorum
1606 2109 1836 2149 suorum
1875 2109 1972 2150 ex-

374 2187 658 2244 secutione
695 2195 877 2251 vocet,
915 2200 1028 2255 quo
1062 2185 1328 2240 nimirum
1360 2186 1801 2241 miscricordiam
1828 2187 1972 2242 acci-

374 2278 611 2351 piamus,
646 2293 711 2333 ac
740 2278 973 2348 gratiam
1025 2277 1373 2331 inveniamus
1417 2277 1473 2331 in
1515 2277 1722 2332 auxilio
1762 2294 1968 2349 oppor-

375 2380 530 2425 tuno.
571 2370 760 2426 Gratia
805 2368 978 2434 enim,
1015 2368 1193 2438 inquit
1234 2367 1457 2422 divinus
1487 2367 1806 2436 Apostolus,
1849 2384 1970 2423 cum

374 2462 615 2517 omnibus
651 2463 740 2531 qui
774 2461 1003 2531 diligunt
1026 2461 1316 2515 Dominum
1344 2470 1583 2515 nostrum
1614 2461 1796 2515 Iesum
1820 2460 1973 2516 Chri-

375 2568 515 2612 stum
548 2558 603 2610 in
635 2556 1029 2625 incorruptione
1062 2565 1119 2621 P;
1152 2554 1256 2609 hoc
1296 2563 1402 2619 est,
1444 2553 1537 2623 qui
1579 2568 1706 2608 cum
1748 2551 1973 2610 virtutis

376 2646 812 2716 incorruptione,
859 2644 1095 2713 vitaeque
1142 2660 1312 2713 pune,
1358 2660 1461 2698 nec
1494 2644 1762 2697 simulatae
1800 2643 1967 2712 quid-

376 2756 542 2811 quam
589 2738 794 2809 speciei
844 2737 1120 2798 habentis,
1156 2736 1467 2803 honestate,
1502 2735 1793 2789 Dominum
1843 2735 1970 2790 dili-

377 2841 535 2901 gunt,
569 2827 825 2883 faciendo
852 2826 974 2897 ejus
1020 2825 1351 2890 voluntates,
1395 2826 1646 2894 nihilque
1692 2839 1722 2879 e
1768 2824 1973 2881 divinis

380 2922 533 2977 illius
563 2917 840 2974 mandatis
868 2925 1254 2985 corrumpunt.

450 3009 694 3081 Dionysii
732 3005 1066 3076 Areopagitae
1107 3006 1303 3076 elogia.
1338 3006 1540 3073 Vidute,
1573 3008 1789 3079 ejusque
1834 3009 1969 3062 duo-

380 3122 500 3159 rum
520 3098 850 3158 minutorum
874 3098 1152 3170 multiplex
1195 3098 1478 3172 allegoria.
1500 3131 1571 3140 —
1591 3101 1717 3156 Haec
1743 3101 1966 3171 quidem

379 3210 484 3269 ego
514 3196 637 3254 hoc
674 3200 1000 3265 argumento
1042 3201 1260 3261 sperata
1310 3192 1641 3248 obedientiaa
1713 3193 1967 3249 mercede

2080 2002 2204 2056 σθαι
2240 2002 2318 2071 τῷ
2362 2003 2502 2073 Θεῷ,
2550 2002 2807 2057 καλοῦντι
2842 2006 2992 2075 ἡμᾶς
3030 2008 3107 2069 είς
3137 2006 3288 2079 ζωὴν
3315 2008 3534 2064 αἰώνιον
3568 2011 3666 2066 καὶ

2081 2097 2354 2166 μακάριον
2402 2094 2578 2159 τέλος,
2608 2095 2696 2149 διὰ
2726 2097 2824 2167 τῆς
2865 2098 3129 2166 ἐργασίας
3168 2100 3279 2154 τῶν
3305 2102 3473 2156 αὑτοῦ
3501 2103 3666 2161 θείων

2076 2201 2136 2236 τε
2170 2186 2263 2238 καὶ
2301 2185 2587 2256 σωτηρίων
2621 2185 2883 2238 ἐντολῶν·
2934 2186 3020 2238 ἵνα
3060 2186 3321 2258 λάϐωμεν
3365 2189 3536 2255 ἕλεος,
3567 2192 3665 2246 καὶ

2077 2275 2239 2346 χάριν
2271 2274 2524 2345 εὕρωμεν
2564 2279 2644 2340 είς
2687 2275 2944 2346 εὔκαιρον
2984 2276 3261 2349 βοήθειαν
3309 2280 3368 2334 Ἠ
3408 2281 3519 2352 γὰρ
3551 2282 3663 2351 χὰ-

2070 2384 2186 2435 ρις,
2224 2369 2391 2438 φησὶν
2430 2371 2458 2422 ὁ
2507 2368 2652 2431 θεῖος
2685 2369 3041 2435 Ἀπόστολος,
3064 2371 3219 2440 μετὰ
3266 2371 3515 2427 πάντων
3542 2372 3664 2428 τῶν

2075 2458 2442 2525 ἀγαπώντων
2491 2460 2599 2514 τὸν
2643 2462 2864 2529 Κύριον
2910 2460 3082 2530 ἡμῶν
3129 2463 3369 2530 Ἰησοῦν
3403 2463 3666 2532 Χριστὸν

2074 2550 2147 2603 ἐν
2182 2552 2520 2621 ἀφθαρσίᾳο
2545 2555 2815 2619 τουτέστι,
2859 2555 2966 2608 τῶν
3003 2554 3144 2626 μετὰ
3172 2556 3271 2626 τῆς
3298 2558 3420 2609 κατ’
3453 2557 3660 2627 ἀρετὴν

2077 2642 2409 2712 ἀφθαρσίας,
2439 2644 2536 2697 καὶ
2566 2644 2664 2714 τῆς
2711 2645 2854 2699 κατά
2894 2646 2989 2699 τὸν
3039 2645 3155 2715 βίον
3191 2647 3435 2715 καθαρᾶς
3464 2663 3522 2699 τε
3559 2649 3654 2699 καὶ

2075 2734 2441 2805 ἀνυποκρίτου
2474 2736 2805 2807 σεμνότητος
2840 2735 3179 2805 ἀγαπώντων
3205 2737 3293 2790 τὸν
3326 2737 3553 2808 Κύριον,
3593 2737 3656 2789 ὲν

2074 2823 2153 2895 τῷ
2198 2829 2371 2878 ποιεῖν
2415 2827 2581 2879 αὑτοῦ
2619 2827 2690 2880 τά
2730 2827 3016 2898 θελήματα
3042 2843 3054 2858 ·
3084 2829 3181 2882 καὶ
3233 2829 3308 2900 μὴ
3350 2828 3661 2899 παραψθει-

2076 2915 2281 2988 ρόντων
2312 2935 2365 2971 τι
2403 2919 2514 2972 τῶν
2545 2918 2704 2971 θείων
2723 2920 2888 2973 αὑτοῦ
2916 2922 3377 2992 προσταγμάτων.

2147 3009 2331 3063 Ταῦτα
2364 3010 2463 3080 μὲν
2496 3008 2612 3077 ἐγὼ
2643 3011 3003 3081 περὶτούτων
3032 3012 3121 3067 διά
3144 3013 3238 3067 τὸν
3276 3013 3391 3083 τῆς.
3411 3011 3662 3082 ὑπακοῆς

2079 3101 2292 3170 μισθὸν,
2324 3101 2467 3155 κατὰ
2494 3102 2747 3171 δύναμιν,
2779 3104 2855 3169 ὡς
2894 3104 3200 3177 ἐδιδάχθην,
3229 3107 3524 3178 ἐξεθέμην,
3553 3105 3664 3160 τῶν

2080 3198 2502 3269 μυστικωτέρων
2550 3214 2611 3251 τε
2647 3200 2743 3252 καὶ
2780 3199 3130 3270 ὑψηλοτέρων
3162 3202 3409 3271 ἅψασθαι
3441 3206 3518 3275 μὴ
3544 3201 3664 3255 τολ-

383 3289 666 3351 inductus,
700 3299 802 3356 pro
829 3283 972 3338 virili
999 3298 1143 3347 mea,
1177 3283 1251 3338 ita
1284 3292 1345 3339 ut
1374 3283 1573 3339 doctus
1609 3299 1782 3350 eram,
1808 3300 1969 3355 expo-

2082 3292 2295 3362 μήσας·
2331 3292 2479 3360 ἅπερ
2508 3294 2557 3346 εἰ
2604 3294 2763 3347 ποθεί
2799 3311 2883 3357 τις
2914 3294 3119 3364 γνῶναι
3163 3295 3274 3350 τῶν
3318 3283 3659 3366 φιλομαθῶν,

381 3382 491 3446 sui,
515 3396 625 3436 non
650 3395 817 3435 ausus
855 3378 912 3433 in
938 3394 1004 3434 ea
1033 3394 1257 3434 manum
1302 3377 1544 3443 mittere,
1587 3391 1712 3447 qua:
1750 3376 1972 3431 abstru-

308 3526 315 3533 ,
380 3473 525 3528 siora
563 3481 692 3526 sunt
732 3486 799 3526 ac
823 3471 1167 3526 sublimiora.
1200 3469 1326 3524 Haec
1355 3470 1400 3523 si
1450 3468 1577 3538 quis
1616 3467 1802 3523 studio
1842 3468 1969 3522 dili-

382 3566 598 3637 gentior
641 3580 804 3619 nosse
847 3564 1013 3629 velit,
1059 3564 1206 3634 legat
1245 3578 1368 3633 quae
1411 3568 1638 3617 sanctus
1679 3561 1972 3633 Dionysius

383 3656 708 3726 AreOpagita
738 3655 827 3710 his
850 3655 918 3710 de
942 3656 1110 3711 rebus
1134 3655 1319 3709 divine
1344 3654 1671 3720 elaboravit,
1700 3668 1764 3709 ac
1790 3653 1970 3724 reipsa

384 3746 656 3818 patefacta
699 3761 896 3800 arcana
956 3747 1218 3819 mysteria
1260 3746 1524 3811 olfendet,
1573 3754 1871 3817 praistante
1914 3744 1970 3799 id

385 3839 522 3894 tanti
553 3837 803 3893 muneris
832 3837 1074 3893 humano
1113 3839 1323 3910 generi,
1353 3838 1542 3894 divino
1588 3837 1789 3892 mentis
1827 3838 1969 3909 ejus,

384 3945 450 3985 ac
475 3930 676 4000 lingua:
700 3928 1090 3996 instrumento,
1117 3938 1331 4002 propter
1358 3946 1465 3993 eos,
1490 3930 1581 3998 qui
1608 3931 1970 3984 hereditatem

382 4023 591 4093 capient
620 4019 809 4075 salutis
849 4032 897 4076 ιι.
922 4021 1001 4077 Ae
1044 4022 1320 4092 siquidem
1365 4022 1511 4077 haud
1542 4021 1796 4092 procula
1829 4022 1972 4076 desi-

384 4114 539 4170 derio
566 4123 750 4169 vestro
776 4114 924 4170 dicta
950 4114 1327 4180 desciverunt,
1360 4113 1585 4170 Christo
1630 4113 1836 4186 gratias
1874 4113 1973 4168 bo-

383 4222 582 4262 norum
615 4206 884 4277 largitori,
916 4206 1204 4275 vobisque,
1230 4206 1324 4275 qui
1375 4214 1434 4260 ut
1462 4205 1724 4270 dicerem,
1751 4205 1861 4259 vim
1894 4205 1974 4260 fe-

384 4298 557 4355 cistis.
589 4295 684 4352 Sin
704 4306 890 4352 autem
915 4296 1076 4365 longe
1099 4295 1443 4365 multumque
1468 4295 1538 4350 ab
1561 4311 1658 4365 spe
1682 4295 1967 4363 deficiunt,

382 4390 661 4462 quomodo
688 4388 896 4444 alliciar
922 4385 1122 4456 quidve
1153 4401 1329 4456 agam,
1365 4386 1461 4455 qui
1507 4386 1808 4442 humanum
1838 4388 1971 4458 quid

381 4484 617 4539 dicendo
653 4493 871 4552 passus,
917 4477 1361 4547 imbecilliorque
1405 4477 1751 4541 exstiterim?
1792 4479 1971 4534 Imbe-

382 4574 586 4630 cillitas
630 4571 781 4629 enim
835 4585 947 4624 non
994 4583 1234 4640 poenam,
1280 4568 1374 4624 sed
1424 4569 1639 4623 veniam
1674 4578 1966 4639 provocat;

385 4767 494 4825 tur,
528 4757 676 4828 quod
717 4765 803 4811 est
833 4770 934 4825 pro
963 4754 1244 4820 facultate,
1276 4771 1341 4810 ac
1370 4765 1631 4825 praestare
1661 4762 1843 4825 potest
1873 4753 1969 4824 qui

384 4867 498 4906 rem
528 4847 795 4918 suscipit;
824 4863 949 4903 cum
977 4846 1174 4918 primis
1197 4854 1380 4902 autem
1403 4846 1579 4912 vobis,
1609 4846 1812 4916 quibus
1836 4859 1970 4901 con-

383 4944 639 4999 stitutum
670 4942 743 4996 sit
774 4949 835 4994 ut
864 4945 1088 5009 propter
1122 4939 1295 4993 Deum
1325 4937 1584 5008 diligatis.
1611 4938 1748 4992 Nam
1771 4949 1829 4992 et
1856 4937 1970 4991 Deo

384 5037 615 5091 charum
655 5039 1054 5102 acceptumque
1079 5037 1184 5093 est,
1210 5028 1479 5099 quidquid
1519 5032 1736 5085 sincere
1766 5044 1867 5099 pro
1893 5028 1971 5083 fa-

384 5130 587 5184 cultate
613 5142 681 5180 ex
703 5125 887 5179 animo
929 5122 1182 5186 oll‘ertur,
1217 5121 1433 5177 tametsi
1468 5120 1654 5176 habita
1699 5122 1968 5191 majorum

385 5220 598 5274 ratione
636 5217 778 5271 exile
822 5215 956 5270 illud
1006 5214 1307 5270 videbitur.
1355 5213 1402 5270 ls
1455 5230 1691 5285 namque
1722 5214 1968 5276 viduam,

388 5327 508 5381 qua:
536 5312 647 5365 duo
677 5308 889 5363 minuta
921 5308 1216 5374 obtulerat,
1243 5308 1471 5363 minime
1507 5308 1712 5378 repulit
1746 5316 1792 5373 ι,
1825 5320 1974 5376 qua}-

2071 3386 2186 3445 τοῐς
2229 3384 2593 3453 περὶτούτων
2638 3384 2717 3456 τῷ
2766 3386 2909 3457 ἁγίῳ
2954 3388 3217 3459 Διονυσίῳ
3260 3388 3339 3459 τῷ
3395 3390 3665 3459 Ἀρεοπα-

2072 3475 2199 3543 γὶτῃ
2236 3472 2435 3536 ἐνθέως
2474 3474 2789 3545 πονηθεῖσιν
2835 3475 3073 3547 ἐντύχοι,
3116 3478 3211 3530 καὶ
3260 3478 3495 3549 εὑρήσει
3540 3478 3662 3533 κατ’

2072 3565 2332 3635 ἀλήθειαν
2366 3567 2686 3636 μυστηρίων
2723 3569 2978 3639 ἀρρήτων
3025 3569 3393 3639 ἀποκάλυψιν,
3429 3571 3518 3624 διά
3544 3570 3665 3641 τῆς⁹

2073 3653 2227 3716 θείας
2258 3652 2426 3706 αὑτοῦ
2472 3656 2568 3708 καὶ
2605 3655 2847 3720 διανοίας
2879 3658 2976 3710 καὶ
3009 3657 3259 3728 γλώττης
3305 3659 3663 3731 χαρισθεῖσαν

2072 3745 2150 3815 τῷ
2172 3744 2281 3797 τῶν
2316 3743 2623 3814 ἀνθρώπων
2642 3748 2812 3815 γένει,
2851 3748 2939 3801 διὰ
2958 3749 3086 3811 τοὺς
3121 3749 3417 3818 μέλλοντας
3457 3750 3660 3821 κληρο-

2071 3838 2260 3906 νομεῖν
2300 3838 2600 3908 σωτηρίαν.
2627 3838 2738 3891 Καὶ
2769 3839 2829 3889 εἴ
2844 3839 2943 3907 μὲν
2988 3839 3123 3891 πολὺ
3149 3839 3250 3909 τῆς
3283 3839 3440 3909 ὑμῶν
3470 3840 3662 3893 ἐπιθυ-

2076 3933 2207 4001 μίας
2231 3932 2331 3985 οὑκ
2365 3931 2759 3992 ἀποπέπτωκε,
2796 3929 2873 4000 τῷ
2896 3929 3121 4001 Χριστῷ
3148 3932 3309 4001 χάρις
3334 3930 3413 4001 τῷ
3438 3931 3666 4003 χορηγῷ

2071 4024 2182 4077 τῶν
2224 4023 2424 4088 καλῶν,
2458 4024 2554 4076 καὶ
2597 4023 2726 4092 ὑμῖν
2754 4025 2866 4086 τοῖς
2895 4021 3150 4092 λεχθῆναι
3180 4022 3354 4077 ταῦτα
3390 4025 3661 4094 βιασαμέο

2073 4130 2207 4178 νοις.
2245 4115 2309 4168 Εἰ
2340 4114 2398 4167 δὲ
2439 4113 2660 4183 μακράν
2702 4129 2806 4165 που
2837 4112 2933 4165 καὶ
2970 4114 3106 4166 πολὺ
3137 4113 3239 4184 τῆς
3273 4115 3489 4178 ἐλπίδος
3523 4117 3661 4171 ἀπο-

2073 4205 2351 4260 λείπεται·
2413 4207 2466 4259 τί
2521 4199 2702 4269 πάθω,
2756 4205 2789 4275 ἦ
2841 4205 2893 4258 τί
2957 4205 3163 4276 δράσω,
3200 4207 3329 4278 περὶ
3380 4208 3440 4260 τὸ
3476 4207 3713 4276 λέγειν.

2039 4313 2043 4317 ·
2074 4297 2419 4367 ἀσθενήσας;
2454 4296 2810 4365 Συγγνωστὸν
2841 4297 2970 4368 γὰρ,
3000 4298 3061 4349 οὑ
3091 4298 3420 4369 τιμωρητὸν,
3441 4301 3474 4369 ἡ
3503 4298 3665 4353 ἀσθέ-

2073 4404 2221 4442 νεια·
2268 4385 2362 4441 καὶ
2407 4386 2708 4440 ἀποδεκτὸν
2770 4387 2991 4456 μᾶλλον,
3037 4387 3151 4441 ἀλλ’
3186 4389 3249 4441 οὑ
3296 4391 3549 4460 μεμπτὸν
3599 4392 3662 4445 τὸ

2074 4475 2354 4549 ἐγχωροῦν
2399 4477 2495 4530 καὶ
2532 4476 2913 4546 ἐνδεχόμενον’
2960 4476 3054 4532 καὶ
3105 4478 3322 4549 μάλισθ’
3357 4481 3509 4549 ὑμῖν,
3546 4484 3664 4546 τοῖς

2072 4568 2296 4638 ἀγαπᾷν
2316 4565 2404 4619 διὰ
2437 4565 2528 4619 τὸν
2554 4564 2690 4617 Θεὸν
2715 4564 3096 4636 προθεμένοις.
3129 4555 3238 4622 Καῖ
3274 4567 3394 4639 Θεῷ
3421 4569 3477 4622 δὲ
3506 4568 3667 4636 φίλον

274 4728 279 4737 ρ
383 4668 665 4739 magisque
692 4662 969 4728 laudetur,
996 4678 1161 4733 quam
1197 4662 1425 4734 dignum
1450 4661 1727 4733 vituperio
1762 4662 1969 4719 habea-

2074 4660 2135 4713 τὸ
2173 4657 2315 4712 κατά
2360 4656 2592 4727 δύναμιν
2624 4655 2771 4709 ἆπαν
2796 4656 3036 4726 γνησίως
3066 4659 3129 4710 ἐκ
3157 4657 3339 4728 ψυχῆς
3379 4663 3663 4730 προσαγό-

2080 4767 2262 4822 μενον,
2288 4746 2394 4801 κᾶν
2422 4747 2621 4818 μικρὸν
2654 4748 2941 4818 συγκρίσει
2970 4748 3227 4817 μεγάλων
3270 4751 3530 4820 ὑπάρχον
3557 4767 3665 4819 φα-

2085 4845 2313 4911 νήσεται
2334 4856 2349 4870 ·
2375 4840 2435 4904 ὃς
2466 4840 2587 4893 οὐδὲ
2619 4838 2718 4910 τὴν
2751 4841 2950 4911 χήραν,
2984 4841 3053 4894 τὰ
3080 4841 3174 4895 δύο
3201 4841 3373 4896 λεπτά
3421 4860 3669 4915 προσκο-

2083 4933 2341 5003 μίσασαν,
2375 4929 2666 4984 ἀπεώσατο
2689 4948 2702 4961 ·
2728 4931 2852 5000 ἥτις
2897 4932 3029 4984 ποτὲ
3063 4927 3129 5002 ἦν
3152 4933 3184 5003 ἡ
3210 4933 3354 5003 χήρα
3378 4933 3541 5004 αὕτη,
3568 4934 3668 4988 καὶ

2076 5027 2146 5078 τὰ
2181 5023 2276 5079 δύο
2313 5022 2490 5077 λεπτά
2517 5037 2533 5054 ⁶
2566 5008 2677 5076 εἴτε
2717 5022 2866 5093 ψυχὴ
2926 5023 3128 5088 κακίας
3191 5026 3530 5096 χηρεύουσα,
3570 5028 3668 5080 καὶ¹

2077 5120 2270 5190 ὥσπερ
2319 5119 2490 5190 ἄνδρα
2530 5118 2623 5171 τὸν
2668 5118 2896 5172 παλαιὸν
2924 5118 3023 5188 μὲν
3055 5120 3440 5191 ἀποϐαλομένη
3474 5123 3665 5191 νόμον,

2080 5213 2237 5267 οὑπω
2273 5213 2331 5267 δὲ
2365 5214 2463 5282 τῆς
2500 5211 2637 5282 πρὸς
2690 5210 2780 5263 τὸν
2805 5211 2979 5278 Λόγον
3021 5211 3114 5263 καὶ
3143 5211 3274 5263 Θεὸν
3311 5211 3490 5278 ἄκρας
3533 5230 3667 5266 συν-

2081 5306 2276 5374 αφεξας
2311 5304 2437 5370 ἀξία
2457 5318 2469 5332 ’
2509 5300 2860 5372 προσάγουσα
2904 5300 2959 5353 δὲ
2986 5301 3132 5370 ὅμως
3159 5299 3309 5370 αὑτῷ
3340 5301 3669 5372 appaream;

462 5460 490 5497 ρ
524 5450 725 5519 Ephes.
758 5465 831 5513 γι,
854 5449 945 5503 24.
1019 5459 1048 5499 ιι
1088 5448 1253 5504 Hebr.
1281 5466 1319 5516 ι,
1375 5450 1461 5506 ii.
1543 5460 1566 5488 ι’
1608 5451 1754 5505 Marc
1782 5445 1969 5513 xm“:

2073 5464 2114 5516 1.
2142 5464 2157 5512 ;
2187 5446 2320 5525 Luc.
2357 5462 2467 5510 XXI,
2502 5445 2547 5529 2
2577 5458 2724 5513 seqq.

1707 5560 1944 5617 nam
1988 5548 2390 5615 LEC'H‘UMLS.

459 5660 507 5691 ⁸⁵
562 5656 901 5725 ἀσυμπαθῶς
963 5657 1024 5710 C.
1062 5657 1126 5710 A.
