4068 6142
499 222 596 314 ‘m

1874 250 2379 313 MYSTAGOGIA.

3651 250 3758 314 718

491 366 638 438 λόγῳ
663 366 854 437 ὥσπερ
900 364 1095 431 λεπτὰ,
1127 365 1219 419 τὸν
1256 365 1396 427 τέως
1436 364 1749 435 σύμμετρον
1778 364 1939 435 λόγον
1980 366 2078 419 καὶ

2180 383 2398 438 cunque
2448 377 2659 424 tantum
2705 367 2869 423 vidua
2917 368 3052 432 hac,
3101 368 3331 439 ejusque
3389 364 3501 421 duo
3546 366 3760 420 minuta

499 454 703 527 βίονοῆ
737 453 917 508 πίστιν
964 453 1062 507 καὶ
1104 452 1314 524 ἀγαθὴν
1354 450 1692 522 συνείδησιν·
1807 454 1903 526 τὴν
1944 457 2072 526 περὶ

492 548 602 601 τῶν
662 547 901 600 καλῶν⁶⁷
959 546 1074 612 ἕξιν
1119 546 1214 600 καὶ
1265 545 1581 617 ἐνέργειαν*
1630 536 1670 617 ἢ
1721 549 1819 617 τὴν
1863 548 2073 613 τούτοις

495 638 808 709 πρόσφορον
838 637 1077 709 θεωρίαν
1120 637 1215 691 καὶ
1258 637 1458 708 πρᾶξιν
1485 653 1496 665 ⁸
1556 637 1589 709 ἢ
1650 640 1755 709 τὴν
1804 639 2073 707 ἀνάλογον

495 728 698 798 γνῶσιν
738 730 835 783 καὶ
871 730 1106 800 ἀρετήν·
1156 728 1190 800 ἦ
1232 730 1362 791 τοὺς
1411 729 1612 799 μικρὸν
1679 730 1821 801 ὑπὲρ
1875 730 2072 795 ταῦτα,

498 820 642 891 φημὶ
685 820 741 874 δὲ
787 823 914 884 τοὺς
950 822 1008 873 ὲν
1048 820 1126 891 τῷ
1160 818 1383 890 φυσικῷ
1428 822 1523 873 καὶ
1551 818 1632 890 τῷ
1663 821 1897 893 γραπτῷ
1925 822 2076 894 νόμῳ

497 912 708 980 λόγους,
739 912 833 976 οὒς
872 914 906 983 ἡ
946 912 1091 983 ψυχὴ
1119 911 1455 982 κεκτημένη,
1487 911 1610 964 κατ’
1655 912 1914 968 ἔκστασιν
1948 913 2072 967 τού-

497 1020 605 1057 των
645 1006 739 1057 καὶ
766 1005 959 1073 ἄφεσιν
995 1005 1071 1068 ὡς
1097 1005 1220 1057 ὅλου
1264 1003 1383 1073 βίου
1429 1005 1520 1057 καὶ
1557 1004 1727 1074 ζωῆς,
1775 1005 1922 1076 μόνῳ
1953 1023 2050 1060 συν

498 1095 732 1167 αφθῆναι
754 1097 828 1164 τῷ
847 1097 1007 1167 Λόγῳ
1035 1096 1130 1149 καὶ
1149 1095 1269 1165 Θεῷ
1293 1097 1616 1168 βουλομένη,
1654 1097 1952 1167 προσάγει·
1983 1100 2077 1152 καὶ

496 1186 605 1240 τῶν
640 1187 781 1240 κατὰ
828 1187 988 1255 φύσιν
1036 1187 1132 1240 καὶ
1166 1186 1332 1257 νόμον
1382 1186 1575 1257 βιαίων
1629 1187 1846 1256 τρόπων
1874 1204 1934 1238 τε
1981 1191 2076 1241 καὶ

497 1277 713 1346 θεσμῶν
745 1278 838 1329 καὶ
868 1276 1026 1338 ἐθῶν,
1055 1276 1245 1348 ὥσπερ
1279 1277 1490 1348 ἀνδρῶν
1525 1277 1783 1347 χηρεύειν
1826 1277 2069 1346 δέχεταισ

496 1368 607 1421 εἴτε
647 1385 701 1421 τι
747 1368 876 1422 ἄλλο
919 1369 1126 1422 τούτων
1166 1368 1707 1438 πλευματικώτερον,
1752 1370 1847 1422 καὶ
1892 1370 2075 1439 μόνοις

489 1461 769 1536 ,θεωρητὸν
820 1463 932 1524 τοῖς
984 1461 1241 1532 καθαροῖς
1275 1460 1667 1534 τὴέδιὰνοιαν,
1697 1460 1785 1514 διὰ
1828 1461 1922 1513 τοῦ
1952 1462 2074 1514 καθ’

500 1552 742 1622 ἱστορίαν
776 1552 1161 1622 πληρωθέντος
1198 1553 1524 1623 γράμματος
1574 1555 1602 1605 ὁ
1641 1552 1799 1619 λόγος
1832 1553 2073 1605 αἰνίττε-

496 1657 604 1695 ται.
640 1642 825 1695 Πάντα
866 1643 981 1713 γὰρ
1014 1643 1093 1709 τῷ
1139 1645 1281 1696 κατὰ
1318 1642 1598 1710 θεολογίαν
1627 1643 1910 1713 ὲποπτικῷ
1942 1660 2075 1711 συγ-

498 1733 797 1802 κρινόμενα
857 1711 1022 1804 λόγῳ,
1074 1735 1142 1788 τὰ
1178 1735 1237 1787 ὲν
1287 1733 1597 1804 ἀνθρώποις
1636 1711 1898 1787 δοκοῦντα
1953 1737 2076 1787 κατ’
2112 1711 2152 1769 Β

497 1825 701 1895 ἀρετὴν
732 1822 873 1879 εἶναι
905 1825 1143 1896 μεγάλα,
1174 1825 1349 1897 μικρὰ
1391 1824 1677 1903 τυγχάνει.
1720 1824 1870 1894 Πλήν
1898 1840 1964 1892 γε
1993 1825 2077 1878 ὅτι

402 1958 413 1969 ,
497 1915 601 1970 κᾶν
648 1917 845 1988 μικρὰ,
885 1917 981 1971 καὶ
1022 1919 1081 1984 ἐξ
1131 1917 1264 1988 ῦλης
1311 1915 1563 1978 εὐτελοῦς
1598 1916 1694 1969 καὶ
1725 1915 1786 1968 οὐ
1830 1916 1963 1970 πολὺ
1994 1933 2080 1969 τι-

502 2008 663 2079 μίας’
715 2009 831 2063 ἀλλ’
875 2005 969 2064 οῦν
1010 2012 1123 2072 τοῖς
1169 2012 1234 2062 ὲκ
1282 2007 1487 2080 χρυσοῦ
1541 2005 1842 2078 νομίσμασι
1888 2006 1990 2077 τῆς
2021 2009 2079 2060 ὲν

499 2098 654 2164 ῦλαις
690 2100 1046 2172 τιμιωτέρας,
1090 2099 1127 2155 ἃ
1173 2099 1581 2170 προσφέρουσιν
1609 2098 1659 2150 οἱ
1689 2094 2083 2169 εὐπορώτεροι,

500 2193 642 2247 κατὰ
671 2192 732 2246 τδ
760 2194 872 2246 ἴσον
898 2194 988 2247 τὸν
1024 2191 1301 2263 βασιλικὸν
1324 2190 1649 2263 χαρακτῆρα
1672 2188 1926 2259 φέροντα,
1944 2188 2086 2243 κατὰ

502 2283 621 2353 [xui
657 2282 742 2355 τὸ]
783 2283 952 2337 πλέον
997 2285 1130 2347 ἴσως
1186 2282 1380 2354 ἔχοντα
1416 2281 1516 2352 τῆς
1553 2277 1939 2352 προσαγούσης
1988 2278 2086 2348 τὴν

506 2373 565 2438 ἐξ
591 2372 719 2443 ὅλης
753 2373 1047 2438 διαθέσεως
1073 2372 1354 2444 πρόθεσιν.

2175 456 2421 525 fuerint;
2448 458 2565 514 sive
2606 459 2791 512 anima
2817 458 2958 512 vitio
2985 455 3150 511 vidua
3195 471 3260 510 ac
3287 470 3408 525 quae
3450 453 3557 508 viri
3586 452 3764 507 instar

2176 552 2352 606 veteri
2385 551 2587 606 amissa
2617 553 2757 621 lege,
2787 550 3035 605 nondum
3059 563 3275 604 summa
3307 547 3397 602 illa
3431 562 3497 602 ac
3518 543 3762 616 perfecta

2176 659 2299 697 rum
2333 643 2512 699 Verbo
2553 658 2617 698 ac
2659 643 2771 697 Deo
2804 641 3194 711 conjunctione
3241 638 3406 709 digna
3446 645 3629 702 esset;
3671 634 3761 690 cui

2180 744 2363 789 tamen
2404 734 2735 789 arrhabonis
2784 735 2906 788 loco
2960 732 3115 787 velut
3153 730 3264 785 duo
3308 729 3469 799 527
3518 728 3765 787 minuta.

2176 834 2644 894 contemperatam
2689 824 2960 879 rationem
3002 838 3067 877 ac
3115 821 3284 874 vitam
3333 818 3596 884 oll‘erret;
3647 816 3764 872 sive

2177 914 2340 970 ﬁdem
2363 931 2428 969 ac
2474 915 2671 971 bonam
2694 915 3110 978 conscientiam,
3146 914 3263 968 sive
3303 899 3448 966 circa
3470 910 3763 965 honestum

2176 1017 2488 1062 versantem
2517 1007 2765 1063 habitum
2817 1015 2874 1062 et
2921 1018 3128 1071 actum,
3172 1005 3289 1059 sive
3332 1002 3420 1057 his
3459 1016 3763 1072 congruam

2177 1099 2694 1168 contemplationem
2725 1107 2782 1153 et
2810 1098 3114 1162 actionem,
3144 1096 3261 1151 sive
3313 1110 3435 1165 quae
3465 1093 3574 1148 illis
3614 1100 3765 1147 certa

2176 1189 2411 1257 quadam
2439 1189 2652 1244 ratione
2688 1188 3044 1258 respondent,
3070 1187 3361 1243 scientiam
3404 1193 3571 1254 atque
3593 1183 3767 1237 virtu-

2177 1288 2327 1345 tem;
2363 1279 2479 1334 sive
2523 1295 2646 1349 quae
2679 1280 2842 1349 paulo
2873 1279 2981 1333 hoc
3019 1285 3304 1348 superant,
3332 1276 3389 1330 in
3429 1274 3670 1329 naturali
3702 1289 3768 1328 ac

2176 1370 2381 1437 scripta
2421 1370 2540 1439 lege
2580 1371 2790 1440 positas
2831 1370 3107 1435 rationes,
3152 1383 3310 1438 quas,
3358 1383 3481 1437 qua:
3523 1365 3770 1437 possidet

2177 1461 2379 1524 anima,
2424 1461 2491 1516 iis
2528 1462 2866 1528 cxcedendo,
2894 1461 3155 1530 velutque
3199 1457 3565 1514 substantiam
3595 1464 3765 1511 totam

2178 1568 2239 1606 ac
2282 1552 2488 1606 victum
2544 1552 2941 1623 relinquendo,
2999 1551 3099 1607 soli
3138 1550 3321 1607 Verbo
3361 1565 3423 1605 ac
3448 1549 3560 1604 Deo
3600 1563 3771 1618 copu-

2154 1632 2281 1696 ‘lari
2324 1644 2596 1709 ambiens,
2635 1644 2833 1704 oll‘ert.
2868 1644 3158 1713 libensque
3202 1642 3390 1706 habet,
3423 1640 3569 1712 quod
3609 1647 3772 1694 natu-

2182 1734 2390 1789 ralibus
2424 1751 2488 1790 ac
2523 1736 2794 1806 legalibus
2837 1735 3097 1790 violentis
3142 1733 3344 1798 modis,
3374 1731 3552 1793 scitis.
3596 1730 3770 1785 mori-

2183 1827 2306 1893 bus,
2338 1835 2597 1898 tanquam
2621 1828 2774 1889 viris,
2800 1827 2968 1881 vidua
2997 1834 3113 1890 est;
3149 1824 3265 1881 sive
3294 1823 3445 1879 aliud
3468 1821 3771 1893 quidquam

2185 1919 2273 1973 his
2315 1921 2640 1989 spiritalius,
2675 1934 2741 1974 ac
2767 1920 2924 1989 cujus
2954 1919 3057 1974 soli
3102 1918 3310 1973 mundo
3351 1918 3520 1973 corde
3564 1914 3770 1970 intelli-

2184 2009 2424 2077 gentiam
2464 2017 2847 2078 assequantur,
2880 2023 2979 2078 per
3012 2008 3256 2062 litteram
3286 2007 3467 2077 reipsa
3504 2004 3771 2060 historice

2188 2097 2493 2167 impletam,
2523 2097 2808 2168 Scriptura
2846 2100 3119 2155 occultius
3159 2099 3382 2155 i’ndicat.
3416 2097 3773 2167 Quaecunque

2186 2189 2335 2243 enim
2363 2189 2626 2255 humana,
2654 2190 2760 2245 etsi
2786 2191 2991 2246 virtute
3012 2207 3208 2262 magna
3236 2191 3550 2256 videantur,
3575 2188 3776 2259 exigua

2188 2289 2340 2344 sunt,
2385 2281 2431 2334 si
2476 2295 2603 2335 cum
2652 2280 2841 2337 divina
2864 2283 2976 2352 jam
3020 2282 3351 2352 inspectrice
3382 2279 3595 2335 ratione
3637 2292 3771 2334 con-

2188 2371 2458 2427 ferantur.
2495 2372 2701 2427 Verum
2748 2373 2880 2429 licet
2909 2375 3128 2445 exigua,
3169 2388 3346 2444 exque
3386 2372 3480 2427 vili
3514 2385 3618 2426 nec
3649 2383 3801 2439 pre-.

504 2464 643 2520 tiosa
706 2467 1001 2522 admodum
1035 2467 1285 2533 materia,
1347 2481 1503 2537 teque
1547 2473 1728 2520 tamen
1795 2478 1859 2518 ac
1892 2476 2055 2518 aurea
2091 2466 2425 2522 numismata
2488 2466 2618 2539 (qua
2681 2468 2978 2538 pretiosior
3038 2468 3189 2523 nulla
3248 2466 3497 2538 materia)
3545 2480 3609 2521 ac
3653 2478 3776 2534 qua

504 2558 880 2628 opulentiores
907 2558 1171 2623 offerunt,
1197 2573 1319 2613 cum
1349 2557 1688 2627 obsignatam
1714 2554 1920 2624 regiam
1948 2554 2179 2626 ﬁguram
2212 2558 2440 2625 habent,
2488 2569 2603 2615 tum
2652 2560 2793 2616 forte
2827 2562 2993 2615 etiam
3060 2560 3346 2617 offerentis
3404 2575 3473 2616 ex
3535 2568 3654 2617 toto
3690 2559 3774 2615 af-

501 2648 648 2703 fectu
678 2649 961 2717 proposito
989 2657 1270 2719 praestant.

573 2744 791 2813 Ταύτην
821 2743 979 2811 κάγὼ
1018 2743 1358 2814 μιμούμενος
1384 2742 1485 2813 τὴν
1521 2743 1717 2813 χήραν,
1743 2740 1863 2812 Θεῷ
1894 2756 1954 2794 τε
1984 2739 2079 2794 καὶ

504 2835 654 2904 ὑμῖν,
680 2833 1052 2905 ἠγαπημένοι,
1092 2833 1162 2886 τὰ
1193 2833 1367 2903 μικρὰ
1404 2832 1578 2885 ταῦτα
1624 2833 1719 2885 καὶ
1742 2830 1954 2901 εὐτελῆ,
1990 2832 2084 2884 καὶ

456 2927 562 2992 νέξ
618 2924 869 2989 εὐτελοῦς
928 2926 1023 2979 καὶ
1073 2924 1300 2995 πτωχῆς
1370 2923 1614 2985 διανοίας
1667 2923 1765 2976 καὶ
1825 2922 2083 2992 γλώσσης

503 3018 952 3090 προενηνεγμένα
980 3018 1232 3088 νοήματά
1260 3033 1318 3070 τε
1357 3017 1453 3070 καὶ
1515 3016 1737 3086 ῥήματα
1766 3014 1914 3067 ὥσπε
1923 3032 1956 3085 ρ
1987 3016 2079 3066 λε-

2257 2742 2480 2797 Maximi
2531 2743 2790 2797 modestia
2847 2742 3074 2797 scribere
3118 2743 3484 2797 detractantis.
3519 2772 3585 2782 —
3622 2741 3777 2798 Hanc

2186 2850 2408 2905 quoque
2435 2835 2656 2889 viduam
2681 2851 2785 2906 ego
2814 2835 3084 2899 imitatus,
3102 2850 3270 2905 parva
3293 2835 3412 2889 haec
3436 2841 3601 2904 atque
3622 2834 3774 2901 vilia,

2186 2942 2366 2997 exque
2403 2926 2499 2980 vili
2524 2941 2809 2997 egenaque
2839 2937 3025 2981 mente
3054 2941 3121 2981 ac
3148 2925 3336 2996 lingua
3367 2924 3613 2995 profecta
3642 2938 3777 2995 pre-

2186 3020 2409 3091 lataque
2437 3035 2598 3077 sensa
2629 3036 2695 3075 ac
2714 3027 2906 3083 verba,
2942 3020 3098 3075 velut
3131 3018 3368 3084 minuta,
3403 3017 3471 3073 iis
3515 3016 3584 3072 de
3609 3017 3778 3073 rebus

505 3111 636 3175 πτὰ,
672 3111 801 3181 περὶ
825 3104 901 3164 ὧν
927 3109 1275 3175 ἐκελεύσατε,
1314 3109 1688 3179 προσενήνοχα
1709 3122 1722 3138 ·
1745 3107 2081 3175 παρακαλῶν

2187 3111 2256 3166 de
2283 3085 2488 3181 quibus
2538 3111 2850 3182 jusseratis,
2904 3112 3019 3166 Deo
3062 3126 3129 3166 ac
3167 3110 3349 3175 vobis,
3403 3107 3774 3172 dilectissimi,

502 3202 604 3272 τὴν
655 3201 1032 3272 εὐλογημένην
1070 3201 1223 3271 ὑμῶν
1260 3200 1357 3253 καὶ
1403 3198 1564 3267 ἁγίαν
1615 3199 1794 3269 ψυχήν
1816 3214 1829 3227 ·
1867 3200 2082 3268 πρῶτον

509 3294 628 3362 μὲν,
669 3292 897 3362 μηδενὸς
934 3291 1015 3344 ἔτι
1046 3291 1155 3343 τῶν
1184 3291 1317 3360 παρ’
1365 3288 1500 3360 ἐμοῦ
1549 3290 1859 3359 λεγομένων
1889 3291 2087 3362 ἐγγρα-

508 3399 607 3447 φον
634 3379 867 3450 ζητῆσαι
900 3379 1219 3450 σημείωσιν,
1244 3378 1391 3431 δυοῖν
1428 3377 1647 3430 ἕνεκενυ
1685 3378 1803 3441 ἑνὸς
1846 3378 1966 3448 μὲν,
2003 3380 2085 3432 ὃτι

510 3470 739 3542 μηδέπω
780 3471 872 3525 τὸν
918 3472 1082 3540 φόϐον
1120 3470 1443 3540 ἐκτησάμην
1468 3470 1562 3523 τοῦ
1611 3469 1748 3522 Θεοῦ
1787 3469 1879 3523 τὸν
1924 3470 2087 3538 ἁγνὸν

510 3565 605 3617 καὶ
631 3563 976 3631 διαμένοντα,
1006 3562 1114 3616 οὐδ’
1143 3561 1344 3633 ἀρετῆς
1367 3559 1482 3626 ἕξιν
1525 3561 1842 3630 στερέμνιον
1888 3561 1982 3614 καὶ
2014 3561 2089 3613 δι-

509 3652 804 3724 καιοσύνης
846 3653 1078 3724 ἀληθοῦς
1132 3653 1298 3723 πῆξιν
1338 3650 1610 3721 σταθερὰν
1639 3652 1732 3704 καὶ
1757 3650 2082 3718 ἀσάλευτον,

508 3745 578 3801 τὰ
623 3748 1007 3819 μαρτυροῦντα
1050 3747 1288 3818 μάλιστα
1331 3748 1447 3808 τοῖς
1485 3744 1668 3812 λόγοις
1717 3743 1779 3796 τὸ
1828 3741 2082 3812 βέϐαιον·

510 3842 699 3912 ἑτέρου
739 3841 820 3907 δὲ,
864 3843 947 3896 ὅτι
978 3841 1162 3912 πολλῷ
1196 3841 1427 3895 κλύδωνι
1455 3840 1645 3893 παθῶν
1675 3839 1757 3892 ἔτι
1787 3840 1946 3910 δίκην
1979 3839 2080 3894 θα-

509 3934 715 4002 λάσσης
748 3936 946 4007 ἀγρίας
989 3933 1465 4005 περιδονούμενος,
1511 3933 1605 3986 καὶ
1647 3932 1783 3986 πολὺ
1819 3932 1913 3985 τοῦ
1942 3931 2086 3986 θείου

509 4027 780 4091 ἀπαθείας
796 4028 1019 4098 ἀπέχων
1040 4026 1283 4097 λιμένος,
1317 4026 1412 4080 καί
1436 4023 1628 4095 ἄδηλον
1662 4023 1803 4093 ἔχων
1841 4021 1937 4076 τοῦ
1970 4022 2087 4091 βίου

510 4120 570 4172 τὸ
603 4119 798 4190 πέρας,
829 4119 890 4172 οὐ
927 4117 1190 4190 βούλομαι
1230 4118 1368 4185 πρὸς
1393 4119 1506 4180 τοῖς
1549 4115 1732 4187 ἔργοις
1760 4115 1855 4167 καὶ
1899 4113 1990 4166 τὸν
2031 4116 2089 4167 ἐν

510 4211 803 4281 γράμμασι
851 4211 1009 4279 λόγον
1060 4210 1206 4281 ἔχειν
1263 4209 1592 4280 κατήγορον.
1627 4208 1858 4261 Ἔπειτα
1900 4205 1957 4260 δὲ
1989 4205 2089 4275 τῆς

513 4302 823 4366 εὐπειθείας
850 4305 1031 4373 χάριν,
1068 4305 1117 4356 εἰ
1143 4302 1261 4356 δέον
1290 4301 1460 4366 ἐστὶν,
1497 4297 1915 4368 ἀποδεξάμενοι,
1952 4298 2089 4375 Χρισ-

516 4394 625 4462 στῷ
661 4411 727 4464 με
752 4393 820 4448 δι’
847 4392 1025 4464 εὐχῶν
1054 4392 1392 4463 παράθεσθε,
1432 4390 1509 4460 τῷ
1551 4389 1774 4461 μεγάλῳ
1807 4386 1902 4441 καὶ⁹
1944 4385 2090 4456 μόνῳ

513 4484 634 4556 Θεῷ
662 4487 755 4559 καὶ
781 4486 993 4556 Σωτῆρι
1022 4485 1131 4538 τῶν
1153 4485 1438 4556 ἡμετέρων
1457 4482 1645 4553 ψυχῶν
1666 4499 1679 4512 ·
1708 4475 1753 4549 ᾧ
1781 4482 1814 4549 ἡ
1844 4477 1971 4542 δόξα
1992 4478 2087 4531 καὶ

514 4577 575 4630 τὸ
612 4580 828 4647 κράτος,
873 4579 972 4631 σὺν
1008 4577 1086 4647 τῷ
1136 4579 1312 4648 lla-:91
1342 4576 1434 4630 καὶ
1472 4575 1549 4645 τῷ
1601 4573 1740 4642 ἁγίῳ
1782 4570 2086 4640 Πνεύματι,

516 4670 594 4731 εἰς
634 4670 759 4732 τοὺς
789 4668 1015 4732 αἰῶνας,
1052 4668 1249 4738 Ἀμήν.

2187 3202 2404 3269 obtuli;
2462 3202 2769 3259 obsecrans
2814 3201 3147 3271 enixiusque
3189 3215 3393 3271 rogans
3425 3198 3777 3255 benedictam

2185 3302 2428 3349 vestram
2461 3309 2527 3349 ac
2557 3304 2801 3349 sanctam
2837 3295 3118 3359 animam;
3157 3293 3399 3362 primum
3434 3290 3681 3361 quidem,
3706 3306 3779 3347 ne

2187 3384 2424 3453 amplius
2454 3401 2577 3454 quze
2610 3401 2642 3439 a
2670 3374 2757 3439 me
2785 3384 3045 3439 dicentur
3087 3383 3301 3451 scripto
3328 3396 3416 3436 me
3447 3381 3777 3452 consignarc

2187 3477 2470 3545 quaeratis,
2507 3476 2716 3545 duplici
2755 3490 2824 3530 ex
2867 3490 3036 3530 causa
3079 3488 3094 3527 :
3142 3474 3317 3530 altera
3351 3473 3600 3543 quidem,
3627 3470 3778 3542 quod

2186 3566 2428 3623 necdum
2486 3567 2586 3621 Dei
2654 3567 2912 3621 timorem
2964 3574 3180 3620 castum
3238 3581 3305 3621 ac
3360 3572 3777 3636 permanentem

2187 3657 2423 3726 adeptus
2476 3657 2579 3711 sim
2608 3668 2655 3722 ε,
2721 3673 2827 3713 nec
2883 3657 3110 3714 virtutis
3168 3657 3461 3714 robustum
3501 3656 3781 3720 habitum;

2186 3763 2443 3819 veraeque
2466 3748 2699 3820 iustitiae
2722 3749 3045 3808 ﬁrmitatem
3081 3766 3147 3807 ac
3170 3751 3556 3806 inconcussam
3605 3749 3779 3804 stabi-

2187 3836 2423 3904 litatem,
2482 3832 2606 3908 quae
2652 3836 2892 3893 maxime
2937 3838 3026 3893 his
3064 3854 3188 3910 qua;
3238 3838 3559 3895 scribuntur
3591 3853 3658 3893 ac
3678 3837 3778 3893 do-

2134 3993 2139 3999 ,
2189 3932 2403 3997 ctrinaa,
2436 3932 2824 3987 auctoritatem
2854 3933 3192 3999 conciliant;
3228 3933 3405 3988 altera
3436 3947 3592 3997 vero,
3623 3930 3777 4002 quod

2190 4040 2316 4079 cum
2343 4023 2527 4078 adhuc
2550 4023 2817 4079 vitiorum
2841 4041 2906 4080 ac
2923 4025 3433 4115 perturbationum,
3454 4024 3630 4078 instar
3648 4023 3779 4077 saevi

2192 4115 2378 4180 maris,
2426 4116 2618 4171 multis
2664 4115 2926 4171 ﬂuctibus
2969 4113 3184 4186 'agiter,
3233 4130 3299 4169 ac
3331 4129 3495 4184 quam
3522 4113 3778 4184 procula

2192 4204 2385 4260 divino
2432 4206 2857 4277 tranquillitatis
2899 4206 3092 4272 animi,
3143 4222 3207 4261 ac
3265 4202 3782 4276 imperturbationis
3887 4276 3893 4283 .

2191 4305 2360 4367 portu
2418 4307 2667 4354 remotus
2714 4299 2839 4363 sim,
2892 4299 3281 4368 incertumque
3313 4298 3442 4352 vita:
3480 4295 3645 4351 ﬁnem
3674 4294 3779 4349 ha-

2121 4428 2167 4486 D
2193 4391 2376 4455 beam,
2403 4391 2577 4445 nolim
2602 4398 2662 4444 ut
2690 4390 2756 4445 ad
2787 4406 2976 4461 opera,
3008 4391 3176 4445 etiam
3223 4388 3429 4460 scripto
3455 4387 3781 4457 consignata

2196 4482 2453 4537 doctrina
2481 4482 2536 4536 in
2567 4483 2772 4537 actoris
2799 4494 3012 4553 partem
3068 4482 3316 4537 accedat.
3358 4478 3567 4535 Deinde
3590 4492 3658 4532 eo
3681 4490 3783 4531 no—

2196 4572 2346 4627 mine
2396 4572 2722 4642 probantes,
2786 4572 3060 4642 siquidem
3096 4571 3155 4626 id
3203 4586 3420 4641 azquum
3475 4577 3580 4634 est,
3630 4565 3780 4638 quod

2199 4662 2729 4732 obtemperaverim,
2779 4662 3004 4719 Christo
3041 4678 3127 4718 me
3181 4662 3445 4734 precibus
3494 4673 3780 4717 commen-

506 4766 898 4841 rlante,magno
928 4778 992 4818 ac
1021 4762 1122 4818 soli
1151 4763 1286 4827 Deo,
1322 4770 1758 4829 nostrarumque
1789 4757 2100 4812 animarum
2137 4754 2434 4823 Salvatori,
2466 4758 2554 4811 cui
2584 4757 2756 4829 gloria
2820 4769 2877 4814 et
2936 4768 3203 4830 potestas,
3229 4774 3354 4813 cum
3396 4758 3561 4813 Patre
3584 4753 3783 4825 etSpi-

518 4856 627 4909 ritu
655 4864 871 4919 sancto,
902 4854 957 4908 in
980 4854 1200 4910 smeula.
1233 4852 1429 4908 Amen.

591 5015 613 5042 '
653 5014 795 5069 Psal.
853 4995 1005 5077 'xvm,
1049 5012 1136 5067 10.

592 5197 636 5228 ⁶⁷
691 5198 752 5251 τὸ
811 5198 975 5252 καλὸν
1022 5196 1083 5252 C.
1142 5195 1207 5251 Α.
1261 5203 1318 5251 ct
1364 5195 1456 5249 Fr.

1798 5101 2036 5158 nam
2082 5087 2494 5161 LECTIONES.
2574 5120 2577 5123 -
