  <div class='ocr_page' id='page_1' title='image "/cluster/home/n/w/nwhite01/storage/ocr_20150623/91/mdp.39015022223195/363.png"; bbox 0 0 4068 6142; ppageno 0'>
   <div class='ocr_carea' id='block_1_1' title="bbox 312 192 3605 288">
    <p class='ocr_par' dir='ltr' id='par_1_1' title="bbox 312 192 3605 288">
     <span class='ocr_line' id='line_1_1' title="bbox 312 192 3605 288; baseline 0.008 -31"><span class='ocrx_word' id='word_1_1' title='bbox 312 192 415 261; x_wconf 75' lang='lat'>719</span> <span class='ocrx_word' id='word_1_2' title='bbox 992 268 996 273; x_wconf 39' lang='grc'>,</span> <span class='ocrx_word' id='word_1_3' title='bbox 1477 204 1537 264; x_wconf 93' lang='lat' dir='ltr'>S.</span> <span class='ocrx_word' id='word_1_4' title='bbox 1581 205 1869 266; x_wconf 79' lang='grc' dir='ltr'>ΜΑΧΙΜΙ</span> <span class='ocrx_word' id='word_1_5' title='bbox 1909 208 2427 270; x_wconf 84' lang='lat' dir='ltr'>CONFESSORIS</span> <span class='ocrx_word' id='word_1_6' title='bbox 3474 223 3605 288; x_wconf 75' lang='lat'>720</span> 
     </span>
    </p>
   </div>
   <div class='ocr_carea' id='block_1_2' title="bbox 1677 610 2263 705">
    <p class='ocr_par' dir='ltr' id='par_1_2' title="bbox 1677 610 2263 705">
     <span class='ocr_line' id='line_1_2' title="bbox 1677 610 2263 705; baseline 0.01 -8"><span class='ocrx_word' id='word_1_7' title='bbox 1677 610 2263 705; x_wconf 83' lang='lat' dir='ltr'>MONITUM</span> 
     </span>
    </p>
   </div>
   <div class='ocr_carea' id='block_1_3' title="bbox 1087 844 2799 922">
    <p class='ocr_par' dir='ltr' id='par_1_3' title="bbox 1087 844 2799 922">
     <span class='ocr_line' id='line_1_3' title="bbox 1087 844 2799 922; baseline 0.011 -18"><span class='ocrx_word' id='word_1_8' title='bbox 1087 844 1192 904; x_wconf 74' lang='lat' dir='ltr'>AD</span> <span class='ocrx_word' id='word_1_9' title='bbox 1234 846 1508 907; x_wconf 88' lang='lat' dir='ltr'>SANCTI</span> <span class='ocrx_word' id='word_1_10' title='bbox 1551 847 1834 909; x_wconf 82' lang='lat' dir='ltr'>MAXIMI</span> <span class='ocrx_word' id='word_1_11' title='bbox 1870 848 2277 913; x_wconf 82' lang='lat' dir='ltr'>SERMONES</span> <span class='ocrx_word' id='word_1_12' title='bbox 2318 853 2471 915; x_wconf 82' lang='lat' dir='ltr'>PER</span> <span class='ocrx_word' id='word_1_13' title='bbox 2514 856 2799 922; x_wconf 84' lang='lat' dir='ltr'>ELECTA</span> 
     </span>
    </p>
   </div>
   <div class='ocr_carea' id='block_1_4' title="bbox 1185 1009 2707 1094">
    <p class='ocr_par' dir='ltr' id='par_1_4' title="bbox 1185 1009 2707 1094">
     <span class='ocr_line' id='line_1_4' title="bbox 1185 1009 2707 1094; baseline 0.011 -27"><span class='ocrx_word' id='word_1_14' title='bbox 1185 1010 1286 1069; x_wconf 79' lang='lat' dir='ltr'>Ex</span> <span class='ocrx_word' id='word_1_15' title='bbox 1322 1011 1521 1071; x_wconf 77' lang='lat' dir='ltr'>sacris</span> <span class='ocrx_word' id='word_1_16' title='bbox 1557 1009 1972 1094; x_wconf 75' lang='lat' dir='ltr'>profanisque</span> <span class='ocrx_word' id='word_1_17' title='bbox 2016 1015 2378 1077; x_wconf 78' lang='lat' dir='ltr'>auctoribus</span> <span class='ocrx_word' id='word_1_18' title='bbox 2429 1020 2707 1083; x_wconf 83' lang='lat' dir='ltr'>collecta.</span> 
     </span>
    </p>
   </div>
   <div class='ocr_carea' id='block_1_5' title="bbox 376 1358 3586 1469">
    <p class='ocr_par' dir='ltr' id='par_1_5' title="bbox 376 1358 3586 1469">
     <span class='ocr_line' id='line_1_5' title="bbox 376 1358 3586 1469; baseline 0.013 -49"><span class='ocrx_word' id='word_1_19' title='bbox 376 1358 676 1422; x_wconf 86' lang='lat' dir='ltr'>Produxit</span> <span class='ocrx_word' id='word_1_20' title='bbox 724 1360 1040 1421; x_wconf 89' lang='lat' dir='ltr'>Gesnerus</span> <span class='ocrx_word' id='word_1_21' title='bbox 1089 1360 1375 1422; x_wconf 88' lang='lat' dir='ltr'>medicus</span> <span class='ocrx_word' id='word_1_22' title='bbox 1405 1363 1597 1424; x_wconf 86' lang='lat' dir='ltr'>semel</span> <span class='ocrx_word' id='word_1_23' title='bbox 1639 1372 1699 1425; x_wconf 92' lang='lat' dir='ltr'>et</span> <span class='ocrx_word' id='word_1_24' title='bbox 1736 1364 1966 1426; x_wconf 88' lang='lat' dir='ltr'>iterum</span> <span class='ocrx_word' id='word_1_25' title='bbox 2014 1383 2158 1428; x_wconf 91' lang='lat' dir='ltr'>cum</span> <span class='ocrx_word' id='word_1_26' title='bbox 2211 1372 2483 1433; x_wconf 90' lang='lat' dir='ltr'>Antonio</span> <span class='ocrx_word' id='word_1_27' title='bbox 2528 1375 2804 1453; x_wconf 83' lang='lat' dir='ltr'>Melissa;</span> <span class='ocrx_word' id='word_1_28' title='bbox 2856 1386 3259 1469; x_wconf 89' lang='lat' dir='ltr'>secundaque</span> <span class='ocrx_word' id='word_1_29' title='bbox 3307 1394 3586 1461; x_wconf 82' lang='lat' dir='ltr'>editione</span> 
     </span>
    </p>
   </div>
   <div class='ocr_carea' id='block_1_6' title="bbox 301 1459 3589 1566">
    <p class='ocr_par' dir='ltr' id='par_1_6' title="bbox 301 1459 3589 1566">
     <span class='ocr_line' id='line_1_6' title="bbox 301 1459 3589 1566; baseline 0.014 -49"><span class='ocrx_word' id='word_1_30' title='bbox 301 1459 484 1520; x_wconf 88' lang='lat' dir='ltr'>etiam</span> <span class='ocrx_word' id='word_1_31' title='bbox 530 1478 671 1523; x_wconf 90' lang='lat' dir='ltr'>cum</span> <span class='ocrx_word' id='word_1_32' title='bbox 722 1462 963 1523; x_wconf 79' lang='lat' dir='ltr'>Joanne</span> <span class='ocrx_word' id='word_1_33' title='bbox 1013 1461 1287 1531; x_wconf 67' lang='lat' dir='ltr'>Stobaeo,</span> <span class='ocrx_word' id='word_1_34' title='bbox 1323 1463 1432 1541; x_wconf 87' lang='lat' dir='ltr'>qui</span> <span class='ocrx_word' id='word_1_35' title='bbox 1476 1463 1700 1526; x_wconf 83' lang='lat' dir='ltr'>eodem</span> <span class='ocrx_word' id='word_1_36' title='bbox 1746 1465 1885 1545; x_wconf 91' lang='lat' dir='ltr'>ipso</span> <span class='ocrx_word' id='word_1_37' title='bbox 1921 1468 2281 1547; x_wconf 87' lang='lat' dir='ltr'>scriptionis</span> <span class='ocrx_word' id='word_1_38' title='bbox 2317 1489 2572 1550; x_wconf 82' lang='lat' dir='ltr'>genere,</span> <span class='ocrx_word' id='word_1_39' title='bbox 2612 1477 2677 1539; x_wconf 92' lang='lat' dir='ltr'>in</span> <span class='ocrx_word' id='word_1_40' title='bbox 2721 1496 2798 1542; x_wconf 92' lang='lat' dir='ltr'>eo</span> <span class='ocrx_word' id='word_1_41' title='bbox 2845 1481 3589 1566; x_wconf 43' lang='lat' dir='ltr'>locupletissimus,&#39;usus</span> 
     </span>
    </p>
   </div>
   <div class='ocr_carea' id='block_1_7' title="bbox 298 1556 3587 1664">
    <p class='ocr_par' dir='ltr' id='par_1_7' title="bbox 298 1556 3587 1664">
     <span class='ocr_line' id='line_1_7' title="bbox 298 1556 3587 1664; baseline 0.013 -44"><span class='ocrx_word' id='word_1_42' title='bbox 298 1556 484 1622; x_wconf 81' lang='lat' dir='ltr'>esset.</span> <span class='ocrx_word' id='word_1_43' title='bbox 536 1565 603 1624; x_wconf 87' lang='lat' dir='ltr'>In</span> <span class='ocrx_word' id='word_1_44' title='bbox 651 1563 843 1642; x_wconf 86' lang='lat' dir='ltr'><strong>priori</strong></span> <span class='ocrx_word' id='word_1_45' title='bbox 878 1561 1176 1635; x_wconf 84' lang='lat' dir='ltr'>editione,</span> <span class='ocrx_word' id='word_1_46' title='bbox 1216 1580 1437 1641; x_wconf 87' lang='lat' dir='ltr'>parum</span> <span class='ocrx_word' id='word_1_47' title='bbox 1488 1572 1658 1627; x_wconf 91' lang='lat' dir='ltr'>certe</span> <span class='ocrx_word' id='word_1_48' title='bbox 1706 1566 1973 1639; x_wconf 88' lang='lat' dir='ltr'>medice,</span> <span class='ocrx_word' id='word_1_49' title='bbox 2015 1571 2194 1647; x_wconf 88' lang='lat' dir='ltr'>quasi</span> <span class='ocrx_word' id='word_1_50' title='bbox 2230 1570 2480 1635; x_wconf 90' lang='lat' dir='ltr'>lectoris</span> <span class='ocrx_word' id='word_1_51' title='bbox 2532 1576 2807 1641; x_wconf 89' lang='lat' dir='ltr'>laborem</span> <span class='ocrx_word' id='word_1_52' title='bbox 2848 1581 3182 1664; x_wconf 81' lang='lat' dir='ltr'>levaturus,</span> <span class='ocrx_word' id='word_1_53' title='bbox 3243 1599 3587 1662; x_wconf 82' lang='lat' dir='ltr'>sententias</span> 
     </span>
    </p>
   </div>
   <div class='ocr_carea' id='block_1_8' title="bbox 297 1663 3586 1759">
    <p class='ocr_par' dir='ltr' id='par_1_8' title="bbox 297 1663 3586 1759">
     <span class='ocr_line' id='line_1_8' title="bbox 297 1663 3586 1759; baseline 0.011 -35"><span class='ocrx_word' id='word_1_54' title='bbox 297 1663 567 1738; x_wconf 80' lang='lat' dir='ltr'>Maximi,</span> <span class='ocrx_word' id='word_1_55' title='bbox 605 1680 747 1744; x_wconf 62' lang='lat' dir='ltr'>quas</span> <span class='ocrx_word' id='word_1_56' title='bbox 782 1663 1019 1724; x_wconf 86' lang='lat' dir='ltr'>eaedem</span> <span class='ocrx_word' id='word_1_57' title='bbox 1072 1671 1279 1724; x_wconf 89' lang='lat' dir='ltr'>essent</span> <span class='ocrx_word' id='word_1_58' title='bbox 1326 1671 1517 1744; x_wconf 87' lang='lat' dir='ltr'>atque</span> <span class='ocrx_word' id='word_1_59' title='bbox 1562 1666 1891 1727; x_wconf 66' lang='lat' dir='ltr'>sententia:</span> <span class='ocrx_word' id='word_1_60' title='bbox 1943 1668 2203 1731; x_wconf 68' lang='lat' dir='ltr'>Melissae</span> <span class='ocrx_word' id='word_1_61' title='bbox 2236 1671 2351 1732; x_wconf 88' lang='lat' dir='ltr'>sub</span> <span class='ocrx_word' id='word_1_62' title='bbox 2397 1673 2617 1736; x_wconf 86' lang='lat' dir='ltr'>iisdem</span> <span class='ocrx_word' id='word_1_63' title='bbox 2653 1678 2863 1757; x_wconf 80' lang='lat' dir='ltr'>titulis,</span> <span class='ocrx_word' id='word_1_64' title='bbox 2903 1701 3124 1750; x_wconf 88' lang='lat' dir='ltr'>omnes</span> <span class='ocrx_word' id='word_1_65' title='bbox 3153 1663 3433 1758; x_wconf 85' lang='lat' dir='ltr'>obelisco</span> <span class='ocrx_word' id='word_1_66' title='bbox 3462 1712 3586 1759; x_wconf 83' lang='lat' dir='ltr'>no-</span> 
     </span>
    </p>
   </div>
   <div class='ocr_carea' id='block_1_9' title="bbox 296 1763 3585 1862">
    <p class='ocr_par' dir='ltr' id='par_1_9' title="bbox 296 1763 3585 1862">
     <span class='ocr_line' id='line_1_9' title="bbox 296 1763 3585 1862; baseline 0.012 -38"><span class='ocrx_word' id='word_1_67' title='bbox 296 1767 456 1825; x_wconf 78' lang='lat' dir='ltr'>lasso</span> <span class='ocrx_word' id='word_1_68' title='bbox 484 1764 589 1839; x_wconf 87' lang='lat' dir='ltr'>ait,</span> <span class='ocrx_word' id='word_1_69' title='bbox 627 1782 740 1826; x_wconf 90' lang='lat' dir='ltr'>seu</span> <span class='ocrx_word' id='word_1_70' title='bbox 789 1763 1204 1844; x_wconf 83' lang='lat' dir='ltr'>expunxisse;</span> <span class='ocrx_word' id='word_1_71' title='bbox 1250 1764 1420 1844; x_wconf 90' lang='lat' dir='ltr'>quod</span> <span class='ocrx_word' id='word_1_72' title='bbox 1457 1771 1626 1827; x_wconf 87' lang='lat' dir='ltr'>certe</span> <span class='ocrx_word' id='word_1_73' title='bbox 1662 1765 1867 1845; x_wconf 85' lang='lat' dir='ltr'>plagio</span> <span class='ocrx_word' id='word_1_74' title='bbox 1900 1768 2052 1839; x_wconf 79' lang='lat' dir='ltr'>mihi</span> <span class='ocrx_word' id='word_1_75' title='bbox 2092 1771 2326 1843; x_wconf 90' lang='lat' dir='ltr'>simile;</span> <span class='ocrx_word' id='word_1_76' title='bbox 2364 1791 2505 1836; x_wconf 89' lang='lat' dir='ltr'>cum</span> <span class='ocrx_word' id='word_1_77' title='bbox 2556 1782 2904 1856; x_wconf 69' lang='lat' dir='ltr'>praesertim</span> <span class='ocrx_word' id='word_1_78' title='bbox 2954 1789 3260 1854; x_wconf 80' lang='lat' dir='ltr'>Maximus</span> <span class='ocrx_word' id='word_1_79' title='bbox 3309 1798 3585 1862; x_wconf 82' lang='lat' dir='ltr'>Antonio</span> 
     </span>
    </p>
   </div>
   <div class='ocr_carea' id='block_1_10' title="bbox 294 1865 3583 1975">
    <p class='ocr_par' dir='ltr' id='par_1_10' title="bbox 294 1865 3583 1975">
     <span class='ocr_line' id='line_1_10' title="bbox 294 1865 3583 1975; baseline 0.011 -50"><span class='ocrx_word' id='word_1_80' title='bbox 294 1866 529 1939; x_wconf 87' lang='lat' dir='ltr'>senior,</span> <span class='ocrx_word' id='word_1_81' title='bbox 565 1873 624 1928; x_wconf 91' lang='lat' dir='ltr'>et</span> <span class='ocrx_word' id='word_1_82' title='bbox 659 1866 767 1944; x_wconf 85' lang='lat' dir='ltr'>qui</span> <span class='ocrx_word' id='word_1_83' title='bbox 798 1866 888 1927; x_wconf 86' lang='lat' dir='ltr'>illi</span> <span class='ocrx_word' id='word_1_84' title='bbox 918 1865 1233 1945; x_wconf 58' lang='lat' dir='ltr'>prteiverit</span> <span class='ocrx_word' id='word_1_85' title='bbox 1261 1884 1273 1926; x_wconf 92' lang='lat'>:</span> <span class='ocrx_word' id='word_1_86' title='bbox 1308 1883 1381 1928; x_wconf 88' lang='lat' dir='ltr'>ac</span> <span class='ocrx_word' id='word_1_87' title='bbox 1413 1866 1615 1946; x_wconf 85' lang='lat' dir='ltr'>palam</span> <span class='ocrx_word' id='word_1_88' title='bbox 1649 1875 1763 1935; x_wconf 90' lang='lat' dir='ltr'>est.</span> <span class='ocrx_word' id='word_1_89' title='bbox 1797 1870 1969 1947; x_wconf 88' lang='lat' dir='ltr'>quod</span> <span class='ocrx_word' id='word_1_90' title='bbox 1998 1871 2051 1932; x_wconf 92' lang='lat' dir='ltr'>is</span> <span class='ocrx_word' id='word_1_91' title='bbox 2074 1873 2259 1933; x_wconf 89' lang='lat' dir='ltr'>Joan.</span> <span class='ocrx_word' id='word_1_92' title='bbox 2294 1874 2772 1954; x_wconf 90' lang='lat' dir='ltr'>Damascenum,</span> <span class='ocrx_word' id='word_1_93' title='bbox 2806 1884 3099 1952; x_wconf 90' lang='lat' dir='ltr'>Photium</span> <span class='ocrx_word' id='word_1_94' title='bbox 3137 1897 3583 1975; x_wconf 88' lang='lat' dir='ltr'>patriarcham,</span> 
     </span>
    </p>
   </div>
   <div class='ocr_carea' id='block_1_11' title="bbox 293 1965 3584 2081">
    <p class='ocr_par' dir='ltr' id='par_1_11' title="bbox 293 1965 3584 2081">
     <span class='ocr_line' id='line_1_11' title="bbox 293 1965 3584 2081; baseline 0.012 -56"><span class='ocrx_word' id='word_1_95' title='bbox 293 1965 861 2045; x_wconf 78' lang='lat' dir='ltr'>TheOphylactum,</span> <span class='ocrx_word' id='word_1_96' title='bbox 904 1965 1196 2029; x_wconf 86' lang='lat' dir='ltr'>homines</span> <span class='ocrx_word' id='word_1_97' title='bbox 1243 1966 1332 2029; x_wconf 86' lang='lat' dir='ltr'>sic</span> <span class='ocrx_word' id='word_1_98' title='bbox 1391 1978 1695 2041; x_wconf 86' lang='lat' dir='ltr'>recentes,</span> <span class='ocrx_word' id='word_1_99' title='bbox 1753 1969 1989 2031; x_wconf 73' lang='lat' dir='ltr'>affatim</span> <span class='ocrx_word' id='word_1_100' title='bbox 2048 1971 2228 2046; x_wconf 84' lang='lat' dir='ltr'>citat;</span> <span class='ocrx_word' id='word_1_101' title='bbox 2289 1992 2557 2054; x_wconf 90' lang='lat' dir='ltr'>quorum</span> <span class='ocrx_word' id='word_1_102' title='bbox 2599 1980 2750 2079; x_wconf 80' lang='lat' dir='ltr'>nihil</span> <span class='ocrx_word' id='word_1_103' title='bbox 2787 1965 3395 2061; x_wconf 46' lang='lat' dir='ltr'>Maximus-Debuit</span> <span class='ocrx_word' id='word_1_104' title='bbox 3431 1965 3584 2081; x_wconf 76' lang='lat' dir='ltr'>ergo</span> 
     </span>
    </p>
   </div>
   <div class='ocr_carea' id='block_1_12' title="bbox 292 2070 3583 2174">
    <p class='ocr_par' dir='ltr' id='par_1_12' title="bbox 292 2070 3583 2174">
     <span class='ocr_line' id='line_1_12' title="bbox 292 2070 3583 2174; baseline 0.011 -42"><span class='ocrx_word' id='word_1_105' title='bbox 292 2071 563 2133; x_wconf 85' lang='lat' dir='ltr'>Maximo</span> <span class='ocrx_word' id='word_1_106' title='bbox 600 2071 698 2133; x_wconf 91' lang='lat' dir='ltr'>sui</span> <span class='ocrx_word' id='word_1_107' title='bbox 736 2070 967 2133; x_wconf 89' lang='lat' dir='ltr'>laboris</span> <span class='ocrx_word' id='word_1_108' title='bbox 995 2070 1129 2133; x_wconf 91' lang='lat' dir='ltr'>laus</span> <span class='ocrx_word' id='word_1_109' title='bbox 1158 2071 1347 2150; x_wconf 90' lang='lat' dir='ltr'>plena</span> <span class='ocrx_word' id='word_1_110' title='bbox 1385 2078 1695 2146; x_wconf 90' lang='lat' dir='ltr'>constare,</span> <span class='ocrx_word' id='word_1_111' title='bbox 1730 2089 1861 2135; x_wconf 91' lang='lat' dir='ltr'>non</span> <span class='ocrx_word' id='word_1_112' title='bbox 1891 2076 2028 2154; x_wconf 89' lang='lat' dir='ltr'>ejus</span> <span class='ocrx_word' id='word_1_113' title='bbox 2058 2092 2283 2154; x_wconf 89' lang='lat' dir='ltr'>magna</span> <span class='ocrx_word' id='word_1_114' title='bbox 2314 2096 2480 2158; x_wconf 91' lang='lat' dir='ltr'>pars,</span> <span class='ocrx_word' id='word_1_115' title='bbox 2525 2072 2636 2160; x_wconf 82' lang='lat' dir='ltr'>per</span> <span class='ocrx_word' id='word_1_116' title='bbox 2666 2102 2974 2151; x_wconf 90' lang='lat' dir='ltr'>summam</span> <span class='ocrx_word' id='word_1_117' title='bbox 3010 2093 3302 2174; x_wconf 75' lang='lat' dir='ltr'>injuriam</span> <span class='ocrx_word' id='word_1_118' title='bbox 3338 2101 3405 2164; x_wconf 90' lang='lat' dir='ltr'>in</span> <span class='ocrx_word' id='word_1_119' title='bbox 3437 2120 3583 2168; x_wconf 89' lang='lat' dir='ltr'>eum</span> 
     </span>
    </p>
   </div>
   <div class='ocr_carea' id='block_1_13' title="bbox 292 2173 3584 2274">
    <p class='ocr_par' dir='ltr' id='par_1_13' title="bbox 292 2173 3584 2274">
     <span class='ocr_line' id='line_1_13' title="bbox 292 2173 3584 2274; baseline 0.012 -42"><span class='ocrx_word' id='word_1_120' title='bbox 292 2174 639 2249; x_wconf 77' lang='lat' dir='ltr'>transferri,</span> <span class='ocrx_word' id='word_1_121' title='bbox 679 2175 787 2254; x_wconf 90' lang='lat' dir='ltr'>qui</span> <span class='ocrx_word' id='word_1_122' title='bbox 817 2174 983 2236; x_wconf 89' lang='lat' dir='ltr'>illius</span> <span class='ocrx_word' id='word_1_123' title='bbox 1018 2174 1199 2235; x_wconf 81' lang='lat' dir='ltr'>furtis</span> <span class='ocrx_word' id='word_1_124' title='bbox 1228 2173 1637 2254; x_wconf 66' lang='lat' dir='ltr'>profecisset.</span> <span class='ocrx_word' id='word_1_125' title='bbox 1661 2175 1794 2238; x_wconf 89' lang='lat' dir='ltr'>Alia</span> <span class='ocrx_word' id='word_1_126' title='bbox 1815 2184 1985 2240; x_wconf 91' lang='lat' dir='ltr'>certe</span> <span class='ocrx_word' id='word_1_127' title='bbox 2024 2179 2301 2242; x_wconf 90' lang='lat' dir='ltr'>ineunda</span> <span class='ocrx_word' id='word_1_128' title='bbox 2338 2182 2435 2245; x_wconf 90' lang='lat' dir='ltr'>via</span> <span class='ocrx_word' id='word_1_129' title='bbox 2466 2186 2601 2265; x_wconf 87' lang='lat' dir='ltr'>ejus</span> <span class='ocrx_word' id='word_1_130' title='bbox 2647 2186 2899 2253; x_wconf 87' lang='lat' dir='ltr'>levandi</span> <span class='ocrx_word' id='word_1_131' title='bbox 2941 2194 3199 2274; x_wconf 89' lang='lat' dir='ltr'>laboris,</span> <span class='ocrx_word' id='word_1_132' title='bbox 3244 2210 3312 2264; x_wconf 90' lang='lat' dir='ltr'>ut</span> <span class='ocrx_word' id='word_1_133' title='bbox 3341 2206 3584 2273; x_wconf 86' lang='lat' dir='ltr'>scilicet</span> 
     </span>
    </p>
   </div>
   <div class='ocr_carea' id='block_1_14' title="bbox 290 2273 3589 2380">
    <p class='ocr_par' dir='ltr' id='par_1_14' title="bbox 290 2273 3589 2380">
     <span class='ocr_line' id='line_1_14' title="bbox 290 2273 3589 2380; baseline 0.005 -46"><span class='ocrx_word' id='word_1_134' title='bbox 290 2274 620 2336; x_wconf 89' lang='lat' dir='ltr'>amborum</span> <span class='ocrx_word' id='word_1_135' title='bbox 659 2290 1029 2337; x_wconf 84' lang='lat' dir='ltr'>communes</span> <span class='ocrx_word' id='word_1_136' title='bbox 1072 2273 1415 2335; x_wconf 84' lang='lat' dir='ltr'>sententias</span> <span class='ocrx_word' id='word_1_137' title='bbox 1444 2289 1581 2335; x_wconf 88' lang='lat' dir='ltr'>esse</span> <span class='ocrx_word' id='word_1_138' title='bbox 1609 2279 1758 2336; x_wconf 89' lang='lat' dir='ltr'>nota</span> <span class='ocrx_word' id='word_1_139' title='bbox 1787 2274 1999 2355; x_wconf 88' lang='lat' dir='ltr'>aliqua</span> <span class='ocrx_word' id='word_1_140' title='bbox 2028 2276 2414 2343; x_wconf 89' lang='lat' dir='ltr'>indicaretur</span> <span class='ocrx_word' id='word_1_141' title='bbox 2451 2300 2464 2344; x_wconf 93' lang='lat'><strong>:</strong></span> <span class='ocrx_word' id='word_1_142' title='bbox 2499 2285 2596 2345; x_wconf 87' lang='lat' dir='ltr'>vel</span> <span class='ocrx_word' id='word_1_143' title='bbox 2625 2286 2677 2347; x_wconf 92' lang='lat' dir='ltr'>si</span> <span class='ocrx_word' id='word_1_144' title='bbox 2707 2290 2885 2370; x_wconf 90' lang='lat' dir='ltr'>cujus</span> <span class='ocrx_word' id='word_1_145' title='bbox 2920 2303 3384 2380; x_wconf 57' lang='lat' dir='ltr'>expungendm,</span> <span class='ocrx_word' id='word_1_146' title='bbox 3418 2306 3589 2370; x_wconf 70' lang='lat' dir='ltr'>imus</span> 
     </span>
    </p>
   </div>
   <div class='ocr_carea' id='block_1_15' title="bbox 290 2372 3586 2483">
    <p class='ocr_par' dir='ltr' id='par_1_15' title="bbox 290 2372 3586 2483">
     <span class='ocr_line' id='line_1_15' title="bbox 290 2372 3586 2483; baseline 0.013 -51"><span class='ocrx_word' id='word_1_147' title='bbox 290 2373 505 2454; x_wconf 88' lang='lat' dir='ltr'>potius</span> <span class='ocrx_word' id='word_1_148' title='bbox 542 2372 1007 2454; x_wconf 59' lang='lat' dir='ltr'>expungendaa,</span> <span class='ocrx_word' id='word_1_149' title='bbox 1045 2373 1155 2452; x_wconf 90' lang='lat' dir='ltr'>qui</span> <span class='ocrx_word' id='word_1_150' title='bbox 1204 2372 1374 2435; x_wconf 88' lang='lat' dir='ltr'>nulla</span> <span class='ocrx_word' id='word_1_151' title='bbox 1419 2372 1534 2434; x_wconf 89' lang='lat' dir='ltr'>alia</span> <span class='ocrx_word' id='word_1_152' title='bbox 1586 2391 1699 2435; x_wconf 89' lang='lat' dir='ltr'>sua</span> <span class='ocrx_word' id='word_1_153' title='bbox 1744 2374 2049 2439; x_wconf 87' lang='lat' dir='ltr'>industria</span> <span class='ocrx_word' id='word_1_154' title='bbox 2098 2389 2401 2459; x_wconf 89' lang='lat' dir='ltr'>parasset,</span> <span class='ocrx_word' id='word_1_155' title='bbox 2456 2386 2569 2448; x_wconf 92' lang='lat' dir='ltr'>sed</span> <span class='ocrx_word' id='word_1_156' title='bbox 2613 2405 2691 2450; x_wconf 84' lang='lat' dir='ltr'>ex</span> <span class='ocrx_word' id='word_1_157' title='bbox 2723 2372 3041 2473; x_wconf 73' lang='lat' dir='ltr'>superiori</span> <span class='ocrx_word' id='word_1_158' title='bbox 3090 2401 3359 2483; x_wconf 82' lang='lat' dir='ltr'>digesta,</span> <span class='ocrx_word' id='word_1_159' title='bbox 3413 2412 3586 2474; x_wconf 89' lang='lat' dir='ltr'>nulla</span> 
     </span>
    </p>
   </div>
   <div class='ocr_carea' id='block_1_16' title="bbox 289 2473 3579 2581">
    <p class='ocr_par' dir='ltr' id='par_1_16' title="bbox 289 2473 3579 2581">
     <span class='ocr_line' id='line_1_16' title="bbox 289 2473 3579 2581; baseline 0.012 -46"><span class='ocrx_word' id='word_1_160' title='bbox 289 2473 457 2537; x_wconf 90' lang='lat' dir='ltr'>illius</span> <span class='ocrx_word' id='word_1_161' title='bbox 494 2473 704 2549; x_wconf 86' lang='lat' dir='ltr'>laude,</span> <span class='ocrx_word' id='word_1_162' title='bbox 744 2475 1210 2555; x_wconf 84' lang='lat' dir='ltr'>exscripsisset;</span> <span class='ocrx_word' id='word_1_163' title='bbox 1249 2473 1421 2553; x_wconf 77' lang='lat' dir='ltr'>quod</span> <span class='ocrx_word' id='word_1_164' title='bbox 1464 2474 1697 2536; x_wconf 61' lang='lat' dir='ltr'>Graecis</span> <span class='ocrx_word' id='word_1_165' title='bbox 1738 2475 1925 2538; x_wconf 90' lang='lat' dir='ltr'>nimis</span> <span class='ocrx_word' id='word_1_166' title='bbox 1975 2477 2304 2543; x_wconf 88' lang='lat' dir='ltr'>familiare.</span> <span class='ocrx_word' id='word_1_167' title='bbox 2349 2486 2586 2556; x_wconf 89' lang='lat' dir='ltr'>Quanta</span> <span class='ocrx_word' id='word_1_168' title='bbox 2638 2507 2788 2554; x_wconf 88' lang='lat' dir='ltr'>vero</span> <span class='ocrx_word' id='word_1_169' title='bbox 2833 2491 3304 2566; x_wconf 43' lang='lat' dir='ltr'>hinc‘Maximo</span> <span class='ocrx_word' id='word_1_170' title='bbox 3351 2510 3579 2581; x_wconf 81' lang='lat' dir='ltr'>ablata.</span> 
     </span>
    </p>
   </div>
   <div class='ocr_carea' id='block_1_17' title="bbox 292 2576 3576 2672">
    <p class='ocr_par' dir='ltr' id='par_1_17' title="bbox 292 2576 3576 2672">
     <span class='ocr_line' id='line_1_17' title="bbox 292 2576 3576 2672; baseline 0.009 -36"><span class='ocrx_word' id='word_1_171' title='bbox 292 2577 428 2656; x_wconf 83' lang='lat' dir='ltr'>ipse</span> <span class='ocrx_word' id='word_1_172' title='bbox 464 2576 735 2656; x_wconf 90' lang='lat' dir='ltr'>primum</span> <span class='ocrx_word' id='word_1_173' title='bbox 775 2593 982 2638; x_wconf 90' lang='lat' dir='ltr'>nonus</span> <span class='ocrx_word' id='word_1_174' title='bbox 1021 2593 1227 2637; x_wconf 87' lang='lat' dir='ltr'>sermo</span> <span class='ocrx_word' id='word_1_175' title='bbox 1259 2581 1585 2647; x_wconf 87' lang='lat' dir='ltr'>monstrat,</span> <span class='ocrx_word' id='word_1_176' title='bbox 1619 2592 1652 2636; x_wconf 89' lang='lat' dir='ltr'>a</span> <span class='ocrx_word' id='word_1_177' title='bbox 1684 2594 1811 2655; x_wconf 90' lang='lat' dir='ltr'>quo</span> <span class='ocrx_word' id='word_1_178' title='bbox 1861 2576 2090 2659; x_wconf 73' lang='lat' dir='ltr'>incipit</span> <span class='ocrx_word' id='word_1_179' title='bbox 2132 2599 2248 2643; x_wconf 89' lang='lat' dir='ltr'>ms.</span> <span class='ocrx_word' id='word_1_180' title='bbox 2290 2585 2545 2647; x_wconf 84' lang='lat' dir='ltr'>Maximi</span> <span class='ocrx_word' id='word_1_181' title='bbox 2595 2592 2819 2667; x_wconf 85' lang='lat' dir='ltr'>codex,</span> <span class='ocrx_word' id='word_1_182' title='bbox 2866 2596 3023 2659; x_wconf 90' lang='lat' dir='ltr'>mihi</span> <span class='ocrx_word' id='word_1_183' title='bbox 3067 2599 3513 2672; x_wconf 87' lang='lat' dir='ltr'>humanissime</span> <span class='ocrx_word' id='word_1_184' title='bbox 3539 2619 3576 2665; x_wconf 83' lang='lat' dir='ltr'>a</span> 
     </span>
    </p>
   </div>
   <div class='ocr_carea' id='block_1_18' title="bbox 290 2673 3574 2772">
    <p class='ocr_par' dir='ltr' id='par_1_18' title="bbox 290 2673 3574 2772">
     <span class='ocr_line' id='line_1_18' title="bbox 290 2673 3574 2772; baseline 0.011 -36"><span class='ocrx_word' id='word_1_185' title='bbox 290 2677 369 2738; x_wconf 93' lang='lat' dir='ltr'>cl.</span> <span class='ocrx_word' id='word_1_186' title='bbox 407 2677 474 2737; x_wconf 75' lang='grc' dir='ltr'>γ.</span> <span class='ocrx_word' id='word_1_187' title='bbox 506 2675 781 2756; x_wconf 83' lang='lat' dir='ltr'>ipsoque</span> <span class='ocrx_word' id='word_1_188' title='bbox 813 2675 1063 2737; x_wconf 88' lang='lat' dir='ltr'>erudito</span> <span class='ocrx_word' id='word_1_189' title='bbox 1104 2675 1175 2733; x_wconf 89' lang='lat' dir='ltr'>D.</span> <span class='ocrx_word' id='word_1_190' title='bbox 1208 2673 1287 2735; x_wconf 91' lang='lat' dir='ltr'>de</span> <span class='ocrx_word' id='word_1_191' title='bbox 1319 2673 1683 2735; x_wconf 88' lang='lat' dir='ltr'>Ballesdens</span> <span class='ocrx_word' id='word_1_192' title='bbox 1721 2676 2050 2738; x_wconf 87' lang='lat' dir='ltr'>sacerdote</span> <span class='ocrx_word' id='word_1_193' title='bbox 2090 2681 2550 2760; x_wconf 88' lang='lat' dir='ltr'>suppeditatus,</span> <span class='ocrx_word' id='word_1_194' title='bbox 2597 2689 2649 2749; x_wconf 91' lang='lat' dir='ltr'>si</span> <span class='ocrx_word' id='word_1_195' title='bbox 2686 2693 2838 2770; x_wconf 88' lang='lat' dir='ltr'>quid</span> <span class='ocrx_word' id='word_1_196' title='bbox 2876 2694 3026 2760; x_wconf 88' lang='lat' dir='ltr'>inde</span> <span class='ocrx_word' id='word_1_197' title='bbox 3075 2701 3142 2763; x_wconf 92' lang='lat' dir='ltr'>in</span> <span class='ocrx_word' id='word_1_198' title='bbox 3172 2721 3300 2766; x_wconf 89' lang='lat' dir='ltr'>rem</span> <span class='ocrx_word' id='word_1_199' title='bbox 3336 2706 3574 2772; x_wconf 87' lang='lat' dir='ltr'>littera-</span> 
     </span>
    </p>
   </div>
   <div class='ocr_carea' id='block_1_19' title="bbox 188 2772 3581 2883">
    <p class='ocr_par' dir='ltr' id='par_1_19' title="bbox 188 2772 3581 2883">
     <span class='ocr_line' id='line_1_19' title="bbox 188 2772 3581 2883; baseline 0.011 -46"><span class='ocrx_word' id='word_1_200' title='bbox 188 2792 191 2795; x_wconf 84' lang='lat'>&#39;</span> <span class='ocrx_word' id='word_1_201' title='bbox 290 2778 445 2840; x_wconf 88' lang='lat' dir='ltr'>riam</span> <span class='ocrx_word' id='word_1_202' title='bbox 494 2795 527 2839; x_wconf 88' lang='lat' dir='ltr'>a</span> <span class='ocrx_word' id='word_1_203' title='bbox 569 2794 668 2838; x_wconf 92' lang='lat' dir='ltr'>me</span> <span class='ocrx_word' id='word_1_204' title='bbox 700 2781 916 2856; x_wconf 89' lang='lat' dir='ltr'>posset</span> <span class='ocrx_word' id='word_1_205' title='bbox 962 2773 1251 2854; x_wconf 85' lang='lat' dir='ltr'>produci,</span> <span class='ocrx_word' id='word_1_206' title='bbox 1303 2791 1442 2835; x_wconf 91' lang='lat' dir='ltr'>cum</span> <span class='ocrx_word' id='word_1_207' title='bbox 1495 2772 1866 2836; x_wconf 89' lang='lat' dir='ltr'>oblitteratis</span> <span class='ocrx_word' id='word_1_208' title='bbox 1917 2777 2097 2840; x_wconf 87' lang='lat' dir='ltr'>initio</span> <span class='ocrx_word' id='word_1_209' title='bbox 2155 2780 2406 2862; x_wconf 81' lang='lat' dir='ltr'>[ineque</span> <span class='ocrx_word' id='word_1_210' title='bbox 2453 2784 2618 2865; x_wconf 89' lang='lat' dir='ltr'>libri,</span> <span class='ocrx_word' id='word_1_211' title='bbox 2663 2799 2891 2855; x_wconf 88' lang='lat' dir='ltr'>neuter</span> <span class='ocrx_word' id='word_1_212' title='bbox 2941 2808 3148 2863; x_wconf 82' lang='lat' dir='ltr'>certus</span> <span class='ocrx_word' id='word_1_213' title='bbox 3203 2815 3390 2883; x_wconf 90' lang='lat' dir='ltr'>esset,</span> <span class='ocrx_word' id='word_1_214' title='bbox 3440 2827 3581 2876; x_wconf 89' lang='lat' dir='ltr'>eam</span> 
     </span>
    </p>
   </div>
   <div class='ocr_carea' id='block_1_20' title="bbox 290 2875 3556 2974">
    <p class='ocr_par' dir='ltr' id='par_1_20' title="bbox 290 2875 3556 2974">
     <span class='ocr_line' id='line_1_20' title="bbox 290 2875 3556 2974; baseline 0.009 -35"><span class='ocrx_word' id='word_1_215' title='bbox 290 2876 538 2940; x_wconf 83' lang='lat' dir='ltr'>Maximi</span> <span class='ocrx_word' id='word_1_216' title='bbox 570 2876 1074 2939; x_wconf 88' lang='lat' dir='ltr'>lucubrationem</span> <span class='ocrx_word' id='word_1_217' title='bbox 1104 2875 1215 2937; x_wconf 89' lang='lat' dir='ltr'>illo</span> <span class='ocrx_word' id='word_1_218' title='bbox 1245 2875 1580 2937; x_wconf 84' lang='lat' dir='ltr'>contineri.</span> <span class='ocrx_word' id='word_1_219' title='bbox 1609 2876 1864 2938; x_wconf 88' lang='lat' dir='ltr'>Factum</span> <span class='ocrx_word' id='word_1_220' title='bbox 1896 2877 2003 2940; x_wconf 93' lang='lat' dir='ltr'>illo</span> <span class='ocrx_word' id='word_1_221' title='bbox 2036 2881 2259 2959; x_wconf 86' lang='lat' dir='ltr'>partim</span> <span class='ocrx_word' id='word_1_222' title='bbox 2292 2884 2439 2946; x_wconf 88' lang='lat' dir='ltr'>satis</span> <span class='ocrx_word' id='word_1_223' title='bbox 2469 2889 2625 2950; x_wconf 86' lang='lat' dir='ltr'>meis</span> <span class='ocrx_word' id='word_1_224' title='bbox 2654 2893 2833 2968; x_wconf 90' lang='lat' dir='ltr'>votis,</span> <span class='ocrx_word' id='word_1_225' title='bbox 2870 2914 2952 2959; x_wconf 90' lang='lat' dir='ltr'>ne</span> <span class='ocrx_word' id='word_1_226' title='bbox 2983 2917 3105 2964; x_wconf 88' lang='lat' dir='ltr'>una</span> <span class='ocrx_word' id='word_1_227' title='bbox 3128 2875 3396 2969; x_wconf 85' lang='lat' dir='ltr'>Gesneri</span> <span class='ocrx_word' id='word_1_228' title='bbox 3431 2911 3556 2974; x_wconf 79' lang='lat' dir='ltr'>ﬁde</span> 
     </span>
    </p>
   </div>
   <div class='ocr_carea' id='block_1_21' title="bbox 288 2970 3584 3088">
    <p class='ocr_par' dir='ltr' id='par_1_21' title="bbox 288 2970 3584 3088">
     <span class='ocr_line' id='line_1_21' title="bbox 288 2970 3584 3088; baseline 0.012 -50"><span class='ocrx_word' id='word_1_229' title='bbox 288 2978 378 3039; x_wconf 91' lang='lat' dir='ltr'>sic</span> <span class='ocrx_word' id='word_1_230' title='bbox 431 2974 732 3048; x_wconf 76' lang='lat' dir='ltr'>sublesta,</span> <span class='ocrx_word' id='word_1_231' title='bbox 783 2972 1030 3035; x_wconf 77' lang='lat' dir='ltr'>Maximi</span> <span class='ocrx_word' id='word_1_232' title='bbox 1088 2989 1250 3052; x_wconf 87' lang='lat' dir='ltr'>opus</span> <span class='ocrx_word' id='word_1_233' title='bbox 1296 2970 1419 3035; x_wconf 92' lang='lat' dir='ltr'>hoc</span> <span class='ocrx_word' id='word_1_234' title='bbox 1472 2971 1815 3051; x_wconf 80' lang='lat' dir='ltr'>vulgarem,</span> <span class='ocrx_word' id='word_1_235' title='bbox 1877 2974 1956 3036; x_wconf 91' lang='lat' dir='ltr'>ad</span> <span class='ocrx_word' id='word_1_236' title='bbox 1995 2978 2166 3056; x_wconf 88' lang='lat' dir='ltr'>quod</span> <span class='ocrx_word' id='word_1_237' title='bbox 2203 2978 2373 3044; x_wconf 88' lang='lat' dir='ltr'>aliud</span> <span class='ocrx_word' id='word_1_238' title='bbox 2428 2985 2583 3047; x_wconf 87' lang='lat' dir='ltr'>nihil</span> <span class='ocrx_word' id='word_1_239' title='bbox 2622 2992 2894 3056; x_wconf 88' lang='lat' dir='ltr'>subsidii</span> <span class='ocrx_word' id='word_1_240' title='bbox 2951 3006 3140 3076; x_wconf 83' lang='lat' dir='ltr'>esset,</span> <span class='ocrx_word' id='word_1_241' title='bbox 3188 3020 3262 3067; x_wconf 94' lang='lat' dir='ltr'>ac</span> <span class='ocrx_word' id='word_1_242' title='bbox 3311 2970 3584 3088; x_wconf 58' lang='grc' dir='ltr'><strong>(ιιιοήᾧᾶ</strong></span> 
     </span>
    </p>
   </div>
   <div class='ocr_carea' id='block_1_22' title="bbox 288 3075 3585 3178">
    <p class='ocr_par' dir='ltr' id='par_1_22' title="bbox 288 3075 3585 3178">
     <span class='ocr_line' id='line_1_22' title="bbox 288 3075 3585 3178; baseline 0.012 -40"><span class='ocrx_word' id='word_1_243' title='bbox 288 3078 556 3141; x_wconf 88' lang='lat' dir='ltr'>Maximo</span> <span class='ocrx_word' id='word_1_244' title='bbox 598 3092 997 3156; x_wconf 86' lang='lat' dir='ltr'>reponerem.</span> <span class='ocrx_word' id='word_1_245' title='bbox 1036 3077 1187 3137; x_wconf 88' lang='lat' dir='ltr'>Nam</span> <span class='ocrx_word' id='word_1_246' title='bbox 1219 3077 1536 3138; x_wconf 89' lang='lat' dir='ltr'>Gesnerus</span> <span class='ocrx_word' id='word_1_247' title='bbox 1573 3075 1770 3138; x_wconf 89' lang='lat' dir='ltr'>altera</span> <span class='ocrx_word' id='word_1_248' title='bbox 1809 3095 1924 3139; x_wconf 91' lang='lat' dir='ltr'>sua</span> <span class='ocrx_word' id='word_1_249' title='bbox 1956 3080 2257 3157; x_wconf 86' lang='lat' dir='ltr'>editione,</span> <span class='ocrx_word' id='word_1_250' title='bbox 2292 3092 2354 3147; x_wconf 90' lang='lat' dir='ltr'>et</span> <span class='ocrx_word' id='word_1_251' title='bbox 2390 3105 2514 3167; x_wconf 91' lang='lat' dir='ltr'>qua</span> <span class='ocrx_word' id='word_1_252' title='bbox 2549 3107 2583 3153; x_wconf 91' lang='lat' dir='ltr'>e</span> <span class='ocrx_word' id='word_1_253' title='bbox 2618 3094 2878 3172; x_wconf 82' lang='lat' dir='ltr'>regione</span> <span class='ocrx_word' id='word_1_254' title='bbox 2909 3075 3132 3165; x_wconf 59' lang='lat' dir='ltr'>Graeca</span> <span class='ocrx_word' id='word_1_255' title='bbox 3167 3075 3403 3173; x_wconf 71' lang='lat' dir='ltr'>Latinis</span> <span class='ocrx_word' id='word_1_256' title='bbox 3432 3131 3585 3178; x_wconf 90' lang='lat' dir='ltr'>con-</span> 
     </span>
    </p>
   </div>
   <div class='ocr_carea' id='block_1_23' title="bbox 278 3176 3580 3289">
    <p class='ocr_par' dir='ltr' id='par_1_23' title="bbox 278 3176 3580 3289">
     <span class='ocr_line' id='line_1_23' title="bbox 278 3176 3580 3289; baseline 0.012 -49"><span class='ocrx_word' id='word_1_257' title='bbox 278 3183 501 3261; x_wconf 89' lang='lat' dir='ltr'>juncta</span> <span class='ocrx_word' id='word_1_258' title='bbox 532 3179 596 3239; x_wconf 91' lang='lat' dir='ltr'>in</span> <span class='ocrx_word' id='word_1_259' title='bbox 645 3179 898 3240; x_wconf 82' lang='lat' dir='ltr'>Stoban</span> <span class='ocrx_word' id='word_1_260' title='bbox 930 3184 1363 3258; x_wconf 66' lang='lat' dir='ltr'>repraesentat,</span> <span class='ocrx_word' id='word_1_261' title='bbox 1394 3177 1486 3240; x_wconf 87' lang='lat' dir='ltr'>sic</span> <span class='ocrx_word' id='word_1_262' title='bbox 1518 3176 1739 3289; x_wconf 46' lang='lat' dir='ltr'>miscet.</span> <span class='ocrx_word' id='word_1_263' title='bbox 1768 3180 2003 3255; x_wconf 89' lang='lat' dir='ltr'>omnia,</span> <span class='ocrx_word' id='word_1_264' title='bbox 2034 3189 2107 3244; x_wconf 88' lang='lat' dir='ltr'>ut</span> <span class='ocrx_word' id='word_1_265' title='bbox 2153 3185 2305 3263; x_wconf 89' lang='lat' dir='ltr'>quid</span> <span class='ocrx_word' id='word_1_266' title='bbox 2363 3190 2676 3273; x_wconf 89' lang='lat' dir='ltr'>cujusque</span> <span class='ocrx_word' id='word_1_267' title='bbox 2730 3196 2831 3273; x_wconf 91' lang='lat' dir='ltr'>sit,</span> <span class='ocrx_word' id='word_1_268' title='bbox 2881 3202 3134 3267; x_wconf 80' lang='lat' dir='ltr'>Maximi</span> <span class='ocrx_word' id='word_1_269' title='bbox 3181 3224 3263 3271; x_wconf 89' lang='lat' dir='ltr'>an</span> <span class='ocrx_word' id='word_1_270' title='bbox 3295 3215 3580 3289; x_wconf 85' lang='lat' dir='ltr'>Antonii,</span> 
     </span>
    </p>
   </div>
   <div class='ocr_carea' id='block_1_24' title="bbox 290 3273 3581 3393">
    <p class='ocr_par' dir='ltr' id='par_1_24' title="bbox 290 3273 3581 3393">
     <span class='ocr_line' id='line_1_24' title="bbox 290 3273 3581 3393; baseline 0.013 -55"><span class='ocrx_word' id='word_1_271' title='bbox 290 3293 477 3340; x_wconf 91' lang='lat' dir='ltr'>nemo</span> <span class='ocrx_word' id='word_1_272' title='bbox 509 3276 696 3358; x_wconf 88' lang='lat' dir='ltr'>plane</span> <span class='ocrx_word' id='word_1_273' title='bbox 720 3276 1051 3355; x_wconf 84' lang='lat' dir='ltr'>intelligat.</span> <span class='ocrx_word' id='word_1_274' title='bbox 1087 3275 1328 3349; x_wconf 86' lang='lat' dir='ltr'>Ribitti,</span> <span class='ocrx_word' id='word_1_275' title='bbox 1363 3292 1556 3364; x_wconf 85' lang='lat' dir='ltr'>quam</span> <span class='ocrx_word' id='word_1_276' title='bbox 1594 3273 1827 3349; x_wconf 90' lang='lat' dir='ltr'>laudat,</span> <span class='ocrx_word' id='word_1_277' title='bbox 1854 3282 2082 3353; x_wconf 87' lang='lat' dir='ltr'>versio,</span> <span class='ocrx_word' id='word_1_278' title='bbox 2108 3283 2241 3362; x_wconf 90' lang='lat' dir='ltr'>ipsa</span> <span class='ocrx_word' id='word_1_279' title='bbox 2276 3286 2571 3352; x_wconf 88' lang='lat' dir='ltr'>distincte</span> <span class='ocrx_word' id='word_1_280' title='bbox 2604 3293 2864 3372; x_wconf 88' lang='lat' dir='ltr'>habens,</span> <span class='ocrx_word' id='word_1_281' title='bbox 2890 3318 3033 3379; x_wconf 66' lang='lat' dir='ltr'>qua:</span> <span class='ocrx_word' id='word_1_282' title='bbox 3061 3319 3272 3373; x_wconf 89' lang='lat' dir='ltr'>essent</span> <span class='ocrx_word' id='word_1_283' title='bbox 3300 3273 3581 3393; x_wconf 62' lang='lat' dir='ltr'>Maximi;</span> 
     </span>
    </p>
   </div>
   <div class='ocr_carea' id='block_1_25' title="bbox 286 3375 3581 3494">
    <p class='ocr_par' dir='ltr' id='par_1_25' title="bbox 286 3375 3581 3494">
     <span class='ocr_line' id='line_1_25' title="bbox 286 3375 3581 3494; baseline 0.012 -54"><span class='ocrx_word' id='word_1_284' title='bbox 286 3396 394 3440; x_wconf 89' lang='lat' dir='ltr'>sua</span> <span class='ocrx_word' id='word_1_285' title='bbox 432 3378 814 3441; x_wconf 90' lang='lat' dir='ltr'>obscuritate</span> <span class='ocrx_word' id='word_1_286' title='bbox 846 3376 937 3438; x_wconf 87' lang='lat' dir='ltr'>sic</span> <span class='ocrx_word' id='word_1_287' title='bbox 987 3392 1151 3457; x_wconf 90' lang='lat' dir='ltr'>pene</span> <span class='ocrx_word' id='word_1_288' title='bbox 1183 3375 1453 3449; x_wconf 87' lang='lat' dir='ltr'>evanuit,</span> <span class='ocrx_word' id='word_1_289' title='bbox 1487 3382 1555 3437; x_wconf 91' lang='lat' dir='ltr'>ut</span> <span class='ocrx_word' id='word_1_290' title='bbox 1595 3392 1711 3440; x_wconf 92' lang='lat' dir='ltr'>nec</span> <span class='ocrx_word' id='word_1_291' title='bbox 1752 3379 2028 3442; x_wconf 88' lang='lat' dir='ltr'>nancisci</span> <span class='ocrx_word' id='word_1_292' title='bbox 2064 3382 2334 3448; x_wconf 88' lang='lat' dir='ltr'>licuerit.</span> <span class='ocrx_word' id='word_1_293' title='bbox 2375 3390 2523 3452; x_wconf 91' lang='lat' dir='ltr'>Mihi</span> <span class='ocrx_word' id='word_1_294' title='bbox 2570 3403 2741 3459; x_wconf 90' lang='lat' dir='ltr'>certe</span> <span class='ocrx_word' id='word_1_295' title='bbox 2775 3414 2846 3461; x_wconf 90' lang='lat' dir='ltr'>ea</span> <span class='ocrx_word' id='word_1_296' title='bbox 2888 3375 3063 3481; x_wconf 81' lang='lat' dir='ltr'>parte</span> <span class='ocrx_word' id='word_1_297' title='bbox 3101 3407 3383 3474; x_wconf 92' lang='lat' dir='ltr'>Theseus</span> <span class='ocrx_word' id='word_1_298' title='bbox 3424 3375 3581 3494; x_wconf 59' lang='lat' dir='ltr'>(nor;</span> 
     </span>
    </p>
   </div>
   <div class='ocr_carea' id='block_1_26' title="bbox 287 3478 3581 3595">
    <p class='ocr_par' dir='ltr' id='par_1_26' title="bbox 287 3478 3581 3595">
     <span class='ocr_line' id='line_1_26' title="bbox 287 3478 3581 3595; baseline 0.014 -54"><span class='ocrx_word' id='word_1_299' title='bbox 287 3497 411 3558; x_wconf 85' lang='lat' dir='ltr'>qua</span> <span class='ocrx_word' id='word_1_300' title='bbox 441 3480 559 3542; x_wconf 89' lang='lat' dir='ltr'>sibi</span> <span class='ocrx_word' id='word_1_301' title='bbox 594 3478 868 3541; x_wconf 87' lang='lat' dir='ltr'>venditat</span> <span class='ocrx_word' id='word_1_302' title='bbox 897 3479 1236 3556; x_wconf 86' lang='lat' dir='ltr'>Gesnerus)</span> <span class='ocrx_word' id='word_1_303' title='bbox 1270 3486 1339 3541; x_wconf 88' lang='lat' dir='ltr'>ut</span> <span class='ocrx_word' id='word_1_304' title='bbox 1367 3478 1444 3541; x_wconf 90' lang='lat' dir='ltr'>ab</span> <span class='ocrx_word' id='word_1_305' title='bbox 1477 3478 1611 3558; x_wconf 90' lang='lat' dir='ltr'>ejus</span> <span class='ocrx_word' id='word_1_306' title='bbox 1645 3480 1851 3560; x_wconf 91' lang='lat' dir='ltr'>ipsius</span> <span class='ocrx_word' id='word_1_307' title='bbox 1898 3486 2291 3552; x_wconf 85' lang='lat' dir='ltr'>confusionis</span> <span class='ocrx_word' id='word_1_308' title='bbox 2323 3491 2685 3574; x_wconf 86' lang='lat' dir='ltr'>labyrintho</span> <span class='ocrx_word' id='word_1_309' title='bbox 2720 3519 2822 3563; x_wconf 92' lang='lat' dir='ltr'>me</span> <span class='ocrx_word' id='word_1_310' title='bbox 2850 3478 2989 3586; x_wconf 82' lang='lat' dir='ltr'>ipse</span> <span class='ocrx_word' id='word_1_311' title='bbox 3019 3478 3581 3595; x_wconf 44' lang='lat' dir='ltr'>expedirem,‘non</span> 
     </span>
    </p>
   </div>
   <div class='ocr_carea' id='block_1_27' title="bbox 284 3579 3577 3689">
    <p class='ocr_par' dir='ltr' id='par_1_27' title="bbox 284 3579 3577 3689">
     <span class='ocr_line' id='line_1_27' title="bbox 284 3579 3577 3689; baseline 0.015 -47"><span class='ocrx_word' id='word_1_312' title='bbox 284 3588 353 3643; x_wconf 89' lang='lat' dir='ltr'>ut</span> <span class='ocrx_word' id='word_1_313' title='bbox 384 3598 677 3660; x_wconf 84' lang='lat' dir='ltr'>magnum</span> <span class='ocrx_word' id='word_1_314' title='bbox 709 3579 951 3660; x_wconf 88' lang='lat' dir='ltr'>aliquid</span> <span class='ocrx_word' id='word_1_315' title='bbox 982 3598 1058 3644; x_wconf 88' lang='lat' dir='ltr'>ex</span> <span class='ocrx_word' id='word_1_316' title='bbox 1095 3582 1229 3661; x_wconf 89' lang='lat' dir='ltr'>ejus</span> <span class='ocrx_word' id='word_1_317' title='bbox 1258 3584 1551 3648; x_wconf 87' lang='lat' dir='ltr'>versione</span> <span class='ocrx_word' id='word_1_318' title='bbox 1588 3587 1933 3650; x_wconf 88' lang='lat' dir='ltr'>reddendis</span> <span class='ocrx_word' id='word_1_319' title='bbox 1960 3591 2211 3654; x_wconf 83' lang='lat' dir='ltr'>Maximi</span> <span class='ocrx_word' id='word_1_320' title='bbox 2260 3602 2592 3663; x_wconf 89' lang='lat' dir='ltr'>sententiis</span> <span class='ocrx_word' id='word_1_321' title='bbox 2607 3579 2897 3683; x_wconf 55' lang='lat' dir='ltr'>juvarer:</span> <span class='ocrx_word' id='word_1_322' title='bbox 2930 3579 3226 3681; x_wconf 75' lang='lat' dir='ltr'>Causatur</span> <span class='ocrx_word' id='word_1_323' title='bbox 3254 3579 3577 3689; x_wconf 78' lang='lat' dir='ltr'>Gesnerus</span> 
     </span>
    </p>
   </div>
   <div class='ocr_carea' id='block_1_28' title="bbox 287 3684 3576 3801">
    <p class='ocr_par' dir='ltr' id='par_1_28' title="bbox 287 3684 3576 3801">
     <span class='ocr_line' id='line_1_28' title="bbox 287 3684 3576 3801; baseline 0.014 -54"><span class='ocrx_word' id='word_1_324' title='bbox 287 3702 402 3748; x_wconf 89' lang='lat' dir='ltr'>nec</span> <span class='ocrx_word' id='word_1_325' title='bbox 439 3701 615 3746; x_wconf 91' lang='lat' dir='ltr'>suam</span> <span class='ocrx_word' id='word_1_326' title='bbox 662 3701 778 3746; x_wconf 91' lang='lat' dir='ltr'>nec</span> <span class='ocrx_word' id='word_1_327' title='bbox 816 3684 1033 3747; x_wconf 85' lang='lat' dir='ltr'>Ribitti</span> <span class='ocrx_word' id='word_1_328' title='bbox 1070 3687 1425 3750; x_wconf 88' lang='lat' dir='ltr'>versionem</span> <span class='ocrx_word' id='word_1_329' title='bbox 1465 3689 1806 3752; x_wconf 86' lang='lat' dir='ltr'>admodum</span> <span class='ocrx_word' id='word_1_330' title='bbox 1837 3692 2155 3770; x_wconf 80' lang='lat' dir='ltr'>elegantes</span> <span class='ocrx_word' id='word_1_331' title='bbox 2193 3714 2354 3773; x_wconf 88' lang='lat' dir='ltr'>esse,</span> <span class='ocrx_word' id='word_1_332' title='bbox 2392 3705 2560 3782; x_wconf 88' lang='lat' dir='ltr'>quod</span> <span class='ocrx_word' id='word_1_333' title='bbox 2600 3706 2737 3772; x_wconf 85' lang='lat' dir='ltr'>fere</span> <span class='ocrx_word' id='word_1_334' title='bbox 2781 3715 3099 3792; x_wconf 88' lang='lat' dir='ltr'>pendente</span> <span class='ocrx_word' id='word_1_335' title='bbox 3130 3722 3310 3801; x_wconf 91' lang='lat' dir='ltr'>prelo</span> <span class='ocrx_word' id='word_1_336' title='bbox 3352 3727 3576 3790; x_wconf 89' lang='lat' dir='ltr'>reddi-</span> 
     </span>
    </p>
   </div>
   <div class='ocr_carea' id='block_1_29' title="bbox 285 3788 3574 3901">
    <p class='ocr_par' dir='ltr' id='par_1_29' title="bbox 285 3788 3574 3901">
     <span class='ocr_line' id='line_1_29' title="bbox 285 3788 3574 3901; baseline 0.013 -50"><span class='ocrx_word' id='word_1_337' title='bbox 285 3792 468 3863; x_wconf 79' lang='lat' dir='ltr'>derit,</span> <span class='ocrx_word' id='word_1_338' title='bbox 498 3789 799 3869; x_wconf 86' lang='lat' dir='ltr'>quodque</span> <span class='ocrx_word' id='word_1_339' title='bbox 821 3788 940 3870; x_wconf 88' lang='lat' dir='ltr'>ipsi</span> <span class='ocrx_word' id='word_1_340' title='bbox 961 3799 1249 3855; x_wconf 87' lang='lat' dir='ltr'>auctores</span> <span class='ocrx_word' id='word_1_341' title='bbox 1276 3791 1443 3856; x_wconf 91' lang='lat' dir='ltr'>haud</span> <span class='ocrx_word' id='word_1_342' title='bbox 1466 3811 1607 3857; x_wconf 91' lang='lat' dir='ltr'>raro</span> <span class='ocrx_word' id='word_1_343' title='bbox 1639 3812 1766 3857; x_wconf 90' lang='lat' dir='ltr'>non</span> <span class='ocrx_word' id='word_1_344' title='bbox 1787 3797 2053 3859; x_wconf 90' lang='lat' dir='ltr'>multum</span> <span class='ocrx_word' id='word_1_345' title='bbox 2080 3801 2401 3880; x_wconf 86' lang='lat' dir='ltr'>elegantes</span> <span class='ocrx_word' id='word_1_346' title='bbox 2428 3807 2573 3872; x_wconf 89' lang='lat' dir='ltr'>sint.</span> <span class='ocrx_word' id='word_1_347' title='bbox 2607 3788 3225 3901; x_wconf 43' lang='lat' dir='ltr'>Mihi,-quidquid.sit</span> <span class='ocrx_word' id='word_1_348' title='bbox 3242 3826 3320 3890; x_wconf 91' lang='lat' dir='ltr'>de</span> <span class='ocrx_word' id='word_1_349' title='bbox 3352 3788 3574 3894; x_wconf 79' lang='lat' dir='ltr'>aucto-</span> 
     </span>
    </p>
   </div>
   <div class='ocr_carea' id='block_1_30' title="bbox 291 3890 3576 4009">
    <p class='ocr_par' dir='ltr' id='par_1_30' title="bbox 291 3890 3576 4009">
     <span class='ocr_line' id='line_1_30' title="bbox 291 3890 3576 4009; baseline 0.013 -53"><span class='ocrx_word' id='word_1_350' title='bbox 291 3911 428 3957; x_wconf 90' lang='lat' dir='ltr'>rum</span> <span class='ocrx_word' id='word_1_351' title='bbox 456 3890 765 3973; x_wconf 81' lang='lat' dir='ltr'>elegantia</span> <span class='ocrx_word' id='word_1_352' title='bbox 791 3894 1002 3975; x_wconf 90' lang='lat' dir='ltr'>(quam</span> <span class='ocrx_word' id='word_1_353' title='bbox 1029 3895 1119 3959; x_wconf 88' lang='lat' dir='ltr'>sic</span> <span class='ocrx_word' id='word_1_354' title='bbox 1138 3898 1413 3978; x_wconf 90' lang='lat' dir='ltr'>antiquis</span> <span class='ocrx_word' id='word_1_355' title='bbox 1444 3898 1782 3981; x_wconf 85' lang='lat' dir='ltr'>theologis,</span> <span class='ocrx_word' id='word_1_356' title='bbox 1814 3901 2246 3985; x_wconf 87' lang='lat' dir='ltr'>philosophis,</span> <span class='ocrx_word' id='word_1_357' title='bbox 2264 3913 2643 3990; x_wconf 89' lang='lat' dir='ltr'>oratoribus,</span> <span class='ocrx_word' id='word_1_358' title='bbox 2671 3890 3117 4003; x_wconf 69' lang='lat' dir='ltr'>litteratorum,</span> <span class='ocrx_word' id='word_1_359' title='bbox 3147 3938 3208 3993; x_wconf 89' lang='lat' dir='ltr'>et</span> <span class='ocrx_word' id='word_1_360' title='bbox 3227 3890 3576 4009; x_wconf 45' lang='lat' dir='ltr'>tenuata.</span> 
     </span>
    </p>
   </div>
   <div class='ocr_carea' id='block_1_31' title="bbox 282 3997 3575 4115">
    <p class='ocr_par' dir='ltr' id='par_1_31' title="bbox 282 3997 3575 4115">
     <span class='ocr_line' id='line_1_31' title="bbox 282 3997 3575 4115; baseline 0.012 -56"><span class='ocrx_word' id='word_1_361' title='bbox 282 4004 492 4077; x_wconf 78' lang='grc' dir='ltr'>ἀνδρῶν</span> <span class='ocrx_word' id='word_1_362' title='bbox 522 3997 696 4059; x_wconf 90' lang='lat' dir='ltr'>omni</span> <span class='ocrx_word' id='word_1_363' title='bbox 723 3997 965 4072; x_wconf 89' lang='lat' dir='ltr'>censui,</span> <span class='ocrx_word' id='word_1_364' title='bbox 999 3999 1213 4062; x_wconf 90' lang='lat' dir='ltr'>nescio</span> <span class='ocrx_word' id='word_1_365' title='bbox 1254 4016 1382 4079; x_wconf 90' lang='lat' dir='ltr'>quo</span> <span class='ocrx_word' id='word_1_366' title='bbox 1427 4009 1613 4079; x_wconf 89' lang='lat' dir='ltr'>gustu</span> <span class='ocrx_word' id='word_1_367' title='bbox 1668 4001 1939 4078; x_wconf 88' lang='lat' dir='ltr'>abdicet,</span> <span class='ocrx_word' id='word_1_368' title='bbox 1982 4010 2045 4067; x_wconf 89' lang='lat' dir='ltr'>et</span> <span class='ocrx_word' id='word_1_369' title='bbox 2083 4024 2162 4068; x_wconf 89' lang='lat' dir='ltr'>an</span> <span class='ocrx_word' id='word_1_370' title='bbox 2206 4026 2361 4073; x_wconf 91' lang='lat' dir='ltr'>sano</span> <span class='ocrx_word' id='word_1_371' title='bbox 2401 4013 2552 4076; x_wconf 89' lang='lat' dir='ltr'>satis</span> <span class='ocrx_word' id='word_1_372' title='bbox 2583 4018 2812 4098; x_wconf 88' lang='lat' dir='ltr'>capite,</span> <span class='ocrx_word' id='word_1_373' title='bbox 2865 4023 3021 4086; x_wconf 87' lang='lat' dir='ltr'>nihil</span> <span class='ocrx_word' id='word_1_374' title='bbox 3065 3997 3206 4109; x_wconf 83' lang='lat' dir='ltr'>ipse</span> <span class='ocrx_word' id='word_1_375' title='bbox 3238 3997 3575 4115; x_wconf 76' lang='lat' dir='ltr'>theologus</span> 
     </span>
    </p>
   </div>
   <div class='ocr_carea' id='block_1_32' title="bbox 266 4100 3575 4215">
    <p class='ocr_par' dir='ltr' id='par_1_32' title="bbox 266 4100 3575 4215">
     <span class='ocr_line' id='line_1_32' title="bbox 266 4100 3575 4215; baseline 0.014 -59"><span class='ocrx_word' id='word_1_376' title='bbox 266 4113 733 4177; x_wconf 54' lang='lat' dir='ltr'>summumque</span> <span class='ocrx_word' id='word_1_377' title='bbox 763 4100 1209 4176; x_wconf 84' lang='lat' dir='ltr'>grammaticus</span> <span class='ocrx_word' id='word_1_378' title='bbox 1228 4101 1576 4162; x_wconf 88' lang='lat' dir='ltr'>Germanus</span> <span class='ocrx_word' id='word_1_379' title='bbox 1602 4111 1913 4182; x_wconf 77' lang='grc' dir='ltr'>ἑτερόδοξος</span> <span class='ocrx_word' id='word_1_380' title='bbox 1944 4106 2248 4188; x_wconf 91' lang='lat' dir='ltr'>medicus)</span> <span class='ocrx_word' id='word_1_381' title='bbox 2274 4113 2475 4190; x_wconf 88' lang='lat' dir='ltr'>magis</span> <span class='ocrx_word' id='word_1_382' title='bbox 2506 4122 2879 4185; x_wconf 89' lang='lat' dir='ltr'>arcessenda</span> <span class='ocrx_word' id='word_1_383' title='bbox 2913 4100 3256 4211; x_wconf 47' lang='lat' dir='ltr'>fides-quat</span> <span class='ocrx_word' id='word_1_384' title='bbox 3277 4151 3400 4195; x_wconf 90' lang='lat' dir='ltr'>una</span> <span class='ocrx_word' id='word_1_385' title='bbox 3424 4100 3575 4215; x_wconf 52' lang='lat' dir='ltr'>pro-</span> 
     </span>
    </p>
   </div>
   <div class='ocr_carea' id='block_1_33' title="bbox 284 4196 3572 4315">
    <p class='ocr_par' dir='ltr' id='par_1_33' title="bbox 284 4196 3572 4315">
     <span class='ocr_line' id='line_1_33' title="bbox 284 4196 3572 4315; baseline 0.012 -58"><span class='ocrx_word' id='word_1_386' title='bbox 284 4197 434 4259; x_wconf 90' lang='lat' dir='ltr'>bum</span> <span class='ocrx_word' id='word_1_387' title='bbox 477 4200 885 4278; x_wconf 84' lang='lat' dir='ltr'>interpretem</span> <span class='ocrx_word' id='word_1_388' title='bbox 914 4196 1236 4279; x_wconf 81' lang='lat' dir='ltr'>insigniat,</span> <span class='ocrx_word' id='word_1_389' title='bbox 1262 4200 1357 4261; x_wconf 91' lang='lat' dir='ltr'>vel</span> <span class='ocrx_word' id='word_1_390' title='bbox 1391 4203 1440 4263; x_wconf 91' lang='lat' dir='ltr'>si</span> <span class='ocrx_word' id='word_1_391' title='bbox 1467 4202 1697 4266; x_wconf 88' lang='lat' dir='ltr'>minori</span> <span class='ocrx_word' id='word_1_392' title='bbox 1728 4204 2092 4285; x_wconf 88' lang='lat' dir='ltr'>eloquentia</span> <span class='ocrx_word' id='word_1_393' title='bbox 2120 4226 2236 4272; x_wconf 91' lang='lat' dir='ltr'>nec</span> <span class='ocrx_word' id='word_1_394' title='bbox 2254 4215 2444 4276; x_wconf 87' lang='lat' dir='ltr'>tantis</span> <span class='ocrx_word' id='word_1_395' title='bbox 2466 4215 2807 4285; x_wconf 91' lang='lat' dir='ltr'>luminibus</span> <span class='ocrx_word' id='word_1_396' title='bbox 2844 4224 2988 4288; x_wconf 88' lang='lat' dir='ltr'>aliis</span> <span class='ocrx_word' id='word_1_397' title='bbox 3016 4196 3182 4292; x_wconf 64' lang='lat' dir='ltr'>dicta</span> <span class='ocrx_word' id='word_1_398' title='bbox 3205 4196 3572 4315; x_wconf 66' lang='lat' dir='ltr'>scriptzique</span> 
     </span>
    </p>
   </div>
   <div class='ocr_carea' id='block_1_34' title="bbox 287 4297 3569 4411">
    <p class='ocr_par' dir='ltr' id='par_1_34' title="bbox 287 4297 3569 4411">
     <span class='ocr_line' id='line_1_34' title="bbox 287 4297 3569 4411; baseline 0.011 -53"><span class='ocrx_word' id='word_1_399' title='bbox 287 4297 546 4359; x_wconf 89' lang='lat' dir='ltr'>reddere</span> <span class='ocrx_word' id='word_1_400' title='bbox 578 4297 798 4360; x_wconf 89' lang='lat' dir='ltr'>valeat.</span> <span class='ocrx_word' id='word_1_401' title='bbox 829 4298 1016 4361; x_wconf 85' lang='lat' dir='ltr'>Tituli</span> <span class='ocrx_word' id='word_1_402' title='bbox 1047 4305 1504 4398; x_wconf 68' lang='lat' dir='ltr'>auctorumque</span> <span class='ocrx_word' id='word_1_403' title='bbox 1537 4301 1817 4377; x_wconf 88' lang='lat' dir='ltr'>nomina,</span> <span class='ocrx_word' id='word_1_404' title='bbox 1847 4303 2022 4382; x_wconf 90' lang='lat' dir='ltr'>quod</span> <span class='ocrx_word' id='word_1_405' title='bbox 2073 4307 2267 4370; x_wconf 91' lang='lat' dir='ltr'>minio</span> <span class='ocrx_word' id='word_1_406' title='bbox 2318 4311 2549 4393; x_wconf 86' lang='lat' dir='ltr'>scripta</span> <span class='ocrx_word' id='word_1_407' title='bbox 2580 4327 2782 4394; x_wconf 87' lang='lat' dir='ltr'>erant,</span> <span class='ocrx_word' id='word_1_408' title='bbox 2812 4323 3143 4403; x_wconf 90' lang='lat' dir='ltr'>complura</span> <span class='ocrx_word' id='word_1_409' title='bbox 3175 4327 3301 4407; x_wconf 85' lang='lat' dir='ltr'>legi</span> <span class='ocrx_word' id='word_1_410' title='bbox 3335 4297 3569 4411; x_wconf 68' lang='lat' dir='ltr'>nequi-</span> 
     </span>
    </p>
   </div>
   <div class='ocr_carea' id='block_1_35' title="bbox 284 4398 3570 4510">
    <p class='ocr_par' dir='ltr' id='par_1_35' title="bbox 284 4398 3570 4510">
     <span class='ocr_line' id='line_1_35' title="bbox 284 4398 3570 4510; baseline 0.011 -52"><span class='ocrx_word' id='word_1_411' title='bbox 284 4406 525 4469; x_wconf 89' lang='lat' dir='ltr'>verunt,</span> <span class='ocrx_word' id='word_1_412' title='bbox 562 4417 709 4462; x_wconf 92' lang='lat' dir='ltr'>cum</span> <span class='ocrx_word' id='word_1_413' title='bbox 746 4398 1070 4462; x_wconf 67' lang='lat' dir='ltr'>sententiae</span> <span class='ocrx_word' id='word_1_414' title='bbox 1099 4399 1254 4479; x_wconf 86' lang='lat' dir='ltr'>ipsae</span> <span class='ocrx_word' id='word_1_415' title='bbox 1281 4408 1629 4464; x_wconf 87' lang='lat' dir='ltr'>atramento</span> <span class='ocrx_word' id='word_1_416' title='bbox 1660 4402 1933 4483; x_wconf 68' lang='lat' dir='ltr'>scriptze,</span> <span class='ocrx_word' id='word_1_417' title='bbox 1981 4423 2204 4485; x_wconf 87' lang='lat' dir='ltr'>parum</span> <span class='ocrx_word' id='word_1_418' title='bbox 2248 4420 2359 4473; x_wconf 91' lang='lat' dir='ltr'>aut</span> <span class='ocrx_word' id='word_1_419' title='bbox 2404 4413 2562 4476; x_wconf 89' lang='lat' dir='ltr'>nihil</span> <span class='ocrx_word' id='word_1_420' title='bbox 2601 4398 2984 4498; x_wconf 63' lang='lat' dir='ltr'>laborarent,</span> <span class='ocrx_word' id='word_1_421' title='bbox 3014 4424 3081 4489; x_wconf 92' lang='lat' dir='ltr'>in</span> <span class='ocrx_word' id='word_1_422' title='bbox 3108 4398 3386 4504; x_wconf 79' lang='lat' dir='ltr'>laudato,</span> <span class='ocrx_word' id='word_1_423' title='bbox 3427 4398 3570 4510; x_wconf 66' lang='lat' dir='ltr'>ipso</span> 
     </span>
    </p>
   </div>
   <div class='ocr_carea' id='block_1_36' title="bbox 281 4498 3572 4606">
    <p class='ocr_par' dir='ltr' id='par_1_36' title="bbox 281 4498 3572 4606">
     <span class='ocr_line' id='line_1_36' title="bbox 281 4498 3572 4606; baseline 0.011 -46"><span class='ocrx_word' id='word_1_424' title='bbox 281 4498 540 4579; x_wconf 88' lang='lat' dir='ltr'>antiquo</span> <span class='ocrx_word' id='word_1_425' title='bbox 569 4500 941 4579; x_wconf 79' lang='lat' dir='ltr'>eruditaque</span> <span class='ocrx_word' id='word_1_426' title='bbox 968 4517 1158 4562; x_wconf 88' lang='lat' dir='ltr'>manu</span> <span class='ocrx_word' id='word_1_427' title='bbox 1183 4509 1436 4565; x_wconf 87' lang='lat' dir='ltr'>exarato</span> <span class='ocrx_word' id='word_1_428' title='bbox 1465 4502 1724 4577; x_wconf 91' lang='lat' dir='ltr'>codice;</span> <span class='ocrx_word' id='word_1_429' title='bbox 1760 4522 1837 4566; x_wconf 81' lang='lat' dir='ltr'>ex</span> <span class='ocrx_word' id='word_1_430' title='bbox 1869 4504 2045 4585; x_wconf 86' lang='lat' dir='ltr'>cujus</span> <span class='ocrx_word' id='word_1_431' title='bbox 2073 4525 2240 4588; x_wconf 85' lang='lat' dir='ltr'>pene</span> <span class='ocrx_word' id='word_1_432' title='bbox 2275 4529 2521 4591; x_wconf 90' lang='lat' dir='ltr'>norma,</span> <span class='ocrx_word' id='word_1_433' title='bbox 2554 4518 2618 4581; x_wconf 92' lang='lat' dir='ltr'>in</span> <span class='ocrx_word' id='word_1_434' title='bbox 2652 4520 2877 4601; x_wconf 86' lang='lat' dir='ltr'>primis</span> <span class='ocrx_word' id='word_1_435' title='bbox 2907 4542 3163 4606; x_wconf 88' lang='lat' dir='ltr'>quoque</span> <span class='ocrx_word' id='word_1_436' title='bbox 3194 4537 3338 4593; x_wconf 88' lang='lat' dir='ltr'>octo</span> <span class='ocrx_word' id='word_1_437' title='bbox 3366 4533 3572 4596; x_wconf 83' lang='lat' dir='ltr'>titulis</span> 
     </span>
    </p>
   </div>
   <div class='ocr_carea' id='block_1_37' title="bbox 281 4600 3569 4698">
    <p class='ocr_par' dir='ltr' id='par_1_37' title="bbox 281 4600 3569 4698">
     <span class='ocr_line' id='line_1_37' title="bbox 281 4600 3569 4698; baseline 0.011 -37"><span class='ocrx_word' id='word_1_438' title='bbox 281 4618 351 4662; x_wconf 89' lang='lat' dir='ltr'>ac</span> <span class='ocrx_word' id='word_1_439' title='bbox 386 4600 724 4679; x_wconf 87' lang='lat' dir='ltr'>capitibus,</span> <span class='ocrx_word' id='word_1_440' title='bbox 764 4618 964 4681; x_wconf 91' lang='lat' dir='ltr'>pauca</span> <span class='ocrx_word' id='word_1_441' title='bbox 992 4602 1281 4682; x_wconf 71' lang='lat' dir='ltr'>quaedam</span> <span class='ocrx_word' id='word_1_442' title='bbox 1315 4620 1390 4667; x_wconf 85' lang='lat' dir='ltr'>ex</span> <span class='ocrx_word' id='word_1_443' title='bbox 1430 4603 1673 4666; x_wconf 88' lang='lat' dir='ltr'>Melissa</span> <span class='ocrx_word' id='word_1_444' title='bbox 1710 4604 1891 4669; x_wconf 86' lang='lat' dir='ltr'>libuit</span> <span class='ocrx_word' id='word_1_445' title='bbox 1939 4615 2252 4687; x_wconf 89' lang='lat' dir='ltr'>repetere,</span> <span class='ocrx_word' id='word_1_446' title='bbox 2288 4621 2348 4678; x_wconf 89' lang='lat' dir='ltr'>et</span> <span class='ocrx_word' id='word_1_447' title='bbox 2394 4633 2536 4695; x_wconf 64' lang='lat' dir='ltr'>qua)</span> <span class='ocrx_word' id='word_1_448' title='bbox 2574 4620 2772 4698; x_wconf 87' lang='lat' dir='ltr'>magis</span> <span class='ocrx_word' id='word_1_449' title='bbox 2818 4600 2952 4685; x_wconf 78' lang='lat' dir='ltr'>visa</span> <span class='ocrx_word' id='word_1_450' title='bbox 2980 4600 3130 4691; x_wconf 76' lang='lat' dir='ltr'>sunt</span> <span class='ocrx_word' id='word_1_451' title='bbox 3181 4645 3258 4690; x_wconf 91' lang='lat' dir='ltr'>ex</span> <span class='ocrx_word' id='word_1_452' title='bbox 3311 4633 3569 4695; x_wconf 86' lang='lat' dir='ltr'>Maximi</span> 
     </span>
    </p>
   </div>
   <div class='ocr_carea' id='block_1_38' title="bbox 283 4703 3565 4806">
    <p class='ocr_par' dir='ltr' id='par_1_38' title="bbox 283 4703 3565 4806">
     <span class='ocr_line' id='line_1_38' title="bbox 283 4703 3565 4806; baseline 0.01 -46"><span class='ocrx_word' id='word_1_453' title='bbox 283 4717 462 4777; x_wconf 87' lang='lat' dir='ltr'>vena,</span> <span class='ocrx_word' id='word_1_454' title='bbox 496 4720 575 4763; x_wconf 91' lang='lat' dir='ltr'>ne</span> <span class='ocrx_word' id='word_1_455' title='bbox 608 4706 747 4783; x_wconf 88' lang='lat' dir='ltr'>ipse</span> <span class='ocrx_word' id='word_1_456' title='bbox 773 4703 840 4764; x_wconf 91' lang='lat' dir='ltr'>in</span> <span class='ocrx_word' id='word_1_457' title='bbox 867 4703 1014 4778; x_wconf 90' lang='lat' dir='ltr'>illis,</span> <span class='ocrx_word' id='word_1_458' title='bbox 1048 4706 1366 4785; x_wconf 82' lang='lat' dir='ltr'>explicato</span> <span class='ocrx_word' id='word_1_459' title='bbox 1393 4707 1525 4786; x_wconf 87' lang='lat' dir='ltr'>jam</span> <span class='ocrx_word' id='word_1_460' title='bbox 1555 4705 1723 4769; x_wconf 82' lang='lat' dir='ltr'>furto</span> <span class='ocrx_word' id='word_1_461' title='bbox 1755 4725 1869 4770; x_wconf 90' lang='lat' dir='ltr'>seu</span> <span class='ocrx_word' id='word_1_462' title='bbox 1906 4709 2144 4790; x_wconf 86' lang='lat' dir='ltr'>plagio,</span> <span class='ocrx_word' id='word_1_463' title='bbox 2178 4714 2462 4795; x_wconf 90' lang='lat' dir='ltr'>jejunior</span> <span class='ocrx_word' id='word_1_464' title='bbox 2506 4719 2732 4785; x_wconf 88' lang='lat' dir='ltr'>abiret.</span> <span class='ocrx_word' id='word_1_465' title='bbox 2771 4725 2880 4797; x_wconf 89' lang='lat' dir='ltr'>Qui</span> <span class='ocrx_word' id='word_1_466' title='bbox 2919 4725 3121 4802; x_wconf 90' lang='lat' dir='ltr'>locos,</span> <span class='ocrx_word' id='word_1_467' title='bbox 3173 4729 3271 4791; x_wconf 92' lang='lat' dir='ltr'>sin</span> <span class='ocrx_word' id='word_1_468' title='bbox 3319 4748 3565 4806; x_wconf 90' lang='lat' dir='ltr'>omnes,</span> 
     </span>
    </p>
   </div>
   <div class='ocr_carea' id='block_1_39' title="bbox 283 4801 3566 4905">
    <p class='ocr_par' dir='ltr' id='par_1_39' title="bbox 283 4801 3566 4905">
     <span class='ocr_line' id='line_1_39' title="bbox 283 4801 3566 4905; baseline 0.011 -47"><span class='ocrx_word' id='word_1_469' title='bbox 283 4808 345 4862; x_wconf 82' lang='lat' dir='ltr'>at</span> <span class='ocrx_word' id='word_1_470' title='bbox 380 4802 539 4863; x_wconf 88' lang='lat' dir='ltr'>bene</span> <span class='ocrx_word' id='word_1_471' title='bbox 570 4801 822 4874; x_wconf 89' lang='lat' dir='ltr'>multos,</span> <span class='ocrx_word' id='word_1_472' title='bbox 863 4801 929 4862; x_wconf 91' lang='lat' dir='ltr'>in</span> <span class='ocrx_word' id='word_1_473' title='bbox 975 4803 1183 4867; x_wconf 87' lang='lat' dir='ltr'>fontes</span> <span class='ocrx_word' id='word_1_474' title='bbox 1212 4806 1562 4879; x_wconf 86' lang='lat' dir='ltr'>reduceret,</span> <span class='ocrx_word' id='word_1_475' title='bbox 1596 4806 1649 4866; x_wconf 89' lang='lat' dir='ltr'>is</span> <span class='ocrx_word' id='word_1_476' title='bbox 1682 4824 1831 4871; x_wconf 72' lang='lat' dir='ltr'>Vt&#39;t‘O</span> <span class='ocrx_word' id='word_1_477' title='bbox 1862 4827 2128 4889; x_wconf 86' lang='lat' dir='ltr'>magnus</span> <span class='ocrx_word' id='word_1_478' title='bbox 2159 4823 2345 4905; x_wconf 88' lang='lat' dir='ltr'>esset,</span> <span class='ocrx_word' id='word_1_479' title='bbox 2382 4835 2810 4901; x_wconf 86' lang='lat' dir='ltr'>magnumque</span> <span class='ocrx_word' id='word_1_480' title='bbox 2841 4824 3084 4905; x_wconf 90' lang='lat' dir='ltr'>aliquid</span> <span class='ocrx_word' id='word_1_481' title='bbox 3121 4828 3187 4890; x_wconf 91' lang='lat' dir='ltr'>in</span> <span class='ocrx_word' id='word_1_482' title='bbox 3228 4847 3361 4892; x_wconf 90' lang='lat' dir='ltr'>rem</span> <span class='ocrx_word' id='word_1_483' title='bbox 3394 4832 3566 4896; x_wconf 88' lang='lat' dir='ltr'>litte-</span> 
     </span>
    </p>
   </div>
   <div class='ocr_carea' id='block_1_40' title="bbox 285 4900 3569 5000">
    <p class='ocr_par' dir='ltr' id='par_1_40' title="bbox 285 4900 3569 5000">
     <span class='ocr_line' id='line_1_40' title="bbox 285 4900 3569 5000; baseline 0.01 -40"><span class='ocrx_word' id='word_1_484' title='bbox 285 4900 508 4962; x_wconf 85' lang='lat' dir='ltr'>rariam</span> <span class='ocrx_word' id='word_1_485' title='bbox 547 4902 883 4965; x_wconf 87' lang='lat' dir='ltr'>conferret.</span> <span class='ocrx_word' id='word_1_486' title='bbox 921 4906 1073 4967; x_wconf 89' lang='lat' dir='ltr'>Eam</span> <span class='ocrx_word' id='word_1_487' title='bbox 1120 4914 1330 4968; x_wconf 87' lang='lat' dir='ltr'>tamen</span> <span class='ocrx_word' id='word_1_488' title='bbox 1361 4907 1499 4987; x_wconf 88' lang='lat' dir='ltr'>ipse</span> <span class='ocrx_word' id='word_1_489' title='bbox 1537 4909 1930 4987; x_wconf 87' lang='lat' dir='ltr'>provinciam</span> <span class='ocrx_word' id='word_1_490' title='bbox 1962 4915 2115 4977; x_wconf 90' lang='lat' dir='ltr'>mihi</span> <span class='ocrx_word' id='word_1_491' title='bbox 2150 4904 2279 4979; x_wconf 89' lang='lat' dir='ltr'>non</span> <span class='ocrx_word' id='word_1_492' title='bbox 2307 4918 2600 5000; x_wconf 90' lang='lat' dir='ltr'>impono;</span> <span class='ocrx_word' id='word_1_493' title='bbox 2636 4925 2739 4985; x_wconf 90' lang='lat' dir='ltr'>cui</span> <span class='ocrx_word' id='word_1_494' title='bbox 2770 4927 2984 4988; x_wconf 88' lang='lat' dir='ltr'>nescio</span> <span class='ocrx_word' id='word_1_495' title='bbox 3031 4944 3113 4990; x_wconf 86' lang='lat' dir='ltr'>an</span> <span class='ocrx_word' id='word_1_496' title='bbox 3144 4931 3218 4990; x_wconf 84' lang='lat' dir='ltr'>R.</span> <span class='ocrx_word' id='word_1_497' title='bbox 3254 4932 3321 4991; x_wconf 92' lang='grc' dir='ltr'>Ρ.</span> <span class='ocrx_word' id='word_1_498' title='bbox 3351 4933 3433 4993; x_wconf 82' lang='grc' dir='ltr'><strong>Μ.</strong></span> <span class='ocrx_word' id='word_1_499' title='bbox 3464 4934 3569 4995; x_wconf 86' lang='lat' dir='ltr'>Fr.</span> 
     </span>
    </p>
   </div>
   <div class='ocr_carea' id='block_1_41' title="bbox 284 5001 3566 5107">
    <p class='ocr_par' dir='ltr' id='par_1_41' title="bbox 284 5001 3566 5107">
     <span class='ocr_line' id='line_1_41' title="bbox 284 5001 3566 5107; baseline 0.011 -45"><span class='ocrx_word' id='word_1_500' title='bbox 284 5001 520 5064; x_wconf 87' lang='lat' dir='ltr'>Nicolai</span> <span class='ocrx_word' id='word_1_501' title='bbox 567 5006 765 5067; x_wconf 87' lang='lat' dir='ltr'>nostri</span> <span class='ocrx_word' id='word_1_502' title='bbox 813 5005 1059 5068; x_wconf 89' lang='lat' dir='ltr'>humeri</span> <span class='ocrx_word' id='word_1_503' title='bbox 1105 5006 1486 5081; x_wconf 74' lang='lat' dir='ltr'>sufﬁcerent,</span> <span class='ocrx_word' id='word_1_504' title='bbox 1521 5012 1630 5095; x_wconf 89' lang='lat' dir='ltr'>qui</span> <span class='ocrx_word' id='word_1_505' title='bbox 1663 5018 1875 5074; x_wconf 87' lang='lat' dir='ltr'>tantus</span> <span class='ocrx_word' id='word_1_506' title='bbox 1924 5031 2000 5076; x_wconf 91' lang='lat' dir='ltr'>eo</span> <span class='ocrx_word' id='word_1_507' title='bbox 2039 5033 2271 5093; x_wconf 87' lang='lat' dir='ltr'>genere</span> <span class='ocrx_word' id='word_1_508' title='bbox 2313 5022 2379 5083; x_wconf 90' lang='lat' dir='ltr'>in</span> <span class='ocrx_word' id='word_1_509' title='bbox 2416 5031 2633 5086; x_wconf 89' lang='lat' dir='ltr'>sancto</span> <span class='ocrx_word' id='word_1_510' title='bbox 2669 5025 2911 5088; x_wconf 88' lang='lat' dir='ltr'>Thoma</span> <span class='ocrx_word' id='word_1_511' title='bbox 2962 5019 3158 5091; x_wconf 86' lang='lat' dir='ltr'>videri</span> <span class='ocrx_word' id='word_1_512' title='bbox 3216 5030 3445 5107; x_wconf 88' lang='lat' dir='ltr'>voluit;</span> <span class='ocrx_word' id='word_1_513' title='bbox 3499 5034 3566 5097; x_wconf 91' lang='lat' dir='ltr'>in</span> 
     </span>
    </p>
   </div>
   <div class='ocr_carea' id='block_1_42' title="bbox 282 5102 3565 5196">
    <p class='ocr_par' dir='ltr' id='par_1_42' title="bbox 282 5102 3565 5196">
     <span class='ocr_line' id='line_1_42' title="bbox 282 5102 3565 5196; baseline 0.011 -37"><span class='ocrx_word' id='word_1_514' title='bbox 282 5118 411 5178; x_wconf 86' lang='lat' dir='ltr'>quo</span> <span class='ocrx_word' id='word_1_515' title='bbox 445 5102 653 5163; x_wconf 78' lang='lat' dir='ltr'>tamen</span> <span class='ocrx_word' id='word_1_516' title='bbox 693 5121 789 5165; x_wconf 90' lang='lat' dir='ltr'>res</span> <span class='ocrx_word' id='word_1_517' title='bbox 824 5104 1178 5183; x_wconf 85' lang='lat' dir='ltr'>expeditior</span> <span class='ocrx_word' id='word_1_518' title='bbox 1210 5103 1348 5179; x_wconf 84' lang='lat' dir='ltr'>fuit,</span> <span class='ocrx_word' id='word_1_519' title='bbox 1386 5123 1500 5168; x_wconf 89' lang='lat' dir='ltr'>nec</span> <span class='ocrx_word' id='word_1_520' title='bbox 1535 5108 1673 5186; x_wconf 90' lang='lat' dir='ltr'>ipsa</span> <span class='ocrx_word' id='word_1_521' title='bbox 1706 5126 1961 5188; x_wconf 85' lang='lat' dir='ltr'>prorsus</span> <span class='ocrx_word' id='word_1_522' title='bbox 1995 5123 2052 5174; x_wconf 85' lang='grc' dir='ltr'>ὲν</span> <span class='ocrx_word' id='word_1_523' title='bbox 2086 5125 2391 5196; x_wconf 83' lang='grc' dir='ltr'>ἀδυνάτοις,</span> <span class='ocrx_word' id='word_1_524' title='bbox 2432 5139 2576 5184; x_wconf 92' lang='lat' dir='ltr'>cum</span> <span class='ocrx_word' id='word_1_525' title='bbox 2621 5122 2755 5187; x_wconf 84' lang='lat' dir='ltr'>fere</span> <span class='ocrx_word' id='word_1_526' title='bbox 2798 5132 3045 5189; x_wconf 90' lang='lat' dir='ltr'>exstent</span> <span class='ocrx_word' id='word_1_527' title='bbox 3094 5136 3156 5191; x_wconf 88' lang='lat' dir='ltr'>et</span> <span class='ocrx_word' id='word_1_528' title='bbox 3199 5131 3275 5193; x_wconf 91' lang='lat' dir='ltr'>ad</span> <span class='ocrx_word' id='word_1_529' title='bbox 3308 5102 3565 5196; x_wconf 83' lang='lat' dir='ltr'>manum</span> 
     </span>
    </p>
   </div>
   <div class='ocr_carea' id='block_1_43' title="bbox 282 5198 3564 5316">
    <p class='ocr_par' dir='ltr' id='par_1_43' title="bbox 282 5198 3564 5316">
     <span class='ocr_line' id='line_1_43' title="bbox 282 5198 3564 5316; baseline 0.013 -59"><span class='ocrx_word' id='word_1_530' title='bbox 282 5198 428 5271; x_wconf 87' lang='lat' dir='ltr'>sint,</span> <span class='ocrx_word' id='word_1_531' title='bbox 461 5216 623 5278; x_wconf 89' lang='lat' dir='ltr'>quos</span> <span class='ocrx_word' id='word_1_532' title='bbox 663 5209 951 5264; x_wconf 86' lang='lat' dir='ltr'>auctores</span> <span class='ocrx_word' id='word_1_533' title='bbox 987 5204 1195 5266; x_wconf 88' lang='lat' dir='ltr'>citavit</span> <span class='ocrx_word' id='word_1_534' title='bbox 1223 5212 1477 5268; x_wconf 89' lang='lat' dir='ltr'>sanctus</span> <span class='ocrx_word' id='word_1_535' title='bbox 1503 5207 1799 5284; x_wconf 86' lang='lat' dir='ltr'>Thomas,</span> <span class='ocrx_word' id='word_1_536' title='bbox 1833 5218 1895 5271; x_wconf 90' lang='lat' dir='ltr'>et</span> <span class='ocrx_word' id='word_1_537' title='bbox 1924 5229 2195 5290; x_wconf 86' lang='lat' dir='ltr'>quorum</span> <span class='ocrx_word' id='word_1_538' title='bbox 2230 5237 2381 5283; x_wconf 90' lang='lat' dir='ltr'>usus</span> <span class='ocrx_word' id='word_1_539' title='bbox 2414 5221 2768 5301; x_wconf 87' lang='lat' dir='ltr'>laboribus;</span> <span class='ocrx_word' id='word_1_540' title='bbox 2799 5245 3092 5306; x_wconf 84' lang='lat' dir='ltr'>magnam</span> <span class='ocrx_word' id='word_1_541' title='bbox 3128 5248 3278 5296; x_wconf 83' lang='lat' dir='ltr'>vero</span> <span class='ocrx_word' id='word_1_542' title='bbox 3316 5241 3564 5316; x_wconf 87' lang='lat' dir='ltr'>partem</span> 
     </span>
    </p>
   </div>
   <div class='ocr_carea' id='block_1_44' title="bbox 286 5296 2111 5393">
    <p class='ocr_par' dir='ltr' id='par_1_44' title="bbox 286 5296 2111 5393">
     <span class='ocr_line' id='line_1_44' title="bbox 286 5296 2111 5393; baseline 0.01 -33"><span class='ocrx_word' id='word_1_543' title='bbox 286 5296 743 5379; x_wconf 86' lang='lat' dir='ltr'>desiderentur,</span> <span class='ocrx_word' id='word_1_544' title='bbox 774 5310 1043 5384; x_wconf 82' lang='lat' dir='ltr'>quorum</span> <span class='ocrx_word' id='word_1_545' title='bbox 1075 5310 1418 5372; x_wconf 89' lang='lat' dir='ltr'>sententias</span> <span class='ocrx_word' id='word_1_546' title='bbox 1446 5313 1758 5393; x_wconf 85' lang='lat' dir='ltr'>excerpsit</span> <span class='ocrx_word' id='word_1_547' title='bbox 1785 5315 2111 5380; x_wconf 89' lang='lat' dir='ltr'>Maximus.</span> 
     </span>
    </p>
   </div>
  </div>
