4068 6142
338 358 443 422 723

1488 364 1548 424 S.
1594 364 1883 422 MAXIMI
1921 364 2432 431 CONFESSURIS

3516 365 3627 428 7%

412 470 549 525 Ρνου
599 486 635 534 Ι,
666 468 752 534 Ιθ,
786 468 873 534 15,
900 468 987 521 ιθ·
1013 468 1177 523 -Νε
1208 478 1258 524 ιε
1294 471 1565 526 εθάιιοὶὶηῑ
1613 471 1720 526 Viri
1747 474 1927 542 impii,
1962 480 2010 535 Α
2115 480 2225 534 Τοῦ
2247 482 2453 534 αὐτοῦ.
2476 480 2648 548 -Μὴ
2692 496 2749 531 σε
2788 477 3137 547 πλανήσωσιν
3160 475 3352 547 ἄνδρες
3381 475 3625 541 ἀσεϐεῖς,

338 577 523 634 neque
573 562 826 617 ambules
879 561 936 615 in
983 560 1072 614 via
1129 576 1258 616 cum
1309 564 1434 629 eis;
1493 565 1711 621 declina
1742 576 1930 621 autem

337 655 539 726 pedem
566 663 720 709 tuum
749 669 780 707 a
810 653 1025 709 semitis
1050 670 1246 709 eorum
1279 674 1291 709 :
1325 657 1494 726 pedes
1526 658 1676 713 enim
1706 659 1929 747 illorum

341 746 398 800 in
424 745 633 801 malum
662 752 923 799 currunt.

410 835 571 889 Prov.
611 851 728 900 xm,
767 834 1069 902 l5.—Qui
1094 838 1406 894 contemnit
1444 841 1753 912 negotium,
1790 858 1928 898 con-

342 935 622 983 temnetur
645 927 716 982 ab
750 942 838 983 eo.

413 1017 572 1074 Prov.
606 1035 659 1084 κ,
695 1018 784 1074 26.
822 1050 891 1059 --
928 1018 1087 1075 Sicut
1108 1036 1215 1076 uva
1237 1022 1439 1077 acerba
1474 1023 1736 1081 dentibus
1766 1027 1929 1082 noxia

342 1120 450 1177 est,
478 1122 536 1167 et
567 1113 753 1169 fumus
793 1112 1002 1181 oculis;
1068 1115 1149 1170 sic
1201 1114 1551 1186 improbitas,
1590 1119 1699 1185 bis,
1742 1120 1836 1190 qui
1863 1136 1928 1175 ea

342 1213 597 1260 utuntur.

414 1296 583 1352 Eccli.
646 1314 813 1363 xxvii,
837 1298 927 1352 '50.
963 1327 1034 1338 —-
1058 1298 1162 1365 Qui
1218 1299 1351 1354 facit
1410 1302 1573 1366 mala,
1601 1318 1769 1372 super
1797 1319 1924 1358 eum

340 1391 676 1456 volventur;
748 1400 806 1446 et
868 1406 982 1445 non
1045 1400 1347 1462 cognoscet
1412 1395 1560 1448 unde
1630 1396 1928 1451 adveniant

342 1485 475 1540 sibi.
1234 1524 1241 1527 ,

412 1575 621 1631 Basilii.
641 1606 711 1616 —
730 1575 882 1631 Inter
913 1590 979 1632 ea
1009 1591 1133 1647 quas
1162 1575 1465 1643 habentur,
1489 1576 1608 1632 sola
1630 1579 1811 1634 virtus
1839 1590 1925 1635 est

343 1669 505 1740 cujus
530 1667 737 1723 auferri
770 1669 1051 1738 possessio
1077 1684 1189 1723 non
1226 1669 1424 1738 possit.

412 1760 651 1816 Virtutis
675 1761 880 1825 cultus,
937 1760 1201 1830 prmelara
1250 1759 1476 1830 quidem
1523 1760 1751 1817 habenti
1790 1778 1920 1832 pos-
1963 1792 2001 1845 Β

2040 573 2174 643 μηδὲ
2200 573 2474 645 πορευθῇς
2498 574 2554 627 ὲν
2592 573 2696 641 ὁδῷ
2736 571 2853 641 μετ’
2888 568 3101 623 αὐτῶν·
3142 567 3389 622 ἔκκλινον
3428 568 3487 621 δὲ
3531 568 3627 621 τὸν

2035 666 2171 720 πόδα
2230 684 2325 720 σου
2379 667 2489 719 ἀπὸ
2535 666 2643 718 τῶν
2704 664 2908 733 τρίϐων
2942 660 3154 715 αὐτῶνθ
3227 662 3277 714 oi
3312 660 3421 730 γὰρ
3464 660 3627 725 πόδες

2034 759 2215 813 αὐτῶν
2241 757 2315 828 (b)
2337 760 2417 819 είς
2443 757 2638 810 κακίαν
2671 756 2977 828 τρέχουσιν.
3114 740 3137 759 χ

2108 851 2220 905 Τοῦ
2253 849 2464 904 αὐτοῦ.
2492 880 2562 888 -
2596 850 2690 912 ’ος
2720 847 3058 917 καταφρονεῖ
3080 847 3428 918 πράγματος,
3452 862 3626 898 κατα-

2034 943 2436 1014 φρονηθήσεται
2461 942 2530 1013 (c)
2571 942 2663 995 ὑπ’
2693 938 2879 994 αὐτοῦ.

2106 1037 2219 1092 Τοῦ
2242 1035 2448 1089 αὑτοῦ.
2490 1064 2558 1075 --
2585 1034 2794 1103 ’Ὠσπερ
2816 1030 2998 1101 ὅμφαξ
3019 1030 3198 1084 ὀδοῦσι
3230 1028 3493 1099 βλαϐερὸν
3526 1029 3623 1082 καὶ

2031 1125 2237 1189 καπνὸς
2286 1125 2552 1195 ὄμμασιν,
2619 1121 2761 1176 οὕτω
2793 1121 3107 1193 παρανομία
3156 1114 3268 1183 τοῖς
3312 1119 3623 1189 χρωμένοις

2030 1222 2190 1292 αὐτῇ.

2064 1314 2298 1387 Σιρὰχλ,
2322 1312 2456 1364 -Ὀ
2485 1308 2657 1364 ποιῶν
2681 1306 2919 1378 πονηρὰ.
2939 1306 3018 1369 είς
3038 1305 3205 1359 αὐτὸν
3230 1303 3627 1375 κυλισθήσεται
3712 1332 3723 1343 ε

2031 1403 2131 1475 (d),
2162 1404 2257 1458 καὶ
2293 1405 2355 1457 οὐ
2387 1403 2461 1473 μὴ
2494 1401 2700 1472 ἐπιγνῷ
2732 1399 2891 1454 πόθεν
2918 1400 3045 1470 ἥκει
3082 1398 3253 1468 αὐτῷ.

2096 1568 2442 1641 Βασιλείου.
2468 1613 2539 1625 -
2562 1582 2714 1651 Μόνη
2745 1579 3045 1652 κτημάτων
3084 1580 3118 1650 ἡ
3158 1578 3329 1649 ἀρετὴ
3386 1578 3628 1648 ἀναφαί-

2028 1698 2201 1752 ρετον.

2110 1771 2342 1842 Ἀρετῆς
2388 1770 2641 1840 ἄσκησις,
2681 1766 2865 1836 τίμιον
2913 1763 3011 1835 μὲν
3057 1762 3244 1832 κτῆμα
3285 1761 3363 1832 τῷ
3395 1762 3619 1833 ἔχοντι·

345 1852 554 1918 sessio;
578 1851 676 1907 sed
703 1868 827 1922 quae
858 1852 998 1921 ipsa,
1038 1853 1093 1906 in
1122 1867 1252 1907 eum
1300 1852 1701 1919 incidentibus,
1720 1856 1927 1926 jucun-

2041 1859 2252 1932 ἣδιστον
2281 1861 2336 1915 δὲ
2363 1861 2541 1931 Θέαμα
2563 1861 2675 1922 τοῖς
2698 1856 3140 1926 ἐντυγχάνουσιν.

345 1941 639 1997 dissimum
673 1943 1049 2012 spectaculum
1086 1942 1354 2012 praebeat.

415 2032 892 2099 Quemadmodum
954 2033 1102 2087 enim
1170 2032 1285 2103 igni
1337 2033 1488 2088 ultro
1538 2049 1727 2090 comes
1764 2044 1931 2090 estut

345 2124 649 2190 illuminet,
683 2133 741 2181 et
767 2133 1054 2195 unguento
1080 2134 1143 2180 ut
1161 2124 1351 2180 odoris
1378 2125 1738 2197 fragrantiam
1771 2143 1928 2197 spar-

346 2227 476 2291 gat;
501 2218 583 2274 sic
612 2218 778 2274 bonis
806 2216 1027 2275 actibus
1050 2219 1370 2275 necessario
1397 2220 1576 2276 haeret
1606 2232 1666 2276 ut
1686 2237 1933 2281 commo-

347 2313 481 2371 dum
513 2311 769 2367 afferant.

418 2403 497 2459 Ea
526 2418 648 2473 quae
679 2401 844 2457 oﬂieii
880 2410 1011 2457 sunt
1044 2402 1373 2472 capessendi
1407 2402 1627 2459 initium
1676 2412 1784 2470 est,
1814 2413 1871 2459 ut
1901 2420 1932 2459 a

349 2494 512 2549 malis
562 2492 812 2549 recedas.
862 2492 954 2548 Ait
1000 2494 1192 2549 enim:
1235 2493 1462 2549 Declina
1513 2512 1546 2548 a
1576 2496 1741 2563 malo,
1775 2507 1823 2550 et
1849 2498 1931 2566 fac

351 2585 547 2640 bonum
570 2578 738 2657 (Psal.
767 2601 951 2650 xxxvx,
985 2586 1100 2657 27).

424 2677 607 2734 Theol.
633 2689 776 2733 orat.
808 2694 846 2744 ι,
873 2696 925 2749 p.
955 2679 1009 2740 6,
1036 2687 1085 2732 et
1110 2695 1221 2743 xw,
1263 2696 1317 2749 p.
1352 2679 1480 2733 217.
1504 2711 1575 2718 —
1601 2680 1710 2735 Res
1735 2688 1934 2735 natura

351 2772 619 2843 proclivis
647 2771 871 2835 vitium,
917 2771 1311 2841 ineitatiorque
1356 2772 1413 2826 in
1446 2773 1693 2827 deterius
1717 2784 1931 2839 cursus,

353 2880 524 2936 quam
553 2864 600 2918 si
636 2858 857 2918 torrens
878 2878 978 2932 per
1000 2879 1172 2932 prona
1197 2872 1342 2927 ruat,
1367 2865 1453 2920 vel
1486 2866 1688 2934 stipula
1716 2866 1935 2920 admota

354 2938 615 3011 scintillae
656 2954 919 3024 ventique
973 2951 1106 3009 ﬂatu
1154 2956 1315 3011 facile
1361 2958 1701 3013 accendatur
1766 2959 1935 3029 inque

355 3047 635 3103 ﬂammam
687 3054 964 3117 erumpat,
1036 3063 1256 3118 unaque
1306 3066 1433 3105 cum
1496 3066 1593 3105 sua
1620 3052 1775 3121 prole
1805 3067 1939 3106 con-

354 3148 577 3210 sumpta
601 3138 856 3196 intereat.

425 3234 582 3291 Haud
612 3235 775 3291 facile
798 3236 1141 3303 inveniatur,
1173 3252 1297 3308 qua:
1340 3238 1519 3293 virtus
1553 3237 1782 3308 reliquis
1816 3252 1934 3291 om-

354 3326 522 3382 nibus
542 3333 790 3398 praestet,
827 3335 886 3382 et
920 3328 1009 3383 cui
1049 3328 1257 3398 prlmas
1308 3343 1373 3384 ac
1406 3329 1657 3384 victoriae
1706 3329 1932 3398 praemia

350 3419 476 3490 jure
506 3418 790 3485 ascribas;
823 3419 1294 3489 quemadmodum
1327 3435 1433 3475 nec
1466 3421 1521 3474 in
1560 3429 1739 3489 prato,
1779 3421 1934 3473 vario

353 3508 556 3564 ﬂorum
576 3517 777 3564 ornatu
794 3510 1125 3574 convestito,
1146 3524 1333 3578 eoque
1368 3509 1594 3565 suavius
1630 3509 1929 3581 fragrante,

356 3602 800 3672 pulcherrimum
846 3601 1415 3671 odoratissimumque
1443 3601 1635 3657 ﬂorem
1665 3603 1932 3673 reperias,

357 3692 490 3747 dum
522 3692 665 3746 alius
685 3690 797 3746 alio
824 3691 893 3745 ad
939 3705 998 3745 se
1019 3690 1282 3745 olfactum
1314 3700 1711 3764 aspectumque
1743 3694 1932 3759 trahit,

357 3782 667 3851 suadetque
694 3791 757 3836 ut
781 3781 1029 3836 omnium
1065 3782 1277 3852 primus
1306 3783 1423 3853 ipse
1452 3784 1689 3855 legatur.

429 3874 699 3946 Chrysost.
731 3905 800 3915 —-
846 3875 990 3938 Rara
1041 3876 1329 3948 arduaque
1360 3887 1448 3934 est
1494 3881 1627 3936 boni
1690 3882 1935 3952 adeptio,

357 3967 462 4023 etsi
489 3966 652 4038 53o
701 3983 814 4022 non
838 3968 995 4024 deest
1034 3970 1183 4040 quod
1219 3971 1276 4025 in
1326 3971 1460 4026 illud
1506 3974 1658 4044 gravi
1691 3975 1938 4046 pondere

361 4058 546 4114 trahat
571 4074 637 4114 ac
673 4069 955 4129 provocet.

429 4150 622 4205 Virtus
669 4151 928 4207 mercede
968 4170 1082 4209 non
1130 4157 1334 4225 agitur,
1382 4166 1442 4211 ut
1484 4167 1540 4212 et
1591 4159 1769 4215 virtus
1816 4176 1939 4216 esse

363 4250 572 4315 pergat,
595 4258 719 4314 qua:
745 4245 920 4298 solam
953 4244 1299 4301 honestatem
1336 4250 1618 4318 respiciat.

426 4334 680 4390 Nominis
697 4334 1004 4393 claritatem
1027 4338 1173 4405 parit
1188 4338 1393 4393 nedum
1415 4341 1693 4410 egregium
1717 4343 1940 4398 virtutis

2108 2047 2320 2115 ’Ὠσπερ
2370 2043 2478 2114 γὰρ
2502 2040 2579 2112 τῷ
2606 2041 2736 2113 πυρῖ
2764 2039 3088 2109 αὐτομάτως
3111 2039 3305 2091 ἕπεται
3339 2036 3400 2089 τὸ
3446 2035 3621 2104 φωτί-

2038 2138 2172 2202 ζειν,
2212 2137 2305 2189 καὶ
2333 2133 2410 2205 τῷ
2437 2132 2594 2204 μύρῳ
2629 2130 2690 2186 τὸ
2723 2130 2941 2183 εὐωδεῖν
2965 2145 2977 2158 ·
3014 2127 3155 2181 οὕτω
3184 2128 3281 2181 καὶ
3337 2130 3460 2188 ταῖς
3484 2129 3622 2194 ἁγαο

2038 2230 2157 2293 θαῖς
2180 2227 2444 2300 πράξεσιν
2468 2224 2783 2293 ἀναγκαίως
2806 2220 3092 2276 ἀκολουθεῖ
3128 2220 3190 2273 τὸ
3217 2219 3517 2289 ὠφέλιμον.

2121 2433 2287 2506 Ἀρχὴ
2318 2432 2453 2500 πρὸς
2483 2414 2882 2499 τὴνὰνὰληψιν
2909 2422 3016 2475 τῶν
3055 2418 3237 2473 καλῶν
3260 2420 3293 2488 ὴ
3334 2418 3622 2488 ἀναχώρη-

2040 2546 2124 2591 σις
2145 2527 2251 2580 τῶν
2283 2523 2492 2579 κακῶν.
2530 2522 2851 2572 Ἔκκλινον
2880 2515 3010 2585 γὰρ,
3046 2511 3232 2581 φησὶν,
3259 2509 3377 2564 ἀπὸ
3406 2507 3617 2572 κακοῦ,

2040 2620 2139 2674 καί
2164 2619 2428 2683 ποίησον
2447 2613 2693 2682 ἀγαθόν.

2113 2708 2426 2776 Θεολόγου.
2457 2733 2527 2743 -
2554 2701 2717 2755 Φύσει
2743 2698 3031 2768 πρόχειρον
3055 2695 3089 2764 ἡ
3120 2690 3301 2755 κακία,
3330 2690 3421 2742 καὶ
3447 2687 3614 2748 πολὺς

2041 2802 2135 2854 ἐπὶ
2171 2801 2231 2853 τὸ
2294 2801 2475 2869 χεῖρον
2530 2798 2558 2848 ὁ
2603 2793 2823 2863 δρόμος,
2869 2788 2903 2859 ἦ
2937 2786 3063 2857 ῥοῦς
3107 2784 3176 2855 (e)
3210 2782 3344 2836 κατὰ
3374 2777 3614 2850 πρανοῦς

2045 2892 2201 2959 ῥέων,
2252 2890 2285 2959 ἢ
2314 2886 2535 2955 καλάμη
2563 2900 2647 2944 τις
2684 2881 2820 2952 πρὸς
2852 2876 3125 2944 σπινθῆρα
3165 2873 3260 2926 καὶ
3288 2871 3484 2963 ἄνεμον
3519 2871 3618 2963 ξα-

2042 2983 2169 3046 δίως
2202 2979 2545 3048 ὲξαπτομένη
2574 2976 2667 3028 καὶ
2697 2970 2954 3042 γινομένη
2993 2967 3145 3038 φλὸξ,
3210 2965 3304 3017 καὶ
3352 2962 3625 3016 συνδαπα-

2042 3076 2261 3146 νωμένη
2284 3073 2363 3143 τῷ
2393 3071 2578 3140 οἰκείῳ
2612 3067 2929 3138 γεννήματι.

2022 3276 2027 3279 ·
2105 3256 2180 3310 Οὐ
2209 3255 2348 3310 πάνυ
2376 3270 2424 3305 τι
2470 3249 2649 3323 ῥᾴδιόν
2672 3250 2788 3301 ἔστι
2824 3246 2933 3299 τῶν
2987 3242 3197 3314 ἀρετῶν
3245 3239 3345 3309 τὴν
3384 3215 3627 3290 νικῶσαν

2032 3350 2235 3421 εὑρεῖν.
2274 3343 2565 3421 καὶταύτῃ
2590 3341 2773 3396 δοῦναι
2815 3339 2885 3392 τὰ
2919 3335 3185 3409 πρεσϐεῖα
3232 3333 3328 3386 καὶ
3371 3331 3440 3384 τὰ
3472 3344 3625 3397 νικη-

2033 3419 2198 3515 τήρια
2231 3460 2245 3475 ο
2281 3419 2470 3509 ὥσπερ
2497 3437 2617 3491 οὐδὲ
2644 3438 2702 3491 ἐν
2725 3431 2951 3503 λειμῶνι
2983 3428 3278 3484 πολυανθεῖ
3319 3425 3415 3479 καὶ
3436 3422 3628 3515 sutelis:

2033 3513 2141 3589 τῶν
2185 3533 2389 3588 ἀνθέων
2436 3531 2499 3584 τὸ
2549 3528 2836 3583 κάλλιστον
2889 3522 2985 3577 καὶ
3014 3519 3400 3580 εὐωδέστατον,
3435 3513 3627 3568 ἄλλοτε

2036 3627 2196 3681 ἄλλου
2228 3626 2325 3695 τὴν
2350 3624 2616 3692 ὄσφρησιν
2634 3621 2729 3672 καὶ⁸
2750 3616 2848 3687 τὴν
2875 3613 2997 3683 ὄψιν
3034 3610 3171 3683 πρὸς
3202 3607 3366 3662 ἑαυτὸ
3431 3603 3626 3676 μεθέλ-

2037 3735 2245 3782 κοντος,
2273 3716 2365 3769 καλ¹
2387 3713 2603 3784 πρῶτον
2636 3707 2932 3782 δρέπεσθαι
2960 3704 3259 3765 πείθοντος.

2016 3958 2019 3961 μ
2109 3902 2503 3967 Χρυσοστ.-
2547 3893 2780 3947 Σπάνιον
2828 3892 2861 3961 ἡ
2908 3887 3004 3942 τοῦ
3054 3884 3262 3955 ἀγαθοῦ
3304 3883 3504 3952 κτῆσις
3531 3882 3630 3933 καὶ

2039 3990 2361 4062 πρόσαντες,
2407 3987 2510 4042 κᾶν
2541 3987 2590 4039 εί
2620 3984 2754 4037 πολὺ
2780 3983 2840 4036 τὸ
2862 3980 3123 4059 μεθέλκον
3157 3977 3243 4047 εἴη
3275 3976 3369 4029 καὶ
3415 3990 3628 4041 προκα-

2038 4083 2131 4136 λού
2142 4098 2322 4153 μενον.
3442 4114 3449 4119 -

2110 4152 2377 4246 ’Ᾱμισθος
2420 4174 2452 4242 ἠ
2495 4170 2686 4241 ἁρετὴ,
2731 4168 2819 4220 ἵνα
2859 4165 2955 4218 καὶ
2997 4159 3167 4233 ἀρετὴ
3195 4158 3376 4229 μείνῃ,
3402 4153 3540 4227 πρὸς
3567 4152 3631 4205 τὸ

1928 4257 1942 4269 ’
2041 4267 2204 4320 καλὸν
2239 4266 2397 4336 μόνον
2425 4263 2719 4334 βλέπουσα.

2110 4359 2263 4411 Ποιεῖ
2286 4373 2352 4407 πε
2363 4355 2644 4424 ριϐοὴτους
2672 4353 2732 4404 οὐ
2760 4348 2912 4414 δεξιὰ
2938 4346 3135 4419 πρᾶξις
3158 4346 3341 4417 μόνον,
3372 4342 3509 4397 ἀλλὰ
3532 4340 3628 4394 xui.

362 4426 601 4495 facinus,
635 4443 830 4483 verum
859 4427 1027 4483 etiam
1056 4430 1337 4485 excellens
1374 4432 1585 4486 malitia
1630 4433 1937 4503 improbam

2042 4447 2213 4501 κακία
2233 4444 2438 4507 νικῶσα
2463 4442 2704 4513 πονηρὰν
2734 4441 3102 4510 εὐδοκίμησιν.

361 4518 470 4573 sibi
507 4518 710 4573 famam
737 4519 980 4575 celebris
1010 4518 1139 4575 fuco
1169 4521 1349 4576 laudis
1373 4523 1672 4578 contrahit.

433 4608 577 4666 Fieri
601 4626 712 4666 non
744 4619 930 4682 potest
954 4620 1015 4667 ut
1039 4613 1134 4682 qui
1165 4613 1357 4668 virtuti
1392 4614 1733 4684 diligentiam
1754 4616 1943 4685 habet,

361 4715 472 4754 non
505 4702 713 4758 multos
736 4702 1097 4757 adversantes
1124 4704 1345 4759 habeat.
1391 4704 1537 4759 Nihil
1572 4714 1752 4761 lamen
1785 4707 1839 4763 id
1873 4709 1941 4763 ad

360 4792 586 4849 virtutis
610 4794 907 4860 cultorem,
951 4796 1049 4865 qui
1075 4796 1166 4850 his
1199 4796 1363 4866 longe
1412 4796 1615 4850 clarior
1672 4814 1944 4856 evasurus

362 4885 455 4939 sit.
1943 4948 1949 4952 .

430 4973 589 5029 Multi
640 4974 791 5031 haud
848 4990 973 5031 raro
1025 4975 1278 5031 laborum
1313 4976 1477 5032 taedio
1507 4978 1655 5049 ipsas
1688 4997 1814 5037 cum
1848 5001 1935 5040 re-

2114 4626 2228 4678 Οὐκ
2269 4622 2384 4675 ἐστι
2428 4621 2519 4674 τὸν
2546 4618 2750 4690 ἀρετῆς
2782 4613 3227 4686 ἐπιμελούμενον,
3283 4609 3359 4681 μὴ
3397 4609 3631 4672 πολλοὺς

2043 4716 2187 4787 ἔχειν
2211 4712 2438 4783 ἐχθρούς
2460 4729 2474 4742 ’
2505 4710 2633 4764 ἀλλ’
2667 4708 2821 4762 οὐδὲν
2863 4706 3021 4760 τοῦτο
3056 4702 3196 4776 πρὸς
3224 4703 3312 4755 τὸν
3333 4701 3591 4771 ἐνάρετον
3609 4717 3624 4731 ·

2040 4806 2129 4859 διὰ
2160 4804 2267 4874 γὰρ
2298 4803 2406 4856 τῶν
2453 4799 2709 4854 τοιούτων
2738 4796 3116 4868 λαμπρότερος
3154 4794 3304 4846 ἔσται
3341 4791 3628 4861 μειζόνως.

2115 4984 2309 5038 Πολλοὶ
2377 4982 2639 5044 πολλάκις
2701 4978 2875 5041 αὐτὰς
2930 4976 3030 5040 τὰς
3090 4974 3292 5047 ἀρετὰς
3355 4973 3446 5027 διὰ
3502 4974 3636 5037 τοὺς

1856 5123 2089 5178 NOTAE.

431 5209 503 5287 (li)
538 5210 602 5287 Ql
632 5209 754 5287 gap
801 5210 983 5287 πόδες
1014 5210 1231 5287 αὐτῶν.
1272 5211 1368 5287 _Sic
1410 5222 1467 5269 et
1509 5216 1667 5287 Vulg.
1716 5217 1939 5287 aliique,

362 5274 499 5333 Siit.
531 5274 847 5335 deside-rant
882 5274 1027 5336 hunc
1049 5281 1403 5336 versiculum.

433 5350 502 5418 (ο)
537 5351 1183 5427 Καταφρονηρςῑσε-τιιι..
1210 5350 1395 5405 Schol.
1431 5353 1936 5427 καταφθαρήσεται·

361 5428 746 5489 corrumpetur,
783 5421 970 5489 peribit
1005 5422 1074 5475 ab
1109 5419 1235 5474 illis.
1361 5475 1367 5482 ,

436 5487 509 5559 (τί)
561 5491 663 5554 Εὶς
698 5487 892 5559 αὐτὸν
932 5490 1391 5556 κυλισθήσεται.
1434 5492 1524 5548 Sic
1571 5494 1751 5548 omnia
1800 5495 1941 5551 Bibl.

363 5571 466 5633 nec
492 5558 668 5633 aliter
696 5558 890 5625 legerit
926 5560 1087 5623 Max.,
1124 5559 1227 5613 nisi
1261 5561 1627 5633 etiamquod
1659 5573 1716 5617 et
1740 5566 1941 5633 aptius,

363 5628 835 5701 ᾄγίκυλισθήσεται,
865 5644 966 5701 pro
992 5645 1101 5699 quo
1120 5644 1322 5701 errore
1363 5628 1828 5701 ἐγκλεισθήσεται,
1856 5636 1944 5687 ni-

363 5698 439 5753 hil
470 5708 596 5769 apla
633 5711 789 5769 voce-
816 5698 1346 5769 admetaphorat‘n,‘
1366 5702 1467 5755 etsi
1517 5698 1680 5756 Gesn.
1724 5703 1940 5769 glutiit;

366 5770 479 5826 sive
505 5764 625 5841 ejus
654 5764 869 5820 Maximi
900 5764 1126 5837 interpr.
1155 5765 1440 5838 Ribittius,
1473 5773 1628 5842 cujus
1654 5764 1938 5844 religione,

476 5900 504 5936 Α

2046 5218 2183 5271 nihil
2219 5219 2272 5271 in
2308 5233 2371 5271 ea
2415 5216 2589 5286 ipsius
2630 5214 2885 5286 versione
2915 5219 3217 5286 _mutasse,‘
3241 5206 3525 5277 praefanda
3553 5212 3636 5286 _ad

2043 5287 2314 5359 Melissaln
2349 5278 2510 5359 atque
2542 5284 2837 5359 Maximum
2880 5282 2975 5335 ait.
3022 5278 3339 5359 Metaphora
3369 5287 3519 5359 est}!
3552 5281 3636 5333 la-

2043 5357 2190 5425 pide,
2222 5357 2314 5424 qui
2354 5352 2482 5409 dum
2523 5362 2797 5425 movetur,
2824 5352 2880 5406 in
2908 5365 3035 5405 eum
3067 5352 3351 5403 evolvatur
3379 5352 3474 5416 qui
3508 5365 3635 5401 nm-

2044 5424 2765 5500 v'et,_ipsumque_elit_lat_._
2856 5489 2888 5500 Α
3130 5487 3163 5500 Α
3246 5486 3259 5498 ,
3360 5486 3372 5498 _

2116 5487 2184 5566 (ὲ)
2218 5487 2324 5566 kal
2352 5487 2548 5566 πολὺς
2590 5494 2627 5560 ἢ
2651 5493 2823 5566 ῥοῦς.
2850 5487 3292 5566 comparationis
3319 5487 3431 5538 vim
3461 5487 3637 5541 habet

2042 5556 2569 5631 v'oéc'no}.6;,_velut
2611 5556 2790 5617 etiam
2813 5560 2973 5615 nobis
2990 5556 3285 5631 excellens,
3317 5566 3581 5631 pra’staus
3614 5574 3635 5611 :

2043 5635 2289 5707 nihilque
2314 5628 2436 5703 apta
2463 5633 2627 5707 Gesn.
2656 5634 3217 5707 conjectura,_ut_pro
3247 5626 3302 5695 ἦ.
3332 5626 3633 5707 legendum

2044 5705 2114 5757 sit
2139 5696 2232 5766 ὡξ.
2265 5696 2622 5772 Prosequitur
2663 5696 2778 5757 haec
2809 5701 2967 5772 Grcg.
3009 5698 3145 5753 locis
3180 5696 3412 5766 margini
3450 5696 3631 5753 ascri-

2043 5777 2173 5844 ptis,
2210 5775 2309 5831 ctsi
2340 5771 2501 5844 paulo
2534 5773 2655 5828 aliis
2688 5771 2890 5828 verbis.
3429 5775 3435 5780 ’
