4068 6142
503 340 609 406 725

1801 352 1971 412 LOCI
2013 353 2450 413 COMMUNES.

2486 262 2514 273 κ

3669 357 3776 418 7Ξὸ

503 451 702 514 πόνους
721 450 1036 520 φεύγοντες,
1057 451 1147 505 διά
1175 451 1272 523 τὴν
1298 451 1356 520 ἐξ
1377 452 1558 508 αὐτῶν
1583 453 1858 528 εὐφημίαν
1871 456 2088 531 αἱροῦν-

2207 469 2397 534 spuant
2420 459 2684 524 virtutes,
2706 459 2952 514 nominis
2983 459 3258 527 claritate,
3297 475 3464 532 quam
3489 474 3774 534 praestant.

503 558 593 595 ται
619 545 814 597 ποιεῖν.

579 633 789 704 Ὠσπερ
817 633 878 687 τὸ
919 633 1021 704 τῆς
1051 633 1194 704 ζωῆς
1222 634 1372 699 τέλος
1415 636 1557 708 ἀρχὴ
1618 635 1849 692 θανάτου
1901 638 2048 692 ἐστὶν
2075 680 2090 703 ,

505 723 679 789 οὕτως
725 727 822 778 καὶ
865 724 959 778 τοῦ
991 727 1109 779 κατ’
1139 727 1338 797 ἀρετὴν
1379 727 1582 799 δρόμου
1627 729 1670 800 ἡ
1696 729 1904 798 στάσις,
1948 731 2092 803 ἀρχὴ

505 816 600 869 τοῦ
627 817 770 870 κατὰ
798 817 999 871 κακίαν
1018 817 1228 886 γίνεται
1258 818 1483 888 δρόμου.
1508 862 1516 868 .

579 909 1007 963 Δυσεπίτευκτον
1067 908 1168 979 μὲν
1232 905 1372 963 εἶναι
1422 911 1522 980 τὴν
1572 910 1812 983 ἀρετὴν,
1881 910 2095 982 μυρίοις

512 998 700 1071 ἱδρῶσι
755 1002 849 1054 καὶ
877 1001 1292 1073 πόνοις,σπουδῇ
1342 1002 1439 1056 καὶ
1475 1003 1710 1074 καμάτῳ
1756 1004 1919 1073 μόγις
1959 1019 2094 1056 κατ-

511 1090 880 1162 ορθουμένην,
928 1091 1080 1162 παρά
1109 1093 1210 1164 τῆς
1263 1092 1417 1158 θείας
1453 1095 1674 1166 Γραφῆς
1717 1094 2096 1166 ἐδιδάχθημεν.

579 1271 880 1338 Χρυσοστ.
925 1271 1084 1325 -Εί
1129 1269 1238 1342 γὰρ
1283 1273 1393 1327 τῶν
1434 1273 1531 1328 ἐπὶ
1575 1273 1680 1344 γῆς
1728 1273 2032 1346 ἀνθρώπων
2071 1274 2100 1326 ό

511 1361 866 1432 παραϐαίνων
883 1363 1007 1426 τοὺς
1025 1364 1245 1433 νόμους,
1277 1365 1651 1436 ἀπαραίτητον
1675 1366 1968 1434 ὑφίσταται
1999 1367 2100 1435 τὴν

511 1457 735 1508 κόλασιν
761 1471 772 1486 ⁸
810 1457 964 1527 πόσῳ
1025 1457 1229 1528 μᾶλλον
1273 1459 1567 1530 ἀφορήτοις
1609 1459 1960 1530 ἐκδοθήσεται
2008 1459 2102 1530 βα-

513 1547 723 1612 σάνοις,
793 1551 824 1602 ὁ
880 1549 978 1603 τοῦ
1033 1550 1362 1622 ἐπουρανίου
1417 1551 1689 1605 Δεσπότου
1768 1551 1977 1605 ἀθετῶν
2033 1551 2102 1604 τὰ

412 1623 443 1652 ³
514 1641 914 1712 προστάγματα
930 1658 947 1708 ;

585 1731 798 1802 Ὠσπερ
867 1733 960 1786 ἐπὶ
1007 1733 1108 1804 τῆς
1145 1732 1379 1805 κιθάρας
1431 1733 1532 1786 οὐκ
1583 1735 1748 1804 ἀρκεῖ
1798 1733 1958 1801 μόνον
2009 1731 2104 1784 ἐπὶ

2194 551 2264 606 ad
2295 566 2390 605 eas
2434 549 2694 604 colendas
2719 549 2964 604 animum“
2990 551 3430 606 accommodant.

2263 641 2740 711 Quemadmodum
2785 645 2914 699 vitae
2949 643 3094 709 finis,
3143 643 3342 700 mortis
3405 623 3622 701 initium
3653 659 3777 713 est;

2190 737 2279 801 .sic
2313 745 2370 793 et
2402 737 2628 792 virtutis
2657 753 2825 792 cursu
2855 735 3083 792 inducta
3129 726 3308 808 quies,
3337 738 3460 794 vitii
3491 755 3692 796 cursus
3717 758 3783 797 ac

2197 829 2495 901 pravitatis
2533 828 2820 884 inchoatio
2853 839 2958 884 est.
3213 889 3218 892 _

2271 922 2544 978 Virtutem
2583 937 2701 978 rem
2753 929 2952 992 paratu
3019 920 3296 977 difﬁcilem
3347 939 3418 979 ex
3477 921 3787 994 Scripturis

2198 1015 2370 1070 sacris
2394 1013 2730 1079 didicimus,
2785 1029 2949 1084 quam
3005 1013 3320 1070 innumeris
3381 1007 3690 1070 sudoribus
3725 1031 3788 1070 ac

2199 1107 2487 1172 laboribus
2515 1147 2530 1171 ,
2583 1105 2985 1182 diligentiaque
3033 1121 3098 1162 ac
3153 1105 3552 1178 defatigatione
3581 1147 3596 1172 ,
3637 1109 3788 1162 omni

2199 1198 2440 1268 denique
2467 1207 2667 1254 conatu
2703 1197 3008 1253 obnitendo
3039 1213 3183 1269 :cgre
3217 1197 3470 1268 impleas.

2271 1290 2540 1361 Chrysost.
2562 1321 2632 1329 —
2655 1289 2714 1345 Si
2746 1289 2871 1360 quis
2910 1299 3261 1345 terrenorum
3313 1289 3604 1344 hominum
3640 1288 3790 1359 leges

2203 1382 2629 1454 transgreditur,
2657 1398 2768 1438 non
2803 1381 3032 1453 effugiet
3057 1383 3191 1453 quin
3237 1397 3454 1452 pmnam
3490 1381 3785 1445 sustineat;

2201 1483 2413 1542 quanto
2450 1474 2624 1543 magis
2649 1473 3100 1530 intolerabilibus
3151 1471 3456 1528 tradendus
3497 1470 3788 1540 suppliciis

2201 1575 2309 1632 est,
2339 1567 2434 1636 qui
2465 1567 2734 1621 cmlorum
2766 1566 2988 1621 Dom-ini
3019 1575 3294 1637 praecepta
3331 1563 3658 1619 violaverit?

2278 1745 2439 1800 Velut
2467 1744 2788 1811 in‘cithara,
2811 1743 2959 1800 haud
3000 1743 3136 1798 satis
3164 1751 3250 1797 est
3279 1750 3339 1796 ut
3367 1742 3421 1796 in
3464 1755 3572 1794 una
3607 1739 3785 1793 solum

519 1825 649 1892 μιᾶς
678 1825 879 1896 νευρᾶς
910 1825 1012 1895 τὴν
1043 1825 1310 1896 μελῳδίαν
1338 1824 1690 1896 ἐργάξεσθαι,
1744 1825 1878 1879 ἀλλὰ
1923 1823 2104 1888 πάσας

2209 1837 2420 1893 chorda
2451 1843 2785 1892 concentum
2813 1837 2964 1898 edas,
3002 1837 3097 1891 sed
3148 1849 3342 1890 omnes
3387 1845 3683 1888 numerose
3705 1839 3788 1883 at-

515 1915 729 1969 ἐπιέναι
754 1915 836 1969 δεῖ
870 1916 1007 1986 μετὰ
1041 1915 1251 1988 ῥυθμοῦ
1269 1916 1362 1999 τοῦ
1399 1917 1792 1986 προσήκοντος,
1834 1915 1977 1970 οὕτω
2009 1916 2104 1969 καὶ

2207 1943 2312 1997 que
2349 1927 2620 1982 decenter
2648 1927 3045 1997 percurrendae
3075 1934 3243 1980 sunt:
3297 1925 3376 1980 sic
3410 1932 3467 1979 et
3519 1922 3587 1977 ad
3617 1919 3788 1976 animi

516 2007 610 2060 ἐπὶ
638 2006 764 2080 κτῆς
827 2007 969 2061 κατὰ
1021 2008 1120 2078 τὴν
1165 2008 1342 2078 ψυχὴν
1371 2009 1596 2080 ἀρετῆς,
1647 2009 1746 2063 οὒκ
1779 2011 1940 2078 ἀρκεῖ
1971 2010 2104 2079 ἡμῖν

2207 2019 2487 2086 virtutem,
2525 2030 2586 2076 ut
2637 2021 2876 2075 salutem
2933 2035 3362 2089 consequamur,
3388 2033 3498 2072 non
3532 2030 3643 2070 una
3701 2013 3790 2066 lex

517 2096 682 2168 νόμος
716 2097 796 2160 εἰς
820 2097 1094 2168 σωτηρίαν
1121 2095 1222 2165 εἷς,
1253 2099 1390 2154 ἀλλὰ
1417 2100 1497 2152 δεῖ
1519 2099 1726 2164 πάντας
1754 2099 1952 2162 αὐτοὺς
1968 2098 2106 2168 μετά

519 2174 806 2258 ἀκριϐείας
836 2189 1150 2256 φυλάττειν.

582 2269 686 2349 ’Μὴ
717 2279 898 2333 τοίνυν
957 2279 1228 2352 λέγωμεν,
1255 2283 1336 2336 ὅτι
1361 2282 1391 2335 ό
1419 2282 1571 2336 δεῖνα
1605 2281 1765 2351 φύσει
1793 2280 1984 2345 κακὸς,
2013 2281 2108 2334 καὶ

521 2373 551 2426 ό
570 2371 716 2426 δεῖνα
738 2372 896 2442 φύσει
923 2373 1107 2438 καλός.
1155 2375 1215 2427 Εί
1245 2373 1356 2445 γὰρ
1396 2372 1558 2443 φύσει
1586 2367 1810 2442 ἀγαθὸς,
1847 2371 2106 2426 οὐδέποτε

521 2463 808 2542 δυνήσεται
863 2467 1117 2532 γενέσθαι
1167 2467 1338 2528 κακός
1381 2480 1396 2496 ο
1453 2464 1548 2518 καὶ
1606 2465 1656 2517 εί
1704 2463 1864 2536 φύσει
1914 2463 2104 2528 κακὸς,

489 2541 495 2548 ’
520 2541 774 2608 οὐδέποτε
803 2555 1092 2625 γενήσεται
1121 2556 1342 2624 ἀγαθός.

593 2646 707 2715 Οὐχ
735 2645 995 2714 ὑπομένει
1027 2647 1088 2700 τὸ
1111 2647 1302 2710 σκότος
1329 2646 1428 2717 τὴν
1447 2644 1541 2699 τοῦ
1571 2645 1750 2716 φωτὸς
1767 2645 2074 2723 παρουσίαν
2091 2661 2104 2674 ·

520 2737 582 2790 οὒ
609 2737 764 2801 νόσος
787 2738 974 2806 ὑγείας
1005 2737 1374 2810 ἐπιλαϐούσης
1404 2740 1620 2794 ἵσταται
1645 2753 1658 2767 ·
1683 2737 1786 2792 οὐκ
1808 2735 2108 2809 ἐνεργεῖτὰ

521 2829 670 2900 πάθη
703 2829 802 2900 τῆς
829 2829 1100 2894 ἀπαθείας
1125 2830 1430 2902 παρούσης.

603 3008 924 3081 Ἐλευθέραν
981 3005 1122 3064 εἶναι
1180 3012 1448 3082 προσήκει
1505 3010 1706 3074 παντὸς
1791 3009 1957 3079 φόϐου
2008 3009 2106 3080 τὴν

520 3101 742 3174 ἀρετήν.
787 3101 1105 3156 Ἀδέσποτον
1125 3101 1237 3183 γὰρ
1269 3102 1440 3174 ἀρετὴ
1469 3103 1563 3156 καὶ
1604 3101 1870 3167 ἑκούσιον,
1901 3102 2105 3165 παντὸς

521 3196 690 3266 φόϐου
723 3197 816 3249 καὶ
849 3194 1099 3266 ἀνάγκης
1131 3195 1438 3266 ἐλεύθερον.

591 3291 708 3344 Οὐκ
732 3289 878 3343 ἐστιν
902 3289 1068 3360 ἄλλην
1102 3288 1303 3352 κακίας
1331 3287 1589 3360 γέννησιν
1620 3285 1946 3359 ἐννοῆσαι,ἢ
1978 3287 2107 3356 ἀρε-

520 3382 620 3454 τῆς
647 3381 938 3436 ἀπουσίαν.

590 3471 874 3538 Φίλωνος.
896 3500 968 3513 -
1005 3471 1112 3526 T06
1144 3471 1350 3540 φαύλου
1397 3469 1563 3540 ἕτερα
1603 3468 1704 3540 μὲν
1742 3467 1813 3522 τὰ
1853 3466 2104 3539 ἐνθύμια,

521 3565 688 3636 ἔτερα
715 3566 774 3621 δὲ
813 3565 881 3620 τὰ
909 3567 1150 3639 ῥήματα,
1184 3565 1340 3620 ἄλλαι
1370 3563 1427 3618 δέ
1473 3563 1530 3616 αί
1575 3561 1805 3634 πράξεις
1829 3578 1843 3594 ο
1873 3560 2108 3632 διάφορα

522 3659 582 3714 δέ
605 3659 782 3714 πάντα
811 3659 906 3712 καὶ
937 3659 1245 3730 μαχόμενα.

597 3750 810 3815 Κακίας
843 3749 1023 3817 ἔξοδος
1067 3749 1272 3822 ἀρετῆς
1306 3747 1514 3802 εῐσοδον
1544 3747 1837 3819 ἐργάζεται
1870 3763 1884 3777 ·
1906 3746 1982 3810 ὡς
2012 3745 2109 3800 καὶ

523 3843 856 3906 τούναντίον.
887 3843 1263 3906 ὑπεκστάντος
1288 3839 1498 3910 ἀγαθοῦ
1523 3839 1584 3894 τὸ
1620 3839 1910 3910 ἐφεδρεῦον
1941 3837 2108 3892 κακὸν

527 3935 926 4008 ἐπεισέρχεται.

593 4029 956 4096 Κλήμεντος.
1004 4055 1070 4068 —-
1111 4024 1176 4079 Ἦ
1221 4023 1332 4078 τῶν
1366 4021 1558 4076 κακῶν
1589 4021 1882 4094 ἀπαλλαγὴ
1931 4037 2109 4092 σωτη-

528 4117 651 4191 ρίας
680 4119 829 4172 ἐστὶν
855 4118 1020 4190 ἀρχή.

609 4212 695 4276 Ὠς
745 4211 944 4277 ἔοικεν,
1002 4213 1035 4282 ἡ
1086 4211 1403 4282 δικαιοσύνη
1433 4209 1779 4282 τετράγωνός
1808 4209 1976 4272 ἐστιν,
2017 4206 2108 4276 ἴση

526 4302 625 4357 καὶ
665 4303 828 4374 ὁμοία
863 4289 940 4356 ἐν’
972 4303 1138 4375 λόγῳ,
1181 4306 1239 4358 ἐν
1295 4305 1466 4378 ἔργῳ,
1507 4307 1566 4358 ἐν
1590 4305 1769 4374 ἁποχῇ
1803 4299 2012 4362 κακῶν,
2051 4299 2109 4350 ἐν

525 4393 767 4465 εὐποιία,
813 4393 872 4446 ἐν
895 4391 1192 4464 τελειότητι
1235 4398 1512 4466 γνωστικῇ
1545 4410 1560 4425 ο
1609 4391 1821 4462 οὐδαμῆ
1858 4385 2109 4458 οὐδαμῶς

527 4484 866 4556 χωλεύουσα.
891 4485 980 4539 ἵνα
1001 4469 1088 4556 ’μὴ
1113 4486 1296 4552 ἄδικος
1327 4487 1422 4542 καὶ
1451 4487 1630 4550 άνισος
1672 4485 1835 4555 φανῇ.

595 4665 871 4734 Διδύμου.
909 4695 976 4706 -
1002 4664 1348 4737 Σχηματίζου
1397 4664 1498 4736 τὴν
1556 4661 1780 4736 ἀρετὴν.
1819 4663 1921 4732 οὐχ
1966 4663 2116 4724 ὅπως

529 4755 839 4827 ἀπατήσῃς.
871 4753 988 4808 ἀλλ’
1017 4756 1166 4818 ὅπως
1187 4755 1500 4826 ὠφελήσῃς.

600 4848 888 4907 Βασιλείαν
911 4846 1046 4900 Θεοῦ
1075 4847 1297 4901 λεκτέον
1325 4846 1424 4916 τὴν
1450 4847 1786 4900 κατάστασιν
1829 4843 1940 4898 τῶν
1974 4843 2117 4899 κατὰ

528 4942 653 5006 τοὺς
689 4941 866 5005 θείους
887 4940 1087 5010 νόμους
1107 4939 1456 5010 τεταγμένως
1491 4936 1768 5008 βιούντων.

595 5125 754 5179 Πᾶσα
792 5119 1078 5195 πρακτικὴ
1107 5119 1277 5191 ἀρετὴ
1300 5120 1358 5174 ἐν
1391 5117 1472 5190 τῷ
1499 5115 1771 5186 γίνεσθαι,
1805 5114 1902 5170 καὶ
1937 5113 2036 5167 οὐκ
2059 5115 2118 5166 ἐν

427 5231 438 5244 ‘
531 5217 609 5288 τῷ
625 5219 929 5288 γεγονέναι,
969 5215 1030 5270 τὸ
1057 5210 1352 5284 εἷναιέχει.

601 5313 844 5366 Νείλου.
875 5339 943 5350 ——
979 5308 1152 5378 Χαῖρε
1208 5307 1308 5376 τὴν
1346 5303 1548 5376 ἀρετὴν
1591 5303 1753 5376 ἡνίκα
1815 5301 2078 5372 πράττεις
2102 5319 2116 5330 ·

530 5399 668 5458 ἀλλὰ
697 5403 772 5476 μὴ
797 5400 1050 5472 ἐπαίρου,
1085 5399 1158 5470 μή
1189 5415 1318 5452 ποτε
1348 5398 1410 5452 τὸ
1439 5397 1702 5466 ναυάγιον
1732 5399 1790 5450 ἐν
1832 5393 1910 5464 τῷ
1938 5393 2119 5461 λιμένι

534 5495 777 5566 γένηται.

605 5588 928 5656 Κυρίλλου.
959 5615 1028 5626 ——-
1055 5585 1174 5656 Χρὴ
1205 5583 1305 5656 τὴν
1361 5579 1566 5652 ἀρετὴν
1603 5579 1677 5650 μὴ
1714 5576 1972 5650 χωλεύειν
1994 5575 2118 5630 καθ’

536 5679 812 5750 ἑκάτερον.
851 5675 965 5730 ἀλλ’
990 5677 1134 5750 ἔργῳ
1165 5677 1259 5732 καὶ
1287 5675 1430 5746 λόγῳ
1451 5671 1617 5744 ὀρθὴν
1645 5673 1738 5726 καὶ
1774 5668 2120 5742 ἀπηρτισμέ-

538 5785 634 5840 νην
663 5772 782 5824 κατ’
819 5769 1106 5842 ἀμφότερα
1147 5765 1308 5826 εἶναι.

2205 2109 2430 2174 suﬂicit,
2451 2111 2548 2166 sed
2586 2125 2817 2166 necesse
2865 2116 2952 2165 est
3000 2117 3062 2163 ut
3113 2125 3208 2165 eas
3239 2125 3434 2164 omnes
3467 2114 3658 2162 exacte
3686 2101 3790 2156 ob-

2205 2219 2514 2259 servemus.

2275 2296 2355 2351 Ne
2383 2295 2554 2367 igitur
2579 2295 2864 2352 dicamus:
2896 2295 3056 2351 Hunc
3097 2302 3298 2349 natura
3333 2295 3564 2358 bonum,
3607 2297 3792 2352 illum-

2205 2403 2314 2458 que
2342 2362 2541 2442 nat’ura
2571 2388 2796 2442 malum.
2818 2387 2874 2458 _Si
2905 2387 3056 2447 enim
3080 2395 3278 2440 natura
3305 2385 3488 2441 bonus
3519 2395 3627 2456 est,
3647 2403 3793 2442 nun-

2205 2495 2370 2550 quam
2428 2474 2606 2535 malus
2644 2479 2761 2535 fieri
2805 2480 3060 2551 poterit;
3109 2485 3186 2544 et,
3225 2477 3274 2532 si
3335 2487 3533 2532 natura
3588 2481 3787 2544 malus,

2206 2585 2492 2638 nunquam
2521 2569 2616 2624 ﬁet
2645 2569 2844 2625 bonus.

2276 2661 2398 2716 Non
2427 2661 2707 2716 sustinent
2752 2660 3000 2716 tenebrae
3033 2661 3176 2716 lucis
3228 2659 3623 2730 przesentiam;
3679 2675 3790 2736 non

2209 2753 2440 2809 morbus
2465 2753 2742 2817 consistit,
2772 2753 2868 2806 ubi
2897 2752 3108 2808 sanitas
3137 2751 3361 2806 advenit
3403 2769 3417 2806 :
3463 2767 3574 2806 non
3603 2751 3794 2820 vigent

2207 2844 2440 2900 aﬂectus
2461 2861 2528 2900 ac
2553 2844 3029 2915 perturbationes,
3061 2859 3188 2899 cum
3225 2843 3338 2897 illis
3379 2843 3608 2906 sedatis,
3643 2850 3794 2896 tran-

2207 2937 2363 3007 quilli
2389 2937 2516 3006 quis
2543 2936 2716 2991 animi
2743 2937 2998 2991 habitum
3025 2943 3226 2990 nactus
3258 2944 3367 2989 est.

2275 3029 2550 3083 Virtutem
2581 3029 2650 3083 ab
2685 3028 2836 3084 omni
2869 3037 3020 3082 metu
3043 3027 3278 3081 liberam
3329 3041 3453 3081 esse
3505 3025 3789 3082 convenit.

2208 3120 2306 3176 Est
2329 3121 2478 3175 enim
2511 3120 2688 3176 virtus
2711 3120 2830 3190 ipsa
2865 3118 3192 3174 servitutem
3229 3134 3501 3190 respuens
3527 3135 3591 3174 ac
3624 3133 3793 3189 spon-

2211 3223 2394 3270 tanea.
2421 3212 2492 3268 ab
2520 3213 2784 3282 omnique
2815 3219 2964 3267 metu
2999 3219 3059 3267 et
3093 3211 3420 3266 necessitate
3450 3211 3648 3265 soluta.

2276 3304 2436 3359 Nulla
2498 3304 2606 3358 alia
2634 3305 2758 3358 vitii
2808 3304 2967 3374 origo
3013 3303 3315 3374 excogitari
3355 3309 3561 3372 potest,
3625 3317 3792 3372 quam

2207 3396 2434 3451 virtutis
2455 3395 2732 3450 absentia.
3597 3451 3601 3456 η

2278 3484 2540 3539 Philonis.
2567 3516 2636 3525 —
2659 3483 2899 3554 lmprobi
2955 3481 3202 3538 hominis
3239 3497 3304 3537 ac
3334 3483 3464 3537 mali
3509 3483 3632 3538 alia:
3665 3493 3796 3539 sunt

2209 3577 2596 3646 cogitationes,
2643 3576 2864 3646 aliaque
2907 3575 3100 3640 verba,
3131 3581 3298 3646 atque
3347 3573 3472 3630 aliae
3504 3575 3791 3632 actiones:

2209 3665 2428 3721 diversa
2453 3665 2638 3720 omnia
2669 3681 2734 3721 ac
2759 3664 3082 3736 pugnantia.

2279 3755 2612 3812 Facessente
2649 3756 2806 3820 vitio,
2834 3756 3030 3811 virtuti
3078 3757 3364 3829 ingressus
3391 3756 3547 3828 531
3567 3766 3796 3828 prmsta-

2211 3857 2333 3916 tur;
2368 3847 2730 3918 vicissimque
2759 3847 2908 3902 bono
2943 3849 3274 3914 excedente,
3321 3847 3608 3904 insidianti
3647 3848 3790 3902 malo

2210 3940 2460 4011 pervium
2494 3937 2554 3992 fit
2585 3947 2647 3992 ut
2669 3937 3038 4009 ingrediatur.

2283 4030 2728 4088 Clementis.—A
2765 4030 2927 4084 malis
2953 4029 3208 4094 liberari,
3251 4027 3474 4084 initium
3510 4037 3596 4084 est
3637 4030 3788 4084 salu-

2210 4122 2304 4177 tis.

2277 4212 2503 4270 Iustitia
2529 4253 2544 4276 ,
2576 4219 2635 4266 ut
2677 4210 2899 4267 videtur
2921 4250 2937 4276 ,
2977 4211 3358 4281 quadrangula
3405 4219 3514 4276 cst,
3551 4225 3653 4281 par
3685 4209 3795 4264 sci-

2210 4305 2344 4361 licet
2367 4312 2534 4374 atque
2567 4303 2768 4360 similis
2794 4303 2850 4358 in
2875 4318 3154 4367 sermone,
3188 4318 3378 4373 opere,
3407 4293 3744 4356 abstinentia
3766 4317 3799 4355 a

2211 4395 2394 4462 malis,
2451 4395 2510 4450 in
2552 4395 2948 4461 beneficentia,
3011 4396 3066 4450 in
3131 4394 3380 4450 scientia:
3433 4393 3796 4464 perfectione,

2143 4486 2370 4546 Dnulla
2402 4499 2638 4555 usquam
2699 4483 2916 4540 ratione
2970 4482 3330 4549 claudicans,
3385 4495 3457 4536 ne
3489 4479 3694 4552 injusta
3743 4488 3799 4533 et

2217 4574 2506 4644 inaequalis
2538 4573 2815 4628 videatur.

2285 4666 2520 4740 Didymi.
2540 4697 2612 4706 —
2633 4667 2913 4721 Virtutem
2945 4665 3230 4731 simulato,
3262 4680 3374 4720 non
3413 4671 3471 4718 ut
3507 4661 3798 4728 fallas,sed

2215 4769 2277 4816 ut
2301 4759 2504 4829 prosis.

2286 4852 2538 4922 Regnum
2581 4849 2874 4914 caelorum,
2897 4862 3094 4902 eorum
3141 4854 3348 4902 statum
3393 4847 3568 4911 dicas,
3602 4846 3698 4916 qui
3732 4862 3798 4900 ev

2217 4944 2540 5000 divinorum
2592 4942 2779 5014 legum
2824 4940 3141 4996 rationibus
3171 4941 3479 5010 composite
3520 4940 3692 4996 vitam
3719 4939 3802 4994 in-

2217 5037 2480 5091 stituunt.
3325 5075 3332 5083 .

2272 5125 2420 5192 ‘Qua:
2453 5125 2508 5180 in
2541 5123 2759 5180 actione
2797 5121 3075 5187 consistit,
3099 5121 3278 5177 virtus
3309 5119 3492 5176 omnis
3517 5121 3572 5174 in
3607 5135 3674 5175 eo
3695 5130 3800 5184 est,

2219 5232 2283 5272 ac
2309 5231 2434 5272 esse
2469 5215 2659 5279 habet,
2691 5213 2840 5283 quod
2863 5201 2984 5277 fiat,
3014 5227 3127 5266 non
3155 5211 3308 5282 quod
3338 5209 3482 5266 facta
3510 5217 3616 5265 est.

2291 5305 2418 5363 Nili.
2443 5303 2719 5362 —Gaude
2748 5303 2970 5358 interim
2997 5301 3128 5356 dum
3168 5302 3433 5356 virtutem
3473 5299 3644 5367 colis;
3671 5315 3805 5356 cave

2221 5407 2408 5454 tamen
2438 5397 2628 5452 animo
2673 5393 2962 5450 extollaris
2987 5433 3002 5459 ,
3059 5409 3129 5449 ne
3161 5392 3305 5473 forte
3347 5391 3698 5462 naufragium
3751 5395 3806 5448 in

2220 5497 2389 5561 portu
2425 5489 2646 5545 feceris.

2291 5581 2501 5652 Cyrilli.
2525 5579 2802 5649 -—Operae
2837 5577 3075 5648 pretium
3115 5578 3379 5633 virtutem
3411 5575 3466 5631 in
3513 5586 3808 5643 utramque

2223 5681 2436 5742 partem
2487 5686 2596 5725 non
2663 5667 3017 5732 claudicare,
3077 5667 3174 5723 sed
3236 5684 3405 5739 opere
3435 5683 3501 5723 ac
3549 5678 3808 5722 sermone

2226 5768 2456 5828 rectam,
2487 5770 2652 5830 atque
2687 5757 2948 5829 utrinque
2976 5755 3294 5826 perfectam.
3313 5772 3472 5816 esse.
