  <div class='ocr_page' id='page_1' title='image "/cluster/home/n/w/nwhite01/storage/ocr_20150623/91/mdp.39015022223195/367.png"; bbox 0 0 4068 6142; ppageno 0'>
   <div class='ocr_carea' id='block_1_1' title="bbox 346 244 456 307">
    <p class='ocr_par' dir='ltr' id='par_1_1' title="bbox 346 244 456 307">
     <span class='ocr_line' id='line_1_1' title="bbox 346 244 456 307; baseline 0.027 -3"><span class='ocrx_word' id='word_1_1' title='bbox 346 244 456 307; x_wconf 80' lang='lat'><strong>727</strong></span> 
     </span>
    </p>
   </div>
   <div class='ocr_carea' id='block_1_2' title="bbox 1515 251 2457 321">
    <p class='ocr_par' dir='ltr' id='par_1_2' title="bbox 1515 251 2457 321">
     <span class='ocr_line' id='line_1_2' title="bbox 1515 251 2457 321; baseline 0.013 -11"><span class='ocrx_word' id='word_1_2' title='bbox 1515 252 1577 311; x_wconf 91' lang='lat' dir='ltr'><strong>S.</strong></span> <span class='ocrx_word' id='word_1_3' title='bbox 1620 252 1906 311; x_wconf 82' lang='grc' dir='ltr'><strong>ΜΑΧΙΜΙ</strong></span> <span class='ocrx_word' id='word_1_4' title='bbox 1947 251 2457 321; x_wconf 81' lang='lat' dir='ltr'><strong>CONFESSORIS</strong></span> 
     </span>
    </p>
   </div>
   <div class='ocr_carea' id='block_1_3' title="bbox 3521 269 3633 331">
    <p class='ocr_par' dir='ltr' id='par_1_3' title="bbox 3521 269 3633 331">
     <span class='ocr_line' id='line_1_3' title="bbox 3521 269 3633 331; baseline -0.018 0"><span class='ocrx_word' id='word_1_5' title='bbox 3521 269 3633 331; x_wconf 69' lang='lat'><strong>723</strong></span> 
     </span>
    </p>
   </div>
   <div class='ocr_carea' id='block_1_4' title="bbox 421 357 1927 452">
    <p class='ocr_par' dir='ltr' id='par_1_4' title="bbox 421 357 1927 430">
     <span class='ocr_line' id='line_1_4' title="bbox 421 357 1927 430; baseline 0.004 -18"><span class='ocrx_word' id='word_1_6' title='bbox 421 357 614 413; x_wconf 99' lang='lat' dir='ltr'><strong>Virtus</strong></span> <span class='ocrx_word' id='word_1_7' title='bbox 642 374 838 428; x_wconf 85' lang='lat' dir='ltr'><strong>aspera</strong></span> <span class='ocrx_word' id='word_1_8' title='bbox 875 372 980 423; x_wconf 81' lang='lat' dir='ltr'><strong>est,</strong></span> <span class='ocrx_word' id='word_1_9' title='bbox 1028 359 1317 430; x_wconf 91' lang='lat' dir='ltr'><strong>arduaque</strong></span> <span class='ocrx_word' id='word_1_10' title='bbox 1368 361 1435 415; x_wconf 90' lang='lat' dir='ltr'><strong>ad</strong></span> <span class='ocrx_word' id='word_1_11' title='bbox 1492 378 1615 417; x_wconf 90' lang='lat' dir='ltr'><strong>eam</strong></span> <span class='ocrx_word' id='word_1_12' title='bbox 1649 364 1777 429; x_wconf 81' lang='lat' dir='ltr'><strong>via;</strong></span> <span class='ocrx_word' id='word_1_13' title='bbox 1830 380 1927 418; x_wconf 80' lang='lat' dir='ltr'><strong>nec</strong></span> 
     </span>
    </p>
   </div>
   <div class='ocr_carea' id='block_1_5' title="bbox 2037 357 3631 452">
    <p class='ocr_par' dir='ltr' id='par_1_5' title="bbox 2110 370 3631 452">
     <span class='ocr_line' id='line_1_5' title="bbox 2110 370 3631 452; baseline 0.009 -30"><span class='ocrx_word' id='word_1_14' title='bbox 2110 370 2349 452; x_wconf 81' lang='grc' dir='ltr'>Τραχεῖα</span> <span class='ocrx_word' id='word_1_15' title='bbox 2374 375 2421 444; x_wconf 42' lang='grc' dir='ltr'><strong>,ἡ</strong></span> <span class='ocrx_word' id='word_1_16' title='bbox 2446 375 2638 445; x_wconf 80' lang='grc' dir='ltr'>ἀρετὴ,</span> <span class='ocrx_word' id='word_1_17' title='bbox 2671 376 2763 429; x_wconf 80' lang='grc' dir='ltr'><strong>καὶ</strong></span> <span class='ocrx_word' id='word_1_18' title='bbox 2785 376 2960 447; x_wconf 72' lang='grc' dir='ltr'>ὀρθῶς</span> <span class='ocrx_word' id='word_1_19' title='bbox 2987 373 3140 447; x_wconf 79' lang='grc' dir='ltr'>οἷμος</span> <span class='ocrx_word' id='word_1_20' title='bbox 3165 379 3252 432; x_wconf 73' lang='grc' dir='ltr'><strong>ἐπ’</strong></span> <span class='ocrx_word' id='word_1_21' title='bbox 3274 381 3445 452; x_wconf 74' lang='grc' dir='ltr'>αὐτὴν</span> <span class='ocrx_word' id='word_1_22' title='bbox 3474 399 3485 412; x_wconf 91' lang='grc'>·</span> <span class='ocrx_word' id='word_1_23' title='bbox 3528 386 3631 439; x_wconf 77' lang='grc' dir='ltr'><strong>καὶ</strong></span> 
     </span>
    </p>
   </div>
   <div class='ocr_carea' id='block_1_6' title="bbox 348 446 1650 522">
    <p class='ocr_par' dir='ltr' id='par_1_6' title="bbox 348 446 1650 522">
     <span class='ocr_line' id='line_1_6' title="bbox 348 446 1650 522; baseline 0.005 -20"><span class='ocrx_word' id='word_1_24' title='bbox 348 446 457 503; x_wconf 88' lang='lat' dir='ltr'><strong>nisi</strong></span> <span class='ocrx_word' id='word_1_25' title='bbox 485 447 651 518; x_wconf 82' lang='lat' dir='ltr'><strong>longo</strong></span> <span class='ocrx_word' id='word_1_26' title='bbox 677 448 865 503; x_wconf 86' lang='lat' dir='ltr'><strong>labore</strong></span> <span class='ocrx_word' id='word_1_27' title='bbox 893 448 997 505; x_wconf 89' lang='lat' dir='ltr'><strong>sibi</strong></span> <span class='ocrx_word' id='word_1_28' title='bbox 1026 464 1146 502; x_wconf 87' lang='lat' dir='ltr'><strong>eam</strong></span> <span class='ocrx_word' id='word_1_29' title='bbox 1182 451 1324 506; x_wconf 91' lang='lat' dir='ltr'><strong>ullus</strong></span> <span class='ocrx_word' id='word_1_30' title='bbox 1354 454 1650 522; x_wconf 79' lang='lat' dir='ltr'><strong>paraverit.</strong></span> 
     </span>
    </p>
   </div>
   <div class='ocr_carea' id='block_1_7' title="bbox 388 538 1934 614">
    <p class='ocr_par' dir='ltr' id='par_1_7' title="bbox 388 538 1934 614">
     <span class='ocr_line' id='line_1_7' title="bbox 388 538 1934 614; baseline 0.005 -22"><span class='ocrx_word' id='word_1_31' title='bbox 388 538 393 543; x_wconf 70' lang='grc'><em>”</em></span> <span class='ocrx_word' id='word_1_32' title='bbox 422 539 508 593; x_wconf 76' lang='lat' dir='ltr'><strong>Ea:</strong></span> <span class='ocrx_word' id='word_1_33' title='bbox 531 539 801 594; x_wconf 79' lang='lat' dir='ltr'><strong>Patribus.</strong></span> <span class='ocrx_word' id='word_1_34' title='bbox 822 541 1157 607; x_wconf 74' lang='lat' dir='ltr'><strong>—Quatuor</strong></span> <span class='ocrx_word' id='word_1_35' title='bbox 1179 544 1347 599; x_wconf 87' lang='lat' dir='ltr'><strong>rebus</strong></span> <span class='ocrx_word' id='word_1_36' title='bbox 1379 545 1654 614; x_wconf 78' lang='lat' dir='ltr'><strong>polluitur</strong></span> <span class='ocrx_word' id='word_1_37' title='bbox 1678 548 1934 603; x_wconf 86' lang='lat' dir='ltr'><strong>animus:</strong></span> 
     </span>
    </p>
   </div>
   <div class='ocr_carea' id='block_1_8' title="bbox 351 630 1938 701">
    <p class='ocr_par' dir='ltr' id='par_1_8' title="bbox 351 630 1938 701">
     <span class='ocr_line' id='line_1_8' title="bbox 351 630 1938 701; baseline 0.005 -16"><span class='ocrx_word' id='word_1_38' title='bbox 351 630 765 687; x_wconf 85' lang='lat' dir='ltr'><strong>obambulando</strong></span> <span class='ocrx_word' id='word_1_39' title='bbox 831 647 933 701; x_wconf 83' lang='lat' dir='ltr'><strong>per</strong></span> <span class='ocrx_word' id='word_1_40' title='bbox 987 633 1269 688; x_wconf 86' lang='lat' dir='ltr'><strong>civitatem</strong></span> <span class='ocrx_word' id='word_1_41' title='bbox 1310 677 1324 701; x_wconf 92' lang='lat'><strong>,</strong></span> <span class='ocrx_word' id='word_1_42' title='bbox 1379 652 1482 690; x_wconf 80' lang='lat' dir='ltr'><strong>nec</strong></span> <span class='ocrx_word' id='word_1_43' title='bbox 1512 637 1706 692; x_wconf 90' lang='lat' dir='ltr'><strong>oculos</strong></span> <span class='ocrx_word' id='word_1_44' title='bbox 1751 648 1938 693; x_wconf 89' lang='lat' dir='ltr'><strong>custo-</strong></span> 
     </span>
    </p>
   </div>
   <div class='ocr_carea' id='block_1_9' title="bbox 351 720 1935 794">
    <p class='ocr_par' dir='ltr' id='par_1_9' title="bbox 351 720 1935 794">
     <span class='ocr_line' id='line_1_9' title="bbox 351 720 1935 794; baseline 0.004 -19"><span class='ocrx_word' id='word_1_45' title='bbox 351 720 587 785; x_wconf 83' lang='lat' dir='ltr'><strong>diendo;</strong></span> <span class='ocrx_word' id='word_1_46' title='bbox 630 736 752 775; x_wconf 88' lang='lat' dir='ltr'><strong>cum</strong></span> <span class='ocrx_word' id='word_1_47' title='bbox 792 721 1122 777; x_wconf 86' lang='lat' dir='ltr'><strong>mulieribus</strong></span> <span class='ocrx_word' id='word_1_48' title='bbox 1170 724 1283 777; x_wconf 86' lang='lat' dir='ltr'><strong>ullo</strong></span> <span class='ocrx_word' id='word_1_49' title='bbox 1333 740 1560 794; x_wconf 85' lang='lat' dir='ltr'><strong>prorsus</strong></span> <span class='ocrx_word' id='word_1_50' title='bbox 1609 727 1773 781; x_wconf 89' lang='lat' dir='ltr'><strong>modo</strong></span> <span class='ocrx_word' id='word_1_51' title='bbox 1801 745 1935 781; x_wconf 91' lang='lat' dir='ltr'><strong>cou-</strong></span> 
     </span>
    </p>
   </div>
   <div class='ocr_carea' id='block_1_10' title="bbox 351 813 1933 884">
    <p class='ocr_par' dir='ltr' id='par_1_10' title="bbox 351 813 1933 884">
     <span class='ocr_line' id='line_1_10' title="bbox 351 813 1933 884; baseline 0.003 -16"><span class='ocrx_word' id='word_1_52' title='bbox 351 813 698 879; x_wconf 86' lang='lat' dir='ltr'><strong>suescendo;</strong></span> <span class='ocrx_word' id='word_1_53' title='bbox 730 814 1002 869; x_wconf 82' lang='lat' dir='ltr'><strong>nobilium</strong></span> <span class='ocrx_word' id='word_1_54' title='bbox 1036 815 1090 868; x_wconf 89' lang='lat' dir='ltr'><strong>in</strong></span> <span class='ocrx_word' id='word_1_55' title='bbox 1121 816 1325 870; x_wconf 68' lang='lat' dir='ltr'><strong>saeculo</strong></span> <span class='ocrx_word' id='word_1_56' title='bbox 1353 817 1655 871; x_wconf 75' lang='lat' dir='ltr'><strong>amicitiam</strong></span> <span class='ocrx_word' id='word_1_57' title='bbox 1679 819 1933 884; x_wconf 90' lang='lat' dir='ltr'><strong>colendo;</strong></span> 
     </span>
    </p>
   </div>
   <div class='ocr_carea' id='block_1_11' title="bbox 350 905 1936 982">
    <p class='ocr_par' dir='ltr' id='par_1_11' title="bbox 350 905 1936 982">
     <span class='ocr_line' id='line_1_11' title="bbox 350 905 1936 982; baseline 0.004 -23"><span class='ocrx_word' id='word_1_58' title='bbox 350 921 414 959; x_wconf 88' lang='lat' dir='ltr'><strong>ac</strong></span> <span class='ocrx_word' id='word_1_59' title='bbox 446 905 669 960; x_wconf 91' lang='lat' dir='ltr'><strong>demum</strong></span> <span class='ocrx_word' id='word_1_60' title='bbox 698 906 950 961; x_wconf 86' lang='lat' dir='ltr'><strong>carnales</strong></span> <span class='ocrx_word' id='word_1_61' title='bbox 983 919 1319 978; x_wconf 82' lang='lat' dir='ltr'><strong>congressus</strong></span> <span class='ocrx_word' id='word_1_62' title='bbox 1366 926 1617 980; x_wconf 85' lang='lat' dir='ltr'><strong>vanaque</strong></span> <span class='ocrx_word' id='word_1_63' title='bbox 1661 911 1936 982; x_wconf 86' lang='lat' dir='ltr'><strong>colloquia</strong></span> 
     </span>
    </p>
   </div>
   <div class='ocr_carea' id='block_1_12' title="bbox 348 996 651 1065">
    <p class='ocr_par' dir='ltr' id='par_1_12' title="bbox 348 996 651 1065">
     <span class='ocr_line' id='line_1_12' title="bbox 348 996 651 1065; baseline -0.003 -13"><span class='ocrx_word' id='word_1_64' title='bbox 348 996 651 1065; x_wconf 80' lang='lat' dir='ltr'><strong>diligendo.</strong></span> 
     </span>
    </p>
   </div>
   <div class='ocr_carea' id='block_1_13' title="bbox 425 1091 1933 1162">
    <p class='ocr_par' dir='ltr' id='par_1_13' title="bbox 425 1091 1933 1162">
     <span class='ocr_line' id='line_1_13' title="bbox 425 1091 1933 1162; baseline 0.005 -18"><span class='ocrx_word' id='word_1_65' title='bbox 425 1091 720 1146; x_wconf 74' lang='lat' dir='ltr'><strong>Plutarchi.</strong></span> <span class='ocrx_word' id='word_1_66' title='bbox 740 1093 1033 1162; x_wconf 74' lang='lat' dir='ltr'><strong>——lgnot:e</strong></span> <span class='ocrx_word' id='word_1_67' title='bbox 1066 1094 1310 1161; x_wconf 88' lang='lat' dir='ltr'><strong>virtutis,</strong></span> <span class='ocrx_word' id='word_1_68' title='bbox 1346 1095 1492 1150; x_wconf 87' lang='lat' dir='ltr'><strong>haud</strong></span> <span class='ocrx_word' id='word_1_69' title='bbox 1522 1112 1685 1151; x_wconf 91' lang='lat' dir='ltr'><strong>secus</strong></span> <span class='ocrx_word' id='word_1_70' title='bbox 1714 1112 1777 1151; x_wconf 91' lang='lat' dir='ltr'><strong>ac</strong></span> <span class='ocrx_word' id='word_1_71' title='bbox 1814 1098 1933 1152; x_wconf 84' lang='lat' dir='ltr'><strong>auri</strong></span> 
     </span>
    </p>
   </div>
   <div class='ocr_carea' id='block_1_14' title="bbox 347 1176 1339 1255">
    <p class='ocr_par' dir='ltr' id='par_1_14' title="bbox 347 1176 1339 1255">
     <span class='ocr_line' id='line_1_14' title="bbox 347 1176 1339 1255; baseline 0.004 -18"><span class='ocrx_word' id='word_1_72' title='bbox 347 1183 556 1238; x_wconf 81' lang='lat' dir='ltr'><strong>delossi</strong></span> <span class='ocrx_word' id='word_1_73' title='bbox 594 1183 861 1255; x_wconf 86' lang='lat' dir='ltr'><strong>splendor</strong></span> <span class='ocrx_word' id='word_1_74' title='bbox 896 1201 1008 1240; x_wconf 89' lang='lat' dir='ltr'><strong>non</strong></span> <span class='ocrx_word' id='word_1_75' title='bbox 1034 1186 1279 1241; x_wconf 85' lang='lat' dir='ltr'><strong>videtur.</strong></span> <span class='ocrx_word' id='word_1_76' title='bbox 1326 1176 1339 1185; x_wconf 83' lang='grc'><em>’</em></span> 
     </span>
    </p>
   </div>
   <div class='ocr_carea' id='block_1_15' title="bbox 419 1360 1935 1434">
    <p class='ocr_par' dir='ltr' id='par_1_15' title="bbox 419 1360 1935 1434">
     <span class='ocr_line' id='line_1_15' title="bbox 419 1360 1935 1434; baseline 0.005 -19"><span class='ocrx_word' id='word_1_77' title='bbox 419 1360 511 1416; x_wconf 85' lang='lat' dir='ltr'><strong>Uti</strong></span> <span class='ocrx_word' id='word_1_78' title='bbox 547 1361 616 1415; x_wconf 86' lang='lat' dir='ltr'><strong>iis</strong></span> <span class='ocrx_word' id='word_1_79' title='bbox 649 1361 742 1432; x_wconf 89' lang='lat' dir='ltr'><strong>qui</strong></span> <span class='ocrx_word' id='word_1_80' title='bbox 771 1361 1063 1418; x_wconf 86' lang='lat' dir='ltr'><strong>laboribus</strong></span> <span class='ocrx_word' id='word_1_81' title='bbox 1091 1379 1296 1434; x_wconf 91' lang='lat' dir='ltr'><strong>corpus</strong></span> <span class='ocrx_word' id='word_1_82' title='bbox 1330 1376 1611 1430; x_wconf 81' lang='lat' dir='ltr'><strong>exercent,</strong></span> <span class='ocrx_word' id='word_1_83' title='bbox 1639 1365 1797 1421; x_wconf 88' lang='lat' dir='ltr'><strong>cibus</strong></span> <span class='ocrx_word' id='word_1_84' title='bbox 1821 1385 1834 1434; x_wconf 90' lang='lat'><strong>;</strong></span> <span class='ocrx_word' id='word_1_85' title='bbox 1855 1374 1935 1423; x_wconf 88' lang='lat' dir='ltr'><strong>sic</strong></span> 
     </span>
    </p>
   </div>
   <div class='ocr_carea' id='block_1_16' title="bbox 345 1453 1803 1526">
    <p class='ocr_par' dir='ltr' id='par_1_16' title="bbox 345 1453 1803 1526">
     <span class='ocr_line' id='line_1_16' title="bbox 345 1453 1803 1526; baseline 0.002 -16"><span class='ocrx_word' id='word_1_86' title='bbox 345 1462 402 1510; x_wconf 85' lang='lat' dir='ltr'><strong>et</strong></span> <span class='ocrx_word' id='word_1_87' title='bbox 431 1455 611 1509; x_wconf 83' lang='lat' dir='ltr'><strong>virtus</strong></span> <span class='ocrx_word' id='word_1_88' title='bbox 670 1453 780 1519; x_wconf 91' lang='lat' dir='ltr'><strong>his,</strong></span> <span class='ocrx_word' id='word_1_89' title='bbox 816 1455 911 1523; x_wconf 86' lang='lat' dir='ltr'><strong>qui</strong></span> <span class='ocrx_word' id='word_1_90' title='bbox 942 1455 1053 1509; x_wconf 91' lang='lat' dir='ltr'><strong>sint</strong></span> <span class='ocrx_word' id='word_1_91' title='bbox 1081 1455 1311 1520; x_wconf 85' lang='lat' dir='ltr'><strong>eruditi,</strong></span> <span class='ocrx_word' id='word_1_92' title='bbox 1341 1467 1568 1526; x_wconf 84' lang='lat' dir='ltr'><strong>apparet</strong></span> <span class='ocrx_word' id='word_1_93' title='bbox 1599 1459 1803 1513; x_wconf 81' lang='lat' dir='ltr'><strong>suavis.</strong></span> 
     </span>
    </p>
   </div>
   <div class='ocr_carea' id='block_1_17' title="bbox 417 1547 1929 1622">
    <p class='ocr_par' dir='ltr' id='par_1_17' title="bbox 417 1547 1929 1622">
     <span class='ocr_line' id='line_1_17' title="bbox 417 1547 1929 1622; baseline 0.001 -18"><span class='ocrx_word' id='word_1_94' title='bbox 417 1548 560 1611; x_wconf 87' lang='lat' dir='ltr'><strong>Vita,</strong></span> <span class='ocrx_word' id='word_1_95' title='bbox 601 1547 751 1602; x_wconf 88' lang='lat' dir='ltr'><strong>haud</strong></span> <span class='ocrx_word' id='word_1_96' title='bbox 788 1563 949 1603; x_wconf 89' lang='lat' dir='ltr'><strong>secus</strong></span> <span class='ocrx_word' id='word_1_97' title='bbox 977 1564 1042 1603; x_wconf 83' lang='lat' dir='ltr'><strong>ac</strong></span> <span class='ocrx_word' id='word_1_98' title='bbox 1072 1565 1356 1612; x_wconf 90' lang='lat' dir='ltr'><strong>nummus,</strong></span> <span class='ocrx_word' id='word_1_99' title='bbox 1392 1550 1553 1604; x_wconf 90' lang='lat' dir='ltr'><strong>initio</strong></span> <span class='ocrx_word' id='word_1_100' title='bbox 1592 1552 1929 1622; x_wconf 90' lang='lat' dir='ltr'><strong>vituperium</strong></span> 
     </span>
    </p>
   </div>
   <div class='ocr_carea' id='block_1_18' title="bbox 348 1641 1644 1712">
    <p class='ocr_par' dir='ltr' id='par_1_18' title="bbox 348 1641 1644 1712">
     <span class='ocr_line' id='line_1_18' title="bbox 348 1641 1644 1712; baseline 0.002 -16"><span class='ocrx_word' id='word_1_101' title='bbox 348 1641 580 1697; x_wconf 82' lang='lat' dir='ltr'><strong>habens.</strong></span> <span class='ocrx_word' id='word_1_102' title='bbox 609 1642 818 1712; x_wconf 86' lang='lat' dir='ltr'><strong>ubique</strong></span> <span class='ocrx_word' id='word_1_103' title='bbox 846 1641 1091 1712; x_wconf 81' lang='lat' dir='ltr'><strong>gentium</strong></span> <span class='ocrx_word' id='word_1_104' title='bbox 1123 1642 1356 1711; x_wconf 87' lang='lat' dir='ltr'><strong>rcproba</strong></span> <span class='ocrx_word' id='word_1_105' title='bbox 1386 1641 1644 1699; x_wconf 83' lang='lat' dir='ltr'><strong>ellicitur.</strong></span> 
     </span>
    </p>
   </div>
   <div class='ocr_carea' id='block_1_19' title="bbox 417 1734 1930 1805">
    <p class='ocr_par' dir='ltr' id='par_1_19' title="bbox 417 1734 1930 1805">
     <span class='ocr_line' id='line_1_19' title="bbox 417 1734 1930 1805; baseline 0.002 -16"><span class='ocrx_word' id='word_1_106' title='bbox 417 1734 626 1790; x_wconf 88' lang='lat' dir='ltr'><strong>Cuncta</strong></span> <span class='ocrx_word' id='word_1_107' title='bbox 664 1744 714 1790; x_wconf 92' lang='lat' dir='ltr'><strong>te</strong></span> <span class='ocrx_word' id='word_1_108' title='bbox 737 1736 994 1789; x_wconf 75' lang='lat' dir='ltr'><strong>existima</strong></span> <span class='ocrx_word' id='word_1_109' title='bbox 1025 1734 1232 1799; x_wconf 82' lang='lat' dir='ltr'><strong>facere,</strong></span> <span class='ocrx_word' id='word_1_110' title='bbox 1273 1742 1333 1789; x_wconf 92' lang='lat' dir='ltr'><strong>ut</strong></span> <span class='ocrx_word' id='word_1_111' title='bbox 1384 1737 1479 1805; x_wconf 92' lang='lat' dir='ltr'><strong>qui</strong></span> <span class='ocrx_word' id='word_1_112' title='bbox 1530 1736 1808 1792; x_wconf 90' lang='lat' dir='ltr'><strong>neminem</strong></span> <span class='ocrx_word' id='word_1_113' title='bbox 1848 1739 1930 1792; x_wconf 86' lang='lat' dir='ltr'><strong>la-</strong></span> 
     </span>
    </p>
   </div>
   <div class='ocr_carea' id='block_1_20' title="bbox 351 1825 1934 1905">
    <p class='ocr_par' dir='ltr' id='par_1_20' title="bbox 351 1825 1934 1905">
     <span class='ocr_line' id='line_1_20' title="bbox 351 1825 1934 1905; baseline 0.004 -26"><span class='ocrx_word' id='word_1_114' title='bbox 351 1842 486 1882; x_wconf 85' lang='lat' dir='ltr'><strong>teas.</strong></span> <span class='ocrx_word' id='word_1_115' title='bbox 529 1826 664 1881; x_wconf 88' lang='lat' dir='ltr'><strong>Nam</strong></span> <span class='ocrx_word' id='word_1_116' title='bbox 695 1826 801 1882; x_wconf 87' lang='lat' dir='ltr'><strong>etsi</strong></span> <span class='ocrx_word' id='word_1_117' title='bbox 833 1825 899 1881; x_wconf 87' lang='lat' dir='ltr'><strong>ad</strong></span> <span class='ocrx_word' id='word_1_118' title='bbox 924 1840 1171 1896; x_wconf 64' lang='lat' dir='ltr'><strong>prmsens</strong></span> <span class='ocrx_word' id='word_1_119' title='bbox 1207 1825 1505 1905; x_wconf 83' lang='lat' dir='ltr'><strong>celaveris,</strong></span> <span class='ocrx_word' id='word_1_120' title='bbox 1554 1839 1744 1900; x_wconf 88' lang='lat' dir='ltr'><strong>postea</strong></span> <span class='ocrx_word' id='word_1_121' title='bbox 1771 1830 1934 1885; x_wconf 92' lang='lat' dir='ltr'><strong>inno-</strong></span> 
     </span>
    </p>
   </div>
   <div class='ocr_carea' id='block_1_21' title="bbox 350 1926 548 1982">
    <p class='ocr_par' dir='ltr' id='par_1_21' title="bbox 350 1926 548 1982">
     <span class='ocr_line' id='line_1_21' title="bbox 350 1926 548 1982; baseline 0.01 -10"><span class='ocrx_word' id='word_1_122' title='bbox 350 1926 548 1982; x_wconf 81' lang='lat' dir='ltr'><strong>tesces.</strong></span> 
     </span>
    </p>
   </div>
   <div class='ocr_carea' id='block_1_22' title="bbox 418 2012 1932 2087">
    <p class='ocr_par' dir='ltr' id='par_1_22' title="bbox 418 2012 1932 2087">
     <span class='ocr_line' id='line_1_22' title="bbox 418 2012 1932 2087; baseline 0.002 -20"><span class='ocrx_word' id='word_1_123' title='bbox 418 2012 556 2067; x_wconf 92' lang='lat' dir='ltr'><strong>Cum</strong></span> <span class='ocrx_word' id='word_1_124' title='bbox 587 2028 715 2068; x_wconf 89' lang='lat' dir='ltr'><strong>eum</strong></span> <span class='ocrx_word' id='word_1_125' title='bbox 742 2012 968 2083; x_wconf 90' lang='lat' dir='ltr'><strong>quidam</strong></span> <span class='ocrx_word' id='word_1_126' title='bbox 1003 2014 1206 2084; x_wconf 83' lang='lat' dir='ltr'><strong>injuria</strong></span> <span class='ocrx_word' id='word_1_127' title='bbox 1231 2016 1530 2079; x_wconf 84' lang='lat' dir='ltr'><strong>all&#39;ecisset,</strong></span> <span class='ocrx_word' id='word_1_128' title='bbox 1591 2030 1761 2084; x_wconf 91' lang='lat' dir='ltr'><strong>seque</strong></span> <span class='ocrx_word' id='word_1_129' title='bbox 1805 2015 1932 2087; x_wconf 83' lang='lat' dir='ltr'><strong>fuga</strong></span> 
     </span>
    </p>
   </div>
   <div class='ocr_carea' id='block_1_23' title="bbox 347 2104 1927 2178">
    <p class='ocr_par' dir='ltr' id='par_1_23' title="bbox 347 2104 1927 2178">
     <span class='ocr_line' id='line_1_23' title="bbox 347 2104 1927 2178; baseline 0.004 -21"><span class='ocrx_word' id='word_1_130' title='bbox 347 2104 686 2174; x_wconf 88' lang='lat' dir='ltr'><strong>proripiens,</strong></span> <span class='ocrx_word' id='word_1_131' title='bbox 726 2105 780 2158; x_wconf 89' lang='lat' dir='ltr'><strong>in</strong></span> <span class='ocrx_word' id='word_1_132' title='bbox 810 2121 1102 2160; x_wconf 91' lang='lat' dir='ltr'><strong>occursum</strong></span> <span class='ocrx_word' id='word_1_133' title='bbox 1137 2108 1259 2178; x_wconf 83' lang='lat' dir='ltr'><strong>ejus</strong></span> <span class='ocrx_word' id='word_1_134' title='bbox 1302 2108 1489 2163; x_wconf 89' lang='lat' dir='ltr'><strong>venire</strong></span> <span class='ocrx_word' id='word_1_135' title='bbox 1520 2123 1630 2161; x_wconf 87' lang='lat' dir='ltr'><strong>non</strong></span> <span class='ocrx_word' id='word_1_136' title='bbox 1661 2108 1927 2176; x_wconf 85' lang='lat' dir='ltr'><strong>auderet;</strong></span> 
     </span>
    </p>
   </div>
   <div class='ocr_carea' id='block_1_24' title="bbox 347 2195 1930 2267">
    <p class='ocr_par' dir='ltr' id='par_1_24' title="bbox 347 2195 1930 2267">
     <span class='ocr_line' id='line_1_24' title="bbox 347 2195 1930 2267; baseline 0.004 -17"><span class='ocrx_word' id='word_1_137' title='bbox 347 2195 646 2266; x_wconf 82' lang='lat' dir='ltr'><strong>aliquando</strong></span> <span class='ocrx_word' id='word_1_138' title='bbox 678 2196 900 2251; x_wconf 85' lang='lat' dir='ltr'><strong>tandem</strong></span> <span class='ocrx_word' id='word_1_139' title='bbox 959 2198 1015 2251; x_wconf 89' lang='lat' dir='ltr'><strong>in</strong></span> <span class='ocrx_word' id='word_1_140' title='bbox 1062 2214 1190 2253; x_wconf 89' lang='lat' dir='ltr'><strong>eum</strong></span> <span class='ocrx_word' id='word_1_141' title='bbox 1247 2199 1499 2255; x_wconf 86' lang='lat' dir='ltr'><strong>incidens</strong></span> <span class='ocrx_word' id='word_1_142' title='bbox 1551 2217 1565 2254; x_wconf 90' lang='lat'><strong>:</strong></span> <span class='ocrx_word' id='word_1_143' title='bbox 1606 2200 1726 2255; x_wconf 84' lang='lat' dir='ltr'><strong>Non</strong></span> <span class='ocrx_word' id='word_1_144' title='bbox 1756 2211 1818 2257; x_wconf 90' lang='lat' dir='ltr'><strong>ut</strong></span> <span class='ocrx_word' id='word_1_145' title='bbox 1849 2210 1930 2267; x_wconf 88' lang='lat' dir='ltr'><strong>tu,</strong></span> 
     </span>
    </p>
   </div>
   <div class='ocr_carea' id='block_1_25' title="bbox 350 2288 1932 2365">
    <p class='ocr_par' dir='ltr' id='par_1_25' title="bbox 350 2288 1932 2365">
     <span class='ocr_line' id='line_1_25' title="bbox 350 2288 1932 2365; baseline 0.004 -24"><span class='ocrx_word' id='word_1_146' title='bbox 350 2288 554 2359; x_wconf 83' lang='lat' dir='ltr'><strong>inquit,</strong></span> <span class='ocrx_word' id='word_1_147' title='bbox 591 2304 677 2342; x_wconf 91' lang='lat' dir='ltr'><strong>me</strong></span> <span class='ocrx_word' id='word_1_148' title='bbox 710 2289 910 2359; x_wconf 88' lang='lat' dir='ltr'><strong>lugias,</strong></span> <span class='ocrx_word' id='word_1_149' title='bbox 936 2288 1118 2357; x_wconf 86' lang='lat' dir='ltr'><strong>decet,</strong></span> <span class='ocrx_word' id='word_1_150' title='bbox 1143 2291 1239 2346; x_wconf 90' lang='lat' dir='ltr'><strong>sed</strong></span> <span class='ocrx_word' id='word_1_151' title='bbox 1273 2299 1333 2345; x_wconf 95' lang='lat' dir='ltr'><strong>ut</strong></span> <span class='ocrx_word' id='word_1_152' title='bbox 1361 2307 1463 2362; x_wconf 92' lang='lat' dir='ltr'><strong>ego</strong></span> <span class='ocrx_word' id='word_1_153' title='bbox 1496 2300 1571 2357; x_wconf 91' lang='lat' dir='ltr'><strong>te,</strong></span> <span class='ocrx_word' id='word_1_154' title='bbox 1599 2292 1800 2364; x_wconf 86' lang='lat' dir='ltr'><strong>quippe</strong></span> <span class='ocrx_word' id='word_1_155' title='bbox 1835 2295 1932 2365; x_wconf 92' lang='lat' dir='ltr'><strong>qui</strong></span> 
     </span>
    </p>
   </div>
   <div class='ocr_carea' id='block_1_26' title="bbox 350 2380 762 2449">
    <p class='ocr_par' dir='ltr' id='par_1_26' title="bbox 350 2380 762 2449">
     <span class='ocr_line' id='line_1_26' title="bbox 350 2380 762 2449; baseline 0.005 -16"><span class='ocrx_word' id='word_1_156' title='bbox 350 2380 636 2449; x_wconf 85' lang='lat' dir='ltr'><strong>improbus</strong></span> <span class='ocrx_word' id='word_1_157' title='bbox 666 2381 762 2435; x_wconf 90' lang='lat' dir='ltr'><strong>sis.</strong></span> 
     </span>
    </p>
   </div>
   <div class='ocr_carea' id='block_1_27' title="bbox 419 2466 1929 2544">
    <p class='ocr_par' dir='ltr' id='par_1_27' title="bbox 419 2466 1929 2544">
     <span class='ocr_line' id='line_1_27' title="bbox 419 2466 1929 2544; baseline 0.004 -17"><span class='ocrx_word' id='word_1_158' title='bbox 419 2472 513 2528; x_wconf 87' lang='lat' dir='ltr'><strong>Vir</strong></span> <span class='ocrx_word' id='word_1_159' title='bbox 545 2475 776 2544; x_wconf 87' lang='lat' dir='ltr'><strong>ignavus</strong></span> <span class='ocrx_word' id='word_1_160' title='bbox 800 2482 856 2530; x_wconf 86' lang='lat' dir='ltr'><strong>et</strong></span> <span class='ocrx_word' id='word_1_161' title='bbox 887 2474 1159 2532; x_wconf 70' lang='lat' dir='ltr'><strong>imbellis.</strong></span> <span class='ocrx_word' id='word_1_162' title='bbox 1196 2490 1301 2531; x_wconf 91' lang='lat' dir='ltr'><strong>nec</strong></span> <span class='ocrx_word' id='word_1_163' title='bbox 1353 2492 1637 2533; x_wconf 31' lang='lat' dir='ltr'><strong>cum&#39;cane</strong></span> <span class='ocrx_word' id='word_1_164' title='bbox 1664 2495 1770 2534; x_wconf 91' lang='lat' dir='ltr'><strong>nec</strong></span> <span class='ocrx_word' id='word_1_165' title='bbox 1804 2466 1929 2534; x_wconf 70' lang='lat' dir='ltr'><strong>Eum</strong></span> 
     </span>
    </p>
   </div>
   <div class='ocr_carea' id='block_1_28' title="bbox 347 2566 1932 2638">
    <p class='ocr_par' dir='ltr' id='par_1_28' title="bbox 347 2566 1932 2638">
     <span class='ocr_line' id='line_1_28' title="bbox 347 2566 1932 2638; baseline 0.005 -19"><span class='ocrx_word' id='word_1_166' title='bbox 347 2566 505 2619; x_wconf 74' lang='lat' dir='ltr'><strong>asino</strong></span> <span class='ocrx_word' id='word_1_167' title='bbox 534 2575 619 2621; x_wconf 88' lang='lat' dir='ltr'><strong>est</strong></span> <span class='ocrx_word' id='word_1_168' title='bbox 645 2568 1082 2638; x_wconf 89' lang='lat' dir='ltr'><strong>comparandus,</strong></span> <span class='ocrx_word' id='word_1_169' title='bbox 1111 2568 1322 2625; x_wconf 79' lang='lat' dir='ltr'><strong>divitiis</strong></span> <span class='ocrx_word' id='word_1_170' title='bbox 1360 2569 1574 2625; x_wconf 90' lang='lat' dir='ltr'><strong>scilicet</strong></span> <span class='ocrx_word' id='word_1_171' title='bbox 1614 2586 1679 2628; x_wconf 91' lang='lat' dir='ltr'><strong>ac</strong></span> <span class='ocrx_word' id='word_1_172' title='bbox 1715 2571 1932 2627; x_wconf 87' lang='lat' dir='ltr'><strong>deliciis</strong></span> 
     </span>
    </p>
   </div>
   <div class='ocr_carea' id='block_1_29' title="bbox 346 2657 622 2713">
    <p class='ocr_par' dir='ltr' id='par_1_29' title="bbox 346 2657 622 2713">
     <span class='ocr_line' id='line_1_29' title="bbox 346 2657 622 2713; baseline 0.007 -2"><span class='ocrx_word' id='word_1_173' title='bbox 346 2657 622 2713; x_wconf 85' lang='lat' dir='ltr'><strong>dillluens.</strong></span> 
     </span>
    </p>
   </div>
   <div class='ocr_carea' id='block_1_30' title="bbox 414 2751 1932 2825">
    <p class='ocr_par' dir='ltr' id='par_1_30' title="bbox 414 2751 1932 2825">
     <span class='ocr_line' id='line_1_30' title="bbox 414 2751 1932 2825; baseline 0.005 -18"><span class='ocrx_word' id='word_1_174' title='bbox 414 2751 509 2807; x_wconf 92' lang='lat' dir='ltr'><strong>Sic</strong></span> <span class='ocrx_word' id='word_1_175' title='bbox 534 2752 721 2807; x_wconf 80' lang='lat' dir='ltr'><strong>vivere</strong></span> <span class='ocrx_word' id='word_1_176' title='bbox 757 2752 1001 2814; x_wconf 86' lang='lat' dir='ltr'><strong>studeas.</strong></span> <span class='ocrx_word' id='word_1_177' title='bbox 1021 2762 1081 2807; x_wconf 91' lang='lat' dir='ltr'><strong>ut</strong></span> <span class='ocrx_word' id='word_1_178' title='bbox 1105 2769 1285 2823; x_wconf 89' lang='lat' dir='ltr'><strong>neque</strong></span> <span class='ocrx_word' id='word_1_179' title='bbox 1304 2771 1334 2809; x_wconf 91' lang='lat' dir='ltr'><strong>a</strong></span> <span class='ocrx_word' id='word_1_180' title='bbox 1360 2756 1772 2825; x_wconf 88' lang='lat' dir='ltr'><strong>potentioribus</strong></span> <span class='ocrx_word' id='word_1_181' title='bbox 1798 2773 1932 2813; x_wconf 86' lang='lat' dir='ltr'><strong>con-</strong></span> 
     </span>
    </p>
   </div>
   <div class='ocr_carea' id='block_1_31' title="bbox 348 2845 1589 2910">
    <p class='ocr_par' dir='ltr' id='par_1_31' title="bbox 348 2845 1589 2910">
     <span class='ocr_line' id='line_1_31' title="bbox 348 2845 1589 2910; baseline 0.005 -14"><span class='ocrx_word' id='word_1_182' title='bbox 348 2845 635 2910; x_wconf 88' lang='lat' dir='ltr'><strong>temnaris,</strong></span> <span class='ocrx_word' id='word_1_183' title='bbox 664 2859 770 2899; x_wconf 88' lang='lat' dir='ltr'><strong>nec</strong></span> <span class='ocrx_word' id='word_1_184' title='bbox 806 2845 1170 2900; x_wconf 85' lang='lat' dir='ltr'><strong>inferioribus</strong></span> <span class='ocrx_word' id='word_1_185' title='bbox 1203 2847 1469 2902; x_wconf 90' lang='lat' dir='ltr'><strong>terribilis</strong></span> <span class='ocrx_word' id='word_1_186' title='bbox 1494 2849 1589 2903; x_wconf 91' lang='lat' dir='ltr'><strong>sis.</strong></span> 
     </span>
    </p>
   </div>
   <div class='ocr_carea' id='block_1_32' title="bbox 2041 460 3375 540">
    <p class='ocr_par' dir='ltr' id='par_1_32' title="bbox 2041 460 3375 540">
     <span class='ocr_line' id='line_1_32' title="bbox 2041 460 3375 540; baseline 0.011 -30"><span class='ocrx_word' id='word_1_187' title='bbox 2041 460 2141 512; x_wconf 81' lang='grc' dir='ltr'>οὐκ</span> <span class='ocrx_word' id='word_1_188' title='bbox 2172 460 2235 513; x_wconf 83' lang='grc' dir='ltr'>ἀν</span> <span class='ocrx_word' id='word_1_189' title='bbox 2265 479 2346 525; x_wconf 88' lang='grc' dir='ltr'><strong>τις</strong></span> <span class='ocrx_word' id='word_1_190' title='bbox 2372 463 2543 517; x_wconf 78' lang='grc' dir='ltr'><strong>ἕλοιτο</strong></span> <span class='ocrx_word' id='word_1_191' title='bbox 2566 465 2770 537; x_wconf 75' lang='grc' dir='ltr'>ταύτην</span> <span class='ocrx_word' id='word_1_192' title='bbox 2798 467 2918 537; x_wconf 82' lang='grc' dir='ltr'>δίκα</span> <span class='ocrx_word' id='word_1_193' title='bbox 2948 470 3109 521; x_wconf 87' lang='grc' dir='ltr'>πόνου</span> <span class='ocrx_word' id='word_1_194' title='bbox 3143 472 3375 540; x_wconf 85' lang='grc' dir='ltr'>μακροῦ.</span> 
     </span>
    </p>
   </div>
   <div class='ocr_carea' id='block_1_33' title="bbox 2124 552 3630 636">
    <p class='ocr_par' dir='ltr' id='par_1_33' title="bbox 2124 552 3630 636">
     <span class='ocr_line' id='line_1_33' title="bbox 2124 552 3630 636; baseline 0.011 -31"><span class='ocrx_word' id='word_1_195' title='bbox 2124 552 2224 605; x_wconf 72' lang='grc' dir='ltr'>Ἐκ</span> <span class='ocrx_word' id='word_1_196' title='bbox 2255 553 2372 605; x_wconf 81' lang='grc' dir='ltr'><strong>τῶν</strong></span> <span class='ocrx_word' id='word_1_197' title='bbox 2400 555 2697 623; x_wconf 79' lang='grc' dir='ltr'>Πατέρων.</span> <span class='ocrx_word' id='word_1_198' title='bbox 2721 587 2789 597; x_wconf 90' lang='grc'><strong><em>-</em></strong></span> <span class='ocrx_word' id='word_1_199' title='bbox 2829 559 2924 612; x_wconf 74' lang='grc' dir='ltr'>Διά</span> <span class='ocrx_word' id='word_1_200' title='bbox 2956 561 3236 631; x_wconf 75' lang='grc' dir='ltr'>τεσσάρων</span> <span class='ocrx_word' id='word_1_201' title='bbox 3281 568 3630 636; x_wconf 74' lang='grc' dir='ltr'><strong>πραγμάτων</strong></span> 
     </span>
    </p>
   </div>
   <div class='ocr_carea' id='block_1_34' title="bbox 2039 644 3627 732">
    <p class='ocr_par' dir='ltr' id='par_1_34' title="bbox 2039 644 3627 732">
     <span class='ocr_line' id='line_1_34' title="bbox 2039 644 3627 732; baseline 0.013 -38"><span class='ocrx_word' id='word_1_202' title='bbox 2039 644 2073 712; x_wconf 76' lang='grc' dir='ltr'><strong>ἡ</strong></span> <span class='ocrx_word' id='word_1_203' title='bbox 2097 644 2242 713; x_wconf 68' lang='grc' dir='ltr'>ψυχὴ</span> <span class='ocrx_word' id='word_1_204' title='bbox 2277 645 2586 715; x_wconf 87' lang='grc' dir='ltr'>μιαίνεται·</span> <span class='ocrx_word' id='word_1_205' title='bbox 2635 647 2712 719; x_wconf 80' lang='grc' dir='ltr'>τῷ</span> <span class='ocrx_word' id='word_1_206' title='bbox 2741 655 3065 719; x_wconf 76' lang='grc' dir='ltr'><strong>περιπατεῖν</strong></span> <span class='ocrx_word' id='word_1_207' title='bbox 3111 655 3168 705; x_wconf 83' lang='grc' dir='ltr'>ὲν</span> <span class='ocrx_word' id='word_1_208' title='bbox 3202 655 3353 709; x_wconf 84' lang='grc' dir='ltr'>πόλει</span> <span class='ocrx_word' id='word_1_209' title='bbox 3395 661 3492 712; x_wconf 70' lang='grc' dir='ltr'><strong>καὶ</strong></span> <span class='ocrx_word' id='word_1_210' title='bbox 3548 661 3627 732; x_wconf 80' lang='grc' dir='ltr'>μὴ</span> 
     </span>
    </p>
   </div>
   <div class='ocr_carea' id='block_1_35' title="bbox 2040 736 3626 817">
    <p class='ocr_par' dir='ltr' id='par_1_35' title="bbox 2040 736 3626 817">
     <span class='ocr_line' id='line_1_35' title="bbox 2040 736 3626 817; baseline 0.013 -31"><span class='ocrx_word' id='word_1_211' title='bbox 2040 736 2335 803; x_wconf 67' lang='grc' dir='ltr'>φυλάσσειν</span> <span class='ocrx_word' id='word_1_212' title='bbox 2351 740 2475 802; x_wconf 82' lang='grc' dir='ltr'>τοὺς</span> <span class='ocrx_word' id='word_1_213' title='bbox 2497 740 2830 811; x_wconf 69' lang='grc' dir='ltr'>ὀφθαλμοὺς,</span> <span class='ocrx_word' id='word_1_214' title='bbox 2862 744 2958 797; x_wconf 63' lang='grc' dir='ltr'><strong>κα)⁵</strong></span> <span class='ocrx_word' id='word_1_215' title='bbox 2984 744 3062 814; x_wconf 84' lang='grc' dir='ltr'><strong>τῷ</strong></span> <span class='ocrx_word' id='word_1_216' title='bbox 3082 746 3218 810; x_wconf 83' lang='grc' dir='ltr'>ὅλως</span> <span class='ocrx_word' id='word_1_217' title='bbox 3242 748 3384 817; x_wconf 77' lang='grc' dir='ltr'>ἔχειν</span> <span class='ocrx_word' id='word_1_218' title='bbox 3415 752 3626 817; x_wconf 82' lang='grc' dir='ltr'>γνῶσιν</span> 
     </span>
    </p>
   </div>
   <div class='ocr_carea' id='block_1_36' title="bbox 2042 829 3627 912">
    <p class='ocr_par' dir='ltr' id='par_1_36' title="bbox 2042 829 3627 912">
     <span class='ocr_line' id='line_1_36' title="bbox 2042 829 3627 912; baseline 0.012 -32"><span class='ocrx_word' id='word_1_219' title='bbox 2042 829 2179 897; x_wconf 86' lang='grc' dir='ltr'><strong>μετά</strong></span> <span class='ocrx_word' id='word_1_220' title='bbox 2241 832 2534 898; x_wconf 84' lang='grc' dir='ltr'>γυναικῶν,</span> <span class='ocrx_word' id='word_1_221' title='bbox 2588 836 2682 888; x_wconf 77' lang='grc' dir='ltr'><strong>καὶ</strong></span> <span class='ocrx_word' id='word_1_222' title='bbox 2710 835 2787 904; x_wconf 77' lang='grc' dir='ltr'>τῷ</span> <span class='ocrx_word' id='word_1_223' title='bbox 2823 836 2965 905; x_wconf 76' lang='grc' dir='ltr'>ἔχειν</span> <span class='ocrx_word' id='word_1_224' title='bbox 3016 838 3199 907; x_wconf 80' lang='grc' dir='ltr'>φιλίαν</span> <span class='ocrx_word' id='word_1_225' title='bbox 3228 844 3365 912; x_wconf 77' lang='grc' dir='ltr'><strong>μετά</strong></span> <span class='ocrx_word' id='word_1_226' title='bbox 3395 845 3502 898; x_wconf 83' lang='grc' dir='ltr'><strong>τῶν</strong></span> <span class='ocrx_word' id='word_1_227' title='bbox 3544 850 3627 899; x_wconf 61' lang='grc' dir='ltr'><strong>ἐν.</strong></span> 
     </span>
    </p>
   </div>
   <div class='ocr_carea' id='block_1_37' title="bbox 2036 922 3618 1007">
    <p class='ocr_par' dir='ltr' id='par_1_37' title="bbox 2036 922 3618 1007">
     <span class='ocr_line' id='line_1_37' title="bbox 2036 922 3618 1007; baseline 0.01 -32"><span class='ocrx_word' id='word_1_228' title='bbox 2036 922 2204 988; x_wconf 80' lang='grc' dir='ltr'>δόξων</span> <span class='ocrx_word' id='word_1_229' title='bbox 2230 923 2323 976; x_wconf 76' lang='grc' dir='ltr'>τοῦ</span> <span class='ocrx_word' id='word_1_230' title='bbox 2354 925 2580 994; x_wconf 78' lang='grc' dir='ltr'>κόσμου,</span> <span class='ocrx_word' id='word_1_231' title='bbox 2617 928 2708 979; x_wconf 74' lang='grc' dir='ltr'><strong>καὶ</strong></span> <span class='ocrx_word' id='word_1_232' title='bbox 2749 926 2827 997; x_wconf 84' lang='grc' dir='ltr'>τῷ</span> <span class='ocrx_word' id='word_1_233' title='bbox 2883 930 3167 1001; x_wconf 85' lang='grc' dir='ltr'>ἀγαπῆσαι</span> <span class='ocrx_word' id='word_1_234' title='bbox 3203 933 3313 997; x_wconf 72' lang='grc' dir='ltr'>τὰς’</span> <span class='ocrx_word' id='word_1_235' title='bbox 3349 939 3618 1007; x_wconf 75' lang='grc' dir='ltr'>σαρκικάς</span> 
     </span>
    </p>
   </div>
   <div class='ocr_carea' id='block_1_38' title="bbox 2037 1016 2887 1088">
    <p class='ocr_par' dir='ltr' id='par_1_38' title="bbox 2037 1016 2887 1088">
     <span class='ocr_line' id='line_1_38' title="bbox 2037 1016 2887 1088; baseline 0.004 -21"><span class='ocrx_word' id='word_1_236' title='bbox 2037 1016 2253 1086; x_wconf 80' lang='grc' dir='ltr'><strong>ὁμιλίας</strong></span> <span class='ocrx_word' id='word_1_237' title='bbox 2281 1018 2374 1070; x_wconf 75' lang='grc' dir='ltr'><strong>καὶ</strong></span> <span class='ocrx_word' id='word_1_238' title='bbox 2407 1018 2812 1088; x_wconf 83' lang='grc' dir='ltr'>ματαιολογίας.</span> <span class='ocrx_word' id='word_1_239' title='bbox 2874 1059 2887 1070; x_wconf 79' lang='lat'><strong>.</strong></span> 
     </span>
    </p>
   </div>
   <div class='ocr_carea' id='block_1_39' title="bbox 2111 1107 3622 1191">
    <p class='ocr_par' dir='ltr' id='par_1_39' title="bbox 2111 1107 3622 1191">
     <span class='ocr_line' id='line_1_39' title="bbox 2111 1107 3622 1191; baseline 0.009 -32"><span class='ocrx_word' id='word_1_240' title='bbox 2111 1107 2602 1177; x_wconf 67' lang='lat' dir='ltr'><strong>H.10vtdpxov.—</strong></span> <span class='ocrx_word' id='word_1_241' title='bbox 2631 1110 2742 1180; x_wconf 79' lang='grc' dir='ltr'><strong>Τῆς</strong></span> <span class='ocrx_word' id='word_1_242' title='bbox 2775 1112 3147 1184; x_wconf 81' lang='grc' dir='ltr'>ἀγνοουμένης</span> <span class='ocrx_word' id='word_1_243' title='bbox 3179 1116 3379 1186; x_wconf 70' lang='grc' dir='ltr'>ἀρετῆς</span> <span class='ocrx_word' id='word_1_244' title='bbox 3427 1117 3622 1191; x_wconf 74' lang='grc' dir='ltr'>ὥσπερ</span> 
     </span>
    </p>
   </div>
   <div class='ocr_carea' id='block_1_40' title="bbox 2037 1198 3621 1279">
    <p class='ocr_par' dir='ltr' id='par_1_40' title="bbox 2037 1198 3621 1279">
     <span class='ocr_line' id='line_1_40' title="bbox 2037 1198 3621 1279; baseline 0.008 -28"><span class='ocrx_word' id='word_1_245' title='bbox 2037 1198 2129 1251; x_wconf 74' lang='grc' dir='ltr'>τοῦ</span> <span class='ocrx_word' id='word_1_246' title='bbox 2160 1199 2653 1270; x_wconf 72' lang='grc' dir='ltr'><strong>κατορωρυγμένου</strong></span> <span class='ocrx_word' id='word_1_247' title='bbox 2694 1202 2921 1277; x_wconf 80' lang='grc' dir='ltr'>χρυσίου</span> <span class='ocrx_word' id='word_1_248' title='bbox 2962 1206 2996 1276; x_wconf 82' lang='grc' dir='ltr'><strong>ή</strong></span> <span class='ocrx_word' id='word_1_249' title='bbox 3030 1204 3355 1279; x_wconf 81' lang='grc' dir='ltr'>λαμπρότης</span> <span class='ocrx_word' id='word_1_250' title='bbox 3401 1211 3461 1263; x_wconf 74' lang='grc' dir='ltr'>οὐ</span> <span class='ocrx_word' id='word_1_251' title='bbox 3496 1212 3621 1279; x_wconf 78' lang='grc' dir='ltr'>βλέ-</span> 
     </span>
    </p>
   </div>
   <div class='ocr_carea' id='block_1_41' title="bbox 2036 1307 2219 1346">
    <p class='ocr_par' dir='ltr' id='par_1_41' title="bbox 2036 1307 2219 1346">
     <span class='ocr_line' id='line_1_41' title="bbox 2036 1307 2219 1346; baseline 0.011 -3"><span class='ocrx_word' id='word_1_252' title='bbox 2036 1307 2219 1346; x_wconf 85' lang='grc' dir='ltr'>πεται.</span> 
     </span>
    </p>
   </div>
   <div class='ocr_carea' id='block_1_42' title="bbox 2118 1384 3623 1465">
    <p class='ocr_par' dir='ltr' id='par_1_42' title="bbox 2118 1384 3623 1465">
     <span class='ocr_line' id='line_1_42' title="bbox 2118 1384 3623 1465; baseline 0.007 -27"><span class='ocrx_word' id='word_1_253' title='bbox 2118 1384 2182 1438; x_wconf 87' lang='grc' dir='ltr'><strong>Ἦ</strong></span> <span class='ocrx_word' id='word_1_254' title='bbox 2207 1386 2306 1455; x_wconf 83' lang='grc' dir='ltr'>μὲν</span> <span class='ocrx_word' id='word_1_255' title='bbox 2338 1387 2511 1459; x_wconf 77' lang='grc' dir='ltr'>τροφὴ</span> <span class='ocrx_word' id='word_1_256' title='bbox 2529 1389 2639 1451; x_wconf 82' lang='grc' dir='ltr'>τοῖς</span> <span class='ocrx_word' id='word_1_257' title='bbox 2665 1389 3105 1460; x_wconf 73' lang='grc' dir='ltr'><strong>γυμναζομένοις</strong></span> <span class='ocrx_word' id='word_1_258' title='bbox 3123 1433 3137 1457; x_wconf 91' lang='grc'><strong>,</strong></span> <span class='ocrx_word' id='word_1_259' title='bbox 3163 1393 3195 1462; x_wconf 71' lang='grc' dir='ltr'><strong>ἡ</strong></span> <span class='ocrx_word' id='word_1_260' title='bbox 3221 1392 3278 1445; x_wconf 84' lang='grc' dir='ltr'><strong>δὲ</strong></span> <span class='ocrx_word' id='word_1_261' title='bbox 3310 1393 3479 1465; x_wconf 77' lang='grc' dir='ltr'>ἀρετὴ</span> <span class='ocrx_word' id='word_1_262' title='bbox 3508 1399 3623 1457; x_wconf 81' lang='grc' dir='ltr'>τοῖς</span> 
     </span>
    </p>
   </div>
   <div class='ocr_carea' id='block_1_43' title="bbox 2035 1480 3658 1554">
    <p class='ocr_par' dir='ltr' id='par_1_43' title="bbox 2035 1480 3658 1554">
     <span class='ocr_line' id='line_1_43' title="bbox 2035 1480 3658 1554; baseline 0.005 -23"><span class='ocrx_word' id='word_1_263' title='bbox 2035 1480 2491 1549; x_wconf 80' lang='grc' dir='ltr'><strong>πεπαιδευμένοις</strong></span> <span class='ocrx_word' id='word_1_264' title='bbox 2513 1481 2665 1551; x_wconf 76' lang='grc' dir='ltr'>ἡδεῖα</span> <span class='ocrx_word' id='word_1_265' title='bbox 2704 1484 2973 1554; x_wconf 53' lang='grc' dir='ltr'>φαῄιεται.</span> <span class='ocrx_word' id='word_1_266' title='bbox 3649 1491 3658 1496; x_wconf 85' lang='grc'><strong>’</strong></span> 
     </span>
    </p>
   </div>
   <div class='ocr_carea' id='block_1_44' title="bbox 2118 1571 3623 1650">
    <p class='ocr_par' dir='ltr' id='par_1_44' title="bbox 2118 1571 3623 1650">
     <span class='ocr_line' id='line_1_44' title="bbox 2118 1571 3623 1650; baseline 0.005 -27"><span class='ocrx_word' id='word_1_267' title='bbox 2118 1572 2176 1624; x_wconf 86' lang='grc' dir='ltr'><strong>Ὀ</strong></span> <span class='ocrx_word' id='word_1_268' title='bbox 2195 1571 2309 1642; x_wconf 84' lang='grc' dir='ltr'>βίος</span> <span class='ocrx_word' id='word_1_269' title='bbox 2339 1571 2593 1643; x_wconf 87' lang='grc' dir='ltr'>καθάπερ</span> <span class='ocrx_word' id='word_1_270' title='bbox 2619 1574 2860 1643; x_wconf 78' lang='grc' dir='ltr'>νόμισμα</span> <span class='ocrx_word' id='word_1_271' title='bbox 2881 1575 3193 1646; x_wconf 76' lang='grc' dir='ltr'>διαϐληθεὶς</span> <span class='ocrx_word' id='word_1_272' title='bbox 3216 1578 3272 1629; x_wconf 82' lang='grc' dir='ltr'><strong>ὲν</strong></span> <span class='ocrx_word' id='word_1_273' title='bbox 3293 1578 3509 1650; x_wconf 78' lang='grc' dir='ltr'><strong>ἀρχαῖς,</strong></span> <span class='ocrx_word' id='word_1_274' title='bbox 3541 1581 3623 1643; x_wconf 76' lang='grc' dir='ltr'>εἰς</span> 
     </span>
    </p>
   </div>
   <div class='ocr_carea' id='block_1_45' title="bbox 2040 1664 3115 1736">
    <p class='ocr_par' dir='ltr' id='par_1_45' title="bbox 2040 1664 3115 1736">
     <span class='ocr_line' id='line_1_45' title="bbox 2040 1664 3115 1736; baseline 0.003 -17"><span class='ocrx_word' id='word_1_275' title='bbox 2040 1667 2218 1719; x_wconf 82' lang='grc' dir='ltr'>πάντα</span> <span class='ocrx_word' id='word_1_276' title='bbox 2243 1666 2334 1718; x_wconf 85' lang='grc' dir='ltr'><strong>τὸν</strong></span> <span class='ocrx_word' id='word_1_277' title='bbox 2365 1664 2569 1731; x_wconf 77' lang='grc' dir='ltr'>κόσμον</span> <span class='ocrx_word' id='word_1_278' title='bbox 2602 1665 2857 1736; x_wconf 78' lang='grc' dir='ltr'>ἀδόκιμος</span> <span class='ocrx_word' id='word_1_279' title='bbox 2887 1668 3115 1736; x_wconf 89' lang='grc' dir='ltr'>γίνεται.</span> 
     </span>
    </p>
   </div>
   <div class='ocr_carea' id='block_1_46' title="bbox 2109 1752 3425 1829">
    <p class='ocr_par' dir='ltr' id='par_1_46' title="bbox 2109 1752 3425 1829">
     <span class='ocr_line' id='line_1_46' title="bbox 2109 1752 3425 1829; baseline 0.003 -20"><span class='ocrx_word' id='word_1_280' title='bbox 2109 1752 2362 1811; x_wconf 74' lang='grc' dir='ltr'>’Ἅπαντα</span> <span class='ocrx_word' id='word_1_281' title='bbox 2416 1757 2563 1813; x_wconf 84' lang='grc' dir='ltr'>δόκει</span> <span class='ocrx_word' id='word_1_282' title='bbox 2611 1762 2804 1818; x_wconf 88' lang='grc' dir='ltr'>ποιεῖν.</span> <span class='ocrx_word' id='word_1_283' title='bbox 2853 1756 2927 1821; x_wconf 79' lang='grc' dir='ltr'>ὡς</span> <span class='ocrx_word' id='word_1_284' title='bbox 2974 1759 3182 1829; x_wconf 80' lang='grc' dir='ltr'>μηδένα</span> <span class='ocrx_word' id='word_1_285' title='bbox 3221 1759 3425 1821; x_wconf 81' lang='grc' dir='ltr'>λήσων.</span> 
     </span>
    </p>
   </div>
   <div class='ocr_carea' id='block_1_47' title="bbox 2036 1848 3377 1926">
    <p class='ocr_par' dir='ltr' id='par_1_47' title="bbox 2036 1848 3377 1926">
     <span class='ocr_line' id='line_1_47' title="bbox 2036 1848 3377 1926; baseline 0.004 -23"><span class='ocrx_word' id='word_1_286' title='bbox 2036 1848 2144 1921; x_wconf 77' lang='grc' dir='ltr'>γὰρ</span> <span class='ocrx_word' id='word_1_287' title='bbox 2172 1849 2238 1905; x_wconf 80' lang='grc' dir='ltr'>ἂν</span> <span class='ocrx_word' id='word_1_288' title='bbox 2267 1853 2581 1923; x_wconf 77' lang='grc' dir='ltr'>παραυτίκα</span> <span class='ocrx_word' id='word_1_289' title='bbox 2611 1853 2845 1925; x_wconf 68' lang='grc' dir='ltr'>κρύψῃς,</span> <span class='ocrx_word' id='word_1_290' title='bbox 2878 1852 3103 1924; x_wconf 73' lang='grc' dir='ltr'>ὕστερον</span> <span class='ocrx_word' id='word_1_291' title='bbox 3141 1853 3377 1926; x_wconf 71' lang='grc' dir='ltr'>ὀφθήσῃ.</span> 
     </span>
    </p>
   </div>
   <div class='ocr_carea' id='block_1_48' title="bbox 3509 1761 3622 1815">
    <p class='ocr_par' dir='ltr' id='par_1_48' title="bbox 3509 1761 3622 1815">
     <span class='ocr_line' id='line_1_48' title="bbox 3509 1761 3622 1815; baseline 0 -1"><span class='ocrx_word' id='word_1_292' title='bbox 3509 1761 3622 1815; x_wconf 75' lang='grc' dir='ltr'><strong>Καὶ</strong></span> 
     </span>
    </p>
   </div>
   <div class='ocr_carea' id='block_1_49' title="bbox 2106 2034 3618 2107">
    <p class='ocr_par' dir='ltr' id='par_1_49' title="bbox 2106 2034 3618 2107">
     <span class='ocr_line' id='line_1_49' title="bbox 2106 2034 3618 2107; baseline 0 -20"><span class='ocrx_word' id='word_1_293' title='bbox 2106 2034 2127 2064; x_wconf 77' lang='grc'>⁸</span> <span class='ocrx_word' id='word_1_294' title='bbox 2173 2034 2487 2105; x_wconf 82' lang='grc' dir='ltr'>Ἀνθρώπου</span> <span class='ocrx_word' id='word_1_295' title='bbox 2520 2035 2661 2098; x_wconf 75' lang='grc' dir='ltr'>τινος</span> <span class='ocrx_word' id='word_1_296' title='bbox 2719 2035 2881 2088; x_wconf 66' lang='grc' dir='ltr'>αὑτὸν</span> <span class='ocrx_word' id='word_1_297' title='bbox 2910 2035 3288 2104; x_wconf 74' lang='grc' dir='ltr'>ἀδικήσαντος,</span> <span class='ocrx_word' id='word_1_298' title='bbox 3331 2035 3425 2089; x_wconf 72' lang='grc' dir='ltr'>καὶ</span> <span class='ocrx_word' id='word_1_299' title='bbox 3460 2054 3618 2107; x_wconf 90' lang='grc' dir='ltr'>περι-</span> 
     </span>
    </p>
   </div>
   <div class='ocr_carea' id='block_1_50' title="bbox 2036 2120 3618 2204">
    <p class='ocr_par' dir='ltr' id='par_1_50' title="bbox 2036 2120 3618 2204">
     <span class='ocr_line' id='line_1_50' title="bbox 2036 2120 3618 2204; baseline 0.001 -24"><span class='ocrx_word' id='word_1_300' title='bbox 2036 2127 2332 2196; x_wconf 84' lang='grc' dir='ltr'>φεύγοντος</span> <span class='ocrx_word' id='word_1_301' title='bbox 2396 2130 2491 2182; x_wconf 71' lang='grc' dir='ltr'><strong>καὶ</strong></span> <span class='ocrx_word' id='word_1_302' title='bbox 2552 2120 2799 2200; x_wconf 75' lang='grc' dir='ltr'>ἀπαντᾷν</span> <span class='ocrx_word' id='word_1_303' title='bbox 2859 2131 3273 2199; x_wconf 82' lang='grc' dir='ltr'>αἰσχυνομένου,</span> <span class='ocrx_word' id='word_1_304' title='bbox 3338 2130 3618 2204; x_wconf 79' lang='grc' dir='ltr'>συντυχὼν</span> 
     </span>
    </p>
   </div>
   <div class='ocr_carea' id='block_1_51' title="bbox 2033 2200 3615 2294">
    <p class='ocr_par' dir='ltr' id='par_1_51' title="bbox 2033 2200 3615 2294">
     <span class='ocr_line' id='line_1_51' title="bbox 2033 2200 3615 2294; baseline 0.002 -20"><span class='ocrx_word' id='word_1_305' title='bbox 2033 2200 2181 2285; x_wconf 68' lang='grc' dir='ltr'>ἅπαξ</span> <span class='ocrx_word' id='word_1_306' title='bbox 2228 2216 2398 2273; x_wconf 74' lang='grc' dir='ltr'>εἶπενο</span> <span class='ocrx_word' id='word_1_307' title='bbox 2450 2222 2525 2275; x_wconf 85' lang='grc' dir='ltr'><strong>Οὐ</strong></span> <span class='ocrx_word' id='word_1_308' title='bbox 2558 2220 2617 2274; x_wconf 76' lang='grc' dir='ltr'>σὲ</span> <span class='ocrx_word' id='word_1_309' title='bbox 2651 2221 2756 2293; x_wconf 82' lang='grc' dir='ltr'>χρὴ</span> <span class='ocrx_word' id='word_1_310' title='bbox 2796 2223 2896 2293; x_wconf 74' lang='grc' dir='ltr'>ἐμὲ</span> <span class='ocrx_word' id='word_1_311' title='bbox 2945 2223 3189 2291; x_wconf 82' lang='grc' dir='ltr'><strong>φεύγειν,</strong></span> <span class='ocrx_word' id='word_1_312' title='bbox 3221 2222 3336 2276; x_wconf 77' lang='grc' dir='ltr'>ἀλλ’</span> <span class='ocrx_word' id='word_1_313' title='bbox 3371 2200 3477 2294; x_wconf 34' lang='grc' dir='ltr'><strong>’ἐμὲ</strong></span> <span class='ocrx_word' id='word_1_314' title='bbox 3533 2224 3615 2290; x_wconf 83' lang='grc' dir='ltr'><strong>σὲ,</strong></span> 
     </span>
    </p>
   </div>
   <div class='ocr_carea' id='block_1_52' title="bbox 2033 2310 2408 2379">
    <p class='ocr_par' dir='ltr' id='par_1_52' title="bbox 2033 2310 2408 2379">
     <span class='ocr_line' id='line_1_52' title="bbox 2033 2310 2408 2379; baseline 0.008 -15"><span class='ocrx_word' id='word_1_315' title='bbox 2033 2310 2237 2379; x_wconf 77' lang='grc' dir='ltr'>φαῦλον</span> <span class='ocrx_word' id='word_1_316' title='bbox 2259 2312 2408 2367; x_wconf 76' lang='grc' dir='ltr'>ὄντα.</span> 
     </span>
    </p>
   </div>
   <div class='ocr_carea' id='block_1_53' title="bbox 2103 2492 3617 2566">
    <p class='ocr_par' dir='ltr' id='par_1_53' title="bbox 2103 2492 3617 2566">
     <span class='ocr_line' id='line_1_53' title="bbox 2103 2492 3617 2566; baseline 0.003 -22"><span class='ocrx_word' id='word_1_317' title='bbox 2103 2492 2217 2545; x_wconf 82' lang='grc' dir='ltr'>Οὐκ</span> <span class='ocrx_word' id='word_1_318' title='bbox 2255 2492 2369 2545; x_wconf 80' lang='grc' dir='ltr'>ἔστι</span> <span class='ocrx_word' id='word_1_319' title='bbox 2399 2493 2558 2555; x_wconf 79' lang='grc' dir='ltr'>κυνὸς</span> <span class='ocrx_word' id='word_1_320' title='bbox 2582 2492 2829 2558; x_wconf 76' lang='grc' dir='ltr'><strong>ἀντάξιος</strong></span> <span class='ocrx_word' id='word_1_321' title='bbox 2860 2492 2970 2547; x_wconf 79' lang='grc' dir='ltr'>οὐδ’</span> <span class='ocrx_word' id='word_1_322' title='bbox 2997 2492 3119 2546; x_wconf 81' lang='grc' dir='ltr'>δνου</span> <span class='ocrx_word' id='word_1_323' title='bbox 3164 2494 3335 2556; x_wconf 74' lang='grc' dir='ltr'>δειλὸς</span> <span class='ocrx_word' id='word_1_324' title='bbox 3359 2495 3494 2566; x_wconf 75' lang='grc' dir='ltr'>ἀνὴρ</span> <span class='ocrx_word' id='word_1_325' title='bbox 3517 2495 3617 2549; x_wconf 78' lang='grc' dir='ltr'><strong>καὶ</strong></span> 
     </span>
    </p>
   </div>
   <div class='ocr_carea' id='block_1_54' title="bbox 2032 2582 3606 2657">
    <p class='ocr_par' dir='ltr' id='par_1_54' title="bbox 2032 2582 3606 2657">
     <span class='ocr_line' id='line_1_54' title="bbox 2032 2582 3606 2657; baseline 0.003 -20"><span class='ocrx_word' id='word_1_326' title='bbox 2032 2582 2278 2647; x_wconf 84' lang='grc' dir='ltr'>ἄναλκις,</span> <span class='ocrx_word' id='word_1_327' title='bbox 2340 2584 2443 2637; x_wconf 80' lang='grc' dir='ltr'>ὑπὸ</span> <span class='ocrx_word' id='word_1_328' title='bbox 2491 2583 2725 2639; x_wconf 78' lang='grc' dir='ltr'>πλούτου</span> <span class='ocrx_word' id='word_1_329' title='bbox 2775 2587 2869 2638; x_wconf 74' lang='grc' dir='ltr'><strong>καὶ</strong></span> <span class='ocrx_word' id='word_1_330' title='bbox 2923 2586 3197 2656; x_wconf 84' lang='grc' dir='ltr'>μαλακίας</span> <span class='ocrx_word' id='word_1_331' title='bbox 3248 2586 3606 2657; x_wconf 71' lang='grc' dir='ltr'>διερρυηκώς.</span> 
     </span>
    </p>
   </div>
   <div class='ocr_carea' id='block_1_55' title="bbox 2101 2761 3611 2839">
    <p class='ocr_par' dir='ltr' id='par_1_55' title="bbox 2101 2761 3611 2839">
     <span class='ocr_line' id='line_1_55' title="bbox 2101 2761 3611 2839; baseline 0.003 -23"><span class='ocrx_word' id='word_1_332' title='bbox 2101 2761 2289 2825; x_wconf 73' lang='grc' dir='ltr'>Οὕτως</span> <span class='ocrx_word' id='word_1_333' title='bbox 2340 2762 2439 2832; x_wconf 79' lang='grc' dir='ltr'><strong>ζῇν</strong></span> <span class='ocrx_word' id='word_1_334' title='bbox 2495 2762 2779 2834; x_wconf 79' lang='grc' dir='ltr'>προαιροῢ,</span> <span class='ocrx_word' id='word_1_335' title='bbox 2828 2763 2905 2827; x_wconf 83' lang='grc' dir='ltr'>ὡς</span> <span class='ocrx_word' id='word_1_336' title='bbox 2932 2767 3071 2839; x_wconf 77' lang='grc' dir='ltr'>μήτε</span> <span class='ocrx_word' id='word_1_337' title='bbox 3092 2765 3202 2818; x_wconf 84' lang='grc' dir='ltr'>τῶν</span> <span class='ocrx_word' id='word_1_338' title='bbox 3227 2766 3611 2839; x_wconf 71' lang='grc' dir='ltr'>δυνατωτέρων</span> 
     </span>
    </p>
   </div>
   <div class='ocr_carea' id='block_1_56' title="bbox 2032 2852 3627 2929">
    <p class='ocr_par' dir='ltr' id='par_1_56' title="bbox 2032 2852 3627 2929">
     <span class='ocr_line' id='line_1_56' title="bbox 2032 2852 3627 2929; baseline -0.017 -22"><span class='ocrx_word' id='word_1_339' title='bbox 2032 2852 2514 2923; x_wconf 81' lang='grc' dir='ltr'>καταφρονεῖσθαι,</span> <span class='ocrx_word' id='word_1_340' title='bbox 2570 2854 2711 2924; x_wconf 86' lang='grc' dir='ltr'>μήτε</span> <span class='ocrx_word' id='word_1_341' title='bbox 2755 2856 2866 2918; x_wconf 88' lang='grc' dir='ltr'>τοῖς</span> <span class='ocrx_word' id='word_1_342' title='bbox 2918 2855 3329 2925; x_wconf 75' lang='grc' dir='ltr'>ὑποδεεστέροις</span> <span class='ocrx_word' id='word_1_343' title='bbox 3386 2857 3627 2929; x_wconf 58' lang='grc' dir='ltr'>φοϐερὸς.</span> 
     </span>
    </p>
   </div>
   <div class='ocr_carea' id='block_1_57' title="bbox 2031 2941 2192 3001">
    <p class='ocr_par' dir='ltr' id='par_1_57' title="bbox 2031 2941 2192 3001">
     <span class='ocr_line' id='line_1_57' title="bbox 2031 2941 2192 3001; baseline 0.012 -3"><span class='ocrx_word' id='word_1_344' title='bbox 2031 2941 2192 3001; x_wconf 79' lang='grc' dir='ltr'>εἶναι.</span> 
     </span>
    </p>
   </div>
   <div class='ocr_carea' id='block_1_58' title="bbox 416 3015 1927 3114">
    <p class='ocr_par' dir='ltr' id='par_1_58' title="bbox 416 3015 1925 3095">
     <span class='ocr_line' id='line_1_58' title="bbox 416 3015 1925 3095; baseline 0.007 -24"><span class='ocrx_word' id='word_1_345' title='bbox 416 3016 578 3088; x_wconf 70' lang='lat'><strong>532</strong></span> <span class='ocrx_word' id='word_1_346' title='bbox 603 3015 872 3072; x_wconf 80' lang='lat' dir='ltr'><strong>Demosth.</strong></span> <span class='ocrx_word' id='word_1_347' title='bbox 893 3049 963 3058; x_wconf 93' lang='lat'>—</span> <span class='ocrx_word' id='word_1_348' title='bbox 985 3019 1465 3089; x_wconf 75' lang='lat' dir='ltr'><strong>Quemadmodum</strong></span> <span class='ocrx_word' id='word_1_349' title='bbox 1515 3024 1734 3090; x_wconf 91' lang='lat' dir='ltr'><strong>domus,</strong></span> <span class='ocrx_word' id='word_1_350' title='bbox 1770 3035 1925 3095; x_wconf 90' lang='lat' dir='ltr'><strong>puto,</strong></span> 
     </span>
    </p>
   </div>
   <div class='ocr_carea' id='block_1_59' title="bbox 2037 3015 3619 3114">
    <p class='ocr_par' dir='ltr' id='par_1_59' title="bbox 2103 3033 3619 3109">
     <span class='ocr_line' id='line_1_59' title="bbox 2103 3033 3619 3109; baseline 0.003 -20"><span class='ocrx_word' id='word_1_351' title='bbox 2103 3039 2363 3104; x_wconf 85' lang='grc' dir='ltr'>Δημοσθ.</span> <span class='ocrx_word' id='word_1_352' title='bbox 2403 3066 2475 3078; x_wconf 83' lang='lat'><strong>-</strong></span> <span class='ocrx_word' id='word_1_353' title='bbox 2496 3037 2710 3108; x_wconf 86' lang='grc' dir='ltr'>’Ὠσπερ</span> <span class='ocrx_word' id='word_1_354' title='bbox 2736 3037 2934 3103; x_wconf 89' lang='grc' dir='ltr'>οίκίας,</span> <span class='ocrx_word' id='word_1_355' title='bbox 2962 3033 3136 3109; x_wconf 80' lang='grc' dir='ltr'>οἶμαι,</span> <span class='ocrx_word' id='word_1_356' title='bbox 3174 3040 3269 3093; x_wconf 74' lang='grc' dir='ltr'>καὶ</span> <span class='ocrx_word' id='word_1_357' title='bbox 3311 3039 3499 3092; x_wconf 83' lang='grc' dir='ltr'>πλοίου</span> <span class='ocrx_word' id='word_1_358' title='bbox 3524 3038 3619 3093; x_wconf 86' lang='grc' dir='ltr'>καὶ</span> 
     </span>
    </p>
   </div>
   <div class='ocr_carea' id='block_1_60' title="bbox 344 3110 1924 3180">
    <p class='ocr_par' dir='ltr' id='par_1_60' title="bbox 344 3110 1924 3180">
     <span class='ocr_line' id='line_1_60' title="bbox 344 3110 1924 3180; baseline 0.007 -16"><span class='ocrx_word' id='word_1_359' title='bbox 344 3123 401 3166; x_wconf 87' lang='lat' dir='ltr'><strong>et</strong></span> <span class='ocrx_word' id='word_1_360' title='bbox 427 3110 635 3180; x_wconf 83' lang='lat' dir='ltr'><strong>navigii</strong></span> <span class='ocrx_word' id='word_1_361' title='bbox 664 3119 721 3165; x_wconf 92' lang='lat' dir='ltr'><strong>et</strong></span> <span class='ocrx_word' id='word_1_362' title='bbox 755 3119 1081 3167; x_wconf 67' lang='lat' dir='ltr'><strong>cancrorum</strong></span> <span class='ocrx_word' id='word_1_363' title='bbox 1130 3115 1323 3169; x_wconf 89' lang='lat' dir='ltr'><strong>talium</strong></span> <span class='ocrx_word' id='word_1_364' title='bbox 1370 3117 1532 3172; x_wconf 88' lang='lat' dir='ltr'><strong>bases</strong></span> <span class='ocrx_word' id='word_1_365' title='bbox 1581 3118 1924 3175; x_wconf 85' lang='lat' dir='ltr'><strong>ﬁrmissimas</strong></span> 
     </span>
    </p>
   </div>
   <div class='ocr_carea' id='block_1_61' title="bbox 342 3200 1925 3274">
    <p class='ocr_par' dir='ltr' id='par_1_61' title="bbox 342 3200 1925 3274">
     <span class='ocr_line' id='line_1_61' title="bbox 342 3200 1925 3274; baseline 0.006 -19"><span class='ocrx_word' id='word_1_366' title='bbox 342 3215 463 3255; x_wconf 85' lang='lat' dir='ltr'><strong>esse</strong></span> <span class='ocrx_word' id='word_1_367' title='bbox 487 3200 749 3255; x_wconf 82' lang='lat' dir='ltr'><strong>convenit</strong></span> <span class='ocrx_word' id='word_1_368' title='bbox 778 3218 792 3255; x_wconf 90' lang='lat'><strong>:</strong></span> <span class='ocrx_word' id='word_1_369' title='bbox 826 3201 906 3257; x_wconf 89' lang='lat' dir='ltr'><strong>sic</strong></span> <span class='ocrx_word' id='word_1_370' title='bbox 933 3203 1216 3257; x_wconf 90' lang='lat' dir='ltr'><strong>actionum</strong></span> <span class='ocrx_word' id='word_1_371' title='bbox 1268 3205 1577 3274; x_wconf 85' lang='lat' dir='ltr'><strong>primordia</strong></span> <span class='ocrx_word' id='word_1_372' title='bbox 1625 3218 1682 3263; x_wconf 89' lang='lat' dir='ltr'><strong>et</strong></span> <span class='ocrx_word' id='word_1_373' title='bbox 1728 3207 1925 3264; x_wconf 84' lang='lat' dir='ltr'><strong>funda-</strong></span> 
     </span>
    </p>
   </div>
   <div class='ocr_carea' id='block_1_62' title="bbox 343 3291 1339 3362">
    <p class='ocr_par' dir='ltr' id='par_1_62' title="bbox 343 3291 1339 3362">
     <span class='ocr_line' id='line_1_62' title="bbox 343 3291 1339 3362; baseline 0.004 -19"><span class='ocrx_word' id='word_1_374' title='bbox 343 3297 526 3345; x_wconf 82' lang='lat' dir='ltr'><strong>menta</strong></span> <span class='ocrx_word' id='word_1_375' title='bbox 557 3306 690 3345; x_wconf 89' lang='lat' dir='ltr'><strong>vera</strong></span> <span class='ocrx_word' id='word_1_376' title='bbox 708 3291 971 3362; x_wconf 71' lang='lat' dir='ltr'><strong>iustaque</strong></span> <span class='ocrx_word' id='word_1_377' title='bbox 1001 3308 1126 3348; x_wconf 90' lang='lat' dir='ltr'><strong>esse</strong></span> <span class='ocrx_word' id='word_1_378' title='bbox 1159 3294 1339 3349; x_wconf 84' lang='lat' dir='ltr'><strong>decet.</strong></span> 
     </span>
    </p>
   </div>
   <div class='ocr_carea' id='block_1_63' title="bbox 415 3378 1924 3453">
    <p class='ocr_par' dir='ltr' id='par_1_63' title="bbox 415 3378 1924 3453">
     <span class='ocr_line' id='line_1_63' title="bbox 415 3378 1924 3453; baseline 0.006 -18"><span class='ocrx_word' id='word_1_379' title='bbox 415 3378 691 3437; x_wconf 79' lang='lat' dir='ltr'><strong>Clitarchi.</strong></span> <span class='ocrx_word' id='word_1_380' title='bbox 716 3413 785 3422; x_wconf 95' lang='lat'><strong>—</strong></span> <span class='ocrx_word' id='word_1_381' title='bbox 806 3383 928 3437; x_wconf 89' lang='lat' dir='ltr'><strong>Non</strong></span> <span class='ocrx_word' id='word_1_382' title='bbox 966 3385 1166 3453; x_wconf 84' lang='lat' dir='ltr'><strong>quovis</strong></span> <span class='ocrx_word' id='word_1_383' title='bbox 1211 3387 1378 3440; x_wconf 91' lang='lat' dir='ltr'><strong>modo</strong></span> <span class='ocrx_word' id='word_1_384' title='bbox 1426 3386 1688 3443; x_wconf 84' lang='lat' dir='ltr'><strong>virtutem</strong></span> <span class='ocrx_word' id='word_1_385' title='bbox 1718 3388 1924 3445; x_wconf 84' lang='lat' dir='ltr'><strong>habere</strong></span> 
     </span>
    </p>
   </div>
   <div class='ocr_carea' id='block_1_64' title="bbox 256 3472 1923 3558">
    <p class='ocr_par' dir='ltr' id='par_1_64' title="bbox 256 3472 1923 3558">
     <span class='ocr_line' id='line_1_64' title="bbox 256 3472 1923 3558; baseline 0.007 -34"><span class='ocrx_word' id='word_1_386' title='bbox 256 3498 262 3504; x_wconf 82' lang='grc'><strong>·</strong></span> <span class='ocrx_word' id='word_1_387' title='bbox 340 3472 546 3526; x_wconf 84' lang='lat' dir='ltr'><strong>bonum</strong></span> <span class='ocrx_word' id='word_1_388' title='bbox 581 3473 878 3541; x_wconf 87' lang='lat' dir='ltr'><strong>existima;</strong></span> <span class='ocrx_word' id='word_1_389' title='bbox 914 3476 1012 3530; x_wconf 89' lang='lat' dir='ltr'><strong>sed</strong></span> <span class='ocrx_word' id='word_1_390' title='bbox 1045 3477 1535 3547; x_wconf 86' lang='lat' dir='ltr'><strong>quemadmodum,</strong></span> <span class='ocrx_word' id='word_1_391' title='bbox 1575 3496 1640 3558; x_wconf 89' lang='lat' dir='ltr'><strong>ac</strong></span> <span class='ocrx_word' id='word_1_392' title='bbox 1669 3495 1771 3551; x_wconf 93' lang='lat' dir='ltr'><strong>pro</strong></span> <span class='ocrx_word' id='word_1_393' title='bbox 1796 3481 1923 3551; x_wconf 90' lang='lat' dir='ltr'><strong>qui-</strong></span> 
     </span>
    </p>
   </div>
   <div class='ocr_carea' id='block_1_65' title="bbox 338 3566 1154 3626">
    <p class='ocr_par' dir='ltr' id='par_1_65' title="bbox 338 3566 1154 3626">
     <span class='ocr_line' id='line_1_65' title="bbox 338 3566 1154 3626; baseline 0.009 -7"><span class='ocrx_word' id='word_1_394' title='bbox 338 3566 443 3621; x_wconf 79' lang='lat' dir='ltr'><strong>bus</strong></span> <span class='ocrx_word' id='word_1_395' title='bbox 467 3567 629 3623; x_wconf 82' lang='lat' dir='ltr'><strong>decet</strong></span> <span class='ocrx_word' id='word_1_396' title='bbox 654 3568 746 3622; x_wconf 91' lang='lat' dir='ltr'><strong>illa</strong></span> <span class='ocrx_word' id='word_1_397' title='bbox 781 3568 978 3624; x_wconf 84' lang='lat' dir='ltr'><strong>fultum</strong></span> <span class='ocrx_word' id='word_1_398' title='bbox 1012 3586 1154 3626; x_wconf 89' lang='lat' dir='ltr'><strong>esse.</strong></span> 
     </span>
    </p>
   </div>
   <div class='ocr_carea' id='block_1_66' title="bbox 406 3658 1920 3736">
    <p class='ocr_par' dir='ltr' id='par_1_66' title="bbox 406 3658 1920 3736">
     <span class='ocr_line' id='line_1_66' title="bbox 406 3658 1920 3736; baseline 0.009 -24"><span class='ocrx_word' id='word_1_399' title='bbox 406 3658 683 3713; x_wconf 84' lang='lat' dir='ltr'><strong>Virtutem</strong></span> <span class='ocrx_word' id='word_1_400' title='bbox 715 3659 761 3711; x_wconf 90' lang='lat' dir='ltr'><strong>si</strong></span> <span class='ocrx_word' id='word_1_401' title='bbox 794 3659 987 3726; x_wconf 87' lang='lat' dir='ltr'><strong>habes,</strong></span> <span class='ocrx_word' id='word_1_402' title='bbox 1038 3663 1225 3719; x_wconf 90' lang='lat' dir='ltr'><strong>omnia</strong></span> <span class='ocrx_word' id='word_1_403' title='bbox 1259 3664 1434 3721; x_wconf 90' lang='lat' dir='ltr'><strong>habes</strong></span> <span class='ocrx_word' id='word_1_404' title='bbox 1461 3685 1473 3720; x_wconf 89' lang='lat'><strong>:</strong></span> <span class='ocrx_word' id='word_1_405' title='bbox 1500 3677 1557 3723; x_wconf 93' lang='lat' dir='ltr'><strong>at</strong></span> <span class='ocrx_word' id='word_1_406' title='bbox 1607 3669 1656 3724; x_wconf 84' lang='lat' dir='ltr'><strong>si</strong></span> <span class='ocrx_word' id='word_1_407' title='bbox 1701 3670 1920 3736; x_wconf 84' lang='lat' dir='ltr'><strong>vitium,</strong></span> 
     </span>
    </p>
   </div>
   <div class='ocr_carea' id='block_1_67' title="bbox 336 3751 966 3821">
    <p class='ocr_par' dir='ltr' id='par_1_67' title="bbox 336 3751 966 3821">
     <span class='ocr_line' id='line_1_67' title="bbox 336 3751 966 3821; baseline 0.003 -15"><span class='ocrx_word' id='word_1_408' title='bbox 336 3765 408 3806; x_wconf 88' lang='lat' dir='ltr'><strong>ne</strong></span> <span class='ocrx_word' id='word_1_409' title='bbox 437 3751 679 3820; x_wconf 86' lang='lat' dir='ltr'><strong>teipsum</strong></span> <span class='ocrx_word' id='word_1_410' title='bbox 719 3752 966 3821; x_wconf 90' lang='lat' dir='ltr'><strong>quidem.</strong></span> 
     </span>
    </p>
   </div>
   <div class='ocr_carea' id='block_1_68' title="bbox 410 3837 1925 3923">
    <p class='ocr_par' dir='ltr' id='par_1_68' title="bbox 410 3837 1925 3923">
     <span class='ocr_line' id='line_1_68' title="bbox 410 3837 1925 3923; baseline 0.011 -30"><span class='ocrx_word' id='word_1_411' title='bbox 410 3837 678 3896; x_wconf 82' lang='lat' dir='ltr'><strong>Socrates.</strong></span> <span class='ocrx_word' id='word_1_412' title='bbox 720 3842 951 3899; x_wconf 86' lang='lat' dir='ltr'><strong>—Cum</strong></span> <span class='ocrx_word' id='word_1_413' title='bbox 1005 3844 1301 3916; x_wconf 79' lang='lat' dir='ltr'><strong>quemdam</strong></span> <span class='ocrx_word' id='word_1_414' title='bbox 1348 3862 1414 3906; x_wconf 76' lang='lat' dir='ltr'><strong>ex</strong></span> <span class='ocrx_word' id='word_1_415' title='bbox 1473 3851 1765 3923; x_wconf 87' lang='lat' dir='ltr'><strong>discipulis</strong></span> <span class='ocrx_word' id='word_1_416' title='bbox 1809 3855 1925 3910; x_wconf 82' lang='lat' dir='ltr'><strong>suis</strong></span> 
     </span>
    </p>
   </div>
   <div class='ocr_carea' id='block_1_69' title="bbox 335 3933 1926 4009">
    <p class='ocr_par' dir='ltr' id='par_1_69' title="bbox 335 3933 1926 4009">
     <span class='ocr_line' id='line_1_69' title="bbox 335 3933 1926 4009; baseline 0.009 -22"><span class='ocrx_word' id='word_1_417' title='bbox 335 3933 823 4005; x_wconf 84' lang='lat' dir='ltr'><strong>animadvertisset</strong></span> <span class='ocrx_word' id='word_1_418' title='bbox 858 3937 972 4007; x_wconf 88' lang='lat' dir='ltr'><strong>agri</strong></span> <span class='ocrx_word' id='word_1_419' title='bbox 996 3939 1220 4009; x_wconf 90' lang='lat' dir='ltr'><strong>quidem</strong></span> <span class='ocrx_word' id='word_1_420' title='bbox 1249 3943 1666 4009; x_wconf 89' lang='lat' dir='ltr'><strong>studiosiorem,</strong></span> <span class='ocrx_word' id='word_1_421' title='bbox 1688 3946 1926 4001; x_wconf 89' lang='lat' dir='ltr'><strong>actionis</strong></span> 
     </span>
    </p>
   </div>
   <div class='ocr_carea' id='block_1_70' title="bbox 334 4027 1920 4104">
    <p class='ocr_par' dir='ltr' id='par_1_70' title="bbox 334 4027 1920 4104">
     <span class='ocr_line' id='line_1_70' title="bbox 334 4027 1920 4104; baseline 0.007 -24"><span class='ocrx_word' id='word_1_422' title='bbox 334 4042 471 4082; x_wconf 88' lang='lat' dir='ltr'><strong>vero</strong></span> <span class='ocrx_word' id='word_1_423' title='bbox 496 4027 864 4098; x_wconf 80' lang='lat' dir='ltr'><strong>negligentem</strong></span> <span class='ocrx_word' id='word_1_424' title='bbox 894 4046 907 4083; x_wconf 89' lang='lat'><strong>:</strong></span> <span class='ocrx_word' id='word_1_425' title='bbox 941 4030 1092 4087; x_wconf 83' lang='lat' dir='ltr'><strong>Heus</strong></span> <span class='ocrx_word' id='word_1_426' title='bbox 1122 4039 1203 4098; x_wconf 91' lang='lat' dir='ltr'><strong>tu,</strong></span> <span class='ocrx_word' id='word_1_427' title='bbox 1257 4034 1470 4104; x_wconf 91' lang='lat' dir='ltr'><strong>inquit,</strong></span> <span class='ocrx_word' id='word_1_428' title='bbox 1515 4035 1643 4091; x_wconf 87' lang='lat' dir='ltr'><strong>vide</strong></span> <span class='ocrx_word' id='word_1_429' title='bbox 1683 4053 1753 4092; x_wconf 90' lang='lat' dir='ltr'><strong>ne</strong></span> <span class='ocrx_word' id='word_1_430' title='bbox 1787 4037 1920 4091; x_wconf 89' lang='lat' dir='ltr'><strong>dum</strong></span> 
     </span>
    </p>
   </div>
   <div class='ocr_carea' id='block_1_71' title="bbox 335 4120 1925 4189">
    <p class='ocr_par' dir='ltr' id='par_1_71' title="bbox 335 4120 1925 4189">
     <span class='ocr_line' id='line_1_71' title="bbox 335 4120 1925 4189; baseline 0.009 -19"><span class='ocrx_word' id='word_1_431' title='bbox 335 4133 529 4187; x_wconf 82' lang='lat' dir='ltr'><strong>agrum</strong></span> <span class='ocrx_word' id='word_1_432' title='bbox 589 4120 841 4177; x_wconf 87' lang='lat' dir='ltr'><strong>cicurare</strong></span> <span class='ocrx_word' id='word_1_433' title='bbox 888 4123 1015 4189; x_wconf 87' lang='lat' dir='ltr'><strong>vis,</strong></span> <span class='ocrx_word' id='word_1_434' title='bbox 1080 4125 1329 4179; x_wconf 87' lang='lat' dir='ltr'><strong>animum</strong></span> <span class='ocrx_word' id='word_1_435' title='bbox 1381 4134 1538 4181; x_wconf 90' lang='lat' dir='ltr'><strong>tuum</strong></span> <span class='ocrx_word' id='word_1_436' title='bbox 1594 4128 1745 4183; x_wconf 89' lang='lat' dir='ltr'><strong>sinas</strong></span> <span class='ocrx_word' id='word_1_437' title='bbox 1792 4129 1925 4185; x_wconf 83' lang='lat' dir='ltr'><strong>ell&#39;c-</strong></span> 
     </span>
    </p>
   </div>
   <div class='ocr_carea' id='block_1_72' title="bbox 335 4208 472 4263">
    <p class='ocr_par' dir='ltr' id='par_1_72' title="bbox 335 4208 472 4263">
     <span class='ocr_line' id='line_1_72' title="bbox 335 4208 472 4263; baseline 0.007 -2"><span class='ocrx_word' id='word_1_438' title='bbox 335 4208 472 4263; x_wconf 90' lang='lat' dir='ltr'><strong>rari.</strong></span> 
     </span>
    </p>
   </div>
   <div class='ocr_carea' id='block_1_73' title="bbox 407 4301 1921 4379">
    <p class='ocr_par' dir='ltr' id='par_1_73' title="bbox 407 4301 1921 4379">
     <span class='ocr_line' id='line_1_73' title="bbox 407 4301 1921 4379; baseline 0.007 -22"><span class='ocrx_word' id='word_1_439' title='bbox 407 4301 546 4358; x_wconf 89' lang='lat' dir='ltr'><strong>Cum</strong></span> <span class='ocrx_word' id='word_1_440' title='bbox 605 4305 752 4361; x_wconf 87' lang='lat' dir='ltr'><strong>idem</strong></span> <span class='ocrx_word' id='word_1_441' title='bbox 800 4309 1169 4364; x_wconf 80' lang='lat' dir='ltr'><strong>intellexisset</strong></span> <span class='ocrx_word' id='word_1_442' title='bbox 1195 4309 1494 4379; x_wconf 89' lang='lat' dir='ltr'><strong>quemdam</strong></span> <span class='ocrx_word' id='word_1_443' title='bbox 1528 4326 1596 4364; x_wconf 78' lang='lat' dir='ltr'><strong>ex</strong></span> <span class='ocrx_word' id='word_1_444' title='bbox 1632 4310 1921 4368; x_wconf 80' lang='lat' dir='ltr'><strong>familiari-</strong></span> 
     </span>
    </p>
   </div>
   <div class='ocr_carea' id='block_1_74' title="bbox 2030 3131 3620 3205">
    <p class='ocr_par' dir='ltr' id='par_1_74' title="bbox 2030 3131 3620 3205">
     <span class='ocr_line' id='line_1_74' title="bbox 2030 3131 3620 3205; baseline 0.001 -20"><span class='ocrx_word' id='word_1_445' title='bbox 2030 3131 2138 3185; x_wconf 82' lang='grc' dir='ltr'><strong>τῶν</strong></span> <span class='ocrx_word' id='word_1_446' title='bbox 2168 3131 2344 3185; x_wconf 80' lang='grc' dir='ltr'>ἄλλων</span> <span class='ocrx_word' id='word_1_447' title='bbox 2392 3132 2500 3184; x_wconf 84' lang='grc' dir='ltr'><strong>τῶν</strong></span> <span class='ocrx_word' id='word_1_448' title='bbox 2564 3132 2844 3199; x_wconf 84' lang='grc' dir='ltr'>τοιούτων,</span> <span class='ocrx_word' id='word_1_449' title='bbox 2877 3132 2947 3186; x_wconf 80' lang='grc' dir='ltr'>τὰ</span> <span class='ocrx_word' id='word_1_450' title='bbox 2993 3132 3241 3187; x_wconf 81' lang='grc' dir='ltr'>κάτωθεν</span> <span class='ocrx_word' id='word_1_451' title='bbox 3295 3133 3620 3205; x_wconf 76' lang='grc' dir='ltr'>ἰσχυρότερα</span> 
     </span>
    </p>
   </div>
   <div class='ocr_carea' id='block_1_75' title="bbox 2025 3219 3619 3299">
    <p class='ocr_par' dir='ltr' id='par_1_75' title="bbox 2025 3219 3619 3299">
     <span class='ocr_line' id='line_1_75' title="bbox 2025 3219 3619 3299; baseline 0.002 -22"><span class='ocrx_word' id='word_1_452' title='bbox 2025 3219 2168 3277; x_wconf 74' lang='grc' dir='ltr'>εἶναι</span> <span class='ocrx_word' id='word_1_453' title='bbox 2201 3224 2318 3277; x_wconf 85' lang='grc' dir='ltr'>δεῖ·</span> <span class='ocrx_word' id='word_1_454' title='bbox 2356 3224 2500 3278; x_wconf 73' lang='grc' dir='ltr'>οὕτω</span> <span class='ocrx_word' id='word_1_455' title='bbox 2531 3224 2753 3278; x_wconf 73' lang='grc' dir='ltr'>καὶτῶν</span> <span class='ocrx_word' id='word_1_456' title='bbox 2781 3226 3034 3297; x_wconf 80' lang='grc' dir='ltr'>πράξεων</span> <span class='ocrx_word' id='word_1_457' title='bbox 3066 3226 3164 3291; x_wconf 85' lang='grc' dir='ltr'>τὰς</span> <span class='ocrx_word' id='word_1_458' title='bbox 3195 3226 3372 3298; x_wconf 77' lang='grc' dir='ltr'>ἀρχὰς</span> <span class='ocrx_word' id='word_1_459' title='bbox 3406 3226 3619 3299; x_wconf 74' lang='grc' dir='ltr'>καὶτὰς</span> 
     </span>
    </p>
   </div>
   <div class='ocr_carea' id='block_1_76' title="bbox 2027 3316 3325 3389">
    <p class='ocr_par' dir='ltr' id='par_1_76' title="bbox 2027 3316 3325 3389">
     <span class='ocr_line' id='line_1_76' title="bbox 2027 3316 3325 3389; baseline 0.005 -19"><span class='ocrx_word' id='word_1_460' title='bbox 2027 3316 2337 3380; x_wconf 82' lang='grc' dir='ltr'>ὑποθέσεις,</span> <span class='ocrx_word' id='word_1_461' title='bbox 2366 3316 2587 3389; x_wconf 79' lang='grc' dir='ltr'>ἀληθεῖς</span> <span class='ocrx_word' id='word_1_462' title='bbox 2623 3318 2716 3371; x_wconf 78' lang='grc' dir='ltr'>καὶ</span> <span class='ocrx_word' id='word_1_463' title='bbox 2746 3316 2984 3380; x_wconf 82' lang='grc' dir='ltr'>δικαίας.</span> <span class='ocrx_word' id='word_1_464' title='bbox 3314 3324 3325 3333; x_wconf 90' lang='grc'><em>’</em></span> 
     </span>
    </p>
   </div>
   <div class='ocr_carea' id='block_1_77' title="bbox 2097 3406 3618 3483">
    <p class='ocr_par' dir='ltr' id='par_1_77' title="bbox 2097 3406 3618 3483">
     <span class='ocr_line' id='line_1_77' title="bbox 2097 3406 3618 3483; baseline 0 -23"><span class='ocrx_word' id='word_1_465' title='bbox 2097 3406 2486 3476; x_wconf 73' lang='grc' dir='ltr'>Κλειτάρχου.</span> <span class='ocrx_word' id='word_1_466' title='bbox 2509 3437 2580 3447; x_wconf 89' lang='grc'><strong><em>-</em></strong></span> <span class='ocrx_word' id='word_1_467' title='bbox 2601 3407 2693 3476; x_wconf 83' lang='grc' dir='ltr'><strong>Μὴ</strong></span> <span class='ocrx_word' id='word_1_468' title='bbox 2724 3407 2782 3461; x_wconf 76' lang='grc' dir='ltr'>τὸ</span> <span class='ocrx_word' id='word_1_469' title='bbox 2814 3407 2957 3478; x_wconf 75' lang='grc' dir='ltr'>ἔχειν</span> <span class='ocrx_word' id='word_1_470' title='bbox 2982 3406 3185 3483; x_wconf 79' lang='grc' dir='ltr'>ἀρετὴν</span> <span class='ocrx_word' id='word_1_471' title='bbox 3213 3407 3379 3462; x_wconf 68' lang='grc' dir='ltr'>καλὸν</span> <span class='ocrx_word' id='word_1_472' title='bbox 3406 3406 3618 3483; x_wconf 71' lang='grc' dir='ltr'>νόμιζε,</span> 
     </span>
    </p>
   </div>
   <div class='ocr_carea' id='block_1_78' title="bbox 2026 3482 3163 3569">
    <p class='ocr_par' dir='ltr' id='par_1_78' title="bbox 2026 3482 3163 3569">
     <span class='ocr_line' id='line_1_78' title="bbox 2026 3482 3163 3569; baseline 0.001 -18"><span class='ocrx_word' id='word_1_473' title='bbox 2026 3496 2161 3551; x_wconf 78' lang='grc' dir='ltr'>ἀλλὰ</span> <span class='ocrx_word' id='word_1_474' title='bbox 2194 3498 2255 3551; x_wconf 66' lang='grc' dir='ltr'><strong>τι</strong></span> <span class='ocrx_word' id='word_1_475' title='bbox 2280 3499 2354 3562; x_wconf 86' lang='grc' dir='ltr'><strong>ὡς</strong></span> <span class='ocrx_word' id='word_1_476' title='bbox 2385 3498 2584 3551; x_wconf 76' lang='grc' dir='ltr'>δεῖκαὶ</span> <span class='ocrx_word' id='word_1_477' title='bbox 2613 3497 2753 3569; x_wconf 82' lang='grc' dir='ltr'>ὑπὲρ</span> <span class='ocrx_word' id='word_1_478' title='bbox 2781 3492 2855 3551; x_wconf 84' lang='grc' dir='ltr'>ὧν</span> <span class='ocrx_word' id='word_1_479' title='bbox 2880 3499 2980 3553; x_wconf 88' lang='grc' dir='ltr'>δεῖ.</span> <span class='ocrx_word' id='word_1_480' title='bbox 3157 3482 3163 3492; x_wconf 90' lang='grc'><em>’</em></span> 
     </span>
    </p>
   </div>
   <div class='ocr_carea' id='block_1_79' title="bbox 2110 3678 3621 3752">
    <p class='ocr_par' dir='ltr' id='par_1_79' title="bbox 2110 3678 3621 3752">
     <span class='ocr_line' id='line_1_79' title="bbox 2110 3678 3621 3752; baseline 0.001 -20"><span class='ocrx_word' id='word_1_481' title='bbox 2110 3679 2336 3752; x_wconf 78' lang='grc' dir='ltr'>Ἀρετὴν</span> <span class='ocrx_word' id='word_1_482' title='bbox 2388 3679 2487 3751; x_wconf 84' lang='grc' dir='ltr'>μὲν</span> <span class='ocrx_word' id='word_1_483' title='bbox 2528 3680 2687 3752; x_wconf 78' lang='grc' dir='ltr'>ἔχων,</span> <span class='ocrx_word' id='word_1_484' title='bbox 2740 3680 2915 3734; x_wconf 84' lang='grc' dir='ltr'>πάντα</span> <span class='ocrx_word' id='word_1_485' title='bbox 2948 3678 3120 3745; x_wconf 76' lang='grc' dir='ltr'>ἕξειςο</span> <span class='ocrx_word' id='word_1_486' title='bbox 3152 3680 3352 3734; x_wconf 88' lang='grc' dir='ltr'>κακίαν</span> <span class='ocrx_word' id='word_1_487' title='bbox 3383 3681 3462 3746; x_wconf 79' lang='grc' dir='ltr'><strong>δὲ,</strong></span> <span class='ocrx_word' id='word_1_488' title='bbox 3500 3680 3621 3733; x_wconf 75' lang='grc' dir='ltr'>οὐδὲ</span> 
     </span>
    </p>
   </div>
   <div class='ocr_carea' id='block_1_80' title="bbox 2027 3772 2277 3828">
    <p class='ocr_par' dir='ltr' id='par_1_80' title="bbox 2027 3772 2277 3828">
     <span class='ocr_line' id='line_1_80' title="bbox 2027 3772 2277 3828; baseline 0.012 -3"><span class='ocrx_word' id='word_1_489' title='bbox 2027 3772 2277 3828; x_wconf 82' lang='grc' dir='ltr'>σεαυτόν.</span> 
     </span>
    </p>
   </div>
   <div class='ocr_carea' id='block_1_81' title="bbox 2094 3865 3621 3939">
    <p class='ocr_par' dir='ltr' id='par_1_81' title="bbox 2094 3865 3621 3939">
     <span class='ocr_line' id='line_1_81' title="bbox 2094 3865 3621 3939; baseline 0.001 -20"><span class='ocrx_word' id='word_1_490' title='bbox 2094 3865 2438 3934; x_wconf 82' lang='grc' dir='ltr'>Σωκράτης.</span> <span class='ocrx_word' id='word_1_491' title='bbox 2485 3899 2553 3908; x_wconf 89' lang='grc'><strong><em>-</em></strong></span> <span class='ocrx_word' id='word_1_492' title='bbox 2600 3867 2949 3936; x_wconf 78' lang='grc' dir='ltr'>Θεασάμενός</span> <span class='ocrx_word' id='word_1_493' title='bbox 2996 3886 3118 3921; x_wconf 86' lang='grc' dir='ltr'>τινα</span> <span class='ocrx_word' id='word_1_494' title='bbox 3188 3868 3302 3920; x_wconf 84' lang='grc' dir='ltr'><strong>τῶν</strong></span> <span class='ocrx_word' id='word_1_495' title='bbox 3355 3867 3621 3939; x_wconf 76' lang='grc' dir='ltr'>μαθητῶν</span> 
     </span>
    </p>
   </div>
   <div class='ocr_carea' id='block_1_82' title="bbox 2025 3956 3621 4031">
    <p class='ocr_par' dir='ltr' id='par_1_82' title="bbox 2025 3956 3621 4031">
     <span class='ocr_line' id='line_1_82' title="bbox 2025 3956 3621 4031; baseline 0.001 -20"><span class='ocrx_word' id='word_1_496' title='bbox 2025 3957 2213 4020; x_wconf 80' lang='grc' dir='ltr'>αὑτοῦ,</span> <span class='ocrx_word' id='word_1_497' title='bbox 2253 3956 2348 4010; x_wconf 82' lang='grc' dir='ltr'>τοῦ</span> <span class='ocrx_word' id='word_1_498' title='bbox 2391 3958 2488 4028; x_wconf 82' lang='grc' dir='ltr'>μὲν</span> <span class='ocrx_word' id='word_1_499' title='bbox 2537 3957 2709 4029; x_wconf 76' lang='grc' dir='ltr'>ἀγροῦ</span> <span class='ocrx_word' id='word_1_500' title='bbox 2757 3957 3207 4029; x_wconf 82' lang='grc' dir='ltr'>ἐπιμελούμενον,</span> <span class='ocrx_word' id='word_1_501' title='bbox 3231 3959 3332 4028; x_wconf 81' lang='grc' dir='ltr'>τῆς</span> <span class='ocrx_word' id='word_1_502' title='bbox 3362 3959 3621 4031; x_wconf 77' lang='grc' dir='ltr'>πράξεως</span> 
     </span>
    </p>
   </div>
   <div class='ocr_carea' id='block_1_83' title="bbox 2024 4042 3621 4129">
    <p class='ocr_par' dir='ltr' id='par_1_83' title="bbox 2024 4042 3621 4129">
     <span class='ocr_line' id='line_1_83' title="bbox 2024 4042 3621 4129; baseline 0.001 -27"><span class='ocrx_word' id='word_1_503' title='bbox 2024 4048 2080 4102; x_wconf 86' lang='grc' dir='ltr'>δὲ</span> <span class='ocrx_word' id='word_1_504' title='bbox 2131 4048 2456 4118; x_wconf 62' lang='grc' dir='ltr'>ἀμελοῦντω</span> <span class='ocrx_word' id='word_1_505' title='bbox 2520 4050 2679 4119; x_wconf 87' lang='grc' dir='ltr'>Ὅρα,</span> <span class='ocrx_word' id='word_1_506' title='bbox 2731 4042 2775 4101; x_wconf 84' lang='grc' dir='ltr'><strong>ὦ</strong></span> <span class='ocrx_word' id='word_1_507' title='bbox 2817 4044 2991 4111; x_wconf 74' lang='grc' dir='ltr'>οὗτος,</span> <span class='ocrx_word' id='word_1_508' title='bbox 3032 4050 3159 4120; x_wconf 80' lang='grc' dir='ltr'><strong>ἔφη,</strong></span> <span class='ocrx_word' id='word_1_509' title='bbox 3201 4050 3275 4120; x_wconf 77' lang='grc' dir='ltr'>μὴ</span> <span class='ocrx_word' id='word_1_510' title='bbox 3311 4051 3417 4129; x_wconf 44' lang='grc' dir='ltr'><strong>ριν</strong></span> <span class='ocrx_word' id='word_1_511' title='bbox 3446 4049 3621 4123; x_wconf 73' lang='grc' dir='ltr'>ἀγρὸν</span> 
     </span>
    </p>
   </div>
   <div class='ocr_carea' id='block_1_84' title="bbox 2024 4127 3399 4216">
    <p class='ocr_par' dir='ltr' id='par_1_84' title="bbox 2024 4127 3399 4216">
     <span class='ocr_line' id='line_1_84' title="bbox 2024 4127 3399 4216; baseline 0.001 -19"><span class='ocrx_word' id='word_1_512' title='bbox 2024 4143 2375 4215; x_wconf 78' lang='grc' dir='ltr'>ἐξημερῶσαι</span> <span class='ocrx_word' id='word_1_513' title='bbox 2402 4143 2743 4216; x_wconf 80' lang='grc' dir='ltr'>βουλόμενος,</span> <span class='ocrx_word' id='word_1_514' title='bbox 2774 4143 2871 4215; x_wconf 78' lang='grc' dir='ltr'>τὴν</span> <span class='ocrx_word' id='word_1_515' title='bbox 2893 4143 3071 4216; x_wconf 74' lang='grc' dir='ltr'>ψυχὴν</span> <span class='ocrx_word' id='word_1_516' title='bbox 3099 4127 3399 4216; x_wconf 62' lang='grc' dir='ltr'>ἀγριὼσῂς,</span> 
     </span>
    </p>
   </div>
   <div class='ocr_carea' id='block_1_85' title="bbox 2099 4315 3619 4388">
    <p class='ocr_par' dir='ltr' id='par_1_85' title="bbox 2099 4315 3619 4388">
     <span class='ocr_line' id='line_1_85' title="bbox 2099 4315 3619 4388; baseline -0.003 -15"><span class='ocrx_word' id='word_1_517' title='bbox 2099 4317 2452 4388; x_wconf 87' lang='grc' dir='ltr'>Καταμαθὼν</span> <span class='ocrx_word' id='word_1_518' title='bbox 2489 4317 2545 4370; x_wconf 83' lang='grc' dir='ltr'><em>δέ</em></span> <span class='ocrx_word' id='word_1_519' title='bbox 2600 4335 2720 4372; x_wconf 87' lang='grc' dir='ltr'>τινα</span> <span class='ocrx_word' id='word_1_520' title='bbox 2765 4317 2872 4369; x_wconf 86' lang='grc' dir='ltr'>τῶν</span> <span class='ocrx_word' id='word_1_521' title='bbox 2900 4316 3195 4388; x_wconf 89' lang='grc' dir='ltr'>γνωρίμων</span> <span class='ocrx_word' id='word_1_522' title='bbox 3239 4315 3619 4370; x_wconf 80' lang='grc' dir='ltr'>ἐσπουδακότα</span> 
     </span>
    </p>
   </div>
   <div class='ocr_carea' id='block_1_86' title="bbox 331 4388 1927 4480">
    <p class='ocr_par' dir='ltr' id='par_1_86' title="bbox 331 4388 1916 4472">
     <span class='ocr_line' id='line_1_86' title="bbox 331 4388 1916 4472; baseline 0.007 -23"><span class='ocrx_word' id='word_1_523' title='bbox 331 4393 457 4457; x_wconf 87' lang='lat' dir='ltr'><strong>bus,</strong></span> <span class='ocrx_word' id='word_1_524' title='bbox 485 4396 677 4453; x_wconf 86' lang='lat' dir='ltr'><strong>sedulo</strong></span> <span class='ocrx_word' id='word_1_525' title='bbox 707 4388 1009 4453; x_wconf 86' lang='lat' dir='ltr'><strong>admodum</strong></span> <span class='ocrx_word' id='word_1_526' title='bbox 1063 4398 1430 4470; x_wconf 86' lang='lat' dir='ltr'><strong>cllingendam</strong></span> <span class='ocrx_word' id='word_1_527' title='bbox 1489 4401 1783 4472; x_wconf 87' lang='lat' dir='ltr'><strong>imaginem</strong></span> <span class='ocrx_word' id='word_1_528' title='bbox 1813 4406 1916 4460; x_wconf 91' lang='lat' dir='ltr'><strong>sibi</strong></span> 
     </span>
    </p>
   </div>
   <div class='ocr_carea' id='block_1_87' title="bbox 2037 4388 3615 4480">
    <p class='ocr_par' dir='ltr' id='par_1_87' title="bbox 2037 4406 3615 4480">
     <span class='ocr_line' id='line_1_87' title="bbox 2037 4406 3615 4480; baseline -0.001 -17"><span class='ocrx_word' id='word_1_529' title='bbox 2037 4411 2171 4472; x_wconf 68' lang='lat' dir='ltr'><strong>ium;</strong></span> <span class='ocrx_word' id='word_1_530' title='bbox 2210 4408 2412 4478; x_wconf 80' lang='grc' dir='ltr'>αὐτῷή</span> <span class='ocrx_word' id='word_1_531' title='bbox 2444 4406 2607 4461; x_wconf 79' lang='grc' dir='ltr'>εἰκὼν</span> <span class='ocrx_word' id='word_1_532' title='bbox 2632 4408 2789 4478; x_wconf 86' lang='grc' dir='ltr'>ὁμοία</span> <span class='ocrx_word' id='word_1_533' title='bbox 2810 4408 3059 4479; x_wconf 75' lang='grc' dir='ltr'>γένηται,</span> <span class='ocrx_word' id='word_1_534' title='bbox 3109 4410 3246 4480; x_wconf 76' lang='grc' dir='ltr'>πρὸς</span> <span class='ocrx_word' id='word_1_535' title='bbox 3267 4410 3433 4462; x_wconf 77' lang='grc' dir='ltr'>αὑτὸν</span> <span class='ocrx_word' id='word_1_536' title='bbox 3469 4410 3615 4471; x_wconf 83' lang='grc' dir='ltr'>εἶπε,</span> 
     </span>
    </p>
   </div>
   <div class='ocr_carea' id='block_1_88' title="bbox 334 4486 1917 4566">
    <p class='ocr_par' dir='ltr' id='par_1_88' title="bbox 334 4486 1917 4566">
     <span class='ocr_line' id='line_1_88' title="bbox 334 4486 1917 4566; baseline 0.006 -27"><span class='ocrx_word' id='word_1_537' title='bbox 334 4486 572 4542; x_wconf 87' lang='lat' dir='ltr'><strong>similem</strong></span> <span class='ocrx_word' id='word_1_538' title='bbox 598 4503 815 4554; x_wconf 87' lang='lat' dir='ltr'><strong>curare,</strong></span> <span class='ocrx_word' id='word_1_539' title='bbox 876 4490 1113 4546; x_wconf 89' lang='lat' dir='ltr'><strong>actionis</strong></span> <span class='ocrx_word' id='word_1_540' title='bbox 1165 4507 1300 4545; x_wconf 90' lang='lat' dir='ltr'><strong>vero</strong></span> <span class='ocrx_word' id='word_1_541' title='bbox 1349 4493 1559 4547; x_wconf 91' lang='lat' dir='ltr'><strong>cultum</strong></span> <span class='ocrx_word' id='word_1_542' title='bbox 1594 4496 1917 4566; x_wconf 82' lang='lat' dir='ltr'><strong>negligere:</strong></span> 
     </span>
    </p>
   </div>
   <div class='ocr_carea' id='block_1_89' title="bbox 333 4575 1921 4656">
    <p class='ocr_par' dir='ltr' id='par_1_89' title="bbox 333 4575 1921 4656">
     <span class='ocr_line' id='line_1_89' title="bbox 333 4575 1921 4656; baseline 0.006 -25"><span class='ocrx_word' id='word_1_543' title='bbox 333 4575 440 4641; x_wconf 91' lang='lat' dir='ltr'><strong>Tu,</strong></span> <span class='ocrx_word' id='word_1_544' title='bbox 479 4578 679 4649; x_wconf 88' lang='lat' dir='ltr'><strong>inquit,</strong></span> <span class='ocrx_word' id='word_1_545' title='bbox 710 4581 891 4652; x_wconf 89' lang='lat' dir='ltr'><strong>el&#39;lingi</strong></span> <span class='ocrx_word' id='word_1_546' title='bbox 925 4582 1026 4636; x_wconf 89' lang='lat' dir='ltr'><strong>tibi</strong></span> <span class='ocrx_word' id='word_1_547' title='bbox 1072 4581 1314 4652; x_wconf 89' lang='lat' dir='ltr'><strong>lapidem</strong></span> <span class='ocrx_word' id='word_1_548' title='bbox 1350 4583 1588 4640; x_wconf 88' lang='lat' dir='ltr'><strong>similem</strong></span> <span class='ocrx_word' id='word_1_549' title='bbox 1622 4585 1921 4656; x_wconf 82' lang='lat' dir='ltr'><strong>diligenter</strong></span> 
     </span>
    </p>
   </div>
   <div class='ocr_carea' id='block_1_90' title="bbox 334 4669 1921 4747">
    <p class='ocr_par' dir='ltr' id='par_1_90' title="bbox 334 4669 1921 4747">
     <span class='ocr_line' id='line_1_90' title="bbox 334 4669 1921 4747; baseline 0.008 -26"><span class='ocrx_word' id='word_1_550' title='bbox 334 4670 565 4735; x_wconf 63' lang='lat' dir='ltr'><strong>curaui.</strong></span> <span class='ocrx_word' id='word_1_551' title='bbox 597 4688 701 4727; x_wconf 90' lang='lat' dir='ltr'><strong>nec</strong></span> <span class='ocrx_word' id='word_1_552' title='bbox 731 4675 840 4729; x_wconf 91' lang='lat' dir='ltr'><strong>ulla</strong></span> <span class='ocrx_word' id='word_1_553' title='bbox 878 4674 977 4729; x_wconf 91' lang='lat' dir='ltr'><strong>tibi</strong></span> <span class='ocrx_word' id='word_1_554' title='bbox 1006 4676 1151 4731; x_wconf 87' lang='lat' dir='ltr'><strong>ratio</strong></span> <span class='ocrx_word' id='word_1_555' title='bbox 1173 4683 1280 4742; x_wconf 87' lang='lat' dir='ltr'><strong>est,</strong></span> <span class='ocrx_word' id='word_1_556' title='bbox 1309 4692 1380 4731; x_wconf 87' lang='lat' dir='ltr'><strong>ne</strong></span> <span class='ocrx_word' id='word_1_557' title='bbox 1408 4678 1527 4747; x_wconf 89' lang='lat' dir='ltr'><strong>ipse</strong></span> <span class='ocrx_word' id='word_1_558' title='bbox 1564 4678 1736 4744; x_wconf 89' lang='lat' dir='ltr'><strong>lapidi</strong></span> <span class='ocrx_word' id='word_1_559' title='bbox 1768 4669 1921 4734; x_wconf 85' lang='lat' dir='ltr'><strong>simi-</strong></span> 
     </span>
    </p>
   </div>
   <div class='ocr_carea' id='block_1_91' title="bbox 331 4761 721 4818">
    <p class='ocr_par' dir='ltr' id='par_1_91' title="bbox 331 4761 721 4818">
     <span class='ocr_line' id='line_1_91' title="bbox 331 4761 721 4818; baseline 0.003 -1"><span class='ocrx_word' id='word_1_560' title='bbox 331 4761 403 4817; x_wconf 88' lang='lat' dir='ltr'><strong>lis</strong></span> <span class='ocrx_word' id='word_1_561' title='bbox 441 4762 721 4818; x_wconf 76' lang='lat' dir='ltr'><strong>cﬂiciaris.</strong></span> 
     </span>
    </p>
   </div>
   <div class='ocr_carea' id='block_1_92' title="bbox 402 4853 1922 4931">
    <p class='ocr_par' dir='ltr' id='par_1_92' title="bbox 402 4853 1922 4931">
     <span class='ocr_line' id='line_1_92' title="bbox 402 4853 1922 4931; baseline 0.007 -25"><span class='ocrx_word' id='word_1_562' title='bbox 402 4853 962 4913; x_wconf 74' lang='grc' dir='ltr'>Πειηοηασε.-τῐιιοε</span> <span class='ocrx_word' id='word_1_563' title='bbox 1010 4858 1235 4928; x_wconf 86' lang='lat' dir='ltr'><strong>probris</strong></span> <span class='ocrx_word' id='word_1_564' title='bbox 1285 4858 1746 4931; x_wconf 88' lang='lat' dir='ltr'><strong>incessebat,&#39;qui</strong></span> <span class='ocrx_word' id='word_1_565' title='bbox 1799 4879 1922 4917; x_wconf 91' lang='lat' dir='ltr'><strong>cor-</strong></span> 
     </span>
    </p>
   </div>
   <div class='ocr_carea' id='block_1_93' title="bbox 334 4949 1919 5023">
    <p class='ocr_par' dir='ltr' id='par_1_93' title="bbox 334 4949 1919 5023">
     <span class='ocr_line' id='line_1_93' title="bbox 334 4949 1919 5023; baseline 0.005 -24"><span class='ocrx_word' id='word_1_566' title='bbox 334 4960 533 5012; x_wconf 89' lang='lat' dir='ltr'><strong>porum</strong></span> <span class='ocrx_word' id='word_1_567' title='bbox 584 4961 771 5000; x_wconf 91' lang='lat' dir='ltr'><strong>curam</strong></span> <span class='ocrx_word' id='word_1_568' title='bbox 831 4957 1077 5017; x_wconf 84' lang='lat' dir='ltr'><strong>agentes,</strong></span> <span class='ocrx_word' id='word_1_569' title='bbox 1132 4949 1235 5019; x_wconf 90' lang='lat' dir='ltr'><strong>ipsi</strong></span> <span class='ocrx_word' id='word_1_570' title='bbox 1286 4950 1500 5020; x_wconf 87' lang='lat' dir='ltr'><strong>seipsos</strong></span> <span class='ocrx_word' id='word_1_571' title='bbox 1536 4952 1919 5023; x_wconf 82' lang='lat' dir='ltr'><strong>negligerent;</strong></span> 
     </span>
    </p>
   </div>
   <div class='ocr_carea' id='block_1_94' title="bbox 332 5037 1920 5111">
    <p class='ocr_par' dir='ltr' id='par_1_94' title="bbox 332 5037 1920 5111">
     <span class='ocr_line' id='line_1_94' title="bbox 332 5037 1920 5111; baseline 0.006 -23"><span class='ocrx_word' id='word_1_572' title='bbox 332 5037 539 5106; x_wconf 87' lang='lat' dir='ltr'><strong>quippe</strong></span> <span class='ocrx_word' id='word_1_573' title='bbox 595 5040 691 5108; x_wconf 90' lang='lat' dir='ltr'><strong>qui</strong></span> <span class='ocrx_word' id='word_1_574' title='bbox 753 5039 1014 5094; x_wconf 91' lang='lat' dir='ltr'><strong>domibus</strong></span> <span class='ocrx_word' id='word_1_575' title='bbox 1057 5040 1405 5111; x_wconf 83' lang='lat' dir='ltr'><strong>diligentiam</strong></span> <span class='ocrx_word' id='word_1_576' title='bbox 1457 5042 1719 5109; x_wconf 88' lang='lat' dir='ltr'><strong>habeant,</strong></span> <span class='ocrx_word' id='word_1_577' title='bbox 1750 5045 1920 5098; x_wconf 84' lang='lat' dir='ltr'><strong>nihil-</strong></span> 
     </span>
    </p>
   </div>
   <div class='ocr_carea' id='block_1_95' title="bbox 332 5125 1413 5199">
    <p class='ocr_par' dir='ltr' id='par_1_95' title="bbox 332 5125 1413 5199">
     <span class='ocr_line' id='line_1_95' title="bbox 332 5125 1413 5199; baseline 0.008 -22"><span class='ocrx_word' id='word_1_578' title='bbox 332 5140 440 5193; x_wconf 90' lang='lat' dir='ltr'><strong>que</strong></span> <span class='ocrx_word' id='word_1_579' title='bbox 469 5125 792 5183; x_wconf 90' lang='lat' dir='ltr'><strong>domesticis</strong></span> <span class='ocrx_word' id='word_1_580' title='bbox 825 5145 975 5184; x_wconf 70' lang='lat' dir='ltr'><strong>curee</strong></span> <span class='ocrx_word' id='word_1_581' title='bbox 1005 5131 1349 5199; x_wconf 87' lang='lat' dir='ltr'><strong>impendant.</strong></span> <span class='ocrx_word' id='word_1_582' title='bbox 1410 5148 1413 5149; x_wconf 68' lang='lat'><strong><em>&#39;</em></strong></span> 
     </span>
    </p>
   </div>
   <div class='ocr_carea' id='block_1_96' title="bbox 408 5215 1926 5294">
    <p class='ocr_par' dir='ltr' id='par_1_96' title="bbox 408 5215 1926 5294">
     <span class='ocr_line' id='line_1_96' title="bbox 408 5215 1926 5294; baseline 0.007 -26"><span class='ocrx_word' id='word_1_583' title='bbox 408 5215 691 5272; x_wconf 84' lang='lat' dir='ltr'><strong>Democrit.</strong></span> <span class='ocrx_word' id='word_1_584' title='bbox 716 5250 786 5258; x_wconf 90' lang='lat'><strong><em>—</em></strong></span> <span class='ocrx_word' id='word_1_585' title='bbox 809 5219 1012 5276; x_wconf 86' lang='lat' dir='ltr'><strong>Lineas</strong></span> <span class='ocrx_word' id='word_1_586' title='bbox 1051 5223 1322 5277; x_wconf 90' lang='lat' dir='ltr'><strong>certiores</strong></span> <span class='ocrx_word' id='word_1_587' title='bbox 1384 5239 1504 5278; x_wconf 88' lang='lat' dir='ltr'><strong>esse</strong></span> <span class='ocrx_word' id='word_1_588' title='bbox 1538 5232 1797 5294; x_wconf 90' lang='lat' dir='ltr'><strong>oportet;</strong></span> <span class='ocrx_word' id='word_1_589' title='bbox 1835 5241 1926 5278; x_wconf 88' lang='lat' dir='ltr'><strong>ac-</strong></span> 
     </span>
    </p>
   </div>
   <div class='ocr_carea' id='block_1_97' title="bbox 338 5305 1015 5380">
    <p class='ocr_par' dir='ltr' id='par_1_97' title="bbox 338 5305 1015 5380">
     <span class='ocr_line' id='line_1_97' title="bbox 338 5305 1015 5380; baseline 0.019 -24"><span class='ocrx_word' id='word_1_590' title='bbox 338 5305 517 5363; x_wconf 87' lang='lat' dir='ltr'><strong>tiones</strong></span> <span class='ocrx_word' id='word_1_591' title='bbox 544 5312 1015 5380; x_wconf 79' lang='lat' dir='ltr'><strong>praeclarissimas.</strong></span> 
     </span>
    </p>
   </div>
   <div class='ocr_carea' id='block_1_98' title="bbox 408 5418 1286 5483">
    <p class='ocr_par' dir='ltr' id='par_1_98' title="bbox 408 5418 1286 5483">
     <span class='ocr_line' id='line_1_98' title="bbox 408 5418 1286 5483; baseline 0.011 -11"><span class='ocrx_word' id='word_1_592' title='bbox 408 5418 428 5449; x_wconf 85' lang='grc'>¹</span> <span class='ocrx_word' id='word_1_593' title='bbox 455 5419 617 5476; x_wconf 82' lang='lat' dir='ltr'><strong>Forte</strong></span> <span class='ocrx_word' id='word_1_594' title='bbox 653 5424 894 5481; x_wconf 87' lang='lat' dir='ltr'><strong>Socratis</strong></span> <span class='ocrx_word' id='word_1_595' title='bbox 919 5427 1023 5481; x_wconf 87' lang='lat' dir='ltr'><strong>hoc</strong></span> <span class='ocrx_word' id='word_1_596' title='bbox 1056 5428 1286 5483; x_wconf 85' lang='lat' dir='ltr'><strong>dictum.</strong></span> 
     </span>
    </p>
   </div>
   <div class='ocr_carea' id='block_1_99' title="bbox 2029 4501 3613 4573">
    <p class='ocr_par' dir='ltr' id='par_1_99' title="bbox 2029 4501 3613 4573">
     <span class='ocr_line' id='line_1_99' title="bbox 2029 4501 3613 4573; baseline -0.001 -17"><span class='ocrx_word' id='word_1_597' title='bbox 2029 4503 2101 4556; x_wconf 78' lang='grc' dir='ltr'><strong>Σὺ</strong></span> <span class='ocrx_word' id='word_1_598' title='bbox 2128 4505 2277 4567; x_wconf 84' lang='grc' dir='ltr'>ὅπως</span> <span class='ocrx_word' id='word_1_599' title='bbox 2313 4504 2414 4573; x_wconf 79' lang='grc' dir='ltr'><strong>μέν</strong></span> <span class='ocrx_word' id='word_1_600' title='bbox 2450 4519 2532 4555; x_wconf 89' lang='grc' dir='ltr'>σοι</span> <span class='ocrx_word' id='word_1_601' title='bbox 2562 4501 2590 4552; x_wconf 88' lang='grc' dir='ltr'><strong>ὁ</strong></span> <span class='ocrx_word' id='word_1_602' title='bbox 2615 4501 2764 4564; x_wconf 78' lang='grc' dir='ltr'>λίθος</span> <span class='ocrx_word' id='word_1_603' title='bbox 2788 4502 2974 4571; x_wconf 83' lang='grc' dir='ltr'>ὅμοιος</span> <span class='ocrx_word' id='word_1_604' title='bbox 3002 4501 3227 4570; x_wconf 74' lang='grc' dir='ltr'>γένηται</span> <span class='ocrx_word' id='word_1_605' title='bbox 3248 4502 3613 4566; x_wconf 74' lang='grc' dir='ltr'>ἐσπούδακας·</span> 
     </span>
    </p>
   </div>
   <div class='ocr_carea' id='block_1_100' title="bbox 2026 4591 3613 4667">
    <p class='ocr_par' dir='ltr' id='par_1_100' title="bbox 2026 4591 3613 4667">
     <span class='ocr_line' id='line_1_100' title="bbox 2026 4591 3613 4667; baseline 0 -19"><span class='ocrx_word' id='word_1_606' title='bbox 2026 4595 2175 4659; x_wconf 82' lang='grc' dir='ltr'>ὅπως</span> <span class='ocrx_word' id='word_1_607' title='bbox 2218 4594 2276 4648; x_wconf 88' lang='grc' dir='ltr'>δὲ</span> <span class='ocrx_word' id='word_1_608' title='bbox 2310 4594 2385 4667; x_wconf 81' lang='grc' dir='ltr'>μὴ</span> <span class='ocrx_word' id='word_1_609' title='bbox 2415 4594 2578 4658; x_wconf 79' lang='grc' dir='ltr'>αὐτὸς</span> <span class='ocrx_word' id='word_1_610' title='bbox 2630 4592 2763 4661; x_wconf 84' lang='grc' dir='ltr'>λίθῳ</span> <span class='ocrx_word' id='word_1_611' title='bbox 2792 4593 2979 4662; x_wconf 85' lang='grc' dir='ltr'>ὅμοιος</span> <span class='ocrx_word' id='word_1_612' title='bbox 3005 4591 3160 4663; x_wconf 82' lang='grc' dir='ltr'>γένῃ,</span> <span class='ocrx_word' id='word_1_613' title='bbox 3188 4591 3248 4645; x_wconf 83' lang='grc' dir='ltr'>οὐ</span> <span class='ocrx_word' id='word_1_614' title='bbox 3277 4593 3613 4663; x_wconf 75' lang='grc' dir='ltr'>φροντίζεις.</span> 
     </span>
    </p>
   </div>
   <div class='ocr_carea' id='block_1_101' title="bbox 2101 4858 3619 4934">
    <p class='ocr_par' dir='ltr' id='par_1_101' title="bbox 2101 4858 3619 4934">
     <span class='ocr_line' id='line_1_101' title="bbox 2101 4858 3619 4934; baseline -0.003 -17"><span class='ocrx_word' id='word_1_615' title='bbox 2101 4864 2444 4934; x_wconf 73' lang='grc' dir='ltr'>Δημώνακτ.</span> <span class='ocrx_word' id='word_1_616' title='bbox 2477 4894 2545 4905; x_wconf 91' lang='grc'><strong><em>-</em></strong></span> <span class='ocrx_word' id='word_1_617' title='bbox 2574 4860 2713 4924; x_wconf 74' lang='grc' dir='ltr'>Τοὺς</span> <span class='ocrx_word' id='word_1_618' title='bbox 2757 4859 2864 4913; x_wconf 86' lang='grc' dir='ltr'><strong>τῶν</strong></span> <span class='ocrx_word' id='word_1_619' title='bbox 2924 4858 3192 4928; x_wconf 71' lang='grc' dir='ltr'>σωμάτων</span> <span class='ocrx_word' id='word_1_620' title='bbox 3223 4859 3619 4931; x_wconf 77' lang='grc' dir='ltr'>’ἐπιμελουμέ-</span> 
     </span>
    </p>
   </div>
   <div class='ocr_carea' id='block_1_102' title="bbox 2028 4950 3621 5025">
    <p class='ocr_par' dir='ltr' id='par_1_102' title="bbox 2028 4950 3621 5025">
     <span class='ocr_line' id='line_1_102' title="bbox 2028 4950 3621 5025; baseline -0.003 -13"><span class='ocrx_word' id='word_1_621' title='bbox 2028 4978 2172 5024; x_wconf 90' lang='grc' dir='ltr'>νους,</span> <span class='ocrx_word' id='word_1_622' title='bbox 2226 4957 2436 5011; x_wconf 78' lang='grc' dir='ltr'>ἑαυτῶν</span> <span class='ocrx_word' id='word_1_623' title='bbox 2462 4956 2518 5009; x_wconf 85' lang='grc' dir='ltr'><strong>δὲ</strong></span> <span class='ocrx_word' id='word_1_624' title='bbox 2549 4952 2889 5025; x_wconf 81' lang='grc' dir='ltr'>ἀμελοῦντας</span> <span class='ocrx_word' id='word_1_625' title='bbox 2918 4951 3212 5014; x_wconf 72' lang='grc' dir='ltr'>ὠνείδιζεν,</span> <span class='ocrx_word' id='word_1_626' title='bbox 3257 4950 3331 5014; x_wconf 84' lang='grc' dir='ltr'>ὡς</span> <span class='ocrx_word' id='word_1_627' title='bbox 3361 4952 3475 5005; x_wconf 82' lang='grc' dir='ltr'><strong>τῶν</strong></span> <span class='ocrx_word' id='word_1_628' title='bbox 3520 4955 3621 5023; x_wconf 80' lang='grc' dir='ltr'><strong>μὲν</strong></span> 
     </span>
    </p>
   </div>
   <div class='ocr_carea' id='block_1_103' title="bbox 2020 5042 3616 5120">
    <p class='ocr_par' dir='ltr' id='par_1_103' title="bbox 2020 5042 3616 5120">
     <span class='ocr_line' id='line_1_103' title="bbox 2020 5042 3616 5120; baseline -0.004 -16"><span class='ocrx_word' id='word_1_629' title='bbox 2020 5051 2187 5105; x_wconf 67' lang='grc' dir='ltr'>οἴκων</span> <span class='ocrx_word' id='word_1_630' title='bbox 2242 5047 2723 5120; x_wconf 75' lang='grc' dir='ltr'>ἐπιμελουμένους,</span> <span class='ocrx_word' id='word_1_631' title='bbox 2750 5044 2859 5097; x_wconf 84' lang='grc' dir='ltr'><strong>τῶν</strong></span> <span class='ocrx_word' id='word_1_632' title='bbox 2891 5044 2947 5097; x_wconf 84' lang='grc' dir='ltr'>δὲ</span> <span class='ocrx_word' id='word_1_633' title='bbox 2979 5043 3203 5095; x_wconf 64' lang='grc' dir='ltr'>ἐνοίκων</span> <span class='ocrx_word' id='word_1_634' title='bbox 3248 5042 3616 5110; x_wconf 80' lang='grc' dir='ltr'>ἀμελοῦντας.</span> 
     </span>
    </p>
   </div>
   <div class='ocr_carea' id='block_1_104' title="bbox 2092 5196 3619 5298">
    <p class='ocr_par' dir='ltr' id='par_1_104' title="bbox 2092 5196 3619 5298">
     <span class='ocr_line' id='line_1_104' title="bbox 2092 5196 3619 5298; baseline 0.006 -16"><span class='ocrx_word' id='word_1_635' title='bbox 2092 5230 2406 5298; x_wconf 71' lang='grc' dir='ltr'>Δημόκρίτ.</span> <span class='ocrx_word' id='word_1_636' title='bbox 2439 5256 2508 5267; x_wconf 86' lang='grc'><strong><em>-</em></strong></span> <span class='ocrx_word' id='word_1_637' title='bbox 2535 5226 2647 5289; x_wconf 81' lang='grc' dir='ltr'><strong>Τὰς</strong></span> <span class='ocrx_word' id='word_1_638' title='bbox 2678 5226 2778 5296; x_wconf 79' lang='grc' dir='ltr'>μὲν</span> <span class='ocrx_word' id='word_1_639' title='bbox 2794 5196 3059 5294; x_wconf 23' lang='grc' dir='ltr'>γρλαμμὰς</span> <span class='ocrx_word' id='word_1_640' title='bbox 3077 5222 3492 5296; x_wconf 54' lang='grc' dir='ltr'><strong>ἀσφαλεστέρας</strong></span> <span class='ocrx_word' id='word_1_641' title='bbox 3524 5225 3619 5295; x_wconf 60' lang='grc' dir='ltr'><strong>(Τ),</strong></span> 
     </span>
    </p>
   </div>
   <div class='ocr_carea' id='block_1_105' title="bbox 2021 5313 3183 5392">
    <p class='ocr_par' dir='ltr' id='par_1_105' title="bbox 2021 5313 3183 5392">
     <span class='ocr_line' id='line_1_105' title="bbox 2021 5313 3183 5392; baseline -0.005 -18"><span class='ocrx_word' id='word_1_642' title='bbox 2021 5321 2118 5383; x_wconf 75' lang='grc' dir='ltr'><strong>τὰς</strong></span> <span class='ocrx_word' id='word_1_643' title='bbox 2144 5322 2199 5374; x_wconf 79' lang='grc' dir='ltr'>δὲ</span> <span class='ocrx_word' id='word_1_644' title='bbox 2234 5320 2462 5392; x_wconf 81' lang='grc' dir='ltr'>πράξεις</span> <span class='ocrx_word' id='word_1_645' title='bbox 2497 5316 2887 5389; x_wconf 80' lang='grc' dir='ltr'>λαμπροτέρας</span> <span class='ocrx_word' id='word_1_646' title='bbox 2915 5315 3057 5384; x_wconf 77' lang='grc' dir='ltr'>ἔχειν</span> <span class='ocrx_word' id='word_1_647' title='bbox 3086 5313 3183 5368; x_wconf 83' lang='grc' dir='ltr'>δεῖ.</span> 
     </span>
    </p>
   </div>
   <div class='ocr_carea' id='block_1_106' title="bbox 1852 5500 2088 5557">
    <p class='ocr_par' dir='ltr' id='par_1_106' title="bbox 1852 5500 2088 5557">
     <span class='ocr_line' id='line_1_106' title="bbox 1852 5500 2088 5557; baseline 0.017 -4"><span class='ocrx_word' id='word_1_648' title='bbox 1852 5500 2088 5557; x_wconf 64' lang='lat' dir='ltr'><strong>NOTAE.</strong></span> 
     </span>
    </p>
   </div>
   <div class='ocr_carea' id='block_1_107' title="bbox 406 5642 1927 5733">
    <p class='ocr_par' dir='ltr' id='par_1_107' title="bbox 406 5642 1912 5721">
     <span class='ocr_line' id='line_1_107' title="bbox 406 5642 1912 5721; baseline 0.009 -24"><span class='ocrx_word' id='word_1_649' title='bbox 406 5642 510 5717; x_wconf 79' lang='lat' dir='ltr'><strong>(f)</strong></span> <span class='ocrx_word' id='word_1_650' title='bbox 554 5645 661 5711; x_wconf 83' lang='grc' dir='ltr'><strong>Τὰς</strong></span> <span class='ocrx_word' id='word_1_651' title='bbox 707 5648 822 5715; x_wconf 81' lang='grc' dir='ltr'><strong>μὲν</strong></span> <span class='ocrx_word' id='word_1_652' title='bbox 867 5651 1133 5721; x_wconf 60' lang='grc' dir='ltr'>γραμμὰς</span> <span class='ocrx_word' id='word_1_653' title='bbox 1180 5652 1659 5721; x_wconf 64' lang='grc' dir='ltr'>ἀσφαλεστέρας,</span> <span class='ocrx_word' id='word_1_654' title='bbox 1719 5654 1912 5711; x_wconf 84' lang='lat' dir='ltr'><strong>Liucas</strong></span> 
     </span>
    </p>
   </div>
   <div class='ocr_carea' id='block_1_108' title="bbox 2037 5642 3616 5733">
    <p class='ocr_par' dir='ltr' id='par_1_108' title="bbox 2044 5656 3616 5733">
     <span class='ocr_line' id='line_1_108' title="bbox 2044 5656 3616 5733; baseline 0.004 -22"><span class='ocrx_word' id='word_1_655' title='bbox 2044 5658 2106 5723; x_wconf 88' lang='lat' dir='ltr'><strong>it,</strong></span> <span class='ocrx_word' id='word_1_656' title='bbox 2132 5677 2253 5731; x_wconf 77' lang='lat' dir='ltr'><strong>qua:</strong></span> <span class='ocrx_word' id='word_1_657' title='bbox 2288 5672 2417 5718; x_wconf 88' lang='lat' dir='ltr'><strong>sunt</strong></span> <span class='ocrx_word' id='word_1_658' title='bbox 2472 5659 2741 5733; x_wconf 84' lang='lat' dir='ltr'><strong>principia</strong></span> <span class='ocrx_word' id='word_1_659' title='bbox 2786 5656 3339 5723; x_wconf 82' lang='lat' dir='ltr'><strong>dcmonstratiouum,</strong></span> <span class='ocrx_word' id='word_1_660' title='bbox 3366 5660 3616 5724; x_wconf 62' lang='lat' dir='ltr'><strong>maxim,-</strong></span> 
     </span>
    </p>
   </div>
  </div>
