4068 6142
630 248 671 269 ν
778 256 787 269 .-

371 312 477 378 729

1680 314 1849 375 LOCI
1889 313 2210 379 COMMUN
2218 322 2328 385 ES.

3531 330 3635 394 730

441 429 580 484 Θεοῦ
610 427 761 496 ἄξιόν
818 445 877 481 σε
938 429 1175 499 ποιήσει,
1204 426 1264 479 τὸ
1323 426 1488 497 μηδὲν
1544 426 1764 492 ἀνάξιον
1795 428 1960 482 αὐτοῦ

2142 431 2378 505 Dignum
2423 446 2475 494 te
2514 439 2627 496 Deo
2661 440 2887 507 eﬂieies,
2925 440 3019 497 ubi
3052 441 3196 498 nihil
3245 458 3314 500 eo
3345 445 3635 520 indignum

372 522 660 593 πράττειν.

445 615 612 680 Βίας.
638 643 709 653 —
729 611 886 666 Οὕτω
907 610 1082 683 πειρῶ
1094 610 1213 682 ζῇν,
1239 609 1314 673 ὡς
1337 608 1431 663 καὶ
1457 607 1639 676 ὀλίγον
1666 608 1759 661 καὶ
1786 607 1955 662 πολὺν

375 706 567 778 χρόνον
597 702 948 773 βιωσόμενος.
1590 743 1596 757 ,

448 796 679 852 Λάκων.
717 826 788 835 -
827 796 1023 849 Λάκων
1061 791 1394 864 ἐρωτηθεὶς,
1446 791 1589 845 δῐατί
1649 791 1956 861 ἀτείχιστος

377 893 526 944 ἐστιν
553 891 586 959 ἡ
620 887 868 958 Σπάρτη·
914 887 1006 957 Μή
1055 884 1276 954 ψεύδου,
1319 882 1446 955 ἔφη·
1487 883 1819 954 τετείχισται
1834 883 1957 956 ,γὰρ

377 985 501 1048 ταῖς
520 981 629 1036 τῶν
645 980 939 1036 οἰκούντων
967 980 1209 1047 ἀρεταῖς.
1582 984 1593 995 ‘

449 1096 751 1168 Διογένης.
790 1125 860 1136 -
901 1092 1292 1155 Ὀνειδίσαντος
1342 1087 1491 1160 αὐτῷ
1541 1105 1708 1153 τινος,
1767 1088 1843 1150 ὡς
1876 1089 1958 1151 είς

308 1214 316 1220 ·
380 1188 726 1257 ἀκαθάρτους
753 1184 953 1246 τόπους
984 1181 1315 1251 εἰσέρχεται,
1344 1178 1473 1250 ἔφη·
1534 1178 1647 1231 Καὶ
1694 1179 1722 1230 ὁ
1781 1177 1955 1248 ἥλιος,

377 1278 492 1333 ἀλλ’
522 1279 589 1333 οὐ,
613 1275 905 1346 μιαίνεται.

446 1392 709 1449 Λινδίου.
741 1420 813 1433 -
858 1389 1155 1445 Εὐσέϐειαν
1192 1386 1274 1441 δεῖ
1322 1385 1616 1456 φυλάσσειν
1641 1401 1655 1416 ·
1715 1383 1959 1446 πολίταις

376 1488 446 1541 τὰ
495 1486 747 1557 βέλτιστα
795 1479 1218 1552 συμϐουλεύεινο
1287 1477 1485 1549 ἡδονῆς
1533 1477 1810 1547 σκρατεῖν·
1867 1473 1958 1544 βίᾳ

381 1577 547 1649 μηδὲν
597 1575 859 1648 πράττειν
897 1589 911 1603 ο
943 1572 1035 1625 τὸν
1086 1563 1180 1622 τοῦ
1228 1569 1401 1638 δήμου
1454 1568 1648 1638 ἐχθρὸν
1702 1565 1958 1636 πολέμιον

378 1668 619 1739 νομίζειν
645 1684 658 1698 ο
691 1665 909 1728 οἰκέτας
944 1661 1243 1735 μεθύοντας
1275 1660 1351 1730 μὴ
1394 1658 1643 1722 κολάζειν
1669 1659 1750 1711 ἐί
1778 1657 1834 1710 δὲ
1862 1654 1956 1728 μὴ,

376 1763 554 1830 δόξεις
577 1761 879 1829 παροινεῖν.

448 1874 825 1942 Λυκούργιου.
855 1898 927 1913 --
961 1865 1279 1937 Λυκοῦργος
1325 1864 1355 1917 ὁ
1407 1861 1733 1934 νομοθέτης,
1769 1860 1832 1913 τὸ
1861 1859 1957 1930 μὲν

379 1968 678 2039 ἀξιόχρεων
700 1963 827 2018 ’τῶν
858 1959 1163 2030 ἀνθρώπων
1211 1957 1315 2027 ἔφη
1348 1956 1405 2009 ἐν
1433 1957 1499 2026 τῇ
1515 1953 1677 2024 οὐσίᾳ
1707 1950 1921 2004 κεῖσθαι
1943 1966 1956 1980 ·

379 2062 442 2115 τὸ
466 2061 522 2113 δὲ
548 2057 885 2127 ἀξιόπιστον,
918 2057 975 2109 ἐν
1001 2057 1112 2118 τοῖς
1138 2053 1384 2123 τρόποις.

453 2178 828 2248 Πυθαγόρου.
854 2201 922 2213 -
945 2170 1250 2241 Φιλήδονον,
1268 2164 1666 2236 φιλοσώματον,
1701 2160 1964 2248 φιλοχρή-

390 2288 558 2343 ματον
595 2247 691 2323 καὶ
739 2264 985 2335 φιλόθεον
1012 2261 1102 2314 τὸν
1150 2257 1335 2321 αὑτὸν,
1372 2256 1636 2311 ἀδύνατον
1689 2247 1848 2306 εἶναι.
1905 2249 1964 2303 '0

386 2341 496 2436 κὰρ
518 2359 795 2431 φιλήδονος
814 2357 1029 2418 πάντως
1082 2350 1179 2406 καὶ
1212 2348 1588 2419 φιλοσώματος
1608 2362 1640 2436 ’ὲ
1662 2346 1690 2398 ὁ
1716 2344 1776 2436 δε
1816 2341 1963 2436 φιλο-

313 2497 316 2500 .
354 2442 355 2445 η
393 2434 668 2523 σώματος,
705 2447 924 2509 πάντως
971 2444 1065 2498 καὶ
1112 2440 1547 2512 φιλοχρήματος·
1578 2435 1681 2489 ὀδὲ
1705 2434 1967 2504 φιλοχρή-

391 2561 582 2614 ματος,
615 2541 675 2606 ὲξ
703 2539 949 2607 ἀνάγκης
986 2536 1082 2589 καὶ
1111 2534 1297 2596 ἄδικος
1322 2550 1339 2565 ο
1380 2532 1408 2584 ὁ
1433 2530 1491 2583 δὲ
1524 2529 1728 2592 ἄδικος,
1761 2530 1842 2591 είς
1869 2527 1967 2598 μὲν

388 2636 524 2689 Θεὸν
553 2633 788 2698 ἀνόσιος,
812 2632 892 2693 εἰς
923 2628 980 2680 δὲ
1018 2626 1304 2697 ἄνθρωπον
1339 2623 1673 2699 παράνομος.

458 2803 562 2864 Ὧν
603 2806 698 2861 τοῦ
741 2803 991 2873 σώματος
1020 2798 1356 2867 ἀπαλλαγεὶς
1383 2796 1444 2851 ού
1479 2796 1646 2868 δεήσῃ
1674 2834 1689 2859 ,
1740 2796 1968 2849 ἐκείνων

390 2899 720 2970 καταφρόνει
748 2897 966 2949 πάντων
985 2910 997 2923 ο
1024 2892 1119 2945 καὶ
1149 2884 1224 2945 ὧν
1249 2888 1587 2957 ἀπαλλαγεὶς
1613 2888 1812 2959 δεήσῃ,
1832 2886 1969 2957 πρὸς

388 2995 566 3052 ταῦτά
592 3010 674 3047 σοι
702 2989 1025 3060 ἀσκουμένῳ
1053 2987 1185 3040 Θεὸν
1230 2984 1538 3055 παρακάλει
1571 2981 1817 3051 γίνεσθαι
1845 2981 1969 3034 συλ-

389 3090 658 3160 λήπτορα.

459 3173 1057 3244 Διοδώρου.-Πάντες
1084 3170 1359 3241 ἄνθρωποι
1385 3167 1471 3221 διὰ
1498 3164 1598 3236 τὴν
1619 3168 1719 3235 τῆς
1746 3163 1964 3231 φύσεως

388 3271 698 3332 ἀσθένειαν,
734 3266 908 3336 βιοῦσι
933 3264 1029 3334 μὲν
1058 3259 1346 3331 ἀκαριαῖόν
1364 3276 1415 3311 τι
1448 3258 1613 3329 μέρος
1643 3256 1738 3311 τοῦ
1767 3256 1967 3320 παντὸς

389 3363 616 3425 αἰῶνος·
669 3355 1092 3425 τετελευτήκασι
1133 3352 1190 3405 δὲ
1241 3352 1350 3404 πᾶν
1387 3350 1478 3403 τὸν
1506 3349 1730 3420 ὕστερον
1755 3349 1963 3418 χρόνον.

393 3456 502 3508 Καὶ
532 3453 644 3514 τοῖς
682 3449 780 3527 μὲν
829 3449 886 3500 ὲν
914 3445 991 3516 τῷ
1033 3444 1132 3515 ζῇν
1167 3441 1334 3513 μηδὲν
1376 3438 1653 3506 ἀξιόλογον
1703 3435 1965 3509 πράξασι,

391 3545 509 3616 ἅμα
559 3543 678 3605 ταῖς
722 3538 831 3592 τῶν
880 3531 1149 3611 σωμάτιον
1198 3532 1483 3591 τελευταῖς
1534 3528 1968 3597 συναποθνήσκει

389 3637 483 3691 καὶ
506 3635 575 3688 τὰ
607 3632 743 3688 ἄλλα
772 3630 950 3685 πάντα
985 3625 1129 3681 κατὰ
1155 3625 1248 3679 τὸν
1277 3623 1415 3694 βίον·
1444 3624 1557 3685 τοῖς
1583 3620 1640 3675 δὲ
1668 3621 1739 3673 δι’
1767 3619 1968 3690 ἀρετὴν

391 3724 910 3796 περιποιησαμένοις
962 3718 1147 3783 δόξαν,
1203 3717 1258 3769 αἱ
1324 3713 1552 3784 πράξεις
1608 3713 1818 3766 ἅπαντα
1875 3711 1969 3764 τὸν

390 3819 565 3874 αἰῶνα
597 3810 1053 3887 μνημονεύονται,
1085 3806 1446 3877 διαϐοώμεναι
1475 3804 1552 3874 τῷ
1582 3798 1844 3872 θειοτάτῳ
1873 3802 1970 3872 τῆς

393 3910 632 3982 ἱστορίας
661 3909 890 3979 στόματι
910 3906 953 3961 ³.

475 4001 809 4069 ’Υπερίδοω
845 4025 916 4039 --
942 3999 1033 4050 Δεῖ
1069 3995 1160 4049 τὸν
1196 3992 1399 4063 ἀγαθὸν
1445 3989 1872 4055 ἐπιδείκνυσθαι,
1912 3991 1971 4042 ὲν

397 4095 497 4167 μὲν
533 4095 645 4157 τοῖς
687 4093 867 4161 λόγοις
892 4131 907 4155 ,
957 4089 994 4144 ἂ
1043 4089 1266 4159 φρονεῖ·
1316 4087 1375 4138 ὲν
1414 4084 1468 4137 δὲ
1511 4086 1627 4148 τοῖς
1678 4082 1896 4153 ἔργοις,
1937 4082 1973 4136 ἃ

395 4190 560 4241 ποιεῖ.

436 4290 449 4301 ·
479 4277 747 4348 Ἰττὰχου
770 4277 1058 4347 φιλοσόφ.
1088 4305 1157 4316 -
1191 4273 1330 4337 Τοὺς
1357 4272 1592 4343 ἀγαθοὺς
1624 4272 1734 4326 τῶν
1760 4270 1971 4343 ἀνθρώ·

395 4386 538 4433 πων,
573 4369 707 4422 Θεοῦ
736 4386 791 4421 τι
822 4368 987 4438 μέρος
1014 4366 1178 4437 ἔχειν.

2056 524 2277 581 feceris.

2128 614 2469 676 Μαι-δίο
2497 622 2658 679 stude
2689 625 2898 691 vivere,
2934 633 2996 680 ut
3044 635 3102 682 et
3161 642 3368 697 paucos
3411 628 3551 696 dies,
3581 639 3639 686 et

2057 711 2254 781 longos
2291 728 2468 768 annos
2497 716 2775 772 victurus.

2127 804 2611 863 Lucam—Lacon
2676 808 3070 880 interrogatus,
3114 826 3216 865 cur
3252 810 3450 881 Sparta
3496 828 3638 868 moe-

2057 896 2225 952 nibus
2255 898 2438 953 cincta
2481 916 2590 954 non
2616 909 2765 954 esset
2795 917 2807 953 :
2841 900 3094 966 Falleris,
3130 901 3336 971 inquit;
3369 903 3636 958 moenium

2060 991 2185 1045 loco
2212 992 2418 1047 civium
2449 994 2755 1050 virtutibus
2774 995 2966 1050 “cincta
3000 1003 3106 1050 est.

2131 1100 2414 1171 Diogenes.
2450 1134 2520 1144 —-
2549 1103 2690 1160 Cum
2745 1105 2974 1176 quidam
3025 1107 3076 1161 ei
3109 1107 3319 1176 probro
3371 1116 3638 1176 verteret,

2060 1193 2211 1262 quod
2257 1195 2310 1248 in
2350 1195 2472 1250 loca
2533 1196 2828 1251 inhonesta
2863 1198 3145 1252 intraret:
3181 1200 3249 1253 Et
3284 1200 3391 1264 sol,
3434 1199 3638 1270 inquit,

2059 1284 2255 1347 intrat,
2292 1301 2395 1341 nec
2430 1294 2614 1343 tamen
2652 1287 3089 1344 contaminatur.

2136 1399 2328 1453 Lindii.
2352 1430 2422 1439 —
2446 1399 2729 1461 Servanda
2761 1402 2940 1472 pictas
2971 1412 3085 1469 est;
3140 1403 3479 1471 consulenda
3505 1386 3642 1461 civi-

2061 1489 2167 1545 bus
2193 1507 2316 1560 quae
2347 1493 2556 1561 optima
2588 1493 2701 1547 sint
2727 1509 2743 1558 ;
2772 1493 3028 1563 voluptas
3065 1494 3377 1559 domanda;
3409 1510 3507 1564 per
3528 1495 3641 1550 vim

2061 1584 2198 1638 nihil
2227 1586 2500 1655 agendum
2527 1603 2542 1652 ;
2568 1586 2747 1641 hostis
2774 1587 3068 1653 habendus
3096 1590 3192 1658 qui
3236 1589 3426 1658 populi
3460 1589 3646 1644 inimi-

2064 1688 2164 1729 cus
2203 1674 2307 1736 sit;
2343 1693 2453 1730 non
2488 1678 2767 1747 plectendi
2820 1679 2966 1733 servi
3015 1679 3197 1746 ebrii;
3224 1672 3450 1750 'alioqui
3496 1680 3645 1736 desi-

1864 1786 1876 1795 -
1989 1755 2035 1814 B
2066 1781 2203 1836 pere
2235 1766 2352 1836 ipse
2374 1767 2637 1823 videaris.

2132 1877 2383 1948 Lycurgi.
2447 1908 2518 1918 —
2568 1877 2851 1949 Lycurgus
2904 1879 3189 1949 legislator
3249 1880 3515 1937 honorem
3580 1898 3647 1938 ac

2065 1968 2391 2037 dignitatem
2443 1967 2590 2037 apud
2632 1968 2900 2023 homines
2952 1968 3009 2023 in
3063 1969 3262 2038 opibus
3312 1971 3471 2027 sitam
3521 1988 3645 2029 e590

2066 2059 2282 2126 aiebat;
2337 2059 2593 2134 ﬁduciam
2625 2067 2810 2114 autem
2843 2060 2898 2114 in
2937 2061 3207 2117 moribus.

2135 2172 2600 2245 Pythagor.—Ut
2627 2172 2776 2227 idem
2823 2172 3130 2242 voluptatis
3176 2182 3344 2244 atque
3395 2174 3649 2245 corporis

2067 2281 2132 2321 ac
2155 2266 2403 2335 pecunia:
2427 2265 2635 2336 Deique
2660 2275 2876 2320 amator
2902 2266 2995 2331 sit,
3023 2266 3179 2320 nullo
3212 2266 3377 2321 modo
3402 2265 3521 2321 ﬁeri
3545 2282 3647 2336 po-

2068 2365 2195 2413 test.
2222 2358 2358 2413 Nam
2394 2359 2699 2429 voluptatis
2737 2374 2952 2423 amans,
2995 2358 3141 2413 idem
3192 2366 3250 2413 et
3277 2373 3481 2429 corpus
3502 2366 3650 2414 amet

2067 2464 2296 2504 necesse
2331 2457 2452 2515 est;
2509 2458 2567 2504 et
2624 2450 2720 2519 qui
2756 2465 2966 2520 corpus
2996 2459 3163 2515 amat,
3197 2448 3345 2503 idem
3382 2450 3651 2504 continuo

2066 2546 2125 2594 et
2157 2541 2449 2609 pecuniam
2489 2559 2501 2593 :
2541 2539 2636 2609 qui
2666 2550 2850 2595 autem
2900 2540 3217 2611 pecuniam,
3277 2530 3423 2594 idem
3455 2556 3650 2595 neces-

2068 2631 2215 2685 sario
2232 2639 2290 2686 et
2313 2631 2552 2701 injustus
2575 2637 2694 2695 est;
2721 2629 2962 2700 injustus
2983 2639 3192 2693 autem,
3218 2628 3376 2699 533
3396 2631 3450 2683 in
3478 2629 3651 2684 Deum

2068 2721 2294 2791 quidem
2324 2722 2550 2791 impius,
2577 2721 2633 2775 in
2665 2720 2923 2774 homines
2963 2727 3148 2774 autem
3182 2717 3408 2788 iniquus
3440 2725 3542 2774 est.

2138 2810 2354 2877 Quibus
2420 2826 2659 2881 corpore
2729 2811 2944 2865 solutus
3011 2825 3123 2863 non
3203 2808 3515 2879 indigebis,
3586 2823 3652 2863 ea

2067 2908 2268 2956 cuncta
2293 2908 2620 2956 contemne:
2643 2900 2846 2969 quibus
2869 2909 3053 2954 autem
3087 2907 3218 2953 tunc
3241 2897 3507 2967 temporis
3529 2913 3657 2967 ege-

2067 2993 2175 3059 bis,
2220 2994 2421 3049 horum
2467 2993 2569 3047 tibi
2615 2993 2766 3048 cultu
2804 2991 3097 3057 laboranti,
3143 2990 3316 3046 Deum
3342 2989 3654 3061 adjutorem

1995 3086 2040 3147 (ἶ
2072 3092 2269 3155 praesto
2311 3083 2429 3139 fore
2478 3098 2628 3153 roga.

2137 3175 2376 3229 Diodori.
2403 3206 2471 3217 ——
2506 3173 2815 3237 Mortalium
2862 3185 3038 3242 genus
3085 3183 3277 3224 omne
3308 3168 3381 3223 ob
3444 3175 3657 3222 natura;

2069 3267 2531 3331 imbecillitatem,
2581 3265 2840 3335 exiguum
2874 3261 3154 3331 quoddam
3195 3268 3537 3314 momentum
3571 3267 3655 3312 to-

2070 3358 2179 3414 tius
2213 3360 2315 3414 aavi
2359 3358 2415 3412 in
2446 3358 2555 3412 vita
2586 3357 2818 3421 durant;
2849 3354 3131 3422 reliquum
3160 3365 3295 3405 vero
3324 3358 3497 3404 totum
3527 3364 3655 3418 spa-

2071 3453 2208 3506 tium
2254 3460 2431 3507 morte
2464 3447 2712 3519 occupati
2744 3450 2951 3518 iacent.
2988 3446 3056 3499 Et
3082 3443 3192 3498 illis
3225 3457 3377 3507 sane,
3404 3443 3499 3512 qui
3521 3441 3654 3496 dum

2068 3545 2324 3607 viverent
2349 3543 2489 3596 nihil
2528 3538 2777 3611 prmelari
2809 3534 3120 3608 gesserunt,
3145 3534 3339 3589 eodem
3372 3546 3497 3588 cum
3528 3549 3656 3588 cor-

2069 3651 2204 3707 pore
2266 3633 2421 3689 obitu
2483 3632 2667 3687 omnia
2711 3643 2930 3700 pessum
2981 3636 3135 3683 eunt.
3183 3625 3287 3693 Qui
3333 3641 3489 3691 vero,
3546 3641 3658 3695 qua

2072 3724 2243 3780 functi
2289 3724 2494 3777 virtute
2525 3728 2673 3784 sunt,
2706 3717 2938 3789 gloriam
2976 3716 3084 3772 sibi
3129 3722 3549 3786 compararunt,
3586 3715 3654 3769 il-

2070 3819 2256 3873 lorum
2302 3814 2551 3891 actiones
2590 3827 2692 3882 per
2729 3825 2894 3865 omne
2937 3824 3140 3873 arvum,
3181 3807 3533 3862 divinissimo
3573 3807 3658 3861 hi-

2073 3909 2258 3964 storia:
2313 3920 2408 3961 ore
2462 3903 2803 3967 celebrante,
2860 3900 3463 3955 commemorabuntur.

2146 3993 2752 4070 llyperidis.—-Virum
2803 3992 3032 4056 bonum,
3072 4005 3194 4060 quae
3218 3989 3406 4053 sentit,
3442 3987 3655 4054 verbis;

2074 4108 2196 4163 qua:
2235 4105 2371 4145 vero
2420 4087 2571 4153 facit,
2603 4099 2771 4156 opere
2802 4083 3098 4139 ostendere
3121 4086 3300 4137 decet.

2145 4270 2382 4324 Ilittacln'
2414 4267 2728 4339 philosOphi.
2752 4293 2815 4307 -
2830 4265 3013 4320 Bonos
3037 4263 3211 4328 viros,
3237 4259 3337 4315 Dei
3363 4255 3658 4328 quamdam

1948 4368 1953 4372 '
2007 4422 2040 4430 _
2078 4374 2289 4430 partem
2334 4358 2538 4412 habere
2571 4355 2752 4411 decet.

482 4422 841 4529 Ἀριστοτέλῖ
968 4422 1103 4511 Θεοῦ
1136 4458 1234 4528 μέν
1261 4459 1379 4511 ἐστι
1409 4456 1670 4527 πράττειν
1713 4454 1750 4509 ἃ
1789 4454 1969 4525 βούλε-

2082 4422 2096 4430 ’
2151 4448 2619 4506 Aristotel.—Dei
2668 4455 2773 4512 est,
2821 4461 2944 4516 quae
2992 4444 3128 4500 velit
3169 4456 3330 4513 agere
3368 4437 3657 4493 :hominis

399 4569 524 4607 ται·
553 4546 844 4621 ἀνθρώπου
875 4549 954 4615 δὲ,
985 4550 1053 4604 τὰ
1085 4550 1274 4603 δέοντα
1307 4547 1703 4619 προθυμεῖσθαι
1735 4546 1831 4618 (g).

483 4644 1143 4714 ’Arttgadrovc.—'Otav
1178 4641 1428 4709 εὐπορῶν
1458 4658 1541 4705 τις
1570 4641 1772 4712 αἰσχρὰ
1806 4642 1979 4711 πράτ-

398 4754 466 4809 τῃ
498 4737 819 4809 πράγματα,
848 4737 900 4790 τί
924 4736 1127 4790 τούτων
1152 4723 1513 4806 ἀπορήσαντα
1543 4734 1778 4805 πράξειν
1807 4751 1977 4805 προσ-

398 4828 560 4897 δοκᾷς
590 4849 607 4894 ς

415 5024 419 5028 ι
471 4987 494 5021 ³
537 4985 755 5057 Frigida
805 4986 924 5040 haec
983 4998 1194 5039 merces
1230 4983 1538 5054 saepiusque
1580 4982 1911 5042 frustranea.

2079 4552 2263 4599 autem
2307 4557 2429 4612 qua:
2473 4538 2638 4595 ollicii
2686 4553 2751 4592 ac
2801 4537 3033 4591 honesta
3085 4544 3235 4598 sunt,
3277 4530 3587 4603 providere.

2151 4635 2527 4705 Antiphan.—
2556 4629 2612 4685 Si
2643 4629 2767 4698 quis
2807 4628 2864 4681 in
2917 4642 3105 4682 rerum
3141 4623 3476 4679 abundantia
3505 4629 3664 4689 turpe

2082 4725 2287 4796 aliquid
2331 4721 2593 4784 admittit,
2621 4719 2753 4789 quid
2790 4719 2844 4772 in
2890 4719 3121 4788 penuria
3167 4717 3446 4771 viventem
3500 4726 3655 4767 com-

2086 4824 2383 4879 missurum
2432 4814 2752 4888 putaveris?

1979 5116 2188 5172 NOTAE

401 5266 914 5339 geometricarum,_
933 5277 1055 5339 quae
1097 5261 1365 5316 certiores
1409 5268 1555 5339 sunt.
1586 5258 1719 5339 Nam
1750 5266 1811 5339 et
1834 5260 1980 5321 linea

404 5328 582 5407 ipsum
606 5343 691 5389 est
713 5333 859 5404 quod
890 5328 1097 5407 βαλϐὶς,
1121 5346 1375 5394 carceres,
1402 5330 1548 5384 unde
1572 5328 1774 5399 aurigae
1798 5329 1853 5384 in
1877 5339 1988 5385 sta-

404 5402 496 5462 dio
525 5402 747 5462 cursum
779 5402 1155 5471 auspicantur.

484 5480 557 5547 lg)
592 5476 667 5530 Τὰ
705 5466 940 5547 Morta
961 5468 1409 5547 προθυμεῖσθαι.
1445 5466 1609 5533 Quasi
1644 5468 1782 5547 velle
1807 5477 1865 5547 et
1897 5469 1985 5523 in-

406 5538 607 5602 choare
627 5562 694 5599 ex
716 5543 878 5597 nobis
899 5542 969 5594 sit
988 5558 1002 5606 ;
1025 5540 1287 5609 operibus
1305 5553 1437 5609 vero
1460 5538 1758 5609 priestatio,
1780 5554 1809 5592 a
1835 5539 1944 5593 Deo
1972 5557 1984 5592 :

408 5616 554 5687 quod
603 5616 779 5684 ipsum
833 5608 1119 5687 hauserint
1143 5608 1440 5687 Pelagiani,
1471 5622 1566 5687 seu
1605 5608 1821 5687 illorum
1857 5609 1988 5687 reli-

409 5677 573 5756 quiae,
603 5677 670 5738 ex
711 5680 953 5739 cmunsis
995 5679 1448 5756 plii|o_so;3litirtttit
1496 5677 1761 5756 fontibus,
1792 5679 1991 5747 quibus

412 5740 519 5813 non
550 5740 683 5812 satis
712 5740 1426 5824 poemata-gratia:Christi
1446 5748 1701 5818 mysteria
1725 5740 1828 5818 qua
1857 5763 1990 5824 prte-

2137 5267 2323 5314 aratur
2352 5258 2627 5317 voluntas,
2651 5261 2712 5308 ut
2734 5252 2812 5308 sic
2841 5252 3044 5322 cogitet
3065 5251 3133 5322 τά
3157 5249 3364 5315 δέοντα,
3395 5265 3518 5322 quae
3542 5267 3672 5306 vere

2132 5337 2326 5384 onesta
2359 5328 2471 5382 sint
2497 5334 2553 5380 et
2585 5324 2651 5378 ad
2687 5321 2933 5379 salutem
2950 5321 3284 5384 conducant,
3311 5321 3461 5374 nulla
3490 5321 3541 5374 in
3572 5340 3674 5375 no-

2087 5400 2196 5463 bis,
2221 5399 2377 5468 quasi
2420 5413 2488 5468 ex
2518 5395 2698 5457 nobis,
2733 5409 2924 5468 eoruln
2973 5392 3250 5468 facultate,
3282 5396 3341 5443 ut
3368 5391 3675 5468 proﬁtetur

2090 5456 2323 5539 magnus
2356 5467 2544 5539 gratiae
2579 5456 3080 5539 asser_t_or_Paulus.
3124 5461 3318 5531 Jejune
3361 5456 3526 5539 Ggsn.
3560 5479 3676 5539 qua:

2091 5529 2222 5609 opu}
2251 5529 2394 5591 sunt.
2432 5533 2754 5609 Exponendi
2811 5529 3311 5609 Patres.._quorum
3361 5529 3539 5609 aliinis
3593 5533 3675 5585 Io-

2092 5600 2299 5671 quendi
2333 5600 2547 5667 modus,
2578 5613 2638 5658 ut
2664 5618 2787 5657 eum
2818 5602 3012 5672 gratia,
3046 5600 3249 5672 illaque
3271 5601 3548 5656 excitante
3584 5618 3675 5656 vc-

2094 5679 2296 5731 Iimus:
2327 5692 2432 5745 qua
2478 5675 2759 5745 voluntate
2790 5670 2857 5745 atl
2909 5674 3113 5745 majora
3157 5670 3254 5745 Dei
3300 5679 3550 5737 uulnera,
3591 5672 3669 5741 ip~
3709 5698 3713 5701 τ

2095 5764 2320 5817 sanique
2344 5739 2585 5818 'gratiam
2617 5742 2844 5814 perl'ccti
2876 5739 3063 5813 operis
3088 5739 3479 5812 przeparemur.
