4068 6142
460 306 566 372 731

1084 422 1318 481 SERMO
1366 425 1433 480 II.

856 511 936 567 De
975 515 1257 584 prudentia
1309 526 1360 570 et
1421 516 1662 571 consilio.
1936 559 1942 565 .

536 599 704 657 Eccli.
748 617 836 669 XL,
864 603 955 658 25.
974 634 1044 643 --
1063 604 1275 660 Aurum
1306 612 1363 662 et
1385 615 1675 677 argentum
1698 615 1943 663 statuent
1964 621 2060 677 pe—

469 694 622 749 des:
676 702 733 750 et
780 710 949 764 super
979 705 1277 767 utrumque
1321 698 1614 753 consilium
1646 698 1949 768 praestabit.

540 784 709 840 Eccli.
758 802 890 851 xm,
943 787 1031 843 I9.
1053 819 1125 827 —
1145 788 1539 844 Loramentum
1572 790 1815 861 ligneum
1837 789 2060 860 colliga-

470 886 591 933 tum
635 877 892 945 mdiﬁcio,
925 879 981 933 in
1007 881 1375 936 concussione
1414 898 1527 937 non
1563 882 1899 938 dissolvetur
1932 899 1945 936 :
1979 882 2060 937 sic

466 968 691 1023 animus
728 969 1089 1026 confirmatus
1117 972 1175 1025 in
1214 972 1432 1027 consilii
1469 973 1802 1040 rationibus,
1825 973 1882 1028 in
1918 981 2058 1028 tem-

468 1072 607 1128 pore
636 1074 748 1113 non
793 1058 1136 1115 formidabit.

539 1148 731 1204 Basilii
775 1150 830 1203 in
859 1153 1178 1222 principium
1218 1151 1465 1207 Proverb.
1490 1154 1791 1223 —Duplex
1834 1162 1918 1209 est
1939 1154 2061 1219 eius

468 1257 639 1314 quam
672 1241 849 1298 Graeci
889 1244 1151 1313 φρόνησιν
1180 1243 1376 1299 dicunt
1405 1245 1529 1317 (nos
1558 1245 2060 1317 prudentiam)cge-

469 1350 598 1391 nus.
631 1335 752 1389 Alia
783 1333 930 1389 enim
956 1343 1042 1388 est
1073 1334 1367 1404 prudentia
1401 1350 1466 1390 ac
1494 1321 1783 1406 sagacitas,
1805 1350 1912 1405 qua
1936 1335 2062 1405 quis

466 1440 575 1481 suo
625 1425 919 1480 commodo
969 1433 1150 1490 cavet,
1200 1442 1265 1481 ac
1311 1426 1420 1480 sibi
1473 1427 1733 1491 consulit,
1778 1427 1931 1481 velut
1978 1434 2062 1481 est

467 1515 768 1585 serpentis,
802 1515 934 1570 dum
960 1525 1128 1585 caput
1156 1532 1317 1570 suum
1351 1528 1569 1581 servat;
1604 1516 1722 1571 haec
1750 1532 1904 1582 vero,
1939 1532 2061 1571 mo-

472 1620 596 1661 rum
619 1600 871 1676 quaedam
902 1607 1150 1662 versutia
1187 1607 1427 1671 videtur,
1458 1608 1570 1662 cito
1601 1607 1891 1663 inveniens
1912 1608 2061 1678 quod

472 1694 530 1750 in
562 1709 680 1749 rem
715 1709 871 1750 suam
915 1695 1212 1760 conducat,
1258 1710 1323 1749 ac
1361 1694 1731 1766 simpliciores
1754 1695 2060 1767 decipiens,

473 1787 655 1856 qualis
682 1796 805 1843 erat
828 1787 1004 1857 iniqui
1032 1788 1186 1843 illius
1210 1787 1618 1859 dispensatoris
1645 1787 1805 1857 (Luc.
1839 1804 1950 1853 xvi,
1981 1788 2058 1860 8).

472 1878 617 1934 Vera
643 1885 829 1934 autem
877 1878 1203 1950 prudentia,
1244 1889 1396 1936 certa
1436 1880 1638 1951 judicii
1686 1880 1930 1951 cognitio
1955 1888 2060 1949 est,

470 1984 670 2025 eorum
718 1985 840 2039 qua:
868 1969 1079 2041 agenda
1103 1980 1234 2026 sunt
1255 1982 1313 2026 et
1336 1987 1461 2041 qua:
1491 1986 1602 2026 non
1625 1971 1869 2042 agenda;
1893 1987 2061 2042 quam

1640 318 1701 376 S.
1740 315 2027 377 MAXIMI
2067 312 2576 375 CONFESSORIS

2083 433 2134 489 Δ

3655 303 3777 372 732

2767 425 2987 480 ΛΟΓΟΣ
3025 425 3083 478 B'
3103 424 3148 480 ⁸.

2479 518 2627 587 Περί
2658 516 3012 587 φρονήσεως
3036 520 3134 572 καὶ
3161 517 3428 586 βουλῆς.

2235 607 2414 677 Σιρὰχ
2442 608 2525 677 μ’.
2557 638 2629 647 —
2657 606 2894 678 Χρυσίον
2926 608 3021 660 καὶ
3069 606 3332 678 ἀργύριον
3387 607 3761 676 ὲπιστήσουσι

2160 700 2348 764 ¹πόδας,
2380 699 2477 754 καὶ
2509 699 2651 772 ὑπὲρ
2674 699 2965 770 ἀμφότερα
2992 698 3156 768 βουλὴ
3183 698 3539 768 εὐδοκιμήσει
3573 699 3678 766 (It).

2229 792 2415 860 Σιράχ
2447 792 2562 856 φιβ’.
2597 819 2669 833 --
2709 791 3034 862 Ίμάντωσις
3073 789 3257 861 ξυλίνη
3312 789 3376 858 (ὅ)
3420 788 3754 860 ἐνδεδεμένη

2160 886 2240 947 είς
2287 882 2597 954 οἰκοδομὴν,
2653 883 2712 937 ἐν
2761 881 2972 952 σεισμῷ
3023 882 3085 933 οὐ
3131 880 3554 951 διαλυθήσεται·
3604 879 3756 935 οὓτω

2162 975 2362 1047 καρδία
2420 974 2791 1046 ὲστηριγμένη
2852 974 2946 1027 ἐπὶ
2994 972 3320 1045 διανοήμασι
3375 971 3613 1043 βουλῆς,
3695 972 3757 1026 ὲν

2161 1064 2339 1134 καιρῷ
2363 1063 2425 1117 οὐ
2450 1063 2733 1117 δειλιάσει.

2235 1152 2586 1208 Βασιλειου.
2615 1150 2940 1206 -Διπλοῦν
2989 1153 3108 1207 ἐστι
3160 1150 3224 1204 τὸ
3273 1150 3371 1221 τῆς
3431 1149 3757 1221 φρονήσεως

2163 1246 2357 1317 ὄνομα.
2394 1245 2461 1299 Ἦ
2502 1244 2603 1316 μὲν
2644 1244 2754 1316 γάρ
2785 1243 2871 1306 τίς
2898 1244 3016 1325 ἐστι
3051 1241 3358 1312 φυλακτικὴ
3394 1239 3490 1294 τοῦ
3542 1243 3753 1294 οἰκείου

2166 1333 2534 1405 συμφέροντος
2559 1377 2574 1402 ,
2621 1333 2711 1386 οἵα
2740 1334 2773 1403 ὴ
2804 1331 2898 1386 τοῦ
2942 1332 3118 1400 ὄφεως
3144 1330 3241 1401 τὴν
3270 1330 3513 1402 κεφαλὴν
3552 1329 3752 1383 ἑαυτοῦ

2165 1424 2587 1496 συντηροῦντος·
2630 1426 2664 1496 ἡ
2716 1425 2774 1479 δέ
2818 1441 2898 1487 τις
2949 1423 3127 1476 ἔοικεν
3172 1420 3313 1475 εἶναι
3354 1421 3755 1492 κακεντρέχεια.

2162 1518 2385 1587 τρόπων
2412 1557 2424 1579 ,
2455 1516 2622 1583 ὀξέως
2652 1516 2707 1568 τὸ
2737 1516 2867 1569 ἴδιον
2910 1515 3188 1578 λυσιτελὲς
3223 1514 3619 1584 ὲξευρῐσκουσα
3655 1516 3754 1567 καὶ
3836 1584 3843 1589 ι

2167 1607 2593 1681 συναρπάζουσα
2623 1608 2752 1671 τοὺς
2782 1608 3233 1677 ἀκεραιοτέρους·
3261 1606 3423 1659 ὁποία
3469 1601 3537 1677 ἦν
3580 1608 3615 1676 ἡ
3652 1605 3752 1659 τοῦ

2166 1699 2450 1770 οἰκονόμου
2479 1702 2578 1769 τῆς
2607 1697 2846 1761 ἀδικίας.
2888 1698 2952 1751 Ἦ
2982 1698 3038 1750 δὲ
3067 1696 3274 1767 ἀληθὴς
3319 1698 3600 1767 φρόνησις,
3632 1696 3753 1748 διά-

2168 1790 2368 1861 γνωσίς
2399 1791 2517 1844 ἐστι
2546 1789 2654 1843 τῶν
2682 1806 2743 1843 τε
2775 1789 3046 1859 ποιητέων
3075 1789 3171 1841 καὶ
3215 1788 3297 1841 οὐν
3320 1787 3589 1856 ποιητέων
3611 1803 3624 1816 ·
3654 1781 3690 1860 ᾖ
3725 1788 3754 1840 ὁ

2171 1878 2579 1942 ἐπακολουθῶν,
2616 1878 2873 1932 οὐδέποτε
2899 1877 2979 1948 τῷ
3005 1875 3213 1947 ὀλέθρῳ
3237 1879 3339 1947 τῆς
3369 1876 3566 1939 κακίας
3593 1892 3755 1947 περι-

2173 1969 2503 2039 παρὴσεται.
2544 1967 2603 2021 Ὀ
2631 1968 2814 2023 τοίνυν
2846 1967 2984 2021 νοῶν
3008 1966 3203 2035 λόγους
3236 1968 3576 2039 φρονήσεως,
3603 1963 3751 2021 οἶδεν

472 2061 572 2132 qui
603 2070 894 2131 sequatur,
921 2062 1044 2117 vitii
1080 2077 1366 2132 nunquam
1401 2062 1713 2133 conﬁgctur
1742 2062 1934 2117 exitio.
1961 2062 2066 2129 Qui

2185 2060 2307 2123 τίνες
2369 2059 2470 2129 μὲν
2516 2057 2972 2127 σοφισματώδεις,
3030 2058 3178 2121 τίνες
3231 2058 3289 2111 δὲ
3338 2060 3387 2111 οἱ
3444 2058 3586 2111 κατά
3638 2057 3756 2128 βίον

473 2152 817 2226 ἱείιιιτεθι
832 2154 1094 2226 intelligit
1105 2170 1392 2212 sermones
1405 2155 1715 2226 prudentia:
1728 2157 1912 2227 (Prov.
1930 2172 1969 2221 ι,
1987 2155 2066 2226 5),

472 2245 632 2299 novit
668 2244 896 2315 quinam
919 2246 1153 2316 captiosi
1182 2246 1516 2317 fallacesque
1548 2247 1839 2311 exsistant,
1861 2262 1927 2301 ac
1948 2247 2072 2316 qui-

474 2348 602 2388 nam
643 2334 772 2389 vita:
808 2334 1100 2405 disciplina
1149 2336 1395 2401 tenendi,
1430 2344 1488 2391 et
1513 2337 1608 2406 qui
1643 2336 1855 2405 optima
1893 2336 2071 2390 docu-

2163 2150 2451 2220 npaxrém.
2480 2150 2576 2205 καὶ
2623 2149 2695 2203 τά
2733 2149 2986 2220 βέλτιστα
3026 2150 3161 2221 ήμξν
3200 2148 3619 2219 ὑποτιθέμενον
3658 2151 3756 2202 καὶ

2164 2244 2242 2307 ὡς
2267 2243 2489 2314 δόκιμος
2519 2242 2857 2313 τραπεζίτης
2882 2283 2898 2308 ,
2932 2242 2996 2295 τὸ
3031 2241 3130 2311 μὲν
3156 2240 3321 2295 καλὸν
3366 2241 3606 2309 καθέξει,
3646 2240 3757 2294 ἀπὸ

2166 2337 2223 2391 δὲ
2248 2336 2451 2400 παντὸς
2483 2335 2656 2400 εἴδους
2688 2334 2928 2406 πονηροῦ
2958 2333 3243 2403 ἀφέξεται.

477 2435 667 2482 menta
715 2428 957 2483 tradant.
997 2417 1283 2500 Tanquam
1328 2428 1499 2500 igitur
1542 2430 1720 2484 solers
1749 2429 2179 2492 nummularius,
2230 2429 2383 2502 quod
2450 2437 2538 2487 est
2581 2429 2791 2486 bonum
2848 2426 3079 2493 tenebit,
3145 2433 3204 2481 et
3260 2425 3331 2481 ab
3371 2425 3521 2481 omni
3567 2424 3758 2495 specie

475 2516 606 2571 mali
652 2532 711 2572 se
745 2517 1070 2574 abstinebit.

548 2606 815 2679 Theologi.
838 2612 909 2649 -—"
929 2609 1035 2676 Qui
1074 2610 1226 2666 enim
1251 2611 1532 2682 serpentis
1559 2612 1614 2667 in
1646 2613 1793 2667 malo
1822 2612 2072 2683 pruden-

386 2739 392 2744 .
474 2701 636 2766 tiam,
671 2700 741 2756 ’ac
785 2702 1060 2758 columbae
1109 2704 1165 2758 in
1198 2704 1347 2773 bono
1390 2706 1805 2776 simplicitatem
1847 2708 2075 2777 copula-

478 2792 645 2856 verit,
690 2792 738 2847 is
764 2808 946 2863 neque
980 2795 1334 2864 prudentiam
1360 2796 1415 2850 in
1440 2798 1572 2852 mali
1600 2798 1877 2853 vafritiem
1907 2797 2078 2853 animi

472 2883 622 2938 verti
657 2884 824 2949 sinet,
863 2901 968 2940 nec
1009 2887 1427 2955 simplicitatem
1464 2890 1520 2943 in
1550 2888 1910 2945 dementiam.

2258 2617 2317 2670 '0
2360 2615 2470 2688 γὰρ
2496 2616 2560 2671 τὸ
2593 2615 2689 2670 τοῦ
2717 2614 2897 2685 ὄφεως
2923 2614 3199 2686 φρόνιμον,
3222 2613 3347 2683 περὶ
3378 2612 3437 2665 τὸ
3470 2610 3660 2673 κακὲν,
3695 2605 3764 2663 τό

2175 2726 2237 2761 τε
2266 2708 2363 2778 τῆς
2389 2710 2720 2779 περιστερᾶς
2746 2706 3004 2777 ἀκέραιον
3031 2706 3160 2775 περὶ
3183 2705 3242 2758 τὸ
3266 2703 3431 2758 καλὸν
3456 2699 3755 2771 ἀναμίξας,

2173 2797 2299 2853 οὔτε
2329 2799 2390 2852 τὸ
2415 2801 2678 2871 φρόνιμον
2701 2798 2854 2852 eam
2886 2796 3199 2870 κακοῦργον
3228 2794 3502 2864 γενέσθαι,
3534 2791 3665 2846 οὔτε
3695 2791 3765 2846 τὸ

2176 2889 2383 2944 ἁπλοῦν
2414 2890 2663 2960 ἀνόητον.
3608 2896 3615 2905 “

550 2973 818 3047 Chrysou.
839 3006 909 3016 —
925 2978 1072 3033 Fons
1097 2987 1154 3033 et
1197 2996 1399 3049 parens
1442 2982 1709 3052 radixque
1735 2982 2070 3052 prudentia,

2245 2981 2613 3047 Χρυσοστ.-
2628 2978 2788 3049 Πηγὴ
2820 2976 2911 3031 καὶ
2938 2976 3123 3047 μήτηρ
3146 2974 3241 3028 καὶ
3258 2971 3384 3076 ῥίζα
3410 2970 3761 3076 φρονήσεως,

475 3065 661 3124 virtus
703 3077 825 3134 est;
878 3068 961 3122 uti
1011 3068 1260 3125 vicissim
1308 3071 1490 3126 omnis
1519 3071 1845 3141 improbitas
1883 3087 1950 3126 ex
1984 3072 2072 3126 in-

477 3159 741 3231 sipientia
779 3176 842 3216 ac
874 3161 1153 3223 dementia
1181 3163 1453 3234 originem
1487 3164 1678 3229 habet,
1710 3164 2077 3235 quemadmo.

478 3252 614 3310 dum
664 3253 833 3308 etiam
867 3253 947 3309 ait
975 3255 1256 3325 Propheta
1295 3255 1456 3311 :Non
1481 3258 1803 3327 est,sanitas
1831 3260 1887 3312 in
1915 3273 2077 3312 carne

479 3359 621 3409 mea,
692 3363 727 3400 a
765 3345 900 3414 facie
952 3348 1277 3417 insipientia:
1337 3366 1468 3405 mea:
1518 3350 1685 3421 (Psal.
1739 3367 1943 3416 xxxv",
1994 3352 2074 3414 4).

478 3436 719 3493 Virtutis
763 3446 947 3493 autem
994 3439 1179 3494 cultor
1222 3455 1287 3496 ac
1331 3440 1428 3495 Dei
1481 3441 1681 3497 timore
1732 3441 1931 3505 fretus,
1959 3455 2079 3495 om-

479 3528 637 3587 nium
675 3528 1148 3600 prudentissimus
1185 3540 1294 3586 est.
1340 3532 1558 3589 Idcirco
1608 3533 1776 3588 etiam
1828 3532 1908 3587 ait
1955 3531 2079 3602 qui-

480 3620 609 3676 dam
643 3637 657 3675 :
689 3620 913 3676 Initium
930 3624 1209 3693 sapientiw
1243 3625 1405 3689 timor
1425 3623 1640 3679 Domini
1681 3623 1875 3696 (Eccli.
1907 3640 1947 3690 ι,
1975 3624 2074 3690 16;

482 3712 628 3773 Psal.
665 3728 752 3778 cx,
790 3713 899 3785 10).

557 3807 778 3879 Ignatii.
816 3838 887 3849 ——-
923 3808 1027 3875 Qui
1076 3809 1308 3880 perfecti
1366 3811 1524 3878 estis,
1564 3811 1826 3891 perfecta
1878 3810 2075 3881 sapite.

480 3900 628 3957 Dum
670 3901 819 3957 enim
867 3901 1055 3958 velitis
1093 3902 1237 3959 bene
1284 3919 1469 3975 agere,
1502 3914 1704 3975 praesto
1735 3912 1821 3960 est
1850 3904 1997 3960 Deus
2021 3910 2081 3959 ut

478 3994 606 4065 ejus
641 3994 816 4064 ipsius
859 3994 1177 4051 facultatem
1206 4005 1453 4075 praestet.

557 4084 947 4159 Plutarchi.,—
964 4087 1290 4152 Prudentia,
1340 4103 1453 4143 non
1488 4103 1813 4158 corporum,
1857 4088 1954 4145 sed
1990 4103 2081 4144 re—

482 4191 612 4230 rum
636 4177 1122 4247 negotiorumque,
1160 4178 1491 4247 priusquam
1524 4178 1581 4231 in
1611 4179 1721 4232 illis
1755 4179 1923 4232 homo
1949 4192 2081 4231 ver-

480 4276 662 4335 setur,
707 4277 1044 4338 conspectus
1085 4277 1199 4334 est;
1251 4268 1442 4323 futura
1493 4269 1773 4339 dispicere
1806 4268 2080 4338 prabens,

2176 3071 2444 3142 ὴάρετή·
2473 3068 2661 3139 ὥσπερ
2696 3069 2792 3122 καὶ
2832 3070 2984 3122 πᾶσα
3032 3065 3269 3136 πονηρία
3316 3063 3377 3129 ἐξ
3419 3062 3604 3124 ἀνοίας
3649 3059 3768 3129 ἔχει

2175 3163 2274 3234 τὴν
2306 3162 2502 3234 ἀρχὴν,
2534 3161 2723 3232 ὥσπερ
2765 3161 2832 3231 δὴ
2879 3160 2975 3214 καὶ
3003 3161 3032 3212 ὁ
3062 3158 3359 3229 Προφήτης
3404 3154 3603 3224 φησίν·
3639 3153 3767 3206 Οὐκ

2177 3254 2356 3309 ἐστιν
2400 3254 2567 3319 ιασις
2608 3253 2679 3307 ὲν
2715 3251 2789 3320 τῇ
2843 3251 3027 3321 σαρκί
3078 3268 3221 3320 μου,
3266 3246 3387 3304 ἀπὸ
3442 3244 3770 3314 προσώπου

2178 3346 2288 3415 τῆς
2331 3347 2687 3415 ἀφροσύνης
2727 3361 2871 3414 μου.
2943 3343 3004 3396 '0
3051 3341 3109 3396 δὲ
3161 3341 3417 3411 ὲνάρετος
3469 3337 3560 3391 καὶ
3605 3334 3769 3406 φόϐον

2176 3439 2313 3493 Θεοῦ
2341 3438 2500 3509 ἔχων,
2534 3437 2754 3492 πάντων
2799 3436 2917 3490 ἐστὶ
2962 3431 3347 3502 συνετώτερος,
3392 3429 3485 3482 Διὸ
3534 3427 3629 3481 καί
3682 3426 3771 3491 τίς

2180 3546 2367 3602 φησιν’
2414 3529 2596 3599 Ἀρχὴ
2626 3529 2848 3599 σοφίας
2874 3528 3057 3597 φόϐος
3093 3525 3339 3594 Κυρίου.

2264 3810 2573 3880 ἰγννατίου.
2603 3839 2671 3850 -
2699 3809 2911 3863 Τέλειοι
2934 3806 3108 3872 ὄντες,
3139 3804 3327 3858 τέλεια
3364 3803 3639 3873 φρονεῖτε.
3675 3798 3777 3852 Θέ-

2181 3901 2334 3955 λουσι
2364 3900 2473 3973 γὰρ
2503 3902 2632 3971 ὑμῖν
2657 3895 2718 3954 εὖ
2749 3898 3011 3970 πράττειν
3042 3895 3106 3966 (j)
3131 3935 3145 3959 ,
3195 3893 3329 3957 Θεὸς
3358 3892 3578 3963 ἕτοιμος
3611 3891 3691 3953 εἰς
3716 3886 3779 3941 τδ

2183 3994 2471 4066 παρέχειν.

2255 4084 2599 4153 Πλουτάρκ.
2637 4113 2706 4123 —
2744 4085 2807 4137 'H
2859 4081 3145 4151 φρόνησις,
3184 4077 3246 4130 οὑ
3302 4075 3598 4146 σωμάτων,
3641 4071 3780 4127 ἀλλά

2185 4176 2530 4248 πραγμάτων
2563 4176 2686 4244 ὄψις
2723 4174 2840 4228 ἐστὶ
2866 4215 2882 4239 ,
2915 4173 3044 4243 πρὶν
3081 4172 3139 4223 ὲν
3181 4169 3367 4230 αὐτοῖς
3396 4163 3652 4235 γενέσθαι
3689 4162 3781 4217 τὸν

2185 4266 2496 4337 ἀνθρωπονο
2527 4268 2678 4329 ὅπως
2704 4263 3190 4337 ἀρισταρχρήσεται
3212 4262 3326 4322 τοῖς
3361 4256 3652 4312 ἀπαντῶσι
3678 4256 3778 4309 καὶ

482 4367 570 4428 ut,
596 4376 720 4417 cum
745 4362 1115 4423 occurrerint,
1145 4362 1215 4416 iis
1249 4372 1440 4433 postea
1469 4363 1681 4433 optime
1712 4370 1918 4417 utatur.
1949 4361 2075 4419 Cor-

2189 4359 2685 4433 προστυγχάνουσι,
2713 4357 3027 4427 παρέχουσα
3049 4353 3364 4407 διασκοπεῖν
3379 4350 3441 4403 τὸ
3458 4348 3677 4419 μέλλον.
3702 4346 3778 4400 Τὸ

480 4465 594 4523 pus
635 4452 784 4507 enim
812 4460 941 4506 ante
977 4454 1160 4508 solum
1193 4453 1477 4508 oculatum
1513 4462 1639 4521 est;
1684 4461 1838 4510 retro
1871 4461 2082 4521 autem,

557 4588 709 4664 ‘Est
734 4592 791 4649 in
819 4592 987 4650 Gesn.
1017 4593 1237 4652 Stobazo
1264 4609 1321 4660 ,c,
1350 4594 1438 4650 29.
1484 4612 1536 4666 p.
1568 4596 1654 4652 95.

2197 4451 2296 4523 μὲν
2325 4446 2420 4505 οὖν
2452 4450 2613 4521 σῶμα
2633 4491 2648 4516 ,
2679 4448 2869 4520 πρόσω
2916 4462 3019 4500 που
3051 4445 3212 4516 μόνον
3247 4442 3593 4513 ὼμμάτωται
3613 4456 3630 4472 ·
3671 4440 3784 4503 τοῖς

2024 4684 2254 4742 ΝΟΤᾸΕ.

559 4845 643 4914 (lt)
693 4844 898 4910 Βουνῑὴ
938 4842 1347 4915 εὐδοκιμήσει.
1393 4845 1531 4901 Sixt.
1568 4847 1957 4915 εὐδοκιμεῖται,
1987 4859 2084 4915 eoa

492 4912 621 4969 dem
648 4928 848 4984 sensu,
866 4922 928 4969 ut
954 4924 1087 4969 sunt
1112 4913 1258 4967 idem
1280 4915 1564 4984 deponens
1584 4926 1639 4970 ct
1666 4912 1960 4980 neutrum;
1988 4914 2084 4968 ubi

492 4998 608 5041 non
638 4984 780 5038 bene
830 4983 1058 5038 Sixtina:
1110 4983 1367 5053 interpr.’
1396 4984 1686 5040 Consilium
1733 4987 1860 5039 bene
1890 4984 2082 5054 placet,

491 5054 633 5136 sicsi
663 5062 811 5108 esset
826 5054 1149 5136 εὲδοκεῖίται,
1178 5055 1323 5136 quod
1348 5055 1489 5109 forte
1519 5057 1721 5136 legerit
1741 5056 1925 5136 iulg.)
1952 5054 2084 5136 dum

497 5134 557 5194 et
579 5123 697 5194 ipse
723 5121 1000 5194 consilium
1027 5121 1412 5194 bencplacitum
1439 5121 1641 5179 reddit.
1673 5121 1872 5180 Melius
1896 5125 2085 5194 igitur,

494 5192 1091 5274 claﬁebit,_prwstaliit,
1130 5192 1352 5263 majoris
1399 5196 1531 5274 erit2
1567 5211 1690 5274 quae
1739 5192 2089 5274 apertissima

500 5264 658 5319 vocis
688 5262 841 5317 notio
866 5271 973 5326 est,
1001 5262 1118 5332 ipsa
1144 5262 1253 5317 una
1279 5262 1600 5319 commoda;
1618 5262 1871 5318 Menoch.
1900 5262 2089 5317 Consi-

500 5332 638 5387 lium
677 5333 1297 5403 approbatur.iPrudens
1344 5336 1483 5388 enim
1519 5333 1817 5397 consilium,
1863 5348 1997 5386 auro
2041 5339 2091 5385 et

506 5402 729 5473 argento
774 5402 1127 5475 prccstabilius
1171 5412 1267 5457 est.
1312 5404 1503 5475 Tigur.
1534 5403 1833 5459 Prudentia
1868 5410 2095 5472 utraque

504 5472 997 5526 commendabilior.
1388 5472 1404 5475 ’
1736 5496 1743 5509 ε

577 5540 645 5612 (i)
686 5539 1031 5614 Ἰμάντωσις
1061 5541 1302 5614 ξυλίνη.
1336 5545 1506 5599 Recte
1530 5543 2097 5614 VulgaLoramentum

511 5610 765 5682 ligneum,
798 5610 1109 5681 colligatum
1132 5614 1189 5665 in
1213 5613 1555 5682 fundamento
1578 5610 1823 5682 aediﬁcii;
1849 5622 1911 5667 ut
1932 5612 2092 5681 signi-

512 5681 710 5753 licetur
734 5695 1043 5753 sermonem
1073 5697 1193 5753 esse
1214 5681 1287 5737 de
1316 5699 1381 5737 ea
1412 5681 1688 5753 lignorum
1712 5691 1865 5753 strue
1890 5689 1946 5736 et
1971 5681 2101 5753 sub-

512 5748 772 5813 scudum,
820 5764 941 5817 quae
988 5750 1346 5808 fundamento
1392 5748 1614 5824 jaéitur,
1661 5752 1755 5809 ubi
1802 5761 1949 5808 terra
1983 5752 2100 5822 ipsa

2180 4841 2358 4913 impar
2418 4842 2549 4896 moli
2614 4841 2836 4898 aediﬁcii
2884 4838 3556 4913 judicatupuNecal‘iud
3606 4840 3786 4913 voluit

2187 4908 2346 4965 Su'id.
2380 4926 2504 4966 cum
2552 4913 2627 4967 ita
2661 4908 2909 4981 exponit,
2953 4913 3099 4972 δέσις
3145 4909 3317 4981 ξύλων
3363 4908 3792 4978 ἐμϐαλλομένων

2188 4986 2245 5035 ὲν
2269 4985 2378 5045 τοῖς
2400 4980 2819 5053 οἰκοδομήμασι,
2847 4981 3129 5053 Colligatio
3157 4980 3422 5053 lignorum
3446 4988 3496 5032 et
3523 4996 3788 5040 asserum,
3810 5051 3813 5053 ς

2189 5067 2306 5123 qua:
2331 5053 2387 5123 in
2417 5051 3029 5121 (adiﬁciis'fztndamento
3058 5051 3368 5123 iaciuntur;
3415 5064 3518 5123 nec
3561 5064 3792 5103 necesse

2191 5119 2316 5204 cum
2339 5119 2841 5204 Porta'intelligere
2867 5123 2936 5177 de
2957 5119 3122 5204 lignis
3146 5119 3618 5204 quibusparietes
3646 5133 3793 5204 (ξριτιξ

2194 5193 2516 5256 mittuntur,
2568 5201 2624 5246 et
2676 5189 2737 5246 ut
2772 5192 2921 5245 δέσιν
2962 5189 3069 5244 τῶν
3108 5190 3305 5259 τοίχων
3350 5190 3624 5256 legamus.
3671 5189 3788 5242 Non

2197 5263 2346 5317 enim
2383 5262 2508 5325 hoc,
2536 5262 2629 5315 sed
2659 5262 2792 5316 illud
2829 5264 2911 5317 sic
2937 5261 3162 5317 demum
3196 5258 3396 5321 ﬁrmat,
3432 5268 3493 5312 ut
3536 5274 3641 5313 nec
3677 5267 3780 5310 ter-

2202 5347 2273 5386 ra:
2322 5341 2471 5386 motu
2522 5332 2835 5401 dejiciatur.
2880 5332 3021 5387 Illud
3075 5331 3133 5382 ὲν
3176 5328 3358 5399 καιρῷ
3400 5329 3463 5401 ου
3511 5327 3791 5401 δειλιάσει.

2192 5402 2340 5472 quod
2385 5413 2491 5465 est,
2527 5397 2603 5454 ἐπ’
2629 5410 2882 5472 tempore,
2914 5401 3007 5472 sub
3038 5403 3213 5470 ipsum
3240 5397 3539 5472 periculum
3575 5398 3794 5467 ejusque

2195 5470 2336 5535 alea,
2365 5488 2476 5525 non
2507 5472 2647 5526 bene
2674 5470 2842 5526 Gesn.
2881 5471 3296 5539 nullo_tempore
3327 5470 3685 5539 pertimescat.

2269 5542 2287 5611 ί
2299 5541 2328 5611 j
2351 5539 2368 5611 )
2406 5540 2666 5595 Θέλουσι
2686 5543 2797 5611 γὰρ
2820 5542 2966 5610 ὑμῖν
2993 5537 3062 5594 εὖ
3086 5537 3389 5611 πρᾶττειῂ.
3419 5538 3488 5591 Et
3517 5537 3614 5611 hic
3636 5537 3797 5611 Igna-

2198 5603 2328 5677 tiu‘s',
2352 5603 2428 5665 'dc
2456 5603 2735 5666 desiderio
2755 5603 2893 5666 boni
2919 5603 3141 5680 operis;
3159 5610 3318 5678 cujus
3349 5608 3500 5662 Deus
3565 5603 3796 5680 faculta-

2199 5672 2589 5762 tcm'prmstct,
2636 5681 2757 5751 ipso
2800 5672 3049 5749 auctore,
3081 5690 3136 5736 et
3172 5672 3243 5734 ut'
3276 5686 3525 5748 oportet,
3575 5672 3799 5731 desides

2201 5762 2473 5808 ranttbus.
