4068 6142
306 349 410 412 733

1616 357 1784 418 Ι.Οεί
1819 357 1968 415 (ῘΟΜ
1979 358 2255 420 ΜΠΝΕΞ.

3461 345 3566 410 734

307 461 365 515 δὲ
419 457 666 521 ὖπισθεν,
723 459 920 530 τυφλόν
963 462 1128 515 ἐστιν.
1165 462 1228 516 Ἡ
1276 461 1330 515 δὲ
1379 461 1610 527 διάνοια,
1665 469 1759 520 καὶ
1813 469 1879 520 τὰ

2003 482 2188 522 meum
2213 473 2317 520 est.
2352 450 2519 519 Menti
2549 476 2684 517 vero
2717 469 3116 532 comparatum,
3156 475 3220 516 ea
3251 459 3414 521 etiam
3443 474 3566 528 quae

309 551 690 623 παρῳχημένα
720 550 940 621 βλέπειν
964 555 1030 622 τῇ
1061 553 1250 624 μνήμῃ
1279 552 1546 620 πέφυκεν.

351 659 359 668 ·
387 643 614 712 ’Δφρων
639 641 952 712 αὐθημερδν
988 642 1299 711 ἐξαγγέλλει
1330 643 1507 714 ὀργὴν
1531 645 1720 700 αὐτοῦ.

391 841 508 904 Πᾶς
539 833 774 912 Ἑφρων,
809 839 969 904 εὐθὺς
1001 840 1094 895 καὶ
1137 841 1476 913 μικρόψυχος
1521 843 1626 916 (k)'
1671 847 1735 900 οὐ
1784 847 1894 919 γάρ

317 931 437 985 ἔστι
464 931 686 1001 πάγιος.

391 1042 414 1074 ⁸
447 1043 516 1096 Et
540 1042 670 1096 ποτέ
695 1059 817 1096 τινα
851 1041 1094 1112 ἑώρακεν
1129 1043 1534 1114 ἁμαρτάνοντα,
1565 1047 1741 1120 ἔλεγε·
1767 1053 1892 1124 Μή·

321 1149 453 1187 ποτε
480 1133 574 1186 καὶ
598 1131 710 1200 ἐγὼ
739 1134 964 1204 τοιούτῳ
996 1136 1296 1206 περιπέσω.

389 1222 763 1294 Μενάνδρου.
791 1254 863 1266 --
885 1225 1136 1280 ’Λπαντα
1173 1226 1335 1281 δοῦλα
1373 1229 1467 1283 τοῦ
1499 1232 1716 1302 φρονεῖν
1754 1230 1890 1286 καθ-

327 1314 560 1370 ίσταται.

390 1425 776 1496 Βουλευόμενοι
811 1427 1232 1498 παραδείγματα
1273 1430 1554 1486 ποιοῦνται
1586 1433 1894 1505 παρεληλυ-

323 1516 454 1572 θότα
479 1518 586 1570 τῶν
617 1515 942 1587 μελλόντων.
961 1517 1036 1570 Τδ
1061 1517 1170 1588 γὰρ
1199 1519 1426 1586 ἀφανὲς,
1453 1522 1516 1574 ἐκ
1531 1522 1624 1576 τοῦ
1653 1525 1890 1595 φανεροῦ

322 1606 584 1683 ταχίστην
607 1607 718 1678 ἔχει
741 1607 840 1680 τὴν
861 1608 1172 1676 διάγνωσιν.

1993 558 2273 628 praeterita
2321 565 2450 613 sunt
2500 555 2766 611 memoria
2807 567 3059 609 cernere.

2070 647 2222 702 Prov.
2255 665 2350 713 xu,
2402 648 2490 703 16.
2529 677 2597 688 --
2617 646 2889 717 lnsipiens
2923 645 3118 700 eadem
3169 642 3260 698 die
3315 641 3571 698 enuntiat

1993 737 2130 793 iram
2181 754 2359 794 suam.
3292 739 3302 744 ’

2061 828 2222 884 Prov.
2264 845 2375 894 xw,
2406 827 2804 884 29.—-Omnis
2849 827 3138 897 insipiens,
3176 824 3356 895 palam
3400 823 3567 879 etiam

1993 917 2194 988 pusillo
2209 919 2396 973 animo
2416 926 2502 974 est
2529 939 2542 974 :
2569 934 2680 974 non
2701 918 2848 973 enim
2874 915 3066 971 ﬁrmus
3083 923 3137 970 et
3157 914 3376 970 stabilis
3402 921 3506 968 est.

2063 1028 2119 1084 Si
2153 1029 2377 1099 quando
2426 1030 2666 1100 aliquem
2711 1034 3032 1100 peccantem
3083 1024 3568 1088 animadverteret,

1993 1119 2217 1175 dicebat
2247 1137 2261 1174 :
2309 1121 2390 1176 Ne
2435 1129 2492 1174 et
2521 1135 2626 1190 ego
2653 1121 2710 1174 in
2757 1119 2865 1172 tale
2891 1115 3178 1187 quidpiam
3212 1113 3476 1168 incidam.

2062 1209 2620 1274 Menandri—Nihil
2671 1224 2784 1264 non
2831 1207 3044 1263 servire
3090 1205 3237 1276 (tegit
3282 1203 3388 1259 sibi
3434 1216 3570 1273 pru-

1992 1298 2202 1354 dentia.

2062 1432 2114 1509 Is
2147 1430 2244 1502 qui
2267 1431 2372 1486 init
2397 1430 2712 1493 consilium,
2742 1445 2866 1498 qua:
2889 1433 3022 1482 sunt
3053 1423 3362 1494 praeterita,
3387 1436 3574 1477 exem-

1992 1524 2082 1594 pla
2114 1523 2222 1578 sibi
2255 1521 2569 1577 futurorum
2599 1521 2749 1576 facit.
2774 1519 2930 1586 Quod
2961 1517 3109 1573 enim
3143 1515 3440 1570 obscurum
3465 1520 3570 1575 est,

1992 1631 2061 1671 ex
2098 1630 2165 1670 eo
2200 1613 2345 1682 quod
2397 1623 2482 1668 est
2531 1611 2884 1666 manifestum
2937 1606 3228 1664 celerrime
3275 1603 3572 1674 diiudicari

1993 1721 2059 1760 ac
2093 1703 2334 1760 discerni
2365 1704 2566 1774 potest.

383 1781 744 1850 ’1σοκρὰτ.-
759 1782 818 1838 '0
837 1785 1024 1848 κακῶς
1043 1786 1344 1858 διανοηθεὶς
1364 1805 1430 1842 πε
1441 1789 1494 1860 pl.
1513 1787 1623 1842 τῶν
1645 1789 1890 1854 οἰκείων,

2063 1795 2334 1849 Isocratis.
2357 1825 2428 1835 ——
2445 1793 2550 1860 Qui
2578 1792 2648 1848 de
2677 1792 2795 1847 suis
2829 1790 2997 1846 rebus
3025 1787 3168 1844 male
3191 1786 3408 1852 statuit,
3432 1800 3575 1840 nun-

323 1872 577 1927 οὐδέποτε
611 1873 792 1938 καλῶς
825 1873 1173 1944 βουλεύσεται
1208 1879 1336 1948 περὶ
1367 1879 1477 1931 τῶν
1504 1875 1821 1950 ἀλλοτρίων.

397 1963 710 2033 Κλειτάρχ.
742 1994 816 2006 --
852 1963 916 2018 Ἢ
952 1968 1104 2037 ἰσχὺς
1139 1966 1235 2021 τοῦ
1271 1965 1522 2038 σώματος
1562 1967 1636 2039 μὴ
1664 1967 1898 2035 γινέσθω

322 2055 422 2125 τῆς
453 2053 631 2124 ψυχῆς
659 2051 912 2134 ᾁσθένεια
931 2071 948 2088 ·
983 2057 1137 2128 ίσχὺν
1162 2057 1220 2110 δὲ
1252 2056 1434 2128 ψυχῆς
1455 2096 1470 2122 ,
1511 2055 1772 2128 φρόνησιν
1813 2055 1899 2108 νό-

328 2145 478 2216 μιζε.

395 2236 742 2306 Δημώνακτ.
770 2266 840 2280 —-
880 2239 970 2292 ’Ev
1000 2236 1301 2308 ἀλλοτρίως
1336 2237 1743 2310 παραδείγμασι
1774 2237 1902 2291 παί-

325 2327 449 2381 δευε
492 2331 736 2392 σεαυτὸν,
767 2329 858 2384 καὶ
884 2328 1232 2399 ἀπαθὴςιτῶν
1260 2327 1447 2382 κακῶν
1478 2329 1599 2401 ἔσῃ.

410 2419 871 2487 Ἀριστείδου.-
891 2419 965 2474 Τὸ
996 2421 1096 2490 μὲν
1123 2421 1278 2492 νικᾷν
1306 2421 1364 2473 ὲν
1387 2423 1508 2484 ταῖς
1545 2418 1762 2489 μάχαις,
1805 2417 1898 2474 καὶ

326 2509 440 2569 τοῖς
503 2507 728 2576 φαύλοις
781 2507 1042 2571 πολλάκις
1093 2509 1470 2579 περιγίνεται·
1528 2509 1789 2578 φρονήσει
1845 2507 1900 2561 δὲ

327 2596 423 2650 καὶ
449 2598 612 2668 σοφίᾳ
641 2599 862 2669 κρατεῖν
881 2596 1162 2666 δύνασθαι,
1201 2599 1362 2669 μόνον
1391 2598 1509 2652 ἐστὶ
1533 2599 1643 2653 τῶν
1677 2597 1898 2652 εἰδότων

327 2684 697 2755 βουλεύεσθαι.

397 2775 809 2842 ratam—Eun;
819 2775 1030 2844 ρονὲστε
1039 2791 1130 2846 ρον
1145 2768 1297 2846 οἶμαι
1314 2775 1408 2829 τοῦ
1431 2775 1565 2846 μετὰ
1581 2775 1674 2828 τοῦ
1695 2774 1899 2838 πάθους

327 2866 599 2936 ἔγκαλεϊν,
623 2867 684 2920 τὸ
712 2869 837 2938 πρὶν
867 2865 1060 2920 παθεῖν
1085 2865 1424 2936 φυλάξασθαι
1445 2866 1539 2920 τοῦ
1572 2869 1646 2938 μὴ
1678 2865 1896 2922 παθεῖν.

398 3041 1129 3115 Δημοκράτ.-Φρονήσεως
1157 3041 1335 3112 ἔργον.
1355 3042 1659 3113 μέλλουσαν
1683 3041 1898 3096 ἀδικίαν

1997 1901 2163 1956 quam
2211 1886 2408 1940 alienis
2439 1885 2582 1939 bene
2622 1881 2986 1938 consuluerit.

2069 1973 2647 2030 Clitarchi.—Robur
2693 1971 2947 2042 corporis
3018 1982 3152 2023 cave
3205 1963 3377 2020 animi
3416 1961 3572 2017 inﬁr-

1999 2065 2164 2118 mitas
2209 2063 2280 2116 sit
2313 2081 2326 2116 :
2361 2063 2532 2118 animi
2587 2073 2772 2117 autem
2811 2059 2985 2114 robur
3017 2065 3185 2126 atque
3231 2054 3344 2108 vim
3377 2059 3573 2122 reputa

1998 2153 2372 2224 prudentiam.

2068 2243 2379 2299 Demonact.
2416 2275 2487 2285 —
2513 2243 2728 2299 Alienis
2766 2247 2833 2297 te-
2862 2238 3131 2312 exemplis
3177 2235 3422 2301 erudito,
3471 2247 3578 2288 nec

1997 2336 2302 2407 quidquam
2341 2321 2486 2389 mali‘
2524 2333 2776 2404 patieris.
3230 2401 3232 2403 ν

2067 2426 2428 2481 Ανὶετίάὶεμε-
2451 2417 2679 2480 Vincere
2711 2423 2766 2476 in
2800 2421 3026 2492 przeliis,
3069 2417 3236 2473 etiam
3283 2413 3574 2485 improbis,

1999 2531 2378 2586 saepenumero
2408 2513 2678 2584 contingit
2705 2531 2718 2567 :
2745 2510 3040 2584 prudentia
3065 2523 3198 2571 vero
3223 2515 3282 2561 et
3307 2504 3577 2574 sapientia

1998 2624 2160 2678 posse
2206 2609 2454 2672 vincere,
2492 2603 2549 2659 id
2585 2603 2812 2659 demum
2839 2615 3034 2656 eorum
3081 2607 3188 2664 est,
3225 2595 3320 2668 qui
3345 2593 3578 2652 consilio

1999 2698 2239 2751 valeant.

2071 2787 2230 2857 535
2252 2779 2812 2842 Caii.—Prudentius
2833 2778 3094 2842 arbitror,
3112 2776 3430 2846 priusquam
3452 2783 3582 2826 eve-

1999 2878 2166 2942 nerit,
2210 2889 2407 2930 cavere
2440 2889 2510 2928 ne
2551 2872 2754 2926 malum
2797 2869 3040 2932 eveniat,
3079 2880 3245 2937 quam
3287 2870 3577 2935 postquam

1999 2968 2271 3034 evenerit,
2321 2964 2457 3020 illud
2500 2977 2785 3018 accusare.
3370 2984 3377 2993 -
3588 2952 3596 2960 "

2072 3041 2804 3114 Democr-aL—Prudentiae
2851 3065 3056 3106 munus
3100 3054 3206 3115 est,
3245 3062 3410 3117 quam
3454 3045 3581 3116 quis

331 3135 689 3208 φυλάξασθαι·
724 3133 1056 3205 ἀναλγησίας
1091 3133 1152 3205 (ι)
1183 3132 1260 3198 δὲ,
1295 3123 1590 3204 γενομένης
1635 3131 1712 3203 μὴ
1756 3132 1899 3203 ἀμύ-

2003 3155 2262 3209 illaturus
2286 3150 2357 3205 sit
2391 3147 2646 3220 iniuriam
2681 3159 2910 3209 cavere;
2939 3139 3182 3210 stuporis
3211 3146 3418 3203 autem,
3453 3153 3578 3192 cum

331 3228 542 3284 ναοθαι.

401 3320 696 3386 Σόλωνος.
719 3344 790 3358 -—
813 3315 888 3370 Συ
896 3313 1160 3388 μϐούλευε
1179 3353 1195 3379 ,
1227 3313 1302 3386 μὴ
1325 3313 1392 3368 τὰ
1416 3313 1630 3386 ἥδιστα,
1658 3313 1796 3366 ἀλλὰ
1832 3313 1902 3366 τὰ

329 3411 547 3484 ἄριστα.

417 3501 790 3570 Ἐπικτήτου.
821 3530 892 3545 —
920 3496 1189 3554 Βουλεύου
1224 3496 1396 3553 πολλὰ
1429 3496 1559 3570 περὶ
1591 3495 1684 3550 τοῦ
1720 3495 1902 3564 λέγειν

331 3611 385 3648 τι
417 3591 451 3664 ἢ
480 3593 765 3664 πράττειν·
797 3591 858 3644 οὐ
910 3589 1020 3661 γὰρ
1049 3587 1194 3654 ἔξεις
1237 3587 1420 3643 ἄδειαν
1461 3587 1902 3642 ἀνακαλέσασθαι

330 3686 401 3740 τὰ
420 3685 678 3755 λεχθέντα
705 3683 739 3754 ἢ
770 3681 1104 3754 πραχθέντα.

401 3778 645 3842 Βίας.-
660 3776 733 3829 Τὸ
758 3775 858 3845 μὲν
888 3773 1107 3844 ἰσχυρὸν
1137 3770 1216 3842 τῷ
1251 3769 1463 3841 σώματι
1487 3769 1760 3838 γενέσθαι,
1798 3769 1904 3838 φύο,

333 3885 470 3932 σεως
494 3867 682 3938 ἔργον·
716 3867 779 3920 σεδ
797 3865 856 3919 δὲ
882 3865 1063 3932 λέγειν
1090 3863 1157 3916 τὰ
1188 3861 1536 3932 συμφέροντα
1564 3865 1629 3933 τῇ
1657 3861 1900 3933 πατρίδι,

329 3957 510 4030 ψυχῆς
536 3957 666 4010 ἴδιον
695 3955 788 4009 καὶ
809 3955 1143 4024 φρονήσεως.

414 4051 473 4102 .0
507 4046 668 4110 αὐτὸς
693 4045 1012 4119 ἐρωτηθεὶς.
1051 4045 1134 4108 τίς
1163 4045 1383 4118 ἄριστος
1409 4045 1732 4115 σύμϐουλος,
1761 4044 1864 4115 ἔφη
1884 4062 1898 4075 ·

337 4141 404 4193 ὐ
437 4138 648 4209 καιρός.

402 4230 544 4292 Τοὺς
581 4228 878 4300 φρονίμους
917 4227 1072 4295 ἔλεγε
1118 4227 1318 4297 μᾶλλον
1351 4225 1454 4280 ὑπὸ
1491 4227 1599 4278 τῶν
1629 4227 1899 4300 ἀφρόνων,

331 4323 366 4394 ἦ
391 4322 518 4386 τοὺς
541 4321 778 4391 ἄφρονας
809 4320 914 4372 ὑπὸ
941 4319 1048 4372 τῶν
1084 4319 1362 4388 φρονίμων
1386 4318 1713 4386 ὠφελεῖσθαι
1731 4334 1748 4350 ·
1778 4319 1902 4372 τού-

331 4431 460 4476 τους
502 4413 601 4484 μὲν
645 4413 752 4483 γὰρ
803 4408 1170 4479 φυλάττεσθαι
1195 4408 1294 4471 τὰς
1336 4409 1558 4463 ἐκείνων
1591 4409 1898 4481 ἁμαρτίας-

332 4505 577 4567 ὲκείνους
606 4503 662 4556 δὲ
681 4543 696 4568 ,
723 4504 822 4564 τὰς
849 4500 1055 4554 τούτων
1085 4500 1160 4572 μὴ
1199 4499 1486 4571 μιμεῖσθαι
1513 4500 1900 4572 κατορθώσεις.

360 4631 364 4633 ›
403 4595 498 4646 Δεῖ
539 4592 630 4646 τὸν
662 4590 866 4660 ἀγαθὸν
899 4590 1097 4663 ἄνδρα,
1131 4591 1440 4662 μεμνῆσθαι
1469 4592 1568 4664 μὲν
1610 4592 1718 4646 τῶν
1747 4609 1902 4662 γενο-

337 4683 536 4756 μένων,
567 4683 832 4752 πράττειν
864 4681 921 4735 δὲ
961 4680 1030 4734 τὰ
1066 4681 1364 4737 ἐνεστῶτα·
1400 4685 1526 4755 περὶ
1555 4682 1612 4737 δὲ
1638 4683 1746 4739 τῶν
1781 4684 1906 4756 μελ-

333 4774 536 4829 λόντων
563 4773 972 4846 ἀσφαλίζεσθαι.

404 4893 429 4926 ³
456 4892 622 4948 Deest
643 4890 890 4948 auctoris
913 4900 1134 4946 nomen.

2002 3246 2151 3302 illata
2191 3242 2286 3306 sit,
2325 3255 2436 3295 non
2491 3237 2683 3292 ulcisci
2725 3251 2792 3290 ac
2839 3233 3148 3304 depellere.

2071 3328 2648 3390 Solonis.—-Consule
2683 3341 2796 3382 non
2835 3339 2958 3396 qua:
2995 3319 3399 3395 iucundissima
3429 3326 3578 3386 sunt,

2001 3421 2098 3479 sed
2149 3435 2272 3491 quae
2315 3418 2542 3489 optima.
3131 3405 3138 3413 ’

2071 3508 2666 3584 Epicteti.—-Multum
2711 3504 2981 3570 delibera,
3033 3517 3159 3558 cum
3199 3497 3334 3569 quid
3391 3497 3583 3553 dicen-

2001 3603 2132 3660 dum
2174 3610 2270 3657 aut
2300 3599 2570 3670 agendum
2601 3595 2870 3652 habueris
2906 3611 2920 3647 :
2952 3608 3057 3648 nec
3099 3591 3249 3648 enim
3280 3597 3342 3644 ut
3371 3605 3434 3644 ea
3459 3602 3580 3658 quae

2001 3697 2149 3751 dicta
2187 3695 2398 3749 factave
2436 3691 2664 3754 fuerint,
2703 3701 2954 3751 revoces,
2987 3685 3078 3740 tibi
3112 3683 3351 3738 liberum
3378 3680 3506 3736 erit.

2071 3785 2302 3840 Biantis.
2325 3781 2665 3837 —Robusto
2697 3788 2754 3836 et
2780 3777 2989 3833 valenti
3019 3791 3140 3832 esse
3182 3789 3436 3844 corpore,
3482 3786 3583 3826 na-

2003 3887 2140 3933 turae
2188 3891 2390 3930 munus
2421 3881 2506 3928 est
2540 3889 2554 3926 :
2587 3871 2774 3926 dicere
2809 3878 2994 3924 autem
3027 3883 3092 3922 ea
3117 3882 3238 3937 qua:
3259 3866 3448 3934 patrize
3476 3863 3588 3918 uti-

2000 3968 2075 4022 lia
2112 3967 2245 4030 sint,
2285 3963 2340 4018 id
2389 3955 2560 4016 animi
2605 3959 2892 4030 proprium
2933 3964 3018 4012 est
3050 3971 3114 4010 ac
3147 3953 3472 4025 prudentiae.

2070 4059 2220 4114 ldem
2259 4057 2652 4124 interrogatus,
2706 4051 2833 4121 quis
2871 4047 3125 4120 ‘optimus
3153 4040 3586 4100 essetconsilia-

2004 4149 2121 4204 rius
2167 4135 2480 4215 :Temp’us,
2540 4142 2738 4212 inquit.

2067 4239 2380 4296 Prudentes
2425 4235 2648 4290 dicebat
2693 4233 2866 4304 magis
2900 4229 3108 4301 aliquid
3142 4227 3210 4282 ab
3261 4223 3591 4296 impruden-

2007 4329 2176 4392 tibus,
2217 4343 2380 4398 quam
2427 4326 2812 4397 imprudentes
2849 4339 2880 4376 a
2919 4318 3285 4392 prudentibus
3333 4314 3594 4370 utilitatis

2007 4426 2227 4488 captare
2265 4436 2277 4470 :
2312 4417 2416 4471 hos
2466 4417 2615 4471 enim
2661 4415 2880 4469 illorum
2939 4424 3138 4466 cavere
3187 4417 3404 4471 errata;
3467 4405 3607 4459 illos.

1961 4482 1979 4528 )
2009 4518 2195 4565 autem
2228 4524 2337 4564 non
2372 4509 2584 4563 imitari
2613 4508 2812 4562 horum
2843 4506 3081 4558 virtutes
3117 4517 3181 4556 ac
3207 4509 3356 4554 recte
3389 4496 3551 4551 facta.

2083 4598 2277 4653 Virum
2309 4599 2517 4652 bonum
2549 4597 2710 4652 decet
2741 4592 3024 4664 praeterita
3058 4587 3323 4644 memoria
3369 4595 3552 4640 tenere
3571 4603 3605 4646 :,_

2009 4703 2130 4758 quae
2155 4688 2442 4758 praesentis
2485 4685 2750 4757 temporis
2777 4684 2890 4740 sint
2935 4696 3138 4753 agere;
3181 4694 3245 4734 ac
3273 4677 3474 4733 futuris
3502 4675 3602 4731 di~

2011 4779 2243 4850 Iigenter
2290 4778 2630 4848 prospicere.

1749 4988 1753 4992 ·
1847 4965 2080 5023 NOTAE.

409 5114 482 5186 (It)
509 5114 707 5186 Εὐθὺς
730 5113 830 5186 καί
857 5115 1248 5186 μικρόψυχος.
1277 5113 1413 5186 Ejus
1433 5115 1586 5171 vocis
1613 5116 1720 5171 hoc
1745 5132 1909 5173 sensu

333 5182 650 5254 exemplum
682 5193 768 5239 est
799 5183 854 5254 in
885 5182 1050 5236 Thes.
1085 5183 1232 5236 Istud
1277 5185 1420 5254 satis
1453 5194 1737 5253 apertum;
1771 5202 1836 5241 ac
1867 5188 1912 5242 si

335 5252 524 5324 dicati:
551 5253 774 5318 Statim,
793 5253 1174 5324 citraomnem
1195 5252 1708 5324 ambagem’pusillo
1731 5257 1914 5310 animo

1566 5325 1670 5378 uod
1703 5325 1794 5380 hic
1827 5326 1913 5380 di-

335 5404 521 5465 cetur,
538 5408 703 5460 quam
723 5391 870 5465 quod
897 5401 982 5446 est
1005 5391 1302 5465 Prov‘._x1v,
1324 5391 1489 5465 29.1)
1519 5391 1576 5446 δὲ
1597 5394 1916 5465 όλιγόψυχος

335 5408 513 5457 cetur,
538 5408 703 5460 quam
722 5408 870 5514 guou
897 5408 982 5446 εει
1007 5408 1168 5472 Prov:
1192 5408 1302 5454 xw,
1324 5408 1412 5446 zu.
1447 5408 1489 5446 U
1519 5408 1576 5446 οε
1597 5408 1909 5465 ολιγοψυχος

335 5462 546 5586 ﬁcbol.
584 5479 720 5545 μικρ
755 5462 940 5543 ίιυχος3
965 5461 1112 5544 quod
1143 5460 1285 5514 Idem
1309 5461 1412 5532 est)
1442 5463 1673 5546 ἰσχυρῶς
1700 5464 1909 5532 ἄφρων.

384 5531 704 5586 usrllammts
729 5530 882 5584 valde
921 5547 1194 5586 mstmens.
1226 5531 1293 5584 Et
1327 5539 1387 5586 ut
1422 5532 1657 5586 alicuius
1685 5534 1909 5586 Patrum

384 5530 704 5587 usillanimis
729 5530 882 5602 valde
921 5531 1206 5602 insipiens.
1226 5530 1401 5602 Ettrut‘
1422 5530 1657 5602 alicujus
1685 5530 1910 5588 Patrum

337 5602 670 5658 sententiam
717 5599 1063 5670 existimem,
1115 5600 1237 5670 qui,
1265 5599 1361 5656 illo
1409 5599 1734 5670 respexerit,
1786 5604 1915 5658 facit

339 5671 480 5725 ratio
499 5671 782 5740 adjuncta,
811 5669 872 5742 ος)
901 5671 1007 5736 γάρ
1031 5671 1143 5742 ἐστι
1171 5669 1386 5736 πάγιος.
1419 5669 1537 5742 Non
1565 5673 1703 5726 enim
1726 5671 1912 5742 firmus

338 5749 431 5795 aut
452 5738 699 5796 constans
721 5738 904 5805 cst;-in
924 5755 1032 5810 qua
1063 5739 1178 5808 ipsa
1203 5739 1506 5810 respexerit
1536 5742 1670 5796 illud
1693 5738 1910 5811 Siraelt,

333 5334 419 5379 est
471 5323 586 5379 Nec
627 5325 770 5378 forte
797 5322 947 5377 aliud
976 5322 1048 5376 sit
1091 5330 1186 5376 aut
1214 5322 1494 5390 respieiat,

2024 5119 2082 5172 Ὀ
2113 5117 2169 5191 de
2195 5119 2383 5191 ἄφρων
2400 5117 2475 5180 ὡς
2507 5111 3040 5191 σελήνηρλλοιοῦται
3061 5127 3234 5191 μνη,
3258 5100 3368 5191 ti.
3381 5107 3596 5191 Stultus

2011 5197 2069 5241 ut
2105 5180 2556 5252 luna'inutatur;
2587 5180 2731 5254 quod
2765 5199 2832 5239 ex
2865 5183 2954 5254 illa
2985 5181 3154 5254 animi
3184 5180 3594 5254 pusillitatejlli

2011 5258 2284 5326 provenit.
2322 5250 2542 5320 Hiatus,’
2571 5250 2740 5326 quem
2771 5253 2981 5326 notavit
3021 5250 3189 5308 Gesn.
3227 5250 3412 5326 nullus
3454 5251 3596 5305 alius

2011 5320 2249 5392 videtur,
2299 5342 2463 5396 quam
2506 5320 2659 5396 quod
2704 5322 2984 5396 Sapientis
3027 5335 3254 5396 nomen,
3302 5320 3464 5396 cujus
3511 5331 3598 5376 est

2013 5389 2251 5520 iequens'
2279 5389 2572 5458 sententia,
2597 5389 2885 5458 excide—rit,
2911 5391 3058 5462 quod
3088 5391 3146 5446 in
3173 5390 3262 5446 his
3287 5389 3455 5446 nimis
3477 5405 3600 5446 ere-

2056 5483 2176 5520 rum
2205 5475 2311 5520 est.

2056 5483 2176 5520 rum
2205 5475 2311 5521 est.

2087 5535 2176 5606 (ι)
2212 5533 2658 5606 γτΑναλγηᾳίας.
2696 5531 2916 5606 Excidit
2941 5545 3022 5606 Aea
3060 5545 3174 5584 vox.
3205 5528 3374 5606 _G_esn.
3420 5529 3598 5606 inter-

2015 5599 2176 5674 preti.
2207 5605 2303 5660 Est
2329 5599 2458 5658 vero
2481 5599 2711 5657 aﬂ'ectus
2735 5617 2832 5672 per
2862 5600 3139 5655 deiectum
3163 5599 3421 5674 vitiosus.
3447 5600 3600 5674 velut

2017 5669 2319 5730 indolentia
2367 5680 2423 5728 et
2463 5683 2673 5742 stupor,
2730 5669 2856 5742 eum
2893 5686 2998 5726 nec
3042 5669 3598 5742 suadenteratione,

2019 5744 2127 5799 ullo
2159 5743 2368 5802 doloris
2393 5751 2487 5799 aut
2520 5740 2890 5802 miserationis
2917 5757 3082 5798 sensu
3113 5740 3240 5812 quis
3268 5740 3526 5796 aﬂicitut‘.
