4068 6142
221 291 328 354 737

1543 277 1714 340 LOCI
1753 269 2194 334 COMMUNES.

3394 265 3508 330 738

297 402 515 476 Νεκρδς
547 401 608 457 οὑ
643 398 1027 471 στεφανοῦται.
1059 394 1246 460 Οὐδεὶς
1274 393 1479 456 δίκαιος
1509 389 1576 444 δι’
1613 389 1812 442 ἀδυνα-

1987 382 2242 436 Mortuus
2273 397 2477 437 corona
2525 396 2637 436 non
2677 381 2940 436 donatur.
2992 378 3166 434 Nemo
3212 378 3397 450 justus
3439 393 3509 432 eo

225 497 360 568 μίαν
389 493 586 550 κακοῦ.

298 591 393 644 Δεῖ
437 583 532 643 οὖν
597 587 690 640 τὸν
733 585 856 640 νοῦν
899 583 1087 652 ὥσπερ
1135 579 1259 635 τινὰ
1309 577 1651 649 κυϐερνήτην
1703 571 1814 626 ἀνω

225 683 541 754 καθήμενον
574 679 686 734 τῶν
715 678 925 741 παθῶν,
956 676 1052 730 καὶ
1077 672 1240 728 οἱονεὶ
1278 669 1452 740 πλοίῳ
1481 668 1581 738 τῆς
1611 666 1816 737 σαρκὸς

225 775 496 830 ιπιϐἀντα
515 791 528 805 ο
558 775 654 827 καὶ
694 771 974 844 ἐμπείρως
999 769 1127 831 τοὺς
1154 765 1447 836 λογισμοὺς
1475 760 1668 830 ὥσπερ
1701 757 1818 812 οἴα-

224 885 332 932 κας
372 867 850 938 περιστρέφοντα,
895 863 1233 916 καταπατεῖν
1284 856 1548 928 γενναίως
1599 853 1670 906 τὰ
1726 849 1818 904 κύο

229 973 414 1028 ματαο
457 955 796 1026 ὑψηλότερον
838 951 896 1006 δὲ
945 950 1270 1020 διαμένοντα
1317 945 1412 1000 καὶ
1455 941 1816 1012 δυσπρόσιτον

225 1045 356 1098 ὄντα
387 1045 500 1106 τοῖς
525 1041 778 1106 πάθεσιν,
810 1036 1063 1110 μηδαμοῦ
1101 1037 1199 1106 τῆς
1229 1037 1324 1090 ἀπ’
1355 1033 1537 1089 αὑτῶν
1568 1029 1814 1101 πικρίας,

228 1135 421 1206 ὥσπερ
453 1126 638 1205 ᾰλμὴς
665 1131 837 1196 τινὸς,
874 1127 1354 1198 ἀναπίμπλασθαι.

313 1417 633 1488 Θεολόγου.
670 1443 740 1456 —-
781 1413 1035 1468 Σύνοικον
1082 1407 1241 1480 αἱροῦ
1292 1407 1414 1478 μηδ’
1449 1405 1678 1476 ἀδελφὺν
1719 1407 1818 1476 ρᾳ-

231 1511 382 1574 δίως.

318 1601 686 1670 ’Υπέκκαυμα
708 1597 817 1668 γὰρ
841 1595 944 1664 τῆς
980 1593 1138 1647 νόσου
1162 1591 1224 1660 ,τί
1253 1591 1336 1644 δεῖ
1361 1589 1606 1660 βλέπειν;

305 1779 577 1850 Κρεῖσσον
609 1774 854 1846 κατηφὲς
881 1769 1036 1845 ἦθος,
1062 1771 1096 1842 ἢ
1129 1769 1526 1841 τεθρυμμὲνον.

305 1955 496 2026 Μύρον
528 1953 735 2024 δοχεῖον
768 1951 977 2021 σαπρὸν
1005 1947 1067 2002 οὑ
1104 1945 1440 2000 πιστεύεται.

307 2045 446 2101 Οῦτε
471 2045 606 2115 φλὸξ
633 2045 785 2115 μένει
809 2042 908 2112 τῆς
933 2039 1064 2109 ῦλης
1087 2037 1498 2108 δαπανηθείσης
1515 2037 1549 2100 ,“
1580 2032 1716 2088 ἀλλά
1748 2031 1828 2102 τῷ

184 2174 192 2186 ι
234 2137 530 2192 ἀνάπτοντι
581 2135 1017 2204 συναπέρχεταιο
1075 2129 1200 2184 οῦτε
1251 2128 1510 2196 λογισμὸς
1572 2121 1828 2194 ἐμπαθὴς

237 2230 532 2301 ὑφίσταται
562 2227 966 2298 μαραινομένου
1003 2223 1098 2276 τοῦ
1131 2219 1578 2290 ὑπεκκαύματος.

323 2403 634 2475 Ὀφθαλμδς
677 2399 956 2472 πορνεύων
991 2399 1052 2453 οὑ
1084 2397 1351 2468 φυλάσσει
1380 2395 1480 2464 τὴν
1508 2392 1827 2465 παρθενίαν.
1864 2462 1882 2474 _

239 2495 467 2548 Γλῶσσα
520 2492 862 2564 πορνεύουσα
918 2489 997 2560 τῷ
1035 2485 1258 2558 πονηρῷ
1323 2486 1601 2556 μίγνυται.
1665 2482 1832 2544 Πόδες

240 2586 454 2650 ἀτακτα
506 2585 782 2654 βαίνοντες
827 2581 1186 2636 ἐκκαλοῦνται
1218 2578 1375 2631 νόσον
1406 2576 1439 2648 ἢ
1472 2575 1721 2628 κίνδυνον
1751 2572 1831 2642 τῷ

238 2675 340 2746 νῷ.
373 2673 766 2744 Παρθενευέτω
795 2673 892 2726 καὶ
937 2673 972 2744 ἡ
1017 2672 1254 2725 διάνοιαο
1291 2668 1366 2740 μὴ
1397 2664 1686 2738 ρεμϐέσθω
1735 2665 1831 2718 καὶ

241 2766 558 2822 πλανάσθω.
615 2764 706 2836 Μὴ
758 2763 964 2826 τύπους
1003 2763 1060 2816 ὲν
1111 2762 1280 2830 ἑαυτῇ
1313 2759 1526 2829 φερέτω
1573 2754 1829 2826 πονηρῶν

243 2860 610 2931 πραγμάτων.
650 2857 757 2910 Καὶ
791 2859 819 2910 ό
851 2854 1042 2920 τύπος,
1077 2854 1244 2924 μέρος
1279 2852 1537 2924 πορνείας
1567 2849 1704 2904 ἐστί.
1736 2848 1828 2920 Μὴ

242 2949 657 3004 εἰδωλόποιείτω
694 2950 759 3020 τῇ
789 2948 938 3018 ψυχῇ
967 2945 1037 3000 τὰ
1069 2944 1395 3017 μισούμενα.

317 3129 616 3198 Χρυσοστ.
657 3159 726 3169 —-
755 3125 962 3196 Χλεύη,
989 3125 1058 3178 τὰ
1108 3105 1208 3194 μὲν
1232 3124 1330 3194 τῆς
1359 3120 1705 3184 παιδοποιίας
1735 3119 1827 3191 δρ-

241 3236 386 3290 γανα
409 3222 598 3291 τηρεῖν
627 3218 894 3288 παρθὲνα,
933 3216 1030 3290 τὴν
1056 3216 1112 3270 δὲ
1152 3215 1405 3283 γλῶσσαν
1437 3213 1513 3286 μὴ
1537 3217 1724 3285 τηρεῖν
1743 3228 1756 3242 ·
1790 3211 1824 3282 ἢ

241 3311 342 3383 τὴν
369 3309 621 3380 γλῶσσαν
659 3310 758 3380 μὲν
785 3310 995 3378 τηρεῖν,
1025 3308 1126 3380 τὴν
1154 3307 1210 3360 δὲ
1241 3306 1432 3378 ὅρασιν
1467 3305 1500 3377 ἢ
1527 3305 1625 3375 τὴν
1655 3303 1825 3375 ἀκοὴν

243 3403 277 3472 ῆ
311 3403 410 3466 τὰς
439 3403 626 3474 χεῖρας
653 3401 728 3472 μὴ
752 3403 942 3470 τηρεῖν
963 3417 977 3432 ·
1009 3398 1042 3470 ἢ
1077 3397 1251 3452 ταῦτα
1284 3397 1382 3468 μὲν
1413 3395 1558 3466 ἔχειν
1607 3395 1700 3449 καὶ
1729 3411 1828 3465 τη-

245 3495 360 3565 ρεῖν
396 3493 662 3564 παρθένα,
687 3494 786 3564 τὴν
815 3492 872 3546 δὲ
913 3491 1141 3564 καρδίαν
1174 3491 1249 3562 μὴ
1282 3491 1489 3562 τηρεῖν,
1518 3489 1636 3543 ἀλλ’
1673 3491 1824 3543 ἑταί-

247 3580 489 3649 ρίζεσθαι
520 3581 674 3652 τύφῳ
709 3581 803 3636 καὶ
829 3580 1008 3652 θυμῷ.

312 3763 406 3834 Μὴ
458 3763 964 3835 καταμαλάττωμεν
995 3764 1156 3834 ἡμῶν
1208 3764 1306 3835 τὴν
1341 3764 1515 3834 ἰσχὺν,
1568 3763 1701 3834 μηδὲ
1735 3764 1828 3817 ὲκ-

241 3855 536 3926 κόπτωμεν
563 3855 634 3909 τὰ
663 3855 833 3927 νεῦρα
861 3859 983 3920 ταῖς
1009 3856 1248 3926 ὁμιλίαις
1284 3873 1350 3908 τα
1365 3857 1528 3918 ἆταις.
1580 3856 1688 3908 Καὶ
1715 3854 1824 3925 γὰρ

241 3945 451 4013 ἄφατος
482 3945 578 3999 καὶ
608 3945 776 4018 πολλὴ
805 3951 924 4010 ταῖς
961 3946 1160 4018 ψυχαῖς
1187 3948 1344 4018 ήμῶν
1374 3946 1624 4000 ἐντεῦθεν
1655 3948 1828 4020 εἰσρεῖ

241 4037 433 4090 κακία.
479 4035 545 4090 Τί
573 4037 701 4108 γὰρ,
752 4039 802 4090 εί
849 4039 944 4092 καὶ
994 4037 1072 4110 μὴ
1122 4037 1529 4107 αἰσθανώμεθα,
1557 4040 1624 4110 τῇ
1671 4038 1827 4110 φιλίᾳ

245 4127 538 4198 μεθύοντες
560 4144 574 4191 ;
600 4127 772 4182 Τοῦτο
800 4132 909 4201 γὰρ
940 4131 1073 4184 αὑτὸ
1105 4129 1324 4184 πάντων
1355 4130 1470 4182 ἐστὶ
1499 4129 1822 4196 δεινότατον,

241 4222 326 4273 ὅτι
355 4221 478 4274 οὑδὲ
514 4221 670 4290 ῑσμεν
707 4224 855 4287 ὅπως
885 4223 1328 4297 ὲκνευριζόμεθα)
1366 4222 1460 4275 καὶ
1487 4223 1658 4294 κηροῦ
1691 4239 1824 4276 παν-

241 4311 332 4375 τὸς
361 4311 627 4382 γινόμεθα
649 4311 1046 4386 μαλακώτεροι.
1080 4313 1345 4383 Καθάπερ
1383 4313 1492 4384 γάρ
1525 4330 1610 4376 τις
1637 4312 1825 4366 λέοντα

1916 473 2141 528 nomine
2189 473 2338 542 quod
2373 473 2578 527 malum
2609 472 2792 527 facere
2827 485 2941 524 non
2985 476 3188 539 potest.
3495 530 3511 536 η

1988 564 2228 619 Mentem
2282 563 2453 634 igitur
2500 563 2683 627 decet,
2713 562 2878 616 velut
2897 557 3198 630 quemdam
3231 557 3506 628 guberna-

1917 663 2118 720 torem,
2163 654 2274 709 alte
2326 653 2500 708 animi
2553 649 3070 723 perturbationibus
3107 663 3172 703 ac
3218 648 3508 704 all’ectibus

1917 747 2289 816 superiorem,
2331 745 2597 814 velutque
2649 742 2931 809 navigium
2978 754 3203 796 carnem
3241 753 3508 794 conscen-

1918 839 2164 904 dentem,
2211 837 2690 910 cogitationesque
2735 851 2802 890 ac
2844 847 3090 888 rationes
3113 831 3269 886 velut
3307 830 3510 900 guber-

1918 933 2116 987 nacula
2149 931 2346 986 dextre
2387 919 2793 992 moderantem,
2843 925 3044 980 ﬂuctus
3099 937 3366 994 generose
3399 921 3514 976 cal-

1918 1039 2082 1090 care;
2120 1023 2428 1092 altioreque
2459 1021 2591 1076 sede
2614 1017 3002 1081 constitutam,
3035 1014 3317 1084 nullisque
3349 1011 3514 1068 facile

1918 1115 2442 1188 perturbationibus
2487 1127 2788 1178 accessam,
2830 1109 2983 1165 nulla
3026 1107 3096 1162 ab
3137 1107 3220 1161 eis
3250 1104 3515 1160 amaritu-

1919 1209 2072 1272 dine,
2112 1215 2376 1276 tanquam
2433 1203 2731 1276 salsuginis
2777 1201 3014 1274 quadam
3064 1195 3268 1268 repleri
3319 1210 3515 1265 asper-

1919 1301 2067 1372 gine.

1997 1393 2262 1464 Theologi.
2294 1421 2363 1431 ——
2385 1388 2861 1445 Contubernalem
2896 1384 2996 1440 tibi
3027 1397 3096 1438 ne
3142 1378 3370 1452 quidem
3404 1375 3518 1432 fra-

1922 1496 2064 1542 trem
2099 1485 2260 1539 facile
2306 1483 2538 1553 deligas.

1993 1577 2273 1644 Quorsum
2327 1575 2478 1630 enim
2540 1569 2890 1644 aegritudinis
2952 1567 3262 1623 fomentum
3320 1559 3514 1618 videre

1923 1672 2165 1728 attinet?

1997 1763 2194 1817 Melius
2255 1770 2342 1817 est
2401 1758 2687 1832 ingenium
2741 1767 3068 1817 morosum,
3123 1745 3516 1820 quam'fracta

1927 1852 2213 1912 mollities.

2001 1944 2160 2015 537
2186 1943 2416 1998 Putrido
2457 1941 2574 1996 vasi
2606 1955 2718 1995 non
2745 1935 3114 1994 committitur
3147 1941 3512 2004 unguentum.

1999 2037 2192 2105 Neque
2223 2034 2442 2088 flamma
2482 2040 2771 2104 permanet
2808 2037 3089 2098 assumpta
3105 2027 3382 2093 materia;
3419 2024 3520 2080 sed

1929 2145 2056 2185 cum
2093 2145 2160 2184 eo
2193 2127 2442 2184 abscedit
2483 2124 2633 2196 quod
2677 2121 3048 2185 accendebat;
3091 2133 3196 2174 nec
3219 2116 3514 2172 libidinosa

1929 2221 2184 2278 consistit
2209 2219 2492 2290 cogitatio,
2516 2223 2932 2272 emarcescente
2951 2221 3116 2282 atque
3137 2211 3364 2275 extrito,
3382 2207 3519 2279 quid

1931 2309 2012 2364 illi
2041 2310 2287 2363 fomento
2318 2315 2460 2362 erat.

2000 2396 2102 2462 Qui
2130 2396 2506 2450 exfornicatur
2529 2395 2743 2458 oculus,
2765 2392 3143 2464 virginitatem
3170 2405 3281 2445 non
3311 2397 3517 2446 servat.

1929 2487 2063 2555 Quae
2089 2496 2483 2558 constupratur
2513 2487 2732 2557 lingua,
2775 2502 2900 2541 eum
2933 2485 3078 2540 malo
3103 2483 3385 2538 miscetur.
3430 2479 3522 2534 ln-

1913 2579 2276 2648 'compositus
2300 2579 2501 2648 pedum
2539 2579 2809 2642 incessus,
2835 2577 3090 2631 morbum
3115 2573 3301 2629 animo
3337 2586 3522 2627 arccs-
3561 2631 3568 2639 ,

1931 2666 2006 2722 sit
2049 2676 2145 2722 aut
2176 2668 2505 2737 periculum.
2565 2666 2728 2722 Casta
2782 2668 2853 2720 sit
2881 2681 2946 2719 ac
2995 2665 3163 2734 virgo
3193 2664 3310 2733 ipsa
3346 2661 3520 2716 animi

1931 2754 2196 2824 cogitatio
2227 2771 2240 2806 :
2279 2769 2393 2808 non
2451 2755 2523 2827 sit
2576 2770 2711 2824 vaga
2741 2769 2806 2808 ac
2849 2753 3186 2808 errabunda.
3222 2751 3300 2806 Ne
3329 2767 3518 2808 rerum

1931 2845 2201 2900 malarum
2228 2845 2435 2900 formas
2484 2846 2554 2902 in.
2567 2862 2626 2900 se
2654 2855 2940 2914 congerat.
2995 2845 3093 2899 Est
3121 2852 3178 2899 et
3209 2843 3384 2898 forma
3415 2841 3520 2897 ob-

1926 2941 2182 3012 jectaque
2235 2939 2472 3008 species,
2525 2939 2883 2995 scortationis
2946 2955 3093 3009 pars.
3165 2939 3246 2994 Ne
3301 2953 3519 3002 eorum,

1857 3052 1901 3111 ρ
1934 3048 2058 3102 qua:
2103 3030 2235 3086 odio
2266 3031 2569 3095 habentur,
2615 3031 2944 3102 cllingantur
2976 3030 3163 3086 animo
3201 3031 3518 3086 simulacra.

1919 3161 1928 3166 -
2009 3121 2276 3194 Clirysost.
2337 3154 2408 3163 —
2457 3123 2774 3178 Ridiculum
2827 3130 2914 3178 est
2983 3125 3254 3195 genitales
3296 3124 3522 3194 quidem

1935 3215 2187 3286 corporis
2215 3225 2403 3284 partes
2433 3224 2612 3270 castas
2640 3230 2883 3280 scrvare,
2909 3217 3154 3286 linguam
3184 3231 3318 3270 vero
3343 3217 3520 3286 negli-

1935 3322 2064 3378 gere
2090 3326 2102 3360 :
2131 3317 2226 3362 aut
2255 3309 2498 3378 linguam
2545 3307 2771 3377 quidem
2827 3323 3050 3362 servare
3083 3322 3302 3376 puram,
3343 3307 3522 3362 visum

1933 3414 2070 3454 vero
2103 3399 2188 3452 vel
2219 3397 2471 3452 auditum
2500 3405 2596 3452 aut
2621 3412 2814 3451 manus
2843 3414 2953 3451 non
2998 3412 3250 3462 scrvare;
3276 3405 3374 3452 aut
3406 3397 3524 3452 haec

1934 3491 2162 3561 quidem
2213 3490 2417 3544 habere
2461 3503 2526 3545 ac
2563 3503 2789 3544 scrvare
2830 3503 2988 3558 pura,
3027 3503 3123 3543 cor
3171 3496 3356 3542 autem
3408 3503 3521 3544 non

1935 3597 2180 3647 servare,
2201 3581 2296 3637 sed
2320 3595 2490 3651 prope
2513 3580 2838 3635 scortationi
2866 3591 2994 3652 typo
3015 3596 3076 3636 su
3085 3580 3290 3650 perbize
3312 3581 3523 3652 iraeque

1937 3672 2249 3746 indulgere.
2583 3733 2588 3738 ,

2005 3765 2086 3820 Ne
2122 3765 2292 3836 igitur
2316 3764 2464 3819 vires
2489 3772 2713 3819 nostras
2731 3763 3256 3830 emolliamus,neve
3273 3765 3364 3821 his
3392 3780 3526 3822 con-

1933 3857 2216 3928 gressibus
2265 3871 2366 3910 nos
2399 3855 2551 3926 ipsos
2592 3869 2944 3910 enervemus.
2989 3854 3221 3910 Multum
3257 3855 3429 3921 enim,
3465 3864 3522 3910 et

1931 3953 2197 4018 quantum
2211 3945 2301 4000 vix
2317 3943 2504 4000 verbis
2517 3942 2746 4013 exprimi
2762 3943 3306 4012 potest,hincanimis
3318 3945 3525 4000 nostris

1932 4037 2050 4093 vitii
2069 4037 2248 4092 influit
2263 4053 2327 4091 ac
2341 4035 2650 4107 pravitatis.
2667 4033 2808 4102 Quid
2825 4038 2995 4102 enim,
3015 4035 3240 4092 etsinon
3253 4037 3524 4091 sentimus

1931 4147 2044 4202 prae
2056 4130 2298 4186 amicitia
2311 4129 2450 4184 ebrii
2469 4129 2492 4181 ?
2506 4127 2622 4183 Hoc
2637 4129 2786 4182 enim
2805 4127 2984 4198 ipsum
3001 4128 3162 4198 longe
3179 4127 3524 4198 estgravissi-

1933 4240 2106 4286 mum,
2127 4223 2273 4294 quod
2296 4239 2400 4278 nec
2413 4223 2621 4278 scimus
2632 4221 2858 4292 quidem
2879 4220 3346 4292 quemadmodum
3365 4235 3523 4275 ener-

1932 4331 2146 4382 vemur,
2193 4315 2455 4386 omnique
2489 4331 2614 4371 cera
2649 4314 2930 4370 molliores
2967 4313 3285 4374 reddamur.
3313 4313 3522 4380 Quem-

241 4403 449 4472 γαῦρον
498 4405 594 4458 καὶ⁵
650 4401 909 4475 βλοσυρὸν
962 4398 1164 4472 λαϐὼν,
1221 4403 1339 4459 εἶτα
1371 4405 1676 4477 ἀποκείρας
1723 4405 1822 4475 μὲν

1929 4408 2224 4463 admodum
2246 4407 2394 4462 enim
2413 4407 2458 4461 si
2487 4406 2612 4477 quis
2637 4405 2938 4476 superbum
2969 4403 3519 4474 trucemquel'eoncm

241 4495 342 4564 τὴν
396 4495 598 4566 κόμην,
633 4495 837 4550 ἀνελὼν
883 4497 941 4550 δὲ
971 4499 1098 4560 τοὺς
1128 4496 1367 4562 ὀδόντας,
1418 4497 1511 4550 καὶ
1560 4497 1827 4570 περιελὼν

241 4585 372 4649 τοὺς
398 4585 618 4656 ὄνυχας,
665 4586 890 4658 αἰσχρὸν
936 4590 1082 4641 ποιεῖ
1123 4588 1217 4641 καὶ
1266 4589 1694 4656 καταγέλαστον,
1733 4590 1828 4642 καὶ

243 4677 475 4741 παιδίοις
506 4677 1001 4748 εὐκαταγώνιστον,
1033 4681 1124 4734 τὸν
1147 4681 1380 4752 φοϐερὸν
1406 4682 1498 4735 καὶ
1531 4681 1826 4752 ἀφόρητον,

243 4769 340 4822 καὶ
375 4769 484 4822 ἀπὸ
535 4772 698 4840 μόνου
732 4769 826 4824 τοῦ
877 4771 1226 4844 βρυχήματος
1263 4773 1332 4825 τὰ
1363 4772 1540 4826 πάντα
1591 4771 1824 4825 σείοντα·

243 4859 386 4934 οὑτω
423 4861 488 4932 δὴ
522 4863 618 4916 καὶ
651 4856 833 4927 αὗται,
883 4863 1090 4922 πάντας
1119 4864 1277 4928 ὅσους
1313 4863 1408 4917 ὲάν
1440 4862 1700 4928 λάϐωσιν,
1733 4863 1824 4916 εὐ-

243 4949 540 5021 χειρώτους
571 4951 649 5023 τῷ
679 4951 914 5023 διαϐόλῳ
942 4954 1194 5007 ποιοῦσι·
1231 4953 1672 5024 μαλακωτέρους,
1701 4953 1826 5024 θερο

247 5045 528 5114 μοτέρους,
558 5045 971 5118 ἀναισχύντους,
1006 5046 1287 5118 ἀνοήτους,
1315 5046 1664 5118 ἀκροχόλους,
1691 5047 1826 5116 θραο

173 5125 177 5128 ’
243 5139 400 5200 orig,“
433 5137 720 5210 ἀκαίρους,
769 5140 1055 5207 ἀγεννεῖς,
1107 5141 1360 5210 ἀπηνεῖς,
1410 5139 1822 5210 δουλοπρεπεῖς,

242 5229 651 5299 ἀνελευθέρους,
685 5231 934 5300 ίταμοὺς,
969 5230 1274 5302 φλυάρουςο
1313 5232 1405 5284 καὶ
1437 5231 1622 5294 ἁπλῶς
1649 5232 1829 5286 πάντα

241 5321 309 5376 τὰ
344 5324 632 5389 γυναικεῖα
674 5323 822 5393 πάθη
871 5323 941 5377 τὰ
992 5323 1368 5395 διεφθαρμένα
1404 5323 1690 5394 φέρουσαι,
1749 5325 1828 5388 είς

241 5415 338 5486 τὴν
374 5416 586 5470 τούτων
635 5417 1107 5487 ἐναπομάττονται
1131 5416 1331 5486 ψυχήν.
1375 5416 1684 5486 ’Λμήχανον
1718 5415 1828 5487 γὰρ

244 5507 334 5563 τὸν
361 5509 584 5577 γυναικὶ
607 5509 960 5564 συνοικοῦντα
990 5509 1134 5578 μετά
1160 5507 1506 5579 συμπαθείας
1533 5509 1824 5580 τοσαύτης,

243 5598 340 5653 καὶ
369 5603 492 5665 ταῖς
525 5601 752 5654 ἐκείνων
785 5602 1215 5672 ὲνστρεφόμενον
1244 5603 1506 5674 ὁμιλίαις,
1543 5600 1617 5670 μὴ
1659 5603 1829 5672 ἀγύρ-

239 5707 339 5768 την
370 5695 494 5751 τινὰ
544 5693 706 5761 εἶναι,
752 5699 846 5750 καὶ
877 5699 1137 5767 ἀγοραῖον
1182 5698 1276 5752 καὶ
1319 5693 1660 5767 συρφετώδη.
1710 5695 1828 5750 Κᾶν

1937 4502 2170 4572 ceperit,
2200 4512 2431 4570 tumque
2461 4499 2694 4554 detonsa
2723 4499 2880 4570 juba,
2919 4497 2972 4552 ei
3005 4497 3200 4552 dentes
3215 4495 3522 4552 excusserit

1935 4589 2260 4664 unguesque
2275 4591 2559 4656 evulserit,
2582 4589 2888 4646 deformem
2899 4589 3110 4643 eum'ac
3124 4587 3519 4650 deridiculum,

1935 4683 2182 4754 ipsisque
2210 4681 2398 4752 pueris
2429 4681 2592 4736 facile
2617 4678 3040 4750 expugnabilem
3061 4677 3264 4741 reddit,
3289 4677 3380 4746 qui
3414 4686 3524 4730 ter-

1935 4772 2117 4828 ribilis
2146 4788 2210 4827 ac
2241 4771 2606 4826 intolerabilis
2632 4779 2800 4836 esset,
2831 4771 3061 4840 soloque
3105 4769 3288 4839 rugitu
3323 4776 3522 4824 cuncta

1935 4872 2209 4936 quateret.
2242 4863 2333 4920 Sic
2355 4873 2412 4918 et
2439 4863 2576 4942 istae,
2603 4877 2967 4934 quoscunque
2996 4861 3268 4931 ceperint,
3298 4859 3523 4914 diabolo

1939 4955 2226 5010 dedititios
2275 4953 2491 5010 faciunt
2521 4971 2584 5009 ac
2614 4954 2914 5019 obnoxios;
2935 4954 3236 5018 molliores,
3257 4953 3524 5008 calentiu-

1939 5063 2050 5113 res,
2069 5046 2440 5116 impudentes,
2464 5047 2774 5112 dementes,
2801 5056 3062 5102 extremae
3092 5045 3220 5102 bilis
3249 5045 3522 5108 homines,

1937 5141 2194 5204 audaces,
2232 5140 2604 5210 importunus,
2637 5139 2888 5210 ignavos,
2923 5139 3186 5200 immites.
3215 5137 3404 5194 servili
3437 5138 3521 5191 in-

1935 5235 2120 5306 genio,
2157 5234 2474 5298 illiberales,
2520 5248 2806 5304 procaces,
2861 5248 3107 5303 nugaces
3139 5248 3153 5284 :
3180 5245 3526 5301 prorsusque

1937 5326 2238 5381 muliebres
2271 5341 2463 5380 omnes
2502 5325 2736 5380 aﬂectus
2764 5324 3086 5391 afferentes,
3118 5325 3353 5378 istorum
3403 5321 3521 5377 ani-

1937 5419 2042 5474 mis
2063 5419 2409 5489 imprimunt.
2437 5418 2582 5474 Fieri
2605 5419 2892 5473 enim'non
2928 5427 3130 5488 potest,
3165 5425 3224 5470 ut
3264 5431 3358 5486 qui
3399 5432 3524 5472 cum

1938 5511 2269 5566 mulieribus
2324 5519 2474 5565 tanta
2527 5526 2746 5565 morum
2803 5510 3218 5580 aﬂ'ectuumque
3268 5523 3528 5563 versatur

1939 5589 2370 5667 necessitudine,
2394 5605 2726 5674 illartnnque
2742 5603 3132 5674 congressibus
3154 5619 3217 5658 ac
3238 5601 3530 5673 colloquiis

1941 5697 2140 5762 utitur,
2193 5712 2302 5750 non
2345 5699 2415 5753 sit
2446 5697 2749 5754 circulator
2792 5697 3016 5768 quidam
3066 5705 3126 5753 et
3178 5696 3534 5752 circumfora-
