4068 6142
558 223 664 287 739

1703 224 1764 283 S.
1804 222 2089 283 MAXIMI
2128 224 2637 288 CONFESSORIS

3718 239 3828 303 740

558 350 700 391 ueus
716 336 952 407 vilisque
979 351 1010 390 e
1040 337 1198 391 turba
1224 334 1616 390 homunculus.
1645 334 1781 388 Nam
1807 336 1912 389 etsi
1942 336 2137 405 loqua-

2238 339 2348 409 γὰρ
2384 336 2688 410 φθέγγηταί
2729 357 2803 408 τι,
2850 342 3027 397 πάντα
3078 343 3186 397 ἀπὸ
3218 345 3327 399 τῶν
3372 344 3536 400 ἱστῶν
3581 346 3682 400 καὶ
3712 350 3826 402 τῶν

560 437 674 493 tur,
702 428 840 482 nihil
896 426 1003 481 nisi
1063 427 1135 481 de
1181 428 1307 482 telis
1356 426 1605 495 lanisque
1642 425 1924 494 loquetur,
1984 425 2132 495 quod

556 520 859 577 verborum
897 521 1064 592 538
1106 521 1463 576 muliebrium
1496 520 1637 575 fucis
1697 522 1849 575 velut
1906 521 2133 576 tinctam

559 612 935 683 infectamque
961 614 1204 683 linguam
1239 614 1410 668 habet
1465 630 1478 666 :
1523 614 1641 667 sive
1698 611 1866 668 iaciat
1898 612 2131 683 aliquid,

559 703 839 757 serviliter
870 704 1169 757 admodum
1193 704 1247 758 id
1272 703 1422 766 facit,
1452 718 1621 772 quam
1670 705 1863 773 procul
1894 721 1924 758 a
1974 703 2137 759 Chri-

559 793 737 847 stiana
774 794 1077 849 abscedens
1119 795 1485 864 ingenuitate,
1516 810 1649 873 .nec
1690 795 1759 849 ad
1813 796 1978 850 ullam
2017 810 2138 849 ma-

560 899 795 953 gnorum
828 900 1121 939 munerum
1151 893 1317 954 atque
1341 886 1613 939 virtutum
1637 884 1980 940 iunctionem
2030 886 2141 939 uti-

560 971 647 1025 lis.

632 1062 788 1132 Greg.
839 1062 995 1134 Nysa.
1045 1094 1116 1103 —
1164 1064 1429 1119 Dominus
1463 1064 1657 1120 beatos
1692 1064 1977 1134 prtedicat,
2025 1080 2137 1119 non

560 1151 656 1221 qui
697 1160 852 1205 extra
920 1167 1143 1207 onmem
1211 1155 1686 1222 perturbationem
1754 1155 1949 1209 vivunt
2006 1154 2140 1225 (non

560 1242 710 1298 enim
735 1243 853 1297 fieri
879 1252 1082 1312 potest,
1112 1254 1173 1298 ut
1197 1245 1249 1297 in
1279 1246 1485 1299 carnali
1520 1247 1633 1300 vita
1659 1261 1723 1299 ac
1759 1254 1997 1307 terrena,
2024 1246 2139 1314 Spi-

563 1330 780 1386 ritalem
820 1334 1048 1387 omnino
1110 1334 1389 1401 nullisque
1454 1334 1748 1388 obnoxiam
1802 1350 1865 1388 ac
1910 1348 2139 1388 summa:

563 1423 985 1492 tranquillitatis
1009 1425 1177 1478 vitam
1209 1425 1483 1495 agamus),
1514 1426 1609 1480 sed
1631 1426 1727 1494 qui
1755 1425 1822 1479 ad
1856 1426 2139 1479 naturales

562 1517 931 1585 appetitiones
959 1525 1124 1586 atque
1153 1516 1383 1571 aﬂ‘ectus
1414 1531 1557 1587 aegre
1586 1517 1845 1587 lenteque
1877 1531 2139 1571 movean-

566 1614 678 1662 tur.

632 1697 793 1754 Omni
822 1699 981 1768 plane
1009 1698 1145 1753 vitio
1166 1697 1324 1769 quasi
1350 1712 1476 1752 esca
1499 1698 1745 1767 quaedam
1763 1706 2015 1769 prostans
2039 1712 2138 1752 vo-

564 1790 767 1859 luptas,
797 1789 1113 1859 cupidiores
1143 1790 1360 1844 animos
1395 1789 1449 1842 in
1481 1789 1812 1859 perditionis
1831 1790 1990 1845 lacile
2035 1789 2137 1843 ha-

564 1894 712 1933 mum
755 1879 942 1932 trahit.

632 1970 936 2025 Clementis.
970 2000 1042 2010 -—
1069 1971 1358 2041 Virginum
1386 1972 1673 2041 corruptio
1699 1971 1964 2041 velutque
2015 1979 2137 2025 stu-

560 2063 741 2132 pratio
770 2062 999 2127 dicitur,
1035 2062 1239 2118 nedum
1267 2063 1548 2127 scortatio,
1592 2078 1786 2118 verum
1840 2064 2005 2117 etiam
2039 2062 2139 2116 im-

562 2164 777 2209 matura
802 2163 963 2209 atate
991 2154 1258 2221 elocatio;
1291 2170 1441 2219 cum,
1472 2164 1526 2209 ut
1560 2154 1633 2209 ita
1659 2155 1863 2217 dicam,
1910 2155 1997 2209 vel
2020 2155 2137 2224 ipsa

561 2262 593 2300 a
639 2261 719 2311 se,
767 2247 852 2301 vel
901 2262 933 2301 a
976 2246 1328 2316 parentibus,
1393 2247 1687 2301 immatura
1730 2247 1848 2303 viro
1896 2247 2136 2301 colloca-

560 2347 673 2391 ιιιτ.

632 2427 716 2482 Ea:
746 2427 1018 2481 Panibus.
1056 2458 1126 2467 —
1155 2427 1345 2483 Rebus
1363 2434 1602 2498 quatuor
1642 2427 1905 2482 scortatio
1935 2427 2137 2482 excita-

526 2586 539 2595 _
561 2527 684 2583 tur;
716 2517 825 2572 cibi
854 2526 1125 2587 potusque
1150 2517 1471 2584 saturitate;
1494 2517 1672 2574 somni
1705 2519 1993 2581 satietate;
2023 2516 2137 2570 otio

559 2619 618 2666 et
649 2611 774 2665 lusu
800 2610 1061 2679 inanique
1092 2610 1432 2679 garrulitate,
1494 2624 1559 2664 ac
1592 2608 1873 2679 superﬂuo
1903 2608 2135 2663 vestium

560 2710 782 2755 ornatu.

635 2871 766 2926 Nili.
805 2900 874 2912 ——
911 2871 1153 2927 Remove
1176 2887 1207 2925 a
1237 2871 1470 2941 conjuge
1503 2879 1593 2934 tua
1627 2867 1945 2923 eunuchum
1984 2866 2135 2921 Sma-

2238 427 2398 496 ἐρίων
2450 427 2760 495 φθέγξεται,
2792 430 2892 502 τῆς
2942 431 3188 504 γλώττης
3233 434 3398 489 αὐτοῦ
3438 439 3512 508 τῇ
3569 439 3825 509 ποιότητι

2238 517 2349 570 τῶν
2375 519 2702 585 γυναικείων
2740 521 3188 594 ἀναχρωσθείσης
3220 526 3485 597 ῥημάτων
3505 543 3520 558 ο
3556 528 3661 582 κᾶν
3690 532 3823 600 ποιῇ

2236 623 2312 670 τιν
2368 609 2506 677 μετά
2556 608 2753 681 πολλῆς
2806 612 2964 666 τοῦτο
3015 615 3307 686 ἐργάζεται
3363 616 3821 689 δουλοπρεπείας,

2239 702 2427 771 πόρρω
2455 702 2557 772 τῆς
2588 707 2700 768 τοῖς
2737 706 3085 776 Χριστιανοῖς
3127 712 3450 783 πρεπούσης
3500 700 3823 784 ἐλευθερίας

2238 792 2433 847 ἑαυτὸν
2461 795 2772 861 ἀποικίσας,
2805 800 2900 851 καὶ
2924 800 3045 853 οὐδὲ
3074 802 3211 871 πρὸς
3238 802 3389 856 οὐδὲν
3416 803 3526 857 τῶν
3563 804 3824 874 μεγάλων

2239 885 2677 957 κατορθωμάτων
2709 891 2997 962 γενόμενος
3027 895 3316 966 χρήσιμος.

2312 1060 2495 1126 Γρηγ,
2540 1061 2814 1128 Νύσσης.
2846 1092 2913 1104 —
2943 1065 3253 1138 Μακαρίζει
3285 1070 3313 1121 ὁ
3350 1070 3575 1140 Κύριος,
3604 1071 3667 1124 οὐ
3695 1074 3822 1138 τοὺς

2240 1145 2347 1211 ἔξω
2373 1149 2577 1211 πάθους
2615 1151 2956 1220 βιοτεύοντας
3003 1156 3085 1226 (οὐ
3119 1158 3228 1227 γὰρ
3264 1159 3489 1213 δυνατὸν
3519 1164 3577 1214 ὲν
3626 1163 3820 1216 ύλώδει

2242 1238 2355 1309 ζωῇ
2403 1240 2494 1292 τὸν
2536 1242 2697 1295 ἇῦὶον
2752 1245 2980 1298 καθόλου
3027 1249 3120 1299 καὶ
3172 1249 3358 1320 ἀπαθῆ
3399 1252 3819 1322 κατορθωθῆναι

2244 1329 2403 1399 βίον),
2441 1332 2577 1385 ἀλλά
2628 1336 2763 1404 πρὸς
2808 1336 2908 1399 τάς
2957 1336 3058 1408 τῆς
3105 1339 3318 1406 φύσεως
3359 1341 3541 1412 ὁρμὰς
3575 1342 3820 1415 βραδέως

2243 1420 2336 1474 καὶ
2365 1422 2698 1495 δυσκινήτως
2725 1426 2967 1497 ἔχοντας.
3366 1454 3373 1459 ·

2164 1682 2213 1736 Β
2314 1684 2501 1753 Πάσης
2533 1686 2708 1751 ὅντως
2736 1688 2934 1752 κακίας
2965 1684 3078 1745 οἷόν
3115 1709 3167 1745 τι
3195 1692 3389 1764 δέλεαρ
3420 1695 3455 1765 ή
3480 1694 3643 1768 ἡδονὴ
3677 1715 3814 1770 προ-

2245 1775 2526 1845 ϐληθεῖσα,
2580 1779 2817 1844 εὐκόλως
2861 1782 2961 1845 τὰς
3020 1782 3333 1855 λιχνοτέρας
3386 1786 3565 1856 ψυχὰς
3624 1789 3719 1843 ἐπὶ
3756 1791 3818 1843 τὸ

2242 1864 2540 1934 ἄγκιστρον
2566 1867 2665 1936 τῆς
2693 1870 2964 1935 ἀπωλείας
2991 1874 3301 1945 ἐφέλκεται.

2316 1959 2688 2028 Κλήμεντος.
2726 1991 2790 2003 -
2825 1965 3119 2038 Παρθένων
3149 1971 3326 2044 φθορά
3360 1974 3600 2045 λέγεται,
3633 1980 3696 2033 ού
3724 1982 3820 2053 μό-

2243 2067 2333 2104 νον
2377 2054 2623 2122 πορνεία,
2667 2056 2804 2111 ἀλλὰ
2835 2059 2929 2110 καὶ
2963 2061 2994 2128 ή
3028 2059 3134 2132 πρὸ
3157 2063 3352 2134 καιροῦ
3382 2065 3593 2134 ἐκδοσις
3613 2086 3630 2101 ⁸
3663 2071 3816 2138 ὅταν,

2242 2140 2317 2204 ὡς
2348 2144 2546 2205 εἰπεῖν,
2577 2144 2756 2217 ἄωρος
2780 2146 2973 2220 ἐκδοθῇ
2989 2148 3066 2221 τῷ
3083 2150 3259 2224 ἀνδρὶ,
3285 2155 3402 2226 ἤτοι
3431 2159 3523 2228 ἀφ’
3543 2160 3762 2232 ἑαυτῆς,
3778 2162 3815 2231 ἢ

2243 2233 2397 2304 παρὰ
2422 2234 2529 2288 τῶν
2561 2236 2785 2305 γονέων.

2327 2412 2421 2466 Ἐκ
2450 2412 2569 2467 τῶν
2602 2413 2896 2483 Πατέρων.
2930 2446 2995 2457 --
3028 2418 3127 2472 Διά
3157 2422 3440 2494 τεσσάρων
3474 2425 3817 2496 πραγμάτων

2243 2502 2516 2574 ἐγείρεται
2562 2507 2595 2576 ἠ
2650 2507 2897 2578 πορνεία,
2947 2509 3012 2561 ὲκ
3042 2508 3136 2563 τοῦ
3178 2518 3371 2581 φαγεῖν
3416 2517 3511 2567 καὶ
3545 2519 3691 2569 πιεῖν
3734 2517 3818 2580 εἰς

2243 2594 2589 2663 πλησμονήν·
2625 2597 2717 2650 καὶ
2764 2598 2793 2649 ὁ
2836 2598 2998 2669 κόρος
3026 2600 3120 2654 τοῦ
3160 2601 3347 2667 ὕπνου,
3405 2604 3499 2656 καὶ
3531 2605 3592 2657 τὸ
3619 2606 3817 2674 ἀργεῖν

2243 2684 2337 2735 καὶ
2359 2682 2577 2746 παίζειν
2606 2685 2699 2738 καὶ
2728 2685 3079 2755 ἀργολογεῖν·
3109 2690 3202 2743 καὶ
3228 2693 3254 2744 ὁ
3282 2691 3665 2761 καλλωπισμὸς
3693 2694 3810 2746 τῶν

2244 2774 2260 2824 ί
2267 2772 2494 2840 ματίων.

2312 2866 2550 2920 Νείλου.
2588 2897 2655 2908 -
2699 2866 3033 2941 Ἀπόστησον
3067 2872 3177 2926 ἀπὸ
3205 2873 3301 2943 τῆς
3331 2874 3564 2944 συμδίου
3597 2892 3694 2938 σοι)
3722 2877 3816 2930 τὸν

562 2964 793 3035 ragdum
809 2981 823 3030 ;
842 2979 968 3018 nam
989 2963 1092 3018 etsi
1116 2963 1348 3033 geminis
1370 2961 1605 3017 testibus
1628 2959 1861 3013 inferius
1881 2968 2137 3014 exsectus

2245 2955 2497 3026 εὐνοῦχον
2534 2957 2852 3028 Σμάραγδον
2872 2976 2886 2990 ⁸
2917 2960 3019 3014 κᾶν
3052 2962 3162 3032 γὰρ
3191 2962 3374 3035 δοκοίη
3399 2964 3508 3018 τῶν
3539 2966 3690 3020 κάτω
3730 2967 3815 3021 δι-

563 3029 816 3121 videtur,
860 3055 1028 3110 habet
1072 3029 1257 3109 tamen
1304 3053 1494 3107 nescio
1548 3052 1826 3121 quomodo
1886 3051 2137 3121 geminos

2237 3048 2422 3118 δύμων
2463 3048 2855 3119 ἐκτετμῆσθαι,
2883 3052 2996 3107 ἀλλ’
3027 3029 3143 3108 ἀνω
3162 3055 3275 3127 ἔχει
3334 3029 3391 3108 ὲν
3430 3058 3509 3128 τῷ
3541 3058 3812 3130 προσώπῳ

562 3151 620 3204 in
652 3149 791 3204 facie
820 3148 1031 3213 oculos,
1062 3147 1159 3217 qui
1192 3144 1490 3200 libidinose
1526 3144 1843 3213 inspiciant,
1889 3143 2138 3212 malaque

557 3242 671 3312 jain
704 3240 1023 3296 testimonia
1059 3254 1124 3293 ac
1153 3252 1404 3293 rumores
1427 3238 1725 3291 asciscant.

630 3332 843 3405 Cyrilli.
886 3363 940 3372 —
976 3332 1131 3387 Fumi
1156 3332 1352 3395 instar,
1383 3340 1477 3384 aut
1504 3330 1671 3385 etiam
1699 3327 1869 3382 veluti
1904 3341 2139 3396 vapores

560 3427 810 3499 quidam,
864 3427 1157 3480 insitarum
1218 3425 1276 3478 in
1326 3423 1487 3478 nobis
1540 3422 1890 3491 voluptatum
1951 3419 2139 3488 vigent

560 3519 860 3588 appetitus.
921 3516 1031 3572 Sed
1078 3516 1173 3585 qui
1231 3524 1548 3583 temperans
1607 3520 1773 3583 atque
1831 3510 1992 3566 fortis
2029 3518 2136 3573 est,

563 3616 746 3662 motus
769 3607 1013 3671 cohibet,
1064 3623 1168 3661 nec
1215 3607 1450 3661 ulterius
1484 3603 1619 3659 sinit
1673 3600 1955 3673 progredi,
2007 3599 2142 3654 aﬂ'e-

560 3709 827 3767 ctumque
852 3697 1035 3751 adhuc
1081 3697 1411 3752 imbecillem
1461 3696 1620 3750 facile
1669 3693 2005 3765 comprimit.
2034 3690 2138 3758 Qui

561 3794 751 3842 autem
806 3787 987 3857 segnis
1030 3803 1094 3842 ac
1125 3788 1408 3859 negligens
1454 3796 1561 3853 est,
1611 3786 1858 3841 admittit
1914 3784 2140 3855 quidem

463 3930 472 3937 .
562 3877 963 3933 subnascentes
985 3878 1296 3948 voluptates
1327 3879 1480 3932 velut
1504 3877 1680 3931 nudas
1713 3876 1897 3932 adhuc
1938 3875 2144 3946 cogita-

559 3970 745 4025 tiones
772 3988 784 4024 :
816 3970 1144 4040 permittens
1177 3986 1309 4026 vero
1335 3970 1389 4025 in
1420 3971 1591 4025 latum
1619 3969 1903 4040 progredi,
1925 3983 2141 4024 summe

552 4062 812 4125 arduam,
840 4077 905 4116 ac
944 4076 1014 4116 ne
1047 4061 1139 4115 vix
1174 4061 1402 4131 quidem
1448 4060 1823 4124 eluetabilem,
1873 4058 2141 4113 resisten-

555 4151 692 4206 tiam
718 4152 984 4207 oll'eudet.
1015 4151 1121 4217 Qui
1155 4152 1304 4206 enim
1328 4153 1440 4222 jam
1479 4151 1662 4205 vietus
1706 4158 1792 4204 est
1814 4165 1878 4204 ac
1916 4164 2144 4219 supera-

552 4252 673 4309 tus,
698 4256 922 4297 suarum
954 4240 1164 4295 arbiter
1207 4241 1555 4295 voluntatum
1581 4255 1691 4294 non
1730 4247 1815 4293 est
1849 4256 1862 4292 :
1889 4239 2021 4308 quin
2047 4255 2144 4309 po-

2242 3156 2358 3201 πως
2392 3140 2517 3201 τοὺς
2547 3140 2803 3210 διδύμους
2849 3142 3181 3213 ὀφθαλμοὺς,
3214 3147 3481 3213 ἐμπαθῶς
3512 3150 3811 3218 ἐμϐλέπον-

2238 3247 2358 3294 τας,
2391 3231 2484 3284 καὶ
2517 3232 2946 3304 ἐπισυρομένους
2972 3235 3069 3306 ἤδη
3106 3238 3351 3308 πονηρὰς
3382 3240 3708 3310 μαρτυρίας.

2310 3324 2635 3392 Κιφίλλου.
2666 3355 2739 3365 -
2769 3327 2993 3380 Καπνοῦ
3034 3326 3212 3398 δίκην,
3260 3329 3293 3400 ἢ
3339 3332 3433 3384 καὶ
3455 3330 3640 3402 ῶσπερ
3668 3332 3810 3395 τινὲς

2239 3416 2402 3487 ἀτμοὶ
2443 3416 2552 3470 τῶν
2598 3418 2857 3488 ἐμφύτων
2893 3419 3097 3490 ἡδονῶν
3147 3421 3464 3492 ἀνίσχουσιν
3493 3424 3549 3477 ὲν
3597 3425 3725 3494 ἡμῖν
3756 3427 3810 3477 αί

2238 3509 2468 3583 ὀρέξεις.
2513 3510 2653 3564 ’Δλλ⁹
2679 3514 2707 3565 ὁ
2743 3510 2842 3583 μὲν
2875 3512 3107 3585 σώφρων
3136 3515 3231 3568 καὶ
3269 3516 3541 3581 νεανικὸς,
3589 3518 3810 3586 ἐπιτιμᾷ

2239 3604 2352 3665 τοῖς
2385 3601 2674 3672 κινήμασι,
2706 3603 2800 3655 καὶ
2840 3604 3154 3675 περαιτέρω
3185 3604 3471 3676 προελθεῖν
3503 3607 3605 3660 οὑκ
3642 3609 3736 3677 ὲᾷ·
3767 3598 3811 3673 ᾧ

2241 3693 2337 3744 καὶ
2381 3693 2610 3764 ἀδρανὲς
2646 3692 2707 3747 δν
2734 3694 2814 3747 ἔτι
2844 3695 2907 3747 τὸ
2953 3696 3123 3760 πάθος
3152 3697 3381 3768 ἥττηται
3417 3699 3619 3770 ῥαδίως
3642 3716 3657 3730 ο
3700 3701 3728 3752 ὁ
3756 3700 3812 3753 δὲ

2244 3783 2488 3855 ῥᾴθυμος
2536 3786 2631 3838 καὶ
2687 3786 3160 3858 κατημελημένος,
3213 3790 3517 3860 εἰσδέχεται
3570 3791 3670 3861 μὲν
3717 3790 3811 3853 τὰς

2241 3876 2349 3929 τῶν
2390 3876 2591 3945 ἡδονῶν
2623 3877 2799 3947 ἀρχάς
2831 3876 2904 3941 ὡς
2932 3878 3142 3943 ὲννοιας
3170 3879 3252 3933 ἔτι
3289 3880 3484 3950 ψιλάς.
3520 3882 3813 3952 ἐπιτρέψας

2240 3967 2297 4020 δὲ
2327 3966 2609 4039 προελθεῖν
2639 3969 2717 4031 είς
2745 3968 2966 4034 πλάτος,
3001 3969 3437 4043 δυσχερεστάτην
3469 3972 3691 4043 εὑρήσει
3718 3972 3816 4042 τὴν

2241 4059 2555 4113 ἀντίστασιν
2586 4063 2684 4128 (ο).
2730 4060 2790 4114 '0
2817 4060 2923 4131 γὰρ
2954 4062 3225 4132 προαλοὺς
3256 4063 3351 4115 καὶ
3380 4065 3813 4135 προηττημένος,

2242 4149 2301 4201 οὐ
2328 4148 2437 4200 τῶν
2472 4149 2618 4202 ἰδίων
2643 4150 2791 4201 ἐστὶν
2834 4149 3157 4221 θελημάτων
3201 4153 3440 4223 Κύριος·
3488 4154 3771 4207 ὑπόκειται
3797 4155 3814 4184 ¹

2241 4239 2299 4295 δὲ
2347 4239 2548 4310 μᾶλλον
2623 4239 2875 4313 καθάπερ
2923 4244 3032 4296 τινὶ
3064 4244 3335 4316 Βαρὸἀρῳ
3393 4244 3471 4316 τῷ
3528 4247 3813 4317 νικήσαντι

552 4335 691 4397 tius.
727 4349 829 4389 ceu
856 4332 1103 4387 Barbare
1125 4332 1343 4387 cuidam
1360 4330 1558 4385 victori
1577 4330 1797 4385 ail‘cctui
1816 4338 1982 4401 atque
2005 4331 2140 4385 vitio
2175 4367 2218 4423 υ
2245 4329 2425 4384 πάθει.

548 4427 827 4499 subiacet.

1199 4491 1504 4547 Menandri.

698 4607 927 4663 Castitas
952 4608 1160 4663 virtutis
1190 4606 1615 4677 promptuarium
1668 4613 1762 4659 est.

622 4700 907 4755 Jamblichi
930 4715 993 4752 ea:
1021 4696 1275 4769 Epistolis
1300 4697 1365 4751 de
1396 4697 1664 4751 castitate.
1688 4725 1758 4735 -
1786 4695 1973 4752 Virtus
2014 4710 2130 4749 om—

2838 4487 3206 4558 Μενάνδρου.

2385 4599 2627 4667 Ταμεῑόν
2657 4600 2828 4653 ἐστιν
2860 4601 3075 4669 ἀρετῆς
3121 4604 3158 4670 ἡ
3192 4607 3580 4672 σωφροσύνη.

2322 4692 2654 4762 Ἰαμόλίχου
2697 4693 2765 4756 ἐξ
2814 4693 3345 4764 Ἐπιστολῶνπερί
3385 4696 3825 4765 σωφροσύνης,

1860 4835 2095 4890 ἾΑῘΗΑΞ
2135 4833 2541 4890 LECTIONES.

624 4934 648 4965 ‘
678 4931 819 4987 ἄλλ.
874 4931 1246 5007 ὑποκείσεται.

2081 5018 2315 5076 NOTAE.

621 5117 1194 5193 (olAva'zspso'rdtnr
1218 5116 1461 5193 είζρ-ήσει
1486 5117 1601 5183 τὴν
1621 5116 1997 5193 ἀντίστασιν.
2024 5115 2137 5170 Ma-

557 5186 639 5249 lui
672 5186 835 5245 hanc
855 5191 1168 5249 lectionem,
1205 5189 1363 5256 cujus
1392 5196 1449 5242 et
1476 5202 1671 5242 sensus
1697 5186 1918 5249 clarior,
1945 5201 2130 5255 quam,

559 5272 620 5317 ut
648 5260 764 5323 alii,
797 5259 1083 5312 ἀντίδοσιν.
1114 5258 1465 5327 Signilicatur
1506 5256 1676 5310 ardua
1705 5263 1938 5327 etpene
1985 5256 2138 5327 insu-

557 5329 823 5402 perabilis
846 5328 1144 5402 affectuum
1173 5325 1663 5402 resistentia,_cutn
1691 5325 1815 5402 quis
1835 5326 1947 5393 jam
1978 5326 2136 5379 adul-

560 5396 646 5454 tos
681 5408 914 5454 conatur
947 5398 1269 5467 exstirpare,
1308 5412 1495 5467 seque
1523 5396 1643 5467 illis
1681 5396 1950 5467 eximere,
1998 5410 2138 5467 pene

560 5470 776 5538 captiva
794 5464 1234 5538 voluntatefnee
1257 5466 1390 5538 satis
1416 5466 1502 5538 sui
1529 5465 1758 5538 arbitra.
1784 5464 2138 5538 δυσχερεστὰ-

560 5533 658 5605 τητ
686 5536 971 5597 ἀντίδοσιν,
1007 5536 1154 5605 quod
1184 5536 1410 5605 exponit
1442 5535 1608 5589 Gesn.
1654 5533 2019 5605 difﬁcillimum
2053 5548 2137 5605 re-

566 5603 813 5668 medium,
845 5603 1040 5659 vereor
1077 5624 1145 5661 ne
1188 5603 1397 5675 medice
1430 5605 1604 5673 magis
1638 5619 1800 5673 quam
1836 5603 2138 5672 theologice

2244 5116 2457 5170 dictum
2500 5114 2571 5169 ab
2617 5113 2825 5184 eoisit.
2871 5114 3157 5179 ἀντίδοτον..
3184 5113 3474 5167 remedium
3526 5112 3620 5179 sit,
3670 5116 3836 5184 quasi

2242 5196 2434 5241 contra
2460 5186 2661 5239 malum
2692 5183 2879 5237 datum
2906 5191 3001 5237 aut
3031 5198 3340 5248 venenum;
3370 5184 3641 5246 ἀντίδοσις
3674 5183 3838 5238 retri-

2236 5257 2412 5319 butio;
2461 5257 2625 5325 vices;
2670 5253 3007 5325 ἀντιδοθείσα
3055 5252 3562 5325 παρθένου-[ϐιῳ.
3608 5256 3835 5325 virginis

2236 5326 2346 5379 loco
2372 5326 2523 5379 data.
2560 5324 2660 5378 Hic
2695 5336 2828 5393 ergo
2870 5323 3119 5386 reddam,
3140 5322 3716 5393 ‘diﬂiciltimam‘ivicevit
3748 5325 3841 5377 in—

2234 5397 2410 5448 veniat
2443 5410 2507 5449 ac
2539 5408 2680 5463 pene
2714 5392 3168 5461 insuperabilem,
3201 5392 3300 5461 pro
3342 5408 3407 5446 ea
3456 5392 3836 5463 indulgentia,

2235 5482 2341 5534 qua
2366 5462 2599 5519 affectus
2625 5463 2871 5534 vitiaque
2900 5462 3301 5534 primumsivit
3332 5476 3587 5517 crescere
3612 5462 3670 5518 et
3699 5464 3861 5519 σόα-ι

2235 5532 2464 5599 lbscere,
2498 5544 2662 5603 atque
2693 5532 2830 5584 altas
2858 5532 3043 5585 animo
3072 5533 3286 5586 radices
3313 5547 3499 5602 agere.
