4068 6142
346 248 446 314 761

1654 246 1793 307 LOC
1802 246 1825 306 Ι
1863 246 2304 309 COMMUNES.

3501 251 3613 318 742

333 393 417 411 ο-
446 364 601 419 Πᾶσα
634 360 734 432 μὲν
771 354 944 433 ἀρετὴ
988 357 1051 412 τδ
1079 356 1379 428 θνητοειδὲς
1408 358 1520 412 πᾶν
1558 357 1837 429 ἀτιμάζει,
1867 358 1920 411 τὲ

2030 356 2121 412 nis
2164 355 2435 427 quidquid
2488 357 2721 413 mortale
2782 357 2995 430 aliquid
3046 357 3252 427 refert,
3318 362 3607 431 repudiat;

339 459 401 515 δὲ
433 457 704 514 ἀθάνατον
743 452 1072 517 ἀσπάζεται.
1105 449 1248 504 Πολὺ
1279 450 1337 502 δὲ
1366 449 1733 521 διαφερόντως
1761 452 1795 521 η
1822 466 1928 502 σωο

339 567 378 619 φ
389 548 590 621 ροσύνη
626 546 830 615 ταύτην
862 545 977 614 ἔχει
1008 542 1106 614 τὴν
1130 541 1382 613 σπουδὴν,
1408 542 1505 595 ἀτε
1533 542 1598 610 δὴ
1630 541 1731 605 τὰς
1759 558 1929 613 προσ-

340 641 581 710 ηλούσας
611 638 688 710 τῷ
739 637 955 707 σώματι
998 636 1099 704 τὴν
1129 633 1305 705 ψυχὴν
1335 633 1527 704 ἡδονὰς
1557 633 1924 703 ἀτιμάζουσα,

344 722 446 791 καὶ
484 733 541 785 ὲν
594 730 779 797 ἁγνοῖς
821 727 1046 799 βάθροις
1093 724 1330 796 βεϐῶσα,
1383 722 1458 787 ὥς
1501 741 1635 799 φησι
1677 723 1923 778 Πλάτων.

346 821 470 886 ιΙῶς
499 821 607 891 γὰρ
653 823 686 889 ἡ
723 817 1047 890 σωφροσύνη
1093 815 1334 877 τελείους
1373 815 1521 885 ἡμᾶς
1563 814 1626 866 οὐ
1673 816 1838 877 ποιεῖ,
1865 812 1926 866 τὸ

346 913 531 976 ἀτελὲς
589 911 685 964 καὶ
747 908 993 979 ἐμπαθὲς
1038 905 1161 959 ὅλον
1216 903 1313 973 ἀφ’
1353 904 1511 974 ἡμῶν
1559 904 1923 975 ἐξορίζουσχ;

347 1006 542 1074 Γνοίης
580 1004 627 1058 δ’
658 1003 724 1058 ἂν
758 1003 833 1064 ὼς
874 1000 1032 1054 τοῦτο
1066 998 1239 1062 οὕτως
1273 998 1405 1068 ἔχει,
1436 997 1526 1050 τὸν
1565 995 1927 1068 Βελλεροφόν-

346 1113 446 1167 την
472 1095 752 1163 ἐννοήσας,
788 1090 864 1152 ὼς
916 1088 1055 1159 μετὰ
1096 1090 1195 1159 τῆς
1230 1090 1592 1158 κοσμιότητος
1625 1103 1924 1154 συναγωνι-

346 1184 590 1255 ζόμενος,
624 1182 722 1252 τὴν
750 1180 1034 1249 Χίμαιραν
1067 1180 1163 1231 καὶ
1190 1178 1250 1231 τὸ
1303 1179 1570 1250 θηριῶδες
1599 1180 1692 1232 καὶ
1735 1178 1926 1247 ἄγριον

303 1319 312 1326 .
345 1276 439 1330 καὶ
464 1275 741 1345 ἀνήμερον
770 1271 937 1341 φῦλον
966 1271 1075 1323 πᾶν
1106 1269 1338 1322 ἀνεῖλεν.
1376 1269 1553 1333 Ὅλως
1588 1268 1695 1339 γὰρ
1731 1269 1764 1337 ἡ
1808 1266 1919 1319 τῶν

343 1366 534 1422 παθῶν
563 1366 801 1435 ἄμετρος
833 1362 1162 1433 ἐπικράτεια
1208 1362 1329 1417 οὐδὲ
1352 1361 1673 1432 ἀνθρώπους
1698 1359 1921 1431 ἀφίησιν

343 1456 482 1514 εἶναι
525 1459 653 1520 τοὺς
683 1455 1041 1527 ἀνθρώπους,
1089 1454 1225 1524 πρὸς
1254 1453 1310 1506 δὲ
1356 1453 1452 1524 τὴν
1501 1453 1783 1520 ἀλόγιστον
1819 1452 1922 1505 αὑ-

342 1550 467 1612 τοὺς
499 1548 652 1600 ἕλκει
686 1544 849 1615 φύσιν
883 1544 979 1597 καὶ
1012 1542 1255 1613 θηριώδη
1285 1545 1379 1595 καὶ
1412 1545 1666 1596 ἄτακτον.

341 1731 447 1786 hit.

2022 448 2170 519 quod
2208 462 2343 503 vero
2367 447 2679 504 immortale
2711 462 2819 516 est,
2861 440 2917 505 id
2947 451 3322 521 amplectitur.
3355 450 3463 508 Sed
3497 469 3618 525 pre

2023 539 2257 609 reliquis
2277 540 2479 595 eximie
2503 541 2733 599 castitas
2755 541 2862 596 hoe
2895 542 3082 596 studio
3112 550 3371 611 tenetur;
3404 545 3612 615 quippe

2022 643 2146 697 qua:
2168 629 2483 698 voluptates
2506 644 2603 688 seu
2629 629 2893 685 libidines
2925 631 3172 685 animum
3197 633 3421 702 corpori
3455 633 3599 689 addi-

2024 727 2215 774 centes
2243 727 2589 789 aspernetur,
2624 729 2681 775 et
2710 722 2767 775 in
2823 723 2991 776 castis
3041 722 3290 788 sedibus,
3324 732 3385 778 ut
3416 733 3618 780 auctor

2023 818 2109 865 est
2139 811 2316 876 Plato,
2343 812 2495 866 tirma
2528 813 2819 868 consistat.
2843 813 2961 880 Qui
2984 814 3134 869 enim
3190 829 3290 870 nos
3326 814 3490 886 539
3517 830 3612 871 ca--

2025 900 2185 955 stitas
2217 901 2494 970 perfectos
2518 918 2629 956 non
2657 904 2874 970 reddat,
2907 920 3032 958 cum
3087 905 3357 976 quidquid
3405 906 3583 977 imper

2024 991 2231 1045 fectum
2259 1001 2364 1057 est,
2396 992 2643 1063 vitioque
2678 994 2898 1049 hmrens
2926 1010 2989 1048 ac
3025 995 3412 1061 libidinosum,
3438 1012 3469 1051 a
3512 1012 3613 1052 no-

2023 1083 2113 1138 bis
2145 1084 2517 1137 exterminet?
2546 1087 2726 1155 Atque
2789 1086 2896 1140 hoc
2941 1086 3014 1140 ita
3074 1102 3132 1141 se
3186 1088 3394 1143 habere
3447 1087 3611 1144 facile

2026 1173 2323 1244 intelligas,
2350 1176 2395 1229 si
2429 1176 2918 1246 Bellerophontem
2974 1178 3418 1234 consideraveris
3468 1195 3613 1249 quo-

2027 1266 2193 1319 modo
2220 1268 2474 1321 castitate
2519 1269 2723 1322 comite
2769 1278 3121 1333 concertans,
3170 1269 3507 1326 Chimaeram
3528 1271 3614 1326 fe-

2029 1372 2263 1427 rumque
2284 1374 2459 1427 genus
2481 1374 2646 1413 omne
2668 1368 2724 1414 et
2751 1368 2965 1430 agreste
2996 1370 3162 1429 atque
3185 1360 3398 1416 immite
3429 1371 3616 1417 sustu-

2028 1450 2175 1503 lerit.
2210 1449 2448 1505 Omnino
2475 1452 2625 1505 enim
2656 1451 2954 1505 affectuum
2980 1466 3076 1506 seu
3096 1451 3391 1506 libidinum
3417 1453 3614 1508 immo-

2029 1541 2155 1595 dica
2180 1541 2265 1595 vis
2294 1556 2356 1595 ac
2388 1542 2645 1609 victoria,
2679 1557 2751 1598 ne
2781 1541 3035 1598 homines
3067 1542 3294 1613 quidem
3352 1543 3612 1600 homines

342 1655 466 1695 esse
496 1638 653 1703 sinit,
713 1634 810 1691 sed
872 1633 927 1688 in
990 1633 1286 1687 brutorum
1334 1634 1680 1703 ferinamque
1734 1648 1798 1687 ac
1838 1630 2213 1687 inordinatam
2261 1647 2359 1687 eos
2406 1630 2673 1699 indolem,
2725 1634 2999 1689 exstincta
3063 1635 3188 1691 luce
3220 1634 3457 1691 rationis
3499 1643 3614 1690 tra-

410 1824 677 1894 Μέμνησο
707 1819 869 1892 λιμοῦ
905 1820 999 1874 καλ⁵
1042 1820 1258 1889 δίψουςσ
1291 1818 1467 1872 ταῦτα
1516 1817 1626 1889 γὰρ
1665 1815 1920 1870 δύνανται

2095 1814 2207 1869 Fac
2245 1814 2346 1869 tibi
2392 1814 2569 1871 fames
2606 1822 2663 1872 et
2716 1818 2841 1873 sitis
2871 1819 2927 1873 in
2958 1830 3201 1876 mentem
3237 1820 3460 1876 veniat:
3494 1821 3612 1877 hinc

344 1913 599 1987 μεγάλως
636 1912 748 1975 τοῖς
782 1908 1140 1982 σωφροσύνην
1168 1906 1481 1963 διώκουσιν.

414 2091 521 2143 Ἐκ
539 2087 659 2143 τῶν
680 2084 1373 2156 Ἀριστοτνοππουμμῶν
1393 2084 1616 2157 (p).-—K
1627 2084 1781 2156 ρατεῖ
1809 2081 1930 2152 ἠδσ-

340 2182 461 2252 γῆς,
494 2182 595 2252 οὐχ
636 2183 664 2234 ὁ
695 2183 1053 2250 ἀπεχόμενος,
1107 2176 1222 2232 ἀλλ’
1256 2178 1285 2230 ὀ
1339 2178 1619 2249 χρώμενος
1676 2175 1795 2247 μὲν,
1854 2172 1928 2244 μὴ

342 2270 819 2343 προεκφερὸμενος
847 2268 905 2321 δέ
924 2285 938 2300 °
969 2268 1158 2341 ὥσπερ
1183 2269 1279 2322 καὶ
1312 2268 1439 2340 νηὸς
1487 2268 1581 2322 καὶ
1612 2268 1801 2333 ἵππου,
1829 2267 1928 2336 οὐχ

339 2365 370 2416 ὁ
402 2362 479 2433 μὴ
509 2360 813 2433 χρώμενος,
847 2358 962 2413 ἀλλ’
1003 2360 1032 2412 ὁ
1071 2361 1324 2431 μετάγων
1347 2361 1482 2413 ὅπου
1514 2359 1784 2429 βούλεται.

423 2540 693 2595 Ἡσαΐου.
734 2570 803 2580 -
848 2540 1121 2610 Ἦγοῢμαι
1173 2540 1439 2610 μεγίστην
1485 2533 1624 2591 εἶναι
1662 2537 1773 2591 τῶν
1818 2538 1927 2590 λει-

338 2630 636 2700 τουργιῶν,
662 2629 721 2683 τὸ
753 2629 876 2684 καθ’
907 2631 1122 2702 ἡμέραν
1154 2629 1268 2700 βίον
1297 2613 1525 2700 κόσμιον
1545 2633 1639 2684 καὶ
1670 2629 1926 2709 σώφρονα

340 2734 625 2793 παρεχειν.
1514 2712 1519 2717 ’

408 2812 671 2880 Σωκρὰτ.
703 2844 774 2854 -
799 2813 873 2866 re
908 2812 1008 2884 μὲν
1037 2811 1174 2883 πῦρ,
1220 2814 1249 2865 ὁ
1276 2812 1499 2882 ἄνεμος,
1528 2811 1620 2865 τὸν
1645 2810 1701 2863 δὲ
1722 2810 1920 2883 ἔρωτα,

340 2904 375 2975 ἠ
412 2904 669 2974 συνήθεια
702 2904 942 2958 ἐκκαίει.
1786 2936 1801 2957 κ

422 2993 771 3063 Ἀλέξανδρ.
818 3024 888 3033 -
925 2993 1317 3064 Αίχμαλώτους
1354 2991 1536 3046 λαϐὼν
1565 2991 1664 3054 τὰς
1693 2992 1921 3061 Δαρείου

339 3084 670 3156 θυγατέρας,
704 3084 898 3156 ἐπειδὴ
945 3083 1326 3138 συνεϐούλευον
1359 3082 1509 3154 αὐτῷ
1541 3085 1592 3135 oi
1623 3082 1786 3152 φίλοι,
1829 3082 1920 3134 εύ-

2028 1901 2177 1956 enim
2206 1902 2510 1971 plurimum
2529 1904 2715 1959 valent
2735 1904 2791 1959 in
2815 1905 2886 1962 iis
2915 1907 3012 1977 qni
3037 1907 3349 1963 castitatem
3396 1916 3613 1965 sectan-

2030 1999 2141 2044 tur.

2106 2080 2187 2133 Ea:
2222 2080 2480 2153 Aristippi
2500 2085 3246 2156 sententiia.——Voluptatem
3273 2087 3469 2154 vincit,
3499 2103 3614 2144 non

2029 2171 2124 2240 qui
2146 2171 2406 2236 abstinet,
2446 2172 2542 2227 sed
2559 2173 2655 2243 qui
2689 2175 2868 2232 utitur
2894 2177 3146 2246 quidem,
3183 2186 3240 2233 et
3270 2195 3385 2234 non
3404 2179 3610 2236 ell‘use:

2030 2263 2173 2319 sicut
2202 2272 2259 2319 et
2284 2279 2480 2319 navem
2506 2272 2562 2318 et
2582 2281 2788 2335 equum
2815 2268 2980 2338 regit,
3013 2284 3123 2324 non
3146 2270 3239 2340 qui
3273 2286 3387 2325 non
3412 2271 3611 2337 utitur,

2030 2353 2127 2407 sed
2156 2353 2251 2423 qui
2301 2353 2565 2410 transfert
2594 2370 2659 2410 ac
2687 2357 2844 2412 ducit
2899 2373 3011 2428 quo
3036 2360 3348 2416 collibitum
3383 2361 3437 2417 ei
3487 2360 3614 2418 fue-

2029 2443 2124 2497 rit.

2097 2532 2231 2588 Isai.
2270 2563 2341 2574 -—
2371 2534 2666 2591 Maximum
2697 2538 2940 2594 arbitror
2966 2541 3216 2595 omnium
3266 2557 3389 2599 esse
3418 2558 3616 2598 mune-

2028 2640 2174 2689 rum,
2201 2625 2326 2679 vilaa
2378 2627 2592 2695 pudicae
2624 2643 2689 2684 ac
2744 2637 2908 2686 casta:
2950 2629 3072 2703 (seu
3104 2632 3327 2704 sobriae)
3359 2634 3612 2705 quotidie

2026 2713 2307 2781 specimen
2344 2715 2615 2783 praebere.

2094 2802 2353 2858 Socratis.
2401 2836 2473 2845 —
2501 2807 2687 2876 Ignem
2741 2818 2942 2867 ventus
2989 2814 3293 2872 exsuscitat
3325 2832 3612 2874 :amorem

2024 2902 2209 2947 autem
2229 2897 2573 2950 consuetudo
2598 2897 2931 2955 inﬂammat:

2092 2986 2421 3043 Alexander.
2461 3019 2534 3028 —
2557 2989 2696 3045 Cum
2728 2992 2975 3063 captivas
3010 2995 3067 3049 in
3113 3004 3388 3066 potestate
3440 2998 3615 3056 babe-

2026 3084 2113 3130 ret
2160 3077 2309 3131 Darii
2367 3077 2532 3144 ﬁlias,
2565 3081 2729 3150 eique
2763 3084 2931 3139 amici
2990 3087 3314 3155 suaderent,
3365 3098 3429 3144 ut
3457 3090 3610 3161 quod

338 3149 559 3233 ειδέσιν-
587 3149 774 3241 οὔσαις
823 3149 1015 3240 αύϋταϊς
1062 3175 1418 3245 συγγενέσθαι
1443 3191 1456 3203 ⁸
1480 3149 1750 3245 ϋΔίσχρὸν,
1790 3173 1913 3244 ἔφη,

2028 3167 2263 3237 eleganti
2315 3166 2493 3224 forma
2549 3180 2756 3239 essent,
2808 3189 2933 3228 eum
2977 3175 3060 3231 eis
3106 3179 3546 3249 congrederetur
3590 3199 3607 3237 ι

337 3271 520 3334 ἐστὶν,
570 3268 768 3339 ἄνδρας
826 3270 1197 3338 νικήσαντας,
1256 3265 1362 3320 ὑπὸ
1423 3266 1699 3335 γυναικῶν
1754 3265 1919 3334 ἡττη·

339 3360 521 3430 θῆναι.

335 3541 457 3606 Διὸς
516 3540 686 3612 βωμῷ
739 3539 974 3594 κατιδὼν
1013 3541 1249 3608 γυναῖκα
1290 3538 1480 3592 κάλλει
1528 3522 1919 3609 διαφέρουσαν,

333 3634 632 3703 ᾶκπλαγεὶς
690 3632 860 3702 αὐτῆς
926 3633 1024 3702 τὴν
1088 3629 1426 3703 εὐμορφίαν,
1503 3629 1672 3683 πολὺν
1730 3630 1922 3700 χρόνον

334 3727 553 3780 ἐθεᾶτο·
602 3725 697 3779 τοῦ
749 3725 808 3779 δὲ
879 3723 1276 3793 Ἠφαιστίωνος
1326 3722 1591 3786 εἰπόντος,
1648 3722 1731 3774 ὃτι
1773 3721 1921 3786 εἰκός

335 3822 453 3874 ἐστι
484 3818 825 3889 παραλαϐεῖν
854 3817 1024 3888 αὐτὴν
1052 3815 1357 3887 ἐρωμένην,
1395 3814 1521 3885 ἔφη,
1575 3814 1683 3867 Καὶ
1709 3813 1826 3877 πῶς
1855 3814 1916 3867 ού

333 3910 526 3972 δεινὸν,
572 3911 621 3962 εί
661 3911 709 3962 oi
758 3907 936 3962 ἄλλων
972 3906 1255 3977 ἀκρασίας
1306 3904 1555 3970 κολάζειν
1582 3904 1915 3975 βουλόμενοι,

333 4000 677 4065 δουλεύοντες
728 4000 1027 4073 ἀκρασίαις
1069 3998 1175 4053 ὑπὸ
1232 3997 1343 4051 τῶν
1398 3997 1556 4061 ἐκτὸς
1613 3997 1917 4067 ἀνθρώπων

334 4092 711 4164 φωραθῶμεν;

405 4183 774 4253 Κλειτάρχου
795 4213 865 4224 —
892 4181 1065 4235 Φιλῶν
1089 4181 1125 4234 ἃ
1144 4181 1221 4253 μὴ·
1242 4180 1339 4244 δεῖ,
1374 4180 1433 4233 ού
1465 4180 1713 4250 φιλήσεις
1739 4178 1775 4233 ἃ
1812 4179 1913 4236 δεῖ.

346 4276 695 4347 Ἀπλήρωτον
716 4275 836 4345 ’γὰρ
862 4275 897 4344 ἡ
940 4272 1227 4341 ἐπιθυμία,
1258 4271 1349 4326 διὰ
1379 4271 1660 4343 τοῦτο-καὶ
1687 4273 1912 4342 ἄπορον.

420 3452 477 3504 '0
508 3448 669 3514 αὐτὸς
698 3450 779 3513 εἰς
816 3448 1110 3520 Ἰλλυριοὺς
1144 3447 1629 3520 παραγενόμενοςκ
1648 3446 1704 3499 ὲν
1730 3445 1808 3516 τῷ
1828 3445 1921 3499 τοῦ
2016 3502 2021 3505 ,

2025 3254 2209 3324 Turpe
2236 3255 2400 3331 foret,
2429 3258 2630 3328 inquit,
2655 3261 2701 3314 si
2718 3262 2967 3317 virorum
2996 3265 3257 3333 victores,
3283 3282 3316 3322 a
3352 3270 3608 3326 mulieri-

2024 3345 2129 3401 bus
2155 3362 2258 3401 nos
2291 3348 2439 3402 vinci
2466 3349 2839 3421 contingeret.

2092 3435 2243 3491 Idem
2269 3452 2396 3491 cum
2456 3439 2513 3493 in
2545 3438 2761 3509 Illyrios
2802 3442 3067 3510 venisset,
3102 3460 3168 3501 ac
3223 3446 3280 3501 in
3331 3448 3487 3508 Jovis
3508 3465 3608 3508 ara

2022 3530 2317 3585 mulierem
2340 3531 2513 3586 forma
2544 3540 2902 3602 praestantem
2932 3526 3435 3608 animadvertisset,
3480 3544 3605 3616 ejus

2021 3630 2254 3691 stupens
2288 3622 2784 3691 pulchritudinem,
2831 3624 2929 3679 diu
2967 3630 3240 3696 spectavit
3287 3648 3300 3684 :
3363 3648 3606 3706 eumque

2021 3710 2379 3781 Haephestion
2405 3712 2636 3778 diceret,
2661 3729 2882 3785 :rquum
2920 3732 3041 3774 esse
3074 3727 3132 3773 ut
3188 3722 3348 3793 cujus
3414 3739 3604 3782 amore

2021 3802 2284 3858 incensus
2313 3812 2483 3869 esset,
2532 3819 2654 3860 eam
2687 3807 2967 3876 acciperet
2995 3811 3254 3877 :Annon,
3282 3814 3484 3887 inquit,
3516 3820 3607 3874 in-

2020 3893 2408 3965 dignissimum
2427 3911 2704 3967 graveque
2731 3900 2891 3965 foret,
2920 3909 2983 3956 ut
3001 3904 3096 3972 qui
3131 3906 3187 3960 in
3225 3908 3463 3965 aliorum
3516 3911 3604 3967 in-

2019 3985 2418 4040 continentiam
2503 3989 2945 4072 animadvertere
3004 3996 3282 4065 velimus,
3354 4001 3458 4071 ipsi
3515 4004 3605 4059 in-

2018 4076 2378 4131 continentia:
2422 4079 2631 4134 servire
2661 4081 2730 4135 ab
2787 4085 2995 4139 exteris
3031 4086 3597 4157 deprehenderentur.
3691 4118 3699 4125 ο

2090 4168 2370 4222 Clitarchi.
2400 4200 2472 4208 —
2505 4169 2560 4224 Si
2596 4187 2718 4241 qua:
2756 4189 2868 4228 non
2894 4174 3054 4231 decet
3091 4194 3264 4245 amas,
3291 4198 3414 4251 quae
3440 4166 3601 4241 decet

2019 4272 2135 4311 non
2163 4272 2336 4312 amas.
2368 4257 2658 4329 Cupiditas
2677 4264 2827 4319 enim
2858 4264 3234 4337 inexplebilis,
3277 4286 3343 4326 ac
3389 4273 3601 4331 idcirco

2016 4355 2074 4401 et
2108 4363 2281 4418 egena
2316 4358 2421 4403 est.

268 4518 271 4521 δ
400 4451 704 4522 Διογένης.
733 4479 803 4490 -
828 4448 1010 4503 Δεινὺν
1032 4448 1238 4516 ἔλεγεν,
1272 4448 1321 4501 εί
1348 4448 1397 4500 oi
1431 4446 1531 4518 μὲν
1559 4447 1790 4518 ἀθληταὶ
1820 4447 1913 4502 καὶ

2090 4416 2369 4511 Diogenes.
2390 4472 2460 4481 —
2475 4442 2612 4498 Rem
2629 4445 2912 4517 indignam
2937 4416 3059 4505 esse
3082 4450 3324 4518 dicebat,
3358 4456 3598 4516 athletas

329 4543 382 4596 ei
416 4541 732 4611 κιθαρῳδοὶ,
766 4541 1002 4611 γαστρὸς
1033 4542 1125 4594 καὶ
1149 4539 1353 4611 ἡδονῶν
1390 4542 1707 4612 κρατοῦσιν,
1740 4544 1789 4595 οἱ
1812 4543 1913 4615 μὲν

2020 4538 2076 4586 et
2102 4532 2439 4589 citharmdos
2456 4536 2638 4604 gulam
2666 4538 2889 4594 vincere
2916 4555 2981 4595 ac
3009 4543 3342 4613 voluptates,
3368 4548 3507 4603 alios
3537 4558 3600 4606 ut

326 4634 430 4704 τῆς
457 4633 640 4705 φωνῆς
670 4633 830 4704 χάριν
853 4648 867 4663 ο
902 4633 950 4685 oi
978 4631 1056 4696 δὲ,
1090 4630 1186 4684 τοῦ
1229 4628 1481 4701 σώματος
1507 4647 1521 4661 ο
1556 4632 1912 4704 σωφροσύνης

326 4719 385 4774 δὲ
411 4720 594 4786 ἕνεκα,
624 4719 800 4784 οὐδεὶς
831 4718 1036 4774 τούτων
1064 4722 1485 4795 καταφρονήσει.

2020 4625 2166 4690 voci,
2211 4626 2352 4682 alios
2402 4637 2463 4681 ut
2494 4632 2714 4698 corpori
2743 4633 2974 4702 ejusque
3027 4634 3219 4703 robori
3262 4640 3595 4698 consulant:

2018 4717 2301 4772 neminem
2328 4734 2463 4774 vero
2483 4725 2866 4792 temperantia:
2888 4740 3055 4783 causa
3086 4742 3152 4783 ac
3177 4729 3449 4789 castitatis
3478 4734 3598 4791 haec

2019 4815 2400 4864 contemnere.

1828 4907 2070 4996 Nora-3.

400 5072 477 5145 (p)
512 5074 609 5149 ζζσζκ
795 5064 1459 5149 Ἀριοιτογνοππουμῷη
1480 5065 1906 5149 Monstrumhoc

324 5139 483 5198 vocis
514 5141 728 5198 librarii
762 5139 1043 5211 imperitia
1090 5148 1297 5203 ortum,
1360 5139 1443 5211 sic
1491 5139 1902 5211 emendandum

226 5219 233 5225 '
323 5223 540 5284 putem,
584 5214 680 5265 Ἐκ
715 5208 1225 5284 τῶν”Δριστίππου
1248 5208 1518 5284 γνωμῶν·
1553 5208 1750 5284 cui__in
1781 5210 1907 5265 Sto-

325 5279 428 5339 baei
458 5284 707 5338 editione
731 5281 850 5336 haec
875 5279 1151 5335 sententia
1186 5295 1251 5334 ac
1278 5279 1534 5347 superior
1583 5280 1906 5347 tribdatur;

325 5355 381 5409 in
410 5353 632 5409 Maximi
656 5366 929 5415 seorsum,
981 5349 1125 5405 forte
1170 5348 1369 5403 melius
1421 5359 1509 5416 (ex
1546 5349 1652 5402 viri
1693 5350 1904 5405 scilicet

324 5426 510 5495 genio)
537 5424 656 5495 haec
682 5438 811 5495 una.
844 5420 1132 5495 Hominem
1167 5417 1440 5495 describit
1465 5419 1619 5495 suid.
1660 5419 1905 5495 philoso-

324 5488 502 5564 phum
530 5493 880 5564 Socraticum,
916 5493 975 5543 ἐν
1004 5493 1137 5564 πᾶσι
1166 5491 1265 5561 τὴν
1292 5488 1488 5564 ἡδονὴν
1513 5488 1902 5564 ἀσπασάμενον

2003 5075 2281 5162 σωφρονα,
2303 5086 2708 5162 temperantem,
2743 5092 2973 5162 castum,
3002 5088 3217 5162 habuit,
3235 5105 3343 5145 non
3363 5093 3458 5162 qui
3476 5109 3595 5150 om-

2003 5151 2135 5236 nino
2160 5157 2512 5236 temperaret,
2671 5154 2773 5236 qui
2807 5151 3030 5236 modum
3055 5151 3295 5236 aliquem
3331 5151 3590 5236 volupta-

2004 5217 2076 5299 tis
2103 5217 2341 5302 teneret.
2369 5219 2490 5302 Quo
2514 5217 3029 5302 altior—Christiana
3066 5217 3592 5301 philosopliia.7rvir-

2003 5293 2291 5377 ginitatem
2318 5293 2877 5377 omnibushprzel'ert,
2911 5314 3033 5368 quae
3065 5293 3178 5371 ipsa
3224 5293 3589 5377 σιιῖφροσύνης

2004 5373 2202 5443 προῃι
2222 5368 2440 5425 tenens,
2466 5363 2740 5421 castitatis
2768 5363 3100 5437 supremum.
3139 5363 3588 5443 genunsfnulluhi

2010 5427 2267 5484 admittat
2296 5446 2665 5488 venereorum
2717 5427 2898 5502 usum,
2926 5457 3022 5495 seu
3051 5427 3223 5497 animi
3276 5427 3334 5498 in
3362 5427 3591 5502 ρᾱὲιῖιῖζ

2010 5512 2253 5583 sensum,
2290 5502 2560 5583 quidquid
2584 5520 2787 5578 corpus
2808 5510 2989 5567 adhuc
3020 5515 3278 5583 animale,
3315 5517 3400 5571 vel
3452 5533 3591 5575 con-

326 5559 420 5616 καὶ
438 5565 714 5642 ἐπίχαριν.
739 5562 840 5642 Qui
866 5563 921 5615 in
958 5562 1195 5642 omnibus
1222 5559 1569 5642 'poluptategi
1617 5559 1899 5642 amplexus

2020 5559 2256 5639 :upiscat
2281 5559 2364 5627 v'cl
2388 5559 2631 5642 patiatur

325 5638 413 5699 sit,
442 5652 504 5688 ac
536 5630 626 5687 eui
654 5634 867 5703 festivus
902 5640 1052 5685 esset.
1082 5632 1184 5696 Qui
1209 5632 1289 5686 sic
1311 5644 1440 5699 ergo
1470 5630 1703 5685 aﬂ‘ectus
1727 5643 1895 5698 esset,
