4068 6142
478 221 592 289 743

1620 229 1680 288 S.
1726 229 2009 289 ΜΑΧΙΜΙ
2043 230 2552 292 CONFESSORIS

3640 224 3750 290 7M

448 364 455 371 -
553 336 868 391 Demonact.
893 366 963 378 --
985 336 1245 392 Nonnulli
1267 337 1591 393 civitatibus
1608 339 1987 404 dominantur,
2004 348 2059 393 et

2232 342 2569 409 Δημώνακτ.
2598 371 2666 382 --
2695 342 2867 396 Ἔνιοι
2908 341 3115 396 πόλεων
3141 340 3240 411 μὲν
3271 339 3621 419 δεσπόζουσι,
3645 354 3744 409 ξυ-

485 427 816 482 mulieribus
838 426 1109 482 serviunt.

555 520 868 590 Antiphont.
898 517 1091 585 ——Qui
1119 519 1324 589 turpia,
1360 519 1475 574 sive
1511 518 1676 584 mala,
1710 534 1815 573 nec
1841 518 2064 575 deside-

486 611 628 665 ravit
654 624 834 679 neque
874 610 1074 681 tetigit,
1099 625 1211 665 non
1238 619 1324 666 est
1352 619 1665 681 temperans
1692 629 1704 662 :
1740 609 1879 664 nihil
1912 613 2061 665 enim

484 708 569 755 est
603 700 761 769 cujus
794 700 995 765 victor,
1024 700 1373 755 moderatum
1401 716 1460 756 se
1492 710 1548 755 et
1571 707 1782 754 castum
1805 700 2061 770 praebue-

488 791 578 844 rit.

558 881 720 954 55,0
747 881 995 952 Epicteti.
1032 911 1104 921 —
1130 880 1297 935 Liber
1322 895 1435 935 non
1460 888 1567 945 est,
1588 880 1682 951 qui
1702 896 1772 949 se
1808 880 1924 951 ipse
1947 895 2061 936 non

385 1043 393 1048 _
483 975 753 1027 continet.

554 1063 847 1134 Pythagor.
877 1062 1069 1117 —Vis
1124 1060 1294 1116 animi
1336 1076 1367 1114 a
1433 1062 1952 1131 perturbationibus
1999 1078 2063 1118 ac

484 1155 778 1210 affectibus
810 1152 991 1217 vacui,
1019 1153 1386 1222 temperantia
1411 1162 1496 1207 est
1521 1168 1585 1207 ac
1618 1152 1920 1207 sobrietas:
1945 1154 2062 1208 haec

482 1245 632 1299 enim
667 1244 762 1297 lux
785 1251 868 1297 est
893 1241 1062 1295 animi
1091 1240 1146 1293 in
1178 1239 1592 1309 tranquillitatis
1613 1241 1723 1310 jam
1751 1254 1877 1294 arce
1924 1254 2061 1294 con-

482 1334 685 1391 stituti.

555 1427 776 1482 Servire
826 1423 1139 1486 aﬂ‘ectibus,
1181 1436 1278 1476 seu
1316 1420 1490 1486 vitiis,
1530 1422 1752 1490 gravius
1780 1428 1865 1476 est
1895 1437 2061 1491 quam

484 1517 731 1589 tyrannis
766 1533 779 1569 ε
818 1531 921 1570 nec
943 1515 1094 1569 enim
1130 1512 1249 1567 ﬁeri
1277 1519 1463 1580 potest
1494 1520 1555 1565 ut
1579 1511 1626 1565 is
1671 1512 1813 1565 liber
1844 1512 1937 1575 sit,
1966 1513 2060 1581 qui

482 1609 773 1664 aﬂectibus
810 1615 979 1677 atque
1008 1605 1161 1661 vitiis
1182 1603 1376 1669 servit,
1416 1618 1727 1672 eorumque
1775 1602 2059 1657 dominatu

482 1702 775 1771 premitur.
1126 1742 1129 1743 ν

554 1791 843 1864 Sophoclis.
897 1820 968 1831 —
1015 1790 1197 1859 Turpe
1260 1798 1347 1845 est
1404 1786 1640 1857 turpiter
1708 1787 1896 1842 vivere
1958 1787 2060 1853 iis,

481 1888 576 1958 qui
608 1886 750 1939 bene
783 1882 899 1937 nati
930 1882 1233 1935 honestave
1269 1877 1378 1934 orti
1413 1876 1676 1948 progenie
1706 1886 1856 1931 sunt.

550 1978 948 2032 Demosthenes.
980 2004 1045 2013 -—
1094 1974 1283 2037 Decet,
1317 1980 1377 2025 ut
1419 1970 1514 2039 qui
1560 1970 1783 2039 sapiens
1828 1977 1913 2024 est
1960 1969 2067 2024 hoc

481 2070 744 2135 enitatur,
770 2075 831 2122 ut
852 2065 1122 2119 rationem
1150 2078 1370 2133 semper
1390 2059 1756 2131 cupiditatum
1780 2060 2065 2115 victricem

481 2163 659 2232 iisque
692 2160 1035 2232 superiorem
1070 2164 1316 2227 praestet.

555 2253 870 2309 Demetrius.
919 2278 991 2288 —
1046 2245 1361 2301 Demetrius
1421 2244 1721 2299 Phalereus
1798 2243 2067 2297 honestos

480 2345 871 2401 adolescentes
919 2339 1102 2394 aiebat
1159 2337 1308 2392 domi
1362 2344 1622 2407 parentes
1674 2337 1919 2390 revereri
1967 2334 2066 2389 de--

480 2439 651 2503 bere;
684 2437 740 2491 in
795 2436 886 2490 via
912 2446 1127 2497 omnes,
1156 2437 1217 2483 ut
1266 2430 1501 2500 quisque
1541 2445 1599 2483 se
1639 2426 1909 2483 obtulerit
1944 2446 1957 2481 :
2009 2427 2065 2481 in

480 2523 781 2581 solitudine
802 2522 1036 2592 seipsos.

549 2613 840 2667 Meneclem.
871 2641 942 2651 —
979 2610 1356 2673 Menedemus,
1386 2623 1511 2663 cum
1564 2606 1887 2662 adolescens
1939 2605 2067 2674 qni-

485 2704 616 2758 dam
645 2703 875 2757 dixisset
902 2717 1159 2771 magnum
1191 2715 1337 2763 esse,
1364 2714 1557 2753 eorum
1614 2706 1924 2767 compotem
1947 2696 2068 2749 ﬁeri

480 2810 605 2864 qua:
632 2794 760 2863 quis
787 2793 1090 2857 desideret,
1146 2791 1457 2860 respondit,
1509 2790 1687 2843 multo
1733 2788 1912 2858 majus
1943 2801 2065 2841 esse

481 2885 622 2938 nihil
657 2884 998 2948 desiderare,
1060 2898 1253 2937 eorum
1300 2897 1423 2951 qua:
1480 2897 1590 2935 non
1615 2880 1849 2935 deceant
1891 2892 2068 2947 exque

484 2976 706 3031 honesti
742 2976 955 3030 ratione
983 2977 1113 3031 sint.

2164 431 2308 496 ναιξὶ
2334 432 2388 485 δὲ
2415 432 2741 486 δουλεύουσι.

2247 522 2589 593 Ἀντιφῶν-τ.
2633 554 2704 565 -
2752 525 2941 587 Ὅστις
2988 521 3046 575 δὲ
3087 521 3197 575 τῶν
3244 521 3507 593 αἰσχρῶν,
3560 520 3598 594 ἢ
3637 519 3749 577 τῶν

2164 614 2382 681 κακῶν,
2438 617 2575 685 μήτε
2626 615 2967 685 ἐπεθύμησε,
3031 616 3170 684 μήτε
3218 613 3428 683 ἥψατο,
3479 613 3583 666 οὐκ
3628 612 3752 665 ἔστι

2165 705 2401 776 σώφρων
2420 725 2433 738 ·
2470 708 2531 759 οὐ
2583 707 2692 779 γὰρ
2721 707 2835 760 ἐσθ’
2867 708 2991 761 ὅτου
3021 707 3326 777 κρατήσας,
3360 704 3522 769 αὐτὸς
3551 704 3750 763 ἑαυτὸν

2163 799 2390 869 κόσμιον
2422 797 2752 868 παρέχεται.

2247 890 2630 960 Ἐπικτήτου.
2677 919 2748 931 —
2801 890 2993 953 Οὐδεὶς
3047 889 3364 960 ἐλεύθερος,
3418 886 3614 943 ἑαυτοῦ
3670 887 3752 958 μὴ

2163 980 2399 1052 κρατῶν.

2232 1074 2603 1141 Πυθαγόρου.
2650 1102 2723 1112 -
2761 1070 2948 1141 Ῥώμη
2991 1071 3168 1141 ψυχῆς
3210 1068 3478 1138 ἀπαθοῦς,
3525 1085 3742 1141 σωφρο-

2165 1162 2319 1235 σύνη.
2353 1164 2502 1234 Αὕτη
2530 1163 2641 1235 γὰρ
2671 1162 2848 1233 ψυχῆς
2878 1162 3127 1225 ἀπαθοῦς
3152 1161 3267 1231 φῶς
3294 1163 3462 1214 ἐστιν.

2232 1425 2514 1480 Δουλεύειν
2540 1424 2739 1479 πάθεσι
2761 1422 3141 1496 χαλεπώτερον
3166 1423 3199 1494 ἦ
3224 1422 3524 1495 τυράννοις.
3562 1420 3747 1474 Ἐλεύο

2165 1518 2320 1588 θερον
2351 1517 2610 1570 ἀδύνατον
2641 1511 2781 1569 εἶναι
2810 1514 2901 1568 τὸν
2925 1515 3121 1568 πάθεσι
3156 1512 3498 1568 δουλεύοντα.
3522 1511 3617 1565 καὶ
3640 1511 3747 1564 ὑπὸ

2165 1608 2353 1661 παθῶν
2386 1608 2774 1678 κρατούμενον.

2235 1782 2639 1852 Σοφοκλέους.
2669 1811 2740 1823 -
2764 1784 2870 1853 Ζῇν
2899 1782 3122 1851 αἰσχρὸν
3151 1781 3395 1853 αἰσχρῶς
3427 1785 3537 1845 τοῖς
3564 1782 3745 1847 καλῶς

2165 1877 2456 1945 πεφυκόσι.

2235 1972 2493 2035 Δημοσθ.
2538 1966 2617 2006 -’
2639 1969 2731 2020 Δεῖ
2782 1966 2873 2021 τὸν
2904 1961 2964 2019 εὖ
3001 1964 3323 2036 φρονοῦντα,
3362 1964 3455 2018 τὸν
3484 1964 3747 2037 λογισμὸν

2164 2062 2255 2116 ἀεὶ
2285 2061 2392 2115 τῶν
2417 2061 2723 2128 ἐπιθυμιῶν
2746 2061 2980 2133 κρείττω
3012 2059 3306 2131 πειρᾶσθαι
3338 2062 3534 2113 ποιεῖν.

2236 2238 2583 2307 Δημήτριος.
2604 2265 2677 2277 -
2695 2238 3006 2309 Δημήτριος
3039 2236 3066 2288 6
3088 2236 3389 2306 Φαληρεὺς,
3415 2237 3540 2299 τοὺς
3563 2236 3747 2289 ἀστεί-

2166 2348 2264 2393 ους
2299 2325 2425 2382 εῐπε
2456 2328 2567 2381 τῶν
2602 2328 2760 2390 νέων,
2792 2330 2849 2380 ὲν
2895 2327 2991 2397 μὲν
3030 2329 3149 2391 ταῖς
3181 2328 3383 2390 οἰκίαις
3415 2328 3546 2391 τοὺς
3570 2330 3749 2396 γονεῖς

2150 2423 2262 2476 δεῖν
2278 2422 2575 2475 αἰδεῖσθαιο
2609 2423 2664 2473 ὲν
2694 2420 2751 2472 δὲ
2784 2422 2850 2491 τῇ
2876 2419 3000 2491 ὀδῷ,
3023 2421 3150 2484 τοὺς
3184 2420 3574 2484 ἀπαντῶντας
3605 2423 3663 2473 ἐν
3689 2420 3748 2473 δὲ

2166 2514 2286 2573 ταῖς
2322 2513 2418 2581 ὲρη
2430 2510 2602 2580 μίαις,
2642 2509 2889 2573 ἑαυτούς.

2238 2603 2604 2671 Μενέδημος.
2658 2631 2726 2642 -
2766 2602 3107 2672 Μενέδημος,
3140 2601 3420 2654 νεανίσκου
3469 2598 3613 2662 τινὸς
3665 2601 3747 2651 εξ-

2170 2696 2385 2757 πόντος,
2425 2694 2584 2760 Μέγα
2620 2693 2737 2745 ἐστὶ
2786 2692 2848 2745 τὸ
2878 2696 3060 2763 τυχεῖν
3111 2686 3186 2748 ὧν
3228 2693 3290 2747 ἀν
3342 2708 3426 2754 τις
3471 2691 3743 2761 ἐπιθυμῇ,

2168 2782 2341 2841 εἶπεν·
2377 2782 2562 2854 Πολλῷ
2593 2783 2777 2853 μεῖζόν
2812 2785 2927 2837 ἐστι
2961 2784 3021 2838 τὸ
3047 2783 3217 2857 μηδὲν
3254 2782 3533 2854 ἐπιθυμεῖν
3560 2774 3636 2837 ὧν
3670 2781 3750 2854 μὴ

2167 2879 2269 2934 δεῖ.

550 3067 700 3122 Bias.
732 3096 802 3106 ——
835 3066 962 3121 Bias
997 3068 1263 3121 Prieneus
1295 3065 1515 3120 beatum
1565 3034 1692 3118 eum
1718 3061 1940 3117 dicebat
1970 3061 2065 3130 qui

2242 3053 2492 3117 Bla¢.-—-
2516 3052 2648 3117 Βίας
2680 3055 2708 3106 6
2734 3052 3023 3125 Πριηνεὺς,
3052 3046 3195 3106 εἷπε·
3231 3052 3518 3122 Μακάριος
3544 3053 3692 3104 ἐστιν
3720 3050 3751 3102 6

482 3159 641 3215 dives
667 3166 834 3223 esset,
864 3167 920 3214 et
952 3159 1156 3227 optatis
1182 3157 1457 3227 potiretur
1483 3173 1495 3208 :
1532 3169 1660 3208 eum
1719 3163 1900 3208 tamen
1932 3152 2066 3205 bea-

484 3249 681 3303 tiorem
713 3262 857 3313 esse,
884 3247 979 3317 qui
1015 3247 1155 3301 nihil
1177 3255 1396 3316 optaret
1421 3253 1517 3299 aut
1539 3254 1790 3314 cuperet.

551 3360 768 3415 Xanthi.
793 3390 863 3400 —
891 3360 1149 3430 Xanthus
1194 3360 1436 3429 sapiens,
1475 3374 1602 3413 cum
1628 3357 1944 3414 adulterum
1964 3371 2065 3426 pro

481 3452 697 3507 foribus
749 3451 1006 3507 formosa:
1052 3451 1308 3505 mulieris
1368 3450 1645 3505 vidisset:
1680 3450 1807 3513 Iste,
1861 3446 2063 3517 inquit,

481 3543 706 3598 brevem
736 3544 1076 3613 voluptatem
1103 3542 1297 3613 grandi
1331 3541 1580 3612 periculo
1602 3541 1760 3595 emit.

553 3632 833 3689 Chariclei.
862 3664 932 3672 —
958 3634 1224 3688 Amorum
1259 3642 1535 3703 aspectus,
1569 3632 1807 3687 amantis
1848 3647 2063 3687 memo-

484 3722 623 3775 riam
658 3722 885 3787 excitat,
914 3724 1141 3792 visaque
1191 3723 1407 3793 species
1458 3724 1703 3777 animum
1742 3722 2067 3786 inﬂammat,

484 3813 638 3865 velut
673 3812 784 3883 igni
815 3815 1077 3869 materies
1112 3814 1420 3869 fomentum
1459 3815 1675 3869 ell'ecta.
1735 3814 2070 3885 Cupiditatis

483 3900 633 3955 enim
665 3902 994 3972 fomentum,
1025 3904 1331 3959 amatorius
1363 3919 1545 3959 sermo
1565 3913 1671 3959 est.

1087 4277 1320 4334 SERMO
1376 4279 1464 4334 iV.

910 4371 986 4426 De
1009 4371 1318 4443 fortitudine
1347 4389 1409 4426 ac
1431 4372 1635 4426 robore.

374 4498 379 4505 ς
482 4512 489 4519 .
557 4463 746 4520 Matth.
769 4480 876 4529 xw,
898 4464 992 4518 24.
1015 4494 1085 4503 -
1105 4463 1163 4517 Si
1181 4463 1307 4532 quis
1329 4464 1448 4517 vult
1473 4464 1665 4518 venire
1694 4474 1820 4536 post
1840 4482 1947 4533 me,
1974 4465 2071 4522 ab-

489 4566 650 4625 neget
681 4558 1066 4628 semetipsum,
1110 4567 1166 4609 et
1193 4556 1347 4610 tollat
1398 4571 1620 4610 crucem
1655 4573 1832 4624 suam,
1874 4569 1932 4614 et
1985 4575 2071 4615 se-

486 4655 692 4715 quatur
724 4662 834 4702 me.

558 4738 695 4793 Prov
719 4759 861 4819 xxxi,
891 4745 974 4809 30,
1007 4740 1260 4799 51—Non
1278 4750 1363 4796 est
1388 4741 1600 4796 homini
1627 4741 1919 4812 sapientia,
1959 4757 2069 4796 non

487 4839 572 4884 est
598 4829 890 4891 fortitudo,
912 4846 1023 4885 non
1047 4838 1134 4886 est
1162 4831 1456 4886 consilium
1491 4848 1673 4885 coram
1710 4831 1963 4886 Domino.

559 4967 580 4998 ⁸
639 4966 698 5020 lu
746 4966 912 5021 Gesn.
974 4965 1232 5039 Stobaeo-

2173 3145 2439 3216 πλουτῶν,
2474 3150 2569 3199 καὶ
2602 3140 2677 3199 ὧν
2724 3146 2985 3216 ἐπιθυμεῖ
3012 3145 3304 3200 ἀπολαύων
3324 3163 3337 3176 ·
3372 3147 3401 3199 6
3433 3144 3490 3199 δὲ
3526 3145 3601 3216 μὴ
3631 3145 3753 3196 ἐπι-

2172 3215 2378 3304 θυμῶν,
2414 3235 2827 3306 μακαριώτερος
2897 3215 2901 3216 7
3595 3215 3599 3216 ί
3730 3229 3734 3233 ’

2241 3348 2495 3404 Ξάνθου.
2556 3380 2624 3390 -
2677 3349 2881 3412 Ξανθος
2932 3351 2961 3402 6
3022 3348 3218 3417 σοφὸς,
3270 3346 3607 3416 θεασάμενος
3660 3346 3755 3399 ἐπὶ

2173 3437 2364 3508 θύραις
2398 3440 2705 3509 εὐπρεποῦς
2746 3439 3007 3507 γυναικὸς
3051 3439 3219 3509 ἄνδρα
3249 3438 3592 3509 οἰκοφθόρον,
3624 3438 3751 3507 ἔφη’

2172 3523 2341 3593 Οὗτος
2372 3526 2566 3600 ἡδονὴν
2595 3532 2797 3601 μικρὰν
2830 3530 3051 3584 ὠνεῖται
3081 3528 3302 3599 μεγάλῳ
3331 3528 3590 3599 κινδύνῳ.

2240 3622 2611 3691 Χαρικλείας.
2648 3653 2717 3663 -
2757 3623 2847 3675 Ἠ·
2875 3622 2984 3692 γὰρ
3022 3621 3129 3673 τῶν
3175 3619 3457 3691 ἐρωτικῶν
3504 3619 3755 3673 ἀντίσλε-

2164 3713 2279 3784 ψις,
2317 3715 2623 3785 ὑπόμνησις
2660 3714 2754 3768 τοῦ
2787 3715 3086 3785 πάσχοντος
3112 3713 3341 3781 γίνεται,
3392 3714 3489 3766 καὶ
3522 3712 3758 3780 ἀναφλέ-

2150 3804 2252 3873 ’γει
2285 3806 2384 3875 τὴν
2431 3805 2674 3859 διάνοιαν
2725 3808 2758 3875 ἡ
2789 3807 2907 3868 θέα,
2958 3806 3213 3876 καθάπερ
3263 3804 3363 3874 ὕλη
3413 3808 3547 3874 πυρὶ
3599 3820 3758 3870 γενο-

2170 3896 2304 3967 μένη
2343 3897 2696 3966 ὑπέκκαυμα.
2737 3898 3102 3975 ’Υπέκκαυμα
3136 3899 3243 3967 γὰρ
3278 3895 3574 3964 ἐπιθυμίας
3600 3895 3759 3960 λόγος

2166 3992 2447 4062 ἐρωτικός.

2802 4279 3021 4333 ΛΟΓΟΣ
3057 4281 3133 4332 Δ⁸.

2531 4374 2667 4440 Περὶ
2710 4372 2991 4439 ἀνδρείας
3029 4370 3124 4423 καὶ
3165 4370 3397 4439 ἰσχύος.

2249 4466 2401 4519 Mue.
2436 4470 2533 4527 ις’.
2570 4492 2639 4502 --
2666 4463 2833 4525 Εἴτις
2872 4461 3009 4532 θέλῃ-
3027 4461 3202 4513 ὀπίσω
3228 4477 3335 4528 μου
3359 4458 3556 4521 ἐλθεῖν,
3580 4459 3762 4529 ἀπαρ-

2176 4555 2433 4626 νησάσθω
2463 4553 2672 4620 ἑαυτὸν,
2708 4554 2802 4605 καὶ
2837 4553 3024 4623 ἀράτω
3052 4551 3143 4604 τὸν
3174 4549 3407 4620 σταυρὸν
3433 4549 3627 4612 αὑτοῦ,
3667 4550 3762 4602 καὶ

2177 4629 2539 4702 ἀκολουθείτω
2575 4664 2661 4716 μοι
2672 4686 2684 4698 .

2249 4743 2499 4809 Παροιμ.
2545 4744 2654 4792 xa’.
2688 4767 2758 4776 —
2787 4738 2900 4789 Οὐκ
2931 4736 3078 4789 ἔστιν
3114 4734 3386 4805 ἀνθρώπῳ
3428 4733 3615 4802 σοφία,
3643 4733 3764 4786 οὐδὲ

2180 4830 2327 4883 ἔστιν
2346 4830 2584 4900 ἀνδρεία,
2614 4828 2734 4883 οὐδὲ
2766 4828 2879 4882 ἔστι
2912 4827 3075 4897 βουλὴ
3097 4828 3381 4879 κατέναντι
3420 4825 3630 4895 Κυρίου
3662 4826 3762 4895 (q).

2004 5032 2236 5088 ΝΟΤΛΞ.

563 5190 637 5260 (q)
660 5193 984 5260 κατέναντι
1014 5191 1256 5256 Κυρίου.
1312 5190 1458 5245 Bene
1494 5201 1578 5244 cst
1605 5190 1752 5260 quod
1802 5190 2070 5244 Maximus

490 5275 677 5315 veram
707 5259 1002 5314 Seniorum
1052 5261 1362 5315 versionem
1402 5259 1665 5329 servavit,
1726 5276 1824 5329 per
1873 5260 2058 5313 omnia

492 5342 783 5398 llebraicis
837 5358 1163 5407 consonam,
1196 5352 1314 5401 nw
1355 5328 1484 5422 ’μὴ
1532 5359 1564 5397 a
1612 5328 1741 5412 quo,
1761 5359 1862 5397 nec
1905 5343 2067 5413 Vulg.

492 5425 701 5483 differt,
744 5423 945 5479 contra'
966 5426 1251 5479 Dominum
1298 5442 1316 5479 :
1367 5426 1511 5481 idem
1555 5427 1705 5480 enim
1736 5427 1815 5481 illi
1866 5429 2072 5495 passim

491 5510 556 5565 ea
580 5509 683 5545 vox
710 5509 772 5546 ac
803 5498 1080 5565 coram,in
1134 5507 1433 5564 conspectu,
1476 5496 1558 5548 vel
1612 5498 1778 5551 etiam
1816 5512 1927 5565 pne
1981 5499 2073 5551 illo

493 5564 724 5637 ejusque
762 5564 943 5637 habita
990 5566 1223 5618 ratione.
1261 5566 1481 5635 Atqnid
1523 5566 1655 5637 illud
1710 5564 1846 5636 πρὸς
1901 5568 2072 5637 ἀσεϐῆ

496 5636 654 5699 apud
707 5632 954 5703 impium,
981 5636 1124 5703 quod
1160 5632 1467 5691 etsecutus
1518 5632 1817 5691 Arabicus?
1862 5632 2068 5692 Vellem

2179 5189 2392 5262 doceri,
2420 5192 2566 5247 unde
2598 5191 2708 5246 illis
2752 5192 2834 5262 sic
2857 5189 3041 5255 claris,
3090 5189 3208 5244 haec
3251 5198 3358 5262 tam
3411 5191 3759 5262 remotaA(et
3818 5196 3830 5203 “

2180 5260 2405 5329 quidem
2435 5262 2590 5331 olim)
2626 5261 2787 5316 subdi
2815 5263 3123 5330 potuerint.
3154 5260 3376 5330 quando
3432 5262 3605 5315 etiam
3636 5260 3769 5331 (las-5

2182 5331 2371 5385 sianus
2398 5333 2479 5386 sic
2528 5330 2679 5399 legit.
2730 5331 2870 5386 Num
2917 5332 2978 5382 τί)
3032 5331 3197 5391 σέϐας
3249 5340 3558 5399 posuerant
3607 5334 3657 5384 οἱ
3714 5330 3768 5384 0'

2184 5401 2331 5468 quod
2356 5403 2465 5456 illis
2496 5405 2558 5454 τὸ
2583 5400 2757 5464 Θεῖον,
2806 5401 2962 5455 velut
3011 5401 3178 5455 etiam
3219 5400 3388 5455 Paulo
3447 5403 3574 5456 Act.
3635 5417 3768 5467 xvn,

2186 5472 2529 5541 σεΰὰσματα,
2574 5488 2731 5526 sacra
2781 5480 2943 5542 sunt
2974 5471 3398 5542 Atheniensium
3457 5487 3771 5542 eorumque

2186 5542 2438 5612 numina,
2468 5558 2533 5597 ac
2567 5543 2772 5612 quibus
2801 5541 3141 5612 adhibebant
3183 5542 3418 5605 cultum,
3457 5543 3578 5595 sive
3632 5544 3773 5597 alias

2185 5608 2484 5667 simulacra
2506 5608 2681 5679 erant,
2713 5614 2829 5668 sive
2858 5611 3005 5666 nuda
3041 5624 3222 5668 mente
3280 5611 3770 5683 intelligcbantur,
