4068 6142
417 312 520 375 757

1725 311 1894 374 LOCI
1932 313 2252 375 COMMUN
2258 315 2366 377 ES.

3558 312 3665 377 758

490 428 792 492 Χρυσοστ.
831 448 896 463 -
938 421 1150 490 Ὠσπερ
1178 419 1323 490 ψυχὴ
1358 386 1488 473 alveo
1512 419 1765 489 σώματος
1811 421 1872 473 οὐ
1897 437 1994 474 κα-

2170 420 2438 492 Chrgsast.
2470 451 2539 461 —-
2574 420 2645 477 Ut
2668 420 2848 477 anima
2875 419 2991 474 sine
3024 435 3254 489 corpore
3291 434 3404 475 non
3438 428 3668 476 vocatur

418 512 592 569 λεϊται
612 512 918 583 ἄνθρωπος,
959 507 1182 582 οὐδὲ.ἦν
1226 509 1391 579 σῶμα
1412 511 1540 563 ἄνευ
1568 511 1748 581 ψυχῆς
1768 524 1784 540 ·
1824 511 1997 574 οὕτως

421 606 545 660 οὐδὲ
587 603 778 673 ἀγάπη
808 601 944 672 πρὸς
974 602 1125 665 Θεὸν,
1175 603 1283 654 ἐὰν
1308 601 1382 672 μὴ
1427 600 1527 674 ἔχῃ
1567 602 1858 656 ἀκόλουθον
1904 604 1998 656 καὶ

424 696 524 767 τὴν
568 686 704 769 πρὸς
752 692 1111 763 τὶνθπλησίον
1157 685 1398 763 ἀγάπην.
1850 758 1853 761 _

500 789 667 842 Οὐδὲν
689 787 943 857 ὁμονοίας
970 788 1106 840 ἴσον.
1139 784 1204 838 -Ὀ
1241 784 1349 856 γὰρ
1380 780 1479 851 εἷς,
1517 785 1806 849 πολλοστὸς
1852 787 1999 838 ἐστιν

432 881 624 959 οὕτως.
651 882 747 933 Ἀν
772 879 881 949 γὰρ
905 877 1169 948 ὁμὸψυχοι
1197 870 1300 929 ὦσι
1338 877 1482 948 δὺοῆ
1511 877 1660 941 δέκα,
1692 877 1873 930 οὐκέτι
1919 872 1998 942 εἷς

428 974 578 1025 ἐστιν
606 975 635 1026 ὁ
682 966 783 1034 εἷς,
828 969 963 1023 ἀλλὰ
987 968 1360 1022 δεκαπλασίων
1384 967 1613 1031 ἕκαστος
1641 968 1818 1021 αὐτῶν
1852 968 1997 1037 γίνε-

424 1081 513 1118 ται
537 1081 552 1094 ·
598 1064 692 1116 καὶ
718 1062 971 1132 εὑρήσεις
997 1062 1056 1113 ὲν
1079 1062 1193 1124 τοῖς
1242 1061 1375 1114 δέκα
1424 1059 1515 1113 τὸν
1540 1059 1656 1124 ἕνα,
1695 1060 1789 1114 καὶ
1818 1061 1877 1112 ὲν
1919 1058 1997 1129 τῷ

424 1153 506 1206 ἑνὶ
536 1153 659 1214 τοὺς
686 1151 834 1204 δέκα.
870 1151 988 1203 Κᾶν
1005 1149 1232 1220 ἐχθροὺς
1258 1148 1453 1218 ἔχωσιν
1498 1151 1557 1202 ἐν
1589 1149 1667 1219 τῷ
1712 1150 1794 1202 ἐνὶ
1827 1165 1998 1218 προσ-

423 1236 623 1299 ϐαλὼν,
666 1241 723 1292 ὲν
749 1241 867 1302 τοῖς
924 1238 1059 1291 δέκα
1108 1232 1453 1308 προσϐαλὼν,
1489 1237 1665 1301 οὕτως
1692 1237 1992 1293 ἁλίσκεται.

434 1329 739 1401 Ἦπόρησεν
777 1332 807 1382 ὁ
835 1325 937 1393 εἷς,
977 1329 1095 1382 ἀλλ’
1123 1330 1222 1382 οὐκ
1253 1329 1398 1383 ἐστιν
1428 1331 1486 1382 ἐν
1524 1330 1758 1400 ἀπορίᾳ·
1782 1327 1859 1398 τῷ
1887 1324 1995 1400 γὰρ

425 1416 631 1488 μείζονι
670 1416 829 1493 »μέρει
879 1416 942 1470 τὸ
1001 1416 1241 1486 ἀποροῦν
1292 1418 1663 1483 ωσκιάζεται.
1726 1417 1997 1482 Ἕκαστος

422 1507 626 1561 τούτων
676 1509 846 1561 εἰκοσι
888 1510 1074 1577 χεῖρας
1129 1509 1244 1577 ἔχει
1293 1510 1386 1562 καὶ
1424 1510 1627 1563 εἴκοσιν
1662 1509 1995 1580 ὀφθαλμοὺς,

423 1599 519 1651 καὶ
546 1598 714 1661 πόδας
747 1596 1033 1658 τοσούτους
1054 1639 1068 1658 .
1101 1599 1195 1650 καὶ
1237 1599 1427 1669 ψυχὰς.
1441 1601 1592 1654 δέκα.
1623 1602 1694 1654 Οὐ
1727 1602 1835 1672 γὰρ
1884 1602 1998 1663 τοῖς

424 1688 619 1753 ἑαυτοῦ
643 1689 822 1758 μόνον,
837 1689 969 1743 ἀλλᾶ
999 1691 1092 1742 καὶ
1117 1694 1233 1754 τοῖς
1253 1691 1474 1744 ἐκείνων
1497 1691 1994 1761 ὲργάζεταιπάντα.

2099 511 2284 574 homo,
2321 527 2423 567 nec
2477 512 2718 565 vicissim
2766 526 2969 580 corpus
2996 510 3113 565 sine
3137 511 3319 565 anima
3368 528 3382 566 :
3433 512 3513 566 sic
3564 526 3669 567 nec

2098 602 2338 656 Charitas
2372 602 2594 671 quidem
2623 603 2674 656 in
2705 603 2898 665 Deum,
2933 601 3039 655 nisi
3068 602 3231 655 etiam
3275 602 3530 657 comitem
3574 602 3673 659 ha-

2097 691 2225 745 beat
2251 691 2576 746 charitatem
2616 692 2671 745 in
2709 694 3042 761 proximum.

2169 774 2337 837 Nihil.
2371 784 2678 838 concordia:
2708 800 2807 853 par
2857 783 3023 852 eique
3058 783 3511 852 comparandum.
3564 784 3665 838 Per

2097 892 2215 956 eam
2250 874 2393 928 enim
2433 875 2526 943 qui
2560 890 2702 927 unus
2727 884 2831 937 est,
2857 872 2913 926 in
2945 872 3093 927 hunc
3120 873 3343 941 modum
3380 871 3435 925 in
3468 871 3670 927 multos

2097 951 2353 1021 efﬁcitur.
2379 965 2433 1019 Si
2452 966 2597 1019 enim
2621 965 2730 1019 duo
2752 973 2845 1018 aut
2876 964 3068 1019 decem
3090 979 3199 1018 uno
3220 963 3403 1018 animo
3429 963 3671 1026 fuerint;

2100 1073 2243 1111 unus
2273 1057 2417 1110 haud
2456 1055 2693 1125 amplius
2725 1072 2871 1111 unus
2904 1065 3010 1119 est,
3041 1055 3137 1110 sed
3174 1055 3407 1125 quisque
3449 1054 3669 1108 illorum

2097 1149 2364 1217 decuplcx
2397 1148 2680 1213 redditur;
2737 1146 3098 1216 oﬂ‘endesque
3146 1147 3200 1200 in
3236 1146 3427 1200 decem
3472 1160 3668 1207 unum.

2097 1247 2262 1307 atque
2296 1237 2350 1291 in
2402 1253 2513 1290 uno
2557 1236 2771 1291 decem.
2838 1236 2995 1302 Quod
3031 1235 3075 1289 si
3110 1235 3299 1289 hostes
3340 1234 3451 1289 illis
3499 1233 3669 1303 aliqui

2097 1329 2228 1393 sint,
2267 1328 2513 1398 quicum
2538 1343 2651 1382 uno
2678 1342 3009 1397 congressus
3056 1325 3260 1389 fuerit,
3294 1325 3485 1380 decem
3525 1324 3673 1393 ipsos

2098 1420 2420 1490 impetierit,
2448 1419 2615 1489 inque
2639 1430 2766 1473 eum
2794 1417 3020 1471 modum
3047 1416 3324 1470 vincetur.
3348 1416 3484 1484 Eget
3509 1429 3671 1477 unus.

2097 1531 2200 1571 nec
2239 1523 2417 1569 tamen
2448 1523 2689 1585 egestate
2735 1511 3005 1582 premitur
3036 1527 3049 1562 :
3093 1509 3286 1581 majori
3321 1510 3467 1563 enim
3518 1494 3674 1578 parte

2099 1616 2154 1659 et
2187 1614 2420 1658 numero
2454 1612 2670 1674 egestas
2701 1601 2999 1681 obtegitur.
3047 1599 3290 1670 Quisque
3326 1598 3545 1653 illorum
3590 1595 3674 1649 vi-

2100 1697 2234 1766 ginti
2279 1695 2535 1750 inanibus
2577 1694 2840 1765 przeditus
2864 1684 2992 1749 est.
3044 1691 3351 1762 vigintique
3381 1689 3560 1744 oculis
3610 1704 3675 1742 ac

336 1791 347 1800 ι
424 1778 487 1831 Et
535 1778 591 1831 δὲ
621 1778 716 1832 και
754 1778 949 1832 ἑκατὸν
972 1778 1214 1846 γένοιτο,
1264 1780 1326 1832 τὸ
1358 1780 1486 1832 αοτδ
1518 1758 1669 1834 ἐσται
1712 1780 1889 1834 πάλιν.
1940 1781 1998 1835 ’0

2104 1758 2328 1843 totidem
2357 1758 2612 1857 pedibus,
2662 1786 2965 1853 decemque
3006 1758 3314 1838 anitiiabus.
3364 1780 3484 1834 Non
3525 1779 3675 1833 enim

424 1869 585 1933 αὐτὸς
614 1871 706 1923 καὶ
737 1871 797 1924 ὲν
830 1870 1053 1940 Περσίδι
1082 1872 1176 1924 καὶ⁵
1223 1872 1282 1924 ἐν
1328 1871 1516 1942 Ῥώμῃ
1542 1870 1762 1924 δύναται
1815 1865 1956 1925 εἶναι
1980 1888 1994 1901 ν

424 1959 520 2013 καὶ
550 1960 687 2030 ὅπερ
721 1958 891 2028 φύσις·
919 1960 983 2013 οὐ
1005 1950 1249 2025 δῦναται,
1282 1962 1315 2031 ἡ
1345 1961 1533 2031 ἀγάπη
1582 1960 1825 2015 δύναται.
1873 1960 2000 2014 Ἐὰν

424 2041 518 2101 οὖν
540 2046 741 2117 χιλίους
771 2047 899 2121 ἔχῃς
944 2048 1134 2117 φίλους
1176 2049 1210 2119 ἢ
1236 2048 1553 2118 δισχιλίους,
1600 2050 1852 2119 ἐννόησον
1896 2051 1999 2102 ποῦ

426 2139 587 2194 πάλιν
616 2139 988 2210 ὑπερϐήσεται
1017 2141 1084 2195 τὰ
1115 2141 1217 2209 τῆς
1250 2141 1551 2211 δυνάμεως.
1595 2143 1669 2194 Τὸ
1708 2144 1816 2213 γὰρ
1866 2141 1999 2196 θαυ-

430 2231 633 2299 μαστὸν
652 2230 809 2283 τοῦτό
827 2232 965 2296 ἐστι,
1002 2231 1064 2285 τὺ
1090 2230 1601 2303 χιλιοστόνηποιῆσαι
1634 2234 1747 2287 ἕνα.
1783 2233 2001 2287 Βέλτιον

427 2321 533 2391 γὰρ
562 2321 692 2391 ἡμῖν
738 2320 1035 2392 σϐεσθῆναι
1075 2321 1167 2375 τὸν
1197 2316 1376 2391 ἥλιον,
1405 2322 1438 2393 ἢ
1495 2324 1663 2392 φίλων
1694 2325 2001 2396 ἀποστερη-

430 2411 608 2480 θῆναι.
662 2412 853 2466 Πολλοὶ
888 2414 998 2489 γὰρ
1047 2414 1142 2467 τδν
1191 2414 1339 2484 ἥλιον
1393 2415 1650 2486 ὁρῶντες,
1712 2417 1771 2468 ἐν
1826 2417 2001 2486 σκότῳ

429 2501 570 2555 είσί·
606 2502 775 2573 φίλων
815 2504 873 2557 δὲ
919 2503 1297 2574 εὐποροῦντες,
1344 2505 1454 2558 οὐδ’
1490 2506 1557 2560 ἂν
1597 2508 1656 2560 ἐν
1694 2505 1870 2577 θλίψει
1902 2508 1997 2576 γι·

428 2607 621 2648 νοιντο.
661 2594 825 2648 οὐδὲν
844 2594 974 2665 γὰρ,
996 2597 1147 2649 οὐδὲν
1172 2591 1273 2667 τῆς
1301 2584 1521 2667 ἀγάπης
1542 2597 1876 2670 γλυκύτερον
1904 2600 2000 2668 γέ-

426 2698 569 2736 νοιτο
594 2685 677 2738 ἄν.
732 2685 797 2739 Τί
832 2685 951 2756 ’γὰρ
977 2688 1076 2740 οὐκ
1116 2689 1183 2741 ἂν
1213 2689 1513 2757 ἐργάσαιτο
1568 2688 1721 2759 φίλος
1746 2692 1998 2761 γνήσιος;

429 2774 749 2846 πόσηντμὶν
785 2776 886 2831 οὐκ
931 2777 999 2833 ἄν
1039 2780 1392 2852 ἐμποιήσειεν
1446 2780 1674 2851 ήδονήνς
1727 2782 1901 2852 πόσην
1945 2783 2002 2836 δὲ

432 2865 737 2935 ὠφέλειαν;
784 2868 958 2938 πρσην
991 2869 1325 2938 ἁσφάλτιαν;
1385 2871 1489 2925 κᾶν
1533 2858 1759 2943 μυρίους
1797 2875 2002 2940 θησαυ-

436 2957 564 3028 ροὺς
610 2958 790 3030 εἴπῃς,
845 2959 996 3015 οὐδὲν
1038 2961 1290 3027 ἀντάξιον
1342 2963 1562 3033 γνησίου
1605 2965 1760 3033 φίλου
1798 2963 1998 3036 εὕροις.

2100 1879 2215 1933 suis
2251 1888 2482 1942 tantum,
2511 1877 2606 1933 sed
2639 1885 2698 1931 et
2729 1876 2960 1930 aliorum
2990 1878 3189 1928 cuncta
3236 1870 3497 1925 membris
3547 1885 3679 1937 ope-

2090 1968 2255 2026 ratur
2280 1987 2344 2025 ac
2372 1970 2605 2025 viribus.
2644 1969 2740 2024 Sin
2769 1975 2954 2022 autem
2987 1966 3154 2021 etiam
3187 1973 3407 2017 centum
3447 1961 3675 2023 fuerint,

2101 2062 2246 2115 idem
2274 2062 2466 2115 rursus
2495 2059 2795 2129 continget.
2829 2057 2979 2111 Idem
3018 2071 3144 2111 cum
3182 2055 3235 2108 in
3270 2051 3516 2114 Perside,
3555 2059 3671 2105 tum

2101 2152 2290 2207 Romae
2323 2166 2443 2205 esse
2478 2148 2730 2220 poterit':
2763 2148 3022 2219 quodque
3067 2154 3265 2201 natura
3301 2159 3411 2197 non
3451 2150 3675 2212 potest,

2100 2244 2156 2298 id
2187 2243 2412 2298 dilectio
2442 2242 2783 2313 praestiterit.
2819 2240 2875 2297 Si
2901 2241 3071 2310 igitur
3099 2238 3357 2292 millenos
3380 2251 3479 2290 seu
3511 2233 3679 2289 etiam

2102 2335 2190 2390 bis
2227 2336 2480 2389 millenos
2527 2332 2737 2388 amicos
2772 2339 2973 2387 metus
2996 2331 3188 2393 fueris,
3235 2327 3412 2398 cogita
3443 2341 3553 2394 quo
3587 2323 3683 2379 de—

2102 2443 2252 2482 mum
2308 2427 2597 2498 potestatis
2651 2420 2979 2481 excellentia
3029 2421 3290 2478 evaserit.
3357 2418 3475 2474 Hoc
3533 2418 3678 2474 enim

2102 2532 2369 2572 summam
2398 2517 2564 2572 habet
2592 2515 3038 2577 admirationem,
3071 2510 3218 2583 quod
3246 2525 3392 2565 unus
3420 2508 3475 2562 in
3500 2507 3683 2562 mille—

2101 2623 2204 2663 nos
2255 2616 2541 2677 augeatur.
2600 2605 2889 2660 Praestaret
2924 2586 3430 2670 .exstingui‘nobis
3486 2594 3679 2657 solem,

2101 2713 2265 2768 quam
2298 2697 2490 2752 amicis
2524 2690 2731 2769 orbari.
2760 2693 2976 2749 Etenim
3006 2691 3190 2757 multi,
3222 2703 3349 2745 cum
3384 2686 3556 2742 solem
3597 2684 3681 2737 ri-

2102 2788 2289 2853 deant,
2319 2787 2376 2842 in
2402 2786 2651 2842 tenebris
2683 2793 2979 2842 versantur
3013 2800 3027 2837 :
3060 2791 3136 2847 at,
3195 2780 3290 2850 qui
3324 2776 3539 2848 multos
3584 2773 3684 2828 ha-

2102 2880 2236 2935 bent
2261 2879 2492 2943 amicos,
2518 2877 2556 2932 ii
2586 2893 2653 2934 ne
2677 2877 2731 2931 in
2764 2876 3073 2947 angustiam
3105 2871 3331 2945 quidem
3362 2864 3684 2923 inciderint.

2102 2971 2247 3026 Nihil
2272 2971 2442 3037 enim,
2472 2968 2614 3024 nihil
2649 2968 2841 3039 utique
2871 2965 3168 3022 dilectione
3196 2961 3370 3034 possit
3399 2972 3520 3016 esse
3559 2972 3689 3013 sua-

431 3051 543 3105 Kat
572 3051 823 3123 καθάπερ
848 3040 918 3106 τὰ
944 3051 1174 3125 λαμπρὰ
1205 3055 1314 3108 τῶν
1345 3055 1614 3127 σωμάτων
1640 3056 1798 3121 ἄνθος
1830 3058 1997 3129 ἀπορ.

2104 3060 2249 3115 vius.
2272 3058 2414 3127 Quid
2449 3058 2599 3113 enim
2629 3073 2742 3112 non
2766 3056 2966 3113 efﬁciat
2990 3068 3163 3111 verus
3207 3050 3461 3107 amicus?
3517 3062 3685 3118 quam

436 3144 525 3212 ῥεῖ
547 3143 620 3214 (ι)
670 3143 808 3214 πρὸς
837 3145 964 3209 τοὺς
1012 3145 1240 3217 πλησίον
1266 3147 1464 3210 τόπους
1483 3163 1498 3176 ·
1528 3145 1676 3221 οὕτω¹
1700 3148 1793 3200 καὶ
1839 3147 2001 3216 φίλοι,

430 3224 513 3295 οἷς
548 3224 642 3285 ἐὰν
671 3234 1327 3303 παραγένωνταιτόποις.“
1349 3235 1554 3291 ἑαυτῶν
1582 3236 1745 3307 χάριν
1787 3237 2001 3305 ἀφιᾶσι.

434 3322 701 3394 Κρεῖσσον
744 3324 977 3401 γᾶιριὲν
1034 3325 1212 3397 σκότῳ
1261 3326 1497 3394 διάγειν,
1564 3326 1598 3394 ἢ
1646 3327 1815 3396 φίλων
1863 3325 2004 3385 εἶναι

410 3452 413 3455 μ
433 3412 623 3482 χωρίς.

2108 3153 2448 3222 voluptatem
2484 3166 2592 3205 non
2634 3148 2872 3204 afferat?
2927 3161 3094 3217 quam
3143 3141 3492 3201 utilitatem?
3522 3154 3688 3210 quam

2106 3242 2518 3298 securitatem?
2567 3240 2664 3321 Vel
2706 3240 2752 3295 si
2800 3239 3051 3295 infinitos
3095 3231 3386 3293 thesauros
3425 3231 3634 3288 dixeris
3669 3270 3685 3295 ,

2106 3334 2249 3389 nihil
2285 3328 2431 3405 quod
2479 3346 2762 3387 eumvero
2805 3330 2987 3386 amico
3027 3326 3333 3397 comparari
3364 3323 3562 3395 possit,
3598 3321 3687 3375 in-

2111 3425 2349 3479 veneris.
2412 3423 2479 3477 Et
2533 3420 2999 3492 quemadmodum
3084 3415 3378 3488 splendida
3451 3425 3700 3482 corpora-

433 3512 688 3576 ornatnm
720 3506 1011 3575 quemdam
1032 3507 1099 3561 ad
1126 3508 1305 3562 lucem
1330 3507 1650 3563 diffundunt
1714 3509 1768 3564 in
1836 3510 2173 3571 circumfusa
2237 3530 2301 3569 ac
2355 3513 2536 3567 vicina
2589 3512 2708 3567 loca
2741 3530 2769 3564 ε⁴
2798 3511 2879 3565 sic
2912 3507 3075 3564 amici
3121 3504 3441 3576 ubicunque
3484 3502 3685 3557 versati

408 3594 663 3661 fuerint,
709 3613 777 3651 ex
808 3611 866 3652 se
892 3597 1124 3669 gratiam
1156 3613 1220 3654 ac
1284 3599 1615 3655 suavitatem
1678 3600 1910 3670 spirant.
1983 3602 2223 3658 Proinde
2254 3604 2427 3659 satius
2461 3612 2546 3659 est
2589 3604 2645 3657 in
2691 3601 2935 3657 tenebris
2987 3599 3239 3666 versari,
3282 3611 3451 3670 quam
3495 3591 3690 3649 amicis

435 3686 666 3759 privari.

509 3779 690 3845 Γρηγ.
712 3778 987 3845 Νύσσξης.
1019 3806 1089 3819 -—
1116 3778 1327 3848 Ὠσπερ
1359 3777 1427 3831 τὰ
1449 3777 1623 3848 εὐώδη
1647 3777 1755 3833 τῶν
1781 3780 2009 3851 ἀρωμά-

436 3884 569 3933 των,
614 3869 711 3938 τῆς
763 3869 896 3929 ίδίας
958 3868 1212 3930 εὐπνοίας
1271 3868 1363 3921 τὸν
1414 3870 1819 3940 παρακείμενον
1875 3871 2011 3943 ἀέρα

444 3958 629 4030 πλήρη
686 3959 967 4024 ποιοῦσιν,
1004 3956 1177 4020 οὕτως
1232 3957 1425 4023 ἀνδρὸς
1473 3959 1679 4028 ἀγαθοῦ
1741 3961 2011 4031 παρουσία

442 4049 572 4113 τοὺς
611 4049 778 4114 πέλας
805 4048 1060 4119 ὀνίνησιν.

518 4140 837 4209 Εὐαγρίου.
869 4169 939 4180 -
992 4140 1241 4211 Ἀγάπη,
1281 4141 1351 4196 τὰ
1393 4142 1794 4211 φλεγμαίνοντα
1849 4145 2012 4215 μόρια

442 4228 543 4285 τοῦ
568 4230 744 4296 θυμοῦ
769 4231 1083 4302 θεραπεύει.

514 4322 797 4387 Φίλωνος.
824 4351 896 4363 -
919 4323 1075 4377 ⁴Ιιίλον
1102 4322 1357 4394 ἡγητέον.
1385 4325 1476 4377 τὸν
1513 4325 1727 4397 βοηθεῖν
1762 4328 1855 4380 καὶ
1883 4329 2012 4381 ἀντ-

442 4414 669 4482 ωφελείν
701 4414 972 4478 ἐθέλοντα,
1010 4412 1112 4468 κᾶν
1138 4415 1214 4485 μὴ
1237 4413 1487 4487 δύνηται.

531 4592 628 4649 Ἐκ
659 4586 862 4665 χρυσοῦ
896 4597 1155 4666 ποτηρίου
1187 4596 1360 4649 πίνειν
1396 4597 1707 4668 φάρμακον,
1734 4554 1839 4651 ⁵κα).
1869 4599 2019 4670 παρὰ

442 4684 605 4756 φίλου
618 4686 928 4756 ἀγνώμονος
956 4686 1283 4753 συμσουλίαν
1298 4687 1618 4757 λαμὸάνειν.
1633 4691 1827 4744 ταυτόν
1851 4692 2019 4747 ἔστιν.

515 4779 690 4852 Σκεύη
728 4780 829 4850 μὲν
859 4781 931 4834 τὰ
966 4781 1153 4847 καινὰ,
1196 4780 1481 4852 κρείττονα
1503 4796 1517 4811 ο
1558 4783 1714 4851 φιλία
1741 4784 1820 4848 δὲ,
1854 4786 1887 4854 ὴ
1916 4800 2023 4838 πα-

446 4870 701 4926 λαιοτέρα
713 4908 730 4925 .

519 4891 628 4926 ιοτε
713 4908 730 4925 .

518 4966 585 5027 υί
605 4891 701 5036 {se}:
722 4967 786 5019 ὲκ
812 4965 913 5035 τῆς
956 4968 1058 5036 γῆς
1092 4965 1297 5035 καρποὶ
1324 4966 1447 5019 κατ’
1473 4968 1719 5020 ινιαυτόν
1740 4983 1754 4997 ·
1781 4968 1829 5021 οἱ
1867 4968 1924 5021 δὲ
1953 4969 2017 5022 ἐκ

446 5058 546 5127 τῆς
575 5059 777 5125 φιλίας,
806 5057 946 5112 κατὰ
986 5057 1158 5110 πάντα
1189 5057 1377 5126 καιρὸν
1408 5056 1648 5125 φύονται.

525 5150 714 5203 Πολλοὶ
734 5150 921 5219 φίλους
948 5150 1258 5220 αἱροῦνται,
1305 5149 1366 5202 οὐ
1411 5150 1538 5212 τοὺς
1581 5148 1856 5218 ἀρίστους,
1884 5150 2021 5205 ἀλλὰ
2084 5208 2087 5209 ν

448 5242 580 5307 τοὺς
599 5242 961 5304 πλουτοῦντας

2189 3773 2589 3846 Cregor.Nyu.
2643 3792 2715 3814 -—‘-
2749 3772 3221 3840 Quemadmodum
3287 3773 3519 3830 odorata
3564 3792 3695 3832 aro-

2117 3868 2471 3933 mata,suari,
2494 3882 2659 3938 quam
2674 3866 2911 3937 spirant,
2940 3866 3264 3937 fragrantia,
3285 3867 3688 3939 circumfusum

2118 3971 2302 4014 aerem
2331 3956 2655 4026 complent:
2693 3956 2774 4012 sic
2800 3956 2909 4011 viri
2950 3955 3083 4011 boni
3136 3956 3433 4027 praesentia
3471 3957 3690 4014 vicinos

2117 4049 2407 4105 commodo
2431 4047 2617 4104 afficit.
2730 4056 2739 4061 ‘

2192 4141 2354 4213 548
2401 4141 2638 4212 Evagrii.
2684 4172 2757 4181 —-
2803 4141 3041 4198 Dilectio
3090 4138 3460 4195 inﬂammatas
3493 4155 3559 4195 ac
3605 4150 3694 4195 tu:

2118 4245 2332 4293 mentes
2360 4239 2455 4292 iraa
2481 4245 2667 4308 partes
2698 4245 2879 4292 curat.
3662 4288 3665 4289 ν

2190 4328 2452 4384 Philonis.
2488 4310 2556 4370 ξ·-
2582 4329 2720 4384 Eum
2758 4328 2997 4383 amicum
3043 4327 3360 4382 existimare
3404 4325 3692 4390 debemus,

2121 4423 2215 4489 qui
2246 4421 2442 4492 juvare
2494 4421 2783 4490 vicemque
2828 4418 3136 4489 rependere
3185 4417 3359 4488 enpit,
3407 4415 3512 4471 etsi
3551 4432 3692 4487 prae-

2046 4512 2098 4569 D
2123 4518 2267 4566 stare
2293 4525 2404 4564 non
2434 4500 2627 4579 possit.

2192 4602 2295 4668 Qui
2329 4602 2398 4656 ab
2432 4601 2687 4671 improbo
2710 4601 2888 4655 amico
2935 4601 3231 4655 consilium
3279 4599 3502 4669 accipit,
3550 4598 3695 4655 idem

2119 4696 2269 4760 facit,
2302 4711 2366 4750 ac
2394 4694 2489 4765 qui
2516 4711 2584 4750 ex
2618 4707 2789 4749 aureo
2823 4693 3026 4763 poculo
3051 4706 3330 4747 venenum
3364 4692 3527 4745 bibit.

2189 4786 2326 4840 Vasa
2351 4784 2574 4855 quidem
2609 4800 2773 4849 nova,
2799 4783 3086 4839 veteribus
3117 4784 3533 4854 praestantiora:
3561 4784 3698 4838 ami-

2121 4877 2253 4933 citia
2278 4892 2409 4932 vero
2435 4892 2547 4946 quo
2573 4875 2872 4941 vetustior,
2913 4892 2981 4930 eo
3003 4877 3222 4931 melior.

2198 4969 2384 5025 Terrae
2410 4969 2594 5040 fruges
2620 4968 2852 5039 singulis
2877 4968 3059 5031 annis,
3112 4977 3163 5022 at
3198 4966 3457 5022 amicitiae
3484 4965 3701 5019 fructus

2126 5060 2277 5116 omni
2306 5070 2612 5114 nascuntur
2645 5067 2992 5129 tempestate.

2198 5149 2352 5204 Multi
2385 5149 2596 5204 amicos
2622 5149 2726 5204 sibi
2759 5148 3029 5219 deligunt,
3062 5164 3173 5203 non
3209 5147 3303 5217 qui
3339 5146 3531 5216 optimi
3565 5144 3698 5210 sint,

2128 5243 2222 5299 sed
2251 5244 2345 5310 qui
2374 5244 2695 5313 locupletes.

1969 5356 2194 5415 ΝΟΤΔΕ.

526 5444 598 5518 (z)
627 5447 833 5510 Ἄνθος
864 5444 1124 5518 ἀπορῤενῖ.
1172 5444 1335 5511 Quasi
1373 5444 1471 5499 llos
1499 5446 1780 5518 (splendor
1807 5446 2019 5501 scilicet

460 5516 659 5579 aclux)
703 5526 952 5574 ornatus.
1005 5516 1133 5571 inde
1189 5525 1374 5570 manat
1417 5526 1473 5571 et
1520 5516 1733 5570 deﬂuit.
1792 5518 2019 5570 Exstant

454 5589 573 5641 haec
604 5587 802 5655 partim
827 5587 947 5651 ejus
972 5584 1129 5640 Horn.
1165 5586 1199 5639 9.
1248 5586 1303 5639 in
1334 5586 1353 5639 ι
1401 5587 1468 5642 ad
1496 5586 1688 5640 Thess.
1728 5586 1887 5640 Forte
1905 5587 2017 5641 Ma-

456 5656 637 5711 ximus
659 5671 725 5708 ex
758 5656 923 5708 variis
956 5655 1111 5715 locis,
1136 5657 1284 5710 hunc
1322 5656 1399 5709 sic
1439 5657 1715 5723 ﬂoridum,
1767 5656 2019 5711 amicitia:

457 5737 688 5791 tessera,
711 5725 1081 5779 concinnavit.
1109 5725 1279 5780 Allinc
1315 5736 1396 5779 cst
1425 5725 1557 5781 illud
1579 5724 1839 5796 Alschyli,
1862 5725 2017 5779 initio

2125 5450 2461 5512 Promethei,
2523 5450 2596 5504 Τὸ
2629 5449 2720 5503 σὺν
2775 5447 2882 5518 γὰρ
2942 5447 3133 5512 ἄνθος,
3168 5447 3470 5518 παντέχνου
3534 5446 3707 5517 πυρὸς

2128 5520 2441 5578 cé).ac.'Uhi
2465 5521 2592 5576 Sch.
2625 5521 2718 5573 τὸν
2744 5516 2949 5588 κόσμον
2971 5519 3224 5588 exponit.
3282 5516 3415 5588 Flos,
3442 5527 3562 5569 tuus
3594 5516 3704 5588 (οτ-

2126 5598 2287 5662 natus
2307 5590 2518 5662 scilicet
2543 5606 2608 5647 ac
2627 5587 2829 5662 cultus)
2860 5589 2993 5660 ignis
3011 5587 3250 5645 euntium
3274 5587 3492 5657 artiﬁcis
3519 5587 3701 5656 splen-

2126 5659 2221 5713 dor
2253 5677 2312 5715 ac
2344 5659 2542 5732 fulgor.
