4068 6142
391 308 498 381 763

1579 315 1638 383 S.
1679 324 1969 388 ΜΑΧΙΜΙ
2006 324 2515 393 CONFESSORIS

3539 344 3647 410 764

390 442 527 482 vero
572 426 787 497 aliquo,
834 424 1190 496 quamobrem
1241 426 1348 483 tale
1389 428 1522 499 quid
1573 430 1896 504 eﬂlagitaret
1945 452 1959 489 :

2067 438 2255 508 φίλων.
2326 440 2739 514 Πυνθανομένου
2786 445 2853 500 ’δέ
2888 460 3030 510 τινος
3058 488 3073 511 ,
3121 448 3212 502 διὰ
3265 450 3426 505 ποίαν
3463 454 3646 511 αῐτίαν

388 514 572 585 Quod,
597 515 799 587 inquit,
822 515 1013 571 hostes
1042 531 1169 572 cum
1193 531 1489 589 cognosco,
1515 534 1706 577 caveo.

460 694 783 750 Alexander.
808 726 878 737 -—
908 693 1155 762 Quodam
1191 708 1554 767 percontante
1586 701 1807 757 ubinam
1845 704 1969 761 the-

388 801 590 842 sauros
634 786 893 853 haberet,
935 788 1360 845 submonstrans
1401 792 1612 848 amicos
1656 812 1669 847 :
1715 794 1775 849 ln
1814 796 1966 864 istis,

394 880 596 949 inquit.

458 972 691 1028 Libanii.
714 1006 784 1015 —
811 974 1213 1031 Gratulandum
1248 978 1463 1047 amicis,
1496 988 1633 1047 tum,
1666 999 1791 1038 cum
1824 984 1966 1041 bene

387 1078 455 1120 ac
487 1080 752 1136 prospere
782 1082 908 1148 cum
943 1068 1054 1123 illis
1084 1070 1293 1140 agitur;
1327 1070 1406 1124 uti
1434 1079 1490 1126 et
1519 1074 1687 1131 rebus
1716 1076 1968 1133 tristibus

389 1155 506 1213 illis
534 1158 961 1214 condolendum.
1082 1176 1085 1179 '
1334 1180 1337 1181 '

455 1247 588 1316 Quae
617 1264 682 1304 ex
719 1252 914 1307 amicis
950 1253 1005 1308 in
1039 1256 1248 1313 amicos
1281 1258 1506 1314 oti‘ensm
1538 1260 1873 1330 proveniunt
1902 1276 1966 1317 ac

393 1340 639 1412 injuriae,
687 1342 846 1415 longe
895 1354 1086 1401 curatu
1142 1348 1395 1406 diﬂiciles
1444 1360 1601 1417 sunt,
1649 1354 1964 1423 majoraque

390 1422 554 1504 quam
588 1450 710 1503 qua:
748 1434 1107 1492 inimicorum
1135 1442 1433 1508 exsistunt,
1470 1442 1714 1498 conflant
1743 1444 1962 1499 damna.

456 1522 733 1579 Pisoniani
765 1526 967 1583 Dionis.
992 1559 1063 1570 -—
1093 1530 1212 1597 Quo
1258 1533 1383 1603 quis
1435 1531 1642 1590 amicos
1701 1534 1964 1592 fortiores

386 1615 589 1683 reddit,
623 1632 691 1672 eo
718 1619 826 1677 illis
848 1619 1048 1678 fortior
1070 1625 1275 1680 evadit.

2071 527 2327 600 τοιαύτην
2373 529 2542 602 εὐχὴν
2593 534 2850 598 ποιεῖται,
2908 535 3032 607 ἔφη,
3091 538 3363 603 ὀτιτοίις
3414 541 3648 613 ἐχθροὺς

2071 622 2354 687 γινώσκων
2384 623 2752 694 φυλάσσομαι.

2154 708 2497 778 Ἀλέξανδρ.
2530 740 2601 753 -
2655 713 2979 785 Ἐρωτηθεὶς
3034 716 3140 770 ὑπό
3178 714 3343 785 τινος,
3370 719 3480 776 Ποῦ
3517 724 3646 788 τοὺς

2070 799 2378 872 θησαυροὺς
2432 802 2617 873 ἐχειςς
2670 804 2849 872 δείξας
2881 807 3010 871 τοὺς
3070 809 3297 877 φίλους,
3355 812 3461 884 ἔφη
3491 854 3507 879 ,
3553 817 3643 870 Ἐν

2066 909 2296 957 τούτοις.
2836 916 2843 924 ’

2140 986 2443 1041 Λιθανίου.
2468 1020 2541 1031 -
2566 990 2898 1062 Συγχαιρειν
2922 993 3029 1064 χρὴ
3065 998 3178 1059 τοῖς
3236 996 3413 1066 φελοις
3462 1000 3644 1064 καλῶς

2071 1079 2422 1148 πράττουσιν,
2455 1081 2531 1145 ὡς
2564 1082 2659 1136 καὶ
2685 1084 2976 1154 συναλγεῖν
3002 1087 3384 1157 λυπουμένοις.

2137 1257 2203 1309 Al
2232 1257 2296 1309 ἐκ
2320 1256 2490 1327 φίλων
2516 1258 2595 1321 εις
2624 1258 2814 1327 φίλους
2842 1260 3134 1330 γενόμεναι
3164 1263 3354 1330 λύπαι,
3377 1266 3640 1339 δυσθερά-

2068 1364 2258 1401 πεντοι
2312 1348 2435 1402 λίαν
2490 1350 2851 1419 τυγχάνουσι,
2882 1351 2977 1404 καὶ
3014 1352 3235 1422 μείζους
3260 1356 3368 1410 τῶν
3428 1358 3639 1431 ἐχθρῶν

2065 1438 2248 1509 ἔχουσι
2268 1440 2366 1503 τὰς
2395 1442 2680 1510 ἐπηρείας.

2137 1534 2546 1587 Πεισωνιανσῦ
2598 1535 2838 1600 Δίωνος.
2864 1563 2935 1576 —-
2961 1536 3116 1606 Ὀσῳ
3142 1536 3186 1590 δ’
3223 1538 3289 1592 ἄν
3321 1540 3365 1572 ¹¹
3398 1558 3484 1605 τις
3511 1544 3639 1608 τοὺς

2067 1625 2254 1694 φίλους
2284 1626 2664 1703 ἰσχυροτέρους
2688 1629 2850 1693 ποιεῖ,
2882 1622 3039 1692 οὗτος
3074 1617 3426 1704 ἰσχυρότερος
3457 1636 3637 1690 αὐτῶν

2067 1717 2295 1787 γίνεται.
2916 1729 2923 1733 “

455 1794 584 1860 Quae
609 1796 892 1852 calamitas
915 1808 1069 1853 extra
1095 1800 1396 1856 amicitiam
1421 1820 1531 1858 non
1561 1804 1961 1863 intolerabilis?

2078 1775 2090 1787 υ
2137 1809 2273 1863 Ποία
2326 1811 2424 1879 μὲν
2459 1811 2713 1881 συμφορά
2757 1812 2879 1883 δίχα
2933 1814 3114 1885 φιλίας
3162 1818 3265 1868 οὐκ
3325 1817 3635 1889 ἁφόρητοςς

384 1888 516 1954 Qua:
540 1888 773 1944 felicitas
795 1906 906 1945 non
931 1890 1230 1961 injucunda
1259 1894 1484 1950 semotis
1512 1896 1739 1951 amicis?

455 1979 692 2036 Facilius
715 1982 1053 2038 calamitates
1075 1984 1462 2040 acerbissimas
1485 2002 1609 2041 cum
1640 1986 1796 2058 551
1823 1989 1959 2044 ami-

384 2070 466 2125 cis
490 2070 660 2136 feras,
686 2088 850 2142 quam
882 2074 1033 2130 solus
1064 2076 1465 2145 prosperitates
1488 2078 1775 2136 maximas.

453 2164 590 2219 Eum
615 2166 763 2237 juste
798 2169 1165 2224 miserrimum
1189 2171 1398 2241 judico,
1426 2171 1520 2242 qui
1554 2172 1608 2226 in
1636 2173 1877 2230 miseriis
1902 2182 1960 2232 et

383 2256 792 2314 calamitatibus
835 2261 1039 2316 multos
1083 2261 1255 2316 habet
1294 2263 1390 2332 qui
1440 2264 1739 2330 laetentur,
1798 2267 1965 2323 rebus

383 2357 568 2403 autem
597 2351 860 2406 secundis
884 2352 979 2422 qui
1009 2369 1117 2407 una
1141 2352 1470 2421 delectetur,
1496 2356 1794 2412 neminem.

452 2439 557 2508 Qui
604 2444 798 2499 amicis
835 2445 1090 2517 largitur,
1127 2446 1292 2501 simul
1333 2446 1580 2516 quidem,
1614 2457 1675 2503 ut
1713 2449 1808 2518 qui
1851 2449 1964 2505 Iar-

382 2532 585 2601 giatur,
619 2533 805 2591 dando
844 2536 1180 2605 delectatur;
1222 2537 1385 2593 simul
1423 2550 1578 2602 vero,
1613 2545 1673 2593 ut
1710 2538 1804 2609 qui
1848 2538 1963 2610 ipse

383 2625 654 2694 acquirat.

1966 2746 2035 2761 —

977 2815 1208 2872 SERMO
1244 2818 1355 2873 Vll.

949 2906 1023 2960 De
1056 2907 1404 2981 eleemosyna.

454 2998 646 3054 Matth.
671 3015 726 3062 v,
749 2999 803 3053 7.
829 3029 900 3038 —
930 2998 1085 3054 Beati
1120 3000 1529 3070 misericordes,
1557 3004 1817 3075 quoniam
1855 3001 1959 3073 ipsi

386 3089 822 3146 misericordiam
850 3100 1283 3162 consequentur.
1492 3154 1495 3157 .
1609 3154 1617 3164 ,
1687 3088 1708 3167 ί
1870 3086 1877 3091 ’

454 3185 729 3252 Βεαιμιν,
760 3187 846 3241 Η.
868 3218 939 3228 —
966 3187 1088 3242 Non
1118 3187 1298 3243 deerit
1325 3204 1538 3260 pauper
1564 3189 1633 3243 de
1669 3198 1837 3244 terra.
1873 3186 1959 3241 ld-

385 3278 538 3340 circo
568 3293 669 3350 ego
701 3278 961 3350 praecipio
988 3280 1086 3335 tibi
1115 3281 1344 3337 verbum
1378 3281 1526 3337 istud
1554 3279 1746 3336 dicens
1773 3298 1785 3333 :
1814 3278 1960 3349 Ape-

384 3369 534 3425 riens
559 3370 776 3440 aperies
801 3386 993 3426 manus
1025 3382 1148 3428 tuas
1172 3372 1328 3428 fratri
1364 3382 1458 3429 tuo
1486 3372 1741 3444 pauperi.

449 3545 546 3600 Job
582 3562 727 3613 xxxx,
764 3546 850 3602 l5.
882 3578 952 3588 —
986 3546 1191 3604 Oculus
1230 3548 1309 3604 fui
1352 3565 1644 3618 cecorum,
1671 3567 1770 3623 pes
1805 3552 1960 3608 clau-

383 3636 580 3690 dorum
611 3655 623 3690 :
653 3653 755 3706 ego
783 3652 933 3691 eram
960 3649 1116 3707 pater
1137 3639 1528 3696 invalidorum.

350 3732 355 3739 '
452 3726 610 3780 Prov.
643 3743 731 3792 tu,
760 3727 814 3780 5.
848 3712 920 3767 '—
949 3728 1320 3801 Eleemosynas
1353 3739 1411 3785 et
1443 3730 1579 3786 fides
1611 3747 1679 3785 ne
1717 3740 1767 3786 te
1800 3730 1958 3787 dese;-

386 3829 510 3876 rant
552 3840 565 3875 :
616 3822 778 3893 alliga
822 3838 915 3879 eas
953 3840 1116 3895 supra
1162 3827 1364 3880 collum
1411 3836 1587 3892 tuum,
1618 3837 1674 3881 et
1712 3828 1961 3886 invenies

384 3912 640 3983 gratiam.

456 4006 592 4061 Dan.
622 4024 695 4072 IV,
722 4008 809 4063 ει.
836 4040 905 4048 -
937 4010 1163 4065 Peccata
1199 4019 1290 4065 tua
1322 4010 1690 4082 eleemosynis
1723 4011 1958 4077 redime,

383 4104 439 4150 ct
463 4095 782 4167 iniquitates
811 4106 933 4153 tuas
962 4099 1412 4155 miserationibus
1440 4117 1764 4171 pauperum.

454 4278 621 4332 Eccli.
646 4296 722 4343 ιιι,
745 4279 834 4334 55.
857 4310 928 4319 -—
946 4278 1129 4348 Ignem
1156 4277 1440 4333 ardentem
1464 4278 1775 4351 exstinguet
1797 4298 1958 4353 aqua,
1992 4309 2039 4368 ο

384 4378 439 4423 rt
460 4371 810 4440 clremosyna
843 4369 1085 4439 expiabit
1112 4376 1357 4438 peccata.

454 4461 617 4516 Eccli.
637 4478 708 4525 ιν,
727 4460 780 4515 8.
798 4492 867 4500 -
886 4461 1094 4515 inclina
1115 4461 1252 4515 nihil
1277 4472 1496 4532 gravate
1520 4465 1749 4534 pauperi
1772 4480 1960 4521 aurem

387 4560 555 4615 tuam,
581 4561 637 4607 et
662 4551 937 4621 responde
967 4551 1019 4605 ei
1052 4552 1105 4606 in
1140 4552 1368 4608 lenitate
1398 4553 1645 4623 pacifica.

453 4642 617 4697 Eccli.
645 4660 736 4715 xu,
764 4644 815 4698 4.
847 4675 916 4683 -
940 4644 1015 4698 Da
1044 4644 1158 4715 pio,
1182 4653 1239 4698 et
1267 4661 1336 4699 ne
1361 4647 1674 4715 susceperis
1700 4655 1957 4717 peccato-

386 4748 497 4786 rem
527 4751 539 4786 :
571 4733 797 4789 benefac
821 4735 1038 4800 humili,
1066 4745 1124 4792 et
1150 4752 1219 4791 ne
1249 4732 1468 4792 dederis
1498 4737 1687 4807 impio.

454 4823 620 4879 Eccli.
643 4842 787 4889 xxxx,
812 4826 893 4882 15.
916 4859 987 4867 -
1006 4828 1289 4884 Conclude
1309 4829 1710 4905 eleemosyuam
1734 4830 1786 4885 in
1811 4829 1967 4885 cellis

389 4916 518 4981 tuis,
537 4927 591 4972 et
616 4918 733 4973 haec
753 4928 911 4972 eruet
934 4927 986 4974 te
1008 4919 1075 4973 ab
1097 4919 1246 4972 omni
1267 4919 1431 4983 malo,
1450 4927 1507 4973 et
1525 4934 1693 4989 super
1716 4920 1959 4975 lanceam

387 5008 602 5090 roboris
624 5008 890 5064 adversus
918 5009 1204 5064 inimicum
1231 5025 1335 5080 pro
1367 5018 1417 5065 te
1449 5010 1733 5081 pugnabit.

463 5185 626 5240 Eccli.
656 5203 816 5247 xxxv.
841 5185 931 5241 26.
957 5218 1028 5226 ——
1051 5187 1309 5257 Speciosa
1336 5188 1713 5243 misericordia
1742 5189 1797 5242 in
1833 5196 1973 5243 tcmr

389 5290 521 5344 pore
546 5276 875 5339 amictionis,
910 5278 1054 5332 sicut
1080 5279 1255 5333 nubes
1279 5280 1478 5349 pluviae
1505 5281 1560 5334 in
1592 5288 1837 5350 tempore
1863 5280 1969 5333 sic-

389 5368 591 5422 citatis.

2068 1900 2193 1955 στοία
2218 1900 2273 1953 δέ
2302 1901 2522 1971 εὐτυχία
2554 1904 2722 1973 χωρὶς
2749 1904 2919 1974 φίλων
2956 1908 3055 1958 οὐκ
3084 1908 3314 1977 ἄχαρις

2147 1990 2303 2061 Ῥᾷον
2336 1990 2402 2044 ἄν
2434 2008 2517 2055 τις
2549 1994 2838 2064 συμφορὰν
2870 1994 3263 2066 χαλεπωτάτην
3311 1997 3471 2069 φέρει
3498 1999 3637 2069 μετά

2068 2084 2257 2154 φίλων,
2289 2084 2321 2155 ἢ
2359 2084 2516 2153 μόνος
2549 2085 2810 2154 εὐτυχίαν
2840 2088 2939 2156 τὴν
2970 2088 3258 2157 μεγίστην.
3343 2086 3350 2099 ’

2147 2174 2386 2228 Ἐκεῖνον
2415 2174 2745 2230 ἀθλιώτατον
2774 2177 2941 2249 κρίνω
2958 2179 3204 2243 δικαίως,
3221 2179 3281 2243 ὃς
3314 2182 3372 2234 ἐν
3399 2182 3499 2251 μὲν
3515 2185 3637 2248 ταῖς

2065 2263 2369 2330 συμφοραῖς
2405 2262 2687 2324 πλείστους
2716 2263 2826 2334 ἔχει
2854 2267 2982 2329 τοὺς
3028 2266 3392 2337 ἐφηδομένους
3423 2312 3438 2336 ,
3493 2271 3552 2324 ἐν
3575 2271 3633 2325 δέ

2062 2353 2184 2414 ταῖς
2213 2351 2491 2421 εὐτυχΐαις
2517 2353 2708 2407 οὐδένα
2735 2354 2827 2408 τὸν
2856 2357 3240 2428 συνηδόμενον.

2142 2442 2203 2495 '0
2234 2445 2348 2505 τοῖς
2385 2443 2559 2512 φίλοις
2601 2446 2984 2517 χαριζόμενος,
3032 2448 3148 2519 ἅμα
3178 2448 3278 2519 μὲν
3304 2447 3380 2513 ὡς
3404 2450 3631 2522 χαριζό-

2064 2553 2225 2606 μενος
2255 2535 2441 2608 ἦδεται
2465 2535 2672 2605 διδους,
2709 2537 2825 2608 ἃμα
2854 2537 2910 2593 δέ
2935 2538 3012 2602 ὡς
3041 2539 3206 2604 αὐτὸς
3234 2539 3535 2612 κτώμενος.

2648 2811 2863 2868 ΛΟΓΟΣ
2901 2815 2954 2867 Z'
2995 2810 3059 2866 ¹⁸.

2556 2901 2699 2970 Περὶ
2728 2903 3165 2973 ἐλεημοσύνης.

2134 2997 2319 3049 Ματθ.
2371 2990 2434 3046 ε’.
2487 3023 2553 3033 -
2581 2993 2863 3064 Μακάριοι
2893 2994 2942 3046 οἱ
2994 2993 3311 3064 ἐλεήμονες,
3356 2993 3438 3048 ὅτι
3485 2995 3639 3049 αὐτοὶ

2062 3082 2473 3154 ἐλεηθήσονται.

2132 3178 2300 3230 Δευτ.
2329 3181 2411 3230 ιε’.
2457 3204 2525 3216 -
2552 3174 2625 3228 ῠύ
2662 3174 2734 3245 μὴ
2763 3175 2962 3249 ἐκλίπῃ
3005 3174 3193 3246 ἐνδεὴς
3235 3176 3343 3229 ἀπὸ
3368 3178 3468 3246 τῆς
3509 3178 3636 3248 γῆς.

2063 3269 2162 3323 Διὰ
2188 3268 2348 3337 τοῦτο
2377 3268 2487 3336 ἐγώ
2519 3284 2600 3322 σοι
2632 3269 2949 3339 ἐντέλλομαι
2970 3267 3037 3322 ’τδ
3060 3269 3212 3341 ῥῆμα
3237 3269 3419 3332 τοῦτο,
3440 3268 3635 3337 λέγων,

2076 3360 2332 3430 ’Ᾱνοίγων
2358 3360 2586 3425 ἀνοίξεις
2612 3359 2712 3421 τάς
2736 3360 2926 3432 χεῖράς
2950 3377 3044 3413 σου
3078 3360 3156 3431 τῷ
3185 3358 3402 3432 ἀδελφῷ
3436 3377 3531 3415 σου
3559 3359 3639 3430 τῷ

2064 3448 2277 3514 πένητι.

2146 3539 2277 3595 Ἰὼϐ
2320 3543 2423 3594 κθ’.
2463 3570 2534 3580 -
2566 3542 2873 3611 Ὀφθαλμδς
2913 3543 3062 3612 ἢμην
3121 3541 3359 3610 τυφλῶν,
3410 3543 3548 3607 ποὺς
3580 3541 3639 3595 δέ

2063 3631 2275 3705 χωλῶν·
2313 3632 2423 3701 ἐγὼ
2451 3635 2598 3704 ἤμην
2638 3635 2822 3705 πατὴρ
2848 3634 3128 3687 ἀδυνάτων
3157 3635 3257 3702 (a).

2136 3730 2382 3794 Παροιμ.
2452 3732 2526 3794 γ’.
2578 3755 2648 3766 -
2682 3725 3081 3795 Ἐλεημοσύναι
3155 3726 3251 3779 καὶ
3304 3725 3491 3790 πίστις
3565 3726 3641 3797 μὴ

2063 3819 2467 3872 ἐκλειπέτωσάν
2499 3832 2578 3871 σε·
2611 3818 2816 3888 ἐφαψαι
2844 3818 2901 3871 δέ
2932 3817 3107 3881 αὐτὰς
3137 3818 3237 3870 ἐπὶ
3253 3817 3332 3889 σῷ
3359 3817 3637 3889 τραχήλῳ,

2064 3915 2160 3968 καὶ
2188 3914 2440 3985 εὑρήσεις
2480 3913 2661 3984 χάριν.
3056 3938 3082 3982 χ

2134 4006 2272 4059 Aur.
2335 4004 2404 4058 δ’.
2454 4036 2525 4046 -
2583 4007 2694 4068 Τὰς
2771 4006 3051 4077 ἁμαρτίας
3124 4007 3182 4059 ἐν
3242 4004 3641 4075 ἐλεημοσύναις

2062 4097 2359 4168 λύτρωστι,
2402 4097 2623 4161 καὶτὰς
2671 4099 3033 4167 ἀνομίαςλσου
3077 4099 3139 4151 ἐν
3181 4098 3492 4167 οἱκτιρμοῖς
3540 4112 3642 4149 πε-

2063 4189 2257 4255 νήτων.

2135 4278 2316 4346 Σιρὰχ
2364 4282 2430 4346 γ’.
2457 4278 2659 4350 -Πῦρ
2688 4278 3082 4349 φλογιζόμενον
3110 4276 3440 4332 κατασϐέσει
3470 4275 3639 4347 ὕδωρ,

2066 4368 2158 4422 καὶ
2188 4368 2525 4438 ἐλεημοσύνη
2559 4369 2903 4435 ἐξιλάσκεται
2935 4370 3229 4439 ἁμαρτιας.

2136 4457 2321 4529 Σιράχ
2351 4458 2417 4512 δ’.
2448 4460 2641 4513 Κλῖνον
2679 4459 2880 4530 πτωχῷ
2906 4458 3133 4523 ἀλύπως
3184 4459 3245 4511 τὸ
3275 4454 3369 4522 οὖς
3401 4474 3517 4522 σου,
3546 4458 3644 4510 καὶ

2064 4550 2392 4621 ἀποκρίθητι
2422 4551 2570 4620 αὐτῷ
2610 4554 2667 4604 ἐν
2694 4550 2970 4621 πραΰτητι
3012 4550 3285 4619 εἰρηνικά.

2126 4643 2319 4711 ’Σιρὰχ
2346 4641 2444 4707 ιβ’.
2478 4644 2576 4703 Δὸς
2602 4641 2681 4712 τῷ
2718 4640 2953 4707 εὐσεϐεῖ,
2994 4643 3087 4694 καὶ
3129 4640 3203 4711 μὴ
3229 4639 3644 4696 ἀντιλαὸοὓιτοῦ

2062 4723 2489 4805 ἀμαρτωλοῦοεῦ
2518 4735 2741 4805 ποίησον
2772 4732 3036 4804 ταπεινῷ,
3068 4733 3164 4786 καὶ
3189 4732 3267 4802 μὴ
3299 4731 3408 4802 δῷς
3432 4731 3642 4785 ἀσεϐεῖ.
3680 4734 3686 4739 ’

2136 4825 2323 4894 Σιρὰχ
2352 4823 2457 4882 κθ.
2498 4825 2826 4893 Σύγκλεισον
2870 4823 3241 4895 ἐλεημοσύνην
3280 4823 3499 4885 ἐν,τοίς
3548 4840 3648 4876 τα-

2068 4917 2239 4988 μείοις
2275 4934 2389 4979 σου,
2418 4916 2512 4967 καὶ
2571 4913 2710 4985 αὓτη
2767 4930 2826 4967 σε
2861 4912 3122 4978 ἐξελεῖται
3153 4913 3218 4965 ἐκ
3266 4911 3449 4980 πάσης
3482 4910 3646 4964 mli-

2068 5026 2203 5071 σεως
2232 5007 2596 5078 [ambacu],
2630 5007 2722 5060 καὶ
2772 5005 2915 5077 ὑπὲρ
2958 5004 3086 5075 δόρυ
3136 5003 3308 5072 ἀλκῆς
3357 5003 3647 5055 κατέναντι

2062 5097 2257 5167 ἐχθροῦ
2301 5097 2599 5167 πολεμήσει
2629 5095 2771 5165 ὑπὲρ
2814 5094 2930 5149 σοῦ.

2134 5186 2315 5256 Σιρὰχ
2344 5191 2448 5242 λε’.
2513 5188 2727 5257 Ὠροιῖον
2774 5186 2922 5250 ἕλεος
2955 5187 3013 5237 ἐν
3049 5181 3229 5254 καιρῷ
3281 5180 3538 5253 Θλὲςιεως,
3573 5182 3648 5244 ὡς

2062 5279 2254 5350 νεφέλη
2278 5279 2435 5333 ὑετοῦ
2464 5281 2523 5333 ἐν
2547 5278 2723 5350 καιρῷ
2769 5276 3053 5349 ἀεροχίαςζ

1674 5439 1911 5495 νᾹΙὶΙΔΕ
1941 5434 2343 5493 LECTIONES.

470 5527 512 5557 ”
566 5530 661 5590 Ὃς
724 5529 768 5581 δ’
821 5531 905 5585 ἄν.
986 5532 1027 5563 ¹⁸
1070 5534 1129 5588 ιιι
1170 5533 1334 5589 Gesn.
1370 5536 1589 5590 Stobaeu
1619 5536 1705 5602 76,
1744 5536 1796 5589 in
1834 5533 2072 5589 Antonio
2116 5535 2205 5588 27.

1921 5627 2149 5683 ΝΟΤᾹΞ.

472 5689 547 5751 (τι)
583 5690 777 5755 Πατὴρ
799 5693 1129 5748 ἁδινντίτων.
1169 5698 1334 5751 Fozdo
1374 5699 1574 5753 mendo
1603 5700 1765 5756 Gesn.
1797 5709 1948 5753 utra-

2055 5701 2133 5752 sic
2162 5698 2458 5753 breviatum
2498 5710 2683 5750 mecm
2707 5694 2796 5749 sit.
2826 5695 2985 5749 l’atrc
3016 5701 3164 5749 certe
3188 5701 3349 5764 egent
3398 5688 3638 5756 infiniti,

395 5774 504 5829 quc
529 5758 791 5824 editione,
810 5762 918 5831 πῦρ
936 5764 1389 5836 ἀδυνάτιονμιιιοό
1414 5770 1566 5836 pueri
1586 5771 1949 5827 cxscribcutis
2057 5788 2119 5825 ac
2147 5772 2295 5825 velut
2330 5768 2582 5839 orpllalli,
2609 5782 2717 5821 ηυη
2741 5765 2887 5837 ίεηε-
