4068 6142
464 346 586 412 ςγδι

1776 335 1946 408 LOCI
1985 340 2422 411 COMMUNES.

3617 336 3727 402 766

464 465 477 471 ’
550 462 893 522 Βασίλειον.
925 496 995 506 —-
1022 458 1340 531 Πλεονεξίας
1377 456 1515 527 εἶδος
1546 463 1607 516 τὸ
1643 460 2044 533 χαλεπώτατον,

2214 460 2429 517 Basilii.
2454 491 2523 500 —
2547 457 2803 513 Avaritiae
2827 471 2999 528 genus
3028 450 3415 527 gravissimum
3444 462 3547 520 est,
3569 471 3637 509 ne
3660 469 3723 510 ea

484 561 622 631 μήτε
654 558 761 611 τῶν
788 548 1163 629 φθειρομένων
1198 554 1537 633 μεταδιδόναι
1565 557 1677 616 τοῖς
1718 553 1974 609 ἐνδεέσιν.

554 650 854 713 Τοσούτους
887 649 1114 710 ἀδικεῖς,
1144 648 1289 709 ὅσοις
1321 646 1582 717 παρέχειν
1610 645 1867 715 ἡδύνασο.

548 744 868 812 Θεολόγου.
896 773 965 781 -
1003 740 1076 793 To
1115 735 1172 792 εὖ
1209 741 1382 803 ποεῖν,
1411 740 1506 792 τοῦ
1534 734 1769 809 πάσχειν
1796 738 2051 810 τιμιώτεδ

472 851 599 907 ρον,
631 833 729 888 καὶ
763 830 1354 904 περισπουδαστύτερον
1386 829 1615 901 κέρδους
1639 830 1804 894 ἕλεος.

550 1009 815 1082 Κρεῖττον
836 1008 1044 1079 μυρίων
1063 1007 1270 1060 παίδων
1286 1007 1501 1077 πατέρα
1524 1004 2048 1078 προσαγορεύεσθαι,

445 1122 453 1133 ’
479 1101 514 1173 ἢ
549 1102 776 1174 μυρίους
812 1100 1084 1168 στατῆρας
1116 1097 1263 1167 ἔχειν
1291 1099 1346 1151 ὲν
1376 1097 1665 1168 βαλαντίῳ.
1698 1098 1779 1150 Τὰ
1812 1098 1912 1167 μὲν
1942 1097 2050 1167 γὰρ

480 1193 740 1263 χρήματα
771 1190 1119 1260 καταλείψεις
1154 1188 1411 1253 ἐνταῦθα,
1445 1191 1541 1244 καὶ
1573 1188 1647 1259 μὴ
1680 1188 2007 1258 βουλόμενος
2031 1203 2046 1217 ·

477 1286 575 1356 τῆν
598 1285 656 1339 δὲ
688 1286 781 1338 ἐπὶ
812 1288 925 1349 τοῖς
955 1285 1185 1354 ἀγαθοῖς
1216 1284 1398 1354 ἔργοις
1432 1284 1746 1354 φιλοτιμίαν
1778 1282 2051 1354 ἀποκομί-

440 1386 449 1389 “
477 1386 590 1438 an;
612 1375 751 1445 πρὸς
780 1372 870 1428 τὸν
902 1374 1208 1445 Δεσπότηνο
1240 1375 1371 1427 ὅταν
1419 1375 1592 1446 δῆμος
1627 1374 1747 1437 ὅλος
1803 1358 1898 1427 ἐπὶ
1948 1372 2045 1427 τοῦ

478 1466 668 1520 κοινοῦ
709 1449 914 1537 Κριτοῦ
950 1466 1316 1537 παριστάντες
1345 1483 1425 1533 σε,
1454 1467 1660 1537 τροφέα
1686 1467 1781 1519 καὶ
1829 1466 2053 1537 εὐεργέ-

470 1567 601 1623 την,
631 1554 729 1608 καὶ
770 1556 949 1608 πάντα
999 1555 1068 1609 τὰ
1114 1555 1214 1624 τῆς
1255 1554 1664 1624 φιλανθρωπίας
1701 1553 2051 1608 άποκαλῶσιν

476 1645 716 1716 ὀνόματα
737 1662 751 1676 ·
787 1646 923 1707 Θεὸς
960 1645 1114 1700 ἔσται
1147 1648 1175 1699 ό
1226 1646 1622 1718 ἀποδεχόμενος
1643 1663 1658 1677 ν
1683 1646 1912 1714 ἄγγελοι
1961 1646 2052 1699 εύ-

440 1752 443 1755 ·
477 1736 792 1808 φημοῦντες
847 1739 897 1790 oi
927 1737 1037 1791 ἀπὸ
1063 1737 1295 1801 κτίσεως
1323 1737 1600 1809 ἄνθρωποι
1626 1739 2048 1810 μακαρίζοντες·

477 1827 605 1897 δόξα
643 1827 882 1894 αἰώνιος,
940 1828 1195 1898 στέφανοι
1245 1830 1615 1901 δικαιοσύνης,
1665 1829 1913 1901 βασιλεία
1946 1829 2052 1883 τῶν

473 1919 719 1990 οὐρανῶν
747 1916 913 1984 ἆθλός
940 1938 1023 1973 σοι
1058 1920 1239 1976 ἔσται.

548 2184 991 2257 Σκορπιζόμενος
1018 2186 1047 2239 ό
1081 2184 1334 2251 πλοῦτος,
1379 2184 1507 2248 κίτθῖ
1537 2187 1596 2242 δν
1635 2189 1664 2242 ό
1701 2187 1906 2260 Κύριος
1932 2191 2054 2243 επι-

475 2278 736 2332 τάττεται
765 2279 990 2349 τρόπον,
1020 2278 1233 2348 πέφυκε
1257 2279 1601 2349 παραμένειν
1625 2296 1639 2310 ·
1693 2281 2055 2352 συνεχόμενος

476 2368 556 2431 δὲ,
578 2368 1024 2440 ὰλλοτριοῦσθαι.
1058 2369 1185 2424 Ἐὰν
1217 2370 1536 2439 φυλάσσεις,
1588 2372 1690 2426 οὐκ
1742 2370 1889 2443 ἔχεις
1909 2388 1922 2402 ·
1956 2372 2055 2426 ἐὰν

476 2459 533 2513 δὲ
571 2461 911 2531 σκορπίσεις,
946 2461 1047 2515 οὐκ
1086 2460 1394 2526 άπολέσεις.
1431 2463 1853 2532 Ἐσκόρπισεν,
1871 2463 2056 2521 ἔδωκε

476 2551 604 2618 τοῖς
650 2552 894 2620 πένησι.

544 2732 727 2786 Καλὸν
755 2733 1076 2805 ἐντάφιον-ἡ
1106 2732 1387 2791 εὐσέϐεια.
1418 2734 1643 2799 Πάντας.
1679 2735 2052 2807 περιϐαλόμε-

360 2854 367 2866 ι
434 2842 439 2843 ν
475 2839 564 2887 νος
598 2820 824 2877 ἄπελθε.
847 2823 1064 2877 Οίκετον
1093 2822 1301 2892 κόσμον
1323 2823 1415 2879 τὸν
1440 2824 1668 2879 πλοῦτόν
1691 2843 1783 2880 σου
1805 2826 2049 2896 ποίησον·

436 2944 437 2949 η
475 2914 566 2986 ἔχε
599 2913 763 2969 αὐτὸν
798 2915 938 2985 μετὰ
962 2918 1217 2973 σεαυτοῦ.
1254 2915 1516 2987 Πείσθητι
1546 2916 2052 2990 καλῶςησυμδούλῳ

474 3005 554 3076 τῷ
591 3005 940 3078 άγαπήσαντί
981 3021 1042 3058 σε
1084 3003 1328 3076 Χριστῷ,
1377 3004 1454 3076 τῷ
1504 3005 1572 3058 δι’
1606 3006 1754 3076 ἡμᾶς
1798 3005 2051 3077 πτωχεύ-

2150 553 2373 626 quidem
2402 568 2524 623 quae
2553 558 2791 621 pereunt
2815 548 3009 619 egenis
3030 547 3333 617 impartiri.

2220 644 2325 698 Tot
2354 642 2558 713 injuria
2587 640 2785 704 silicis,
2811 645 2948 709 quot
2974 639 3161 707 largiri
3193 637 3443 707 potuisti.

2182 738 2183 745 ‘
2220 732 2483 803 Theologi.
2525 763 2596 772 —
2641 732 2896 787 Nobilius
2936 739 3020 785 est
3065 729 3394 784 beneficium
3440 736 3720 798 praestare,

2150 839 2316 893 quam
2354 825 2636 894 accipere;
2681 815 3147 893 e'xpetibiliorque
3186 821 3342 876 lucro
3378 822 3725 891 eleemosyua

2030 927 2037 939 ‘
2150 923 2254 968 est.
2398 966 2399 969 η
3005 932 3010 961 l

2220 998 2451 1060 Praestat
2488 1002 2878 1058 innumerabili
2920 1003 3112 1057 sobole
3172 1002 3473 1057 liberorum
3516 1008 3726 1070 patrem

2149 1095 2403 1159 recitari,
2431 1110 2594 1163 quam
2626 1106 2860 1148 numero
2889 1092 3208 1162 superiores
3235 1098 3466 1147 statores
3497 1089 3553 1144 in
3579 1090 3732 1145 locu-

2150 1185 2220 1239 lis
2249 1182 2475 1239 habere.
2505 1184 2640 1239 Nam
2671 1184 2960 1254 pecunias,
2985 1183 3126 1237 velis
3161 1182 3326 1246 nolis,
3351 1195 3468 1236 aevo
3500 1181 3606 1235 hoc
3640 1197 3730 1236 re-

2150 1279 2371 1346 linques
2398 1292 2413 1329 :
2443 1275 2673 1346 gloriam
2699 1290 2832 1329 vero
2860 1289 2924 1328 ac
2952 1272 3411 1344 magniﬁcentiam
3438 1270 3595 1340 552
3627 1271 3728 1325 bo-

2146 1383 2349 1424 norum
2388 1382 2619 1437 operum
2658 1364 2877 1423 deferes
2908 1364 2977 1419 ad
3014 1363 3340 1428 Dominum;
3398 1371 3531 1417 tunc
3563 1362 3728 1416 nimi-

2150 1475 2296 1528 rum,
2327 1476 2453 1517 cum
2485 1460 2665 1515 omnis
2698 1459 2998 1529 multitudo
3032 1457 3135 1513 sub
3170 1456 3486 1513 communis
3518 1455 3731 1511 Judicis

2148 1555 2443 1626 praesentia
2489 1551 2833 1619 circumfusi,
2871 1560 2927 1606 te
2959 1551 3210 1611 ciborum
3254 1549 3601 1618 aliorumque
3628 1547 3729 1602 bo-

2152 1662 2348 1701 norum
2374 1626 2629 1715 promum
2657 1643 2919 1708 condum,
2962 1652 3029 1717 et
3068 1656 3412 1713 quaecunque
3443 1653 3732 1709 propensae

2152 1734 2765 1805 humanitatis'nomina
2796 1742 2947 1797 sunt,
2972 1732 3412 1803 compellabunt:
3437 1732 3584 1785 Deus
3611 1730 3731 1798 pla-

2156 1825 2278 1882 cide
2319 1824 2545 1879 habebit
2587 1840 2653 1880 ac
2689 1824 2975 1894 suscipiet,
3008 1824 3184 1894 angeli
3225 1824 3442 1879 cantico
3481 1822 3731 1877 celebra-

2156 1908 2322 1983 bunt,
2346 1916 2440 1985 qui
2475 1931 2506 1970 a
2538 1915 2731 1970 mundi
2767 1925 2894 1969 ortu
2930 1912 3192 1968 exstitere
3221 1912 3476 1967 homines
3509 1910 3729 1967 beatum

2155 2006 2538 2077 praedicabunt
2569 2022 2584 2059 ε
2615 2004 2840 2061 claritas
2867 2012 3094 2067 aeterna,
3119 2003 3349 2074 justitia:
3382 2017 3610 2066 corona,
3641 2018 3732 2056 re—

2153 2111 2321 2169 gnum
2347 2098 2636 2159 caelorum,
2663 2108 2754 2152 tua
2782 2106 2996 2151 merces
3021 2104 3190 2152 erunt
3214 2104 3270 2150 et
3294 2095 3534 2166 prtemia.

2225 2188 2439 2243 Divitiae
2484 2188 2547 2246 si;
2578 2188 2996 2258 dispergantur,
3053 2203 3162 2257 qua
3208 2188 3421 2242 ratione
3466 2188 3732 2244 Dominus

2155 2279 2486 2335 documento
2512 2278 2697 2345 tradit,
2724 2295 2791 2334 ex
2822 2279 3005 2334 indole
3028 2278 3234 2333 habent
3259 2286 3318 2332 ut
3341 2288 3727 2348 permaneant;

2130 2371 2240 2426 asin
2273 2379 2458 2426 autem
2490 2370 2904 2435 contineantur,
2936 2378 2999 2425 ut
3027 2370 3085 2425 in
3108 2370 3356 2427 alienum
3383 2371 3475 2441 jus
3504 2386 3570 2425 ac
3600 2386 3730 2440 pos-

2153 2462 2459 2519 sessionem
2506 2472 2813 2519 transeant.
2854 2462 2913 2518 Si
2961 2478 3180 2525 servas,
3214 2478 3326 2518 non
3370 2462 3634 2528 habebis;
3682 2463 3727 2518 si

2153 2550 2504 2621 disperseris,
2528 2566 2640 2607 non
2669 2552 2913 2608 amittes.
2937 2550 3226 2623 Dispersit,
3247 2552 3390 2606 dedit
3415 2552 3729 2624 pauperibus

2155 2640 2324 2714 (Psal.
2351 2632 2456 2706 cxi,
2481 2639 2585 2713 9)..

2222 2732 2522 2788 Pulchrum
2560 2731 2747 2796 funus,
2774 2733 2972 2804 pietas.
3003 2733 3107 2789 Ubi
3136 2735 3369 2789 cunctis
3408 2732 3728 2788 indumenta

2151 2821 2477 2892 praebueris,
2513 2821 2758 2883 discede.
2796 2823 2943 2889 Tuas
2972 2822 3074 2876 tibi
3100 2836 3235 2892 opes
3275 2828 3428 2877 tuum
3459 2821 3729 2876 mundum

2152 2913 2321 2968 facito
2354 2929 2368 2966 :
2400 2928 2529 2969 eum
2568 2913 2667 2968 tibi
2702 2913 2847 2969 habe
2882 2913 3164 2970 comitem.
3190 2912 3415 2973 Christi,
3440 2912 3534 2982 qui
3563 2921 3616 2968 te
3640 2911 3729 2971 di-

2152 3002 2306 3071 lexit,
2330 3004 2563 3059 consilio
2598 3005 2859 3075 praclare
2890 3006 3223 3075 obsequere;
3254 3007 3348 3074 qui
3377 3012 3603 3075 propter
3628 3020 3730 3061 nos

477 3111 655 3163 σαντι,
688 3098 756 3151 ἶν’
784 3097 947 3168 ἡμεῖς
975 3098 1042 3169 τῇ
1083 3095 1296 3150 ἑκείνου
1326 3096 1574 3168 πτωχεία
1625 3097 2048 3171 πλουτήσωμεν.

2153 3110 2362 3167 egenus
2390 3096 2570 3155 factus
2599 3107 2707 3161 est,
2734 3106 2798 3153 ut
2824 3099 2946 3168 ejus
2982 3098 3084 3168 ipsi
3122 3098 3307 3169 inopia
3341 3098 3542 3154 divites
3572 3113 3728 3153 esse-

546 3298 865 3366 Θεολόγου.
892 3324 961 3335 -
1000 3267 1405 3365 ςἚλεημοσύνη,
1455 3295 1490 3366 ή
1544 3294 1730 3365 πάσης
1767 3295 2052 3367 άπηλλαγ-
2115 3304 2123 3312 ’

479 3388 613 3461 μένη
636 3388 849 3451 ἀδικίας
869 3404 885 3421 ο
919 3385 1058 3458 αὕτη
1091 3387 1510 3457 πάντακαθαρὰ
1541 3390 1708 3441 ποιεῖ.
1730 3387 1920 3466 ιΤούτο
1956 3389 2053 3442 καὶ

474 3480 730 3551 νηστείας
783 3479 992 3549 βέλτιον
1024 3479 1121 3532 καὶ
1173 3477 1515 3548 χαμευνίας⁹
1573 3478 1823 3547 καίτοιγε
1868 3481 2053 3533 ἐκεῖνα

396 3608 401 3615 -
480 3571 859 3643 μοχθηρότερα
911 3569 1007 3623 καὶ
1063 3568 1464 3640 ἐπιπονώτερα,
1509 3568 1629 3622 ἀλλ’
1666 3569 2051 3642 αὖτηκερδα-

477 3664 741 3734 λειοτέρα,
800 3660 1061 3733 χρῳτίξει
1132 3660 1331 3734 ψυχὴν,
1390 3661 1665 3726 λεπτύνει,
1732 3661 1903 3734 καλὴν
1955 3662 2052 3717 καὶ

477 3755 686 3827 ὡραίαν
723 3756 887 3808 ποιεῖ.

518 3982 523 3985 ι
560 3948 785 4008 Ἐκεῖνα
809 3951 946 4022 μόνα
997 3951 1361 4024 κερδήσομεν,
1392 3951 1493 4006 ὃσα
1542 3949 1610 4005 ἂν
1644 3953 1771 4005 ’ἐκεῖ
1805 3952 2054 4024 προπέμ-

478 4044 692 4115 ψωμεν.
733 4042 948 4095 Ἐκεῖνα
973 4041 1109 4112 μόνα
1139 4041 1291 4094 ἐστὶν
1317 4040 1587 4112 ἡμέτερα,
1619 4041 1719 4095 ὅσα
1750 4039 1850 4111 τῆς
1874 4041 2052 4113 ψυχῆς

479 4139 595 4189 εστι
628 4133 1058 4205 κατορθώματα,
1113 4133 1453 4205 ἐλεημοσύνη
1501 4134 1598 4195 καὶ
1627 4133 2011 4205 φιλανθρωπία
2033 4149 2048 4164 °

479 4227 541 4281 οὐ
573 4226 684 4297 γὰρ
711 4226 938 4279 δυνατὸν
967 4225 1226 4298 χρήματα
1249 4223 1489 4298 λαϐόντα
1511 4223 1772 4278 ἀπελθεῖν
1800 4240 1823 4259 ·’
1850 4223 2052 4293 μᾶλλον

476 4315 535 4370 δὲ
584 4316 681 4369 καὶ
724 4313 1137 4386 προπέμψωμεν
1178 4314 1336 4377 αὐτὰ,
1383 4312 1524 4367 ὥστε
1567 4314 1855 4385 ἑτοιμάσαι
1903 4314 2034 4383 ἡμῖν

481 4406 685 4479 σκηνὴν
720 4409 778 4461 ὲν
799 4408 920 4469 ταῖς
946 4406 1195 4469 αίωνίαις
1230 4407 1438 4476 μοναῖς.
1764 4402 1769 4407 ⁸

565 4604 968 4693 Ἔλεημοσύνης
1017 4609 1208 4687 χωρὶς,
1271 4610 1521 4682 ἄκαρπος
1576 4612 1609 4682 ἡ
1664 4610 1834 4682 ψυχή.
1866 4609 2052 4664 Πάντα

479 4702 771 4774 ἀκάθαρτα
818 4701 1025 4771 ταύτης
1076 4701 1268 4772 χωρὶς,
1337 4701 1515 4756 πάντα
1569 4701 1827 4773 ἀνόνητα.
1881 4698 2053 4753 Τοῦτό

478 4788 687 4862 ἑστινῷ
715 4792 1030 4861 ἐξισοῦσθαι
1061 4786 1349 4864 δυνάμεθα
1371 4792 1449 4864 τῷ
1491 4793 1630 4864 Θεῷ,
1666 4792 1730 4847 τό
1758 4793 1928 4846 ἐλεεῖν
1959 4793 2054 4847 καὶ

449 4910 453 4914 ~
478 4883 791 4956 οἰκτείρειν.
820 4884 991 4939 Ὅταν
1013 4878 1105 4939 οὖν
1136 4884 1292 4939 τοῦτο
1326 4885 1403 4955 μὴ
1448 4884 1682 4956 ⁴ξχωμεν,
1706 4884 1810 4939 τοῦ
1842 4885 2047 4950 παντὸς

438 5004 445 5010 ·
479 4974 926 5047 ἀπεστερήμεθα.
964 4976 1078 5029 Ούκ
1109 4970 1284 5039 εἴπεν,
1328 4975 1455 5030 Ἐὰν
1506 4976 2054 5049 πιστεύσητε,ὄμοιοί

478 5069 604 5120 ἐστε
642 5066 720 5136 τῷ
749 5067 926 5138 Πατρὶ
961 5066 1138 5137 ὑμῶν.
1188 5067 1307 5127 Οὐκ
1362 5062 1536 5133 εἶπεν,
1572 5068 1698 5122 Ἐὰν
1746 5068 2052 5140 παρθενεύ-

481 5174 611 5227 σητε
635 5174 649 5188 ·
684 5157 821 5211 ἀλλὰ
848 5159 901 5211 τί
925 5175 941 5228 ;
975 5161 1231 5214 Γίνεσθε
1264 5160 1654 5229 οίκτίρμονες,
1679 5160 1759 5226 ὡς
1793 5163 1826 5215 ὁ
1850 5160 2053 5230 Πατὴρ

480 5248 649 5315 ὑμῶν
677 5251 725 5301 δ’
748 5248 818 5301 ἐν
842 5248 967 5316 τοῖς
985 5248 1510 5317 οὐρανοῖς-,Ἔλεον
1539 5248 1677 5323 γὰρ,
1698 5250 1854 5319 φησι,
1879 5249 2049 5316 θέλω,

480 5334 583 5392 καὶ
611 5340 682 5393 οὐ
710 5339 953 5393 θυσίαν.

541 5442 647 5503 Ὠν
677 5448 976 5522 βουλόμεθα
995 5456 1180 5525 τυχεῖν
1205 5452 1356 5525 παρὰ
1382 5452 1478 5507 τοῦ
1508 5453 1668 5519 Θεοῦ,
1691 5453 1896 5508 τούτων
1921 5453 2055 5525 πρό-

480 5556 631 5615 τεροι
663 5542 1008 5611 μεταδιδόναι
1058 5549 1172 5610 τοῖς
1217 5546 1447 5616 πλησίον
1490 5545 1799 5619 ὀφείλομεν.
1852 5548 1949 5600 Ἂν
1998 5546 2054 5600 δὲ

487 5632 613 5696 τοὺς
643 5633 875 5704 πλησίον
903 5635 1105 5689 τούτων
1140 5637 1557 5709 ἁποστερῶμεν,
1587 5637 1705 5700 πῶς
1728 5636 1933 5692 τούτων
1964 5653 2055 5690 tu-

490 5726 605 5791 κεῖν
632 5723 963 5795 βου).όμεθα;
1009 5729 1318 5798 Μακάριοι,
1362 5730 1546 5800 φησιν,
1606 5733 1657 5785 οἱ
1706 5729 2050 5800 ἐλεήμονες,

2151 3201 2276 3242 mus
2301 3185 2368 3258 (ll
2393 3186 2520 3244 Cor.
2541 3205 2657 3253 vni,
2679 3187 2757 3259 9).

2220 3302 2484 3374 Theologi.
2514 3333 2588 3346 -ο
2620 3304 2980 3374 Eleemosyna
3020 3303 3089 3357 ab
3130 3304 3277 3357 omni
3318 3302 3577 3357 immunis
3617 3303 3725 3356 iui~

2151 3393 2366 3462 quitate
2395 3402 2597 3450 cuncta.
2622 3394 2826 3448 munda
2854 3394 3005 3449 facit.
3032 3394 3158 3449 Haec
3187 3402 3243 3448 et
3265 3392 3472 3464 jejunio
3498 3404 3550 3448 et
3578 3394 3723 3448 nuda

2152 3483 2323 3538 humo
2358 3484 2655 3539 cubatione
2693 3487 3044 3555 pmstantior
3075 3495 3187 3550 est;
3232 3501 3297 3539 ac
3335 3485 3463 3540 licet
3495 3485 3587 3539 illa
3619 3484 3724 3539 du-

2125 3576 2318 3631 .rioris
2374 3577 2486 3632 sint
2535 3578 2841 3647 disciplinae
2895 3579 3272 3650 majorcmque
3325 3578 3570 3639 laborem
3622 3578 3722 3633 ha-

2151 3668 2337 3733 beant,
2365 3670 2538 3738 major
2563 3678 2745 3725 tamen
2777 3671 3138 3742 eleemosynm
3168 3671 3379 3725 utilitas
3411 3678 3521 3733 est;
3557 3668 3723 3723 nimi-

2140 3762 2278 3812 rum
2312 3758 2501 3812 colore
2532 3747 2775 3813 animum
2816 3757 3036 3823 imbuit,
3073 3760 3330 3816 subtilem
3364 3757 3563 3823 reddit,
3597 3758 3721 3828 pul-

2151 3850 2348 3905 chrum
2378 3865 2443 3904 ac
2467 3848 2941 3905 formosuml‘acit.

2220 3964 2317 4018 illa
2370 3963 2636 4017 duntaxat
2686 3964 2839 4018 lucro
2886 3964 3333 4034 reportabimus,
3381 3978 3723 4032 quascunque

2153 4054 2282 4110 illuc
2343 4054 2795 4125 prtemiserimus.
2849 4055 2946 4109 Illa
3006 4055 3273 4110 duntaxat
3325 4062 3511 4108 nostra
3563 4062 3721 4117 sunt,

2128 4152 2496 4221 quaecunque
2551 4147 2717 4202 animi
2769 4147 3004 4203 virtutes
3055 4155 3185 4203 sunt
3237 4162 3301 4201 ac
3352 4154 3500 4200 recte
3550 4145 3722 4205 facta.

2151 4239 2497 4308 clecmosyna
2528 4227 2741 4293 scilicet
2767 4248 2823 4293 et
2851 4238 3184 4293 humanitas.
3213 4236 3399 4307 Neque
3427 4235 3573 4289 enim
3605 4234 3724 4291 fieri

2153 4339 2425 4399 potestut
2451 4320 2686 4399 sumptis
2720 4331 2922 4400 opibus
2954 4331 3161 4385 mundo
3192 4330 3442 4386 excedas.
3466 4328 3726 4395 Quinimo

2153 4422 2317 4476 etiam
2344 4422 2441 4475 has
2463 4422 2880 4491 pr.emittamus,
2904 4431 2965 4476 ut
2988 4422 3054 4477 iis
3076 4423 3239 4477 nobis
3263 4423 3317 4476 in
3338 4421 3560 4476 aateruis
3582 4421 3728 4475 sedi-

2156 4510 2260 4566 bus
2288 4512 2699 4569 tabernaculum
2726 4528 3004 4582 paremus.

2222 4625 2373 4697 Citra
2412 4629 2814 4699 cleemosynam
2850 4628 3195 4684 infructuosa
3229 4627 3407 4683 anima
3428 4635 3526 4681 \cst
3558 4644 3572 4679 :
3608 4624 3728 4681 sine

2149 4717 2267 4783 illa,
2294 4726 2491 4773 cuncta
2518 4718 2830 4784 immunda,
2865 4716 3075 4776 nullius
3100 4720 3273 4791 frugis
3296 4720 3544 4774 universa
3576 4727 3725 4773 sunt.

2152 4807 2231 4863 Ea
2259 4824 2348 4863 res
2371 4817 2475 4872 est,
2503 4826 2612 4879 qua
2637 4810 2749 4865 Deo
2774 4811 2980 4879 aequari
3009 4812 3159 4877 licet,
3185 4819 3247 4866 ut
3273 4826 3465 4880 nempe
3492 4809 3731 4865 eleemo—

2154 4900 2303 4971 synis
2319 4899 2638 4955 Studeamus
2661 4918 2723 4957 ac
2748 4902 3106 4958 miseratione
3129 4903 3360 4972 impensi
3391 4903 3581 4957 simus.
3607 4899 3727 4956 Non

2154 4991 2290 5045 dixit
2328 5008 2341 5044 :
2377 4990 2432 5044 Si
2459 4993 2861 5062 jejunaveritis,
2901 4993 3114 5049 similes
3144 4994 3298 5049 eritis
3330 4993 3504 5050 Patris
3533 4991 3728 5047 vestri.

2151 5081 2272 5138 Non
2307 5081 2449 5136 dixit
2485 5101 2499 5135 :
2538 5081 2595 5135 Si
2630 5082 3007 5152 virginitatem
3034 5084 3340 5150 colueritis;
3367 5083 3461 5139 sed
3511 5102 3523 5136 :
3557 5083 3735 5137 Estote

2155 5174 2549 5239 misericordes,
2593 5176 2726 5229 sicut
2777 5173 2942 5229 Pater
2986 5185 3153 5229 vester
3194 5174 3405 5229 cmlestis
3437 5175 3732 5228 misericors

2154 5270 2229 5317 est
2259 5262 2397 5335 (Luc
2418 5280 2491 5328 vr,
2519 5263 2632 5334 56).
2668 5261 3093 5318 Misericordiam
3139 5263 3304 5328 enim,
3347 5262 3544 5333 inquit,
3593 5261 3731 5326 volo,

2153 5361 2329 5409 etnon
2352 5353 2674 5425 sacriﬁcium
2699 5352 2866 5426 (Osee
2888 5372 2961 5418 γι,
2995 5356 3056 5420 6;
3084 5354 3270 5408 Matth.
3298 5369 3368 5419 lx,
3396 5351 3504 5423 1⁸5).

2224 5466 2357 5534 Quae
2384 5483 2415 5522 a
2442 5468 2555 5522 Deo
2582 5468 2856 5539 consequi
2878 5468 3156 5529 volumus,
3180 5466 3294 5520 haec
3319 5467 3476 5535 prius
3505 5480 3733 5521 necesse

2153 5565 2239 5612 est
2272 5563 2334 5610 ut
2364 5557 2634 5627 proximis
2668 5556 3079 5628 impendamus.
3108 5554 3199 5610 Sin
3237 5561 3414 5608 autem
3455 5553 3737 5623 proximos

2157 5648 2265 5702 illis
2302 5663 2490 5703 carere
2535 5647 2694 5723 553
2740 5650 3053 5715 siverimus,
3086 5656 3357 5718 quomodo
3394 5644 3510 5699 hate
3552 5660 3581 5698 a
3625 5645 3737 5698 Deo

2157 5736 2418 5807 consequi
2450 5737 2705 5793 volumus
2734 5744 2754 5793 ’ἐ
2785 5738 2956 5804 Beati,
2989 5737 3183 5808 inquit,
3215 5733 3586 5796 misericordes,
3614 5745 3741 5799 quo~
