4066 6146
436 324 551 393 ’ῑῧθ

1635 345 1642 353 ο
1757 320 1927 382 LOCI
1965 290 2401 401 COMMUNES.

3581 327 3689 388 ιηηο

3592 363 3604 388 ι
3628 368 3640 388 ι

3592 363 3640 389 ll

444 426 747 495 ιλλείρετεινξ
776 437 849 490 Οὐ
881 435 989 506 γὰρ
1017 435 1045 487 ὁ
1083 434 1157 504 μὴ
1182 427 1453 503 δυνηθεὶς,
1508 432 1623 485 ἀλλ’
1653 435 1679 487 ὁ
1716 436 1789 506 μὴ
1823 435 2014 506 βουλη-

2121 420 2347 503 prorsus
2389 418 2666 503 praestare.
2694 433 2812 487 Non
2855 434 3002 487 enim
3043 434 3134 488 ille
3175 434 3229 489 in
3270 436 3427 507 culpa
3466 450 3571 506 est,
3596 447 3690 510 qui

450 530 564 591 θεὶς
593 526 867 589 ὑπαίτιος.

513 615 677 672 Γενοῦ
716 615 793 687 τῷ
826 614 1057 687 πλησίον
1116 612 1464 685 τιμιώτερος,
1515 615 1580 668 ὲκ
1636 614 1732 668 τοῦ
1781 616 2017 685 φανῆναι

445 709 827 781 χρηστότερος.
869 705 1037 762 Γενοῦ
1081 705 1160 778 τῷ
1211 705 1500 778 ἀτυχοῦντι
1554 705 1696 773 θεὸς,
1732 707 1823 760 τδν
1866 706 2017 761 ἔλεον

442 799 540 857 τοῦ
569 800 706 855 Θεοῦ
741 800 1104 871 μιμούμενος.

517 892 962 965 Συμμετρεῖσθαι
1018 890 1103 943 δεῖ
1141 887 1219 960 τῷ
1265 889 1575 960 αἰτουμένῳ
1626 889 1726 961 τὴν
1776 890 2015 960 αἴτησιν.

454 988 690 1059 Ὀμοίως
741 984 850 1057 γὰρ
899 983 1098 1037 ἄτοπον
1130 983 1282 1054 παρὰ
1325 982 1524 1054 μικροῦ
1561 983 1776 1053 μεγάλα
1811 982 2016 1051 ζητεῖν,

445 1078 540 1132 καὶ
565 1073 716 1144 παρὰ
740 1072 975 1144 μεγάλου
997 1071 1192 1142 μικρά.
1223 1071 1296 1123 Th
1320 1071 1420 1142 μὲν
1441 1071 1551 1143 γὰρ
1573 1073 1801 1143 ἄκαιρον
1817 1087 1831 1102 ·
1859 1072 1920 1124 τὸ
1939 1071 2016 1138 δὲ,

446 1165 830 1241 σμικρολόγον.

440 1272 447 1279 ’
511 1256 814 1326 Χρύσοστ.
846 1285 918 1296 --
955 1254 1130 1308 ὀταν
1163 1251 1465 1325 διαϐρέψῃς
1494 1253 1587 1307 τὸν
1620 1252 1854 1321 πένητα,
1887 1268 2018 1311 σαυ-

440 1351 535 1405 τὸν
569 1349 756 1421 νόμιζε
783 1349 1118 1417 διατρέφειν.
1157 1346 1394 1417 Τοιαύτη
1423 1347 1531 1418 γὰρ
1560 1348 1599 1416 ﬂ
1628 1345 1720 1399 τοῦ
1754 1345 2018 1417 πράγμα-

443 1458 537 1504 τος
569 1439 754 1508 φύσις,
796 1438 858 1503 ἐξ
886 1439 1047 1517 ήμῷν
1081 1439 1164 1501 είς
1220 1440 1365 1508 ἡμᾶς
1402 1440 1711 1510 μεταχωρεῖ
1761 1437 1831 1490 τὰ
1881 1437 2020 1489 διδό-

492 1550 613 1587 ενα.
917 1548 926 1558 ’

446 1551 613 1691 μεῇαῇ
663 1616 994 1690 φοϐηθῶμεν
1051 1612 1338 1685 δικαστὴν,
1378 1616 1485 1685 πρὸ
1520 1616 1614 1669 τοῦ
1666 1615 2019 1688 δικαστηρίου

330 1683 335 1689 ί
444 1715 543 1782 τὴν
578 1683 736 1783 γεῖρα
790 1683 1168 1781 προτείνοντα.
1233 1683 1705 1779 Μη.φοόηθῶμεν
1756 1683 2018 1778 δικαστὴν

444 1806 548 1858 οὐκ
585 1801 926 1873 ἀρνούμενον
961 1801 1022 1853 τὸ
1054 1798 1260 1853 λαϐεῖν.

515 1894 729 1965 Πολλῆς
749 1893 997 1961 ἀλογίας,
1025 1890 1195 1960 ἀγρὸν
1214 1890 1312 1959 μὲν
1337 1888 1658 1967 βουλόμενον
1681 1889 2019 1961 ὠνήσασθαι,

442 1988 541 2059 τὴν
571 1984 804 2057 εὔφορον
857 1984 971 2053 γῆνι
1011 1981 1323 2050 ἐπιζητεῖνο
1391 1980 1623 2053 οὐρανοῦ
1652 1980 1715 2034 δὲ
1767 1981 1889 2035 ἀντὶ
1918 1982 2022 2050 γῆς

445 2076 835 2148 προκειμένου,
872 2074 1047 2144 παρὸν
1078 2063 1197 2124 ἐκεῖ
1233 2069 1542 2140 κτήσασθαι
1569 2070 1790 2140 χωρίον,
1834 2070 2021 2140 μένειν

442 2169 537 2223 ἐπὶ
559 2168 658 2237 τῆς
698 2167 823 2237 γῆς.
850 2165 945 2218 καὶ
977 2163 1087 2219 τῶν
1121 2164 1187 2215 ὲκ
1215 2160 1425 2233 ταύτης
1463 2162 1756 2231 ἀνέχεσθαι
1785 2162 1981 2216 πόνων.

515 2260 701 2328 Γρητ.
746 2257 1025 2321 Νύσσης.
1051 2284 1123 2294 —-
1172 2253 1232 2307 ’0
1295 2252 1496 2324 πτωχῷ
1532 2252 1891 2322 κοινωνήσας,
1942 2254 2022 2315 εἰς

441 2350 544 2420 τὴν
575 2347 767 2420 μερίδα
795 2346 891 2400 τοῦ
927 2345 995 2399 δι’
1023 2337 1174 2415 ἡμᾶς
1206 2340 1619 2416 πτωχεύσὰκτος
1640 2344 1832 2397 ἑαυτὸν
1854 2360 2022 2397 κατα-

447 2443 658 2510 στήσει.
1250 2454 1255 2461 '

518 2499 761 2582 λζςίλου.
781 2557 848 2569 --
880 2512 1149 2595 Καθάπερ
1183 2524 1314 2577 ἴδιόν
1338 2523 1457 2575 ἐστι
1482 2499 1577 2576 τοῦ
1611 2523 1788 2592 φωτὸς
1815 2521 1877 2576 τδ
1904 2539 2019 2592 φω-
2108 2530 2115 2537 ’

443 2619 638 2685 τίζειν,
671 2618 846 2681 οὕτως
881 2618 1009 2670 ἴδιον
1049 2615 1186 2669 Θεοῦ
1222 2617 1283 2668 τὸ
1314 2614 1483 2668 ἐλεεῖν
1515 2615 1607 2668 καὶ
1629 2615 1920 2685 οἰκτείρειν
1950 2614 2017 2666 τὰ

444 2712 622 2763 οἰκεῖα
649 2709 969 2777 πλάσματα.
1400 2722 1409 2730 ’
1828 2710 1835 2715 “

521 2801 630 2856 Τοῦ
685 2802 861 2870 ἁγίου
910 2790 1235 2869 Εἱρηναιόυ
1283 2798 1353 2851 ἐκ
1402 2797 1515 2866 τῆς
1573 2797 1724 2866 πρὸς
1752 2795 2019 2862 Βίκτωρα

445 2893 794 2962 ἐπιστολῆς.
825 2894 1001 2947 —.—‘Ev
1120 2892 1185 2946 ἄν
1221 2908 1305 2954 τις
1334 2890 1553 2943 δύναιτο
1598 2884 1659 2943 εὖ
1687 2890 1880 2944 -ποιεῖν
1907 2890 2018 2950 τοῖς

445 2984 695 3057 πλησίον,
748 2986 842 3047 καὶ
867 2986 929 3037 οὐ
978 2967 1140 3047 ποιεῖ,
1192 2981 1479 3052 ἀλλότριος
1519 2980 1621 3051 τῆς
1670 2981 1891 3051 ἀγάπης
1920 2979 2015 3033 τοῦ

444 3077 651 3148 Κυρίου
686 3074 1098 3146 νομισθήσεται.
1974 3086 1981 3095 ι

515 3169 800 3234 Φῖλωνος.
827 3198 898 3208 -
934 3166 1188 3228 Τοιοῦτος
1215 3165 1365 3234 γίνου
1401 3165 1530 3236 περὶ
1562 3162 1691 3226 τοὺς
1715 3161 1840 3225 σοὺς
1866 3160 2008 3215 οικέ-

443 3276 564 3327 τας,
596 3254 707 3313 οἷον
731 3257 864 3331 εὔχῃ
895 3258 977 3311 col.
999 3258 1089 3310 τὸν
1115 3256 1251 3311 Θεὸν
1272 3254 1553 3324 γενέσθαι.
1570 3255 1658 3317 Ὠς
1685 3253 1794 3325 γὰρ
1820 3253 2005 3307 ἀκούοι

448 3369 568 3424 μεν,
595 3349 1048 3420 ἅκουσθησόμεθα
1081 3348 1187 3401 ὑπὸ
1219 3344 1315 3402 τοῦ
1347 3345 1516 3401 Θεοῦ·
1556 3347 1649 3399 καὶ
1675 3345 1752 3410 ὡς
1774 3345 2010 3416 ὁρῶμεν,

444 3442 831 3513 ὀραθησὸμεθα
898 3441 988 3494 ὑπ’
1051 3438 1239 3494 αὐτοῦ.
1302 3438 1737 3510 Προενέγκωμεν
1781 3433 1876 3491 οὖν
1917 3436 2010 3491 τοῦ

445 3536 596 3588 ὲλέου
624 3535 713 3587 τὸν
752 3533 897 3586 ἔλεον
925 3531 1031 3604 (ὁ),
1054 3531 1141 3584 ἴνα
1178 3529 1258 3601 τῷ
1299 3530 1470 3601 ὁμοίῳ
1493 3530 1556 3583 τὸ
1590 3529 1776 3600 ὅμοιον
1798 3528 2015 3582 ἀντιλά·

452 3629 652 3696 δωμεν.

516 3719 776 3784 Δημοσθ.
805 3744 872 3755 —
910 3712 1130 3766 Δίκαιόν
1156 3714 1302 3766 ἔστιν
1333 3712 1501 3765 ἐλεεῖν
1518 3749 1534 3774 ,
1562 3710 1623 3763 οὗ
1652 3711 1778 3773 τοὺς
1801 3711 2013 3774 ἀδίκους

446 3807 555 3860 τῶν
592 3805 896 3876 ἀνθρώπων
916 3845 931 3871 ,
981 3804 1119 3859 ἀλλὰ
1154 3804 1289 3866 τοὺς
1322 3802 1474 3873 παρὰ
1507 3800 1664 3871 λόγον
1691 3801 2015 3873 δυστυχοῦν·

444 3913 637 3965 ne,’
1279 3934 1286 3945 ι

519 3989 718 4043 Βίαντ.
742 4017 814 4027 -
830 3986 959 4048 Βίας
983 3984 1202 4054 θανάτῳ
1229 3982 1436 4054 μέλλων
1464 3979 1848 4045 καταδικάζειν
1870 3980 2012 4047 τινὰ,

443 4079 765 4149 ἐδάκρυσεν.
803 4076 1067 4140 Εἰπόντος
1106 4075 1163 4129 δὲ
1188 4092 1352 4140 τινος,
1382 4072 1448 4127 Τί
1480 4071 1690 4137 παθὼν,
1721 4072 1884 4135 αὐτὸς
1915 4089 2015 4126 κα-

446 4170 751 4234 ταδικάζων
785 4169 1029 4233 κλαίεις;
1075 4162 1251 4220 εἶπενο
1280 4166 1402 4220 Ὀτι
1442 4164 1739 4234 ἀναγκαῖόν
1768 4165 1907 4232 ἐστι,
1945 4166 2013 4237 τῇ

452 4262 551 4333 μὲν
588 4263 749 4329 φύσει
784 4262 845 4314 τὸ
877 4257 1160 4331 συμπαθὲς
1193 4257 1505 4325 ἀποδοῦναι,
1534 4257 1612 4328 τῷ
1637 4257 1696 4312 δὲ
1738 4256 1887 4329 νόμῳ
1917 4256 2016 4329 τὴν

444 4356 641 4425 ψῆφον-

2120 541 2232 580 non
2260 525 2463 587 valuit,
2486 525 2578 579 sed
2611 525 2702 595 qui
2737 524 2933 578 noluit.

2188 615 2322 670 Esto
2366 615 2617 685 proximo
2663 615 3004 680 honoratior,
3039 630 3106 669 ex
3154 630 3221 669 eo
3263 616 3409 685 quod
3454 618 3695 673 videaris

2120 706 2430 779 benignior.
2456 706 2588 760 Esto
2616 704 2715 766 illi,
2738 705 2830 774 qui
2859 704 3105 760 adversis
3134 704 3505 773 cunflictatur,
3532 709 3689 771 deus,

2120 797 2215 852 Dei
2247 796 2679 852 misericordiam
2715 796 3024 851 aemulatus.
3554 806 3557 810 '
3642 867 3646 870 γ

2192 889 2273 944 Ad
2301 889 2571 943 rationem
2598 887 2718 956 ejus
2745 901 2775 940 a
2799 902 2908 956 quo
2936 885 3161 956 petitur,
3191 887 3527 944 moderanda
3554 890 3697 959 peti-

2120 979 2200 1033 tio
2235 987 2340 1034 est.
2367 978 2547 1048 IEque
2576 978 2724 1033 enim
2763 977 3065 1032 absurdum
3103 987 3190 1033 est
3223 993 3254 1032 a
3292 994 3463 1048 parvo
3501 994 3695 1049 magna

2120 1087 2389 1142 quaerere,
2410 1081 2575 1142 atque
2601 1087 2632 1124 a
2657 1085 2854 1140 magno
2877 1086 3064 1139 parva.
3087 1071 3225 1144 Illud
3250 1073 3397 1126 enim
3429 1073 3696 1144 intempe-

2121 1161 2323 1219 stivum
2340 1203 2354 1227 ,
2387 1163 2490 1216 hoc
2514 1176 2645 1215 vero
2669 1158 2957 1215 sordidum
2986 1160 3173 1215 fuerit.

2190 1252 2456 1325 Chrysa“.
2484 1284 2557 1293 ——-
2588 1252 2727 1307 Cum
2768 1266 3067 1322 pauperem
3107 1250 3307 1321 pascis,
3344 1253 3581 1324 teipsum
3620 1254 3695 1309 ali

2119 1346 2455 1401 existimato.
2489 1344 2638 1398 Talis
2671 1342 2820 1396 enim
2861 1351 2946 1397 est
2985 1336 3150 1412 hujus
3190 1343 3268 1397 rei
3307 1352 3528 1408 natura,
3566 1355 3627 1399 ut
3663 1360 3697 1399 a

2119 1436 2283 1492 nobis
2321 1436 2377 1490 in
2417 1450 2522 1490 nos
2565 1442 2848 1488 transeant
2882 1448 2947 1489 ac
2982 1433 3325 1505 redundent,
3360 1449 3483 1505 qum
3525 1434 3695 1490 dede-

2121 1529 2313 1583 rimus.
3354 1595 3359 1601 ι

2190 1619 2340 1674 Nihil
2368 1606 2610 1689 judicent
2639 1622 2973 1683 metuamus,
2998 1615 3090 1687 qui
3121 1623 3250 1671 ante
3276 1615 3543 1693 judicium
3572 1631 3699 1687 por-

2122 1708 2250 1779 rigit
2272 1716 2493 1762 manum
2523 1728 2535 1762 :
2558 1708 2696 1762 nihil
2714 1709 2958 1780 judieem
2981 1716 3312 1773 metuamus,
3332 1708 3427 1778 qui
3449 1708 3699 1789 accipere

2053 1779 2093 1835 Β
2122 1814 2233 1854 11011
2263 1806 2504 1853 recusat.

2192 1889 2358 1946 Valde
2410 1905 2441 1944 a
2490 1890 2701 1945 ratione
2748 1891 2989 1945 alienum
3033 1898 3151 1957 est,
3193 1905 3320 1946 eum
3365 1890 3460 1961 qui
3507 1906 3699 1962 agrum

2110 1974 2308 2035 emere
2346 1981 2499 2048 velit,
2537 1997 2727 2051 agrum
2776 1982 3014 2036 feracem
3058 1974 3343 2052 requirere
3392 2000 3406 2035 :
3449 1984 3700 2054 caaloque

2123 2070 2242 2124 vice
2278 2079 2438 2125 terra:
2468 2072 2778 2142 proposito,
2802 2088 2925 2126 cum
2962 2073 3017 2126 in
3051 2087 3118 2127 eo
3151 2089 3342 2143 agrum
3379 2089 3702 2144 comparare

2122 2161 2304 2227 liceat,
2333 2162 2388 2217 in
2421 2172 2571 2219 terra
2596 2179 2821 2219 manere
2847 2178 2911 2219 ac
2938 2163 3056 2234 ejus
3086 2156 3305 2219 fabores
3330 2162 3626 2221 sustinere.

2194 2253 2349 2326 Greg.
2373 2253 2528 2327 Nysa.
2550 2284 2620 2296 --
2641 2255 2745 2322 Qui
2771 2272 2944 2325 egeno
2967 2258 3356 2321 communicat,
3380 2257 3438 2311 in
3462 2259 3582 2328 ejus
3605 2257 3701 2330 qui

2122 2353 2355 2416 propter;
2400 2359 2504 2399 nos
2525 2360 2734 2415 egenus
2764 2346 2938 2401 factus
2993 2355 3077 2401 est
3102 2345 3164 2416 (ll
3189 2345 3317 2401 Cor.
3342 2363 3452 2413 vm,
3475 2346 3554 2419 9),
3577 2363 3700 2403 sese

2122 2441 2335 2503 partem
2363 2435 2616 2489 collocat.
2652 2438 2659 2445 “
3207 2479 3210 2483 η

2191 2523 2322 2578 Nili.
2343 2556 2414 2566 --
2435 2526 2507 2582 Ut
2532 2527 2670 2584 lucis
2693 2527 2981 2597 proprium
3011 2538 3095 2583 est
3125 2526 3468 2599 illuminare;
3495 2529 3575 2583 sic
3600 2529 3698 2584 Dei

2121 2615 2410 2703 prOprium
2442 2625 2528 2672 est
2553 2632 2779 2697 suorum
2811 2632 3043 2700 operum
3073 2618 3351 2674 misereri.

2189 2791 2248 2848 S.
2278 2790 2472 2847 Irenwi
2501 2808 2565 2846 ex
2596 2795 2746 2864 epist.
2782 2795 2854 2849 ad
2884 2795 3159 2850 Victorem.
3188 2826 3258 2836 —
3288 2794 3542 2862 Quandiu
3574 2799 3699 2869 quis

2120 2885 2175 2939 in
2205 2885 2465 2940 facultate
2495 2886 2662 2940 habet
2688 2893 2747 2941 ut
2768 2887 3034 2957 proximis
3063 2887 3397 2953 henefaciat,
3420 2901 3522 2941 nec
3547 2887 3696 2953 facit,

2119 2977 2391 3061 a‘lienus’a
2421 2976 2639 3032 Domini
2664 2978 2959 3033 dilectione
2984 2978 3371 3034 mstimabitur.

2190 3152 2448 3209 Philonis.
2478 3183 2548 3194 —~
2567 3155 2753 3211 Talem
2788 3165 2839 3212 te
2866 3140 3085 3213 famulis
3114 3158 3221 3213 tuis
3246 3160 3449 3229 praebe,
3478 3163 3695 3232 qualem

2121 3245 2238 3323 tibi-
2262 3247 2433 3301 Deum
2472 3254 2648 3317 optas.
2674 3247 2747 3303 Ut
2784 3249 2932 3303 enim
2973 3249 3253 3315 audimus,
3281 3266 3311 3305 a
3352 3252 3464 3306 Deo
3502 3252 3696 3308 audie-

2118 3352 2274 3404 mur;
2307 3345 2363 3392 et
2392 3342 2454 3391 ut
2482 3338 2754 3404 videmus,
2779 3339 3007 3393 videndi
3041 3340 3111 3394 ab
3143 3336 3211 3395 eo
3243 3355 3453 3396 sumus.
3481 3325 3696 3398 Miseri-

2120 3430 2369 3484 cordiam
2412 3431 2578 3500 igitur
2624 3429 3022 3486 misericordia:
3063 3447 3455 3503 praerogemus,
3491 3444 3553 3490 ut
3593 3451 3695 3506 pro

2119 3520 2285 3575 simili
2314 3519 2475 3591 555
2503 3518 2682 3576 Simile
2708 3521 3060 3593 recipiamus.

2188 3714 2459 3771 Demosth.
2488 3745 2557 3755 -—
2578 3706 2817 3787 [Equum
2852 3726 2937 3774 est
2952 3728 3012 3773 ut
3037 3720 3419 3790 misereantur,
3445 3712 3556 3780 non
3588 3725 3695 3781 ini-

2119 3822 2351 3877 quorum
2384 3807 2671 3862 hominum
2696 3824 2760 3863 ac
2792 3809 3192 3879 improborum,
3225 3815 3321 3869 sed
3368 3830 3559 3873 eorum
3601 3823 3696 3889 qui

2119 3899 2274 3953 nullo
2300 3912 2406 3952 suo
2435 3907 2589 3952 reatu
2608 3914 2673 3954 ac
2695 3897 3035 3979 immeriti‘in
3064 3903 3223 3960 malis
3250 3920 3559 3964 versantur.

2197 3986 2423 4042 Biantis.
2447 4017 2518 4027 —
2537 3987 2663 4042 Bias
2685 3990 2904 4058 capitali
2933 3993 3225 4072 quemdam
3249 3998 3521 4053 sententia
3539 3999 3698 4072 dam-

2121 4082 2370 4142 naturus,
2425 4079 2479 4134 in
2542 4079 2732 4135 ﬂetum
2782 4084 2984 4154 erupit.
3039 4085 3282 4155 Rogatus
3338 4097 3554 4158 autem,
3601 4093 3698 4163 qui

2122 4172 2181 4233 id
2204 4171 2516 4241 accidisset,
2540 4183 2603 4230 ut
2634 4173 2728 4245 qui
2764 4175 2933 4248 judex
2977 4177 3215 4246 sederet,
3276 4164 3648 4256 ipse'lugeret
3683 4202 3698 4243 ι

2123 4268 2280 4335 Quia,
2309 4267 2506 4337 inquit,
2522 4275 2732 4323 natura:
2757 4269 2999 4339 quidem,
3023 4282 3086 4327 ut
3124 4275 3549 4338 miserationem.
3595 4280 3702 4353 legi

2121 4379 2278 4426 vero,
2299 4361 2626 4418 sententiam
2656 4372 2717 4418 ut
2737 4364 3066 4431 tribuamus,
3101 4383 3322 4424 necesse
3351 4386 3454 4426 εει.

518 4446 1023 4502 Φωκίων.--Οῦτε
1079 4447 1140 4513 ἐξ
1191 4445 1338 4518 ίεροῦ
1383 4444 1602 4516 βωμὺνί,
1652 4444 1776 4499 οὔτε
1818 4445 1884 4499 ἐκ
1920 4445 2018 4517 τῆς

2194 4454 2488 4510 Phocionis.
2518 4484 2589 4494 -—-
2609 4455 2723 4511 Nec
2749 4473 2817 4512 ex
2849 4451 3053 4528 templo
3082 4476 3194 4530 ara,
3233 4478 3334 4518 nec
3352 4480 3431 4541 _ex
3462 4463 3704 4523 humano

446 4537 793 4611 ἀνθρωπίνης
817 4538 1032 4608 φύσεως
1061 4539 1385 4610 ἀραιρετέον
1408 4538 1499 4590 τὸν
1536 4536 1704 4591 ἔλεον.

516 4631 829 4698 Δημοκρίτ.
864 4629 1159 4698 Ἰσοκράτ.
1187 4626 1285 4684 καί
1325 4627 1705 4695 Ἐπικτήτου.
1735 4656 1788 4675 φ-
1837 4627 2022 4693 Ξένοις

2022 4594 2033 4601 ,η
2119 4562 2320 4620 genere
2346 4547 2583 4602 tollenda
2604 4549 2984 4604 misericordia
3010 4560 3113 4606 est.

2193 4636 2492 4716 Democriti,
2509 4637 2759 4694 Isocratis
2780 4646 2832 4693 et
2860 4638 3106 4711 Epicteti.
3142 4644 3211 4682 -‘-—
3233 4643 3548 4716 Pcregrinis
3601 4649 3702 4703 tri-

452 4719 757 4789 μεταδίδου,
802 4718 900 4773 καὶ
923 4723 1036 4783 τοῖς
1064 4719 1341 4790 δεομένοις
1366 4719 1450 4771 Δἐκ
1483 4718 1590 4770 τῶν
1618 4718 1807 4772 ὄντων·
1849 4720 1878 4772 6
1912 4720 2019 4791 γὰρ

2121 4729 2225 4785 hue
2247 4738 2313 4786 ac
2336 4714 2524 4801 egenis
2544 4745 2610 4784 ex
2635 4740 2727 4786 tua
2745 4730 3000 4787 facultate
3031 4747 3045 4785 :
3085 4732 3178 4803 qui
3196 4734 3342 4788 enim
3366 4714 3560 4809 egenti
3591 4755 3703 4801 non

451 4809 529 4881 μὴ
556 4809 735 4874 διδοὺς
761 4809 1021 4883 δεομένῳ,
1055 4810 1175 4865 οὐδὲ
1200 4810 1361 4875 αὐτὸς
1380 4809 1610 4880 λήψεται
1638 4810 1911 4881 δεόμενος.

520 4922 763 4994 Πειρατῇ
802 4939 911 4976 τινι
942 4923 1237 4992 ἐμπεσόντι
1266 4923 1346 4986 είς
1372 4923 1469 4994 τὴν
1494 4922 1619 4993 γῆν,
1650 4926 1743 4978 καὶ
1778 4924 2023 4995 διαφθει-

451 5011 668 5081 ρομένῳ
709 5010 998 5081 χειμῶνος,
1048 5010 1390 5082 περιδόλαιόν
1440 5029 1521 5076 τις
1578 5014 1741 5084 ἄρας,
1769 5013 2018 5079 δέδωκεν,
2068 5014 2081 5031 ‘

451 5103 545 5156 καὶ
572 5104 650 5166 είς
684 5103 785 5175 τὴν
826 5102 1003 5156 οἰκίαν
1035 5102 1365 5173 εἰσαγαγὼν,
1403 5103 1472 5157 τὰ
1514 5104 1639 5173 ἑξῆς
1671 5105 1850 5158 πάντα
1879 5123 2019 5176 παρ-

2120 4819 2397 4885 tribuerit,
2424 4834 2496 4875 ne
2522 4819 2638 4890 ipse
2665 4819 2885 4890 quidem
2912 4821 3164 4894 accipiet,
3197 4840 3321 4878 cum
3349 4826 3584 4897 eguerit.

2200 4932 2337 4988 Cum
2369 4932 2563 5008 pirata:
2588 4933 2804 4989 cuidam
2839 4934 2896 4991 in
2929 4944 3132 4992 terram
3156 4938 3352 5009 ejecto,
3398 4954 3462 4996 ac
3492 4949 3705 5013 tempe-

2133 5032 2273 5080 state
2294 5023 2640 5094 naufragium
2682 5041 2867 5094 passo,
2920 5025 3194 5098 quispiam
3241 5039 3452 5084 vestem
3507 5042 3707 5089 contu-

2132 5112 2308 5177 lisset,
2326 5120 2489 5182 atque
2506 5114 2561 5166 in
2583 5112 2808 5168 domum
2832 5115 3153 5183 induxisset,
3175 5119 3434 5189 omnique
3449 5119 3707 5193 deinceps

451 5192 628 5263 έσχεν.
680 5194 1023 5257 Ὀνειδισθείς
1069 5194 1129 5248 es
1162 5195 1266 5248 ὑπό
1301 5213 1470 5260 τινος,
1498 5196 1579 5249 ὃτι
1599 5199 1723 5260 τοὺς
1755 5200 2019 5269 πονηροὺς

2134 5201 2475 5257 humanitate
2500 5214 2829 5272 prosecutus
2859 5216 3005 5262 esset
3029 5224 3044 5271 ;
3078 5209 3445 5279 exprobrante
3466 5192 3702 5281 quodam

1964 5342 2205 5425 norm.

527 5488 600 5557 (ὁ)
636 5488 1091 5557 Προενέγκωμεν
1118 5483 1246 5542 ’τοῦ
1314 5488 1491 5543 ἐλέου
1537 5487 1643 5541 τὸν
1698 5487 1897 5557 ἔλεον.
1929 5478 2022 5545 Sic

454 5558 711 5629 emendo,
756 5558 902 5629 quod
956 5566 1076 5611 erat
1110 5559 1587 5627 προσενέγκωμεν,
1633 5557 1778 5612 facili
1825 5559 2019 5614 scriba:

455 5627 638 5698 lapsu.
660 5626 749 5682 Sic
770 5626 928 5698 plana
958 5626 1293 5682 constructio
1322 5644 1386 5683 ac
1411 5626 1642 5692 sensus;
1677 5643 1871 5698 nempe
1899 5644 2018 5683 esse

459 5697 921 5760 misericordiam,
987 5712 1149 5767 quam
1207 5713 1577 5769 praerogamus
1654 5697 2019 5768 clcemosynis

2129 5509 2456 5563 pauperum,
2484 5499 2643 5566 quasi
2675 5513 2861 5555 semen
2890 5502 3030 5570 ejus,
3057 5518 3220 5570 quam
3251 5519 3280 5558 a
3311 5505 3422 5559 Deo
3449 5519 3548 5559 nos
3573 5519 3709 5560 con-

2124 5574 2419 5643 secuturos
2451 5582 2758 5643 speramus,
2785 5585 2869 5643 _ac
2915 5572 3273 5643 velutfenori
3324 5575 3507 5627 datam
3538 5590 3707 5643 pecu-

2126 5632 2497 5704 niam,'quani
2542 5632 2753 5693 fructu
2783 5639 3172 5697 innumerabili
3196 5643 3254 5697 in
3292 5644 3432 5699 coelo
3473 5632 3706 5716 recipia-

2126 5718 2267 5757 mus.
