4066 6146
351 315 449 382 ἿῘῙ
1498 303 1557 361 S.
1602 297 1887 359 MAXIMI
1925 296 1973 355 0

2101 295 2434 354 PESSORIS

3505 279 3614 344 772

354 429 502 500 quod
529 430 583 484 in
602 427 894 482 sceleratos
923 419 1184 476 beneficia
1227 416 1530 472 conferret:
1562 414 1678 468 Non
1709 409 1940 474 homini,
1971 460 1973 466 ,

2101 409 2343 476 ιεργετεῖ·
2382 407 2457 460 Οὑ
2500 405 2590 458 τὸν
2637 402 2942 474 ἄνθρωπον,
2971 400 3098 469 ἔφη,
3130 395 3264 452 ἀλλά
3311 393 3372 446 τὸ
3404 394 3619 467 ἀνθρω-

358 523 557 592 inquit,
583 518 678 574 sed
703 519 954 570 humana:
977 513 1076 582 ipsi
1098 509 1402 564 conditioni
1463 508 1731 577 honorem
1788 502 1934 554 hunc

2103 519 2192 554 νον
2215 501 2504 571 τετίμηκα.

379 630 552 665 ιιωυι.

360 613 552 667 habuL

433 699 744 757 Chariclen».
770 695 915 748 -—ln
933 701 1082 748 terra
1109 688 1421 759 peregrina,
1443 683 1590 754 quod
1613 681 1803 735 venale
1831 685 1936 741 est,

2110 681 2730 752 Χαρικλείας.·-Ξὲνῃ
2779 682 2836 732 ὲν
2891 680 2986 748 γῇ,
3031 676 3095 730 τὸ
3147 673 3246 745 μὲν
3274 671 3453 733 ὢνιον,
3488 665 3625 720 σπά-

363 789 1048 860 uescientibuspretiosum
1101 795 1402 850 carumque
1435 786 1519 832 est
1565 772 1758 844 :quod
1806 783 1938 823 vero

2101 790 2152 827 ον
2184 777 2294 836 τοῖς
2335 775 2644 842 ἀγνοοῦσιν·
2685 774 2746 826 τὺ
2791 773 2846 826 δὲ
2883 768 3225 839 αἰτούμενον,
3258 761 3628 834 abnuisse-sm:

365 895 604 957 rogatur,
640 883 697 939 id
734 881 893 936 facile
929 884 1188 948 priestant
1217 873 1311 942 qui
1345 878 1475 926 sunt
1528 861 1934 921 misericordes.

955 1047 1190 1104 SERMO
1227 1045 1364 1100 V’lll.

765 1139 840 1192 De
884 1135 1224 1204 beneﬁcentia
1265 1143 1314 1187 et
1342 1132 1538 1203 gratia.

436 1235 566 1290 Luc.
589 1249 661 1294 τι,
701 1233 864 1285 ⁸51.-
890 1229 1046 1284 Sicut
1067 1226 1233 1281 vultis
1264 1233 1324 1279 ut
1357 1224 1561 1278 faciant
1587 1223 1744 1278 vobis
1779 1223 1962 1277 homi-

367 1342 488 1391 nes,
511 1334 570 1383 et
587 1339 687 1378 vos
711 1322 870 1376 facite
906 1320 1016 1374 illis
1052 1318 1330 1373 similiter.

439 1418 468 1474 1
488 1417 649 1472 Joan.
672 1432 750 1478 ιιι,
782 1413 834 1468 6.
858 1443 928 1455 -——
945 1410 1046 1477 Qui
1072 1409 1203 1463 facit
1231 1408 1458 1471 bonum,
1481 1422 1550 1460 ex
1570 1407 1683 1460 Deo
1711 1413 1830 1461 est:
1863 1404 1957 1474 qui

369 1515 557 1566 autem
598 1505 803 1560 malum
831 1501 979 1564 facit,
1008 1501 1181 1554 Deum
1207 1513 1318 1552 non
1349 1499 1510 1553 vidit.

442 1590 610 1646 Eccli.
643 1604 798 1652 xvm,
846 1590 930 1653 16,
965 1589 1052 1644 17.
1089 1616 1158 1629 —-
1193 1587 1385 1642 Melius
1435 1588 1659 1641 verbum
1719 1585 1943 1652 bonum,

369 1698 530 1752 quam
556 1684 738 1737 datum
765 1698 780 1741 :
813 1695 991 1735 sermo
1031 1682 1202 1734 bonus
1229 1695 1391 1745 supra
1421 1679 1646 1732 donum.

441 1776 608 1831 Eccli.
645 1791 776 1838 xvn,
820 1775 906 1828 18.
933 1803 988 1813 —
1021 1773 1264 1827 Gratiani
1314 1772 1552 1827 hominis
1592 1781 1649 1826 ut
1691 1772 1947 1842 pupillam

374 1871 516 1927 oculi
550 1877 895 1924 conservato.

418 2000 420 2003 -
446 1961 616 2017 Eccli.
651 1973 728 2022 ιιι,
756 1958 854 2011 54.
881 1985 946 1996 —-
972 1953 1076 2021 Qui
1113 1952 1340 2024 gratiam
1363 1939 1641 2015 refertfin
1676 1958 1959 2019 posterum

2037 869 2152 930 τοῖς
2184 868 2416 922 ἐλεοῦσι.

2396 1107 2406 1116 ,
2643 1042 2858 1097 ΛΟΓΟΣ
2896 1037 3050 1094 ιισιι.

2374 1135 2514 1204 Περὶ
2543 1134 2890 1203 εὐεργεσίας
2917 1130 3015 1186 καὶ
3049 1128 3335 1200 χάριτος-

2129 1233 2312 1284 Δουκ.
2346 1228 2426 1294 ς’.
2452 1257 2526 1269 -
2546 1225 2746 1288 Καθὼς
2769 1224 2981 1278 ἐθέλετε
3016 1223 3102 1276 ἵνα
3130 1218 3360 1274 ποιῶσιν
3390 1215 3518 1287 ὑμῖν
3540 1214 3634 1267 ἅν-

2057 1319 2285 1393 θρωποι,
2313 1322 2409 1372 καὶ
2440 1319 2596 1390 ὑμεῖς
2627 1319 2832 1369 ποιεῖτε
2869 1315 3054 1376 αὐτοῖς
3088 1311 3308 1388 ὁμοίως.

2126 1416 2188 1466 A'
2249 1411 2466 1468 Ἰωάνν.
2524 1418 2596 1481 τ’.
2626 1440 2697 1451 --
2733 1409 2794 1461 'U
2817 1405 3184 1477 ἀγαθοποιῶν,
3237 1407 3302 1457 ὲκ
3357 1402 3454 1458 τοῦ
3496 1401 3634 1455 Θεοῦ

2056 1507 2220 1559 ἐστιν·
2252 1508 2279 1559 ὁ
2308 1504 2365 1559 δὲ
2399 1503 2744 1567 κακοποιῶν,
2777 1503 2875 1572 οὐχ
2915 1500 3127 1571 ἑώρακε
3156 1498 3247 1550 τὸν
3275 1496 3429 1550 θεόν.

2134 1594 2326 1662 Σιρὰχ
2380 1599 2478 1660 ιη’.
2503 1622 2573 1633 -
2595 1592 2865 1662 Κρεῖσσον
2890 1591 2917 1642 ό
2950 1588 3106 1657 λόγος
3142 1585 3366 1654 ἀγαθὸς,
3401 1585 3436 1656 ἢ
3465 1582 3635 1646 δόσις·

2096 1685 2260 1754 γαθὸς
2298 1685 2454 1753 λόγος
2499 1683 2641 1754 ὑπὲρ
2665 1683 2825 1753 δόμα.
3734 1672 3740 1677 ’

2135 1775 2317 1844 Σιρὰχ
2351 1774 2509 1836 ιζ”.-
2527 1776 2700 1846 Χάριν
2726 1773 3036 1846 ἀνθρώπου,
3061 1772 3144 1835 ὡς
3177 1770 3344 1840 κόρην
3363 1764 3642 1838 ὀφθαλμοῦ

2069 1872 2233 1941 συντή
2245 1887 2428 1940 ρησον.

2139 1963 2320 2030 Σιρὰχ
2360 1960 2471 2030 λίγ’.
2505 1991 2574 2006 --
2615 1961 2672 2014 Ὁ
2708 1957 3094 2020 ἀνταποδιδοὺς
3124 1957 3376 2028 χάριτας.
3439 1953 3648 2024 μέμνη-

375 2071 597 2128 quoque
627 2054 684 2108 in
723 2049 990 2106 memoria
1013 2047 1287 2112 habetur;
1313 2053 1369 2099 et
1399 2044 1455 2097 in
1501 2052 1750 2113 tempore
1800 2054 1962 2094 casus

2103 2074 2159 2110 αι
2189 2057 2285 2108 καὶ
2317 2058 2397 2117 εἰς
2427 2055 2497 2107 τὰ
2531 2054 2668 2123 μετὰ
2713 2052 2884 2106 ταῦτα
2917 2054 3008 2121 (ε)·
3046 2052 3141 2105 καὶ
3181 2053 3240 2102 ὲν
3279 2047 3457 2120 καιρῷ
3502 2044 3649 2098 πτώο

376 2148 466 2206 sui
484 2145 728 2201 inveniet
755 2143 1184 2196 firmamentum.

446 2235 656 2290 Basilii.
683 2227 1246 2298 —-Quemadmodum
1271 2225 1437 2290 oculi,
1468 2223 1615 2294 quod
1653 2222 1808 2277 valde
1861 2219 1963 2274 ad-

375 2325 520 2401 jacet
543 2326 718 2395 iisque
749 2323 1069 2392 impositum
1097 2327 1197 2382 est,
1227 2334 1338 2370 non
1368 2316 1577 2380 vident,
1636 2315 1733 2369 sed
1771 2328 1963 2366 neces-

2072 2163 2208 2210 σεως
2233 2145 2400 2198 αὑτοῦ
2429 2147 2650 2216 εὑρήσει
2677 2146 2975 2214 στήριγμα.

2141 2239 2488 2292 Βασιλειόυ.
2519 2268 2590 2278 —
2619 2238 2829 2306 ’Ὠσπερ
2857 2219 2965 2305 γὰρ
3012 2235 3058 2288 οἱ
3092 2231 3382 2302 ὀφθαλμοὶ,
3415 2230 3476 2283 τὸ
3511 2227 3652 2298 ἄγαν

2074 2329 2472 2398 προσκείμενον
2514 2328 2613 2398 οὑχ
2652 2327 2872 2396 ὁρῶσιν,
2901 2325 3038 2379 ἀλλὰ
3087 2324 3298 2376 δέονται
3331 2320 3652 2392 συμμέτρου

377 2419 522 2474 saria
553 2415 836 2471 moderata
873 2411 1120 2482 quagdam
1157 2407 1418 2462 distantia
1459 2415 1546 2461 est
1581 2424 1595 2458 ι
1631 2407 1712 2460 sic
1747 2417 1967 2474 quoque

2101 2419 2218 2482 ἰνὸς
2263 2419 2645 2480 ἀποστάσεως·
2682 2416 2825 2469 οὕτω
2877 2417 2970 2469 καὶ
3023 2417 3081 2468 αἱ
3148 2414 3436 2484 ἀχάριστοι
3486 2412 3656 2481 ψυχαὶ

379 2507 641 2564 videntur
681 2503 880 2574 ingrati
927 2499 1097 2555 animi
1155 2496 1447 2569 praeterita:
1503 2497 1692 2567 gratiae
1743 2505 1968 2549 sensum

2101 2511 2320 2564 ηοίκασιν
2350 2514 2408 2565 ὲν
2430 2513 2496 2582 τῇ
2524 2498 2960 2580 ἀπαλλοτριώσει
2987 2508 3094 2563 τῶν
3126 2505 3351 2575 ἀγαθῶν
3377 2505 3478 2575 τῆς
3509 2521 3653 2574 παρ-

379 2599 664 2673 percipere
689 2597 745 2650 in
772 2596 1042 2649 bonorum
1071 2589 1493 2645 abalienatione.

454 2684 1093 2760 Theologi.—Quandiu
1140 2681 1398 2738 secundis.
1455 2680 1636 2734 ventis
1693 2678 1914 2748 navigas
1949 2714 1968 2743 ,

2076 2601 2334 2672 ελθούσης
2365 2603 2585 2674 χάριτος
2619 2601 3067 2656 ἑπαισθάνεσθαι.

2151 2694 2469 2763 Θεολόγου.
2509 2723 2581 2733 -
2628 2693 2773 2756 Ἕως
2829 2691 2981 2756 πλεῖς
3035 2690 3096 2755 ἐξ
3130 2691 3337 2762 οὐρίας,
3394 2688 3470 2758 τῷ
3518 2697 3652 2742 van»-

382 2791 608 2833 manum
641 2774 825 2846 prmbe
849 2772 1122 2842 naufrago
1160 2789 1174 2825 :
1209 2771 1339 2825 dum
1372 2784 1507 2824 vero
1557 2769 1699 2823 bene
1753 2768 1853 2840 tibi
1885 2775 1971 2823 est

2101 2782 2304 2851 ιγοῦντι
2335 2783 2422 2848 δὸς
2455 2780 2632 2855 χεῖρα·
2665 2785 2770 2846 ἓως
2793 2783 2850 2836 δὲ
2880 2782 3122 2846 εὐεκτεῖς
3156 2783 3249 2836 καὶ
3273 2779 3540 2844 πλουτεῖς,
3575 2779 3654 2849 τῷ

385 2867 672 2935 aﬂluisque
721 2863 951 2926 divitiis,
1007 2861 1273 2917 auxiliare
1312 2861 1412 2924 illi,
1453 2861 1548 2930 qui
1588 2861 1644 2914 in
1682 2860 1842 2914 malis
1865 2868 1971 2916 est.

460 2957 622 3030 556
652 2955 825 3010 llomo
879 2953 1016 3007 nihil
1038 2964 1145 3006 tam
1190 2952 1285 3007 Dei
1312 2952 1627 3021 divinaeque
1653 2951 1856 3006 indolis
1877 2951 1976 3006 ha-

2079 2875 2486 2930 κακοπαθοῦντι
2525 2875 2811 2947 βοήθησον.

2137 2968 2316 3030 Οὐδὲν
2343 2967 2516 3032 οὕτως
2536 2968 2613 3032 ὡς
2641 2969 2716 3040 τὸ
2747 2965 2808 3021 εὖ
2837 2967 3011 3022 ποιεῖν
3033 2967 3325 3037 ἄνθρωπος
3357 2965 3470 3036 ἔχει
3499 2963 3663 3018 Θεοῦτ

389 3047 505 3114 bet,
538 3063 702 3118 quam
726 3054 787 3099 ut
811 3044 952 3098 bene
987 3042 1190 3103 faciat;
1227 3058 1541 3112 quanquam
1577 3043 1716 3096 alter
1752 3043 1973 3112 majori-

2101 3057 2186 3112 ιᾶν
2226 3062 2255 3113 ό
2304 3060 2402 3130 μὲν
2440 3059 2634 3130 μείζω,
2679 3060 2708 3110 ὁ
2738 3060 2796 3112 δὲ
2829 3060 3036 3114 ἐλάττω
3064 3060 3352 3130 εὐεργετῇ,
3379 3059 3661 3128 ἑκάτερος,

389 3139 515 3204 bus,
551 3139 690 3194 alter
719 3135 1024 3190 minoribus
1053 3134 1110 3188 in
1142 3135 1306 3190 rebus
1327 3135 1446 3205 ejus
1476 3135 1753 3204 specimen
1813 3135 1973 3189 exhi-

2101 3147 2260 3223 δῖμαι,
2289 3151 2429 3206 κατὰ
2453 3151 2552 3222 τὴν
2575 3151 2770 3204 ἑαυτοῦ
2809 3152 3058 3222 δύναμιν.

391 3228 540 3295 beat,
567 3239 802 3300 uterque
832 3231 1095 3286 nimirum
1125 3247 1226 3302 pro
1253 3247 1352 3287 sua
1374 3232 1652 3306 facultate.

477 3323 667 3396 Chrys.
701 3354 768 3364 —
801 3323 1201 3380 Benefaciendo
1234 3325 1407 3380 Deum
1447 3334 1500 3380 te
1531 3325 1735 3380 imitari
1790 3325 1979 3380 existi-

395 3424 559 3471 mato.
1595 3421 1598 3423 ’

464 3507 663 3562 Multos
695 3508 968 3575 videmus,
1004 3518 1129 3578 post
1151 3519 1377 3578 accepta
1409 3507 1700 3576 beneficia,
1742 3508 1823 3564 sic
1843 3524 1979 3562 con-

401 3610 644 3653 temnere
670 3600 1048 3669 utmancipia,
1085 3615 1116 3653 a
1139 3599 1343 3670 quibus
1377 3600 1494 3656 haec
1522 3601 1577 3654 in
1630 3616 1727 3655 eos
1778 3601 1980 3655 collata

397 3704 650 3755 munera,
681 3702 736 3745 et
760 3690 998 3746 frontem
1029 3691 1298 3747 adversus
1329 3707 1427 3747 eos
1449 3709 1734 3763 caperare.

470 3889 617 3945 Bene
638 3888 746 3944 illis
774 3877 1056 3955 faciamus,
1081 3892 1175 3960 qui
1203 3907 1272 3946 ne
1298 3893 1548 3947 sentiunt
1563 3894 1808 3963 quidem,
1842 3895 1976 3965 quid

2156 3334 2460 3400 Χρυσοστ.
2492 3360 2557 3370 --
2591 3331 2933 3402 Εὐεργετῶν,
2963 3332 3155 3403 νόμιζε
3185 3334 3475 3409 μιμεῖσθαι
3513 3334 3664 3390 Θεόν.

2171 3512 2420 3583 Ὀρῶμεν
2454 3512 2684 3576 πολλοὺς
2710 3513 3172 3586 τῶνάνθρώπων,
3206 3515 3347 3586 μετά
3387 3517 3488 3581 τὰς
3513 3517 3669 3588 εὐερ-

2091 3605 2301 3672 γεσίας,
2356 3606 2608 3676 καθάπερ
2657 3606 3009 3677 ἀνδραπόδων
3061 3607 3233 3671 οὕτως
3283 3610 3669 3680 ὑπερορῶντας

2092 3697 2204 3751 τῶν
2248 3698 2750 3768 εὐεργετησόιντων,
2793 3701 2888 3753 καὶ
2925 3701 3035 3764 ..τὰς
3055 3755 3066 3764 ._
3087 3699 3260 3771 ὀφρῦς
3301 3700 3670 3754 ἀνασπώντων

2095 3791 2214 3844 κατ’
2247 3790 2449 3843 αὐτῶν.
2742 3798 2752 3806 ·

2166 3883 2562 3953 Εὐεργετῶμεν
2598 3886 2723 3945 τοὺς
2769 3883 2907 3952 μηδὲ
2944 3883 3371 3954 αἰσθανομένους
3408 3885 3492 3937 ὅτι
3525 3884 3673 3954 εὐερ-

408 3981 624 4058 anobis
647 3982 921 4052 accipiant
967 3983 1215 4038 muneris
1264 4001 1277 4037 :
1324 3991 1387 4038 ut
1442 3999 1548 4039 nec
1591 3986 1832 4051 laudem,
1880 4001 1973 4041 nec

2101 3972 2402 4042 γετοῦνται,
2437 3973 2526 4026 ἵνα
2559 3973 2633 4042 μὴ
2667 3972 3021 4036 ἀντιδιδόντες
3050 3975 3180 4044 ἡμῖν
3225 3973 3318 4027 τὸν
3367 3974 3608 4036 ἔπαινον,
3638 3975 3672 4045 ἢ

403 4072 625 4144 quidvis
649 4073 799 4128 aliud
824 4083 1176 4145 reponentes,
1221 4077 1534 4132 mercedem
1593 4077 1802 4147 aliquid
1834 4078 1973 4132 dcte.

2101 4067 2124 4119 ὅ
2168 4082 2222 4118 τι
2254 4065 2476 4135 δήποτε,
2519 4061 2902 4118 ὲλαττώσωσιν
2939 4066 3075 4134 ἡμῖν
3126 4065 3220 4119 τὸν
3255 4066 3467 4136 μισθόν.
3505 4067 3676 4121 Ὅταν

405 4173 547 4218 rant.
586 4163 722 4219 Cum
753 4163 903 4217 enim
930 4165 1068 4219 nihil
1111 4181 1179 4220 ex
1230 4167 1550 4222 hominibus
1591 4168 1988 4237 acceperimus,

404 4255 612 4326 majora
647 4269 676 4308 a
710 4255 824 4309 Deo
855 4271 1280 4325 consequemur.

478 4341 694 4397 Sufficit
721 4343 868 4397 haud
906 4359 1030 4398 raro
1052 4344 1169 4414 ipsa
1190 4347 1461 4411 voluntas,
1489 4355 1551 4400 ut
1570 4361 1824 4417 magnum
1857 4364 1996 4418 prae-

403 4439 580 4487 stetur
608 4433 837 4487 bonum.

2099 4159 2212 4230 γὰρ
2241 4159 2409 4228 μηδὲν
2449 4157 2602 4229 παρά
2647 4155 2950 4227 ἀνθρώπων
2983 4157 3264 4228 λάϐωμεν,
3299 4159 3421 4212 τότε
3453 4157 3678 4240 μείζονα.

2076 4324 2081 4329 1
2101 4269 2176 4306 πα
2185 4251 2252 4322 ρά
2284 4249 2420 4302 Θεοῦ
2446 4248 2752 4318 ληψόμεθα.

2187 4344 2374 4415 ’Λρκεῖ
2423 4340 2692 4410 πολλαχοῦ
2738 4342 2832 4394 καὶ
2887 4342 3210 4413 προαιρεσις
3262 4344 3405 4413 μέγα
3455 4343 3678 4412 ποιῆσαι

2102 4436 2324 4506 ἀγαθόν.
3101 4474 3104 4478 .

478 4525 601 4580 Non
623 4525 767 4581 bene
793 4523 1048 4595 facit‘qui
1077 4525 1218 4580 bene
1255 4515 1409 4590 facit,
1456 4527 1552 4582 scd
1581 4529 1698 4599 ipse
1749 4546 1973 4590 munere

2162 4532 2277 4585 Οὐκ
2316 4526 2376 4584 εὖ
2412 4531 2558 4587 ποιεῖ
2598 4531 2627 4583 ό
2674 4521 2732 4581 εὖ
2779 4527 2970 4594 ποιῶν,
3004 4527 3120 4580 ἀλλ’
3159 4523 3217 4580 εὖ
3265 4528 3461 4598 πάσχει
3493 4529 3676 4590 αὐτὸς,

413 4615 651 4669 donatur
685 4616 970 4687 magisque
1004 4616 1338 4672 beneficium
1368 4613 1594 4689 accipit,
1624 4636 1735 4675 non
1767 4623 1999 4682 tribuit:

412 4707 591 4777 majus
628 4708 776 4762 enim
805 4708 882 4762 illi
915 4718 1229 4778 acceptum,
1269 4725 1432 4778 quam
1468 4709 1655 4764 datum
1711 4717 1995 4771 accrescit.

413 4797 525 4854 Deo
549 4798 751 4868 quippe
793 4799 1099 4862 feneratur,
1117 4816 1229 4854 non
1253 4800 1611 4856 hominibus:
1648 4819 1783 4874 opes
1813 4817 1996 4877 auget,

415 4905 525 4945 non
566 4893 766 4946 minuit
791 4910 803 4945 :
831 4892 1031 4946 minuit
1053 4909 1208 4959 vero,
1235 4893 1342 4946 nisi
1370 4893 1603 4956 minuat,
1625 4896 1730 4951 nisi
1760 4897 1997 4953 dederit.

2112 4623 2207 4678 καὶ
2250 4623 2623 4692 εὐεργετεῖ-σαι
2676 4617 2897 4688 μᾶλλον,
2950 4619 3051 4670 οὐκ
3091 4618 3392 4686 εὐεργετεῖ.
3443 4617 3682 4680 Μείζονα

2106 4715 2217 4786 γὰρ
2249 4713 2518 4784 λαμῦάνει
2549 4711 2581 4782 ἢ
2616 4710 2826 4766 δίδωσι.
2857 4709 2976 4778 Θεῷ
3013 4710 3122 4780 γάρ
3161 4709 3414 4772 δανείζει,
3457 4709 3557 4760 οὐκ
3590 4709 3684 4760 ἀντ

2106 4803 2368 4876 θρώποιςο
2409 4800 2564 4867 αὔξει
2594 4801 2686 4854 τὸν
2716 4799 2967 4865 πλουτον,
3005 4801 3065 4851 οὐ
3115 4802 3274 4869 μειοῖο
3309 4801 3457 4869 μειοῖ
3476 4798 3555 4865 δὲ,
3591 4799 3683 4850 ἐὰν

2110 4897 2184 4969 μὴ
2217 4894 2519 4965 ἐλαττώσῃ,
2551 4894 2645 4946 ἐὰν
2692 4894 2766 4964 μὴ
2803 4892 2895 4962 δῷ,

1731 5033 1964 5089 VARUS
1998 5033 2402 5091 LECTIONES.

497 5119 541 5149 τ’*
577 5119 636 5172 ln
674 5119 840 5175 Gesn.
875 5119 1093 5174 Stobaco
1127 5123 1213 5174 77.

1981 5215 2210 5272 NOTAE.

497 5300 903 5374 (ελΜέμνηται
927 5303 1024 5374 καὶ
1051 5307 1138 5368 εἷς
1162 5309 1234 5359 τὰ
1266 5308 1417 5374 μετὰ
1437 5308 1647 5364 ταῦτα.
1683 5309 1852 5364 Recte
1881 5323 2001 5364 mo-

428 5383 521 5454 net
547 5372 734 5454 Nobil.
763 5372 900 5453 illud
927 5373 1204 5454 μέμνηται
1231 5372 1397 5432 videri
1427 5380 1657 5449 positum
1694 5381 1863 5454 quasi
1884 5396 2009 5454 pas-

426 5446 550 5519 sive,
582 5446 1139 5519 quasi_in__rnemoria
1186 5455 1306 5519 est;
1369 5446 1436 5501 ρι’
1479 5446 1762 5510 sententia,
1808 5446 2008 5519 inquit,

425 5515 619 5596 optima
658 5514 800 5596 ﬂuit.
827 5513 920 5594 S_ic
944 5524 1095 5596 certe
1135 5517 1660 5596 ac_c_i_pit_Maximus,
1704 5520 1795 5574 cui
1829 5513 2009 5596 palam

425 5583 592 5662 Gesn.
618 5583 728 5637 vim
757 5583 908 5648 facit,
945 5585 1076 5662 dum
1098 5583 1304 5662 reddit,
1332 5589 1518 5662 futura
1551 5583 1757 5662 quaque
1786 5583 2009 5662 cogitat,

428 5663 475 5735 et
510 5656 865 5735 inupasre'rum
884 5658 1152 5735 prospicit.
1187 5656 1604 5735 inquibusdam
1658 5656 1821 5735 codd.
1850 5656 2014 5730 poni—

432 5732 541 5791 tur,
572 5723 680 5776 Καὶ
709 5723 911 5793 Κύριος
971 5723 1360 5792 ἀνταποδιδοὺς
1402 5733 1652 5800 χάριτας,
1713 5723 2008 5802 μέμνῆται.

2111 5309 2181 5364 Et
2228 5306 2484 5360 Dominus
2543 5303 2762 5356 reddens
2813 5303 3035 5373 gratias,
3075 5294 3348 5366 meminit;
3405 5299 3688 5373 nimirum,

2108 5379 2491 5446 eleelnosynze.
2527 5373 2595 5446 ΙιιΔ
2624 5373 2791 5446 Vulg.
2814 5369 3008 5446 nostra
3063 5380 3148 5424 est
3192 5386 3336 5446 nova
3369 5379 3512 5425 sent.
3550 5369 3688 5446 Deus

2110 5442 2416 5520 prospectbr
2440 5451 2515 5498 est
2546 5443 2682 5514 ejus,
2705 5442 2997 5520 quireddit
3059 5443 3294 5520 gratiam
3325 5457 3344 5495 :
3372 5451 3432 5520 Et
3461 5442 3690 5495 meminit

2111 5460 2416 5520 prospector
2440 5460 2515 5498 est
2546 5460 2682 5514 ejus,
2705 5460 2794 5568 «gn
2825 5460 2997 5496 reaau
3059 5460 3294 5511 granum
3325 5460 3344 5495 :
3384 5460 3432 5494 ει
3461 5460 3690 5495 menum:

2111 5520 2226 5591 ejus
2255 5521 2316 5591 in
2341 5526 2658 5591 posterum.
2767 5514 2851 5591 ale
2880 5512 3062 5591 etiam
3105 5511 3311 5591 omissa
3367 5509 3548 5591 Gesn._
3591 5526 3692 5591 vos

2113 5580 2303 5651 σῖῠτοῦ,
2339 5580 2454 5651 ipsa
2479 5587 2537 5640 in
2581 5585 2717 5639 Sixt.
2779 5583 3112 5645 desiderata,
3165 5580 3262 5635 sed
3319 5596 3483 5651 quam
3534 5580 3690 5635 habet

2112 5660 2252 5714 Max.
2281 5651 2592 5730 habuitque
2617 5655 2774 5727 Vulg.
2812 5654 2942 5708 dum
2981 5651 3182 5718 reddit,
3233 5651 3296 5706 In
3348 5661 3583 5723 tempore
3609 5668 3691 5704 ca-

2111 5747 2199 5784 SIIS
2223 5747 2327 5784 ειη.
3561 5752 3564 5754 ·
