4066 6146
389 293 494 357 ἸἸ3

1700 288 1869 351 LOCI
1908 289 2347 350 COMMUNES.

3547 291 3656 354 ττι

458 402 763 472 Χρυσοστ.
797 433 865 442 ——
905 401 964 454 Ὀ
995 401 1092 479 μὲν
1117 399 1330 471 πρῶτον
1375 399 1700 469 εὐεργετῶν,
1733 386 1969 476 φανερὰν

2148 398 2515 471 Clirysost.—
2548 399 2650 468 Qui
2716 401 2867 471 prior
2923 399 3252 456 beneﬁcium
3312 400 3549 469 confert,
3611 401 3657 452 is

386 494 752 553 ἐπιδείκνυται
793 491 1298 564 τὴν,χρηστότητα·
1337 492 1365 542 ὁ
1408 492 1464 544 δὲ
1495 493 1899 564 εὐεργετηθεὶς,
1935 495 1965 548 ὃ

386 607 439 643 τι
478 583 783 657 ἂν·άποδῴ,
826 585 1098 655 ὀφείλημα
1153 572 1497 648 ἀποδίδωσιν,
1528 585 1589 638 οὐ
1637 587 1798 657 χάριν
1832 588 1967 640 ἀπο-

385 680 620 736 τίθεται.

457 771 809 841 Κλήμεντος
846 769 1094 840 Ῥώμης.
1121 759 1188 812 -ἶ-
1215 771 1289 825 Οὐ
1317 770 1524 825 δίκαιόν
1549 770 1669 855 ἐστι
1694 770 1788 823 τοῦ
1812 770 1967 830 δεδω,
2000 835 2004 840 ,

385 859 544 922 κότος
581 858 1138 930 ἐγκαταλειφθέντος..
1155 858 1225 913 τὰ
1247 859 1472 915 δοθέντα
1495 859 1833 933 παραμένειν
1854 862 1968 923 τοῖς

386 950 721 1022 ἀγνώμοσιν.

463 1041 574 1097 Τοῦ
614 1043 891 1108 Νύσσης.
933 1069 1003 1083 -
1041 1039 1102 1093 '0
1132 1028 1367 1111 θελήσας
1418 1040 1479 1094 τὸ
1528 1039 1738 1109 ἀγαθὸν
1780 1039 1963 1111 μόνον,

387 1132 646 1196 κωλυθεὶς
697 1133 754 1186 δὲ
783 1132 921 1204 πρὸς
960 1131 1023 1185 τὸ
1061 1130 1227 1186 καλὸν
1263 1130 1351 1202 τῷ,
1386 1132 1461 1202 μὴ
1511 1116 1792 1194 δύνασθαι,
1844 1129 1965 1184 κατ’

385 1223 535 1279 οὐδὲν
578 1220 894 1293 έλαττοῢται
929 1221 1030 1292 τῆς
1063 1222 1247 1292 ψυχῆς
1285 1214 1542 1287 διαθέσει,
1584 1204 1680 1274 rei}
1730 1220 1819 1275 διὰ
1854 1221 1965 1274 τῶν

385 1317 561 1388 ἔργων
585 1315 684 1387 τὴν
712 1300 939 1386 γνώμην
964 1304 1258 1382 δείξαντος.

454 1498 674 1553 Φίλων.
703 1528 773 1539 -
803 1468 969 1552 Οὐδὲν
997 1495 1144 1550 οὕτω
1192 1494 1470 1566 εὐάγωγον
1519 1498 1598 1561 είς
1626 1495 1856 1563 εὔνοιαν,
1891 1495 1967 1562 ὡς

384 1592 420 1663 ὴ
453 1576 564 1645 τῶν
594 1589 1058 1661 εὐεργετημάτων
1103 1589 1372 1658 εὐφημία.

454 1683 625 1737 Πλέον
661 1683 871 1751 ἀγάπα,
919 1679 1161 1751 βασιλεῦ,
1201 1682 1326 1745 τούς
1354 1679 1654 1751 λαμϐάνειν
1686 1679 1835 1751 παρὰ
1868 1678 1961 1734 σοῦ

2075 498 2268 559 aperte
2294 489 2696 561 benignitatem
2756 491 2985 562 prodit:
3016 491 3289 547 beneficio
3338 502 3524 547 autem
3580 490 3663 543 af-

2072 577 2254 634 fectus
2294 580 2566 651 quidquid
2631 580 2968 647 reddiderit,
3011 581 3260 637 debitum
3309 582 3511 648 reddit,
3549 598 3658 636 non

2073 670 2304 740 gratiam
2327 672 2568 742 reponit.

2146 761 2429 818 Clementis
2464 764 2710 819 Romani.
2735 764 2982 820 ——Iiaud
3015 780 3234 835 aequum
3279 775 3385 828 est,
3451 779 3519 818 eo
3564 765 3658 833 qui

2075 852 2233 908 dedit
2261 855 2554 923 derelicto,
2588 872 2711 928 qua:
2737 857 2863 911 data
2889 863 3039 922 sunt,
3089 855 3238 926 apud
3276 855 3522 926 ingratos
3568 869 3659 908 re-

2074 960 2321 1025 manere.
2620 1018 2629 1027 .

2143 1022 2368 1109 Nyssen.
2395 1069 2464 1079 --
2485 1039 2588 1106 Qui
2620 1022 2819 1094 solum
2866 1040 3052 1095 animo
3086 1039 3295 1095 bonum
3338 1039 3659 1104 destinavit,

2074 1143 2160 1194 ac,
2190 1144 2299 1198 qua
2325 1129 2544 1185 laborat
2586 1131 2990 1197 imbecillitate,
3047 1132 3350 1201 quominus
3400 1128 3659 1186 honesta-

2074 1226 2187 1273 tem
2223 1216 2371 1272 illam
2424 1221 2734 1274 eniteretur
2767 1220 3086 1290 prohibitus
3122 1229 3228 1287 est,
3274 1220 3323 1275 is
3375 1220 3516 1274 nihil
3552 1220 3657 1274 Ini-

2073 1308 2231 1363 noris
2258 1318 2343 1364 est
2371 1323 2433 1363 ea
2482 1310 2651 1363 animi
2682 1309 3183 1375 afl'ectiouemuam
3215 1309 3309 1381 qui
3332 1311 3500 1364 rebus
3525 1309 3659 1379 ipsis

2073 1402 2416 1456 voluntatem
2446 1402 2709 1457 ostendit.
3068 1466 3077 1471 ,
3156 1473 3162 1476 _
3196 1462 3203 1467 .

2145 1492 2404 1548 Philonis.
2435 1524 2506 1533 —
2537 1493 2685 1549 Nihil
2711 1509 2867 1565 aeque
2904 1493 3348 1550 benevolentiam
3373 1496 3657 1564 conciliat,

2076 1598 2141 1640 ac
2176 1572 2577 1641 beneficiOrum
2611 1597 2764 1656 grata
2789 1588 3266 1643 commemoratio.

2147 1675 2394 1730 Plustibi
2416 1676 2688 1747 diligendi
2712 1678 3193 1748 sunt,imperator,
3210 1679 3305 1749 qui
3333 1679 3432 1735 abs
3463 1687 3513 1735 te
3531 1696 3661 1751 sup-

383 1773 616 1847 χάριτας
672 1772 1037 1839 ἱκετεύοντας,
1083 1773 1229 1844 ἢπερ
1264 1773 1391 1836 τοὺς
1428 1772 1825 1837 σπουδάζοντας
1856 1772 1961 1825 δω-

2072 1764 2245 1838 plices
2275 1767 2480 1838 gratias
2512 1775 2727 1837 petunt,
2758 1778 2922 1837 quam
2960 1769 3058 1840 qui
3095 1787 3326 1826 munera
3360 1773 3460 1826 tibi
3494 1773 3662 1827 offer-

386 1867 514 1938 ρεάς
544 1882 629 1920 σοι
666 1866 1020 1936 προσφέρειν.
1053 1863 1182 1926 Τοῖς
1213 1865 1313 1933 μὲν
1346 1850 1471 1933 vita
1484 1864 1766 1934 ὀφειλέτης
1801 1864 1963 1933 ἀμοι-

385 1958 486 2029 ϐῆς
512 1946 873 2013 καθίσταται(
920 1957 970 2011 oi
1020 1954 1077 2017 δέ
1110 1972 1205 2007 σου
1246 1954 1336 2025 τὸν
1362 1954 1647 2025 ὀφειλέτην
1678 1957 1963 2025 ποιήσουσι

383 2050 475 2106 τὸν
503 2048 876 2120 οἰκειούμενον
908 2048 976 2101 τά
1010 2049 1089 2110 είς
1130 2046 1331 2109 αὐτοὺς
1362 2047 1647 2116 γινόμενα,
1674 2046 1768 2098 καλ⁶
1800 2046 1962 2114 ἀμει-

385 2144 615 2216 ϐόμενον
655 2141 893 2211 ἀγαθαῖς
924 2139 1265 2195 ἀντιδόσεσιν
1301 2137 1393 2191 τὸν
1430 2135 1818 2208 φιλάνθρωπόν
1869 2151 1961 2188 σου

388 2234 610 2288 σκοπόν.
1419 2290 1427 2298 ,

460 2322 572 2376 Τοῦ
611 2319 821 2387 αὐτοῦ,
852 2318 970 2374 ἄλλ.
1022 2321 1248 2373 Πλουτ.
1281 2347 1350 2358 --
1390 2316 1456 2370 Ἡ
1480 2315 1643 2388 ,χάρις
1699 2314 1891 2386 ὥσπερ
1927 2316 1960 2385 ἡ

388 2413 612 2485 σελήνη,
646 2405 773 2467 ὅταν
800 2412 980 2466 τελεία
1013 2399 1261 2482 γένηται,
1282 2408 1403 2462 τότε
1443 2407 1587 2478 καλὴ
1622 2407 1892 2475 φαίνεται.

457 2508 767 2577 Δημοκρίτ.
794 2536 869 2547 —
896 2502 1233 2577 Θεῷθμοιον
1274 2504 1405 2576 ἔχει
1424 2504 1452 2557 ὁ
1493 2502 1801 2575 ἄνθρωπος,
1832 2503 1961 2556 ὅταν

383 2599 444 2653 τδ
476 2595 535 2673 εὖ
566 2600 743 2652 ποιεῖν
780 2597 861 2670 μὴ
887 2596 1293 2667 καπηλεύηται·
1323 2592 1504 2649 καὶτὸ
1524 2594 1839 2665 εὐεργετεῖν
1868 2592 1962 2673 καὶ

381 2692 444 2745 τὸ
469 2672 784 2762 ἀληθεύειν.

455 2784 525 2838 ".0
560 2783 728 2848 αὐτὸς
750 2783 876 2847 ίδών
902 2800 1028 2857 τινα
1050 2785 1368 2857 ,προχείρως
1390 2784 1543 2838 πᾶσι
1573 2781 1959 2853 χαριζόμενον,

383 2876 479 2931 καὶ
536 2864 918 2944 ἀνεξετάστως
954 2871 1450 2948 ’ὑπηρετοὺμενον,
1505 2876 1731 2939 Κακῶς,
1783 2869 1958 2938 εἶπεν,

383 2968 628 3034 ἀπόλοιο,
666 2970 751 3023 ὅτι
784 2969 884 3033 τὰς
928 2967 1176 3041 Χάριτας
1206 2968 1514 3041 παρθένους
1538 2966 1728 3033 οὔσας,
1756 2966 1960 3036 πόρνας

382 3058 671 3129 ἐποίησας,
960 3094 965 3101 ~

937 3136 1010 3206 Τδ
1052 3151 1150 3222 μὲν
1191 3152 1273 3210 είς
1319 3151 1616 3221 ἀχάριστον
1657 3146 1958 3215 ἀναλῶσαι,
1989 3100 2035 3176 c

384 3242 698 3316 επιζήμιοψ
729 3242 793 3296 τὸ
825 3242 882 3296 δὲ
911 3244 991 3308 είς
1016 3242 1340 3315 εὐχάριστον
1374 3241 1449 3314 μὴ
1494 3240 1795 3307 ἀναλῶσαι,
1833 3238 1963 3311 βλα-

374 3336 566 3390 ϐερόν.
772 3348 775 3351 ’

452 3334 754 3492 ἕξεων-ος.
779 3452 851 3469 -ι-
874 3426 949 3503 .οι
981 3425 1168 3481 πολλοὶ
1186 3424 1300 3479 θεῶν
1332 3424 1661 3496 ἀνθρώπων,
1700 3422 1835 3495 πρὸς
1861 3422 1963 3493 μὲν

383 3507 493 3583 τὰς’
510 3518 785 3589 τιμωρίας
804 3519 1173 3590 ἑτοιμοτέρως
1197 3516 1404 3588 ἔχουσι·
1431 3515 1652 3587 πρδςδὶ
1673 3515 1773 3580 τὰς
1801 3515 1963 3586 εὐερ-

384 3606 578 3676 γεσίας
615 3607 712 3662 καὶ
740 3607 948 3676 φιλίας,
992 3608 1221 3671 ὐπτίως.

469 3698 817 3769 Ἀλέξανδρ.
846 3730 915 3741 —
950 3698 1278 3771 Ξενοκράτει
1315 3699 1396 3772 τῷ
1441 3698 1961 3777 φιλοσόφῳ-πεντή-

386 3806 553 3845 κοντα
572 3790 812 3844 τάλαντα
844 3789 1086 3860 πέμψας,
1128 3789 1203 3853 ὡς
1227 3790 1329 3843 οὐκ
1364 3790 1604 3854 ἐδέξατο,
1639 3789 1715 3861 μὴ
1751 3787 1961 3843 δεῖσθαι

268 3951 277 3954 η
386 3884 587 3955 φήσας,
622 3882 920 3955 ἑρὼτησεν,
955 3884 1006 3936 εί
1056 3882 1191 3954 μηδὲ
1233 3881 1387 3951 φίλον
1418 3881 1533 3953 ἔχει
1578 3882 1958 3953 Ξενοκράτης·

398 3972 554 4041 Ἐμοὶ
585 3970 725 4043 γάρ,
761 3972 888 4042 ἔφη,
936 3970 1091 4042 μόλις
1120 3972 1150 4024 ὁ
1194 3972 1422 4042 Δαρείου
1451 3970 1680 4035 πλοῦτος
1724 3972 1804 4034 είς
1836 3971 1963 4035 τοὺς

385 4062 573 4132 φίλους
605 4064 858 4136 ἤρκεσεν.
1340 4054 1349 4063 ’

457 4157 616 4221 Τινὸς
646 4156 704 4211 δὲ
745 4156 852 4210 τῶν
896 4156 1061 4212 αὐτοῦ
1111 4156 1282 4226 φίλων
1325 4156 1651 4226 αἰτήσαντος
1680 4155 1842 4211 αὐτὸν
1880 4156 1962 4218 εὶς

384 4251 593 4320 προῖκα
618 4249 727 4318 τῆς
765 4247 1056 4321 θυγατρὸς,
1076 4248 1341 4303 ἐκέλευσε
1361 4249 1698 4319 πεντήκοντα
1724 4248 1961 4304 τάλαντα

384 4339 590 4393 λαϐεῖν·
643 4338 809 4395 αὐτοῦ
852 4336 909 4395 δὲ
954 4342 1249 4412 φήσαντος,
1270 4370 1275 4375 -
1296 4340 1455 4396 ἱκανὰ
1502 4339 1642 4395 εἶναι
1672 4340 1829 4405 δέκα,
1867 4341 1961 4395 Σοὶ

2072 1875 2134 1914 re
2158 1860 2406 1915 student.
2440 1859 2538 1913 His
2567 1859 2715 1913 enim
2742 1860 3040 1915 reddenda:
3072 1862 3212 1915 vicis
3237 1876 3365 1917 reus
3387 1862 3655 1929 elllceris;

2072 1950 2304 2005 illivero
2321 1950 2901 2023 eum‘tibidebitorem
2937 1952 3308 2024 obstringeut,
3346 1953 3515 2024 quiin
3540 1955 3657 2010 suis

2071 2054 2493 2111 numerat,quaa
2529 2040 2585 2093 in
2627 2041 2752 2096 illos
2789 2043 3117 2107 contuleris,
3172 2044 3381 2114 quique
3431 2044 3659 2114 optimis

2072 2133 2618 2189 remunerationibus
2645 2132 3031 2191 misericordia
3087 2129 3478 2204 procliviorem
3536 2139 3660 2192 ani-

2070 2239 2222 2279 mum
2249 2234 2403 2280 tuum
2430 2225 2740 2289 donaturus
2761 2226 2855 2287 sit.

2140 2316 2420 2386 Ejusdem,
2455 2319 2526 2373 al.
2564 2316 2872 2373 Plutarchi.
2920 2349 2991 2358 —
3037 2317 3249 2384 Gratia,
3300 2318 3450 2375 haud
3497 2335 3659 2376 secus

2070 2422 2137 2463 ac
2166 2409 2319 2474 luna,
2348 2424 2475 2464 cum
2501 2411 2750 2481 perfecta
2774 2412 2977 2479 fuerit,
3010 2421 3144 2468 tunc
3176 2413 3410 2483 pulchra
3438 2413 3609 2468 lucet.

2139 2488 2427 2557 Democrit.
2452 2533 2522 2542 -—
2553 2503 2668 2559 Deo
2691 2504 2877 2559 simile
2898 2504 3079 2577 habet
3105 2505 3272 2560 homo
3324 2505 3656 2561 benefacere

2068 2591 2092 2665 (
2116 2592 2164 2649 si
2198 2595 2365 2649 modo
2387 2595 2494 2650 hoc
2516 2595 2695 2665 ipsum
2728 2611 2842 2652 non
2888 2596 3305 2668 eauponetur),-
3333 2596 3653 2655 beneﬁcen-

2069 2684 2315 2755 tiamque
2345 2701 2411 2742 ac
2448 2689 2741 2743 veritatem
2774 2689 2985 2745 colere.

2138 2773 2289 2829 Idem
2320 2789 2444 2829 cum
2470 2775 2959 2843 anirnadvertisset
2979 2776 3287 2849 quemdam.
3309 2778 3656 2848 quibuslibet

2068 2865 2314 2935 proclive
2334 2866 2526 2937 largiri
2541 2883 2605 2922 ac
2635 2868 3025 2939 suppeditare,
3058 2863 3321 2939 nullaque
3341 2870 3540 2941 judicii
3566 2886 3654 2925 ra-

2069 2956 2219 3013 tione
2240 2958 2526 3030 obsequiis
2553 2960 2793 3017 ell‘usum
2826 2977 2841 3016 :
2874 2961 3033 3027 Male,
3069 2961 3272 3032 inquit,
3302 2978 3522 3033 pereas,
3553 2964 3650 3035 qui

2067 3048 2304 3118 Gratias,
2330 3067 2454 3121 quae
2476 3052 2720 3123 virgines
2750 3053 2882 3119 sint,
2915 3053 3243 3108 meretrices
3268 3053 3542 3110 effeceris.

2135 3138 2295 3214 557
2327 3143 2661 3202 Hospitiouis.
2705 3176 2775 3187 —
2816 3146 2877 3200 ln
2908 3139 3501 3217 ingratum'quidpiam
3518 3160 3653 3203 con-

2063 3233 2235 3302 ferre,
2284 3235 2651 3303 damnosum;
2705 3253 2819 3293 non
2861 3246 3049 3293 autem
3090 3238 3346 3307 conferre
3404 3239 3461 3293 in
3492 3253 3621 3294 eum

2063 3332 2158 3397 qui
2178 3312 2377 3396 gratus.
2403 3328 2497 3393 sit,
2522 3314 2783 3384 noxium.
3354 3332 3361 3333 “
3432 3394 3437 3395 ν

2133 3415 2370 3473 Catonis.
2430 3448 2502 3459 —
2546 3419 2705 3475 Multi
2771 3420 3060 3478 hominum
3123 3423 3191 3478 ad
3222 3482 3229 3485 ,
3265 3423 3646 3480 ulciscendum

2063 3508 2503 3579 promptissimi,
2566 3508 2637 3564 ad
2701 3510 3013 3580 praestanda
3075 3521 3262 3568 autem
3317 3529 3561 3568 munera.
3589 3520 3650 3571 et

2062 3597 2338 3654 amicitias
2364 3598 2741 3654 conciliandas
2779 3600 3082 3657 tardissimi
3110 3612 3270 3658 sunt.

2130 3690 2458 3749 Alexander,
2482 3720 2552 3731 —
2586 3689 2725 3765 Cum
2756 3691 3054 3749 Xenocrati
3110 3696 3442 3767 philosopho
3478 3698 3648 3772 quin-

2062 3783 2323 3855 quaginta
2356 3784 2559 3839 talenta
2584 3782 2846 3849 misisset,
2895 3786 3053 3857 isque
3091 3790 3459 3859 repudiasset,
3494 3791 3644 3862 quod

2062 3876 2169 3932 sibi
2194 3891 2336 3948 opus
2375 3890 2498 3931 esse
2526 3884 2789 3947 negaret;
2814 3865 3186 3949 percontatus
3209 3892 3313 3947 est,
3365 3901 3498 3940 num
3545 3901 3647 3941 nec

2061 3967 2302 4023 amicum
2351 3967 2694 4026 Xenocrates
2734 3970 3012 4027 haberet:
3051 3973 3181 4028 Mihi
3212 3976 3385 4042 enim,
3441 3977 3644 4047 inquit,

2061 4059 2153 4113 vix
2190 4059 2336 4115 Darii
2373 4076 2506 4132 gaza
2540 4062 2598 4117 in
2633 4062 2844 4119 amicos
2878 4062 3182 4121 sufﬁceret.

2126 4144 2267 4205 Cum
2304 4150 2529 4220 quidam
2558 4152 2886 4209 .amicorum
2930 4154 2986 4209 in
3045 4155 3170 4211 illia:
3203 4157 3386 4213 dotem
3432 4160 3644 4230 aliquid

2061 4241 2133 4309 ab
2169 4257 2237 4298 eo
2262 4243 2532 4314 petiisset,
2565 4245 2967 4318 quinquaginta
3001 4250 3204 4305 talenta
3232 4252 3401 4321 jussit
3447 4269 3645 4309 nume—

2061 4337 2206 4403 rari;
2244 4337 2340 4393 illo
2389 4344 2575 4411 autem
2623 4339 2846 4397 dicente
2891 4341 3085 4398 decem
3126 4346 3261 4401 satis
3295 4360 3415 4403 esse
3446 4366 3458 4401 :
3495 4348 3640 4414 Tibi,

388 4433 506 4502 μὲν,
539 4433 667 4505 ἔφη,
705 4432 912 4501 λαϐεῖν,
944 4434 1067 4503 ἐμοὶ
1096 4433 1153 4488 δὲ
1188 4433 1290 4505 οὐχ
1324 4434 1486 4490 ἱκανά
1510 4431 1649 4489 εἷναι
1678 4433 1810 4487 δέκα
1836 4434 1956 4488 δοῦ-

2066 4429 2265 4500 inquit,
2291 4431 2426 4489 satis
2449 4430 2642 4487 decem
2666 4433 2952 4506 accipere;
2989 4436 3125 4491 mihi
3146 4448 3331 4494 autem
3361 4457 3472 4496 non
3508 4444 3644 4497 satis

385 4541 495 4580 ναι.

467 4618 526 4671 '0
556 4618 720 4682 αὐτὸς
754 4579 1054 4689 πληρώσας
1091 4615 1222 4671 ποτὲ
1258 4616 1462 4670 ὀστέων
1484 4614 1711 4680 πίνακα,
1741 4611 1958 4684 ἔπεμψε
2034 4626 2037 4627 ⁷

385 4711 626 4779 Διογένει
664 4710 744 4781 τῷ
770 4709 996 4781 κυνικῷ
1044 4709 1337 4781 φιλοσόφῳο
1374 4711 1405 4764 ὁ
1449 4708 1507 4762 δὲ
1537 4708 1744 4783 λαϐὼν,
1784 4703 1956 4771 εἶπεν,

384 4800 620 4856 Κυνικὸν
647 4801 748 4873 μὲν
779 4801 841 4886 τὸ
872 4800 1087 4873 βρῶμα,
1121 4802 1183 4855 οὐ
1212 4800 1490 4871 βασιλικὸν
1521 4800 1579 4854 δὲ
1609 4800 1668 4854 τὺ
1694 4799 1887 4869 δῶρον.

463 4977 524 5033 '0
575 4978 738 5043 αὐτὸς
783 4975 960 5041 εἶπεν,
1011 4979 1113 5049 τῆς
1152 4980 1321 5051 αὐτῆς
1372 4981 1648 5051 ἁμαρτίας
1705 4978 1865 5046 εἶναι,
1898 4980 1959 5033 τὸ

380 5071 583 5127 διδόναι
608 5066 691 5137 οἷς
734 5073 813 5143 μὴ
842 5072 943 5136 δεῖ,
973 5073 1067 5127 καὶ
1091 5072 1151 5126 τὸ
1186 5072 1261 5143 μὴ
1291 5073 1490 5128 διδόναι
1517 5070 1598 5137 οἷς
1625 5073 1726 5126 δεῖ.

449 5164 712 5233 Διογένης
758 5162 1057 5235 ἐρωτηθεὶς
1110 5162 1216 5217 ὑπό
1259 5179 1436 5226 τινος,
1475 5165 1564 5217 διὰ
1594 5164 1732 5217 ,τίνα
1774 5165 1957 5217 αἰτίαν

379 5252 426 5302 οἱ
459 5249 762 5322 ἄνθρωποι,
801 5253 913 5314 τοῖς
962 5251 1062 5321 μὲν
1092 5253 1471 5323 προσαιτοῦσι,
1491 5251 1716 5306 διδόασι·
1752 5255 1864 5316 τοῖς
1895 5253 1952 5306 δὲ

381 5340 787 5412 φιλοσοφοῦσιν.
830 5328 1104 5412 οὐδαμῶς,
1137 5338 1313 5405 εἶπεν.
1334 5347 1458 5398 Ὀτι
1504 5345 1670 5417 χωλοὶ
1727 5345 1826 5417 μὲν
1861 5345 1957 5399 καὶ

379 5431 572 5503 τυφλοὶ
601 5432 735 5497 ἴσως
760 5431 1043 5498 ἐλπίζουσι
1073 5434 1350 5504 γενέσθαι,
1386 5435 1669 5506 φιλόσοφοι
1697 5436 1754 5491 δὲ
1797 5436 1881 5492 οὔ.

998 5549 1337 5604 Φιλιστίων.

559 5638 636 5708 τῇ
662 5637 1233 5712 δανείζειτρςρεῖττόν
1261 5642 1434 5697 ἐστιν
1457 5643 1497 5709 ἦ
1521 5642 1792 5712 βροτοῖς,
1819 5646 1830 5711 ε

447 5710 608 5775 "Ling
659 5710 880 5775 τόκους
910 5708 1115 5764 δίδωσι
1145 5710 1230 5781 μὴ
1266 5708 1645 5782 λυπουμένλη.

2060 4522 2248 4577 decem
2284 4522 2437 4578 dare.

2128 4612 2543 4669 ldem'discum
2598 4616 2820 4672 ossibus
2875 4618 3100 4687 plenum
3160 4620 3388 4692 Diogeni
3435 4623 3644 4696 Cynico

2059 4705 2391 4776 philosopho
2441 4706 2630 4762 misit:
2678 4723 2789 4778 quo
2824 4719 3075 4781 accepto,
3114 4711 3231 4767 ait:
3265 4714 3363 4770 Est
3415 4716 3641 4786 quidem

2061 4797 2222 4851 cibus
2283 4797 2512 4869 cynicus
2563 4799 2690 4871 (qui
2751 4800 2964 4857 scilicet
3017 4818 3209 4859 canem
3265 4806 3502 4878 deceat),
3543 4811 3640 4864 sed

2059 4887 2264 4944 donum
2290 4890 2517 4947 minime
2556 4893 2788 4963 regium.

2128 4979 2278 5034 Idem
2329 4981 2578 5038 dicebat:
2629 4983 2687 5038 lu
2718 4984 2912 5039 eodem
2938 4986 3256 5055 ponendum
3305 4990 3459 5058 vitio,
3508 4993 3639 5047 dare

2061 5071 2321 5143 indignis,
2357 5068 2415 5128 et
2448 5073 2632 5145 dignis
2664 5090 2775 5131 non
2809 5077 2963 5133 dare.
3062 5130 3071 5135 .

2128 5164 2457 5235 Diogenesa
2514 5167 2752 5235 quodam
2805 5179 3027 5243 rogatus
3058 5172 3190 5244 quid
3248 5188 3425 5229 causa:
3472 5186 3638 5239 esset,

2058 5268 2159 5308 cur
2218 5248 2474 5311 homines
2519 5259 2791 5314 mendicis
2842 5259 3056 5327 darent,
3117 5263 3464 5341 philosophis
3509 5282 3640 5322 \cro

2056 5347 2196 5403 nihil
2224 5349 2596 5420 largirentur:
2631 5350 2791 5419 Quia,
2817 5353 3018 5423 inquit,
3045 5370 3105 5411 se
3137 5356 3366 5412 claudos
3392 5367 3640 5414 etctccos

2057 5438 2176 5497 fore
2194 5452 2516 5513 exspectare
2531 5451 2785 5514 possunt,
2800 5442 3160 5517 philosophos
3181 5459 3367 5503 autem
3389 5449 3634 5507 minime.

2694 5558 2996 5615 Plrilistion.

2135 5645 2363 5720 Erantet
2393 5656 2570 5715 terra,
2598 5667 2758 5719 quam
2797 5651 3130 5712 mortalibus.
3172 5663 3411 5707 mutuum
3442 5656 3606 5720 dare;

2130 5714 2258 5782 Qua:
2283 5734 2388 5773 non
2424 5714 2621 5791 invito,
2642 5737 2835 5775 usuras
2867 5722 3050 5776 reddat
3074 5739 3134 5776 ac
3166 5725 3369 5794 fenore.
