4066 6146
328 276 437 339 ’τη
1599 354 1602 357 ,
1643 262 1813 324 LOCI
1851 258 1978 322 com

2050 258 2291 320 [UNES.
3490 246 3593 307 778

336 410 426 449 ναι
463 391 750 464 ἄρχεσθαι,
784 386 1087 444 κινδυνεύει
1137 381 1321 454 πολλῷ
1369 377 1751 454 χαλεπώτερον
1773 373 1915 432 εἶναι
1944 384 1978 443 Α

2050 392 2167 439 ere,
2216 373 2527 446 periculum
2557 379 2643 428 est
2669 384 2741 427 ne
2786 369 2966 424 multo
3011 364 3295 421 difficilius
3333 363 3407 418 sit
3454 364 3597 418 scire

342 484 403 538 τὸ
432 483 633 539 εἰδέναι
666 481 854 553 ἄρχειν
876 477 1200 551 ἀνθρώπων.
1761 521 1781 531 -

2050 481 2313 537 mperare.

429 575 494 630 Ἦ
527 576 626 647 μὲν
662 548 880 639 mea,
910 548 1174 641 ἀναρχίας
1201 565 1321 621 ἐστὶ
1348 562 1658 634 γνὼρισμα’
1687 560 1721 630 ἡ
1743 559 1799 611 δὲ
1829 557 1922 611 τά.

2088 559 2316 614 Ordinis
2358 556 2637 628 perversio
2669 569 2734 610 ac
2773 550 3028 608 confusio
3083 548 3290 604 indicio
3336 555 3441 612 est,
3487 561 3598 601 non

347 664 448 734 εις,
482 638 574 720 τδν
607 638 1307 737 ἡγεμονεύοντα-δείκνυσι.
1354 655 1420 708 Τί
1455 655 1562 723 γὰρ
1593 650 1786 719 ὄφελος
1827 666 1924 701 κυ-

2050 666 2145 705 εεεε
2176 651 2270 720 qui
2305 651 2624 720 magistratu
2657 647 2842 717 praesit
2862 663 2874 699 :
2894 655 2950 700 at
2979 642 3117 698 ordo
3160 642 3358 696 ducem
3408 638 3601 709 praesi-

348 731 585 830 δερνήτῃ
607 731 746 812 εῖναι
777 754 1036 827 χρηστὸν,
1067 751 1325 820 πονηροῖς
1358 745 1642 818 χρώμενον
1671 742 1921 813 ὲρέταιςς

2050 738 2261 808 lemque
2307 739 2575 794 ostendit.
2615 737 2759 804 Quid
2798 737 2946 790 enim
2992 736 3167 806 juvat.
3221 731 3368 802 quod
3425 732 3604 784 bonus

582 820 586 923 ζ
872 820 883 826 “
2026 830 2382 901 gubernator,
2417 830 2512 899 qui
2549 844 2750 898 pravos
2787 842 2954 896 opera
3010 823 3248 892 remiges
3300 820 3597 875 adhibeat?

419 934 514 1003 Μή
539 914 626 994 τις
657 928 775 983 ἐνὸν
810 926 1106 987 ἀκινδύνως
1152 920 1402 985 ἕπεσθαι,
1442 919 1630 989 ἄρχειν
1653 917 1929 971 ἐπικινδύ-

2098 921 2294 985 Nemo,
2325 921 2415 974 cui
2449 929 2567 974 tuto
2608 920 2766 989 sequi
2810 918 2992 980 liceat,
3036 931 3151 969 rem
3203 916 3337 969 aleae
3385 914 3604 983 plenam

354 1030 463 1087 νως
493 1019 870 1091 ὲπιθυμείσθω
895 1034 910 1049 ⁶
946 1017 1068 1088 μηδ’
1095 1018 1123 1069 ὁ
1141 1015 1239 1085 τῆς
1274 1010 1556 1081 ὑποταγῆς
1582 1010 1744 1081 νόμος
1770 1026 1934 1062 κατα-

2050 1029 2268 1083 iraaesse
2310 1013 2623 1069 desideret:
2684 1025 2862 1078 neque
2923 1024 3056 1062 vero
3105 1005 3466 1076 subjectionis
3518 1003 3606 1057 lex

355 1114 584 1177 λυέσθω,
625 1107 657 1177 ἤ
689 1111 785 1166 καὶ
820 1108 889 1162 τὰ
940 1107 1161 1175 ἐπίγεια
1195 1106 1411 1174 συνέχει
1451 1105 1547 1157 καὶ
1575 1101 1646 1155 τὰ
1680 1101 1931 1172 οὐράνια.

2050 1106 2388 1175 ,nf'ringatur,
2414 1119 2537 1174 quae
2564 1111 2622 1156 et
2656 1110 2875 1155 terrena
2908 1108 2966 1154 et
3015 1096 3262 1153 coelestia
3294 1100 3606 1150 conservat.

429 1201 492 1253 Οἰ
524 1199 783 1269 βασιλεῖς,
825 1195 1061 1250 αἰδεῖσθε
1085 1194 1186 1262 τὴν
1217 1191 1544 1261 ἁλουργίδα»
1581 1190 1935 1258 νομοθετήσει

2107 1198 2303 1267 Reges,
2357 1210 2617 1264 purpura:
2671 1193 3038 1247 reverentiam
3096 1188 3342 1252 habete;
3403 1184 3608 1239 etenim

355 1292 465 1362 γὰρ
495 1290 592 1344 καὶ
617 1287 938 1359 νομοθέταις
961 1288 990 1338 ό
1015 1284 1198 1353 λόγος.
1220 1280 1524 1337 Γινώσκετε
1544 1281 1596 1334 τί
1625 1281 1685 1334 τὸ
1713 1295 1931 1332 πιστευ-

2050 1287 2179 1342 ratio
2210 1286 2380 1341 etiam
2427 1282 2843 1354 legislatoribus
2876 1281 3050 1349 legem
3086 1280 3352 1346 imponet.
3404 1274 3612 1330 Intelli-

357 1382 448 1436 θὲν
485 1382 639 1451 ὑμῖν,
674 1379 776 1433 καὶ
809 1378 863 1432 τί
911 1377 974 1429 τὸ
1005 1377 1139 1446 περὶ
1177 1374 1324 1444 ὑμᾶς
1358 1375 1678 1443 μυστήριον.
1718 1372 1938 1441 Κόσμος

2050 1379 2149 1449 gite
2175 1376 2323 1446 quod
2379 1374 2538 1429 vobis
2577 1373 2852 1427 creditum
2895 1378 3000 1435 est,
3040 1379 3095 1423 et
3124 1369 3286 1439 quale
3320 1368 3412 1430 sit,
3464 1366 3611 1436 quod

356 1473 479 1537 ὅλος
511 1471 616 1525 ὑπὸ
655 1472 814 1540 χεῖρα
858 1468 959 1539 τὴν
992 1465 1273 1537 ἡμετέραν
1316 1464 1610 1534 διαδήματι
1644 1461 1824 1533 μικρῷ
1846 1461 1939 1514 καὶ

2050 1485 2138 1526 vos
2159 1467 2450 1537 contingit.
2498 1464 2840 1537 mysterium.
2888 1461 3126 1517 Mundus
3172 1460 3469 1514 universus
3511 1457 3614 1513 sub

362 1561 558 1633 βραχεῖ
607 1559 780 1631 ῥακίφ
842 1554 1238 1627 κρατούμενος.
1294 1552 1377 1605 Τὰ
1426 1552 1528 1622 μὲν
1586 1551 1721 1619 ἀνω,
1778 1553 1940 1621 μόνου

2050 1578 2207 1617 manu
2250 1570 2432 1615 vestra
2480 1559 2675 1630 exigua
2737 1557 2907 1612 fascia
2969 1568 3247 1625 parvoque
3312 1551 3609 1622 panniculo

361 1651 499 1705 Θεοῦ
527 1667 542 1683 ο
575 1651 646 1704 τὰ
676 1650 732 1703 δὲ
765 1650 937 1714 κάτω,
972 1646 1066 1701 καὶ
1102 1644 1277 1717 ὑμῶν.
1306 1645 1432 1697 Θεοὶ
1473 1643 1688 1711 γίνεσθε
1718 1645 1825 1705 τοῖς
1853 1638 1943 1709 ὑφ’

2050 1662 2288 1710 tenetur.
2336 1652 2587 1722 Superna
2616 1651 2864 1721 quidem,
2910 1648 3085 1703 solius
3115 1646 3211 1701 Dei
3259 1653 3421 1700 sunt:
3478 1642 3615 1698 infe-

362 1743 531 1814 ὑμᾶς·
560 1742 651 1797 ῖνα
683 1741 824 1795 εἴπω
856 1757 910 1792 τι
938 1738 1031 1792 καὶ⁸
1063 1737 1484 1807 τολμηρότερον·
1514 1734 1737 1803 Καρδιά
1757 1734 1943 1798 ,βασι-
1976 1738 1978 1787 ἶ

2050 1748 2194 1802 riora
2222 1760 2358 1800 vero
2392 1760 2460 1799 ac
2484 1753 2726 1806 terrena,
2752 1742 2920 1797 etiam
2956 1748 3160 1795 vestra.
3198 1737 3282 1793 Dii
3311 1745 3489 1792 estote
3528 1735 3618 1799 iis,

362 1832 517 1900 λέως
551 1833 622 1887 ἐν
659 1831 814 1904 χειρί
842 1828 1026 1894 Θεοῦν
1042 1828 1139 1881 καὶ
1181 1828 1395 1898 εἴρηται
1432 1826 1526 1881 καὶ
1564 1825 1941 1878 πεπίστευται.

2050 1835 2142 1904 qui
2168 1835 2226 1888 in
2255 1833 2467 1888 ditione
2492 1840 2642 1895 sunt,
2673 1839 2738 1885 ut
2766 1838 2822 1885 et
2852 1828 3065 1897 aliquid
3094 1826 3361 1881 audacius
3388 1823 3617 1895 loqua'r:

332 1922 341 1991 ί
375 1924 640 1981 Ἐνταῦθα
667 1924 776 1977 ἔσω
806 1925 867 1976 τὸ
906 1921 1105 1992 κράτος
1136 1919 1312 1989 ὑμῶν,
1346 1918 1483 1972 ἀλλά
1512 1916 1589 1988 μὴ
1620 1917 1679 1968 ὲν
1703 1915 1781 1986 τῷ
1806 1932 1944 1988 χρυ..

2050 1925 2150 1981 Cor
2170 1926 2306 1996 regis
2330 1926 2386 1978 in
2418 1940 2581 1977 manu
2608 1921 2702 1975 Dei
2727 1920 2908 1991 (Prov.
2936 1935 3045 1984 xxx,
3075 1919 3151 1988 Ι),
3189 1926 3245 1972 et
3268 1917 3478 1971 dictum
3513 1922 3620 1979 est,

369 2015 449 2090 σῷ
491 2016 589 2071 καὶ
631 2018 751 2078 ταῖς
793 2012 1050 2084 φάλαγξι.

2050 2026 2104 2073 et
2127 2016 2419 2073 creditum.
2447 2015 2563 2069 lllic
2588 2012 2751 2082 559
2778 2019 3025 2067 vestrum
3051 2011 3124 2065 sit
3153 2009 3377 2079 imperii
3426 2008 3622 2072 robur,

2047 2124 2161 2164 non
2184 2108 2241 2163 in
2273 2122 2412 2161 auro
2443 2101 2781 2173 armatisque
2802 2100 3092 2155 militibus.

437 2188 514 2243 Τὸ
541 2187 868 2261 δραστήριον
905 2183 1119 2237 δείκνυε
1165 2181 1239 2252 μὴ
1287 2179 1366 2250 τῷ
1394 2180 1527 2251 δρᾷν
1555 2175 1768 2238 κακῶς,
1792 2171 1872 2244 τῷ
1901 2171 1946 2224 δ’

2120 2201 2243 2257 Vim
2264 2171 2905 2265 efﬁcaciamquevagendi
2938 2190 3191 2256 ostende,
3229 2204 3342 2245 non
3372 2196 3434 2244 ut
3460 2187 3624 2250 male,

316 2276 432 2342 ..εὖ
458 2298 511 2335 τι
541 2281 740 2341 ποιεῖν,
785 2279 837 2331 εἰ
887 2276 1062 2338 θέλεις
1098 2268 1239 2327 εἶναι
1288 2271 1431 2335 θεὸς.
1468 2270 1543 2323 Τὸ
1579 2269 1636 2322 δὲ
1667 2268 1815 2321 ἐστιν
1854 2266 1949 2319 ἀν-

2050 2288 2146 2344 sed
2192 2296 2255 2342 ut
2309 2286 2444 2341 boni
2490 2284 2700 2355 aliquid
2745 2298 2894 2354 agas,
2945 2282 2993 2338 si
3021 2281 3159 2337 deus
3201 2295 3326 2336 esse
3354 2279 3514 2333 velis.
3567 2278 3626 2333 Id

371 2371 497 2443 δρὸς
526 2369 729 2432 εἰδότος
771 2367 1079 2435 συγγενεῖς⁶
1115 2362 1320 2417 κτείνει
1360 2361 1419 2415 δὲ
1455 2362 1630 2432 ῥᾷστα
1668 2358 1766 2427 καὶ
1816 2373 1949 2428 τρυ-

2050 2381 2314 2438 nimirum
2354 2379 2460 2434 viri
2491 2386 2577 2433 est
2622 2377 2717 2447 qui
2748 2385 3003 2431 naturam
3055 2378 3344 2448 genusque
3385 2370 3626 2427 noverit.

375 2459 489 2532 γὼν
520 2460 592 2532 (e)
626 2458 722 2513 καὶ
755 2455 1040 2526 σκορπίος.

2050 2473 2234 2528 Facile
2304 2487 2437 2527 vero
2498 2478 2617 2525 tum
2674 2467 2891 2540 τρυγὼν
2946 2466 3310 2538 (pastinacam
3358 2463 3627 2519 marinam

2050 2563 2232 2618 Latini
2270 2569 2492 2624 vocant,
2536 2567 2688 2614 tanta
2732 2573 2861 2614 cum
2904 2548 3120 2612 turture
3153 2551 3466 2625 ὁμωνυμίᾳ)
3512 2559 3628 2608 tum

443 2745 746 2814 Χρυσοστ.
779 2770 852 2783 -
876 2739 1057 2810 Τιμῆς
1098 2736 1351 2809 μέγεθος,
1384 2737 1497 2799 τοῖς
1522 2734 1622 2788 οὐκ
1648 2732 1813 2798 ἀξίως
1850 2732 1951 2803 ζῇν

2050 2659 2302 2724 scorpius
2328 2659 2549 2707 necant.

2122 2743 2388 2814 Chrysost.
2420 2771 2491 2782 —
2524 2739 2762 2810 Honoris
2784 2736 3129 2808 magnitudo,
3160 2736 3250 2792 bis
3268 2735 3365 2806 qui
3392 2751 3505 2791 non
3533 2750 3635 2805 pro

374 2831 852 2907 προαιρουμένοις,
887 2827 1183 2900 προσθήκη
1220 2825 1500 2897 τιμωρίας
1529 2825 1703 2879 ἐστίν.

2050 2835 2173 2906 ejus
2219 2831 2488 2904 dignitate
2528 2832 2702 2886 vitam
2756 2828 3090 2894 instituunt,
3139 2826 3400 2898 supplicii
3452 2840 3638 2881 acces-

447 3004 741 3068 Βασιλείας
776 2999 873 3057 τοῦ
923 3000 1059 3056 Θεοῦ
1099 3000 1195 3055 δύο
1223 2996 1366 3055 οἶδεν
1393 3001 1428 3070 ἡ
1457 2999 1674 3072 Γραφὴ.
1713 2998 1814 3070 τὴν
1852 2997 1951 3069 μὲν

2050 2931 2135 2981 sio
2161 2931 2264 2980 est.

2127 3015 2247 3069 Duo
2295 3012 2393 3069 Dei
2445 3026 2615 3083 regna
2663 3009 2822 3066 novit
2876 3009 3189 3079 Scriptura,
3248 3009 3483 3063 alterum
3536 3022 3638 3077 per

378 3059 510 3153 ita;
532 3059 833 3159 οἰκείωσιν,
865 3093 963 3165 τὴν
994 3092 1051 3145 δὲ
1081 3093 1227 3147 κατὰ
1252 3059 1955 3164 δημιουργίανγΒασιλέύει

2129 3059 2244 3069 ..-ν
2296 3059 2393 3069 η-
2446 3059 2615 3083 --οη
2664 3059 2820 3066 ..-._-
2877 3059 3188 3079 των-η,
3251 3059 3480 3063 πων---
3541 3059 3599 3077 Γ

2060 3104 2553 3169 necessitudinem,
2584 3103 2822 3159 alterum
2859 3101 3160 3158 creationis
3187 3100 3335 3170 jure.
3386 3099 3484 3154 Est
3506 3113 3639 3153 vero

384 3190 486 3260 μὲν
519 3192 629 3259 γὰρ
647 3186 926 3251 ἁπάντων,
956 3184 1056 3237 καὶ
1084 3183 1380 3254 Ἑλλήνων,
1408 3183 1508 3237 καὶ
1547 3183 1835 3248 Ἰουδαίων,
1868 3183 1964 3236 καὶ

2062 3196 2367 3252 creationis
2422 3195 2528 3249 bac
2580 3193 2797 3248 ratione
2849 3190 3238 3246 universorum
3292 3189 3431 3253 Rex,
3471 3186 3639 3242 etiam

380 3279 676 3349 δαιμόνων,
716 3278 813 3331 καὶ
845 3275 956 3330 τῶν
996 3273 1494 3347 ἀντιτεταγμένων,
1535 3275 1679 3329 κατά
1727 3273 1820 3327 τδν
1862 3273 1962 3344 τῆς

2060 3289 2375 3346 Graecorum
2433 3295 2490 3341 et
2540 3284 2859 3341 Iudaeorum
2916 3288 2973 3336 et
3038 3280 3388 3344 dmmonum;
3443 3293 3637 3334 eorum

383 3369 746 3442 δημιουργίας
778 3369 960 3437 λόγον.

2061 3381 2303 3449 denique
2334 3378 2431 3448 qui
2454 3374 2677 3431 adversi
2707 3371 2910 3428 animis
2941 3378 3094 3425 sunt.

467 3462 634 3514 Ὅταν
679 3461 866 3533 ἄρχων
911 3460 1277 3531 ἀνεπίληπτος
1398 3459 1554 3525 πᾶσι,
1578 3457 1699 3511 τότε
1741 3455 1965 3511 δύναται

2131 3472 2269 3528 Cum
2300 3472 2348 3525 is
2376 3470 2469 3539 qui
2492 3466 2818 3536 magistratu
2870 3469 3074 3534 praeest
3133 3460 3352 3516 cunctis
3399 3461 3641 3531 irrepre-

392 3551 513 3626 μεθ’
541 3554 674 3624 ὅσης
707 3552 956 3622 βούλεται
998 3551 1246 3616 ἐξουσίας
1277 3549 1374 3604 καὶ
1411 3548 1663 3612 κολάζειν
1698 3549 1796 3603 καὶ
1826 3563 1959 3618 συγ-

2063 3563 2273 3617 bensus
2301 3567 2410 3623 est,
2442 3566 2576 3612 tunc
2621 3555 2971 3624 quantalibet
3018 3560 3295 3624 potestate
3337 3561 3390 3608 et
3451 3566 3644 3623 poenas

388 3647 610 3717 χωρεῖν,
640 3645 766 3708 τοὺς
800 3644 894 3697 ὑπ’
930 3644 1081 3715 αὐτῷ
1110 3643 1469 3714 ταττομένους
1502 3641 1768 3705 ἅπαντας.

2065 3655 2313 3722 irrogare
2361 3656 2419 3705 et
2451 3647 2769 3705 condonare
2805 3646 3068 3701 omnibus
3117 3645 3355 3716 imperio
3405 3644 3644 3700 subditis

2143 3749 2273 3796 test.

463 3823 630 3878 Οὐδὲν
670 3824 813 3879 οὕτω
860 3824 1102 3879 δείκνυσι
1137 3823 1230 3878 τὸν
1257 3822 1357 3895 τὴν
1383 3823 1557 3895 ἀρχὴν
1592 3820 1785 3892 ἔχοντα
1823 3821 1899 3886 ὡς
1932 3824 1968 3893 ἡ

2199 3758 2224 3795 s
2259 3780 2273 3794 .

2068 3758 2286 3886 p0ll‘fib‘il
2320 3836 2405 3883 est
2441 3826 2588 3898 quod
2630 3827 2711 3882 sic
2754 3827 3067 3897 principem
3112 3826 3388 3889 ostendat,
3431 3840 3495 3879 ac
3540 3834 3643 3894 ‘pa-

392 3915 747 3989 φιλοστοργία
780 3917 908 3986 περὶ
934 3918 1061 3979 τοὺς
1086 3915 1444 3987 ἀρχομένους.
1474 3914 1584 3969 Καὶ
1616 3915 1725 3985 γὰρ
1755 3914 1969 3984 πατέρα

2068 3931 2225 3978 terna
2257 3936 2396 3991 pene
2427 3935 2559 3990 erga
2586 3919 2844 3974 subditos
2869 3918 3077 3972 amoris
3129 3916 3232 3971 vis.
3275 3916 3409 3969 Nam
3443 3921 3508 3969 οι·
3547 3930 3647 3991 pa-

389 4008 454 4060 οὐ
493 4008 553 4060 τὸ
586 3988 847 4078 γεννῆσαι
880 4009 1041 4078 μόνον
1069 4011 1234 4073 ποιεῖ,
1262 4007 1399 4062 ἀλλὰ
1424 4008 1518 4060 καὶ
1549 4007 1608 4060 τὸ
1632 4005 1807 4074 φιλεῖν
1832 4006 1971 4076 μετά

2068 4023 2210 4069 trem
2234 3988 2347 4065 non
2365 4011 2474 4066 hoc
2500 3988 2682 4065 solum
2701 4008 2856 4071 facit,
2879 4007 3029 4078 quod
3056 4007 3269 4078 genuit,
3291 4005 3388 4060 sed
3418 4013 3474 4060 et
3500 3988 3646 4075 quod

391 4098 456 4152 τὸ
486 4100 762 4170 γεννῆσαι.
795 4101 859 4153 Εἰ
881 4100 937 4153 δὲ
969 4099 1097 4154 ἔνθα
1129 4099 1315 4170 φύσις,
1349 4098 1574 4172 ἀγάπης
1612 4099 1788 4170 χρεία,
1839 4098 1972 4152 πολ-

2068 4103 2278 4159 liberos
2305 4108 2474 4167 amat,
2505 4116 2645 4170 quos
2686 4099 2936 4156 sustulit.
2968 4097 3128 4166 Quod
3163 4097 3210 4153 si
3268 4113 3458 4153 amore
3511 4112 3650 4167 opus

392 4188 473 4261 λῷ
500 4190 703 4260 μᾶλλον
736 4190 865 4244 ἔνθα
898 4192 931 4262 ὴ
966 4191 1148 4263 χάρις.

2073 4193 2165 4249 ubi
2192 4200 2412 4257 natura,
2445 4191 2651 4262 potiori
2680 4191 2845 4261 longe
2884 4189 3100 4245 ratione
3130 4189 3225 4244 ubi
3257 4188 3456 4259 gratia.

416 4336 419 4339 ,
469 4279 586 4333 Οὐκ
611 4282 670 4333 ὲν
697 4283 762 4353 τῇ
797 4282 1003 4352 χλανίδι
1050 4281 1145 4335 καὶ
1178 4283 1245 4353 τῇ
1282 4279 1448 4351 ζώνῃ,
1471 4278 1592 4334 οὐδὲ
1633 4279 1691 4332 ὲν
1724 4282 1789 4351 τῇ
1822 4280 1969 4350 φωνῇ

2141 4284 2263 4340 Νοιι
2311 4284 2369 4338 in
2429 4284 2572 4339 laena
2616 4286 2691 4338 et‘
2729 4297 2891 4347 zona,
2933 4297 3039 4337 nec
3078 4281 3136 4337 in
3190 4281 3462 4352 praeconis
3514 4295 3681 4347 voce

397 4371 493 4425 τοῦ
520 4375 761 4442 κήρυκος
784 4373 990 4444 ἄρχων,
1021 4373 1137 4426 ἀλλ’
1173 4375 1230 4426 ἐν
1261 4371 1340 4443 τῷ
1367 4371 1438 4426 τὰ
1458 4371 1808 4441 πεπονηκότα
1837 4372 1970 4424 ἀνα-

2073 4380 2322 4435 cernitur
2372 4375 2655 4448 princeps,
2708 4376 2807 4432 sed
2875 4374 3026 4446 quod
3089 4390 3154 4430 ea
3218 4389 3341 4444 quae
3400 4373 3655 4428 laborant

400 4463 658 4529 κτᾶσθαι,
696 4465 794 4517 καὶ
831 4465 898 4518 τὰ
928 4465 1118 4529 κακῶς
1146 4464 1341 4535 ἔχοντα
1369 4464 1618 4535 διορθοῦν
1642 4479 1655 4492 '
1689 4463 1784 4517 καὶ
1812 4463 1972 4516 κολά-

2070 4472 2343 4527 instauret
2363 4506 2380 4531 ,
2408 4477 2467 4523 et
2489 4483 2610 4537 quae
2641 4467 2783 4522 male
2815 4466 3023 4521 habent
3048 4467 3310 4537 corrigat,
3350 4465 3653 4535 puniatque

400 4552 517 4619 ζειν
560 4556 659 4625 μὲν
689 4556 930 4611 ἀδικίανο
973 4555 1049 4626 μὴ
1096 4556 1401 4626 συγχωρεῖν
1426 4554 1482 4607 δὲ
1517 4553 1622 4607 ὑπὸ
1653 4552 1975 4615 δυναστείας

2072 4560 2378 4631 improbos,
2405 4573 2509 4614 nec
2542 4572 2645 4629 per
2672 4557 2977 4628 potentiam
3006 4557 3093 4628 jus
3112 4555 3388 4611 eliminari
3418 4570 3483 4611 ac
3518 4570 3653 4611 con-
3734 4563 3737 4566 '

400 4645 466 4699 τὸ
498 4645 712 4699 δίκαιον
745 4646 1175 4700 ἀπελαύνεσθαι.

2073 4651 2200 4707 velli
2234 4650 2399 4705 sinat.

474 4737 694 4790 Φίλων.
723 4765 795 4776 -
828 4737 889 4789 '0
927 4737 1026 4806 μὲν
1070 4736 1202 4799 Θεὸς
1243 4736 1457 4799 οὐδενὸς
1492 4736 1699 4789 δεῖταιο
1753 4738 1781 4790 ό
1821 4735 1977 4805 βασι-

2144 4740 2412 4796 Philonis.
2437 4769 2512 4807 -τ
2540 4740 2690 4795 Deus
2713 4739 2923 4795 nullius
2949 4748 3078 4811 eget
3101 4757 3120 4805 ;
3179 4754 3297 4805 rex,
3330 4737 3505 4794 solius
3534 4737 3653 4792 Dei.

402 4827 530 4890 λεὺς
560 4826 638 4892 δὲ,
673 4828 835 4898 μόνου
865 4827 1020 4880 Θεοῦ.
1052 4827 1239 4897 Μιμοῦ
1272 4827 1448 4880 τοίνυν
1491 4828 1584 4880 τὸν
1616 4827 1828 4892 οὐδενὸς
1862 4829 1978 4882 δεό-

2078 4832 2299 4890 Imitare
2340 4832 2507 4903 igitur
2549 4846 2712 4899 eum,
2759 4832 2855 4902 qui
2903 4832 3112 4886 nullius
3151 4840 3296 4902 eget,
3342 4831 3660 4900 largamque

408 4935 590 4989 μενον,
648 4920 744 4971 καὶ
800 4918 1090 4988 δαψιλεύου
1132 4921 1246 4980 τοῖς
1292 4916 1505 4970 αἰτοῦσι
1551 4917 1643 4969 τὸν
1696 4918 1864 4982 ἔλεον,
1903 4918 1978 4989 μὴ

2079 4924 2517 4981 misericordiam
2548 4920 2868 4995 petentibus
2898 4922 3179 4994 impende,
3218 4938 3342 4978 cum
3370 4922 3481 4977 tuis
3531 4938 3661 4992 sup-

406 5010 935 5080 ἀκριὸολογούμενος
968 5010 1096 5081 περὶ
1121 5010 1248 5072 τοὺς
1282 5009 1408 5072 σοὺς
1441 5008 1645 5072 ἱκέτας,
1678 5011 1816 5065 ἀλλά
1849 5014 1978 5065 πᾶσι

2080 5016 2319 5087 plicibus
2347 5017 2708 5087 summojure
2737 5031 2846 5071 non
2894 5030 3084 5085 agens,
3137 5013 3232 5070 sed
3270 5013 3489 5069 cunctis
3535 5013 3662 5067 vitae

407 5104 662 5174 παρέχων
687 5103 784 5166 τὰς
812 5101 947 5171 πρὸς
973 5102 1034 5154 τὸ
1063 5101 1160 5172 ζῇν
1191 5101 1463 5171 ἀφορμάς.
1492 5100 1634 5153 Πολὺ
1663 5102 1770 5171 γὰρ
1802 5105 1978 5170 κρεῖτ-

2082 5115 2449 5161 commeatum
2493 5105 2766 5175 praebens.
2822 5105 3053 5160 Multum
3108 5105 3256 5160 enim
3307 5110 3552 5174 praestat,
3605 5103 3661 5157 in

404 5194 497 5246 τόν
545 5197 662 5247 ἐστι
704 5193 791 5247 διά
828 5195 954 5257 τοὺς
986 5192 1171 5257 ἀξίους
1199 5192 1369 5245 ἐλεεῖν
1413 5192 1664 5256 καὶτοὺς
1710 5193 1978 5259 ἀναξίους,

2084 5212 2277 5252 eorum
2304 5198 2399 5267 qui
2428 5197 2581 5268 digni
2604 5210 2833 5254 munere
2854 5205 3003 5271 sunt,
3030 5197 3288 5268 gratiam,
3305 5196 3493 5262 ,etiam
3520 5194 3665 5249 indi-

1921 5347 2153 5405 NOTAE.

482 5438 551 5511 (e)
578 5437 685 5493 Kal
711 5437 957 5512 τρυγών.
990 5438 1107 5512 Non
1138 5438 1292 5512 alius
1309 5437 1531 5491 videtur
1556 5449 1771 5512 sensus,
1797 5452 1958 5512 quam
2070 5446 2239 5512 sueta:
2269 5437 2346 5512 (id
2369 5447 2472 5512 est
2508 5439 2762 5512 turturis)
2809 5439 2997 5512 Graece
3024 5456 3227 5496 nomen
3269 5441 3504 5496 habeat:
3537 5458 3667 5512 per-

615 5509 777 5577 paulo
796 5505 1048 5587 pluribus
1067 5508 1121 5562 in
1150 5505 1728 5592 versione_esprcssi:
1759 5514 1817 5559 ut
1843 5507 1974 5592 vel-it
2072 5508 2201 5590 inde
2240 5505 2389 5592 enim
2430 5508 2510 5592 sit.
2536 5524 2601 5563 ac
2622 5509 2666 5563 si
2696 5505 2948 5580 scorpius
2979 5520 3231 5580 vocetur,
3275 5526 3342 5566 ac
3391 5505 3661 5584 quidquid

414 5577 549 5660 [tibi]
576 5580 784 5660 juvare_
807 5577 949 5657 regis
988 5593 1218 5660 nomen,
1252 5578 1297 5632 si
1329 5577 1530 5660 reipsa‘
1559 5582 1826 5655 tyrannus
1855 5586 1972 5641 est;
2073 5577 2347 5649 ejusmodi
2369 5578 2679 5633 bestiarum
2707 5588 2818 5645 est,

413 5648 499 5705 uti
518 5646 621 5702 nec
640 5646 788 5715 quod
818 5647 1114 5714 pisciculus
1166 5648 1255 5701 ille
1298 5650 1623 5713 venenatus,
1666 5646 1783 5700 avis
1823 5661 1978 5700 man-

732 5737 1004 5795 Ριτιιοι..
1037 5738 1153 5798 Gn.
1191 5740 1343 5800 XCI.
2898 5802 2919 5820 ο
3245 5738 3320 5798 25
