4066 6146
461 267 566 329 779

1618 271 1684 330 'S.
1725 270 2011 330 MAXIMI
2046 268 2556 331 CONFESSORIS

3606 268 3728 332 .780

458 397 692 448 gnarum
729 379 1007 444 misereri;
1063 394 1223 448 quam
1269 388 1498 451 propter
1551 381 1825 451 indignos,
1875 383 2034 436 etiam

2148 383 2242 435 καὶ
2273 381 2350 452 μὴ
2369 382 2496 444 τοὺς
2527 379 2714 444 ἀξίους
2745 380 3070 450 ἀποστερεῖν
3102 380 3189 433 διὰ
3251 382 3382 445 τοὺς
3442 383 3728 449 ἀναξίους.

457 473 656 542 dignos
690 469 972 523 frustrari.

525 559 793 617 Aristotel.
833 587 899 599 —-
942 559 1044 626 Qui
1098 559 1285 612 multis
1341 559 1458 628 ipse
1511 559 1881 615 formidabilis
1929 571 2032 624 est,

453 655 656 708 multos
684 651 963 706 formidat.

521 745 685 798 Decet
711 743 988 813 sapientes
1021 745 1396 813 magistratus,
1437 759 1548 798 non
1590 760 1688 813 pro
1745 746 2033 815 magistra-

452 844 542 888 tus
566 834 741 904 apice,
794 833 890 888 sed
935 849 1037 903 pro
1085 835 1354 888 virtutum
1406 835 1558 889 cultu
1613 835 2034 891 admirationem

450 924 690 987 habere;
727 940 839 993 quo
886 925 1103 980 scilicet
1155 935 1362 981 mutata
1393 928 1475 982 eis
1530 926 1773 993 fortuna,
1836 929 2033 984 iisdem

449 1015 706 1070 laudibus
741 1016 1118 1071 celebrentur.

517 1107 791 1161 Isocratis.
848 1137 918 1147 —-
957 1107 1240 1166 [Emulare
1301 1128 1412 1166 non
1477 1126 1752 1167 summum
1803 1111 2033 1182 adeptos

449 1198 852 1268 magistratum,
881 1200 976 1254 sed
1029 1203 1123 1271 qui
1159 1204 1364 1273 eptime
1389 1219 1490 1260 suo
1535 1205 1862 1275 magistratu
1906 1204 2033 1260 fun-

447 1297 667 1358 gantur.

517 1382 823 1437 Pessimum
876 1400 1004 1440 eum
1055 1386 1440 1456 magistratum
1486 1386 1730 1452 dicebat,
1772 1386 2031 1456 quicum

450 1474 681 1548 imperio
715 1478 820 1533 sibi
851 1493 1084 1548 pra'esse
1113 1493 1224 1532 non
1252 1488 1457 1548 posset.

499 1569 684 1640 .560
713 1568 999 1622 Democrit.
1031 1569 1312 1622 —Amari
1357 1569 1541 1638 potius
1591 1569 1730 1623 velis
1781 1569 1836 1622 in
1894 1568 2028 1632 vita,

451 1676 614 1730 quam
646 1659 844 1714 metui:
873 1673 1036 1728 quem
1071 1659 1218 1713 enim
1250 1673 1444 1714 omnes
1472 1667 1751 1724 metuunt,
1782 1659 1940 1714 timet
1973 1664 2044 1726 et,

452 1751 565 1819 ipse
595 1765 808 1804 omnes.

517 1841 622 1907 Qui
678 1840 1060 1910 magistratum
1118 1840 1281 1910 gerit,
1333 1841 1599 1895 adversus
1645 1851 1893 1910 tempora
1947 1857 2033 1896 re—

451 1932 691 2003 rumque
733 1932 1164 1997 vicissitudines,
1214 1934 1482 1988 rationem
1538 1933 1742 1988 habeat
1805 1948 2030 1988 necesse

449 2024 518 2077 sit
543 2041 558 2089 ;
586 2023 852 2078 adversus
883 2022 1197 2077 contrarios
1228 2038 1291 2077 ac
1321 2032 1700 2085 contumaces,
1740 2022 2028 2077 audaciam

447 2116 727 2183 animique
759 2115 1142 2184 praesentiam;
1178 2130 1308 2186 erga
1341 2115 1583 2185 denique
1625 2115 1880 2171 subditos
1939 2116 2030 2170 be-

447 2207 835 2260 nevolentiam.

515 2297 620 2364 Qui
652 2297 776 2353 aliis
810 2299 1186 2367 imperaturus
1220 2307 1326 2364 est,
1358 2297 1522 2354 debet
1575 2296 1692 2367 ipse
1733 2298 1890 2366 prius
1923 2296 2030 2359 sibi

447 2391 737 2461 imperare.

517 2483 789 2538 Clitarclu‘.
820 2513 888 2522 —-
911 2483 1095 2538 Satius
1119 2491 1204 2538 est
1236 2482 1419 2539 stultis
1455 2495 1672 2552 parere,
1725 2495 1890 2550 quam
1931 2481 2032 2534 im-

448 2590 663 2644 perare.

517 2667 791 2736 Diogenes.
830 2697 899 2705 —
935 2662 1675 2736 Rogatusquemadmodum
1716 2662 1920 2731 aliquis
1975 2664 2032 2717 in

448 2733 667 2810 civitate
697 2771 760 2809 ac
796 2733 1080 2824 republica
1106 2733 1381 2823 pot‘cistate
1420 2761 1648 2807 utatur:
1676 2751 1840 2806 Velut
1883 2752 2028 2822 igne,

451 2850 646 2917 inquit,
697 2856 755 2901 ut
808 2863 988 2918 neque
1054 2860 1226 2915 prope
1290 2843 1592 2899 admodum
1655 2844 1908 2911 accedat,
1963 2861 2032 2901 ne

447 2947 744 3003 exuratur;
789 2953 966 3007 neque
1023 2936 1190 2990 nimis
1239 2934 1436 3004 procul
1487 2933 1774 3001 abscedat,
1807 2950 1878 2990 ne
1933 2950 2032 3005 per

451 3029 568 3096 ejus
588 3029 892 3083 absentiam
918 3028 1114 3096 rigeat.

517 3115 658 3186 Cyri.
689 3148 764 3156 —
786 3116 1003 3172 Nemini
1036 3128 1162 3168 cum
1188 3113 1423 3182 imperio
1471 3129 1704 3183 praeesse
1748 3115 2026 3180 convenit,

451 3204 542 3273 qui
571 3220 678 3259 non
712 3205 949 3260 subditis
982 3203 1180 3257 melior
1211 3201 1304 3256 sit.

515 3293 747 3349 Solonis.
780 3325 850 3334 —
880 3295 1096 3364 Impera
1121 3289 1422 3346 dummodo
1456 3292 1610 3362 prius
1645 3308 1841 3362 parere
1891 3294 2032 3349 didi-

373 3397 376 3400 ·
447 3385 626 3438 ceris:
677 3387 773 3454 qui
829 3386 979 3440 enim
1030 3400 1224 3454 parere
1279 3383 1494 3450 didicit,
1555 3384 1602 3438 is
1651 3392 1708 3438 et
1761 3384 2031 3455 imperare

450 3477 688 3530 noverit.

524 3568 901 3638 illagistratum
946 3565 1220 3635 adeptus,
1283 3567 1453 3622 nullis
1505 3568 1690 3636 pravis
1756 3568 2032 3624 ministris

451 3662 644 3716 utaris.
675 3657 956 3728 Quidquid
979 3658 1126 3713 enim
1158 3657 1239 3712 illi
1293 3657 1657 3728 deliquerint,
1691 3658 1746 3713 in
1787 3667 1840 3715 te
1871 3660 2031 3729 culpa

456 3749 838 3814 transferetur,
867 3763 1037 3817 penes
1063 3762 1230 3818 quem
1259 3756 1505 3818 potestas
1529 3748 1620 3802 sit.

518 3843 588 3899 Ut
622 3841 838 3911 plebem
867 3841 1049 3896 colere
1085 3841 1272 3906 debet,
1322 3840 1419 3910 qui
1471 3839 1527 3894 in
1565 3839 1906 3894 democratia
1952 3837 2032 3910 (id

449 3943 555 3998 est,
580 3941 724 3988 statu
760 3931 1011 4002 populari
1042 3931 1326 4000 liberaque
1357 3929 1664 3999 republica)
1718 3929 1856 3983 vivit
1884 3947 1896 3982 :
1951 3930 2033 3984 sic

448 4033 504 4080 et
536 4023 630 4093 qui
661 4023 717 4076 in
747 4020 1063 4075 monarchia
1095 4020 1220 4082 (sub
1246 4019 1410 4073 unius
1457 4019 1671 4073 scilicet
1697 4017 2030 4089 principatu)

454 4131 635 4186 regem
667 4113 926 4167 admirari
953 4127 1017 4166 ac
1043 4111 1270 4165 laudare
1295 4109 1578 4164 convenit.

513 4186 841 4261 Chazremon.
872 4234 945 4244 —
971 4203 1209 4258 Omnino
1240 4203 1421 4256 virtus
1467 4201 1643 4255 altum
1674 4216 1870 4270 sapere
1920 4217 2030 4256 non

450 4298 598 4352 sinit.

521 4386 830 4456 Antigonus.
869 4413 941 4422 —
982 4381 1293 4452 Antigonus
1345 4394 1443 4434 rex
1490 4387 1758 4434 matrona:
1811 4379 2030 4435 cuidam
2061 4408 2107 4464 υ

455 4472 632 4543 ipsum
693 4473 918 4527 beatum
969 4467 1319 4540 praedicanti,
1386 4466 1444 4522 Si
1500 4466 1692 4530 scires,
1749 4467 1950 4537 inquit,
1999 4483 2033 4523 ο

2227 561 2579 628 Ἄριστοτέλ.
2610 589 2678 600 —-
2713 559 2772 611 Ὀ
2804 558 3018 622 πολλοῖς
3070 557 3298 628 φοϐερὸς
3343 558 3442 623 ὣν,
3495 560 3730 617 πολλοὺς

2145 651 2412 720 φοϐεῖται.

2212 743 2303 794 Δεῖ
2329 743 2455 804 τοὺς
2485 741 2610 795 νοῦν
2636 740 2859 811 ἔχοντας
2883 740 2994 793 τῶν
3027 741 3483 804 δυναστευόντων,
3521 742 3598 813 μὴ
3636 743 3729 796 διὰ

2141 831 2238 893 τὰς
2275 831 2471 902 άρχὰς,
2517 831 2652 885 ἀλλὰ
2697 831 2786 885 διὰ
2824 830 2924 894 τὰς
2950 832 3151 901 ἀρετὰς
3198 831 3600 900 θαυμάζεσθαι,
3637 836 3730 887 ἵνα

2140 923 2307 992 τύχης
2352 921 2794 993 μεταπεσούσης,
2829 921 2941 976 τῶν
2979 921 3160 976 αὐτῶν
3202 923 3498 992 ἐγκωμίων
3522 924 3725 988 ἀξιῶν-

2138 1031 2249 1070 ται.

2222 1106 2515 1176 Ἰσοκράτ.
2553 1135 2615 1149 -
2644 1105 2817 1177 Ζήλου
2848 1106 2924 1175 μὴ
2949 1105 3076 1169 τοὺς
3107 1105 3370 1176 μεγίστην
3389 1106 3566 1175 ἀρχὴν
3589 1123 3726 1177 κτη-

2140 1197 2432 1267 σαμένους,
2466 1197 2605 1252 ἀλλὰ
2652 1198 2779 1261 τοὺς
2819 1197 3019 1268 ἄριστα
3051 1199 3118 1266 τῇ
3152 1195 3402 1267 παρούσῃ
3441 1197 3728 1267 χρησαμέ-

2137 1305 2279 1352 νους.

2213 1380 2494 1433 Κάκιστον
2531 1380 2718 1448 ἔλεγεν
2761 1379 3002 1450 ἄρχοντα
3032 1376 3198 1446 εῖναι,
3233 1381 3326 1434 τὸν
3372 1383 3562 1452 ἄρχειν
3593 1384 3723 1438 ἑαυ-

2136 1471 2230 1526 τοῦ
2269 1471 2344 1542 μὴ
2373 1471 2689 1542 δυνάμενον.

2207 1565 2522 1634 Δημοκρίτ.
2549 1591 2625 1607 -
2651 1564 2896 1635 noema;
2960 1557 3102 1618 εῖναι
3164 1565 3369 1634 μᾶλλον
3408 1565 3441 1636 ἢ
3493 1567 3722 1641 φοϐερὸς

2097 1690 2106 1696 ο
2139 1657 2281 1711 κατὰ
2309 1657 2402 1710 τὸν
2441 1657 2558 1727 βίον
2591 1656 2859 1728 προαιροῦ
2881 1674 2894 1687 ·
2919 1657 2978 1710 ὃν
3008 1657 3119 1728 γὰρ
3154 1659 3356 1721 πάντες
3403 1658 3719 1727 φοϐοῦνται,

2066 1744 2104 1796 Β
2135 1751 2343 1812 πάντας
2370 1749 2644 1818 φοϐεῖται.

2206 1843 2312 1896 Τὸν
2335 1842 2576 1913 ἄρχοντα
2604 1842 2684 1895 δεῖ
2711 1841 2880 1913 ἔχειν,
2913 1840 3052 1912 πρὸς
3087 1842 3187 1912 μὲν
3219 1841 3344 1905 τοὺς
3368 1844 3597 1915 καιροὺς
3627 1844 3719 1898 λο-

2132 1936 2357 2006 γισμόν·
2411 1933 2550 2004 πρὸς
2593 1934 2649 1986 δὲ
2697 1935 2826 1996 τοὺς
2875 1933 3149 1996 ἐναντίους
3188 1932 3427 2003 τόλμαν·
3475 1933 3616 2004 πρὸς
3661 1933 3719 1989 δδ

2132 2024 2259 2087 τοὺς
2287 2022 2760 2092 ὑποτεταγμένους
2781 2021 3016 2076 εὔνοιαν.

2203 2301 2295 2352 Δεῖ
2341 2301 2430 2353 τὸν
2487 2301 2692 2372 ἑτέρων
2747 2301 3014 2372 μέλλοντα
3057 2303 3266 2374 ἄρξειν,
3317 2305 3480 2359 αὐτὸν
3522 2306 3716 2360 ἑαυτοῦ

2133 2394 2402 2463 πρότερον
2426 2393 2636 2465 ἄρχειν.

2203 2485 2526 2554 Κλειτάρχ.
2558 2515 2627 2524 --
2646 2487 2914 2554 Κρεῖσσον
2945 2486 3214 2557 ἄρχεσθαι
3239 2491 3411 2541 τοῖσιν
3437 2491 3712 2560 ἀνοήτοις,

2197 2575 2404 2630 ἄογειν.

2197 2577 2230 2628 ἄ
2304 2592 2404 2630 ειν.

2133 2577 2166 2646 ἢ
2203 2593 2505 2734 Δῗέγένης.
2533 2693 2604 2708 -
2641 2664 2972 2736 Ἐρωτηθεὶς
3005 2665 3125 2728 πῶς
3149 2666 3212 2721 άν
3239 2683 3322 2729 τις
3352 2665 3704 2737 πολιτεύηται

2133 2754 2352 2826 ἐξουσίᾳ
2374 2755 2461 2826 (f).
2498 2754 2623 2826 ἔφη’
2653 2755 2924 2826 Καθάπερ
2978 2757 3135 2829 πυρὶ,
3197 2758 3332 2829 μήτε
3376 2758 3494 2813 λίαν
3537 2759 3708 2829 ἐγγὺς

2133 2843 2292 2910 εἶναι,
2350 2847 2438 2899 ἵνα
2492 2847 2565 2917 μὴ
2624 2849 2910 2920 κατακαῇ·
2945 2850 3084 2921 μήτε
3127 2849 3339 2921 πόῤῥω,
3373 2849 3463 2904 ἵνα
3509 2862 3586 2922 μη
3627 2853 3712 2921 ῥι-

2133 2933 2308 3007 γώσῃ.
2875 2981 2882 2986 ,

2205 3112 2424 3176 Κύρου.
2455 3141 2525 3149 -
2561 3111 2784 3181 ’Δρχειν
2810 3111 2992 3166 οὐδενὶ
3021 3113 3316 3184 προσήκει,
3351 3113 3411 3177 ὃς
3443 3113 3504 3167 οὐ
3529 3111 3712 3180 κρείτ-

2133 3217 2240 3252 των
2270 3199 2387 3252 ὲστὶ
2417 3200 2528 3252 τῶν
2568 3201 2906 3272 ἀρχομένων.

2199 3289 2344 3345 Σόλ.
2373 3320 2442 3331 —
2470 3294 2641 3364 Ἀρχε
2695 3294 2912 3364 πρῶτον
2967 3293 3154 3363 μαθὼν
3201 3293 3501 3364 ἄρχεσθαιο
3553 3293 3716 3362 ἄρχε·

2135 3383 2258 3436 σθαι
2291 3383 2399 3454 γὰρ
2429 3383 2638 3454 μαθὼν,
2669 3385 2858 3456 ἄρχειν
2888 3387 3178 3456 ἐπιστήσῃ.

2205 3562 2298 3624 Et;
2325 3563 2502 3633 ἀρχὴν
2537 3563 2925 3627 κατασταθεὶς,
2965 3563 3154 3634 μηδενὶ
3177 3563 3296 3634 χρῶ
3325 3562 3552 3636 πονηρῷ
3575 3562 3716 3634 πρὸς

2131 3653 2230 3716 τὰς
2277 3654 2597 3723 διοικήσεις.
2636 3648 2738 3710 Ὧν
2777 3652 2886 3727 γὰρ
2929 3655 2998 3710 ἂν
3057 3657 3269 3719 ἐκεῖνος
3319 3655 3580 3726 ἁμάρτοι,
3630 3654 3716 3706 σοὶ

2131 3743 2229 3806 τάς
2255 3745 2435 3809 αίτίας
2464 3746 2542 3817 τῷ
2569 3747 2791 3818 ἄρχοντι
2825 3748 3206 3818 ἐπιθήσουσιν.

2203 3838 2414 3909 Ὥσπερ
2439 3838 2531 3891 τὸν
2553 3839 2978 3912 ὲν⁶δημοκρατίᾳ
3008 3839 3448 3908 πολιτευόμενον,
3479 3837 3541 3890 τὸ
3576 3836 3713 3906 πλῆ-

2133 3929 2222 3994 θος
2247 3930 2329 3983 δεῖ
2351 3930 2676 4000 θεραπεύειν
2696 3947 2711 3962 ·
2740 3930 2885 3984 οὕτω
2919 3933 3016 3985 καὶ
3045 3931 3138 3984 τὸν
3184 3932 3242 3984 ὲν
3276 3929 3546 4001 μοναρχίᾳ
3581 3946 3716 3983 κατ·

2129 4021 2404 4088 οικοῦντα,
2437 4022 2527 4076 τὸν
2560 4023 2787 4093 βασιλέα
2817 4025 3089 4097 προσήκει
3116 4023 3440 4094 θαυμάζειν.

2200 4198 2606 4271 Χαιρέμων.-
2631 4201 2810 4266 Ὃλως
2851 4203 3107 4272 κρεῖσσον
3137 4202 3236 4273 (g),
3265 4202 3365 4255 οὐκ
3398 4203 3464 4272 ἐᾷ
3489 4200 3716 4272 φρονεῖν

2133 4289 2296 4362 μέγα·

2218 4383 2511 4452 ’Δγ-τινοιν.
2541 4413 2610 4424 -
2652 4383 2960 4453 Ἀντίγονος
3002 4388 3032 4440 ὁ
3083 4384 3360 4456 βασιλεὺς,
3411 4383 3548 4454 πρός
3591 4398 3718 4434 τινα

2138 4473 2551 4548 μακαρίζουσαν
2593 4476 2756 4530 αὑτὸν
2795 4475 2994 4548 γραῦν·
3052 4478 3117 4530 Et
3155 4476 3328 4548 ᾕδεις,
3369 4473 3494 4543 ἔφη,
3525 4467 3574 4526 ὦ
3610 4474 3718 4544 μῆ-

456 4569 647 4625 matcr,
697 4568 1030 4629 quantorum
1069 4555 1342 4610 malorum
1387 4568 1606 4624 pannus
1659 4552 1752 4606 hic
1805 4557 2034 4609 exsistat

2135 4583 2255 4638 τερ,
2300 4567 2442 4620 ὅσων
2481 4567 2671 4622 κακῶν
2715 4569 2832 4622 ἐστι
2869 4566 3030 4622 τοῦτο
3077 4569 3140 4621 τὸ
3193 4568 3378 4638 ῥάκος,
3423 4565 3606 4629 δείξας
3656 4565 3720 4618 τὸ

455 4652 728 4718 (diadema
781 4649 1142 4723 monstrans),
1196 4650 1254 4704 in
1284 4657 1530 4703 stercore
1585 4646 1861 4717 iacentem
1925 4663 2036 4702 non

454 4743 692 4800 tolleres.

522 4834 844 4904 Epaminon.
868 4831 1366 4903 —Epaminondas
1393 4826 1713 4893 Thebanus,
1743 4839 2042 4900 conspecto

2138 4659 2396 4729 διάδημα,
2431 4659 2530 4712 οὐκ
2577 4659 2645 4714 ἂν
2673 4659 2772 4713 ἐπὶ
2795 4659 3032 4731 κοπρίας
3064 4658 3316 4733 κείμενον
3348 4658 3679 4719 ἐϐάστασας.

2226 4833 2493 4902 Ἐπαμιν.
2517 4860 2587 4874 —-
2622 4829 3038 4903 Ἐπαμινώνδας
3065 4832 3094 4884 ὁ
3120 4829 3359 4901 Θηϐαῖος
3393 4826 3517 4880 ίδὼν
3550 4843 3720 4895 στρα-

1969 4963 2202 5023 NOTAE.

530 5069 612 5138 (1⁵)
648 5066 1044 5132 Πολιτεύηται
1070 5063 1162 5118 ἐπ’
1206 5061 1490 5138 ’ἐξουᾳ-ίᾳ.
1537 5057 1707 5138 Quasi
1744 5073 1891 5138 cum
1935 5074 2034 5138 ἒς)-

457 5128 653 5195 testate
685 5128 941 5191 versetur
969 5152 983 5200 ;
1023 5146 1080 5189 et
1110 5142 1172 5189 ut
1206 5133 1347 5187 bene
1368 5130 1539 5186 Gesn.
1558 5130 1659 5184 .illa
1699 5135 1906 5200 utatur.
1940 5128 2030 5184 Sic

456 5224 651 5278 nempe
684 5199 1035 5278 temperanda
1069 5202 1433 5266 consuetudo,
1484 5216 1552 5254 ne
1579 5199 1753 5278 quasi“
1781 5214 1848 5278 ex;
1899 5214 2032 5278 con-

457 5268 665 5348 temptu
695 5268 1006 5348 periculum
1058 5283 1242 5348 creet;
1301 5268 2028 5348 nec.o_mniu_o_t‘ugiendus

457 5337 806 5417 conspectus,
829 5363 901 5402 ne
927 5337 1236 5417 beneﬁciis;
1260 5341 1528 5417 principis
1562 5337 1700 5417 nihil
1755 5337 2026 5417 fovearis;

456 5407 605 5488 quod
629 5419 765 5472 scite
786 5407 1134 5488 declaratum
1194 5407 1422 5484 rigentis
1444 5407 1781 5478 metaphora
1815 5423 1914 5477 per
1937 5407 2032 5460 ab-

458 5487 686 5542 sentiam
721 5487 871 5558 solis.
985 5556 1010 5558 _
1095 5554 1105 5558 _
1169 5553 1184 5558 _
1487 5551 1502 5558 _
1566 5551 1600 5558 ,
1735 5548 1767 5558 ,,
1809 5547 1821 5558 .

531 5558 603 5628 (g)
633 5557 952 5628 Κρεῖσσον.
984 5553 1221 5628 Perinde
1246 5567 1310 5628 ea
1329 5566 1434 5628 vo};
1471 5551 1539 5605 de
1566 5551 1680 5628 Deo
1710 5548 2029 5628 diciqueat,

459 5640 514 5681 et
538 5619 616 5679 de
647 5619 870 5688 virtute,
903 5641 1006 5679 nec
1034 5625 1088 5677 in
1111 5633 1222 5678 tam
1278 5623 1430 5676 brevi
1482 5619 1757 5673 sententia
1791 5619 2032 5672 discerni

460 5697 620 5751 facile
641 5701 842 5765 potest,
863 5711 972 5763 quo
995 5708 1111 5747 cam
1131 5707 1294 5746 sensu
1316 5702 1508 5746 auctor
1533 5688 1834 5758 usurparit.
1865 5688 2033 5758 Equi-

2136 5063 2265 5118 dem
2291 5078 2417 5134 cum
2445 5061 2611 5134 Gesn.
2636 5061 2883 5134 proclive
2910 5060 3178 5134 virtutem
3221 5057 3464 5134 reddidi,
3485 5057 3574 5112 cui
3601 5071 3719 5134 ma—

2134 5134 2278 5189 xime
2316 5133 2610 5188 insidiatur
2636 5127 2935 5202 —superbia,
2970 5146 3068 5198 per
3109 5131 3228 5200 ejus
3259 5129 3425 5182 etiam
3473 5127 3720 5202 occasio-

2132 5219 2259 5258 nem
2289 5204 2595 5259 fomcntum
2651 5198 2916 5264 sumens;
2948 5215 3072 5254 cum
3138 5198 3282 5254 Deus
3335 5198 3594 5266 superbis
3633 5211 3720 5250 re-

2132 5275 2311 5338 sistat,
2347 5275 2609 5343 omnique
2639 5271 3023 5343 modogahgilla
3047 5277 3250 5330 arceat,
3275 5269 3445 5343 etiam
3489 5267 3719 5343 permit-

2131 5335 2306 5399 tendo
2347 5345 2451 5398 alia
2490 5335 2670 5414 turpia
2711 5351 2768 5398 et
2814 5340 3023 5414 bellum
3082 5335 3564 5414 perturbationum
3593 5335 3717 5414 ;_dc

2131 5430 2241 5482 quo
2282 5414 2516 5484 proinde
2556 5406 2763 5478 v'erius,
2811 5411 2872 5464 τὸ
2901 5406 3174 5484 κρεῖσσον,
3236 5423 3348 5484 non
3397 5406 3718 5484 sincre_ho-

2131 5476 2334 5539 minem
2361 5485 2532 5538 altum
2554 5476 2771 5553 sapere,
2791 5476 2955 5557 quam
2973 5479 3041 5533 de
3054 5481 3262 5557 virtute
3284 5477 3386 5557 :__de
3403 5492 3512 5546 qua
3537 5476 3715 5531 solum

2129 5571 2343 5621 verum,
2363 5549 2638 5624 quatenus
2667 5549 2927 5624 superbia
2951 5550 3114 5621 perit,
3157 5549 3474 5602 humilitate
3526 5559 3719 5601 serva-

2133 5635 2221 5678 tur
2251 5642 2314 5682 ac
2337 5625 2668 5681 concrescit.
