4066 6146
372 301 468 365 781

1667 302 1833 362 LOCI
1872 302 2307 364 COMMUNES.

3505 299 3610 364 782

369 408 592 464 τόπεδον
619 410 759 481 μέγα
789 411 883 465 καὶ⁸
909 413 1093 479 καλὸν,
1127 409 1431 484 στρατηγὸν
1464 409 1564 462 οὐκ
1591 409 1712 480 ἕχον
1737 426 1750 440 ·
1797 411 1939 464 Ἠλί-

2049 413 2252 483 ingenti
2283 413 2525 467 exercitu
2556 413 2858 483 proboque,
2897 425 3060 481 quem
3091 410 3388 480 imperator
3417 409 3616 468 delice-

374 519 487 564 κον,
528 503 657 570 ἔφη,
680 501 868 572 θηρίον
897 503 1149 573 καφαλὴν
1173 505 1273 556 οὐκ
1310 503 1456 572 ἐχειξ·

355 617 358 620 ·
443 595 762 647 Φιλίππου.
797 596 990 648 -Τὸν
1028 595 1249 665 βασιλέα
1301 596 1384 648 δεῖ
1429 595 1812 665 μνημονεύειν,
1863 597 1945 648 ὃτι

373 685 658 755 ἄνθρωπος
690 685 765 738 ὢν
803 686 1054 753 ἐξουσίαν
1079 688 1302 756 εἴληφεν
1339 685 1575 758 [ἐλαϐεν]
1612 686 1838 752 ἰσόθεον,
1862 686 1946 739 ἵνα

374 774 714 844 προαιρῆται
766 777 864 844 μὲν
901 775 970 829 τὰ
1008 776 1148 830 καλὰ
1179 777 1272 829 καὶ
1299 775 1438 840 θεῖα,
1477 777 1739 847 φρονήσει
1768 775 1824 828 δὲ
1853 778 1948 829 ἀν-

375 865 621 938 θρωπίνῃ
645 866 863 936 χρῆται.

447 956 508 1008 Εἰ
562 953 740 1024 βούλει
786 955 883 1025 τὴν
945 955 1126 1010 οἰκίαν
1185 950 1245 1009 εὗ
1294 955 1583 1022 οἰκεῖσθαι,
1629 957 1797 1028 μιμοῦ
1854 959 1945 1012 τὸν

376 1048 722 1118 Σπαρτιάτην
785 1047 1126 1119 Λυκοῦργον.
1165 1050 1261 1101 Ὃν
1293 1048 1400 1119 γάρ
1426 1051 1624 1120 τρόπον
1655 1052 1714 1104 οὐ
1740 1052 1944 1122 τείχεσι

377 1137 474 1206 τὴν
525 1137 676 1190 πόλιν
718 1136 972 1209 ἔφραξεν,
1033 1139 1149 1192 ἀλλ’
1198 1141 1366 1210 ἀρετῇ
1422 1142 1549 1205 τοὺς
1603 1142 1946 1205 ἐνοικοῦντας

375 1229 686 1298 ὠχύρωσεν,
737 1230 830 1282 καὶ
874 1230 1166 1294 διαπαντὸς
1205 1233 1470 1302 ἐτήρησεν
1525 1233 1814 1302 ἐλευθέραν
1849 1233 1946 1302 τὴν

376 1319 562 1371 πόλιν·
605 1319 774 1383 οὕτως
820 1321 915 1373 καὶ
961 1323 1045 1386 σὺ,
1087 1321 1162 1392 μὴ
1210 1323 1452 1393 μεγάλην
1482 1325 1652 1394 αὐτὴν
1682 1324 1945 1396 περίϐαλε

374 1411 466 1462 καὶ
493 1410 706 1480 τοίχους
739 1411 979 1480 ὑψηλοὺς
1022 1413 1238 1477 ἀνίστα,
1270 1415 1403 1469 ἀλλά
1453 1417 1580 1478 τοὺς
1601 1417 1945 1481 ἐνοικοῦντας

374 1501 579 1571 εὐνοίᾳ,
609 1505 701 1555 καὶ
735 1503 934 1568 πίστει,
965 1505 1059 1556 καὶ
1089 1505 1242 1576 φιλίᾳ
1273 1507 1517 1577 στήριξε,
1559 1509 1654 1562 καὶ
1681 1511 1836 1563 οὐδὲν
1866 1513 1947 1574 είς

374 1593 543 1663 αὐτὴν
571 1593 935 1648 εἰσελεύσεται
962 1596 1250 1667 βλαϐερὸν,
1285 1599 1391 1652 οὐδ’
1422 1600 1488 1653 ἂν
1515 1601 1574 1654 τὸ
1597 1601 1818 1671 σύμπαν
1848 1605 1947 1674 τῆς

374 1683 572 1745 κακίας
603 1685 987 1754 παρατάξηται
1019 1689 1224 1755 στῖφος.

2049 514 2166 557 ret:
2197 503 2429 569 Quanta.
2471 505 2670 573 inquit,
2698 504 2875 557 bestia
2904 510 3069 572 caput
3095 517 3205 555 non
3232 501 3441 556 habet?

2117 591 2371 662 Philippi.
2415 594 2628 646 —Rex
2677 591 2992 646 meminisse
3039 590 3224 654 debet,
3275 590 3441 644 homo
3492 606 3616 645 cum

2049 679 2137 744 sit,
2167 696 2356 749 parem
2383 681 2495 734 Deo
2525 688 2848 749 potestatem
2893 678 3191 748 accepisse,
3227 685 3287 731 ut
3331 693 3454 747 qua:
3482 695 3610 747 prae-

2049 772 2198 826 clara
2229 781 2358 826 sunt
2385 781 2550 840 atque
2578 771 2763 825 divina
2787 770 2972 824 animo
2996 769 3199 840 deligat
3222 785 3285 823 ac
3305 770 3610 825 constituat

2047 871 2104 917 et
2135 863 2430 932 prudentia
2463 871 2649 917 utatur
2683 863 2941 917 humana.

2118 955 2174 1010 Si
2205 956 2290 1010 vis
2315 957 2537 1009 domum
2571 955 2713 1010 bene
2753 954 3012 1019 habitari,
3048 953 3357 1025 Lycurgum
3400 951 3620 1022 Sparta-

2045 1064 2178 1103 num
2209 1047 2946 1114 imitare.'Quemadmodum
2981 1047 3129 1101 enim
3165 1045 3253 1100 ille
3304 1062 3413 1100 non
3449 1045 3622 1100 muris

2047 1141 2217 1196 cinxit
2247 1141 2464 1206 urbem,
2502 1142 2596 1195 sed
2621 1141 2825 1194 virtute
2860 1141 3068 1194 incolas
3095 1139 3409 1201 obvallavit,
3452 1138 3532 1193 sic
3561 1147 3618 1192 tu

2047 1248 2287 1302 quoque,
2316 1248 2386 1286 ne
2438 1249 2695 1302 magnum
2753 1232 2955 1285 atrium
3015 1230 3240 1301 cingito,
3298 1246 3435 1285 neve
3480 1230 3621 1284 altos

2046 1325 2222 1378 excita
2255 1325 2519 1393 parietes,
2555 1323 2649 1378 sed
2684 1324 2777 1392 qui
2811 1323 3036 1377 domum
3069 1323 3321 1375 habitent
3375 1321 3621 1375 benevo-

2046 1415 2214 1470 lentia
2237 1425 2292 1469 et
2324 1414 2427 1469 ﬁde
2450 1423 2504 1469 et
2528 1415 2766 1468 amicitia
2797 1413 3035 1478 ﬁrmato,
3092 1413 3344 1483 nihilque
3394 1413 3450 1466 in
3499 1427 3622 1466 eam

2048 1508 2272 1583 noxium
2303 1506 2458 1577 561
2510 1506 2878 1576 ingredietur,
2918 1505 3004 1560 vel
3065 1505 3112 1560 si
3159 1505 3339 1562 omnis
3399 1504 3624 1559 malitiae

2047 1611 2258 1652 cuneus
2288 1597 2498 1650 infensa
2531 1596 2649 1650 acie
2677 1603 2848 1665 petat.

444 1776 652 1844 Μηδεὶς
687 1777 796 1830 τῶν
835 1752 1127 1849 φρονίμων⁷
1155 1779 1250 1833 τοῦ
1291 1781 1482 1852 ἄρχειν
1524 1782 1939 1855 ἀλλοτριούσθω.

2119 1777 2292 1831 Nemo
2317 1775 2412 1844 qui
2455 1775 2723 1844 praeditus
2763 1752 3063 1844 prudentia
3119 1775 3219 1840 sis,
3264 1778 3623 1848 magistratus

373 1864 484 1916 Καὶ
515 1864 623 1935 γάρ
655 1866 849 1930 ἀσεϐὲς
877 1867 937 1920 τὸ
966 1869 1222 1940 ἀποσπᾷν
1269 1872 1459 1924 ἐαυτὸν
1490 1874 1590 1944 τῆς
1621 1875 1730 1928 τῶν
1753 1876 1944 1945 δεομέ-

371 1973 476 2010 νων
506 1960 831 2029 εὐχρηστίας
853 1959 1185 2046 [εὐχαριστ.]
1216 1965 1311 2017 καὶ
1347 1965 1539 2032 ἀγενές
1579 1967 1637 2019 τὸ
1666 1970 1778 2032 τοῖς
1803 1971 1944 2036 φαύ-

371 2047 486 2113 λοις
518 2054 891 2121 παραχωρεῖν.
937 2053 1186 2124 Ἀνόητον
1215 2055 1324 2124 γὰρ
1347 2055 1407 2108 τὸ
1437 2059 1712 2124 αἱρεῖσθαι
1757 2061 1946 2124 κακῶς

372 2140 638 2211 ἄρχεσθαι
679 2143 900 2213 μᾶλλον,
927 2143 960 2216 ἢ
993 2144 1176 2210 καλῶς
1204 2145 1415 2218 ἄρχειν.

441 2321 622 2374 Δεινὸν
655 2322 750 2374 καὶ⁹
779 2323 1163 2392 χαλεπώτατον
1195 2327 1321 2388 τοὺς
1356 2325 1574 2394 χείρους
1603 2326 1711 2380 τῶν
1739 2326 1945 2397 βελτιό-

371 2426 480 2463 νων
515 2412 724 2482 ἇρχειν,
765 2411 987 2476 καὶτοὺς
1015 2415 1397 2487 ἀνοητοτέρους
1441 2419 1554 2480 τοῖς
1607 2419 1944 2488 φρονιμωτέ-

373 2518 490 2573 ροις
529 2505 902 2573 προστάττειν.

436 2593 728 2661 Εὐμένης.
750 2596 1090 2667 -Εὐμένης
1125 2599 1153 2650 ό
1183 2597 1435 2667 βασιλεὺς
1466 2597 1618 2667 ἔλεγε
1647 2603 1760 2664 τοῖς
1790 2601 1943 2656 ἀδελ-

367 2686 488 2752 φοῖς
517 2685 827 2750 διαπαντός·
879 2689 1003 2742 Ἐὰν
1035 2689 1135 2758 μὲν
1167 2690 1244 2752 ὡς
1291 2689 1505 2760 βασιλεῖ
1537 2693 1942 2763 προσφέρησθε,

366 2774 445 2838 ὡς
494 2776 744 2846 ἀδελφοῖς
792 2779 920 2848 ὑμῖν
965 2780 1301 2852 χαρίσομαιο
1347 2783 1443 2837 ἐὰν
1487 2783 1545 2837 δὲ
1590 2784 1666 2847 ὼς
1705 2784 1940 2854 ἀδελφῷ,

364 2865 478 2934 ἐγὼ
509 2867 640 2936 ύμῖν
661 2868 736 2931 ὡς
774 2869 1046 2938 βασιλεύς.

436 2960 648 3025 Κότυς.
684 2962 856 3026 Κότυς
887 2965 915 3015 ὁ
959 2963 1068 3016 τῶν
1114 2963 1348 3036 Θρᾳκῶν
1381 2964 1652 3034 βασιλεὺς,
1688 2965 1941 3036 Θηϐαίων

368 3051 780 3120 σεμνυνομένων
830 3053 911 3106 ὅτι
945 3054 1391 3124 Λακεδαιμονίων
1427 3057 1728 3124 ἡγήσαντο·
1773 3057 1937 3125 Ἐγὼ,

365 3138 551 3209 φησὶν,
609 3142 830 3212 ἑώρακα
864 3145 1199 3215 χειμάρρους
1240 3147 1499 3217 ποταμῶν
1559 3148 1783 3217 μείζους
1830 3149 1937 3202 τῶν

363 3232 604 3284 ἀεννάων
642 3233 986 3302 γενομένους,
1021 3234 1134 3286 ἀλλ’
1161 3235 1342 3303 ὀλίγον
1372 3237 1581 3307 χρόνον.

447 3323 505 3376 '0
545 3325 705 3386 αὐτὸς
735 3326 1054 3395 ἐρωτηθεὶς,
1097 3327 1216 3380 Τίνι
1246 3329 1681 3399 καταλιμπάνεις
1696 3330 1756 3383 τὸ
1783 3329 1938 3401 βασί-

363 3412 538 3480 λειον;
570 3414 693 3484 ἔφη’
726 3415 815 3484 Τῷ
841 3417 1138 3486 δυναμένῳ.

434 3506 650 3559 Φίλων.
686 3535 753 3546 -
775 3507 852 3576 Τῇ
887 3507 985 3575 μὲν
1013 3508 1172 3578 οὐσίᾳ
1201 3508 1294 3562 τοῦ
1333 3508 1605 3580 σώματος,
1653 3511 1764 3574 ἴσος
1800 3528 1936 3564 παν-

361 3595 454 3659 τὸς
493 3596 781 3667 ἀνθρώπου
810 3601 838 3650 ὁ
875 3599 1160 3668 βασιλεύς·
1190 3604 1252 3671 τῇ
1303 3601 1520 3671 ἐξουσίᾳ
1561 3603 1617 3656 δὲ
1660 3604 1751 3655 τοῦ
1781 3604 1938 3670 ἀξιώ-

365 3703 558 3757 ματος,
608 3689 794 3758 ὅμοιός
828 3691 944 3742 ἐστι
984 3691 1044 3742 τὸ
1092 3692 1184 3744 ἐπὶ
1228 3693 1445 3746 πάντων
1492 3692 1629 3762 Θεῷ.
1665 3695 1779 3746 υύκ
1823 3695 1935 3764 ἔχει

360 3779 469 3849 γὰρ
498 3783 591 3833 ἐπὶ
616 3782 718 3851 γῆς
755 3783 923 3835 αὑτοῦ
959 3784 1310 3853 ὑψηλότερον.
1362 3783 1482 3854 Χρὴ
1525 3785 1703 3837 τοίνυν
1735 3785 1826 3836 καὶ
1860 3786 1935 3849 ὼς

357 3870 553 3943 θνητὸν
597 3873 672 3942 μὴ
705 3872 1052 3943 ἐπαίρεσθαι,
1083 3874 1176 3924 καὶ
1195 3873 1270 3936 ὡς
1310 3872 1442 3925 Θεὸν
1473 3872 1547 3943 μὴ
1594 3872 1931 3944 ὀργίζεσθαι.

360 3963 424 4016 El
452 3965 562 4034 γὰρ
594 3964 688 4017 καὶ
722 3965 890 4018 εἰκόνι
921 3965 1072 4034 θεῖκῇ
1120 3965 1429 4035 τετίμηται,
1470 3966 1606 4019 ἀλλὰ
1656 3968 1750 4019 καὶ
1787 3969 1932 4020 κόνει

261 4081 266 4088 -
357 4057 514 4125 χοῖκῇ
563 4056 1001 4125 συμπέπλεκται,
1037 4057 1104 4109 δι’
1136 4051 1204 4130 ἧς
1235 4057 1613 4112 ἐκδιδάσκεται
1656 4059 1756 4130 τὴν
1790 4065 1928 4132 πρὸς

359 4144 566 4208 πάντας
591 4145 867 4217 ἁπλότητα
899 4145 1258 4218 [dumorum].

425 4322 804 4376 Μσυσωνίου.
832 4351 903 4361 -
951 4322 1248 4393 Πειρατέον
1304 4326 1746 4395 καταπληκτικὸν
1793 4327 1931 4395 μᾶλ-

2050 1883 2192 1922 onus
2217 1867 2480 1922 exeutito.
2515 1867 2737 1921 Etenim
2785 1868 3020 1937 impium
3051 1877 3154 1932 est,
3210 1870 3448 1940 teipsum
3489 1870 3624 1926 sub-

2048 1959 2278 2024 ducere,
2308 1975 2376 2014 ne
2430 1959 2500 2013 iis
2548 1959 2732 2028 prosis
2769 1959 2863 2028 qui
2917 1969 3166 2029 egeant;
3223 1961 3623 2032 degenerisque

2049 2053 2220 2106 animi
2279 2052 2454 2116 labes,
2499 2059 2564 2104 ut
2623 2051 2789 2107 cedas
2836 2051 2968 2116 illis,
3010 2051 3106 2120 qui
3157 2052 3284 2106 mali
3332 2054 3620 2107 exsistant.

2043 2143 2346 2198 Dementiae
2372 2158 2610 2213 namque
2633 2151 2738 2206 est,
2776 2142 2938 2196 malle
2972 2142 3114 2196 male
3149 2142 3384 2212 imperio
3433 2144 3620 2210 subdi,

2045 2247 2208 2301 quam
2247 2233 2342 2286 illo
2377 2233 2517 2286 bene
2551 2247 2808 2302 praeesse.

2113 2325 2304 2378 Dirum
2333 2326 2902 2394 molestissimumque
2934 2331 3042 2389 est,
3073 2324 3380 2380 deteriores
3424 2325 3615 2379 melio-

2044 2415 2203 2470 ribus
2219 2432 2475 2486 praaesse,
2499 2433 2563 2471 ac
2589 2417 2682 2488 qui
2709 2417 3084 2472 dementiores
3099 2424 3248 2482 sunt,
3293 2417 3620 2487 prudentio-

2038 2507 2196 2563 ribus
2213 2507 2426 2578 jubere.
3063 2584 3065 2586 η
3142 2525 3146 2530 ‘

2113 2600 2396 2654 Eumenes.
2422 2631 2494 2640 —
2537 2600 2814 2655 Eumenes
2844 2615 2941 2656 rex
2980 2600 3177 2656 crebro
3229 2601 3499 2655 fratribus
3539 2597 3620 2654 di-

2042 2705 2170 2746 cere
2208 2691 2459 2746 solebat:
2488 2692 2545 2747 Si
2573 2709 2659 2747 me
2689 2702 2751 2748 ut
2782 2709 2912 2763 rege
2940 2694 3197 2759 utamini,
3228 2708 3332 2762 ego
3362 2700 3619 2762 tanquam

2042 2781 2312 2837 fratribus
2373 2783 2708 2853 indulgebo:
2775 2784 2861 2839 sin
2914 2793 3101 2839 autem
3161 2792 3224 2838 ut
3268 2785 3461 2848 fratre,
3519 2797 3621 2854 ego

2043 2871 2199 2925 vobis
2232 2879 2294 2926 ut
2321 2887 2438 2926 rex.

2113 2961 2287 3034 Cotys.
2314 2995 2386 3004 —
2408 2963 2574 3036 Cotys
2600 2963 2876 3019 Thracum
2915 2979 3033 3028 rex,
3072 2963 3439 3034 gloriantibus
3473 2962 3617 3018 The-

2041 3049 2200 3106 banis
2229 3053 2376 3122 quod
2421 3053 2852 3108 Lacedaemoniis
2892 3053 3276 3122 imperarent:
3341 3053 3486 3115 Vidi,
3535 3054 3618 3107 in—

2042 3142 2183 3210 quit,
2215 3151 2494 3197 torrentes
2521 3143 2861 3212 perennibus
2911 3143 3095 3197 ﬂuviis
3136 3144 3373 3214 majores
3423 3144 3618 3210 factos,

2040 3229 2133 3283 sed
2165 3228 2235 3282 ad
2265 3229 2432 3284 breve
2473 3238 2708 3300 tempus.

2105 3320 2254 3375 Idem
2282 3321 2651 3391 interrogatus
2675 3322 2764 3376 cui
2793 3323 3131 3392 relinqueret
3155 3335 3344 3376 arcem
3373 3322 3579 3392 regiam
3603 3341 3614 3375 :

2039 3409 2280 3474 Potenti,
2314 3412 2516 3480 inquit.

2104 3501 2364 3556 Philonis.
2385 3533 2454 3544 —
2479 3502 2740 3572 Corporis
2759 3503 2981 3572 quidem
3025 3505 3335 3560 substantia
3376 3521 3472 3560 rex
3499 3507 3615 3561 cui-

2040 3594 2121 3648 vis
2148 3595 2356 3648 homini
2393 3596 2621 3664 aequalis
2661 3604 2780 3650 est:
2815 3597 3101 3665 dignitatis
3145 3613 3280 3652 vero
3323 3607 3614 3667 potestate,

2036 3685 2168 3748 Deo,
2207 3685 2302 3754 qui
2323 3693 2408 3740 est
2437 3701 2604 3755 super
2632 3688 2817 3741 omnia
2845 3687 3018 3753 (Rom.
3056 3705 3132 3751 Ix,
3160 3689 3238 3757 5),
3275 3691 3470 3745 similis
3510 3701 3612 3746 est.

2037 3772 2152 3828 Non
2179 3776 2327 3830 enim
2359 3776 2524 3830 habet
2563 3793 2728 3847 super
2774 3787 2997 3843 terram,
3035 3780 3129 3849 qui
3178 3781 3274 3836 illo
3326 3783 3618 3838 sublimior

2036 3868 2126 3922 sit.
2155 3865 2350 3938 Opera:
2378 3869 2613 3939 pretium
2642 3871 2830 3940 igitur,
2856 3881 2921 3926 ut
2941 3881 2998 3927 et
3035 3874 3194 3942 quasi
3224 3876 3472 3930 mortalis
3504 3892 3613 3930 non

2035 3961 2350 4024 extollatur,
2385 3970 2442 4014 et
2471 3971 2527 4016 ut
2558 3963 2722 4026 Deus,
2775 3963 2856 4016 ira
2897 3979 3008 4017 non
3060 3965 3386 4034 abripiatur.
3434 3967 3616 4032 Quan-

2035 4067 2199 4120 quam
2231 4052 2376 4106 enim
2401 4053 2589 4109 divina
2615 4055 2853 4126 imagine
2896 4055 3203 4112 honoratus
3232 4065 3336 4122 est,
3388 4067 3612 4114 terreno

2036 4152 2217 4197 tamen
2249 4145 2467 4213 pulveri
2491 4147 2785 4216 copulatus
2813 4157 2918 4213 est,
2966 4163 3076 4218 quo
3129 4147 3363 4204 docetur
3388 4166 3509 4206 esse
3552 4168 3612 4207 se

2032 4237 2292 4290 omnibus
2325 4237 2581 4292 similem.

2101 4327 2348 4382 Musonii.
2383 4358 2449 4368 —-
2479 4329 2804 4385 Conandum
2837 4342 2922 4387 est
2950 4340 3011 4386 ut
3051 4333 3288 4389 subditis
3318 4336 3610 4392 venerabi—

356 4410 447 4464 λον
499 4414 612 4476 τοῖς
657 4414 1004 4484 ὑπηκόοις,ἢ
1049 4415 1282 4485 φοϐερὸν
1328 4414 1684 4485 θεωρεῖσθαι’
1719 4417 1798 4488 τῷ
1830 4419 1927 4488 μὲν

2041 4417 2157 4483 lior,
2193 4435 2355 4489 quam
2391 4421 2696 4477 terribilior
2742 4423 2998 4478 videare:
3049 4425 3209 4480 alteri
3236 4427 3386 4482 enim
3427 4429 3604 4485 hone-

355 4503 467 4574 γὰρ
506 4503 770 4584 σεμνότης
802 4504 886 4578 [τὸ
911 4506 1280 4579 σεμνότητος],
1314 4508 1392 4578 τῷ
1421 4508 1478 4560 δὲ
1514 4509 1747 4580 ἀπήνεια
1793 4527 1934 4582 παρ-

353 4595 659 4650 ακολουθεῖ.

425 4708 738 4774 Δημοκρίτ.
765 4736 837 4746 --
858 4706 1077 4776 Πονηρά
1125 4705 1288 4775 φύσις
1321 4706 1571 4770 ἐξουσίας
1603 4707 1932 4778 ἐπιλαϐομέ-

353 4813 440 4869 νη,
471 4798 735 4868 δημοσίας
761 4799 1132 4868 ἀπεργάζεται
1167 4799 1467 4870 συμφοράς.

438 4913 768 4966 Ἀντισθέν.
800 4943 872 4953 -
899 4913 1032 4965 Τότε
1067 4912 1165 4975 τὰς
1200 4912 1383 4976 πόλεις
1418 4911 1754 4966 ἀπόλλυσθαι
1790 4929 1928 4983 συμ-

351 5002 550 5067 ϐαίνει,
583 5004 712 5056 ὅταν
752 5003 830 5073 μὴ
861 5004 1119 5058 δύνωνται
1165 5003 1214 5055 οί
1259 5002 1589 5074 κρατοῦντες
1631 5003 1757 5066 τοὺς
1787 5003 1927 5075 φαύ-

349 5095 477 5158 λους
510 5097 573 5147 ἐκ
600 5095 708 5148 τῶν
738 5094 1041 5148 σπουδαίων
1071 5095 1386 5164 διακρίνειν.

434 5206 766 5274 Ἐπισφαλές
798 5206 1106 5277 μαινομένῳ
1135 5205 1318 5260 δοῦναι
1359 5208 1660 5278 μάχαιραν,
1702 5210 1798 5262 καὶ
1826 5227 1925 5280 μο-

269 5312 274 5316 ·
351 5295 541 5368 χθηρῷ
568 5297 821 5367 δύναμιν.

419 5411 792 5478 Μενάνδρου.
845 5440 914 5451 -
969 5408 1207 5473 Πλοῦτος
1264 5409 1550 5477 ἀλόγιστος
1599 5412 1921 5482 προσλαϐὼν

350 5503 619 5569 ἐξουσίαν,
649 5502 742 5554 καὶ
765 5503 890 5564 τοὺς
921 5503 1131 5570 φρονεῖν
1158 5501 1449 5565 δοκοῦντας
1469 5504 1730 5575 ἀνοήτους
1758 5509 1918 5561 ποιεῖ.

419 5678 679 5747 Δημοσθ.
705 5707 761 5720 -
795 5677 869 5731 Τὸ
902 5676 1010 5749 γὰρ
1035 5671 1093 5731 εὖ
1129 5678 1392 5748 πράττειν
1421 5679 1574 5752 παρὰ
1605 5681 1705 5753 τὴν
1737 5683 1919 5751 ἀξίαν,

2033 4511 2190 4566 statis
2217 4512 2477 4581 gravitas,
2509 4514 2678 4568 alteri
2713 4513 2973 4572 ferocitas
3003 4533 3190 4574 comes
3230 4529 3335 4576 est.

2098 4708 2382 4764 Democrit.
2433 4742 2500 4751 —
2531 4711 2740 4767 Pravus
2786 4728 3005 4769 animus
3054 4724 3278 4786 arrepta
3331 4725 3605 4788 potestate

2029 4801 2281 4870 publicas
2310 4803 2652 4858 calamitates
2676 4819 2740 4858 ac
2779 4804 2965 4858 clades
3002 4805 3182 4861 aﬂ‘ert.

2100 4907 2327 4969 Antistii.
2358 4944 2427 4956 —-
2461 4915 2619 4971 Tunc
2659 4916 2924 4972 nimirum
2950 4918 3117 4975 urbes
3143 4922 3414 4994 contingit
3461 4924 3608 4979 inte-

2027 5001 2159 5069 rire,
2187 5019 2313 5058 cum
2342 5005 2402 5071 ii,
2452 5007 2548 5076 qui
2603 5023 2789 5063 rerum
2821 5010 3133 5082 potiuntur,
3167 5013 3342 5072 malos
3370 5031 3400 5070 a
3445 5016 3607 5074 bonis

2027 5094 2345 5152 discernere
2368 5113 2478 5152 non
2503 5099 2705 5154 valent.

2095 5209 2165 5265 Ut
2189 5209 2400 5266 furioso
2419 5212 2684 5282 gladium,
2719 5213 2799 5268 sic
2828 5214 3083 5285 improbo
3130 5226 3462 5289 potestatem
3486 5231 3602 5278 tra-

2025 5297 2176 5364 dere,
2205 5301 2600 5370 periculosum.

2093 5411 2397 5469 Menandri.
2456 5446 2528 5455 ——
2579 5415 2874 5485 Opulentia
2920 5420 3151 5476 rationis
3197 5400 3387 5480 exsors
3439 5437 3601 5484 nacta

2023 5511 2376 5570 potestatem,
2405 5519 2500 5559 eos
2520 5507 2686 5560 etiam
2723 5508 2819 5577 qui
2855 5523 3049 5578 sapere
3082 5511 3438 5580 videbantur,
3467 5519 3602 5573 stul-

2025 5601 2110 5648 tos
2141 5595 2345 5650 reddit.

2095 5686 2365 5742 Demosth.
2397 5719 2466 5728 —
2490 5688 2628 5745 Nam
2666 5693 2814 5761 quod
2844 5695 2969 5764 quis
2995 5711 3161 5767 supra
3192 5715 3354 5769 quam
3386 5716 3449 5754 ex
3486 5701 3601 5755 suis
