4066 6146
496 275 600 337 182
698 258 705 262 '

1664 273 1728 335 S.
1766 270 2055 333 ΜΑΧΙΜΙ
2097 270 2605 334 CONFESSORIS

2575 176 2689 195 ._N‘

3653 273 3788 343 ’γει

498 386 811 442 rationibus
836 384 1064 439 exsistat
1091 397 1355 453 prospere
1382 383 1513 454 agit,
1543 384 1762 438 occasio
1792 393 1897 451 est,
1928 392 1987 439 ut
2026 389 2083 436 et

2199 384 2410 455 ὶφορμὴ
2456 386 2551 440 τοῦ
2598 385 2795 450 ’κακῶς
2855 390 3073 460 φρονεῖν
3130 391 3281 461 παρά
3330 394 3428 465 τὴν
3485 389 3645 456 ἀξίαν
3695 392 3785 461 γί-

499 495 665 550 supra
695 494 856 551 quam
893 494 959 533 ex
995 477 1105 531 illis
1133 476 1412 541 videatur,
1447 476 1704 546 desipiat.

1024 613 1186 684 562
1221 612 1454 670 SERMO
1494 614 1561 669 x.

839 726 917 781 De
955 728 1346 798 vituperatione
1383 738 1431 781 et
1471 729 1768 783 calumnia.

569 839 759 894 Matth.
796 856 848 903 v,
881 841 966 893 11.
1000 869 1067 879 -—
1098 839 1251 893 Beati
1278 837 1459 905 eritis,
1486 854 1611 893 cum
1647 839 1850 910 probra
1900 838 1954 891 in
1990 852 2089 893 vos

500 928 865 1000 conjecerint,
901 938 958 983 et
992 927 1274 997 persecuti
1307 943 1406 982 vos
1457 926 1688 992 fuerint,
1731 935 1789 983 et
1838 926 2089 981 dixerint

498 1035 663 1075 omne
696 1021 904 1074 malum
952 1019 1188 1074 verbum
1249 1019 1549 1075 adversum
1606 1034 1704 1075 vos
1755 1018 2090 1075 mentientes

497 1122 731 1184 propter
773 1128 883 1167 me.

567 1205 597 1259 l
640 1203 761 1259 Cor.
794 1220 867 1269 ιν,
894 1204 989 1258 ⁸12.
1030 1233 1102 1244 --
1123 1203 1529 1270 Maledicimur,
1570 1213 1629 1259 et
1658 1202 2083 1261 benedicimus:

498 1296 974 1367 blasphemamur,
1014 1304 1071 1351 et
1107 1296 1490 1352 obsecramus.

569 1388 730 1443 Prov.
760 1405 815 1454 ι,
842 1388 930 1442 18.
956 1418 1025 1427 -
1046 1382 1322 1458 Operiunt
1355 1388 1705 1444 inimicitiam
1734 1388 1879 1445 labia
1906 1389 2086 1460 iusta:

500 1481 596 1552 qui
649 1489 839 1535 autem
904 1479 1199 1534 maledicta
1260 1479 1576 1549 proferunt,
1645 1479 2090 1551 insipientissimi

500 1582 654 1630 sunt.

572 1667 739 1722 Eccli.
771 1682 960 1731 xxvm,
994 1665 1082 1720 Η.
1110 1694 1182 1704 -
1210 1663 1308 1719 Vir
1329 1665 1642 1721 scelerosus
1669 1664 1918 1720 turbabit
1945 1661 2091 1718 ami-

501 1775 616 1823 cos,
645 1768 701 1813 et
731 1758 877 1813 inter
902 1756 1114 1812 medios
1148 1769 1341 1825 pacem
1387 1756 1714 1811 habentium
1768 1756 1938 1827 jaciet
1980 1770 2089 1811 ca-

499 1850 766 1906 lumniam
818 1866 833 1902 :
869 1855 929 1902 ut
962 1848 1195 1902 materia
1217 1847 1360 1919 ignis
1385 1848 1468 1902 sic
1491 1848 1835 1904 exardescet.

572 1945 739 2001 Eccli.
771 1953 855 2010 ιι,
894 1946 944 1998 7.
978 1974 1050 1984 —
1078 1943 1411 2014 Priusquam
1453 1944 1789 2016 interroges,
1835 1960 1908 2001 ne
1940 1946 2094 2001 vitu-

416 2023 450 2061 ’ἶ
499 2052 664 2110 peros
694 2053 708 2100 ;
733 2034 982 2105 intellige
1010 2032 1276 2104 primum,
1301 2041 1358 2088 et
1384 2043 1517 2089 tunc
1539 2035 1781 2105 corripe.

573 2126 787 2183 Basilii.
818 2157 889 2166 —
919 2127 1042 2182 Non
1075 2126 1250 2182 verba
1300 2127 1416 2197 ipsa
1465 2111 1717 2183 dolorem
1765 2128 1975 2184 habent
2007 2129 2095 2183 in-

501 2232 717 2287 cutere,
754 2220 850 2276 sed
882 2227 1074 2275 nostra
1108 2220 1165 2274 in
1201 2234 1327 2275 eum
1353 2219 1451 2289 qui
1505 2220 1857 2276 conviciatur
1899 2235 2095 2290 super-

502 2316 594 2370 bia
625 2324 685 2370 et
715 2320 1094 2382 contemptus,
1123 2311 1440 2381 horumque
1467 2311 1818 2383 singulorum
1848 2312 2094 2383 cogitatu

504 2406 678 2461 animi
706 2402 1030 2475 pensitatio.

573 2498 769 2554 Solent
828 2512 1002 2568 prope
1048 2493 1268 2565 magnis
1332 2494 1722 2565 principibus,
1788 2496 2090 2552 illiberalia

504 2590 698 2647 isthasc
729 2588 999 2659 obsequia
1045 2586 1355 2652 adhaerere,
1388 2593 1452 2641 ut
1497 2601 1625 2642 cum
1660 2589 1889 2657 proprio
1943 2588 2092 2643 bono

505 2694 753 2748 careant,
802 2696 914 2753 quo
961 2680 1357 2747 inclarescant,
1413 2694 1483 2735 ex
1522 2678 1723 2735 alienis
1764 2679 1922 2734 malis
1971 2680 2091 2750 ipsa

505 2791 627 2832 sese
665 2773 1082 2831 commendent.

577 2864 843 2936 Theologi.
868 2893 939 2903 —
972 2863 1095 2919 Non
1144 2876 1343 2934 magna
1378 2875 1470 2916 res
1518 2869 1606 2916 est
1639 2860 1921 2930 corripere
1952 2878 1965 2914 :
2004 2868 2092 2915 est

505 2955 658 3011 enim
688 2955 837 3011 istud
871 2954 1221 3020 facillimum,
1262 2968 1327 3008 ac
1352 2959 1539 3023 potest
1569 2952 1754 3022 quivis
1787 2956 2085 3022 praestare:
2112 3000 2117 3009 .

506 3058 658 3104 tuam
686 3066 819 3106 vero
844 3050 1089 3106 vicissim
1124 3048 1458 3104 sententiam
1479 3053 1835 3116 mentemque
1854 3045 2085 3111 inferre,

506 3141 565 3197 id
590 3157 724 3197 vero
753 3142 859 3197 viri
874 3141 1124 3212 religiosi
1152 3155 1218 3196 ac
1239 3138 1349 3195 cati
1373 3146 1479 3193 est.

576 3234 809 3291 Praestat
834 3233 976 3287 male
997 3231 1213 3296 audire,
1248 3244 1417 3300 quam
1456 3235 1518 3283 ut
1552 3228 1873 3284 maledicas.

575 3325 699 3381 Non
748 3324 1006 3395 vulgares
1056 3323 1236 3378 solum
1291 3320 1567 3386 homines,
1624 3319 1719 3375 sed
1777 3320 1873 3391 qui
1919 3320 2091 3379 etiam

506 3417 703 3489 optimi
725 3416 857 3481 sint,
886 3415 1113 3471 incessit
1141 3428 1378 3468 momus.

576 3505 840 3576 Chrysost.
863 3534 934 3544 —
961 3501 1438 3570 Quemadmodum
1468 3499 1858 3556 benedicentia
1884 3510 1944 3556 et
1972 3501 2091 3555 lau-

506 3596 659 3651 datio
722 3595 983 3649 amicitize
1042 3595 1201 3665 origo
1261 3600 1391 3659 est;
1444 3592 1524 3648 sic
1561 3581 1969 3649 maledicentia
2031 3604 2090 3651 et

507 3686 806 3749 calumnia,
840 3684 1148 3739 inimicitiae
1172 3683 1399 3757 odiique
1422 3698 1487 3738 ac
1515 3682 1787 3737 malorum
1830 3682 2089 3740 innume-

507 3776 767 3831 rabilium
805 3790 1005 3844 parens
1038 3790 1103 3830 ac
1130 3774 1275 3829 ratio
1302 3782 1409 3829 est.

577 3863 725 3920 Fieri
753 3880 865 3918 non
892 3872 1095 3934 potest,
1121 3873 1182 3919 ut
1214 3864 1310 3935 qui
1333 3864 1539 3918 virtute
1565 3863 1737 3918 vitam
1762 3863 2082 3931 instituunt,

502 3956 575 4011 ab
610 3955 874 4011 omnibus
914 3955 1055 4011 bene
1091 3954 1343 4010 audiant.

576 4042 635 4099 Si
665 4042 744 4096 illi
774 4044 869 4113 qui
900 4042 1054 4098 leves
1075 4051 1133 4098 et
1156 4044 1361 4097 inanes
1388 4041 1745 4096 narrationes
1774 4041 2082 4111 excipiunt,

506 4134 653 4191 haud
680 4134 839 4190 facile
866 4134 1085 4189 veniam
1126 4135 1238 4190 sint
1284 4135 1555 4201 habituri,
1594 4136 1692 4206 qui
1747 4136 2084 4191 calumniam

506 4235 730 4283 struunt
782 4227 1195 4296 detrahuntque
1251 4242 1316 4281 ac
1385 4227 1699 4283 maledictis
1759 4227 2081 4292 incessunt,

505 4336 670 4391 quam
691 4318 1069 4375 defensionem
1090 4319 1413 4374 habebunt?

574 4411 696 4466 Non
724 4406 907 4465 nobis’
932 4424 1095 4481 grave
1122 4410 1196 4464 sit
1236 4408 1386 4478 quod
1429 4409 1573 4464 male
1626 4408 1941 4475 audiamus,
1984 4410 2081 4466 sed

505 4502 653 4572 quod
679 4503 828 4572 juste
852 4502 995 4556 male
1024 4500 1337 4556 audiamus.

577 4593 833 4663 Plerique
890 4592 1182 4647 hominum
1240 4606 1470 4646 suorum
1536 4592 1755 4661 patroni
1816 4593 2080 4649 vitiorum

507 4684 815 4740 exsistunt:
853 4684 1032 4739 aliena
1062 4683 1363 4739 traducunt
1395 4698 1461 4738 ac
1490 4683 1884 4740 criminantur.

574 4859 870 4915 Plutarchi.
900 4892 949 4901 —-
995 4861 1209 4933 Lingua
1230 4860 1519 4927 maledica,
1542 4862 1703 4918 malae
1724 4865 1928 4920 mentis
1962 4882 2084 4921 cer-

510 4960 623 5005 tum
652 4953 916 5007 indicium
955 4960 1059 5007 est.

581 5042 740 5114 563
775 5044 1043 5098 Isocratis.
1074 5042 1307 5099 —Cave
1339 5043 1661 5111 calumnias,
1688 5045 1903 5100 etiamsi
1938 5045 2087 5101 falsae

2172 492 2357 545 vVEtat.

2780 623 3000 677 ΛΟΓΟΣ
3038 625 3074 677 I'
3106 624 3171 680 ".

2558 736 2698 804 Περὶ
2731 739 2928 808 ψόγου
2956 738 3055 793 καί
3088 739 3399 809 διαϐολῆς.

2259 844 2444 899 Ματθ.
2497 843 2674 900 E’.—
2715 849 2996 920 Μακάριοι
3050 851 3200 916 ἐστε,
3253 853 3382 907 ὅταν
3436 853 3784 911 ὀνειδίσωσιν

2191 931 2335 1001 ὑμᾶς
2372 935 2465 988 καὶ
2504 936 2789 1001 διώξωσιν,
2835 942 2930 993 κ-αὶ
2970 940 3169 995 εἴπωσι
3200 945 3311 996 πᾶν
3354 945 3589 1017 πονηρὸν
3623 948 3781 1019 ῥῆμα

2189 1024 2312 1077 καθ’
2341 1025 2495 1097 ὑμῶν
2522 1028 2844 1101 ψευδόμενοι
2865 1031 3052 1085 ἕνεκεν
3083 1033 3239 1104 ἐμοῦ.

2260 1197 2322 1253 B’
2363 1203 2604 1270 Κορινθ.
2675 1203 2752 1259 Δ’.
2806 1233 2879 1246 -
2916 1205 3352 1278 Λοιδορούμενοι,
3402 1210 3771 1284 εὐλογοῦμεν·

2148 1295 2158 1308 '
2192 1292 2700 1366 βλασφημούμενοι,
2726 1299 3178 1370 παρακαλῶμεν.

2262 1390 2510 1457 Παροιμ.
2558 1387 2623 1443 I'.
2664 1419 2735 1430 ——
2777 1391 3164 1447 Καλύπτουσιν
3220 1393 3421 1466 ἔχθραν
3481 1396 3634 1466 χείλη
3694 1398 3776 1451 δίο

2191 1499 2324 1536 καια
2353 1482 2462 1552 (Ιι)·
2493 1484 2542 1535 οἱ
2576 1482 2635 1537 δὲ
2682 1483 3009 1555 ἐκφέροντες
3048 1485 3338 1556 λοιδορίας,
3380 1489 3773 1557 ἀφρονέστατοι

2194 1575 2323 1627 εισι.
2372 1590 2376 1594 ‘
3783 1579 3786 1582 ’

2262 1666 2447 1735 Σιράχ
2475 1664 2613 1722 KH'.
2655 1696 2724 1707 —
2753 1666 2916 1738 Ἀνὴρ
2951 1669 3278 1740 ἁμαρτωλὸς
3301 1672 3532 1742 ταράξει
3559 1673 3769 1740 φίλους,

2194 1758 2288 1812 καὶ
2332 1759 2607 1828 ἀναμέσον
2652 1760 3040 1830 είρηνευὸντων
3096 1760 3254 1831 βαλεῖ
3300 1763 3583 1834 διαϐολήν·
3631 1766 3772 1819 κατὰ

2125 1853 2170 1910 Β
2198 1849 2296 1919 τὴν
2330 1847 2465 1919 ὕλην
2492 1848 2589 1902 τοῦ
2620 1849 2792 1918 πυρὸς
2822 1850 2994 1921 οὕτως
3030 1851 3450 1921 ἐκκαυθήσεται.

2279 1941 2569 2006 Talna.
2610 1939 2809 1995 ιΑό-
2861 1943 2997 2012 Πρὶν
3061 1942 3359 2009 ἐξετάσεις.
3418 1946 3494 2017 μὴ
3548 1946 3769 2018 μέμψη’

2195 2035 2387 2102 νόησον
2416 2032 2653 2105 πρῶτον,
2693 2034 2787 2087 καὶ
2814 2034 2933 2087 τότε
2965 2035 3213 2105 ὲπιτίμα.

2265 2126 2610 2179 Βασιλειου.
2636 2155 2708 2165 —-
2739 2125 2816 2178 Οὐ
2848 2126 2916 2179 τὰ
2956 2127 3180 2196 ρήματα
3219 2129 3432 2197 πέφυκε
3467 2129 3568 2194 τὰς
3597 2130 3773 2196 λύπας

2194 2218 2391 2269 κινεῖν·
2424 2216 2542 2269 ἀλλ’
2571 2214 2604 2286 ἡ
2639 2216 2781 2270 κατὰ
2810 2217 2904 2270 τοῦ
2950 2216 3362 2289 λοιδορήσαντος
3412 2223 3564 2291 ἡμᾶς
3604 2223 3772 2293 ὑπερ-

2192 2306 2345 2377 οψία,
2370 2307 2465 2361 καὶ
2498 2308 2531 2376 ἡ
2554 2307 2786 2362 ἑκάστου
2826 2307 3008 2361 αὐτῶν
3036 2308 3329 2380 ὑπεροψία.

2190 2474 2193 2477 ’
2266 2488 2553 2557 Πεφύκασί
2583 2504 2702 2552 πως
2739 2490 2861 2551 ταῖς
2910 2489 3176 2560 μεγάλαις
3217 2491 3557 2556 δυναστείαις
3587 2494 3643 2546 ai
3670 2496 3770 2549 ἀν-

2192 2576 2467 2649 ελεύθεροι
2498 2573 2658 2633 αὗται
2698 2579 3086 2651 παραφύεσθαι
3132 2580 3433 2651 θεραπεῖαι,
3478 2583 3536 2636 αῖ
3578 2584 3667 2637 διὰ
3700 2585 3766 2637 τὸ

2191 2671 2418 2742 ἀπορεῖν
2439 2673 2643 2726 οἰκείου
2676 2672 2885 2740 ἀγαθοῦ
2915 2675 2982 2726 δι’
3012 2666 3074 2727 οῦ
3118 2674 3513 2744 γνωρισθῶσιν,
3545 2677 3611 2730 ἐκ
3646 2676 3758 2731 τῶν

2191 2761 2486 2834 ἀλλοτρίων
2512 2765 2698 2817 κακῶν
2728 2765 2958 2829 ἑαυτοὺς
2993 2764 3335 2819 συνιστῶσιν.

2264 2855 2582 2923 Θεολότου.
2619 2855 2788 2908 -Τὸ
2838 2855 2939 2925 μὲν
2986 2855 3095 2927 γὰρ
3148 2858 3432 2928 ἐπιτιμᾷν,
3471 2857 3534 2911 ού
3580 2858 3763 2929 μέγα*
3791 2883 3803 2891 ·

2193 2947 2389 3017 ῥᾷστον
2414 2946 2523 3017 γὰρ
2548 2946 2641 3000 καὶ
2660 2945 2757 3000 τοῦ
2794 2946 3120 3019 βουλομένου
3139 2949 3343 3013 παντός
3358 2965 3374 2980 ο
3398 2950 3531 3004 τὸδὲ
3553 2952 3767 3006 ἀντεισ-

2191 3036 2345 3104 άγειν
2400 3039 2500 3109 τὴν
2544 3038 2742 3093 ἑαυτοῦ
2788 3038 3038 3111 γνώμην,
3096 3040 3296 3112 ἀνδρὸς
3357 3042 3614 3108 εὐσεϐοῦς
3669 3045 3768 3099 καὶ

2188 3126 2312 3179 νοῦν
2340 3125 2571 3196 ἔχοντος.

2264 3216 2468 3281 Κακῶς
2494 3216 2711 3272 ἀκούειν
2739 3219 3014 3290 κρεῖσσον,
3045 3220 3079 3288 ἢ
3105 3220 3287 3289 λέγειν
3313 3224 3522 3289 κακῶς.

2265 3308 2534 3363 Ἀπτεται
2591 3310 2653 3363 οὑ
2692 3309 2800 3363 τῶν
2838 3310 3053 3365 πολλῶν
3101 3315 3285 3382 μόνον,
3325 3314 3464 3368 ἀλλά
3519 3312 3615 3368 καὶ
3653 3313 3767 3369 τῶν

2192 3399 2432 3474 ἀρίστων
2463 3402 2492 3453 ὁ
2530 3400 2740 3472 μῶμος.

2259 3492 2561 3558 Χρυσοστ.
2595 3522 2668 3533 -
2691 3494 2902 3565 Ὠσπερ
2937 3495 2998 3549 τὸ
3027 3494 3209 3560 καλῶς
3250 3497 3435 3565 λέγειν
3462 3500 3557 3552 καὶ
3582 3500 3757 3567 ἐγκω-

2192 3579 2410 3650 μιάζειν
2450 3581 2594 3652 ἀρχὴ
2637 3583 2820 3651 φιλίας
2872 3585 3049 3638 ἐστίν’
3092 3585 3235 3639 οὕτω
3260 3589 3322 3640 τὸ
3351 3589 3537 3652 κακῶς
3583 3588 3763 3657 λέγειν

2189 3671 2284 3722 καὶ
2312 3670 2640 3738 διαϐάλλειν,
2668 3673 2887 3744 ἔχθρας,
2920 3675 3015 3729 καὶ
3063 3676 3383 3746 ἀπεχθείας,
3429 3678 3525 3732 καὶ
3551 3679 3762 3749 μυρίων

2187 3760 2375 3813 κακῶν
2405 3761 2547 3832 ἀρχὴ
2570 3764 2664 3817 καὶ
2690 3765 2950 3829 ὑπόθεσις
2973 3766 3221 3835 γέγονεν.

2259 3850 2333 3902 Ού
2386 3849 2611 3904 δυνατὸν
2655 3854 2781 3917 τοὺς
2818 3855 2880 3907 ἐν
2923 3857 3094 3928 ἀρετῇ
3146 3857 3315 3923 ’ὄντας
3362 3861 3513 3930 παρά
3542 3861 3762 3915 πάντων

2185 3943 2408 3998 ἀκούειν
2442 3944 2646 4009 καλῶς.

2255 4034 2319 4087 Et
2371 4035 2421 4087 oi
2472 4035 2905 4107 παραδεχόμενοι
2958 4036 3128 4110 ἀκοὴν
3181 4039 3419 4110 ματαίαν
3444 4040 3549 4095 οὐκ
3578 4042 3647 4095 ἂν
3672 4043 3764 4095 τύο

2183 4141 2331 4195 χοιεν
2377 4130 2737 4197 συγγνώμης·
2766 4130 2816 4181 οί
2846 4127 3226 4196 διαϐάλλοντες
3255 4134 3350 4186 καὶ
3394 4133 3763 4205 λοιδοροῦντες

2184 4217 2348 4270 ποίαν
2377 4217 2589 4285 ἕξουσιν
2622 4219 2957 4304 ἀπολογίαν;

2253 4401 2346 4472 Μὴ
2367 4400 2425 4454 εδ
2448 4400 2637 4466 κακῶς
2680 4401 2900 4458 ἀκούειν
2938 4402 3214 4476 ἀλγῶμεν,
3241 4405 3377 4461 ἀλλά
3413 4406 3491 4478 τῷ
3532 4409 3760 4470 δικαίως

2111 4527 2156 4582 D
2185 4493 2405 4549 ἀκούειν
2425 4494 2635 4557 κακῶς.

2254 4588 2316 4638 Οἱ
2347 4584 2532 4640 πολλοὶ
2577 4586 2687 4640 τῶν
2728 4585 3056 4658 ἀνθρώπων,
3098 4588 3206 4643 τῶν
3257 4590 3356 4658 μὲν
3399 4591 3544 4644 ἰδίων
3573 4592 3758 4661 ἁμαρ-

2179 4677 2442 4747 τημάτων
2469 4678 2758 4749 συνήγοροι
2789 4677 3063 4747 γίνονται·
3086 4679 3197 4733 τῶν
3223 4679 3281 4733 δὲ
3304 4672 3602 4753 ἀλλοτρίων
3626 4699 3760 4734 κατ-

2180 4769 2392 4838 ήγοροι.

2253 4818 2665 4927 ἀλουτάρχουζ
2680 4886 2751 4899 -
2773 4857 2999 4912 Γλῶσσα
3022 4818 3365 4931 βλάσφημος,
3388 4860 3627 4924 διανοίας
3660 4878 3759 4914 κα-

2179 4948 2284 5019 κῆς
2308 4949 2545 5019 ἔλεγχος.

2268 5043 2562 5112 Ἰσοκράτ.
2590 5076 2661 5086 —
2689 5043 2934 5098 Εύλαϐοῦ
2961 5046 3063 5110 τὰς
3094 5045 3370 5114 διαϐολὰς,
3412 5046 3515 5102 κᾶν
3540 5048 3760 5118 ψευδεῖς

1793 5184 2025 5240 VARI/li
2068 5185 2467 5241 LECTIONES.

586 5280 627 5308 λθ
656 5279 715 5333 in
737 5278 905 5334 Gesn.
940 5276 1157 5332 διοικιεο
1188 5279 1275 5332 70.

1211 5408 1214 5412 .
2033 5368 2263 5423 ΝυΤιλΕ.

587 5457 660 5550 ιι)
693 5456 2070 5550 {Keil/1:1“ognimfensusllittera::aduhlaximi’seo-
2181 5462 2317 5515 Heb.
2391 5473 2573 5518 tamen
2624 5474 2756 5550 “ipa;
2809 5464 3063 5535 falsitatis
3116 5466 3344 5521 habent.
3391 5468 3558 5539 Vulg.
3615 5470 3758 5526 labia

519 5540 645 5594 pum
692 5527 1325 5597 accommodatissimus:
1359 5530 1613 5597 Quijusti
1643 5538 1788 5589 sunt,
1838 5545 1945 5581 non
1977 5544 2075 5582 es-

519 5609 953 5666 se_susurron_cs,
979 5596 1074 5649 sed
1108 5599 1324 5666 operire
1348 5596 1487 5666 quas
1524 5599 1841 5651 inimicitias
1866 5608 1919 5649 et
1950 5600 2076 5653 odia

518 5660 720 5727 sciunt,
760 5679 827 5715 nc
856 5660 1182 5732 detegendo,
1210 5660 1476 5737 majuseis
1502 5668 1739 5721 fomenta
1757 5667 2074 5724 adhibeant.

2183 5556 2499 5633 mendacia;
2533 5557 2687 5624 quasi
2721 5558 2847 5633 dolo
2882 5557 3134 5626 maloque
3169 5560 3358 5614 animo
3387 5561 3505 5633 haec
3538 5564 3759 5633 operire

2187 5624 2588 5704 intelligantur,
2629 5636 2687 5679 nt
2730 5628 2781 5680 in
2820 5624 3062 5704 tempore
3123 5640 3378 5683 noceant.
3415 5624 3759 5704 Quid-lege-

2182 5693 2293 5747 rint
2347 5697 2393 5746 oi
2426 5695 2710 5758 Seniorcs,
2742 5708 2799 5750 ut
2828 5698 2897 5750 ita
2929 5693 3245 5762 redderent,
3282 5714 3390 5752 non
3415 5693 3609 5769 liquet.
