4066 6146
370 280 480 345 785

1582 276 1587 281 ’
1688 287 1858 347 LOCI
1895 286 2334 353 COMMUNES.

3550 304 3655 365 7:56

371 387 528 450 ὦσιν.
561 396 625 450 Οἱ
675 397 783 467 γὰρ
839 396 1042 464 πολλοὶ,
1085 397 1185 466 τὴν
1239 396 1338 466 μὲν
1363 395 1620 466 ἀλήθειαν
1676 397 1954 466 ἀγνοοῦσι,

2086 402 2287 456 uerint.
2314 402 2525 475 Vulgus
2549 403 2698 459 enim
2732 402 3025 459 veritatem
3050 405 3332 476 ignorans,
3361 410 3429 464 ad
3448 410 3656 473 [alnum

374 487 516 559 πρὸς
543 488 601 541 δὲ
629 489 730 560 τὴν
762 482 920 555 δόξαν
946 489 1372 544 ἀποϐλέπουσιν.

447 575 617 645 Οὗτος
645 581 887 646 ἀκούσας
917 583 1070 654 παρά
1100 598 1266 647 τινος,
1301 583 1383 637 δτι
1424 580 1482 635 ’0
1521 580 1670 635 δεῖνα
1715 580 1802 635 ἔπ’
1824 582 1962 654 ἐμοῦ

369 670 499 725 τάδε
543 672 688 725 κατὰ
724 671 818 727 σοῦ
884 671 1181 742 ὲλοιδόρειυ
1242 673 1305 725 El
1348 672 1422 744 μή
1464 671 1553 738 σὺ,
1585 666 1759 739 εἶπεν,
1792 672 1966 743 ἡδέως

379 764 645 836 ἤκουσας,
674 766 775 820 οὐκ
797 764 864 819 ἂν
887 766 1096 829 ἐκεῖνος
1126 762 1405 836 ἐλοιδόρει.

394 985 399 993 ,
452 944 769 1012 Δημοκρίτ.
801 973 874 987 --
905 943 970 999 Ἦ
999 942 1103 1014 μιν
1151 941 1402 1017 μάχαιρα
1429 942 1653 1016 τέμνει·
1686 946 1720 1017 ἠ
1751 944 1811 999 δὲ
1852 945 1970 1001 δια-

377 1036 507 1107 ϐολὴ
538 1036 759 1107 χωρίζει
785 1034 994 1104 φίλους.
1772 1064 1803 1081 κ

446 1126 783 1195 Σωκράτης.
810 1157 876 1167 -
918 1125 1379 1196 Ἀπαγγείλαντός
1403 1143 1550 1192 τινος
1583 1126 1756 1200 αὐτῷ,
1791 1128 1876 1182 δτι
1911 1127 1971 1181 '0

373 1218 522 1271 δεῖνά
547 1234 608 1269 σε
634 1216 815 1281 κακῶς
838 1216 1011 1286 λέγει,
1039 1218 1151 1272 Καὶ
1168 1215 1419 1272 τυπτέτω
1438 1233 1528 1289 με,
1555 1215 1683 1287 ἔφη,
1720 1217 1797 1288 μὴ
1828 1232 1972 1287 παρ-

372 1312 520 1362 όντα.
1494 1311 1521 1342 ⁹

453 1402 703 1474 Ψίθυρον
741 1403 836 1458 καὶ
880 1402 1132 1458 διάϐολον
1176 1401 1367 1475 ἄνδρα,
1400 1402 1476 1474 μὴ
1521 1400 1855 1474 παραδέχου.
1896 1400 1971 1454 Οὐ

374 1496 487 1567 γὰρ
518 1495 711 1550 ἕνεκεν
740 1497 956 1560 εὐνοίας
979 1495 1144 1550 τοῦτο
1179 1499 1345 1550 ποιεῖ.
1380 1496 1472 1560 Ὠς
1500 1494 1612 1567 γὰρ
1639 1494 1711 1548 τὰ
1735 1494 1846 1549 τῶν
1874 1493 1976 1548 ἆλ-

288 1645 292 1648 .
374 1588 485 1642 λων
509 1590 802 1662 ἀπόρρητα
851 1589 1179 1659 ἀπεκάλυψέ
1207 1605 1313 1653 σοι,
1341 1588 1615 1653 ὡσαύτως
1643 1590 1738 1644 καί
1771 1587 1846 1641 τὰ
1869 1586 1976 1646 ὑπὸ

377 1680 474 1735 σοῦ
498 1681 769 1754 λεγόμενα
802 1682 1014 1753 ἑτέροις
1039 1680 1393 1750 ἀναϐήσεται.

446 1777 824 1843 Μοσχίωνος.
849 1774 1071 1828 --⁹Υπὸ
1098 1772 1312 1828 πολλῶν
1328 1772 1718 1833 διαϐάλλεσθαι
1753 1771 1963 1833 κακῶν.

374 1864 502 1920 οὔτε
531 1867 759 1937 ἀληθὲς,
792 1867 918 1920 οὔτε
950 1864 1214 1939 βλαϐερόν
1233 1881 1247 1896 ο
1277 1865 1340 1918 τὸ
1367 1865 1426 1920 δὲ
1478 1867 1568 1935 δφ’
1594 1864 1714 1929 ὲνδς
1757 1863 1964 1935 ἀγαθοῦ

374 1958 660 2028 ψέγεσθαι,
694 1960 788 2013 καὶ
822 1959 1022 2030 ἀληθὲς
1056 1958 1151 2013 καὶ
1174 1956 1471 2022 λυσιτελές,

445 2050 791 2121 Δημώνακτ.
815 2050 1069 2115 -Τινὺς
1115 2049 1374 2120 σοφιστοῦ
1414 2049 1742 2120 αἰτιωμένου
1779 2046 1964 2112 αὐτὸν,

379 2144 475 2197 καὶ
506 2141 779 2212 λέγοντος,
810 2142 964 2197 Διατί
1008 2160 1077 2214 με
1111 2142 1303 2206 κακῶς
1335 2141 1546 2212 λέγεις;
1580 2142 1705 2195 Ὅτι
1746 2139 1824 2212 μὴ
1868 2157 1968 2195 κα-

377 2239 689 2306 ταφρονεῖς,
714 2235 843 2305 ἔφη,
876 2236 968 2290 τὸν
993 2234 1182 2300 κακῶς
1204 2235 1455 2304 λέγοντα.

450 2327 750 2397 Διογένης.
780 2355 853 2369 -
878 2328 1304 2400 Λοιδορούμενος
1332 2327 1441 2381 ὑπό
1481 2342 1631 2389 τινος
1658 2321 1962 2395 φαλακροῦ,

380 2414 507 2488 ἔφη’
536 2418 606 2471 Σὲ
642 2419 741 2490 μὲν
769 2419 868 2490 οὐχ
895 2419 1126 2490 ὑϐρίζω,
1156 2419 1258 2483 τὰς
1295 2418 1354 2472 δὲ
1376 2418 1575 2489 τρίχας
1605 2431 1698 2469 σου
1728 2413 1962 2480 ἐπαινῶ,

377 2508 462 2561 δτι
491 2511 660 2564 κακὸν
682 2511 947 2582 ἐξέφυγον
980 2509 1222 2582 κρανίον.

446 2685 716 2757 Προδότου
765 2685 824 2741 δέ
870 2704 1016 2752 τινος
1055 2687 1245 2751 κακῶς
1302 2686 1467 2742 αὐτὸν
1503 2685 1777 2755 λέγοντος,
1822 2682 1953 2754 ἔφη·

375 2777 570 2849 Χαίρω
596 2778 791 2850 ἐχθρός
835 2797 930 2834 σου
980 2779 1306 2853 γενόμενος·
1338 2780 1403 2833 σὺ
1450 2778 1561 2850 γὰρ
1613 2777 1674 2831 οὐ
1716 2772 1844 2841 τοὺς
1867 2776 1962 2848 ἐκ·

298 2883 310 2891 ’
375 2869 564 2941 θροὺς,
590 2871 728 2926 ἀλλὰ
758 2872 887 2936 τοὺς
919 2871 1110 2940 φίλους
1145 2870 1338 2936 κακῶς
1370 2871 1568 2934 ποιεῖς.

458 2960 800 3030 ’Δρίστιππ.
825 2992 897 3003 -
928 2962 1286 3033 Ἀρίστιππος
1328 2959 1689 3032 ὑϐριζόμενος
1724 2958 1830 3011 ὑπό
1868 2975 1955 3012 τι-

2064 494 2318 564 respicit.
2964 526 2969 533 -
3364 512 3367 513 '

2137 586 2260 653 Hic,
2297 603 2425 643 cum
2449 590 2676 660 quidam
2710 593 2780 648 ad
2804 608 2933 663 eum
2954 594 3350 649 obtrectatoris
3378 593 3549 648 verba
3573 609 3660 648 re~

2064 678 2262 746 ferret,
2297 697 2362 738 ac
2392 682 2612 740 diceret
2637 686 2757 742 :Me
2788 698 3063 757 praesente
3101 688 3219 742 haec
3245 687 3339 742 ille
3362 686 3660 742 maledicta

2066 772 2137 828 de
2172 783 2224 830 te
2273 776 2515 846 jaciebat
2541 795 2556 832 :
2585 778 2703 834 Nisi
2754 786 2836 844 tu,
2874 780 3076 850 inquit,
3106 780 3349 836 libenter
3386 778 3660 843 audisses,

2067 867 2390 938 neutiquam
2419 869 2512 925 ille
2545 873 2893 928 conviciatus
2924 882 3094 928 esset.
3405 944 3411 952 ι

2138 957 2369 1015 Gladius
2385 961 2611 1031 quidem
2635 973 2817 1035 secat,
2838 964 3116 1021 calumnia
3140 972 3325 1019 autem
3357 961 3504 1016 inter
3527 959 3665 1014 ami-

2070 1064 2169 1106 cos
2193 1063 2433 1121 separat.

2140 1141 2482 1199 Socrates.—
2515 1144 2656 1201 Cum
2688 1145 2913 1214 quidam
2950 1145 3004 1202 ei
3038 1146 3301 1203 dixisset:
3331 1144 3566 1212 Quidam
3595 1145 3665 1200 de

2072 1243 2127 1290 te
2177 1236 2319 1289 male
2364 1236 2611 1307 loquitur
2648 1255 2662 1292 :
2701 1235 2882 1291 Etiam
2918 1252 3033 1292 non
3058 1243 3410 1308 praesentem,
3458 1235 3662 1307 inquit,

2070 1326 2352 1382 verberet.

2143 1412 2513 1470 Susurronem
2547 1426 2603 1472 et
2636 1416 3099 1472 calumniatorem
3128 1431 3198 1471 ne
3221 1416 3521 1482 admittas;
3551 1430 3664 1470 nou

2073 1507 2223 1561 enim
2252 1507 2655 1564 benevolentia:
2685 1524 2853 1564 causa
2888 1509 2945 1564 id
3006 1517 3247 1580 praestat.
3291 1508 3507 1579 Quippe
3553 1523 3665 1579 qua
3762 1536 3763 1539 η

2076 1597 2293 1652 ratione
2324 1597 2560 1652 aliorum
2605 1599 2707 1653 tibi
2746 1599 2969 1670 aperuit
2995 1607 3235 1665 secreta,
3270 1599 3466 1655 eadem
3494 1600 3663 1657 etiam

2077 1688 2176 1745 abs
2212 1696 2270 1746 te
2294 1690 2446 1746 dicta
2471 1691 2597 1746 aliis
2626 1691 2853 1748 referet.

2140 1780 2430 1837 Moschion.
2467 1814 2538 1823 —
2559 1784 2606 1838 A
2633 1784 2825 1839 multis
2855 1785 3014 1841 malis
3047 1786 3289 1853 traduci,
3333 1803 3519 1859 neque
3562 1804 3665 1844 ve-

2068 1886 2196 1927 rum
2216 1880 2302 1926 est
2330 1887 2434 1927 nec
2461 1887 2664 1926 noxam
2693 1872 2889 1939 aﬂ‘ert;
2928 1874 2998 1928 ab
3037 1890 3152 1929 uno
3185 1882 3371 1931 autem
3401 1877 3550 1934 bono
3572 1894 3664 1934 re—

2066 1963 2358 2035 prehendi,
2386 1971 2444 2018 et
2469 1978 2661 2018 verum
2688 1972 2745 2018 et
2775 1964 2909 2020 utile
2929 1973 3035 2020 est.

2096 2097 2113 2115 ρ
2144 2058 2448 2113 Demonact.
2476 2057 2842 2130 —Culpante
2881 2058 3122 2129 quodam
3168 2062 3440 2132 sophista.
3497 2070 3666 2132 atque

2066 2149 2288 2205 dicente
2320 2167 2335 2203 :
2362 2148 2506 2216 Quid
2543 2164 2724 2205 causa
2747 2157 2835 2205 est
2875 2164 2978 2205 cur
3024 2151 3333 2208 maledictis
3384 2152 3665 2213 incessas?

2065 2242 2224 2309 Quod
2267 2250 2347 2305 tu,
2377 2242 2578 2312 inquit,
2611 2242 2982 2298 incessentem
3007 2259 3119 2299 non
3142 2257 3485 2300 contemnas.

2134 2332 2414 2403 Diogenes.
2436 2363 2507 2372 —
2528 2331 2665 2387 Cum
2699 2348 2731 2387 a
2757 2333 2914 2388 calvo
2959 2334 3198 2404 quodam
3260 2334 3510 2390 convicio
3547 2334 3667 2390 afﬂ-

2064 2430 2317 2477 ceretur:
2344 2420 2491 2487 Tibi,
2541 2420 2745 2491 inquit,
2771 2422 3167 2477 contumeliam
3205 2438 3317 2477 non
3367 2423 3516 2488 dico,
3561 2423 3665 2478 sed

2063 2510 2293 2582 capillos
2323 2519 2448 2567 tuos
2468 2510 2657 2577 laudo,
2690 2512 2841 2582 quod
2896 2512 3096 2567 malam
3138 2512 3438 2591 eﬂ‘ugerint
3485 2513 3664 2571 calva-

2064 2621 2203 2660 riam
2214 2647 2231 2660 .

2132 2691 2272 2748 Cum
2294 2692 2373 2747 illi
2392 2690 2646 2762 proditor
2665 2691 2893 2762 quidam
2908 2691 3278 2747 obtrectaret:
3300 2689 3552 2756 Gaudeo,
3578 2690 3663 2744 in-

2060 2789 2204 2859 quit,
2224 2802 2314 2843 me
2341 2787 2548 2842 factum
2569 2786 2854 2842 inimicum
2871 2793 3054 2852 tuum;
3073 2799 3182 2840 non
3209 2785 3359 2843 enim
3401 2782 3661 2857 inimicis,

2058 2878 2155 2935 sed
2183 2878 2380 2935 amicis
2397 2878 2541 2933 male
2566 2877 2731 2932 facis.

2128 2972 2451 3042 Aristippus.
2475 2968 2888 3040 uAristippus
2914 2942 3042 3023 cum
3079 2967 3425 3023 contumelia
3460 2983 3491 3022 a
3522 2983 3664 3038 quo-

374 3068 487 3118 νος,
519 3050 816 3123 ἁνεχώρεν
850 3052 947 3106 τοῦ
993 3053 1051 3134 δὲ
1099 3051 1484 3115 ἐπιδιώκοντος
1528 3051 1623 3105 καὶ
1678 3049 1954 3119 λέγοντος,

2086 3065 2186 3120 Iam
2219 3063 2555 3131 adiceretur,
2586 3062 2902 3118 secedebat.
2934 3060 3201 3116 Maledico
3237 3070 3424 3115 autem
3474 3074 3666 3130 perse-

373 3143 636 3213 Φεύγεις;
683 3145 817 3209 Ναὶ,
882 3145 985 3218 ἔφη
1004 3163 1019 3176 ·
1047 3164 1144 3199 του
1174 3147 1273 3217 μὲν
1319 3146 1430 3218 γὰρ
1460 3143 1652 3208 κακῶς
1676 3142 1858 3213 λέγειν
1889 3144 1956 3197 σὺ

2086 3166 2283 3230 mente,
2305 3175 2368 3215 ac
2390 3159 2608 3215 dicente
2648 3177 2662 3213 :
2700 3157 2900 3228 Fugis?
2933 3156 3135 3221 Etiam,
3183 3154 3394 3226 inquit;
3420 3171 3548 3210 nam
3582 3162 3663 3210 tu.

374 3238 474 3308 τὴν
494 3237 747 3306 ἐξουσίαν
765 3236 932 3310 ἔχεις,
960 3239 1056 3293 τοῦ
1078 3239 1136 3294 δὲ
1168 3239 1245 3311 μὴ
1268 3238 1510 3321 ἁκούειγ,
1539 3235 1672 3307 ἐγώ.

2086 3251 2203 3306 nale
2257 3250 2483 3306 dicendi
2554 3257 2888 3321 potestatem
2947 3248 3144 3313 habes,
3206 3261 3308 3317 ego
3384 3262 3497 3301 non
3560 3262 3663 3301 an-

445 3420 731 3476 Πελοπίδ.
764 3449 833 3461 -
858 3419 1160 3485 Πελοπίδας
1184 3419 1436 3491 ἀνδρείου
1473 3417 1813 3490 στρατιώτου
1841 3417 1963 3472 δια-

2086 3341 2440 3501 “Eripiam.
2470 3460 2541 3469 ——-
2582 3428 2895 3499 Pelopidas,
2941 3442 3067 3482 cum
3124 3425 3271 3496 apud
3311 3440 3439 3480 eum
3503 3423 3663 3480 fortis

378 3509 669 3581 ϐληθέντος
691 3512 860 3583 αὐτῷ,
887 3512 963 3577 ὡς
993 3512 1452 3584 βλασφημοῦντος
1490 3510 1676 3564 αὐτόν’
1718 3510 1864 3578 Ἐγὼ
1892 3509 1963 3564 τὰ

2086 3523 2286 3594 [uidam
2325 3523 2484 3577 miles
2513 3521 2732 3576 delatus
2764 3528 2953 3585 esset,
2984 3519 3135 3589 quod
3160 3518 3268 3588 ipsi
3323 3518 3659 3587 obloquere-

380 3601 482 3672 μὲν
532 3601 692 3673 ἔργα,
735 3603 865 3676 ἔφη,
923 3605 1090 3659 αὐτοῦ
1127 3604 1336 3677 βλέπω,
1384 3601 1505 3689 τῶν
1549 3601 1607 3656 δὲ
1649 3601 1823 3673 λόγων
1863 3601 1964 3656 οὐκ

2090 3630 2197 3669 ur:
2226 3614 2364 3684 Ego,
2401 3611 2603 3682 inquit,
2645 3611 2792 3667 facta
2822 3611 2945 3681 ejus
2985 3608 3173 3675 video,
3217 3607 3388 3663 verba
3420 3622 3534 3662 non
3559 3621 3659 3661 au-

379 3691 613 3764 ηκουσα.

1035 3807 1325 3878 ouium.

487 3899 691 3972 Ἥδιον
715 3900 900 3972 οὐδὲν
922 3900 1066 3957 οὐδὲ
1083 3900 1534 3972 μουσικώτερον

488 3970 682 4042 Ἔς⁹ἣλ
698 3971 995 4026 δύνασθαι
1036 3970 1504 4042 νζοιδορούμενοιο·
1528 3973 1754 4042 φέρειν.

485 4040 597 4113 Kal
625 4040 733 4110 τὰρ
768 4045 801 4095 ό
827 4041 1139 4113 λοιδορῶν,
1172 4042 1250 4113 ar
1281 4040 1800 4113 δλοιδοροϋμενος

486 4111 584 4177 Μὴ
615 4111 1044 4182 προσποιῆται,
1073 4112 1435 4182 λοιδορεῖται
1465 4111 1834 4183 δλοιδορῶν.

450 4227 709 4294 Δημοσθζ
744 4256 811 4266 -
836 4228 1209 4299 Δημοσθένης,
1237 4227 1655 4299 λοιδορουμένου
1696 4226 1844 4290 τινὸς
1870 4227 1976 4280 αὐ·-

379 4313 494 4368 τόν·
529 4315 603 4368 Οὐ
633 4316 1080 4385 συγκαταϐαίνω,
1114 4313 1290 4383 εἶπεν,
1323 4319 1401 4381 είς
1425 4317 1637 4387 ἀγῶνα,
1664 4319 1723 4373 ὲν
1755 4309 1800 4386 ᾧ
1830 4318 1860 4370 ὁ
1892 4334 1973 4371 νι-

380 4405 628 4477 κώμενος
654 4406 749 4461 τοῦ
776 4407 1034 4473 νικῶντὸς
1061 4409 1179 4461 ἐστι
1210 4408 1499 4480 κρείττων.

997 4580 1011 4593 ,
1023 4521 1303 4591 Μενάνδρ
1311 4565 1324 4577 .

385 4612 577 4667 Οὐδὲν
597 4612 883 4683 διαϐολῆς
911 4614 1085 4667 ἐστιν
1116 4614 1576 4682 ἐπιπονώτερον.

386 4684 508 4756 Fine
529 4684 802 4756 ἐνλέτὲρῳ
825 4687 935 4756 γὰρ
963 4684 1246 4756 κειμένην
1267 4686 1585 4756 ἁμαρτίαν,

394 4752 512 4836 Ἀεὶ
539 4754 774 4836 pepigi-tr:
802 4752 963 4836 ίδέαγ
983 4754 1066 4836 (β)
1095 4754 1283 4836 aurar-
1307 4752 1650 4836 ἐπαναγκες
1674 4753 1902 4809 λαϐεῖν.

382 4821 598 4889 Ὅστις
619 4821 704 4876 ⁷δέ
739 4821 1057 4889 διαϐολαῖς
1078 4827 1343 4879 πείθεται
1366 4821 1540 4892 ταχὺ,

386 4892 556 4963 [Ἤτοι
588 4895 852 4961 πονηρὸς
872 4895 1055 4960 αὐτός
1076 4896 1206 4949 ἑστι
1235 4895 1362 4961 τοῖς
1386 4896 1648 4963 τρόποις,

384 4960 454 5018 Ἦ
475 4960 827 5019 παντάπασι
858 4964 1175 5035 παιδαρίου
1200 4960 1447 5035 Wayne
1469 4960 1616 5034 ἔχει.

463 5072 681 5145 Ῥηγίν.
700 5059 771 5116 -ἒ
785 5075 980 5131 Πολλοὶ
998 5077 1134 5146 γοῦν
1154 5078 1255 5150 ήδη
1293 5077 1466 5149 μείζω
1481 5079 1629 5134 κακὰ
1662 5080 1967 5133 πεπόνθασι

381 5164 487 5219 ὑπὸ
517 5167 626 5221 τῶν
654 5168 944 5236 διαϐολῶν,
969 5170 1003 5241 ἢ
1040 5170 1148 5224 τῶν
1171 5172 1480 5243 πολεμίωνο
1520 5172 1615 5226 καὶ
1647 5171 1830 5236 πολλοὶ
1860 5172 1961 5243 ἤδη

1992 3708 2001 3715 ’
2068 3704 2204 3761 divi.

2685 3813 3034 3869 Philemonis.

2069 3909 2217 3967 Nihil
2242 3909 2480 3972 suavius,
2514 3914 2562 3961 et
2590 3908 2743 3974 quasi
2773 3907 2843 3962 ad
2878 3921 3127 3960 numeros
3150 3902 3449 3974 jucundius

2067 3980 2186 4046 Est,
2223 3996 2384 4050 quam
2408 3986 2469 4031 ut
2496 3974 2788 4050 maledictis
2819 3977 3083 4050 appetitus
3118 3974 3256 4044 ferre
3285 3974 3471 4043 possis.

2066 4046 2283 4125 Etenim
2305 4050 2565 4125 conuicia,
2592 4049 2638 4125 si
2669 4050 2736 4112 is,
2771 4049 2829 4125 in
2857 4046 3343 4125 quempjactantur,

2067 4118 2398 4185 Dissimulet,
2437 4120 2494 4173 in
2521 4112 2607 4173 sui
2653 4112 2883 4188 proclivé
2911 4112 3182 4173 auctorem
3212 4112 3474 4168 recidunt.

2140 4235 2411 4290 Demosth.
2433 4264 2506 4275 —
2533 4235 2950 4300 Demosthenes,
2981 4250 3107 4290 cum
3134 4232 3186 4288 ei
3212 4230 3441 4303 quidam
3469 4228 3660 4283 convi-

2070 4330 2217 4384 cium
2249 4327 2490 4383 face'et:
2518 4328 2641 4383 Non
2683 4327 2984 4393 descendo,
3015 4324 3216 4397 inquit,
3259 4322 3317 4377 in
3343 4328 3648 4384 certamen,

2002 4430 2050 4490 ι)
2077 4420 2134 4476 in
2163 4436 2274 4492 quo
2293 4421 2474 4477 victus
2501 4422 2713 4477 victore
2735 4420 2988 4491 superior
3013 4427 3120 4475 est.

2711 4530 3017 4585 Menandri.

2068 4620 2214 4674 Nihil
2251 4620 2523 4675 calumnia
2553 4620 2824 4674 molestius
2851 4630 2946 4673 est.

2068 4687 2221 4753 Quod
2251 4688 2393 4736 enim
2432 4683 2591 4753 alteri
2630 4694 2902 4753 peccatum
2927 4684 3085 4745 inest,

2010 4767 2013 4770 ‘
2067 4749 2236 4822 Suam
2274 4768 2482 4822 semper
2517 4749 2690 4822 labem
2720 4762 2901 4807 sumat
2934 4767 3140 4805 necesse
3169 4767 3269 4822 est,

2069 4819 2315 4890 Quisquis
2342 4819 2521 4876 statim
2548 4821 2709 4890 ﬁdem
2737 4822 3018 4877 calumniis
3052 4822 3229 4882 habet,

2267 4893 2372 4946 Aut
2413 4894 2644 4947 moribus
2672 4894 2925 4963 improbis
2956 4892 3207 4963 prwditus
3238 4901 3336 4953 est.

2068 4964 2176 5015 Aut
2203 4965 2473 5033 ingenium
2499 4979 2716 5032 prorsus
2741 4963 2945 5035 puerile
2966 4964 3140 5019 habet.

2136 5081 2374 5153 Rhegini.
2425 5111 2496 5121 —
2550 5078 2703 5134 Multi
2754 5080 2866 5149 jam
2912 5064 3257 5148 Imajoribus
3312 5073 3470 5128 malis
3522 5072 3658 5129 alle-

2063 5173 2141 5229 eti
2192 5182 2343 5232 sunt'
2388 5181 2615 5229 auctore
2650 5170 2950 5237 calumnia,
3022 5185 3187 5240 quam
3246 5167 3490 5223 hostium
3545 5166 3599 5222 vi
3641 5184 3657 5222 :

1914 5332 2129 5391 NOTAE

457 5447 522 5518 (i)
566 5448 683 5502 Ἀεὶ
707 5446 939 5532 μέμψιν
968 5449 1149 5532 ἰδίανζ
1174 5450 1499 5532 _Ele_g_antem
1522 5449 1807 5532 Menandri
1836 5450 1965 5532 iam:

385 5517 543 5590 bum,
577 5534 687 5590 quo
727 5518 1022 5589 signiﬁcat,
1058 5517 1329 5590 quidquid
1369 5520 1510 5575 labis
1554 5521 1720 5583 inest,
1756 5522 1830 5583 ei,
1868 5521 1964 5590 qui

388 5588 723 5660 calumniam
760 5588 990 5658 patitur,
1018 5588 1231 5645 in’eum'
1257 5589 1473 5646 refundi
1501 5590 1596 5660 qui
1629 5588 1992 5645 calumniam.

391 5655 557 5738 facit;
592 5660 684 5728 qui
712 5655 1015 5738 _n'imirum,
1052 5675 1168 5738 quo
1204 5655 1712 5738 magisvituperat,
1748 5677 1972 5738 eo_ma-

390 5729 501 5797 jori
543 5729 659 5799 ipse
693 5731 891 5813 dignus
938 5729 1208 5799 vitupcrio
1260 5729 1549 5803 magisque
1598 5732 1974 5789 calumniosus

2059 5453 2363 5522 judicetur,
2393 5452 2555 5521 longo
2592 5450 2875 5522 Gesncrus
2902 5448 3181 5522 circuitu,_
3206 5446 3261 5499 in
3289 5448 3653 5522 contrarium

2066 5517 2309 5592 torquet,
2347 5517 2714 5586 dumvreddit,
2749 5520 2967 5574 Necesse
3001 5524 3090 5592 est
3119 5517 3382 5571 illuminet
3447 5519 3539 5592 qui
3568 5534 3662 5592 ea-

2070 5588 2333 5646 luniniam
2364 5594 2590 5661 patitur,
2624 5593 2900 5661 proprium
2933 5591 3137 5661 crimen
3156 5588 3658 5661 suscipere.Dixisf
3694 5594 3709 5601 '

2073 5672 2176 5723 set,
2206 5664 2296 5730 qui
2330 5658 2490 5729 infert
2517 5658 2867 5727 calumniam,
2906 5677 3008 5716 ncc
3041 5676 3069 5714 ιι
3126 5658 3411 5716 Menandri
3461 5658 3661 5729 procul

2076 5742 2258 5788 mcnlc
2293 5732 2542 5788 abiisset.
