4066 6146
444 218 550 281 787

1609 212 1668 270 S.
1711 209 1994 270 MAXIMI
2035 207 2542 269 CONFESSORIS

3604 211 3717 275 788

445 326 744 396 multisque
806 326 918 395 jam
962 321 1133 392 magis
1177 323 1363 376 nocuit
1409 322 1624 376 aurium
1692 320 2012 387 inﬁrmitas,

2128 320 2299 390 μείζω
2334 321 2624 392 ἡδὶκηνται
2675 320 2779 373 ὑπὸ
2829 321 2928 391 τῆς
2960 322 3070 374 τῶν
3118 319 3274 376 ὢτων
3330 321 3711 396 ἀσθενείας,ῆ

445 432 609 488 quam
648 415 793 486 quod
831 413 1178 467 inimicorum
1220 424 1345 466 sunt
1375 411 1603 482 appetiti
1633 410 1869 464 insidiis.

1087 525 1390 582 Cleanthes.

444 625 589 681 Nihil
617 639 838 693 usquam
869 620 1150 693 calumnia
1179 618 1594 693 maleﬁcentius:

445 695 600 750 Clam
625 689 766 747 enim
794 692 1028 750 seducto,
1065 691 1153 759 qui
1188 689 1347 757 ﬁdem
1385 689 1590 751 habuit,

443 766 632 820 Odium
666 762 916 832 conﬁngit
949 763 1004 814 in
1043 758 1162 814 eum
1197 761 1286 829 qui
1348 759 1483 812 nihil
1524 773 1642 811 reus
1682 758 1770 811 sit.

507 875 674 932 Sexti.
709 906 782 916 —
809 875 914 942 Qui
973 875 1211 929 amicum
1240 873 1546 936 cavillatur,
1610 872 1760 926 nulla
1823 871 1991 942 dignu

440 969 512 1025 sit
549 967 826 1033 laude,vel
863 967 908 1021 si
934 958 1063 1020 vera
1099 966 1323 1019 dixerit.

511 1060 1065 1133 Chrysippi—Cum
1121 1059 1344 1128 quidam
1384 1059 1436 1113 ei
1497 1058 1736 1113 diceret:
1795 1058 2020 1113 Amicus

438 1154 749 1208 clanculum
776 1154 999 1223 sugillat
1021 1167 1086 1206 ac
1135 1151 1376 1205 detrahit
1419 1169 1432 1204 :
1468 1151 1782 1214 Hominem,
1817 1151 2016 1220 inquit,

440 1260 510 1300 ne
540 1233 794 1314 argimo;
826 1245 1028 1313 quippe
1062 1243 1205 1298 idem
1238 1243 1416 1312 palam
1440 1242 1690 1296 facturus
1714 1250 1819 1296 est.

507 1331 658 1386 Idem
690 1348 720 1386 a
741 1332 859 1386 viro
883 1332 1123 1401 quodam
1150 1348 1384 1402 nequam
1415 1333 1603 1387 multis
1631 1333 1862 1387 allectus
1882 1347 2016 1387 con-

438 1418 598 1472 viciis
623 1436 636 1472 :
659 1417 899 1488 Optime,
935 1420 1339 1490 inquit,i‘ecisti,
1372 1421 1521 1491 quod
1544 1437 1740 1476 eorum
1771 1437 1893 1492 qua:
1924 1431 2017 1479 tua

439 1521 623 1577 erant,
662 1511 805 1566 nihil
846 1512 1124 1582 reliquum
1157 1512 1376 1568 feceris.

505 1602 656 1657 Idem
688 1603 962 1658 referente
995 1603 1234 1673 quodam
1298 1605 1592 1660 nonnullos
1631 1605 1684 1659 ei
1726 1605 2018 1661 detrahere

2129 414 2234 467 ὑπὸ
2273 416 2369 486 τῆς
2394 414 2502 467 τῶν
2535 413 2748 485 ἐχθρῶν
2776 414 3094 485 ἐπιϐουλῆς.

2780 528 3036 584 Κλεάνθ.

2125 625 2606 692 Κακουργότερον
2630 623 2810 676 οὐδὲν
2829 623 3115 690 διαϐολῆς
3151 623 3285 676 ἐστι
3312 639 3450 679 που.

2132 694 2326 759 Λάθρα
2349 694 2457 760 γὰρ
2485 693 2855 760 ἀπατήσασα
2876 694 2982 746 τὸν
3013 694 3446 762 πεπεισμένον,

2124 767 2318 828 Μῖσος
2338 764 2702 817 ἀναπλάττει
2733 764 2879 830 πρὸς
2899 763 3007 816 τὸν
3031 763 3214 817 οὐδὲν
3242 765 3458 818 αἴτιον.

2195 874 2366 939 Σέξτ.
2400 905 2469 916 -
2504 875 2563 928 '0
2605 874 2969 930 ἐνδιαϐάλλων
3006 875 3180 945 φίλον,
3215 877 3291 948 μὴ
3326 878 3704 950 εὐδοκιμείτω,
3801 953 3804 956 ,

2121 965 2223 1020 κᾶν
2246 965 2420 1036 ἀληθῆ
2450 965 2602 1036 λέγῃ,

2191 1059 2496 1124 Χρυσίππ.
2517 1086 2583 1096 —
2601 1057 2861 1119 Εἰπόντος
2891 1055 3039 1126 αὑτῷ
3067 1075 3233 1125 τινος,
3263 1059 3320 1113 '0
3345 1059 3498 1129 φίλος
3523 1078 3581 1114 σε
3610 1061 3708 1115 λά-

2123 1147 2230 1218 θρα
2260 1148 2512 1218 λοιδορεῖ,
2549 1147 2674 1218 ἔφη’
2715 1148 2807 1219 Μὴ
2839 1148 3032 1219 ἔλεγχε
3076 1149 3258 1216 αὑτὸν,
3295 1152 3420 1204 ἐπεὶ
3451 1152 3706 1224 φανερῶς

2121 1241 2253 1294 αὐτὸ
2277 1239 2388 1310 ἔχει
2425 1239 2654 1311 [μέλλει]
2683 1244 2877 1294 ποιεῖν.
3381 1291 3384 1294 .

2203 1333 2262 1386 Ὀ
2299 1332 2460 1394 αὐτὸς
2505 1333 2612 1386 ὑπό
2645 1350 2790 1395 τινος
2837 1332 3078 1403 πονηροῦ
3130 1333 3302 1389 πολλὰ
3337 1334 3700 1404 λοιδορηθεὶς,

2117 1427 2243 1496 ἐφησ
2285 1425 2562 1478 Κάλλιστα
2604 1425 2887 1496 ἐποίησας,
2920 1425 3086 1496 μηδέν
3134 1443 3217 1480 σοι
3250 1428 3358 1481 τῶν
3389 1428 3703 1497 προσόντων

2117 1516 2465 1590 παραλιπών.

2202 1611 2259 1662 '0
2298 1609 2484 1672 αὐτὸς,
2514 1607 2661 1671 τινὸς
2696 1607 2948 1675 λέγοντος
2988 1608 3069 1660 ὅτι
3117 1609 3187 1661 Σέ
3237 1625 3379 1672 τινες
3426 1609 3702 1680 λοιδοροῦ-

435 1711 500 1751 ac
531 1695 778 1767 obloqui:
811 1698 882 1752 At
910 1713 1034 1769 ego,
1070 1698 1270 1768 inquit,
1299 1699 1378 1754 sic
1408 1699 1534 1752 vitae
1561 1699 1806 1754 rationes
1856 1699 2012 1754 insti-

2126 1720 2231 1766 σιν,
2263 1702 2390 1772 ἔφη’
2438 1700 2582 1754 Ἀλλ’
2604 1699 2715 1769 ἐγὼ
2744 1700 2916 1764 οὕτως
2947 1699 3136 1765 διάξω,
3173 1700 3314 1754 ὥστε
3351 1703 3703 1757 ἀπιστεῖσθαι

435 1797 607 1855 tuam,
638 1800 700 1845 ut
720 1807 882 1847 nemo
913 1792 1021 1847 illis
1051 1793 1209 1848 ﬁdem
1238 1793 1527 1848 habiturus
1551 1792 1643 1848 sit.

503 1879 731 1935 Liciani.
762 1913 834 1922 —
861 1882 993 1949 Quis
1021 1900 1132 1938 non
1171 1885 1432 1950 fateatur,
1458 1885 1516 1938 in
1557 1885 1818 1940 omnibus
1852 1886 2021 1941 rebus

432 1972 822 2041 aequalitatem,
875 1974 1126 2045 nihilque
1193 1975 1428 2030 nimium
1498 1984 1593 2030 aut
1661 1976 2016 2043 redundans,

429 2063 658 2134 iustitia:
683 2080 851 2135 opera
873 2082 1016 2133 esse;
1076 2068 1506 2138 inaequalitatem
1539 2084 1670 2122 vero
1693 2078 1750 2122 et
1788 2064 2014 2122 nimiam

434 2156 676 2212 habendi
705 2160 1091 2230 cupiditatem,
1129 2161 1435 2231 injustitize?
1466 2161 1632 2230 Atqui
1665 2161 1732 2224 is,
1777 2160 1874 2230 qui
1921 2176 2016 2214 ca-

433 2246 643 2301 lumnia
667 2248 932 2304 adversus
954 2251 1210 2306 absentes
1239 2251 1550 2305 clanculum
1623 2250 1820 2314 utitur,
1884 2249 2017 2318 quid

431 2345 518 2392 est
577 2353 676 2392 cur
703 2355 903 2395 avarus
925 2341 1162 2411 plusque
1207 2341 1446 2395 habendi
1501 2341 1768 2410 cupidus,
1792 2355 1888 2394 seu
1915 2339 2018 2392 ini-

431 2445 576 2498 quus
611 2442 817 2502 raptor,
850 2448 959 2486 non
983 2435 1300 2489 censeatur?
1332 2433 1545 2503 Quippe
1577 2435 1672 2502 qui
1701 2439 1878 2487 totum
1907 2446 2008 2485 au-

433 2523 670 2579 ditorem
700 2541 862 2580 suum
891 2527 1104 2591 reddat,
1126 2529 1358 2598 ejusque
1381 2535 1737 2596 praaoccupet
1762 2525 2006 2578 animum

434 2632 500 2672 ac
538 2633 704 2674 aures
783 2621 1060 2688 obstruat,
1087 2637 1226 2691 quas
1275 2622 1550 2676 calumnia
1597 2621 1858 2691 repletas,
1917 2634 2008 2676 se-

431 2711 621 2780 quenti
658 2727 916 2767 sermone
939 2713 1238 2783 impervias
1283 2715 1613 2783 clausasque
1669 2711 1891 2769 elliciat.

1033 2848 1263 2904 SER-MO
1298 2849 1371 2903 Χ]

995 2957 1072 3011 De
1109 2957 1435 3013 adulatione.

501 3071 629 3126 Luc.
663 3087 735 3138 v1,
756 3071 847 3127 26.
867 3102 933 3112 —
950 3072 1063 3138 Vae,
1089 3087 1211 3128 cum
1237 3073 1627 3130 benedixerint
1651 3074 1811 3130 vobis
1833 3075 2016 3130 homi-

434 3179 552 3220 lies.

501 3255 676 3322 Iudae,
719 3257 802 3312 l6.
834 3289 904 3298 —
931 3258 995 3313 Hi
1036 3268 1171 3314 sunt
1219 3269 1678 3324 murmuratores,
1710 3259 2014 3329 querulosi,

430 3349 735 3404 secundum
767 3349 1046 3406 desideria
1068 3366 1166 3406 sua
1199 3352 1578 3417 ambulantes;
1612 3365 1670 3407 et
1729 3367 1793 3406 os
1827 3367 2019 3407 eorum

430 3441 674 3511 loquitur
745 3441 1019 3513 superba,
1104 3443 1374 3500 mirantes
1449 3458 1717 3514 personas
1776 3453 2020 3514 quaestus

426 3544 613 3584 causa.

489 3619 651 3675 Prov.
685 3637 832 3687 xxvr,
851 3621 942 3679 22.
961 3651 1026 3661 -
1055 3622 1354 3678 Sermones
1388 3623 1744 3680 adulatorum
1776 3626 1974 3682 molles
2001 3644 2014 3680 :

429 3711 484 3764 hi
513 3729 643 3767 vero
678 3713 886 3768 feriunt
923 3718 1232 3785 penetralia
1262 3717 1557 3772 viscerum.

499 3804 696 3859 Melior
727 3814 811 3860 est
849 3806 934 3861 vir
963 3821 1224 3878 arguens,
1272 3823 1440 3879 quam
1470 3808 1634 3874 alter,
1669 3808 1766 3878 qui
1817 3807 2017 3864 adule-

430 3901 544 3946 tur.

495 3983 607 4038 Isa.
659 4001 737 4050 in,
787 3985 872 4041 12.
897 4018 967 4028 -
992 3986 1098 4054 Qui
1141 3989 1332 4045 beatos
1373 4005 1471 4045 vos
1510 3990 1725 4057 dicunt,
1764 3990 1868 4062 ipsi
1919 4004 2016 4047 vos

428 4073 739 4143 decipiunt,
762 4083 816 4130 et
838 4077 1092 4131 semitam
1119 4078 1336 4132 viarum
1361 4078 1652 4147 dissipant.

496 4165 656 4250 565
675 4167 958 4223 Basilii.--
981 4170 1276 4240 Fugiamus
1313 4171 1687 4225 adulationem
1721 4176 1776 4224 et
1823 4183 2016 4223 assen-

2123 1795 2341 1858 αὑτούς.
3362 1832 3366 1836 -

2195 1893 2425 1942 Λικιαν.
2450 1917 2519 1926 -
2556 1885 2655 1949 Τίς
2692 1885 2803 1957 γὰρ
2833 1884 2932 1938 οὐκ
2961 1884 3027 1938 ἂν
3057 1885 3435 1954 ὁμολογήσειε,
3471 1885 3568 1957 τὴν
3600 1885 3702 1957 μὲν

2127 1980 2348 2049 ἰσότητα
2375 1979 2432 2031 ὲν
2457 1977 2655 2044 ἅπασι,
2683 1955 2782 2030 καί
2809 1977 2868 2029 τὸ
2921 1976 3088 2046 μηδὲν
3123 1976 3310 2042 πλέον,
3353 1955 3699 2047 δικαιοσύνῆς

2121 2072 2260 2142 ἔργα
2293 2067 2463 2122 εἶναι·
2485 2068 2547 2121 τὸ
2568 2069 2626 2122 δὲ
2656 2068 2838 2123 ἄνισόν
2866 2084 2925 2120 τε
2961 2066 3056 2119 καὶ
3091 2067 3436 2133 πλεονεκτὸν,
3464 2069 3696 2132 ἁδικίαςς

2134 2165 2190 2217 '0
2216 2163 2272 2215 δὲ
2304 2167 2370 2233 τῇ
2401 2161 2624 2232 διαϐολῇ
2655 2161 2798 2214 κατὰ
2832 2161 2940 2213 τῶν
2992 2160 3249 2214 ἁπάντων
3276 2159 3454 2230 λάθρα
3483 2159 3700 2230 χρώμε-

2115 2273 2224 2320 νος,
2267 2255 2383 2318 πῶς
2421 2256 2481 2307 οὐ
2535 2253 2870 2322 πλεονέκτης
2921 2253 3070 2306 ἐστίν
3100 2269 3116 2318 ;
3144 2251 3265 2304 ὂλον
3292 2252 3383 2304 τὸν
3420 2251 3696 2322 ἀκροατὴν

2118 2346 2595 2418 σφετεριζόμενος,
2647 2345 2740 2398 καὶ
2797 2343 3350 2414 προκαταλαμϐάνων
3409 2343 3575 2396 αὑτοῦ
3625 2341 3696 2394 τὰ

2113 2434 2248 2504 ὦτα,
2284 2439 2377 2492 καὶ
2401 2437 2784 2508 ἀποφράττων,
2815 2436 2910 2488 καὶ
2936 2435 3016 2505 τῷ
3041 2436 3200 2489 δευτέ
3217 2453 3292 2506 ρῳ
3327 2437 3468 2505 λόγῳ
3495 2450 3696 2486 παντε-

2113 2531 2219 2594 λῶς
2267 2531 2441 2585 ἄϐατα
2487 2528 2917 2592 κατασκευάζων
2969 2527 3110 2582 αὐτὰ
3151 2528 3254 2580 ὑπὸ
3296 2527 3393 2596 τῆς
3441 2524 3691 2594 διαϐολῆς

2116 2622 2613 2696 προπεπλησμένα.

2703 2843 2922 2897 ΛΟΓΟΣ
2959 2843 3040 2894 lA’
3067 2842 3134 2894 "'.

2664 2957 2800 3024 Περὶ
2834 2955 3149 3020 κολακείας
3161 2995 3173 3009 .

2191 3079 2372 3127 Λουκ.
2403 3072 2492 3138 ς’.
2523 3069 2908 3124 -Οὑαὶὸταν
2955 3066 3138 3130 καλῶς
3184 3067 3413 3120 εἴπωσιν
3458 3065 3603 3136 ὑμᾶς
3645 3067 3699 3120 oi

2119 3163 2216 3220 ἄνθ
2225 3181 2417 3235 ρωποι.

2202 3254 2469 3309 Ἰουδ.-
2513 3247 2674 3308 Οὗτοί
2735 3254 2841 3304 εἰσι
2895 3248 3224 3319 γογγυσταὶ,
3301 3245 3695 3318 μεμψίμοιροι,

2121 3341 2262 3396 κατὰ
2296 3340 2593 3411 ἐπιθυμίας
2648 3341 2828 3394 αὐτῶν
2875 3339 3260 3410 πορευόμενοι,
3292 3337 3388 3390 καὶ
3435 3335 3494 3389 τὸ
3526 3338 3698 3404 στόμα

2122 3434 2303 3489 αὐτῶν
2326 3434 2480 3486 λαλεῖ
2502 3433 2809 3505 ὑπέρογκα,
2842 3431 3224 3502 θαυμάζοντες
3257 3429 3531 3499 πρόσωπα
3563 3425 3701 3496 ὠφε-

2120 3526 2267 3588 λείας
2294 3525 2474 3596 χάριν.

2190 3621 2436 3687 Παροιμ.
2468 3615 2610 3682 KG".
2630 3645 2698 3654 —-
2722 3613 2885 3682 Λόγοι
2913 3612 3218 3684 κερκώπων
3253 3610 3519 3684 μαλακοίο
3549 3603 3699 3664 οὗτοι

2119 3713 2176 3767 δὲ
2203 3712 2497 3768 τύπτουσιν
2528 3712 2608 3774 είς
2630 3712 2829 3780 ταμεῖα
2864 3709 3211 3780 σπλάγχνων.

2190 3805 2461 3875 Κρεῖσσον
2495 3801 2686 3872 ἀνδρὸς
2744 3802 3083 3872 ἐλέγχοντος,
3138 3802 3280 3872 ὑπὲρ
3324 3801 3486 3856 ἄλλου
3535 3798 3697 3854 κολα-

2119 3894 2394 3956 κεύοντος.

2200 3989 2395 4044 Ἡσατ.
2427 3988 2510 4040 ιἰ.
2535 4014 2604 4024 -
2637 3986 2702 4039 Οἱ
2737 3983 3138 4056 μακαρίζοντες
3198 3984 3366 4055 ὑμᾶς,
3419 3981 3696 4039 πλανῶσιν

2119 4079 2285 4148 ὑμᾶς,
2321 4078 2413 4131 καὶ
2435 4077 2533 4148 τὴν
2567 4076 2753 4148 τρίϐον
2779 4075 2889 4127 τῶν
2913 4075 3050 4128 ὁδῶν
3087 4075 3476 4146 ταράσσουσιν.

2188 4167 2537 4221 Βασιλείου.
2563 4194 2628 4206 —
2662 4165 2926 4233 Φύγωμεν
2975 4166 3264 4230 κολακείας
3297 4167 3394 4220 καὶ
3433 4165 3694 4248 θωπείας,

428 4244 715 4320 tationem,
743 4265 800 4310 et
837 4255 1122 4311 insidiosa:
1166 4257 1350 4327 vulpis
1393 4257 1657 4315 astutiam
1705 4257 1999 4325 variasque

2121 4261 2203 4314 καὶ
2241 4259 2342 4328 τῆς
2387 4257 2674 4330 ἀρχιλόχου
2715 4259 2756 4291 ⁸⁸
2797 4257 3080 4321 ἀλώπεκος
3131 4257 3190 4310 τὸ
3257 4255 3548 4327 κερδαλέον
3603 4241 3699 4314 καὶ

425 4344 669 4400 traudes.

496 4439 644 4492 Nihil
681 4439 830 4493 enim
857 4439 1168 4504 molestius,
1209 4438 1298 4494 his
1329 4439 1423 4509 qui
1470 4438 1576 4493 viri
1612 4439 1823 4494 cordati
1853 4449 2006 4504 sunt,

424 4546 589 4599 quam
619 4540 680 4584 ut
733 4531 801 4584 ad
842 4531 1076 4601 gloriam
1108 4533 1316 4597 vivant,
1352 4541 1408 4586 et
1455 4547 1577 4601 quae
1605 4547 1676 4600 ex
1699 4530 1850 4601 vulgi
1878 4540 2008 4586 sunt

423 4623 687 4693 opinione
733 4623 934 4681 animis
973 4625 1283 4690 attendant,
1329 4639 1439 4679 non
1481 4633 1691 4679 rectam
1736 4623 2007 4678 rationem

423 4716 552 4770 vita:
583 4716 780 4771 ducem
809 4716 1123 4772 instituant.
1787 4739 1819 4745 ν·

498 4807 762 4879 Theologi.
786 4841 856 4851 —
887 4810 944 4867 Si
976 4827 1088 4876 me,
1125 4826 1258 4865 cum
1287 4810 1466 4865 malus
1496 4823 1700 4873 essem,
1729 4806 2012 4878 optimum

423 4895 791 4965 existimares,
824 4900 961 4970 quid
995 4915 1082 4955 me
1106 4899 1291 4955 facere
1311 4899 1636 4969 oporteret?
1662 4897 2009 4952 Deteriorem

427 4989 571 5054 ticri,
613 4998 676 5044 ut
700 4992 874 5063 magis
901 4992 1001 5048 tibi
1023 4992 1338 5064 placerem?
1364 4990 1483 5046 Non
1514 4991 1594 5047 sic
1623 4989 1759 5044 mihi
1783 4989 2008 5045 consul-

428 5088 543 5133 tum
575 5082 765 5138 velim.
794 5084 1000 5140 Eadem
1057 5085 1298 5151 ratione,
1348 5099 1450 5139 nec
1482 5085 1530 5139 si
1570 5099 1638 5138 ex
1679 5083 1886 5137 virtute
1919 5080 2004 5134 vi-

426 5181 668 5237 ventem,
701 5189 789 5228 me
835 5175 1119 5230 oll’endere
1167 5192 1231 5230 ac
1262 5184 1489 5246 peccato
1533 5175 1644 5232 labi
1693 5171 2002 5235 arbitraris,

431 5261 510 5312 tui
541 5278 707 5320 causa
757 5266 982 5322 virtutis
1033 5269 1199 5322 vitam
1259 5269 1503 5323 mutabo.
1543 5267 1661 5321 Non
1705 5265 1852 5320 enim
1904 5261 2014 5323 tibi,

433 5355 624 5423 magis,
653 5374 818 5428 quam
839 5358 1220 5430 .mihimetipsi
1253 5361 1396 5414 vivo.

2112 4354 2354 4408 ποικίλον
2364 4392 2376 4406 .

2183 4445 2348 4500 Οὐδὲν
2374 4444 2482 4514 γὰρ
2506 4443 2888 4514 χαλεπώτερον
2909 4447 3022 4508 τοῖς
3052 4440 3111 4498 εὖ
3140 4442 3416 4514 φρονοῦσι,
3443 4442 3539 4495 τοῦ
3561 4443 3697 4513 πρὸς

2111 4539 2269 4605 δόξαν
2299 4539 2419 4609 ζῇν,
2451 4537 2544 4590 καὶ
2569 4537 2638 4590 τὰ
2657 4539 2772 4600 τοῖς
2797 4537 3013 4599 πολλοῖς
3039 4537 3298 4589 δοκοῦντα
3318 4539 3697 4606 περισκοπεῖν,

2113 4633 2208 4684 καὶ
2265 4631 2339 4701 μὴ
2399 4629 2492 4682 τὸν
2543 4628 2703 4699 ὀρθὸν
2755 4628 2912 4698 λόγον
2978 4628 3226 4700 ἡγεμόνα
3283 4627 3556 4680 ποιεῖσθαι
3602 4626 3698 4678 τοῦ

2112 4720 2249 4791 βίου.

2181 4813 2496 4883 Θεολόγου.
2528 4844 2598 4854 -
2627 4813 2689 4865 El
2720 4811 2786 4882 μὲ
2808 4811 2937 4865 ὄντα
2965 4810 3156 4876 κακὸν,
3195 4811 3414 4879 ἄριστον
3447 4809 3701 4878 ὑπελάμ-

2111 4905 2295 4970 ϐανες,
2318 4904 2371 4956 τί
2405 4921 2473 4975 με
2504 4906 2677 4957 ποιεῖν
2723 4904 2926 4974 ἐχρῆν;
2973 4898 3112 4956 εἶναι
3140 4900 3338 4973 μᾶλλον
3388 4899 3578 4964 κακὸν,
3610 4899 3700 4952 ἵνα

2113 4998 2277 5052 πλέον
2322 4998 2544 5070 ἀρέσκω
2572 5015 2689 5065 σοις
2722 4998 2822 5050 οὐκ
2865 4996 2932 5050 ἂν
2971 4994 3132 5049 τοῦτο
3177 4991 3399 5065 ἐμαυτῷ
3438 4991 3702 5045 συνεϐού-

2111 5090 2299 5145 λευσα.
2355 5089 2543 5153 Οὕτως
2584 5089 2705 5142 οὐδὲ
2731 5091 2778 5142 εί
2807 5086 3176 5158 κατορθοῦντα
3209 5103 3274 5156 με
3315 5084 3532 5137 πταίειν
3560 5084 3704 5136 ὑπο-

2113 5182 2428 5251 λαμϐάνεις,
2462 5182 2520 5234 τὸ
2566 5180 2862 5251 κατορθοῦν
2915 5180 3003 5234 διὰ
3059 5179 3119 5232 σὲ
3165 5176 3565 5250 μεταϐήσομαι.
3624 5174 3702 5228 Οὐ

2113 5274 2191 5339 ζῶ
2222 5274 2328 5344 γὰρ
2355 5275 2438 5326 σοὶ
2465 5273 2663 5344 μᾶλλον
2697 5273 2728 5345 ἢ
2760 5271 3025 5344 suam};

1727 5521 1956 5576 \"Alll.-l£
1998 5519 2402 5577 LECTIONES.

512 5629 551 5662 ‘7
594 5629 652 5682 lu
679 5631 844 5684 (lcsn.
876 5633 1029 5686 Stob.
1223 5636 1262 5666 ’⁸
1288 5637 1409 5701 Bas.
1464 5637 1780 5708 ἀρχιλόγου.
