4066 6146
420 300 529 364 789

1729 287 1898 348 LOCI
1937 287 2371 347 COMMUNES.

3561 269 3670 331 790

492 403 648 458 Ἐστι
675 403 784 472 γὰρ
800 403 992 471 ἀνδρὸς
1017 399 1414 472 μεγαλόφρονος
1442 397 1610 466 φίλων
1645 395 1997 466 ἀποδέχεσθαι

2171 395 2268 449 Est
2304 393 2454 448 enim
2485 390 2591 444 viri
2645 383 3002 456 magnanimi,
3067 390 3126 435 ut
3165 380 3464 433 amicorum
3505 375 3672 442 magis

423 496 623 570 μᾶλλον
654 494 985 564 ἐλευθερίαν,
1017 495 1050 563 ἢ
1086 491 1293 563 ἐχθρῶν
1317 490 1630 544 κολακείαν.

490 667 680 739 Πολλῷ
729 668 936 738 βέλτιον
977 668 1181 738 βραχέα
1239 666 1558 735 λυπήσαντα
1596 664 1827 734 μέγιστα
1861 664 2000 732 ὠφε-

421 763 614 834 λῆσαι,
663 762 696 834 ἢ
739 761 801 815 τὸ
857 761 994 833 πρὸς
1028 761 1223 831 ἡδονὴν
1267 758 1552 825 διώκοντα,
1601 758 1877 829 ζημιῶσαι
1923 755 2001 824 τῷ

422 853 724 923 κεφαλαίῳ.

491 944 791 1012 Χρυσόστ.
823 971 894 982 -
926 937 1388 1010 Ὅτανιμεταϐολή
1415 955 1499 1000 τις
1520 936 1748 1008 γένηται
1781 938 1918 1008 πρδς
1943 936 2002 988 τὸ

424 1037 625 1105 χεῖρον,
672 1033 795 1086 τότε
849 1030 958 1084 τῶν
1005 1029 1254 1083 κολάκων
1309 1029 1626 1099 ἀφαιρεῖται
1669 1028 1738 1081 τὰ
1781 1045 2000 1098 προσωι

425 1129 571 1180 πεία.
643 1125 777 1178 Τότε
821 1126 851 1177 6
879 1123 1037 1194 χορὸς
1073 1122 1356 1192 ἐλέγχεται
1407 1121 1518 1174 τῶν
1552 1120 1883 1190 ὑποκριτῶν,
1910 1121 2002 1173 καὶ

423 1220 456 1286 ὴ
492 1216 692 1286 σκῆψις
738 1215 830 1268 τοῦ
875 1215 1224 1285 πράγματος.
1293 1213 1626 1281 ’Δνοίγονται
1672 1212 1892 1265 πάντων
1934 1212 2004 1263 τὰ

423 1308 684 1376 στόματα,
737 1306 795 1362 '0
829 1307 1049 1377 μιαρὸς,
1092 1304 1360 1373 λέγοντες,
1382 1305 1410 1357 6
1431 1302 1689 1374 πονηρὸς,
1720 1304 1748 1354 6
1778 1302 2002 1370 παμπό-

420 1414 604 1467 νηρος.
672 1397 748 1451 Οὐ
804 1397 928 1468 χθὲς
955 1395 1118 1450 αὐτὸν
1153 1395 1512 1460 ὲκολάκευες;
1584 1394 1645 1446 οὐ
1682 1395 1782 1457 τὰς
1815 1395 2003 1464 χεῖρας

421 1488 587 1542 αὐτοῦ
633 1487 977 1567 κατεφίλεις;
1027 1488 1382 1556 Προσωπεῖον
1433 1485 1502 1560 ἧν
1546 1489 1750 1542 ἐκεῖνα.
1798 1481 2002 1538 ’Ἦλθεν

421 1578 452 1628 6
485 1576 696 1647 καιρὸς,
725 1576 818 1628 καὶ
834 1575 1037 1647 ἔρριψα
1062 1575 1123 1628 τὺ
1143 1579 1504 1646 προσωπεῖον,
1519 1578 1614 1632 καλ¹
1637 1576 2004 1647 ἀπεφηνάμην

423 1671 490 1738 τῇ
515 1667 740 1738 διανοίᾳ.

2101 487 2412 542 libertatem
2445 480 2687 545 dicendi,
2721 492 2882 548 quam
2920 473 3268 528 inimicorum
3305 469 3670 522 adulationem

2102 581 2297 650 probet
2327 593 2390 632 ac
2413 575 2616 630 laudet.

2170 667 2339 720 Multo
2369 664 2542 719 satius
2573 669 2657 716 est
2682 656 2838 712 brevi
2889 653 3163 716 molestia,
3201 649 3433 704 maxima
3483 645 3670 700 conci—

2099 763 2235 817 liare
2273 762 2439 823 bona,
2479 771 2647 827 quam
2672 749 2944 822 voluptati
2973 746 3267 810 studendo,
3310 741 3480 802 totius
3506 739 3674 793 sortis

2095 854 2368 924 jacturam
2403 849 2629 903 inferre.

2170 944 2436 1014 Cltrysost.
2488 939 2711 995 —Cum
2756 936 2815 990 in
2853 931 3102 989 deterius
3147 928 3381 984 mutatio
3425 925 3672 995 quadam

2101 1033 2410 1096 acciderit,
2457 1040 2592 1084 tunc
2656 1026 3004 1081 adulatorum
3071 1019 3404 1075 auferunt-ur
3469 1015 3672 1068 larvas:

2105 1137 2238 1182 tunc
2271 1123 2611 1178 histrionum
2671 1116 2964 1173 manifeste
3023 1113 3252 1175 chorus,
3311 1108 3503 1177 reique
3535 1121 3675 1176 pra:-

2105 1227 2286 1274 textus
2308 1216 2642 1286 produntur.
2671 1209 3012 1279 Aperiuntur
3043 1204 3292 1259 omnium
3323 1215 3418 1255 ora
3453 1216 3466 1252 :
3494 1198 3678 1266 Impu—

2103 1326 2199 1365 rus
2247 1309 2362 1372 ille,
2420 1305 2768 1367 sceleratus,
2825 1299 3187 1366 omniumque
3229 1290 3674 1350 scelestissimus,

2103 1404 2342 1457 dicunt:
2379 1410 2457 1462 at,
2515 1397 2659 1451 Num
2705 1393 2828 1448 heri
2893 1390 2973 1445 illi
3032 1384 3439 1444 assentabaris?
3492 1396 3679 1436 nonne

2103 1507 2300 1547 manus
2325 1483 2789 1545 deosculabaris?
2839 1481 3017 1536 Larva
3057 1479 3197 1541 haec,
3233 1489 3470 1546 persona
3498 1481 3678 1526 erant.

2103 1582 2268 1639 Venit
2290 1591 2509 1650 tempus
2539 1595 2554 1644 ;
2595 1587 2889 1646 personam
2923 1568 3122 1640 abjeci,
3162 1574 3219 1622 et
3249 1562 3418 1618 animi
3457 1575 3678 1615 sensum

2105 1671 2322 1742 aperui.

494 1735 860 1826 Κλήμεντος.
895 1787 965 1799 -
1017 1758 1190 1820 Νόσος
1243 1756 1428 1826 φιλίας
1484 1758 1517 1827 ἡ
1561 1754 1859 1809 κολακείαο
1903 1752 2001 1816 τὰς

2142 1735 2480 1818 ’ϐιεηιεηιίι
2506 1755 2850 1812 —Amiciti:e
2873 1752 3026 1807 labes
3058 1758 3145 1804 est
3170 1743 3436 1801 adulatio.
3471 1740 3680 1808 Nempe

425 1849 534 1902 τῶν
555 1849 832 1919 ἀρχόντων
882 1847 1187 1919 εὐπραγίας
1221 1847 1418 1917 μᾶλλον
1442 1886 1456 1911 ,
1511 1846 1545 1916 ἦ
1577 1846 1706 1908 τοὺς
1735 1843 2005 1915 ἄρχοντας

427 1937 628 2001 αὐτοὺς
659 1937 884 1991 εἰώθασι
924 1937 1250 2008 θεραπεύειν
1285 1938 1333 1989 οἱ
1365 1936 1630 1993 πλεῖστοι.

496 2024 832 2094 Πλουτάρχ.
859 2053 930 2065 --
968 2025 1180 2090 Ἔοικεν
1221 2025 1255 2094 ή
1298 2023 1555 2078 κολακεία
1608 2025 1828 2094 γραπτῇ
1871 2037 2007 2074 παν-

423 2116 611 2188 οπλία.
653 2116 747 2170 Διὸ
788 2117 982 2189 τέρψιν
1024 2117 1122 2187 μὲν
1177 2115 1330 2187 ἔχει’
1386 2116 1576 2186 χρείαν
1621 2115 1678 2168 δὲ
1751 2113 2008 2184 οὐδεμίαν

427 2207 680 2278 παρέχει.

498 2298 581 2352 Τὰ
631 2300 729 2371 μὲν
764 2299 896 2366 ξύλα
937 2301 998 2354 τὸ
1057 2300 1167 2372 πῦρ
1229 2297 1550 2365 αὐξάνοντα,
1591 2299 1693 2352 ὑπ”
1725 2297 1889 2351 αὐτοῦ
1915 2295 2008 2350 τοῦ

430 2391 601 2460 πυρὸς
651 2392 1103 2446 καταναλίσκεται
1129 2407 1144 2421 ⁸
1182 2393 1210 2445 6
1243 2392 1299 2446 δὲ
1341 2391 1568 2454 πλοῦτος
1619 2391 1837 2460 τρέφων
1885 2389 2011 2450 τοὺς

371 2522 380 2530 .
431 2481 689 2547 κόλακας,
724 2484 815 2536 ὐπ’
844 2484 1022 2536 αὐτῶν
1046 2482 1249 2536 τούτων
1275 2481 1670 2552 διαφθείρεται.

505 2574 717 2644 Ὥσπερ
762 2576 813 2628 οἱ
866 2574 1104 2644 κόρακες
1157 2572 1584 2643 παρεδρεύοντες
1652 2571 2013 2641 ἐξορύσσουσι

427 2666 557 2728 τοὺς
585 2665 694 2718 τῶν
740 2665 949 2736 νεκρῶν
969 2665 1286 2735 ὀφθαλμούς
1311 2681 1326 2695 ·
1355 2663 1528 2726 οὕτως
1559 2663 1609 2716 οἱ
1637 2662 1870 2728 κόλακες
1900 2653 2011 2726 τοῖς

429 2755 674 2820 ἐπαίνοις
736 2757 862 2821 τοὺς
935 2757 1231 2827 λογισμοὺς
1298 2755 1670 2826 διαφθείρουσι
1738 2755 1849 2809 τῶν
1912 2756 2013 2810 ἀνιο

428 2845 684 2917 θρὼπων.

500 2936 668 3008 Λαγῷ
721 2937 819 3008 μὲν
851 2937 1008 3004 κύνα,
1057 2937 1196 3010 φίλῳ
1225 2937 1283 2994 δέ
1307 2938 1513 2994 κόλακα
1547 2939 1707 3009 φύσει
1753 2938 2012 3009 πολέμιον

430 3029 684 3098 ἡγητέον.

500 3117 638 3173 Οὔτε
690 3120 792 3190 τῆς
823 3122 1073 3192 γαμετῆς
1107 3122 1206 3194 τὴν
1251 3123 1498 3194 ἑταίραν,
1543 3123 1666 3178 οὐτε
1699 3125 1799 3195 τῆς
1831 3123 2008 3194 φιλίας

427 3208 526 3282 τὴν
556 3210 847 3266 κολακείαν
876 3213 958 3267 δεῖ
986 3216 1282 3285 προτιμᾷν.

498 3297 722 3370 Χαίρειν
775 3300 882 3371 χρὴ
929 3303 1042 3365 τοῖς
1101 3303 1449 3372 ἐλέγχουσιν,,
1495 3305 1556 3358 οὐ
1597 3308 1711 3368 τοῖς
1747 3305 2013 3359 κολακεύσ

429 3405 604 3444 ουσιν.
660 3391 724 3443 Ol
755 3390 854 3460 μὲν
873 3389 982 3461 γὰρ
1018 3393 1166 3463 ἡμᾶς
1191 3393 1506 3460 λυποῦντες,
1540 3395 1928 3465 διεγείρουσιν’
1961 3397 2012 3450 οἱ

428 3480 485 3535 δὲ
512 3481 883 3554 χαριζόμενοι,
918 3481 1171 3536 ἐκλύουσι
1206 3484 1301 3538 καὶ
1333 3485 1690 3550 σκελίζουσιν.

513 3657 804 3728 Ἰσοκράτ.
837 3689 908 3703 -
944 3659 1108 3729 Διόρα
1138 3659 1376 3723 καὶτοὺς
1411 3659 1569 3731 τέχνῃ
1597 3661 2009 3731 κολακεύοντας,

430 3749 678 3813 καὶτοὺς
705 3752 827 3822 μετ’
861 3750 1074 3814 εὐνοίας
1119 3750 1538 3822 θεραπεύοντας,
1587 3755 1672 3807 ἵνα
1725 3753 1800 3826 μὴ
1831 3754 2012 3810 πλεῖον

429 3841 480 3892 οἱ
511 3841 737 3912 πονηροὶ
759 3840 878 3896 τῶν
889 3841 1144 3913 χρηστῶν
1168 3841 1385 3913 ἔχωσιν.
1487 3909 1490 3912 _

502 4021 665 4074 Μίσει
710 4021 838 4086 τοὺς
863 4019 1260 4084 κολακεύοντας
1285 4020 1475 4094 ὥσπερ
1518 4023 1645 4086 τοὺς
1678 4019 1970 4091 ἐξαπατῶν
1987 4054 2012 4069 -

428 4128 528 4257 Σαδς
546 4127 560 4143 ·
595 4111 898 4184 ἀμφότεροι
913 4111 1022 4182 γὰρ
1044 4112 1447 4181 πιστευθέντες,
1470 4114 1597 4178 τοὺς
1614 4113 2018 4181 πιστεύσαντας

504 4221 703 4257 ικουσι.

504 4221 703 4258 ικουσι.

501 4296 756 4367 Κράτης.
782 4326 856 4337 -
880 4299 1108 4370 Κράτης
1147 4298 1285 4368 πρὸς
1327 4299 1448 4353 νέον
1497 4299 1750 4354 πλούσιον
1785 4301 2012 4366 πολλοὺς

432 4386 668 4452 κόλακας
689 4390 1103 4461 ἐπισυρόμενον,
1132 4386 1275 4454 εἷπε,
1305 4389 1602 4458 Νεανίσκε,
1630 4392 1767 4446 ἐλεῶ
1799 4411 1894 4446 σου
1910 4395 2008 4465 τὴν

2115 4395 2435 4453 adulatores
2466 4395 2772 4468 pellicienti
2825 4411 2839 4449 :

432 4479 688 4552 ἐρημίαν.

514 4571 883 4640 Ἐπικτήτου.
928 4605 1000 4615 —
1048 4574 1112 4628 Ol
1152 4575 1252 4645 μὲν
1300 4575 1554 4647 κόρακες,
1608 4577 1717 4630 τῶν
1763 4578 2012 4632 τετελευ-

431 4665 676 4733 τηκότων
719 4667 845 4729 τοὺς
899 4665 1214 4736 ὀφθαλμοὺς
1243 4667 1646 4739 λυμαίνονται,
1687 4671 1815 4725 ὅταν
1859 4671 2012 4725 οὐδὲν

430 4755 610 4809 αὐτῶν
637 4758 752 4808 ἐστι
791 4755 986 4827 χρεία·
1019 4757 1069 4808 οἱ
1107 4756 1163 4810 δέ
1214 4756 1466 4824 κόλακες,
1511 4757 1621 4812 τῶν
1670 4759 1888 4824 ζώντων
1911 4760 2012 4825 τὰς

429 4843 608 4914 ψυχὰς
661 4845 1056 4916 διαφθείρουσι,
1119 4847 1213 4900 καὶ¹
1250 4848 1455 4917 ταύτης
1499 4847 1724 4919 ὄμματα
1763 4849 2011 4920 τυφλώτ-

431 4951 634 4990 τουσιν.

433 5117 463 5171 θ
502 5029 744 5172 meum;
803 5031 1011 5102 ὀργὴν,
1050 5032 1144 5086 καὶ
1196 5032 1429 5098 κόλακος
1499 5033 1754 5106 ἀπειλὴν,
1804 5037 1862 5089 ἐν
1911 5035 2010 5108 ἴσῳ

467 5135 522 5172 ετ
556 5137 634 5172 ον.

467 5135 522 5172 ετ
528 5135 634 5176 εον.

516 5211 804 5284 ’Δποδέχου
820 5215 947 5277 τοὺς
971 5215 1042 5267 τὰ
1062 5217 1272 5286 χρηστὰ
1296 5235 1357 5271 συ
1366 5217 1683 5290 μϐουλεύειν
1706 5221 2008 5290 ἐθέλοντας,

432 5301 568 5356 ἀλλὰ
609 5303 682 5376 μὴ
730 5306 858 5369 τοὺς
907 5307 1224 5362 κολακεύειν
1256 5311 1518 5364 ἑκάστοτε
1548 5313 1889 5379 σπεύδοντας.
1947 5320 2010 5371 Οἱ

438 5391 536 5462 μὲν
565 5393 674 5466 γὰρ
700 5395 762 5448 τὸ
791 5397 1071 5469 συμφέρον
1097 5399 1152 5452 ὲν
1173 5400 1401 5473 ἀληθείᾳ
1422 5402 1621 5473 ὁρῶσιν
1642 5419 1656 5437 ’
1688 5406 1736 5458 oi
1764 5406 1842 5473 δὲ,
1873 5408 2011 5479 πρὸς

432 5479 502 5533 τὰ
526 5480 784 5537 δοκοῦντα
828 5488 944 5549 τοῖς
976 5488 1268 5558 κρατοῦσιν
1299 5490 1548 5564 ἀφορῶσι
1571 5508 1586 5523 ο
1637 5495 1732 5548 καὶ
1767 5496 1878 5550 τῶν
1907 5513 2012 5550 σω-

438 5570 624 5639 μάτων
664 5575 764 5638 τὰς
795 5577 954 5640 σκιὰς
1000 5579 1344 5651 μιμούμενοι,
1382 5585 1493 5648 τοῖς
1534 5584 1663 5655 παρ’
1712 5585 1890 5642 αὐτῶν
1923 5587 2010 5641 λε-

437 5663 684 5733 γομένοις
707 5668 1068 5727 συννεύουσιν.

2106 1855 2360 1927 plerique
2413 1851 2743 1912 hominum,
2801 1843 2977 1915 magis
3024 1840 3338 1912 principum
3409 1835 3681 1894 fortunas,

2107 1926 2272 2016 quam
2309 1943 2462 2013 ipsos
2500 1939 2785 2010 principes
2819 1952 2884 1990 ac
2907 1947 3168 2004 proceres
3197 1930 3379 1984 colere
3411 1926 3609 1982 solent.

2177 2036 2477 2090 Plutarchi.
2525 2028 2874 2086 ——Adulatio
2911 2024 3110 2089 similis
3159 2030 3453 2076 armatura:
3503 2017 3681 2086 pictas.

2108 2129 2323 2185 Idcirco
2357 2126 2600 2180 delectat
2622 2122 2714 2176 illa
2735 2119 2982 2190 quidem,
3029 2123 3086 2169 at
3114 2121 3340 2184 praestat
3370 2108 3508 2164 nihil
3537 2105 3686 2176 quod

2110 2221 2167 2276 in
2199 2234 2316 2274 rem
2341 2216 2639 2272 conducat.

2181 2311 2356 2379 Ligna
2375 2309 2555 2379 ignem
2580 2301 2857 2375 augendo,
2882 2299 3088 2369 abipso
3108 2300 3513 2352 consumuntur
3537 2290 3682 2360 igne:

2110 2402 2322 2456 divitiae
2350 2416 2485 2454 vero
2513 2414 2638 2467 qua;
2661 2395 2974 2450 adulatores
3003 2392 3176 2454 alant,
3203 2388 3271 2442 ab
3299 2387 3364 2444 iis
3398 2385 3534 2456 ipsis
3554 2398 3684 2452 per—

2108 2491 2338 2546 duntur.

2180 2583 2251 2639 Ut
2276 2581 2428 2636 corvi
2457 2578 2801 2640 advolantes,
2816 2574 3150 2630 cadaverum
3166 2571 3357 2625 oculos
3377 2565 3648 2622 effodiunt
3670 2583 3682 2618 :

2112 2675 2194 2730 sic
2228 2672 2544 2727 adulatores
2577 2667 2880 2732 laudando,
2935 2663 3222 2718 hominum
3265 2656 3535 2716 rationem
3564 2656 3687 2712 ani-

2111 2779 2374 2834 mumque
2406 2763 2626 2816 vitiant.

2181 2941 2344 3010 Vulpi
2371 2953 2591 3003 canem,
2617 2937 2796 2991 amico
2815 2934 3161 2989 adulatorem
3184 2936 3383 2984 natura
3411 2926 3686 2981 infensum

2114 3031 2545 3089 existimandum
2570 3038 2676 3084 est.

2178 3126 2293 3180 Nec
2328 3121 2490 3179 uxori
2514 3119 2886 3184 meretricem,
2910 3130 3012 3171 nec
3040 3112 3296 3171 amicitia:
3314 3108 3690 3164 adulationem

2111 3217 2382 3273 debemus
2417 3227 2764 3284 praeponere.

2181 3307 2551 3364 Gaudendum
2587 3303 2761 3374 magis
2813 3297 3196 3371 arguentibus,
3249 3309 3413 3363 quam
3443 3298 3689 3346 assenta-

2115 3401 2330 3457 toribus
2363 3416 2378 3452 :
2408 3398 2486 3453 illi
2518 3409 2760 3464 namque
2789 3408 2898 3462 qua
2929 3396 3184 3460 pungunt
3213 3385 3541 3446 acerbitate,
3573 3383 3692 3437 ani-

2113 3506 2233 3546 mos
2262 3489 2538 3553 excitant;
2563 3485 2621 3540 hi
2645 3498 2776 3540 vero
2798 3478 3161 3551 obsequendo
3184 3475 3498 3531 dissolvunt
3522 3483 3691 3544 atque

2113 3582 2489 3651 supplantant.

2181 3665 2671 3733 Isocratis.—Qui
2694 3671 2814 3720 arte
2861 3667 3235 3724 assententur,
3297 3659 3367 3712 ab
3420 3656 3532 3711 illis
3572 3654 3690 3710 dis-

2115 3780 2305 3829 cerne,
2348 3762 2512 3834 566
2549 3761 2647 3830 qui
2677 3759 2866 3814 animo
2913 3757 3058 3811 bene
3110 3753 3333 3809 volente
3383 3749 3590 3812 colant,
3621 3765 3691 3803 ne

2114 3855 2261 3926 apud
2319 3862 2374 3909 te
2436 3853 2591 3918 mali,
2658 3866 2824 3921 quam
2885 3847 3022 3904 boni
3084 3844 3316 3901 meliore
3371 3841 3691 3898 conditione

2112 3944 2400 4000 exsistant.

2185 4035 2572 4102 Assentatores
2618 4047 2774 4102 aeque
2827 4046 2891 4085 ac
2944 4030 3266 4085 seductores
3320 4026 3448 4082 odio
3509 4025 3691 4094 habe;

2115 4127 2338 4195 utrique
2365 4125 2516 4180 enim
2542 4125 2750 4179 laedunt
2789 4121 2992 4193 injuria
3021 4135 3052 4175 a
3087 4135 3198 4190 quo
3231 4117 3395 4173 fidem
3423 4117 3690 4187 impetra-

2113 4219 2314 4273 verint.

2185 4307 2392 4365 Crates.
2445 4337 2488 4346 —
2522 4306 2716 4362 Crates
2771 4302 3113 4360 adolescenti
3165 4297 3432 4369 opulento
3486 4298 3688 4352 multos

2897 4392 3255 4454 Adolescens,
3300 4387 3511 4457 inquit,
3539 4394 3690 4442 tuam

2113 4489 2467 4544 solitudinem
2488 4489 2694 4552 doleo.~

2184 4581 2695 4653 Epicteti.—Corvi
2728 4582 2954 4652 quidem
3001 4580 3394 4636 defunctorum
3440 4592 3692 4634 corrum-

2114 4683 2254 4741 punt
2281 4676 2495 4740 oculos,
2521 4689 2648 4728 cum
2672 4674 2785 4743 jam
2817 4687 3012 4727 eorum
3037 4673 3222 4725 nullus
3248 4686 3383 4724 usus
3415 4677 3501 4724 est
3526 4668 3691 4722 :adu-

2112 4765 2318 4819 latores
2347 4770 2532 4817 autem
2553 4763 2805 4816 vivorum
2831 4760 3167 4816 labefactant
3189 4757 3438 4824 animos;
3468 4772 3692 4812 eorum-

2112 4871 2220 4926 que
2249 4856 2465 4910 lumina
2489 4855 2828 4925 exstingunt.
2869 4925 2872 4930 Ι

2187 5030 2342 5087 Simii
2381 5032 2462 5087 ira
2513 5048 2577 5087 ac
2610 5032 2912 5087 adulatoris
2947 5031 3132 5098 mium,
3189 5029 3385 5086 eodem
3441 5031 3565 5104 locp
3592 5029 3693 5084 ha-

2112 5124 2324 5180 bendae.

2181 5219 2312 5273 lllos
2340 5218 2512 5288 proba
2550 5217 2645 5288 qui
2674 5217 2848 5272 velint
2897 5217 3043 5272 bona
3085 5215 3399 5276 consulere,
3458 5231 3568 5270 non
3599 5215 3696 5284 qui

2113 5309 2364 5381 quotidie
2392 5309 2608 5365 adulari
2637 5310 2918 5364 studeant.
2965 5309 3048 5363 Illi
3083 5308 3232 5364 enim
3288 5308 3437 5376 quod
3473 5322 3599 5362 vere
3624 5307 3697 5362 sit

2115 5403 2467 5458 conducibile
2493 5404 2720 5468 vident;
2753 5403 2810 5456 hi
2847 5418 3002 5466 vero,
3058 5418 3181 5471 qua:
3213 5401 3534 5471 potentibus
3555 5400 3699 5456 arri-

2115 5495 2285 5551 deant
2315 5495 2434 5550 haec
2460 5503 2714 5566 spectant
2739 5513 2752 5561 ;
2792 5510 3199 5565 corporumque
3225 5492 3453 5549 umbras
3477 5493 3694 5550 imitan-

2121 5595 2224 5655 tes,
2257 5586 2641 5644 assentiuntur
2666 5587 2937 5658 quidquid
2972 5587 3060 5643 illi
3095 5587 3356 5643 dixerint.
