4066 6146
507 228 599 290 701

495 618 792 674 stissimam
821 622 1063 694 (laudem
1100 626 1334 708 scilicet)
1377 618 1722 718 corrumpit;
1759 666 1820 709 ut
1835 657 1969 727 jam,

482 1167 837 1233 labefactant.

548 1257 770 1332 Diogen.
789 1269 936 1324 —ln
972 1274 1286 1336 adulatione
1313 1286 1466 1341 velut
1494 1289 1548 1344 in
1574 1296 1850 1364 sepulcro,
1874 1302 2051 1359 solum

479 1347 736 1405 amicitiae
760 1369 962 1414 nomen
994 1362 1158 1420 titulo
1186 1371 1491 1441 ascriptum
1519 1388 1624 1434 est.

472 1634 623 1674 mum
652 1637 897 1681 morsum
933 1631 1122 1703 ﬁgeret
1159 1656 1170 1691 :
1205 1640 1284 1695 Ex
1310 1642 1464 1712 feris,
1505 1649 1704 1721 inquit,
1738 1659 2041 1721 calumnia-

471 1719 655 1780 tores;
685 1731 750 1770 οι
783 1718 982 1779 sicuri‘s
1008 1741 1162 1794 vero,
1181 1746 1575 1798 assentatores.

460 2190 625 2244 quam
672 2178 728 2233 in
771 2194 1146 2246 assentatores
1194 2193 1441 2254 incidere
1489 2202 1615 2258 :illi
1655 2209 1803 2265 enim
1830 2228 2033 2287 corpus

464 2263 734 2287 .l-_.-_.-_9
786 2271 801 2287 ι
872 2273 887 2287 1
978 2283 990 2287 _
1068 2278 1083 2287 ι
1112 2279 1124 2287 .
1200 2282 1212 2287 -

459 2263 737 2324 demortui
785 2271 995 2331 laedunt
1017 2317 1032 2344 ,
1066 2278 1127 2333 bi
1160 2282 1399 2341 viventis
1432 2290 1631 2349 animo
1686 2296 1874 2354 labem
1893 2263 2034 2360 infe-

458 2366 612 2414 runt.

527 2448 924 2513 Phavorini.—
950 2459 1103 2518 Sicut
1131 2465 1443 2526 Actaeonem
1471 2490 1613 2547 quos
1650 2480 1825 2537 aleret
1860 2499 2027 2544 canes

455 2554 792 2614 ent-carum;
841 2549 922 2605 sic
969 2553 1285 2614 adulatores
1337 2560 1614 2622 devorant
1666 2572 1762 2639 qui
1818 2588 1878 2631 se
1914 2592 2022 2632 nu-

453 2630 652 2689 triunt.

520 2719 768 2781 Zenonis.
790 2729 1055 2802 —Argue
1087 2738 1347 2807 teipsum,
1404 2746 1656 2817 quisquis
1699 2767 1778 2819 es,
1816 2771 1920 2812 nec
1954 2760 2023 2815 ad

447 2818 677 2889 gratiam
745 2822 968 2891 audias;
1012 2827 1107 2881 sed
1145 2830 1301 2884 aufer
1355 2818 1771 2897 assentatorum
1802 2847 2023 2907 dicendi

446 2909 748 2967 licentiam.

1664 263 1724 323 S.
1766 262 2050 328 MAXIMI
2090 271 2597 350 CONFESSORIS

575 346 756 406 Dionis
800 352 1066 427 Chrysost.
1087 394 1149 403 —
1176 364 1414 435 Etenim,
1459 383 1514 428 ut
1546 378 1715 434 verbo
1749 383 1950 452 dicam,
1987 388 2071 443 vi-

501 437 703 495 tiorum
727 446 974 500 omnium
1018 460 1326 512 extremum
1381 462 1752 526 adulationem
1795 474 2066 537 invenies.

498 527 633 582 Nam
665 533 904 599 Primum
932 541 1179 608 quidem,
1221 562 1335 602 rem
1381 555 1812 621 pulcherrimam
1871 584 1934 624 ac
1979 572 2070 642 ju-

498 618 788 642 ni£--2...-...
824 622 908 642 ΙΙ-.
956 626 970 642 ι
1164 626 1218 642 ..ι.
1319 639 1325 642 _

3656 325 3759 387 792

2100 393 2147 447 Δ
2243 394 2461 465 Δίωνος
2494 403 2599 458 τοῦ
2632 407 2935 475 Χρυσοστ.
2964 444 3033 456 -
3076 418 3270 475 Πασῶν
3315 426 3447 498 γάρ,
3506 431 3584 497 ὡς
3630 435 3755 502 ἔπος

2170 486 2360 555 είπεῖν,
2389 491 2501 546 τῶν
2529 499 2758 567 κακιῶν,
2786 503 3018 576 ἐσχάτην
3049 511 3113 562 ἄν
3140 529 3225 577 τις
3254 515 3405 584 εὖροι
3450 522 3555 593 τὴν
3599 528 3754 582 κολα-

2167 577 2338 633 κείαν.
2377 582 2597 654 Πρῶτον
2636 590 2734 658 μὲν
2758 592 2865 660 γὰρ
2890 595 2950 648 τὸ
2974 598 3259 656 κάλλιστον
3289 577 3384 660 καὶ
3410 577 3752 671 δικαιότατον

1995 677 2066 718 ne
2164 669 2465 745 διαφθείρει
2519 679 2611 734 τὸν
2642 681 2882 752 ἔπαινον,
2922 687 3065 742 ὥστε
3099 695 3295 765 μηκέτι
3331 699 3515 755 δοκεῖν
3564 710 3749 766 πιστὸν

494 707 538 758 si
574 722 703 763 vere
728 713 951 780 quidem
1001 721 1250 783 adhibita
1300 729 1489 801 fuerit,
1527 707 2061 809 ﬁdem'mereathr:

489 802 747 872 quodque
780 811 1024 868 omnium
1049 819 1431 885 gravissimum
1457 839 1561 894 est,
1589 836 1812 895 virtutis
1839 847 2063 912 praemia

2165 763 2289 832 μηδ’
2318 765 2534 836 ἀληθῶς
2556 773 2838 842 γινόμενον
2860 792 2872 807 ⁸
2893 780 2985 832 καὶ
3005 782 3065 835 τό
3099 763 3397 852 γεπάντων
3421 763 3745 864 δεινότατον,

2160 856 2227 908 τὰ
2261 857 2360 927 τῆς
2388 861 2587 933 ἀρετῆς
2615 865 2825 922 ἔπαθλα
2851 872 2915 942 τῇ
2944 874 3116 946 κακία
3145 877 3362 935 δίδωσιν
3394 902 3409 917 ·
3437 884 3583 939 ὥστε
3614 856 3743 945 πολύ

2220 1304 2446 1374 Διογέν.
2472 1339 2539 1349 -
2594 1312 2715 1367 Ἐπὶ
2771 1315 2869 1385 τῆς
2900 1318 3204 1387 κολακείας,
3247 1327 3440 1400 ὥσπερ
3481 1335 3572 1387 ἐπὶ
3599 1339 3732 1407 μνή-

2151 1410 2359 1463 ματος,
2419 1400 2551 1455 αὐτὸ
2603 1405 2763 1473 μόνον
2820 1407 2882 1460 τὺ
2941 1409 3113 1482 ὄνομα
3160 1416 3256 1491 τῇς
3315 1422 3501 1488 φιλίας
3552 1400 3732 1494 ὲτξιγέ-

2147 1501 2414 1556 γραπται.

2224 1579 2286 1645 ῘΟ
2352 1584 2513 1648 αὐτὸς
2572 1587 2898 1660 ἐρωτηθεῖς,
2969 1595 3037 1648 Τί
3087 1597 3195 1652 τῶν
3234 1600 3444 1673 θηρίων
3501 1610 3725 1666 κάκιστα

2142 1668 2363 1740 δάκνει;
2398 1673 2525 1745 ἔφη’
2583 1679 2702 1735 Τῶν
2731 1682 2829 1753 μὲν
2859 1684 3085 1756 άγρέων,
3132 1668 3511 1765 συκοφάντης*
3540 1700 3644 1753 τῶν
3670 1702 3723 1754 δὲ

2145 1761 2388 1831 ἡμέρων,
2422 1765 2609 1834 κόλαξ.

2211 1857 2472 1923 Δημοσθ.
2501 1888 2573 1898 -
2613 1861 2963 1935 Δημοσθένης
3000 1866 3101 1938 ἔφη
3124 1907 3138 1932 ,
3190 1871 3282 1924 τὸν
3326 1874 3534 1930 κόλακα
3566 1878 3716 1933 τοῦτο

2140 1945 2417 2019 διαφέρειν
2476 1950 2569 2005 τοῦ
2618 1953 2885 2024 κόρακος,
2919 1959 2998 2012 ὅτι
3036 1962 3064 2013 ὁ
3090 1961 3188 2031 μὲν
3226 1964 3458 2035 ζῶντας,
3488 1969 3517 2021 ό
3553 1970 3607 2025 δὲ
3632 1989 3715 2025 νε-

2140 2040 2307 2110 κροὺς
2342 2041 2531 2097 ἐσθίει.

2222 2130 2551 2188 Ἀντισθέν.
2594 2164 2655 2175 -
2698 2136 3039 2211 Ἀντισθένης
3099 2146 3304 2216 φησιν·
3348 2150 3711 2225 Αίρετὼτερον

2138 2223 2218 2286 εἰς
2254 2224 2495 2294 κόρακας
2540 2226 2821 2297 ἐμπεσεῖν,
2860 2231 2892 2302 ἢ
2936 2234 3017 2298 είς
3063 2236 3302 2304 κόλακας
3328 2257 3343 2272 ο
3380 2246 3429 2296 oi
3484 2223 3707 2317 μὲνγὰρ

2137 2313 2500 2378 ἀποθανόντος
2549 2318 2609 2372 τὸ
2636 2319 2816 2391 σῶμα,
2862 2324 2913 2377 οἱ
2961 2324 3018 2378 δὲ
3064 2326 3265 2393 ζῶντος
3298 2333 3397 2403 τὴν
3418 2313 3589 2407 ψυχὴν
3614 2313 3703 2390 λυζ

2138 2406 2419 2476 μαίνονται

2205 2502 2490 2569 Φαϐωρίν.
2518 2533 2590 2543 -
2619 2503 2829 2573 Ὥσπερ
2881 2507 2909 2560 ό
2961 2506 3224 2563 ’Δκταίων
3255 2512 3357 2566 ὑπὸ
3386 2514 3492 2567 τῶν
3515 2533 3697 2586 τρεφο-

2136 2590 2312 2661 μένων
2342 2591 2436 2645 ὑπ’
2467 2592 2634 2647 αὐτοῦ
2667 2594 2846 2648 κυνῶν
2884 2596 3174 2667 ἀπέθανεν,
3198 2600 3368 2665 οὕτως
3401 2606 3444 2656 οἱ
3471 2605 3688 2668 κόλακες

2130 2684 2255 2744 τοὺς
2281 2683 2581 2753 τρέφοντας
2602 2686 3000 2745 κατεσθίουσιν.

2200 2772 2500 2840 Ζήνωνος.
2532 2806 2601 2818 -
2629 2776 2856 2848 Ἔλεγχε
2905 2782 3123 2846 σαυτὸν,
3156 2783 3297 2846 ὅστις
3356 2779 3426 2849 εἴ,
3476 2784 3567 2837 καὶ
3613 2781 3686 2853 μὴ

2129 2865 2265 2936 πρὸς
2299 2865 2456 2934 χάριν
2471 2899 2487 2915 .

2205 2958 2390 3009 Ἀκου’
2417 2973 2431 2986 ο
2465 2956 2700 3027 ἀφαιροῦ
2746 2959 2804 3012 δὲ
2853 2961 3098 3015 κολάκων
3130 2964 3460 3035 παρρησίαν.

515 3001 1104 3079 Pythagor.——Gaude
1139 3015 1324 3089 potius
1356 3022 1717 3095 arguentibus
1753 3036 1825 3095 te,
1848 3047 2012 3102 quam

515 3094 605 3124 BH
644 3096 1034 3124 nd..l--¢2k..--
1085 3119 1144 3124 _-
1189 3108 1272 3124 ---ι
1321 3117 1334 3124 -
1393 3109 1407 3124 ι
1503 3112 1557 3124 ,η
1697 3118 1712 3124 -
1846 3123 1852 3124 ,

2189 3001 2737 3120 lludo'rdpjj—Xroips
2754 3054 2867 3113 τοῖς
2894 3051 3177 3122 ἐλέγχουσι
3204 3001 3502 3124 seruiium,
3524 3054 3554 3123 ἢ
3582 3056 3687 3119 τοῖς

443 3091 605 3165 567
641 3096 1036 3168 adulantibus;
1082 3119 1147 3158 ac
1188 3108 1340 3163 velut
1392 3092 1647 3172 hestibus
1680 3091 2007 3194 deteriores,

440 3184 537 3259 qui
567 3197 940 3258 assentantur,
970 3208 1246 3253 aversare.

509 3274 777 3334 Socrates.
830 3311 900 3322 --
951 3283 1318 3344 Adulatorum
1370 3293 1760 3357 benevolentia
1790 3345 1804 3371 ,
1851 3321 2008 3376 quasn

434 3365 556 3422 fusa
580 3370 719 3434 acie,
744 3371 1046 3431 infortunia
1069 3395 1132 3434 ac
1167 3397 1329 3441 casus
1352 3390 1613 3449 adversos
1634 3394 1794 3467 fugit.

502 3459 765 3518 Philanis.
788 3495 859 3505 —
877 3467 1150 3527 Aversare
1176 3474 1452 3537 illusorias
1477 3499 1883 3545 assentatorum
1909 3508 2006 3549 vo~

431 3564 564 3609 ces:
612 3555 978 3617 obscurantes
1032 3565 1181 3620 enim
1237 3571 1404 3627 animi
1461 3577 1708 3636 rationes
1740 3622 1755 3647 ,
1816 3600 2003 3640 rerum

427 4004 643 4072 subest,
700 4018 954 4071 natantes
1007 4021 1383 4095 comitantur;
1434 4016 1717 4104 nunquam
1765 4056 1901 4099 vero
1942 4045 1999 4100 in

422 4097 580 4154 littus
603 4103 970 4171 egrediuntur
994 4127 1007 4163 :
1041 4112 1122 4168 sic
1143 4114 1458 4176 adulatores
1491 4097 1678 4182 rerum
1699 4135 1999 4203 tranquillo

422 4190 635 4246 assidui
692 4206 841 4263 sunt,
888 4201 1232 4284 amicosque,
1283 4213 1538 4289 quandiu,
1574 4219 1733 4286 piana
1769 4224 1857 4279 via
1890 4240 1996 4293 est,

421 4279 662 4343 utiiciose
680 4284 962 4344 deducunt
981 4309 993 4344 :
1017 4293 1111 4350 ubi
1128 4280 1321 4355 autem
1337 4316 1588 4384 asperam
1613 4311 1992 4384 salutaverint,

419 4371 709 4429 recedunt.

491 4458 744 4519 Phocion.
770 4495 842 4508 —
860 4468 1105 4528 Phocion
1134 4475 1203 4530 ad
1241 4480 1598 4552 Antipatrum
1631 4490 1820 4550 dicere
1849 4498 2001 4554 sole-.

416 4550 513 4606 bat
537 4570 551 4606 :
574 4554 692 4609 Non
720 4568 879 4635 potes
904 4578 991 4618 me
1013 4573 1070 4620 et
1101 4568 1280 4625 amico
1307 4550 1397 4627 uti
1416 4585 1472 4632 et
1500 4581 1809 4650 adulatore.

1012 4695 1245 4757 SERMO
1282 4704 1398 4761 XII.

632 4800 707 4856 De
739 4805 934 4863 divitiis
967 4819 1018 4864 et
1050 4828 1370 4885 paupertate
1398 4839 1463 4875 ac
1516 4830 1770 4885 avaritia.

485 4935 674 4995 Matth.
707 4957 820 5007 xix,
852 4944 1028 5008 24.—
1046 4948 1287 5012 Facilius
1307 4966 1392 5011 est
1418 4963 1687 5020 camelum
1714 4983 1815 5037 per
1840 4969 1988 5031 fora-

413 5041 541 5082 men
572 5044 708 5086 acus
756 5037 1014 5107 transire,
1068 5057 1234 5112 quam
1287 5047 1519 5106 divitem
1556 5055 1765 5114 intrare
1815 5061 1867 5117 in
1901 5080 1988 5121 περ

411 5133 582 5188 gnum
615 5124 906 5187 caelorum.

483 5210 513 5263 1
540 5212 669 5269 Tim.
701 5232 777 5282 v1,
816 5218 899 5275 17.
923 5225 1282 5287 —Divitibus
1316 5234 1483 5308 hujus
1532 5243 1718 5297 saeculi
1750 5246 1988 5317 praecipe

414 5316 525 5356 non
564 5306 800 5365 sublime
831 5327 1044 5382 sapere,
1078 5335 1258 5393 neque
1295 5306 1517 5395 sperare
1570 5332 1622 5386 in
1657 5333 1868 5400 incerto
1896 5338 1984 5393 di-

2116 3139 2508 3195 κολακεύουσιν
2529 3155 2541 3167 ·
2575 3139 2651 3202 ὡς
2684 3138 2731 3191 δ’
2777 3139 2987 3211 ἐχθρῶν
3016 3140 3267 3214 χείρονας
3289 3143 3550 3216 ἐκτρέπου
3570 3145 3691 3208 τοὺς

2111 3230 2530 3292 κολακεύοντας.
2982 3304 2987 3309 μ

2179 3320 2512 3390 Σωκράτης.
2540 3350 2611 3361 -
2659 3320 2723 3374 Ἦ
2773 3321 2882 3375 τῶν
2935 3322 3181 3377 κολάκων
3219 3323 3402 3380 εὔνοια
3449 3325 3689 3397 καθάπερ

2106 3414 2173 3467 ἐκ
2198 3413 2430 3482 τροπῆς,
2461 3411 2651 3481 φεύγει
2685 3410 2784 3475 τὰς
2811 3411 3057 3482 ἀτυχίας.

2177 3506 2464 3570 Φίλωνος.
2484 3533 2554 3545 -
2592 3505 2961 3575 ’Λποστρέφου
2990 3506 3098 3560 τῶν
3132 3507 3379 3564 κολάκων
3393 3510 3517 3574 τοὺς
3548 3510 3677 3564 ἀπα·

2101 3595 2299 3667 τηλοὺς
2329 3595 2542 3665 λόγους.
2587 3594 3044 3664 Ἑξαμὸλύνοντες
3073 3597 3183 3669 γὰρ
3227 3601 3355 3664 τοὺς
3383 3601 3483 3672 τῆς
3510 3599 3686 3670 ψυχῆς

1983 3719 1998 3746 ,
2102 3686 2420 3758 λογισμοὺς,
2450 3688 2509 3739 ού
2565 3685 2908 3758 συγχωροῦσι
2963 3687 3141 3761 [ἰδεῖν]
3189 3690 3297 3744 τῶν
3352 3694 3686 3762 πραγμάτων

1981 3812 1997 3840 ,
2100 3778 2199 3853 τὴν
2227 3777 2508 3849 ἀλήθειαν.
2548 3779 2621 3831 Ἢ
2667 3778 2778 3849 γὰρ
2815 3779 3099 3833 ἐπαινοῦσι
3150 3781 3217 3835 τὰ
3256 3782 3427 3852 ψόγου
3457 3784 3601 3849 ἄξια,
3651 3782 3685 3853 ἢ

2099 3870 2330 3941 ψέγουσι
2364 3869 2626 3934 πολλάκις
2661 3869 2729 3922 τὰ
2752 3872 2985 3925 ἐπαίνων
3009 3872 3337 3943 κρείττονα.’

2172 3957 2478 4013 Σωτιώνου
2532 3958 2600 4012 ἐκ
2645 3958 2752 4013 τοῦ
2800 3960 2932 4027 περὶ
2979 3960 3178 4031 ὀργῆς.
3205 3993 3278 4006 -
3330 3965 3395 4018 Οἱ
3445 3965 3685 4036 δελφῖνες

2105 4047 2266 4118 μέχρι
2298 4047 2390 4101 τοῦ
2427 4047 2695 4110 κλύδωνος
2720 4048 3163 4121 συνδιανήχονται
3204 4054 3314 4116 τοῖς
3347 4053 3679 4126 κολυμὸῶσι·

2100 4141 2237 4211 πρὸς
2275 4141 2331 4194 δὲ
2360 4141 2421 4195 τὸ
2450 4139 2611 4213 ξηρὸν
2651 4142 2752 4197 οὐκ
2782 4142 3131 4207 ὲξοκείλουσι·
3159 4144 3331 4210 οὕτως
3358 4148 3406 4199 oi
3447 4148 3684 4210 κόλακες

2098 4232 2157 4286 ἐν
2185 4232 2340 4299 εὐδίᾳ
2365 4233 2743 4304 περιμένουσι,
2773 4235 2867 4288 καὶ
2894 4234 3022 4299 τοὺς
3050 4236 3236 4305 φίλους
3269 4239 3348 4302 είς
3373 4239 3682 4310 ἀποδημίαν

2102 4325 2523 4395 προπέμποντες
2551 4326 2712 4397 μέχρι
2730 4327 2826 4396 τῆς
2857 4326 3007 4392 λείας
3031 4331 3645 4401 συμπαρακολουθοῦσιν
3663 4347 3678 4365 ⁸

2029 4398 2075 4456 D
2103 4415 2321 4469 ἐπειδὰν
2359 4416 2414 4469 δέ
2462 4419 2541 4480 είς
2574 4421 2829 4489 τραχεῖαν
2851 4398 3372 4485 ἔλθωσιν,ίάπίασιν.

2172 4501 2488 4562 Φωκίων.-
2504 4503 2726 4561 Φωκίων
2747 4506 3123 4577 είώθειλέγειν
3143 4511 3278 4581 πρὸς
3299 4511 3676 4587 Ἀντίπατρον·

2102 4595 2176 4658 Οὐ
2209 4595 2434 4658 δύνασαί
2456 4614 2546 4667 μοι
2577 4599 2670 4652 καὶ
2709 4597 2847 4669 φίλῳ
2880 4600 2974 4654 καὶ
2999 4600 3188 4655 κόλακι
3219 4602 3552 4674 χρήσασθαι.

2666 4732 2887 4786 ΛΟΓΟΣ
2921 4733 3000 4788 ΙΒ⁹
3033 4735 3096 4788 ιθ.

2190 4839 2331 4909 Περὶ
2359 4843 2648 4910 πλούτου,
2673 4843 2772 4898 καί
2796 4846 3029 4913 πενίας,
3061 4848 3161 4902 καὶ
3187 4853 3605 4923 φιλαργυρίας.

2156 4976 2342 5032 Ματθ.
2375 4980 2464 5032 ιθ¹.
2484 4974 2955 5055 -Εὐκοπὼτερόν
2988 4983 3105 5038 ἐστι
3148 4987 3397 5060 κάμηλον
3423 4976 3517 5046 διὰ
3543 5011 3675 5066 τρυ-

2088 5071 2340 5140 πήματος
2386 5075 2610 5144 ῥαφίδος
2656 5074 2907 5143 διελθεῖν,
2941 5076 2974 5149 ἢ
3005 5078 3257 5135 πλούσιον
3306 5083 3572 5141 εισελθεῖν
3595 5087 3675 5152 είς

2094 5161 2194 5231 τὴν
2233 5162 2507 5232 βασιλείαν
2539 5165 2938 5237 τῶν-οὐρανῶν.

2163 5257 2223 5307 A'
2266 5257 2386 5325 Τιμ.
2421 5262 2496 5322 ς’.
2527 5286 2599 5298 -
2648 5258 2771 5321 Τοῖς
2824 5258 3100 5325 πλουσίοις
3161 5265 3221 5317 ἐν
3267 5264 3344 5335 τῷ
3389 5265 3483 5321 νῦν
3515 5268 3672 5324 αἰῶνι

2092 5334 2435 5415 παράγγελλε
2478 5348 2550 5419 μὴ
2595 5349 3022 5422 ὑψηλοφρονεῖν,
3067 5354 3199 5434 μηδέ
3239 5334 3530 5426 ἠλπικέναι
3580 5361 3669 5425 ἐπὶ

1937 5517 2165 5586 NOTAE.

488 5667 530 5701 "
555 5666 613 5725 In
658 5669 1126 5765 Gesn._Stnb.-.‘ZSQ
1157 5686 1366 5744 01231.
