4066 6146
305 297 420 360 793

1634 295 1804 356 LOCI
1845 295 2266 358 COMMUNES

3467 301 3574 365 ’194

310 407 542 462 πλούτου
582 403 895 477 ἀδηλότητι,
925 404 1042 460 ἀλλ’
1071 403 1165 458 ἐπὶ
1211 401 1288 474 τῷ
1313 402 1452 474 Θεῷ,
1505 402 1583 473 τῷ
1610 405 1901 476 παρέχοντι

2025 407 2288 472 ritiarum,
2341 406 2435 462 sed
2487 408 2542 461 in
2577 385 2712 473 Deo,
2768 405 2862 476 qui
2913 415 3138 476 praestat
3183 408 3345 464 nobis
3396 411 3581 466 omnia

308 501 445 571 ἡμῖν
471 500 649 553 πάντα
678 497 950 561 πλουσίως
972 500 1053 562 είς
1076 497 1394 552 ἀπόλαυσιν.

395 589 529 644 Ἰὼϐ
569 593 639 642 κ’.
673 616 744 628 --
777 585 1015 650 Πλοῦτος
1051 586 1250 650 ἀδίκως
1302 587 1670 656 συναγόμενος
1712 584 1902 657 ἐξεμε-

315 680 561 757 θήσεται.

386 776 634 841 Παροιμ.
673 775 766 828 ιϐ’.
792 773 1148 842 -Κρεῖσσον
1177 769 1390 839 πτωχὸς
1411 769 1640 835 δίκαιος,
1669 769 1700 839 ἢ
1738 769 1900 824 πλού-

321 879 435 925 σιος
461 862 724 931 ψεύστης.

402 953 642 1019 Ἔκκλη.
677 950 730 1004 ι’.
767 980 838 993 -
866 950 956 1022 Τῷ
992 949 1242 1021 ἀργυρίῳ
1264 949 1638 1003 ὑπακούσεται
1669 949 1738 1004 τὰ
1766 950 1902 1021 σύμ-

323 1059 502 1095 παντα
512 1081 521 1091 .

393 1135 576 1201 Σιράχ
641 1135 758 1188 λα’.
787 1161 852 1173 -
897 1131 1198 1203 Ἀγρυπνία
1235 1133 1468 1186 πλούτου
1500 1135 1724 1204 ἐκτήκει
1767 1135 1900 1203 σάρο

321 1240 444 1287 διας⁴
477 1223 570 1274 καὶ
597 1223 629 1292 ἡ
663 1221 905 1291 μέριμνα
928 1222 1094 1275 αὐτοῦ
1124 1225 1328 1294 ἀφιστᾷ
1361 1223 1548 1277 ὕπνον.

392 1311 566 1381 Σιρὰχ
613 1317 726 1380 λγθ.
755 1345 827 1356 -—-
846 1314 1086 1368 Πλούτου
1116 1316 1412 1385 σφαλέντος
1436 1315 1620 1368 πολλοὶ
1641 1313 1905 1385 ἀντιληπ-

322 1419 476 1475 τορες
499 1419 512 1431 ·
545 1404 806 1474 ἐλάλησεν
836 1405 1144 1476 ἀπόρρητα,
1181 1407 1275 1458 καὶ
1303 1406 1627 1460 ἐδικαίωσαν
1649 1404 1829 1458 αὐτόν.

395 1580 657 1643 Πλούσιος
682 1581 930 1652 ὲλάλησε,
981 1583 1076 1635 καὶ
1105 1583 1305 1646 πάντες
1359 1584 1642 1654 ἐσίγησαν,
1684 1583 1778 1636 καὶ
1814 1581 1905 1636 τὸν

324 1673 484 1741 λόγον
512 1673 678 1726 αὑτοῦ
709 1671 997 1741 ἀνύψωσαν
1025 1673 1128 1734 ἕως
1151 1673 1260 1725 τῶν
1292 1674 1550 1742 νεφελῶν.

2005 499 2224 554 abunde
2251 499 2317 552 ad
2352 499 2670 554 fruendum.

2039 589 2170 645 'Job
2204 608 2294 656 xx,
2324 593 2410 646 15.
2451 592 2758 646 ——Divitiae
2810 591 3014 661 injuste
3058 602 3426 663 congregatae,
3455 610 3586 650 evo-

2000 690 2242 735 mentur.

2071 771 2232 825 Prov.
2271 788 2383 836 Xlx,
2417 773 2468 824 1.
2492 803 2563 811 —
2585 771 2780 826 Melior
2821 778 2907 826 est
2940 787 3152 841 pauper
3187 773 3390 842 justus,
3419 790 3582 844 quam

2003 859 2160 912 dives
2190 858 2444 912 mendax.

2074 949 2249 1002 Eccle.
2277 965 2334 1013 χ,
2372 950 2547 1003 19.-
2566 948 2819 1004 Pecuniae
2842 949 3106 1004 obedient
3129 952 3334 1006 omnia.
3379 928 3382 932 l

2074 1125 2240 1179 Eccli.
2275 1141 2422 1188 χχιιι,
2451 1142 2487 1178 ι.
2511 1155 2583 1164 —-
2603 1125 2804 1194 Vigilia
2835 1126 3157 1181 divitiarum
3183 1128 3442 1183 tabefacit
3467 1144 3588 1184 car-

2003 1232 2122 1278 nes,
2157 1226 2213 1270 et
2239 1232 2372 1270 cura
2405 1231 2597 1270 earum
2638 1216 2835 1270 adimit
2866 1233 3124 1272 somnum

2074 1307 2241 1361 Eccli.
2265 1324 2384 1372 xm,
2421 1307 2612 1372 26,28.
2632 1339 2704 1348 ——
2723 1309 2904 1364 Divite
2932 1310 3168 1380 decepto
3218 1313 3378 1365 multi
3425 1312 3587 1382 adju-

2004 1407 2210 1454 tores:
2259 1399 2480 1453 locutus
2550 1405 2636 1462 est
2699 1398 2962 1464 nefanda,
3031 1407 3088 1453 et
3144 1400 3591 1470 justificaverunt

2003 1505 2152 1545 eum.
2410 1560 2411 1563 η

2075 1582 2239 1635 Dives
2278 1580 2500 1634 locutus
2537 1589 2644 1644 est,
2689 1589 2744 1634 et
2782 1595 2975 1636 omnes
3011 1589 3330 1646 tacuerunt,
3369 1588 3426 1634 et
3468 1581 3591 1650 ejus

2007 1688 2320 1726 sermonem
2352 1672 2418 1725 ad
2446 1671 2624 1725 nubes
2659 1688 2833 1740 usque
2857 1673 3198 1727 extulerunt.

337 1795 344 1801 -
395 1764 613 1815 Βασιλ.
635 1762 881 1816 -Πενία
907 1762 1025 1832 μετ’
1044 1761 1320 1832 ἀληθείας,
1347 1763 1526 1833 πάσης
1551 1763 1904 1826 ἀπολαύσεως

2073 1762 2347 1815 Basilii—
2368 1763 2668 1830 Paupertas
2703 1778 2828 1816 cum
2859 1764 3116 1828 veritate,
3156 1762 3591 1833 omnijucundi-

326 1853 440 1915 τοῖς
469 1851 806 1921 σωφρονοῦσι
839 1852 1230 1922 προτιμοτέρα.

398 1942 475 1994 Οὐ
531 1941 594 1994 τὸ
624 1939 881 1994 πένεσθαι
911 1942 1294 2007 ἐπονείδιστον,
1336 1940 1472 1995 ἀλλὰ
1501 1942 1562 1995 τὸ
1619 1942 1695 2011 μὴ
1722 1941 1908 2010 φέρειν

329 2032 684 2102 εὐγνωμόνως
716 2032 813 2104 τὴν
839 2036 1052 2088 πενίαν.

402 2212 677 2280 Λογισμδς
724 2213 832 2283 γὰρ
883 2213 1232 2283 φυλαργυρίᾳ
1287 2212 1743 2284 προειλημμένος,
1778 2228 1912 2282 τρυ-

332 2303 468 2372 τάνη
490 2302 638 2355 ἐστὶν
655 2303 748 2356 ἐπὶ
766 2303 827 2356 τὸ
849 2303 986 2374 βαρὺ
1004 2303 1103 2356 τοῦ
1123 2304 1343 2367 κανόνος
1361 2304 1460 2374 τὴν
1482 2304 1653 2374 ῥοπὴν
1671 2303 1912 2370 καταφέ-

337 2408 530 2460 ρουσα.

981 2486 1302 2550 Θεολόθιοου.

475 2572 741 2637 Πένητος
795 2572 1017 2640 ἀνδρὸς
1071 2573 1253 2626 οὐδὲν
1310 2572 1787 2641 ἀσφαλέστερον.

473 2641 632 2711 Πρὸς
660 2644 767 2694 τὸν
797 2643 946 2695 Θεὸν
975 2641 1245 2704 νένευκε,
1295 2645 1389 2695 καὶ
1439 2643 1627 2711 μόνον
1669 2641 1911 2705 βλέπει.

489 2708 585 2774 Ὠς
612 2712 898 2764 ἀπόλοιτο
927 2713 1210 2777 πλοῦτος,
1225 2714 1277 2764 εί
1290 2711 1375 2780 μὴ
1389 2708 1606 2776 ,βοηθεῖ
1627 2711 1911 2778 πένησιν.

476 2779 776 2846 Κρεῑσσον
798 2781 993 2845 πενία,
1017 2782 1101 2850 μὴ
1123 2779 1358 2845 δικαίας
1382 2781 1668 2846 κτήσεως,

478 2851 590 2902 Kal
622 2853 731 2918 γὰρ
759 2851 948 2915 νόσος
975 2867 1062 2918 γε,
1090 2850 1200 2919 τῆς
1223 2850 1417 2918 κακῆς
1443 2851 1704 2916 εὐεξίας.

407 2960 591 3014 Δεινὺν
624 2961 901 3026 πένεσθαι,
930 2965 1110 3033 χεῖρον
1148 2963 1192 3015 δ’
1216 2965 1468 3035 εὐπορεῖν
1497 2965 1707 3029 κακῶς.

409 3139 718 3206 Χρυσόστ.
757 3132 825 3190 Ὠ
857 3138 1088 3209 πηλίκον
1135 3135 1353 3207 ἀξίωμα
1379 3137 1479 3206 τῆς
1500 3134 1691 3198 πενίας
1737 3135 1749 3187 l
1786 3133 1921 3188 Θεοῦ

334 3230 549 3298 γίνεται
601 3232 966 3305 προσωπεῖον.
1049 3228 1370 3300 Κρύπτεται
1419 3230 1477 3281 ἐν
1540 3227 1701 3298 πενίᾳ
1749 3226 1920 3290 Θεόςυ

334 3321 436 3374 καὶ
466 3320 634 3391 πένης
665 3323 782 3392 μὲν,
827 3323 856 3374 ό
905 3321 1003 3392 τὴν
1053 3323 1213 3393 χεῖρα
1241 3320 1541 3390 προτείνων
1570 3335 1582 3349 ·
1614 3317 1747 3381 Θεὸς
1790 3317 1866 3382 δὲ,
1895 3318 1924 3370 ὁ

331 3414 652 3484 δεχόμενος.

415 3507 628 3575 Ὥσπερ
682 3505 742 3569 ἐξ
798 3505 1235 3575 ἀδηφαγίαςμὲν
1262 3503 1471 3573 γίνεται
1515 3499 1814 3571 φλεγμονὴ,
1860 3499 1925 3552 ἐκ

332 3597 394 3650 δὲ
427 3596 740 3665 φλεγμονῆς
767 3595 1010 3648 τίκτεται
1058 3594 1315 3664 πυρετὸς,
1371 3589 1490 3646 εἷτα
1520 3590 1748 3652 θάνατος
1778 3590 1924 3642 ἐκεῖ-

333 3689 436 3740 θεν
461 3686 724 3750 πολλάκις
751 3703 764 3716 ο
800 3685 943 3740 οὑτω
972 3687 1066 3740 καὶ
1100 3686 1207 3740 ἀπὸ
1229 3686 1328 3754 τῆς
1344 3684 1453 3736 τῶν
1475 3684 1814 3753 πραγμάτων
1834 3680 1926 3733 καὶ

330 3779 454 3834 ἀπὸ
484 3780 583 3849 τῆς
613 3778 705 3832 τοῦ
748 3777 978 3831 πλούτου
1032 3777 1374 3848 ὑπερϐολῆς,
1433 3776 1658 3828 ἀπόνοια
1699 3774 1926 3842 γίνεται.

331 3873 562 3942 ’Ὠσπερ
593 3870 702 3941 γὰρ
724 3871 818 3922 ἐπὶ
839 3869 947 3922 τῶν
981 3870 1248 3938 σωμάτων
1279 3867 1580 3936 φλεγμονὴ,
1644 3864 1787 3918 οὕτω
1832 3864 1928 3917 καὶ

329 3964 433 4018 ἐπὶ
481 3964 580 4032 τῆς
626 3961 806 4032 ψυχῆς
847 3961 1073 4014 ἀπόνοια
1254 3955 1384 4012 Εἶτα
1417 3957 1476 4023 ἐξ
1515 3955 1769 4015 ἀπονοίας
1810 3956 1930 4007 ἐπι·

331 4053 515 4124 θυμία
533 4053 639 4107 τῶν
655 4054 717 4107 οὑ
752 4053 1140 4124 προσηκόντων
1165 4049 1548 4104 ἐπακολουθεῖν
1574 4048 1786 4101 εἴωθεν.

335 4247 342 4250 ‘
407 4235 601 4300 Γρηγ.
629 4231 904 4296 Νύσσης.
948 4259 1022 4270 -
1066 4229 1141 4282 Τὸ
1183 4228 1367 4292 καλῶς
1404 4227 1550 4299 ἔχειν
1595 4227 1753 4296 ὀλίγα
1794 4228 1928 4282 πολὺ

331 4342 384 4380 τι
394 4323 692 4396 μιὼτερον,
715 4321 808 4374 τοῦ
847 4320 1033 4384 κακῶς
1062 4319 1209 4390 ἔχειν
1231 4318 1422 4374 πολλά.

2011 1862 2121 1908 tate
2147 1853 2466 1922 pretiosior,
2491 1852 2600 1915 his,
2636 1851 2731 1919 qui
2767 1867 2902 1907 sano
2931 1854 3116 1906 animo
3142 1854 3273 1906 sint.

2078 1943 2198 1998 Non
2227 1943 2376 2012 quod
2432 1955 2643 2013 pauper
2690 1943 2767 1997 sis
2803 1943 3066 2012 probrum
3124 1952 3230 2008 est,
3287 1943 3383 1997 sed
3442 1940 3592 2011 quod

2012 2042 2400 2103 paupertatem
2448 2042 2606 2104 grato
2647 2035 2842 2088 animo
2879 2049 2944 2087 ac
2999 2034 3250 2088 modeste
3288 2033 3435 2087 ferre
3480 2048 3593 2086 non

2010 2125 2208 2194 possis.

2087 2215 2250 2268 Ratio
2271 2215 2419 2269 enim
2449 2223 2758 2285 occupante
2785 2215 3038 2280 avaritia,
3081 2217 3294 2271 trutina
3335 2223 3444 2282 est,
3472 2229 3596 2285 qua:

2014 2309 2222 2379 regulae
2245 2318 2584 2364 momentum
2618 2309 2675 2363 in
2707 2325 2871 2390 grave
2904 2309 3204 2380 deprimat.

2673 2479 2918 2549 Theologi

2087 2572 2211 2626 Viro
2239 2586 2468 2640 paupere
2507 2568 2646 2640 nihil
2681 2572 2916 2640 securius
2946 2585 2965 2623 :

2088 2643 2154 2696 In
2190 2638 2356 2694 Deunt
2391 2639 2577 2703 tendit,
2610 2646 2657 2690 et
2689 2638 2860 2691 solum
2890 2655 3011 2692 eum
3045 2638 3204 2692 videt.

2089 2711 2255 2780 568
2291 2710 2522 2762 Pereunt
2554 2724 2706 2780 opes,
2729 2709 2833 2780 nisi
2863 2709 3038 2778 egenis
3068 2709 3402 2780 subveniunt.

2089 2777 2325 2835 Prle'stat
2355 2785 2643 2847 paupertas
2689 2777 2904 2847 injuste
2943 2777 3111 2845 partis
3153 2777 3596 2846 possessionibus:

2088 2850 2226 2905 Nam
2256 2856 2302 2901 et
2332 2845 2564 2911 morbus,
2586 2845 2992 2916 mala'corporis
3023 2845 3409 2916 pinguitudine.

2090 2962 2268 3018 Grave
2301 2974 2601 3031 pauperem
2635 2973 2795 3022 esse;
2845 2959 3003 3029 pejus
3034 2973 3170 3012 vero
3202 2957 3342 3012 male
3372 2957 3600 3012 divitem

1947 3096 1992 3155 α
2022 3069 2165 3110 esse.

2095 3144 2362 3214 Chrysost.
2403 3172 2477 3182 -
2529 3141 2803 3211 Oquanta
2861 3141 3203 3211 paupertatis
3249 3140 3598 3210 praestantia!

2021 3237 2119 3292 Dei
2148 3251 2439 3305 personam
2473 3234 2635 3304 gerit.
2666 3233 2990 3288 Occultatur
3010 3234 3062 3286 in
3086 3239 3412 3302 paupertate
3435 3233 3600 3285 Deus:

2023 3342 2087 3381 ac
2111 3325 2336 3395 quidem
2364 3340 2576 3394 pauper
2612 3332 2696 3379 est
2731 3323 2829 3393 qui
2873 3339 3098 3377 manum
3151 3322 3427 3390 porrigit;
3457 3322 3604 3374 Deus

2025 3427 2231 3482 autem,
2263 3416 2358 3485 qui
2387 3415 2612 3483 accipit.

2096 3507 2168 3563 Ut
2197 3523 2264 3562 ex
2287 3506 2557 3561 edacitate
2605 3505 2854 3560 nascitur
2897 3503 3274 3568 inﬂammatio,
3310 3519 3488 3573 exque
3519 3503 3604 3556 in-

2025 3599 2398 3655 ﬂammatione
2425 3598 2618 3660 febris,
2648 3599 2740 3651 cui
2783 3613 2894 3651 non
2927 3612 3051 3650 raro
3091 3611 3242 3650 mors
3268 3611 3454 3650 comes
3479 3604 3599 3650 est:

2027 3690 2108 3746 sic
2131 3699 2185 3751 et
2205 3707 2234 3743 a
2261 3705 2446 3743 rerum
2483 3688 2918 3757 divitiarumquc
2944 3689 3333 3758 exsuperantia
3357 3729 3370 3750 ,
3400 3682 3602 3742 vesana

2028 3781 2278 3851 quaedam
2305 3779 2602 3834 insolentia
2623 3780 2901 3848 animique
2925 3780 3111 3833 elatio.
3131 3777 3602 3844 Quemadmodum

2028 3876 2175 3930 enim
2209 3875 2264 3928 in
2295 3873 2630 3942 corporibus
2658 3870 3036 3933 inﬂammatio,
3057 3870 3136 3924 sic
3153 3879 3210 3924 et
3235 3870 3290 3923 in
3318 3870 3605 3924 hominum

2029 3965 2232 4020 animis
2251 3980 2314 4018 ea
2344 3963 2634 4017 insolentia
2668 3970 2754 4016 est
2801 3969 2858 4016 et
2878 3961 3047 4016 elatio
3075 3979 3088 4014 :
3141 3977 3208 4014 ex
3233 3977 3340 4029 qua
3381 3960 3603 4024 deinde,

2030 4070 2220 4109 earum
2245 4069 2430 4108 rerum
2457 4052 2755 4121 cupiditas,
2772 4067 2894 4120 quae
2917 4067 3018 4120 pro
3049 4058 3226 4104 status
3255 4050 3470 4105 ratione
3494 4066 3605 4105 non

2031 4145 2394 4208 conveniunt,
2422 4144 2662 4213 proclive
2691 4143 3076 4211 consequitur.

2104 4237 2258 4306 Greg.
2289 4234 2443 4305 Nysa.
2486 4265 2556 4273 -—
2598 4235 2777 4288 Pauca
2812 4233 3042 4289 honeste
3083 4233 3292 4288 habere
3326 4233 3502 4302 plur-is
3527 4230 3609 4285 fa-

2035 4323 2508 4396 ciendum,‘quam
2534 4326 2708 4379 multa
2733 4325 3044 4379 inhoneste.

411 4413 611 4477 Οὑδείς
652 4429 802 4477 ποτε,
836 4411 930 4465 τοῦ
973 4411 1276 4482 κερδαίνειν
1316 4410 1526 4479 γίνεται
1571 4410 1759 4480 κόρος’
1793 4409 1928 4464 ἀλλὰ

2100 4419 2263 4474 Nulla
2305 4426 2388 4472 est
2426 4431 2668 4485 unquam
2721 4415 2976 4469 lucrandi
3022 4415 3280 4470 satietas:
3329 4413 3426 4469 sed
3459 4413 3606 4483 quod

331 4509 399 4560 τὸ
445 4507 540 4561 ἀεὶ
564 4504 993 4575 λαμὸανόμενον,
1044 4504 1144 4575 ὕλη
1178 4503 1274 4557 καὶ
1307 4503 1643 4574 ὑπέκκαυμα
1688 4503 1787 4573 τῆς
1813 4502 1930 4567 ,τοῦ

334 4600 597 4662 πλείονος
625 4597 923 4668 ἐπιθυμίας
954 4595 1300 4651 καθίσταται.

409 4689 571 4759 Βαρὺ
619 4686 811 4757 χρῆμα
867 4685 928 4739 τὺ
999 4685 1220 4756 χρυσίον
1271 4685 1427 4738 ἐστί·
1464 4684 1666 4755 κοῦφον
1725 4685 1781 4738 δὲ
1837 4687 1931 4738 καί¹

335 4781 635 4852 ἀνωφερὲς
673 4781 909 4850 πρᾶγμα
973 4781 1006 4849 ἠ
1061 4779 1253 4849 ἀρετή.
1289 4779 1352 4831 Εἰ
1391 4773 1482 4831 οὖν
1520 4779 1626 4848 χρὴ
1670 4778 1778 4830 τῶν
1821 4778 1933 4831 ἄνω

336 4870 725 4944 προσσαίνειν,
745 4869 852 4922 τῶν
878 4868 1241 4923 κατελθόντων
1289 4868 1559 4940 [καθελκ.]
1602 4867 1929 4938 πτωχεύσω-

341 4978 471 5034 μεν,
509 4960 604 5013 ἵνα
636 4961 694 5012 ἐν
726 4960 975 5028 οὐρανοῖς
1001 4961 1111 5014 ἄνω
1137 4958 1437 5029 γινώμεθα.

413 5050 667 5104 Πλούτου
701 5049 894 5113 κάλλος
911 5051 1012 5104 οὑκ
1056 5053 1115 5105 ἐν
1140 5049 1464 5118 βαλαντίοις,
1502 5049 1618 5103 ἀλλ’
1644 5051 1703 5102 ἐν
1726 5052 1791 5121 τῇ
1821 5049 1929 5104 τῶν

279 5151 281 5153 ’
339 5143 670 5218 χρῃζόντων
692 5143 1000 5215 ἐπικουρίᾳ.

2029 4525 2250 4579 semper
2274 4509 2605 4577 acquiritur,
2631 4508 2860 4577 majoris
2903 4507 3226 4578 cupiditatis
3262 4506 3493 4561 materia
3522 4506 3608 4561 t‘o-

2029 4615 2259 4669 mesque
2289 4598 2552 4652 etlicitur.

2101 4691 2310 4745 Aurum
2345 4704 2434 4743 res
2456 4687 2635 4759 gravis
2667 4695 2752 4741 est
2778 4703 2792 4740 :
2826 4687 2965 4741 levis
2995 4695 3180 4742 autem
3213 4695 3269 4741 et
3297 4702 3418 4756 quae
3436 4686 3608 4740 altum

2028 4791 2204 4852 petat,
2228 4780 2426 4834 virtus.
2489 4777 2776 4848 Siquidem
2827 4776 2996 4847 igitur
3044 4777 3282 4846 petenda
3338 4775 3606 4836 caelestia,

2032 4875 2102 4930 iis
2132 4887 2403 4943 pauperes
2436 4869 2608 4926 simus
2633 4885 2754 4939 qua:
2783 4869 3100 4934 detrahunt,
3138 4877 3198 4922 ut
3218 4868 3326 4921 alta
3341 4867 3607 4922 caelorum

2034 4966 2446 5021 nanciscamur.

2107 5056 2434 5111 ltivitiarum
2482 5031 2836 5123 pulcliritudo
2873 5069 2983 5106 non
3019 5052 3072 5106 in
3123 5050 3318 5105 loculis
3365 5049 3468 5103 sita
3501 5055 3606 5112 est,

2037 5147 2134 5201 sed
2161 5148 2214 5201 in
2241 5146 2552 5217 prmstanda
2587 5144 2953 5214 indigentium
2981 5141 3366 5212 opitulatione.

1876 5257 2107 5316 NOTIE.

418 5347 514 5421 (j)
561 5345 696 5428 Ἐπὶ
718 5345 1314 5428 ψυχῆςξὰπόνοιαλῐε
1339 5348 1485 5428 unde
1518 5349 1651 5403 Ball.
1673 5349 1924 5406 submota
1968 5340 1991 5349 ’

341 5417 604 5490 ea'voce
623 5417 734 5490 τῶν
784 5417 1073 5486 σωμάτων,
1113 5432 1278 5485 quam
1318 5425 1373 5471 et
1404 5418 1570 5490 Gesn.
1605 5435 1925 5490 expungen-

341 5489 474 5543 dam
508 5485 875 5555 coniecerat}
899 5495 994 5540 aut
1040 5496 1191 5540 certe
1223 5488 1599 5555 reponendum
1641 5485 1924 5542 esset'rdw

341 5555 690 5626 ἀνθρώπων,
723 5554 886 5626 υιγιὶε
927 5557 1163 5626 humana
1200 5554 1380 5610 anima
1426 5573 1606 5611 sermo
1628 5559 1924 5613 csseintel-

343 5625 583 5696 ligatur,
613 5639 733 5692 quae
766 5625 845 5677 sic
893 5625 988 5696 τοῦ
1032 5625 1122 5678 νοῦ
1175 5628 1458 5679 ἐκπίπτει·
1529 5627 1673 5681 unde
1719 5628 1920 5682 dictam

345 5694 648 5756 ἀπόνοιαν,
668 5702 859 5747 auctor
881 5694 1075 5765 Chrys.
1105 5696 1158 5750 in
1188 5697 1366 5765 Epist.
1406 5696 1472 5751 ad
1507 5697 1666 5753 Rom.
1695 5698 1860 5765 Quasi
1889 5716 1919 5752 a

2029 5362 2202 5407 mente
2215 5353 2466 5408 dilabitur
2477 5351 2786 5420 exciditque,
2804 5350 3056 5405 elationis
3068 5349 3442 5420 scilicetvitio,
3459 5349 3604 5417 quod

2027 5425 2092 5492 τῇ
2120 5423 2399 5492 φλεγμονῇ
2429 5423 2484 5475 in
2516 5419 2744 5492 corpore
2781 5422 2883 5492 rite
2915 5419 3232 5492 opponitur.
3281 5419 3377 5472 Est
3411 5429 3598 5492 autem

2026 5488 2141 5553 illa,
2158 5488 2352 5545 Tumor
2376 5488 2542 5544 durus
2570 5488 2624 5543 et
2640 5490 2863 5544 callidus
2897 5505 3028 5542 cunt-
3051 5488 3306 5551 tensione,
3347 5489 3523 5541 renisu
3549 5496 3597 5540 et

2025 5560 2205 5630 dolore
2232 5578 2294 5614 ac
2320 5561 2656 5630 pulsatione:
2691 5560 2943 5630 ἀπόνοια,
2968 5575 3163 5630 vesana
3183 5558 3427 5630 quagdam
3444 5560 3602 5630 inso—

2027 5629 2222 5710 lentia,
2246 5639 2292 5682 et
2316 5627 2474 5685 elatio
2497 5646 2512 5683 :
2546 5646 2655 5685 non
2680 5629 2825 5700 quod
2848 5629 3151 5700 simplicius
3165 5628 3409 5684 reddidit
3431 5627 3602 5685 Gesn.

2027 5710 2278 5754 amentta.
