4066 6146
502 280 608 340 ’ίίὶῗι

1684 277 1744 336 S.
1788 277 2073 335 ΜΛΧῐΜΙ
2112 276 2618 338 CONFESbURIS

3676 281 3782 347 796

578 385 835 439 Philonis.
855 415 922 424 —-
941 384 1307 438 Pecuniarum
1342 382 1788 453 pmdiorumque
1810 384 2084 440 desideria

2260 387 2477 442 Φίλων.
2509 415 2581 427 -
2625 386 2692 439 Αί
2737 385 2836 456 μὲν
2857 387 3154 458 χρημάτων
3183 388 3276 441 καὶ
3313 390 3614 460 κτημάτων
3649 392 3778 446 ἐπι-

504 482 724 544 tempus
745 482 1118 528 consumunt:
1153 472 1449 525 honestum
1488 486 1621 526 vero
1675 481 1781 537 est,
1823 473 2088 543 temporis

503 583 626 621 esse
654 579 899 634 parcum.

575 657 837 725 Majorem
874 654 1396 726 diligentioremqne
1457 673 1647 712 curam
1699 656 1806 710 illis
1862 656 2086 720 adhibe,

504 746 601 816 qui
633 747 860 801 virtutis
914 762 978 801 ac
1036 747 1322 817 religionis
1365 764 1530 802 causa
1574 763 1846 817 pauperes
1875 756 2006 801 sunt
2033 756 2090 802 et

504 847 749 906 egestate
785 849 1152 907 premuntur;
1198 848 1461 908 pmterea
1519 840 1687 894 etiam
1713 839 1973 893 similiter
1991 854 2090 893 eo-

505 943 628 982 rum
657 929 753 998 qui
788 945 856 984 ex
887 929 1084 984 morbo
1113 930 1291 984 aliove
1314 930 1550 985 adverso
1585 946 1734 995 casu,
1763 945 1927 1000 quam
1956 930 2086 995 illis,

506 1020 604 1088 qui
636 1021 777 1074 male
810 1020 1199 1075 administrata
1236 1036 1296 1075 re
1332 1021 1614 1084 familiari,
1646 1032 1742 1076 aut
1789 1037 1855 1076 ea
1887 1037 2091 1092 ganeo-

508 1126 640 1164 num
678 1127 832 1165 more
869 1113 1099 1182 prodige
1128 1112 1410 1182 dissipata,
1441 1113 1599 1182 egeni
1628 1114 1921 1168 exsistunt.

575 1201 794 1255 Nili.—
815 1203 936 1256 Noli
986 1203 1213 1257 divitias
1265 1218 1517 1271 quaerere
1544 1244 1559 1268 ,
1592 1219 1659 1258 eo
1684 1205 1907 1258 nomine
1937 1214 1999 1258 ut
2032 1204 2087 1260 in

504 1307 818 1361 pauperum
850 1293 1234 1363 eleemosynas
1260 1293 1550 1361 impendas
1595 1311 1606 1344 :
1645 1294 1792 1348 Deus
1844 1294 1990 1348 enim
2020 1309 2091 1349 ex

506 1381 573 1436 iis
605 1397 728 1450 quae
763 1390 1066 1452 suppetunt
1089 1383 1300 1452 justum
1335 1382 1588 1437 decernit
1614 1384 2090 1455 eleemosynarum

506 1471 752 1526 modum.

578 1561 853 1616 Plutarch.
877 1562 1022 1616 —ln
1052 1564 1242 1632 ιιι-ωιὶο
1267 1565 1492 1634 quidem
1520 1565 1728 1620 ferrum
1756 1582 1895 1621 auro
1919 1568 2092 1623 tutius

2190 474 2380 544 θυμίαι
2401 479 2538 540 τοὺς
2551 477 2774 548 χρόνους
2789 476 3077 532 ἀναλίσκον
3088 495 3162 530 σι’
3185 478 3376 549 χρόνου
3397 480 3453 533 δέ
3471 482 3774 550 φείδεσθαι,

2190 567 2370 621 καλόν.

2259 653 2496 716 Μείζονα
2523 655 2616 709 καὶ
2645 655 3068 726 σπουδαιοτέραν
3110 659 3430 728 ἐπιμέλειαν
3491 661 3648 714 ποιοῦ
3693 664 3775 725 είς

2188 745 2316 806 τοὺς
2344 745 2410 798 δι’
2444 745 2646 816 ἀρετὴν
2681 746 2774 799 καὶ
2806 745 3117 802 θεοσέϐειαν
3158 751 3581 820 πτωχεύσαντας
3609 754 3642 824 ἢ
3675 771 3774 806 πε-

2190 835 2446 905 νομένους
2475 853 2490 869 ο
2541 838 2716 902 ἄλλως
2752 856 2811 892 τε
2865 840 3070 909 ὁμοίως
3114 842 3210 895 καὶ
3237 845 3316 906 είς
3353 847 3480 908 τοὺς
3507 847 3572 899 ἐκ
3599 846 3773 900 νόσων

2191 931 2285 982 καὶ
2316 931 2739 1000 συμπτωμάτων
2773 930 3137 1003 ἀποροῦντας,
3167 933 3320 1004 παρά
3340 936 3467 999 τοὺς
3497 938 3563 990 ἐκ
3603 954 3772 992 κακο-

2189 1021 2590 1092 πραγμονίαςῆ
2621 1021 2860 1085 ἀσωτίας
2891 1022 3333 1093 πτωχεύσαντας.

2265 1197 2502 1252 Νείλου.
2547 1229 2620 1244 —
2667 1197 2760 1267 Μὴ
2828 1197 3020 1267 βούλου
3078 1200 3330 1254 πλουτεῖν
3372 1201 3745 1274 φιλοπτωχίας

2189 1291 2374 1344 ἕνεκα·
2397 1292 2505 1344 ἀπὸ
2525 1291 2636 1362 γάρ
2656 1291 2766 1345 τῶν
2791 1290 2959 1344 ὄντων
2996 1289 3092 1344 τοῦ
3124 1292 3294 1346 ἐλεεῖν
3318 1294 3348 1345 6
3379 1292 3512 1357 Θεὸς
3543 1294 3771 1365 νομοθε-

2189 1385 2276 1436 τεῖ
2305 1383 2365 1436 τὸ
2391 1383 2622 1436 δίκαιον.

2262 1557 2597 1625 Πλουτάρχ.
2628 1585 2700 1598 -
2742 1557 2831 1609 Ἐν
2865 1555 3090 1626 πολέμῳ
3142 1556 3242 1624 μὲν
3286 1557 3421 1625 πρὸς
3463 1558 3767 1627 ἀσφάλειαν

508 1655 916 1707 munimentum
948 1662 1209 1723 praestat;
1265 1655 1323 1708 in
1358 1655 1471 1710 vita
1518 1672 1652 1711 vero
1703 1657 1844 1711 ratio
1894 1659 2084 1727 opibus

2195 1648 2410 1718 σίδηρος
2472 1647 2674 1720 χρυσοῦ
2704 1647 3002 1718 κρείσσων⁸
3046 1649 3105 1702 ἐν
3151 1647 3211 1702 δὲ
3255 1647 3333 1718 τῷ
3365 1648 3486 1720 ζῇν,
3533 1650 3563 1702 6
3611 1650 3767 1719 λόγος

505 1744 755 1798 securior
785 1753 889 1800 est.

574 1835 686 1888 Nec
726 1851 870 1904 equo
905 1835 1024 1891 sine
1058 1835 1244 1900 freno,
1275 1853 1381 1893 nec
1412 1839 1625 1895 divitiis
1651 1842 1770 1896 sine
1796 1843 2009 1898 ratione
2030 1853 2089 1899 et

506 1927 741 1981 consilio
774 1929 852 1982 uti
893 1938 1014 1984 tuto
1042 1945 1362 1999 possumus.

576 2019 766 2088 Neque
809 2021 1128 2076 convivium
1181 2023 1393 2092 absque
1445 2025 1744 2094 colloquio,
1775 2025 1938 2098 569
1986 2044 2090 2084 nec

499 2109 622 2168 sine
648 2112 856 2168 virtute
885 2114 1092 2170 divitiae
1124 2118 1468 2187 voluptatem
1501 2119 1728 2173 habent.

574 2203 788 2258 Similis
809 2214 894 2260 est
927 2208 1078 2260 avari
1106 2207 1240 2272 vita,
1274 2223 1448 2263 comae
1474 2211 1699 2265 mortui.
1747 2212 1885 2266 Cum
1937 2215 2085 2268 enim

503 2292 643 2346 nihil
671 2296 723 2348 ei
762 2296 928 2362 desit,
961 2298 1119 2354 deest
1150 2300 1242 2354 ille
1271 2301 1365 2370 qui
1393 2317 1459 2354 ea
1492 2303 1828 2357 recreandus
1844 2315 1946 2359 est.
1975 2306 2088 2360 Nec

501 2396 533 2437 a
557 2396 781 2442 mortuo
805 2388 1096 2457 fabulatio,
1116 2407 1219 2447 nec
1243 2392 1312 2447 ab
1349 2409 1516 2448 avaro
1546 2395 1721 2464 gratia
1747 2399 2082 2466 requirenda

501 2473 596 2528 sit.

531 2563 534 2566 ’
571 2565 718 2634 Apes
745 2567 812 2620 ad
867 2570 1068 2635 mellis,
1129 2571 1282 2626 avari
1338 2582 1524 2627 autem
1561 2573 1628 2628 ad
1675 2575 1815 2629 lucri
1850 2576 2078 2631 odorem

501 2656 668 2710 citius
697 2659 1010 2714 confluunt.

570 2749 752 2804 Avaro
785 2753 937 2805 necis
973 2753 1096 2807 loco
1149 2764 1255 2818 est,
1303 2757 1570 2824 pecunias
1604 2757 1742 2810 lucri
1789 2774 1954 2811 causa
1983 2775 2083 2813 au-

501 2839 663 2908 gendi
697 2841 1018 2909 cupiditas:
1079 2843 1322 2913 hincque
1361 2862 1552 2899 earum
1586 2847 1885 2917 ademptio,
1931 2852 2083 2906 velut

502 2931 808 2998 sanguinis,
851 2933 901 2986 ei
935 2944 1166 2988 mortem
1203 2937 1380 2990 aﬂ'ert.

575 3021 778 3076 Parant
807 3023 979 3094 aliqui
1010 3025 1064 3079 in
1104 3027 1238 3091 vita,
1288 3044 1410 3096 qua:
1454 3028 1519 3082 ad
1565 3031 1774 3085 victum
1807 3043 2078 3102 spectant,

502 3113 661 3182 quasi
700 3114 805 3183 ipsi
836 3117 1041 3170 victuri
1067 3127 1194 3187 post
1233 3119 1425 3172 vitam.

577 3206 786 3261 Divites
839 3215 1026 3261 autem
1079 3217 1136 3262 et
1183 3209 1570 3277 inexplebiles,
1628 3226 1768 3280 aqua
1807 3213 2082 3270 intercute

501 3299 883 3355 laborantibus
917 3299 1130 3353 similes
1176 3315 1300 3356 esse
1337 3301 1600 3357 dicebat:
1631 3302 1688 3356 hi
1736 3303 1885 3358 enim
1925 3306 2085 3375 aquis

504 3391 650 3460 pleni
693 3391 908 3452 sitiunt,
947 3389 1025 3443 illi
1059 3391 1332 3460 pecuniis.

574 3481 689 3535 Nec
718 3497 896 3550 equus
920 3495 1225 3551 generosus
1259 3483 1486 3548 ’audiat,
1535 3485 1630 3554 qui
1691 3485 1873 3555 magni
1921 3487 2085 3555 pretii

504 3572 730 3641 ephipio
795 3573 1126 3643 reliquoque
1167 3584 1432 3644 apparatu
1484 3574 1794 3632 instructus
1840 3590 1944 3642 est,
1988 3580 2085 3634 sed

505 3663 599 3733 qui
632 3664 894 3731 prwelara
918 3664 1184 3732 praeditus
1209 3665 1396 3720 indole
1419 3683 1434 3732 ;
1470 3682 1648 3736 neque
1667 3669 1750 3721 vir
1778 3670 2083 3734 studiosus,

505 3755 598 3823 qui
623 3755 803 3822 ampla
839 3755 994 3809 dives
1020 3757 1328 3812 substantia
1355 3766 1463 3824 est,
1493 3759 1592 3814 sed
1627 3759 1721 3829 qui
1760 3761 1878 3830 ipse
1912 3762 2084 3816 nobili

507 3839 747 3912 fortique
769 3846 954 3900 animo
987 3847 1177 3916 pollet.

574 3932 880 3988 Contcmne
911 3949 1008 3989 eos
1047 3937 1141 4006 qui
1173 3937 1388 3993 divitiis
1422 3938 1670 4004 student,
1706 3940 1880 4009 partis
1898 3950 2084 3994 autem

505 4023 584 4080 nti
627 4039 737 4077 non
771 4035 1046 4094 possunt:
1096 4028 1357 4082 similiter
1403 4029 1553 4082 enim
1586 4028 1667 4083 eis
1698 4029 1923 4091 accidit,
1952 4039 2013 4083 ut
2039 4031 2085 4084 si

503 4115 629 4182 quis
654 4115 933 4185 egregium
959 4128 1486 4187 comparetequum,
1508 4133 1634 4172 cum
1657 4119 1775 4188 ipse
1799 4120 2086 4188 equitandi

503 4203 661 4256 rudis
691 4204 782 4256 sit.

575 4297 951 4367 Magnanimos
981 4298 1314 4363 existimato,
1347 4314 1459 4353 non
1495 4315 1592 4354 eos
1619 4300 1717 4368 qui
1749 4303 1956 4373 majora
1979 4303 2084 4360 sibi

2123 1723 2164 1778 Β
2192 1737 2286 1791 τοῦ
2311 1737 2564 1791 πλούτου.

2267 1829 2404 1882 Οὔτε
2432 1831 2582 1900 ἵππῳ
2603 1830 2770 1899 χωρὶς
2805 1827 3045 1899 χαλινοῦ,
3087 1827 3211 1880 οὔτε
3241 1827 3457 1899 πλούτῳ
3484 1831 3653 1902 χωρὶς
3684 1831 3767 1884 λο-

2191 1922 2410 1994 γισμοῦ,
2430 1923 2654 1976 δυνατὸν
2679 1921 2935 1989 ἀσφαλῶς
2969 1920 3292 1993 χρήσασθαι.

2261 2015 2397 2068 Οῦτε
2423 2014 2724 2083 συμπόσιον
2760 2014 2886 2068 ἀνευ
2934 2012 3169 2083 ὁμιλίας,
3185 2011 3311 2067 οὔτε
3343 2014 3573 2079 πλοῦτος
3601 2017 3766 2086 χωρὶς

2191 2107 2391 2177 ἀρετῆς
2420 2105 2614 2176 ἡδονὴν
2645 2105 2777 2175 ἔχει.

2266 2200 2482 2251 Ἔοικεν
2531 2201 2561 2251 6
2609 2196 2718 2250 τῶν
2746 2195 3096 2266 φιλαργύρων
3143 2196 3258 2266 βίος
3305 2198 3499 2268 νεκροῦ
3541 2200 3762 2270 δείπνῳ.

2191 2288 2371 2338 Πάντα
2419 2287 2529 2356 γὰρ
2573 2285 2743 2354 ἔχων,
2795 2285 2886 2337 τὸν
2934 2285 3442 2357 εὐφρανθησόμενον
3487 2291 3587 2342 οὐκ
3630 2290 3760 2360 ἔχει.

2188 2379 2326 2432 Οὔτε
2373 2379 2521 2448 παρὰ
2549 2376 2743 2447 νεκροῦ
2777 2377 2995 2447 ὁμιλίαν
3019 2417 3034 2440 ,
3090 2377 3212 2431 οὔτε
3249 2380 3402 2452 παρά
3427 2382 3762 2454 φιλαργύρου

2186 2474 2268 2525 δεῖ
2298 2474 2456 2541 χάριν
2487 2471 2786 2540 ἐπιζητεῖν.

2260 2564 2364 2616 Τοῦ
2391 2563 2605 2633 μέλιτος
2636 2564 2885 2633 μέλιτται
2907 2563 3095 2633 τάχιον
3120 2563 3365 2636 ἔρχονται
3386 2567 3761 2638 ἐπάτσθησιν·

2186 2655 2278 2708 τοῦ
2310 2655 2534 2724 κέρδους
2557 2655 2635 2720 δὲ,
2671 2655 2720 2708 οἱ
2746 2655 3098 2726 φιλάργυροι.

2257 2750 2447 2816 Σφαγή
2471 2751 2582 2801 ἐστι
2606 2748 2700 2802 τοῦ
2729 2747 3216 2819 φιλαργύρουὴτοῦ
3241 2749 3518 2818 χρήματος
3546 2750 3581 2818 ἡ
3618 2748 3760 2820 πρὸς

2185 2839 2245 2891 τὸ
2265 2839 2454 2910 κέρδος
2493 2839 2780 2910 ἐπιθυμία·
2809 2840 2930 2892 ὅθεν
2963 2842 2995 2910 ἡ
3025 2839 3120 2892 τοῦ
3147 2841 3426 2910 χρήματος
3449 2839 3758 2912 ἀφαίρεσις,

2184 2932 2372 3000 ὥσπερ
2412 2931 2664 3000 αἵματος,
2723 2931 2975 3000 ἐπιφέρει
3019 2931 3113 2983 τὸν
3156 2930 3388 2983 θάνατον
3417 2929 3586 2999 αὐτῷ.

2267 3022 2679 3092 Ἐτοιμάζονταί
2725 3039 2868 3084 τινες
2922 3021 3009 3074 διά
3057 3020 3152 3074 τοῦ
3203 3021 3319 3090 βίου
3371 3021 3441 3074 τά
3490 3021 3625 3091 πρὸς
3671 3021 3762 3074 τδν

2187 3112 2321 3182 βίον,
2359 3113 2434 3175 ὠς
2469 3111 2792 3182 βιωσόμενοι
2829 3112 2966 3180 μετά
2992 3117 3080 3165 τὸν
3107 3112 3242 3182 βίον.

2257 3203 2397 3266 Τοὺς
2449 3203 2739 3268 πλουσίους
2790 3202 2848 3255 δὲ
2907 3204 3002 3257 καὶ
3061 3204 3374 3272 ἀπλήστους
3423 3203 3764 3274 ὑδρωπιῶσιν

2187 3297 2420 3348 ἐοικέναι
2465 3295 2653 3363 ἔλεγεν
2679 3313 2694 3328 ο
2754 3298 2802 3349 οί
2854 3297 2953 3365 μέν
2997 3296 3106 3367 γὰρ
3149 3296 3527 3367 πεπλησμένοι
3560 3295 3764 3350 ὑδάτων

2185 3386 2434 3455 διψῶσιν,
2465 3388 2516 3438 οἱ
2541 3386 2597 3439 δὲ
2629 3385 2950 3455 χρημάτων.

2259 3478 2397 3531 Οὔτε
2449 3478 2615 3540 ἵππος
2654 3475 2883 3546 εὐγενὴς
2926 3475 3149 3545 κρίνοιτ’
3172 3475 3236 3528 ἂν
3268 3474 3533 3544 πολυτελῆ
3564 3473 3760 3544 σκευὴν

2189 3569 2346 3640 ἔχωνο
2381 3568 2496 3622 ἀλλ’
2515 3571 2542 3622 ὁ
2567 3571 2633 3638 τῇ
2663 3567 2822 3635 φύσει
2847 3567 3120 3637 λαμπρός·
3155 3566 3281 3620 οὔτε
3311 3566 3451 3637 ἀνὴρ
3481 3565 3762 3629 σπουδαῖος

2187 3665 2216 3716 6
2250 3663 2545 3731 πολύτιμον
2594 3661 2785 3715 οὐσίαν
2831 3661 3168 3731 κεκτημένος
3187 3699 3202 3724 ,
3261 3659 3378 3712 ἀλλ’
3403 3662 3432 3713 6
3463 3659 3561 3731 τὴν
3588 3659 3763 3729 ψυχὴν

2189 3757 2452 3824 γενναῖος.

2258 3933 2605 4002 Καταφρόνει
2649 3931 2757 3985 τῶν
2799 3931 2927 4000 περὶ
2953 3931 3046 3984 τὸν
3072 3928 3300 3984 πλοῦτον
3332 3930 3762 3994 σπουδαζόντων,

2188 4023 2426 4094 χρῆσθαι
2451 4023 2506 4076 δὲ
2540 4026 2651 4087 τοῖς
2675 4023 2980 4093 ὑπάρχουσι
3013 4021 3087 4092 μὴ
3111 4021 3444 4091 δυναμένων.
3477 4021 3768 4092 Παραπλή-

2190 4133 2304 4168 σιον
2334 4115 2443 4186 γάρ
2474 4117 2523 4168 oi
2551 4113 2784 4168 τοιοῦτοι
2811 4114 3132 4184 πάσχουσιν,
3165 4113 3355 4180 ῶσπερ
3389 4111 3454 4164 ἀν
3489 4113 3541 4164 εί
3565 4129 3646 4174 τις
3673 4113 3765 4163 ἴπ-

2191 4225 2292 4264 πον
2335 4209 2600 4278 κτήσαιτο
2632 4207 2824 4272 καλὸν,
2880 4205 3064 4268 κακῶς
3100 4204 3349 4258 ἱππεύειν
3380 4203 3764 4273 ἐπιστάμενος.

2258 4297 2685 4370 Μεγαλόφρονας
2712 4299 2900 4368 νόμιζε
2922 4339 2938 4364 ,
2997 4298 3072 4370 μὴ
3099 4297 3225 4360 τοὺς
3255 4296 3476 4366 μείζονα
3505 4295 3769 4366 περιϐαλ-

505 4397 794 4444 assumunt
815 4403 980 4457 quam
1017 4389 1231 4458 possint
1256 4391 1532 4445 retinere:
1562 4393 1658 4445 sed
1683 4407 1800 4458 eos,
1843 4395 1937 4464 qui
1963 4411 2081 4451 me-

2189 4392 2480 4463 λοιιένους,
2540 4385 2615 4447 ὧν
2664 4388 2766 4444 οἶοί
2813 4391 2875 4443 τέ
2927 4391 3034 4442 είσι
3079 4392 3412 4459 κατασχεῖν,
3469 4387 3606 4440 ἀλλά
3641 4387 3769 4452 τοὺς

505 4480 858 4537 diocritatem
895 4491 1218 4552 sequentes,
1250 4498 1316 4538 ea
1362 4499 1486 4553 qua:
1518 4482 1884 4540 instituerunt
1913 4488 2076 4558 perﬁ-

505 4586 631 4625 cere
656 4581 906 4641 possunt.

570 4663 842 4716 Aristatel.
868 4665 1260 4734 —Paupertas
1307 4665 1498 4721 multis
1529 4674 1652 4737 eget
1683 4685 1698 4734 ;
1756 4668 2089 4725 insatiabilis

505 4752 802 4823 cupiditas,
830 4755 1109 4810 omnibus.

576 4846 862 4901 Neminem
890 4864 1132 4917 unquam
1161 4849 1233 4903 ob
1258 4849 1481 4905 divitias
1507 4858 1564 4906 et
1603 4851 1837 4922 gloriam
1861 4853 2088 4910 beatum

2193 4483 2430 4555 μετρίων
2461 4483 2557 4553 μὲν
2587 4482 2932 4552 ἐφιεμένους,
2969 4480 3300 4552 ἐργάζεσθαι
3324 4480 3381 4533 δὲ
3411 4478 3766 4549 δυναμένους,

2188 4571 2272 4640 οἷς
2307 4575 2372 4629 ἂν
2403 4575 2742 4646 ἐπιχειρῶσι.

2273 4666 2640 4736 Ἀριστοτέλ.
2685 4694 2755 4704 -
2794 4663 2858 4716 Ἢ
2903 4663 3062 4716 πενία
3113 4661 3324 4715 πολλῶν
3359 4663 3510 4715 ἐστιν
3543 4661 3766 4732 ἐνδεήςο

2191 4762 2224 4832 ἡ
2257 4759 2316 4814 δέ
2350 4758 2644 4829 ἀπληστία,
2677 4757 2917 4810 πάντων.

2259 4850 2547 4920 Μηδέποτε
2600 4849 2929 4920 μακαρίσεις
2975 4845 3262 4916 ἄνθρωπον
3301 4845 3396 4899 ἐπὶ
3427 4845 3645 4915 πλούτῳ
3677 4849 3771 4900 καὶ

505 4939 752 4993 dixeris:
795 4939 1066 5010 ejusmodi
1100 4942 1248 4995 enim
1279 4942 1464 4995 omnia
1507 4943 1720 4998 minora
1757 4953 1887 4999 sunt
1920 4961 2084 5015 quam

2189 4940 2310 5011 δόξῃ
2339 4955 2354 4970 °
2412 4940 2591 4993 πάντα
2633 4939 2741 5008 γὰρ
2787 4937 2853 4991 τά
2885 4935 3109 4990 τοιαῦτα
3137 4935 3247 4988 τῶν
3271 4934 3493 5004 ἀγαθῶν
3522 4935 3770 4990 ἐλάττονι

509 5040 568 5082 ιιι
599 5029 744 5083 bona
769 5031 1092 5085 credantur.

581 5120 699 5173 Non
732 5121 828 5191 qui
879 5121 1034 5176 dives
1057 5130 1160 5183 est,
1213 5123 1306 5177 sed
1342 5123 1436 5193 qui
1468 5123 1679 5181 divitiis
1717 5141 1826 5180 non
1853 5134 1999 5196 eget,
2035 5127 2084 5182 is

507 5209 704 5266 beatus
735 5222 838 5267 est.

2182 5033 2363 5086 πίστει
2395 5032 2625 5088 δέδεται.

2251 5124 2362 5192 Ούχ
2417 5124 2444 5174 6
2499 5121 2746 5176 πλουτῶν
2774 5160 2786 5182 ,
2848 5119 2961 5172 ἀλλ’
3002 5121 3029 5172 6
3075 5118 3149 5188 μὴ
3181 5117 3399 5188 χρῄζων
3438 5119 3672 5173 πλούτου
3694 5119 3768 5191 (k)

2182 5217 2471 5286 μακάριος.

2022 5334 2252 5391 ΝΟΤᾸΕ.

580 5417 657 5496 (ίί)
791 5419 875 5486 μὴ
907 5419 1136 5488 χρῄζων
1178 5424 1468 5496 πλούτου.
1531 5424 1934 5493 Conjeeturam,
1967 5444 2075 5493 qua

2189 5437 2358 5496 egeat,
2387 5440 2575 5479 earum
2602 5425 2722 5496 jam,
2763 5437 2866 5496 usti
2901 5421 3176 5496 Stipel'ipl'o
3204 5437 3328 5490 (ῐηίε
3355 5421 3470 5490 ipsa
3501 5421 3637 5496 Pih“
3658 5435 3762 5496 [cf

509 5487 830 5557 particulam
892 5500 1179 5557 negantem
1239 5492 1579 5556 addideram,
1645 5487 1883 5549 'lirmavit
1924 5487 2068 5549 Ball.

2183 5506 2330 5549 mota
2374 5496 2523 5549 verbi

2584 5489 3140 5569 ipﬁmtsigniﬁcatio
3167 5507 3200 5569 ε.
3227 5489 3349 5569 non
3368 5489 3552 5569 quod__
3577 5490 3759 5569 reddit

511 5554 702 5607 codex.
729 5554 996 5629 Nimirum
1018 5559 1069 5610 in
1097 5575 1163 5611 eo
1198 5577 1393 5616 sensus
1432 5573 1487 5616 et
1510 5554 1820 5627 antithesis,
1845 5565 2072 5619 divitem
2181 5566 2344 5621 Gesn.
2385 5566 2477 5618 sed
2501 5554 2910 5617 ute'n's'ilivitiis':
2941 5575 3062 5628 quae
3089 5554 3400 5615 antithesis'
3416 5561 3554 5614 nihil
3581 5561 3765 5629 gravis

511 5633 651 5688 esse,
712 5641 818 5677 non
873 5628 966 5695 qui
1025 5629 1219 5683 habeat
1263 5631 1500 5693 divitias,
1555 5635 1647 5688 sed
1698 5635 1794 5703 qui
1828 5635 1934 5689 illis
1969 5651 2077 5689 non

2189 5646 2292 5700 est,
2316 5644 2369 5689 et
2409 5636 2569 5704 quale
2596 5634 2650 5687 in
2677 5630 2896 5698 reliquis
2917 5631 3096 5684 elucet
3123 5631 3406 5686 Plutarchi
3431 5629 3757 5690 sententiis.
