4066 6146
360 231 466 296 797

1675 231 1840 291 LOCI
1880 229 2309 293 COMMUNES.

3499 243 3607 303 798

426 337 701 406 Μέγιστόν
730 339 846 393 ἐστι
880 338 1134 401 πλούτου,
1171 337 1233 390 τὸ
1260 334 1547 405 γινώσκειν
1575 336 1657 389 ὅτι
1686 335 1914 408 περιττό.

2109 335 2405 390 Maximum
2435 345 2519 392 est
2552 338 2607 391 in
2641 338 2852 396 divitiis
2874 379 2888 404 ,
2933 340 3074 395 scire
3133 343 3277 412 quod
3308 345 3608 415 superﬂuae

561 521 636 592 μὴ
668 519 875 574 πολλῶν
908 518 1198 588 ἐπιθυμεῖς
1222 558 1237 583 ,
1288 516 1358 571 τά
1386 517 1542 585 ὀλίγα
1572 516 1741 570 πολλά
1767 516 1927 580 δόξει.

352 613 545 683 Μικρά
575 613 683 683 γὰρ
710 611 892 684 ὄρεξις
924 611 1122 665 πενίαν
1152 609 1396 679 ίσοσθενῆ
1425 609 1658 663 πλούτου
1688 608 1928 678 ποιήσει.

434 796 492 850 Ὁ
544 796 687 849 κατά
735 794 898 864 φύσιν
949 792 1199 855 πλοῦτος,
1246 792 1397 864 ἄρτῳ
1427 790 1523 844 καὶ
1551 789 1704 844 ὕδατι
1738 789 1834 843 καὶ
1858 789 1927 859 τῇ

349 887 590 958 τυχούσῃ
619 885 712 940 τοῦ
739 885 989 957 σώματος
1030 884 1229 955 σκέπῃ,
1258 879 1747 955 συμπεπληρωται.
1784 878 1844 933 ’0
1870 880 1929 934 δὲ

355 980 625 1051 περιττὸς,
654 978 793 1051 κατὰ
831 977 1013 1048 ψυχὴν
1056 976 1362 1048 ἀπέραντον
1407 975 1522 1047 ἔχει
1549 974 1647 1028 καὶ
1687 972 1790 1044 τὴν
1830 970 1930 1042 τῆς

355 1050 649 1141 ἐπιθυμίας
682 1050 937 1141 βάδανον.

436 1162 491 1216 Ὁ
519 1162 678 1225 αὐτὸς
703 1160 1021 1233 ἐρωτηθείς,
1045 1159 1164 1225 πῶς
1193 1159 1259 1215 ἀν
1279 1178 1365 1226 τις
1388 1161 1617 1235 γένηται
1641 1158 1777 1220 πλού
1788 1175 1922 1228 σιοςο

365 1253 489 1308 Ἐὰν
515 1255 625 1308 τῶν
650 1252 957 1325 ἐπιθυμιῶν
981 1251 1136 1306 ἔσται
1162 1252 1353 1324 πένης,
1381 1254 1567 1326 φησίν.

422 1428 562 1481 Ὅσα
610 1427 708 1498 μὲν
757 1428 851 1482 ἐπὶ
881 1431 949 1501 τῇ
982 1427 1173 1500 φύσει,
1232 1431 1432 1495 πάντες
1454 1433 1622 1504 ἐσμὲν
1652 1434 1919 1490 πλούσιον

346 1519 448 1571 ὅσα
471 1517 516 1570 δ’
542 1518 628 1586 ἐφ’
649 1520 805 1590 ἡμῖν,
839 1520 1042 1582 πάντες
1071 1521 1240 1589 ἐσμὲν
1270 1520 1517 1594 πένητες.

426 1609 489 1662 '0
518 1608 599 1679 τῷ
627 1609 770 1665 κατά
794 1610 958 1680 φύσιν
988 1611 1327 1682 ἀρκούμενος
1358 1613 1594 1683 πλούτῳ,
1618 1614 1719 1672 ,τοῦ
1751 1616 1922 1672 πολλά

347 1790 767 1863 πλουσιώτερος.
821 1792 913 1864 Τῷ
943 1793 1045 1863 μὲν
1073 1794 1183 1865 γὰρ
1224 1795 1379 1849 οὐδὲν
1402 1796 1639 1852 ἐλλείπει
1665 1815 1679 1830 °
1733 1799 1811 1872 τῷ
1840 1800 1919 1867 δὲ,

346 1884 439 1937 καὶ
467 1877 543 1939 ὧν
572 1885 841 1957 κέκτηται
872 1884 1054 1957 πολλῷ
1084 1886 1325 1942 πλείονα.
1366 1885 1375 1893 ”

429 1974 494 2029 Ἡ
543 1976 758 2040 τέκνοις
784 1977 926 2044 ἀγαν
956 1978 1254 2048 χρημάτων
1289 1981 1615 2053 συναγωγὴ,
1648 1984 1923 2055 πρόφασίς

345 2064 461 2117 ἐστι
489 2064 878 2138 φιλαργυρίας,
907 2067 1110 2139 τρόπον
1137 2069 1267 2124 ίδιον
1292 2070 1613 2142 ἐλέγχουσα.

416 2241 502 2295 Τά
549 2244 782 2313 μέγιστα
822 2245 934 2299 τῶν
970 2246 1158 2302 κακῶν
1187 2250 1237 2302 οί
1262 2249 1496 2319 πένητες
1523 2252 1918 2322 έκπεφεύγασι·

344 2333 659 2405 ἑπιϐουλὴν,
677 2335 873 2404 φθόνον
896 2337 989 2392 καὶ
1014 2340 1188 2409 μῖσος·
1207 2334 1289 2405 οἷς
1314 2343 1362 2395 οί
1381 2343 1627 2398 πλούσιοι
1649 2345 1774 2400 καθ’
1792 2346 1923 2417 ἠμέ-

345 2441 449 2495 ραν
479 2441 842 2483 συνοικουσιν.

411 2538 717 2607 Διογένης.
741 2568 816 2579 -
840 2540 1098 2613 Διογένης
1125 2545 1155 2597 ό
1180 2545 1417 2609 Κυνικὸς
1442 2546 1748 2615 φιλόσοφος,
1780 2551 1919 2619 ἐρω-

341 2626 529 2697 τηθεὶς
576 2629 680 2683 ὐπό
716 2636 885 2698 τινος,
929 2632 1019 2687 διὰ
1051 2634 1106 2687 τί
1149 2636 1213 2687 τὸ
1240 2637 1463 2706 χρυσίον
1494 2638 1704 2710 χλωρόν
1729 2642 1877 2695 ἐστιν
1898 2682 1913 2707 ,

340 2713 524 2781 εἶπεν*
564 2720 686 2774 Ὅτι
717 2720 948 2786 πολλοὺς
976 2723 1298 2790 ἐπιϐούλους
1325 2727 1457 2799 ἔχει.

420 2810 480 2862 '0
530 2810 694 2874 αὐτὸς
745 2811 868 2867 ἰδὼν
913 2815 1041 2877 τοὺς
1073 2816 1457 2888 Ἀναξιμένους
1499 2822 1713 2886 οἰκέτας
1745 2824 1916 2878 πολλὰ

341 2900 510 2973 σκεύη
560 2903 977 2975 περιφέροντας,
1027 2907 1210 2978 ἧρετο·
1256 2910 1411 2974 Τίνος
1438 2912 1647 2982 ταῦτα;
1693 2915 1816 2968 Τῶν
1857 2915 1915 2969 δὲ

2033 435 2183 481 sunt.

2108 516 2163 572 Si
2185 534 2297 573 non
2317 519 2616 573 multorum
2637 518 2916 576 desiderio
2940 523 3200 589 tenearis,
3222 525 3388 580 etiam
3405 543 3603 597 pauca,

2031 605 2203 661 multa
2229 606 2587 661 videbuntur.
2618 607 2773 673 Quod
2804 610 2951 664 enim
2976 611 3239 682 exiguum
3271 616 3403 684 quid
3433 632 3605 688 appe-

2032 697 2125 763 tis,
2162 713 2348 768 parem
2381 698 2679 768 opulentiae
2700 710 3080 771 paupertatem
3122 708 3427 774 praestabit.

2101 788 2394 843 Naturales
2431 788 2658 855 divitiae,
2710 807 2850 863 pane
2910 802 2965 848 et
3001 808 3146 863 aqua
3179 798 3496 867 explentur,
3524 799 3607 852 vi-

2028 879 2179 948 lique
2200 887 2522 950 tegumento
2546 896 2561 947 ;
2582 881 2876 950 superﬂuae
2900 868 3108 950 autem,
3136 884 3300 940 etiam
3324 885 3604 943 inﬁnitum

2030 969 2216 1025 animo
2245 970 2569 1042 cupiditatis
2594 971 2902 1028 cruciatum
2933 974 3160 1029 habent.

2098 1145 2250 1201 Idem
2312 1144 2709 1220 interrogatus.
2764 1151 3233 1221 quemadmodum
3280 1154 3410 1225 quis
3447 1154 3631 1211 dives"

2025 1233 2148 1291 ﬁeri
2179 1236 2396 1306 possit:
2432 1236 2512 1304 Si,
2537 1239 2739 1311 inquit,
2785 1243 3150 1312 cupiditatum
3173 1259 3384 1314 pauper
3427 1245 3602 1301 exsti-

2026 1328 2180 1382 terit.

2091 1418 2255 1489 570
2274 1420 2356 1475 Ad
2406 1428 2663 1477 naturam
2699 1424 2847 1494 quod
2886 1427 3105 1493 attinet,
3159 1443 3354 1483 omnes
3398 1427 3601 1503 divites

2024 1522 2252 1563 sumus:
2287 1510 2437 1579 quod
2478 1527 2611 1566 vero
2630 1513 2698 1568 ad
2728 1529 2852 1580 nos,
2878 1530 3073 1572 omnes
3096 1533 3390 1587 pauperes.

2097 1597 2201 1665 Qui
2226 1603 2576 1657 naturalibus
2604 1603 2812 1661 divitiis
2843 1615 3142 1663 contentus
3168 1617 3273 1673 est,
3310 1609 3485 1665 multo
3506 1610 3600 1666 illo

346 1672 691 1771 κεκτημένου
715 1743 732 1769 ,
787 1672 1111 1756 πλείοναδὲ
1153 1672 1592 1774 ἐπιθυμοῦντος,⁷
1639 1708 1774 1762 πολύ
1806 1711 1914 1763 ἐστι

2024 1689 2194 1745 ditior
2220 1698 2327 1755 est,
2355 1693 2447 1761 qui
2476 1709 2600 1748 cum
2632 1696 2802 1750 multa
2834 1698 3134 1766 possideat,
3174 1700 3339 1769 plura
3385 1716 3598 1757 concu-

2024 1783 2208 1852 piscit.
2235 1784 2319 1838 Illi
2356 1785 2505 1839 enim
2530 1786 2669 1841 nihil
2691 1787 2877 1857 deest;
2912 1789 3045 1846 huic
3066 1807 3223 1857 vero,
3244 1793 3407 1863 plura
3433 1809 3597 1864 quam

2024 1873 2256 1930 incensu
2289 1875 2510 1931 habeat.

2096 1965 2276 2020 Nimia
2312 1967 2368 2020 in
2404 1968 2706 2023 liberorum
2754 1974 2985 2040 gratiam
3018 1973 3380 2042 pecuniarum
3438 1990 3597 2030 acer-

2024 2056 2195 2119 vatio,
2259 2066 2557 2126 praetextus
2624 2060 2871 2117 avaritia:
2910 2071 2991 2119 est
3021 2103 3037 2129 ,
3093 2079 3277 2121 mores
3340 2067 3595 2137 proprios

2022 2147 2336 2203 ostendens.

2083 2237 2350 2293 Malorum
2403 2240 2641 2297 maxima
2692 2258 2968 2315 pauperes
3018 2257 3360 2305 evaserunt:
3397 2264 3595 2319 nempe

2030 2327 2280 2394 insidias,
2311 2331 2601 2400 invidiam,
2628 2334 2853 2406 odium;
2884 2339 2942 2395 in
2971 2340 3180 2411 quibus
3217 2341 3422 2398 divites
3458 2357 3596 2412 quo-

2021 2419 2159 2475 tidie
2184 2431 2498 2478 versantur.

2089 2535 2447 2607 Diogenes.—
2474 2538 2745 2608 Diogenes
2766 2540 3006 2613 Cynicus
3034 2545 3402 2621 philosophus
3422 2554 3592 2610 inter-

2019 2635 2261 2694 rogatus,
2291 2627 2423 2694 quid
2442 2642 2622 2682 causae
2648 2629 2720 2683 sit
2750 2645 2851 2685 cur
2869 2648 3066 2689 aurum
3088 2638 3350 2706 pallescat
3377 2641 3589 2711 :Quod,

2019 2713 2221 2782 inquit,
2257 2716 2458 2770 multos
2496 2717 2821 2775 insidiantes
2841 2721 3064 2780 habeat.

2085 2804 2234 2859 Idem
2259 2807 2456 2862 videns
2483 2808 2838 2866 Anaximenis
2857 2813 3116 2883 famulos,
3153 2798 3413 2877 vasorum
3444 2826 3589 2880 mul—

2017 2906 2127 2952 tam
2187 2889 2587 2969 supellectilem
2645 2905 3144 2978 circumferentes,
3196 2914 3586 2988 interrogavit:

343 2990 637 3061 είπόντων,
673 2993 1074 3065 Ἀναξιμένους,
1129 2999 1242 3053 Οὐκ
1270 3000 1521 3070 αἰδεῖται,
1553 3005 1710 3076 φησὶ,
1741 3006 1913 3061 ταῦτα

2018 2989 2189 3060 Cujus
2223 2991 2317 3045 illa
2339 2995 2564 3048 essent?
2590 2995 2815 3068 lllisque
2866 3003 3352 3073 reSpondentibus,
3384 3010 3588 3065 Anaxi-

338 3080 477 3153 ἔχων
505 3083 743 3152 ᾶπαντα,
772 3088 935 3151 αὐτὸς
964 3090 1155 3144 ἑαυτὸν
1193 3091 1268 3164 μὴ
1295 3092 1466 3163 ἔχων;

407 3234 744 3332 Σωκράτης.
765 3293 836 3306 --
870 3263 931 3317 '0
962 3263 1062 3334 μὲν
1089 3261 1233 3330 οῐνος
1260 3270 1769 3339 συμμεταϐάλλεται
1801 3277 1912 3339 τοῖς

305 3384 313 3393 -
335 3349 601 3420 ἀγγείοις·
632 3352 661 3405 ὁ
685 3352 741 3406 δὲ
766 3352 1014 3421 πλοῦτος,
1030 3356 1143 3418 τοῖς
1165 3355 1275 3409 τῶν
1296 3359 1645 3429 κεκτημένων
1664 3361 1909 3432 τρόποις.

406 3547 602 3619 Ἰδρὼς
633 3548 731 3618 μὲν
774 3551 840 3603 ἐκ
881 3549 991 3604 τῶν
1019 3551 1337 3624 γυμνασίων
1374 3553 1905 3631 εὐσχημονέστερον·

341 3638 572 3703 πλοῦτος
598 3639 677 3705 δὲ,
706 3640 771 3694 ἐκ
799 3639 907 3695 τῶν
935 3642 1082 3697 ἰδίων
1111 3642 1311 3700 πόνων.

406 3728 487 3782 Τά
536 3728 647 3783 τῶν
693 3730 965 3785 πλουσίων
1019 3732 1115 3785 καὶ
1165 3732 1392 3787 ἀσώτων
1429 3735 1689 3806 χρήματα
1712 3778 1729 3803 ,
1784 3740 1908 3803 ταῖς

336 3820 430 3873 ἐπὶ
474 3819 583 3874 τῶν
628 3820 895 3891 κρημνῶν
942 3822 1164 3887 συκέαις
1202 3824 1444 3889 εἴκαζεν,
1479 3826 1573 3895 ἀφ’
1596 3821 1670 3881 ὧν
1698 3828 1909 3902 ἄνθρω-
1954 3864 1965 3872 ς

334 3927 435 3966 πον
485 3912 584 3982 μὲν
639 3912 715 3983 μὴ
767 3912 1065 3984 λαμϐάνειν
1087 3954 1102 3980 ,
1159 3915 1404 3986 κόρακας
1432 3916 1489 3971 δὲ
1528 3919 1622 3973 καὶ
1649 3921 1903 3987 ίκτίνους,

331 4000 521 4072 ῶσπερ
554 4002 708 4073 παρά
738 4003 946 4059 τούτων
978 4006 1206 4077 ἑταίρας
1238 4006 1333 4059 καὶ
1363 4008 1622 4074 κόλακας.

414 4092 473 4146 '0
502 4093 666 4156 αὐτὸς
695 4095 1027 4166 ἐρωτηθεὶς,
1061 4097 1208 4161 τίνες
1236 4098 1286 4151 οί
1318 4098 1737 4173 φιλοχρήματοι,
1776 4103 1899 4177 ἔφη·

332 4181 396 4231 υἱ
423 4180 490 4235 τὰ
513 4182 716 4253 αίσχρά
747 4183 913 4254 κέρδη
939 4184 1269 4257 θηρώμενοι,
1299 4189 1394 4243 καὶ
1417 4191 1542 4254 τοὺς
1573 4192 1905 4263 ἀναγκαίους

329 4270 437 4323 τῶν
463 4271 633 4341 φίλων
664 4273 1063 4345 ὑπερορῶντες.

412 4361 471 4416 Ὃ
515 4362 625 4418 τῶν
671 4364 1023 4437 φιλαργύρων
1053 4366 1304 4435 πλοῦτος,
1339 4370 1530 4444 ῶσπερ
1567 4374 1596 4426 ό
1624 4374 1776 4445 ἥλιος
1800 4393 1903 4430 κα-

330 4452 494 4517 ταδὺς
521 4456 602 4518 είς
625 4455 727 4526 τὴν
756 4457 880 4528 γῆν,
916 4458 1107 4513 οὐδένα
1138 4460 1249 4517 τῶν
1277 4461 1496 4528 ζώντων
1524 4466 1828 4538 εὐφραίνει.

787 4611 1110 4681 Εὐριπίδου
1138 4613 1208 4669 ἐν
1229 4615 1451 4689 Δανάῃ.

546 4720 740 4799 χρυςρ
768 4721 1042 4799 δεξίωμαΔ
1054 4723 1386 4799 κάλλιστον
1401 4727 1666 4799 βροτοῖς,

455 4787 552 4866 '95-
744 4787 953 4866 μήτηρ
968 4792 1193 4866 ἡδονὰς
1215 4796 1379 4862 τοίας
1401 4787 1546 4866 ἔχει,

466 4859 547 4947 23"
564 4858 788 4947 is“???
813 4858 1238 4943 ἀνθρώποισίν,
1267 4867 1339 4947 ρὺ
1352 4858 1778 4947 sqvamea-

460 4927 528 5008 ’Ξέ
554 4926 603 5008 εἶ’
622 4927 675 5008 ἡ.
693 4926 1239 5008 ιέιὶπριξτοσοῢῖον
1264 4926 1588 5008 όφάωμὸῖς
1618 4926 1746 5005 όρςῗ.

457 4997 539 5049 οὐ
560 4997 735 5067 θαῦμ’
757 4998 979 5067 ἔρωτας
995 5002 1249 5069 μυρίους
1268 4997 1470 5073 ᾱῠτὴνῖ
1488 4997 1744 5076 τρὲφὲιίθξ

389 5149 684 5218 Μοσχίων.
733 5181 805 5192 —
844 5152 1055 5224 Ὠσπερ
1087 5153 1149 5207 οὐ
1180 5154 1260 5226 τῷ
1287 5156 1439 5227 ἵππῳ
1470 5159 1676 5230 κόσμος
1697 5199 1713 5224 ,
1766 5162 1889 5216 οὐδὲ

316 5239 432 5301 τοῖς
475 5238 658 5310 ὃρνεσι
709 5243 874 5297 καλιά
917 5243 1181 5313 ὐψοῦσθαι
1231 5247 1327 5300 καὶ
1370 5252 1606 5320 γαυριᾷν
1641 5249 1884 5305 δίδωσινυ

313 5321 454 5377 ἀλλά
483 5325 562 5395 τῷ
592 5325 690 5396 μὲν
720 5328 814 5383 τοῦ
842 5331 1000 5393 ποδὸς
1032 5333 1066 5403 ή
1090 5332 1337 5402 ὠκύτης,
1386 5338 1499 5400 τοῖς
1527 5338 1584 5391 δὲ
1617 5340 1725 5393 τῶν
1755 5358 1886 5395 πτε-

316 5411 429 5482 ρῶν
448 5428 463 5442 ο
496 5413 667 5479 οὕτως
699 5418 808 5471 οὐδ’
831 5418 1105 5492 ἀνθρώπῳ
1137 5423 1528 5496 καλλωπισμὸς
1560 5429 1655 5485 καὶ
1687 5434 1882 5506 τρυφὴ,

316 5502 456 5558 ἀλλὰ
484 5508 788 5583 χρηστότης
821 5511 913 5565 καὶ
943 5512 1186 5571 εὐποιία.

2015 3081 2191 3135 menis
2244 3098 2257 3134 :
2322 3082 2520 3138 Annon
2575 3085 2748 3155 pudet
2790 3104 2939 3155 eum,
2983 3092 3219 3163 inquit,
3266 3105 3376 3152 tam
3409 3101 3584 3157 multa

2020 3169 2246 3233 habere.
2292 3187 2417 3227 cum
2455 3174 2697 3244 seipsum
2723 3178 2839 3247 ipse
2860 3196 2973 3236 non
2999 3182 3236 3238 habeat?

2077 3257 2642 3317 Socrates.—Vinum
2670 3266 2894 3333 quidem
2919 3310 2934 3334 ,
2969 3285 3080 3326 una
3108 3287 3235 3327 cum
3288 3289 3418 3331 vase
3464 3292 3587 3334 mu-

2012 3355 2200 3416 tatur;
2229 3365 2364 3419 opes
2381 3367 2515 3406 vero
2540 3368 2607 3407 ex
2635 3368 2830 3409 eorum
2862 3358 2959 3428 qui
2988 3358 3193 3414 habent
3238 3362 3401 3433 genio
3428 3379 3602 3421 como‘

2011 3448 2316 3509 ponuntur.

2076 3548 2436 3606 Honestiores
2471 3553 2615 3622 parti
2655 3554 2804 3610 bello
2831 3556 3100 3627 sudores;
3128 3574 3299 3631 ,opes,
3350 3580 3470 3636 quae
3498 3567 3580 3623 la-

2009 3638 2244 3694 boribus
2260 3647 2432 3709 partaz
2468 3642 2603 3697 sint.
3479 3656 3483 3661 ‘

2076 3728 2321 3783 Divitum
2348 3738 2405 3785 et
2430 3731 2788 3805 prodigorum
2818 3736 2982 3805 bona,
3016 3740 3118 3796 ﬁco
3146 3743 3333 3800 arbori
3363 3746 3416 3801 in
3442 3763 3579 3818 prae-

2008 3828 2173 3891 rupto
2198 3828 2255 3875 et
2285 3822 2515 3892 ancipiti
2564 3824 2691 3880 loco
2749 3826 2870 3884 sita:
2918 3830 3119 3888 similia
3158 3833 3399 3903 dicebat,
3431 3839 3576 3895 unde

2005 3911 2147 3966 nihil
2181 3912 2437 3968 homines
2463 3915 2757 3985 accipiant,
2786 3919 2881 3974 sed
2906 3922 3059 3977 corvi
3077 3932 3135 3980 et
3158 3926 3348 3993 milvi;
3382 3945 3578 3999 quem-

2004 4000 2305 4056 admodum
2332 4004 2401 4058 ab
2436 4004 2550 4061 illis
2582 4019 2761 4063 scorta
2784 4017 2842 4065 et
2875 4022 3267 4072 assentatores.

2080 4091 2232 4149 Idem
2263 4094 2662 4168 interrogatus,
2703 4102 2930 4170 quinam
2982 4116 3168 4161 essent
3212 4110 3365 4164 avari
3387 4118 3444 4166 et
3472 4128 3569 4183 pe-

2002 4184 2295 4239 cuniarum
2323 4186 2560 4243 studiosi
2600 4206 2614 4243 :
2653 4188 2757 4257 Qui
2791 4194 2995 4264 turpia,
3046 4195 3250 4269 inquit,
3293 4200 3447 4257 lucra
3475 4219 3574 4258 νει

1932 4310 1976 4365 D
2001 4278 2227 4338 nantur,
2264 4281 2322 4329 et
2345 4278 2693 4335 necessarios
2708 4282 2917 4338 amicos
2944 4294 3329 4345 contemnunt.

2071 4360 2378 4419 Avarorum
2407 4366 2635 4435 divitiae,
2661 4375 3126 4441 quemadmodum
3154 4380 3235 4435 sol
3262 4390 3385 4452 post
3408 4397 3573 4443 occas

1997 4467 2141 4520 sum,
2168 4454 2475 4513 viventium
2503 4460 2782 4517 neminem
2804 4477 3077 4524 recreant.

2468 4611 2742 4685 Euripidis
2783 4619 2841 4672 in
2877 4617 3088 4676 Danae.

1996 4735 2047 4821 ρ
2062 4752 2254 4792 aurum
2288 4739 2698 4821 pulcherrimum
2718 4748 3038 4821 mortalibus
3075 4752 3317 4821 festivum
3345 4760 3574 4813 munus!

1993 4805 2134 4877 Nam
2162 4805 2327 4862 ηεαιλε
2356 4818 2529 4864 mater
2552 4814 2684 4869 tales
2710 4815 2995 4874 mande
3023 4805 3313 4877 ηάθε,

1995 4874 2114 4959 lion
2137 4879 2436 4959 ,κομι-ἐίδονὶ
2455 4880 2631 4959 ίὶᾴενὶ,
2655 4901 2759 4959 non
2784 4888 2986 4959 amicus
3014 4874 3185 4959 pater.

1997 4943 2148 5025 Quod
2171 4947 2218 5025 at:
2250 4946 2417 5002 Venus
2443 4950 2576 5025 tales
2597 4943 2760 5025 liabet
2777 4943 3047 5012 oculorum
3073 4943 3270 5025 rodios,

1992 5012 2112 5067 Non
2145 5016 2339 5071 mirum
2360 5028 2436 5072 est
2472 5021 2644 5091 ipsum
2670 5024 2904 5095 inﬁnitos
2937 5012 3389 5086 amatoresn'lere.

2061 5165 2396 5256 ῌοεοίιὶοηὶε.
2422 5203 2494 5213 -
2530 5174 3000 5242 Quemadmodum
3029 5197 3297 5252 equorum
3325 5187 3566 5256 phalenr

1992 5253 2269 5326 nidusque
2297 5260 2479 5316 avium
2507 5303 2522 5328 ,
2570 5279 2683 5319 non
2728 5266 2810 5322 eis
2862 5269 3155 5325 sublimem
3204 5253 3446 5329 volatum
3500 5295 3565 5334 ac

1992 5348 2308 5416 superbiam
2360 5365 2652 5423 praestant;
2690 5357 2787 5412 sed
2831 5361 2994 5430 equis
3036 5363 3258 5432 quidem
3300 5367 3565 5427 velocitas

1991 5438 2217 5506 pedum,
2246 5442 2440 5498 avibus
2470 5461 2603 5501 vero
2629 5448 2838 5503 alarum
2877 5453 3187 5521 pernicies:
3221 5457 3302 5512 sic
3330 5471 3433 5513 nec
3462 5459 3565 5515 ho-

1992 5531 2127 5584 mini
2157 5535 2472 5602 superﬂuus
2515 5547 2743 5593 ornatus
2769 5556 2833 5595 ac
2861 5543 3094 5611 deliciae,
3123 5547 3218 5603 sed
3251 5547 3472 5610 bonitas
3497 5567 3561 5609 ac

1997 5622 2357 5681 beneﬁcentia
2391 5628 2619 5701 gloriam
2648 5633 2888 5707 pariunt.
