  <div class='ocr_page' id='page_1' title='image "/cluster/home/n/w/nwhite01/storage/ocr_20150623/91/mdp.39015022223195/403.png"; bbox 0 0 4066 6146; ppageno 0'>
   <div class='ocr_carea' id='block_1_1' title="bbox 495 288 2101 363">
    <p class='ocr_par' dir='ltr' id='par_1_1' title="bbox 495 291 2101 363">
     <span class='ocr_line' id='line_1_1' title="bbox 495 291 2101 363; baseline -0.008 0"><span class='ocrx_word' id='word_1_1' title='bbox 495 297 604 363; x_wconf 77' lang='lat'><strong>790</strong></span> <span class='ocrx_word' id='word_1_2' title='bbox 1666 294 1728 356; x_wconf 93' lang='lat' dir='ltr'><strong>S.</strong></span> <span class='ocrx_word' id='word_1_3' title='bbox 1768 291 2059 353; x_wconf 81' lang='lat' dir='ltr'><strong>MAXIMI</strong></span> <span class='ocrx_word' id='word_1_4' title='bbox 2098 310 2101 337; x_wconf 68' lang='grc'><strong>&lt;</strong></span> 
     </span>
    </p>
   </div>
   <div class='ocr_carea' id='block_1_2' title="bbox 2216 288 3822 363">
    <p class='ocr_par' dir='ltr' id='par_1_2' title="bbox 2216 288 3822 355">
     <span class='ocr_line' id='line_1_2' title="bbox 2216 288 3822 355; baseline 0.002 -4"><span class='ocrx_word' id='word_1_5' title='bbox 2216 293 2607 354; x_wconf 69' lang='grc' dir='ltr'><strong>ΠἚΒΞΟΗΙΞ</strong></span> <span class='ocrx_word' id='word_1_6' title='bbox 3675 288 3791 355; x_wconf 75' lang='lat'><strong>800</strong></span> <span class='ocrx_word' id='word_1_7' title='bbox 3805 300 3822 307; x_wconf 84' lang='grc'><em>’</em></span> 
     </span>
    </p>
   </div>
   <div class='ocr_carea' id='block_1_3' title="bbox 570 405 2176 480">
    <p class='ocr_par' dir='ltr' id='par_1_3' title="bbox 570 406 2154 480">
     <span class='ocr_line' id='line_1_3' title="bbox 570 406 2154 480; baseline -0.005 -14"><span class='ocrx_word' id='word_1_8' title='bbox 570 410 728 480; x_wconf 80' lang='grc'><strong>57],</strong></span> <span class='ocrx_word' id='word_1_9' title='bbox 766 407 921 478; x_wconf 66' lang='lat' dir='ltr'><strong>Apud</strong></span> <span class='ocrx_word' id='word_1_10' title='bbox 954 408 1146 462; x_wconf 83' lang='lat' dir='ltr'><strong>Persas</strong></span> <span class='ocrx_word' id='word_1_11' title='bbox 1178 416 1343 462; x_wconf 90' lang='lat' dir='ltr'><strong>natus</strong></span> <span class='ocrx_word' id='word_1_12' title='bbox 1392 407 1439 461; x_wconf 98' lang='lat' dir='ltr'><strong>si</strong></span> <span class='ocrx_word' id='word_1_13' title='bbox 1475 422 1647 471; x_wconf 83' lang='lat' dir='ltr'><strong>esses,</strong></span> <span class='ocrx_word' id='word_1_14' title='bbox 1680 423 1790 461; x_wconf 92' lang='lat' dir='ltr'><strong>non</strong></span> <span class='ocrx_word' id='word_1_15' title='bbox 1819 406 2077 461; x_wconf 89' lang='lat' dir='ltr'><strong>studeres</strong></span> <span class='ocrx_word' id='word_1_16' title='bbox 2108 410 2154 465; x_wconf 81' lang='grc' dir='ltr'>Α</span> 
     </span>
    </p>
   </div>
   <div class='ocr_carea' id='block_1_4' title="bbox 2185 405 3791 480">
    <p class='ocr_par' dir='ltr' id='par_1_4' title="bbox 2265 405 3791 478">
     <span class='ocr_line' id='line_1_4' title="bbox 2265 405 3791 478; baseline 0.001 -18"><span class='ocrx_word' id='word_1_17' title='bbox 2265 407 2354 460; x_wconf 85' lang='grc' dir='ltr'><strong>Ἐν</strong></span> <span class='ocrx_word' id='word_1_18' title='bbox 2403 408 2643 477; x_wconf 78' lang='grc' dir='ltr'><strong>Πέρσαις</strong></span> <span class='ocrx_word' id='word_1_19' title='bbox 2693 408 2792 475; x_wconf 84' lang='grc' dir='ltr'>μὲν</span> <span class='ocrx_word' id='word_1_20' title='bbox 2841 407 3157 478; x_wconf 74' lang='grc' dir='ltr'>γεννηθεὶς,</span> <span class='ocrx_word' id='word_1_21' title='bbox 3193 407 3295 459; x_wconf 82' lang='grc' dir='ltr'><strong>οὐκ</strong></span> <span class='ocrx_word' id='word_1_22' title='bbox 3320 405 3581 470; x_wconf 77' lang='grc' dir='ltr'>ἔσπευδες</span> <span class='ocrx_word' id='word_1_23' title='bbox 3604 409 3791 461; x_wconf 74' lang='grc' dir='ltr'>οξκεΐν</span> 
     </span>
    </p>
   </div>
   <div class='ocr_carea' id='block_1_5' title="bbox 499 498 2105 572">
    <p class='ocr_par' dir='ltr' id='par_1_5' title="bbox 499 498 2080 568">
     <span class='ocr_line' id='line_1_5' title="bbox 499 498 2080 568; baseline -0.006 -10"><span class='ocrx_word' id='word_1_24' title='bbox 499 504 559 558; x_wconf 77' lang='lat' dir='ltr'><strong>in</strong></span> <span class='ocrx_word' id='word_1_25' title='bbox 586 502 794 558; x_wconf 71' lang='lat' dir='ltr'><strong>Gnecia</strong></span> <span class='ocrx_word' id='word_1_26' title='bbox 826 500 984 555; x_wconf 89' lang='lat' dir='ltr'><strong>sedes</strong></span> <span class='ocrx_word' id='word_1_27' title='bbox 1023 515 1295 568; x_wconf 59' lang='lat' dir='ltr'><strong>qua‘rere,</strong></span> <span class='ocrx_word' id='word_1_28' title='bbox 1328 500 1423 553; x_wconf 84' lang='lat' dir='ltr'><strong>sed</strong></span> <span class='ocrx_word' id='word_1_29' title='bbox 1444 500 1497 552; x_wconf 92' lang='lat' dir='ltr'><strong>in</strong></span> <span class='ocrx_word' id='word_1_30' title='bbox 1520 499 1688 553; x_wconf 90' lang='lat' dir='ltr'><strong>natali</strong></span> <span class='ocrx_word' id='word_1_31' title='bbox 1719 499 1836 553; x_wconf 93' lang='lat' dir='ltr'><strong>solo</strong></span> <span class='ocrx_word' id='word_1_32' title='bbox 1862 498 2080 552; x_wconf 87' lang='lat' dir='ltr'><strong>beatius</strong></span> 
     </span>
    </p>
   </div>
   <div class='ocr_carea' id='block_1_6' title="bbox 2183 498 3789 572">
    <p class='ocr_par' dir='ltr' id='par_1_6' title="bbox 2186 499 3789 572">
     <span class='ocr_line' id='line_1_6' title="bbox 2186 499 3789 572; baseline 0 -19"><span class='ocrx_word' id='word_1_33' title='bbox 2186 499 2285 571; x_wconf 81' lang='grc' dir='ltr'><strong>τὴν</strong></span> <span class='ocrx_word' id='word_1_34' title='bbox 2318 501 2563 567; x_wconf 81' lang='grc' dir='ltr'>Ἐλλάδα,</span> <span class='ocrx_word' id='word_1_35' title='bbox 2600 501 2715 554; x_wconf 83' lang='grc' dir='ltr'>ἀλλ’</span> <span class='ocrx_word' id='word_1_36' title='bbox 2739 502 2929 554; x_wconf 83' lang='grc' dir='ltr'><strong>αὐτόθι</strong></span> <span class='ocrx_word' id='word_1_37' title='bbox 2955 501 3159 569; x_wconf 81' lang='grc' dir='ltr'>διάγων</span> <span class='ocrx_word' id='word_1_38' title='bbox 3187 502 3452 570; x_wconf 79' lang='grc' dir='ltr'>εὐτυχεῖν.</span> <span class='ocrx_word' id='word_1_39' title='bbox 3493 502 3581 553; x_wconf 81' lang='grc' dir='ltr'>Ἔν</span> <span class='ocrx_word' id='word_1_40' title='bbox 3610 502 3789 572; x_wconf 73' lang='grc' dir='ltr'>πενίᾳ</span> 
     </span>
    </p>
   </div>
   <div class='ocr_carea' id='block_1_7' title="bbox 500 589 2106 662">
    <p class='ocr_par' dir='ltr' id='par_1_7' title="bbox 500 589 2078 662">
     <span class='ocr_line' id='line_1_7' title="bbox 500 589 2078 662; baseline -0.003 -15"><span class='ocrx_word' id='word_1_41' title='bbox 500 609 683 662; x_wconf 78' lang='lat' dir='ltr'><strong>agere.</strong></span> <span class='ocrx_word' id='word_1_42' title='bbox 714 591 824 645; x_wconf 89' lang='lat' dir='ltr'><strong>Cur</strong></span> <span class='ocrx_word' id='word_1_43' title='bbox 852 591 1019 661; x_wconf 83' lang='lat' dir='ltr'><strong>igitur</strong></span> <span class='ocrx_word' id='word_1_44' title='bbox 1053 590 1108 643; x_wconf 92' lang='lat' dir='ltr'><strong>in</strong></span> <span class='ocrx_word' id='word_1_45' title='bbox 1136 600 1459 660; x_wconf 74' lang='lat' dir='ltr'><strong>paupertate</strong></span> <span class='ocrx_word' id='word_1_46' title='bbox 1500 599 1663 644; x_wconf 86' lang='lat' dir='ltr'><strong>natus</strong></span> <span class='ocrx_word' id='word_1_47' title='bbox 1694 590 1912 643; x_wconf 82' lang='lat' dir='ltr'><strong>laboras</strong></span> <span class='ocrx_word' id='word_1_48' title='bbox 1935 589 2078 643; x_wconf 91' lang='lat' dir='ltr'><strong>ditc-</strong></span> 
     </span>
    </p>
   </div>
   <div class='ocr_carea' id='block_1_8' title="bbox 2181 589 3787 662">
    <p class='ocr_par' dir='ltr' id='par_1_8' title="bbox 2184 591 3787 662">
     <span class='ocr_line' id='line_1_8' title="bbox 2184 591 3787 662; baseline 0.001 -19"><span class='ocrx_word' id='word_1_49' title='bbox 2184 591 2240 644; x_wconf 84' lang='grc' dir='ltr'>δὲ</span> <span class='ocrx_word' id='word_1_50' title='bbox 2272 592 2552 662; x_wconf 79' lang='grc' dir='ltr'>γεννηθεὶς</span> <span class='ocrx_word' id='word_1_51' title='bbox 2576 633 2591 656; x_wconf 90' lang='grc'><strong>,</strong></span> <span class='ocrx_word' id='word_1_52' title='bbox 2628 593 2682 645; x_wconf 81' lang='grc' dir='ltr'><strong>τί</strong></span> <span class='ocrx_word' id='word_1_53' title='bbox 2716 592 2969 657; x_wconf 81' lang='grc' dir='ltr'><strong>σπεύδεις</strong></span> <span class='ocrx_word' id='word_1_54' title='bbox 2994 593 3247 645; x_wconf 83' lang='grc' dir='ltr'><strong>πλουτεῖν</strong></span> <span class='ocrx_word' id='word_1_55' title='bbox 3266 633 3282 658; x_wconf 87' lang='grc'><strong>,</strong></span> <span class='ocrx_word' id='word_1_56' title='bbox 3318 592 3433 644; x_wconf 81' lang='grc' dir='ltr'>ἀλλ’</span> <span class='ocrx_word' id='word_1_57' title='bbox 3452 594 3555 645; x_wconf 79' lang='grc' dir='ltr'><strong>οὐκ</strong></span> <span class='ocrx_word' id='word_1_58' title='bbox 3584 592 3787 645; x_wconf 77' lang='grc' dir='ltr'>αὐτόθι</span> 
     </span>
    </p>
   </div>
   <div class='ocr_carea' id='block_1_9' title="bbox 499 681 2105 755">
    <p class='ocr_par' dir='ltr' id='par_1_9' title="bbox 499 681 1975 750">
     <span class='ocr_line' id='line_1_9' title="bbox 499 681 1975 750; baseline -0.003 -12"><span class='ocrx_word' id='word_1_59' title='bbox 499 700 676 746; x_wconf 89' lang='lat' dir='ltr'><strong>scere,</strong></span> <span class='ocrx_word' id='word_1_60' title='bbox 702 698 813 736; x_wconf 90' lang='lat' dir='ltr'><strong>non</strong></span> <span class='ocrx_word' id='word_1_61' title='bbox 854 684 907 736; x_wconf 86' lang='lat' dir='ltr'><strong>in</strong></span> <span class='ocrx_word' id='word_1_62' title='bbox 940 699 1002 736; x_wconf 83' lang='lat' dir='ltr'><strong>ea</strong></span> <span class='ocrx_word' id='word_1_63' title='bbox 1034 698 1260 736; x_wconf 88' lang='lat' dir='ltr'><strong>manens</strong></span> <span class='ocrx_word' id='word_1_64' title='bbox 1292 682 1459 735; x_wconf 91' lang='lat' dir='ltr'><strong>vitam</strong></span> <span class='ocrx_word' id='word_1_65' title='bbox 1485 682 1702 736; x_wconf 82' lang='lat' dir='ltr'><strong>felicius</strong></span> <span class='ocrx_word' id='word_1_66' title='bbox 1738 681 1975 750; x_wconf 82' lang='lat' dir='ltr'><strong>degere?</strong></span> 
     </span>
    </p>
   </div>
   <div class='ocr_carea' id='block_1_10' title="bbox 1074 681 2680 755">
    <p class='ocr_par' dir='ltr' id='par_1_10' title="bbox 1074 681 2680 755">
     <span class='ocr_line' id='line_1_10' title="bbox 1074 681 2680 755; baseline 0.001 -20"><span class='ocrx_word' id='word_1_67' title='bbox 1074 698 1260 736; x_wconf 79' lang='lat' dir='ltr'><strong>iancns</strong></span> <span class='ocrx_word' id='word_1_68' title='bbox 1292 682 1459 735; x_wconf 91' lang='lat' dir='ltr'><strong>vitam</strong></span> <span class='ocrx_word' id='word_1_69' title='bbox 1485 682 1702 736; x_wconf 82' lang='lat' dir='ltr'><strong>felicius</strong></span> <span class='ocrx_word' id='word_1_70' title='bbox 1738 681 1975 750; x_wconf 84' lang='lat' dir='ltr'><strong>degere?</strong></span> <span class='ocrx_word' id='word_1_71' title='bbox 2188 683 2364 755; x_wconf 85' lang='grc' dir='ltr'>μένων</span> <span class='ocrx_word' id='word_1_72' title='bbox 2399 686 2680 754; x_wconf 84' lang='grc' dir='ltr'>εὐτυχεῖν;</span> 
     </span>
    </p>
   </div>
   <div class='ocr_carea' id='block_1_11' title="bbox 572 773 2178 846">
    <p class='ocr_par' dir='ltr' id='par_1_11' title="bbox 572 774 2079 845">
     <span class='ocr_line' id='line_1_11' title="bbox 572 774 2079 845; baseline -0.002 -16"><span class='ocrx_word' id='word_1_73' title='bbox 572 776 665 839; x_wconf 73' lang='lat' dir='ltr'><strong>Vir</strong></span> <span class='ocrx_word' id='word_1_74' title='bbox 696 775 914 830; x_wconf 89' lang='lat' dir='ltr'><strong>sobrius</strong></span> <span class='ocrx_word' id='word_1_75' title='bbox 938 816 952 837; x_wconf 97' lang='lat'><strong>,</strong></span> <span class='ocrx_word' id='word_1_76' title='bbox 998 783 1379 845; x_wconf 76' lang='lat' dir='ltr'><strong>paupertatem</strong></span> <span class='ocrx_word' id='word_1_77' title='bbox 1426 774 1635 827; x_wconf 85' lang='lat' dir='ltr'><strong>ferendi</strong></span> <span class='ocrx_word' id='word_1_78' title='bbox 1685 774 1993 828; x_wconf 87' lang='lat' dir='ltr'><strong>constantia</strong></span> <span class='ocrx_word' id='word_1_79' title='bbox 2022 780 2079 828; x_wconf 92' lang='lat' dir='ltr'><strong>et</strong></span> 
     </span>
    </p>
   </div>
   <div class='ocr_carea' id='block_1_12' title="bbox 2178 773 3784 846">
    <p class='ocr_par' dir='ltr' id='par_1_12' title="bbox 2255 773 3784 846">
     <span class='ocr_line' id='line_1_12' title="bbox 2255 773 3784 846; baseline 0.001 -19"><span class='ocrx_word' id='word_1_80' title='bbox 2255 775 2366 845; x_wconf 85' lang='grc' dir='ltr'><strong>Τὴν</strong></span> <span class='ocrx_word' id='word_1_81' title='bbox 2416 776 2605 828; x_wconf 80' lang='grc' dir='ltr'>πενίαν</span> <span class='ocrx_word' id='word_1_82' title='bbox 2655 778 2684 829; x_wconf 87' lang='grc' dir='ltr'>ὁ</span> <span class='ocrx_word' id='word_1_83' title='bbox 2731 773 2966 845; x_wconf 84' lang='grc' dir='ltr'>σώφρων</span> <span class='ocrx_word' id='word_1_84' title='bbox 2996 773 3264 845; x_wconf 78' lang='grc' dir='ltr'><strong>καρτερίᾳ</strong></span> <span class='ocrx_word' id='word_1_85' title='bbox 3304 774 3397 827; x_wconf 73' lang='grc' dir='ltr'><strong>καὶ</strong></span> <span class='ocrx_word' id='word_1_86' title='bbox 3424 776 3784 846; x_wconf 76' lang='grc' dir='ltr'><strong>γενναιότητι</strong></span> 
     </span>
    </p>
   </div>
   <div class='ocr_carea' id='block_1_13' title="bbox 501 866 2107 939">
    <p class='ocr_par' dir='ltr' id='par_1_13' title="bbox 501 868 1935 939">
     <span class='ocr_line' id='line_1_13' title="bbox 501 868 1935 939; baseline -0.001 -15"><span class='ocrx_word' id='word_1_87' title='bbox 501 870 830 924; x_wconf 79' lang='lat' dir='ltr'><strong>Strenuitate</strong></span> <span class='ocrx_word' id='word_1_88' title='bbox 865 870 1076 933; x_wconf 88' lang='lat' dir='ltr'><strong>colens,</strong></span> <span class='ocrx_word' id='word_1_89' title='bbox 1103 868 1313 924; x_wconf 78' lang='lat' dir='ltr'><strong>divitiis</strong></span> <span class='ocrx_word' id='word_1_90' title='bbox 1338 870 1664 924; x_wconf 89' lang='lat' dir='ltr'><strong>nobiliorem</strong></span> <span class='ocrx_word' id='word_1_91' title='bbox 1692 876 1935 939; x_wconf 67' lang='lat' dir='ltr'><strong>prmstat.</strong></span> 
     </span>
    </p>
   </div>
   <div class='ocr_carea' id='block_1_14' title="bbox 1755 866 3361 939">
    <p class='ocr_par' dir='ltr' id='par_1_14' title="bbox 1755 866 3361 937">
     <span class='ocr_line' id='line_1_14' title="bbox 1755 866 3361 937; baseline -0.003 -13"><span class='ocrx_word' id='word_1_92' title='bbox 1755 876 1935 924; x_wconf 70' lang='lat' dir='ltr'><strong>mstat.</strong></span> <span class='ocrx_word' id='word_1_93' title='bbox 2182 866 2382 937; x_wconf 82' lang='grc' dir='ltr'>τιμῶν,</span> <span class='ocrx_word' id='word_1_94' title='bbox 2418 867 2651 920; x_wconf 74' lang='grc' dir='ltr'>πλούτου</span> <span class='ocrx_word' id='word_1_95' title='bbox 2679 867 3016 937; x_wconf 72' lang='grc' dir='ltr'><strong>τιμιωτέραν</strong></span> <span class='ocrx_word' id='word_1_96' title='bbox 3047 866 3361 933; x_wconf 71' lang='grc' dir='ltr'>ἀποφαίνει.</span> 
     </span>
    </p>
   </div>
   <div class='ocr_carea' id='block_1_15' title="bbox 573 957 2179 1029">
    <p class='ocr_par' dir='ltr' id='par_1_15' title="bbox 573 958 1795 1025">
     <span class='ocr_line' id='line_1_15' title="bbox 573 958 1795 1025; baseline -0.002 -13"><span class='ocrx_word' id='word_1_97' title='bbox 573 959 769 1025; x_wconf 82' lang='lat' dir='ltr'><strong>lugens</strong></span> <span class='ocrx_word' id='word_1_98' title='bbox 794 960 916 1025; x_wconf 90' lang='lat' dir='ltr'><strong>dos,</strong></span> <span class='ocrx_word' id='word_1_99' title='bbox 951 960 1161 1014; x_wconf 89' lang='lat' dir='ltr'><strong>liberos</strong></span> <span class='ocrx_word' id='word_1_100' title='bbox 1192 960 1449 1013; x_wconf 88' lang='lat' dir='ltr'><strong>meliores</strong></span> <span class='ocrx_word' id='word_1_101' title='bbox 1471 976 1579 1013; x_wconf 89' lang='lat' dir='ltr'><strong>non</strong></span> <span class='ocrx_word' id='word_1_102' title='bbox 1610 958 1795 1013; x_wconf 80' lang='lat' dir='ltr'><strong>eﬂicit.</strong></span> 
     </span>
    </p>
   </div>
   <div class='ocr_carea' id='block_1_16' title="bbox 1784 957 3390 1029">
    <p class='ocr_par' dir='ltr' id='par_1_16' title="bbox 1784 957 3390 1029">
     <span class='ocr_line' id='line_1_16' title="bbox 1784 957 3390 1029; baseline 0.001 -19"><span class='ocrx_word' id='word_1_103' title='bbox 1784 997 1795 1010; x_wconf 92' lang='lat'><strong>.</strong></span> <span class='ocrx_word' id='word_1_104' title='bbox 2254 957 2423 1029; x_wconf 72' lang='grc' dir='ltr'>Προὶξ</span> <span class='ocrx_word' id='word_1_105' title='bbox 2452 958 2623 1026; x_wconf 83' lang='grc' dir='ltr'>πολλὴ</span> <span class='ocrx_word' id='word_1_106' title='bbox 2656 960 2824 1012; x_wconf 83' lang='grc' dir='ltr'>τέκνα</span> <span class='ocrx_word' id='word_1_107' title='bbox 2852 957 3101 1026; x_wconf 80' lang='grc' dir='ltr'>βελτίονα</span> <span class='ocrx_word' id='word_1_108' title='bbox 3131 959 3192 1010; x_wconf 83' lang='grc' dir='ltr'>οὐ</span> <span class='ocrx_word' id='word_1_109' title='bbox 3226 961 3390 1012; x_wconf 82' lang='grc' dir='ltr'>ποιεῖ.</span> 
     </span>
    </p>
   </div>
   <div class='ocr_carea' id='block_1_17' title="bbox 570 1047 2176 1121">
    <p class='ocr_par' dir='ltr' id='par_1_17' title="bbox 570 1047 2075 1121">
     <span class='ocr_line' id='line_1_17' title="bbox 570 1047 2075 1121; baseline -0.002 -17"><span class='ocrx_word' id='word_1_110' title='bbox 570 1048 842 1104; x_wconf 74' lang='grc' dir='ltr'>ϐίίεανεΙιὲ.</span> <span class='ocrx_word' id='word_1_111' title='bbox 870 1081 941 1090; x_wconf 91' lang='grc'><strong><em>-</em></strong></span> <span class='ocrx_word' id='word_1_112' title='bbox 961 1051 1337 1114; x_wconf 85' lang='lat' dir='ltr'><strong>Continentia,</strong></span> <span class='ocrx_word' id='word_1_113' title='bbox 1366 1052 1591 1121; x_wconf 89' lang='lat' dir='ltr'><strong>pietatis</strong></span> <span class='ocrx_word' id='word_1_114' title='bbox 1618 1052 1795 1116; x_wconf 86' lang='lat' dir='ltr'><strong>basis;</strong></span> <span class='ocrx_word' id='word_1_115' title='bbox 1835 1047 2075 1103; x_wconf 90' lang='lat' dir='ltr'><strong>habendi</strong></span> 
     </span>
    </p>
   </div>
   <div class='ocr_carea' id='block_1_18' title="bbox 2172 1047 3778 1121">
    <p class='ocr_par' dir='ltr' id='par_1_18' title="bbox 2253 1049 3778 1120">
     <span class='ocr_line' id='line_1_18' title="bbox 2253 1049 3778 1120; baseline 0.001 -16"><span class='ocrx_word' id='word_1_116' title='bbox 2253 1049 2565 1120; x_wconf 78' lang='grc' dir='ltr'>Κλειτὰρχ.</span> <span class='ocrx_word' id='word_1_117' title='bbox 2625 1080 2693 1092; x_wconf 92' lang='grc'><strong><em>-</em></strong></span> <span class='ocrx_word' id='word_1_118' title='bbox 2760 1050 3087 1119; x_wconf 85' lang='grc' dir='ltr'>Ἐγκράτεια</span> <span class='ocrx_word' id='word_1_119' title='bbox 3166 1050 3374 1120; x_wconf 69' lang='grc' dir='ltr'>κρηπὶς</span> <span class='ocrx_word' id='word_1_120' title='bbox 3443 1050 3778 1114; x_wconf 69' lang='grc' dir='ltr'>εὐσεϐείας’</span> 
     </span>
    </p>
   </div>
   <div class='ocr_carea' id='block_1_19' title="bbox 499 1140 2105 1214">
    <p class='ocr_par' dir='ltr' id='par_1_19' title="bbox 499 1140 2075 1212">
     <span class='ocr_line' id='line_1_19' title="bbox 499 1140 2075 1212; baseline -0.001 -17"><span class='ocrx_word' id='word_1_121' title='bbox 499 1140 808 1209; x_wconf 87' lang='lat' dir='ltr'><strong>cupiditas,</strong></span> <span class='ocrx_word' id='word_1_122' title='bbox 872 1141 1091 1210; x_wconf 73' lang='lat' dir='ltr'><strong>injustze</strong></span> <span class='ocrx_word' id='word_1_123' title='bbox 1147 1143 1468 1212; x_wconf 82' lang='lat' dir='ltr'><strong>rapacitatis</strong></span> <span class='ocrx_word' id='word_1_124' title='bbox 1518 1143 1758 1196; x_wconf 90' lang='lat' dir='ltr'><strong>initium.</strong></span> <span class='ocrx_word' id='word_1_125' title='bbox 1802 1140 2075 1211; x_wconf 87' lang='lat' dir='ltr'><strong>Injustitia</strong></span> 
     </span>
    </p>
   </div>
   <div class='ocr_carea' id='block_1_20' title="bbox 2176 1140 3782 1214">
    <p class='ocr_par' dir='ltr' id='par_1_20' title="bbox 2182 1140 3782 1214">
     <span class='ocr_line' id='line_1_20' title="bbox 2182 1140 3782 1214; baseline 0.001 -20"><span class='ocrx_word' id='word_1_126' title='bbox 2182 1140 2363 1211; x_wconf 76' lang='grc' dir='ltr'>ὃρεξις</span> <span class='ocrx_word' id='word_1_127' title='bbox 2417 1144 2663 1212; x_wconf 81' lang='grc' dir='ltr'>κτήσεως</span> <span class='ocrx_word' id='word_1_128' title='bbox 2687 1193 2699 1206; x_wconf 80' lang='grc'><strong>,</strong></span> <span class='ocrx_word' id='word_1_129' title='bbox 2758 1141 2902 1212; x_wconf 80' lang='grc' dir='ltr'><strong>ἀρχὴ</strong></span> <span class='ocrx_word' id='word_1_130' title='bbox 2940 1141 3272 1208; x_wconf 78' lang='grc' dir='ltr'>πλεονεξίας.</span> <span class='ocrx_word' id='word_1_131' title='bbox 3310 1142 3403 1195; x_wconf 84' lang='grc' dir='ltr'>Ἐκ</span> <span class='ocrx_word' id='word_1_132' title='bbox 3430 1143 3540 1213; x_wconf 77' lang='grc' dir='ltr'>γὰρ</span> <span class='ocrx_word' id='word_1_133' title='bbox 3567 1142 3782 1214; x_wconf 78' lang='grc' dir='ltr'>φιλαρ-</span> 
     </span>
    </p>
   </div>
   <div class='ocr_carea' id='block_1_21' title="bbox 497 1231 2103 1303">
    <p class='ocr_par' dir='ltr' id='par_1_21' title="bbox 497 1231 1313 1287">
     <span class='ocr_line' id='line_1_21' title="bbox 497 1231 1313 1287; baseline 0 -2"><span class='ocrx_word' id='word_1_134' title='bbox 497 1231 646 1286; x_wconf 88' lang='lat' dir='ltr'><strong>enim</strong></span> <span class='ocrx_word' id='word_1_135' title='bbox 681 1247 749 1285; x_wconf 79' lang='lat' dir='ltr'><strong>ex</strong></span> <span class='ocrx_word' id='word_1_136' title='bbox 783 1232 1017 1286; x_wconf 84' lang='lat' dir='ltr'><strong>avaritia</strong></span> <span class='ocrx_word' id='word_1_137' title='bbox 1048 1234 1313 1287; x_wconf 88' lang='lat' dir='ltr'><strong>nascitur.</strong></span> 
     </span>
    </p>
   </div>
   <div class='ocr_carea' id='block_1_22' title="bbox 1235 1231 2841 1303">
    <p class='ocr_par' dir='ltr' id='par_1_22' title="bbox 1235 1232 2841 1303">
     <span class='ocr_line' id='line_1_22' title="bbox 1235 1232 2841 1303; baseline 0 -18"><span class='ocrx_word' id='word_1_138' title='bbox 1235 1250 1313 1286; x_wconf 91' lang='lat' dir='ltr'><strong>ur.</strong></span> <span class='ocrx_word' id='word_1_139' title='bbox 2182 1233 2382 1303; x_wconf 86' lang='grc' dir='ltr'>γυρίας</span> <span class='ocrx_word' id='word_1_140' title='bbox 2412 1233 2598 1286; x_wconf 81' lang='grc' dir='ltr'>ἀδικία</span> <span class='ocrx_word' id='word_1_141' title='bbox 2626 1232 2841 1302; x_wconf 83' lang='grc' dir='ltr'>φύεται.</span> 
     </span>
    </p>
   </div>
   <div class='ocr_carea' id='block_1_23' title="bbox 582 1320 2188 1395">
    <p class='ocr_par' dir='ltr' id='par_1_23' title="bbox 582 1322 2071 1394">
     <span class='ocr_line' id='line_1_23' title="bbox 582 1322 2071 1394; baseline 0.001 -19"><span class='ocrx_word' id='word_1_142' title='bbox 582 1322 821 1376; x_wconf 86' lang='lat' dir='ltr'><strong>Catonis.</strong></span> <span class='ocrx_word' id='word_1_143' title='bbox 851 1353 919 1363; x_wconf 90' lang='lat'><strong>--</strong></span> <span class='ocrx_word' id='word_1_144' title='bbox 951 1323 1138 1378; x_wconf 87' lang='lat' dir='ltr'><strong>Gloria</strong></span> <span class='ocrx_word' id='word_1_145' title='bbox 1169 1333 1225 1378; x_wconf 87' lang='lat' dir='ltr'><strong>et</strong></span> <span class='ocrx_word' id='word_1_146' title='bbox 1254 1324 1460 1379; x_wconf 69' lang='lat' dir='ltr'><strong>divitiae</strong></span> <span class='ocrx_word' id='word_1_147' title='bbox 1491 1325 1719 1379; x_wconf 82' lang='lat' dir='ltr'><strong>absente</strong></span> <span class='ocrx_word' id='word_1_148' title='bbox 1756 1323 2071 1394; x_wconf 85' lang='lat' dir='ltr'><strong>prudentia,</strong></span> 
     </span>
    </p>
   </div>
   <div class='ocr_carea' id='block_1_24' title="bbox 2168 1320 3774 1395">
    <p class='ocr_par' dir='ltr' id='par_1_24' title="bbox 2254 1320 3774 1395">
     <span class='ocr_line' id='line_1_24' title="bbox 2254 1320 3774 1395; baseline 0.003 -21"><span class='ocrx_word' id='word_1_149' title='bbox 2254 1320 2551 1387; x_wconf 82' lang='grc' dir='ltr'>Κάτωνος.</span> <span class='ocrx_word' id='word_1_150' title='bbox 2596 1351 2657 1362; x_wconf 92' lang='grc'><strong>-</strong></span> <span class='ocrx_word' id='word_1_151' title='bbox 2714 1323 2853 1389; x_wconf 79' lang='grc' dir='ltr'>Δόξα</span> <span class='ocrx_word' id='word_1_152' title='bbox 2888 1322 2985 1376; x_wconf 67' lang='grc' dir='ltr'><strong>κα)⁸</strong></span> <span class='ocrx_word' id='word_1_153' title='bbox 3008 1322 3241 1385; x_wconf 84' lang='grc' dir='ltr'>πλοῦτος</span> <span class='ocrx_word' id='word_1_154' title='bbox 3268 1322 3397 1376; x_wconf 73' lang='grc' dir='ltr'>ἄνευ</span> <span class='ocrx_word' id='word_1_155' title='bbox 3425 1325 3774 1395; x_wconf 72' lang='grc' dir='ltr'>φρονήσεως,</span> 
     </span>
    </p>
   </div>
   <div class='ocr_carea' id='block_1_25' title="bbox 497 1412 2103 1485">
    <p class='ocr_par' dir='ltr' id='par_1_25' title="bbox 497 1414 1164 1485">
     <span class='ocr_line' id='line_1_25' title="bbox 497 1414 1164 1485; baseline 0 -18"><span class='ocrx_word' id='word_1_156' title='bbox 497 1428 689 1483; x_wconf 87' lang='lat' dir='ltr'><strong>parum</strong></span> <span class='ocrx_word' id='word_1_157' title='bbox 717 1421 831 1467; x_wconf 91' lang='lat' dir='ltr'><strong>tuta</strong></span> <span class='ocrx_word' id='word_1_158' title='bbox 865 1414 1164 1485; x_wconf 82' lang='lat' dir='ltr'><strong>possessio.</strong></span> 
     </span>
    </p>
   </div>
   <div class='ocr_carea' id='block_1_26' title="bbox 1228 1412 2834 1485">
    <p class='ocr_par' dir='ltr' id='par_1_26' title="bbox 2180 1412 2834 1483">
     <span class='ocr_line' id='line_1_26' title="bbox 2180 1412 2834 1483; baseline 0.003 -18"><span class='ocrx_word' id='word_1_159' title='bbox 2180 1412 2280 1465; x_wconf 74' lang='grc' dir='ltr'><strong>οὐκ</strong></span> <span class='ocrx_word' id='word_1_160' title='bbox 2306 1412 2522 1483; x_wconf 81' lang='grc' dir='ltr'>ἀσφαλῆ</span> <span class='ocrx_word' id='word_1_161' title='bbox 2555 1413 2834 1483; x_wconf 86' lang='grc' dir='ltr'>κτήματα.</span> 
     </span>
    </p>
   </div>
   <div class='ocr_carea' id='block_1_27' title="bbox 565 1502 2171 1575">
    <p class='ocr_par' dir='ltr' id='par_1_27' title="bbox 565 1505 2071 1575">
     <span class='ocr_line' id='line_1_27' title="bbox 565 1505 2071 1575; baseline -0.001 -16"><span class='ocrx_word' id='word_1_162' title='bbox 565 1505 857 1575; x_wconf 79' lang='lat' dir='ltr'><strong>Apollonii.</strong></span> <span class='ocrx_word' id='word_1_163' title='bbox 886 1505 1092 1560; x_wconf 85' lang='lat' dir='ltr'><strong>—Non</strong></span> <span class='ocrx_word' id='word_1_164' title='bbox 1135 1515 1355 1570; x_wconf 89' lang='lat' dir='ltr'><strong>natura,</strong></span> <span class='ocrx_word' id='word_1_165' title='bbox 1391 1522 1483 1560; x_wconf 91' lang='lat' dir='ltr'><strong>res</strong></span> <span class='ocrx_word' id='word_1_166' title='bbox 1521 1506 1702 1574; x_wconf 90' lang='lat' dir='ltr'><strong>turpis</strong></span> <span class='ocrx_word' id='word_1_167' title='bbox 1746 1511 2071 1574; x_wconf 88' lang='lat' dir='ltr'><strong>paupertas;</strong></span> 
     </span>
    </p>
   </div>
   <div class='ocr_carea' id='block_1_28' title="bbox 2168 1502 3774 1575">
    <p class='ocr_par' dir='ltr' id='par_1_28' title="bbox 2266 1502 3774 1573">
     <span class='ocr_line' id='line_1_28' title="bbox 2266 1502 3774 1573; baseline 0.002 -16"><span class='ocrx_word' id='word_1_168' title='bbox 2266 1502 2695 1557; x_wconf 72' lang='grc' dir='ltr'><strong>Ἀπολλωνίου.</strong></span> <span class='ocrx_word' id='word_1_169' title='bbox 2746 1533 2817 1544; x_wconf 91' lang='lat'><strong><em>—</em></strong></span> <span class='ocrx_word' id='word_1_170' title='bbox 2866 1505 2939 1558; x_wconf 80' lang='grc' dir='ltr'><strong>Οὐ</strong></span> <span class='ocrx_word' id='word_1_171' title='bbox 2993 1504 3053 1557; x_wconf 85' lang='grc' dir='ltr'>τὺ</span> <span class='ocrx_word' id='word_1_172' title='bbox 3100 1504 3363 1558; x_wconf 79' lang='grc' dir='ltr'>πένεσθαι</span> <span class='ocrx_word' id='word_1_173' title='bbox 3415 1505 3557 1559; x_wconf 85' lang='grc' dir='ltr'>κατὰ</span> <span class='ocrx_word' id='word_1_174' title='bbox 3603 1506 3774 1573; x_wconf 81' lang='grc' dir='ltr'>φύσιν</span> 
     </span>
    </p>
   </div>
   <div class='ocr_carea' id='block_1_29' title="bbox 497 1576 2103 1668">
    <p class='ocr_par' dir='ltr' id='par_1_29' title="bbox 497 1592 2070 1664">
     <span class='ocr_line' id='line_1_29' title="bbox 497 1592 2070 1664; baseline -0.004 -15"><span class='ocrx_word' id='word_1_175' title='bbox 497 1593 592 1649; x_wconf 87' lang='lat' dir='ltr'><strong>sed</strong></span> <span class='ocrx_word' id='word_1_176' title='bbox 623 1595 770 1664; x_wconf 88' lang='lat' dir='ltr'><strong>turpi</strong></span> <span class='ocrx_word' id='word_1_177' title='bbox 794 1610 861 1649; x_wconf 83' lang='lat' dir='ltr'><strong>ex</strong></span> <span class='ocrx_word' id='word_1_178' title='bbox 883 1610 1045 1648; x_wconf 88' lang='lat' dir='ltr'><strong>causa</strong></span> <span class='ocrx_word' id='word_1_179' title='bbox 1082 1610 1377 1664; x_wconf 89' lang='lat' dir='ltr'><strong>pauperem</strong></span> <span class='ocrx_word' id='word_1_180' title='bbox 1400 1609 1544 1657; x_wconf 84' lang='lat' dir='ltr'><strong>esse,</strong></span> <span class='ocrx_word' id='word_1_181' title='bbox 1577 1592 1629 1646; x_wconf 91' lang='lat' dir='ltr'><strong>id</strong></span> <span class='ocrx_word' id='word_1_182' title='bbox 1672 1592 1933 1661; x_wconf 85' lang='lat' dir='ltr'><strong>probrum</strong></span> <span class='ocrx_word' id='word_1_183' title='bbox 1968 1597 2070 1644; x_wconf 90' lang='lat' dir='ltr'><strong>est.</strong></span> 
     </span>
    </p>
   </div>
   <div class='ocr_carea' id='block_1_30' title="bbox 2161 1576 3767 1668">
    <p class='ocr_par' dir='ltr' id='par_1_30' title="bbox 2181 1576 3767 1668">
     <span class='ocr_line' id='line_1_30' title="bbox 2181 1576 3767 1668; baseline 0.003 -19"><span class='ocrx_word' id='word_1_184' title='bbox 2181 1594 2426 1666; x_wconf 78' lang='grc' dir='ltr'>αἰσχρὸν,</span> <span class='ocrx_word' id='word_1_185' title='bbox 2456 1596 2591 1650; x_wconf 76' lang='grc' dir='ltr'>ἀλλὰ</span> <span class='ocrx_word' id='word_1_186' title='bbox 2617 1596 2679 1648; x_wconf 72' lang='grc' dir='ltr'><strong>τὸ</strong></span> <span class='ocrx_word' id='word_1_187' title='bbox 2702 1595 2769 1647; x_wconf 80' lang='grc' dir='ltr'>δι’</span> <span class='ocrx_word' id='word_1_188' title='bbox 2789 1576 3019 1668; x_wconf 59' lang='grc' dir='ltr'>αἱσχρῖἰιν</span> <span class='ocrx_word' id='word_1_189' title='bbox 3042 1598 3223 1651; x_wconf 76' lang='grc' dir='ltr'>αἰτίαν</span> <span class='ocrx_word' id='word_1_190' title='bbox 3246 1598 3526 1660; x_wconf 80' lang='grc' dir='ltr'>πένεσθαι,</span> <span class='ocrx_word' id='word_1_191' title='bbox 3541 1598 3767 1660; x_wconf 71' lang='grc' dir='ltr'>ὄνειδος.</span> 
     </span>
    </p>
   </div>
   <div class='ocr_carea' id='block_1_31' title="bbox 566 1680 2172 1759">
    <p class='ocr_par' dir='ltr' id='par_1_31' title="bbox 566 1680 2133 1759">
     <span class='ocr_line' id='line_1_31' title="bbox 566 1680 2133 1759; baseline -0.004 -19"><span class='ocrx_word' id='word_1_192' title='bbox 566 1686 801 1740; x_wconf 80' lang='lat' dir='ltr'><strong>Eusebii.</strong></span> <span class='ocrx_word' id='word_1_193' title='bbox 830 1715 900 1725; x_wconf 90' lang='lat'><strong>-—</strong></span> <span class='ocrx_word' id='word_1_194' title='bbox 928 1685 1094 1739; x_wconf 91' lang='lat' dir='ltr'><strong>Stulti</strong></span> <span class='ocrx_word' id='word_1_195' title='bbox 1126 1686 1406 1748; x_wconf 90' lang='lat' dir='ltr'><strong>mortales,</strong></span> <span class='ocrx_word' id='word_1_196' title='bbox 1432 1684 1525 1754; x_wconf 89' lang='lat' dir='ltr'><strong>qui</strong></span> <span class='ocrx_word' id='word_1_197' title='bbox 1563 1684 1722 1752; x_wconf 81' lang='lat' dir='ltr'><strong>longe</strong></span> <span class='ocrx_word' id='word_1_198' title='bbox 1766 1680 2073 1749; x_wconf 88' lang='lat' dir='ltr'><strong>locupletes</strong></span> <span class='ocrx_word' id='word_1_199' title='bbox 2114 1758 2133 1759; x_wconf 19' lang='grc' dir='ltr'>ί</span> 
     </span>
    </p>
   </div>
   <div class='ocr_carea' id='block_1_32' title="bbox 2163 1680 3769 1759">
    <p class='ocr_par' dir='ltr' id='par_1_32' title="bbox 2251 1686 3769 1759">
     <span class='ocr_line' id='line_1_32' title="bbox 2251 1686 3769 1759; baseline 0 -17"><span class='ocrx_word' id='word_1_200' title='bbox 2251 1686 2568 1742; x_wconf 76' lang='grc' dir='ltr'>Εὐσεῦιόυ.</span> <span class='ocrx_word' id='word_1_201' title='bbox 2593 1716 2664 1726; x_wconf 91' lang='lat'><strong>—</strong></span> <span class='ocrx_word' id='word_1_202' title='bbox 2690 1688 2750 1739; x_wconf 83' lang='lat' dir='ltr'><strong>Ol</strong></span> <span class='ocrx_word' id='word_1_203' title='bbox 2782 1688 3002 1757; x_wconf 78' lang='grc' dir='ltr'>μάταιοι</span> <span class='ocrx_word' id='word_1_204' title='bbox 3033 1688 3143 1741; x_wconf 81' lang='grc' dir='ltr'><strong>τῶν</strong></span> <span class='ocrx_word' id='word_1_205' title='bbox 3165 1688 3490 1759; x_wconf 83' lang='grc' dir='ltr'>ἀνθρώπων,</span> <span class='ocrx_word' id='word_1_206' title='bbox 3514 1689 3642 1751; x_wconf 81' lang='grc' dir='ltr'>τοὺς</span> <span class='ocrx_word' id='word_1_207' title='bbox 3666 1690 3769 1757; x_wconf 82' lang='grc' dir='ltr'>μὲν</span> 
     </span>
    </p>
   </div>
   <div class='ocr_carea' id='block_1_33' title="bbox 497 1758 2103 1850">
    <p class='ocr_par' dir='ltr' id='par_1_33' title="bbox 497 1766 2073 1843">
     <span class='ocr_line' id='line_1_33' title="bbox 497 1766 2073 1843; baseline -0.006 -15"><span class='ocrx_word' id='word_1_208' title='bbox 497 1775 627 1840; x_wconf 89' lang='lat' dir='ltr'><strong>sint,</strong></span> <span class='ocrx_word' id='word_1_209' title='bbox 657 1774 873 1828; x_wconf 81' lang='lat' dir='ltr'><strong>tametsi</strong></span> <span class='ocrx_word' id='word_1_210' title='bbox 903 1774 1074 1828; x_wconf 91' lang='lat' dir='ltr'><strong>malos</strong></span> <span class='ocrx_word' id='word_1_211' title='bbox 1097 1813 1111 1839; x_wconf 89' lang='lat'><strong>,</strong></span> <span class='ocrx_word' id='word_1_212' title='bbox 1148 1772 1442 1843; x_wconf 82' lang='lat' dir='ltr'><strong>magniﬁce</strong></span> <span class='ocrx_word' id='word_1_213' title='bbox 1489 1772 1679 1825; x_wconf 91' lang='lat' dir='ltr'><strong>colunt</strong></span> <span class='ocrx_word' id='word_1_214' title='bbox 1720 1784 1785 1823; x_wconf 90' lang='lat' dir='ltr'><strong>ac</strong></span> <span class='ocrx_word' id='word_1_215' title='bbox 1813 1766 2073 1830; x_wconf 89' lang='lat' dir='ltr'><strong>laudant;</strong></span> 
     </span>
    </p>
   </div>
   <div class='ocr_carea' id='block_1_34' title="bbox 2160 1758 3766 1850">
    <p class='ocr_par' dir='ltr' id='par_1_34' title="bbox 2191 1758 3766 1850">
     <span class='ocr_line' id='line_1_34' title="bbox 2191 1758 3766 1850; baseline 0.002 -20"><span class='ocrx_word' id='word_1_216' title='bbox 2191 1778 2403 1848; x_wconf 81' lang='grc' dir='ltr'>μεγάλα</span> <span class='ocrx_word' id='word_1_217' title='bbox 2428 1782 2689 1849; x_wconf 85' lang='grc' dir='ltr'>χρήματα</span> <span class='ocrx_word' id='word_1_218' title='bbox 2718 1778 2943 1849; x_wconf 74' lang='grc' dir='ltr'>ἔχοντας</span> <span class='ocrx_word' id='word_1_219' title='bbox 2973 1781 3068 1832; x_wconf 74' lang='grc' dir='ltr'><strong>καὶ</strong></span> <span class='ocrx_word' id='word_1_220' title='bbox 3096 1758 3331 1848; x_wconf 87' lang='grc' dir='ltr'>φαύλους</span> <span class='ocrx_word' id='word_1_221' title='bbox 3358 1780 3517 1843; x_wconf 75' lang='grc' dir='ltr'>ὄντας</span> <span class='ocrx_word' id='word_1_222' title='bbox 3539 1821 3554 1844; x_wconf 93' lang='grc'><strong>,</strong></span> <span class='ocrx_word' id='word_1_223' title='bbox 3589 1780 3766 1850; x_wconf 88' lang='grc' dir='ltr'>τιμῶ-</span> 
     </span>
    </p>
   </div>
   <div class='ocr_carea' id='block_1_35' title="bbox 498 1864 2104 1941">
    <p class='ocr_par' dir='ltr' id='par_1_35' title="bbox 498 1864 2076 1934">
     <span class='ocr_line' id='line_1_35' title="bbox 498 1864 2076 1934; baseline -0.006 -13"><span class='ocrx_word' id='word_1_224' title='bbox 498 1865 676 1921; x_wconf 88' lang='lat' dir='ltr'><strong>bonos</strong></span> <span class='ocrx_word' id='word_1_225' title='bbox 697 1875 901 1932; x_wconf 88' lang='lat' dir='ltr'><strong>autem,</strong></span> <span class='ocrx_word' id='word_1_226' title='bbox 930 1881 1055 1920; x_wconf 90' lang='lat' dir='ltr'><strong>cum</strong></span> <span class='ocrx_word' id='word_1_227' title='bbox 1085 1864 1332 1920; x_wconf 83' lang='lat' dir='ltr'><strong>viderint</strong></span> <span class='ocrx_word' id='word_1_228' title='bbox 1375 1877 1650 1934; x_wconf 88' lang='lat' dir='ltr'><strong>pauperes</strong></span> <span class='ocrx_word' id='word_1_229' title='bbox 1670 1902 1684 1927; x_wconf 93' lang='lat'><strong>,</strong></span> <span class='ocrx_word' id='word_1_230' title='bbox 1713 1867 2076 1915; x_wconf 87' lang='lat' dir='ltr'><strong>contemnunt</strong></span> 
     </span>
    </p>
   </div>
   <div class='ocr_carea' id='block_1_36' title="bbox 2160 1864 3766 1941">
    <p class='ocr_par' dir='ltr' id='par_1_36' title="bbox 2187 1871 3766 1941">
     <span class='ocr_line' id='line_1_36' title="bbox 2187 1871 3766 1941; baseline 0.002 -18"><span class='ocrx_word' id='word_1_231' title='bbox 2187 1871 2240 1923; x_wconf 90' lang='grc' dir='ltr'><strong>σί</strong></span> <span class='ocrx_word' id='word_1_232' title='bbox 2268 1888 2326 1925; x_wconf 88' lang='grc' dir='ltr'><strong>τε</strong></span> <span class='ocrx_word' id='word_1_233' title='bbox 2362 1872 2458 1924; x_wconf 80' lang='grc' dir='ltr'>καὶ</span> <span class='ocrx_word' id='word_1_234' title='bbox 2486 1871 2869 1941; x_wconf 83' lang='grc' dir='ltr'>τεθαυμάκασι</span> <span class='ocrx_word' id='word_1_235' title='bbox 2894 1889 2907 1902; x_wconf 91' lang='grc'><strong>·</strong></span> <span class='ocrx_word' id='word_1_236' title='bbox 2962 1872 3072 1925; x_wconf 84' lang='grc' dir='ltr'><strong>τῶν</strong></span> <span class='ocrx_word' id='word_1_237' title='bbox 3098 1874 3153 1925; x_wconf 85' lang='grc' dir='ltr'>δὲ</span> <span class='ocrx_word' id='word_1_238' title='bbox 3188 1873 3513 1938; x_wconf 79' lang='grc' dir='ltr'>σπουδαίων,</span> <span class='ocrx_word' id='word_1_239' title='bbox 3548 1874 3766 1927; x_wconf 71' lang='grc' dir='ltr'>ἐπειδὰν</span> 
     </span>
    </p>
   </div>
   <div class='ocr_carea' id='block_1_37' title="bbox 497 1958 2103 2036">
    <p class='ocr_par' dir='ltr' id='par_1_37' title="bbox 497 1958 870 2030">
     <span class='ocr_line' id='line_1_37' title="bbox 497 1958 870 2030; baseline 0 -17"><span class='ocrx_word' id='word_1_240' title='bbox 497 1973 562 2013; x_wconf 93' lang='lat' dir='ltr'><strong>ac</strong></span> <span class='ocrx_word' id='word_1_241' title='bbox 590 1958 870 2030; x_wconf 77' lang='lat' dir='ltr'><strong>sugillant.</strong></span> 
     </span>
    </p>
   </div>
   <div class='ocr_carea' id='block_1_38' title="bbox 1874 1958 3480 2036">
    <p class='ocr_par' dir='ltr' id='par_1_38' title="bbox 2184 1963 3480 2036">
     <span class='ocr_line' id='line_1_38' title="bbox 2184 1963 3480 2036; baseline 0 -17"><span class='ocrx_word' id='word_1_242' title='bbox 2184 1963 2536 2035; x_wconf 81' lang='grc' dir='ltr'>ἀχρηματίαν</span> <span class='ocrx_word' id='word_1_243' title='bbox 2590 1964 2959 2032; x_wconf 86' lang='grc' dir='ltr'>καταγνῶσιν,</span> <span class='ocrx_word' id='word_1_244' title='bbox 2993 1964 3480 2036; x_wconf 80' lang='grc' dir='ltr'>ὐπερφρονέουσιν.</span> 
     </span>
    </p>
   </div>
   <div class='ocr_carea' id='block_1_39' title="bbox 1134 2068 2740 2143">
    <p class='ocr_par' dir='ltr' id='par_1_39' title="bbox 1134 2068 1438 2125">
     <span class='ocr_line' id='line_1_39' title="bbox 1134 2068 1438 2125; baseline -0.016 0"><span class='ocrx_word' id='word_1_245' title='bbox 1134 2068 1438 2125; x_wconf 80' lang='lat' dir='ltr'><strong>Menandri.</strong></span> 
     </span>
    </p>
   </div>
   <div class='ocr_carea' id='block_1_40' title="bbox 1559 2068 3165 2143">
    <p class='ocr_par' dir='ltr' id='par_1_40' title="bbox 2792 2076 3165 2143">
     <span class='ocr_line' id='line_1_40' title="bbox 2792 2076 3165 2143; baseline 0.003 -12"><span class='ocrx_word' id='word_1_246' title='bbox 2792 2076 3165 2143; x_wconf 78' lang='grc' dir='ltr'><strong>Μενάνδρου.</strong></span> 
     </span>
    </p>
   </div>
   <div class='ocr_carea' id='block_1_41' title="bbox 498 2154 2104 2241">
    <p class='ocr_par' dir='ltr' id='par_1_41' title="bbox 498 2154 2076 2241">
     <span class='ocr_line' id='line_1_41' title="bbox 498 2154 2076 2241; baseline -0.006 -27"><span class='ocrx_word' id='word_1_247' title='bbox 498 2161 749 2241; x_wconf 35' lang='lat' dir='ltr'><strong>animum</strong></span> <span class='ocrx_word' id='word_1_248' title='bbox 771 2162 985 2241; x_wconf 63' lang='lat' dir='ltr'><strong>divitem</strong></span> <span class='ocrx_word' id='word_1_249' title='bbox 1000 2161 1286 2241; x_wconf 75' lang='lat' dir='ltr'><strong>habeamus</strong></span> <span class='ocrx_word' id='word_1_250' title='bbox 1305 2171 1509 2211; x_wconf 88' lang='lat' dir='ltr'><strong>necesse</strong></span> <span class='ocrx_word' id='word_1_251' title='bbox 1529 2161 1606 2208; x_wconf 89' lang='lat' dir='ltr'><strong>est</strong></span> <span class='ocrx_word' id='word_1_252' title='bbox 1630 2170 1646 2207; x_wconf 92' lang='lat'><strong><em>:</em></strong></span> <span class='ocrx_word' id='word_1_253' title='bbox 1676 2154 1911 2222; x_wconf 70' lang='lat' dir='ltr'><strong>pecunia:</strong></span> <span class='ocrx_word' id='word_1_254' title='bbox 1930 2168 2076 2241; x_wconf 73' lang='lat' dir='ltr'><strong>vero,</strong></span> 
     </span>
    </p>
   </div>
   <div class='ocr_carea' id='block_1_42' title="bbox 2090 2154 3696 2241">
    <p class='ocr_par' dir='ltr' id='par_1_42' title="bbox 2337 2166 3696 2241">
     <span class='ocr_line' id='line_1_42' title="bbox 2337 2166 3696 2241; baseline 0.001 -21"><span class='ocrx_word' id='word_1_255' title='bbox 2337 2166 2551 2241; x_wconf 73' lang='grc' dir='ltr'>Ψυχὴν</span> <span class='ocrx_word' id='word_1_256' title='bbox 2573 2167 2749 2241; x_wconf 59' lang='grc' dir='ltr'>ἔχειν</span> <span class='ocrx_word' id='word_1_257' title='bbox 2766 2169 2856 2221; x_wconf 85' lang='grc' dir='ltr'><strong>δεῖ</strong></span> <span class='ocrx_word' id='word_1_258' title='bbox 2880 2170 3205 2241; x_wconf 78' lang='grc' dir='ltr'>πλουσίαν·</span> <span class='ocrx_word' id='word_1_259' title='bbox 3236 2170 3307 2222; x_wconf 80' lang='grc' dir='ltr'>τὰ</span> <span class='ocrx_word' id='word_1_260' title='bbox 3328 2168 3397 2241; x_wconf 65' lang='grc' dir='ltr'><strong>δε</strong></span> <span class='ocrx_word' id='word_1_261' title='bbox 3427 2169 3696 2241; x_wconf 74' lang='grc' dir='ltr'>χρήματα</span> 
     </span>
    </p>
   </div>
   <div class='ocr_carea' id='block_1_43' title="bbox 499 2230 2105 2363">
    <p class='ocr_par' dir='ltr' id='par_1_43' title="bbox 499 2230 2078 2363">
     <span class='ocr_line' id='line_1_43' title="bbox 499 2230 2078 2363; baseline -0.006 -78"><span class='ocrx_word' id='word_1_262' title='bbox 499 2230 647 2285; x_wconf 80' lang='lat' dir='ltr'><strong>Nihil</strong></span> <span class='ocrx_word' id='word_1_263' title='bbox 671 2240 793 2285; x_wconf 87' lang='lat' dir='ltr'><strong>sunt</strong></span> <span class='ocrx_word' id='word_1_264' title='bbox 828 2231 978 2285; x_wconf 85' lang='lat' dir='ltr'><strong>aliud</strong></span> <span class='ocrx_word' id='word_1_265' title='bbox 1009 2247 1168 2302; x_wconf 90' lang='lat' dir='ltr'><strong>quam</strong></span> <span class='ocrx_word' id='word_1_266' title='bbox 1196 2230 1428 2299; x_wconf 84' lang='lat' dir='ltr'><strong>objectus</strong></span> <span class='ocrx_word' id='word_1_267' title='bbox 1456 2242 1519 2279; x_wconf 89' lang='lat' dir='ltr'><strong>ac</strong></span> <span class='ocrx_word' id='word_1_268' title='bbox 1566 2235 1812 2277; x_wconf 72' lang='lat' dir='ltr'><strong>externus</strong></span> <span class='ocrx_word' id='word_1_269' title='bbox 1838 2230 2078 2363; x_wconf 54' lang='grc' dir='ltr'>[ἷξῖιὲιιιιε</span> 
     </span>
    </p>
   </div>
   <div class='ocr_carea' id='block_1_44' title="bbox 1911 2230 3517 2363">
    <p class='ocr_par' dir='ltr' id='par_1_44' title="bbox 1911 2230 3517 2347">
     <span class='ocr_line' id='line_1_44' title="bbox 1911 2230 3517 2347; baseline 0.013 -75"><span class='ocrx_word' id='word_1_270' title='bbox 1911 2230 2078 2347; x_wconf 48' lang='lat' dir='ltr'><strong>Iustus</strong></span> <span class='ocrx_word' id='word_1_271' title='bbox 2333 2230 2502 2291; x_wconf 67' lang='grc' dir='ltr'><strong>Ταῧὶἱ</strong></span> <span class='ocrx_word' id='word_1_272' title='bbox 2522 2230 2694 2292; x_wconf 66' lang='grc' dir='ltr'>ἐστὶν</span> <span class='ocrx_word' id='word_1_273' title='bbox 2718 2239 2857 2306; x_wconf 70' lang='grc' dir='ltr'>ὄψις</span> <span class='ocrx_word' id='word_1_274' title='bbox 2890 2239 3328 2308; x_wconf 78' lang='grc' dir='ltr'>παραπέτασμα</span> <span class='ocrx_word' id='word_1_275' title='bbox 3350 2230 3517 2303; x_wconf 68' lang='grc' dir='ltr'><strong>βίοῖ).</strong></span> 
     </span>
    </p>
   </div>
   <div class='ocr_carea' id='block_1_45' title="bbox 500 2364 2106 2440">
    <p class='ocr_par' dir='ltr' id='par_1_45' title="bbox 500 2364 1795 2440">
     <span class='ocr_line' id='line_1_45' title="bbox 500 2364 1795 2440; baseline -0.006 -18"><span class='ocrx_word' id='word_1_276' title='bbox 500 2369 695 2440; x_wconf 67' lang='lat' dir='ltr'><strong>Beatus</strong></span> <span class='ocrx_word' id='word_1_277' title='bbox 720 2371 810 2440; x_wconf 89' lang='lat' dir='ltr'><strong>qui</strong></span> <span class='ocrx_word' id='word_1_278' title='bbox 841 2380 889 2423; x_wconf 90' lang='lat' dir='ltr'><strong>et</strong></span> <span class='ocrx_word' id='word_1_279' title='bbox 912 2370 1093 2440; x_wconf 80' lang='lat' dir='ltr'><strong>opibus</strong></span> <span class='ocrx_word' id='word_1_280' title='bbox 1126 2379 1175 2423; x_wconf 86' lang='lat' dir='ltr'><strong>et</strong></span> <span class='ocrx_word' id='word_1_281' title='bbox 1205 2376 1375 2422; x_wconf 88' lang='lat' dir='ltr'><strong>mente</strong></span> <span class='ocrx_word' id='word_1_282' title='bbox 1396 2364 1646 2440; x_wconf 63' lang='lat' dir='ltr'><strong>praeditus</strong></span> <span class='ocrx_word' id='word_1_283' title='bbox 1682 2372 1795 2428; x_wconf 85' lang='lat' dir='ltr'><strong>est;</strong></span> 
     </span>
    </p>
   </div>
   <div class='ocr_carea' id='block_1_46' title="bbox 1947 2364 3553 2440">
    <p class='ocr_par' dir='ltr' id='par_1_46' title="bbox 2328 2367 3553 2440">
     <span class='ocr_line' id='line_1_46' title="bbox 2328 2367 3553 2440; baseline 0.004 -21"><span class='ocrx_word' id='word_1_284' title='bbox 2328 2367 2633 2440; x_wconf 51' lang='grc' dir='ltr'>ᾔακὰριος</span> <span class='ocrx_word' id='word_1_285' title='bbox 2660 2367 2832 2440; x_wconf 65' lang='grc' dir='ltr'>ὅσζις</span> <span class='ocrx_word' id='word_1_286' title='bbox 2859 2370 3081 2440; x_wconf 79' lang='grc' dir='ltr'>οὐσίαν</span> <span class='ocrx_word' id='word_1_287' title='bbox 3108 2370 3205 2440; x_wconf 72' lang='grc' dir='ltr'>καὶ</span> <span class='ocrx_word' id='word_1_288' title='bbox 3230 2370 3383 2424; x_wconf 84' lang='grc' dir='ltr'>νοῦν</span> <span class='ocrx_word' id='word_1_289' title='bbox 3407 2370 3553 2439; x_wconf 77' lang='grc' dir='ltr'>ἔχει.</span> 
     </span>
    </p>
   </div>
   <div class='ocr_carea' id='block_1_47' title="bbox 500 2434 2106 2510">
    <p class='ocr_par' dir='ltr' id='par_1_47' title="bbox 500 2434 1733 2510">
     <span class='ocr_line' id='line_1_47' title="bbox 500 2434 1733 2510; baseline -0.006 -18"><span class='ocrx_word' id='word_1_290' title='bbox 500 2438 553 2510; x_wconf 66' lang='lat' dir='ltr'><strong>Is</strong></span> <span class='ocrx_word' id='word_1_291' title='bbox 583 2434 900 2510; x_wconf 54' lang='lat' dir='ltr'><strong>enim&#39;probe</strong></span> <span class='ocrx_word' id='word_1_292' title='bbox 923 2434 1029 2494; x_wconf 78' lang='lat' dir='ltr'><strong>illis</strong></span> <span class='ocrx_word' id='word_1_293' title='bbox 1061 2448 1237 2493; x_wconf 86' lang='lat' dir='ltr'><strong>utetur</strong></span> <span class='ocrx_word' id='word_1_294' title='bbox 1266 2440 1321 2491; x_wconf 89' lang='lat' dir='ltr'><strong>in</strong></span> <span class='ocrx_word' id='word_1_295' title='bbox 1361 2436 1548 2510; x_wconf 80' lang='lat' dir='ltr'><strong>quibus</strong></span> <span class='ocrx_word' id='word_1_296' title='bbox 1569 2434 1733 2485; x_wconf 81' lang='lat' dir='ltr'><strong>decet.</strong></span> 
     </span>
    </p>
   </div>
   <div class='ocr_carea' id='block_1_48' title="bbox 2048 2434 3654 2510">
    <p class='ocr_par' dir='ltr' id='par_1_48' title="bbox 2317 2434 3654 2510">
     <span class='ocr_line' id='line_1_48' title="bbox 2317 2434 3654 2510; baseline 0.006 -22"><span class='ocrx_word' id='word_1_297' title='bbox 2317 2434 2550 2510; x_wconf 58' lang='grc' dir='ltr'><strong>Δξίρῆται</strong></span> <span class='ocrx_word' id='word_1_298' title='bbox 2571 2440 2682 2510; x_wconf 77' lang='grc' dir='ltr'><strong>γὰρ</strong></span> <span class='ocrx_word' id='word_1_299' title='bbox 2709 2435 2887 2503; x_wconf 85' lang='grc' dir='ltr'>οὗτος</span> <span class='ocrx_word' id='word_1_300' title='bbox 2919 2441 3006 2502; x_wconf 81' lang='grc' dir='ltr'>εις</span> <span class='ocrx_word' id='word_1_301' title='bbox 3034 2438 3073 2491; x_wconf 84' lang='lat' dir='ltr'><strong>d</strong></span> <span class='ocrx_word' id='word_1_302' title='bbox 3098 2439 3195 2510; x_wconf 85' lang='grc' dir='ltr'><strong>δεῖ</strong></span> <span class='ocrx_word' id='word_1_303' title='bbox 3218 2440 3406 2510; x_wconf 81' lang='grc' dir='ltr'>ταῦτα</span> <span class='ocrx_word' id='word_1_304' title='bbox 3434 2434 3654 2506; x_wconf 50' lang='lat' dir='ltr'><strong>iam.</strong></span> 
     </span>
    </p>
   </div>
   <div class='ocr_carea' id='block_1_49' title="bbox 502 2504 2108 2579">
    <p class='ocr_par' dir='ltr' id='par_1_49' title="bbox 502 2504 1854 2579">
     <span class='ocr_line' id='line_1_49' title="bbox 502 2504 1854 2579; baseline 0.001 -19"><span class='ocrx_word' id='word_1_305' title='bbox 502 2504 753 2579; x_wconf 74' lang='lat' dir='ltr'><strong>Quisquis</strong></span> <span class='ocrx_word' id='word_1_306' title='bbox 784 2527 916 2564; x_wconf 90' lang='lat' dir='ltr'><strong>auro</strong></span> <span class='ocrx_word' id='word_1_307' title='bbox 941 2526 1160 2563; x_wconf 89' lang='lat' dir='ltr'><strong>manum</strong></span> <span class='ocrx_word' id='word_1_308' title='bbox 1180 2504 1453 2579; x_wconf 84' lang='lat' dir='ltr'><strong>supponit,</strong></span> <span class='ocrx_word' id='word_1_309' title='bbox 1666 2571 1677 2579; x_wconf 87' lang='lat'>_</span> <span class='ocrx_word' id='word_1_310' title='bbox 1843 2573 1854 2579; x_wconf 90' lang='lat'>_</span> 
     </span>
    </p>
   </div>
   <div class='ocr_carea' id='block_1_50' title="bbox 1767 2504 3373 2579">
    <p class='ocr_par' dir='ltr' id='par_1_50' title="bbox 1843 2504 3373 2579">
     <span class='ocr_line' id='line_1_50' title="bbox 1843 2504 3373 2579; baseline -0.005 0"><span class='ocrx_word' id='word_1_311' title='bbox 1843 2573 1854 2579; x_wconf 91' lang='lat'><strong>-</strong></span> <span class='ocrx_word' id='word_1_312' title='bbox 2317 2504 2759 2579; x_wconf 42' lang='lat' dir='ltr'><strong>&#39;TOETHCJ&#39;Mzet</strong></span> <span class='ocrx_word' id='word_1_313' title='bbox 2789 2509 3020 2574; x_wconf 77' lang='grc' dir='ltr'>γρυσίφ</span> <span class='ocrx_word' id='word_1_314' title='bbox 3051 2508 3157 2579; x_wconf 58' lang='lat' dir='ltr'><strong>(in</strong></span> <span class='ocrx_word' id='word_1_315' title='bbox 3193 2509 3373 2576; x_wconf 68' lang='grc' dir='ltr'>κεᾰοα,</span> 
     </span>
    </p>
   </div>
   <div class='ocr_carea' id='block_1_51' title="bbox 501 2571 2107 2644">
    <p class='ocr_par' dir='ltr' id='par_1_51' title="bbox 501 2571 1897 2643">
     <span class='ocr_line' id='line_1_51' title="bbox 501 2571 1897 2643; baseline -0.006 -11"><span class='ocrx_word' id='word_1_316' title='bbox 501 2571 619 2632; x_wconf 81' lang='lat' dir='ltr'><strong>Etsi</strong></span> <span class='ocrx_word' id='word_1_317' title='bbox 646 2571 749 2633; x_wconf 78' lang='lat' dir='ltr'><strong>non</strong></span> <span class='ocrx_word' id='word_1_318' title='bbox 776 2580 921 2643; x_wconf 83' lang='lat' dir='ltr'><strong>dicit,</strong></span> <span class='ocrx_word' id='word_1_319' title='bbox 952 2579 1098 2632; x_wconf 88' lang='lat' dir='ltr'><strong>mala</strong></span> <span class='ocrx_word' id='word_1_320' title='bbox 1126 2571 1303 2632; x_wconf 79' lang='lat' dir='ltr'><strong>animo</strong></span> <span class='ocrx_word' id='word_1_321' title='bbox 1330 2578 1525 2642; x_wconf 81' lang='lat' dir='ltr'><strong>cogitat</strong></span> <span class='ocrx_word' id='word_1_322' title='bbox 1555 2588 1619 2624; x_wconf 84' lang='lat' dir='ltr'><strong>ac</strong></span> <span class='ocrx_word' id='word_1_323' title='bbox 1643 2571 1897 2625; x_wconf 75' lang='lat' dir='ltr'><strong>decernit.</strong></span> 
     </span>
    </p>
   </div>
   <div class='ocr_carea' id='block_1_52' title="bbox 1822 2571 3428 2644">
    <p class='ocr_par' dir='ltr' id='par_1_52' title="bbox 1822 2571 3428 2644">
     <span class='ocr_line' id='line_1_52' title="bbox 1822 2571 3428 2644; baseline 0.004 -20"><span class='ocrx_word' id='word_1_324' title='bbox 1822 2573 1897 2625; x_wconf 86' lang='lat' dir='ltr'><strong>tit.</strong></span> <span class='ocrx_word' id='word_1_325' title='bbox 2329 2574 2456 2629; x_wconf 85' lang='grc' dir='ltr'>Κᾶν</span> <span class='ocrx_word' id='word_1_326' title='bbox 2476 2575 2563 2644; x_wconf 78' lang='grc' dir='ltr'><strong>μὴ</strong></span> <span class='ocrx_word' id='word_1_327' title='bbox 2590 2571 2761 2643; x_wconf 71' lang='grc' dir='ltr'>φησὶ,</span> <span class='ocrx_word' id='word_1_328' title='bbox 2789 2571 3029 2644; x_wconf 73' lang='grc' dir='ltr'>πονηρὰ</span> <span class='ocrx_word' id='word_1_329' title='bbox 3049 2571 3428 2641; x_wconf 70' lang='grc' dir='ltr'>βουλεύεται.</span> 
     </span>
    </p>
   </div>
   <div class='ocr_carea' id='block_1_53' title="bbox 502 2645 2108 2718">
    <p class='ocr_par' dir='ltr' id='par_1_53' title="bbox 502 2647 1673 2718">
     <span class='ocr_line' id='line_1_53' title="bbox 502 2647 1673 2718; baseline -0.001 -18"><span class='ocrx_word' id='word_1_330' title='bbox 502 2648 789 2718; x_wconf 82' lang='lat' dir='ltr'><strong>Nunquam</strong></span> <span class='ocrx_word' id='word_1_331' title='bbox 818 2665 935 2702; x_wconf 79' lang='lat' dir='ltr'><strong>eum</strong></span> <span class='ocrx_word' id='word_1_332' title='bbox 959 2649 1161 2718; x_wconf 80' lang='lat' dir='ltr'><strong>felicem</strong></span> <span class='ocrx_word' id='word_1_333' title='bbox 1186 2647 1445 2718; x_wconf 81' lang='lat' dir='ltr'><strong>judicavi,</strong></span> <span class='ocrx_word' id='word_1_334' title='bbox 1595 2713 1604 2718; x_wconf 93' lang='lat'><strong>_</strong></span> <span class='ocrx_word' id='word_1_335' title='bbox 1663 2712 1673 2718; x_wconf 87' lang='lat'>_</span> 
     </span>
    </p>
   </div>
   <div class='ocr_carea' id='block_1_54' title="bbox 2036 2645 3642 2718">
    <p class='ocr_par' dir='ltr' id='par_1_54' title="bbox 2331 2645 3642 2718">
     <span class='ocr_line' id='line_1_54' title="bbox 2331 2645 3642 2718; baseline 0.002 -21"><span class='ocrx_word' id='word_1_336' title='bbox 2331 2647 2419 2718; x_wconf 78' lang='grc' dir='ltr'><strong>ρῠ</strong></span> <span class='ocrx_word' id='word_1_337' title='bbox 2449 2645 2687 2699; x_wconf 88' lang='grc' dir='ltr'>πώποτε</span> <span class='ocrx_word' id='word_1_338' title='bbox 2715 2646 2985 2718; x_wconf 60' lang='grc' dir='ltr'>ἐζήλωσα</span> <span class='ocrx_word' id='word_1_339' title='bbox 3012 2648 3386 2718; x_wconf 51' lang='grc' dir='ltr'>πλουτοῦντ-ιι</span> <span class='ocrx_word' id='word_1_340' title='bbox 3407 2648 3642 2716; x_wconf 72' lang='grc' dir='ltr'>σφόδρα</span> 
     </span>
    </p>
   </div>
   <div class='ocr_carea' id='block_1_55' title="bbox 503 2711 2109 2786">
    <p class='ocr_par' dir='ltr' id='par_1_55' title="bbox 503 2711 1757 2786">
     <span class='ocr_line' id='line_1_55' title="bbox 503 2711 1757 2786; baseline -0.004 -17"><span class='ocrx_word' id='word_1_341' title='bbox 503 2718 605 2780; x_wconf 77' lang='lat' dir='ltr'><strong>Qui</strong></span> <span class='ocrx_word' id='word_1_342' title='bbox 624 2711 777 2771; x_wconf 77' lang='lat' dir='ltr'><strong>ualde</strong></span> <span class='ocrx_word' id='word_1_343' title='bbox 799 2711 969 2782; x_wconf 63' lang='lat' dir='ltr'><strong>dives,</strong></span> <span class='ocrx_word' id='word_1_344' title='bbox 984 2719 1134 2771; x_wconf 85' lang='lat' dir='ltr'><strong>rebus</strong></span> <span class='ocrx_word' id='word_1_345' title='bbox 1168 2711 1274 2770; x_wconf 69' lang='lat' dir='ltr'><strong>suis</strong></span> <span class='ocrx_word' id='word_1_346' title='bbox 1310 2716 1414 2785; x_wconf 89' lang='lat' dir='ltr'><strong>frui</strong></span> <span class='ocrx_word' id='word_1_347' title='bbox 1447 2712 1757 2786; x_wconf 57' lang='lat' dir='ltr'><strong>nonnabet.</strong></span> 
     </span>
    </p>
   </div>
   <div class='ocr_carea' id='block_1_56' title="bbox 1974 2711 3580 2786">
    <p class='ocr_par' dir='ltr' id='par_1_56' title="bbox 2329 2711 3580 2786">
     <span class='ocr_line' id='line_1_56' title="bbox 2329 2711 3580 2786; baseline 0.002 -18"><span class='ocrx_word' id='word_1_348' title='bbox 2329 2715 2679 2786; x_wconf 71' lang='grc' dir='ltr'>Ἄνθρωπον</span> <span class='ocrx_word' id='word_1_349' title='bbox 2700 2716 3093 2786; x_wconf 67' lang='grc' dir='ltr'>ἀπολαύοντα</span> <span class='ocrx_word' id='word_1_350' title='bbox 3116 2716 3303 2786; x_wconf 75' lang='grc' dir='ltr'>μηδὲν</span> <span class='ocrx_word' id='word_1_351' title='bbox 3325 2711 3410 2769; x_wconf 85' lang='grc' dir='ltr'>ὧν</span> <span class='ocrx_word' id='word_1_352' title='bbox 3436 2711 3580 2786; x_wconf 68' lang='grc' dir='ltr'>ἔχει.</span> 
     </span>
    </p>
   </div>
   <div class='ocr_carea' id='block_1_57' title="bbox 503 2780 2109 2857">
    <p class='ocr_par' dir='ltr' id='par_1_57' title="bbox 503 2780 1665 2857">
     <span class='ocr_line' id='line_1_57' title="bbox 503 2780 1665 2857; baseline -0.003 -18"><span class='ocrx_word' id='word_1_353' title='bbox 503 2786 665 2851; x_wconf 82' lang='lat' dir='ltr'><strong>Dicis,</strong></span> <span class='ocrx_word' id='word_1_354' title='bbox 698 2789 788 2840; x_wconf 83' lang='lat' dir='ltr'><strong>sed</strong></span> <span class='ocrx_word' id='word_1_355' title='bbox 826 2780 953 2857; x_wconf 53' lang='lat' dir='ltr'><strong>quas</strong></span> <span class='ocrx_word' id='word_1_356' title='bbox 971 2789 1120 2850; x_wconf 89' lang='lat' dir='ltr'><strong>dicis,</strong></span> <span class='ocrx_word' id='word_1_357' title='bbox 1158 2786 1292 2838; x_wconf 89' lang='lat' dir='ltr'><strong>lucri</strong></span> <span class='ocrx_word' id='word_1_358' title='bbox 1310 2780 1484 2837; x_wconf 74' lang='lat' dir='ltr'><strong>causa</strong></span> <span class='ocrx_word' id='word_1_359' title='bbox 1513 2781 1665 2836; x_wconf 90' lang='lat' dir='ltr'><strong>dicis.</strong></span> 
     </span>
    </p>
   </div>
   <div class='ocr_carea' id='block_1_58' title="bbox 2153 2780 3759 2857">
    <p class='ocr_par' dir='ltr' id='par_1_58' title="bbox 2329 2780 3759 2854">
     <span class='ocr_line' id='line_1_58' title="bbox 2329 2780 3759 2854; baseline 0.001 -15"><span class='ocrx_word' id='word_1_360' title='bbox 2329 2780 2555 2853; x_wconf 70' lang='grc' dir='ltr'>Λέγεις,</span> <span class='ocrx_word' id='word_1_361' title='bbox 2586 2784 2624 2838; x_wconf 81' lang='lat' dir='ltr'><strong>t2</strong></span> <span class='ocrx_word' id='word_1_362' title='bbox 2647 2784 2717 2838; x_wconf 80' lang='grc' dir='ltr'>δὲ</span> <span class='ocrx_word' id='word_1_363' title='bbox 2735 2787 2952 2854; x_wconf 75' lang='grc' dir='ltr'>λέγεις,</span> <span class='ocrx_word' id='word_1_364' title='bbox 2981 2780 3161 2841; x_wconf 75' lang='grc' dir='ltr'>ἕνεκα</span> <span class='ocrx_word' id='word_1_365' title='bbox 3183 2780 3287 2840; x_wconf 72' lang='grc' dir='ltr'>τοῦ</span> <span class='ocrx_word' id='word_1_366' title='bbox 3310 2780 3513 2840; x_wconf 76' lang='grc' dir='ltr'>λαϐεῖν</span> <span class='ocrx_word' id='word_1_367' title='bbox 3541 2785 3759 2854; x_wconf 79' lang='grc' dir='ltr'>λέτεις.</span> 
     </span>
    </p>
   </div>
   <div class='ocr_carea' id='block_1_59' title="bbox 1160 2896 2766 2967">
    <p class='ocr_par' dir='ltr' id='par_1_59' title="bbox 1160 2896 2049 2951">
     <span class='ocr_line' id='line_1_59' title="bbox 1160 2896 2049 2951; baseline -0.004 0"><span class='ocrx_word' id='word_1_368' title='bbox 1160 2896 1430 2951; x_wconf 89' lang='lat' dir='ltr'><strong>Cratonis.</strong></span> <span class='ocrx_word' id='word_1_369' title='bbox 2040 2912 2049 2923; x_wconf 72' lang='lat'><strong><em>&#39;</em></strong></span> 
     </span>
    </p>
   </div>
   <div class='ocr_carea' id='block_1_60' title="bbox 1537 2896 3143 2967">
    <p class='ocr_par' dir='ltr' id='par_1_60' title="bbox 2040 2898 3143 2967">
     <span class='ocr_line' id='line_1_60' title="bbox 2040 2898 3143 2967; baseline 0.004 -15"><span class='ocrx_word' id='word_1_370' title='bbox 2040 2912 2049 2923; x_wconf 81' lang='lat'><strong>’</strong></span> <span class='ocrx_word' id='word_1_371' title='bbox 2809 2898 3143 2967; x_wconf 84' lang='grc' dir='ltr'>Κράτωνος.</span> 
     </span>
    </p>
   </div>
   <div class='ocr_carea' id='block_1_61' title="bbox 502 2986 2108 3061">
    <p class='ocr_par' dir='ltr' id='par_1_61' title="bbox 502 2986 1613 3061">
     <span class='ocr_line' id='line_1_61' title="bbox 502 2986 1613 3061; baseline -0.003 -21"><span class='ocrx_word' id='word_1_372' title='bbox 502 2987 667 3061; x_wconf 57' lang='lat' dir='ltr'><strong>Nulla</strong></span> <span class='ocrx_word' id='word_1_373' title='bbox 702 2989 848 3042; x_wconf 86' lang='lat' dir='ltr'><strong>estin</strong></span> <span class='ocrx_word' id='word_1_374' title='bbox 864 2989 993 3051; x_wconf 81' lang='lat' dir='ltr'><strong>vita,</strong></span> <span class='ocrx_word' id='word_1_375' title='bbox 1019 2997 1331 3061; x_wconf 80' lang='lat' dir='ltr'><strong>paupertate</strong></span> <span class='ocrx_word' id='word_1_376' title='bbox 1364 2986 1547 3061; x_wconf 72' lang='lat' dir='ltr'><strong>major</strong></span> <span class='ocrx_word' id='word_1_377' title='bbox 1601 3056 1613 3061; x_wconf 83' lang='lat'>_</span> 
     </span>
    </p>
   </div>
   <div class='ocr_carea' id='block_1_62' title="bbox 1927 2986 3533 3061">
    <p class='ocr_par' dir='ltr' id='par_1_62' title="bbox 2335 2988 3533 3061">
     <span class='ocr_line' id='line_1_62' title="bbox 2335 2988 3533 3061; baseline 0.004 -21"><span class='ocrx_word' id='word_1_378' title='bbox 2335 2991 2458 3061; x_wconf 65' lang='grc' dir='ltr'><strong>Οὐκ</strong></span> <span class='ocrx_word' id='word_1_379' title='bbox 2488 2988 2621 3043; x_wconf 76' lang='grc' dir='ltr'>ἐστι</span> <span class='ocrx_word' id='word_1_380' title='bbox 2645 2992 2857 3057; x_wconf 82' lang='grc' dir='ltr'>πενίας</span> <span class='ocrx_word' id='word_1_381' title='bbox 2880 2991 3079 3061; x_wconf 78' lang='grc' dir='ltr'>μεῖζον</span> <span class='ocrx_word' id='word_1_382' title='bbox 3107 2991 3291 3045; x_wconf 82' lang='grc' dir='ltr'>οὐδὲν</span> <span class='ocrx_word' id='word_1_383' title='bbox 3322 2993 3393 3045; x_wconf 76' lang='grc' dir='ltr'>ἐν</span> <span class='ocrx_word' id='word_1_384' title='bbox 3415 2992 3533 3061; x_wconf 79' lang='grc' dir='ltr'>,βίῳ</span> 
     </span>
    </p>
   </div>
   <div class='ocr_carea' id='block_1_63' title="bbox 503 3055 2109 3132">
    <p class='ocr_par' dir='ltr' id='par_1_63' title="bbox 503 3055 1657 3132">
     <span class='ocr_line' id='line_1_63' title="bbox 503 3055 1657 3132; baseline -0.002 -22"><span class='ocrx_word' id='word_1_385' title='bbox 503 3056 843 3132; x_wconf 70' lang='lat' dir='ltr'><strong>Qulamitas;</strong></span> <span class='ocrx_word' id='word_1_386' title='bbox 871 3075 997 3132; x_wconf 81' lang='lat' dir='ltr'><strong>nam</strong></span> <span class='ocrx_word' id='word_1_387' title='bbox 1020 3055 1145 3132; x_wconf 80' lang='lat' dir='ltr'><strong>licet</strong></span> <span class='ocrx_word' id='word_1_388' title='bbox 1183 3058 1330 3111; x_wconf 76' lang='lat' dir='ltr'><strong>bona:</strong></span> <span class='ocrx_word' id='word_1_389' title='bbox 1357 3055 1547 3110; x_wconf 85' lang='lat' dir='ltr'><strong>indolis</strong></span> <span class='ocrx_word' id='word_1_390' title='bbox 1567 3056 1657 3122; x_wconf 89' lang='lat' dir='ltr'><strong>sis,</strong></span> 
     </span>
    </p>
   </div>
   <div class='ocr_carea' id='block_1_64' title="bbox 2159 3055 3765 3132">
    <p class='ocr_par' dir='ltr' id='par_1_64' title="bbox 2333 3055 3765 3132">
     <span class='ocr_line' id='line_1_64' title="bbox 2333 3055 3765 3132; baseline 0.004 -21"><span class='ocrx_word' id='word_1_391' title='bbox 2333 3059 2697 3129; x_wconf 77' lang='grc' dir='ltr'>Σύμπτωμαο</span> <span class='ocrx_word' id='word_1_392' title='bbox 2732 3055 2969 3132; x_wconf 63' lang='grc' dir='ltr'>καῖγῖὰρ</span> <span class='ocrx_word' id='word_1_393' title='bbox 2998 3060 3077 3115; x_wconf 82' lang='grc' dir='ltr'>ἂν</span> <span class='ocrx_word' id='word_1_394' title='bbox 3099 3063 3282 3130; x_wconf 72' lang='grc' dir='ltr'>φύσει</span> <span class='ocrx_word' id='word_1_395' title='bbox 3315 3055 3648 3127; x_wconf 84' lang='grc' dir='ltr'>σπουδαῖος</span> <span class='ocrx_word' id='word_1_396' title='bbox 3669 3055 3765 3132; x_wconf 78' lang='grc' dir='ltr'>ᾖς,</span> 
     </span>
    </p>
   </div>
   <div class='ocr_carea' id='block_1_65' title="bbox 504 3079 3271 3199">
    <p class='ocr_par' dir='ltr' id='par_1_65' title="bbox 504 3079 3271 3199">
     <span class='ocr_line' id='line_1_65' title="bbox 504 3079 3271 3130; baseline 0.001 -17"><span class='ocrx_word' id='word_1_397' title='bbox 504 3079 801 3113; x_wconf 70' lang='grc' dir='ltr'>ιλιιιαηιιιαδ</span> <span class='ocrx_word' id='word_1_398' title='bbox 825 3079 843 3122; x_wconf 90' lang='lat'><strong>;</strong></span> <span class='ocrx_word' id='word_1_399' title='bbox 871 3079 997 3111; x_wconf 89' lang='lat' dir='ltr'><strong>nam</strong></span> <span class='ocrx_word' id='word_1_400' title='bbox 1030 3079 1144 3111; x_wconf 76' lang='grc' dir='ltr'>ιιεει</span> <span class='ocrx_word' id='word_1_401' title='bbox 1183 3079 1330 3111; x_wconf 80' lang='lat' dir='ltr'><strong>come</strong></span> <span class='ocrx_word' id='word_1_402' title='bbox 1357 3079 1547 3110; x_wconf 77' lang='lat' dir='ltr'><strong>iuaous</strong></span> <span class='ocrx_word' id='word_1_403' title='bbox 1567 3079 1657 3122; x_wconf 73' lang='lat' dir='ltr'><strong>sis,</strong></span> <span class='ocrx_word' id='word_1_404' title='bbox 2333 3079 2697 3129; x_wconf 65' lang='grc' dir='ltr'>ιυμπτωμαο</span> <span class='ocrx_word' id='word_1_405' title='bbox 2732 3079 2831 3114; x_wconf 81' lang='grc' dir='ltr'>και</span> <span class='ocrx_word' id='word_1_406' title='bbox 2896 3079 2969 3128; x_wconf 83' lang='lat' dir='ltr'><strong>ap</strong></span> <span class='ocrx_word' id='word_1_407' title='bbox 2998 3079 3077 3115; x_wconf 87' lang='grc' dir='ltr'><strong>αν</strong></span> <span class='ocrx_word' id='word_1_408' title='bbox 3099 3079 3271 3130; x_wconf 70' lang='grc' dir='ltr'>φυσει</span> 
     </span>
     <span class='ocr_line' id='line_1_66' title="bbox 504 3079 3271 3199; baseline 0.001 -20"><span class='ocrx_word' id='word_1_409' title='bbox 504 3126 701 3199; x_wconf 58' lang='lat' dir='ltr'><strong>Tamen</strong></span> <span class='ocrx_word' id='word_1_410' title='bbox 729 3127 980 3181; x_wconf 87' lang='lat' dir='ltr'><strong>ridiculus</strong></span> <span class='ocrx_word' id='word_1_411' title='bbox 1014 3129 1136 3181; x_wconf 87' lang='lat' dir='ltr'><strong>eris.</strong></span> <span class='ocrx_word' id='word_1_412' title='bbox 1962 3188 1969 3193; x_wconf 32' lang='lat' dir='ltr'><em>I</em></span> <span class='ocrx_word' id='word_1_413' title='bbox 2114 3104 2158 3160; x_wconf 63' lang='grc' dir='ltr'>α</span> <span class='ocrx_word' id='word_1_414' title='bbox 2483 3197 2499 3199; x_wconf 30' lang='grc' dir='ltr'><strong>Α</strong></span> <span class='ocrx_word' id='word_1_415' title='bbox 2647 3079 3109 3199; x_wconf 59' lang='grc' dir='ltr'>Καταγῖλαστος</span> <span class='ocrx_word' id='word_1_416' title='bbox 3131 3131 3271 3198; x_wconf 73' lang='grc' dir='ltr'>ἔσῃ.</span> 
     </span>
    </p>
   </div>
   <div class='ocr_carea' id='block_1_66' title="bbox 502 3197 2108 3271">
    <p class='ocr_par' dir='ltr' id='par_1_66' title="bbox 502 3197 2086 3271">
     <span class='ocr_line' id='line_1_67' title="bbox 502 3197 2086 3271; baseline -0.001 -19"><span class='ocrx_word' id='word_1_417' title='bbox 502 3197 733 3252; x_wconf 76' lang='lat' dir='ltr'><strong>Prtestat</strong></span> <span class='ocrx_word' id='word_1_418' title='bbox 755 3199 966 3252; x_wconf 77' lang='lat' dir='ltr'><strong>honeste</strong></span> <span class='ocrx_word' id='word_1_419' title='bbox 991 3214 1308 3268; x_wconf 86' lang='lat' dir='ltr'><strong>pauperem,</strong></span> <span class='ocrx_word' id='word_1_420' title='bbox 1363 3216 1524 3269; x_wconf 90' lang='lat' dir='ltr'><strong>quam</strong></span> <span class='ocrx_word' id='word_1_421' title='bbox 1557 3202 1831 3255; x_wconf 86' lang='lat' dir='ltr'><strong>inhoneste</strong></span> <span class='ocrx_word' id='word_1_422' title='bbox 1847 3199 2086 3271; x_wconf 86' lang='lat' dir='ltr'><strong>_divitem</strong></span> 
     </span>
    </p>
   </div>
   <div class='ocr_carea' id='block_1_67' title="bbox 2161 3197 3767 3271">
    <p class='ocr_par' dir='ltr' id='par_1_67' title="bbox 2335 3197 3767 3271">
     <span class='ocr_line' id='line_1_68' title="bbox 2335 3197 3767 3271; baseline 0.003 -21"><span class='ocrx_word' id='word_1_423' title='bbox 2335 3197 2542 3265; x_wconf 80' lang='grc' dir='ltr'>Καλῶς</span> <span class='ocrx_word' id='word_1_424' title='bbox 2575 3197 2864 3256; x_wconf 80' lang='grc' dir='ltr'>πένεσθαι</span> <span class='ocrx_word' id='word_1_425' title='bbox 2883 3200 3147 3271; x_wconf 81' lang='grc' dir='ltr'>μᾶλλον,</span> <span class='ocrx_word' id='word_1_426' title='bbox 3178 3197 3224 3271; x_wconf 78' lang='grc' dir='ltr'><strong>ἢ</strong></span> <span class='ocrx_word' id='word_1_427' title='bbox 3242 3200 3534 3256; x_wconf 81' lang='grc' dir='ltr'>πλουτεῖν</span> <span class='ocrx_word' id='word_1_428' title='bbox 3552 3199 3767 3265; x_wconf 80' lang='grc' dir='ltr'>κακῶς·</span> 
     </span>
    </p>
   </div>
   <div class='ocr_carea' id='block_1_68' title="bbox 502 3268 2108 3409">
    <p class='ocr_par' dir='ltr' id='par_1_68' title="bbox 502 3268 2083 3409">
     <span class='ocr_line' id='line_1_69' title="bbox 1870 3285 2014 3321; baseline 0 0"><span class='ocrx_word' id='word_1_429' title='bbox 1870 3285 1979 3321; x_wconf 83' lang='lat' dir='ltr'><strong>esse</strong></span> <span class='ocrx_word' id='word_1_430' title='bbox 2001 3285 2014 3297; x_wconf 89' lang='grc'><strong>·</strong></span> 
     </span>
     <span class='ocr_line' id='line_1_70' title="bbox 502 3268 2083 3409; baseline -0.001 -17"><span class='ocrx_word' id='word_1_431' title='bbox 502 3335 651 3393; x_wconf 85' lang='lat' dir='ltr'><strong>Illud</strong></span> <span class='ocrx_word' id='word_1_432' title='bbox 679 3338 820 3392; x_wconf 87' lang='lat' dir='ltr'><strong>enim</strong></span> <span class='ocrx_word' id='word_1_433' title='bbox 841 3338 1256 3403; x_wconf 85' lang='lat' dir='ltr'><strong>miserationem,</strong></span> <span class='ocrx_word' id='word_1_434' title='bbox 1289 3339 1385 3392; x_wconf 83' lang='lat' dir='ltr'><strong>hoc</strong></span> <span class='ocrx_word' id='word_1_435' title='bbox 1407 3268 1864 3409; x_wconf 50' lang='lat' dir='ltr'><strong>reprehensioneni</strong></span> <span class='ocrx_word' id='word_1_436' title='bbox 1911 3310 2083 3409; x_wconf 67' lang='lat' dir='ltr'><strong>affert.</strong></span> 
     </span>
    </p>
   </div>
   <div class='ocr_carea' id='block_1_69' title="bbox 2059 3268 3665 3409">
    <p class='ocr_par' dir='ltr' id='par_1_69' title="bbox 2059 3294 3665 3405">
     <span class='ocr_line' id='line_1_71' title="bbox 2059 3294 3665 3405; baseline 0.002 -21"><span class='ocrx_word' id='word_1_437' title='bbox 2059 3345 2083 3391; x_wconf 67' lang='grc' dir='ltr'>τ,</span> <span class='ocrx_word' id='word_1_438' title='bbox 2342 3328 2411 3384; x_wconf 81' lang='grc' dir='ltr'><strong>Τὸ</strong></span> <span class='ocrx_word' id='word_1_439' title='bbox 2432 3331 2551 3400; x_wconf 76' lang='grc' dir='ltr'>μὲν</span> <span class='ocrx_word' id='word_1_440' title='bbox 2573 3335 2684 3400; x_wconf 77' lang='grc' dir='ltr'><strong>γὰρ</strong></span> <span class='ocrx_word' id='word_1_441' title='bbox 2709 3332 2908 3398; x_wconf 80' lang='grc' dir='ltr'>ἔλεον,</span> <span class='ocrx_word' id='word_1_442' title='bbox 2943 3294 3017 3386; x_wconf 22' lang='lat' dir='ltr'><strong>to‘</strong></span> <span class='ocrx_word' id='word_1_443' title='bbox 3039 3333 3092 3386; x_wconf 85' lang='grc' dir='ltr'>δ’</span> <span class='ocrx_word' id='word_1_444' title='bbox 3112 3334 3462 3403; x_wconf 79' lang='grc' dir='ltr'>ἐπιτίμησιν</span> <span class='ocrx_word' id='word_1_445' title='bbox 3482 3335 3665 3405; x_wconf 75' lang='grc' dir='ltr'>φέρει.</span> 
     </span>
    </p>
   </div>
   <div class='ocr_carea' id='block_1_70' title="bbox 572 3444 2178 3523">
    <p class='ocr_par' dir='ltr' id='par_1_70' title="bbox 572 3451 2090 3523">
     <span class='ocr_line' id='line_1_72' title="bbox 572 3451 2090 3523; baseline -0.001 -18"><span class='ocrx_word' id='word_1_446' title='bbox 572 3451 659 3505; x_wconf 74' lang='lat' dir='ltr'><em>Ex</em></span> <span class='ocrx_word' id='word_1_447' title='bbox 686 3451 971 3506; x_wconf 84' lang='lat' dir='ltr'><strong>Phavorini</strong></span> <span class='ocrx_word' id='word_1_448' title='bbox 999 3459 1277 3506; x_wconf 85' lang='lat' dir='ltr'><strong>comment.</strong></span> <span class='ocrx_word' id='word_1_449' title='bbox 1317 3482 1387 3493; x_wconf 88' lang='lat'><strong>--—</strong></span> <span class='ocrx_word' id='word_1_450' title='bbox 1410 3453 1635 3509; x_wconf 77' lang='lat' dir='ltr'><strong>Bceotus</strong></span> <span class='ocrx_word' id='word_1_451' title='bbox 1667 3451 2090 3523; x_wconf 79' lang='lat' dir='ltr'><strong>septuagenario</strong></span> 
     </span>
    </p>
   </div>
   <div class='ocr_carea' id='block_1_71' title="bbox 2167 3444 3773 3523">
    <p class='ocr_par' dir='ltr' id='par_1_71' title="bbox 2274 3444 3773 3519">
     <span class='ocr_line' id='line_1_73' title="bbox 2274 3444 3773 3519; baseline 0 -19"><span class='ocrx_word' id='word_1_452' title='bbox 2274 3447 2374 3500; x_wconf 80' lang='grc' dir='ltr'>Ἕκ</span> <span class='ocrx_word' id='word_1_453' title='bbox 2402 3444 2520 3498; x_wconf 85' lang='grc' dir='ltr'>τῶν</span> <span class='ocrx_word' id='word_1_454' title='bbox 2549 3449 2987 3516; x_wconf 81' lang='grc' dir='ltr'>Φαυωρίνου.-</span> <span class='ocrx_word' id='word_1_455' title='bbox 3003 3448 3233 3512; x_wconf 78' lang='grc' dir='ltr'>Βοιωτὸς</span> <span class='ocrx_word' id='word_1_456' title='bbox 3258 3448 3498 3519; x_wconf 72' lang='grc' dir='ltr'>ἐντυχὼν</span> <span class='ocrx_word' id='word_1_457' title='bbox 3523 3446 3773 3519; x_wconf 81' lang='grc' dir='ltr'><strong>Θησαυρῷ</strong></span> 
     </span>
    </p>
   </div>
   <div class='ocr_carea' id='block_1_72' title="bbox 502 3538 2108 3613">
    <p class='ocr_par' dir='ltr' id='par_1_72' title="bbox 502 3541 2086 3613">
     <span class='ocr_line' id='line_1_74' title="bbox 502 3541 2086 3613; baseline -0.003 -16"><span class='ocrx_word' id='word_1_458' title='bbox 502 3544 678 3613; x_wconf 87' lang='lat' dir='ltr'><strong>major</strong></span> <span class='ocrx_word' id='word_1_459' title='bbox 706 3542 929 3598; x_wconf 91' lang='lat' dir='ltr'><strong>invento</strong></span> <span class='ocrx_word' id='word_1_460' title='bbox 968 3544 1254 3608; x_wconf 86' lang='lat' dir='ltr'><strong>thesauro,</strong></span> <span class='ocrx_word' id='word_1_461' title='bbox 1286 3543 1503 3598; x_wconf 77' lang='lat' dir='ltr'><strong>sublato</strong></span> <span class='ocrx_word' id='word_1_462' title='bbox 1526 3558 1691 3598; x_wconf 90' lang='lat' dir='ltr'><strong>crure</strong></span> <span class='ocrx_word' id='word_1_463' title='bbox 1731 3541 2086 3611; x_wconf 84' lang='lat' dir='ltr'><strong>contempsit,</strong></span> 
     </span>
    </p>
   </div>
   <div class='ocr_carea' id='block_1_73' title="bbox 2165 3538 3771 3613">
    <p class='ocr_par' dir='ltr' id='par_1_73' title="bbox 2195 3538 3771 3612">
     <span class='ocr_line' id='line_1_75' title="bbox 2195 3538 3771 3612; baseline 0.002 -21"><span class='ocrx_word' id='word_1_464' title='bbox 2195 3538 2332 3609; x_wconf 85' lang='grc' dir='ltr'>μετὰ</span> <span class='ocrx_word' id='word_1_465' title='bbox 2363 3538 2737 3608; x_wconf 76' lang='grc' dir='ltr'>ἐϐδομήκοντα</span> <span class='ocrx_word' id='word_1_466' title='bbox 2759 3539 2853 3610; x_wconf 80' lang='grc' dir='ltr'><strong>ἔτη</strong></span> <span class='ocrx_word' id='word_1_467' title='bbox 2879 3580 2894 3604; x_wconf 88' lang='grc'><strong>,</strong></span> <span class='ocrx_word' id='word_1_468' title='bbox 2932 3540 3148 3612; x_wconf 79' lang='grc' dir='ltr'>ἐπάρας</span> <span class='ocrx_word' id='word_1_469' title='bbox 3178 3540 3239 3595; x_wconf 85' lang='grc' dir='ltr'><strong>τὸ</strong></span> <span class='ocrx_word' id='word_1_470' title='bbox 3268 3542 3458 3605; x_wconf 84' lang='grc' dir='ltr'>σκέλος</span> <span class='ocrx_word' id='word_1_471' title='bbox 3487 3542 3771 3612; x_wconf 84' lang='grc' dir='ltr'>ἀπεματὰ-</span> 
     </span>
    </p>
   </div>
   <div class='ocr_carea' id='block_1_74' title="bbox 482 3622 2088 3705">
    <p class='ocr_par' dir='ltr' id='par_1_74' title="bbox 482 3622 1995 3705">
     <span class='ocr_line' id='line_1_76' title="bbox 482 3622 1995 3705; baseline -0.003 -15"><span class='ocrx_word' id='word_1_472' title='bbox 482 3622 571 3690; x_wconf 65' lang='grc' dir='ltr'>ἰο</span> <span class='ocrx_word' id='word_1_473' title='bbox 594 3635 747 3689; x_wconf 87' lang='lat' dir='ltr'><strong>velut</strong></span> <span class='ocrx_word' id='word_1_474' title='bbox 773 3635 912 3689; x_wconf 91' lang='lat' dir='ltr'><strong>nihil</strong></span> <span class='ocrx_word' id='word_1_475' title='bbox 939 3634 1051 3705; x_wconf 81' lang='lat' dir='ltr'><strong>jam</strong></span> <span class='ocrx_word' id='word_1_476' title='bbox 1086 3634 1153 3689; x_wconf 83' lang='lat' dir='ltr'><strong>ad</strong></span> <span class='ocrx_word' id='word_1_477' title='bbox 1180 3636 1361 3705; x_wconf 93' lang='lat' dir='ltr'><strong>ipsum</strong></span> <span class='ocrx_word' id='word_1_478' title='bbox 1395 3635 1676 3701; x_wconf 86' lang='lat' dir='ltr'><strong>attineret,</strong></span> <span class='ocrx_word' id='word_1_479' title='bbox 1708 3634 1995 3705; x_wconf 66' lang='lat' dir='ltr'><strong>praeteriit.</strong></span> 
     </span>
    </p>
   </div>
   <div class='ocr_carea' id='block_1_75' title="bbox 1989 3622 3595 3705">
    <p class='ocr_par' dir='ltr' id='par_1_75' title="bbox 1989 3630 3595 3702">
     <span class='ocr_line' id='line_1_77' title="bbox 1989 3630 3595 3702; baseline 0.002 -21"><span class='ocrx_word' id='word_1_480' title='bbox 1989 3673 1995 3686; x_wconf 87' lang='lat'>.</span> <span class='ocrx_word' id='word_1_481' title='bbox 2196 3646 2278 3682; x_wconf 88' lang='grc' dir='ltr'><strong>ισε</strong></span> <span class='ocrx_word' id='word_1_482' title='bbox 2310 3630 2406 3682; x_wconf 73' lang='grc' dir='ltr'>καὶ</span> <span class='ocrx_word' id='word_1_483' title='bbox 2432 3630 2732 3700; x_wconf 79' lang='grc' dir='ltr'>παρῆλθεν,</span> <span class='ocrx_word' id='word_1_484' title='bbox 2766 3630 2839 3694; x_wconf 85' lang='grc' dir='ltr'><strong>ὡς</strong></span> <span class='ocrx_word' id='word_1_485' title='bbox 2873 3630 3057 3684; x_wconf 77' lang='grc' dir='ltr'>οὐκέτι</span> <span class='ocrx_word' id='word_1_486' title='bbox 3084 3632 3213 3686; x_wconf 79' lang='grc' dir='ltr'>ὄντα</span> <span class='ocrx_word' id='word_1_487' title='bbox 3243 3631 3383 3702; x_wconf 85' lang='grc' dir='ltr'>πρὸς</span> <span class='ocrx_word' id='word_1_488' title='bbox 3411 3633 3595 3685; x_wconf 85' lang='grc' dir='ltr'>αὐτόν.</span> 
     </span>
    </p>
   </div>
   <div class='ocr_carea' id='block_1_76' title="bbox 574 3715 2180 3796">
    <p class='ocr_par' dir='ltr' id='par_1_76' title="bbox 574 3726 2092 3796">
     <span class='ocr_line' id='line_1_78' title="bbox 574 3726 2092 3796; baseline -0.002 -16"><span class='ocrx_word' id='word_1_489' title='bbox 574 3726 923 3796; x_wconf 85' lang='lat' dir='ltr'><strong>Aristonymi.</strong></span> <span class='ocrx_word' id='word_1_490' title='bbox 949 3755 1020 3765; x_wconf 93' lang='lat'><strong>—-</strong></span> <span class='ocrx_word' id='word_1_491' title='bbox 1049 3726 1530 3790; x_wconf 79' lang='lat' dir='ltr'><strong>Quemadmodum</strong></span> <span class='ocrx_word' id='word_1_492' title='bbox 1574 3727 1724 3781; x_wconf 92' lang='lat' dir='ltr'><strong>enim</strong></span> <span class='ocrx_word' id='word_1_493' title='bbox 1768 3736 2092 3795; x_wconf 83' lang='lat' dir='ltr'><strong>competan-</strong></span> 
     </span>
    </p>
   </div>
   <div class='ocr_carea' id='block_1_77' title="bbox 2169 3715 3775 3796">
    <p class='ocr_par' dir='ltr' id='par_1_77' title="bbox 2271 3715 3775 3793">
     <span class='ocr_line' id='line_1_79' title="bbox 2271 3715 3775 3793; baseline 0 -20"><span class='ocrx_word' id='word_1_494' title='bbox 2271 3722 2477 3791; x_wconf 82' lang='grc' dir='ltr'>Ὠσπερ</span> <span class='ocrx_word' id='word_1_495' title='bbox 2506 3722 2598 3773; x_wconf 87' lang='grc' dir='ltr'><strong>τὸν</strong></span> <span class='ocrx_word' id='word_1_496' title='bbox 2624 3720 2786 3773; x_wconf 77' lang='grc' dir='ltr'>αὐτὸν</span> <span class='ocrx_word' id='word_1_497' title='bbox 2815 3715 2960 3775; x_wconf 75' lang='grc' dir='ltr'>οἶνον</span> <span class='ocrx_word' id='word_1_498' title='bbox 2987 3722 3255 3787; x_wconf 89' lang='grc' dir='ltr'>πίνοντες,</span> <span class='ocrx_word' id='word_1_499' title='bbox 3287 3725 3335 3775; x_wconf 79' lang='grc' dir='ltr'>οξ</span> <span class='ocrx_word' id='word_1_500' title='bbox 3365 3722 3465 3793; x_wconf 77' lang='grc' dir='ltr'>μὲν</span> <span class='ocrx_word' id='word_1_501' title='bbox 3492 3719 3775 3793; x_wconf 88' lang='grc' dir='ltr'>παροινοῦ-</span> 
     </span>
    </p>
   </div>
   <div class='ocr_carea' id='block_1_78' title="bbox 505 3809 2111 3887">
    <p class='ocr_par' dir='ltr' id='par_1_78' title="bbox 505 3816 2089 3887">
     <span class='ocr_line' id='line_1_80' title="bbox 505 3816 2089 3887; baseline -0.001 -15"><span class='ocrx_word' id='word_1_502' title='bbox 505 3823 593 3877; x_wconf 83' lang='lat' dir='ltr'><strong>tes</strong></span> <span class='ocrx_word' id='word_1_503' title='bbox 636 3817 851 3883; x_wconf 90' lang='lat' dir='ltr'><strong>vinum,</strong></span> <span class='ocrx_word' id='word_1_504' title='bbox 909 3817 1005 3872; x_wconf 90' lang='lat' dir='ltr'><strong>alii</strong></span> <span class='ocrx_word' id='word_1_505' title='bbox 1059 3818 1285 3887; x_wconf 86' lang='lat' dir='ltr'><strong>quidem</strong></span> <span class='ocrx_word' id='word_1_506' title='bbox 1350 3819 1695 3874; x_wconf 83' lang='lat' dir='ltr'><strong>bacchantur</strong></span> <span class='ocrx_word' id='word_1_507' title='bbox 1754 3833 1819 3872; x_wconf 88' lang='lat' dir='ltr'><strong>ac</strong></span> <span class='ocrx_word' id='word_1_508' title='bbox 1874 3816 2089 3881; x_wconf 79' lang='lat' dir='ltr'><strong>furunt,</strong></span> 
     </span>
    </p>
   </div>
   <div class='ocr_carea' id='block_1_79' title="bbox 1960 3809 3566 3887">
    <p class='ocr_par' dir='ltr' id='par_1_79' title="bbox 1960 3809 3566 3881">
     <span class='ocr_line' id='line_1_81' title="bbox 1960 3809 3566 3881; baseline 0.001 -15"><span class='ocrx_word' id='word_1_509' title='bbox 1960 3825 2089 3881; x_wconf 64' lang='lat' dir='ltr'><strong>&#39;unt,</strong></span> <span class='ocrx_word' id='word_1_510' title='bbox 2195 3828 2302 3879; x_wconf 91' lang='grc' dir='ltr'>σιν,</span> <span class='ocrx_word' id='word_1_511' title='bbox 2339 3812 2386 3863; x_wconf 89' lang='grc' dir='ltr'><strong>οί</strong></span> <span class='ocrx_word' id='word_1_512' title='bbox 2416 3809 2473 3863; x_wconf 83' lang='grc' dir='ltr'>δὲ</span> <span class='ocrx_word' id='word_1_513' title='bbox 2504 3810 2873 3879; x_wconf 82' lang='grc' dir='ltr'>πραΰνονται·</span> <span class='ocrx_word' id='word_1_514' title='bbox 2906 3810 3051 3866; x_wconf 82' lang='grc' dir='ltr'>οὓτω</span> <span class='ocrx_word' id='word_1_515' title='bbox 3080 3813 3174 3866; x_wconf 80' lang='grc' dir='ltr'>καὶ</span> <span class='ocrx_word' id='word_1_516' title='bbox 3199 3813 3288 3868; x_wconf 82' lang='grc' dir='ltr'><strong>τὸν</strong></span> <span class='ocrx_word' id='word_1_517' title='bbox 3315 3812 3566 3868; x_wconf 84' lang='grc' dir='ltr'>πλοῦτον.</span> 
     </span>
    </p>
   </div>
   <div class='ocr_carea' id='block_1_80' title="bbox 505 3905 2094 3983">
    <p class='ocr_par' dir='ltr' id='par_1_80' title="bbox 505 3905 2094 3983">
     <span class='ocr_line' id='line_1_82' title="bbox 505 3905 2094 3983; baseline 0.001 -23"><span class='ocrx_word' id='word_1_518' title='bbox 505 3906 600 3961; x_wconf 85' lang='lat' dir='ltr'><strong>alii</strong></span> <span class='ocrx_word' id='word_1_519' title='bbox 633 3907 841 3962; x_wconf 85' lang='lat' dir='ltr'><strong>mitiori</strong></span> <span class='ocrx_word' id='word_1_520' title='bbox 865 3908 1029 3979; x_wconf 77' lang='lat' dir='ltr'><strong>genio</strong></span> <span class='ocrx_word' id='word_1_521' title='bbox 1064 3907 1243 3974; x_wconf 85' lang='lat' dir='ltr'><strong>ﬁunt;</strong></span> <span class='ocrx_word' id='word_1_522' title='bbox 1280 3908 1361 3964; x_wconf 88' lang='lat' dir='ltr'><strong>sic</strong></span> <span class='ocrx_word' id='word_1_523' title='bbox 1389 3924 1447 3964; x_wconf 90' lang='lat' dir='ltr'><strong>se</strong></span> <span class='ocrx_word' id='word_1_524' title='bbox 1476 3909 1647 3964; x_wconf 90' lang='lat' dir='ltr'><strong>etiam</strong></span> <span class='ocrx_word' id='word_1_525' title='bbox 1680 3923 1768 3963; x_wconf 88' lang='lat' dir='ltr'><strong>res</strong></span> <span class='ocrx_word' id='word_1_526' title='bbox 1801 3908 1859 3963; x_wconf 91' lang='lat' dir='ltr'><strong>in</strong></span> <span class='ocrx_word' id='word_1_527' title='bbox 1885 3905 2094 3983; x_wconf 84' lang='lat' dir='ltr'><strong>divitiis</strong></span> 
     </span>
    </p>
   </div>
   <div class='ocr_carea' id='block_1_81' title="bbox 507 3997 695 4052">
    <p class='ocr_par' dir='ltr' id='par_1_81' title="bbox 507 3997 695 4052">
     <span class='ocr_line' id='line_1_83' title="bbox 507 3997 695 4052; baseline -0.005 0"><span class='ocrx_word' id='word_1_528' title='bbox 507 3997 695 4052; x_wconf 88' lang='lat' dir='ltr'><strong>habet.</strong></span> 
     </span>
    </p>
   </div>
   <div class='ocr_carea' id='block_1_82' title="bbox 578 4076 2184 4156">
    <p class='ocr_par' dir='ltr' id='par_1_82' title="bbox 578 4085 2090 4156">
     <span class='ocr_line' id='line_1_84' title="bbox 578 4085 2090 4156; baseline -0.002 -12"><span class='ocrx_word' id='word_1_529' title='bbox 578 4088 779 4144; x_wconf 89' lang='lat' dir='ltr'><strong>Bionis.</strong></span> <span class='ocrx_word' id='word_1_530' title='bbox 813 4121 884 4129; x_wconf 97' lang='lat'><strong>—</strong></span> <span class='ocrx_word' id='word_1_531' title='bbox 916 4090 1053 4144; x_wconf 90' lang='lat' dir='ltr'><strong>Bion</strong></span> <span class='ocrx_word' id='word_1_532' title='bbox 1094 4089 1434 4146; x_wconf 89' lang='lat' dir='ltr'><strong>deridiculos</strong></span> <span class='ocrx_word' id='word_1_533' title='bbox 1462 4105 1559 4144; x_wconf 86' lang='lat' dir='ltr'><strong>eos</strong></span> <span class='ocrx_word' id='word_1_534' title='bbox 1582 4103 1703 4143; x_wconf 87' lang='lat' dir='ltr'><strong>esse</strong></span> <span class='ocrx_word' id='word_1_535' title='bbox 1731 4086 1974 4150; x_wconf 88' lang='lat' dir='ltr'><strong>dicebat,</strong></span> <span class='ocrx_word' id='word_1_536' title='bbox 1996 4085 2090 4156; x_wconf 87' lang='lat' dir='ltr'><strong>qui</strong></span> 
     </span>
    </p>
   </div>
   <div class='ocr_carea' id='block_1_83' title="bbox 2170 4076 3776 4156">
    <p class='ocr_par' dir='ltr' id='par_1_83' title="bbox 2266 4076 3776 4147">
     <span class='ocr_line' id='line_1_85' title="bbox 2266 4076 3776 4147; baseline -0.001 -17"><span class='ocrx_word' id='word_1_537' title='bbox 2266 4076 2511 4143; x_wconf 85' lang='grc' dir='ltr'>Βίωνος.</span> <span class='ocrx_word' id='word_1_538' title='bbox 2559 4107 2631 4118; x_wconf 91' lang='grc'><strong>-</strong></span> <span class='ocrx_word' id='word_1_539' title='bbox 2693 4077 2835 4131; x_wconf 86' lang='grc' dir='ltr'>Βίων</span> <span class='ocrx_word' id='word_1_540' title='bbox 2904 4078 3346 4147; x_wconf 81' lang='grc' dir='ltr'>καταγελάστους</span> <span class='ocrx_word' id='word_1_541' title='bbox 3410 4076 3595 4145; x_wconf 73' lang='grc' dir='ltr'>ἔλεγεν</span> <span class='ocrx_word' id='word_1_542' title='bbox 3654 4078 3776 4139; x_wconf 74' lang='grc' dir='ltr'>τοὺς</span> 
     </span>
    </p>
   </div>
   <div class='ocr_carea' id='block_1_84' title="bbox 508 4167 2114 4251">
    <p class='ocr_par' dir='ltr' id='par_1_84' title="bbox 508 4178 2091 4251">
     <span class='ocr_line' id='line_1_86' title="bbox 508 4178 2091 4251; baseline -0.002 -16"><span class='ocrx_word' id='word_1_543' title='bbox 508 4180 719 4236; x_wconf 89' lang='lat' dir='ltr'><strong>divitiis</strong></span> <span class='ocrx_word' id='word_1_544' title='bbox 750 4182 998 4236; x_wconf 92' lang='lat' dir='ltr'><strong>studium</strong></span> <span class='ocrx_word' id='word_1_545' title='bbox 1037 4190 1335 4251; x_wconf 86' lang='lat' dir='ltr'><strong>ponerent,</strong></span> <span class='ocrx_word' id='word_1_546' title='bbox 1366 4197 1505 4251; x_wconf 91' lang='lat' dir='ltr'><strong>quas</strong></span> <span class='ocrx_word' id='word_1_547' title='bbox 1545 4180 1767 4234; x_wconf 82' lang='lat' dir='ltr'><strong>fortuna</strong></span> <span class='ocrx_word' id='word_1_548' title='bbox 1800 4179 1960 4249; x_wconf 76' lang='grc'><strong>572</strong></span> <span class='ocrx_word' id='word_1_549' title='bbox 1988 4178 2091 4233; x_wconf 86' lang='lat' dir='ltr'><strong>tri-</strong></span> 
     </span>
    </p>
   </div>
   <div class='ocr_carea' id='block_1_85' title="bbox 2170 4167 3776 4251">
    <p class='ocr_par' dir='ltr' id='par_1_85' title="bbox 2198 4167 3776 4239">
     <span class='ocr_line' id='line_1_87' title="bbox 2198 4167 3776 4239; baseline -0.001 -18"><span class='ocrx_word' id='word_1_550' title='bbox 2198 4167 2601 4232; x_wconf 77' lang='grc' dir='ltr'>σπουδάζοντας</span> <span class='ocrx_word' id='word_1_551' title='bbox 2634 4169 2762 4239; x_wconf 78' lang='grc' dir='ltr'>περὶ</span> <span class='ocrx_word' id='word_1_552' title='bbox 2787 4169 2880 4223; x_wconf 83' lang='grc' dir='ltr'><strong>τὸν</strong></span> <span class='ocrx_word' id='word_1_553' title='bbox 2909 4168 3159 4234; x_wconf 82' lang='grc' dir='ltr'>πλοῦτον,</span> <span class='ocrx_word' id='word_1_554' title='bbox 3212 4172 3276 4223; x_wconf 79' lang='grc' dir='ltr'>ὃν</span> <span class='ocrx_word' id='word_1_555' title='bbox 3324 4167 3461 4239; x_wconf 82' lang='grc' dir='ltr'>τύχη</span> <span class='ocrx_word' id='word_1_556' title='bbox 3500 4168 3600 4237; x_wconf 87' lang='grc' dir='ltr'><strong>μὲν</strong></span> <span class='ocrx_word' id='word_1_557' title='bbox 3635 4184 3776 4238; x_wconf 84' lang='grc' dir='ltr'>παρ-</span> 
     </span>
    </p>
   </div>
   <div class='ocr_carea' id='block_1_86' title="bbox 507 4259 2113 4366">
    <p class='ocr_par' dir='ltr' id='par_1_86' title="bbox 507 4271 1889 4343">
     <span class='ocr_line' id='line_1_88' title="bbox 507 4271 1889 4343; baseline -0.001 -15"><span class='ocrx_word' id='word_1_558' title='bbox 507 4271 660 4338; x_wconf 88' lang='lat' dir='ltr'><strong>bual,</strong></span> <span class='ocrx_word' id='word_1_559' title='bbox 691 4272 1044 4329; x_wconf 88' lang='lat' dir='ltr'><strong>illiberalitas</strong></span> <span class='ocrx_word' id='word_1_560' title='bbox 1074 4283 1280 4338; x_wconf 90' lang='lat' dir='ltr'><strong>servet,</strong></span> <span class='ocrx_word' id='word_1_561' title='bbox 1311 4274 1625 4343; x_wconf 82' lang='lat' dir='ltr'><strong>benignitas</strong></span> <span class='ocrx_word' id='word_1_562' title='bbox 1654 4273 1889 4327; x_wconf 83' lang='lat' dir='ltr'><strong>auferat.</strong></span> 
     </span>
    </p>
   </div>
   <div class='ocr_carea' id='block_1_87' title="bbox 2173 4259 3779 4366">
    <p class='ocr_par' dir='ltr' id='par_1_87' title="bbox 2196 4259 3779 4332">
     <span class='ocr_line' id='line_1_89' title="bbox 2196 4259 3779 4332; baseline -0.001 -18"><span class='ocrx_word' id='word_1_563' title='bbox 2196 4261 2311 4329; x_wconf 85' lang='grc' dir='ltr'>έχει</span> <span class='ocrx_word' id='word_1_564' title='bbox 2335 4301 2349 4323; x_wconf 92' lang='grc'><strong>,</strong></span> <span class='ocrx_word' id='word_1_565' title='bbox 2405 4259 2757 4331; x_wconf 84' lang='grc' dir='ltr'>ἀνελευθερία</span> <span class='ocrx_word' id='word_1_566' title='bbox 2795 4259 2852 4313; x_wconf 83' lang='grc' dir='ltr'>δὲ</span> <span class='ocrx_word' id='word_1_567' title='bbox 2906 4260 3209 4328; x_wconf 76' lang='grc' dir='ltr'>φυλάττει,</span> <span class='ocrx_word' id='word_1_568' title='bbox 3263 4260 3569 4332; x_wconf 79' lang='grc' dir='ltr'>χρηστότης</span> <span class='ocrx_word' id='word_1_569' title='bbox 3592 4259 3650 4313; x_wconf 84' lang='grc' dir='ltr'>δὲ</span> <span class='ocrx_word' id='word_1_570' title='bbox 3678 4260 3779 4326; x_wconf 77' lang='grc' dir='ltr'><strong>ἁφ-</strong></span> 
     </span>
    </p>
   </div>
   <div class='ocr_carea' id='block_1_88' title="bbox 2199 4367 2452 4422">
    <p class='ocr_par' dir='ltr' id='par_1_88' title="bbox 2199 4367 2452 4422">
     <span class='ocr_line' id='line_1_90' title="bbox 2199 4367 2452 4422; baseline -0.004 -18"><span class='ocrx_word' id='word_1_571' title='bbox 2199 4367 2452 4422; x_wconf 81' lang='grc' dir='ltr'>αιρειται.</span> 
     </span>
    </p>
   </div>
   <div class='ocr_carea' id='block_1_89' title="bbox 1132 4444 2738 4541">
    <p class='ocr_par' dir='ltr' id='par_1_89' title="bbox 1132 4444 2175 4541">
     <span class='ocr_line' id='line_1_91' title="bbox 1132 4444 2175 4541; baseline 0 -14"><span class='ocrx_word' id='word_1_572' title='bbox 1132 4473 1459 4541; x_wconf 79' lang='lat' dir='ltr'><strong>Theognidis.</strong></span> <span class='ocrx_word' id='word_1_573' title='bbox 2130 4444 2175 4500; x_wconf 76' lang='lat' dir='ltr'><strong>D</strong></span> 
     </span>
    </p>
   </div>
   <div class='ocr_carea' id='block_1_90' title="bbox 1553 4444 3159 4541">
    <p class='ocr_par' dir='ltr' id='par_1_90' title="bbox 2130 4444 3159 4537">
     <span class='ocr_line' id='line_1_92' title="bbox 2130 4444 3159 4537; baseline 0 -17"><span class='ocrx_word' id='word_1_574' title='bbox 2130 4444 2175 4500; x_wconf 76' lang='lat' dir='ltr'><strong>D</strong></span> <span class='ocrx_word' id='word_1_575' title='bbox 2791 4473 2795 4477; x_wconf 81' lang='grc'><strong>’</strong></span> <span class='ocrx_word' id='word_1_576' title='bbox 2825 4466 3159 4537; x_wconf 70' lang='grc' dir='ltr'>Θεόγνιδος.</span> 
     </span>
    </p>
   </div>
   <div class='ocr_carea' id='block_1_91' title="bbox 510 4575 2116 4654">
    <p class='ocr_par' dir='ltr' id='par_1_91' title="bbox 510 4585 1921 4654">
     <span class='ocr_line' id='line_1_93' title="bbox 510 4585 1921 4654; baseline -0.002 -12"><span class='ocrx_word' id='word_1_577' title='bbox 510 4585 631 4642; x_wconf 89' lang='lat' dir='ltr'><strong>Non</strong></span> <span class='ocrx_word' id='word_1_578' title='bbox 658 4596 705 4640; x_wconf 89' lang='lat' dir='ltr'><strong>te</strong></span> <span class='ocrx_word' id='word_1_579' title='bbox 725 4587 949 4654; x_wconf 76' lang='lat' dir='ltr'><strong>frustra,</strong></span> <span class='ocrx_word' id='word_1_580' title='bbox 986 4586 1160 4651; x_wconf 86' lang='lat' dir='ltr'><strong>Plute,</strong></span> <span class='ocrx_word' id='word_1_581' title='bbox 1183 4588 1257 4641; x_wconf 89' lang='lat' dir='ltr'><strong>dii</strong></span> <span class='ocrx_word' id='word_1_582' title='bbox 1290 4594 1631 4651; x_wconf 79' lang='lat' dir='ltr'><strong>uenerantur,</strong></span> <span class='ocrx_word' id='word_1_583' title='bbox 1651 4596 1699 4640; x_wconf 92' lang='lat' dir='ltr'><strong>et</strong></span> <span class='ocrx_word' id='word_1_584' title='bbox 1717 4602 1921 4650; x_wconf 88' lang='lat' dir='ltr'><strong>omnes,</strong></span> 
     </span>
    </p>
   </div>
   <div class='ocr_carea' id='block_1_92' title="bbox 2148 4575 3754 4654">
    <p class='ocr_par' dir='ltr' id='par_1_92' title="bbox 2275 4575 3754 4654">
     <span class='ocr_line' id='line_1_94' title="bbox 2275 4575 3754 4654; baseline 0.001 -22"><span class='ocrx_word' id='word_1_585' title='bbox 2275 4580 2356 4632; x_wconf 79' lang='grc' dir='ltr'><strong>Οὐ</strong></span> <span class='ocrx_word' id='word_1_586' title='bbox 2484 4579 2703 4654; x_wconf 69' lang='grc' dir='ltr'>μάτην,</span> <span class='ocrx_word' id='word_1_587' title='bbox 2731 4575 3058 4654; x_wconf 69' lang='grc' dir='ltr'>Πλοῦτε,</span> <span class='ocrx_word' id='word_1_588' title='bbox 3087 4581 3211 4654; x_wconf 70' lang='grc' dir='ltr'>θεοί</span> <span class='ocrx_word' id='word_1_589' title='bbox 3235 4579 3445 4654; x_wconf 75' lang='grc' dir='ltr'>τιμῶσι</span> <span class='ocrx_word' id='word_1_590' title='bbox 3468 4577 3754 4647; x_wconf 80' lang='grc' dir='ltr'>μάλιστα,</span> 
     </span>
    </p>
   </div>
   <div class='ocr_carea' id='block_1_93' title="bbox 689 4649 2295 4728">
    <p class='ocr_par' dir='ltr' id='par_1_93' title="bbox 689 4649 2295 4728">
     <span class='ocr_line' id='line_1_95' title="bbox 689 4649 2295 4728; baseline -0.001 -17"><span class='ocrx_word' id='word_1_591' title='bbox 689 4649 1231 4728; x_wconf 14' lang='grc' dir='ltr'>Ναιηιιιιείἱὺίίῖαιέἱίε</span> <span class='ocrx_word' id='word_1_592' title='bbox 1256 4665 1352 4721; x_wconf 85' lang='lat' dir='ltr'><strong>est,</strong></span> <span class='ocrx_word' id='word_1_593' title='bbox 1381 4673 1484 4728; x_wconf 83' lang='lat' dir='ltr'><strong>non</strong></span> <span class='ocrx_word' id='word_1_594' title='bbox 1508 4649 1773 4728; x_wconf 76' lang='lat' dir='ltr'><strong>leveferre</strong></span> <span class='ocrx_word' id='word_1_595' title='bbox 1807 4655 2035 4711; x_wconf 89' lang='lat' dir='ltr'><strong>malum.</strong></span> <span class='ocrx_word' id='word_1_596' title='bbox 2287 4723 2295 4728; x_wconf 25' lang='grc' dir='ltr'><em>Α</em></span> 
     </span>
    </p>
   </div>
   <div class='ocr_carea' id='block_1_94' title="bbox 1987 4649 3593 4728">
    <p class='ocr_par' dir='ltr' id='par_1_94' title="bbox 1987 4649 3593 4728">
     <span class='ocr_line' id='line_1_96' title="bbox 1987 4649 3593 4728; baseline -0.001 -24"><span class='ocrx_word' id='word_1_597' title='bbox 1987 4673 2035 4710; x_wconf 82' lang='grc' dir='ltr'>η.</span> <span class='ocrx_word' id='word_1_598' title='bbox 2287 4723 2314 4728; x_wconf 44' lang='lat' dir='ltr'><strong>ﬂ</strong></span> <span class='ocrx_word' id='word_1_599' title='bbox 2336 4721 2347 4728; x_wconf 82' lang='lat'>_</span> <span class='ocrx_word' id='word_1_600' title='bbox 2490 4652 2598 4716; x_wconf 81' lang='grc' dir='ltr'><strong>γὰρ</strong></span> <span class='ocrx_word' id='word_1_601' title='bbox 2622 4650 2869 4728; x_wconf 70' lang='grc' dir='ltr'>ῥηιδίως</span> <span class='ocrx_word' id='word_1_602' title='bbox 2898 4649 3015 4728; x_wconf 56' lang='lat' dir='ltr'><strong>Ein-</strong></span> <span class='ocrx_word' id='word_1_603' title='bbox 3046 4652 3346 4728; x_wconf 62' lang='grc' dir='ltr'>κριςότῃτα</span> <span class='ocrx_word' id='word_1_604' title='bbox 3376 4650 3593 4728; x_wconf 65' lang='grc' dir='ltr'>φέρεις.</span> 
     </span>
    </p>
   </div>
   <div class='ocr_carea' id='block_1_95' title="bbox 512 4718 2118 4797">
    <p class='ocr_par' dir='ltr' id='par_1_95' title="bbox 512 4718 1769 4797">
     <span class='ocr_line' id='line_1_97' title="bbox 512 4718 1769 4797; baseline -0.002 -15"><span class='ocrx_word' id='word_1_605' title='bbox 512 4725 675 4782; x_wconf 84' lang='lat' dir='ltr'><strong>Haud</strong></span> <span class='ocrx_word' id='word_1_606' title='bbox 708 4718 1005 4782; x_wconf 57' lang='lat' dir='ltr'><strong>aveo&#39;dives</strong></span> <span class='ocrx_word' id='word_1_607' title='bbox 1031 4718 1171 4796; x_wconf 76' lang='lat' dir='ltr'><strong>ﬁeri,</strong></span> <span class='ocrx_word' id='word_1_608' title='bbox 1195 4744 1287 4780; x_wconf 90' lang='lat' dir='ltr'><strong>nec</strong></span> <span class='ocrx_word' id='word_1_609' title='bbox 1317 4718 1487 4780; x_wconf 87' lang='lat' dir='ltr'><strong>multa</strong></span> <span class='ocrx_word' id='word_1_610' title='bbox 1521 4718 1732 4797; x_wconf 64' lang='lat' dir='ltr'><strong>requiro</strong></span> <span class='ocrx_word' id='word_1_611' title='bbox 1755 4767 1769 4791; x_wconf 94' lang='lat'><strong>,</strong></span> 
     </span>
    </p>
   </div>
   <div class='ocr_carea' id='block_1_96' title="bbox 2181 4718 3787 4797">
    <p class='ocr_par' dir='ltr' id='par_1_96' title="bbox 2275 4718 3787 4797">
     <span class='ocr_line' id='line_1_98' title="bbox 2275 4718 3787 4797; baseline 0.001 -26"><span class='ocrx_word' id='word_1_612' title='bbox 2275 4721 2396 4772; x_wconf 80' lang='grc' dir='ltr'><strong>Οὐκ</strong></span> <span class='ocrx_word' id='word_1_613' title='bbox 2427 4718 2637 4789; x_wconf 80' lang='grc' dir='ltr'>ἔραμαι</span> <span class='ocrx_word' id='word_1_614' title='bbox 2677 4720 2984 4783; x_wconf 85' lang='grc' dir='ltr'>πλουτεῖν,</span> <span class='ocrx_word' id='word_1_615' title='bbox 3034 4721 3158 4775; x_wconf 62' lang='grc' dir='ltr'>οὔτ’</span> <span class='ocrx_word' id='word_1_616' title='bbox 3181 4721 3454 4790; x_wconf 79' lang='grc' dir='ltr'>εὔχομαι,</span> <span class='ocrx_word' id='word_1_617' title='bbox 3505 4720 3675 4797; x_wconf 67' lang='grc' dir='ltr'>ἀλλιξ</span> <span class='ocrx_word' id='word_1_618' title='bbox 3690 4736 3787 4788; x_wconf 80' lang='grc' dir='ltr'>μοι</span> 
     </span>
    </p>
   </div>
   <div class='ocr_carea' id='block_1_97' title="bbox 683 4789 2289 4932">
    <p class='ocr_par' dir='ltr' id='par_1_97' title="bbox 683 4858 1705 4932">
     <span class='ocr_line' id='line_1_99' title="bbox 683 4858 1705 4932; baseline -0.005 -15"><span class='ocrx_word' id='word_1_619' title='bbox 683 4861 885 4932; x_wconf 78' lang='lat' dir='ltr'><strong>Absque</strong></span> <span class='ocrx_word' id='word_1_620' title='bbox 918 4861 1060 4915; x_wconf 90' lang='lat' dir='ltr'><strong>malo</strong></span> <span class='ocrx_word' id='word_1_621' title='bbox 1081 4862 1265 4932; x_wconf 84' lang='lat' dir='ltr'><strong>paucis</strong></span> <span class='ocrx_word' id='word_1_622' title='bbox 1285 4860 1455 4913; x_wconf 85' lang='lat' dir='ltr'><strong>vivere</strong></span> <span class='ocrx_word' id='word_1_623' title='bbox 1474 4858 1705 4929; x_wconf 76' lang='lat' dir='ltr'><strong>sufﬁciet</strong></span> 
     </span>
    </p>
   </div>
   <div class='ocr_carea' id='block_1_98' title="bbox 2128 4789 3734 4932">
    <p class='ocr_par' dir='ltr' id='par_1_98' title="bbox 2382 4789 3734 4931">
     <span class='ocr_line' id='line_1_100' title="bbox 2382 4789 3734 4931; baseline 0.004 -21"><span class='ocrx_word' id='word_1_624' title='bbox 2382 4861 2429 4910; x_wconf 92' lang='grc' dir='ltr'><strong><em>Ζ</em></strong></span> <span class='ocrx_word' id='word_1_625' title='bbox 2436 4857 2510 4927; x_wconf 73' lang='grc' dir='ltr'>ᾖν</span> <span class='ocrx_word' id='word_1_626' title='bbox 2537 4859 2658 4914; x_wconf 81' lang='grc' dir='ltr'><strong>ἀπὸ</strong></span> <span class='ocrx_word' id='word_1_627' title='bbox 2688 4859 2807 4914; x_wconf 83' lang='grc' dir='ltr'>τῶν</span> <span class='ocrx_word' id='word_1_628' title='bbox 2831 4861 3047 4931; x_wconf 78' lang='grc' dir='ltr'>ὀλίγων</span> <span class='ocrx_word' id='word_1_629' title='bbox 3084 4861 3266 4915; x_wconf 78' lang='grc' dir='ltr'>οὐδὲν</span> <span class='ocrx_word' id='word_1_630' title='bbox 3293 4826 3498 4929; x_wconf 66' lang='grc' dir='ltr'>ἔχοντι</span> <span class='ocrx_word' id='word_1_631' title='bbox 3524 4789 3734 4916; x_wconf 46' lang='lat' dir='ltr'><strong>aetiis:</strong></span> 
     </span>
    </p>
   </div>
   <div class='ocr_carea' id='block_1_99' title="bbox 1193 4970 2799 5025">
    <p class='ocr_par' dir='ltr' id='par_1_99' title="bbox 1193 4970 1431 5024">
     <span class='ocr_line' id='line_1_101' title="bbox 1193 4970 1431 5024; baseline 0 -1"><span class='ocrx_word' id='word_1_632' title='bbox 1193 4970 1431 5024; x_wconf 89' lang='lat' dir='ltr'><strong>Luciani.</strong></span> 
     </span>
    </p>
   </div>
   <div class='ocr_carea' id='block_1_100' title="bbox 1574 4970 3180 5025">
    <p class='ocr_par' dir='ltr' id='par_1_100' title="bbox 2821 4970 3180 5025">
     <span class='ocr_line' id='line_1_102' title="bbox 2821 4970 3180 5025; baseline 0.003 -1"><span class='ocrx_word' id='word_1_633' title='bbox 2821 4970 3180 5025; x_wconf 84' lang='grc' dir='ltr'>Λουκιανοῦ.</span> 
     </span>
    </p>
   </div>
   <div class='ocr_carea' id='block_1_101' title="bbox 520 5059 2126 5131">
    <p class='ocr_par' dir='ltr' id='par_1_101' title="bbox 520 5060 1748 5131">
     <span class='ocr_line' id='line_1_103' title="bbox 520 5060 1748 5131; baseline -0.004 -15"><span class='ocrx_word' id='word_1_634' title='bbox 520 5060 709 5131; x_wconf 82' lang='lat' dir='ltr'><strong>Editus</strong></span> <span class='ocrx_word' id='word_1_635' title='bbox 733 5062 787 5115; x_wconf 90' lang='lat' dir='ltr'><strong>in</strong></span> <span class='ocrx_word' id='word_1_636' title='bbox 812 5062 975 5115; x_wconf 85' lang='lat' dir='ltr'><strong>lucem</strong></span> <span class='ocrx_word' id='word_1_637' title='bbox 995 5064 1168 5114; x_wconf 86' lang='lat' dir='ltr'><strong>nudus</strong></span> <span class='ocrx_word' id='word_1_638' title='bbox 1191 5078 1328 5125; x_wconf 87' lang='lat' dir='ltr'><strong>sum,</strong></span> <span class='ocrx_word' id='word_1_639' title='bbox 1357 5061 1531 5114; x_wconf 85' lang='lat' dir='ltr'><strong>nudus</strong></span> <span class='ocrx_word' id='word_1_640' title='bbox 1557 5061 1707 5115; x_wconf 84' lang='lat' dir='ltr'><strong>abibo</strong></span> <span class='ocrx_word' id='word_1_641' title='bbox 1731 5079 1748 5111; x_wconf 83' lang='lat'><strong>.-</strong></span> 
     </span>
    </p>
   </div>
   <div class='ocr_carea' id='block_1_102' title="bbox 2183 5059 3789 5131">
    <p class='ocr_par' dir='ltr' id='par_1_102' title="bbox 2273 5059 3789 5131">
     <span class='ocr_line' id='line_1_104' title="bbox 2273 5059 3789 5131; baseline -0.001 -16"><span class='ocrx_word' id='word_1_642' title='bbox 2273 5060 2399 5130; x_wconf 82' lang='grc' dir='ltr'><strong>Γῆς</strong></span> <span class='ocrx_word' id='word_1_643' title='bbox 2412 5062 2636 5130; x_wconf 81' lang='grc' dir='ltr'>ἐπέϐην</span> <span class='ocrx_word' id='word_1_644' title='bbox 2656 5062 2903 5131; x_wconf 80' lang='grc' dir='ltr'>γυμνὸς,</span> <span class='ocrx_word' id='word_1_645' title='bbox 2945 5063 3172 5131; x_wconf 76' lang='grc' dir='ltr'>γυμνὸς</span> <span class='ocrx_word' id='word_1_646' title='bbox 3191 5062 3243 5115; x_wconf 79' lang='grc' dir='ltr'>δ’</span> <span class='ocrx_word' id='word_1_647' title='bbox 3259 5061 3357 5114; x_wconf 76' lang='grc' dir='ltr'><strong>ἐπὶ</strong></span> <span class='ocrx_word' id='word_1_648' title='bbox 3376 5060 3557 5131; x_wconf 79' lang='grc' dir='ltr'>γαῖαν</span> <span class='ocrx_word' id='word_1_649' title='bbox 3568 5059 3789 5130; x_wconf 79' lang='grc' dir='ltr'>ἄπειμι,</span> 
     </span>
    </p>
   </div>
   <div class='ocr_carea' id='block_1_103' title="bbox 664 5129 2270 5203">
    <p class='ocr_par' dir='ltr' id='par_1_103' title="bbox 664 5130 1838 5201">
     <span class='ocr_line' id='line_1_105' title="bbox 664 5130 1838 5201; baseline 0.002 -18"><span class='ocrx_word' id='word_1_650' title='bbox 664 5130 802 5195; x_wconf 76' lang='lat' dir='ltr'><strong>Quid</strong></span> <span class='ocrx_word' id='word_1_651' title='bbox 826 5132 1028 5201; x_wconf 85' lang='lat' dir='ltr'><strong>frustra</strong></span> <span class='ocrx_word' id='word_1_652' title='bbox 1057 5134 1188 5185; x_wconf 86' lang='lat' dir='ltr'><strong>sudo</strong></span> <span class='ocrx_word' id='word_1_653' title='bbox 1217 5132 1403 5201; x_wconf 87' lang='lat' dir='ltr'><strong>funera</strong></span> <span class='ocrx_word' id='word_1_654' title='bbox 1432 5131 1575 5184; x_wconf 58' lang='lat' dir='ltr'><strong>nulla</strong></span> <span class='ocrx_word' id='word_1_655' title='bbox 1606 5133 1783 5185; x_wconf 81' lang='lat' dir='ltr'><strong>videns</strong></span> <span class='ocrx_word' id='word_1_656' title='bbox 1814 5134 1838 5185; x_wconf 85' lang='lat'><strong><em>?</em></strong></span> 
     </span>
    </p>
   </div>
   <div class='ocr_carea' id='block_1_104' title="bbox 2188 5129 3794 5203">
    <p class='ocr_par' dir='ltr' id='par_1_104' title="bbox 2382 5129 3794 5203">
     <span class='ocr_line' id='line_1_106' title="bbox 2382 5129 3794 5203; baseline -0.001 -17"><span class='ocrx_word' id='word_1_657' title='bbox 2382 5135 2489 5187; x_wconf 79' lang='lat' dir='ltr'><strong>Kal</strong></span> <span class='ocrx_word' id='word_1_658' title='bbox 2511 5133 2566 5186; x_wconf 82' lang='grc' dir='ltr'><strong>τί</strong></span> <span class='ocrx_word' id='word_1_659' title='bbox 2584 5129 2784 5202; x_wconf 68' lang='grc' dir='ltr'>μάτην</span> <span class='ocrx_word' id='word_1_660' title='bbox 2798 5129 3030 5203; x_wconf 65' lang='grc' dir='ltr'>μοχθῶ,</span> <span class='ocrx_word' id='word_1_661' title='bbox 3056 5135 3289 5201; x_wconf 75' lang='grc' dir='ltr'>γυμνὸν</span> <span class='ocrx_word' id='word_1_662' title='bbox 3318 5131 3475 5199; x_wconf 78' lang='grc' dir='ltr'>ὀρῶν</span> <span class='ocrx_word' id='word_1_663' title='bbox 3499 5129 3566 5183; x_wconf 86' lang='grc' dir='ltr'>τὸ</span> <span class='ocrx_word' id='word_1_664' title='bbox 3591 5129 3794 5197; x_wconf 62' lang='lat' dir='ltr'><strong>mag;</strong></span> 
     </span>
    </p>
   </div>
   <div class='ocr_carea' id='block_1_105' title="bbox 592 5223 2198 5315">
    <p class='ocr_par' dir='ltr' id='par_1_105' title="bbox 592 5243 2104 5313">
     <span class='ocr_line' id='line_1_107' title="bbox 592 5243 2104 5313; baseline 0.002 -16"><span class='ocrx_word' id='word_1_665' title='bbox 592 5243 897 5299; x_wconf 87' lang='lat' dir='ltr'><strong>Simonidis.</strong></span> <span class='ocrx_word' id='word_1_666' title='bbox 930 5277 1000 5285; x_wconf 88' lang='lat'><strong>—</strong></span> <span class='ocrx_word' id='word_1_667' title='bbox 1025 5244 1340 5301; x_wconf 88' lang='lat' dir='ltr'><strong>Simonides</strong></span> <span class='ocrx_word' id='word_1_668' title='bbox 1364 5245 1753 5313; x_wconf 70' lang='lat' dir='ltr'><strong>interrogatus,</strong></span> <span class='ocrx_word' id='word_1_669' title='bbox 1782 5256 1965 5299; x_wconf 86' lang='lat' dir='ltr'><strong>utrum</strong></span> <span class='ocrx_word' id='word_1_670' title='bbox 1992 5263 2104 5301; x_wconf 86' lang='lat' dir='ltr'><strong>ma-</strong></span> 
     </span>
    </p>
   </div>
   <div class='ocr_carea' id='block_1_106' title="bbox 2192 5223 3798 5315">
    <p class='ocr_par' dir='ltr' id='par_1_106' title="bbox 2280 5223 3798 5315">
     <span class='ocr_line' id='line_1_108' title="bbox 2280 5223 3798 5315; baseline -0.006 -15"><span class='ocrx_word' id='word_1_671' title='bbox 2280 5243 2631 5315; x_wconf 80' lang='grc' dir='ltr'>Σιμωνίδου.</span> <span class='ocrx_word' id='word_1_672' title='bbox 2676 5272 2745 5285; x_wconf 89' lang='grc'><strong><em>-</em></strong></span> <span class='ocrx_word' id='word_1_673' title='bbox 2802 5241 3109 5313; x_wconf 84' lang='grc' dir='ltr'>Σιμωνίδης</span> <span class='ocrx_word' id='word_1_674' title='bbox 3164 5223 3507 5313; x_wconf 64' lang='grc' dir='ltr'>ἐρωτηθεὶς,</span> <span class='ocrx_word' id='word_1_675' title='bbox 3569 5239 3798 5309; x_wconf 78' lang='grc' dir='ltr'>πότερον</span> 
     </span>
    </p>
   </div>
   <div class='ocr_carea' id='block_1_107' title="bbox 376 5328 1982 5412">
    <p class='ocr_par' dir='ltr' id='par_1_107' title="bbox 376 5335 1968 5412">
     <span class='ocr_line' id='line_1_109' title="bbox 376 5335 1968 5412; baseline -0.001 -21"><span class='ocrx_word' id='word_1_676' title='bbox 376 5339 382 5351; x_wconf 94' lang='grc'><em>’</em></span> <span class='ocrx_word' id='word_1_677' title='bbox 462 5386 467 5391; x_wconf 83' lang='lat'><strong>.</strong></span> <span class='ocrx_word' id='word_1_678' title='bbox 524 5336 607 5405; x_wconf 82' lang='lat' dir='ltr'><strong>gis</strong></span> <span class='ocrx_word' id='word_1_679' title='bbox 627 5336 1019 5412; x_wconf 76' lang='lat' dir='ltr'><strong>expetendum,</strong></span> <span class='ocrx_word' id='word_1_680' title='bbox 1047 5337 1254 5391; x_wconf 72' lang='lat' dir='ltr'><strong>divitia:</strong></span> <span class='ocrx_word' id='word_1_681' title='bbox 1282 5352 1351 5389; x_wconf 89' lang='lat' dir='ltr'><strong>an</strong></span> <span class='ocrx_word' id='word_1_682' title='bbox 1386 5335 1656 5405; x_wconf 89' lang='lat' dir='ltr'><strong>sapientia</strong></span> <span class='ocrx_word' id='word_1_683' title='bbox 1701 5353 1712 5387; x_wconf 91' lang='lat'><strong>:</strong></span> <span class='ocrx_word' id='word_1_684' title='bbox 1750 5335 1968 5396; x_wconf 84' lang='lat' dir='ltr'><strong>Nescio.</strong></span> 
     </span>
    </p>
   </div>
   <div class='ocr_carea' id='block_1_108' title="bbox 2194 5328 3800 5412">
    <p class='ocr_par' dir='ltr' id='par_1_108' title="bbox 2208 5328 3800 5412">
     <span class='ocr_line' id='line_1_110' title="bbox 2208 5328 3800 5412; baseline -0.009 -17"><span class='ocrx_word' id='word_1_685' title='bbox 2208 5338 2574 5412; x_wconf 78' lang='grc' dir='ltr'>αἱρετώτερον</span> <span class='ocrx_word' id='word_1_686' title='bbox 2604 5335 2857 5400; x_wconf 84' lang='grc' dir='ltr'>πλοῦτος,</span> <span class='ocrx_word' id='word_1_687' title='bbox 2893 5333 2926 5405; x_wconf 81' lang='grc' dir='ltr'>ἢ</span> <span class='ocrx_word' id='word_1_688' title='bbox 2962 5333 3157 5402; x_wconf 88' lang='grc' dir='ltr'>σοφία·</span> <span class='ocrx_word' id='word_1_689' title='bbox 3209 5334 3324 5387; x_wconf 82' lang='grc' dir='ltr'>Οὐκ</span> <span class='ocrx_word' id='word_1_690' title='bbox 3348 5328 3489 5396; x_wconf 76' lang='grc' dir='ltr'>οἶδα,</span> <span class='ocrx_word' id='word_1_691' title='bbox 3523 5330 3653 5401; x_wconf 73' lang='grc' dir='ltr'><strong>ἔφη⁸</strong></span> <span class='ocrx_word' id='word_1_692' title='bbox 3691 5330 3800 5399; x_wconf 81' lang='grc' dir='ltr'><strong>ὁρῶ</strong></span> 
     </span>
    </p>
   </div>
   <div class='ocr_carea' id='block_1_109' title="bbox 526 5411 2132 5503">
    <p class='ocr_par' dir='ltr' id='par_1_109' title="bbox 526 5411 2104 5500">
     <span class='ocr_line' id='line_1_111' title="bbox 526 5411 2104 5500; baseline 0.004 -21"><span class='ocrx_word' id='word_1_693' title='bbox 526 5427 689 5494; x_wconf 86' lang='lat' dir='ltr'><strong>quit:</strong></span> <span class='ocrx_word' id='word_1_694' title='bbox 728 5426 887 5483; x_wconf 84' lang='lat' dir='ltr'><strong>video</strong></span> <span class='ocrx_word' id='word_1_695' title='bbox 932 5411 1114 5484; x_wconf 77' lang='lat' dir='ltr'><strong>tamen</strong></span> <span class='ocrx_word' id='word_1_696' title='bbox 1171 5430 1453 5499; x_wconf 87' lang='lat' dir='ltr'><strong>sapientes</strong></span> <span class='ocrx_word' id='word_1_697' title='bbox 1485 5427 1723 5483; x_wconf 90' lang='lat' dir='ltr'><strong>divitum</strong></span> <span class='ocrx_word' id='word_1_698' title='bbox 1756 5429 1956 5500; x_wconf 87' lang='lat' dir='ltr'><strong>januas</strong></span> <span class='ocrx_word' id='word_1_699' title='bbox 1991 5430 2104 5485; x_wconf 83' lang='lat' dir='ltr'><strong>fre-</strong></span> 
     </span>
    </p>
   </div>
   <div class='ocr_carea' id='block_1_110' title="bbox 2194 5411 3800 5503">
    <p class='ocr_par' dir='ltr' id='par_1_110' title="bbox 2214 5411 3800 5503">
     <span class='ocr_line' id='line_1_112' title="bbox 2214 5411 3800 5503; baseline -0.01 -18"><span class='ocrx_word' id='word_1_700' title='bbox 2214 5411 2464 5503; x_wconf 82' lang='grc' dir='ltr'>μέντοιγε</span> <span class='ocrx_word' id='word_1_701' title='bbox 2521 5427 2648 5489; x_wconf 77' lang='grc' dir='ltr'>τοὺς</span> <span class='ocrx_word' id='word_1_702' title='bbox 2704 5424 2904 5495; x_wconf 82' lang='grc' dir='ltr'>σοφοὺς</span> <span class='ocrx_word' id='word_1_703' title='bbox 2934 5423 3028 5477; x_wconf 76' lang='grc' dir='ltr'><strong>ἐπὶ</strong></span> <span class='ocrx_word' id='word_1_704' title='bbox 3053 5422 3155 5486; x_wconf 84' lang='grc' dir='ltr'><strong>τὰς</strong></span> <span class='ocrx_word' id='word_1_705' title='bbox 3184 5422 3294 5475; x_wconf 84' lang='grc' dir='ltr'><strong>τῶν</strong></span> <span class='ocrx_word' id='word_1_706' title='bbox 3321 5421 3599 5477; x_wconf 84' lang='grc' dir='ltr'>πλουσίων</span> <span class='ocrx_word' id='word_1_707' title='bbox 3630 5419 3800 5490; x_wconf 80' lang='grc' dir='ltr'>θύρας</span> 
     </span>
    </p>
   </div>
   <div class='ocr_carea' id='block_1_111' title="bbox 533 5521 2139 5594">
    <p class='ocr_par' dir='ltr' id='par_1_111' title="bbox 533 5529 889 5587">
     <span class='ocr_line' id='line_1_113' title="bbox 533 5529 889 5587; baseline 0.014 -17"><span class='ocrx_word' id='word_1_708' title='bbox 533 5529 889 5587; x_wconf 86' lang='lat' dir='ltr'><strong>quentantes.</strong></span> 
     </span>
    </p>
   </div>
   <div class='ocr_carea' id='block_1_112' title="bbox 924 5521 2530 5594">
    <p class='ocr_par' dir='ltr' id='par_1_112' title="bbox 2211 5521 2530 5594">
     <span class='ocr_line' id='line_1_114' title="bbox 2211 5521 2530 5594; baseline -0.013 -18"><span class='ocrx_word' id='word_1_709' title='bbox 2211 5521 2530 5594; x_wconf 85' lang='grc' dir='ltr'>φοιτῶντας.</span> 
     </span>
    </p>
   </div>
   <div class='ocr_carea' id='block_1_113' title="bbox 601 5603 2207 5686">
    <p class='ocr_par' dir='ltr' id='par_1_113' title="bbox 601 5609 2105 5686">
     <span class='ocr_line' id='line_1_115' title="bbox 601 5609 2105 5686; baseline 0.006 -28"><span class='ocrx_word' id='word_1_710' title='bbox 601 5609 865 5664; x_wconf 76' lang='lat' dir='ltr'><strong>Aristidis.</strong></span> <span class='ocrx_word' id='word_1_711' title='bbox 900 5644 968 5673; x_wconf 78' lang='lat'><strong>,——</strong></span> <span class='ocrx_word' id='word_1_712' title='bbox 993 5615 1262 5669; x_wconf 81' lang='lat' dir='ltr'><strong>Aristides</strong></span> <span class='ocrx_word' id='word_1_713' title='bbox 1312 5626 1676 5686; x_wconf 82' lang='lat' dir='ltr'><strong>cognomento</strong></span> <span class='ocrx_word' id='word_1_714' title='bbox 1725 5616 1937 5679; x_wconf 84' lang='lat' dir='ltr'><strong>Justus,</strong></span> <span class='ocrx_word' id='word_1_715' title='bbox 1978 5630 2105 5669; x_wconf 89' lang='lat' dir='ltr'><strong>cum</strong></span> 
     </span>
    </p>
   </div>
   <div class='ocr_carea' id='block_1_114' title="bbox 2191 5603 3797 5686">
    <p class='ocr_par' dir='ltr' id='par_1_114' title="bbox 2293 5603 3797 5680">
     <span class='ocr_line' id='line_1_116' title="bbox 2293 5603 3797 5680; baseline -0.008 -12"><span class='ocrx_word' id='word_1_716' title='bbox 2293 5609 2771 5680; x_wconf 80' lang='grc' dir='ltr'>Ἀριστείδου.-</span> <span class='ocrx_word' id='word_1_717' title='bbox 2809 5605 3150 5679; x_wconf 81' lang='grc' dir='ltr'>’Δριστείδης</span> <span class='ocrx_word' id='word_1_718' title='bbox 3184 5606 3212 5658; x_wconf 85' lang='grc' dir='ltr'><strong>ὁ</strong></span> <span class='ocrx_word' id='word_1_719' title='bbox 3240 5605 3480 5670; x_wconf 84' lang='grc' dir='ltr'>δίκαιος,</span> <span class='ocrx_word' id='word_1_720' title='bbox 3535 5603 3797 5668; x_wconf 78' lang='grc' dir='ltr'>ὀνειδιζό-</span> 
     </span>
    </p>
   </div>
   <div class='ocr_carea' id='block_1_115' title="bbox 540 5692 2146 5777">
    <p class='ocr_par' dir='ltr' id='par_1_115' title="bbox 540 5697 2107 5777">
     <span class='ocr_line' id='line_1_117' title="bbox 540 5697 2107 5777; baseline 0.005 -25"><span class='ocrx_word' id='word_1_721' title='bbox 540 5697 762 5767; x_wconf 85' lang='lat' dir='ltr'><strong>quidam</strong></span> <span class='ocrx_word' id='word_1_722' title='bbox 787 5701 836 5753; x_wconf 88' lang='lat' dir='ltr'><strong>ei</strong></span> <span class='ocrx_word' id='word_1_723' title='bbox 873 5702 1026 5758; x_wconf 80' lang='lat' dir='ltr'><strong>dives</strong></span> <span class='ocrx_word' id='word_1_724' title='bbox 1046 5715 1430 5775; x_wconf 82' lang='lat' dir='ltr'><strong>paupertatem</strong></span> <span class='ocrx_word' id='word_1_725' title='bbox 1477 5708 1841 5777; x_wconf 79' lang='lat' dir='ltr'><strong>exprobraret</strong></span> <span class='ocrx_word' id='word_1_726' title='bbox 1897 5724 1910 5759; x_wconf 88' lang='lat'><strong>:</strong></span> <span class='ocrx_word' id='word_1_727' title='bbox 1941 5707 2107 5771; x_wconf 80' lang='lat' dir='ltr'><strong>Mihi,</strong></span> 
     </span>
    </p>
   </div>
   <div class='ocr_carea' id='block_1_116' title="bbox 2188 5692 3794 5777">
    <p class='ocr_par' dir='ltr' id='par_1_116' title="bbox 2218 5692 3794 5777">
     <span class='ocr_line' id='line_1_118' title="bbox 2218 5692 3794 5777; baseline -0.006 -20"><span class='ocrx_word' id='word_1_728' title='bbox 2218 5722 2374 5777; x_wconf 80' lang='grc' dir='ltr'>μενος</span> <span class='ocrx_word' id='word_1_729' title='bbox 2404 5704 2496 5756; x_wconf 66' lang='grc' dir='ltr'>ἐπὶ</span> <span class='ocrx_word' id='word_1_730' title='bbox 2522 5703 2683 5772; x_wconf 76' lang='grc' dir='ltr'>πενίᾳ</span> <span class='ocrx_word' id='word_1_731' title='bbox 2715 5702 2818 5755; x_wconf 76' lang='grc' dir='ltr'><strong>ὑπὸ</strong></span> <span class='ocrx_word' id='word_1_732' title='bbox 2846 5715 2988 5761; x_wconf 84' lang='grc' dir='ltr'>τινος</span> <span class='ocrx_word' id='word_1_733' title='bbox 3016 5696 3293 5761; x_wconf 80' lang='grc' dir='ltr'>πλουσίου,</span> <span class='ocrx_word' id='word_1_734' title='bbox 3320 5692 3497 5751; x_wconf 81' lang='grc' dir='ltr'>εἶπεν·</span> <span class='ocrx_word' id='word_1_735' title='bbox 3517 5695 3676 5768; x_wconf 76' lang='grc' dir='ltr'>Ἐμοὶ</span> <span class='ocrx_word' id='word_1_736' title='bbox 3702 5697 3794 5767; x_wconf 81' lang='grc' dir='ltr'>μὲν</span> 
     </span>
    </p>
   </div>
  </div>
