4066 6146
1568 141 1604 154 υ

610 189 686 200 αρ’-ν

348 256 448 323 801

1668 253 1838 334 LOCI
1878 212 2314 318 COM'MUNES.

3517 264 3624 328 802

357 366 393 433 ὴ
432 356 599 415 πενία
646 356 799 412 οὐδὲν
848 357 1129 428 ίστορήσει
1170 358 1338 411 κακόν
1363 372 1375 385 '
1434 358 1517 410 σοὶ
1550 359 1612 442 δὲ.
1646 363 1674 413 6
1714 362 1936 429 πλοῦτος

2048 366 2249 437 inquit,
2281 377 2579 438 paupertas
2603 369 2743 424 nihil
2775 370 2905 426 mali
2939 371 3143 442 pariet;
3183 372 3283 428 tibi
3320 380 3507 429 autem
3540 375 3627 431 di-

359 449 605 520 ταραχὰς
640 449 740 502 οὐκ
771 448 985 517 ὀλίγας.

440 537 730 607 Ἱέρωνος.
757 569 826 580 -
865 539 1290 610 Ὀνειδιζόμενος
1320 541 1401 594 ὅτι
1428 540 1658 605 πολλοὺς
1684 544 1945 614 ῥητορεύ-

358 651 441 686 ειν
464 632 702 698 διδάξας,
734 631 985 698 ὲπένετο,
1011 626 1184 687 εἶπεν·
1215 631 1487 707 0513~Yap
1513 634 1944 708 ὲδίδαξαφιλαρ-

359 726 573 794 γυρεῖν.

431 820 809 872 Μουσωνίου.
839 846 901 857 -
930 816 1053 869 Τῶν
1090 815 1191 887 μὲν
1230 818 1470 888 Κροίσου
1502 820 1596 873 καὶ
1625 819 1807 893 Κύρου
1844 821 1944 892 θη·-

363 908 580 980 σαυρῶν
631 907 825 961 πενίαν
876 907 1109 977 ἐσχάτην
1162 907 1693 980 καταψηφιούμεθα·
1751 912 1847 965 ἕνα
1886 911 1944 966 δὲ

361 1002 456 1056 καὶ
489 1001 647 1072 μόνον
678 999 1010 1070 πιστεύομεν
1039 999 1298 1053 πλούσιον
1321 1041 1337 1064 ,
1393 1002 1556 1069 σοφὸν
1581 1042 1596 1067 ,
1659 1003 1751 1056 τὸν
1778 1003 1942 1058 δυνά·

365 1108 525 1162 μενον
553 1091 854 1160 κτήσασθαι
880 1091 943 1144 τὸ
970 1091 1219 1155 άνενδεὲς
1248 1093 1550 1163 πανταχοῦ.

424 1265 760 1335 Ξενοφῶντ.
789 1270 1079 1341 φιλοσόφ,
1104 1294 1167 1311 ι-
1195 1266 1308 1339 Τὴν
1338 1269 1532 1323 πενίαν
1567 1268 1754 1339 ἔλεγεν
1778 1271 1941 1326 αὐτοι

357 1357 607 1411 δίδακτον
636 1358 961 1429 φιλοσοφίαν
985 1354 1125 1412 εἶναι
1145 1375 1159 1390 ·
1212 1358 1248 1413 ἃ
1272 1362 1380 1432 γὰρ
1406 1363 1588 1434 ἐκείνη
1620 1365 1732 1427 τοῖς
1761 1364 1943 1434 λόγοις

358 1449 562 1512 πείθει,
597 1449 737 1520 αὕτη
767 1453 880 1512 τοῖς
907 1450 1092 1520 ἔργοις
1120 1452 1441 1520 ἀναγκάζει.

432 1541 652 1594 Πολλῶν
678 1542 868 1594 κακῶν
899 1542 1265 1614 ὲπικάλυμμά
1290 1547 1439 1599 ἐστιν
1467 1549 1496 1599 6
1517 1547 1765 1613 πλοῦτος.

443 1633 502 1685 '0
531 1632 713 1696 αὐτὸς,
749 1632 842 1688 τὸν
866 1633 1124 1688 πλούσιον
1155 1635 1251 1689 καὶ
1278 1637 1602 1692 ἀπαίδευτον
1627 1639 1816 1711 ἔφησε,
1844 1643 1941 1714 ρύ-

362 1740 464 1777 πον
492 1721 632 1777 εῖναι
663 1724 1210 1795 περιηργυρωμένον,

431 1816 777 1873 Φιλιστίων.
821 1845 892 1855 -
937 1815 1056 1870 Κᾶν
1108 1817 1321 1888 μυρίων
1362 1819 1555 1890 πηχῶν
1606 1823 1708 1893 γῆς
1749 1822 1939 1895 κύριος

363 1908 653 1979 ὑπάρχεις,
688 1908 866 1962 θανὼν
895 1909 1102 1981 γενήσῃ
1135 1909 1307 1981 τριῶν
1335 1912 1369 1986 ἢ
1401 1913 1705 1986 τεσσάρων.

330 2105 336 2111 υ
431 2082 776 2153 Δημώνακτ.
820 2115 891 2127 -
939 2087 1060 2140 Εἰσί
1111 2105 1274 2156 τινες,
1326 2088 1378 2143 οἳ
1424 2093 1515 2146 τὸν
1553 2095 1651 2165 μὲν
1697 2096 1940 2166 παρόντα

364 2173 479 2244 βίον
502 2175 563 2228 οὐ
595 2176 785 2241 ζῶσιν,
820 2178 955 2233 ἀλλὰ
986 2181 1505 2252 παρασκευάζοντες
1535 2186 1704 2259 πολλῇ
1735 2189 1936 2262 σπουδῇ

362 2266 439 2331 ὡς
467 2269 654 2339 ἕτερον
680 2269 795 2339 βίον
822 2270 1172 2343 βιωσόμενοι,
1206 2276 1267 2328 ού
1296 2277 1390 2331 τὸν
1415 2279 1680 2350 παρόντα.

447 2358 549 2412 Ἐκ
590 2358 705 2412 τῶν
739 2361 1129 2430 Ἀριστίππου
1170 2366 1440 2435 γνωμῶν.
1484 2398 1554 2409 -
1598 2371 1709 2440 Ούχ
1748 2370 1938 2441 ῶσπερ

361 2451 618 2522 ὑπόδημα
646 2451 707 2505 τὸ
733 2453 919 2523 μεῖζον
947 2454 1220 2526 ἄχρηστον
1241 2498 1256 2522 ,
1304 2460 1398 2512 καὶ
1427 2462 1459 2531 ἡ
1490 2461 1694 2531 πλείων
1720 2464 1934 2534 κτῆσις.

363 2542 471 2594 Τοῦ
520 2543 618 2612 μὲν
657 2544 766 2612 γὰρ
816 2546 875 2599 ὲν
919 2549 986 2616 τῇ
1017 2548 1215 2618 χρήσει
1245 2549 1308 2603 τὸ
1333 2552 1588 2622 περιττὸν
1617 2554 1899 2623 ἐμποδίζει
1920 2572 1932 2585 ·

361 2633 429 2704 τῇ
452 2631 531 2698 δὲ,
563 2635 658 2687 καὶ¹
683 2633 781 2707 ὅλῃ
814 2634 1051 2707 χρῆσθαι
1083 2638 1225 2693 κατὰ
1250 2641 1442 2712 καιρὸν
1471 2641 1673 2709 ἔξεστι,
1713 2645 1807 2699 καὶ
1839 2646 1937 2717 μέ-

358 2739 469 2794 ρει.

432 2816 692 2883 Δημοσθ.
736 2849 807 2860 -
854 2821 1208 2893 Δημοσθένης
1258 2825 1287 2877 6
1329 2825 1548 2895 ῥήτωρ,
1601 2825 1937 2895 θεασάμενός

360 2919 483 2955 τινα
513 2904 882 2976 ἐκφερόμενον
916 2908 1271 2980 φιλάργυρον,
1304 2910 1434 2979 ἔφη’
1471 2904 1641 2975 Οὗτος
1673 2912 1786 2982 βίον
1813 2913 1936 2966 ἀϐί-

304 3008 309 3019 '
363 3010 501 3046 ωτον
526 2993 749 3064 βιώσας,
786 2997 998 3069 ἑτέροις
1030 2999 1146 3070 βίον
1172 3000 1487 3056 κατέλιπεν.

434 3086 647 3156 Ζημιαν
681 3088 836 3158 αίροῦ
872 3091 1107 3161 μᾶλλον,
1158 3093 1193 3163 ἢ
1226 3093 1418 3163 κέρδος
1444 3096 1698 3167 αἰσχρόν·
1747 3098 1810 3150 τὸ
1839 3098 1942 3170 μὲν

363 3177 474 3248 γὰρ
503 3178 650 3245 ἅπαξ
684 3180 744 3233 σὲ
771 3181 1025 3254 λυπήσει·
1061 3183 1124 3236 τὸ
1151 3184 1228 3246 δὲ,
1264 3184 1577 3251 διαπαντός.

434 3270 745 3339 Δημοκρίτ.
781 3272 867 3328 ἄλ.
895 3276 1062 3329 Θεοκ.
1090 3304 1161 3315 -
1187 3276 1326 3340 Τοὺς
1357 3278 1590 3343 πολλοὺς
1622 3280 1731 3334 τῶν
1768 3281 1937 3335 πλουο

365 3357 497 3412 σίων
536 3358 725 3427 ἔλεγεν
759 3363 1094 3433 ἐπιτρόπους
1132 3362 1310 3432 εἶναι,
1357 3368 1497 3422 ἀλλὰ
1546 3370 1621 3442 μὴ
1671 3372 1938 3438 δεσπότας

363 3446 475 3500 τῶν
503 3466 610 3519 χρη
618 3449 825 3518 μάτων.

436 3540 776 3609 Πλάτωνος.
808 3574 880 3585 -
908 3545 1100 3610 Ὅστις
1164 3548 1326 3620 σῶμα
1376 3551 1669 3616 θεραπεύει
1705 3553 1766 3606 τὸ
1809 3556 1941 3610 ἑαυ-

364 3628 495 3717 τοῦ,
542 3632 639 3701 οὐχ
683 3633 877 3686 ἑαυτὸν
921 3635 1210 3706 θεραπεύει
1251 3639 1314 3711 (ι)
1343 3658 1356 3673 ·
1398 3643 1549 3707 ὅστις
1575 3644 1631 3698 δὲ
1657 3645 1937 3717 χρήματα,

358 3714 479 3773 οὗθ’
508 3721 722 3785 ἑαυτὸν,
752 3721 878 3776 οὔτε
920 3725 988 3778 τά
1024 3728 1239 3794 ἑαυτοῦ,
1274 3730 1392 3785 ἀλλ’
1440 3731 1556 3786 ἔστι
1608 3714 1941 3806 πορρωτέρω

364 3810 478 3865 τῶν
508 3812 721 3867 ἑαυτοῦ.

1019 3933 1290 3999 Διφίλου.

361 4014 430 4100 ξι
450 4014 535 4100 μὴ
565 4017 629 4069 τὸ
663 4020 870 4100 quasi"?
893 4017 974 4100 ﬁt:
1008 4023 1135 4075 οὐδ’
1162 4020 1251 4100 εἷς
1302 4028 1566 4100 πονηρὸς
1594 4025 1691 4100 ἦν.

367 4087 729 4163 (ξελᾳρτυρία
748 4087 923 4163 τοῦτ’-⁷
944 4087 1308 4163 {canetur
1335 4087 1507 4163 ἀφεῖς
1531 4087 1807 4154 ἆκὸπεῖν.

372 4152 449 4205 Τὰ
477 4152 696 4221 δίκαια,
718 4159 822 4211 τοῦ
851 4159 1100 4228 κέρδους
1123 4152 1456 4232 διαπανίὸς
1482 4152 1826 4241 δοῦλος-⁷

449 4268 821 4338 Ἀνακρέοντ.
849 4302 921 4312 -
963 4275 1271 4346 Ἀνακρέων
1312 4278 1520 4350 δωρεὰν
1560 4283 1714 4354 παρά
1769 4286 1940 4338 Πολυ-

2046 458 2213 525 vitiae,
2246 461 2438 515 turbas
2469 477 2578 516 non
2605 477 2831 531 paucas.

2117 551 2381 607 Hieronis.
2422 583 2489 593 —-
2512 553 2650 609 Cum
2682 555 3116 624 vituperaretur,
3141 555 3288 624 quod
3322 570 3447 609 cum
3484 554 3628 608 mul-
3720 553 3731 557 ⁷

2045 648 2131 695 tos
2198 642 2536 699 rhetoricam
2595 644 2924 725 docuisset,
2976 646 3094 714 ipse
3151 654 3344 715 egeret
3386 663 3399 698 :
3436 645 3628 714 Neque

2044 734 2215 799 enim,
2240 735 2439 805 inquit,
2475 751 2572 791 eos
2601 736 2763 791 docui
2785 737 3029 791 avaritiae
3058 737 3304 813 studere.

2113 826 2364 881 Musonii.
2392 859 2463 867 —
2483 828 2656 884 Croesi
2687 828 2908 898 quidem
2941 828 3181 900 Cyrique
3214 828 3506 882 thesauros
3533 843 3629 881 εχ.

2045 925 2235 975 tremas
2298 921 2641 990 paupertatis
2689 920 3112 985 damnabimus;
3158 935 3329 973 unum
3365 934 3500 973 vero
3529 934 3624 972 so—

2042 1011 2268 1081 lumque
2305 1012 2555 1078 divitem,
2580 1028 2730 1077 eum,
2761 1013 2857 1082 qui
2894 1013 3118 1081 sapiens
3165 1013 3258 1075 sit,
3289 1011 3621 1076 credemus;

2043 1101 2135 1169 qui
2166 1100 2430 1155 nimirum
2459 1103 2662 1172 justam
2691 1100 2896 1170 ubique
2927 1100 3311 1155 suﬂicientiam
3338 1099 3626 1170 possidere

2044 1191 2238 1260 possit.

2120 1281 2452 1351 Xenophont.
2512 1282 2805 1353 philosoph.
2851 1311 2921 1322 —
2955 1281 3343 1351 Paupertatem
3374 1296 3405 1335 a
3434 1295 3493 1335 se
3525 1279 3626 1334 do-

2042 1381 2185 1428 ctam
2211 1374 2619 1443 philosophiam
2667 1390 2790 1428 esse
2836 1374 3105 1429 dicebat:
3143 1389 3265 1445 quae
3311 1374 3459 1427 enim
3507 1373 3625 1428 haec

2042 1466 2212 1523 verbo
2241 1466 2453 1539 suadet,
2480 1468 2571 1521 illa
2594 1481 2760 1536 opere
2784 1466 2949 1537 cogit.
3342 1465 3351 1474 '

2112 1558 2412 1613 Multorum
2442 1560 2712 1614 malorum
2774 1566 3154 1628 tegumentum
3191 1566 3278 1611 est
3311 1556 3620 1626 opulentia.

2113 1650 2285 1717 ldem,
2326 1651 2554 1706 divitem
2582 1659 2639 1706 et
2665 1651 2971 1714 indoctum,
3010 1649 3202 1703 sordes
3254 1648 3624 1720 inargentatas

2043 1755 2165 1796 esse
2191 1741 2426 1795 dicebat.

2115 1825 2415 1881 Philistion.
2450 1857 2523 1867 —
2549 1827 2645 1883 Vel
2675 1826 2720 1882 si
2754 1826 2929 1882 fueris
2962 1834 3125 1881 terrae
3148 1824 3339 1879 decem
3385 1825 3623 1879 millium

2044 1918 2360 1973 cubitorum
2389 1918 2669 1983 dominus,
2694 1928 2952 1972 mortuus
2985 1924 3167 1970 tamen
3197 1916 3310 1971 eris
3337 1917 3504 1970 trium
3528 1923 3624 1971 aut

2045 2017 2303 2078 quatuor.

2115 2100 2426 2156 Demonact.
2453 2130 2525 2140 —
2560 2099 2701 2154 Sunt
2725 2098 2948 2170 quidam
2976 2098 3071 2167 qui
3100 2106 3429 2167 praesentem
3450 2097 3622 2152 vitam

2043 2207 2153 2247 non
2181 2192 2394 2258 vivunt,
2423 2190 2520 2246 sed
2552 2205 2748 2261 magno
2772 2206 2830 2245 se
2865 2190 3049 2244 studio
3082 2198 3430 2259 praeparant,
3461 2190 3622 2260 quasi

2043 2281 2207 2334 aliam
2241 2281 2409 2334 vitam
2439 2279 2665 2343 victuri,
2694 2295 2807 2355 non
2840 2279 3023 2335 istam.

2112 2370 2200 2425 Ea:
2229 2371 2487 2441 Aristippi
2523 2373 2818 2426 sententiis.
2851 2372 3059 2426 —Non
3093 2381 3153 2427 ut
3181 2372 3620 2428 calceamentum

2044 2463 2223 2533 majus
2276 2463 2470 2517 inutile
2515 2471 2623 2529 est,
2657 2462 2739 2518 sic
2778 2471 2835 2518 et
2882 2465 3122 2533 majores
3180 2462 3388 2517 divitia:
3424 2479 3437 2515 :
3469 2461 3619 2531 quod

2042 2554 2190 2609 enim
2226 2554 2374 2610 illius
2401 2555 2552 2625 justo
2580 2554 2758 2623 majus
2787 2563 2892 2619 est,
2925 2571 3083 2610 usum
3115 2554 3376 2624 impedit;
3410 2553 3621 2610 divitiis

2043 2653 2226 2698 autem
2256 2658 2356 2713 pro
2411 2642 2680 2712 temporis
2718 2642 2939 2712 locique
2971 2642 3184 2696 ratione
3225 2650 3282 2695 et
3318 2639 3619 2695 universim

2043 2735 2123 2789 uti
2153 2736 2304 2799 licet,
2335 2743 2390 2789 et
2410 2735 2466 2788 in
2490 2743 2664 2804 parte.
2768 2728 2773 2734 ’

2112 2825 2380 2879 Demosth.
2408 2830 2476 2865 L—
2505 2824 2902 2902 Demostbenes
2937 2833 3124 2879 orator
3158 2824 3354 2878 videns
3391 2836 3615 2877 avarum

2043 2916 2336 2985 quemdam
2384 2917 2577 2972 funere
2611 2916 2796 2971 eﬂ‘erri
2826 2916 3003 2981 :Hic,
3039 2916 3256 2985 inquit,
3292 2917 3462 2970 vitam
3506 2930 3620 2970 non

2044 3006 2267 3061 vitalem
2296 3007 2512 3071 vivens,
2555 3007 2680 3062 aliis
2699 3007 2910 3061 victum
2945 3007 3193 3076 reliquit.
3524 3076 3531 3083 ,

2113 3096 2384 3150 Damnum
2439 3098 2613 3167 magis
2677 3106 2874 3167 expete
2946 3112 3110 3167 quam
3141 3106 3302 3167 turpe
3348 3098 3617 3172 lucrum:

2043 3188 2183 3243 illud
2211 3188 2360 3242 enim
2392 3189 2588 3252 semel,
2614 3189 2724 3243 hoc
2746 3204 2966 3257 semper
2987 3189 3281 3243 molestum
3312 3189 3440 3244 erit.
3522 3172 3529 3181 ’

2114 3278 2275 3350 573
2314 3280 2600 3334 Democrit.
2656 3281 2729 3334 al.
2781 3281 2996 3334 Theocr.
3028 3306 3102 3320 —-
3145 3280 3344 3335 Multos
3383 3282 3618 3336 divitum

2042 3378 2436 3439 procuratores
2461 3385 2582 3425 esse
2610 3369 2854 3435 dicebat,
2894 3385 3006 3424 non
3039 3379 3223 3423 autem
3252 3372 3618 3443 pecuniarum

2042 3458 2323 3513 dominos.

2112 3548 2376 3603 Platonis.
2419 3547 2617 3615 —Qui
2662 3564 2868 3618 corpus
2900 3559 3097 3615 curat,
3150 3567 3267 3605 rem
3314 3551 3406 3607 ille
3438 3568 3616 3621 suam,

2042 3655 2154 3695 non
2190 3638 2431 3708 seipsum
2467 3648 2623 3693 curat
2659 3657 2671 3694 :
2704 3640 2796 3709 qui
2824 3650 3009 3694 autem
3034 3642 3320 3711 pecunias,
3355 3660 3534 3714 neque
3558 3661 3618 3700 se

2046 3731 2187 3801 ipse,
2216 3745 2393 3799 neque
2423 3745 2522 3785 sua
2552 3740 2746 3799 curat;
2784 3733 2880 3787 sed
2909 3734 3057 3803 quod
3086 3750 3117 3789 a
3153 3735 3270 3791 suis
3305 3751 3469 3806 quam
3497 3753 3619 3808 pro-

2044 3823 2132 3878 cul
2157 3821 2334 3893 abest.

2716 3935 2939 4006 Diphili.

2044 4023 2105 4097 Si
2137 4041 2289 4097 nemo
2319 4027 2600 4095 acciperet,
2634 4026 2814 4079 nullus
2840 4027 3108 4097 improbus
3125 4039 3288 4084 esset.

2041 4095 2285 4165 dvaritia
2317 4097 2425 4149 hwc
2449 4104 2546 4157 est,
2578 4113 2695 4150 cum
2729 4095 2925 4150 omisso
2941 4107 3178 4165 spectare

2045 4162 2175 4228 Quae
2192 4165 2337 4235 juris
2361 4176 2502 4227 sunt,
2535 4164 2667 4220 lucri
2693 4178 2943 4237 perpetuo
2959 4162 3141 4221 servus
3175 4168 3261 4222 es.’

2092 4263 2433 4332 'Anacreont.
2469 4309 2542 4318 —
2570 4279 2860 4335 Anacreon
2894 4296 3019 4336 cum
3051 4282 3199 4337 dono
3237 4283 3541 4357 accepisset
3582 4301 3613 4339 a

364 4357 599 4427 κράτους
652 4359 832 4414 λαϐὼν
879 4362 1039 4418 πέντε
1078 4367 1350 4434 τάλαντα,
1392 4371 1466 4433 ὡς
1499 4373 1817 4443 ἐφρόντισεν
1851 4379 1936 4430 ἐπ’

2044 4368 2323 4440 Polycrate
2380 4370 2627 4440 quinque
2685 4373 2923 4438 talenta;
2956 4390 3231 4444 unamque
3281 4384 3337 4430 et
3382 4377 3611 4431 alteram

362 4450 545 4514 αὐτοῖς
587 4452 730 4506 δυοῖν
761 4460 997 4521 νυκτοῖν,
1035 4461 1316 4515 ἀπέδωκεν
1338 4464 1498 4529 αὐτὰ,
1535 4468 1728 4533 εἰπὼν,
1763 4470 1824 4522 οὐ
1856 4489 1939 4523 τι-

366 4540 572 4609 μᾶσθαι
600 4543 742 4598 αὐτὰ
768 4549 866 4618 τῆς
889 4548 975 4600 ἐπ’
999 4550 1181 4614 αὐτοῖς
1211 4553 1510 4624 φροντίδος.

447 4716 738 4788 Ἰσοκράτ.
764 4750 835 4763 —-
863 4723 1010 4793 Τίμα
1048 4727 1145 4796 τὴν
1190 4724 1545 4799 δπάρχουσαν
1574 4732 1764 4785 οὐσίαν
1782 4728 1940 4788 ’δυοῖν

360 4810 550 4880 ἕνεκα,
580 4814 675 4868 τοῦ
710 4834 767 4869 τε
792 4817 996 4887 ζημίαν
1047 4821 1291 4892 μεγάλην
1320 4824 1520 4895 ῥᾳδίως
1551 4826 1789 4891 ἐκτῖσαι,
1836 4829 1932 4882 καὶ

359 4896 439 4968 τῷ
472 4898 609 4969 φίλῳ
648 4904 917 4975 σπουδαίῳ
962 4906 1310 4979 δυστυχοῦντι
1359 4911 1621 4984 βοηθῆσαι
1655 4928 1669 4944 ⁸
1701 4916 1839 4986 πρὸς
1877 4918 1932 4970 δὲ

2037 4470 2254 4515 noctem
2287 4477 2477 4516 eorum
2512 4463 2784 4518 sollicitus
2819 4465 3042 4535 egisset,
3074 4466 3191 4536 ipsa
3222 4467 3495 4525 reddidit.
3522 4469 3611 4523 di-

2038 4567 2189 4615 cens,
2226 4569 2335 4607 non
2369 4570 2506 4608 seca
2538 4555 2674 4610 tanti
2715 4557 3010 4620 aestimare,
3035 4567 3242 4626 quanta
3270 4559 3380 4614 illis
3411 4560 3614 4615 sollici-

2038 4644 2172 4698 tudo
2199 4661 2384 4700 comes
2404 4648 2496 4701 sit.

2109 4736 2381 4792 Isocratis.
2402 4770 2473 4778 —
2494 4736 2716 4795 Duabus
2750 4758 2818 4797 ex
2859 4742 3040 4797 causis
3062 4742 3425 4797 substantiam
3462 4752 3610 4799 tuam

2038 4831 2216 4900 magni
2249 4833 2456 4887 aestima
2480 4876 2495 4899 ,
2537 4844 2599 4889 ut
2631 4815 2994 4908 eringentem
3024 4838 3182 4893 facile
3212 4841 3480 4909 jacturam
3526 4857 3615 4896 re-

2043 4922 2267 4987 sarcias,
2299 4931 2356 4978 et
2393 4927 2570 4981 amico
2601 4928 2716 4983 viro
2758 4930 3027 4996 studioso,
3081 4947 3189 4985 non
3243 4948 3396 5002 aqua
3430 4932 3609 4988 utenti

1879 5074 2110 5134 ΝΟΤᾹΞ.

441 5170 523 5252 (ί)
561 5171 631 5252 7ςύ
688 5173 926 5252 {avrai},
970 5180 1082 5247 οὐχ
1133 5180 1350 5252 ἑαυτὸν
1404 5184 1735 5249 θεραπεύει.
1778 5188 1937 5244 Clara

362 5243 660 5325 sententia,
694 5243 936 5325 Platonis
963 5243 1271 5325 praesertim
1305 5243 1494 5325 sensu,
1528 5255 1616 5307 cui
1649 5243 1802 5314 totus,
1834 5243 1933 5312 hio-

360 5326 454 5363 mo
492 5319 612 5364 erat
666 5319 867 5392 anima,
905 5332 1039 5392 ηοηΔ
1072 5319 1190 5392 ipse
1243 5336 1311 5374 ex
1356 5323 1538 5375 anima
1588 5336 1849 5382 constans
1884 5337 1939 5383 et

361 5386 718 5459 corpore,_uti
750 5399 806 5436 se
839 5400 926 5438 res
954 5386 1121 5442 habet
1173 5391 1225 5442 in
1274 5392 1399 5443 navi
1446 5400 1500 5444 et
1524 5393 1931 5459 gubernatore:

362 5466 487 5532 cum
522 5456 703 5503 tamen
725 5467 925 5532 corpus
948 5473 1042 5532 res
1070 5460 1289 5532 proprie
1325 5456 1569 5515 hominis
1619 5476 1768 5520 esset
1805 5477 1862 5521 et
1904 5484 1933 5521 a

364 5528 580 5604 natura,
616 5524 908 5604 quasich
948 5526 1023 5604 illi
1070 5524 1191 5604 ejus
1218 5538 1465 5604 auctore,
1514 5532 1580 5586 ad
1631 5537 1935 5604 expiandas

368 5589 418 5668 in
442 5589 547 5668 ‘illo
580 5590 702 5642 vitae
721 5594 1022 5659 superioris
1041 5589 1252 5668 culpas.
1279 5589 1719 5663 Quemverroreni
1746 5589 1813 5659 es
1839 5589 1933 5659 illo

363 5657 629 5726 Origenes
655 5657 933 5714 mutuatus
953 5675 1059 5720 cst.
1085 5657 1337 5723 Absurde
1351 5670 1629 5725 Gcsncrns
1651 5657 1931 5744 sensuque

2047 5194 2348 5275 contrario,
2372 5199 2635 5275 omnique
2653 5198 2946 5255 Platonicae
2960 5200 3569 5275 philosophiteadverso
3591 5223 3607 5260 :

2048 5260 2150 5326 Qui
2181 5280 2370 5342 conpita
2405 5260 2579 5342 curat,
2617 5270 2660 5342 is
2712 5286 2815 5342 non
2849 5260 2974 5323 rem.
3006 5260 3196 5337 suam;
3239 5272 3330 5342 sed
3382 5275 3611 5342 seipsum

2046 5342 2234 5412 curat._
2257 5334 2431 5412 Etiam
2464 5338 3126 5412 e_cclcs_ias'ticc__August.
3159 5334 3193 5394 l'.
3228 5341 3303 5394 De
3358 5334 3485 5396 cura
3514 5361 3612 5412 pro

2038 5404 2260 5482 mortuis
2292 5405 2555 5482 habenda,
2587 5408 2716 5461 hinc
2742 5404 3005 5482 ﬁdelium“
3019 5412 3277 5482 pietatem
3311 5404 3613 5482 commen—

2036 5470 2151 5534 dat,
2196 5474 2459 5547 curandis
2505 5492 2732 5529 suorum
2796 5470 3117 5544 itincribus;
3179 5480 3325 5548 quod
3383 5481 3607 5536 illorum

2034 5554 2264 5620 corpora
2285 5558 2478 5620 eorum
2499 5556 2703 5607 essent,
2729 5548 2886 5620 longe
2913 5550 2978 5602 iis
3004 5550 3406 5618 conjunctiora,
3441 5566 3608 5619 quam

2032 5610 2242 5676 reliqua
2291 5617 2497 5679 omnia,
2547 5633 2668 5684 qute
2716 5610 2962 5673 extérius
3028 5610 3401 5684 adhibentur,
3437 5610 3606 5677 orna-

2032 5689 2237 5747 menta,
2260 5684 2453 5752 vestis,
2487 5687 2747 5752 annulus,
2780 5697 2885 5741 etc.
3036 5706 3039 5709 '
