  <div class='ocr_page' id='page_1' title='image "/cluster/home/n/w/nwhite01/storage/ocr_20150623/91/mdp.39015022223195/405.png"; bbox 0 0 4066 6146; ppageno 0'>
   <div class='ocr_carea' id='block_1_1' title="bbox 502 276 610 340">
    <p class='ocr_par' dir='ltr' id='par_1_1' title="bbox 502 276 610 340">
     <span class='ocr_line' id='line_1_1' title="bbox 502 276 610 340; baseline -0.028 0"><span class='ocrx_word' id='word_1_1' title='bbox 502 276 610 340; x_wconf 78' lang='lat'><strong>893</strong></span> 
     </span>
    </p>
   </div>
   <div class='ocr_carea' id='block_1_2' title="bbox 1627 218 2569 336">
    <p class='ocr_par' dir='ltr' id='par_1_2' title="bbox 1627 218 2569 336">
     <span class='ocr_line' id='line_1_2' title="bbox 1627 218 2569 336; baseline 0.003 -3"><span class='ocrx_word' id='word_1_2' title='bbox 1627 274 1688 333; x_wconf 93' lang='lat' dir='ltr'><strong>S.</strong></span> <span class='ocrx_word' id='word_1_3' title='bbox 1730 271 2017 332; x_wconf 82' lang='lat' dir='ltr'><strong>MAXIMI</strong></span> <span class='ocrx_word' id='word_1_4' title='bbox 2048 218 2569 336; x_wconf 47' lang='lat' dir='ltr'><strong>-CONFESSORIS</strong></span> 
     </span>
    </p>
   </div>
   <div class='ocr_carea' id='block_1_3' title="bbox 3681 282 3794 349">
    <p class='ocr_par' dir='ltr' id='par_1_3' title="bbox 3681 282 3794 349">
     <span class='ocr_line' id='line_1_3' title="bbox 3681 282 3794 349; baseline -0.018 0"><span class='ocrx_word' id='word_1_5' title='bbox 3681 282 3794 349; x_wconf 74' lang='grc'><strong>804</strong></span> 
     </span>
    </p>
   </div>
   <div class='ocr_carea' id='block_1_4' title="bbox 506 384 2089 469">
    <p class='ocr_par' dir='ltr' id='par_1_4' title="bbox 506 384 2084 460">
     <span class='ocr_line' id='line_1_4' title="bbox 506 384 2084 460; baseline -0.004 -17"><span class='ocrx_word' id='word_1_6' title='bbox 506 391 749 453; x_wconf 81' lang='lat' dir='ltr'><strong>t‘ortuna,</strong></span> <span class='ocrx_word' id='word_1_7' title='bbox 780 389 899 460; x_wconf 84' lang='lat' dir='ltr'><strong>ejus</strong></span> <span class='ocrx_word' id='word_1_8' title='bbox 922 385 1272 457; x_wconf 62' lang='lat' dir='ltr'><strong>praestatione</strong></span> <span class='ocrx_word' id='word_1_9' title='bbox 1299 384 1596 441; x_wconf 78' lang='lat' dir='ltr'><strong>subvenias</strong></span> <span class='ocrx_word' id='word_1_10' title='bbox 1628 384 1729 440; x_wconf 89' lang='lat' dir='ltr'><strong>:ad</strong></span> <span class='ocrx_word' id='word_1_11' title='bbox 1755 386 1883 441; x_wconf 65' lang='lat' dir='ltr'><strong>vitae</strong></span> <span class='ocrx_word' id='word_1_12' title='bbox 1897 392 2084 441; x_wconf 81' lang='lat' dir='ltr'><strong>autem</strong></span> 
     </span>
    </p>
   </div>
   <div class='ocr_carea' id='block_1_5' title="bbox 2190 384 3788 469">
    <p class='ocr_par' dir='ltr' id='par_1_5' title="bbox 2190 386 3788 469">
     <span class='ocr_line' id='line_1_5' title="bbox 2190 386 3788 469; baseline 0.008 -31"><span class='ocrx_word' id='word_1_13' title='bbox 2190 386 2280 438; x_wconf 79' lang='grc' dir='ltr'>τὸν</span> <span class='ocrx_word' id='word_1_14' title='bbox 2305 386 2500 458; x_wconf 73' lang='grc' dir='ltr'>ἄδηλον</span> <span class='ocrx_word' id='word_1_15' title='bbox 2522 389 2638 461; x_wconf 85' lang='grc' dir='ltr'>βίον</span> <span class='ocrx_word' id='word_1_16' title='bbox 2671 390 2839 464; x_wconf 72' lang='grc' dir='ltr'><strong>μηδὲν</strong></span> <span class='ocrx_word' id='word_1_17' title='bbox 2871 391 3340 465; x_wconf 80' lang='grc' dir='ltr'>ὑπερϐαλλόντως,</span> <span class='ocrx_word' id='word_1_18' title='bbox 3375 393 3516 449; x_wconf 87' lang='grc' dir='ltr'><strong>ἀλλά</strong></span> <span class='ocrx_word' id='word_1_19' title='bbox 3540 395 3788 469; x_wconf 76' lang='grc' dir='ltr'><strong>μετρίως</strong></span> 
     </span>
    </p>
   </div>
   <div class='ocr_carea' id='block_1_6' title="bbox 508 474 2091 542">
    <p class='ocr_par' dir='ltr' id='par_1_6' title="bbox 508 474 2091 542">
     <span class='ocr_line' id='line_1_6' title="bbox 508 474 2091 542; baseline -0.003 -9"><span class='ocrx_word' id='word_1_20' title='bbox 508 484 801 541; x_wconf 85' lang='lat' dir='ltr'><strong>incertum,</strong></span> <span class='ocrx_word' id='word_1_21' title='bbox 838 478 979 533; x_wconf 89' lang='lat' dir='ltr'><strong>nihil</strong></span> <span class='ocrx_word' id='word_1_22' title='bbox 1026 477 1361 542; x_wconf 85' lang='lat' dir='ltr'><strong>admodum,</strong></span> <span class='ocrx_word' id='word_1_23' title='bbox 1394 477 1492 533; x_wconf 90' lang='lat' dir='ltr'><strong>sed</strong></span> <span class='ocrx_word' id='word_1_24' title='bbox 1535 476 1818 533; x_wconf 89' lang='lat' dir='ltr'><strong>moderate</strong></span> <span class='ocrx_word' id='word_1_25' title='bbox 1854 491 1977 531; x_wconf 88' lang='lat' dir='ltr'><strong>eam</strong></span> <span class='ocrx_word' id='word_1_26' title='bbox 2004 474 2091 529; x_wconf 89' lang='lat' dir='ltr'><strong>di-</strong></span> 
     </span>
    </p>
   </div>
   <div class='ocr_carea' id='block_1_7' title="bbox 506 572 668 643">
    <p class='ocr_par' dir='ltr' id='par_1_7' title="bbox 506 572 668 643">
     <span class='ocr_line' id='line_1_7' title="bbox 506 572 668 643; baseline -0.019 -17"><span class='ocrx_word' id='word_1_27' title='bbox 506 572 668 643; x_wconf 80' lang='lat' dir='ltr'><strong>ligas.</strong></span> 
     </span>
    </p>
   </div>
   <div class='ocr_carea' id='block_1_8' title="bbox 578 656 2013 728">
    <p class='ocr_par' dir='ltr' id='par_1_8' title="bbox 578 656 2013 728">
     <span class='ocr_line' id='line_1_8' title="bbox 578 656 2013 728; baseline -0.004 -12"><span class='ocrx_word' id='word_1_28' title='bbox 578 659 952 716; x_wconf 69' lang='lat' dir='ltr'><strong>Praasentibus</strong></span> <span class='ocrx_word' id='word_1_29' title='bbox 970 666 1270 714; x_wconf 90' lang='lat' dir='ltr'><strong>contentus</strong></span> <span class='ocrx_word' id='word_1_30' title='bbox 1297 667 1438 722; x_wconf 90' lang='lat' dir='ltr'><strong>esto,</strong></span> <span class='ocrx_word' id='word_1_31' title='bbox 1457 666 1515 713; x_wconf 90' lang='lat' dir='ltr'><strong>et</strong></span> <span class='ocrx_word' id='word_1_32' title='bbox 1540 657 1730 712; x_wconf 82' lang='lat' dir='ltr'><strong>futura</strong></span> <span class='ocrx_word' id='word_1_33' title='bbox 1759 656 2013 728; x_wconf 61' lang='lat' dir='ltr'><strong>quaerito.</strong></span> 
     </span>
    </p>
   </div>
   <div class='ocr_carea' id='block_1_9' title="bbox 1040 798 1510 867">
    <p class='ocr_par' dir='ltr' id='par_1_9' title="bbox 1040 798 1510 867">
     <span class='ocr_line' id='line_1_9' title="bbox 1040 798 1510 867; baseline 0.002 -14"><span class='ocrx_word' id='word_1_34' title='bbox 1040 854 1047 867; x_wconf 74' lang='grc'><strong>,</strong></span> <span class='ocrx_word' id='word_1_35' title='bbox 1096 798 1329 854; x_wconf 84' lang='lat' dir='ltr'><strong>SERMO</strong></span> <span class='ocrx_word' id='word_1_36' title='bbox 1369 800 1510 855; x_wconf 83' lang='lat' dir='ltr'><strong>Xlll.</strong></span> 
     </span>
    </p>
   </div>
   <div class='ocr_carea' id='block_1_10' title="bbox 638 913 1974 982">
    <p class='ocr_par' dir='ltr' id='par_1_10' title="bbox 638 913 1974 982">
     <span class='ocr_line' id='line_1_10' title="bbox 638 913 1974 982; baseline -0.001 -13"><span class='ocrx_word' id='word_1_37' title='bbox 638 913 716 969; x_wconf 83' lang='lat' dir='ltr'><strong>De</strong></span> <span class='ocrx_word' id='word_1_38' title='bbox 746 915 942 968; x_wconf 80' lang='lat' dir='ltr'><strong>virtute</strong></span> <span class='ocrx_word' id='word_1_39' title='bbox 970 928 1077 982; x_wconf 86' lang='lat' dir='ltr'><strong>qua</strong></span> <span class='ocrx_word' id='word_1_40' title='bbox 1116 914 1234 974; x_wconf 82' lang='lat' dir='ltr'><strong>quis</strong></span> <span class='ocrx_word' id='word_1_41' title='bbox 1270 914 1421 967; x_wconf 84' lang='lat' dir='ltr'><strong>rebus</strong></span> <span class='ocrx_word' id='word_1_42' title='bbox 1442 915 1552 969; x_wconf 86' lang='lat' dir='ltr'><strong>suis</strong></span> <span class='ocrx_word' id='word_1_43' title='bbox 1573 922 1847 968; x_wconf 73' lang='lat' dir='ltr'><strong>contentus</strong></span> <span class='ocrx_word' id='word_1_44' title='bbox 1877 922 1974 968; x_wconf 76' lang='lat' dir='ltr'><strong>est.</strong></span> 
     </span>
    </p>
   </div>
   <div class='ocr_carea' id='block_1_11' title="bbox 579 1027 2099 1092">
    <p class='ocr_par' dir='ltr' id='par_1_11' title="bbox 579 1027 2099 1092">
     <span class='ocr_line' id='line_1_11' title="bbox 579 1027 2099 1092; baseline 0.001 -9"><span class='ocrx_word' id='word_1_45' title='bbox 579 1028 701 1083; x_wconf 83' lang='lat' dir='ltr'><strong>Luc.</strong></span> <span class='ocrx_word' id='word_1_46' title='bbox 732 1044 825 1092; x_wconf 86' lang='lat' dir='ltr'><strong>xu,</strong></span> <span class='ocrx_word' id='word_1_47' title='bbox 865 1027 955 1081; x_wconf 73' lang='lat'><strong>22.</strong></span> <span class='ocrx_word' id='word_1_48' title='bbox 991 1055 1059 1067; x_wconf 92' lang='lat'><strong>—</strong></span> <span class='ocrx_word' id='word_1_49' title='bbox 1090 1027 1275 1081; x_wconf 85' lang='lat' dir='ltr'><strong>Nolite</strong></span> <span class='ocrx_word' id='word_1_50' title='bbox 1324 1028 1549 1082; x_wconf 90' lang='lat' dir='ltr'><strong>solliciti</strong></span> <span class='ocrx_word' id='word_1_51' title='bbox 1592 1044 1713 1083; x_wconf 89' lang='lat' dir='ltr'><strong>esse</strong></span> <span class='ocrx_word' id='word_1_52' title='bbox 1761 1028 1959 1083; x_wconf 69' lang='lat' dir='ltr'><strong>anima:</strong></span> <span class='ocrx_word' id='word_1_53' title='bbox 2001 1043 2099 1084; x_wconf 85' lang='lat' dir='ltr'><strong>ve-</strong></span> 
     </span>
    </p>
   </div>
   <div class='ocr_carea' id='block_1_12' title="bbox 506 1118 2094 1190">
    <p class='ocr_par' dir='ltr' id='par_1_12' title="bbox 506 1118 2094 1190">
     <span class='ocr_line' id='line_1_12' title="bbox 506 1118 2094 1190; baseline -0.002 -13"><span class='ocrx_word' id='word_1_54' title='bbox 506 1133 633 1177; x_wconf 72' lang='lat' dir='ltr'><strong>stra:</strong></span> <span class='ocrx_word' id='word_1_55' title='bbox 667 1120 800 1190; x_wconf 85' lang='lat' dir='ltr'><strong>quid</strong></span> <span class='ocrx_word' id='word_1_56' title='bbox 841 1118 1210 1182; x_wconf 71' lang='lat' dir='ltr'><strong>manducetis,</strong></span> <span class='ocrx_word' id='word_1_57' title='bbox 1245 1133 1427 1188; x_wconf 90' lang='lat' dir='ltr'><strong>neque</strong></span> <span class='ocrx_word' id='word_1_58' title='bbox 1467 1120 1685 1188; x_wconf 88' lang='lat' dir='ltr'><strong>corpori</strong></span> <span class='ocrx_word' id='word_1_59' title='bbox 1713 1127 1923 1184; x_wconf 88' lang='lat' dir='ltr'><strong>vestro,</strong></span> <span class='ocrx_word' id='word_1_60' title='bbox 1956 1119 2094 1189; x_wconf 90' lang='lat' dir='ltr'><strong>quid</strong></span> 
     </span>
    </p>
   </div>
   <div class='ocr_carea' id='block_1_13' title="bbox 508 1211 2097 1267">
    <p class='ocr_par' dir='ltr' id='par_1_13' title="bbox 508 1211 2097 1267">
     <span class='ocr_line' id='line_1_13' title="bbox 508 1211 2097 1267; baseline -0.004 -2"><span class='ocrx_word' id='word_1_61' title='bbox 508 1211 841 1267; x_wconf 82' lang='lat' dir='ltr'><strong>induamini.</strong></span> <span class='ocrx_word' id='word_1_62' title='bbox 2076 1248 2097 1259; x_wconf 87' lang='lat'><strong>-</strong></span> 
     </span>
    </p>
   </div>
   <div class='ocr_carea' id='block_1_14' title="bbox 575 1299 2095 1371">
    <p class='ocr_par' dir='ltr' id='par_1_14' title="bbox 575 1299 2095 1371">
     <span class='ocr_line' id='line_1_14' title="bbox 575 1299 2095 1371; baseline -0.001 -14"><span class='ocrx_word' id='word_1_63' title='bbox 575 1302 808 1371; x_wconf 80' lang='lat' dir='ltr'><strong>Philipp.</strong></span> <span class='ocrx_word' id='word_1_64' title='bbox 840 1317 914 1365; x_wconf 86' lang='lat' dir='ltr'><strong>tv,</strong></span> <span class='ocrx_word' id='word_1_65' title='bbox 944 1300 1032 1365; x_wconf 78' lang='lat' dir='ltr'><strong>ll,</strong></span> <span class='ocrx_word' id='word_1_66' title='bbox 1060 1301 1148 1354; x_wconf 71' lang='lat' dir='ltr'><strong>l2.</strong></span> <span class='ocrx_word' id='word_1_67' title='bbox 1176 1330 1247 1339; x_wconf 94' lang='lat'><strong><em>—</em></strong></span> <span class='ocrx_word' id='word_1_68' title='bbox 1268 1299 1383 1369; x_wconf 87' lang='lat' dir='ltr'><strong>Ego</strong></span> <span class='ocrx_word' id='word_1_69' title='bbox 1410 1299 1605 1361; x_wconf 86' lang='lat' dir='ltr'><strong>didici,</strong></span> <span class='ocrx_word' id='word_1_70' title='bbox 1636 1300 1691 1353; x_wconf 90' lang='lat' dir='ltr'><strong>in</strong></span> <span class='ocrx_word' id='word_1_71' title='bbox 1719 1300 1788 1355; x_wconf 91' lang='lat' dir='ltr'><strong>iis</strong></span> <span class='ocrx_word' id='word_1_72' title='bbox 1815 1301 1869 1355; x_wconf 92' lang='lat' dir='ltr'><strong>in</strong></span> <span class='ocrx_word' id='word_1_73' title='bbox 1891 1299 2095 1369; x_wconf 89' lang='lat' dir='ltr'><strong>quibus</strong></span> 
     </span>
    </p>
   </div>
   <div class='ocr_carea' id='block_1_15' title="bbox 392 1388 2096 1455">
    <p class='ocr_par' dir='ltr' id='par_1_15' title="bbox 392 1388 2096 1455">
     <span class='ocr_line' id='line_1_15' title="bbox 392 1388 2096 1455; baseline 0.001 -11"><span class='ocrx_word' id='word_1_74' title='bbox 392 1426 401 1437; x_wconf 80' lang='lat'><strong>.</strong></span> <span class='ocrx_word' id='word_1_75' title='bbox 502 1407 727 1453; x_wconf 87' lang='lat' dir='ltr'><strong>versor,</strong></span> <span class='ocrx_word' id='word_1_76' title='bbox 780 1390 1057 1444; x_wconf 86' lang='lat' dir='ltr'><strong>sullicicns</strong></span> <span class='ocrx_word' id='word_1_77' title='bbox 1095 1403 1239 1444; x_wconf 91' lang='lat' dir='ltr'><strong>esse.</strong></span> <span class='ocrx_word' id='word_1_78' title='bbox 1287 1388 1413 1443; x_wconf 89' lang='lat' dir='ltr'><strong>Scio</strong></span> <span class='ocrx_word' id='word_1_79' title='bbox 1444 1401 1500 1443; x_wconf 89' lang='lat' dir='ltr'><strong>et</strong></span> <span class='ocrx_word' id='word_1_80' title='bbox 1548 1389 1848 1455; x_wconf 84' lang='lat' dir='ltr'><strong>humiliari,</strong></span> <span class='ocrx_word' id='word_1_81' title='bbox 1885 1392 2000 1446; x_wconf 90' lang='lat' dir='ltr'><strong>scio</strong></span> <span class='ocrx_word' id='word_1_82' title='bbox 2039 1401 2096 1446; x_wconf 87' lang='lat' dir='ltr'><strong>et</strong></span> 
     </span>
    </p>
   </div>
   <div class='ocr_carea' id='block_1_16' title="bbox 506 1481 2089 1552">
    <p class='ocr_par' dir='ltr' id='par_1_16' title="bbox 506 1481 2089 1552">
     <span class='ocr_line' id='line_1_16' title="bbox 506 1481 2089 1552; baseline 0 -15"><span class='ocrx_word' id='word_1_83' title='bbox 506 1482 790 1537; x_wconf 83' lang='lat' dir='ltr'><strong>abundare</strong></span> <span class='ocrx_word' id='word_1_84' title='bbox 823 1500 836 1535; x_wconf 91' lang='lat'><strong>:</strong></span> <span class='ocrx_word' id='word_1_85' title='bbox 867 1483 1071 1552; x_wconf 87' lang='lat' dir='ltr'><strong>ubique</strong></span> <span class='ocrx_word' id='word_1_86' title='bbox 1114 1492 1171 1535; x_wconf 92' lang='lat' dir='ltr'><strong>et</strong></span> <span class='ocrx_word' id='word_1_87' title='bbox 1211 1481 1267 1534; x_wconf 91' lang='lat' dir='ltr'><strong>in</strong></span> <span class='ocrx_word' id='word_1_88' title='bbox 1297 1481 1559 1536; x_wconf 90' lang='lat' dir='ltr'><strong>omnibus</strong></span> <span class='ocrx_word' id='word_1_89' title='bbox 1606 1482 1896 1537; x_wconf 86' lang='lat' dir='ltr'><strong>institutus</strong></span> <span class='ocrx_word' id='word_1_90' title='bbox 1931 1499 2089 1550; x_wconf 89' lang='lat' dir='ltr'><strong>sum;</strong></span> 
     </span>
    </p>
   </div>
   <div class='ocr_carea' id='block_1_17' title="bbox 503 1573 2091 1645">
    <p class='ocr_par' dir='ltr' id='par_1_17' title="bbox 503 1573 2091 1645">
     <span class='ocr_line' id='line_1_17' title="bbox 503 1573 2091 1645; baseline 0.001 -16"><span class='ocrx_word' id='word_1_91' title='bbox 503 1583 560 1629; x_wconf 90' lang='lat' dir='ltr'><strong>ct</strong></span> <span class='ocrx_word' id='word_1_92' title='bbox 586 1574 798 1637; x_wconf 86' lang='lat' dir='ltr'><strong>satiari,</strong></span> <span class='ocrx_word' id='word_1_93' title='bbox 847 1581 903 1627; x_wconf 93' lang='lat' dir='ltr'><strong>et</strong></span> <span class='ocrx_word' id='word_1_94' title='bbox 957 1573 1206 1636; x_wconf 84' lang='lat' dir='ltr'><strong>esurire;</strong></span> <span class='ocrx_word' id='word_1_95' title='bbox 1241 1581 1298 1627; x_wconf 91' lang='lat' dir='ltr'><strong>ct</strong></span> <span class='ocrx_word' id='word_1_96' title='bbox 1346 1573 1652 1639; x_wconf 79' lang='lat' dir='ltr'><strong>abundare,</strong></span> <span class='ocrx_word' id='word_1_97' title='bbox 1695 1583 1752 1628; x_wconf 92' lang='lat' dir='ltr'><strong>et</strong></span> <span class='ocrx_word' id='word_1_98' title='bbox 1802 1577 2091 1645; x_wconf 82' lang='lat' dir='ltr'><strong>penuriam</strong></span> 
     </span>
    </p>
   </div>
   <div class='ocr_carea' id='block_1_18' title="bbox 2191 477 2595 550">
    <p class='ocr_par' dir='ltr' id='par_1_18' title="bbox 2191 477 2595 550">
     <span class='ocr_line' id='line_1_18' title="bbox 2191 477 2595 550; baseline 0.015 -20"><span class='ocrx_word' id='word_1_99' title='bbox 2191 477 2366 549; x_wconf 82' lang='grc' dir='ltr'>αὐτὴν</span> <span class='ocrx_word' id='word_1_100' title='bbox 2382 480 2595 550; x_wconf 81' lang='grc' dir='ltr'><strong>ἀγάπα.</strong></span> 
     </span>
    </p>
   </div>
   <div class='ocr_carea' id='block_1_19' title="bbox 2266 657 3710 735">
    <p class='ocr_par' dir='ltr' id='par_1_19' title="bbox 2266 657 3710 735">
     <span class='ocr_line' id='line_1_19' title="bbox 2266 657 3710 735; baseline 0.008 -27"><span class='ocrx_word' id='word_1_101' title='bbox 2266 657 2471 730; x_wconf 88' lang='grc' dir='ltr'>Στέργε</span> <span class='ocrx_word' id='word_1_102' title='bbox 2503 660 2602 731; x_wconf 65' lang='grc' dir='ltr'><strong>μὲν</strong></span> <span class='ocrx_word' id='word_1_103' title='bbox 2623 663 2690 716; x_wconf 82' lang='grc' dir='ltr'><strong>τά</strong></span> <span class='ocrx_word' id='word_1_104' title='bbox 2714 663 2962 734; x_wconf 72' lang='grc' dir='ltr'>παρόντα</span> <span class='ocrx_word' id='word_1_105' title='bbox 2983 678 2997 692; x_wconf 75' lang='grc' dir='ltr'><strong>ο</strong></span> <span class='ocrx_word' id='word_1_106' title='bbox 3035 663 3190 733; x_wconf 79' lang='grc' dir='ltr'>ζήτει</span> <span class='ocrx_word' id='word_1_107' title='bbox 3220 662 3280 716; x_wconf 81' lang='grc' dir='ltr'><strong>δὲ</strong></span> <span class='ocrx_word' id='word_1_108' title='bbox 3309 663 3378 718; x_wconf 78' lang='grc' dir='ltr'><strong>τά</strong></span> <span class='ocrx_word' id='word_1_109' title='bbox 3414 663 3710 735; x_wconf 83' lang='grc' dir='ltr'>μέλλοντα.</span> 
     </span>
    </p>
   </div>
   <div class='ocr_carea' id='block_1_20' title="bbox 2758 804 3190 859">
    <p class='ocr_par' dir='ltr' id='par_1_20' title="bbox 2758 804 3190 859">
     <span class='ocr_line' id='line_1_20' title="bbox 2758 804 3190 859; baseline -0.005 0"><span class='ocrx_word' id='word_1_110' title='bbox 2758 804 2978 859; x_wconf 86' lang='grc' dir='ltr'><strong>ΛΟΓΟΣ</strong></span> <span class='ocrx_word' id='word_1_111' title='bbox 3024 804 3104 858; x_wconf 82' lang='grc' dir='ltr'><strong>ΙΓ⁹</strong></span> <span class='ocrx_word' id='word_1_112' title='bbox 3143 804 3190 837; x_wconf 80' lang='grc'><strong>⁸⁸</strong></span> 
     </span>
    </p>
   </div>
   <div class='ocr_carea' id='block_1_21' title="bbox 2713 917 3264 988">
    <p class='ocr_par' dir='ltr' id='par_1_21' title="bbox 2713 917 3264 988">
     <span class='ocr_line' id='line_1_21' title="bbox 2713 917 3264 988; baseline 0.005 -16"><span class='ocrx_word' id='word_1_113' title='bbox 2713 917 2853 987; x_wconf 79' lang='grc' dir='ltr'>Περι</span> <span class='ocrx_word' id='word_1_114' title='bbox 2885 918 3264 988; x_wconf 73' lang='grc' dir='ltr'><strong>αὐταρκείας.</strong></span> 
     </span>
    </p>
   </div>
   <div class='ocr_carea' id='block_1_22' title="bbox 2266 1026 3778 1109">
    <p class='ocr_par' dir='ltr' id='par_1_22' title="bbox 2266 1026 3778 1109">
     <span class='ocr_line' id='line_1_22' title="bbox 2266 1026 3778 1109; baseline 0.003 -24"><span class='ocrx_word' id='word_1_115' title='bbox 2266 1036 2455 1085; x_wconf 84' lang='grc' dir='ltr'>Λουκ.</span> <span class='ocrx_word' id='word_1_116' title='bbox 2489 1032 2654 1086; x_wconf 80' lang='grc' dir='ltr'>ιϐ’.‹-</span> <span class='ocrx_word' id='word_1_117' title='bbox 2673 1026 2842 1087; x_wconf 76' lang='grc' dir='ltr'>Εἶπεν</span> <span class='ocrx_word' id='word_1_118' title='bbox 2874 1033 2902 1085; x_wconf 74' lang='grc' dir='ltr'>ὁ</span> <span class='ocrx_word' id='word_1_119' title='bbox 2932 1032 3271 1104; x_wconf 79' lang='grc' dir='ltr'>Κύριος⁶Μὴ</span> <span class='ocrx_word' id='word_1_120' title='bbox 3301 1034 3679 1106; x_wconf 73' lang='grc' dir='ltr'><strong>μεριμνήσητε</strong></span> <span class='ocrx_word' id='word_1_121' title='bbox 3709 1040 3778 1109; x_wconf 70' lang='grc' dir='ltr'>τῇ</span> 
     </span>
    </p>
   </div>
   <div class='ocr_carea' id='block_1_23' title="bbox 2192 1121 3778 1198">
    <p class='ocr_par' dir='ltr' id='par_1_23' title="bbox 2192 1121 3778 1198">
     <span class='ocr_line' id='line_1_23' title="bbox 2192 1121 3778 1198; baseline 0.001 -18"><span class='ocrx_word' id='word_1_122' title='bbox 2192 1121 2338 1193; x_wconf 74' lang='grc' dir='ltr'><strong>ψυχῇ</strong></span> <span class='ocrx_word' id='word_1_123' title='bbox 2379 1123 2535 1195; x_wconf 81' lang='grc' dir='ltr'><strong>ὑμῶν</strong></span> <span class='ocrx_word' id='word_1_124' title='bbox 2563 1124 2615 1179; x_wconf 88' lang='grc' dir='ltr'><strong>τί</strong></span> <span class='ocrx_word' id='word_1_125' title='bbox 2657 1124 2893 1196; x_wconf 80' lang='grc' dir='ltr'><strong>φάγητε,</strong></span> <span class='ocrx_word' id='word_1_126' title='bbox 2934 1126 3071 1197; x_wconf 76' lang='grc' dir='ltr'><strong>μηδὲ</strong></span> <span class='ocrx_word' id='word_1_127' title='bbox 3113 1125 3192 1197; x_wconf 82' lang='grc' dir='ltr'>τῷ</span> <span class='ocrx_word' id='word_1_128' title='bbox 3253 1141 3467 1197; x_wconf 89' lang='grc' dir='ltr'>σωματι</span> <span class='ocrx_word' id='word_1_129' title='bbox 3517 1127 3673 1198; x_wconf 79' lang='grc' dir='ltr'>ὑμῶν</span> <span class='ocrx_word' id='word_1_130' title='bbox 3724 1130 3778 1182; x_wconf 87' lang='grc' dir='ltr'><strong>τί</strong></span> 
     </span>
    </p>
   </div>
   <div class='ocr_carea' id='block_1_24' title="bbox 2192 1212 2510 1283">
    <p class='ocr_par' dir='ltr' id='par_1_24' title="bbox 2192 1212 2510 1283">
     <span class='ocr_line' id='line_1_24' title="bbox 2192 1212 2510 1283; baseline 0.013 -18"><span class='ocrx_word' id='word_1_131' title='bbox 2192 1212 2510 1283; x_wconf 72' lang='grc' dir='ltr'>ἐνδύσησθε.</span> 
     </span>
    </p>
   </div>
   <div class='ocr_carea' id='block_1_25' title="bbox 2249 1302 3777 1381">
    <p class='ocr_par' dir='ltr' id='par_1_25' title="bbox 2249 1302 3777 1381">
     <span class='ocr_line' id='line_1_25' title="bbox 2249 1302 3777 1381; baseline 0.005 -25"><span class='ocrx_word' id='word_1_132' title='bbox 2249 1305 2583 1371; x_wconf 68' lang='grc' dir='ltr'>Φιλιππησ.</span> <span class='ocrx_word' id='word_1_133' title='bbox 2603 1302 2652 1357; x_wconf 83' lang='grc' dir='ltr'><strong>δ’</strong></span> <span class='ocrx_word' id='word_1_134' title='bbox 2659 1333 2747 1359; x_wconf 93' lang='grc'><strong>.-</strong></span> <span class='ocrx_word' id='word_1_135' title='bbox 2762 1305 2903 1374; x_wconf 84' lang='grc' dir='ltr'>Ἔγὼ</span> <span class='ocrx_word' id='word_1_136' title='bbox 2920 1305 3145 1376; x_wconf 72' lang='grc' dir='ltr'>ἔμαθον,</span> <span class='ocrx_word' id='word_1_137' title='bbox 3163 1306 3222 1358; x_wconf 81' lang='grc' dir='ltr'><strong>ὲν</strong></span> <span class='ocrx_word' id='word_1_138' title='bbox 3236 1302 3319 1370; x_wconf 77' lang='grc' dir='ltr'>οἷς</span> <span class='ocrx_word' id='word_1_139' title='bbox 3338 1307 3476 1379; x_wconf 77' lang='grc' dir='ltr'>είμὶ,</span> <span class='ocrx_word' id='word_1_140' title='bbox 3493 1309 3777 1381; x_wconf 74' lang='grc' dir='ltr'><strong>αὐτάρκης</strong></span> 
     </span>
    </p>
   </div>
   <div class='ocr_carea' id='block_1_26' title="bbox 2192 1389 3774 1471">
    <p class='ocr_par' dir='ltr' id='par_1_26' title="bbox 2192 1389 3774 1471">
     <span class='ocr_line' id='line_1_26' title="bbox 2192 1389 3774 1471; baseline 0.005 -25"><span class='ocrx_word' id='word_1_141' title='bbox 2192 1389 2356 1451; x_wconf 76' lang='grc' dir='ltr'>εἶναι.</span> <span class='ocrx_word' id='word_1_142' title='bbox 2377 1390 2509 1450; x_wconf 83' lang='grc' dir='ltr'><strong>Οἶδα</strong></span> <span class='ocrx_word' id='word_1_143' title='bbox 2534 1397 2627 1449; x_wconf 74' lang='grc' dir='ltr'><strong>καὶ</strong></span> <span class='ocrx_word' id='word_1_144' title='bbox 2665 1396 3073 1462; x_wconf 76' lang='grc' dir='ltr'><strong>ταπεινοῦσθαι,</strong></span> <span class='ocrx_word' id='word_1_145' title='bbox 3102 1392 3221 1452; x_wconf 78' lang='grc' dir='ltr'>οῖδα</span> <span class='ocrx_word' id='word_1_146' title='bbox 3250 1399 3345 1453; x_wconf 81' lang='grc' dir='ltr'>καὶ</span> <span class='ocrx_word' id='word_1_147' title='bbox 3373 1400 3725 1471; x_wconf 77' lang='grc' dir='ltr'><strong>περισσεύειν</strong></span> <span class='ocrx_word' id='word_1_148' title='bbox 3757 1418 3774 1434; x_wconf 77' lang='grc' dir='ltr'><strong><em>ο</em></strong></span> 
     </span>
    </p>
   </div>
   <div class='ocr_carea' id='block_1_27' title="bbox 2191 1487 3769 1563">
    <p class='ocr_par' dir='ltr' id='par_1_27' title="bbox 2191 1487 3769 1563">
     <span class='ocr_line' id='line_1_27' title="bbox 2191 1487 3769 1563; baseline 0.005 -24"><span class='ocrx_word' id='word_1_149' title='bbox 2191 1489 2249 1539; x_wconf 82' lang='grc' dir='ltr'><strong>ὲν</strong></span> <span class='ocrx_word' id='word_1_150' title='bbox 2277 1487 2440 1540; x_wconf 82' lang='grc' dir='ltr'>παντὶ</span> <span class='ocrx_word' id='word_1_151' title='bbox 2470 1488 2565 1541; x_wconf 75' lang='grc' dir='ltr'>καὶ</span> <span class='ocrx_word' id='word_1_152' title='bbox 2603 1489 2659 1541; x_wconf 78' lang='grc' dir='ltr'><strong>ὲν</strong></span> <span class='ocrx_word' id='word_1_153' title='bbox 2689 1489 2824 1542; x_wconf 80' lang='grc' dir='ltr'>πᾶσι</span> <span class='ocrx_word' id='word_1_154' title='bbox 2872 1488 3161 1560; x_wconf 77' lang='grc' dir='ltr'><strong>μεμύημαι</strong></span> <span class='ocrx_word' id='word_1_155' title='bbox 3192 1507 3208 1521; x_wconf 77' lang='grc' dir='ltr'><strong>ο</strong></span> <span class='ocrx_word' id='word_1_156' title='bbox 3257 1491 3356 1545; x_wconf 70' lang='grc' dir='ltr'><strong>καὶ</strong></span> <span class='ocrx_word' id='word_1_157' title='bbox 3384 1493 3769 1563; x_wconf 81' lang='grc' dir='ltr'><strong>χορτάζεσθαι,</strong></span> 
     </span>
    </p>
   </div>
   <div class='ocr_carea' id='block_1_28' title="bbox 2192 1579 3773 1654">
    <p class='ocr_par' dir='ltr' id='par_1_28' title="bbox 2192 1579 3773 1654">
     <span class='ocr_line' id='line_1_28' title="bbox 2192 1579 3773 1654; baseline 0.004 -24"><span class='ocrx_word' id='word_1_158' title='bbox 2192 1579 2288 1631; x_wconf 68' lang='grc' dir='ltr'><strong>καὶ</strong></span> <span class='ocrx_word' id='word_1_159' title='bbox 2310 1580 2501 1650; x_wconf 74' lang='grc' dir='ltr'>πεινᾷν</span> <span class='ocrx_word' id='word_1_160' title='bbox 2520 1595 2534 1609; x_wconf 74' lang='grc' dir='ltr'><strong>ο</strong></span> <span class='ocrx_word' id='word_1_161' title='bbox 2558 1580 2653 1634; x_wconf 79' lang='grc' dir='ltr'>καὶ</span> <span class='ocrx_word' id='word_1_162' title='bbox 2676 1597 2743 1632; x_wconf 92' lang='grc' dir='ltr'><strong>πε</strong></span> <span class='ocrx_word' id='word_1_163' title='bbox 2754 1581 3049 1650; x_wconf 87' lang='grc' dir='ltr'>ρισσεύείν,</span> <span class='ocrx_word' id='word_1_164' title='bbox 3067 1582 3163 1634; x_wconf 76' lang='grc' dir='ltr'>καὶ</span> <span class='ocrx_word' id='word_1_165' title='bbox 3191 1582 3557 1654; x_wconf 81' lang='grc' dir='ltr'>ὑστερεῖσθαι.</span> <span class='ocrx_word' id='word_1_166' title='bbox 3589 1584 3773 1639; x_wconf 83' lang='grc' dir='ltr'>Πάντα</span> 
     </span>
    </p>
   </div>
   <div class='ocr_carea' id='block_1_29' title="bbox 504 1637 2089 1745">
    <p class='ocr_par' dir='ltr' id='par_1_29' title="bbox 504 1637 2086 1737">
     <span class='ocr_line' id='line_1_29' title="bbox 504 1637 2086 1737; baseline 0.002 -17"><span class='ocrx_word' id='word_1_167' title='bbox 504 1666 640 1737; x_wconf 89' lang='lat' dir='ltr'><strong>pati.</strong></span> <span class='ocrx_word' id='word_1_168' title='bbox 697 1665 894 1721; x_wconf 89' lang='lat' dir='ltr'><strong>Omnia</strong></span> <span class='ocrx_word' id='word_1_169' title='bbox 952 1680 1178 1736; x_wconf 86' lang='lat' dir='ltr'><strong>possum</strong></span> <span class='ocrx_word' id='word_1_170' title='bbox 1249 1665 1441 1733; x_wconf 85' lang='lat' dir='ltr'><strong>ineo,</strong></span> <span class='ocrx_word' id='word_1_171' title='bbox 1489 1668 1585 1735; x_wconf 88' lang='lat' dir='ltr'><strong>qui</strong></span> <span class='ocrx_word' id='word_1_172' title='bbox 1640 1637 1731 1722; x_wconf 85' lang='lat' dir='ltr'><strong>me</strong></span> <span class='ocrx_word' id='word_1_173' title='bbox 1787 1637 2086 1734; x_wconf 77' lang='lat' dir='ltr'><strong>confortat,</strong></span> 
     </span>
    </p>
   </div>
   <div class='ocr_carea' id='block_1_30' title="bbox 2190 1637 3351 1745">
    <p class='ocr_par' dir='ltr' id='par_1_30' title="bbox 2196 1637 3351 1745">
     <span class='ocr_line' id='line_1_30' title="bbox 2196 1637 3351 1745; baseline 0.006 -23"><span class='ocrx_word' id='word_1_174' title='bbox 2196 1671 2364 1741; x_wconf 84' lang='grc' dir='ltr'>ίσχύω</span> <span class='ocrx_word' id='word_1_175' title='bbox 2397 1637 2455 1725; x_wconf 74' lang='grc' dir='ltr'><strong>ἐν</strong></span> <span class='ocrx_word' id='word_1_176' title='bbox 2475 1671 2553 1741; x_wconf 87' lang='grc' dir='ltr'>τῷ</span> <span class='ocrx_word' id='word_1_177' title='bbox 2584 1637 2968 1743; x_wconf 72' lang='grc' dir='ltr'>ἐνδυναμοῦντί</span> <span class='ocrx_word' id='word_1_178' title='bbox 3002 1637 3070 1745; x_wconf 77' lang='grc' dir='ltr'>μέ</span> <span class='ocrx_word' id='word_1_179' title='bbox 3111 1637 3351 1745; x_wconf 55' lang='grc' dir='ltr'>Χριστιῦ.</span> 
     </span>
    </p>
   </div>
   <div class='ocr_carea' id='block_1_31' title="bbox 503 1761 745 1817">
    <p class='ocr_par' dir='ltr' id='par_1_31' title="bbox 503 1761 745 1817">
     <span class='ocr_line' id='line_1_31' title="bbox 503 1761 745 1817; baseline -0.008 0"><span class='ocrx_word' id='word_1_180' title='bbox 503 1761 745 1817; x_wconf 76' lang='lat' dir='ltr'><strong>Christo.</strong></span> 
     </span>
    </p>
   </div>
   <div class='ocr_carea' id='block_1_32' title="bbox 576 1850 2090 1921">
    <p class='ocr_par' dir='ltr' id='par_1_32' title="bbox 576 1850 2090 1921">
     <span class='ocr_line' id='line_1_32' title="bbox 576 1850 2090 1921; baseline -0.001 -15"><span class='ocrx_word' id='word_1_181' title='bbox 576 1852 713 1906; x_wconf 80' lang='lat' dir='ltr'><strong>Prov</strong></span> <span class='ocrx_word' id='word_1_182' title='bbox 735 1867 862 1915; x_wconf 78' lang='lat' dir='ltr'><strong>xxx,</strong></span> <span class='ocrx_word' id='word_1_183' title='bbox 887 1852 939 1915; x_wconf 88' lang='lat'><strong>8,</strong></span> <span class='ocrx_word' id='word_1_184' title='bbox 962 1850 1318 1910; x_wconf 66' lang='lat' dir='ltr'><strong>9—Divitias</strong></span> <span class='ocrx_word' id='word_1_185' title='bbox 1339 1859 1396 1906; x_wconf 92' lang='lat' dir='ltr'><strong>et</strong></span> <span class='ocrx_word' id='word_1_186' title='bbox 1418 1859 1800 1921; x_wconf 76' lang='lat' dir='ltr'><strong>paupertatem</strong></span> <span class='ocrx_word' id='word_1_187' title='bbox 1824 1866 1894 1905; x_wconf 92' lang='lat' dir='ltr'><strong>ne</strong></span> <span class='ocrx_word' id='word_1_188' title='bbox 1917 1850 2090 1906; x_wconf 89' lang='lat' dir='ltr'><strong>dede-</strong></span> 
     </span>
    </p>
   </div>
   <div class='ocr_carea' id='block_1_33' title="bbox 504 1939 2092 2015">
    <p class='ocr_par' dir='ltr' id='par_1_33' title="bbox 504 1939 2092 2015">
     <span class='ocr_line' id='line_1_33' title="bbox 504 1939 2092 2015; baseline 0 -16"><span class='ocrx_word' id='word_1_189' title='bbox 504 1944 582 1999; x_wconf 86' lang='lat' dir='ltr'><strong>ris</strong></span> <span class='ocrx_word' id='word_1_190' title='bbox 618 1944 776 2007; x_wconf 87' lang='lat' dir='ltr'><strong>mihi,</strong></span> <span class='ocrx_word' id='word_1_191' title='bbox 819 1939 1081 2007; x_wconf 89' lang='lat' dir='ltr'><strong>Domine;</strong></span> <span class='ocrx_word' id='word_1_192' title='bbox 1121 1943 1216 1998; x_wconf 85' lang='lat' dir='ltr'><strong>sed</strong></span> <span class='ocrx_word' id='word_1_193' title='bbox 1252 1944 1386 1998; x_wconf 90' lang='lat' dir='ltr'><strong>mibi</strong></span> <span class='ocrx_word' id='word_1_194' title='bbox 1418 1946 1695 1999; x_wconf 84' lang='lat' dir='ltr'><strong>constitue</strong></span> <span class='ocrx_word' id='word_1_195' title='bbox 1735 1959 1859 2015; x_wconf 70' lang='lat' dir='ltr'><strong>qua:</strong></span> <span class='ocrx_word' id='word_1_196' title='bbox 1902 1959 2092 1999; x_wconf 88' lang='lat' dir='ltr'><strong>neces-</strong></span> 
     </span>
    </p>
   </div>
   <div class='ocr_carea' id='block_1_34' title="bbox 505 2033 2091 2099">
    <p class='ocr_par' dir='ltr' id='par_1_34' title="bbox 505 2033 2091 2099">
     <span class='ocr_line' id='line_1_34' title="bbox 505 2033 2091 2099; baseline -0.001 -8"><span class='ocrx_word' id='word_1_197' title='bbox 505 2036 650 2091; x_wconf 83' lang='lat' dir='ltr'><strong>saria</strong></span> <span class='ocrx_word' id='word_1_198' title='bbox 680 2044 809 2088; x_wconf 92' lang='lat' dir='ltr'><strong>sunt</strong></span> <span class='ocrx_word' id='word_1_199' title='bbox 840 2043 896 2088; x_wconf 93' lang='lat' dir='ltr'><strong>et</strong></span> <span class='ocrx_word' id='word_1_200' title='bbox 925 2033 1202 2090; x_wconf 78' lang='lat' dir='ltr'><strong>sulliciant</strong></span> <span class='ocrx_word' id='word_1_201' title='bbox 1222 2076 1238 2099; x_wconf 93' lang='lat'><strong>,</strong></span> <span class='ocrx_word' id='word_1_202' title='bbox 1285 2052 1357 2089; x_wconf 91' lang='lat' dir='ltr'><strong>ne</strong></span> <span class='ocrx_word' id='word_1_203' title='bbox 1389 2036 1531 2089; x_wconf 80' lang='lat' dir='ltr'><strong>forte</strong></span> <span class='ocrx_word' id='word_1_204' title='bbox 1577 2036 1809 2090; x_wconf 86' lang='lat' dir='ltr'><strong>satiatus</strong></span> <span class='ocrx_word' id='word_1_205' title='bbox 1855 2037 2091 2091; x_wconf 79' lang='lat' dir='ltr'><strong>mendax</strong></span> 
     </span>
    </p>
   </div>
   <div class='ocr_carea' id='block_1_35' title="bbox 507 2125 2090 2197">
    <p class='ocr_par' dir='ltr' id='par_1_35' title="bbox 507 2125 2090 2197">
     <span class='ocr_line' id='line_1_35' title="bbox 507 2125 2090 2197; baseline 0 -15"><span class='ocrx_word' id='word_1_206' title='bbox 507 2126 783 2190; x_wconf 87' lang='lat' dir='ltr'><strong>inveniar,</strong></span> <span class='ocrx_word' id='word_1_207' title='bbox 832 2135 889 2181; x_wconf 91' lang='lat' dir='ltr'><strong>et</strong></span> <span class='ocrx_word' id='word_1_208' title='bbox 941 2126 1122 2181; x_wconf 89' lang='lat' dir='ltr'><strong>dicam</strong></span> <span class='ocrx_word' id='word_1_209' title='bbox 1163 2143 1176 2179; x_wconf 90' lang='lat'><strong>:</strong></span> <span class='ocrx_word' id='word_1_210' title='bbox 1207 2125 1342 2193; x_wconf 84' lang='lat' dir='ltr'><strong>Quis</strong></span> <span class='ocrx_word' id='word_1_211' title='bbox 1374 2142 1463 2181; x_wconf 91' lang='lat' dir='ltr'><strong>me</strong></span> <span class='ocrx_word' id='word_1_212' title='bbox 1491 2126 1688 2181; x_wconf 84' lang='lat' dir='ltr'><strong>videt?</strong></span> <span class='ocrx_word' id='word_1_213' title='bbox 1711 2134 1809 2180; x_wconf 89' lang='lat' dir='ltr'><strong>aut</strong></span> <span class='ocrx_word' id='word_1_214' title='bbox 1842 2136 2090 2197; x_wconf 81' lang='lat' dir='ltr'><strong>egestate</strong></span> 
     </span>
    </p>
   </div>
   <div class='ocr_carea' id='block_1_36' title="bbox 505 2216 1678 2287">
    <p class='ocr_par' dir='ltr' id='par_1_36' title="bbox 505 2216 1678 2287">
     <span class='ocr_line' id='line_1_36' title="bbox 505 2216 1678 2287; baseline -0.002 -14"><span class='ocrx_word' id='word_1_215' title='bbox 505 2217 823 2287; x_wconf 82' lang='lat' dir='ltr'><strong>compulsus</strong></span> <span class='ocrx_word' id='word_1_216' title='bbox 840 2216 1011 2282; x_wconf 79' lang='lat' dir='ltr'><strong>lurer,</strong></span> <span class='ocrx_word' id='word_1_217' title='bbox 1037 2225 1093 2270; x_wconf 91' lang='lat' dir='ltr'><strong>et</strong></span> <span class='ocrx_word' id='word_1_218' title='bbox 1124 2217 1302 2285; x_wconf 75' lang='lat' dir='ltr'><strong>iurem</strong></span> <span class='ocrx_word' id='word_1_219' title='bbox 1324 2232 1527 2271; x_wconf 90' lang='lat' dir='ltr'><strong>nomen</strong></span> <span class='ocrx_word' id='word_1_220' title='bbox 1560 2218 1678 2271; x_wconf 88' lang='lat' dir='ltr'><strong>Dei.</strong></span> 
     </span>
    </p>
   </div>
   <div class='ocr_carea' id='block_1_37' title="bbox 575 2303 2089 2379">
    <p class='ocr_par' dir='ltr' id='par_1_37' title="bbox 575 2303 2089 2379">
     <span class='ocr_line' id='line_1_37' title="bbox 575 2303 2089 2379; baseline 0.001 -17"><span class='ocrx_word' id='word_1_221' title='bbox 575 2307 744 2363; x_wconf 83' lang='lat' dir='ltr'><strong>Eccli.</strong></span> <span class='ocrx_word' id='word_1_222' title='bbox 777 2307 1070 2371; x_wconf 68' lang='grc' dir='ltr'><strong>ιι,18.-</strong></span> <span class='ocrx_word' id='word_1_223' title='bbox 1096 2303 1254 2371; x_wconf 68' lang='lat' dir='ltr'><strong>Vita,’</strong></span> <span class='ocrx_word' id='word_1_224' title='bbox 1272 2321 1379 2375; x_wconf 89' lang='lat' dir='ltr'><strong>qua</strong></span> <span class='ocrx_word' id='word_1_225' title='bbox 1416 2306 1524 2362; x_wconf 90' lang='lat' dir='ltr'><strong>sibi</strong></span> <span class='ocrx_word' id='word_1_226' title='bbox 1568 2308 1848 2363; x_wconf 82' lang='lat' dir='ltr'><strong>sulliciens</strong></span> <span class='ocrx_word' id='word_1_227' title='bbox 1895 2323 2089 2379; x_wconf 79' lang='lat' dir='ltr'><strong>opera-</strong></span> 
     </span>
    </p>
   </div>
   <div class='ocr_carea' id='block_1_38' title="bbox 504 2398 1300 2463">
    <p class='ocr_par' dir='ltr' id='par_1_38' title="bbox 504 2398 1300 2463">
     <span class='ocr_line' id='line_1_38' title="bbox 504 2398 1300 2463; baseline -0.005 -9"><span class='ocrx_word' id='word_1_228' title='bbox 504 2398 623 2454; x_wconf 88' lang='lat' dir='ltr'><strong>rius</strong></span> <span class='ocrx_word' id='word_1_229' title='bbox 652 2406 757 2463; x_wconf 90' lang='lat' dir='ltr'><strong>est,</strong></span> <span class='ocrx_word' id='word_1_230' title='bbox 787 2398 1300 2455; x_wconf 90' lang='lat' dir='ltr'><strong>condulcorabitur.</strong></span> 
     </span>
    </p>
   </div>
   <div class='ocr_carea' id='block_1_39' title="bbox 577 2487 2090 2552">
    <p class='ocr_par' dir='ltr' id='par_1_39' title="bbox 577 2487 2090 2552">
     <span class='ocr_line' id='line_1_39' title="bbox 577 2487 2090 2552; baseline 0.003 -9"><span class='ocrx_word' id='word_1_231' title='bbox 577 2488 746 2543; x_wconf 84' lang='lat' dir='ltr'><strong>Eccli.</strong></span> <span class='ocrx_word' id='word_1_232' title='bbox 780 2502 927 2552; x_wconf 80' lang='lat' dir='ltr'><strong>xxxi,</strong></span> <span class='ocrx_word' id='word_1_233' title='bbox 966 2487 1055 2544; x_wconf 70' lang='grc'><strong>24.</strong></span> <span class='ocrx_word' id='word_1_234' title='bbox 1077 2487 1402 2542; x_wconf 87' lang='lat' dir='ltr'><strong>—Somnus</strong></span> <span class='ocrx_word' id='word_1_235' title='bbox 1430 2487 1686 2544; x_wconf 88' lang='lat' dir='ltr'><strong>sanitatis</strong></span> <span class='ocrx_word' id='word_1_236' title='bbox 1718 2488 1775 2542; x_wconf 93' lang='lat' dir='ltr'><strong>in</strong></span> <span class='ocrx_word' id='word_1_237' title='bbox 1811 2489 2090 2549; x_wconf 85' lang='lat' dir='ltr'><strong>intestinis</strong></span> 
     </span>
    </p>
   </div>
   <div class='ocr_carea' id='block_1_40' title="bbox 504 2578 827 2635">
    <p class='ocr_par' dir='ltr' id='par_1_40' title="bbox 504 2578 827 2635">
     <span class='ocr_line' id='line_1_40' title="bbox 504 2578 827 2635; baseline -0.012 0"><span class='ocrx_word' id='word_1_238' title='bbox 504 2578 827 2635; x_wconf 88' lang='lat' dir='ltr'><strong>moderatis.</strong></span> 
     </span>
    </p>
   </div>
   <div class='ocr_carea' id='block_1_41' title="bbox 574 2669 2089 2741">
    <p class='ocr_par' dir='ltr' id='par_1_41' title="bbox 574 2669 2089 2741">
     <span class='ocr_line' id='line_1_41' title="bbox 574 2669 2089 2741; baseline 0.002 -17"><span class='ocrx_word' id='word_1_239' title='bbox 574 2670 786 2724; x_wconf 75' lang='lat' dir='ltr'><strong>Basilii.</strong></span> <span class='ocrx_word' id='word_1_240' title='bbox 816 2669 1038 2735; x_wconf 68' lang='lat' dir='ltr'><strong>—-Qu’ae</strong></span> <span class='ocrx_word' id='word_1_241' title='bbox 1083 2670 1291 2723; x_wconf 90' lang='lat' dir='ltr'><strong>animal</strong></span> <span class='ocrx_word' id='word_1_242' title='bbox 1336 2669 1644 2737; x_wconf 85' lang='lat' dir='ltr'><strong>dispensat,</strong></span> <span class='ocrx_word' id='word_1_243' title='bbox 1695 2671 1891 2735; x_wconf 88' lang='lat' dir='ltr'><strong>virtus,</strong></span> <span class='ocrx_word' id='word_1_244' title='bbox 1940 2672 2089 2741; x_wconf 87' lang='lat' dir='ltr'><strong>quod</strong></span> 
     </span>
    </p>
   </div>
   <div class='ocr_carea' id='block_1_42' title="bbox 506 2746 2086 2833">
    <p class='ocr_par' dir='ltr' id='par_1_42' title="bbox 506 2746 2086 2833">
     <span class='ocr_line' id='line_1_42' title="bbox 506 2746 2086 2833; baseline 0.003 -18"><span class='ocrx_word' id='word_1_245' title='bbox 506 2761 847 2816; x_wconf 66' lang='lat' dir='ltr'><strong>snllicicntite</strong></span> <span class='ocrx_word' id='word_1_246' title='bbox 881 2760 953 2815; x_wconf 91' lang='lat' dir='ltr'><strong>sit</strong></span> <span class='ocrx_word' id='word_1_247' title='bbox 986 2775 1048 2813; x_wconf 91' lang='lat' dir='ltr'><strong>ac</strong></span> <span class='ocrx_word' id='word_1_248' title='bbox 1071 2746 1345 2816; x_wconf 77' lang='lat' dir='ltr'><strong>tenuioris</strong></span> <span class='ocrx_word' id='word_1_249' title='bbox 1380 2760 1563 2815; x_wconf 80' lang='lat' dir='ltr'><strong>victus</strong></span> <span class='ocrx_word' id='word_1_250' title='bbox 1588 2760 1748 2817; x_wconf 82' lang='lat' dir='ltr'><strong>facile</strong></span> <span class='ocrx_word' id='word_1_251' title='bbox 1772 2763 2086 2833; x_wconf 77' lang='lat' dir='ltr'><strong>digesserit,</strong></span> 
     </span>
    </p>
   </div>
   <div class='ocr_carea' id='block_1_43' title="bbox 507 2842 2088 2921">
    <p class='ocr_par' dir='ltr' id='par_1_43' title="bbox 507 2842 2088 2921">
     <span class='ocr_line' id='line_1_43' title="bbox 507 2842 2088 2921; baseline 0.003 -17"><span class='ocrx_word' id='word_1_252' title='bbox 507 2865 573 2906; x_wconf 88' lang='lat' dir='ltr'><strong>ae</strong></span> <span class='ocrx_word' id='word_1_253' title='bbox 601 2850 849 2915; x_wconf 89' lang='lat' dir='ltr'><strong>animali,</strong></span> <span class='ocrx_word' id='word_1_254' title='bbox 880 2849 1028 2918; x_wconf 87' lang='lat' dir='ltr'><strong>quod</strong></span> <span class='ocrx_word' id='word_1_255' title='bbox 1058 2850 1324 2914; x_wconf 90' lang='lat' dir='ltr'><strong>nutritur,</strong></span> <span class='ocrx_word' id='word_1_256' title='bbox 1356 2842 1696 2905; x_wconf 85' lang='lat' dir='ltr'><strong>conveniens</strong></span> <span class='ocrx_word' id='word_1_257' title='bbox 1724 2860 1892 2921; x_wconf 84' lang='lat' dir='ltr'><strong>atque</strong></span> <span class='ocrx_word' id='word_1_258' title='bbox 1928 2853 2088 2908; x_wconf 89' lang='lat' dir='ltr'><strong>alIine</strong></span> 
     </span>
    </p>
   </div>
   <div class='ocr_carea' id='block_1_44' title="bbox 2261 1846 3767 1917">
    <p class='ocr_par' dir='ltr' id='par_1_44' title="bbox 2261 1846 3767 1917">
     <span class='ocr_line' id='line_1_44' title="bbox 2261 1846 3767 1917; baseline 0.001 -18"><span class='ocrx_word' id='word_1_259' title='bbox 2261 1847 2507 1914; x_wconf 77' lang='grc' dir='ltr'>Παροιμ.</span> <span class='ocrx_word' id='word_1_260' title='bbox 2548 1848 2624 1901; x_wconf 72' lang='lat' dir='ltr'><strong>.l&#39;.</strong></span> <span class='ocrx_word' id='word_1_261' title='bbox 2652 1875 2721 1886; x_wconf 95' lang='lat'><strong>—</strong></span> <span class='ocrx_word' id='word_1_262' title='bbox 2757 1846 2991 1900; x_wconf 86' lang='grc' dir='ltr'>Πλοῦτον</span> <span class='ocrx_word' id='word_1_263' title='bbox 3016 1848 3112 1900; x_wconf 75' lang='grc' dir='ltr'>καὶ</span> <span class='ocrx_word' id='word_1_264' title='bbox 3154 1847 3348 1901; x_wconf 90' lang='grc' dir='ltr'>πενίαν</span> <span class='ocrx_word' id='word_1_265' title='bbox 3387 1847 3462 1917; x_wconf 82' lang='grc' dir='ltr'>μή</span> <span class='ocrx_word' id='word_1_266' title='bbox 3521 1864 3611 1917; x_wconf 89' lang='grc' dir='ltr'><strong>μοι</strong></span> <span class='ocrx_word' id='word_1_267' title='bbox 3657 1848 3767 1916; x_wconf 76' lang='grc' dir='ltr'>δὸς,</span> 
     </span>
    </p>
   </div>
   <div class='ocr_carea' id='block_1_45' title="bbox 2190 1933 3766 2011">
    <p class='ocr_par' dir='ltr' id='par_1_45' title="bbox 2190 1933 3766 2011">
     <span class='ocr_line' id='line_1_45' title="bbox 2190 1933 3766 2011; baseline 0.005 -25"><span class='ocrx_word' id='word_1_268' title='bbox 2190 1933 2364 2006; x_wconf 81' lang='grc' dir='ltr'>Κύριε</span> <span class='ocrx_word' id='word_1_269' title='bbox 2396 1951 2408 1964; x_wconf 90' lang='grc'><strong>·</strong></span> <span class='ocrx_word' id='word_1_270' title='bbox 2435 1935 2696 2002; x_wconf 74' lang='grc' dir='ltr'>σύνταξον</span> <span class='ocrx_word' id='word_1_271' title='bbox 2720 1935 2775 1991; x_wconf 85' lang='grc' dir='ltr'>δέ</span> <span class='ocrx_word' id='word_1_272' title='bbox 2804 1954 2892 2006; x_wconf 90' lang='grc' dir='ltr'><strong>μοι</strong></span> <span class='ocrx_word' id='word_1_273' title='bbox 2920 1937 2989 1991; x_wconf 84' lang='grc' dir='ltr'><strong>τά</strong></span> <span class='ocrx_word' id='word_1_274' title='bbox 3018 1937 3208 1992; x_wconf 84' lang='grc' dir='ltr'>δέοντα</span> <span class='ocrx_word' id='word_1_275' title='bbox 3252 1938 3348 1994; x_wconf 76' lang='grc' dir='ltr'>καὶ</span> <span class='ocrx_word' id='word_1_276' title='bbox 3394 1940 3466 1993; x_wconf 82' lang='grc' dir='ltr'>τὰ</span> <span class='ocrx_word' id='word_1_277' title='bbox 3495 1940 3766 2011; x_wconf 81' lang='grc' dir='ltr'>αὐτάρκη,</span> 
     </span>
    </p>
   </div>
   <div class='ocr_carea' id='block_1_46' title="bbox 2190 2026 3771 2103">
    <p class='ocr_par' dir='ltr' id='par_1_46' title="bbox 2190 2026 3771 2103">
     <span class='ocr_line' id='line_1_46' title="bbox 2190 2026 3771 2103; baseline 0.004 -24"><span class='ocrx_word' id='word_1_278' title='bbox 2190 2026 2279 2079; x_wconf 86' lang='grc' dir='ltr'><strong>ῐνα</strong></span> <span class='ocrx_word' id='word_1_279' title='bbox 2311 2027 2386 2098; x_wconf 77' lang='grc' dir='ltr'><strong>μὴ</strong></span> <span class='ocrx_word' id='word_1_280' title='bbox 2418 2028 2679 2098; x_wconf 74' lang='grc' dir='ltr'>πλησθεὶς</span> <span class='ocrx_word' id='word_1_281' title='bbox 2708 2029 2910 2099; x_wconf 81' lang='grc' dir='ltr'>ψευδὴς</span> <span class='ocrx_word' id='word_1_282' title='bbox 2948 2029 3215 2100; x_wconf 87' lang='grc' dir='ltr'>γένωμαι,</span> <span class='ocrx_word' id='word_1_283' title='bbox 3248 2034 3344 2084; x_wconf 74' lang='grc' dir='ltr'>καὶ</span> <span class='ocrx_word' id='word_1_284' title='bbox 3378 2031 3541 2085; x_wconf 77' lang='grc' dir='ltr'>εἴπω·</span> <span class='ocrx_word' id='word_1_285' title='bbox 3578 2032 3674 2096; x_wconf 88' lang='grc' dir='ltr'><strong>Τίς</strong></span> <span class='ocrx_word' id='word_1_286' title='bbox 3703 2050 3771 2103; x_wconf 85' lang='grc' dir='ltr'>με</span> 
     </span>
    </p>
   </div>
   <div class='ocr_carea' id='block_1_47' title="bbox 2189 2118 3773 2193">
    <p class='ocr_par' dir='ltr' id='par_1_47' title="bbox 2189 2118 3773 2193">
     <span class='ocr_line' id='line_1_47' title="bbox 2189 2118 3773 2193; baseline 0.003 -23"><span class='ocrx_word' id='word_1_287' title='bbox 2189 2118 2313 2188; x_wconf 80' lang='grc' dir='ltr'>ὁρᾷ,</span> <span class='ocrx_word' id='word_1_288' title='bbox 2376 2118 2410 2188; x_wconf 79' lang='grc' dir='ltr'>ἢ</span> <span class='ocrx_word' id='word_1_289' title='bbox 2462 2119 2720 2190; x_wconf 55' lang='lat' dir='ltr'><strong>«mea;</strong></span> <span class='ocrx_word' id='word_1_290' title='bbox 2764 2119 2947 2190; x_wconf 79' lang='grc' dir='ltr'>κλὲψω</span> <span class='ocrx_word' id='word_1_291' title='bbox 3004 2120 3102 2183; x_wconf 80' lang='lat' dir='ltr'><strong>(ml</strong></span> <span class='ocrx_word' id='word_1_292' title='bbox 3161 2121 3257 2175; x_wconf 78' lang='grc' dir='ltr'>καὶ</span> <span class='ocrx_word' id='word_1_293' title='bbox 3299 2121 3487 2191; x_wconf 79' lang='grc' dir='ltr'>ὀμόσω</span> <span class='ocrx_word' id='word_1_294' title='bbox 3512 2122 3574 2174; x_wconf 84' lang='grc' dir='ltr'><strong>τὸ</strong></span> <span class='ocrx_word' id='word_1_295' title='bbox 3602 2122 3773 2193; x_wconf 75' lang='grc' dir='ltr'>ὄνομα</span> 
     </span>
    </p>
   </div>
   <div class='ocr_carea' id='block_1_48' title="bbox 2189 2211 2476 2269">
    <p class='ocr_par' dir='ltr' id='par_1_48' title="bbox 2189 2211 2476 2269">
     <span class='ocr_line' id='line_1_48' title="bbox 2189 2211 2476 2269; baseline 0.017 -6"><span class='ocrx_word' id='word_1_296' title='bbox 2189 2211 2284 2263; x_wconf 88' lang='grc' dir='ltr'><strong>τοῦ</strong></span> <span class='ocrx_word' id='word_1_297' title='bbox 2319 2211 2476 2269; x_wconf 82' lang='grc' dir='ltr'>Θεοῦ.</span> 
     </span>
    </p>
   </div>
   <div class='ocr_carea' id='block_1_49' title="bbox 2260 2304 3774 2381">
    <p class='ocr_par' dir='ltr' id='par_1_49' title="bbox 2260 2304 3774 2381">
     <span class='ocr_line' id='line_1_49' title="bbox 2260 2304 3774 2381; baseline 0.001 -22"><span class='ocrx_word' id='word_1_298' title='bbox 2260 2304 2445 2374; x_wconf 80' lang='grc' dir='ltr'>Σιρὰχ</span> <span class='ocrx_word' id='word_1_299' title='bbox 2486 2304 2565 2375; x_wconf 83' lang='grc' dir='ltr'>μ’.</span> <span class='ocrx_word' id='word_1_300' title='bbox 2620 2337 2691 2346; x_wconf 91' lang='lat'><strong>—</strong></span> <span class='ocrx_word' id='word_1_301' title='bbox 2724 2307 2847 2379; x_wconf 82' lang='grc' dir='ltr'><strong>Ζωὴ</strong></span> <span class='ocrx_word' id='word_1_302' title='bbox 2885 2308 3223 2379; x_wconf 85' lang='grc' dir='ltr'>αὐταρκείας</span> <span class='ocrx_word' id='word_1_303' title='bbox 3270 2308 3505 2381; x_wconf 74' lang='grc' dir='ltr'>ἐργάτου</span> <span class='ocrx_word' id='word_1_304' title='bbox 3535 2309 3774 2376; x_wconf 85' lang='grc' dir='ltr'>γλυκαν-</span> 
     </span>
    </p>
   </div>
   <div class='ocr_carea' id='block_1_50' title="bbox 2191 2393 2433 2467">
    <p class='ocr_par' dir='ltr' id='par_1_50' title="bbox 2191 2393 2433 2467">
     <span class='ocr_line' id='line_1_50' title="bbox 2191 2393 2433 2467; baseline 0.008 -19"><span class='ocrx_word' id='word_1_305' title='bbox 2191 2393 2255 2467; x_wconf 82' lang='grc' dir='ltr'>θή</span> <span class='ocrx_word' id='word_1_306' title='bbox 2264 2412 2433 2450; x_wconf 86' lang='grc' dir='ltr'>σεται.</span> 
     </span>
    </p>
   </div>
   <div class='ocr_carea' id='block_1_51' title="bbox 2260 2485 3767 2559">
    <p class='ocr_par' dir='ltr' id='par_1_51' title="bbox 2260 2485 3767 2559">
     <span class='ocr_line' id='line_1_51' title="bbox 2260 2485 3767 2559; baseline -0.001 -16"><span class='ocrx_word' id='word_1_307' title='bbox 2260 2490 2445 2559; x_wconf 82' lang='grc' dir='ltr'>Σιρὰχ</span> <span class='ocrx_word' id='word_1_308' title='bbox 2476 2485 2553 2543; x_wconf 75' lang='grc' dir='ltr'><strong>λ’.</strong></span> <span class='ocrx_word' id='word_1_309' title='bbox 2583 2520 2653 2529; x_wconf 93' lang='grc'><strong><em>-</em></strong></span> <span class='ocrx_word' id='word_1_310' title='bbox 2680 2489 2889 2551; x_wconf 83' lang='grc' dir='ltr'>’Ύπνος</span> <span class='ocrx_word' id='word_1_311' title='bbox 2917 2489 3106 2557; x_wconf 79' lang='grc' dir='ltr'>ὑγείας</span> <span class='ocrx_word' id='word_1_312' title='bbox 3129 2490 3220 2542; x_wconf 72' lang='grc' dir='ltr'><strong>ἐπὶ</strong></span> <span class='ocrx_word' id='word_1_313' title='bbox 3237 2489 3470 2559; x_wconf 74' lang='grc' dir='ltr'>ἐντέρων</span> <span class='ocrx_word' id='word_1_314' title='bbox 3513 2487 3767 2559; x_wconf 82' lang='grc' dir='ltr'>μετρίων.</span> 
     </span>
    </p>
   </div>
   <div class='ocr_carea' id='block_1_52' title="bbox 2260 2665 3760 2738">
    <p class='ocr_par' dir='ltr' id='par_1_52' title="bbox 2260 2665 3760 2738">
     <span class='ocr_line' id='line_1_52' title="bbox 2260 2665 3760 2738; baseline -0.003 -15"><span class='ocrx_word' id='word_1_315' title='bbox 2260 2670 2607 2724; x_wconf 72' lang='grc' dir='ltr'>Βασίλειον.</span> <span class='ocrx_word' id='word_1_316' title='bbox 2642 2698 2714 2710; x_wconf 85' lang='lat'><strong>-</strong></span> <span class='ocrx_word' id='word_1_317' title='bbox 2761 2670 2826 2722; x_wconf 82' lang='grc' dir='ltr'><em>Ἢ</em></span> <span class='ocrx_word' id='word_1_318' title='bbox 2861 2668 3217 2738; x_wconf 59' lang='grc' dir='ltr'>οἰκονομοῦτα</span> <span class='ocrx_word' id='word_1_319' title='bbox 3250 2666 3310 2720; x_wconf 79' lang='grc' dir='ltr'>τὸ</span> <span class='ocrx_word' id='word_1_320' title='bbox 3342 2666 3480 2731; x_wconf 80' lang='grc' dir='ltr'>ζῶον</span> <span class='ocrx_word' id='word_1_321' title='bbox 3511 2665 3760 2737; x_wconf 71' lang='grc' dir='ltr'>δύναμις,</span> 
     </span>
    </p>
   </div>
   <div class='ocr_carea' id='block_1_53' title="bbox 2190 2760 3767 2833">
    <p class='ocr_par' dir='ltr' id='par_1_53' title="bbox 2190 2760 3767 2833">
     <span class='ocr_line' id='line_1_53' title="bbox 2190 2760 3767 2833; baseline -0.003 -18"><span class='ocrx_word' id='word_1_322' title='bbox 2190 2761 2525 2833; x_wconf 74' lang='grc' dir='ltr'>αὐτάρκειαν</span> <span class='ocrx_word' id='word_1_323' title='bbox 2568 2763 2666 2832; x_wconf 76' lang='grc' dir='ltr'><strong>μὲν</strong></span> <span class='ocrx_word' id='word_1_324' title='bbox 2712 2763 2807 2815; x_wconf 74' lang='grc' dir='ltr'>καὶ</span> <span class='ocrx_word' id='word_1_325' title='bbox 2858 2763 3114 2831; x_wconf 83' lang='grc' dir='ltr'>λιτότητα</span> <span class='ocrx_word' id='word_1_326' title='bbox 3143 2761 3332 2832; x_wconf 78' lang='grc' dir='ltr'>ῥᾳδίως</span> <span class='ocrx_word' id='word_1_327' title='bbox 3350 2760 3767 2830; x_wconf 79' lang='grc' dir='ltr'>κατεκργάσατο</span> 
     </span>
    </p>
   </div>
   <div class='ocr_carea' id='block_1_54' title="bbox 2190 2850 3769 2923">
    <p class='ocr_par' dir='ltr' id='par_1_54' title="bbox 2190 2850 3769 2923">
     <span class='ocr_line' id='line_1_54' title="bbox 2190 2850 3769 2923; baseline -0.003 -18"><span class='ocrx_word' id='word_1_328' title='bbox 2190 2853 2285 2905; x_wconf 79' lang='grc' dir='ltr'>καὶ</span> <span class='ocrx_word' id='word_1_329' title='bbox 2312 2853 2557 2922; x_wconf 84' lang='grc' dir='ltr'>ᾡκείωσε</span> <span class='ocrx_word' id='word_1_330' title='bbox 2609 2852 2687 2921; x_wconf 83' lang='grc' dir='ltr'><strong>τῷ</strong></span> <span class='ocrx_word' id='word_1_331' title='bbox 2741 2853 3100 2923; x_wconf 59' lang='grc' dir='ltr'>τρεφομένην</span> <span class='ocrx_word' id='word_1_332' title='bbox 3155 2851 3509 2904; x_wconf 79' lang='grc' dir='ltr'>πολυτέλειαν</span> <span class='ocrx_word' id='word_1_333' title='bbox 3569 2850 3625 2902; x_wconf 75' lang='grc' dir='ltr'><strong>δὲ</strong></span> <span class='ocrx_word' id='word_1_334' title='bbox 3672 2850 3769 2902; x_wconf 76' lang='grc' dir='ltr'>καὶ</span> 
     </span>
    </p>
   </div>
   <div class='ocr_carea' id='block_1_55' title="bbox 507 2939 2089 3020">
    <p class='ocr_par' dir='ltr' id='par_1_55' title="bbox 507 2941 2087 3016">
     <span class='ocr_line' id='line_1_55' title="bbox 507 2941 2087 3016; baseline 0.003 -18"><span class='ocrx_word' id='word_1_335' title='bbox 507 2943 814 2998; x_wconf 87' lang='lat' dir='ltr'><strong>reddiderit</strong></span> <span class='ocrx_word' id='word_1_336' title='bbox 851 2959 864 2995; x_wconf 92' lang='lat'>:</span> <span class='ocrx_word' id='word_1_337' title='bbox 902 2942 1051 2995; x_wconf 89' lang='lat' dir='ltr'><strong>lauto</strong></span> <span class='ocrx_word' id='word_1_338' title='bbox 1085 2941 1249 3013; x_wconf 69' lang='grc'><strong>574</strong></span> <span class='ocrx_word' id='word_1_339' title='bbox 1292 2957 1426 2995; x_wconf 89' lang='lat' dir='ltr'><strong>vero</strong></span> <span class='ocrx_word' id='word_1_340' title='bbox 1469 2953 1737 3012; x_wconf 84' lang='lat' dir='ltr'><strong>apparatu</strong></span> <span class='ocrx_word' id='word_1_341' title='bbox 1770 2945 2087 3016; x_wconf 85' lang='lat' dir='ltr'><strong>diversique</strong></span> 
     </span>
    </p>
   </div>
   <div class='ocr_carea' id='block_1_56' title="bbox 2190 2939 3771 3020">
    <p class='ocr_par' dir='ltr' id='par_1_56' title="bbox 2192 2939 3771 3015">
     <span class='ocr_line' id='line_1_56' title="bbox 2192 2939 3771 3015; baseline -0.003 -16"><span class='ocrx_word' id='word_1_342' title='bbox 2192 2944 2464 2999; x_wconf 84' lang='grc' dir='ltr'>ποικιλίαν</span> <span class='ocrx_word' id='word_1_343' title='bbox 2498 2944 2804 3015; x_wconf 85' lang='grc' dir='ltr'>βρωμάτων</span> <span class='ocrx_word' id='word_1_344' title='bbox 2848 2944 3278 3015; x_wconf 89' lang='grc' dir='ltr'>παραλαϐοῦσα,</span> <span class='ocrx_word' id='word_1_345' title='bbox 3330 2939 3449 2995; x_wconf 85' lang='grc' dir='ltr'>εἶτα</span> <span class='ocrx_word' id='word_1_346' title='bbox 3501 2944 3771 3011; x_wconf 79' lang='grc' dir='ltr'>ἀντισχεῖν</span> 
     </span>
    </p>
   </div>
   <div class='ocr_carea' id='block_1_57' title="bbox 506 3032 2093 3104">
    <p class='ocr_par' dir='ltr' id='par_1_57' title="bbox 506 3032 2093 3104">
     <span class='ocr_line' id='line_1_57' title="bbox 506 3032 2093 3104; baseline 0.006 -18"><span class='ocrx_word' id='word_1_347' title='bbox 506 3032 724 3104; x_wconf 80' lang='lat' dir='ltr'><strong>generis</strong></span> <span class='ocrx_word' id='word_1_348' title='bbox 751 3033 1051 3101; x_wconf 86' lang='lat' dir='ltr'><strong>assumptis</strong></span> <span class='ocrx_word' id='word_1_349' title='bbox 1079 3032 1236 3097; x_wconf 89' lang='lat' dir='ltr'><strong>cibis,</strong></span> <span class='ocrx_word' id='word_1_350' title='bbox 1265 3040 1491 3102; x_wconf 90' lang='lat' dir='ltr'><strong>tumque</strong></span> <span class='ocrx_word' id='word_1_351' title='bbox 1526 3034 1581 3087; x_wconf 93' lang='lat' dir='ltr'><strong>in</strong></span> <span class='ocrx_word' id='word_1_352' title='bbox 1624 3035 1785 3089; x_wconf 87' lang='lat' dir='ltr'><strong>linem</strong></span> <span class='ocrx_word' id='word_1_353' title='bbox 1838 3052 1945 3091; x_wconf 92' lang='lat' dir='ltr'><strong>non</strong></span> <span class='ocrx_word' id='word_1_354' title='bbox 1994 3053 2093 3095; x_wconf 85' lang='lat' dir='ltr'><strong>va-</strong></span> 
     </span>
    </p>
   </div>
   <div class='ocr_carea' id='block_1_58' title="bbox 505 3123 1878 3196">
    <p class='ocr_par' dir='ltr' id='par_1_58' title="bbox 505 3123 1878 3196">
     <span class='ocr_line' id='line_1_58' title="bbox 505 3123 1878 3196; baseline 0.003 -18"><span class='ocrx_word' id='word_1_355' title='bbox 505 3124 625 3179; x_wconf 89' lang='lat' dir='ltr'><strong>lens</strong></span> <span class='ocrx_word' id='word_1_356' title='bbox 662 3123 953 3188; x_wconf 86' lang='lat' dir='ltr'><strong>obsistere,</strong></span> <span class='ocrx_word' id='word_1_357' title='bbox 986 3125 1137 3177; x_wconf 91' lang='lat' dir='ltr'><strong>varia</strong></span> <span class='ocrx_word' id='word_1_358' title='bbox 1159 3125 1475 3179; x_wconf 88' lang='lat' dir='ltr'><strong>morborum</strong></span> <span class='ocrx_word' id='word_1_359' title='bbox 1498 3141 1698 3196; x_wconf 84' lang='lat' dir='ltr'><strong>genera</strong></span> <span class='ocrx_word' id='word_1_360' title='bbox 1728 3128 1878 3182; x_wconf 83' lang='lat' dir='ltr'><strong>facit.</strong></span> 
     </span>
    </p>
   </div>
   <div class='ocr_carea' id='block_1_59' title="bbox 580 3215 2173 3285">
    <p class='ocr_par' dir='ltr' id='par_1_59' title="bbox 580 3215 2173 3285">
     <span class='ocr_line' id='line_1_59' title="bbox 580 3215 2173 3285; baseline 0.003 -14"><span class='ocrx_word' id='word_1_361' title='bbox 580 3215 842 3285; x_wconf 80' lang='lat' dir='ltr'><strong>Theologi.</strong></span> <span class='ocrx_word' id='word_1_362' title='bbox 874 3246 948 3256; x_wconf 95' lang='lat'><strong>—</strong></span> <span class='ocrx_word' id='word_1_363' title='bbox 973 3216 1200 3270; x_wconf 65' lang='lat' dir='ltr'><strong>Praestat</strong></span> <span class='ocrx_word' id='word_1_364' title='bbox 1248 3216 1408 3285; x_wconf 83' lang='lat' dir='ltr'><strong>longe</strong></span> <span class='ocrx_word' id='word_1_365' title='bbox 1439 3231 1612 3285; x_wconf 88' lang='lat' dir='ltr'><strong>pauca</strong></span> <span class='ocrx_word' id='word_1_366' title='bbox 1643 3217 1785 3273; x_wconf 89' lang='lat' dir='ltr'><strong>bene</strong></span> <span class='ocrx_word' id='word_1_367' title='bbox 1828 3219 2091 3275; x_wconf 86' lang='lat' dir='ltr'><strong>boneste-</strong></span> <span class='ocrx_word' id='word_1_368' title='bbox 2167 3238 2173 3245; x_wconf 91' lang='grc'>·</span> 
     </span>
    </p>
   </div>
   <div class='ocr_carea' id='block_1_60' title="bbox 506 3304 1470 3377">
    <p class='ocr_par' dir='ltr' id='par_1_60' title="bbox 506 3304 1470 3377">
     <span class='ocr_line' id='line_1_60' title="bbox 506 3304 1470 3377; baseline 0 -18"><span class='ocrx_word' id='word_1_369' title='bbox 506 3319 614 3377; x_wconf 89' lang='lat' dir='ltr'><strong>que</strong></span> <span class='ocrx_word' id='word_1_370' title='bbox 651 3304 875 3368; x_wconf 83' lang='lat' dir='ltr'><strong>habere,</strong></span> <span class='ocrx_word' id='word_1_371' title='bbox 914 3320 1078 3374; x_wconf 91' lang='lat' dir='ltr'><strong>quam</strong></span> <span class='ocrx_word' id='word_1_372' title='bbox 1113 3304 1283 3358; x_wconf 89' lang='lat' dir='ltr'><strong>multa</strong></span> <span class='ocrx_word' id='word_1_373' title='bbox 1308 3304 1470 3359; x_wconf 88' lang='lat' dir='ltr'><strong>male.</strong></span> 
     </span>
    </p>
   </div>
   <div class='ocr_carea' id='block_1_61' title="bbox 579 3394 2092 3468">
    <p class='ocr_par' dir='ltr' id='par_1_61' title="bbox 579 3394 2092 3468">
     <span class='ocr_line' id='line_1_61' title="bbox 579 3394 2092 3468; baseline 0.001 -16"><span class='ocrx_word' id='word_1_374' title='bbox 579 3394 849 3467; x_wconf 79' lang='lat' dir='ltr'><strong>Chrysost.</strong></span> <span class='ocrx_word' id='word_1_375' title='bbox 882 3425 955 3435; x_wconf 91' lang='lat'><strong><em>—</em></strong></span> <span class='ocrx_word' id='word_1_376' title='bbox 992 3395 1114 3451; x_wconf 88' lang='lat' dir='ltr'><strong>Non</strong></span> <span class='ocrx_word' id='word_1_377' title='bbox 1166 3396 1257 3449; x_wconf 91' lang='lat' dir='ltr'><strong>ille</strong></span> <span class='ocrx_word' id='word_1_378' title='bbox 1310 3394 1466 3451; x_wconf 87' lang='lat' dir='ltr'><strong>dives</strong></span> <span class='ocrx_word' id='word_1_379' title='bbox 1517 3405 1625 3462; x_wconf 91' lang='lat' dir='ltr'><strong>est,</strong></span> <span class='ocrx_word' id='word_1_380' title='bbox 1678 3397 1775 3468; x_wconf 88' lang='lat' dir='ltr'><strong>qui</strong></span> <span class='ocrx_word' id='word_1_381' title='bbox 1812 3398 1986 3454; x_wconf 89' lang='lat' dir='ltr'><strong>multa</strong></span> <span class='ocrx_word' id='word_1_382' title='bbox 2031 3400 2092 3454; x_wconf 91' lang='lat' dir='ltr'><strong>in</strong></span> 
     </span>
    </p>
   </div>
   <div class='ocr_carea' id='block_1_62' title="bbox 504 3486 1707 3557">
    <p class='ocr_par' dir='ltr' id='par_1_62' title="bbox 504 3486 1707 3557">
     <span class='ocr_line' id='line_1_62' title="bbox 504 3486 1707 3557; baseline 0.001 -16"><span class='ocrx_word' id='word_1_383' title='bbox 504 3502 675 3542; x_wconf 85' lang='lat' dir='ltr'><strong>censu</strong></span> <span class='ocrx_word' id='word_1_384' title='bbox 698 3486 885 3550; x_wconf 88' lang='lat' dir='ltr'><strong>habet,</strong></span> <span class='ocrx_word' id='word_1_385' title='bbox 924 3486 1020 3540; x_wconf 90' lang='lat' dir='ltr'><strong>sed</strong></span> <span class='ocrx_word' id='word_1_386' title='bbox 1055 3486 1149 3555; x_wconf 91' lang='lat' dir='ltr'><strong>qui</strong></span> <span class='ocrx_word' id='word_1_387' title='bbox 1180 3486 1536 3556; x_wconf 85' lang='lat' dir='ltr'><strong>paucioribus</strong></span> <span class='ocrx_word' id='word_1_388' title='bbox 1566 3496 1707 3557; x_wconf 87' lang='lat' dir='ltr'><strong>eget.</strong></span> 
     </span>
    </p>
   </div>
   <div class='ocr_carea' id='block_1_63' title="bbox 454 3576 2090 3649">
    <p class='ocr_par' dir='ltr' id='par_1_63' title="bbox 454 3576 2090 3649">
     <span class='ocr_line' id='line_1_63' title="bbox 454 3576 2090 3649; baseline 0.001 -17"><span class='ocrx_word' id='word_1_389' title='bbox 454 3611 461 3617; x_wconf 90' lang='lat'><strong>-</strong></span> <span class='ocrx_word' id='word_1_390' title='bbox 574 3577 655 3632; x_wconf 81' lang='lat' dir='ltr'><strong>Ad</strong></span> <span class='ocrx_word' id='word_1_391' title='bbox 684 3578 815 3647; x_wconf 84' lang='lat' dir='ltr'><strong>justi</strong></span> <span class='ocrx_word' id='word_1_392' title='bbox 841 3592 975 3631; x_wconf 89' lang='lat' dir='ltr'><strong>usus</strong></span> <span class='ocrx_word' id='word_1_393' title='bbox 994 3576 1338 3646; x_wconf 90' lang='lat' dir='ltr'><strong>compendia,</strong></span> <span class='ocrx_word' id='word_1_394' title='bbox 1371 3576 1589 3642; x_wconf 84' lang='lat' dir='ltr'><strong>fratres,</strong></span> <span class='ocrx_word' id='word_1_395' title='bbox 1616 3593 1727 3632; x_wconf 90' lang='lat' dir='ltr'><strong>non</strong></span> <span class='ocrx_word' id='word_1_396' title='bbox 1749 3579 1815 3633; x_wconf 92' lang='lat' dir='ltr'><strong>ad</strong></span> <span class='ocrx_word' id='word_1_397' title='bbox 1837 3580 2090 3649; x_wconf 83' lang='lat' dir='ltr'><strong>volupta-</strong></span> 
     </span>
    </p>
   </div>
   <div class='ocr_carea' id='block_1_64' title="bbox 505 3667 2088 3739">
    <p class='ocr_par' dir='ltr' id='par_1_64' title="bbox 505 3667 2088 3739">
     <span class='ocr_line' id='line_1_64' title="bbox 505 3667 2088 3739; baseline 0.001 -15"><span class='ocrx_word' id='word_1_398' title='bbox 505 3678 617 3725; x_wconf 87' lang='lat' dir='ltr'><strong>tem</strong></span> <span class='ocrx_word' id='word_1_399' title='bbox 648 3670 760 3723; x_wconf 88' lang='lat' dir='ltr'><strong>vita</strong></span> <span class='ocrx_word' id='word_1_400' title='bbox 796 3667 1187 3722; x_wconf 89' lang='lat' dir='ltr'><strong>contribuitur.</strong></span> <span class='ocrx_word' id='word_1_401' title='bbox 1220 3667 1377 3734; x_wconf 85' lang='lat' dir='ltr'><strong>Quod</strong></span> <span class='ocrx_word' id='word_1_402' title='bbox 1426 3667 1593 3737; x_wconf 85' lang='lat' dir='ltr'><strong>igitur</strong></span> <span class='ocrx_word' id='word_1_403' title='bbox 1645 3677 1857 3723; x_wconf 72' lang='lat' dir='ltr'><strong>naturae</strong></span> <span class='ocrx_word' id='word_1_404' title='bbox 1893 3685 2088 3739; x_wconf 88' lang='lat' dir='ltr'><strong>super-</strong></span> 
     </span>
    </p>
   </div>
   <div class='ocr_carea' id='block_1_65' title="bbox 505 3758 2084 3829">
    <p class='ocr_par' dir='ltr' id='par_1_65' title="bbox 505 3758 2084 3829">
     <span class='ocr_line' id='line_1_65' title="bbox 505 3758 2084 3829; baseline -0.003 -11"><span class='ocrx_word' id='word_1_405' title='bbox 505 3762 675 3819; x_wconf 80' lang='lat' dir='ltr'><strong>ﬂuum</strong></span> <span class='ocrx_word' id='word_1_406' title='bbox 703 3770 790 3816; x_wconf 92' lang='lat' dir='ltr'><strong>est</strong></span> <span class='ocrx_word' id='word_1_407' title='bbox 832 3767 1197 3829; x_wconf 86' lang='lat' dir='ltr'><strong>amputantes,</strong></span> <span class='ocrx_word' id='word_1_408' title='bbox 1223 3758 1372 3828; x_wconf 91' lang='lat' dir='ltr'><strong>quod</strong></span> <span class='ocrx_word' id='word_1_409' title='bbox 1421 3759 1794 3813; x_wconf 89' lang='lat' dir='ltr'><strong>necessarium</strong></span> <span class='ocrx_word' id='word_1_410' title='bbox 1827 3769 1913 3817; x_wconf 92' lang='lat' dir='ltr'><strong>est</strong></span> <span class='ocrx_word' id='word_1_411' title='bbox 1944 3761 2084 3816; x_wconf 84' lang='lat' dir='ltr'><strong>asci-</strong></span> 
     </span>
    </p>
   </div>
   <div class='ocr_carea' id='block_1_66' title="bbox 506 3868 753 3911">
    <p class='ocr_par' dir='ltr' id='par_1_66' title="bbox 506 3868 753 3911">
     <span class='ocr_line' id='line_1_66' title="bbox 506 3868 753 3911; baseline -0.02 0"><span class='ocrx_word' id='word_1_412' title='bbox 506 3868 753 3911; x_wconf 85' lang='lat' dir='ltr'><strong>scamus.</strong></span> 
     </span>
    </p>
   </div>
   <div class='ocr_carea' id='block_1_67' title="bbox 576 3940 2088 4000">
    <p class='ocr_par' dir='ltr' id='par_1_67' title="bbox 576 3940 2088 4000">
     <span class='ocr_line' id='line_1_67' title="bbox 576 3940 2088 4000; baseline 0 -3"><span class='ocrx_word' id='word_1_413' title='bbox 576 3942 704 4000; x_wconf 85' lang='lat' dir='ltr'><strong>Nili.</strong></span> <span class='ocrx_word' id='word_1_414' title='bbox 754 3972 820 3982; x_wconf 90' lang='lat'><strong><em>—</em></strong></span> <span class='ocrx_word' id='word_1_415' title='bbox 850 3941 1066 3995; x_wconf 90' lang='lat' dir='ltr'><strong>Bonum</strong></span> <span class='ocrx_word' id='word_1_416' title='bbox 1118 3948 1205 3995; x_wconf 90' lang='lat' dir='ltr'><strong>est</strong></span> <span class='ocrx_word' id='word_1_417' title='bbox 1256 3940 1403 3995; x_wconf 86' lang='lat' dir='ltr'><strong>intra</strong></span> <span class='ocrx_word' id='word_1_418' title='bbox 1448 3940 1792 3996; x_wconf 84' lang='lat' dir='ltr'><strong>necessitatis</strong></span> <span class='ocrx_word' id='word_1_419' title='bbox 1838 3956 1897 3996; x_wconf 90' lang='lat' dir='ltr'><strong>se</strong></span> <span class='ocrx_word' id='word_1_420' title='bbox 1950 3942 2088 3998; x_wconf 87' lang='lat' dir='ltr'><strong>lines</strong></span> 
     </span>
    </p>
   </div>
   <div class='ocr_carea' id='block_1_68' title="bbox 503 4030 2087 4097">
    <p class='ocr_par' dir='ltr' id='par_1_68' title="bbox 503 4030 2087 4097">
     <span class='ocr_line' id='line_1_68' title="bbox 503 4030 2087 4097; baseline 0.003 -12"><span class='ocrx_word' id='word_1_421' title='bbox 503 4034 825 4097; x_wconf 59' lang='lat' dir='ltr'><strong>continere,</strong></span> <span class='ocrx_word' id='word_1_422' title='bbox 880 4047 946 4087; x_wconf 88' lang='lat' dir='ltr'><strong>ac</strong></span> <span class='ocrx_word' id='word_1_423' title='bbox 987 4047 1057 4086; x_wconf 91' lang='lat' dir='ltr'><strong>ne</strong></span> <span class='ocrx_word' id='word_1_424' title='bbox 1101 4032 1209 4086; x_wconf 84' lang='lat' dir='ltr'><strong>hoc</strong></span> <span class='ocrx_word' id='word_1_425' title='bbox 1255 4030 1587 4086; x_wconf 79' lang='lat' dir='ltr'><strong>excedamus</strong></span> <span class='ocrx_word' id='word_1_426' title='bbox 1616 4033 1832 4088; x_wconf 87' lang='lat' dir='ltr'><strong>cunctis</strong></span> <span class='ocrx_word' id='word_1_427' title='bbox 1874 4032 2087 4089; x_wconf 86' lang='lat' dir='ltr'><strong>viribus</strong></span> 
     </span>
    </p>
   </div>
   <div class='ocr_carea' id='block_1_69' title="bbox 504 4122 2086 4194">
    <p class='ocr_par' dir='ltr' id='par_1_69' title="bbox 504 4122 2086 4194">
     <span class='ocr_line' id='line_1_69' title="bbox 504 4122 2086 4194; baseline -0.003 -13"><span class='ocrx_word' id='word_1_428' title='bbox 504 4124 861 4182; x_wconf 86' lang='lat' dir='ltr'><strong>contendere.</strong></span> <span class='ocrx_word' id='word_1_429' title='bbox 879 4124 1015 4178; x_wconf 83' lang='lat' dir='ltr'><strong>Nam</strong></span> <span class='ocrx_word' id='word_1_430' title='bbox 1042 4123 1090 4177; x_wconf 91' lang='lat' dir='ltr'><strong>si</strong></span> <span class='ocrx_word' id='word_1_431' title='bbox 1116 4122 1243 4192; x_wconf 91' lang='lat' dir='ltr'><strong>quis</strong></span> <span class='ocrx_word' id='word_1_432' title='bbox 1265 4122 1352 4176; x_wconf 88' lang='lat' dir='ltr'><strong>vel</strong></span> <span class='ocrx_word' id='word_1_433' title='bbox 1382 4122 1657 4176; x_wconf 88' lang='lat' dir='ltr'><strong>modicum</strong></span> <span class='ocrx_word' id='word_1_434' title='bbox 1683 4138 1781 4194; x_wconf 88' lang='lat' dir='ltr'><strong>per</strong></span> <span class='ocrx_word' id='word_1_435' title='bbox 1808 4123 2086 4192; x_wconf 90' lang='lat' dir='ltr'><strong>cupidita-</strong></span> 
     </span>
    </p>
   </div>
   <div class='ocr_carea' id='block_1_70' title="bbox 504 4210 2086 4276">
    <p class='ocr_par' dir='ltr' id='par_1_70' title="bbox 504 4210 2086 4276">
     <span class='ocr_line' id='line_1_70' title="bbox 504 4210 2086 4276; baseline -0.003 -4"><span class='ocrx_word' id='word_1_436' title='bbox 504 4227 615 4272; x_wconf 92' lang='lat' dir='ltr'><strong>tem</strong></span> <span class='ocrx_word' id='word_1_437' title='bbox 656 4216 722 4270; x_wconf 87' lang='lat' dir='ltr'><strong>ad</strong></span> <span class='ocrx_word' id='word_1_438' title='bbox 777 4214 904 4269; x_wconf 72' lang='lat' dir='ltr'><strong>vita:</strong></span> <span class='ocrx_word' id='word_1_439' title='bbox 956 4213 1190 4268; x_wconf 89' lang='lat' dir='ltr'><strong>delicias</strong></span> <span class='ocrx_word' id='word_1_440' title='bbox 1244 4210 1489 4266; x_wconf 90' lang='lat' dir='ltr'><strong>animum</strong></span> <span class='ocrx_word' id='word_1_441' title='bbox 1526 4211 1849 4276; x_wconf 79' lang='lat' dir='ltr'><strong>deﬂexerit,</strong></span> <span class='ocrx_word' id='word_1_442' title='bbox 1901 4214 2086 4269; x_wconf 90' lang='lat' dir='ltr'><strong>nullus</strong></span> 
     </span>
    </p>
   </div>
   <div class='ocr_carea' id='block_1_71' title="bbox 2194 3027 3769 3107">
    <p class='ocr_par' dir='ltr' id='par_1_71' title="bbox 2194 3027 3769 3107">
     <span class='ocr_line' id='line_1_71' title="bbox 2194 3027 3769 3107; baseline -0.003 -17"><span class='ocrx_word' id='word_1_443' title='bbox 2194 3037 2330 3105; x_wconf 84' lang='grc' dir='ltr'>πρὸς</span> <span class='ocrx_word' id='word_1_444' title='bbox 2357 3036 2416 3089; x_wconf 84' lang='grc' dir='ltr'><strong>τὸ</strong></span> <span class='ocrx_word' id='word_1_445' title='bbox 2446 3037 2616 3107; x_wconf 82' lang='grc' dir='ltr'>πέρας</span> <span class='ocrx_word' id='word_1_446' title='bbox 2659 3037 2759 3091; x_wconf 84' lang='grc' dir='ltr'><strong>οὐκ</strong></span> <span class='ocrx_word' id='word_1_447' title='bbox 2812 3027 3190 3107; x_wconf 65' lang='grc' dir='ltr'>ὲπαρκέσάσα,</span> <span class='ocrx_word' id='word_1_448' title='bbox 3241 3036 3309 3091; x_wconf 84' lang='grc' dir='ltr'>τὰ</span> <span class='ocrx_word' id='word_1_449' title='bbox 3363 3033 3582 3088; x_wconf 82' lang='grc' dir='ltr'>ποικίλα</span> <span class='ocrx_word' id='word_1_450' title='bbox 3638 3035 3769 3103; x_wconf 81' lang='grc' dir='ltr'>γένη</span> 
     </span>
    </p>
   </div>
   <div class='ocr_carea' id='block_1_72' title="bbox 2190 3128 2999 3198">
    <p class='ocr_par' dir='ltr' id='par_1_72' title="bbox 2190 3128 2999 3198">
     <span class='ocr_line' id='line_1_72' title="bbox 2190 3128 2999 3198; baseline -0.001 -17"><span class='ocrx_word' id='word_1_451' title='bbox 2190 3130 2300 3181; x_wconf 86' lang='grc' dir='ltr'>τῶν</span> <span class='ocrx_word' id='word_1_452' title='bbox 2322 3129 2647 3198; x_wconf 86' lang='grc' dir='ltr'>νοσημάτων</span> <span class='ocrx_word' id='word_1_453' title='bbox 2676 3128 2999 3198; x_wconf 85' lang='grc' dir='ltr'>πεποίηκεν.</span> 
     </span>
    </p>
   </div>
   <div class='ocr_carea' id='block_1_73' title="bbox 2262 3213 3767 3288">
    <p class='ocr_par' dir='ltr' id='par_1_73' title="bbox 2262 3213 3767 3288">
     <span class='ocr_line' id='line_1_73' title="bbox 2262 3213 3767 3288; baseline -0.003 -15"><span class='ocrx_word' id='word_1_454' title='bbox 2262 3221 2579 3287; x_wconf 76' lang='grc' dir='ltr'>Θεολόγου,</span> <span class='ocrx_word' id='word_1_455' title='bbox 2608 3249 2681 3260; x_wconf 85' lang='grc'><strong>-</strong></span> <span class='ocrx_word' id='word_1_456' title='bbox 2702 3220 2777 3272; x_wconf 81' lang='grc' dir='ltr'><strong>Τὸ</strong></span> <span class='ocrx_word' id='word_1_457' title='bbox 2812 3219 2991 3281; x_wconf 86' lang='grc' dir='ltr'>καλῶς</span> <span class='ocrx_word' id='word_1_458' title='bbox 3018 3219 3162 3288; x_wconf 78' lang='grc' dir='ltr'>ἔχειν</span> <span class='ocrx_word' id='word_1_459' title='bbox 3193 3217 3377 3287; x_wconf 81' lang='grc' dir='ltr'>ὀλίγα,</span> <span class='ocrx_word' id='word_1_460' title='bbox 3403 3215 3537 3271; x_wconf 77' lang='grc' dir='ltr'>πολὺ</span> <span class='ocrx_word' id='word_1_461' title='bbox 3569 3213 3767 3286; x_wconf 82' lang='grc' dir='ltr'>τιμιώ-</span> 
     </span>
    </p>
   </div>
   <div class='ocr_carea' id='block_1_74' title="bbox 2189 3309 3079 3381">
    <p class='ocr_par' dir='ltr' id='par_1_74' title="bbox 2189 3309 3079 3381">
     <span class='ocr_line' id='line_1_74' title="bbox 2189 3309 3079 3381; baseline 0.002 -20"><span class='ocrx_word' id='word_1_462' title='bbox 2189 3326 2349 3380; x_wconf 86' lang='grc' dir='ltr'>τερον</span> <span class='ocrx_word' id='word_1_463' title='bbox 2378 3310 2471 3363; x_wconf 90' lang='grc' dir='ltr'><strong>τοῦ</strong></span> <span class='ocrx_word' id='word_1_464' title='bbox 2506 3311 2693 3374; x_wconf 85' lang='grc' dir='ltr'>κακῶς</span> <span class='ocrx_word' id='word_1_465' title='bbox 2718 3311 2865 3381; x_wconf 78' lang='grc' dir='ltr'>ἔχειν</span> <span class='ocrx_word' id='word_1_466' title='bbox 2890 3309 3079 3363; x_wconf 86' lang='grc' dir='ltr'>πολλά.</span> 
     </span>
    </p>
   </div>
   <div class='ocr_carea' id='block_1_75' title="bbox 2263 3395 3766 3469">
    <p class='ocr_par' dir='ltr' id='par_1_75' title="bbox 2263 3395 3766 3469">
     <span class='ocr_line' id='line_1_75' title="bbox 2263 3395 3766 3469; baseline -0.002 -16"><span class='ocrx_word' id='word_1_467' title='bbox 2263 3402 2564 3469; x_wconf 76' lang='grc' dir='ltr'>Χρυσοστ.</span> <span class='ocrx_word' id='word_1_468' title='bbox 2592 3432 2663 3441; x_wconf 92' lang='grc'><strong><em>-</em></strong></span> <span class='ocrx_word' id='word_1_469' title='bbox 2687 3402 2761 3455; x_wconf 83' lang='grc' dir='ltr'><strong>Οὐ</strong></span> <span class='ocrx_word' id='word_1_470' title='bbox 2801 3399 3057 3464; x_wconf 79' lang='grc' dir='ltr'>πλούσιός</span> <span class='ocrx_word' id='word_1_471' title='bbox 3091 3401 3239 3453; x_wconf 81' lang='grc' dir='ltr'>ἐστιν</span> <span class='ocrx_word' id='word_1_472' title='bbox 3276 3400 3506 3464; x_wconf 78' lang='grc' dir='ltr'>ἐκεῖνος,</span> <span class='ocrx_word' id='word_1_473' title='bbox 3538 3397 3567 3450; x_wconf 83' lang='grc' dir='ltr'>ὁ</span> <span class='ocrx_word' id='word_1_474' title='bbox 3598 3395 3766 3450; x_wconf 85' lang='grc' dir='ltr'>πολλά</span> 
     </span>
    </p>
   </div>
   <div class='ocr_carea' id='block_1_76' title="bbox 2191 3491 3412 3562">
    <p class='ocr_par' dir='ltr' id='par_1_76' title="bbox 2191 3491 3412 3562">
     <span class='ocr_line' id='line_1_76' title="bbox 2191 3491 3412 3562; baseline 0.002 -19"><span class='ocrx_word' id='word_1_475' title='bbox 2191 3493 2548 3562; x_wconf 84' lang='grc' dir='ltr'>κεκτημένος,</span> <span class='ocrx_word' id='word_1_476' title='bbox 2586 3492 2701 3545; x_wconf 78' lang='grc' dir='ltr'>ἀλλ’</span> <span class='ocrx_word' id='word_1_477' title='bbox 2732 3493 2761 3544; x_wconf 84' lang='grc' dir='ltr'>ὁ</span> <span class='ocrx_word' id='word_1_478' title='bbox 2795 3491 2869 3562; x_wconf 83' lang='grc' dir='ltr'>μὴ</span> <span class='ocrx_word' id='word_1_479' title='bbox 2897 3491 3106 3545; x_wconf 85' lang='grc' dir='ltr'>πολλῶν</span> <span class='ocrx_word' id='word_1_480' title='bbox 3138 3491 3412 3560; x_wconf 82' lang='grc' dir='ltr'>δεόμενος.</span> 
     </span>
    </p>
   </div>
   <div class='ocr_carea' id='block_1_77' title="bbox 2266 3578 3765 3653">
    <p class='ocr_par' dir='ltr' id='par_1_77' title="bbox 2266 3578 3765 3653">
     <span class='ocr_line' id='line_1_77' title="bbox 2266 3578 3765 3653; baseline -0.002 -19"><span class='ocrx_word' id='word_1_481' title='bbox 2266 3582 2408 3653; x_wconf 76' lang='grc' dir='ltr'>Πρὸς</span> <span class='ocrx_word' id='word_1_482' title='bbox 2438 3583 2649 3653; x_wconf 84' lang='grc' dir='ltr'>χρείαν,</span> <span class='ocrx_word' id='word_1_483' title='bbox 2690 3582 2932 3650; x_wconf 76' lang='grc' dir='ltr'>ἀδελφοὶ,</span> <span class='ocrx_word' id='word_1_484' title='bbox 2963 3583 3025 3634; x_wconf 86' lang='grc' dir='ltr'><strong>οὐ</strong></span> <span class='ocrx_word' id='word_1_485' title='bbox 3049 3581 3184 3651; x_wconf 75' lang='grc' dir='ltr'>πρὸς</span> <span class='ocrx_word' id='word_1_486' title='bbox 3202 3580 3398 3651; x_wconf 79' lang='grc' dir='ltr'>ἡδονὴν</span> <span class='ocrx_word' id='word_1_487' title='bbox 3428 3582 3461 3651; x_wconf 81' lang='grc' dir='ltr'>ἡ</span> <span class='ocrx_word' id='word_1_488' title='bbox 3489 3578 3600 3649; x_wconf 80' lang='grc' dir='ltr'><strong>ζωὴ</strong></span> <span class='ocrx_word' id='word_1_489' title='bbox 3629 3594 3765 3647; x_wconf 84' lang='grc' dir='ltr'>συμ-</span> 
     </span>
    </p>
   </div>
   <div class='ocr_carea' id='block_1_78' title="bbox 2192 3663 3760 3745">
    <p class='ocr_par' dir='ltr' id='par_1_78' title="bbox 2192 3663 3760 3745">
     <span class='ocr_line' id='line_1_78' title="bbox 2192 3663 3760 3745; baseline -0.002 -19"><span class='ocrx_word' id='word_1_490' title='bbox 2192 3663 2491 3745; x_wconf 66' lang='grc' dir='ltr'>μετρεῖται.</span> <span class='ocrx_word' id='word_1_491' title='bbox 2528 3675 2602 3727; x_wconf 83' lang='grc' dir='ltr'>Τὸ</span> <span class='ocrx_word' id='word_1_492' title='bbox 2629 3669 2722 3727; x_wconf 82' lang='grc' dir='ltr'>οὖν</span> <span class='ocrx_word' id='word_1_493' title='bbox 2767 3673 3021 3744; x_wconf 80' lang='grc' dir='ltr'>περιττὸν</span> <span class='ocrx_word' id='word_1_494' title='bbox 3042 3676 3143 3741; x_wconf 80' lang='grc' dir='ltr'>τῆς</span> <span class='ocrx_word' id='word_1_495' title='bbox 3170 3672 3385 3740; x_wconf 78' lang='grc' dir='ltr'>φύσεως</span> <span class='ocrx_word' id='word_1_496' title='bbox 3415 3670 3760 3742; x_wconf 85' lang='grc' dir='ltr'>ἀποθέμενοι,</span> 
     </span>
    </p>
   </div>
   <div class='ocr_carea' id='block_1_79' title="bbox 2186 3764 3187 3837">
    <p class='ocr_par' dir='ltr' id='par_1_79' title="bbox 2186 3764 3187 3837">
     <span class='ocr_line' id='line_1_79' title="bbox 2186 3764 3187 3837; baseline 0.001 -18"><span class='ocrx_word' id='word_1_497' title='bbox 2186 3766 2247 3819; x_wconf 84' lang='grc' dir='ltr'><strong>τὸ</strong></span> <span class='ocrx_word' id='word_1_498' title='bbox 2269 3767 2565 3835; x_wconf 86' lang='grc' dir='ltr'>ἀναγκαῖον</span> <span class='ocrx_word' id='word_1_499' title='bbox 2597 3767 2758 3837; x_wconf 83' lang='grc' dir='ltr'>μόνον</span> <span class='ocrx_word' id='word_1_500' title='bbox 2787 3764 3187 3836; x_wconf 85' lang='grc' dir='ltr'>ἀσπασώμεθα.</span> 
     </span>
    </p>
   </div>
   <div class='ocr_carea' id='block_1_80' title="bbox 2258 3937 3758 4010">
    <p class='ocr_par' dir='ltr' id='par_1_80' title="bbox 2258 3937 3758 4010">
     <span class='ocr_line' id='line_1_80' title="bbox 2258 3937 3758 4010; baseline -0.005 -14"><span class='ocrx_word' id='word_1_501' title='bbox 2258 3944 2497 3996; x_wconf 73' lang='grc' dir='ltr'>Νείλου.</span> <span class='ocrx_word' id='word_1_502' title='bbox 2520 3971 2580 3981; x_wconf 92' lang='grc'><strong>--</strong></span> <span class='ocrx_word' id='word_1_503' title='bbox 2611 3940 2791 3995; x_wconf 80' lang='grc' dir='ltr'>Καλὸν</span> <span class='ocrx_word' id='word_1_504' title='bbox 2822 3942 2934 4003; x_wconf 82' lang='grc' dir='ltr'>τοῖς</span> <span class='ocrx_word' id='word_1_505' title='bbox 2965 3941 3112 4010; x_wconf 85' lang='grc' dir='ltr'>ὅροις</span> <span class='ocrx_word' id='word_1_506' title='bbox 3138 3942 3237 4010; x_wconf 86' lang='grc' dir='ltr'>τῆς</span> <span class='ocrx_word' id='word_1_507' title='bbox 3263 3937 3451 4009; x_wconf 84' lang='grc' dir='ltr'>χρείας</span> <span class='ocrx_word' id='word_1_508' title='bbox 3481 3937 3758 4007; x_wconf 72' lang='grc' dir='ltr'>ἐμμένειν,</span> 
     </span>
    </p>
   </div>
   <div class='ocr_carea' id='block_1_81' title="bbox 2187 4026 3760 4102">
    <p class='ocr_par' dir='ltr' id='par_1_81' title="bbox 2187 4026 3760 4102">
     <span class='ocr_line' id='line_1_81' title="bbox 2187 4026 3760 4102; baseline -0.005 -15"><span class='ocrx_word' id='word_1_509' title='bbox 2187 4034 2280 4087; x_wconf 75' lang='grc' dir='ltr'>καὶ</span> <span class='ocrx_word' id='word_1_510' title='bbox 2315 4033 2636 4101; x_wconf 83' lang='grc' dir='ltr'>φιλονεικεῖν</span> <span class='ocrx_word' id='word_1_511' title='bbox 2671 4033 2821 4102; x_wconf 81' lang='grc' dir='ltr'>πάσῃ</span> <span class='ocrx_word' id='word_1_512' title='bbox 2849 4032 3079 4101; x_wconf 81' lang='grc' dir='ltr'>δυνάμει</span> <span class='ocrx_word' id='word_1_513' title='bbox 3119 4032 3343 4093; x_wconf 85' lang='grc' dir='ltr'>τούτους</span> <span class='ocrx_word' id='word_1_514' title='bbox 3391 4029 3465 4100; x_wconf 81' lang='grc' dir='ltr'>μὴ</span> <span class='ocrx_word' id='word_1_515' title='bbox 3499 4026 3760 4099; x_wconf 80' lang='grc' dir='ltr'>ὑπερϐαί-</span> 
     </span>
    </p>
   </div>
   <div class='ocr_carea' id='block_1_82' title="bbox 2187 4118 3761 4191">
    <p class='ocr_par' dir='ltr' id='par_1_82' title="bbox 2187 4118 3761 4191">
     <span class='ocr_line' id='line_1_82' title="bbox 2187 4118 3761 4191; baseline -0.006 -14"><span class='ocrx_word' id='word_1_516' title='bbox 2187 4139 2321 4177; x_wconf 89' lang='grc' dir='ltr'>νειν.</span> <span class='ocrx_word' id='word_1_517' title='bbox 2366 4122 2490 4175; x_wconf 85' lang='grc' dir='ltr'><strong>Ἐὰν</strong></span> <span class='ocrx_word' id='word_1_518' title='bbox 2519 4121 2628 4191; x_wconf 81' lang='grc' dir='ltr'>γὰρ</span> <span class='ocrx_word' id='word_1_519' title='bbox 2653 4121 2835 4189; x_wconf 83' lang='grc' dir='ltr'>ὀλίγον</span> <span class='ocrx_word' id='word_1_520' title='bbox 2866 4119 3290 4191; x_wconf 81' lang='grc' dir='ltr'>παρενεχθῇ-τις</span> <span class='ocrx_word' id='word_1_521' title='bbox 3324 4118 3433 4172; x_wconf 78' lang='grc' dir='ltr'><strong>ἀπὸ</strong></span> <span class='ocrx_word' id='word_1_522' title='bbox 3488 4121 3588 4188; x_wconf 82' lang='grc' dir='ltr'><strong>τῆς</strong></span> <span class='ocrx_word' id='word_1_523' title='bbox 3636 4119 3761 4169; x_wconf 81' lang='grc' dir='ltr'>ἐπι-</span> 
     </span>
    </p>
   </div>
   <div class='ocr_carea' id='block_1_83' title="bbox 2188 4209 3758 4283">
    <p class='ocr_par' dir='ltr' id='par_1_83' title="bbox 2188 4209 3758 4283">
     <span class='ocr_line' id='line_1_83' title="bbox 2188 4209 3758 4283; baseline -0.003 -18"><span class='ocrx_word' id='word_1_524' title='bbox 2188 4212 2388 4283; x_wconf 83' lang='grc' dir='ltr'>θυμίας</span> <span class='ocrx_word' id='word_1_525' title='bbox 2414 4213 2506 4265; x_wconf 76' lang='grc' dir='ltr'><strong>ὲπὶ</strong></span> <span class='ocrx_word' id='word_1_526' title='bbox 2532 4212 2604 4264; x_wconf 82' lang='grc' dir='ltr'>τὰ</span> <span class='ocrx_word' id='word_1_527' title='bbox 2629 4212 2764 4281; x_wconf 65' lang='grc' dir='ltr'>ἡδέα</span> <span class='ocrx_word' id='word_1_528' title='bbox 2803 4210 2897 4265; x_wconf 84' lang='grc' dir='ltr'><strong>τοῦ</strong></span> <span class='ocrx_word' id='word_1_529' title='bbox 2946 4211 3087 4282; x_wconf 85' lang='grc' dir='ltr'>βίου,</span> <span class='ocrx_word' id='word_1_530' title='bbox 3127 4210 3302 4275; x_wconf 76' lang='grc' dir='ltr'>οὐδεὶς</span> <span class='ocrx_word' id='word_1_531' title='bbox 3347 4209 3531 4264; x_wconf 81' lang='grc' dir='ltr'>λοιπὸν</span> <span class='ocrx_word' id='word_1_532' title='bbox 3575 4210 3758 4279; x_wconf 79' lang='grc' dir='ltr'>ἵστησι</span> 
     </span>
    </p>
   </div>
   <div class='ocr_carea' id='block_1_84' title="bbox 504 4289 2089 4376">
    <p class='ocr_par' dir='ltr' id='par_1_84' title="bbox 504 4300 2085 4375">
     <span class='ocr_line' id='line_1_84' title="bbox 504 4300 2085 4375; baseline -0.001 -14"><span class='ocrx_word' id='word_1_533' title='bbox 504 4306 769 4375; x_wconf 77' lang='lat' dir='ltr'><strong>deinceps</strong></span> <span class='ocrx_word' id='word_1_534' title='bbox 797 4302 1098 4373; x_wconf 87' lang='lat' dir='ltr'><strong>quominus</strong></span> <span class='ocrx_word' id='word_1_535' title='bbox 1129 4300 1366 4357; x_wconf 89' lang='lat' dir='ltr'><strong>ulterius</strong></span> <span class='ocrx_word' id='word_1_536' title='bbox 1410 4301 1800 4372; x_wconf 88' lang='lat' dir='ltr'><strong>progrediatur</strong></span> <span class='ocrx_word' id='word_1_537' title='bbox 1826 4318 2085 4360; x_wconf 91' lang='lat' dir='ltr'><strong>coercere</strong></span> 
     </span>
    </p>
   </div>
   <div class='ocr_carea' id='block_1_85' title="bbox 2190 4289 2924 4376">
    <p class='ocr_par' dir='ltr' id='par_1_85' title="bbox 2190 4302 2924 4376">
     <span class='ocr_line' id='line_1_85' title="bbox 2190 4302 2924 4376; baseline -0.003 -19"><span class='ocrx_word' id='word_1_538' title='bbox 2190 4305 2288 4376; x_wconf 78' lang='grc' dir='ltr'>τὴν</span> <span class='ocrx_word' id='word_1_539' title='bbox 2314 4303 2407 4357; x_wconf 75' lang='grc' dir='ltr'>ἐπὶ</span> <span class='ocrx_word' id='word_1_540' title='bbox 2424 4303 2493 4357; x_wconf 80' lang='grc' dir='ltr'>τὰ</span> <span class='ocrx_word' id='word_1_541' title='bbox 2511 4302 2702 4373; x_wconf 85' lang='grc' dir='ltr'>πρόσω</span> <span class='ocrx_word' id='word_1_542' title='bbox 2728 4303 2924 4374; x_wconf 82' lang='grc' dir='ltr'>φοράν.</span> 
     </span>
    </p>
   </div>
   <div class='ocr_carea' id='block_1_86' title="bbox 503 4396 729 4469">
    <p class='ocr_par' dir='ltr' id='par_1_86' title="bbox 503 4396 729 4469">
     <span class='ocr_line' id='line_1_86' title="bbox 503 4396 729 4469; baseline -0.018 -17"><span class='ocrx_word' id='word_1_543' title='bbox 503 4396 729 4469; x_wconf 88' lang='lat' dir='ltr'><strong>poterit.</strong></span> 
     </span>
    </p>
   </div>
   <div class='ocr_carea' id='block_1_87' title="bbox 574 4483 2086 4556">
    <p class='ocr_par' dir='ltr' id='par_1_87' title="bbox 574 4483 2086 4556">
     <span class='ocr_line' id='line_1_87' title="bbox 574 4483 2086 4556; baseline -0.001 -14"><span class='ocrx_word' id='word_1_544' title='bbox 574 4485 947 4543; x_wconf 88' lang='lat' dir='ltr'><strong>Possessionis</strong></span> <span class='ocrx_word' id='word_1_545' title='bbox 968 4485 1246 4556; x_wconf 65' lang='lat' dir='ltr'><strong>instatque</strong></span> <span class='ocrx_word' id='word_1_546' title='bbox 1287 4483 1610 4539; x_wconf 72' lang='lat' dir='ltr'><strong>substantia:</strong></span> <span class='ocrx_word' id='word_1_547' title='bbox 1649 4484 1866 4545; x_wconf 86' lang='lat' dir='ltr'><strong>modus.</strong></span> <span class='ocrx_word' id='word_1_548' title='bbox 1893 4500 2086 4540; x_wconf 89' lang='lat' dir='ltr'><strong>neces-</strong></span> 
     </span>
    </p>
   </div>
   <div class='ocr_carea' id='block_1_88' title="bbox 502 4574 2085 4646">
    <p class='ocr_par' dir='ltr' id='par_1_88' title="bbox 502 4574 2085 4646">
     <span class='ocr_line' id='line_1_88' title="bbox 502 4574 2085 4646; baseline -0.001 -13"><span class='ocrx_word' id='word_1_549' title='bbox 502 4575 681 4633; x_wconf 84' lang='lat' dir='ltr'><strong>sarius</strong></span> <span class='ocrx_word' id='word_1_550' title='bbox 704 4582 791 4630; x_wconf 73' lang='lat' dir='ltr'><strong>eSt</strong></span> <span class='ocrx_word' id='word_1_551' title='bbox 823 4574 1075 4645; x_wconf 89' lang='lat' dir='ltr'><strong>corporis</strong></span> <span class='ocrx_word' id='word_1_552' title='bbox 1110 4589 1251 4646; x_wconf 82' lang='lat' dir='ltr'><strong>usus</strong></span> <span class='ocrx_word' id='word_1_553' title='bbox 1276 4594 1289 4628; x_wconf 88' lang='lat'><strong>:</strong></span> <span class='ocrx_word' id='word_1_554' title='bbox 1312 4589 1474 4645; x_wconf 88' lang='lat' dir='ltr'><strong>quem</strong></span> <span class='ocrx_word' id='word_1_555' title='bbox 1505 4590 1789 4644; x_wconf 90' lang='lat' dir='ltr'><strong>superare,</strong></span> <span class='ocrx_word' id='word_1_556' title='bbox 1842 4575 2085 4632; x_wconf 88' lang='lat' dir='ltr'><strong>dedecus</strong></span> 
     </span>
    </p>
   </div>
   <div class='ocr_carea' id='block_1_89' title="bbox 503 4666 2085 4736">
    <p class='ocr_par' dir='ltr' id='par_1_89' title="bbox 503 4666 2085 4736">
     <span class='ocr_line' id='line_1_89' title="bbox 503 4666 2085 4736; baseline -0.001 -13"><span class='ocrx_word' id='word_1_557' title='bbox 503 4676 589 4723; x_wconf 89' lang='lat' dir='ltr'><strong>est</strong></span> <span class='ocrx_word' id='word_1_558' title='bbox 616 4675 674 4721; x_wconf 91' lang='lat' dir='ltr'><strong>et</strong></span> <span class='ocrx_word' id='word_1_559' title='bbox 715 4667 954 4730; x_wconf 84' lang='lat' dir='ltr'><strong>luxuria,</strong></span> <span class='ocrx_word' id='word_1_560' title='bbox 987 4681 1101 4721; x_wconf 89' lang='lat' dir='ltr'><strong>non</strong></span> <span class='ocrx_word' id='word_1_561' title='bbox 1149 4666 1385 4736; x_wconf 87' lang='lat' dir='ltr'><strong>amplius</strong></span> <span class='ocrx_word' id='word_1_562' title='bbox 1432 4666 1779 4721; x_wconf 88' lang='lat' dir='ltr'><strong>necessarius</strong></span> <span class='ocrx_word' id='word_1_563' title='bbox 1828 4682 1978 4721; x_wconf 91' lang='lat' dir='ltr'><strong>usus.</strong></span> <span class='ocrx_word' id='word_1_564' title='bbox 2013 4666 2085 4722; x_wconf 88' lang='lat' dir='ltr'><strong>Ut</strong></span> 
     </span>
    </p>
   </div>
   <div class='ocr_carea' id='block_1_90' title="bbox 501 4756 2077 4828">
    <p class='ocr_par' dir='ltr' id='par_1_90' title="bbox 501 4756 2077 4828">
     <span class='ocr_line' id='line_1_90' title="bbox 501 4756 2077 4828; baseline -0.001 -13"><span class='ocrx_word' id='word_1_565' title='bbox 501 4758 650 4815; x_wconf 87' lang='lat' dir='ltr'><strong>enim</strong></span> <span class='ocrx_word' id='word_1_566' title='bbox 688 4758 874 4813; x_wconf 88' lang='lat' dir='ltr'><strong>tunica</strong></span> <span class='ocrx_word' id='word_1_567' title='bbox 902 4757 971 4812; x_wconf 91' lang='lat' dir='ltr'><strong>ad</strong></span> <span class='ocrx_word' id='word_1_568' title='bbox 1000 4756 1253 4828; x_wconf 90' lang='lat' dir='ltr'><strong>corporis</strong></span> <span class='ocrx_word' id='word_1_569' title='bbox 1280 4756 1568 4811; x_wconf 88' lang='lat' dir='ltr'><strong>modulum</strong></span> <span class='ocrx_word' id='word_1_570' title='bbox 1593 4764 1778 4826; x_wconf 90' lang='lat' dir='ltr'><strong>aptata</strong></span> <span class='ocrx_word' id='word_1_571' title='bbox 1806 4764 1920 4810; x_wconf 89' lang='lat' dir='ltr'><strong>tum</strong></span> <span class='ocrx_word' id='word_1_572' title='bbox 1949 4758 2077 4813; x_wconf 90' lang='lat' dir='ltr'><strong>usui</strong></span> 
     </span>
    </p>
   </div>
   <div class='ocr_carea' id='block_1_91' title="bbox 502 4833 2082 4919">
    <p class='ocr_par' dir='ltr' id='par_1_91' title="bbox 502 4833 2082 4919">
     <span class='ocr_line' id='line_1_91' title="bbox 502 4833 2082 4919; baseline -0.001 -12"><span class='ocrx_word' id='word_1_573' title='bbox 502 4858 610 4914; x_wconf 84' lang='lat' dir='ltr'><strong>est,</strong></span> <span class='ocrx_word' id='word_1_574' title='bbox 648 4858 767 4904; x_wconf 92' lang='lat' dir='ltr'><strong>tum</strong></span> <span class='ocrx_word' id='word_1_575' title='bbox 815 4858 1144 4906; x_wconf 88' lang='lat' dir='ltr'><strong>ornamento</strong></span> <span class='ocrx_word' id='word_1_576' title='bbox 1186 4833 1533 4919; x_wconf 50' lang='lat' dir='ltr'><strong>ceditfquae</strong></span> <span class='ocrx_word' id='word_1_577' title='bbox 1593 4857 1778 4903; x_wconf 89' lang='lat' dir='ltr'><strong>autem</strong></span> <span class='ocrx_word' id='word_1_578' title='bbox 1834 4848 2082 4919; x_wconf 89' lang='lat' dir='ltr'><strong>undique</strong></span> 
     </span>
    </p>
   </div>
   <div class='ocr_carea' id='block_1_92' title="bbox 502 4939 2085 5009">
    <p class='ocr_par' dir='ltr' id='par_1_92' title="bbox 502 4939 2085 5009">
     <span class='ocr_line' id='line_1_92' title="bbox 502 4939 2085 5009; baseline -0.001 -13"><span class='ocrx_word' id='word_1_579' title='bbox 502 4940 701 4996; x_wconf 78' lang='lat' dir='ltr'><strong>dililuit</strong></span> <span class='ocrx_word' id='word_1_580' title='bbox 739 4949 797 4994; x_wconf 93' lang='lat' dir='ltr'><strong>et</strong></span> <span class='ocrx_word' id='word_1_581' title='bbox 841 4939 1079 5009; x_wconf 91' lang='lat' dir='ltr'><strong>pedibus</strong></span> <span class='ocrx_word' id='word_1_582' title='bbox 1107 4939 1462 5009; x_wconf 90' lang='lat' dir='ltr'><strong>implicatur,</strong></span> <span class='ocrx_word' id='word_1_583' title='bbox 1509 4939 1772 5008; x_wconf 88' lang='lat' dir='ltr'><strong>humique</strong></span> <span class='ocrx_word' id='word_1_584' title='bbox 1824 4939 2085 4994; x_wconf 89' lang='lat' dir='ltr'><strong>indecore</strong></span> 
     </span>
    </p>
   </div>
   <div class='ocr_carea' id='block_1_93' title="bbox 501 5029 2085 5101">
    <p class='ocr_par' dir='ltr' id='par_1_93' title="bbox 501 5029 2085 5101">
     <span class='ocr_line' id='line_1_93' title="bbox 501 5029 2085 5101; baseline -0.001 -15"><span class='ocrx_word' id='word_1_585' title='bbox 501 5032 762 5096; x_wconf 85' lang='lat' dir='ltr'><strong>trahitur,</strong></span> <span class='ocrx_word' id='word_1_586' title='bbox 790 5029 1060 5100; x_wconf 86' lang='lat' dir='ltr'><strong>quidquid</strong></span> <span class='ocrx_word' id='word_1_587' title='bbox 1093 5029 1277 5100; x_wconf 91' lang='lat' dir='ltr'><strong>operis</strong></span> <span class='ocrx_word' id='word_1_588' title='bbox 1305 5030 1651 5100; x_wconf 84' lang='lat' dir='ltr'><strong>aggrediaris</strong></span> <span class='ocrx_word' id='word_1_589' title='bbox 1687 5030 2085 5101; x_wconf 89' lang='lat' dir='ltr'><strong>impedimento</strong></span> 
     </span>
    </p>
   </div>
   <div class='ocr_carea' id='block_1_94' title="bbox 502 5120 2085 5192">
    <p class='ocr_par' dir='ltr' id='par_1_94' title="bbox 502 5120 2085 5192">
     <span class='ocr_line' id='line_1_94' title="bbox 502 5120 2085 5192; baseline 0.001 -15"><span class='ocrx_word' id='word_1_590' title='bbox 502 5120 858 5177; x_wconf 80' lang='lat' dir='ltr'><strong>exsiStitzsic</strong></span> <span class='ocrx_word' id='word_1_591' title='bbox 884 5120 1163 5190; x_wconf 86' lang='lat' dir='ltr'><strong>possessio</strong></span> <span class='ocrx_word' id='word_1_592' title='bbox 1201 5135 1266 5174; x_wconf 91' lang='lat' dir='ltr'><strong>ac</strong></span> <span class='ocrx_word' id='word_1_593' title='bbox 1296 5121 1627 5187; x_wconf 88' lang='lat' dir='ltr'><strong>substantia,</strong></span> <span class='ocrx_word' id='word_1_594' title='bbox 1665 5139 1789 5192; x_wconf 75' lang='lat' dir='ltr'><strong>qua:</strong></span> <span class='ocrx_word' id='word_1_595' title='bbox 1829 5139 2085 5178; x_wconf 87' lang='lat' dir='ltr'><strong>necessa-</strong></span> 
     </span>
    </p>
   </div>
   <div class='ocr_carea' id='block_1_95' title="bbox 502 5212 2085 5282">
    <p class='ocr_par' dir='ltr' id='par_1_95' title="bbox 502 5212 2085 5282">
     <span class='ocr_line' id='line_1_95' title="bbox 502 5212 2085 5282; baseline 0.003 -16"><span class='ocrx_word' id='word_1_596' title='bbox 502 5213 644 5267; x_wconf 87' lang='lat' dir='ltr'><strong>rium</strong></span> <span class='ocrx_word' id='word_1_597' title='bbox 679 5228 840 5267; x_wconf 91' lang='lat' dir='ltr'><strong>usum</strong></span> <span class='ocrx_word' id='word_1_598' title='bbox 865 5212 1117 5281; x_wconf 88' lang='lat' dir='ltr'><strong>corporis</strong></span> <span class='ocrx_word' id='word_1_599' title='bbox 1144 5213 1379 5279; x_wconf 82' lang='lat' dir='ltr'><strong>excedit,</strong></span> <span class='ocrx_word' id='word_1_600' title='bbox 1397 5223 1510 5269; x_wconf 92' lang='lat' dir='ltr'><strong>tum</strong></span> <span class='ocrx_word' id='word_1_601' title='bbox 1540 5216 1732 5271; x_wconf 90' lang='lat' dir='ltr'><strong>virtuti</strong></span> <span class='ocrx_word' id='word_1_602' title='bbox 1755 5215 1945 5282; x_wconf 79' lang='lat' dir='ltr'><strong>ollicit,</strong></span> <span class='ocrx_word' id='word_1_603' title='bbox 1968 5225 2085 5271; x_wconf 89' lang='lat' dir='ltr'><strong>tum</strong></span> 
     </span>
    </p>
   </div>
   <div class='ocr_carea' id='block_1_96' title="bbox 576 5358 1363 5455">
    <p class='ocr_par' dir='ltr' id='par_1_96' title="bbox 576 5358 1363 5455">
     <span class='ocr_line' id='line_1_96' title="bbox 576 5358 1363 5455; baseline 0.003 -4"><span class='ocrx_word' id='word_1_604' title='bbox 576 5398 620 5428; x_wconf 72' lang='grc' dir='ltr'>’θ</span> <span class='ocrx_word' id='word_1_605' title='bbox 652 5397 711 5451; x_wconf 90' lang='lat' dir='ltr'><strong>ln</strong></span> <span class='ocrx_word' id='word_1_606' title='bbox 733 5396 900 5452; x_wconf 88' lang='lat' dir='ltr'><strong>Gesn.</strong></span> <span class='ocrx_word' id='word_1_607' title='bbox 937 5397 1152 5454; x_wconf 66' lang='lat' dir='ltr'><strong>Stobazo</strong></span> <span class='ocrx_word' id='word_1_608' title='bbox 1188 5400 1275 5455; x_wconf 77' lang='grc'><strong>49.</strong></span> <span class='ocrx_word' id='word_1_609' title='bbox 1356 5358 1363 5365; x_wconf 34' lang='lat'>.</span> 
     </span>
    </p>
   </div>
   <div class='ocr_carea' id='block_1_97' title="bbox 576 5530 2078 5637">
    <p class='ocr_par' dir='ltr' id='par_1_97' title="bbox 576 5530 2078 5637">
     <span class='ocr_line' id='line_1_97' title="bbox 576 5530 2078 5637; baseline 0.007 -28"><span class='ocrx_word' id='word_1_610' title='bbox 576 5557 767 5637; x_wconf 39' lang='lat' dir='ltr'><strong>(m):l.l</strong></span> <span class='ocrx_word' id='word_1_611' title='bbox 790 5562 1068 5637; x_wconf 46' lang='grc' dir='ltr'>πειρηθείς</span> <span class='ocrx_word' id='word_1_612' title='bbox 1096 5530 1575 5637; x_wconf 22' lang='grc' dir='ltr'>κάέψξωηᾼτιζρηῑ.</span> <span class='ocrx_word' id='word_1_613' title='bbox 1621 5566 1856 5637; x_wconf 89' lang='lat' dir='ltr'><strong>aliaque,</strong></span> <span class='ocrx_word' id='word_1_614' title='bbox 1906 5566 2078 5637; x_wconf 79' lang='grc' dir='ltr'>πένης</span> 
     </span>
    </p>
   </div>
   <div class='ocr_carea' id='block_1_98' title="bbox 506 5628 2078 5703">
    <p class='ocr_par' dir='ltr' id='par_1_98' title="bbox 506 5628 2078 5703">
     <span class='ocr_line' id='line_1_98' title="bbox 506 5628 2078 5703; baseline 0.008 -27"><span class='ocrx_word' id='word_1_615' title='bbox 506 5628 803 5703; x_wconf 68' lang='grc' dir='ltr'>γεννηθείς.</span> <span class='ocrx_word' id='word_1_616' title='bbox 835 5628 1297 5703; x_wconf 77' lang='lat' dir='ltr'><strong>Habentperinde</strong></span> <span class='ocrx_word' id='word_1_617' title='bbox 1319 5628 1476 5701; x_wconf 71' lang='lat' dir='ltr'><strong>Vulg.</strong></span> <span class='ocrx_word' id='word_1_618' title='bbox 1505 5642 1556 5687; x_wconf 78' lang='lat' dir='ltr'><strong>et</strong></span> <span class='ocrx_word' id='word_1_619' title='bbox 1590 5651 1710 5703; x_wconf 67' lang='lat' dir='ltr'><strong>quae</strong></span> <span class='ocrx_word' id='word_1_620' title='bbox 1732 5628 1919 5691; x_wconf 64' lang='lat' dir='ltr'><strong>Grmca</strong></span> <span class='ocrx_word' id='word_1_621' title='bbox 1947 5628 2078 5690; x_wconf 73' lang='lat' dir='ltr'><strong>curn</strong></span> 
     </span>
    </p>
   </div>
   <div class='ocr_carea' id='block_1_99' title="bbox 509 5648 2076 5773">
    <p class='ocr_par' dir='ltr' id='par_1_99' title="bbox 509 5648 2076 5773">
     <span class='ocr_line' id='line_1_99' title="bbox 509 5648 2076 5703; baseline 0.008 -27"><span class='ocrx_word' id='word_1_622' title='bbox 509 5648 803 5693; x_wconf 79' lang='grc' dir='ltr'>γεννηυεις.</span> <span class='ocrx_word' id='word_1_623' title='bbox 835 5648 1047 5685; x_wconf 84' lang='lat' dir='ltr'><strong>nauem</strong></span> <span class='ocrx_word' id='word_1_624' title='bbox 1106 5648 1297 5687; x_wconf 86' lang='lat' dir='ltr'><strong>ertnae</strong></span> <span class='ocrx_word' id='word_1_625' title='bbox 1326 5648 1476 5701; x_wconf 77' lang='lat' dir='ltr'><strong>Vlllg.</strong></span> <span class='ocrx_word' id='word_1_626' title='bbox 1505 5648 1556 5687; x_wconf 77' lang='lat' dir='ltr'><strong>el</strong></span> <span class='ocrx_word' id='word_1_627' title='bbox 1590 5651 1710 5703; x_wconf 72' lang='lat' dir='ltr'><strong>quae</strong></span> <span class='ocrx_word' id='word_1_628' title='bbox 1732 5648 1919 5691; x_wconf 70' lang='lat' dir='ltr'><strong>umca</strong></span> <span class='ocrx_word' id='word_1_629' title='bbox 1947 5652 2076 5690; x_wconf 91' lang='lat' dir='ltr'><strong>cum</strong></span> 
     </span>
     <span class='ocr_line' id='line_1_100' title="bbox 509 5648 2076 5773; baseline 0.007 -24"><span class='ocrx_word' id='word_1_630' title='bbox 509 5694 621 5749; x_wconf 86' lang='lat' dir='ltr'><strong>illis</strong></span> <span class='ocrx_word' id='word_1_631' title='bbox 655 5699 1011 5754; x_wconf 89' lang='lat' dir='ltr'><strong>conveniunt.</strong></span> <span class='ocrx_word' id='word_1_632' title='bbox 1045 5648 1259 5757; x_wconf 53' lang='lat' dir='ltr'><strong>Slixtina</strong></span> <span class='ocrx_word' id='word_1_633' title='bbox 1289 5703 1628 5766; x_wconf 88' lang='lat' dir='ltr'><strong>desiderant,</strong></span> <span class='ocrx_word' id='word_1_634' title='bbox 1675 5705 1941 5773; x_wconf 88' lang='lat' dir='ltr'><strong>pluraque</strong></span> <span class='ocrx_word' id='word_1_635' title='bbox 1972 5707 2076 5760; x_wconf 86' lang='lat' dir='ltr'><strong>alia</strong></span> 
     </span>
    </p>
   </div>
   <div class='ocr_carea' id='block_1_100' title="bbox 2251 4475 3759 4554">
    <p class='ocr_par' dir='ltr' id='par_1_100' title="bbox 2251 4475 3759 4554">
     <span class='ocr_line' id='line_1_101' title="bbox 2251 4475 3759 4554; baseline -0.004 -17"><span class='ocrx_word' id='word_1_636' title='bbox 2251 4483 2469 4554; x_wconf 84' lang='grc' dir='ltr'>Μέτρον</span> <span class='ocrx_word' id='word_1_637' title='bbox 2500 4481 2751 4553; x_wconf 84' lang='grc' dir='ltr'>κτήσεώς</span> <span class='ocrx_word' id='word_1_638' title='bbox 2781 4481 2933 4535; x_wconf 75' lang='grc' dir='ltr'>ἐστιν</span> <span class='ocrx_word' id='word_1_639' title='bbox 2961 4482 2995 4551; x_wconf 75' lang='grc' dir='ltr'><strong>ἡ</strong></span> <span class='ocrx_word' id='word_1_640' title='bbox 3035 4480 3196 4551; x_wconf 84' lang='grc' dir='ltr'>χρεία</span> <span class='ocrx_word' id='word_1_641' title='bbox 3221 4478 3315 4533; x_wconf 90' lang='grc' dir='ltr'><strong>τοῦ</strong></span> <span class='ocrx_word' id='word_1_642' title='bbox 3349 4478 3602 4549; x_wconf 84' lang='grc' dir='ltr'>σώματος</span> <span class='ocrx_word' id='word_1_643' title='bbox 3627 4490 3646 4506; x_wconf 76' lang='grc'><strong>⁸</strong></span> <span class='ocrx_word' id='word_1_644' title='bbox 3696 4475 3759 4531; x_wconf 78' lang='grc' dir='ltr'><strong>τὸ</strong></span> 
     </span>
    </p>
   </div>
   <div class='ocr_carea' id='block_1_101' title="bbox 2179 4568 3759 4646">
    <p class='ocr_par' dir='ltr' id='par_1_101' title="bbox 2179 4568 3759 4646">
     <span class='ocr_line' id='line_1_102' title="bbox 2179 4568 3759 4646; baseline -0.004 -16"><span class='ocrx_word' id='word_1_645' title='bbox 2179 4576 2235 4630; x_wconf 83' lang='grc' dir='ltr'><strong>δὲ</strong></span> <span class='ocrx_word' id='word_1_646' title='bbox 2259 4576 2479 4646; x_wconf 71' lang='grc' dir='ltr'>ταύτην</span> <span class='ocrx_word' id='word_1_647' title='bbox 2503 4573 2851 4646; x_wconf 81' lang='grc' dir='ltr'>ὑπερϐαίνειν</span> <span class='ocrx_word' id='word_1_648' title='bbox 2878 4572 3118 4644; x_wconf 82' lang='grc' dir='ltr'>ἀκοσμία</span> <span class='ocrx_word' id='word_1_649' title='bbox 3165 4571 3373 4636; x_wconf 79' lang='grc' dir='ltr'>λοιπὸν,</span> <span class='ocrx_word' id='word_1_650' title='bbox 3426 4569 3522 4624; x_wconf 75' lang='grc' dir='ltr'>καὶ</span> <span class='ocrx_word' id='word_1_651' title='bbox 3572 4568 3759 4623; x_wconf 74' lang='grc' dir='ltr'>οὐκέτι</span> 
     </span>
    </p>
   </div>
   <div class='ocr_carea' id='block_1_102' title="bbox 2180 4662 3759 4741">
    <p class='ocr_par' dir='ltr' id='par_1_102' title="bbox 2180 4662 3759 4741">
     <span class='ocr_line' id='line_1_103' title="bbox 2180 4662 3759 4741; baseline -0.004 -19"><span class='ocrx_word' id='word_1_652' title='bbox 2180 4669 2339 4741; x_wconf 88' lang='grc' dir='ltr'>χρεία</span> <span class='ocrx_word' id='word_1_653' title='bbox 2367 4669 2535 4722; x_wconf 76' lang='grc' dir='ltr'>ἐστίν.</span> <span class='ocrx_word' id='word_1_654' title='bbox 2579 4668 2669 4731; x_wconf 83' lang='grc' dir='ltr'>ὀς</span> <span class='ocrx_word' id='word_1_655' title='bbox 2692 4667 2804 4738; x_wconf 82' lang='grc' dir='ltr'>γὰρ</span> <span class='ocrx_word' id='word_1_656' title='bbox 2828 4667 2856 4719; x_wconf 83' lang='grc' dir='ltr'><strong>ὁ</strong></span> <span class='ocrx_word' id='word_1_657' title='bbox 2886 4663 3419 4736; x_wconf 80' lang='grc' dir='ltr'>συμμεμετρημένος</span> <span class='ocrx_word' id='word_1_658' title='bbox 3439 4662 3518 4733; x_wconf 84' lang='grc' dir='ltr'>τῷ</span> <span class='ocrx_word' id='word_1_659' title='bbox 3541 4662 3759 4733; x_wconf 83' lang='grc' dir='ltr'>σώματι</span> 
     </span>
    </p>
   </div>
   <div class='ocr_carea' id='block_1_103' title="bbox 2186 4752 3760 4831">
    <p class='ocr_par' dir='ltr' id='par_1_103' title="bbox 2186 4752 3760 4831">
     <span class='ocr_line' id='line_1_104' title="bbox 2186 4752 3760 4831; baseline -0.006 -17"><span class='ocrx_word' id='word_1_660' title='bbox 2186 4761 2377 4831; x_wconf 85' lang='grc' dir='ltr'>χιτὼν,</span> <span class='ocrx_word' id='word_1_661' title='bbox 2414 4760 2510 4813; x_wconf 78' lang='grc' dir='ltr'><strong>καὶ</strong></span> <span class='ocrx_word' id='word_1_662' title='bbox 2543 4757 2703 4830; x_wconf 87' lang='grc' dir='ltr'>χρεία</span> <span class='ocrx_word' id='word_1_663' title='bbox 2728 4757 2844 4811; x_wconf 76' lang='grc' dir='ltr'>ἐστὶ</span> <span class='ocrx_word' id='word_1_664' title='bbox 2874 4756 2971 4811; x_wconf 77' lang='grc' dir='ltr'>καὶ</span> <span class='ocrx_word' id='word_1_665' title='bbox 3000 4757 3205 4825; x_wconf 76' lang='grc' dir='ltr'>κόσμος</span> <span class='ocrx_word' id='word_1_666' title='bbox 3235 4772 3253 4788; x_wconf 78' lang='grc' dir='ltr'><strong><em>ο</em></strong></span> <span class='ocrx_word' id='word_1_667' title='bbox 3306 4758 3335 4808; x_wconf 82' lang='grc' dir='ltr'><strong>ὁ</strong></span> <span class='ocrx_word' id='word_1_668' title='bbox 3375 4754 3433 4808; x_wconf 65' lang='grc' dir='ltr'><strong>δὲ</strong></span> <span class='ocrx_word' id='word_1_669' title='bbox 3494 4752 3760 4807; x_wconf 81' lang='grc' dir='ltr'>πάντοθεν</span> 
     </span>
    </p>
   </div>
   <div class='ocr_carea' id='block_1_104' title="bbox 2187 4845 3758 4923">
    <p class='ocr_par' dir='ltr' id='par_1_104' title="bbox 2187 4845 3758 4923">
     <span class='ocr_line' id='line_1_105' title="bbox 2187 4845 3758 4923; baseline -0.004 -18"><span class='ocrx_word' id='word_1_670' title='bbox 2187 4850 2497 4923; x_wconf 73' lang='grc' dir='ltr'>περιρρέων</span> <span class='ocrx_word' id='word_1_671' title='bbox 2521 4850 2754 4912; x_wconf 71' lang='grc' dir='ltr'>καὶτοῖς</span> <span class='ocrx_word' id='word_1_672' title='bbox 2792 4848 2952 4901; x_wconf 79' lang='grc' dir='ltr'>ποσὶν</span> <span class='ocrx_word' id='word_1_673' title='bbox 2986 4846 3418 4917; x_wconf 79' lang='grc' dir='ltr'>έμπλεκόμενος,</span> <span class='ocrx_word' id='word_1_674' title='bbox 3450 4845 3545 4898; x_wconf 79' lang='grc' dir='ltr'>καὶ</span> <span class='ocrx_word' id='word_1_675' title='bbox 3586 4846 3653 4915; x_wconf 77' lang='grc' dir='ltr'>τῇ</span> <span class='ocrx_word' id='word_1_676' title='bbox 3686 4845 3758 4914; x_wconf 80' lang='grc' dir='ltr'>γῇ</span> 
     </span>
    </p>
   </div>
   <div class='ocr_carea' id='block_1_105' title="bbox 2188 4936 3760 5013">
    <p class='ocr_par' dir='ltr' id='par_1_105' title="bbox 2188 4936 3760 5013">
     <span class='ocr_line' id='line_1_106' title="bbox 2188 4936 3760 5013; baseline -0.004 -18"><span class='ocrx_word' id='word_1_677' title='bbox 2188 4943 2327 5013; x_wconf 88' lang='grc' dir='ltr'>μετὰ</span> <span class='ocrx_word' id='word_1_678' title='bbox 2366 4940 2461 4995; x_wconf 87' lang='grc' dir='ltr'><strong>τοῦ</strong></span> <span class='ocrx_word' id='word_1_679' title='bbox 2506 4938 2789 5011; x_wconf 80' lang='grc' dir='ltr'>ἀπρεποῦς</span> <span class='ocrx_word' id='word_1_680' title='bbox 2836 4940 3253 5011; x_wconf 75' lang='grc' dir='ltr'>ἐπισυρόμενος,</span> <span class='ocrx_word' id='word_1_681' title='bbox 3308 4938 3567 5008; x_wconf 77' lang='grc' dir='ltr'>ἐμπόδιον</span> <span class='ocrx_word' id='word_1_682' title='bbox 3623 4936 3760 5006; x_wconf 82' lang='grc' dir='ltr'>πρὸς</span> 
     </span>
    </p>
   </div>
   <div class='ocr_carea' id='block_1_106' title="bbox 2185 5029 3761 5105">
    <p class='ocr_par' dir='ltr' id='par_1_106' title="bbox 2185 5029 3761 5105">
     <span class='ocr_line' id='line_1_107' title="bbox 2185 5029 3761 5105; baseline -0.003 -20"><span class='ocrx_word' id='word_1_683' title='bbox 2185 5035 2367 5087; x_wconf 81' lang='grc' dir='ltr'>πᾶσαν</span> <span class='ocrx_word' id='word_1_684' title='bbox 2397 5032 2657 5105; x_wconf 76' lang='grc' dir='ltr'>ἐργασίαν</span> <span class='ocrx_word' id='word_1_685' title='bbox 2681 5031 2893 5100; x_wconf 88' lang='grc' dir='ltr'>γίνεται</span> <span class='ocrx_word' id='word_1_686' title='bbox 2924 5048 2937 5061; x_wconf 92' lang='grc'><strong>·</strong></span> <span class='ocrx_word' id='word_1_687' title='bbox 2962 5030 3134 5093; x_wconf 85' lang='grc' dir='ltr'>οῦτως</span> <span class='ocrx_word' id='word_1_688' title='bbox 3160 5031 3195 5095; x_wconf 84' lang='grc' dir='ltr'><strong>ἡ</strong></span> <span class='ocrx_word' id='word_1_689' title='bbox 3229 5029 3639 5099; x_wconf 82' lang='grc' dir='ltr'>ὑπερϐαίνουσα</span> <span class='ocrx_word' id='word_1_690' title='bbox 3660 5029 3761 5095; x_wconf 82' lang='grc' dir='ltr'><strong>τὴν</strong></span> 
     </span>
    </p>
   </div>
   <div class='ocr_carea' id='block_1_107' title="bbox 2184 5118 3761 5194">
    <p class='ocr_par' dir='ltr' id='par_1_107' title="bbox 2184 5118 3761 5194">
     <span class='ocr_line' id='line_1_108' title="bbox 2184 5118 3761 5194; baseline -0.006 -16"><span class='ocrx_word' id='word_1_691' title='bbox 2184 5125 2280 5178; x_wconf 87' lang='grc' dir='ltr'><strong>τοῦ</strong></span> <span class='ocrx_word' id='word_1_692' title='bbox 2329 5123 2580 5194; x_wconf 85' lang='grc' dir='ltr'>σώματος</span> <span class='ocrx_word' id='word_1_693' title='bbox 2617 5123 2807 5192; x_wconf 87' lang='grc' dir='ltr'>χρείαν</span> <span class='ocrx_word' id='word_1_694' title='bbox 2835 5125 3051 5192; x_wconf 86' lang='grc' dir='ltr'>χρῆσις,</span> <span class='ocrx_word' id='word_1_695' title='bbox 3091 5121 3187 5173; x_wconf 77' lang='grc' dir='ltr'>καὶ</span> <span class='ocrx_word' id='word_1_696' title='bbox 3236 5120 3372 5191; x_wconf 80' lang='grc' dir='ltr'>πρὸς</span> <span class='ocrx_word' id='word_1_697' title='bbox 3416 5119 3517 5188; x_wconf 84' lang='grc' dir='ltr'>τὴν</span> <span class='ocrx_word' id='word_1_698' title='bbox 3559 5118 3761 5188; x_wconf 82' lang='grc' dir='ltr'>ἀρετήν</span> 
     </span>
    </p>
   </div>
   <div class='ocr_carea' id='block_1_108' title="bbox 2187 5207 3761 5287">
    <p class='ocr_par' dir='ltr' id='par_1_108' title="bbox 2187 5207 3761 5287">
     <span class='ocr_line' id='line_1_109' title="bbox 2187 5207 3761 5287; baseline -0.006 -17"><span class='ocrx_word' id='word_1_699' title='bbox 2187 5220 2334 5270; x_wconf 79' lang='grc' dir='ltr'>ἐστιν</span> <span class='ocrx_word' id='word_1_700' title='bbox 2391 5214 2669 5287; x_wconf 74' lang='grc' dir='ltr'>ἐμπόδιον,</span> <span class='ocrx_word' id='word_1_701' title='bbox 2716 5214 2812 5268; x_wconf 73' lang='grc' dir='ltr'>καὶ</span> <span class='ocrx_word' id='word_1_702' title='bbox 2845 5212 3050 5283; x_wconf 77' lang='grc' dir='ltr'>πολλὴν</span> <span class='ocrx_word' id='word_1_703' title='bbox 3085 5213 3198 5283; x_wconf 76' lang='grc' dir='ltr'>ἔχει</span> <span class='ocrx_word' id='word_1_704' title='bbox 3229 5211 3574 5279; x_wconf 84' lang='grc' dir='ltr'>κατάγνωσιν</span> <span class='ocrx_word' id='word_1_705' title='bbox 3608 5207 3761 5281; x_wconf 72' lang='grc' dir='ltr'>παρὰ</span> 
     </span>
    </p>
   </div>
   <div class='ocr_carea' id='block_1_109' title="bbox 1787 5330 2473 5387">
    <p class='ocr_par' dir='ltr' id='par_1_109' title="bbox 1787 5330 2473 5387">
     <span class='ocr_line' id='line_1_110' title="bbox 1787 5330 2473 5387; baseline 0.003 -3"><span class='ocrx_word' id='word_1_706' title='bbox 1787 5330 2027 5386; x_wconf 71' lang='grc' dir='ltr'><strong>νΑΒΙΑΞ</strong></span> <span class='ocrx_word' id='word_1_707' title='bbox 2068 5332 2362 5387; x_wconf 76' lang='lat' dir='ltr'><strong>LECTION</strong></span> <span class='ocrx_word' id='word_1_708' title='bbox 2374 5331 2473 5386; x_wconf 87' lang='lat' dir='ltr'><strong>ES.</strong></span> 
     </span>
    </p>
   </div>
   <div class='ocr_carea' id='block_1_110' title="bbox 2062 5472 2293 5527">
    <p class='ocr_par' dir='ltr' id='par_1_110' title="bbox 2062 5472 2293 5527">
     <span class='ocr_line' id='line_1_111' title="bbox 2062 5472 2293 5527; baseline 0.009 -2"><span class='ocrx_word' id='word_1_709' title='bbox 2062 5472 2293 5527; x_wconf 74' lang='grc' dir='ltr'><strong>ΝΟΤιΕ.</strong></span> 
     </span>
    </p>
   </div>
   <div class='ocr_carea' id='block_1_111' title="bbox 2189 5556 3755 5631">
    <p class='ocr_par' dir='ltr' id='par_1_111' title="bbox 2189 5556 3755 5631">
     <span class='ocr_line' id='line_1_112' title="bbox 2189 5556 3755 5631; baseline -0.006 -9"><span class='ocrx_word' id='word_1_710' title='bbox 2189 5568 2254 5622; x_wconf 84' lang='lat' dir='ltr'><strong>ad</strong></span> <span class='ocrx_word' id='word_1_711' title='bbox 2285 5568 2447 5622; x_wconf 86' lang='lat' dir='ltr'><strong>linem</strong></span> <span class='ocrx_word' id='word_1_712' title='bbox 2510 5565 2639 5619; x_wconf 88' lang='lat' dir='ltr'><strong>libri</strong></span> <span class='ocrx_word' id='word_1_713' title='bbox 2693 5565 2853 5620; x_wconf 89' lang='lat' dir='ltr'><strong>Prov.</strong></span> <span class='ocrx_word' id='word_1_714' title='bbox 2891 5577 3013 5631; x_wconf 72' lang='lat' dir='ltr'><strong>qua:</strong></span> <span class='ocrx_word' id='word_1_715' title='bbox 3069 5561 3235 5616; x_wconf 86' lang='lat' dir='ltr'><strong>etiam</strong></span> <span class='ocrx_word' id='word_1_716' title='bbox 3276 5568 3580 5631; x_wconf 83' lang='lat' dir='ltr'><strong>agnoscunt</strong></span> <span class='ocrx_word' id='word_1_717' title='bbox 3614 5556 3755 5613; x_wconf 88' lang='lat' dir='ltr'><strong>lleb.</strong></span> 
     </span>
    </p>
   </div>
   <div class='ocr_carea' id='block_1_112' title="bbox 2186 5637 3623 5708">
    <p class='ocr_par' dir='ltr' id='par_1_112' title="bbox 2186 5637 3623 5708">
     <span class='ocr_line' id='line_1_113' title="bbox 2186 5637 3623 5708; baseline -0.003 -16"><span class='ocrx_word' id='word_1_718' title='bbox 2186 5639 2343 5708; x_wconf 85' lang='lat' dir='ltr'><strong>Targ.</strong></span> <span class='ocrx_word' id='word_1_719' title='bbox 2379 5637 2498 5707; x_wconf 79' lang='lat' dir='ltr'><strong>Syr.</strong></span> <span class='ocrx_word' id='word_1_720' title='bbox 2530 5645 2636 5689; x_wconf 89' lang='lat' dir='ltr'><strong>etc.</strong></span> <span class='ocrx_word' id='word_1_721' title='bbox 3618 5658 3623 5662; x_wconf 54' lang='grc' dir='ltr'><strong>ι</strong></span> 
     </span>
    </p>
   </div>
  </div>
