4066 6146
323 263 431 324 805

1631 254 1803 316 LOCI
1840 255 2161 319 COMMUN
2168 257 2277 317 ES.

3481 258 3585 321 806

321 379 436 436 τοῖς
502 372 597 442 τὴν
661 371 823 439 φύσιν
889 367 1028 422 τῶν
1062 366 1402 437 πραγμάτων
1465 367 1693 437 ἐρευνᾷν
1750 368 1907 420 δυνα-

2015 367 2159 436 apud
2192 383 2309 432 eos,
2361 369 2455 438 qui
2506 383 2690 422 rerum
2745 375 3000 422 naturam
3053 366 3286 420 scrutari
3344 376 3583 433 norunt,

369 466 525 518 ένοις.

369 483 525 518 ever.

325 483 365 535 μ
399 497 690 624 Himera
719 584 789 594 —
823 551 1157 620 Ὀλιγοδεΐας
1212 550 1309 620 μὲν
1367 551 1626 620 ἐρασταὶ,
1689 551 1912 603 πολυτέ-

323 647 472 700 λειαν
502 647 577 710 δὲ,
607 646 680 708 ὡς
710 644 888 714 ψυχῆς
919 643 1014 696 καὶ
1043 642 1291 712 σώματος
1320 641 1473 693 νόσον
1495 642 1904 712 ἐκτρεπόμενοι.

407 822 472 874 Ἦ
492 820 597 874 τῶν
628 818 948 887 ἀναγκαίων
976 818 1167 885 κτῆσις
1189 815 1282 868 καὶ
1304 817 1520 885 χρῆσις,
1549 815 1608 867 οὐ
1634 815 1730 885 τὴν
1762 818 1908 868 ποιό-

323 932 464 986 τητα
527 912 798 983 βλαϐερὰν
847 909 994 980 ἔχει,
1055 907 1191 962 ἀλλὰ
1241 908 1342 978 τὴν
1395 909 1546 978 παρὰ
1598 910 1656 960 τὸ
1708 909 1907 980 μέτρον

327 1007 624 1076 ποσότητα.

397 1100 683 1161 Φίλωνος.
724 1124 794 1135 -
841 1094 901 1145 Ὀ
932 1092 1214 1154 σπουδαῖος
1259 1093 1354 1144 καὶ
1388 1090 1681 1159 όλιγοδεὴς,
1713 1091 1906 1145 ἀθανά-

324 1207 417 1242 του
445 1189 537 1241 ml
567 1187 766 1256 θνητῆς
819 1185 1036 1253 φύσεως
1079 1183 1330 1254 μεθόριον
1366 1199 1376 1214 ο
1435 1183 1495 1234 τὸ
1550 1183 1649 1251 μὲν
1698 1183 1904 1246 mags;

324 1279 459 1347 ἔχων
512 1277 599 1328 διὰ
639 1275 798 1345 σῶμα
845 1274 1061 1344 θνητόνο
1093 1273 1154 1326 τὸ
1186 1272 1242 1325 δὲ
1271 1271 1347 1342 μὴ
1377 1270 1651 1337 πολυδεὲς,
1687 1271 1774 1323 διὰ
1801 1273 1905 1340 ψυ-

324 1369 422 1440 χὴν
451 1368 746 1436 ἐφιεμένην
775 1364 1099 1428 ἀθανασίας.

395 1567 652 1632 Δημοκρ.
684 1558 1056 1628 -Αὐταρκῑῃ
1120 1557 1348 1625 τροφῆς,
1405 1555 1576 1626 μικρὰ
1613 1555 1710 1620 νὺξ
1765 1555 1910 1607 οὺδέ-

328 1671 460 1708 ποτε
505 1653 740 1720 γίνεται.

2013 459 2247 528 pessime
2277 460 2448 524 audit,
2480 461 2760 530 etiamque
2808 468 2972 529 atque
3021 458 3185 513 etiam
3215 458 3585 528 vituperatur.

2082 550 2380 606 Clementis.
2412 584 2479 592 —
2504 552 2835 609 Sobrietatis
2867 563 2924 606 et
2951 550 3349 606 mediocritatis
3377 561 3585 605 amato-

2011 659 2132 706 res;
2174 645 2360 696 luxum
2393 659 2522 697 vero
2559 653 2920 712 sumptusque
2946 642 3302 712 profusiores,
3330 651 3588 711 tanquam

2009 734 2178 788 animi
2215 736 2576 804 corporisque
2602 735 2857 788 morbum
2889 734 3218 788 devitantes.

2083 826 2286 880 lterum
2306 827 2740 881 necessariarum
2770 824 3048 895 possessio
3061 831 3118 878 et
3140 839 3291 888 usus,
3323 839 3431 878 non
3449 839 3586 894 qua-

2009 916 2221 971 litatem
2254 920 2473 972 noxiam
2523 919 2722 984 habet,
2779 919 2872 973 sed
2903 933 3025 988 qua:
3072 916 3296 971 modum
3347 916 3586 979 excedit,

2008 1006 2398 1075 quantitatem.

2078 1098 2336 1152 Philonis.
2374 1129 2441 1140 -——
2471 1100 2565 1154 Vir
2603 1101 2783 1154 bonus
2805 1109 2862 1154 et
2897 1101 3089 1169 paucis
3122 1116 3293 1170 egens
3321 1115 3416 1152 seu
3469 1098 3587 1152 fru-

2002 1191 2162 1258 ‘galis,
2220 1191 2275 1243 in
2321 1190 2650 1244 immortalis
2697 1192 3054 1260 mortalisque
3087 1201 3309 1245 natura:
3350 1189 3587 1243 conﬁnio

2006 1288 2090 1332 est
2126 1297 2137 1331 :
2175 1280 2268 1348 qui
2303 1295 2500 1348 nempe
2529 1277 2771 1348 indigeat
2795 1281 3041 1349 quidem,
3086 1288 3314 1349 prOpter
3357 1281 3586 1332 mortale

2008 1385 2242 1439 corpus;
2291 1372 2385 1424 sed
2431 1386 2540 1424 non
2573 1372 2783 1434 multis,
2832 1387 2938 1440 qua
2970 1356 3235 1440 praeditus
3284 1373 3464 1425 anima
3505 1379 3588 1424 est

2008 1471 2303 1530 appetente
2327 1461 2820 1516 immortalitatem.

2080 1553 2384 1607 Democriti.
2428 1583 2495 1593 —
2532 1553 2730 1608 Sobrio
2782 1553 3046 1622 tenuique
3078 1553 3269 1616 victui,
3303 1568 3585 1622 nunquam

2009 1662 2119 1700 nox
2154 1647 2374 1701 brevior
2407 1645 2647 1700 exsistit.
3197 1643 3200 1646 ’

399 1718 712 1811 Κλε-ιτάρχ.
747 1770 818 1782 --
857 1739 1174 1809 Ὀφείλομεν
1234 1739 1460 1801 ἑαυτοὺς
1521 1737 1723 1802 ἐθίζειν
1801 1740 1907 1792 ἀπὸ

2079 1736 2351 1792 Clitarchi.
2387 1768 2446 1775 ——
2476 1739 2664 1805 Operae
2683 1736 2920 1804 pretium
2943 1745 3004 1790 ut
3025 1752 3124 1789 nos
3153 1736 3298 1804 ipsos
3319 1735 3384 1788 ad
3411 1735 3590 1805 fruga-

325 1835 524 1903 ὀλίγων
579 1833 696 1904 ζῇν,
752 1833 840 1886 ἵνα
892 1831 1060 1902 μηδὲν
1119 1830 1344 1900 αἰσχρὸν
1388 1829 1575 1882 ἕνεκεν
1605 1831 1906 1901 χρημάτων

331 1928 613 1998 μάθωμεν.

396 2020 654 2089 Σωκράτ.
684 2049 754 2060 —-
779 2017 1077 2088 Σωκράτης
1115 2016 1409 2085 ἐρωτηθεὶς
1459 2015 1564 2067 ὑπό
1611 2014 1775 2078 τινος,
1815 2013 1911 2076 Τίς

329 2130 413 2166 σοι
443 2110 844 2179 πλουσιώτερος
883 2103 1024 2161 εἶναι
1062 2106 1236 2172 δοκεῖ;
1266 2102 1446 2158 εἶπεν·
1495 2105 1552 2156 Ὀ
1606 2104 1910 2174 ἐλαχίστοις

328 2204 667 2275 ἀρκούμενος
693 2219 707 2232 ·
746 2203 1046 2272 αὐτάρκεια
1075 2199 1185 2269 γάρ
1238 2199 1356 2251 ὲστι
1403 2196 1618 2266 φύσεως
1659 2196 1906 2259 πλοῦτος.

403 2381 615 2451 Ὠσπερ
641 2381 719 2442 εἰς
748 2378 865 2432 ὁδὸν
897 2377 988 2430 τὸν
1015 2375 1148 2447 βίον,
1179 2376 1240 2429 οὐ
1267 2374 1336 2430 τὰ
1363 2374 1561 2429 πολλοῦ
1608 2374 1735 2439 ἀξια
1784 2391 1911 2427 συν-

330 2475 467 2528 τίθει
509 2473 718 2542 ἐφόδια,
755 2471 891 2525 ἀλλὰ
924 2469 1350 2540 ἀναγκαιότερα.

402 2649 622 2702 Βέλτιόν
650 2649 800 2700 ἐστιν
819 2650 876 2700 ἐν
903 2648 1003 2717 μιᾷ
1034 2647 1326 2719 περιουσίᾳ
1358 2645 1780 2716 συστελλόμενον
1818 2647 1910 2699 εὐ-

329 2740 540 2813 θυμεῖν,
569 2740 602 2810 ἢ
638 2739 880 2810 μεγάλης
911 2739 1254 2809 τυγχάνοντα
1283 2737 1592 2808 δυστυχεῖν.

413 2915 753 2983 Ἀλέξανδρ.
793 2943 862 2955 -
897 2914 1159 2976 Εἰπόντος
1216 2913 1366 2983 αὐτῷ
1389 2930 1534 2977 τινος
1559 2913 1665 2967 τῶν
1698 2913 1912 2967 δοκούν-

330 3023 440 3070 των
465 3007 692 3070 εὐνοεῖν,
727 3007 811 3058 ὅτι
837 3005 1100 3058 Δύνανται
1128 3005 1185 3057 αἱ
1223 3004 1406 3066 πόλεις
1433 3021 1525 3056 σου
1560 3003 1743 3056 πλεῖον
1771 3019 1912 3073 παρ-

331 3097 475 3166 έχειν
507 3096 720 3159 ἐξόδους
747 3097 851 3166 (η),
885 3094 1010 3165 ἔφη·
1047 3093 1342 3166 Κηπουρὸν
1367 3093 1510 3164 μισῶ
1539 3093 1630 3147 τὸν
1647 3094 1710 3147 ὲκ
1743 3094 1909 3164 ῥιζῶν

331 3187 662 3256 ἐκτέμνοντα
688 3187 754 3239 τὰ
781 3187 1012 3256 λάχανα.

401 3363 710 3431 Δημοκρίτ.
752 3390 824 3400 -
854 3358 1148 3429 Τράπεζαν
1174 3357 1472 3410 πολυτελέα
1519 3359 1618 3427 μὲν
1638 3359 1774 3428 τύχη
1804 3376 1909 3410 πα-

333 3452 639 3523 ρατίοησιν,
671 3448 950 3524 αὐταρκέσι
977 3449 1033 3501 δὲ
1074 3448 1420 3518 σωφροσύνη.

411 3651 505 3702 Ἐκ
537 3648 656 3702 τῶν
689 3645 1045 3714 Ἐπικτήτου
1065 3646 1164 3699 καὶ
1199 3644 1911 3717 Ἰσοκράτ.--Αὐτάρκεια,

328 3742 584 3812 καθάπερ
623 3741 740 3803 ὁδὸς
773 3739 998 3810 βραχεῖα
1019 3737 1115 3790 καὶ
1143 3737 1467 3808 ἐπιτερπὴς,
1493 3736 1652 3808 χάριν
1677 3737 1775 3807 μὲν
1801 3739 1911 3808 ἕχει

331 3833 600 3903 μεγάλην,
635 3831 797 3884 πόνον
825 3831 884 3883 δὲ
929 3829 1143 3902 μικρόν.

416 4009 724 4082 Ὀχύρωσον
788 4009 986 4063 σαυτὸν
1053 4012 1120 4080 τῇ
1179 4007 1524 4078 αὐταρκείᾳ·
1579 4005 1739 4059 τοῦτο
1802 4005 1912 4076 γὰρ

325 4101 635 4156 δυσάλωτόν
655 4104 802 4156 ἐστιν
829 4103 1048 4172 χωρίον.

402 4275 663 4346 Σωκράτ.
700 4275 1112 4345 -Ξανθίππης
1148 4275 1434 4345 Σωκράτει
1469 4273 1544 4344 τῷ
1598 4273 1752 4345 ἀνδρὶ
1792 4275 1911 4327 ἑπι-

2007 1830 2216 1884 litatem
2239 1844 2614 1892 exerceamus,
2645 1845 2710 1882 ne
2729 1844 2826 1897 per
2849 1829 3196 1882 occasionem
3219 1829 3586 1896 parandarum

2008 1936 2173 1989 opum
2199 1927 2358 1989 turpe
2388 1919 2596 1988 aliquid
2625 1919 3029 1973 condiscamus.

2079 2009 2335 2064 Socratis.
2383 2041 2452 2052 -—-
2504 2009 2760 2064 Socrates
2791 2050 2805 2072 ,
2865 2009 3102 2078 quodam
3165 2009 3540 2080 interrogante
3569 2052 3583 2074 ,

2009 2101 2138 2170 quis
2167 2101 2247 2154 illi
2277 2101 2446 2155 ditior
2476 2115 2600 2155 esse
2641 2100 2947 2165 videretur,
2975 2101 3258 2170 respondit
3289 2101 3423 2156 :Cui
3455 2119 3588 2173 pau-

2010 2195 2231 2249 cissima
2260 2195 2594 2250 sulIicerent.
2623 2195 2686 2249 In
2721 2194 3049 2251 suﬂicientia
3068 2196 3219 2251 enim
3244 2198 3438 2266 posita:
3459 2207 3587 2252 sunt

2011 2293 2223 2340 naturae
2256 2286 2484 2341 divitiae.

2083 2375 2243 2447 575
2266 2375 2433 2442 Quasi
2463 2377 2592 2430 vitae
2622 2378 2727 2432 iter
2749 2386 3095 2450 peracturus,
3117 2393 3230 2433 non
3259 2395 3380 2449 quae
3403 2380 3584 2451 magni

2009 2468 2174 2536 pretii
2205 2469 2316 2522 sint
2348 2469 2548 2523 viatico
2582 2470 2919 2540 componito,
2953 2470 3049 2525 sed
3084 2485 3204 2539 quae
3239 2470 3293 2524 in
3324 2487 3442 2526 rem
3472 2487 3587 2527 ma-

2012 2560 2095 2631 gis
2115 2561 2428 2614 necessaria
2457 2560 2745 2614 exsistant.

2082 2649 2308 2704 Prmstat
2367 2667 2474 2704 una
2539 2651 2805 2719 brevique
2867 2648 3180 2704 substantia
3240 2660 3586 2706 contractum

2010 2755 2168 2810 atquo
2199 2741 2385 2794 animo
2411 2756 2552 2806 esse,
2577 2757 2742 2810 quam
2784 2739 2996 2809 magnis
3037 2740 3235 2808 opibus
3263 2741 3497 2796 ditatum
3529 2741 3588 2797 in

2011 2832 2094 2887 eis
2122 2833 2521 2888 infortunatum
2551 2848 2692 2886 esse.

2081 2922 2404 2977 Alexander.
2427 2922 2648 2976 ——Cum
2678 2921 2731 2976 ei
2758 2921 3064 2976 amicorum
3091 2923 3337 2992 quidam,
3366 2938 3590 2979 eorum-

2012 3027 2120 3081 que
2152 3012 2246 3081 qui
2295 3013 2412 3082 ejus
2456 3013 2733 3082 przecipue
2783 3011 2952 3066 rebus
2981 3011 3207 3066 studere
3240 3012 3586 3080 viderentur,

2013 3103 2262 3163 dixisset,
2295 3119 2453 3172 posse
2482 3104 2668 3169 urbes,
2691 3119 2811 3173 qua:
2831 3105 2951 3174 ejus
2983 3103 3210 3159 ditionis
3234 3115 3440 3170 essent,
3469 3122 3588 3161 ma-

2011 3194 2133 3264 jora
2198 3195 2403 3248 tributa
2456 3203 2753 3263 praestare,
2795 3195 3123 3264 respondit:
3169 3195 3434 3252 Olitorem
3471 3199 3585 3262 odi,

2012 3283 2104 3351 qui
2132 3282 2398 3336 radicitus
2421 3283 2692 3337 exscindit
2715 3282 2886 3336 olera.

2081 3372 2366 3426 Democrit.
2401 3403 2471 3411 —
2504 3373 2890 3442 Sumptuosam
2923 3387 3171 3426 mensam
3200 3371 3432 3441 apponit
3471 3371 3588 3427 for-

2015 3475 2177 3530 tuna;
2215 3465 2480 3535 frugalem
2513 3480 2648 3519 vero
2677 3465 2905 3534 suisque
2939 3473 3279 3529 contentam,
3308 3465 3587 3520 sobrietas

2011 3569 2077 3608 ac
2099 3555 2481 3622 temperantia.

2083 3647 2168 3700 Ea:
2213 3647 2485 3700 sententiis
2523 3645 2752 3716 Epictet.
2802 3653 2852 3699 et
2896 3645 3122 3700 Isocrat.
3163 3676 3230 3688 —
3256 3645 3584 3716 Frugalitas,

2013 3736 2238 3804 suisque
2283 3744 2541 3790 c0ntenta
2590 3737 2714 3790 vita
2759 3736 2922 3801 ratio,
2983 3737 3139 3806 quasi
3181 3737 3269 3791 via
3303 3737 3490 3793 brevis
3523 3753 3586 3792 ac

2013 3827 2356 3882 delectabilis
2376 3843 2389 3892 ;
2413 3841 2664 3896 magnam
2691 3827 2914 3897 quidem
2939 3827 3106 3883 habet
3143 3831 3397 3899 gratiam,
3433 3830 3588 3884 labo-

2013 3933 2132 3972 rem
2169 3932 2304 3971 vero
2332 3917 2613 3986 exiguum.

2081 4008 2307 4063 Obvalla
2337 4009 2575 4080 teipsum
2623 4009 2829 4063 virtute
2877 4009 2992 4086 suis
3043 4010 3162 4079 ipsa
3193 4019 3452 4066 contenta
3489 4013 3587 4066 sti-

2011 4100 2259 4170 pendiis;
2290 4100 2408 4155 haec
2460 4101 2608 4154 enim
2651 4116 2752 4156 arx
2781 4111 2866 4155 est
2893 4113 3060 4170 quam
3105 4100 3258 4155 nulla
3297 4101 3458 4157 facile
3501 4103 3585 4158 vis

2011 4207 2328 4262 expugnare
2359 4193 2556 4262 possit.

2083 4281 2431 4338 Socrates.——
2450 4283 2588 4338 Cum
2610 4281 2884 4354 Xantippe
2917 4285 3097 4339 virum
3122 4300 3282 4339 suum
3304 4285 3582 4341 Socratem

323 4367 592 4438 τιμώσης,
650 4367 784 4421 διότι
836 4367 996 4432 λιτῶς
1048 4367 1492 4438 παρεσκευάζετο
1540 4366 1904 4431 ὐποδέξασθαι

2013 4375 2346 4444 increparet,
2371 4375 2518 4443 quod
2545 4376 2795 4430 tenuiore
2822 4388 3086 4445 apparatu
3127 4379 3332 4431 amicos
3360 4378 3582 4446 excipe-

326 4459 538 4528 φίλους,
574 4457 759 4512 εἶπενο
785 4458 850 4512 Εἰ
880 4459 977 4530 μὲν
1010 4457 1268 4529 ἡμέτεροι
1305 4461 1464 4524 εἰσιν,
1491 4458 1644 4511 οὐδὲν
1677 4459 1907 4522 ἐκείνοις

327 4551 598 4622 μελήσει·
640 4554 688 4604 et
721 4551 777 4604 δὲ
814 4551 1107 4622 ἀλλότριοι,
1157 4551 1290 4620 ἡμῖν
1338 4549 1468 4618 περὶ
1517 4547 1696 4600 αὐτῶν
1753 4548 1906 4602 οὐδὲν

326 4643 575 4714 μελήσει.
1311 4699 1318 4706 .

892 4755 1111 4809 ΛΟΓΟΣ
1147 4755 1224 4807 IA'
1270 4756 1338 4809 ²¹.

853 4864 993 4934 Περὶ
1022 4863 1391 4933 προσευχῆς.

402 4987 587 5040 Muta.
637 5003 674 5049 ς
699 5023 712 5036 .
745 5012 816 5022 -
839 4980 1275 5052 Προσευχόμενοι
1330 4981 1405 5051 μὴ
1449 4979 1904 5052 βαττολογήσητε,

2014 4473 2117 4527 ret,
2167 4463 2307 4518 dixit
2338 4482 2350 4516 :
2389 4463 2446 4518 Si
2482 4463 2653 4518 nostri
2709 4463 2948 4529 fuerint,
2997 4466 3136 4519 nihil
3167 4466 3470 4532 curabunt;
3498 4467 3582 4520 sin

2013 4555 2200 4620 alieni,
2224 4570 2419 4610 eorum
2447 4555 2610 4610 nobis
2633 4556 2781 4609 nulla
2807 4556 3060 4610 habenda
3092 4556 3236 4609 ratio
3259 4558 3351 4610 sit.

2547 4709 2552 4712 ’
2613 4750 2844 4806 SERMO
2872 4751 3008 4805 xw.

2271 4866 2346 4920 De
2373 4867 2610 4920 oratione
2635 4882 2726 4918 seu
2765 4865 3001 4935 precibus
3039 4865 3107 4918 ad
3148 4863 3340 4919 Deum.

2087 4979 2278 5032 Matth.
2316 4995 2390 5044 vi,
2423 4979 2692 5032 7.—Dum
2712 4978 2907 5042 oratis,
2932 4979 3101 5032 nolite
3140 4979 3375 5033 multum
3406 4981 3582 5052 loqui,

1619 5121 1855 5175 VARI/['3
1899 5122 2304 5178 LECTIONES.

1838 5259 2071 5314 ΝΟΤᾸΞ.

397 5195 440 5225 ἰ
466 5194 569 5248 Est
604 5194 657 5248 in
681 5193 846 5249 Gesn.
877 5191 1031 5248 Stob.
1059 5190 1185 5246 294.

399 5334 493 5406 (η)
512 5334 728 5406 Πλεῖον
758 5333 1043 5406 παρέχειν
1073 5327 1340 5406 ὲξόδρυς.
1385 5326 1552 5406 Gesn.
1583 5330 1900 5406 conjectura

319 5397 427 5467 est,
461 5397 770 5484 'legenduln
819 5397 1148 5484 eiq'épdpeug.
1204 5397 1310 5451 Sed
1370 5398 1507 5484 mihi
1561 5397 1906 5484 lionﬁﬁsua't‘let

321 5482 517 5528 contra
537 5467 952 5540 Vexemplariuni
983 5467 1184 5540 tidem:
1223 5482 1348 5540 nam
1380 5467 1546 5540 etiam
1569 5468 1776 5540 εἴσοδος
1799 5470 1904 5522 Po-

320 5543 521 5613 lyxeno
567 5552 622 5596 et
675 5535 845 5595 veteri
899 5539 1100 5595 Lexico
1133 5537 1434 5613 Stephani,
1483 5535 1749 5613 ἀνάλωμα
1800 5547 1904 5613 est,

319 5605 834 5681 εἱιηιριιιδήηιρεηδα
861 5623 1131 5681 :enmque
1161 5605 1295 5659 alias
1322 5605 1496 5681 ἔξοδος
1522 5607 1903 5681 επρράὶιὶοβίι,

320 5677 512 5735 erit'et
536 5677 810 5750 praes'tatio
841 5677 1188 5746 vectigalium
1215 5693 1278 5730 ac
1317 5677 1678 5739 tributorum,
1705 5678 1907 5745 quibus

2002 5330 2236 5401 principi
2275 5331 2506 5402 ejusque
2537 5331 2879 5386 exercitibus
2912 5334 3111 5386 tuenda
3152 5323 3434 5402 republica
3462 5337 3578 5391 suf-

2005 5402 2240 5474 ﬁciatur.
2267 5402 2404 5474 llinc
2439 5401 2713 5457 Biblicum
2747 5403 3076 5474 vocabulum
3113 5401 3319 5474 ὲξοδιᾷν
3360 5415 3415 5461 et
3464 5408 3580 5471 ἐξο-

2003 5471 2230 5546 διάζειν.
2267 5471 2459 5546 eodem
2490 5489 2678 5538 sensu,
2713 5471 3155 5546 quod_Seniores
3180 5489 3244 5526 ex
3264 5471 3370 5529 usu
3409 5477 3582 5546 magis

2005 5540 2088 5593 sui
2126 5542 2523 5614 temporis,_et_
2551 5552 2612 5596 ut
2637 5540 2828 5596 vocem
2849 5540 3111 5605 Graecam,
3168 5540 3578 5614 usurpaverint,

2005 5627 2166 5679 quam
2203 5612 2303 5680 ipsi
2336 5611 2609 5666 cudcrint.
