4066 6146
418 248 626 329 ’807

1679 260 1740 319 S.
1781 259 2066 318 ΜΛΧΙΜΙ
2105 258 2612 323 CONFESSORIS

3681 265 3794 329 8l8

516 375 664 431 sicut
693 371 900 428 ethnici
930 387 944 424 :
973 376 1169 439 putant
1186 366 1333 423 enim
1359 365 1506 437 quod
1541 366 1593 419 in
1628 366 1980 435 multiloquio
2000 381 2103 421 suo

2210 367 2394 439 ὥσπερ
2416 371 2465 452 gl
2496 370 2698 423 ἐθνικοί
2727 388 2739 402 ·
2774 371 2992 426 δοκοῦσι
3019 372 3147 444 γὰρ,
3187 374 3269 428 ὅτι
3299 374 3358 427 ὲν
3385 378 3453 446 τῇ
3489 376 3803 452 πολυλογίᾳ

513 465 903 520 exaudientur.
939 460 1121 515 Nolite
1160 475 1292 529 ergo
1315 457 1609 513 assimilari
1648 459 1771 522 eis;
1806 458 1913 512 scit
1949 458 2099 511 enim

513 555 678 610 Pater
705 560 888 606 vester
920 551 1056 621 quid
1088 565 1232 619 opus
1265 549 1337 603 sit
1373 547 1553 613 vobis,
1578 558 1876 615 antequam
1901 548 2102 617 petatis

512 662 664 701 eum.

581 738 700 792 Jac.
720 754 773 802 ν,
800 736 885 789 l5.
904 733 1263 788 —Tristatur
1284 733 1410 802 quis
1439 732 1727 787 vestrum?
1756 738 1896 787 oret.
1922 730 2102 801 IEquo

512 829 701 884 animo
738 827 865 882 est?
906 826 1123 895 p‘sallat.
1171 824 1486 878 lnlirmatur
1515 824 1640 891 quis
1669 822 1724 876 in
1776 822 1973 876 vobis?
2015 837 2105 877 ac-

514 926 696 974 cersat
740 917 1097 987 presbyteros
1130 914 1416 977 Ecclesiae,
1466 922 1521 967 et
1555 920 1718 967 orent
1747 928 1916 981 super
1951 927 2101 977 eum,

514 1018 785 1079 ungentes
819 1024 944 1062 eum
980 1008 1103 1061 oleo
1153 1006 1206 1060 in
1244 1005 1469 1060 nomine
1524 1004 1764 1058 Domini.
1811 1004 1881 1058 Et
1923 1003 2105 1058 oratio

515 1099 646 1155 ﬁdei
674 1100 883 1153 salvum
911 1097 1105 1151 reddet
1138 1096 1439 1159 inﬁrmum,
1477 1106 1534 1150 et
1562 1096 1738 1165 eriget
1765 1109 1892 1149 eum
1915 1093 2103 1148 Domi-

513 1208 624 1248 nus
652 1210 668 1249 :
699 1199 754 1247 et
778 1192 824 1245 si
847 1192 903 1245 in
924 1190 1170 1260 peccatis
1196 1189 1390 1255 fuerit,
1411 1190 1773 1287 remittemur
1810 1187 1885 1242 ei.

585 1365 746 1423 Prov.
774 1383 864 1431 xv,
891 1365 943 1420 8.
973 1395 1043 1404 —
1065 1363 1270 1419 Hostia;
1294 1365 1592 1435 impiorum
1632 1364 1975 1419 abdminatio
1994 1365 2104 1420 Do—

517 1460 670 1514 mino
704 1477 717 1513 :
750 1472 945 1529 preces
987 1465 1171 1512 autem
1213 1467 1363 1511 recte
1405 1456 1830 1521 ambulantium,
1870 1464 2107 1527 acceptae

519 1552 665 1623 apud
695 1567 843 1607 eum.
1080 1610 1083 1615 ,

588 1642 759 1697 Eccli.
790 1658 885 1709 vn,
909 1641 964 1697 9.
988 1671 1058 1681 —
1078 1639 1201 1696 Noli
1224 1654 1345 1695 esse
1369 1638 1741 1709 pusillanimis
1767 1639 1822 1693 in
1847 1638 2105 1694 oratione

520 1745 635 1790 tua.
1206 1756 1209 1757 ⁷

589 1823 758 1879 Eccli.
791 1840 942 1889 xvm,
974 1823 1064 1878 22.
1094 1853 1162 1864 —
1182 1822 1262 1877 Ne
1289 1821 1612 1891 impediaris
1638 1822 1873 1878 reddere
1899 1822 2109 1877 oratio-

520 1933 644 1971 nem
681 1916 911 1970 Domino
941 1923 1188 1983 tempore
1215 1923 1555 1983 opportuno.
1829 1982 1841 1990 ‘

592 2006 803 2060 Basilii.
822 2036 892 2046 —
911 2005 1076 2059 Auris
1099 2005 1307 2069 divina,
1332 2020 1468 2059 voce
1496 2020 1605 2059 non
1628 2013 1752 2075 eget
1783 2004 1852 2059 ad
1879 2003 2110 2058 audien-

522 2097 675 2152 dum.
704 2096 867 2151 Novit
887 2097 1033 2150 enim
1063 2096 1246 2149 statim
1271 2094 1327 2148 in
1358 2094 1479 2163 ipso
1519 2103 1670 2148 motu
1714 2093 1878 2164 576
1901 2092 2105 2157 cordis,

520 2206 587 2243 ea
615 2205 736 2258 qua:
761 2188 1128 2257 inquiramus.
1153 2186 1503 2256 dignoscere.
1552 2189 1752 2240 Annon
1775 2185 1936 2239 audis
1960 2183 2108 2253 quod

520 2283 721 2339 Moses.
756 2294 882 2333 cum
911 2279 1051 2333 nihil
1084 2279 1407 2348 loqueretur
1432 2318 1446 2340 ,
1488 2277 1672 2332 tacitis
1694 2277 1810 2331 suis
1853 2274 2109 2344 suspiriis

524 2372 816 2425 Dominum
843 2370 1202 2439 interpellans
1228 2369 1405 2438 (Rom.
1429 2384 1547 2433 vm,
1571 2368 1686 2438 ἐϋ).
1710 2367 1937 2421 auditus
1958 2365 2025 2419 ab
2041 2379 2109 2418 eo

525 2464 616 2528 sit,
657 2465 874 2519 dicente
900 2483 915 2517 :
944 2461 1084 2527 Quid
1107 2462 1310 2516 clamas
1339 2462 1408 2515 ad
1440 2477 1522 2515 me
1550 2460 1747 2529 (Exod.
1774 2476 1885 2524 xw,
1910 2458 2042 2528 15)?

596 2552 877 2608 Justorum
901 2552 1049 2607 enim
1080 2567 1311 2620 operum
1345 2550 1661 2619 praisentia,
1689 2547 1933 2619 ingentis
1962 2545 2109 2616 apud

525 2643 699 2698 Deum
737 2643 998 2698 clamoris
1025 2642 1205 2697 vicem
1240 2642 1424 2695 habet.

602 2752 865 2823 Theologi.
892 2783 963 2792 —
989 2752 1068 2807 Ne
1093 2752 1415 2820 abiectioris
1445 2750 1615 2804 animi
1640 2751 1902 2819 velutque
1926 2747 2109 2804 sordi-

528 2843 702 2898 dioris
725 2851 909 2895 notam
951 2841 1114 2895 nobis
1138 2856 1502 2903 arcessemus,
1546 2840 1677 2893 dum
1722 2841 1935 2893 minuta
1955 2852 2108 2907 qua:-

530 2933 654 2986 dam
682 2947 784 2985 nec
809 2930 973 3001 digna
1007 2931 1142 2984 satis
1171 2929 1457 3000 largientis
1483 2929 1890 2996 muniﬁcentia,
1931 2944 1964 2984 a
1993 2928 2109 2983 Deo

530 3023 896 3092 postulamus.

600 3111 867 3183 Chrysost.
908 3141 979 3153 -
1019 3111 1212 3182 Magna
1256 3113 1507 3183 quaedam
1560 3131 1649 3169 res
1683 3122 1768 3169 est
1804 3115 1985 3170 oratio
2008 3157 2023 3182 ,
2059 3114 2137 3173 si‘

528 3206 714 3259 animo
746 3205 799 3257 in
829 3204 1000 3257 Deum
1031 3215 1185 3274 grato
1219 3220 1284 3259 ac
1316 3206 1555 3260 candore
1582 3204 1674 3258 ﬁat
1705 3223 1717 3258 :
1752 3206 1797 3260 si
1822 3222 1921 3261 nos
1957 3207 2107 3276 ipsos

530 3297 885 3350 instituamus
907 3334 922 3358 ,
957 3304 1018 3349 ut
1067 3294 1270 3349 nedum
1301 3310 1426 3349 cum
1454 3295 1753 3365 petitiones
1780 3297 2101 3365 accipimus,

530 3390 645 3444 Deo
675 3387 878 3458 gratias
926 3402 1175 3458 agamus,
1226 3387 1322 3441 scd
1348 3396 1553 3441 etcum
1603 3387 1714 3442 illis
1749 3387 2102 3442 frustramur.

528 3477 870 3548 Quandoque
920 3479 1068 3534 enim
1110 3478 1225 3543 dat,
1272 3478 1608 3548 quandoque
1653 3494 1785 3533 vero
1829 3494 1941 3533 non
1989 3480 2105 3544 dat,

532 3572 651 3625 utili
684 3580 976 3639 utrumque
1008 3570 1262 3624 consilio.
1294 3570 1421 3645 Sive
1450 3570 1618 3639 igitur
1651 3570 1953 3639 acceperis,
1992 3570 2107 3625 sive

530 3674 640 3712 non
672 3659 972 3727 acceperis.
1002 3659 1168 3712 etiam
1206 3676 1316 3712 non
1352 3660 1708 3729 accipiendo,
1744 3661 1905 3729 plane
1950 3676 2109 3714 acce-

531 3749 660 3818 pisti
691 3767 704 3801 :
740 3750 853 3803 sive
884 3750 1286 3818 impetraveris,
1322 3751 1438 3804 sive
1475 3766 1585 3803 non
1616 3750 2028 3819 impetraveris,
2052 3758 2108 3804 et

531 3854 642 3893 non
702 3839 1078 3909 impetrando,
1129 3841 1320 3909 utique
1381 3841 1711 3909 impetrasti.
1765 3840 2107 3909 Quandoque

530 3929 677 3983 enim
706 3945 815 3983 non
853 3931 1123 4000 accipere,
1146 3930 1553 3985 conducibilius
1574 3939 1679 3985 est.
1705 3930 1842 3984 Nam
1867 3929 1974 3984 nisi
1996 3944 2106 3984 non

528 4020 780 4088 accipere
809 4020 956 4074 haud
985 4037 1106 4075 raro
1131 4037 1197 4074 ex
1222 4020 1424 4074 nostris
1463 4020 1771 4090 rationibus
1795 4028 1963 4084 esset,
1989 4034 2107 4074 om-

2203 434 2383 512 αὐτῶν
2409 434 2947 531 είσακουσθήσονται.
2974 434 3064 533 Mi;
3097 434 3195 517 οὐν
3239 434 3548 538 ὁμοιωόἦτε
3587 434 3797 533 αὐτοῖςἱ

2201 547 2311 604 οἶδε
2339 551 2447 622 γάρ
2479 554 2507 606 ὁ
2530 552 2722 624 Πατὴρ
2760 554 2912 624 ὐμῶν
2941 549 3017 609 ὧν
3048 557 3239 626 χρείαν
3300 556 3476 627 ἔχετε,
3532 560 3644 631 πρὸ
3701 561 3798 616 τοῦ

2205 642 2346 711 ὑμᾶς
2391 644 2616 713 αἰτῆσαι
2648 645 2833 698 αὐτόν.

2288 736 2432 787 Ἰακ.
2462 740 2526 789 ε’.
2558 737 2963 789 -Κακοπαθεῖ
2985 754 3068 799 τις
3090 738 3148 789 ὲν
3184 737 3350 806 ὐμῖν;
3382 743 3793 813 προσευχέσθω.

2204 824 2448 894 Εὐθυμεῖ
2464 825 2876 894 τις;ψαλλέτω.
2916 827 3159 880 Ἀσθενεῖ
3195 845 3280 892 τις
3323 832 3381 883 ὲν
3428 832 3588 901 ὐμῖν;
3626 852 3800 906 προσ-

2206 913 2526 967 καλεσάσθω
2571 916 2704 978 τούς
2742 916 3150 987 πρεσϐυτέρους
3174 918 3277 987 τῆς
3318 920 3673 992 Ἐκκλησίας,
3701 928 3797 980 καὶ

2207 1004 2707 1075 προσευξάσθωσαν
2731 1006 2819 1058 ἐπ’
2852 1007 3036 1071 αὐτὸν,
3074 1007 3398 1079 ἀλείψαντες
3431 1014 3597 1070 αὐτὸν
3627 1015 3796 1087 ἐλαίῳ

2207 1102 2265 1154 tv
2290 1100 2367 1170 τῷ
2396 1101 2623 1172 ὀνόματι
2662 1103 2871 1171 Κυρίου
2900 1121 2913 1135 -
2955 1103 3053 1158 καὶ
3106 1107 3139 1176 ἡ
3205 1106 3339 1177 εὐχὴ
3393 1110 3494 1179 τῆς
3552 1110 3793 1177 πίστεως

2209 1194 2374 1245 σώσει
2395 1204 2485 1245 τον
2516 1195 2814 1263 κάμνοντα,
2872 1196 2966 1247 καὶ
3016 1197 3204 1267 ὲγερεῖ
3246 1198 3411 1252 αὐτὸν
3455 1200 3485 1252 ὁ
3537 1201 3746 1273 Κύριος
3775 1220 3792 1237 ·

2208 1280 2311 1335 κᾶν
2342 1284 2618 1353 ἁμαρτίας
2704 1285 3049 1356 πεποιηκὼς,
3074 1287 3414 1360 ἀφεθήσεται
3435 1292 3606 1363 αὐτῷ.

2280 1376 2499 1442 Σολομ.
2518 1404 2579 1417 -
2601 1375 2798 1429 Θυσίαι
2820 1377 3031 1430 ἀσεϐῶν
3056 1377 3552 1454 βδέλυγμα’Κυρίῳ
3577 1400 3592 1415 ·
3623 1402 3793 1456 προσ.

2208 1465 2363 1535 ευχαὶ
2392 1464 2448 1517 δὲ
2478 1465 2939 1532 κατευθυνόντων,
2968 1468 3154 1521 δεκταὶ
3184 1472 3313 1541 παρ’
3335 1472 3504 1543 αὐτῷ.

2279 1642 2465 1710 Σιρὰχ
2502 1640 2567 1703 ζ’.
2588 1672 2656 1683 -
2670 1642 2760 1714 Μὴ
2777 1642 3177 1718 ὀλιγονῖιυχήσῃς
3216 1648 3273 1701 ὲν
3288 1651 3355 1720 τῇ
3379 1655 3659 1725 προσευχῇ
3674 1670 3787 1710 σου.

2283 1816 2467 1883 Σιρὰχ
2499 1822 2593 1883 ιη’.
2619 1817 2709 1888 Μὴ
2741 1817 3043 1893 ὲμποδίσῃς
3074 1820 3170 1874 τοῦ
3196 1822 3492 1879 ἀποδοῦναι
3517 1826 3684 1898 εὐχὴν
3716 1828 3788 1901 (ο)

2210 1905 2505 1976 εὐκαίρως.

2274 1998 2717 2051 Βασιλείου.-
2762 1996 2829 2051 Ἦ
2888 1996 3011 2052 θεία
3064 2001 3225 2071 ἀκοὴ,
3280 2003 3341 2055 οὐ
3391 2008 3577 2077 φωνῆς
3623 2006 3789 2061 δεῖται

2210 2088 2347 2156 πρὸς
2381 2087 2656 2157 αἴσθησιν.
2687 2085 2810 2142 Οἵδε
2847 2089 2957 2160 γὰρ
3002 2092 3097 2144 καὶ
3146 2094 3205 2144 ὲν
3248 2093 3328 2163 τῷ
3374 2098 3635 2167 κινήματι
3692 2099 3790 2169 τῆς

2209 2180 2435 2250 καρδίας
2470 2179 2736 2251 γνωρίσαι
2767 2181 2835 2234 τά
2875 2182 3296 2254 ἐπιζητούμενα.
3330 2187 3403 2239 Ἢ
3447 2188 3548 2240 οὐκ
3575 2188 3790 2253 ἀκούεις

2208 2272 2287 2324 ὅτι
2316 2273 2555 2342 Μωῡσῆς
2581 2272 2746 2343 μηδὲν
2769 2272 3164 2344 φθεγγόμενος,
3195 2278 3306 2339 τοῖς
3340 2278 3629 2349 ἀλαλήτοις
3665 2281 3792 2333 ἐαυ-

2207 2362 2302 2416 τοῦ
2353 2366 2673 2434 στεναγμοῖς
2706 2364 2781 2435 (p)
2812 2366 3159 2436 ἐντυγχάνων
3205 2368 3281 2437 τῷ
3328 2370 3538 2439 Κυρίῳ,
3561 2369 3792 2440 ἠκούετο

2210 2456 2360 2527 παρὰ
2390 2456 2485 2509 τοῦ
2514 2457 2742 2528 Κυρίου,
2764 2457 3035 2525 λέγοντος
3079 2460 3139 2511 Τί
3166 2457 3325 2527 ,ϐοᾷς
3353 2462 3503 2527 πρός
3527 2478 3636 2531 με;

2283 2548 2502 2619 Ἔργων
2542 2549 2651 2619 γὰρ
2680 2548 2905 2604 δικαίων
2939 2550 3234 2620 παρουσία,
3268 2551 3649 2620 μεγαλοφωνία
3668 2552 3793 2605 ἐστὶ

2210 2641 2362 2711 παρά
2417 2640 2561 2712 Θεῷ.

2282 2754 2601 2824 θεολόγον.
2631 2784 2702 2795 ——
2730 2754 2823 2825 Μὴ
2890 2753 3238 2825 μικρολογίαν
3281 2753 3787 2825 καταγνωσθῶμεν,

2210 2847 2268 2900 ὲν
2296 2846 2375 2917 τῷ
2403 2849 2577 2918 μικρά
2606 2848 2780 2902 αίτεῖν
2807 2848 2955 2918 ἡμᾶς
2984 2847 3083 2900 κα)⁸
3136 2846 3232 2902 τοῦ
3275 2847 3507 2911 διδόντος
3569 2847 3786 2913 ἀνάξια.

2280 3116 2584 3181 Χρυσοστ.
2609 3139 2679 3153 -
2711 3110 2874 3179 Μέγα
2907 3109 3112 3179 ἀγαθὸν
3145 3109 3299 3181 εὐχὴ,
3337 3108 3436 3163 ὲάν
3487 3108 3627 3179 μετά
3670 3108 3788 3161 δια-

2210 3204 2357 3268 νοίας
2384 3203 2709 3274 εὐχαρίστου
2749 3203 2977 3272 γένηται
3009 3217 3025 3232 ·
3060 3201 3157 3255 ἐὰν
3187 3200 3568 3270 παιδεύσωμεν
3593 3199 3785 3252 ἑαυτοῦ

2213 3295 2287 3363 μὴ
2326 3294 2484 3363 μόνον
2535 3292 2926 3362 λαμϐάνοντες,
2987 3291 3125 3345 ἀλλὰ
3179 3291 3273 3345 καὶ
3321 3289 3787 3360 ἀποτυγχάνοντες

2209 3384 2554 3456 εὐχαριστεῖν
2592 3383 2672 3454 τῷ
2711 3384 2850 3453 Θεῷ.
2908 3385 3017 3437 Καὶ
3069 3381 3179 3452 γὰρ
3233 3382 3364 3435 ποτὶ
3424 3382 3526 3451 μὲν
3582 3379 3783 3443 δίδωσι,

2206 3478 2489 3547 ἀμφότερα
2509 3477 2817 3547 χρησίμως.
2845 3476 3011 3528 Ὥστε
3036 3476 3139 3528 κάν
3158 3474 3352 3545 λάϐῃς,
3378 3475 3482 3526 κᾶν
3502 3472 3576 3543 μὴ
3593 3470 3781 3541 λάϐῃς,

2207 3565 2398 3629 ἔλαϐες
2427 3568 2483 3618 ἐν
2505 3564 2582 3634 τῷ
2614 3564 2687 3634 μὴ
2721 3564 3036 3618 ἀπολαϐεῖν.
3068 3563 3187 3617 Κᾶν
3220 3563 3510 3633 ἐπιτύχῃς,
3554 3561 3657 3614 κᾶν
3709 3560 3783 3629 μὴ

2210 3656 2496 3726 ἐπιτύχῃς,
2554 3656 2743 3725 ἔτυχες
2796 3659 2854 3711 ἐν
2908 3655 2984 3725 τῷ
3041 3655 3116 3725 μὴ
3157 3656 3454 3723 ἐπιτυχεῖν.
3485 3654 3643 3707 Ἔστι
3675 3652 3783 3721 γάρ

2207 3746 2295 3798 ὅτε
2322 3746 2381 3797 τὸ
2417 3745 2491 3815 μὴ
2523 3744 2706 3798 λαϐεῖν
2737 3746 3197 3814 λυσιτελέστερον.
3233 3746 3296 3797 Ei
3346 3745 3456 3815 γὰρ
3514 3743 3589 3814 μὴ
3650 3759 3785 3809 συμ-

2208 3838 2373 3908 φέρον
2403 3833 2623 3908 ἡμῖνῆν
2663 3838 2925 3901 πολλάκις
2948 3838 3010 3891 τὸ
3040 3836 3114 3907 μὴ
3140 3837 3347 3901 λαϐεῖν,
3400 3837 3623 3897 πάντως
3646 3821 3788 3885 ⁸ἑδω-

2208 3944 2304 3982 κεν
2351 3928 2437 3981 ἄν.
2472 3928 2545 3981 Τὸ
2593 3931 2651 3981 δὲ
2701 3930 3089 3998 συμφερόντως
3144 3930 3461 4009 ἀποτυχεῖν,
3512 3929 3787 3996 ἐπιτυχεῖν

2210 4022 2379 4074 ἐστιν.

531 4109 663 4163 nino
736 4112 903 4166 etiam
971 4120 1257 4180 praestaret
1306 4126 1370 4165 ac
1442 4110 1622 4165 daret.
1670 4110 1749 4164 Ita
1783 4125 1918 4165 vero
1966 4124 2081 4165 non
2144 4108 2463 4180 impetrare,
2512 4118 2574 4165 ut
2623 4112 2730 4166 hoc
2773 4112 2951 4182 ipsum
2999 4112 3133 4167 utile
3179 4112 3250 4166 sit
3293 4126 3359 4166 ac
3402 4111 3785 4178 commodum,

531 4212 759 4267 prorsus
791 4210 875 4255 est
908 4202 1235 4271 impetrare.

598 4290 736 4347 Cum
759 4295 938 4349 oratio
970 4293 1194 4348 mundis
1217 4308 1286 4347 ex
1313 4292 1473 4347 labiis
1497 4291 1897 4362 proﬁciscitur,
1927 4308 2109 4365 exque

2290 4293 2466 4347 Ὅταν
2503 4296 2568 4347 ὲκ
2602 4292 2857 4364 καθαρῶν
2882 4293 3108 4364 χειλέων
3142 4294 3432 4367 ὲξέρχηται
3460 4295 3666 4365 δέησις,
3697 4298 3791 4351 καὶ

2049 4474 2277 4531 NOTAE.

607 4609 679 4679 (ο)
721 4606 832 4661 Τοῦ
891 4607 1224 4662 ἀποδοῦναι
1276 4609 1484 4676 εὐχήν.
1550 4610 1784 4665 Videtur
1848 4610 2112 4666 Maximus

537 4695 637 4750 pro
664 4678 911 4732 Oratione
944 4680 1265 4750 sumpsisse,
1300 4681 1380 4733 uti
1404 4690 1458 4734 et
1489 4682 1648 4750 Vulg.
1700 4681 1777 4733 Ne
1806 4680 2113 4746 impediaris

542 4748 700 4803 orare
737 4764 977 4818 semper;
1023 4748 1274 4817 quamvis
1330 4765 1436 4803 vox
1482 4748 1784 4804 reddendi.
1812 4751 1986 4818 magis
2034 4752 2115 4805 vi-

539 4821 736 4873 deatur
775 4816 1055 4889 insinuare
1083 4826 1293 4881 votum,
1323 4819 1469 4887 quod
1500 4819 1727 4889 perinde
1751 4816 2025 4889 signiﬁcat
2049 4838 2113 4876 ea

542 4903 665 4946 vox,
688 4896 748 4940 ut
779 4897 970 4941 auctor
995 4887 1220 4941 Hieron.
1261 4889 1422 4957 epist.
1467 4890 1531 4941 ad
1584 4887 1839 4943 Sunium}
1895 4889 2033 4955 Quid
2068 4892 2113 4945 si

538 4957 718 5011 oratio
746 4965 804 5010 et
826 4958 940 5026 ipsa
966 4966 1026 5028 ut
1055 4957 1299 5028 debitum
1334 4959 1658 5022 attenditur,
1693 4975 1801 5028 qua
1827 4969 2115 5013 teneamur

540 5028 675 5089 Deo,
700 5035 969 5095 quatenus
993 5026 1158 5098 habet
1192 5026 1433 5081 divinam
1466 5026 1961 5098 laudem—ejusque
1985 5045 2116 5083 con-

543 5098 839 5149 fessionem
862 5104 919 5150 et
943 5096 1117 5166 nostri
1169 5097 1529 5165 agnitionem,
1552 5114 1661 5166 qua
1711 5096 1923 5152 ratione
1968 5099 2113 5152 haud

542 5166 773 5237 dubium
803 5180 922 5218 eam
962 5165 1123 5237 nobis
1148 5176 1471 5235 prazceptam
1499 5165 1618 5221 esse
1644 5186 1657 5232 ;
1691 5177 1747 5222 et
1778 5167 2000 5237 quidem
2026 5184 2116 5221 as-

542 5234 780 5296 siduam,
806 5243 866 5287 ut
901 5235 1071 5304 magis
1113 5234 1385 5304 expressit
1422 5238 1621 5291 Paulus
1660 5238 1676 5290 l
1720 5234 1914 5291 Thess.
1946 5254 1997 5298 v,
2028 5238 2111 5301 l7,

542 5304 873 5375 agnovitque
904 5305 1176 5375 interpres
1197 5306 1250 5358 in
1276 5306 1361 5359 his
1387 5307 1592 5368 verbis,
1628 5307 1735 5360 nisi
1784 5322 1883 5375 pro
1924 5307 2110 5358 εὐκαί-

546 5372 970 5443 ρωςιϐιῃνεκῶς
998 5372 1212 5436 habuit,
1248 5376 1394 5443 quod
1413 5377 1619 5428 assidue
1649 5386 1752 5439 est,
1774 5372 1828 5429 ét
1849 5375 1995 5443 quod
2025 5376 2115 5429 ille

546 5440 788 5511 reddidit
813 5458 1059 5511 semper;
1090 5440 1300 5498 utrovi's
1355 5456 1503 5499 certe
1538 5445 1804 5500 adverbio
1850 5440 2117 5499 indicavit

547 5507 639 5561 hic
669 5509 732 5562 de
761 5507 1039 5585 oratione
1064 5513 1216 5585 loqui
1266 5530 1503 5585 sacrum,
1535 5516 1880 5585 scriptorem,
1908 5514 2116 5585 de_qua

472 5640 479 5643 _
560 5590 615 5653 et
632 5579 933 5653 sequentia,
956 5582 1083 5651 πρὶν
1112 5579 1370 5646 εὔξασθαι
1396 5579 1686 5652 ὲτοίμασον
1712 5579 1931 5637 σαυτόν.
1953 5579 2114 5653 Vulg.

557 5651 687 5705 Aule
721 5648 1012 5705 oratioreni
1033 5667 1278 5721 pra'para
1320 5648 1557 5706 animam
1612 5663 1780 5707 tuam.
1806 5654 1917 5708 Nec
1954 5648 2117 5707 aliter

2212 4610 2371 4666 Amb.
2425 4608 2649 4663 Exhort.
2709 4606 2779 4660 ad
2834 4608 3100 4677 virgines:
3152 4622 3254 4661 nec
3311 4609 3445 4662 satis
3504 4611 3794 4667 commode

2212 4680 2496 4744 reddatur,
2547 4686 2837 4747 antequam
2880 4686 3083 4743 voveat,
3133 4687 3195 4731 ut
3244 4678 3582 4733 existimavit
3620 4682 3793 4735 Nobi-

2210 4751 2338 4805 lius.

2287 4818 2392 4890 (ρ),
2434 4819 2561 4884 Τοῖς
2591 4816 2920 4890 (um/tritam
2950 4815 3136 4890 adfati
3161 4818 3539 4886 στεναγμοῖς.
3568 4819 3796 4875 [uenar-

2215 4886 2471 4945 rab'ilibus
2506 4888 2675 4942 vertit
2709 4887 2981 4957 interpres
3012 4886 3173 4957 Bom.
3206 4902 3325 4947 vm.
3359 4903 3469 4956 quo
3498 4891 3678 4957 palam
3713 4907 3796 4945 re-

2216 4959 2380 5029 Spicit
2420 4958 2674 5029 Basilius.
2708 4957 2916 5029 Erasm.
2957 4956 2985 5029 lg
3012 4956 3169 5029 _P_etr.
3201 4974 3240 5020 ι,
3286 4958 3361 5029 *τὸ
3378 4956 3525 5028 χαρᾷ
3563 4960 3795 5013 ἀνεκλα-

2215 5025 2383 5099 λῆτῳ,
2410 5025 2897 5109 ρᾳμάὶοιὶηεζῖαὺὶιί,
2934 5025 3026 5080 ubi
3051 5026 3253 5109 iter‘um
3491 5025 3796 5109 gaudi_o_in-

2217 5096 2524 5152 euarrabili.
2565 5096 2663 5151 Hic
2684 5096 2889 5168 visumA
2914 5097 3279 5168 commodius,
3317 5096 3796 5168 tacitis—gemitibus

2216 5185 2279 5222 ac
2312 5177 2491 5222 mente
2530 5167 2753 5235 pressis,
2780 5165 3042 5233 nulloque
3072 5167 3228 5221 vocis
3244 5181 3380 5219 sono
3400 5165 3615 5222 divinas
3637 5184 3796 5223 aures

2219 5238 2583 5307 pulsantibus,
2634 5250 2798 5305 quem
2856 5250 3080 5307 sensum
3128 5252 3193 5291 ea
3224 5251 3329 5307 vox
3376 5239 3525 5292 nulla
3562 5239 3622 5291 vi
3656 5239 3797 5292 ferre

2218 5304 2418 5376 potest,
2454 5322 2555 5361 nec
2575 5304 2684 5361 alio
2720 5305 2935 5373 accepit
2958 5304 3212 5360 Basilius.
3249 5306 3368 5376 Alio
3416 5317 3600 5361 autem
3631 5322 3796 5362 sensu

2217 5375 2475 5443 ἀλάλητοι
2508 5376 2823 5443 στεναγμοὶ,
2855 5390 3092 5443 quorum
3132 5376 3187 5429 in
3226 5375 3388 5428 nobis
3431 5386 3626 5430 auctor
3660 5377 3799 5431 divi-

2218 5462 2321 5499 nus
2364 5422 2633 5515 $piritus,
2670 5422 3057 5515 ἱίἷεῃᾶνῗαὺὶιεε
3104 5445 3328 5515 gemitus
3376 5461 3477 5514 pro
3508 5462 3571 5500 ea
3604 5446 3655 5499 vi
3700 5446 3799 5499 im-

2218 5513 2470 5585 petra-.idi
2494 5530 2656 5584 quam
2686 5513 2888 5585 habent
2929 5521 2986 5585 et
3030 5513 3489 5585 przestantia,’tali
3549 5525 3795 5579 auctore,

2218 5581 2385 5653 supra
2423 5581 2586 5639 omne
2646 5581 2794 5653 quod
2831 5592 2924 5635 aut
2971 5581 3123 5653 loqui
3182 5592 3277 5637 aut
3335 5584 3643 5656 intelligere
3671 5598 3799 5657 pos-

2217 5669 2429 5710 sumus.
