4066 6146
402 288 520 357 ’809

1721 291 1890 352 LOCI
1929 287 2363 351 COMMUNES.

3561 292 3666 356 810

399 403 479 455 ἐκ
510 401 737 474 καρδίας
782 402 1173 474 ἀνυποκρίτου,
1212 394 1321 456 οἶδε
1362 399 1565 470 φθάσαι
1600 398 1662 453 τδ
1693 399 1989 454 ἀκολάκευ-

2098 398 2282 451 animo
2308 396 2445 450 nihil
2486 393 2852 451 simulationis
2877 394 2999 451 labe
3039 396 3345 462 laborante,
3389 396 3455 452 ad
3502 415 3668 456 aures

415 512 504 549 τον
533 491 626 559 οῦς
659 494 754 549 τοῦ
781 495 1075 548 Δεσπότου.
1119 516 1125 522 ·

491 588 656 642 Ὅταν
676 587 756 641 δι’
792 587 957 658 εύχῆς
989 583 1346 656 αἰτησώμεθά
1375 600 1429 637 τι
1453 582 1545 637 τὸν
1577 580 1876 651 Δεσπότην,
1919 578 1992 650 μὴ

415 678 624 749 ταχέως
643 669 1065 748 ὲξατονήσωμεν
1096 693 1110 707 ο
1156 676 1293 729 ἀλλά
1343 675 1402 728 τὸ
1442 674 1664 744 συνεχὲς
1705 675 1805 744 τῆς
1859 672 1994 724 ἀπο-

415 769 627 837 τυχίας,
659 772 725 839 τῇ
756 769 1011 841 συνεχείᾳ
1039 769 1138 839 τῆς
1161 768 1430 838 αἰτήσεως
1451 766 1847 835 ὲκνικήσωμεν.

497 860 587 913 Ἐν
624 862 743 924 ταῖς
780 859 1068 923 ἀναϐολαῖς
1116 859 1211 912 καὶ
1257 860 1317 911 ἐν
1367 858 1486 920 ταῖς
1519 854 1850 924 ὑπερθέσεσι
1884 851 1993 907 τῶν

415 940 632 1021 δωρεῶν
664 949 758 1003 τοῦ
788 948 948 1014 Θεοῦ,
990 947 1067 1019 μὴ
1113 947 1550 1019 προκάμνωμεν,
1589 942 1723 1015 μηδὲ
1756 959 1993 1014 προανα-

418 1044 726 1112 πίπτωμεν.
769 1042 1038 1105 Πολλάκις
1069 1039 1177 1112 γὰρ
1215 1042 1243 1092 ὁ
1281 1038 1559 1109 Δεσπότης
1592 1036 1693 1107 τὴν
1732 1034 1993 1089 δοκοῦσαν

416 1133 701 1204 ἀναϐολὴν,
733 1134 812 1197 είς
843 1132 941 1204 τὴν
967 1134 1067 1204 τῆς
1101 1132 1340 1194 πίστεως
1375 1127 1685 1199 γυμνασίαν
1704 1125 1989 1197 παρέλκει.

485 1225 661 1279 Καλὸν
687 1225 918 1279 πάντοτε
945 1223 1035 1277 διὰ
1071 1221 1385 1293 προσευχῆς
1405 1220 1622 1291 ,ὁμιλεῖν
1647 1217 1726 1289 τῷ
1751 1216 1889 1286 Θεῷ.
1930 1216 1992 1268 Εί

412 1315 520 1385 γὰρ
540 1314 797 1384 συντυχία
811 1314 1001 1385 ἀνδρὸς
1018 1311 1221 1381 ἀγαθοῦ
1244 1311 1443 1383 βελτιοῖ
1467 1309 1557 1364 τὸν
1578 1308 1989 1379 ἐντυγχάνοντα,

413 1409 564 1477 πόσῳ
595 1405 794 1475 μᾶλλον
826 1408 887 1458 τὸ
914 1406 1011 1460 καὶ
1046 1406 1104 1458 ὲν
1141 1404 1326 1475 ἡμέρα
1355 1402 1450 1457 καὶ
1474 1404 1533 1457 ὲν
1564 1401 1721 1456 νυκτὶ
1764 1398 1993 1469 καθομι-

411 1498 524 1555 λεῖν
557 1497 636 1569 τῷ
687 1495 806 1569 Θεῷ
836 1514 852 1565 ;

488 1674 767 1737 Πολλάκις
807 1672 836 1725 ὁ
887 1671 1021 1735 Θεὸς
1073 1668 1431 1725 ἀναϐάλλεται
1478 1665 1577 1738 τὴν
1640 1666 1878 1735 αῖτησιν,
1929 1664 1990 1717 οὐ

2096 487 2313 563 Domini
2334 487 2579 557 proclive
2599 485 2813 550 evadet,
2846 500 2982 555 quas
3010 485 3161 541 nulla
3187 483 3431 540 adulatio
3462 486 3664 556 pulset.

2162 576 2301 633 Cum
2328 577 2591 648 precibus
2623 576 2831 648 aliquid
2861 592 2898 631 a
2942 576 3178 632 Domino
3217 576 3565 648 petierimus,
3597 593 3668 636 ne

2094 669 2205 724 cito
2228 670 2472 724 animum
2502 669 2976 740 despondeamus;
3006 669 3103 725 sed
3138 670 3457 727 continuam
3478 670 3664 743 repulv

2094 774 2210 814 sam
2246 760 2507 816 continua
2529 760 2818 830 petitionis
2847 760 3109 816 instantia
3142 761 3446 816 vincamus.
3528 768 3561 781 "

2165 850 2303 904 Dum
2332 852 2478 907 Deus
2499 852 2642 907 dona
2667 852 2858 908 differt
2900 867 3191 922 morasque
3216 852 3411 918 nectit,
3436 868 3506 907 ne
3529 851 3668 908 deli.

2094 940 2306 997 ciamus
2332 957 2470 997 neve
2497 942 2698 997 animis
2727 942 3099 999 concidamus.
3132 942 3287 1014 Saepe
3314 943 3459 998 enim
3480 943 3668 999 Domi-

2092 1048 2219 1098 nus,
2252 1049 2397 1098 eam,
2416 1050 2539 1103 quae
2556 1035 2800 1101 videtur,
2828 1033 3171 1100 dilationem,
3199 1033 3325 1089 fidei
3348 1034 3670 1091 exercendae

2091 1139 2257 1180 causa
2290 1125 2583 1195 protrahit.

2164 1215 2494 1270 Praeclarum
2522 1224 2609 1270 est
2635 1231 2763 1270 cum
2794 1216 2907 1271 Deo
2937 1215 3146 1287 iugiter
3172 1215 3380 1270 orando
3406 1213 3668 1271 confabu-

2092 1304 2219 1359 lari.
2241 1304 2298 1359 Si
2324 1305 2474 1359 enim
2502 1305 2608 1360 viri
2636 1306 2798 1376 probi
2827 1305 3039 1361 indulta
3056 1306 3394 1377 congressio,
3423 1321 3548 1360 eum
3572 1304 3667 1376 qui

2093 1394 2483 1465 congrediatur
2543 1395 2714 1466 inque
2770 1396 2926 1451 illum
2981 1396 3191 1450 incidat
3238 1396 3469 1452 meliore
3516 1397 3671 1469 fruge

2091 1485 2395 1554 componit,
2431 1493 2640 1555 quanto
2687 1486 2862 1557 magis
2910 1486 3060 1556 quod
3091 1487 3187 1541 diu
3227 1496 3508 1559 noctuque
3545 1505 3670 1545 cum

2094 1577 2206 1632 Deo
2231 1593 2550 1648 sermonem
2581 1578 2913 1633 misceamus
2939 1579 2956 1632 l

2164 1667 2555 1738 Saepenumero
2598 1669 2745 1724 Deus
2768 1669 3103 1739 petitionem
3142 1669 3356 1736 di-ﬂ‘ert,
3390 1665 3513 1725 non‘
3546 1670 3672 1741 quia

414 1734 914 1835 βουλόμενος-ἡμᾶς
946 1760 1308 1832 παρελκῦσαι,
1344 1756 1481 1812 ἀλλά
1504 1734 1569 1828 τῇ
1607 1734 1863 1827 μελλήσει
1891 1756 1988 1825 τῆς

2095 1760 2230 1814 velit
2252 1734 2353 1814 nos
2382 1761 2732 1829 protrahere,
2771 1734 2869 1817 sed
2887 1771 2948 1818 ut
2968 1760 3137 1817 dandi
3174 1734 3671 1826 cunctatione,ceu

412 1857 614 1921 δόσεως
644 1855 743 1927 τὴν
775 1853 998 1926 διηνεκῆ
1038 1851 1397 1923 προσεδρείαν
1442 1850 1576 1919 ἡμῖν
1607 1847 1984 1917 σοφιζόμενος,

413 1948 571 2003 Οὕτω
612 1947 722 2018 γάρ
778 1947 874 2001 καὶ
933 1944 1278 2016 φιλόστοργοι
1331 1941 1566 2014 πατέρες
1628 1938 1867 2003 ποιοῦσι,
1920 1936 1990 1990 τὰ

415 2038 637 2111 ῥᾴθυμα
655 2036 764 2091 τῶν
798 2036 1026 2103 παίδων,
1050 2035 1150 2089 καὶ
1189 2033 1324 2101 πρὸς
1362 2033 1431 2086 τά
1477 2029 1706 2084 παιδικὰ
1760 2029 1989 2097 παίγνια

415 2129 695 2202 τρέχοντα,
758 2128 1021 2193 πολλάκις
1071 2127 1365 2197 ὑποσχέσει
1416 2124 1615 2187 δόσεως
1668 2122 1765 2176 κα)⁸
1813 2121 1987 2193 δώρου

408 2221 677 2292 ,μεγίστου
713 2218 1002 2291 κατέχουσι
1031 2217 1163 2287 παρ’
1189 2216 1424 2279 ἑαυτοῖςε

498 2307 824 2381 Ἀνθρώπων
851 2308 949 2378 μὲν
973 2306 1083 2377 γὰρ
1105 2305 1369 2375 δεόμενοι,
1406 2302 1501 2357 καὶ
1549 2300 1796 2370 δαπάνης
1851 2314 1991 2369 χρη-

421 2399 605 2469 μάτων
649 2397 883 2468 δεόμεθα
929 2396 1026 2450 καὶ
1082 2391 1373 2456 κολακείας
1426 2388 1855 2460 δουλοπρεποῦς,
1895 2388 1990 2441 καὶ

420 2490 621 2561 πολλῆς
674 2488 923 2559 περιόδου
980 2486 1073 2541 καὶ
1120 2482 1506 2555 πραγματείας
1557 2480 1734 2552 χρεία.
1769 2480 1843 2533 Ού
1880 2478 1990 2550 γὰρ

416 2582 480 2648 ἐξ
508 2581 725 2644 εὐθείας
750 2580 936 2643 αὐτοῖς
965 2581 1077 2642 τοῖς
1107 2576 1318 2647 κυρίοις
1342 2574 1525 2630 δοῦναι
1568 2572 1642 2645 (q)
1685 2571 1785 2644 τὴν
1830 2572 1990 2642 χάριν

415 2672 496 2727 ἔνι
524 2672 617 2725 καὶ
643 2671 984 2741 διαλεχθῆναι
1014 2668 1295 2733 πολλάκις,
1323 2666 1438 2720 ἀλλ’
1463 2666 1677 2736 ἀνάγκη
1723 2662 1990 2733 πρότερον

402 2764 695 2827 ’διακόνους
753 2762 848 2817 καὶ
895 2761 1215 2833 οίκονόμους
1271 2759 1452 2815 αὐτῶν
1502 2758 1600 2813 καὶ
1636 2756 1989 2828 ἐπιτρόπους,

406 2857 510 2909 «καὶ
552 2855 800 2926 χρήμασι
851 2855 946 2907 καὶ
1003 2854 1214 2925 ῥήμασι
1274 2851 1370 2905 καὶ
1430 2851 1594 2904 παντὶ
1652 2848 1990 2919 θεραπεῦσαι

412 2946 624 3016 τρόπῳ,
672 2945 767 2999 καὶ
817 2945 937 3000 τότε
971 2945 1038 2998 δι’
1087 2944 1314 2998 ἐκείνων
1360 2943 1460 3012 τὴν
1515 2941 1730 3010 αἴτησιν
1779 2939 1986 2993 λαϐεῖν.

429 3036 552 3092 Ἐπὶ
582 3037 640 3090 δὲ
672 3037 766 3091 τοῦ
792 3036 928 3091 Θεοῦ
953 3038 1055 3091 οὐκ
1087 3037 1235 3091 ἔστιν
1290 3033 1487 3098 οὕτως.
1546 3033 1620 3088 Οὐ
1656 3031 1763 3105 γὰρ
1822 3032 1988 3132 δεῖται
2010 3074 2063 3132 ο

406 3130 654 3200 ,μεσιτῶν
683 3131 777 3184 ἐπὶ
801 3128 910 3183 τῶν
933 3128 1226 3194 ἀξιούντων
1257 3142 1271 3156 θ
1296 3126 1405 3181 οὐδ’
1445 3124 1617 3190 οὕτως
1671 3124 1738 3177 δι’
1790 3123 1992 3193 ἐτέρων

414 3219 924 3293 παρακαλούμενος,
962 3219 1037 3283 ὼς
1067 3218 1132 3271 δι’
1163 3216 1320 3288 ἡμῶν
1353 3214 1536 3269 αὐτῶν
1573 3213 1842 3284 δεομένων
1873 3213 1993 3264 επι-

416 3314 561 3369 νεύει
616 3315 683 3385 τῇ
723 3313 929 3384 χάριτι.
1412 3300 1416 3302 Ὗ

487 3404 697 3476 Εῦηχός
718 3406 869 3458 ἐστιν
891 3403 1077 3474 εκείνη
1104 3404 1136 3474 ή
1181 3402 1357 3474 φωνὴ,
1384 3401 1479 3455 καὶ
1511 3401 1674 3472 μέχρι
1703 3399 1804 3470 τῆς
1834 3397 1989 3461 θείας

406 3497 787 3551 ἀναϐαίνουσα
818 3495 989 3566 ἀκοῆς
1009 3510 1022 3526 ο
1045 3495 1145 3565 ούχ
1178 3495 1215 3563 ἡ
1241 3492 1380 3565 μετά
1397 3507 1544 3554 τινος
1570 3492 1871 3554 διατάσεως
1900 3507 1988 3558 γι-

417 3589 617 3661 νομένη
653 3588 869 3658 κραυγή
893 3603 908 3618 ο
961 3586 1078 3640 ἀλλ’
1129 3588 1163 3658 ἡ
1190 3585 1313 3641 ’ἀπὸ
1355 3584 1601 3655 καθαρᾶς
1627 3584 1991 3655 συνειδήσεως

414 3680 765 3750 ἀναπτομὲνη
787 3679 1106 3751 ὲνθύμησις.

488 3764 670 3842 Γρηγ.
705 3773 980 3839 Νύσσης.
1013 3799 1082 3811 -
1125 3770 1183 3824 '0
1238 3770 1296 3823 ὲν
1351 3767 1530 3840 καιρῷ
1567 3768 1879 3840 προσευχῆς
1912 3769 1988 3841 μὴ

415 3864 549 3934 πρὸς
573 3865 641 3918 τά
679 3862 1059 3918 λυσιτελοῦντα
1081 3865 1147 3934 τῇ
1181 3861 1326 3931 ψυχῇ
1357 3860 1678 3931 τεταμένος,
1698 3860 1832 3914 ἀλλὰ
1853 3861 1987 3929 πρὸς

413 3956 513 4021 τὰς
550 3956 818 4027 ἐμπαθεῖς
849 3958 951 4027 τῆς
988 3954 1230 4018 διανοίας
1255 3954 1518 4024 κινήσεις,
1551 3951 1988 4007 συνδιατίθεσθαι

411 4048 506 4103 τὸν
561 4049 692 4101 Θεὸν
724 4045 910 4115 ἀξιῶν,
943 4047 1112 4118 λῆρός
1163 4045 1246 4110 τίς
1292 4047 1464 4110 ἐστιν,
1515 4045 1591 4107 ὡς
1625 4043 1861 4115 ἀληθῶς,
1896 4045 1989 4099 καὶ

417 4140 733 4210 βαττολόγος
756 4139 847 4193 καὶ
877 4139 1154 4211 φλήναιρος
1181 4137 1276 4191 καὶ
1298 4135 1558 4207 φλύαρος,
1592 4136 1686 4195 κα)⁸
1716 4136 1769 4191 εί
1787 4152 1839 4188 τι
1861 4134 1989 4191 ἄλλο

413 4231 512 4302 τῆς
534 4230 792 4302 τοιαύτης
818 4230 1094 4302 σημασίας
1124 4229 1297 4283 ἐστίν.

480 4320 796 4377 Εὐσεὸίου.
824 4351 894 4362 -—
928 4321 1100 4391 ’Υπὲρ
1169 4319 1269 4389 τῆς
1337 4318 1527 4389 κοινῆς
1582 4318 1686 4390 χρὴ
1727 4318 1984 4390 εὔχεσθαι

414 4412 677 4484 πρότερον
710 4410 1003 4483 σωτηρίας,
1038 4405 1135 4462 εἷθ’
1166 4408 1340 4471 οῦτως
1363 4407 1503 4478 ὑπὲρ
1540 4407 1739 4463 αὐτῶν.

483 4504 722 4558 Νεῖλον.
775 4531 846 4545 -—-
897 4502 1109 4571 Ὠσπερ
1158 4499 1224 4552 τά
1287 4499 1549 4569 στρουθία
1589 4498 1679 4552 διὰ
1726 4499 1827 4569 τῆς
1877 4501 1986 4555 τῶν

2096 1859 2218 1905 astu
2256 1850 2514 1920 quodam,
2545 1850 2746 1905 orandi
2776 1852 2938 1906 nobis
2964 1854 3349 1909 assiduitatem
3390 1853 3669 1909 conciliet.

2097 1940 2188 1996 Sic
2220 1940 2369 1996 enim
2412 1949 2469 1996 et
2513 1951 2772 2010 parentes
2803 1942 3108 1999 liberorum
3148 1954 3398 2001 amantes
3444 1946 3670 2001 solent:

2094 2034 2382 2103 segniores
2422 2034 2628 2104 quippe
2677 2034 2904 2101 liberos,
2948 2044 3005 2091 et
3030 2036 3098 2090 ad
3124 2037 3335 2092 ludicra
3372 2052 3673 2107 puerorum

2092 2134 2401 2190 currentes,
2434 2125 2600 2181 dandi
2626 2125 3016 2196 promissione,
3039 2126 3286 2196 denique
3324 2129 3552 2184 maximi
3575 2143 3673 2199 spe

2096 2216 2331 2282 illectos,
2362 2216 2506 2272 haud
2544 2232 2671 2273 raro
2700 2217 2845 2289 apud
2875 2233 2935 2273 se
2963 2218 3226 2274 retinent.

2166 2306 2304 2362 Cum
2357 2307 2646 2363 hominum
2699 2308 2906 2363 auxilia
2962 2324 3233 2379 opemque
3288 2309 3673 2379 exquirimus,

2097 2407 2321 2469 sumptu
2351 2399 2514 2455 nobis
2543 2409 2600 2455 et
2622 2400 2877 2470 pecuniis
2900 2400 3062 2473 577
3092 2416 3231 2472 opus
3259 2411 3370 2465 est,
3402 2410 3459 2457 et
3485 2402 3678 2458 adula-

2091 2489 2245 2544 tione
2268 2490 2478 2555 servili,
2504 2491 2789 2559 multoque
2824 2491 3034 2546 ambitu
3056 2506 3121 2545 ac
3153 2492 3436 2562 negotiosa
3475 2501 3676 2551 tracta-

2096 2583 2265 2636 tione.
2296 2581 2415 2637 Non
2437 2582 2586 2637 enim
2606 2590 2754 2638 recta
2785 2583 2935 2653 ipsos
2955 2582 3148 2639 dandae
3168 2585 3271 2649 rei,
3321 2600 3387 2640 ac
3422 2586 3674 2645 muneris

2097 2673 2357 2739 arbitros,
2408 2673 2608 2743 saepius
2649 2673 2818 2729 etiam
2852 2674 3062 2744 alloqui
3105 2674 3258 2741 licet,
3295 2675 3392 2730 sed
3443 2690 3674 2732 necesse

2095 2775 2181 2821 est
2221 2774 2282 2820 ut
2308 2765 2465 2835 prius
2514 2765 2749 2821 famulos
2794 2764 3104 2835 domusque
3128 2781 3333 2822 eorum
3378 2767 3674 2838 praefectos

2096 2873 2161 2912 ac
2184 2865 2575 2927 procuratores
2621 2856 2875 2926 pecuniis
2904 2857 3201 2929 verbisque
3249 2857 3502 2924 delinias,
3550 2874 3673 2914 mo-

2097 2948 2291 3018 disque
2321 2949 2580 3003 omnibus
2606 2948 2704 3003 tibi
2735 2948 3019 3016 concilies,
3063 2966 3130 3005 ac
3159 2958 3275 3005 tum
3303 2952 3526 3007 demum
3547 2952 3672 3008 illo-

2097 3055 2221 3094 rum
2247 3039 2511 3110 impetres
2547 3054 2716 3110 opera
2749 3040 2896 3110 quod
2944 3040 3171 3112 ﬂagitas.
3202 3042 3323 3099 Non
3362 3042 3444 3097 sic
3484 3050 3672 3100 autem

2095 3132 2152 3186 in
2179 3131 2293 3186 Deo
2325 3146 2384 3185 se
2410 3147 2500 3186 res
2520 3130 2705 3186 habet.
2738 3130 2861 3186 Non
2882 3133 3031 3188 enim
3059 3132 3523 3189 intercessoribus
3550 3140 3674 3203 eget

2093 3224 2149 3286 in
2174 3224 2260 3279 his
2285 3224 2379 3294 qui
2402 3231 2600 3279 orant:
2629 3238 2734 3279 nec
2763 3223 2844 3280 sic
2872 3223 3296 3280 obsecrantibus
3319 3224 3445 3280 aliis
3481 3239 3547 3279 ac
3569 3239 3673 3279 σος

2089 3312 2177 3368 bis
2200 3312 2336 3383 ipsis
2357 3313 2680 3382 rogantibus
2704 3314 2880 3385 gratia
2913 3313 3057 3367 votis
3071 3313 3294 3370 annuit.

2152 3404 2373 3459 Sonora
2415 3405 2674 3474 claraque
2722 3419 2828 3458 vox
2860 3411 2965 3469 est,
3004 3414 3063 3459 et
3094 3404 3171 3459 ad
3221 3404 3471 3460 divinum
3520 3414 3674 3465 recta

2088 3497 2394 3553 ascendens
2422 3495 2694 3560 auditum,
2730 3510 2842 3551 non
2871 3497 2967 3566 qui
2998 3497 3183 3567 rugitu
3214 3512 3281 3552 ac
3313 3498 3672 3555 contentione

2088 3586 2298 3641 clamor
2314 3584 2531 3650 editur,
2562 3585 2660 3639 sed
2701 3600 2825 3654 quae
2855 3586 2909 3639 in
2954 3586 3154 3642 caelum
3188 3602 3257 3642 ex
3300 3586 3508 3648 munda
3536 3603 3671 3644 conv

2088 3676 2322 3732 scientia
2354 3675 2613 3747 cogitatio
2655 3676 2930 3733 subvolat.

2160 3767 2316 3837 Greg.
2341 3767 2494 3838 Nysa.
2519 3765 2715 3836 —Qui
2747 3767 3016 3823 orationis
3051 3775 3318 3840 tempore,
3354 3783 3465 3823 non
3504 3767 3571 3823 ad
3604 3783 3669 3825 ea

2088 3876 2211 3930 qua:
2244 3859 2427 3915 animo
2462 3859 2834 3916 conducibilia
2861 3869 3012 3927 sunt,
3045 3861 3311 3927 intentus,
3346 3861 3442 3917 sed
3482 3861 3669 3916 libidi-

2087 3966 2235 4006 nosae
2279 3950 2479 4006 mentis
2520 3950 2949 4021 cogitationibus
2978 3951 3271 4018 distentus,
3314 3952 3487 4006 Deum
3525 3952 3670 4007 votis

2087 4043 2343 4100 assentiri
2373 4053 2548 4115 rogat,
2579 4044 2625 4099 is
2651 4058 2782 4099 vere
2808 4043 3021 4100 delirus
3044 4052 3207 4101 estet
3235 4043 3419 4115 inepte
3439 4044 3666 4113 loquax,

2086 4134 2494 4206 verborumque
2523 4135 2773 4191 funditor
2809 4145 2867 4192 et
2909 4137 3143 4203 blatero,
3172 4152 3237 4192 ac
3267 4135 3313 4191 si
3352 4135 3486 4205 quid
3518 4136 3668 4194 aliud

2086 4226 2357 4297 ejusmodi
2396 4227 2735 4297 significatus
2761 4227 2997 4283 exsistit.
3497 4286 3508 4295 ,

2157 4317 2388 4374 Eusebii.
2408 4348 2478 4357 ——
2498 4318 2742 4373 Primum
2775 4333 2876 4390 pro
2906 4316 3185 4373 communi
3227 4317 3403 4372 salute
3438 4331 3669 4390 precanv
3742 4304 3752 4314 ’

2012 4410 2061 4466 D
2089 4411 2220 4465 dum
2245 4419 2349 4475 est,
2380 4410 2587 4467 deinde.
2609 4427 2709 4481 pro
2739 4411 2901 4466 nobis
2932 4411 3085 4480 ipsis.

2153 4500 2464 4571 Nili.—Ut
2501 4501 2728 4554 aviculae
2758 4500 2968 4555 alarum
3013 4506 3164 4553 motu
3199 4498 3253 4553 in
3283 4498 3519 4553 sublime
3561 4498 3666 4552 tol-

416 4593 630 4665 πτερῶν
683 4595 949 4664 κινήσεως
1014 4591 1285 4662 μετάρσια
1335 4590 1568 4660 γίνεται,
1633 4589 1775 4644 οὕτω
1814 4592 1916 4645 καὶ
1959 4594 1987 4646 ό

2093 4595 2295 4660 Iuntur,
2323 4592 2403 4648 sic
2425 4593 2509 4647 vir
2538 4592 2665 4663 pius
2697 4608 2760 4649 ac
2792 4593 2888 4649 Dei
2925 4593 3104 4648 cultor
3132 4607 3162 4646 a
3195 4592 3431 4647 terrenis
3459 4592 3528 4646 ad
3571 4606 3667 4649 su~

414 4684 671 4755 θεοσεϐὴς
692 4682 975 4755 ἄνθρωπος
1004 4683 1114 4737 ἀπὸ
1148 4683 1256 4737 τῶν
1285 4682 1544 4752 ἐπιγείων
1572 4682 1709 4754 πρὸς
1732 4682 1800 4737 τά
1823 4682 1990 4755 οὐρά-

412 4791 502 4831 νια
537 4776 627 4830 διὰ
655 4775 969 4848 προσευχῶν
998 4774 1352 4847 μετατίθησιν
1392 4775 1610 4830 ἑαυτόν.

496 4865 621 4924 Ἐὰν
676 4867 861 4931 κακῶς
911 4867 1009 4921 καὶ
1075 4866 1409 4937 ἀσυμφόρως
1477 4866 1667 4930 αἰτεῖς,
1725 4865 1976 4940 καθάπερ

2083 4686 2273 4742 blimia
2301 4700 2528 4756 precum
2563 4686 2617 4741 vi
2648 4701 2711 4741 ac
2739 4686 2998 4743 instantia
3033 4684 3380 4740 transfertur.

2154 4869 2295 4925 Dum
2326 4865 2489 4930 male,
2518 4880 2580 4919 ac
2611 4880 2773 4922 secus
2814 4879 2879 4921 ac
2911 4863 3020 4919 tuis
3058 4862 3333 4919 conducat
3364 4863 3669 4920 rationibus

1916 4970 2157 5039 NOTAE.

476 5071 562 5146 (ᾳ)
592 5070 953 5146 ᾼὺτοῖςτοῖς
982 5071 1207 5139 κυρίοις
1240 5070 1487 5146 doing-at"
1517 5070 1687 5146 Ipsos,
1706 5072 1797 5141 qui
1823 5072 1987 5146 dandi

410 5140 619 5199 muneri
640 5143 829 5213 arbitri
857 5143 987 5213 sint,
1001 5157 1163 5213 penes
1174 5158 1311 5213 quos
1329 5142 1441 5213 ejus
1460 5140 1821 5213 facultacmec
1842 5142 1983 5196 allo-

412 5215 503 5285 qui
524 5215 714 5283 saepius
757 5212 900 5285 licet.
932 5210 1089 5285 Clara
1126 5210 1638 5285 Chrysostonti_hic
1683 5213 1980 5285 sententia,

411 5280 622 5352 usuque
654 5283 902 5352 probata,
939 5281 1109 5335 utvix
1136 5280 1256 5337 nisi'
1293 5282 1387 5350 illo
1427 5280 1982 5352 ambitu_impetrare

409 5350 616 5422 aliquid
649 5350 679 5406 a
698 5352 950 5422 principe
977 5352 1122 5405 ullus
1150 5353 1355 5420 possit;
1374 5350 1711 5422 demerendo
1744 5351 1978 5422 scilicet,

411 5419 520 5491 qui
545 5421 639 5477 illo
668 5419 994 5491 familiarius
1017 5419 1264 5486 utantur,
1323 5422 1526 5491 iisque
1556 5419 1976 5491 admissoribus.

409 5488 557 5546 Nihil
581 5500 705 5561 apte
733 5490 897 5546 Gesn.
926 5488 1058 5561 Non
1074 5491 1212 5543 enim
1240 5501 1383 5561 recta
1402 5488 1553 5561 i'ipais
1586 5490 1809 5561 dominis
1862 5507 1982 5545 mu—

372 5592 381 5599 ο
411 5577 509 5616 nua
534 5558 662 5616 dare
679 5561 929 5632 licet,aat
957 5558 1214 5632 colloqui;
1237 5577 1303 5617 ac
1320 5560 1366 5616 si
1382 5558 1457 5614 de’
1473 5558 1656 5632 dando
1682 5574 1866 5632 sermo
1891 5575 1952 5614 es
1970 5590 1982 5601 -

2090 5068 2472 5129 intercessioni
2520 5076 2859 5135 sanctorum,
2901 5085 2965 5125 ac
3009 5068 3213 5125 Christi
3272 5066 3665 5124 mediationem

2088 5141 2370 5206 excludit;
2398 5156 2465 5194 ex
2493 5155 2625 5210 quo,
2654 5155 2744 5210 ,ac
2783 5140 2943 5210 cujus
2974 5138 3187 5195 meritis
3216 5139 3422 5210 habent
3465 5139 3662 5210 sancti,

2088 5210 2357 5283 quidquid
2403 5208 2526 5283 sibi
2574 5208 3247 5283 aliisve_ir_n_petraverint,
3304 5208 3419 5264 sive
3481 5208 3665 5267 adhuc

2087 5279 2337 5354 aguntpin
2355 5279 2716 5354 _saecu_l9,_sive
2750 5279 2934 5354 abillo
2961 5280 3134 5349 erepti
3170 5288 3319 5354 sunt,
3351 5287 3666 5354 etregnant

2085 5348 2212 5408 cum
2240 5351 2479 5407 Christo.
2498 5350 2782 5419 Velimque
2804 5349 3037 5404 doceant
3059 5348 3304 5413 sectarii,
3331 5348 3463 5418 quid
3491 5349 3665 5418 magis

2081 5429 2319 5478 noceant
2355 5421 2646 5475 beatorum
2694 5421 2807 5491 jam
2840 5420 2935 5491 Win
2984 5420 3124 5476 coelo
3184 5419 3465 5491 sutl‘ragia,
3498 5434 3663 5488 quam

2084 5494 2195 5572 vita
2227 5491 2470 5572 mortali,
2492 5490 2780 5572 perquam
2836 5490 3011 5571 liquet
3049 5491 3215 5544 toties
3244 5490 3470 5572 Paulum
3492 5503 3663 5572 expe-

2085 5562 2358 5633 tiisse,_ex
2382 5559 2466 5615 eis
2488 5558 2749 5633 ipsis—qui
2794 5558 3037 5615 minores
3080 5569 3287 5625 essent,
3325 5558 3663 5633 ejusque’di-

409 5639 528 5702 set,
549 5647 658 5686 non
687 5631 769 5702 ab;
783 5630 866 5686 eis
887 5628 1259 5702 impetrando,
1304 5645 1414 5701 quo
1437 5628 1733 5702 _ora_ti_onis
1783 5644 1985 5702 scopas
2084 5631 2283 5702 scipuli
2309 5639 2365 5686 et
2398 5628 2702 5697 auditores,
2731 5638 2794 5685 ut
2817 5644 2919 5701 pro
2952 5645 3011 5685 se
3046 5638 3285 5688 orarent.

409 5701 683 5756 collineat.
725 5700 837 5755 Nec
884 5697 1028 5755 istud
1070 5697 1451 5770 Chrysostomi
1482 5697 1786 5773 quidquam
1817 5697 1986 5754 ollicit

612 5793 880 5855 PATBOL.
927 5791 1045 5855 (in.
1084 5791 1247 5855 XCI.

3145 5793 3225 5855 26
