4066 6146
470 273 576 338 8H

1651 281 1711 341 S.
1755 277 2041 340 MAXIMI
2079 278 2585 346 CONFESSORIS

3633 280 3745 349 812

476 394 638 464 petis,
662 397 812 451 velut
836 397 901 461 is,
928 397 1021 477 qui
1046 397 1281 452 febrium
1303 397 1595 461 ardoribus
1615 407 1842 453 exustus
1863 398 2053 452 vinum

2157 399 2184 450 ὁ
2232 399 2513 470 πυρέττων
2552 401 2838 474 ἄνθρωπος
2893 405 3202 477 παρακαλεῖ
3231 404 3534 476 παρασχεῖν
3585 405 3744 475 αὐτῷ

469 485 577 542 sibi
625 487 856 557 przeberi
907 497 1092 557 rogat;
1139 489 1234 557 qui
1295 490 1480 543 futura
1529 490 1828 560 prospiciat
1872 490 2048 555 Deus,

471 587 619 630 tuam
656 579 881 633 minime
925 579 1261 635 voluntatem
1290 579 1440 646 facit,
1473 597 1573 635 nec
1599 581 1745 652 quod
1778 589 1933 636 extra
1963 597 2051 636 ra-

474 667 679 720 tionem
715 666 925 736 ﬂagitas
955 669 1170 724 tribuit.

543 754 618 810 Ne
651 756 705 809 in
742 757 992 813 oratione
1024 759 1242 815 divitias
1265 763 1568 831 quaesieris,
1595 778 1708 818 non
1734 763 2047 832 sanitatem,

468 845 554 900 vel
601 855 660 900 ut
709 847 894 902 hostes
927 849 1243 918 ulciscaris;
1289 869 1399 907 non
1446 854 1738 912 humanam
1783 856 2048 926 gloriam;

469 936 567 991 sed
611 953 674 992 ea
721 939 1066 996 solummodo
1099 959 1220 1012 quae
1269 944 1336 998 ad
1371 946 1540 1000 animi
1572 946 1804 1002 salutem
1838 949 2049 1003 condu-

471 1034 620 1082 cant.

539 1116 1014 1183 Quemadmodum
1050 1133 1110 1178 ut
1147 1125 1400 1195 spiritum
1430 1126 1600 1182 ducas
1631 1144 1912 1199 nunquam
1941 1144 2051 1186 non

473 1217 687 1278 tempus
718 1219 802 1266 est
836 1228 901 1268 ac
947 1223 1340 1284 opportunum,
1375 1219 1454 1274 sic
1494 1236 1673 1290 neque
1719 1229 1780 1278 ut
1823 1224 2051 1293 mystica

471 1314 699 1354 munera
757 1303 826 1356 ad
871 1316 1176 1360 extremum
1228 1324 1402 1378 usque
1441 1311 1696 1379 spiritum
1742 1328 1774 1367 a
1820 1313 2052 1370 Domino

470 1399 646 1460 petas.
1581 1418 1586 1423 ·

540 1481 678 1536 Cum
707 1484 838 1539 boni
871 1486 1103 1559 alicujus
1137 1492 1512 1562 consequendi
1543 1509 1708 1553 causa
1732 1497 1907 1552 Deum
1933 1513 2054 1553 ora—

471 1572 635 1637 veris,
659 1589 764 1628 nec
784 1577 1072 1632 confestim
1097 1581 1392 1638 exauditus
1415 1585 1615 1652 fueris;
1638 1588 1751 1642 noli
1773 1590 2052 1660 negligere

393 1645 404 1658 ’
471 1679 610 1720 neve
653 1666 997 1737 despondeas
1040 1674 1307 1738 animum,
1355 1691 1496 1746 saepe
1547 1679 1694 1733 enim
1727 1681 1922 1750 petitio
1961 1690 2051 1738 tua

473 1756 530 1811 in
561 1774 678 1813 rem
715 1767 863 1814 tuam
895 1776 1004 1815 non
1033 1763 1314 1826 conducit.

539 1848 764 1904 Aristot.
784 1881 853 1891 —
871 1851 975 1918 Qui
1003 1869 1198 1923 preces
1225 1857 1409 1925 offert,
1439 1861 1683 1930 prudens
1709 1865 1934 1920 exsistat
1959 1883 2055 1922 ne-

473 1953 625 1996 eesse
669 1950 753 1997 est
781 1961 794 1997 :
822 1959 891 1998 ne
938 1945 1261 2016 imprudens
1301 1951 1408 2007 sibi
1440 1953 1556 2023 ipse
1593 1957 1795 2014 malum
1828 1960 2053 2031 aliquod

467 2041 614 2087 ‘oret.

541 2123 1142 2202 Alexander.—-578
1185 2133 1494 2189 Alexander
1546 2152 1676 2204 rex,
1727 2155 1852 2197 cum
1895 2142 2056 2199 Anti-

473 2220 631 2281 pater
673 2213 940 2271 adversus
974 2227 1203 2274 matrem
1249 2222 1419 2277 multa
1454 2226 1722 2282 scriberet
1760 2244 1822 2284 ac
1865 2232 2055 2287 crimi-

469 2313 704 2374 naretur
742 2323 756 2360 :
800 2308 1016 2375 Nescis,
1058 2310 1258 2381 inquit,
1303 2316 1608 2386 Antipater,
1661 2323 1855 2378 matris
1890 2341 2054 2380 unam

467 2394 789 2469 lacrymam,
824 2403 1011 2458 multis
1050 2407 1497 2466 accusationibus
1530 2411 1807 2470 confertas
1847 2416 2055 2486 episto-

475 2483 555 2541 las
583 2487 806 2544 delere?

545 2578 1176 2656 Epicuri.—Siquidem
1217 2591 1365 2648 Deus
1407 2593 1666 2652 humanis
1700 2614 1759 2655 se
1793 2602 2056 2670 precibus

474 2668 688 2724 facilem
738 2675 996 2732 redderet
1039 2680 1218 2750 iisque
1267 2684 1687 2757 obsequeretur,
1737 2683 2054 2749 un‘iversum

475 2775 650 2830 genus
681 2763 983 2823 humanum
1015 2787 1179 2840 quam
1205 2775 1314 2829 cito
1351 2777 1638 2845 interiret;
1668 2796 1791 2836 eum
1823 2785 2057 2842 subinde

459 2853 647 2906 'multa
691 2863 748 2910 et
785 2859 981 2915 acerba
1025 2862 1121 2918 irte
1151 2864 1479 2934 impotentes
1519 2870 1613 2924 alii
1645 2871 1700 2925 in
1743 2874 1880 2930 alios
1921 2893 2054 2946 prc-

459 2950 694 2998 centur.

545 3035 1039 3098 Isocrat.-—-Tunc
1070 3044 1321 3102 homines
1366 3049 1592 3106 meliore
1625 3052 1781 3123 fruge
1828 3072 2122 3136 eompo-c

475 3135 706 3192 nuntur,
729 3144 854 3184 cum
876 3131 945 3186 ad
966 3134 1136 3189 Deum
1161 3137 1465 3194 accedunt:
1489 3143 1651 3212 eique
1680 3146 1819 3202 adeo
1847 3149 2055 3207 similes

477 3224 625 3280 sunt,
657 3226 716 3272 ut
745 3221 853 3275 sint
880 3222 1110 3280 benefici
1141 3236 1197 3282 et
1218 3230 1507 3287 veritatem
1538 3236 1740 3292 colant.

545 3304 968 3380 Biantis.—ls,
1022 3330 1145 3370 cum
1197 3319 1494 3389 aliquando
1542 3341 1650 3380 una
1700 3343 1823 3403 cum
1873 3330 2056 3401 impiis

475 3397 801 3466 quibusdam
833 3405 1050 3476 navigio
1087 3409 1407 3480 veheretur,
1439 3417 1675 3488 navique
1705 3397 2056 3495 procella—ja-

477 3499 639 3556 ctata,
683 3493 762 3548 illi
797 3495 930 3552 deos
977 3499 1295 3560 invocarent
1326 3523 1340 3559 :
1371 3507 1564 3578 Siletc,
1610 3511 1809 3583 inquit,
1853 3532 1923 3572 ne
1954 3493 2056 3574 nos

474 3581 718 3637 sentiant
754 3584 845 3640 hic
871 3589 1147 3660 navigare.

546 3671 675 3739 Eos,
707 3677 801 3743 qui
833 3692 862 3730 a
895 3678 1002 3734 diis
1035 3683 1316 3740 meliorem
1367 3698 1606 3746 mentem
1649 3704 1918 3763 peterent,
1954 3709 2057 3754 nec

477 3766 580 3836 ipsi
616 3769 827 3838 seipsos
861 3777 1155 3833 emendare
1185 3781 1491 3850 studerent,
1523 3787 1720 3843 stultos
1749 3789 1965 3846 dicebat
1993 3808 2056 3847 ac

474 3861 896 3930 stupidosznec
963 3869 1108 3923 enim
1157 3872 1421 3942 pictorem
1472 3892 1504 3931 a
1551 3878 1656 3934 diis
1702 3882 1943 3948 precari,
1995 3893 2058 3938 ut

475 3951 676 4008 lineam
721 3954 854 4012 dent
902 3973 965 4014 ac
1007 3976 1230 4018 suavem
1261 3967 1523 4034 colorem,
1568 3971 1701 4036 quin
1734 3980 1907 4028 artem
1939 3973 2056 4044 ipse

475 4041 760 4112 didicerit;
797 4063 899 4103 nec
945 4065 1081 4106 vero
1126 4053 1300 4108 ullum
1348 4056 1585 4113 evadere
1623 4061 1894 4117 musicum
1939 4041 2056 4134 ipsa

475 4147 700 4201 precum
746 4136 820 4202 vi,
863 4138 968 4193 nisi
1016 4141 1406 4198 condiscantur
1449 4161 1572 4215 qum
1617 4157 1745 4203 sunt
1791 4154 2051 4209 musices.

473 4223 680 4279 Eodem
707 4227 871 4282 modo
903 4243 974 4284 ne
1003 4231 1330 4299 prudentem
1355 4235 1578 4304 quidem
1605 4239 1777 4293 ullum
1812 4257 2052 4312 unquam

474 4314 590 4370 fore
629 4320 935 4387 .precando,
979 4323 1084 4376 nisi
1132 4339 1322 4379 earum
1369 4329 1930 4402 rerum'disciplinam
1965 4352 2056 4393 co-

474 4403 659 4461 luerit.

1075 4585 1304 4644 SERMO
1343 4590 1457 4646 XV.

477 4668 551 4725 De
593 4670 830 4726 doctrina
875 4683 925 4728 et
976 4676 1189 4746 litteris,
1237 4697 1327 4735 seu
1361 4682 1658 4755 eloquentia
1707 4695 1756 4741 et
1796 4706 2055 4748 sermone.

544 4763 731 4818 Matth.
756 4781 810 4831 v,
844 4768 928 4822 19.
951 4799 1021 4809 -
1042 4770 1214 4827 Amen
1265 4775 1390 4830 dico
1423 4777 1604 4846 vobis,
1647 4782 1742 4850 qui
1776 4782 1970 4841 fecerit
2003 4795 2060 4842 et

475 4854 746 4921 docuerit,
800 4858 890 4913 hic
933 4877 1161 4932 magnus
1214 4867 1504 4922 vocabitur
1542 4870 1598 4924 in
1659 4888 1828 4943 regno
1886 4877 2056 4934 caelo-

476 4961 620 4999 I'Ull].

545 5122 588 5152 ²¹
617 5123 672 5177 In
719 5124 882 5180 Gesn.
932 5126 1086 5180 Stob.
1137 5128 1262 5183 266.

2157 487 2319 556 οἶνον,
2352 493 2674 562 προϐλέπων
2720 498 2748 548 ὁ
2805 496 2938 561 Θεὸς
2963 497 3030 550 τὰ
3064 497 3325 567 μέλλοντα
3375 498 3435 550 οὐ
3497 498 3646 550 ποιεῖ
3675 497 3740 551 τὸ

2159 582 2371 656 θέλημά
2398 603 2512 653 σου,
2543 587 2662 641 οὐδὲ
2711 588 2940 659 παρέχει
2979 583 3076 660 τὴν
3106 589 3391 658 ἀλόγιστον
3419 589 3627 660 δέησιν.

2226 766 2317 838 Μὴ
2341 765 2571 822 πλοῦτον
2603 769 2659 822 ἐν
2688 768 2868 838 δεήσει
2907 767 3150 840 ζητήσῃς
3171 809 3186 834 ,
3220 768 3293 840 μὴ
3322 767 3530 836 ὑγείαν,
3565 765 3598 837 ἢ
3627 765 3741 819 τῶν

2158 858 2369 930 ἐχθρῶν
2407 860 2650 930 ἀμυναν·
2689 862 2762 932 μὴ
2787 860 2946 925 δόξαν
2975 862 3356 933 ἀνθρωπίνην
3393 860 3532 915 ἀλλὰ
3573 861 3737 932 μόνον

2156 950 2224 1002 τὰ
2256 947 2613 1003 συντελοῦντα
2639 950 2775 1021 πρὸς
2809 951 3081 1023 σωτηρίαν
3106 950 3307 1022 ψυχῆς.

2227 1130 2440 1200 Ὠσπερ
2469 1129 2530 1182 τὸ
2558 1129 2818 1182 ἀναπνεῖν
2849 1128 3106 1181 οὐδέποτε
3130 1129 3386 1200 ἄκαιρον,
3416 1127 3590 1190 οὕτως
3606 1125 3736 1183 οὔτε

2155 1221 2216 1274 τὸ
2245 1219 2509 1274 αἰτεῖσθαι
2554 1219 2708 1291 παρά
2737 1219 2943 1291 Κυρίου
2973 1219 3252 1290 αἰτήματα
3283 1220 3521 1290 μυστικά
3540 1219 3734 1292 μέχρις

2157 1314 2391 1384 ἐσχάτης
2420 1312 2715 1383 ἀναπνοῆς.

2231 1493 2398 1546 Ὅταν
2430 1493 2558 1564 περί
2592 1510 2736 1556 τινος
2767 1491 2976 1560 ἀγαθοῦ
3012 1490 3399 1562 παρακαλέσῃς
3436 1489 3528 1544 τὸν
3575 1489 3730 1555 Θεὸν,

2158 1585 2252 1638 καὶ
2287 1584 2362 1654 μὴ
2415 1584 2710 1655 είσακούσῃ
2734 1601 2828 1636 σου
2860 1582 3207 1654 παραυτίκα,
3262 1583 3336 1652 μὴ
3364 1582 3727 1653 ὀλιγωρήσῃς,

2163 1677 2297 1748 μηδὲ
2322 1676 2724 1747 ὀλιγοψυχήσῃς
2741 1693 2754 1707 ο
2791 1675 3051 1738 πολλάκις
3081 1673 3190 1745 γὰρ
3228 1675 3362 1744 πρὸς
3382 1672 3443 1726 τὸ
3466 1672 3639 1744 παρὸν
3665 1672 3728 1726 οὐ

2091 1752 2133 1808 Β
2165 1769 2434 1840 συμφέρει
2462 1787 2545 1822 σοι
2563 1771 2624 1822 τὸ
2658 1772 2887 1838 αἴτημα.

2239 1863 2531 1929 Ἀριστοτ.
2567 1890 2637 1902 -
2670 1861 2774 1913 Τὸν
2825 1859 3119 1929 εὐχόμενον
3157 1857 3237 1910 δεῖ
3265 1856 3526 1928 φρόνιμον
3552 1849 3688 1910 εἶναι
3710 1871 3726 1887 ·

2159 1952 2234 2025 μὴ
2262 1953 2401 2026 λάθῃ
2424 1970 2476 2006 τι
2517 1951 2681 2006 κακὸν
2712 1950 3004 2021 εὐξάμενος
3038 1947 3235 2020 ἐαυτῷ.

2237 2124 2587 2194 Ἀλέξων-ὄρ.
2618 2157 2688 2168 -
2717 2124 3060 2196 Ἀλέξανδρος
3093 2125 3120 2178 ὁ
3155 2123 3428 2195 βασιλεὺς,
3451 2124 3574 2177 ἐπεὶ
3612 2125 3730 2177 ’Δνδ

2154 2216 2418 2288 τίπατρος
2471 2214 2619 2286 αὐτῷ
2668 2215 2838 2269 πολλά
2880 2215 3022 2269 κατὰ
3071 2214 3170 2282 τῆς
3215 2213 3422 2284 μητρὸς
3467 2212 3726 2284 ἔγραφεν,

2167 2309 2425 2376 Ἀγνοεῖς,
2461 2307 2587 2378 ἔφη,
2633 2309 2975 2377 Ἀντίπατρε,
3004 2307 3086 2360 ὅτι
3143 2305 3353 2376 μητρὸς
3392 2305 3450 2359 ἓν
3474 2305 3728 2375 δάκρυον,

2158 2401 2368 2455 πολλῶν
2402 2400 2666 2457 διαῦολῶν
2695 2398 2987 2462 ἐπιστολὰς
3010 2395 3299 2468 ἀπαλείφει
3326 2415 3342 2465 ;
3465 2393 3473 2401 ’

2236 2586 2532 2651 Ἐπικούρ.
2582 2611 2654 2621 --
2683 2580 2748 2634 El
2776 2581 2898 2644 ταῖς
2953 2579 3061 2632 τῶν
3109 2576 3408 2647 ἀνθρώπων
3458 2575 3646 2644 εὐχαῖς
3695 2575 3725 2625 ὁ

2155 2679 2287 2742 Θεὸς
2343 2676 2755 2747 κατηκολούθει,
2820 2675 3013 2728 θᾶττον
3063 2674 3130 2727 ἂν
3182 2671 3462 2725 ἀπόλοιντο
3511 2670 3719 2733 πάντες

2155 2767 2455 2837 ἄνθρωποι,
2491 2768 2734 2836 συνεχῶς
2759 2764 2931 2818 πολλὰ
2954 2763 3049 2817 καὶ
3082 2761 3289 2832 χαλεπὰ
3319 2761 3438 2814 κατ’
3469 2758 3719 2828 ἀλλήλων

2159 2859 2466 2930 εὐχόμενοι.

2239 3051 2523 3121 Ἰσοκράτ.
2545 3052 2692 3106 -Οἱ
2726 3050 3001 3123 ἄνθρωποι
3031 3051 3152 3104 τότε
3188 3049 3429 3119 γίνονται
3462 3046 3724 3119 βελτίους,

2155 3145 2284 3198 ὅταν
2304 3145 2422 3215 Θεῷ
2460 3144 2875 3217 προσέρχωνται
2904 3161 2918 3175 ’
2954 3145 3138 3214 ὅμοιον
3171 3143 3227 3197 δὲ
3260 3143 3444 3213 ἔχουσι
3477 3140 3616 3211 Θεῷ,
3663 3140 3729 3193 τὸ

2157 3239 2468 3309 εὐεργετεῖν
2497 3235 2593 3288 καὶ¹
2618 3235 2925 3310 ἀληθεύειν.

2225 3329 2391 3394 Βίας.
2417 3359 2488 3367 -
2513 3322 2679 3390 Οὗτος
2730 3325 3021 3397 συμπλέων
3079 3324 3207 3377 ποτὲ
3244 3325 3484 3388 ἀσεϐέσι,
3533 3337 3729 3394 χειμα-

2157 3420 2390 3490 ζομένης
2436 3420 2536 3491 τῆς
2593 3417 2728 3484 νεὼς
2757 3463 2770 3487 ,
2820 3419 3090 3473 κάκείνων
3139 3418 3306 3481 Θεοὺς
3363 3415 3727 3486 ἐπικαλουμέ-

2155 3531 2283 3580 νων,
2336 3515 2564 3582 Σιγᾶτε,
2633 3513 2779 3583 ἐιρη,
2831 3512 2906 3584 μὴ
2969 3510 3263 3565 αἴσθωνται
3329 3511 3479 3581 ἡμᾶς
3539 3507 3726 3562 ἐνθάδε

2155 3606 2440 3670 πλέοντας.

2225 3698 2364 3760 Τοὺς
2392 3697 2744 3768 αἰτουμένους
2769 3695 2921 3769 παρὰ
2949 3696 3058 3748 τῶν
3083 3693 3233 3746 Θεῶν
3265 3692 3465 3764 φρένας
3490 3690 3724 3760 ἀγαθὰς,

2157 3791 2250 3843 καὶ
2285 3789 2358 3860 μὴ
2389 3790 2612 3853 ἑαυτοὺς
2646 3788 3023 3852 παιδεύοντας,
3080 3787 3438 3858 ἀναισθήτους
3485 3785 3726 3856 ἔφασκεν

2157 3878 2314 3935 εἶναι.
2375 3881 2512 3934 Οὐτε
2563 3880 2672 3953 γὰρ
2737 3880 3026 3951 ζωγράφον
3069 3879 3362 3948 εὐχόμενον
3414 3878 3527 3939 τοῖς
3584 3875 3726 3938 θεοῖς

2157 3973 2339 4028 δοῦναι
2389 3972 2536 4043 αὐτῷ
2574 3972 2838 4044 γραμμὴν
2884 3972 2978 4026 καὶ
3021 3970 3274 4042 εὔχροιαν
3319 3969 3503 4023 λαϐεῖν
3534 3968 3622 4031 ἂν,
3674 3967 3725 4019 εἰ

2161 4064 2236 4136 μὴ
2265 4063 2424 4135 μάθοι
2450 4064 2649 4134 τέχνην
2669 4080 2682 4093 ·
2742 4063 2865 4117 οὔτε
2926 4063 3186 4134 μουσικὸν
3225 4061 3478 4130 γενέσθαι
3506 4058 3625 4111 ποτ’
3656 4057 3725 4111 ἀν

2156 4156 2341 4209 ἕνεκεν
2375 4156 2559 4226 εὐχῆς,
2592 4157 2639 4208 εἰ
2685 4155 2760 4227 μὴ
2788 4155 2854 4209 ἂν
2891 4156 2960 4209 τὰ
2997 4155 3230 4225 μουσικὰ
3278 4151 3458 4223 μάθοι.
3514 4151 3617 4203 Τὸν
3667 4149 3724 4202 δὲ

2156 4248 2318 4300 αὐτὸν
2350 4247 2571 4316 τρόπον,
2630 4245 2738 4300 οὐδ’
2777 4247 2843 4300 ἀν
2884 4245 3148 4318 φρόνιμόν
3178 4261 3300 4296 τινα
3347 4241 3604 4311 γενέσθαι
3630 4239 3726 4294 εὐ-

2159 4338 2411 4408 χόμενον,
2436 4337 2484 4389 εἰ
2515 4335 2590 4408 μὴ
2621 4334 2826 4390 τούτων
2854 4337 2954 4406 τήν
2981 4334 3218 4406 μάθησιν
3242 4332 3418 4388 λάϐοι.

2711 4602 2926 4657 ΛΟΓΟΣ
2983 4603 3061 4656 ιε’
3078 4600 3144 4654 ’⁸.

2471 4696 2611 4763 Περὶ
2646 4694 2899 4763 διδαχῆς
2947 4696 3043 4747 και
3085 4694 3284 4762 λόγων
3516 4687 3520 4690 ’

2223 4790 2410 4840 Ματθ.
2437 4793 2489 4839 ι’.
2520 4815 2588 4825 -
2629 4783 2796 4854 Ἀμὴν
2829 4783 2972 4850 λέγω
3001 4784 3148 4853 ὑμῖν,
3175 4781 3233 4844 ὃς
3277 4780 3343 4834 ἂν
3381 4779 3588 4851 ποιήσῃ
3632 4778 3731 4833 καὶ

2153 4875 2362 4952 διδάξῃ,
2393 4868 2549 4940 οὗτος
2577 4875 2754 4946 μέγας
2799 4874 3130 4946 κληθήσεται
3157 4874 3214 4926 ἐν
3243 4875 3308 4944 τῇ
3347 4870 3598 4942 βασιλείᾳ
3619 4870 3732 4925 τῶν

2153 4968 2416 5040 οὐρανῶν.

1975 5277 2020 5332 Ν
2025 5277 2198 5334 ΟΤίΕ.

547 5392 616 5460 (τ’)
652 5397 789 5472 ῌερὶ
819 5397 1070 5472 διδαχῆς
1101 5402 1200 5455 καὶ
1250 5405 1465 5472 λόγων.
1516 5405 1682 5460 Addit
1721 5406 1884 5462 Gesn.
1935 5409 2049 5466 sive

477 5458 766 5544 Antonius,
790 5468 886 5546 Eat
916 5458 1156 5546 ὐρξιλία-ς,
1186 5458 1346 5546 quod.
1369 5475 1441 5527 sit
1470 5458 2047 5546 cxp’licmb'éiipeﬁbi

478 5528 556 5624 ris
585 5535 752 5587 vocis.
785 5528 1040 5617 Quasi'de
1080 5528 1349 5624 docti-ina,
1387 5528 1820 5624 quaa'familiari
1843 5528 2050 5624 arlloeu-

480 5605 624 5683 tione
646 5617 708 5653 ac
729 5607 1057 5683 tractatione
1091 5605 1372 5683 tradatur;
1405 5605 1463 5667 in
1486 5631 1592 5683 qua
1622 5625 1806 5671 tantus
1846 5619 2048 5673 enituit

479 5661 926 5741 Chrysostomus,
956 5661 1169 5746 illoque
1184 5661 2048 5755 superior-Gureiéoriuszhcolo-

2153 5428 2272 5482 gus,
2305 5413 2461 5483 cujus
2491 5412 2711 5483 auditor
2734 5412 2836 5467 fuit
2865 5411 3256 5483 Hieronymus.
3279 5413 3402 5471 Non
3446 5415 3590 5470 bene
3629 5415 3735 5468 ita-

2153 5499 2258 5551 que
2288 5483 2587 5545 Gesnerus,
2617 5482 2694 5534 De
2727 5483 2970 5535 doctrina
3011 5482 3128 5553 quia
3161 5493 3280 5538 tum
3324 5501 3569 5539 sermone
3625 5494 3736 5537 tum

2153 5555 2544 5606 con-versatione
2579 5554 2678 5634 sit‘,
2710 5567 2774 5606 ac
2799 5553 2855 5606 si-
2876 5553 3315 5634 πολιτείαςθεεςι
3345 5558 3469 5610 loco
3490 5554 3734 5634 ὁμιλίας,

2151 5624 2233 5676 vel
2259 5633 2446 5677 essent
2469 5623 2603 5695 haec
2630 5621 2739 5674 duo
2800 5627 3046 5675 membra
3077 5627 3338 5695 opposita
3387 5642 3451 5682 ac
3487 5621 3738 5681 subdivi-

2151 5692 2334 5746 deutia
2362 5710 2375 5759 ;
2414 5693 2560 5761 quod
2592 5692 2751 5761 longe
2780 5707 2808 5744 a
2834 5705 2966 5746 vero
2989 5701 3090 5745 est.
