4066 6146
434 196 539 263 815

1595 190 1656 249 S.
1699 186 1984 248 ΜΑΧΙΜΙ
2024 182 2533 246 CONFESSORIS

3588 180 3705 248 815

507 304 737 363 Solonis.
758 302 1124 370 —Quantum
1161 300 1217 356 in
1261 300 1407 356 bello
1440 298 1671 365 ferrum,
1716 307 1932 354 tantum
1965 296 2020 350 in

2199 299 2497 362 Σόλωνος.
2529 268 2792 350 -’”Οσον
2827 296 2883 349 ὲν
2922 295 3146 368 πολέμῳ
3201 296 3419 351 δύναται
3456 298 3703 373 σίδηρος,

436 398 663 456 civitate
699 412 763 452 ac
791 387 1079 465 republica
1123 393 1293 463 proba
1336 400 1597 462 rectaque
1644 392 1822 445 oratio
1855 393 2018 445 valet.

511 491 682 555 Idem,
730 500 1039 543 sermonem
1093 484 1279 540 aiebat
1344 498 1574 554 operum
1620 497 1742 539 esse
1793 483 2023 539 simula-

438 599 619 641 crum.

508 675 758 745 Diogenis
800 674 1149 728 —Oratores
1194 668 1411 724 dicebat
1460 669 1722 737 studere,
1774 678 1833 724 ut
1880 668 2024 724 bene

437 776 743 837 ornateque
784 765 1061 831 dicerent;
1092 772 1153 817 ut
1184 770 1369 816 autem
1398 763 1537 818 bene
1579 770 1825 833 agerent,
1870 762 2024 817 nullo

438 863 627 919 modo.

504 954 643 1010 Cum
675 952 891 1007 Atticus
922 949 1145 1021 quidam
1192 948 1347 1003 illum
1376 952 1683 1014 accusaret,
1720 964 1820 1003 cur
1847 948 2023 1005 Laee-

387 1104 394 1111 ,
436 1042 739 1100 daemonios
773 1040 1105 1111 propensius
1136 1038 1369 1094 laudans
1403 1053 1513 1093 non
1555 1038 1701 1109 apud
1736 1054 1832 1094 eos
1860 1039 2021 1094 babi-
2054 1096 2059 1101 _

437 1134 614 1190 taret?
638 1132 778 1200 Quia
806 1130 1056 1187 medicus
1086 1129 1344 1201 paranda:
1367 1129 1619 1185 sanitatis
1649 1130 1847 1186 artifex
1873 1130 2022 1187 haud

435 1240 561 1281 cum
599 1224 710 1278 illis
733 1230 1009 1293 versatur,
1038 1222 1134 1292 qui
1161 1222 1369 1277 valent.

505 1313 753 1369 Eteoclis.
777 1312 986 1368 —Non
1014 1313 1252 1370 dicentis
1280 1316 1621 1381 facultatem,
1659 1314 1754 1371 sed
1800 1315 1880 1370 rei
1924 1330 2023 1370 na-

439 1413 617 1461 turam
648 1402 1099 1476 perpendendam
1130 1420 1253 1461 esse
1290 1405 1529 1462 dicebat.

503 1579 767 1634 Socrates.
792 1610 863 1619 —
885 1578 1049 1651 580
1073 1579 1183 1634 Aut
1226 1595 1392 1651 quam
1436 1580 1724 1636 minimum
1755 1596 1880 1637 cum
1924 1596 2025 1652 po-

2126 389 2382 443 τοσοῦτον
2413 390 2471 443 ὲν
2503 388 2749 460 πολιτείᾳ
2781 389 2937 458 λόγος
2966 388 3028 442 εὖ
3056 388 3196 460 ἔχων
3230 390 3423 460 ίσχύει.

2204 480 2264 533 Ὀ
2308 480 2470 545 αὐτὸς
2512 480 2742 550 ἔφασκε,
2772 480 2863 534 τὸν
2909 480 3089 550 λόγον,
3122 480 3347 557 ,εἴδωλον
3394 478 3537 538 εἶναι
3592 484 3708 538 τῶν

2125 572 2322 644 ἔργων.

2198 664 2423 735 Διογέν.
2446 695 2513 706 --
2538 664 2679 728 Τοὺς
2699 665 2933 737 ῥήτορας
2953 663 3021 718 τά
3042 664 3226 718 δίκαια
3246 664 3348 736 μὲν
3378 665 3481 738 ἔφη
3505 667 3706 721 ἐσπου-

2123 754 2347 811 δακέναι
2378 757 2581 827 λέγειν,
2612 758 2872 828 πράττειν
2905 757 2982 825 δὲ,
3014 756 3287 828 οὐδαμῶς.

2206 930 2461 986 ’Δττικοῦ
2515 950 2662 997 τινος
2699 932 3057 1001 ἐγκαλοῦντος
3106 934 3276 1006 αὐτῷ,
3323 934 3468 990 διατί
3523 939 3705 994 Δακε-

2123 1023 2432 1093 δαιμονίους
2468 1023 2669 1094 μᾶλλον
2698 1025 2957 1088 ἐπαινῶν,
2983 1027 3113 1096 παρ’
3141 1025 3373 1090 ἐκείνοις
3401 1029 3463 1081 οὐ
3493 1027 3703 1102 διατρί-

2127 1115 2237 1181 ϐει,
2262 1115 2400 1168 Οὐδὲ
2428 1113 2538 1186 γάρ
2597 1115 2797 1187 ἰατρὸς,
2852 1116 2979 1186 ἔφη,
3012 1116 3203 1186 ὑγείας
3230 1116 3305 1172 ὣν
3335 1121 3616 1191 ποιητικὸς
3643 1123 3704 1176 ἐν

2122 1209 2236 1270 τοῖς
2270 1206 2578 1275 ὑγιαίνουσι
2606 1207 2704 1278 τὴν
2722 1207 3004 1279 διατριϐὴν
3028 1211 3283 1277 ποιεῖται.

2204 1298 2611 1367 Ἐτεοκλέους.
2645 1326 2714 1340 -
2757 1298 2849 1371 Μὴ
2907 1299 3007 1363 τάς
3060 1299 3170 1355 τῶν
3222 1301 3520 1371 λεγόντων,
3570 1303 3696 1376 ἔφη,

2121 1389 2403 1462 δυνάμεις,
2459 1391 2597 1446 ἀλλά
2642 1391 2743 1456 τὰς
2783 1391 2895 1446 τῶν
2929 1396 3274 1465 πραγμάτων
3306 1396 3503 1467 φύσεις
3550 1399 3699 1454 δοκιε-

2129 1482 2345 1555 μάζειν.

2193 1575 2530 1645 Σωκράτης.
2561 1606 2633 1618 --
2669 1576 2759 1639 Ὠς
2798 1577 2999 1649 ἥκιστα
3049 1580 3163 1643 τοῖς
3209 1578 3518 1648 δυνάσταις,
3556 1582 3592 1654 ἢ
3625 1583 3702 1647 ὡς

436 1672 716 1738 tentibus,
783 1680 880 1727 aut
931 1687 1097 1743 quam
1142 1672 1543 1744 iucundissime
1590 1680 1713 1729 eSse
1764 1672 2019 1729 fabulan-

2128 1667 2317 1738 ἥδιστα
2345 1667 2575 1738 ὁμιλεῖν.

437 1763 590 1817 dum.

507 1856 628 1910 Non
674 1870 744 1910 ex
790 1854 975 1911 verbis
1019 1870 1148 1920 res,
1180 1854 1275 1910 sed
1320 1870 1386 1911 ex
1434 1857 1602 1911 rebus
1632 1857 1802 1913 verba
1833 1857 2020 1928 vigere

436 1948 615 2002 decet.
657 1947 776 2002 Non
822 1946 969 2002 enim
1020 1946 1320 2001 verborum
1358 1960 1523 2001 causa
1569 1960 1659 2001 res
1705 1954 2019 2012 struuntur,

436 2037 532 2092 sed
565 2036 727 2091 verba
758 2052 822 2091 ex
852 2036 1040 2091 rebus.

647 2127 919 2182 Suadeam
942 2128 1160 2182 dicentis
1185 2144 1375 2191 mores,
1408 2143 1512 2181 non
1546 2127 1737 2180 oratio.

646 2198 788 2252 Bene
813 2199 952 2251 enim
987 2215 1050 2252 ac
1082 2207 1270 2252 ornate
1304 2197 1447 2267 loqui
1476 2195 1677 2251 malum
1702 2205 1800 2263 est,

646 2267 705 2322 Si
736 2268 1035 2322 nocumenti
1063 2267 1265 2339 aliquid
1295 2269 1502 2339 afferat.

505 2359 1184 2430 Antagor.—Antagoras
1241 2375 1368 2414 cum
1430 2358 1746 2415 Thebaidos
1814 2358 2021 2413 librum

440 2450 584 2520 apud
620 2450 839 2505 Boeotos
866 2451 1145 2515 recitaret,
1188 2465 1293 2506 nec
1322 2452 1573 2507 recitanti
1605 2451 1899 2521 quisquam
1944 2460 2025 2505 at-

441 2542 728 2606 tenderet,
774 2541 1103 2610 complicato
1149 2541 1431 2597 volumine
1479 2559 1492 2595 :
1538 2542 1765 2607 Merito,
1814 2541 2021 2613 inquit,

438 2633 615 2689 Boeoti
646 2633 918 2688 vocamini
941 2650 973 2699 ;-
988 2648 1114 2687 nam
1144 2632 1313 2688 boum
1350 2648 1513 2689 aures
1542 2633 1775 2689 habetis.

511 2724 730 2789 Hieron,
753 2754 824 2764 —
849 2724 949 2778 Hic
991 2724 1298 2779 orationem
1331 2724 1558 2780 habens
1600 2725 2028 2794 auditoremque

442 2815 769 2879 concilians,
800 2815 909 2869 tria
941 2815 1045 2869 sibi
1078 2815 1362 2885 proposita
1404 2832 1526 2872 esse
1556 2816 1810 2883 dicebat;
1852 2825 1914 2870 ut
1944 2817 2030 2871 in-

447 2908 757 2977 telligentes
796 2906 1040 2980 juvaret,
1087 2906 1253 2963 rudes
1295 2909 1540 2975 doceret,
1583 2908 1800 2964 invidos
1835 2908 2028 2964 dolore

445 2997 707 3053 alliceret.

518 3085 841 3157 OEnopides.
861 3087 1180 3162 -—Aiebat,
1220 3089 1403 3162 qualis
1433 3089 1505 3145 sit
1536 3090 1777 3146 hominis
1808 3089 2025 3147 indoles

446 3180 772 3252 geniusque,
809 3180 975 3241 talem
1007 3191 1064 3237 et
1095 3196 1405 3238 sermonem
1438 3197 1582 3237 esse.

518 3255 1038 3329 Ro‘mul.——Aiebat
1106 3273 1376 3328 Romulus
1418 3291 1430 3327 :
1468 3274 1575 3329 Vas
1626 3281 1864 3330 testeum
1916 3274 2027 3329 ictu

448 3365 703 3434 probari;
735 3367 1014 3421 hominem
1045 3380 1177 3421 vero
1203 3380 1271 3421 ex
1300 3379 1578 3420 sermone.

1033 3672 1265 3731 SERMO
1300 3674 1439 3731 XVI.

1014 3765 1091 3819 De
1122 3770 1467 3839 correptione.

519 3858 678 3913 Joan.
726 3874 780 3923 v,
818 3857 1155 3914 LL—Dixit
1200 3859 1466 3917 Dominus
1512 3864 1812 3937 paralytico
1840 3883 1853 3920 :
1883 3866 2024 3925 Ecce

453 3964 617 4005 sanus
655 3946 832 4002 factus
857 3962 949 4014 es;
986 3949 1098 4019 jam
1129 3947 1242 4004 noli
1273 3964 1524 4021 peccare,
1553 3966 1623 4006 ne
1647 3951 1892 4009 deterius
1924 3954 2025 4023 tibi

452 4040 659 4111 aliquid
693 4039 995 4111 contingat.

526 4131 551 4186 ι
573 4131 747 4186 Thess.
773 4147 824 4196 v,
853 4131 941 4186 14.
964 4162 1035 4171 -
1054 4131 1331 4203 Rogamus
1359 4147 1479 4198 vos,
1512 4131 1733 4198 fratres,
1771 4133 2034 4203 corripite

2193 1760 2309 1812 Οὐκ
2338 1761 2400 1813 ἐκ
2425 1759 2531 1812 τῶν
2549 1760 2722 1829 λόγων
2739 1759 2807 1814 τὰ
2827 1762 3150 1834 πράγματα,
3177 1762 3291 1817 ἀλλ’
3318 1766 3382 1818 ὲκ
3419 1765 3529 1818 τῶν
3561 1781 3703 1838 πρα-

2121 1851 2346 1920 γμάτων
2378 1853 2504 1916 τοὺς
2534 1852 2726 1921 λόγους
2751 1854 2832 1907 δεῖ
2869 1857 3113 1924 κρατεῖν.
3153 1857 3227 1909 Οὐ
3257 1857 3368 1931 γὰρ
3395 1859 3563 1913 ἕνεκα
3593 1858 3702 1913 τῶν

2125 1941 2300 2012 λόγων
2332 1944 2399 1998 τά
2438 1944 2742 2016 πράγματα
2799 1946 3152 2012 συντελεῖται,
3180 1947 3296 2002 ἀλλ’
3325 1951 3390 2003 ἐκ
3425 1951 3534 2005 τῶν
3560 1968 3700 2026 πραε-

2125 2051 2160 2104 γ
2168 2035 2353 2105 μάτων
2371 2037 2421 2089 οἱ
2440 2036 2609 2105 λόγοι.

2196 2127 2421 2205 ζρόθτος
2447 2098 2604 2205 eff-rw
2637 2128 2858 2205 πείθων
2880 2129 2986 2205 τοῦ
3020 2098 3328 2205 τῐέγοντος,
3356 2135 3429 2205 οὐ
3449 2136 3652 2205 λόγος.

2197 2194 2404 2275 Ϊὸιχοριοι)Δ
2425 2198 2627 2275 ἒλέγειν
2659 2194 2751 2267 εὖ,
2786 2199 2986 2253 δεινόν
3016 2194 3209 2269 ἐστιν,
3231 2194 3488 2275 είςοέροι

2199 2267 2335 2321 Τινὰ
2355 2267 2623 2335 βλάϐην.
3195 2267 3202 2269 “
3319 2267 3336 2273 ⁷
3388 2267 3402 2291 ⁷

2209 2360 2586 2429 Ἀνταγόρας.
2644 2387 2716 2402 —-
2784 2361 3118 2434 Ἀνταγόρας
3192 2365 3315 2433 ἐπεὶ
3368 2365 3706 2436 ἀνεγίνωσκε

2125 2450 2276 2522 παρά
2326 2448 2583 2513 Βοιωτοῖς
2604 2450 2666 2503 τὸ
2696 2449 2798 2519 τῆς
2843 2450 3113 2520 Θηόαῒδος
3165 2452 3545 2525 σύγγραμμα,
3608 2457 3705 2508 καὶ

2125 2544 2301 2605 οὐδεὶς
2355 2540 2778 2611 ὑπεσημαίνετο,
2827 2540 3053 2605 κλείσας
3081 2541 3141 2595 τδ
3170 2541 3392 2613 βιϐλίον,
3438 2546 3695 2609 Δικαίως,

2127 2631 2273 2700 εἷπε,
2294 2631 2551 2688 καλεῖσθε
2587 2631 2831 2687 Βοιωτοίο
2863 2632 3002 2703 βοῶν
3032 2633 3138 2704 γὰρ
3172 2628 3283 2689 ὧτα
3312 2634 3484 2705 ἔχετε.

2209 2726 2416 2793 Ἱέρων.
2448 2756 2519 2767 -
2541 2719 2708 2788 Οὗτος
2742 2725 3005 2797 ἀκρόασιν
3039 2724 3373 2796 ποιούμενος,
3398 2721 3516 2779 εἷπε
3531 2727 3702 2798 τριῶν

2128 2813 2478 2884 ἐστοχάσθαι,
2514 2813 2644 2876 τοὺς
2676 2812 2930 2875 συνετοὺς
2957 2812 3259 2884 ὠφελῆσαι,
3289 2815 3413 2879 τοὺς
3441 2815 3705 2888 ἀπείρους

2130 2906 2358 2972 διδάξαι,
2384 2905 2479 2959 καὶ
2510 2905 2637 2967 τοὺς
2673 2903 2967 2976 φθονεροὺς
2999 2905 3261 2976 λυπῆσαι.

2205 3084 2472 3141 οινοπίδ.
2512 3114 2583 3125 -
2620 3077 2821 3150 Οὗτος,
2861 3083 3022 3138 ὁποία
3061 3085 3094 3155 ἠ
3148 3084 3311 3154 φύσις
3353 3084 3450 3139 τοῦ
3498 3085 3710 3159 ἀνθρώ-

2124 3195 2228 3232 που
2267 3180 2405 3242 ὲστὶ,
2436 3174 2681 3230 τοιοῦτον
2701 3175 2940 3246 ἔφασκεν
2963 3170 3103 3228 εἶναι
3141 3176 3236 3232 καὶ
3267 3176 3553 3247 τὸνλόγον.

2207 3268 2454 3339 Ῥωμύλ.
2507 3299 2578 3311 --
2629 3263 2819 3334 Οὗτος,
2866 3267 2960 3321 τὸν
3031 3268 3133 3339 μὲν
3195 3269 3439 3340 κέραμον
3492 3272 3555 3323 ὲκ
3614 3270 3729 3325 τοῦ⁴

2126 3360 2325 3416 κοπτοῦ
2370 3361 2418 3394 ⁸³
2456 3360 2561 3433 ἔφη
2598 3360 3026 3433 δοκιμάζεσθαιδ
3072 3362 3165 3416 τὸν
3208 3361 3267 3415 δὲ
3312 3362 3597 3435 ἄνθρωπον
3643 3365 3709 3416 ὲκ

2121 3450 2218 3505 τοῦ
2241 3451 2424 3521 λόγου.

2706 3679 2926 3735 ΛΟΓΟΣ
2955 3672 3051 3746 ἶς’
3076 3678 3141 3732 ⁸⁸.

2651 3772 2794 3839 Περὶ
2842 3772 3182 3837 νουθεσίας.

2215 3863 2442 3920 Ἰωάνν.
2476 3861 2541 3919 s’.
2572 3872 2642 3905 —-'
2677 3859 2848 3918 Εἶπεν
2889 3865 2917 3916 ὁ
2968 3864 3173 3935 Κύριος
3221 3862 3300 3934 τῷ
3328 3864 3709 3938 παραλυτικῷ,

2144 3958 2241 4011 Ἰδὲ
2272 3959 2431 4029 ὑγιὴς
2458 3957 2710 4027 γέγονας,
2737 3956 2932 4029 μηκέτι
2962 3957 3266 4029 ἁμάρτανε,
3286 3957 3374 4012 ἵνα
3424 3958 3500 4028 μὴ
3526 3959 3710 4030 χεῖρόν

2131 4051 2185 4105 τί
2211 4067 2293 4102 σοι
2321 4050 2553 4120 γένοιτο.

2201 4145 2263 4197 A'
2313 4144 2497 4195 Θεσσ.
2541 4139 2607 4194 ε’.
2640 4170 2707 4182 —-
2758 4139 3191 4212 Παρακαλοῦμεν
3232 4141 3414 4213 ὑμᾶς,
3465 4138 3707 4214 ἀδελφοὶ,

454 4222 836 4295 pusillanimes
877 4230 935 4277 et
986 4221 1297 4291 inquietos,
1333 4224 1597 4294 suscipite
1652 4224 1934 4294 inﬁrmos;
1971 4242 2029 4282 ac

2134 4232 2438 4287 νουθετεῖτε
2486 4229 2841 4301 ὀλιγοψύχους
2902 4231 2996 4285 καὶ
3067 4231 3336 4296 ἀτάκτους
3360 4246 3376 4262 ⁸
3430 4233 3527 4287 καὶ
3579 4234 3711 4287 ἀντ-

455 4327 671 4385 semper
703 4312 852 4384 quod
884 4312 1089 4367 bonum
1121 4322 1207 4369 est
1233 4314 1539 4370 sectamini.

526 4501 654 4572 Sap.
682 4517 774 4566 xu,
804 4500 859 4555 2.
882 4500 1182 4557 —ldcirco
1222 4516 1320 4558 eos
1351 4501 1447 4572 qui
1478 4504 1862 4574 prolabuntur,
1897 4522 2034 4578 pau-

457 4592 613 4647 latim
640 4592 845 4662 argnis,
872 4592 1126 4658 Domine,
1161 4600 1218 4647 et
1244 4592 1312 4647 de
1340 4593 1545 4663 quibus
1570 4606 1819 4663 peccant,
1848 4597 2039 4652 admo-

460 4699 599 4740 nens
640 4685 915 4754 corripis,
960 4695 1021 4739 ut
1063 4684 1273 4741 malitia
1305 4700 1401 4740 sua
1444 4686 1698 4755 liberati,
1729 4688 1786 4743 in
1818 4698 1871 4744 te
1912 4705 2038 4746 ere-

459 4777 610 4831 dant.

527 4867 693 4922 Eccli.
718 4885 866 4936 xvnl,
894 4870 978 4924 12.
1002 4900 1072 4909 -
1090 4868 1472 4926 Misericordia
1487 4846 1703 4927 Domini
1731 4888 1898 4944 super
1922 4891 2041 4930 om-

2135 4326 2284 4396 έχετε
2338 4323 2450 4377 τῶν
2493 4322 2759 4390 ἀσθενῶν,
2808 4322 2904 4376 καὶ
2930 4323 3161 4379 πάντοτε
3221 4324 3285 4377 τὸ
3321 4323 3526 4393 ἀγαθὸν
3581 4322 3713 4378 διώ-

2062 4419 2108 4475 D
2137 4434 2284 4472 κετε.

2201 4507 2588 4577 Σολομῶντος
2622 4504 2718 4572 ιβ’.
2754 4535 2824 4547 ——
2851 4505 2950 4559 Διὰ
2974 4505 3132 4559 τοῦτο
3166 4507 3294 4570 τοὺς
3329 4506 3719 4577 παραπίπτον-

2135 4619 2235 4668 τας
2262 4601 2381 4657 κατ’
2408 4601 2588 4671 ὀλίγον
2643 4601 2913 4673 ἐλέγχεις,
2955 4598 3151 4671 Κύριε,
3192 4601 3288 4654 καὶ
3335 4600 3395 4653 ὲν
3420 4593 3503 4662 οἷς
3531 4599 3715 4669 ἀμαρ-

2135 4696 2388 4749 τάνουσιν
2421 4694 2856 4764 ὑπομιμνήσκων
2879 4689 3168 4756 νουθετεῖς,
3190 4691 3276 4744 ἵνα
3305 4689 3715 4759 ἀπαλλαγέντες

2138 4788 2237 4859 τῆς
2258 4787 2458 4851 κακίας
2482 4785 2661 4839 αὐτῶν
2692 4783 3057 4838 πιστεύσωσιν
3079 4783 3172 4837 ἐπὶ
3206 4783 3286 4838 σέ.

2210 4867 2394 4947 Σιρὰχ
2431 4883 2526 4945 ιη’.
2544 4876 2805 4939 --Ἕλεος
2822 4874 3027 4947 Κυρίου
3043 4874 3137 4928 ἐπὶ
3156 4875 3336 4928 πᾶσαν
3353 4872 3550 4945 σάρκα,
3568 4872 3721 4941 ἐλέγ-

461 4972 584 5010 nem
630 4973 875 5024 carnem,
910 4973 1147 5029 arguens
1187 4966 1247 5014 et
1274 4959 1583 5029 corripiens
1619 4970 1677 5016 et
1713 4971 2029 5019 convertens

2141 4988 2251 5041 χων
2272 4971 2368 5023 καὶ⁸
2393 4967 2660 5024 νουθετῶν
2678 4969 2773 5023 καὶ
2801 4966 3142 5039 ἐπιστρέφων
3169 4966 3245 5030 ὡς
3268 4965 3477 5036 ποιμὴν
3501 4964 3568 5019 τὸ
3595 4963 3719 5018 ποί-

464 5059 718 5118 tanquam
750 5058 937 5120 pastor
966 5065 1127 5105 suum
1155 5065 1395 5122 gregem.

529 5139 1082 5199 Basilii—Violenta
1102 5157 1341 5212 namque
1361 5142 1650 5214 disciplina
1673 5147 1833 5200 firmo
1853 5146 2038 5200 animo

2151 5077 2304 5133 μνιον
2332 5059 2521 5115 αὐτοῦ.

2215 5154 2432 5206 Βασιλ.
2467 5180 2538 5191 --
2570 5149 2756 5204 Βὶαιον
2776 5150 2884 5222 γὰρ
2915 5148 3149 5220 μάθημα
3190 5149 3252 5202 οὐ
3292 5147 3506 5218 πέφυκε
3543 5163 3726 5217 παρα-

370 5282 371 5285 η
464 5230 671 5289 haerere
702 5248 813 5288 non
842 5234 980 5289 solet
1008 5251 1021 5287 :
1050 5234 1197 5304 quod
1225 5243 1410 5290 autem
1452 5236 1734 5306 voluptate
1777 5245 1833 5291 et
1865 5239 2029 5308 gratia

2151 5242 2330 5313 μένειν
2355 5258 2369 5272 ·
2403 5244 2463 5296 τὸ
2492 5242 2555 5296 δὲ
2582 5242 2721 5313 μετά
2744 5240 2984 5312 τέρψεως
3028 5241 3124 5294 καὶ
3166 5239 3391 5311 χάριτος
3435 5237 3724 5308 εἰσδυόμε-

467 5321 798 5390 insinuatur,
832 5324 885 5379 id
911 5340 1045 5381 vero
1070 5324 1282 5380 ﬁrmius
1306 5326 1723 5398 durabiliusque
1744 5328 1965 5382 insidet.

536 5398 638 5479 Qui
678 5418 951 5488 jacentem
994 5417 1112 5471 vult
1162 5416 1413 5488 erigere,
1461 5434 1529 5474 eo
1572 5420 1667 5490 qui
1719 5419 1908 5488 lapsus
1959 5429 2044 5474 est

542 5590 589 5623 ”
620 5592 785 5646 Gesn.
842 5593 1033 5646 κόπου.
1111 5596 1156 5625 ’⁵
1200 5593 1261 5647 In
1284 5592 1447 5647 Gesn.
1483 5592 1698 5649 Stobeeo
1732 5594 1820 5648 68.

2148 5350 2260 5397 νον,
2296 5334 2667 5405 μονιμώτερόν
2699 5349 2814 5395 πως
2838 5331 3037 5401 ψυχαῖς
3067 5331 3326 5394 ὲνιζάνει.

2232 5425 2291 5477 *Ο
2322 5426 2414 5480 τὸν
2443 5425 2696 5496 κείμενον
2737 5423 2972 5493 ἐγείρειν
3012 5421 3356 5491 βουλόμενος,
3393 5418 3726 5492 ὑψηλότερος
