4066 6146
327 346 428 413 817

1633 343 1802 404 LOCl
1843 340 2281 404 COMMUNES.

3479 339 3584 405 818

327 458 470 517 εἶναι
519 457 614 513 τοῦ
674 457 1025 520 πεπτωκότος
1088 455 1303 518 πάντως
1351 452 1558 522 ὀφείλει
1593 471 1606 484 ·
1659 455 1686 506 ὁ
1737 454 1794 506 δὲ
1841 453 1900 518 ὲξ

2015 454 2252 509 altiorem
2293 466 2410 507 esse
2445 452 2671 506 omnino
2699 466 2922 506 necesse
2950 459 3080 516 est:
3109 451 3192 507 sin
3226 458 3408 507 autem
3438 452 3591 522 pari-

331 549 445 606 τσου
501 550 824 604 καταπεσὼν
853 589 869 613 ,
935 548 1122 619 ἑτέρου
1191 547 1286 600 καὶ
1359 545 1522 608 αὐτὸς
1579 544 1904 609 ἀνιστῶντος

327 646 524 697 δεῖται.

401 739 570 790 Θεολ.
603 763 673 777 -—
696 735 849 804 Μήτε
889 733 946 786 τὸ
973 733 1158 800 ἀλγεῖν
1191 729 1648 802 ἀπαραμύθητον,
1683 731 1821 801 μήτε
1845 731 1905 783 τὸ

330 825 387 884 εὖ
412 830 672 900 πράττειν
699 825 1178 893 ἀπαιδαγώγητον.

399 924 698 988 Χρυσοστ.
737 948 804 960 --
837 918 928 984 Μὴ
974 916 1166 979 ἄλλους
1226 915 1494 987 ἰατρεύειν
1540 917 1905 986 ἐπιχειρήσω-

339 1031 457 1084 μεν,
503 1012 658 1065 αὐτοὶ
709 1010 959 1080 βρύοντες
1003 1008 1242 1061 ἕλκεσιν.

401 1103 676 1173 Συμιρέρει
727 1101 1014 1154 δάκνεσθαι
1048 1099 1135 1152 διὰ
1177 1100 1275 1168 τῆς
1303 1098 1412 1151 τῶν
1439 1099 1700 1170 ῥημάτων
1737 1100 1906 1170 ἀλγη-

331 1197 475 1258 δόνος
501 1194 626 1256 τοὺς
655 1194 1087 1264 ἁμαρτάνοντας,
1118 1191 1206 1245 ἴνα
1245 1191 1344 1260 τῆς
1383 1190 1472 1244 διὰ
1511 1190 1617 1245 τῶν
1648 1193 1908 1262 πραγμά-

329 1304 438 1339 των
475 1284 862 1356 ἀσχημοσύνης
888 1284 1299 1350 ἀπαλλαγῶσιν.

401 1379 492 1448 Mi}
542 1379 623 1431 δεῖ
669 1377 998 1447 βαρύνεσθαι
1047 1375 1145 1447 τὴν
1193 1375 1538 1440 παραίνεσιν.
1569 1378 1630 1430 Εἰ
1659 1375 1768 1447 γὰρ
1809 1375 1907 1445 βα-

333 1469 586 1542 ρύνεσθαι
633 1469 758 1531 ἔδει,
816 1469 916 1538 ἐμὲ
973 1468 1082 1520 ἔδει
1131 1469 1224 1520 τὸν
1267 1469 1527 1533 πολλάκις
1555 1469 1781 1538 λέγοντα
1813 1467 1908 1521 καὶ

329 1563 428 1615 ούκ
458 1561 808 1631 ἀκουόμενον·
837 1561 936 1628 ούχ
976 1561 1141 1631 ὑμᾶς,
1175 1561 1302 1624 τοὺς
1339 1563 1425 1614 ἀεὶ
1468 1562 1566 1634 μὲν
1591 1561 1906 1626 ἀκούοντας,

328 1656 417 1709 ἀεὶ
445 1655 500 1708 δὲ
530 1653 965 1724 παρακούοντας.
1903 1640 1915 1653 ’

412 1749 694 1815 Ἀριστοτ.
720 1777 789 1786 —
810 1746 902 1818 Μὴ
937 1745 1158 1825 ἔλαττον
1173 1745 1325 1816 κήγοῦ
1353 1745 1445 1800 τοῦ
1482 1745 1820 1800 ἐπαινεῖσθαι
1851 1745 1910 1797 τὸ

327 1838 722 1894 νουθετεῖσθαι.

400 1929 702 2001 Διογένης.
741 1959 809 1970 --
837 1929 1052 2002 Νεκρδν
1086 1929 1356 2002 ἰατρεύειν
1391 1930 1486 1984 καὶ
1520 1930 1753 2002 γέροντα
1783 1947 1908 1983 νου-

328 2023 523 2089 θετεῖν,
553 2023 750 2076 ταυτόν
791 2024 964 2077 ἐστιν.

398 2116 659 2182 Δημοσθ.
707 2113 1118 2180 Πυνθανομένου
1156 2114 1320 2177 τινὸς,
1360 2114 1476 2177 πῶς
1519 2114 1583 2168 ἄν
1605 2131 1688 2177 τις
1717 2111 1908 2166 ἑαυτοῦ

330 2203 652 2268 διδάσκαλος
683 2207 934 2275 γένηται,
961 2205 1129 2277 Εἴπερ
1173 2198 1247 2258 ὧν
1281 2187 1511 2276 ἐπιτιμᾷ
1562 2207 1676 2268 τοῖς
1710 2205 1908 2267 ἄλλοις,

335 2293 462 2367 ἔφη,
491 2295 587 2350 καὶ
617 2296 792 2367 ἑαυτῷ
825 2295 1095 2368 ὲπιτιμῴη
1133 2297 1388 2367 μάλιστα.

405 2467 739 2536 Δημητρίου
790 2471 1124 2538 Φαληρέως.
1160 2500 1229 2512 —-
1265 2471 1333 2523 Ἀ
1378 2471 1486 2541 γὰρ
1537 2472 1584 2523 οἰ
1620 2469 1762 2539 φίλοι
1801 2472 1914 2534 τοῖς

338 2555 717 2625 βασιλεύουσιν
750 2561 810 2612 ού
853 2559 1114 2630 θαρροῦσι
1141 2561 1451 2630 παραινεῖν,
1483 2558 1657 2611 ταῦτα
1700 2560 1759 2611 ἐν
1799 2561 1914 2622 τοῖς

338 2647 564 2717 βιὸλίοις
600 2650 934 2719 γέγραπται.
1132 2684 1148 2700 ι

409 2738 620 2810 Ὠσπερ
651 2739 710 2792 τὸ
741 2739 863 2810 μέλι
890 2741 958 2795 τὰ
982 2741 1274 2812 ἡλκωμένα
1319 2741 1524 2806 δάκνει,
1551 2744 1660 2805 τοῖς
1691 2742 1745 2795 δὲ
1772 2739 1914 2793 κατὰ

339 2829 501 2900 φύσιν
541 2832 640 2904 ἡδύ
672 2833 838 2886 ἐστιν·
871 2832 1014 2888 οὕτω
1044 2835 1140 2888 καὶ
1174 2837 1225 2888 οι
1278 2837 1341 2889 ἐκ
1376 2835 1696 2905 φιλοσοφίας
1741 2835 1911 2903 λύγοι.

995 3016 1039 3067 Ε
1043 3017 1267 3085 ὐριπίδ.

409 3105 722 3178 Ἀπαντέςί
749 3105 936 3174 ἐσμεν
975 3110 1062 3178 εἰς
1110 3109 1174 3162 τὸ
1224 3109 1530 3163 νουθετεῖν
1568 3111 1762 3178 σοφοί.

406 3177 588 3231 Αὐτοὶ
607 3177 659 3228 δ’
691 3176 836 3229 ὅταν
857 3176 1136 3246 ποιῶμεν,
1167 3181 1238 3234 οὐ
1267 3176 1660 3250 γινώσκομενζ

397 3288 624 3342 Αἰσὼπ.
673 3318 743 3330 --
785 3287 1037 3352 Αἴσωπος
1108 3288 1210 3359 ἔφη
1241 3329 1254 3353 ,
1302 3288 1394 3341 δύο
1457 3289 1637 3359 πήρας
1681 3288 1913 3351 ’ἕκαστος

337 3378 496 3450 ἡμῶν
532 3378 735 3450 φέρειν·
781 3379 881 3450 τὴν
915 3378 1031 3448 μὲν,
1067 3377 1398 3450 ἔμπροσθεν·
1427 3379 1524 3449 τὴν
1557 3380 1633 3441 δὲ,
1665 3379 1908 3432 ὄπισθεν·

337 3472 434 3524 καὶ
465 3473 562 3536 εἰς⁵
590 3471 688 3540 μὲν
723 3471 821 3540 τὴν
851 3469 1182 3540 ἔμπροσθεν,
1216 3471 1534 3524 ἁποτιθὲναι
1576 3471 1642 3526 τὰ
1674 3473 1782 3524 τῶν
1821 3472 1914 3526 ἆλ-

335 3561 445 3614 λων
470 3563 686 3631 ἁμαρτῆ
699 3577 865 3632 ματα·
903 3562 982 3625 εἰς
1007 3561 1064 3614 δὲ
1084 3561 1182 3632 τὴν
1207 3561 1452 3626 ὄπισθεν,
1472 3561 1540 3614 τὰ
1571 3561 1803 3616 ἑαυτῶν·
1834 3563 1915 3616 διὸ

337 3651 461 3704 οὒτε
487 3651 811 3722 καθορῶμεν
846 3653 1006 3706 αὑτά.

346 3805 350 3807 _
421 3743 788 3811 ’1σοκράτ.-
810 3743 1016 3813 Μηδενὶ
1043 3743 1265 3814 πονηρῷ
1295 3745 1582 3815 πράγματι
1612 3748 1750 3816 μήτε
1774 3764 1914 3818 παρ-

343 3831 532 3885 ἰστασο
565 3871 579 3893 ,
641 3833 781 3902 μήτε
837 3833 1162 3903 συνηγόρει·
1230 3833 1406 3897 δόξεις
1449 3833 1559 3904 γὰρ
1606 3835 1700 3888 καὶ
1751 3835 1918 3900 αὐτὸς

336 3925 560 3979 τοιαῦτα
585 3925 868 3996 πράττειν,
902 3928 950 3978 εἰ
988 3929 1101 3989 τοῖς
1136 3925 1319 3990 ἄλλοις
1343 3926 1644 3998 πράττουσι
1678 3923 1913 3999 βοηθεῖς.

428 4099 800 4168 Ἐπικτήτου.
819 4133 888 4142 -
910 4103 1013 4155 Τὸν
1039 4103 1394 4158 νουθετοῦντα
1439 4105 1522 4158 δεῖ
1569 4105 1788 4177 πρῶτον
1816 4105 1919 4176 τῆς

337 4185 451 4239 τῶν
487 4187 922 4259 νουθετουμένων
962 4190 1144 4255 αἰδοῦς
1186 4210 1244 4246 τε
1290 4195 1383 4248 καὶ
1431 4193 1694 4265 αἰσχύνης
1725 4196 1920 4266 ἐπιμε-

342 4276 572 4331 λεῖσθαι·
617 4280 668 4332 οἰ
691 4279 796 4352 γὰρ
821 4282 1324 4353 ἀπερυθριάσαντες
1354 4285 1699 4357 ἀδιόρθωτοι.

1935 3137 1984 3201 C

2011 553 2094 600 ter
2121 545 2399 615 collapsus
2426 551 2530 606 est,
2558 543 2666 597 alio
2699 552 2754 597 ct
2782 543 2899 613 ipse
2932 543 3024 614 qui
3053 543 3248 614 erigat,
3285 543 3513 614 indiget.

2079 723 2430 794 Theotogi.—
2463 724 2574 778 Nec
2623 723 2843 778 tristitia
2901 739 2965 780 ac
3027 723 3184 778 dolor
3230 724 3379 778 omni
3431 733 3588 780 vacat

2007 816 2403 880 consolatione,
2430 832 2534 870 nec
2564 831 2745 870 rerum
2772 817 3110 886 prosperitas
3139 817 3515 886 castigatione.

2081 907 2237 977 581
2273 906 2536 977 Chrysost.
2561 908 2732 961 —Nc
2765 907 2890 962 aliis
2927 908 3136 963 mederi
3169 916 3464 972 tentemus,
3491 908 3585 977 qui

2009 994 2110 1064 ipsi
2148 995 2428 1049 ulceribus
2449 1004 2778 1051 scateamus.

2085 1086 2224 1141 Utile
2275 1095 2358 1140 est
2408 1097 2701 1156 peccantes
2748 1088 3045 1143 verborum
3093 1090 3392 1144 acrimonia
3443 1105 3586 1142 mor-

2007 1174 2149 1241 deri,
2178 1187 2238 1230 ut
2265 1178 2379 1246 ipsa
2405 1194 2587 1232 rerum
2619 1178 2964 1248 turpitudine
2997 1180 3210 1248 possint
3233 1179 3479 1234 liberari.

2077 1353 2195 1409 Non
2233 1369 2376 1424 aegre
2421 1353 2661 1410 ferendae
2691 1363 2819 1409 sunt
2861 1354 3291 1411 admonitiones.
3340 1356 3396 1410 Si
3441 1356 3588 1410 enim

2007 1462 2149 1517 aegre
2186 1441 2428 1500 ferendae
2468 1456 2673 1511 essent,
2704 1464 2788 1501 me
2818 1464 2917 1518 par
2945 1458 3091 1503 esset
3119 1461 3260 1518 aegre
3301 1447 3468 1503 ferre.
3493 1449 3588 1516 qui

2009 1552 2152 1606 saepe
2182 1537 2383 1601 dicam,
2419 1545 2476 1590 et
2519 1552 2628 1590 non
2662 1538 2889 1604 audiar;
2928 1553 3038 1594 non
3078 1554 3196 1604 vos,
3239 1537 3334 1608 qui
3373 1553 3593 1607 semper

2009 1627 2267 1690 audiatis,
2304 1627 2398 1680 sed
2436 1642 2713 1695 nunquam
2747 1627 3078 1682 obaudiatis.

2082 1717 2605 1772 Aristotel.—Niltil
2651 1719 2834 1772 minus
2879 1719 3131 1773 existima
3173 1719 3376 1790 corripi
3428 1735 3589 1790 quam

1944 1797 1982 1854 Β
2011 1809 2248 1864 laudari.

2078 1901 2298 1971 Diogen.
2320 1933 2388 1940 —
2410 1901 2683 1957 Mortuum
2719 1916 2936 1967 sanare,
2967 1910 3023 1956 et
3056 1915 3246 1957 senem
3283 1903 3588 1974 corripere,

2008 1992 2156 2047 idem
2199 1993 2384 2047 fuerit.

2082 2085 2788 2139 Demost.—Pcreontante
2816 2083 3055 2152 quodam
3103 2099 3212 2153 quo
3258 2085 3384 2154 quis
3430 2085 3592 2140 modo

2010 2177 2116 2231 sibi
2165 2175 2280 2246 ipse
2313 2186 2620 2245 prmceptor
2662 2175 2902 2229 evaserit
2947 2174 3064 2239 :Si,
3114 2176 3314 2245 inquit,
3364 2193 3485 2246 qua:
3540 2179 3591 2232 in

2011 2267 2134 2321 aliis
2193 2267 2570 2337 reprehendit,
2625 2266 2679 2320 in
2738 2281 2796 2321 se
2836 2281 3054 2335 quoque
3117 2267 3350 2322 maxime
3410 2285 3596 2339 reprc-

2012 2359 2238 2414 hendaL

2083 2452 2379 2505 Demetrius
2408 2449 2678 2504 Phalerea.
2703 2482 2773 2490 —
2794 2451 2870 2506 Ea
2907 2451 3052 2506 enim
3091 2452 3160 2507 de
3194 2452 3398 2523 quibus
3431 2453 3593 2512 amici

2012 2560 2168 2614 reges
2204 2543 2504 2598 admonere
2550 2559 2661 2598 non
2707 2543 2932 2609 audent,
2983 2545 3036 2598 in
3083 2545 3242 2600 libris
3277 2547 3483 2616 scripta
3514 2548 3595 2619 ja-

2013 2643 2162 2690 cent.

2083 2723 2553 2788 Quemadmodum
2591 2722 2696 2775 mel
2732 2723 3075 2779 exulceratas
3123 2734 3310 2794 partes
3356 2727 3592 2793 mordet,

2014 2814 2161 2868 sanis
2192 2825 2373 2868 autem
2409 2829 2578 2868 suave
2625 2823 2710 2868 est
2742 2831 2756 2866 :
2783 2815 2865 2870 sic
2902 2823 2958 2870 et
2989 2816 3350 2886 philosophia:
3385 2835 3594 2874 sermo-

2013 2919 2113 2958 nes
2148 2919 2211 2958 ac
2253 2903 2605 2959 documenta.

2676 2996 2924 3067 Euripid.

2155 3087 2346 3160 anes
2375 3090 2636 3158 sapientes
2662 3105 2843 3143 sumus
2866 3097 2922 3142 ut
2948 3090 3320 3160 corripiamus.

2155 3159 2261 3212 Nos
2287 3175 2406 3212 vero
2430 3176 2546 3212 cum
2577 3161 2872 3228 fecerimus,
2901 3176 3003 3213 non
3033 3163 3386 3230 agnoscimus.

2081 3273 2263 3344 Αἰδορ.
2293 3272 2579 3327 —Aiebat
2622 3271 2859 3342 JEsopus
2913 3271 3117 3327 habere
3165 3273 3410 3343 singulos
3458 3273 3598 3330 duas

2012 3379 2195 3434 peras,
2231 3364 2460 3418 alteram
2505 3369 2654 3427 ante,
2692 3363 2924 3416 alteram
2973 3369 3150 3428 retro;
3177 3378 3242 3417 ac
3272 3363 3494 3433 quidem
3539 3365 3596 3419 in

2013 3456 2278 3524 anteriori
2318 3469 2589 3523 reponere
2641 3453 2878 3508 aliorum
2924 3453 3157 3519 delicta,
3203 3453 3259 3508 in
3302 3456 3597 3524 posteriori

2013 3562 2169 3612 vero,
2204 3561 2342 3601 sua:
2373 3552 2540 3615 atque
2568 3559 2689 3598 eam
2733 3544 2804 3599 ob
2831 3559 2970 3610 rem,
3007 3559 3112 3599 nec
3151 3545 3369 3601 oculate
3406 3561 3471 3600 ea
3510 3547 3596 3602 vi-

2015 3638 2231 3693 demus.

2086 3711 2356 3781 Isocratis.
2379 3724 2615 3780 -.-Nulli
2646 3723 2801 3780 malae
2831 3723 2910 3778 rei
2939 3733 3034 3780 aut
3065 3728 3412 3797 prresentiam
3439 3728 3596 3783 exhi-

2016 3815 2168 3880 beas,
2203 3823 2299 3869 aut
2338 3815 2580 3870 favorem
2619 3813 2864 3883 pradicas
2910 3823 3075 3884 atque
3116 3815 3394 3872 defendas.
3430 3818 3598 3873 Vide-

2017 3907 2164 3962 beris
2190 3906 2336 3960 enim
2364 3905 2480 3975 ipse
2517 3905 2643 3959 talia
2671 3918 2854 3975 agere,
2882 3905 2928 3960 si
2967 3905 3090 3961 aliis
3128 3907 3222 3977 qui
3251 3916 3413 3978 agant
3439 3909 3597 3962 auxi-

2016 3999 2092 4053 lio
2138 3995 2330 4054 fueris.

2089 4090 2339 4160 Epicteti.
2364 4087 2555 4154 —Qui
2586 4087 2656 4143 sit
2686 4094 3065 4158 correpturos,
3106 4087 3159 4143 id
3191 4088 3246 4142 in
3277 4089 3469 4158 primis
3499 4103 3599 4144 cu-

2019 4197 2140 4236 rare
2169 4180 2354 4245 debet,
2385 4187 2447 4234 ut
2487 4195 2679 4235 eorum
2721 4179 2815 4249 qui
2855 4179 2968 4234 sint
3010 4178 3367 4248 corripiendi,
3400 4181 3598 4248 pudori

2020 4289 2084 4329 ac
2109 4271 2457 4328 verecundia:
2500 4271 2774 4327 consulat.
2817 4270 2922 4336 Qui
2950 4271 3098 4325 enim
3133 4271 3300 4326 'semel
3331 4271 3600 4342 pudorem

2021 4365 2326 4430 amiserint,
2357 4365 2507 4421 nullo
2535 4363 2698 4419 modo
2723 4363 3006 4418 emendari
3037 4372 3289 4432 possunt.
3359 4371 3368 4381 '

414 4461 678 4530 Κρεῖττον
706 4463 767 4516 τὸ
798 4463 1070 4518 νουθετεῖν
1097 4466 1190 4519 τοῦ
1234 4467 1531 4532 ὀνειδίζειν·
1560 4467 1620 4521 τὸ
1650 4467 1748 4538 μὲν
1778 4466 1907 4537 γὰρ,

2089 4457 2314 4511 Praestat
2339 4457 2635 4510 admonere
2659 4470 2723 4510 ac
2747 4455 3049 4524 corripere,
3074 4470 3238 4525 quam
3263 4455 3599 4525 exprobrare

341 4553 504 4621 ῆπιύν
541 4571 598 4606 τε
631 4555 727 4606 καὶ
759 4556 931 4624 φίλον·
964 4557 1025 4610 τὸ
1068 4557 1144 4619 δὲ,
1177 4559 1410 4632 σκληρὸν
1447 4560 1543 4613 καὶ
1579 4559 1916 4630 ὑϐριστικόν·

344 4646 523 4698 καὶτὸ
550 4647 648 4716 μὲν
674 4647 881 4720 διορθοί
919 4648 1045 4712 τοὺς
1073 4649 1513 4720 ἁμαρτάνοντας,
1551 4649 1612 4702 τὸ
1644 4649 1722 4714 δὲ,
1759 4651 1920 4720 μόνον

343 4736 641 4807 ἐξελέγχει.

455 4915 804 4980 Ἐμπεδοκλ.
831 4916 1264 4986 -Ἐρωτηθείς,
1294 4917 1438 4971 διατί
1470 4917 1675 4987 σφόδρα
1707 4919 1915 4985 ἀγανα-

342 5005 491 5066 κτεῖς
532 5005 713 5068 κακῶς
760 5006 1010 5070 ἀκούων,
1044 5006 1168 5075 ἔφη,
1202 5009 1324 5061 Ὅτι
1368 5008 1490 5060 οὐδὲ
1526 5009 1919 5080 ἐπαινούμενος

343 5092 700 5164 αἰσθήσομαι,
731 5097 779 5149 εἰ
815 5096 889 5167 μὴ
920 5097 1103 5160 κακῶς
1133 5098 1345 5152 ἁκούων
1370 5097 1700 5170 ἀχθήσομαι.

925 5385 1136 5438 ΛΟΓΟΣ
1193 5386 1269 5441 IZ'
1287 5391 1352 5443 ’⁵.

626 5471 767 5537 Περί
802 5474 1074 5542 παιδείας
1103 5479 1200 5531 καὶ
1251 5483 1636 5549 φιλοσοφίας.

433 5555 612 5616 Ἰωὰν.
661 5561 799 5621 (".—
847 5565 1038 5629 ’Ἀνέϐη
1068 5568 1097 5620 ὁ
1149 5571 1355 5641 Ἰησοῦς
1402 5573 1481 5635 εἰς
1531 5572 1593 5626 τὸ
1643 5575 1922 5652 ἱερὸν,καὶ

418 5710 468 5744 ³⁸
497 5710 556 5767 In
587 5713 752 5770 Gesn.
787 5717 942 5772 Stob.
972 5716 1096 5775 ‘216.

2016 4562 2080 4602 ac
2111 4547 2453 4602 conviciari:
2481 4545 2617 4600 illud
2654 4547 2804 4601 enim
2845 4546 3091 4601 lenitatis
3127 4557 3183 4601 et
3206 4546 3462 4600 amicitia:
3486 4547 3601 4616 plc-

2016 4653 2150 4693 num
2194 4647 2298 4701 est,
2344 4637 2453 4692 hoc
2492 4651 2626 4691 vero
2668 4637 2930 4691 acerbum
2971 4645 3028 4691 et
3073 4637 3539 4691 contumeliosum
3582 4655 3596 4691 :

2016 4739 2178 4799 atque
2208 4723 2377 4798 prius
2404 4726 2629 4796 quidem
2677 4736 2966 4797 peccantes
3008 4728 3256 4798 corrigit.
3311 4727 3419 4782 hoc
3464 4744 3600 4783 vero

2017 4823 2194 4878 solum
2244 4818 2546 4889 redarguit.

2096 4909 2400 4983 Empedocl.
2441 4939 2512 4949 ——
2551 4909 2926 4978 Interrogatus
2989 4924 3090 4963 cur
3153 4909 3296 4964 male
3370 4909 3602 4964 audiens

2022 5005 2188 5060 etiam
2221 5011 2384 5073 atque
2413 5002 2576 5057 etiam
2622 4986 2845 5072 indigne
2872 5000 3041 5055 ferret
3069 5017 3083 5055 :
3111 5000 3271 5068 Quia,
3300 5000 3498 5072 inquit,
3531 5017 3601 5055 ne

2022 5093 2215 5150 laudes
2243 5092 2462 5163 quidem
2497 5090 2754 5155 sentiam,
2788 5089 2896 5145 nisi
2937 5090 3078 5145 male
3104 5090 3340 5147 audiens
3372 5091 3602 5147 moleste

1960 5246 1964 5250 ν
2024 5185 2217 5241 feram.

2603 5390 2831 5448 SERMO
2869 5392 3030 5448 XVII.

2030 5488 2191 5560 582
2238 5487 2313 5542 De
2352 5487 2632 5559 disciplina
2681 5505 2773 5541 seu
2811 5486 3107 5541 eruditione
3155 5494 3204 5538 et
3254 5484 3598 5556 philosophia.

2099 5581 2261 5635 Joan.
2295 5597 2386 5648 vn,
2427 5581 2510 5661 M.
2536 5579 2882 5636 ——Ascendit
2911 5579 3069 5635 Jesus
3116 5577 3181 5633 ad
3230 5578 3514 5650 templum,
3547 5585 3604 5634 et
