4066 6146
471 384 580 453 839

1631 394 1690 454 S.
1733 386 2016 452 ΜΑΧΙΜΙ
2055 386 2561 453 CONFESSORIS

3637 395 3745 460 820

487 513 716 569 decebat
766 511 975 567 turbas.
1022 508 1363 563 Mirabantur
1411 515 1593 561 autem
1628 493 1822 568 Iudici,
1874 504 2058 557 dicen-

2168 505 2411 561 ὲδίόασκε
2468 509 2594 569 τοὺς
2646 507 2857 577 ὄχλους.
2918 508 3259 579 Ἐθαύμαζον
3285 510 3339 562 δὲ
3372 510 3418 562 οἱ
3462 510 3732 577 Ἰουδαῖοι,

481 603 916 671 teszQuomodo
964 602 1056 656 hic
1114 601 1220 657 scit
1260 601 1501 665 litteras,
1556 614 1681 654 cum
1745 612 1857 650 non
1917 594 2058 649 didi-

479 695 617 751 cerit
630 695 654 738 "

547 786 578 840 1
601 785 723 842 Cor.
756 802 834 850 ιιι,
862 785 951 840 18.
972 817 1041 826 -
1064 785 1119 841 Si
1144 786 1268 855 quis
1292 784 1510 840 videtur
1537 784 1684 838 inter
1718 797 1814 837 vos
1841 782 2058 850 sapiens

477 892 599 933 esse
645 877 701 931 in
745 877 852 932 hoc
896 878 1125 943 saeculo,
1166 878 1370 932 stultus
1418 875 1542 940 ﬂat,
1592 883 1652 928 ut
1700 875 1769 928 sit
1815 874 2054 943 sapiens.

481 967 759 1038 Sapientia
806 968 956 1023 enim
1012 968 1175 1039 hujus
1233 967 1448 1033 mundi,
1502 966 1732 1021 stultitia
1790 974 1876 1021 est
1912 965 2058 1039 apud

480 1059 678 1116 Deum.

547 1150 707 1206 Prov.
744 1168 782 1214 ι,
811 1152 900 1205 20.
923 1182 991 1191 —
1014 1151 1294 1221 Sapientia
1327 1151 1385 1206 in
1410 1150 1514 1207 viis
1539 1150 1756 1214 clamat,
1783 1158 1839 1204 et
1865 1148 1919 1203 in
1942 1149 2059 1218 pla-

483 1241 586 1297 teis
620 1244 799 1313 palam
836 1242 967 1314 agit.

555 1333 719 1388 Eccli.
764 1351 911 1401 xxvi,
944 1335 1263 1391 i8.—Non
1305 1343 1390 1390 est
1428 1334 1784 1390 commutatio
1826 1331 2057 1388 erudita:

481 1424 698 1479 animae.

499 1513 947 1591 Eccli.v1,18,l9.
971 1544 1040 1554 ——
1061 1513 1188 1580 Fili,
1217 1515 1273 1570 in
1298 1514 1586 1585 iuventute
1632 1521 1726 1567 tua
1757 1511 1921 1582 dilige
1961 1508 2059 1565 do.

481 1592 716 1661 ctrinam
748 1625 760 1659 :
790 1614 846 1661 et
884 1606 1028 1662 sicut
1065 1606 1161 1677 qui
1203 1614 1324 1661 arat
1367 1614 1425 1660 et
1470 1605 1724 1668 seminat,
1769 1602 1966 1658 accede
1989 1601 2059 1657 ad

480 1710 624 1760 eam,
655 1707 712 1751 et
735 1696 950 1752 fructus
980 1698 1103 1769 ejus
1126 1698 1301 1752 bonos
1333 1696 1563 1752 sustine.

549 1787 850 1845 Basilii.'-—
866 1790 1061 1846 Melius
1080 1798 1164 1846 est
1182 1805 1245 1844 ac
1267 1787 1696 1853 conducibilius,
1724 1801 1847 1841 cum
1874 1785 2061 1840 idiotas

482 1894 547 1936 ac
594 1880 834 1952 imperiti
873 1881 1065 1945 simus,
1106 1897 1207 1953 per
1258 1881 1583 1936 charitatem
1625 1880 1738 1934 Deo
1779 1878 2057 1948 proximos

482 1968 624 2036 ﬁeri,
678 1987 841 2042 quam
884 1974 977 2043 qui
1024 1972 1196 2028 multa
1244 1971 1474 2027 scientia
1524 1985 1819 2039 rerumque
1861 1969 2059 2038 peritia

482 2062 697 2134 praediti
721 2064 1028 2132 videamur,
1054 2064 1113 2120 in
1153 2064 1447 2121 Dominum
1482 2071 1734 2119 nostrum
1763 2060 2059 2115 maledicos

481 2154 771 2212 exsistere.
1416 2140 1419 2145 ’

552 2247 772 2303 Similes
806 2254 935 2303 sunt
977 2248 1153 2304 oculis
1183 2254 1421 2312 noctuae,
1462 2242 1557 2316 qui
1597 2258 1820 2314 operam
1858 2241 2063 2297 otium-

482 2350 591 2408 que
620 2346 930 2409 posuerunt
971 2337 1120 2392 inani
1150 2336 1452 2405 sapientiai.
1479 2334 1615 2389 Nam
1657 2341 1713 2387 et
1740 2331 1889 2386 illius
1914 2330 2060 2385 oculi

482 2436 652 2483 noctu
699 2428 912 2483 robusti
958 2434 1115 2494 sunt;
1162 2426 1423 2481 illucente
1486 2432 1666 2478 autem
1708 2423 1846 2488 sole,
1891 2421 2061 2476 hebe-

482 2530 666 2576 scunt.
697 2520 903 2575 Horum
936 2534 1156 2590 quoque
1189 2533 1365 2583 mens,
1413 2516 1657 2571 inanium
1701 2530 1886 2569 rerum
1930 2528 2061 2568 con-

485 2609 840 2680 templatione
874 2608 1187 2664 acutissima
1218 2613 1331 2671 est;
1362 2620 1506 2660 verae
1542 2612 1727 2660 autem
1766 2602 1905 2658 lueis
1931 2617 2063 2659 con-

485 2703 820 2760 sideratione
848 2701 1082 2756 obscura
1108 2712 1173 2753 ac
1199 2696 1391 2753 hebes.

556 2877 820 2948 Tlieotogi.
837 2906 907 2915 —
924 2874 1277 2944 Exploratum
1300 2870 1554 2925 existimo
1583 2870 1729 2939 apud
1750 2883 1943 2924 omnes
1964 2868 2061 2938 qui

484 2968 688 3025 mentis
723 2973 1003 3036 compotes
1046 2971 1194 3029 sunt,
1240 2977 1361 3018 esse
1394 2959 1739 3029 disciplinam
1773 2959 2061 3032 (eruditio-

485 3072 632 3124 nem,
656 3055 891 3127 litteras)
918 3055 1162 3109 omnium
1196 3068 1317 3124 qua:
1360 3051 1416 3105 in
1448 3050 1763 3107 hominibus
1793 3050 1936 3106 bona
1965 3050 2061 3104 ba-

483 3149 706 3215 bentur,
735 3148 996 3219 primum.

550 3241 655 3309 Qui
685 3239 984 3318 eruditipni
1019 3239 1327 3308 litterisque
1369 3238 1623 3303 studetis,
1655 3252 1725 3291 ne
1755 3237 1877 3306 plus
1898 3248 2055 3303 aquo

480 3333 681 3389 litteris
711 3332 924 3399 ﬁdatis;
961 3347 1063 3387 nec
1081 3331 1353 3402 superﬂue
1378 3345 1651 3402 supraque
1680 3328 1911 3384 rationis
1941 3341 2056 3380 mo-

480 3425 611 3480 dum
640 3422 881 3495 argutari
920 3422 1103 3486 velitis
1132 3439 1145 3475 :
1180 3438 1283 3477 nec
1322 3423 1526 3492 ubique
1559 3420 1808 3492 improbe
1837 3419 2057 3473 vincere

480 3517 735 3589 cupiatis,
783 3514 881 3571 sed
914 3523 1000 3571 est
1033 3514 1254 3587 quando
1300 3516 1467 3571 etiam
1488 3515 1720 3571 honeste
1748 3514 1896 3569 vinei
1938 3527 2058 3567 sus~

483 3609 722 3666 tineatis.

550 3722 816 3792 Princeps
865 3720 1157 3792 sapientia,
1203 3722 1313 3777 vita
1361 3722 1654 3778 laudabilis
1700 3686 1919 3777 ei'pco
1962 3735 2059 3775 ex.

482 3814 652 3888 piata.

552 3926 735 3982 Prima
763 3928 1030 4000 sapientia
1068 3936 1422 3985 contemnere
1452 3927 1801 3999 sapientiam,
1829 3940 1951 3996 quae
1999 3924 2056 3980 in

480 4032 736 4077 sermone
777 4027 833 4074 et
862 4019 1158 4074 verborum
1201 4019 1460 4089 strOphis,
1489 4033 1593 4072 nec
1615 4032 1727 4071 non
1756 4014 1957 4085 spuriis
1993 4029 2057 4069 ac

481 4109 775 4179 superantis
800 4109 1112 4180 Opponcndi
1168 4125 1368 4180 genere
1414 4109 1751 4179 argumentis
1797 4108 1899 4162 sita
1949 4115 2053 4162 est.

480 4200 701 4256 Utinam
730 4215 861 4255 vero
892 4199 1027 4253 mihi
1056 4198 1219 4255 liceat
1244 4200 1486 4268 quinque
1515 4199 1682 4254 verba
1706 4199 1858 4268 loqui
1884 4198 1941 4252 in
1965 4213 2057 4253 ec—

480 4290 647 4345 clesia
669 4305 794 4344 cum
823 4287 1129 4355 intellectu,
1152 4303 1317 4358 quam
1360 4288 1549 4345 decem
1578 4289 1748 4345 millia
1780 4288 1837 4346 in
1870 4290 2057 4364 lingua

481 4382 524 4451 (Ι
549 4381 679 4438 Cor.
711 4397 822 4445 xw,
869 4382 977 4454 19).
1428 4370 1433 4375 ’

2164 595 2437 664 λέγοντες,
2492 598 2616 661 Πῶς
2668 592 2824 662 οὗτος
2874 595 2981 652 οἶδε
3014 601 3340 670 γράμματα,
3371 600 3447 671 μὴ
3486 603 3737 674 μεμαθη-

2163 690 2271 754 κώς
2288 705 2305 757 ;

2225 786 2287 836 A'
2321 787 2459 851 Kop.
2490 781 2561 851 γ’.
2596 812 2666 822 -
2708 782 2775 837 Ei'
2793 800 2874 845 τις
2906 783 3055 841 δοκεῖ
3101 783 3264 851 σοφὸς
3294 777 3431 837 εἶναι
3476 785 3536 835 ἐν
3585 785 3737 855 ὑμῖν,

2162 878 2219 930 ἐν
2270 877 2347 946 τῷ
2403 876 2560 933 αἰῶνι
2608 878 2806 948 τούτῳ,
2857 877 3037 948 μωρὸς
3085 875 3337 945 γινέσθω,
3385 876 3472 929 ἵνα
3508 878 3737 949 γένηται

2163 977 2347 1037 σοφός.
2388 968 2453 1021 Ἦ
2492 970 2599 1039 γὰρ
2627 970 2789 1038 σοφία
2808 968 2902 1023 τοῦ
2934 969 3141 1038 κόσμου
3170 967 3382 1032 τούτου,
3413 968 3596 1040 μωρία
3628 987 3734 1023 πα-

2165 1060 2234 1131 ρὰ
2263 1061 2342 1129 τῷ
2371 1058 2493 1131 Θεῷ
2522 1063 2689 1117 ἐστιν.
2839 1061 2849 1071 ’

2233 1155 2480 1221 Παροιμ.
2512 1158 2677 1206 a'.--
2706 1151 2875 1221 Σοφία
2918 1154 2975 1204 ὲν
3014 1151 3214 1218 ἐξόδοις
3261 1151 3530 1221 ὑμνεῖται,
3578 1155 3636 1204 ἐν
3675 1153 3733 1207 δὲ

2161 1242 2443 1305 πλατείαις
2481 1242 2790 1314 παρρησίαν
2818 1244 2962 1311 ἄγει.

2229 1336 2413 1403 Σιρὰχ
2460 1338 2577 1397 κζ’.
2610 1363 2678 1375 --
2715 1333 2831 1401 Οὐκ
2862 1335 3008 1387 ἐστιν
3047 1333 3404 1404 ἀντάλλαγμα
3444 1334 3595 1387 οὐδὲν
3638 1352 3734 1388 πε-

2162 1426 2531 1497 παιδευμένης
2557 1425 2754 1496 ψυχῆς.

2232 1521 2415 1588 Σιρὰχ
2472 1518 2548 1584 ς’.
2584 1547 2652 1558 -
2690 1518 2891 1570 Τέκνον
2942 1518 3000 1570 ὲν
3075 1516 3290 1587 νεότητί
3337 1534 3431 1570 σου
3484 1518 3727 1584 ὲπίλεξαι

2160 1610 2427 1665 παιδείαν·
2462 1609 2556 1662 καὶ
2598 1608 2673 1673 ὡς
2716 1607 3021 1681 άῤῥοτριῶν
3061 1608 3153 1662 καὶ
3197 1608 3436 1679 σπείρων
3463 1609 3726 1679 πρόσελθε

2159 1702 2334 1773 αὐτῇ,
2379 1702 2472 1756 καὶ
2502 1700 2743 1771 ἀνάμενε
2796 1700 2923 1763 τοὺς
2971 1700 3211 1769 ἀγαθοὺς
3262 1702 3505 1772 καρποὺς
3534 1703 3726 1771 αὐτῆς.

2231 1792 2575 1845 Βασιλείου.
2606 1820 2677 1832 -ι
2701 1792 2956 1859 ’Ἄμεινον
2995 1788 3090 1843 καλ⁵
3134 1787 3557 1861 συμφερώτερον
3591 1792 3733 1843 ἰδιώ-

2158 1902 2255 1948 τας
2286 1884 2383 1938 καὶ
2425 1882 2777 1953 ὀλιγομαθεῖς
2810 1882 3101 1952 ὑπάρχειν,
3141 1883 3235 1934 καὶ
3259 1883 3347 1936 διὰ
3381 1882 3481 1952 τῆς
3511 1885 3732 1953 ἀγάπης

2158 1975 2385 2046 πλησίον
2432 1973 2690 2043 γενέσθαι
2719 1973 2813 2027 τοῦ
2857 1971 3016 2036 Θεοῦ,
3055 1973 3088 2043 ἢ
3122 1972 3455 2043 πολυμαθεῖς
3487 1975 3583 2027 καὶ
3629 1976 3731 2045 ἑμ-

2159 2067 2384 2138 πείρους
2411 2066 2703 2128 δοκοῦντας
2723 2059 2883 2129 εἶναι,
2909 2063 3266 2134 βλασφήμους
3301 2066 3378 2128 είς
3401 2065 3492 2119 τὸν
3521 2065 3730 2119 ἑαυτῶν

2158 2158 2504 2231 εὑρίσκεσθαι
2535 2159 2598 2210 Δε
2608 2156 2829 2225 σπότην.

2228 2250 2337 2304 Τοῦ
2361 2248 2568 2303 αὐτοῦ.
2597 2279 2667 2289 —
2704 2248 2944 2301 Ἐοίκασι
2974 2248 3087 2309 τοῖς
3111 2247 3411 2317 ὀφθαλμοῖς
3444 2249 3542 2319 τῆς
3565 2248 3731 2317 γλαύ.

2160 2360 2281 2413 κης,
2314 2342 2361 2395 oi
2396 2342 2523 2412 περὶ
2565 2340 2665 2411 τὴν
2708 2338 2945 2410 ματαίαν
2980 2339 3174 2406 σοφίαν
3195 2340 3582 2411 ἠσχοληκότες.
3620 2342 3730 2395 Καὶ

2159 2433 2268 2504 γὰρ
2300 2432 2515 2503 ἐκείνης
2547 2433 2599 2484 αἱ
2627 2430 2781 2495 ὄψεις
2819 2430 3013 2493 νυκτὸς
3043 2429 3144 2499 μὲν
3170 2430 3461 2501 ἔρρωνται·
3491 2433 3643 2505 ἡλίου
3673 2433 3730 2486 δὲ

2159 2524 2493 2594 λάμψαντος,
2542 2520 2939 2593 ἀμαυροῦνται.
2988 2522 3100 2575 Καὶ
3142 2521 3347 2575 τούτων
3397 2524 3430 2592 ἡ
3479 2525 3729 2591 διάνοια,

2159 2616 2393 2686 ὀξυτάτη
2429 2615 2527 2685 μὲν
2581 2613 2716 2684 πρὸς
2758 2611 2858 2682 τὴν
2898 2610 3001 2681 τῆς
3050 2612 3406 2681 ματαιότητος
3456 2612 3723 2682 θεωρίανο

2160 2708 2298 2780 πρὸς
2334 2706 2391 2759 δὲ
2427 2706 2527 2778 τὴν
2567 2704 2661 2762 τοῦ
2709 2701 2964 2775 ἀληθινοῦ
3020 2703 3191 2772 φωτὸς
3233 2704 3579 2772 κατανόησιν,
3629 2703 3721 2768 ἐξ.

2159 2797 2525 2869 αμαυροῦται.

2230 2890 2548 2958 Θεολόγου.
2592 2918 2662 2927 -
2689 2885 2857 2958 Οἶμαι
2904 2887 2962 2940 δὲ
3016 2888 3184 2941 πᾶσιν
3234 2886 3301 2940 ἂν
3347 2884 3727 2955 ὁμολογεῖσθαι

2157 2981 2268 3035 τῶν
2297 2979 2423 3034 νοῦν
2473 2979 2730 3049 ἐχόντων,
2778 2978 2876 3050 τὴν
2935 2978 3217 3033 παίδευσιν
3263 2978 3370 3031 τῶν
3411 2979 3540 3049 παρ’
3571 2976 3733 3049 ἡμῶν

2158 3070 2378 3141 ἀγαθῶν
2408 3065 2551 3124 εἶναι
2576 3070 2636 3124 τὸ
2669 3069 2905 3140 πρῶτον.

2227 3248 2290 3300 Οἱ
2320 3245 2448 3318 περὶ
2470 3245 2684 3314 λόγους,
2719 3247 2792 3317 μὴ
2844 3246 3049 3316 σφόδρα
3087 3248 3203 3310 τοῖς
3247 3246 3428 3313 λόγοις
3451 3248 3727 3319 θαρρεῖτε,

2163 3340 2298 3411 μηδὲ
2325 3339 2613 3408 σοφίζεσθε
2642 3338 2880 3409 περισσὰ
2907 3339 3001 3391 καὶ
3035 3338 3177 3409 ὑπὲρ
3201 3339 3382 3406 λόγον’
3412 3341 3548 3409 μηδὲ
3573 3340 3728 3409 νικᾷν

2158 3433 2475 3501 ἐπιθυμεῖτε
2507 3431 2683 3485 πάντα
2718 3431 2923 3496 κακῶς·
2956 3431 3070 3484 ἀλλ’
3101 3430 3249 3486 ἔστιν
3279 3431 3315 3486 ἃ
3340 3432 3436 3487 καὶ
3464 3433 3726 3503 ἡττᾶσθαι

2158 3522 2337 3587 καλῶς
2367 3521 2647 3593 ἀνέχεσθε.

2231 3725 2399 3795 Σοφία
2440 3723 2655 3797 πρώτη,
2697 3722 2811 3793 βίος
2856 3721 3137 3787 ἐπαινετὸς
3172 3725 3266 3778 καὶ
3291 3724 3411 3796 Θεῷ
3449 3727 3727 3798 κεκαθαρ-

2161 3818 2341 3889 μένος.

2228 3932 2399 4001 Σοφία
2431 3934 2622 4007 πρώτη
2660 3936 2849 4004 σοφίας
2883 3936 3177 4007 ὕπερορᾷν,
3206 3935 3304 4001 τῆς
3347 3934 3407 3987 ἐν
3434 3933 3582 4002 λόγῳ
3618 3949 3731 3985 κειο

2161 4024 2329 4097 μένης
2363 4026 2458 4079 καὶ
2494 4031 2752 4097 στροφαῖς
2788 4027 3008 4093 λέξεων,
3042 4028 3135 4080 καὶ
3165 4029 3284 4087 ταῖς
3323 4025 3608 4092 κιδδήλαις
3637 4022 3731 4076 καὶ

2158 4122 2445 4189 περιτταῖς
2490 4118 2850 4173 ἀντιθέσεσιν.
2898 4118 3053 4188 Ἐμοὶ
3091 4118 3147 4171 δὲ
3193 4117 3403 4185 γένοιτο
3451 4115 3612 4167 πέντε
3642 4114 3727 4165 λὸ·

2158 4225 2291 4277 γους
2321 4211 2378 4263 ὲν
2406 4209 2676 4282 ἐκκλησίᾳ
2713 4211 2895 4264 λαλεῖν
2934 4209 3072 4281 μετὰ
3116 4210 3406 4273 συνέσεως,
3439 4206 3472 4277 ἢ
3504 4206 3730 4277 μυρίους

2158 4301 2218 4353 ὲν
2252 4300 2495 4373 γλώσσῃ.

547 4495 736 4566 Neque
770 4498 918 4552 enim
948 4498 1043 4568 qui
1078 4498 1133 4552 in
1171 4496 1353 4556 verbis
1400 4496 1619 4567 sapiens
1661 4503 1765 4562 est,
1797 4494 1887 4551 ille
1919 4493 2054 4551 milii

2232 4499 2307 4552 Οὐ
2356 4497 2463 4567 γάρ
2493 4499 2521 4550 ὀ
2546 4499 2603 4550 ἐν
2649 4497 2831 4564 λόγοις
2862 4496 3045 4566 σοφὸς.
3080 4488 3236 4557 οὗτός
3284 4511 3372 4563 μοι
3416 4493 3597 4559 σοφὸς.
3625 4490 3730 4544 οὐδ’

476 4583 703 4652 sapiens
745 4591 859 4650 est;
901 4601 1080 4656 neque
1123 4585 1285 4656 583
1327 4585 1419 4641 ille
1463 4585 1559 4656 qui
1605 4586 1791 4656 lingua
1830 4584 2053 4655 quidem

476 4673 742 4739 volubili,
799 4684 854 4730 at
905 4677 1240 4733 inconstanti
1294 4677 1479 4732 animo
1526 4692 1591 4731 ac
1643 4676 2055 4746 indisciplinato

478 4763 743 4835 praiditus
771 4772 857 4819 est
885 4784 898 4821 :
931 4766 1028 4821 sed
1063 4767 1109 4821 si
1138 4768 1261 4836 quis
1292 4783 1466 4837 pauca
1513 4763 1583 4820 de
1625 4766 1829 4823 virtute
1870 4765 2055 4835 loqui-

480 4866 590 4924 tur,
623 4857 795 4913 multa
823 4874 957 4913 vero
982 4858 1163 4927 reipsa
1194 4866 1434 4928 praestat,
1464 4867 1627 4927 atque
1660 4858 1924 4913 doctrina:
1944 4859 2055 4912 vita

479 4951 744 5022 [actisque
778 4951 943 5006 ﬁdem
969 4950 1247 5007 conciliat.
1278 4952 1506 5007 Praestat
1550 4966 1785 5020 namque
1813 4952 2055 5023 subjecta

480 5042 660 5098 oculis
706 5041 1097 5112 pulchritudo,
1129 5057 1294 5111 quam
1341 5042 1591 5097 oratione
1622 5040 1917 5112 verbisque
1964 5041 2058 5097 de-

482 5134 714 5205 scripta;
741 5150 805 5189 ac
834 5149 958 5203 quae
993 5134 1249 5189 manibus
1271 5143 1565 5188 teneantur
1595 5133 1820 5199 divitiae,
1849 5136 2058 5205 ejusce-

483 5227 631 5281 modi
653 5226 881 5293 divitiis,
900 5242 1022 5305 qua
1046 5227 1157 5282 sint
1185 5243 1335 5282 mera
1359 5224 1755 5282 insomniorum
1779 5228 2053 5298 ﬁgmenta.

485 5316 762 5388 Sapientia
789 5318 1048 5389 denique,
1082 5334 1193 5373 non
1222 5334 1343 5389 quae
1375 5334 1626 5374 sermone
1660 5335 1922 5389 pompam
1964 5319 2060 5372 lia-

484 5408 635 5475 beat,
660 5409 753 5467 sed
791 5425 912 5481 quae
939 5409 1200 5479 operibus
1228 5409 1299 5464 sit
1332 5409 1685 5479 comprobata
1712 5428 1724 5462 :
1756 5408 2059 5465 Intellectus

485 5500 654 5566 enim,
680 5502 880 5573 inquit,
911 5501 1073 5555 bonus
1107 5499 1346 5556 omnibus
1388 5500 1697 5571 facientibus
1731 5518 1847 5554 eum
1893 5500 2057 5570 (Psal.

471 5590 714 5662 cxde),
742 5608 855 5647 non
882 5599 1067 5646 autem
1092 5591 1243 5648 vocis
1267 5589 1540 5662 praeconio
1562 5591 1988 5647 celebrantibus.
2036 5639 2048 5646 .

560 5700 668 5756 Aut
690 5702 837 5759 enim
866 5701 1172 5757 exercenda
1214 5701 1566 5772 philosophia
1601 5711 1704 5767 est,
1748 5703 2059 5758 autlionori

492 5790 763 5864 habenda,
785 5794 828 5852 si
859 5808 968 5849 non
1001 5808 1237 5862 prorsus
1271 5792 1339 5849 ab
1368 5792 1606 5850 honesto
1643 5794 1876 5849 velimus
1906 5802 2092 5851 eri-ce"

2163 4587 2311 4646 ὅστις
2344 4586 2596 4656 γλῶσσαν
2649 4588 2749 4658 μὲν
2772 4585 3073 4658 εὔστροφον
3105 4585 3238 4656 ἔχει,
3273 4583 3452 4654 ψυχὴν
3478 4582 3533 4636 δὲ
3565 4583 3725 4635 ἄσταο

2161 4694 2253 4732 τον
2284 4678 2379 4730 καὶ
2418 4678 2767 4732 ἀπαίδευτον·
2801 4677 2917 4732 ἀλλ’
2943 4678 3090 4741 ὅστις
3137 4676 3294 4744 ὀλίγα
3327 4675 3426 4746 μὲν
3464 4674 3591 4743 περὶ
3610 4674 3734 4743 ἁρε-

2162 4769 2260 4838 τῆς
2299 4768 2616 4835 φθέγγεται,
2659 4768 2829 4821 πολλὰ
2859 4768 2915 4821 δὲ
2950 4763 3032 4831 οἷς
3072 4768 3285 4836 ἐνεργεῖ
3325 4766 3735 4835 παραδείκνυσι,

2166 4859 2347 4914 καὶτὸ
2379 4858 2689 4922 ἀξιόπιστον
2721 4860 2800 4930 τῷ
2832 4859 2977 4929 λόγῳ
3023 4859 3113 4912 διὰ
3154 4859 3246 4912 τοῦ
3284 4857 3399 4928 βίου
3443 4856 3742 4926 προστίθη-

2167 4967 2271 5004 σιν.
2316 4949 2600 5020 Κρείσσων
2633 4948 2740 5020 γὰρ
2763 4951 3036 5020 εὐμορφία
3067 4948 3441 5018 θεωρουμένην
3468 4948 3569 5015 τῆς
3595 4946 3735 5015 λόγῳ

2166 5041 2651 5112 ζωγραφουμένης’
2672 5041 2763 5093 καὶ
2786 5040 3012 5102 πλοῦτος
3030 5040 3087 5091 δν
3106 5041 3161 5091 αἱ
3183 5040 3365 5108 χεῖρες
3390 5039 3733 5106 κατέχουσιν,

2164 5134 2199 5206 ἢ
2260 5134 2462 5204 ὄνειροι
2510 5133 2826 5186 πλάττουσι.
2879 5131 2990 5184 Καὶ
3049 5130 3233 5200 σοφία,
3276 5130 3372 5198 οὐχ
3402 5130 3435 5197 ἡ
3465 5127 3547 5197 τῷ
3596 5128 3737 5194 λόγῳ

2166 5224 2619 5297 λαμπρυνομένη,
2665 5224 2782 5277 ἀλλ’
2809 5224 2842 5292 ὴ
2886 5222 2974 5275 διὰ
3010 5222 3118 5274 τῶν
3160 5220 3339 5289 ἔργων
3377 5218 3734 5288 ὲλεγχομένη.

2167 5321 2425 5384 Σύνεσις
2457 5318 2565 5387 γὰρ
2614 5316 2807 5385 ἀγαθὴ
2853 5314 3001 5369 πᾶσι
3034 5312 3157 5378 τοῖς
3191 5309 3479 5367 ποιοῦσιν
3520 5309 3733 5380 αὐτὴν,

2168 5412 2353 5483 φησιν,
2382 5411 2495 5464 ἀλλ’
2524 5410 2585 5463 οὐ
2611 5412 2725 5472 τοῖς
2755 5408 3137 5477 κηρύττουσιν.

2244 5702 2311 5752 Ἢ
2346 5698 2453 5768 γὰρ
2499 5693 2909 5764 φιλοσοφητέον,
2941 5691 2974 5761 ἦ
3002 5689 3257 5759 τιμητέον
3286 5687 3634 5756 φιλοσοφίαν,
3662 5684 3735 5738 ετ·

2172 5812 2275 5865 περ
2315 5793 2391 5864 μὴ
2423 5789 2712 5864 μέλλοιμεν
2736 5801 2899 5839 παντι
2917 5783 3015 5846 Κῶς
3034 5777 3139 5847 ἔξω
3161 5777 3254 5833 τοῦ
3283 5778 3449 5832 καλοῦ
3488 5778 3732 5841 πίπτειν,
