4066 6146
431 286 583 355 891,

1756 289 1927 352 LOCI
1964 290 2404 354 COMMUNES.

3578 289 3689 354 822

433 394 571 467 μηδὲ
612 393 837 463 ἀλογίαν
882 393 1383 467 κατακριθήσεσθαι
1438 393 1648 464 λογικοὶ
1695 396 2005 467 γεγονότες,

2127 398 2266 465 lere,
2296 407 2354 454 et
2395 411 2521 453 cum
2579 396 2880 453 rationales
2928 395 3057 451 facti
3099 394 3297 462 simus,
3339 404 3398 452 et
3457 396 3690 454 rationis

424 487 527 543 καὶ
550 485 640 541 διὰ
664 486 826 557 λόγου
857 486 994 557 πρὸς
1023 487 1179 556 λόγον
1208 485 1550 550 σπεύδοντες.

495 769 806 842 Σοφιὶπεροι
832 770 944 841 γὰρ
973 770 1081 825 τῶν
1108 769 1319 824 πολλῶν
1339 771 1390 823 oi
1425 770 1635 840 κόσμου
1665 772 2003 842 χωρίσαντες

431 861 683 929 ἑαυτοὺς,
714 860 812 915 καὶ
839 861 916 932 τῷ
947 859 1065 931 Θεῷ
1106 860 1197 914 τὸν
1227 859 1340 931 βίον
1364 852 1826 932 καθιερώσαντες.

508 1040 678 1095 οὐδὲν
729 1038 1128 1111 ἀναλωτότερον
1166 1037 1517 1108 φιλοσοφίας,
1549 1036 1702 1091 οὐδὲν
1743 1037 2010 1091 ἀλυπότε-

437 1148 549 1204 ρον.
608 1131 794 1185 Πάντα
849 1130 1075 1186 ἐνδώσει
1125 1131 1393 1202 πρότερον
1450 1130 1485 1202 ἢ
1542 1129 1853 1198 φιλόσοφος.
1903 1126 2033 1180 Δύο.

432 1223 605 1280 ταῦτα
624 1222 996 1295 δυσκράτητα,
1018 1221 1150 1286 Θεὸς
1180 1221 1274 1276 καὶ
1307 1219 1561 1291 ἄγγελος,
1589 1216 1684 1274 κάὶ
1715 1218 1776 1274 τὸ
1804 1218 2008 1291 τρίτον,

432 1314 744 1386 φιλοσοφία.
786 1314 975 1387 [Ἐστι
1018 1314 1128 1385 γὰρ
1170 1312 1489 1385 φιλόσοφος]
1526 1312 1686 1376 ᾶῦλος
1716 1311 1774 1364 ὲν
1804 1310 1926 1382 ὕλῃ,
1952 1312 2012 1364 ὲν

435 1406 650 1479 σώματι
678 1407 1110 1480 ἀπερίγραπτος,
1145 1404 1238 1459 ἐπὶ
1298 1405 1403 1476 γῆς
1446 1404 1718 1476 οὐράνιος,
1763 1404 1820 1456 ὲν
1853 1401 2016 1455 πάθε-

435 1516 521 1553 σιν
562 1498 801 1568 ἀπαθὴς,
848 1498 1067 1552 πάντων
1109 1494 1421 1566 ἡττώμενος
1460 1494 1600 1566 πλὴν
1644 1494 2011 1565 φρονήματος·

434 1590 603 1645 νικῶν
634 1588 714 1660 τῷ
760 1588 1015 1642 νικᾶσθαι
1041 1587 1169 1649 τοὺς
1197 1588 1425 1655 κρατεῖν
1454 1585 1798 1657 νομίζοντας.

2112 491 2266 546 cultu
2325 490 2395 547 ad
2425 491 2702 547 rationem
2746 503 3128 560 properemus,
3174 488 3472 545 brutorum
3528 490 3691 561 genio

2110 593 2276 655 atque
2326 584 2513 641 indole
2561 584 2825 640 absentiae
2885 582 3117 639 rationis
3149 582 3331 639 labem
3388 591 3691 654 notamque

2110 674 2417 732 incurrere.

2182 766 2377 838 Majori
2402 762 2672 838 sapientia
2704 781 2871 838 quam
2907 780 3007 836 pro
3027 764 3179 835 vulgi
3211 758 3428 822 ratione
3452 765 3688 830 enitent,

2109 855 2207 928 qui
2258 857 2458 913 saeculo
2489 871 2611 913 sese
2658 857 3055 921 subducentes,
3115 855 3286 912 vitam
3334 857 3447 913 Deo
3492 870 3692 913 conse—

2109 957 2358 1004 crarunt.

2175 1041 2328 1095 Nihil
2383 1040 2871 1112 inexpugnabilius
2923 1041 3299 1112 philosophia,
3362 1040 3615 1111 nihilque
3664 1058 3695 1097 a

2113 1144 2257 1185 noxa
2312 1129 2549 1200 labeque
2601 1131 2929 1186 immanius.
2990 1131 3188 1187 Omnia
3244 1132 3405 1202 prius
3467 1133 3692 1196 cedent,

2116 1236 2281 1292 quam
2307 1220 2695 1292 philosophus.
2721 1223 2842 1278 Duo
2873 1231 3003 1277 sunt
3036 1223 3263 1289 invicta,
3286 1224 3435 1278 Deus
3449 1231 3506 1278 et
3535 1238 3700 1293 auge»

2115 1311 2242 1378 lus;
2271 1327 2489 1367 necnon
2530 1312 2780 1376 tertium,
2820 1312 3199 1382 philosophia.
3244 1313 3341 1369 Est
3376 1315 3527 1368 enim
3580 1313 3701 1383 phi-

2092 1401 2388 1471 'losophus
2442 1400 2831 1456 immaterialis
2892 1401 2953 1455 in
3011 1403 3244 1457 materia
3274 1442 3291 1469 ,
3345 1404 3402 1458 in
3463 1419 3701 1474 corpore

2117 1493 2656 1564 incircumscriptus,
2686 1493 2933 1550 caelestis
2964 1508 3089 1548 cum
3128 1494 3186 1548 in
3237 1503 3388 1549 terra
3421 1502 3700 1557 versetur,

2120 1587 2177 1643 in
2201 1585 2492 1642 affectibus
2516 1587 2657 1641 nihil
2684 1586 2768 1641 eis
2786 1586 3103 1653 obnoxius;
3140 1587 3235 1657 qui
3271 1596 3505 1644 cunctus
3527 1588 3711 1644 victo-

434 1678 518 1734 ria
540 1677 722 1740 cedat,
757 1683 1126 1748 prasterquam
1155 1673 1327 1729 animi
1362 1689 1529 1730 sensu
1562 1690 1629 1729 ac
1678 1672 2013 1746 prudentia:
2055 1676 2153 1745 qui
2204 1692 2272 1733 eo
2308 1676 2459 1747 quod
2505 1675 2773 1743 vincitur,
2832 1677 2929 1746 qui
2975 1691 3037 1732 se
3084 1678 3325 1736 victores
3361 1678 3705 1745 existiment,

434 1769 647 1827 vincat.

520 1860 667 1929 Ἐγὼ
709 1861 839 1932 μίαν
873 1859 1069 1930 σοφίαν
1101 1854 1244 1923 οῖδα,
1285 1858 1348 1912 τὸ
1379 1857 1661 1927 φοϐεῖσθαι
1691 1856 1846 1912 Θεόν.
1884 1856 2013 1925 Ἀρ-

2182 1853 2361 1911 Unam
2412 1869 2515 1924 ego
2554 1854 2882 1924 sapientiam
2915 1858 3067 1922 novi,
3105 1865 3167 1912 ut
3205 1874 3407 1930 nempe
3465 1862 3707 1919 Deus-ti-

434 1951 516 2027 χή
545 1971 604 2008 τε
639 1952 751 2022 γὰρ
776 1953 1021 2021 σοφίας,
1050 1952 1240 2020 φόϐος
1266 1950 1512 2019 Κυρίου.
1542 1950 1675 2016 Καὶ,
1711 1948 1891 2014 Τέλος
1911 1947 2017 2000 λό-

435 2061 551 2115 του
587 2042 655 2096 τὸ
694 2041 816 2097 πᾶν
856 2041 1063 2110 ἄκουε,
1092 2040 1199 2096 τὸν
1224 2040 1374 2096 Θεὸν
1403 2038 1613 2109 φοϐοῦ,
1642 2037 1740 2092 καὶ
1768 2039 1874 2104 τὰς
1918 2036 2018 2090 ὲν-

436 2133 621 2201 ῑολὰς
646 2133 963 2203 φύλασσε.

510 2310 782 2382 Ποιήσατε
834 2304 1185 2378 δικαιοσύνης
1235 2304 1421 2370 ὅπλον,
1472 2304 1568 2358 καὶ
1627 2301 1704 2374 μὴ
1761 2301 2019 2369 θανάτου,

437 2403 540 2476 τὴν
578 2402 882 2456 παίδευσιν.

509 2494 813 2563 Χρυσόστ.
836 2517 910 2531 -
932 2490 1144 2560 ’Ὠσπερ
1169 2488 1271 2558 γῆν
1305 2487 1381 2558 μὴ
1414 2485 1749 2559 βρεχομένην
1776 2487 1876 2540 οὐκ
1906 2486 2044 2544 ἔστι,

438 2585 545 2641 κᾶν
571 2582 740 2656 μυρία
761 2581 902 2653 λάϐῃ
932 2583 1224 2651 σπέρματα
1250 2578 1492 2649 στάχυας
1521 2579 1849 2647 ἐξενεγκεῖν·
1878 2577 2022 2631 οὕτω

437 2675 620 2747 ψυχὴν
651 2674 754 2747 οὐκ
789 2672 942 2726 ἔστιν
980 2670 1055 2743 μὴ
1098 2671 1218 2733 ταῖς
1253 2669 1431 2732 θείαις
1459 2670 1703 2740 Γραφαῖς
1735 2668 2024 2738 φωτισθεῖ-

440 2781 563 2831 σαν,
595 2763 699 2818 κᾶν
723 2762 894 2835 μυρία
914 2778 1001 2825 τις
1030 2760 1197 2833 ἐκχέῃ
1227 2761 1469 2832 ῥήματα,
1499 2758 1713 2831 καρπόν
1743 2776 1869 2815 τινα
1895 2762 2019 2814 ἑπι-

441 2855 742 2924 δείξασθαι.

514 3033 721 3103 Διδύμ.
752 3060 823 3073 -
859 3029 1245 3102 Ἐντυγχάνειν
1285 3030 1365 3084 δεῖ
1392 3031 1513 3094 ταῖς
1541 3029 1717 3094 θείαις
1753 3029 2019 3100 Γραφαῖς.

2117 1955 2356 2000 meatur.
2422 1945 2645 2001 Initium
2705 1947 2854 2002 enim
2930 1950 3208 2019 sapientia:
3277 1954 3438 2007 timor
3495 1953 3707 2011 Domini

2120 2035 2284 2107 (Psal.
2318 2052 2406 2100 cx,
2442 2036 2543 2104 10;
2593 2038 2765 2095 Eccli.
2815 2054 2852 2104 ι,
2916 2036 3025 2111 16).
3078 2040 3148 2095 Et
3177 2057 3191 2096 :
3218 2040 3426 2098 Finem'
3459 2045 3707 2117 loquendi

2119 2142 2326 2180 omnem
2365 2128 2536 2194 audi;
2571 2128 2741 2184 Deum
2766 2131 2913 2196 time,
2976 2138 3027 2184 et
3074 2146 3228 2187 sorva
3256 2136 3517 2192 mandata
3578 2139 3706 2209 (Ec-

2123 2217 2228 2272 cle.
2261 2234 2356 2284 xu,
2390 2219 2503 2289 15).

2190 2310 2365 2366 Arma
2387 2312 2640 2384 justitiae,
2672 2329 2786 2370 non
2827 2316 3043 2384 mortis,
3078 2318 3489 2388 correptionem
3520 2319 3707 2377 facite;

2196 2488 2469 2561 Chrysost.
2497 2522 2568 2531 —
2595 2490 3072 2559 Quemadmodum
3102 2495 3381 2552 terranisi
3410 2495 3588 2552 imbre
3622 2498 3710 2553 in-

2122 2577 2245 2633 fusa
2267 2594 2331 2635 ac
2354 2580 2602 2651 irrigata,
2627 2583 2846 2637 tametsi
2869 2583 3109 2649 infinita,
3136 2586 3442 2656 susceperit
3472 2587 3721 2654 seminay

2124 2668 2304 2738 spicas
2358 2668 2612 2739 proferre
2672 2687 2786 2727 non
2825 2681 3011 2744 potest
3059 2691 3074 2729 :
3132 2674 3217 2731 sie
3252 2691 3435 2747 neque
3491 2679 3725 2735 animus

2124 2757 2329 2812 divinis
2354 2757 2658 2830 Scripturis
2678 2778 2791 2817 non
2812 2763 3180 2830 illuminatus,
3197 2764 3444 2821 fructum
3467 2784 3711 2838 unquam

2122 2847 2442 2917 protulerit,
2468 2848 2688 2904 etiamsi
2721 2850 2849 2919 quis
2881 2850 3054 2906 verba
3085 2850 3378 2907 innumera
3408 2853 3555 2924 apud
3583 2870 3711 2911 eum

2124 2938 2204 2992 cll'
2204 2938 2397 2993 undat.

2196 3028 2531 3101 Didymi..—
2558 3031 2831 3104 Legenda:
2867 3041 2999 3089 sunt
3036 3033 3241 3091 divinae
3266 3034 3598 3107 Scripturae.
3623 3037 3712 3094 Uti

446 3127 657 3197 Ὠσπερ
684 3125 817 3197 γὰρ,
836 3124 865 3177 ὁ
888 3121 1031 3186 οῐνος
1061 3125 1351 3194 πινόμενος
1380 3121 1655 3177 ἀναπαύει
1686 3120 1889 3192 λύπην,
1931 3120 2024 3175 καὶ

2127 3120 2276 3174 enim
2302 3119 2418 3175 vini
2456 3130 2623 3191 potus
2650 3122 2902 3179 dolorem
2929 3124 3135 3191 sedat;
3163 3134 3221 3180 et
3253 3140 3351 3180 cor
3375 3142 3443 3181 ex
3488 3128 3723 3183 tristitia

449 3192 776 3289 μεταϐαλλει
809 3192 1047 3287 καρδίαν
1075 3216 1155 3278 είς
1193 3192 1554 3285 εὐφροσύνην·
1595 3213 1770 3276 οὕτως
1805 3215 1834 3266 ὁ
1868 3231 2024 3266 πνευ-

2128 3210 2186 3265 in
2216 3210 2459 3267 laetitiam
2495 3212 2797 3281 transfert;
2850 3216 2931 3271 sic
2975 3215 3226 3286 spiritale
3259 3216 3453 3271 vinum
3507 3218 3714 3289 gaudio

449 3308 677 3383 ματικὸς
705 3303 846 3370 οἰνος
893 3307 972 3370 είς
1003 3305 1179 3378 χαρὰν
1218 3303 1546 3375 μεταϐάλλει
1576 3302 1674 3374 τὴν
1712 3302 1915 3374 ψυχήν.

516 3396 591 3449 Τὸ
623 3396 821 3450 εἰδέναι
862 3395 987 3449 τινὰ
1018 3396 1102 3448 ὅτι
1140 3395 1343 3463 ἀγνοεῖ,
1366 3394 1577 3463 σοφίας
1620 3392 1789 3446 ἐστίν·
1823 3394 1899 3458 ὡς
1933 3395 2027 3448 καὶ

447 3484 509 3541 τὸ
538 3485 736 3541 εἰδέναι
772 3485 855 3539 ὅτι
883 3483 1130 3555 ἠδίκησε,
1161 3481 1533 3553 δικαιοσύνης.

521 3576 627 3632 Τὸν
655 3576 956 3645 γνωστικδν
985 3573 1242 3628 οὐδεποτε
1274 3574 1336 3628 τδ
1362 3573 1613 3628 πλουτεῖν
1640 3571 1832 3642 γήθειν
1862 3574 2025 3637 ποιεῖ,

450 3667 573 3721 οὐδὲ
606 3668 670 3721 τὸ
686 3667 995 3739 χρημάτων
1020 3667 1247 3737 ἀπορεῖν
1280 3666 1360 3729 είς
1396 3665 1725 3719 ταπείνωσιν
1758 3662 1902 3730 ἄγει·
1928 3663 2029 3733 τῆς

453 3756 656 3828 ἀρετῆς
697 3756 792 3810 καὶ
831 3755 1023 3824 σοφίας
1068 3753 1229 3810 αὑτὸν
1264 3752 1674 3825 ύπερυψούσης,
1717 3751 1813 3807 καὶ
1848 3750 2023 3825 ὑπερ.-

454 3848 566 3904 άνω
596 3848 776 3903 αὐτῶν
805 3846 1057 3901 ἵστασθαι
1083 3844 1637 3916 παρασκευαζούσης.

527 3942 912 4008 Φίλωνος.--
946 3937 1188 4008 Ἀνάγκη
1236 3937 1464 4009 ἀπειρίᾳ
1510 3936 1605 3990 καὶ
1654 3935 1824 4006 κακίᾳ
1881 3932 2030 4005 ἡνιό-

455 4048 575 4104 χου,
601 4030 672 4085 τὰ
704 4030 1088 4100 ὑπεζευγμένα
1135 4029 1281 4086 κατὰ
1327 4027 1592 4099 κρημνῶν
1636 4025 1903 4098 φέρεσθαι
1939 4024 2034 4079 καὶ

460 4124 770 4196 βαράθρων·
810 4121 1000 4194 ῶσπερ
1030 4118 1293 4193 ἐμπειρίᾳ
1325 4120 1420 4175 καὶ
1447 4122 1617 4190 ἀρετῇ
1647 4115 2030 4181 διασώζεσθαι.

544 4215 849 4287 Ἀμήχανον
885 4214 954 4268 τὰ
992 4213 1206 4285 μεγάλα
1253 4212 1359 4284 πρὸ
1402 4210 1510 4266 τῶν
1567 4210 1780 4283 μικρῶν
1817 4208 2035 4263 παιδευο

461 4307 641 4379 θῆναι.

480 4463 484 4467 ,
531 4396 825 4467 Κλήμεντ.
849 4427 919 4438 -
952 4395 1187 4450 Ἐπεται
1213 4396 1280 4466 τῇ
1308 4392 1508 4464 γνώσει
1539 4393 1609 4446 τὰ
1660 4391 1820 4464 ἔργα,
1854 4390 1929 4454 ὡς
1957 4387 2035 4460 τῷ

463 4488 676 4559 σώματι
713 4491 746 4561 ἠ
776 4489 925 4545 σκιά.

2126 3301 2414 3372 perfundit
2447 3305 2719 3359 animum.

2198 3392 2355 3459 Quod
2388 3394 2513 3464 quis
2541 3395 2683 3449 sciat
2719 3409 2779 3449 se
2806 3394 3045 3462 nescire,
3084 3398 3375 3467 sapientiae
3413 3408 3534 3469 est;
3568 3409 3628 3457 ut
3657 3409 3717 3458 et

2127 3483 2276 3554 quod
2302 3484 2440 3539 sciat
2478 3500 2537 3540 se
2575 3484 2833 3556 injuriam
2870 3485 3087 3553 fecisse,
3111 3487 3366 3559 iustitiae.

2184 3574 2474 3653 .Sapientis
2498 3576 2747 3631 animum
2772 3590 2875 3631 nec
2906 3575 3116 3633 divitiae
3150 3579 3353 3650 gaudio
3384 3580 3551 3654 584
3577 3581 3715 3638 ell'e-

2130 3674 2281 3731 runt,
2320 3680 2425 3721 nee
2459 3666 2647 3736 inopia
2679 3682 2744 3721 ac
2769 3667 3133 3736 pecuniarum
3178 3676 3396 3741 egestas
3417 3670 3479 3725 in
3505 3672 3716 3728 humile

2130 3758 2413 3829 deprimit,
2447 3774 2615 3829 quem
2667 3760 2880 3816 scilicet
2907 3761 3088 3817 virtus
3128 3777 3195 3818 ac
3240 3763 3511 3833 sapientis
3552 3764 3721 3822 altius

2131 3849 2404 3915 attollant,
2438 3850 2658 3920 illisque
2691 3850 3036 3920 superiorem
3073 3852 3433 3909 constituant.

2203 3939 2467 3996 Philonis.
2510 3973 2578 3983 —
2620 3941 2859 3997 Necesse
2908 3950 2998 3997 est.
3061 3943 3270 4015 aurigae
3321 3944 3597 4016 imperitia
3662 3957 3720 4003 et

2132 4031 2367 4098 malitia,
2396 4032 2651 4104 iumenta
2676 4048 2776 4103 per
2810 4048 3067 4111 praeceps
3089 4034 3177 4104 agi
3216 4042 3382 4105 atque
3416 4036 3676 4093 barathra
3700 4054 3724 4103 ς

2132 4121 2489 4193 vicissimque
2514 4123 2665 4179 illius
2687 4122 2887 4193 peritia
2919 4131 2976 4178 et
2999 4123 3205 4180 virtute
3239 4124 3358 4181 fore
3395 4127 3716 4183 incolumia.

2206 4213 2353 4269 Fieri
2376 4228 2487 4269 non
2520 4221 2705 4285 potest
2738 4220 2799 4268 ut
2829 4214 3058 4287 majora.
3100 4223 3230 4271 ante
3254 4230 3319 4271 ca
3350 4231 3475 4291 quae
3499 4217 3719 4274 minora

2136 4314 2285 4371 sunt,
2314 4305 2587 4362 docearis.
3744 4358 3747 4361 ι

2207 4397 2509 4453 Clementis.
2537 4431 2607 4443 --
2638 4399 2820 4471 Opera
2859 4399 3148 4456 scientiam
3199 4406 3530 4469 sequuntur,
3572 4399 3720 4455 haud
3779 4419 3797 4455 .·

2138 4506 2299 4546 secus
2332 4506 2397 4546 ac
2432 4492 2651 4562 corpori
2682 4506 2868 4548 comes
2895 4500 2981 4548 est
3009 4490 3224 4545 umbra.
3736 4478 3739 4479 ν

530 4560 943 4652 Πλουτάρχου.
974 4610 1045 4621 -
1078 4580 1304 4652 Ὀνείρῳ
1346 4578 1523 4633 ἔοικεν
1555 4577 1585 4631 δ
1622 4576 1732 4631 τῶν
1772 4571 2024 4630 ἀπαιδεύ-

2206 4581 2500 4637 Plutarchi.
2526 4560 2597 4623 ξ·-
2623 4583 2685 4638 lu
2710 4583 2927 4638 somnio
2970 4581 3169 4639 similis
3204 4589 3291 4637 cst
3341 4581 3565 4646 rudium
3610 4582 3722 4638 vita

464 4689 571 4728 των
599 4672 733 4752 βίος,
762 4672 925 4737 κενὰς
952 4671 1097 4743 ἔχων
1133 4670 1467 4742 φαντασίας.

539 4851 677 4907 Οὔτε
708 4852 767 4907 ἐν
809 4849 988 4923 ἰχθύσι
1033 4848 1239 4919 φωνὴν,
1281 4847 1404 4902 οὔτε
1435 4850 1492 4901 ὲν
1531 4846 1876 4908 ἀπαιδεύτοις
1910 4844 2039 4915 ἀρε-

469 4944 568 5016 τὴν
595 4945 677 4998 δεῖ
716 4943 920 5015 ζητεῖν.

540 5059 679 5115 Οὔτε
719 5060 864 5131 ὕδωρ
911 5057 1151 5130 θολερὸν,
1195 5055 1318 5111 οὔτε
1367 5053 1692 5109 ἀπαίδευτον
1728 5051 1908 5124 ψυχὴν
1945 5069 2039 5106 τα-

471 5151 692 5223 ράσσειν
723 5151 824 5206 δεῖ.
1749 5173 1761 5183 ~

539 5263 873 5334 Δυσάρεστοι
922 5259 1078 5323 ὄντες
1130 5259 1179 5312 οἱ
1214 5257 1552 5322 ἀπαίδευτοι,
1587 5255 1839 5327 καθάπερ
1878 5255 1938 5320 ἐξ
1969 5256 2047 5309 οἰ-

471 5354 629 5422 κιῶν,
658 5353 768 5409 τῶν
796 5351 1170 5428 προαιρέσεων
1212 5350 1335 5404 καθ’
1362 5348 1576 5420 ἡμέραν
1617 5346 2042 5419 μετοικίζονται.

544 5468 609 5522 Oi
640 5468 738 5538 μὲν
763 5466 928 5535 ξένοι,
964 5467 1023 5520 ὲν
1062 5465 1186 5528 ταῖς
1230 5462 1392 5528 ὁδοῖς,
1430 5461 1481 5513 οἱ
1529 5460 1588 5514 δὲ
1612 5461 1959 5530 ἂπαίδευτοι,
1990 5465 2047 5517 ἐν

473 5560 590 5623 τοῖς
613 5559 904 5631 πράγμασι
922 5555 1343 5613 διαπλανῶνται.

554 5673 900 5741 Πλάτωνος.
925 5699 996 5753 τ
1037 5672 1195 5751 Πᾶσα
1246 5670 1528 5741 ἐπιστήμη
1571 5669 1917 5742 χωριζομένη
1978 5671 2055 5726 δι-

2140 4684 2206 4724 ac
2238 4669 2611 4737 indoctorum,
2662 4671 2868 4726 inanes.
2901 4669 3085 4741 specit-
3125 4669 3383 4725 ludentcs
3437 4670 3725 4742 cogitatio-
3780 4729 3789 4744 ,

2139 4764 2240 4819 nes
2262 4761 2503 4818 habens.
3140 4778 3146 4784 '

2209 4852 2399 4923 Neque
2440 4853 2494 4908 in
2531 4853 2778 4923 piscibus
2806 4871 2933 4919 vox,
2961 4870 3138 4926 neque
3176 4854 3232 4909 in
3263 4852 3505 4910 indoctis
3534 4869 3599 4909 ac
3636 4853 3727 4908 ins-

2141 4944 2506 5015 disciplinatis
2529 4945 2706 5001 virtus
2735 4946 3032 5017 quaerenda
3063 4954 3168 5002 est.

2215 5058 2328 5113 Nec
2354 5073 2559 5128 aquam
2583 5058 2881 5123 turbidam,
2919 5074 3024 5114 nec
3066 5058 3352 5114 indoctum
3383 5059 3628 5115 animum
3662 5076 3729 5116 ac

2146 5146 2640 5217 indisciplinatum,
2681 5163 3032 5204 commovere
3063 5164 3162 5219 par
3197 5157 3303 5204 est.

2213 5260 2448 5328 lndocti,
2477 5276 2603 5316 cum
2631 5262 2841 5317 morosi
2890 5261 3023 5327 sint,
3060 5261 3217 5332 quasi
3262 5277 3330 5316 ex
3386 5262 3623 5328 aedibus,
3660 5280 3731 5322 ex

2142 5354 2261 5410 suis
2280 5354 2533 5424 quotidie
2559 5353 2835 5410 institutis
2862 5354 3123 5425 migrant.

2215 5466 2503 5538 Peregrini
2526 5466 2774 5538 quidem,
2808 5467 2865 5523 in
2893 5467 3032 5534 viis;
3060 5466 3271 5523 indocti
3294 5482 3452 5533 vero,
3477 5467 3533 5523 in
3559 5481 3732 5539 nego-

2150 5557 2242 5612 tiis
2269 5565 2475 5613 errant.

2218 5670 2415 5756 Omnis
2454 5672 2708 5740 scicntia,
2762 5671 2992 5745 justitiae
3047 5674 3403 5746 reliquisque
3436 5669 3738 5728 virtutibus
