4066 6146
352 262 459 328 823

1548 269 1608 331 s.
1653 270 1935 331 MAXIMI
1977 269 2487 337 CONFESSOltIS
3340 252 3354 283 ί

3513 280 3625 349 824

353 382 582 438 minime
612 383 926 454 conjuncta,
975 383 1241 447 versutia,
1276 382 1427 439 haud
1467 400 1601 440 vero
1642 386 1934 455 sapientia,

2042 389 2335 459 καιοσύνης
2386 402 2478 447 καὶ
2526 395 2618 464 τῆς
2666 395 2830 467 ἄλλης
2865 396 3086 468 ἀρετῆς,
3137 398 3466 469 πανουργία,
3502 401 3625 454 ἀλλ’

352 484 603 546 app‘aret.

420 568 693 622 Isocratis.
722 595 789 606 -—-
815 562 902 623 Uti
931 582 1113 636 apem,
1150 568 1493 637 quibuslibet
1536 567 1766 623 ﬂoribus
1804 567 1941 622 insi-

353 661 600 725 dcntcm,
641 675 707 713 ex
736 659 969 730 singulis
991 661 1138 729 quod
1171 661 1249 715 sit
1274 662 1430 727 utile,
1463 661 1723 717 videmus
1746 661 1940 717 decer-

352 766 524 822 pere;
581 754 665 807 sic
712 760 767 806 et
831 752 1141 822 disciplinae
1201 753 1434 824 cupidos
1489 754 1671 819 decet,
1730 754 1938 810 nullius

353 854 634 916 expertes,
669 859 736 899 ea
764 859 885 914 quae
924 844 1259 911 conducant,
1295 845 1540 916 undique
1572 846 1776 916 legere.
1865 850 1885 922 ’-

426 1020 758 1092 Diligentius
778 1020 1075 1076 verborum
1099 1028 1265 1090 atque
1302 1019 1573 1075 doctrina:
1628 1035 1791 1088 quam
1841 1035 1939 1089 pe-

357 1114 647 1168 cuniarum
677 1112 930 1182 deposita
955 1119 1193 1168 servato.
1912 1120 1919 1123 ‘

423 1204 644 1260 Aristot.
672 1236 741 1244 —
772 1205 1087 1270 Bcatitudo,
1142 1220 1256 1259 non
1299 1204 1354 1259 in
1397 1206 1699 1260 multarum
1741 1218 1936 1259 rerum

356 1312 521 1353 censu
551 1296 805 1369 ponenda
831 1306 939 1362 est,
970 1297 1065 1351 sed
1108 1298 1163 1351 in
1209 1299 1394 1352 animo
1446 1298 1587 1353 bene
1611 1297 1940 1355 constituto.

354 1386 546 1461 Neque
576 1391 724 1445 enim
750 1390 1044 1460 quisquam
1076 1405 1279 1461 corpus
1318 1390 1542 1445 beatum
1570 1390 1743 1454 dicat,
1785 1389 1935 1458 quod

357 1483 663 1552 splendidis
687 1482 937 1538 vestibus
968 1481 1263 1547 colluceat,
1303 1482 1399 1537 sed
1445 1480 1594 1551 quod
1628 1496 1820 1536 sanum
1864 1481 1937 1535 sit

357 1596 423 1636 ac
453 1578 765 1640 robustum,
813 1575 1032 1631 etiamsi
1082 1591 1273 1630 eorum
1328 1589 1452 1644 quas
1497 1572 1643 1628 dicta
1692 1581 1843 1637 sunt,
1882 1572 1934 1627 ei

358 1672 497 1727 nihil
525 1675 806 1741 suppetat.
840 1668 1049 1723 Eodem
1102 1667 1268 1723 modo
1310 1675 1368 1722 et
1412 1666 1635 1720 animus
1661 1665 1706 1720 si
1763 1664 1936 1719 fuerit

359 1738 651 1827 eruditus,
697 1762 791 1831 qui
852 1759 1126 1830 ejusmodi
1181 1759 1387 1823 fuerit,
1431 1759 1663 1829 ejusque
1716 1755 1937 1826 generis
1969 1738 2010 1793 Β

360 1854 550 1922 homo,
584 1856 782 1911 beatus
808 1853 1077 1908 dicendus
1102 1861 1219 1919 est;
1261 1868 1370 1907 non
1407 1852 1454 1906 si
1490 1851 1656 1905 rebus
1692 1848 1945 1904 externis

360 1946 706 2019 splendidius
732 1953 983 2008 ornatus,
1015 1943 1133 2013 ipse
1173 1943 1340 1999 homo
1368 1943 1527 1997 nihili
1576 1943 1761 1999 fuerit.
1799 1942 1936 1996 Nam

358 2056 463 2098 nec
481 2055 707 2111 equum.
738 2040 783 2094 si
809 2044 1135 2094 ornamenta
1166 2053 1333 2092 aurea
1365 2037 1569 2091 habeat
1604 2044 1661 2091 et
1692 2035 1937 2105 pretiosa

359 2130 541 2202 magni
567 2128 928 2193 aestimamus,
951 2142 1076 2182 cum
1099 2126 1326 2196 ignavus
1355 2124 1457 2180 sit:
1494 2124 1587 2179 sed
1611 2124 1706 2194 qui
1730 2123 1938 2193 optime

360 2236 594 2292 corpore
615 2220 949 2275 constitutus
976 2207 1063 2271 est
1085 2233 1148 2271 ac
1170 2231 1492 2287 generosus,
1522 2215 1672 2269 hunc
1699 2214 1937 2269 maxime

358 2314 585 2370 laudare
650 2313 914 2368 solemus.
979 2308 1455 2376 Quemadmodum
1508 2308 1655 2363 enim
1716 2309 1760 2363 si
1812 2311 1938 2378 quis

359 2404 530 2461 herus
557 2404 746 2458 vernis
776 2402 899 2457 suis
935 2400 1182 2455 deterior
1215 2400 1306 2464 sit,
1342 2400 1687 2456 deridiculus
1736 2399 1939 2453 habea-

358 2506 452 2552 tur
477 2516 491 2552 :
528 2499 608 2553 sic
634 2494 796 2568 535
821 2510 918 2550 eos
940 2495 1173 2549 miseros
1196 2493 1532 2566 judicamus,
1563 2490 1766 2563 quibus
1802 2506 1937 2547 con-

362 2590 524 2663 tingit
573 2600 635 2646 ut
668 2605 806 2660 quas
836 2589 1123 2660 possident
1169 2603 1328 2657 opes,
1362 2587 1483 2658 ipso
1523 2600 1716 2641 eorum
1753 2583 1936 2656 genio,

359 2684 557 2757 majori
587 2684 645 2738 in
681 2683 863 2754 pretio
891 2680 1163 2737 habendae
1200 2681 1335 2736 sint.

431 2863 701 2919 Demosth.
735 2890 805 2901 --
832 2857 1233 2914 Demosthenes
1287 2855 1472 2909 aiebat
1500 2853 1767 2909 doctrina:
1791 2852 1943 2907 radi-

362 2968 480 3012 cem
503 2930 751 3009 arnaram‘
777 2964 899 3005 esse
918 2987 937 3013 ,
959 2948 1173 3003 fructus
1195 2955 1379 3001 autem
1412 2946 1624 3001 dulces.

2039 483 2098 535 οὐ
2143 486 2304 550 σοφία
2338 486 2608 553 φαίνεται.

2124 575 2418 644 Ἰσοκράτ.
2448 608 2517 619 --
2544 578 2755 650 Ὥσπερ
2810 580 2909 652 τὴν
2964 580 3220 651 μέλιτταν
3252 582 3491 653 ὁρῶμεν,
3531 584 3620 650 ἐφ’

2038 667 2255 722 ἅπαντα
2292 668 2390 738 μὲν
2424 668 2492 721 τὰ
2527 669 2889 741 βλαστήματα
2915 670 3331 737 καθιζάνουσαν,
3370 674 3463 741 ἀφ’
3484 674 3619 726 ἐκά-

2040 776 2166 813 στου
2195 760 2250 813 δὲ
2271 760 2339 814 τὰ
2365 763 2611 832 χρήσιμα
2630 762 3049 831 λαμϐάνουσανο
3083 762 3228 817 οὕτω
3256 765 3336 816 δεῖ
3365 765 3460 818 καὶ
3488 766 3618 830 τοὺς

2038 854 2285 917 παιδείας
2325 853 2707 925 ὀρεγομένους,
2757 854 2984 926 μηδενὸς
3036 856 3135 925 μὲν
3178 856 3422 931 ἀπείρως
3448 857 3618 927 ἔχειν,

2038 946 2378 1015 πανταχόθεν
2403 946 2459 998 δὲ
2487 946 2553 998 τὰ
2595 946 2844 1017 χρήσιμα
2888 945 3185 1014 συλλέγειν.
3238 1017 3243 1021 θ

2110 1040 2329 1095 Μᾶλλον
2371 1039 2527 1108 τήρει
2551 1038 2649 1102 τὰς
2682 1037 2791 1090 τῶν
2823 1037 3021 1107 λόγων,
3054 1037 3089 1109 ἢ
3123 1040 3222 1103 τὰς
3257 1038 3365 1094 τῶν
3398 1040 3617 1112 χρημά-

2035 1148 2144 1186 των
2174 1135 2670 1205 παρακαταθήκας.

2126 1226 2421 1291 Ἀριστοτ.
2450 1254 2519 1265 -
2551 1225 2866 1297 Νομίζομεν
2915 1226 2972 1280 δὲ
3017 1225 3116 1298 τὴν
3141 1225 3488 1296 εὐδαιμονίαν
3516 1226 3617 1279 οὐκ

2036 1317 2094 1370 ὲν
2140 1316 2216 1387 τῷ
2250 1316 2421 1371 πολλά
2455 1317 2754 1383 κεκτῆσθαι
2795 1316 3063 1386 γίνεσθαι·
3112 1318 3312 1388 μᾶλλον
3339 1316 3416 1382 δὲ,
3450 1320 3507 1371 ὲν
3536 1317 3618 1386 τῷ

2036 1410 2101 1479 τῇ
2147 1408 2291 1479 ψυχῇ
2346 1407 2404 1462 εὖ
2454 1408 2780 1465 διακεῖσθαι.
2815 1410 2926 1463 Καὶ
2973 1410 3080 1482 γὰρ
3141 1409 3202 1463 τὺ
3254 1409 3414 1480 σῶμα
3463 1409 3523 1462 ού
3553 1408 3615 1461 τὺ

2036 1500 2265 1571 λαμπρᾷ
2309 1500 2497 1571 ἐσθῆτι
2551 1501 2988 1570 κεκοσμημένον,
3049 1500 3181 1570 φαίη
3234 1517 3318 1563 τις
3367 1500 3433 1553 ἂν
3473 1495 3612 1552 εἶναι

2041 1593 2335 1663 μακάριον,
2382 1592 2515 1647 ἀλλά
2555 1592 2616 1645 τὸ
2656 1591 2754 1662 τὴν
2789 1593 2976 1660 ὑγείαν
3019 1590 3140 1662 ἔχον
3182 1591 3277 1645 καὶ
3308 1590 3615 1652 σπουδαίως

2039 1683 2405 1754 διακείμενον,
2432 1696 2437 1701 ’
2465 1685 2570 1738 κᾶν
2631 1685 2796 1756 μηδὲν
2838 1684 2948 1737 τῶν
2989 1681 3415 1754 παρακειμένων
3464 1681 3613 1751 αὐτῷ

2041 1779 2212 1848 παρῇ.
2248 1776 2352 1830 Τὸν
2407 1776 2569 1831 αὑτὸν
2618 1778 2683 1846 δὴ
2716 1777 2918 1848 τρόπον
2959 1775 3054 1829 καὶ
3089 1774 3291 1844 ψυχὴν,
3323 1774 3417 1825 ὲάν
3511 1790 3610 1826 περ

2040 1869 2401 1941 παιδευμένη,
2437 1870 2536 1940 τὴν
2578 1871 2838 1939 τοιαύτην
2872 1867 2965 1920 καὶ
3007 1866 3097 1920 τὸν
3123 1865 3408 1936 ἄνθρωπον
3437 1863 3615 1917 εὐδαί-

2042 1978 2178 2031 μονα
2209 1961 2681 2032 προσαγορευτέον
2710 1960 2891 2014 ἐστίν’
2924 1959 3024 2011 οὐκ
3052 1958 3215 2020 ἄντις
3237 1951 3445 2029 ἑκτὸςῇ
3472 1955 3612 2024 λαμ.

2039 2050 2193 2122 πρῶς
2228 2052 2665 2122 κεκοσμημένος,
2723 2050 2883 2113 αὐτὸς
2920 2048 2977 2101 δὲ
3021 2047 3247 2117 μηδενὸς
3277 2044 3444 2110 ἄξιος.
3477 2044 3614 2098 Οὔτε

2042 2142 2152 2212 γὰρ
2184 2143 2351 2196 ἵππον
2375 2142 2470 2196 ἐὰν
2505 2142 2701 2212 ψέλλια
2726 2143 2904 2213 χρυσᾶ
2925 2139 3019 2193 καὶ
3044 2138 3213 2207 σκεύη
3247 2137 3361 2207 ἔχει
3392 2136 3617 2189 πολυτε-

2040 2232 2127 2302 λῆ,
2158 2231 2360 2303 φαῦλος
2408 2232 2504 2296 ὢν,
2535 2233 2627 2287 τδν
2655 2232 2900 2285 τοιοῦτον
2946 2230 3096 2294 ἄξιόν
3145 2245 3291 2291 τινος
3320 2227 3615 2298 νομίζομεν

2039 2318 2199 2375 εἶναι’
2229 2321 2345 2376 ἀλλ’
2382 2321 2442 2386 ὃς
2482 2320 2547 2376 ἂν
2580 2320 2923 2390 διακείμενος
3056 2318 3383 2380 σπουδαίως,
3423 2316 3615 2369 τοῦτον

2043 2411 2244 2483 μᾶλλον
2277 2410 2630 2482 ἐπαινοῦμεν.
2664 2412 2877 2482 Ὥσπερ
2911 2409 3020 2479 γὰρ
3047 2409 3100 2461 εί
3132 2426 3219 2471 τις
3254 2408 3364 2461 τῶν
3388 2406 3617 2461 οἰκετῶν

2040 2502 2204 2557 αὐτοῦ
2267 2503 2467 2575 χείρων
2526 2503 2638 2571 εἴη,
2693 2502 3096 2570 καταγέλαστος
3158 2500 3225 2554 ἂν
3259 2500 3486 2566 γένοιτο·
3519 2498 3613 2551 τὸν

2040 2596 2203 2649 αὑτὸν
2233 2596 2455 2667 τρόπον,
2488 2590 2569 2660 οἷς
2601 2595 2850 2658 πλείονος
2893 2594 3051 2659 ἀξίαν
3090 2593 3187 2663 τὴν
3231 2592 3418 2661 κτῆσιν
3468 2585 3606 2643 εἶναι

2044 2691 2394 2760 συμϐέϐηκεν
2422 2690 2518 2761 τῆς
2549 2690 2684 2753 ἰδίας
2706 2688 2944 2759 φύσεως,
2981 2687 3192 2750 ἀθλίους
3217 2685 3438 2748 τούτους
3468 2679 3609 2740 εἶναι

2040 2782 2123 2835 δεῖ
2154 2782 2425 2852 νομίζειν.

2111 2878 2371 2944 Δημοσθ.
2407 2905 2479 2915 —
2504 2867 2693 2938 Οὗτος,
2752 2875 2850 2943 τὴν
2890 2873 2988 2943 μὲν
3047 2872 3202 2943 ῥίζαν
3235 2869 3332 2939 τῆς
3366 2865 3619 2930 παιδείας

2042 2966 2143 3036 ἔφη
2178 2964 2315 3020 εἶναι
2347 2967 2548 3038 πικράν
2579 2982 2593 2996 ·
2621 2966 2748 3028 τοὺς
2782 2965 2839 3018 δὲ
2859 2964 3128 3036 καρποὺς,
3148 2962 3391 3030 γλυκεῖς.

435 3047 720 3102 Democrit.
758 3075 829 3085 ——
860 3041 1189 3111 Disciplina,
1234 3039 1303 3095 iis
1353 3038 1578 3109 quidem
1629 3038 1724 3107 qui
1772 3037 1939 3092 rebus

2115 3037 2534 3127 Δημοκρίτξ-
2591 3058 2654 3110 Ἦ
2696 3057 2935 3123 παιδεία,
2998 3054 3288 3126 εὐτυχοῦσι
3358 3051 3462 3124 μέν
3499 3052 3619 3105 ἐστι

364 3137 629 3196 secundis
661 3144 911 3201 utantur,
958 3141 1344 3189 ornamentum
1374 3139 1503 3196 est;
1553 3130 1629 3186 iis.
1668 3146 1799 3185 vero
1845 3129 1941 3200 qui

2041 3152 2265 3222 κόσμος,
2293 3151 2557 3222 ἀτυχοῦσι
2596 3150 2673 3215 δὲ,
2699 3148 3061 3220 καταφύγιον.

361 3229 628 3291 adversis,
658 3226 956 3297 refugium.

430 3316 702 3377 Civitates
739 3316 1000 3388 appensis
1039 3313 1322 3381 donariis;
1375 3312 1588 3369 animos
1630 3312 1947 3383 disciplinis

360 3412 640 3469 ornandos
670 3424 820 3465 esse.
1682 3483 1688 3488 ἢ

430 3504 695 3559 Socrates.
728 3533 798 3543 —
816 3502 1052 3558 Divitem
1077 3500 1373 3573 quemdam
1400 3500 1687 3556 indoctum
1719 3498 1939 3569 conspi-

361 3607 551 3653 catus:
585 3597 747 3662 Ecce,
785 3596 986 3666 inquit,
1026 3609 1256 3651 aureum
1294 3593 1657 3664 mancipium.

428 3691 579 3745 Idem
616 3689 1007 3758 interrogatus,
1042 3687 1189 3742 inter
1218 3686 1480 3742 animalia
1506 3684 1784 3756 quodnam
1819 3683 1945 3753 pul-

361 3781 699 3835 cberrimum
726 3788 893 3845 esset,
944 3778 1267 3850 reSpondit:
1316 3777 1493 3833 l‘lomo
1522 3777 1619 3848 qui
1648 3778 1721 3833 sit
1771 3777 1941 3832 disci-

361 3871 532 3944 plinis
562 3881 813 3926 ornatus.

432 3965 819 4036 Exprobrente
855 3962 1095 4035 quodam
1130 3961 1283 4033 quod
1309 3961 1548 4017 barbare
1576 3962 1938 4031 loqueretur:
2007 3981 2018 3994 ι

348 4057 475 4131 _Ego
523 4056 770 4128 quidem,
807 4055 1009 4125 inquit,
1034 4069 1295 4111 sermone
1346 4053 1618 4109 barbarus
1649 4070 1796 4121 sum,
1844 4070 1943 4109 vos

364 4157 545 4202 autem
589 4146 859 4200 moribus.

432 4239 581 4294 Idem
620 4238 1012 4307 interrogatus,
1040 4250 1295 4305 quaenam
1336 4235 1545 4305 optima
1576 4242 1723 4290 esset
1775 4235 1944 4290 disci-

316 4352 321 4365 ν
363 4330 541 4400 plina:
563 4327 860 4383 Dedisccre
883 4326 1045 4388 mala,
1070 4324 1376 4394 respondit.

2118 3337 2229 3402 Τὰς
2257 3337 2355 3407 μὲν
2385 3336 2568 3400 πόλεις
2604 3334 2918 3406 ἀναθήμασι
2938 3347 2952 3360 ’
2988 3330 3086 3394 τὰς
3115 3328 3174 3384 δὶ
3206 3327 3404 3399 ψυχὰς,
3440 3321 3623 3395 μαθή-

2046 3446 2181 3500 μασι
2217 3429 2295 3482 δεῖ
2316 3430 2562 3497 κοσμεῖν.

2113 3516 2373 3587 Σωκρὰτ.
2421 3516 2563 3570 Ἰδὼν
2593 3514 2847 3568 πλούσιον
2899 3512 3241 3577 ἀπαίδευτον,
3292 3507 3419 3578 ἔφη,
3485 3503 3621 3558 ’ἰδοὺ

2043 3614 2137 3667 καὶ
2165 3612 2226 3665 τὸ
2252 3610 2485 3683 χρυσοῦν
2506 3609 2860 3681 ἀνδράποδον.

2126 3705 2185 3757 ’0
2208 3703 2369 3766 αὐτὸς
2394 3700 2690 3771 ἐρωτηθεὶς
2711 3742 2723 3763 ,
2752 3697 2805 3751 τί
2847 3697 2958 3751 τῶν
2982 3695 3133 3758 ζώων
3160 3688 3448 3759 κάλλιστόν
3479 3689 3623 3753 ἐστι,

2044 3796 2170 3867 ἔφη,
2210 3794 2533 3866 Ἀνθρωπος
2562 3790 2781 3862 παιδείᾳ
2810 3788 3200 3859 κοσμούμενος.

2126 3969 2547 4040 Ὀνειδιζόμενος
2607 3966 2711 4020 ὑπό
2763 3981 2903 4026 τινος
2957 3964 3039 4017 ὅτι
3090 3955 3623 4051 βαρϐαρίζει,.ἕφη,

2056 4062 2197 4132 Ἐγὼ
2229 4063 2326 4133 μὲν
2349 4061 2425 4132 τῷ
2441 4060 2603 4130 λόγῳ,
2634 4058 2787 4128 ὑμεῖς
2811 4055 2864 4108 δὲ
2888 4051 2964 4124 τῷ
2987 4053 3194 4124 τρόπῳ.

2126 4241 2184 4296 *υ
2232 4241 2392 4305 αὐτὸς
2432 4236 2766 4311 ἐρωτηθεὶς,
2819 4234 2872 4287 τί
2918 4231 3138 4302 ἄριστόν
3184 4230 3297 4281 ἐστι
3357 4224 3622 4296 μάθημα,

2045 4334 2171 4404 ἔφη,
2205 4334 2278 4386 Τὸ
2308 4329 2612 4401 ἀπομαθεῖν
2637 4327 2704 4380 τὰ
2737 4325 2904 4380 κακά.

436 4418 743 4474 Demonact.
768 4446 837 4455 —-
856 4413 1092 4479 indocti,
1119 4423 1376 4484 tanquam
1397 4416 1580 4485 pisces
1611 4417 1780 4486 capti,
1810 4418 1942 4472 dum

2117 4423 2455 4492 Δημώνακτ.
2490 4450 2560 4463 —-
2586 4419 2649 4473 Οί
2677 4415 3013 4477 ἀπαίδευτοι,
3046 4408 3298 4480 καθάπερ
3325 4407 3377 4460 oi
3410 4405 3626 4460 ἁλιευό-

370 4512 689 4575 trahuntur,
733 4509 915 4565 silent.

434 4605 655 4675 Diogen.
680 4634 749 4646 -—
772 4605 1015 4674 Rogatus
1045 4599 1193 4673 quod
1223 4616 1363 4656 onus
1389 4609 1534 4656 terra
1554 4601 1942 4673 gravissimum

366 4697 666 4753 sustineret
694 4715 706 4749 :
740 4695 1054 4758 lndoctum,
1091 4695 1293 4765 inquit,
1322 4695 1623 4750 hominem.

437 4774 750 4858 Eristippus
783 4786 1121 4858 Cyrenaicus
1169 4787 1534 4856 philosophus
1561 4788 1942 4844 adolescentes

366 4880 573 4935 hortari
629 4879 864 4943 solebat,
905 4889 967 4933 ut
1019 4879 1149 4932 talia
1178 4877 1284 4932 sibi
1346 4878 1546 4933 viatica
1604 4888 1941 4949 quaererent,

366 4984 490 5038 qua:
516 4983 639 5023 cum
680 4968 815 5037 ipsis
837 4967 891 5022 in
926 4966 1213 5036 naufragio
1236 4975 1462 5021 enatare
1484 4980 1731 5037 possent.

437 5059 620 5114 Solon.
651 5090 722 5100 ——
748 5059 885 5113 Cum
919 5059 970 5112 ei
999 5056 1333 5127 quandoque
1370 5059 1578 5128 probro
1607 5066 1945 5123 verteretur,

368 5150 514 5218 quod
546 5149 810 5202 intentata
840 5149 937 5202 lite
957 5154 1234 5203 oratorem
1274 5148 1528 5214 mercede
1585 5148 1945 5202 redemisset:

369 5241 533 5303 Sane,
571 5239 770 5309 inquit,
803 5255 928 5294 nam
969 5248 1024 5293 et
1057 5252 1271 5293 caenam
1302 5239 1677 5295 instructurus
1708 5254 1946 5309 coquum

370 5332 643 5389 conduco.
817 5335 831 5346 ‘

444 5421 744 5478 Cleanthes.
774 5454 843 5463 —
865 5422 1385 5487 Aiebat,Cleantlies
1433 5439 1548 5487 eos,
1586 5422 1677 5493 qui
1703 5420 1950 5491 discipli-

374 5514 462 5571 nis
487 5515 956 5583 carercntt'orma,
990 5515 1258 5570 duntaxat
1290 5530 1323 5570 a
1359 5514 1553 5570 bestiis
1591 5514 1839 5570 diiferre.

2043 4535 2194 4590 μενοι
2227 4515 2429 4585 ἰχθύες,
2460 4512 2743 4580 ἑλκόμενοι
2774 4507 2987 4575 σιγῶσι.

2112 4606 2415 4677 Διογένης.
2456 4634 2524 4644 -
2576 4600 2938 4673 Ἐρωτηθεὶς,
2974 4598 3026 4650 τί
3066 4597 3138 4666 γῆ
3182 4591 3481 4665 βαρύτερον
3530 4586 3630 4659 βα·-

2042 4700 2248 4764 στὰζει,
2284 4698 2411 4766 ἔφη,
2447 4695 2766 4764 Ἄνθρωπον
2791 4690 3135 4744 ἀπαίδευτον.

2123 4792 2469 4862 Ἐρίστιππος
2516 4785 2562 4819 ³⁸
2593 4788 2620 4838 ὁ
2664 4780 3004 4855 Κυρηναῖκδς
3044 4778 3351 4850 φιλόσοφος,
3383 4789 3628 4845 παρεκε-

2045 4887 2232 4942 λεύετο
2248 4883 2360 4945 τοῖς
2375 4879 2516 4941 νέοις
2532 4876 2755 4931 τοιαῦτα
2780 4872 2963 4942 ἐφόδια
2981 4870 3235 4936 κτᾶσθαι,
3259 4868 3419 4921 ἆτινα
3441 4866 3632 4927 αὐτοῖς

2047 4976 2141 5030 καὶ
2165 4973 2508 5041 ναυαγήσασι
2541 4964 3063 5034 συνεκκολυμῦἡσει.

2119 5068 2260 5121 Σόνῑ.
2283 5095 2352 5107 --
2393 5057 2811 5129 Ὀνειδιζόμενός
2860 5073 3008 5112 ποτε,
3044 5056 3123 5107 ὅτι
3152 5052 3307 5119 δίκην
3336 5048 3477 5118 ἔχων
3510 5048 3636 5117 ἐμι-

2052 5157 2296 5209 σθώσατο
2350 5154 2578 5224 ῥήτορα,
2614 5151 2723 5203 Καὶ
2761 5146 2891 5215 γὰρ,
2936 5144 3062 5212 ἔφη,
3090 5143 3216 5195 ὅταν
3251 5139 3465 5192 δεῖπνον
3499 5135 3633 5206 ἔχω,

2059 5249 2314 5318 μάγειρον
2342 5243 2669 5314 μισθοῦμαι)
3590 5264 3593 5267 ς

2127 5420 2478 5474 1ι’λεάνθ.--
2528 5415 2840 5483 Κλεάνθης,
2886 5414 3012 5475 τοὺς
3061 5404 3443 5472 ἀπαιδεύτους,

2054 5516 2119 5583 τῇ
2150 5515 2328 5582 μορφῇ
2361 5510 2467 5564 τῶν
2500 5509 2701 5580 θηρίων
2728 5504 3025 5575 διαφέρειν.

1646 5631 1881 5688 γΛιιΙΑᾱ
1917 5630 2321 5690 LECTIONES.

376 5696 424 5734 ³⁸
476 5699 787 5772 Ἀρίστιππ.
810 5702 976 5758 Gesn.
