4066 6146
289 329 393 392 825

1511 315 1517 321 ’
1602 332 1771 394 LOCI
1809 292 2249 395 COMMUNES.

3439 324 3553 391 826‘

363 445 639 499 Γλύκων.
679 474 746 485 --
776 443 997 498 Γλύκων
1017 445 1049 497 ὀ
1079 442 1376 515 σοφὸςξτὴν
1408 445 1651 499 παιδείαν
1669 446 1854 513 ἔλεγεν

2056 444 2608 516 Clycon.—Glycon
2659 443 2904 514 sapiens,
2948 441 3258 499 doctrinam
3336 454 3556 496 sacrum

299 538 441 609 lep’w
472 537 667 591 ἄσυλον
695 533 853 591 εἶναι.

378 629 725 697 Ἐμπεδοκλ.
767 659 841 672 --
891 629 1257 699 Ἐμπεδοκλῆς
1285 631 1313 681 ό
1348 629 1576 699 φυσικὸς
1621 630 1753 701 πρὸς
1786 631 1876 685 τὸν

295 718 544 787 λέγοντα,
565 721 648 774 ὅτι
672 720 877 775 Οὐδένα
902 721 1065 790 σοφὸν
1087 720 1320 791 δύναμαι
1341 720 1521 791 εὑρεῖν
1539 721 1679 775 κατὰ
1696 722 1875 790 λόγον,

298 804 441 874 εἶπε,
476 811 580 864 Τὸν
608 810 717 882 γὰρ
752 809 1021 884 ζητοῦντα
1051 811 1232 880 σοφὸν,
1255 811 1419 882 αὑτὸν
1454 813 1715 882 πρότερον
1739 808 1876 867 εἶναι

298 900 378 954 δεῖ
403 902 581 971 σοφόν.
1234 917 1240 923 ·

386 1067 600 1149 ’Ῐέρωνκ
629 1112 699 1127 ο·-
735 1082 914 1154 Ἱέρων
944 1084 973 1137 ὁ
1002 1082 1221 1148 Σικελὸς
1241 1083 1525 1155 τύραννος,
1545 1081 1878 1155 Ξενοφάνους

301 1172 405 1225 τοῦ.
423 1173 761 1241 Κολοφωνίου
796 1174 1020 1244 ποιητοῦ
1073 1175 1337 1244 ψέγοντος
1396 1176 1676 1248 Ὅμηρον,
1731 1175 1879 1248 ἠρώ-

302 1279 464 1332 τησεν
497 1263 678 1328 αὐτὸν,
702 1265 910 1329 Πόσους
947 1266 1166 1330 οξκέτας
1189 1266 1362 1338 ἕχεις;
1399 1267 1494 1321 τοῦ
1518 1268 1582 1321 δὲ
1609 1268 1875 1332 εἰπόντος,

302 1352 436 1419 Δύο,
492 1355 588 1409 καὶ
636 1356 860 1420 τούτους
923 1360 1083 1427 μόγις
1127 1358 1384 1429 τρέφειν’
1451 1360 1565 1413 Οὐκ
1612 1357 1874 1431 αἰσχύνῃ,

302 1445 486 1514 φησὶν,
516 1446 766 1518 Ὅμηρον
810 1447 1022 1518 ψέγων,
1065 1449 1123 1513 ὃς
1170 1448 1522 1521 μετηλλαχὼς
1566 1449 1814 1512 πλείονας
1840 1448 1874 1517 ἢ

304 1534 535 1604 μυρίους
560 1537 786 1607 τρέφεις

368 1627 673 1681 Καπιόνου
705 1628 993 1697 φιλοσόφ.
1031 1659 1102 1669 -
1126 1628 1419 1698 Φιλόσοφος
1439 1631 1484 1661 ’⁷
1509 1630 1647 1702 ἔχων
1671 1632 1765 1685 δύο
1785 1650 1881 1702 μα-

299 1714 488 1786 θητὰς,
511 1716 607 1771 ἕνα
635 1718 735 1787 μὲν
758 1718 930 1789 ἀφυῆ,
958 1719 1244 1788 φιλόπονον
1267 1720 1325 1773 δέ
1352 1737 1366 1753 ο
1388 1720 1577 1791 ἕτερον
1596 1721 1654 1774 δὲ
1680 1721 1875 1790 εὐφυῆ,

1985 536 2195 607 asylum
2216 551 2338 591 esse
2371 535 2610 590 dicebat.

2054 627 2359 698 Empedocl.
2382 658 2454 667 —
2476 625 2856 695 Empedocles,
2884 620 3155 677 naturalis
3169 620 3558 692 philosophus,

1983 726 2251 789 querente
2304 717 2543 787 quodam
2607 715 2754 786 quod
2796 713 3072 770 neminem
3125 710 3341 765 ratione
3393 717 3560 778 atque

1983 811 2171 865 animo
2216 809 2521 880 sapientem
2579 807 2917 869 oll‘enderet,
2976 801 3305 873 respondit:
3350 800 3560 869 Nempe

1982 908 2202 971 oportet
2254 915 2404 965 eum,
2437 900 2533 970 qui
2567 898 2872 969 sapientem
2911 896 2986 951 sit
3018 894 3378 967 quaesiturus,
3406 891 3562 963 prius

1984 993 2294 1063 sapientem
2319 1006 2462 1047 esse.

2053 1084 2277 1137 Hieron.
2302 1112 2375 1123 —
2400 1081 2606 1137 Hieron
2631 1078 2850 1135 Siculus
2875 1088 3164 1150 tyrannus,
3201 1089 3326 1130 cum
3377 1072 3564 1127 Xeno-

1983 1175 2193 1245 phanes
2225 1171 2603 1242 COIOphonius
2644 1179 2808 1240 poeta
2838 1169 3141 1224 Homerum
3180 1166 3560 1235 vituperaret,

1984 1272 2121 1335 quot
2165 1263 2400 1319 famulos
2455 1262 2708 1327 haberet,
2763 1259 3149 1331 interrogavit.
3198 1257 3411 1325 Illoque
3473 1268 3565 1307 re-

1984 1355 2397 1426 spondente,'se
2422 1354 2564 1409 duos
2586 1353 2815 1418 habere,
2836 1353 3039 1421 vixque
3057 1350 3168 1404 illis
3188 1347 3385 1403 alendo
3409 1360 3561 1400 esse:

1984 1449 2106 1503 Non
2136 1458 2190 1503 te
2232 1446 2424 1517 pudet,
2462 1444 2644 1515 inquit
2689 1453 2976 1515 tyrannus,
3009 1442 3310 1496 Homerum
3339 1437 3563 1505 vitupe-

1985 1556 2134 1603 rare,
2163 1541 2257 1611 qui
2288 1541 2476 1610 plures
2513 1537 2707 1593 decem
2739 1536 2988 1591 millibus
3018 1533 3131 1589 fato
3155 1532 3381 1587 functus
3423 1527 3568 1582 alit?

2053 1629 2264 1699 Capion
2323 1627 2690 1698 philosophus
2749 1626 2911 1682 binos
2961 1623 3178 1679 habens
3233 1619 3564 1689 discipulos,

1986 1721 2220 1775 alterum
2275 1719 2503 1789 quidem
2553 1718 2715 1773 tardo
2759 1717 3011 1788 ingenio,
3059 1715 3157 1771 sed
3185 1713 3379 1769 labore
3420 1718 3564 1767 stre-

297 1807 463 1876 ἀργὸν
483 1807 561 1872 δὲ,
586 1803 757 1874 εἶπεν,
777 1808 1101 1881 Ἀμφότεροι
1127 1808 1452 1873 ἀπόλλυσθε,
1475 1811 1557 1863 ὅτι
1581 1811 1646 1865 σὺ
1670 1801 1875 1881 μὲνθέ-

1981 1823 2197 1876 nuum;
2260 1804 2498 1865 alterum
2563 1824 2700 1864 vero
2763 1808 2939 1878 proba
3003 1806 3194 1862 indole
3253 1813 3568 1871 naturaque

297 1893 424 1959 λων,
456 1896 517 1948 οὐ
552 1896 786 1971 δυνήσῃο
816 1900 880 1953 σὺ
908 1899 964 1953 δὲ
982 1898 1298 1969 δυνάμενος,
1323 1900 1383 1953 οὐ
1410 1898 1602 1962 θέλεις.

293 2097 402 2138 νιε.

377 2179 436 2232 '0
467 2178 628 2241 αὐτὸς
654 2179 830 2248 ἔλεγε,
866 2179 1135 2250 μεγάλους
1167 2178 1247 2232 δεῖ
1288 2176 1589 2248 λαμϐάνειν
1648 2175 1877 2245 μισθοὺς

298 2269 556 2341 μαθητῶν
591 2272 715 2333 τοὺς
747 2269 1099 2333 διδασκάλους
1128 2285 1143 2299 ο
1169 2268 1321 2339 παρά
1362 2269 1461 2339 μὲν
1495 2268 1604 2321 τῶν
1635 2266 1874 2335 εὐφυῶν,

294 2361 378 2413 ὅτι
430 2359 600 2414 πολλὰ
657 2360 1026 2430 μανθάνουσι·
1067 2361 1221 2432 παρά
1264 2361 1322 2414 δὲ
1368 2360 1477 2414 τῶν
1536 2358 1747 2429 ἅφυῶν,
1794 2357 1877 2409 ὅτι

297 2450 468 2511 πολὺν
495 2454 662 2507 κόπον
690 2453 1042 2526 παρέχουσιν.

376 2626 439 2680 Ὀ
468 2627 631 2691 αὐτὸς
659 2629 989 2701 ἐρωτηθεὶς,
1034 2629 1087 2682 τί
1128 2630 1277 2700 αὐτῷ
1307 2630 1532 2698 γέγονεν
1559 2631 1623 2683 ὲκ
1658 2628 1875 2697 φιλοσο-

296 2719 443 2788 φίας,
478 2718 604 2791 ἔφη,
643 2720 718 2773 Τὸ
762 2721 1141 2784 ἀνεπιτάκτως
1187 2720 1380 2785 ποιεῖν,
1415 2720 1451 2775 ἆ
1479 2737 1622 2784 τινες
1666 2720 1755 2773 διὰ
1786 2718 1879 2772 τὸν

296 2813 362 2866 tat
387 2811 497 2866 τῶν
526 2811 707 2883 νόμων
731 2811 896 2884 φόϐον
930 2811 1194 2868 ποιοῦσιν.

919 2992 1257 3049 Φιλιστίων.

436 3083 809 3152 Μαθημάτων
850 3084 1120 3154 φρόντιζε
1155 3085 1417 3154 μᾶλλον,
1463 3086 1503 3154 ἢ
1537 3081 1873 3154 χρημάτων.

547 3154 973 3236 τὰρμαθήμᾳτ’
992 3156 1234 3236 εψπορεῖ
1259 3159 1331 3210 τὰ
1353 3156 1653 3236 χρήματα.

451 3222 561 3295 Ἐκ
586 3222 695 3295 τοῦ
734 3225 950 3281 παθεῖν
979 3227 1238 3295 γίνωσκε
1271 3222 1487 3280 καΓτῦ
1512 3222 1870 3295 συμπαθεῖν.

438 3293 547 3348 Καὶ
568 3293 667 3348 σοὶ
696 3294 806 3364 γὰρ
836 3293 1028 3359 ἄλλος
1056 3295 1516 3364 συμπαθήσεται
1547 3294 1772 3350 παθών.

446 3364 521 3417 Τὰ
537 3363 845 3434 σπουδαῖα
867 3364 1092 3434 μελέτα
1119 3363 1215 3418 καί
1246 3365 1356 3418 τόν
1376 3367 1582 3434 νόμον.

447 3431 589 3488 Ἐάν
617 3451 672 3488 τι
693 3431 1087 3504 παρηκμακὼς
1113 3431 1539 3504 μανθάνῃςζμὴ
1557 3437 1876 3505 αίσχύνου,

369 3548 587 3603 Βέλτιον
609 3549 717 3620 γὰρ
746 3548 989 3620 ὀψιμαθῆ
1017 3549 1301 3604 καλεῖσθαι
1328 3549 1361 3621 ἢ
1389 3549 1597 3620 ἀμαθῆ.

371 3728 633 3795 Θεόκριτ.
669 3755 740 3767 —-
773 3724 1063 3797 Θεόκριτος
1115 3725 1144 3777 ὁ
1202 3726 1333 3788 Χῖος
1388 3724 1597 3794 ἀφυοῦς
1649 3726 1877 3797 ποιητοῦ

254 3819 562 3891 ,ἀκρόασιν
586 3817 929 3888 ποιούμενος,
982 3816 1338 3887 ἐρωτώμενος
1366 3816 1459 3870 ὑπ’
1502 3816 1700 3887 αὐτοῦς,
1752 3817 1880 3872 ποῖά

297 3910 415 3964 ἔστι
442 3908 624 3973 καλῶς
653 3906 936 3979 εἰρημένα,
969 3906 1095 3978 ἔφη,
1132 3907 1201 3959 ’Δ
1229 3906 1555 3978 παρέλιπες.

373 4001 485 4057 Τοῦ
513 4000 720 4055 αὑτοῦ.
753 4029 822 4042 -
858 3999 918 4053 ὐ
950 3998 1050 4069 μὲν
1071 3999 1336 4069 γεωργὸς,
1357 3999 1457 4069 τὴν
1484 4000 1616 4071 γῆν·
1647 4002 1676 4055 ὁ
1707 4000 1762 4054 δὲ
1792 4017 1880 4070 φι-

297 4090 525 4161 λόσοφος
549 4090 648 4160 τὴν
679 4088 856 4161 ψυχὴν
890 4087 982 4156 ὲξη
994 4090 1169 4159 μεροῖ.

382 4184 484 4235 Ἐκ
514 4181 620 4235 τοῦ
639 4181 961 4250 Δημοκράτ.
980 4179 1270 4247 Ἰσοκράτ.
1305 4181 1399 4235 καί
1418 4180 1793 4248 Ἐπικτήτου.
1813 4210 1880 4221 -

297 4270 410 4342 Τῆς
444 4271 692 4336 παιδείας
724 4271 911 4342 ὥσπερ
941 4270 1144 4343 χρυσοῦ
1176 4271 1235 4325 τὺ
1263 4271 1508 4326 καλὸνὲν
1537 4273 1705 4327 παντὶ
1726 4273 1879 4343 τόπῳ

296 4365 503 4420 τίμιον.

450 4454 649 4524 Σοφίαν
697 4457 726 4509 ό
760 4454 982 4520 ἀσκῶν,
1044 4455 1355 4526 ἐπιστήμην
1411 4453 1695 4525 τὴνκπερὶ
1744 4453 1879 4507 Θεοῦ

301 4548 480 4601 ἀσκεῖ.

1984 1901 2251 1967 habilem,
2287 1901 2384 1957 sed
2412 1900 2655 1956 otiosum
2692 1917 2758 1957 ac
2781 1915 3029 1972 segnem,
3075 1898 3235 1953 dixit.
3266 1896 3431 1967 586
3456 1892 3569 1950 Vo-

296 1990 405 2046 bis-
442 1990 714 2049 ambobus
758 2001 945 2049 actum
997 2002 1111 2060 est,
1166 1993 1379 2051 idcirco
1425 1993 1579 2063 quia,
1636 1999 1696 2046 tu
1751 2007 1879 2047 cum
1918 1994 2078 2060 velis,
2116 2008 2227 2049 non
2283 1994 2530 2064 poteris;
2574 2003 2632 2048 tu
2700 2001 2888 2048 autem
2956 1992 3053 2062 qui
3096 1990 3304 2054 valeas,
3338 1985 3569 2041 minime

2048 2170 2198 2225 Idem
2254 2168 2496 2234 dicebat,
2557 2163 2850 2239 magistros
2907 2183 2939 2223 a
2998 2166 3294 2238 discipulis
3350 2168 3560 2239 ingenti

1977 2261 2260 2332 stipendio
2303 2260 2591 2315 donandos
2630 2276 2793 2316 esse:
2840 2260 2911 2316 ab
2937 2260 3008 2316 iis
3034 2261 3133 2330 qui
3162 2260 3312 2316 felici
3343 2261 3571 2331 ingenio

1977 2355 2091 2410 sint
2120 2368 2187 2408 ac
2218 2352 2470 2422 ingenui,
2514 2352 2663 2422 quod
2697 2353 2873 2408 multa
2921 2352 3172 2418 discant;
3214 2352 3282 2406 ab
3313 2351 3382 2407 iis
3430 2367 3568 2407 vero

1976 2443 2073 2515 qui
2113 2443 2269 2499 tardo
2290 2457 2355 2497 ac
2381 2441 2528 2507 rudi,
2558 2442 2709 2512 quod
2759 2443 3033 2499 molestiae
3077 2443 3379 2513 plurimum
3409 2442 3567 2497 exhi-

1977 2538 2166 2593 beant.
3081 2538 3085 2547 '

2045 2629 2195 2685 Idem
2246 2629 2656 2700 interrogatus,
2706 2628 2838 2702 quid
2884 2644 2953 2684 ex
3004 2627 3355 2699 philosophia
3402 2642 3556 2684 com-

1976 2722 2126 2777 modi
2149 2729 2296 2778 esset
2323 2731 2679 2787 consecutus,
2715 2720 3039 2791 respondit:
3080 2720 3154 2776 Ut
3187 2736 3217 2775 a
3244 2736 3330 2775 me
3362 2722 3479 2791 ipse
3503 2737 3569 2776 ae

1978 2813 2224 2883 iniussus
2282 2812 2504 2879 faciam,
2562 2828 2687 2884 qua:
2745 2812 2839 2867 alii
2896 2811 3122 2883 quidam
3179 2813 3364 2884 legum
3414 2828 3565 2868 metu

1977 2911 2265 2975 praestant.

2625 2995 2925 3052 Philistion.

1983 3088 2245 3161 Majorem
2276 3089 2570 3161 disciplinis
2616 3105 2802 3142 curam
2855 3090 3065 3155 adhibe,
3099 3105 3258 3159 quam
3293 3089 3567 3160 pecuniis:

1980 3159 2120 3231 Nam
2153 3159 2448 3231 disciplinis
2480 3160 2732 3231 pecunias
2765 3160 3133 3231 suppeditant.

1986 3227 2221 3283 Dolendo
2253 3227 2414 3285 etiam
2452 3227 2729 3283 condolcre
2758 3227 2964 3293 discito,

1899 3293 1943 3352 C
1974 3297 2115 3369 Nam
2146 3308 2197 3352 et
2229 3299 2369 3354 alius
2396 3300 2487 3353 tibi
2511 3297 2859 3361 condolescet,
2903 3298 2995 3367 qui
3042 3301 3156 3369 ipse
3182 3298 3321 3353 alias
3369 3298 3559 3355 doluit.

1981 3366 2110 3438 Qua:
2141 3379 2266 3423 sunt
2284 3372 2428 3424 seria
2463 3369 2730 3438 legemque
2752 3366 3052 3421 meditator.

1980 3437 2039 3492 Si
2067 3439 2195 3508 quid
2224 3441 2373 3510 effeta
2397 3437 2525 3509 jant
2562 3446 2720 3493 (etate
2741 3438 3009 3501 didiceris,
3035 3454 3138 3492 non
3164 3446 3213 3492 te
3242 3438 3456 3508 pudeat.

2052 3549 2283 3605 Praestat
2315 3550 2466 3604 enim
2498 3548 2712 3614 audire,
2751 3549 2848 3619 qui
2899 3564 3025 3604 sero
3080 3549 3366 3618 didiceris,
3398 3566 3564 3621 quam

1978 3641 2074 3710 qui
2104 3640 2365 3696 indoctus
2389 3641 2485 3695 sis.

2053 3728 2310 3783 Theocrit.
2338 3758 2409 3769 ——
2441 3726 2773 3782 Theocritus
2792 3726 2966 3784 Chius
3001 3728 3193 3784 audito
3248 3730 3373 3785 rudi
3402 3739 3566 3802 poeta

1980 3828 2036 3877 et
2070 3819 2334 3889 illepido,
2382 3825 2745 3889 percontante
2791 3817 2937 3873 illo:
2988 3818 3250 3885 Quaenam
3303 3822 3443 3878 scite
3500 3840 3566 3879 ac

1979 3912 2261 3981 eleganter
2294 3909 2443 3964 dicta
2495 3916 2718 3964 essent:
2758 3908 2858 3974 Ea,
2909 3908 3111 3979 inquit,
3150 3926 3272 3980 quae
3305 3912 3563 3968 omisisti.

2050 4001 2326 4072 Ejusdem.
2353 3999 2702 4071 —Agricola
2750 4006 2976 4064 terram,
3024 4000 3391 4072 philosophus
3437 4004 3560 4058 ani-

1979 4109 2129 4149 mum
2158 4094 2380 4149 excolit.
3201 4140 3203 4142 .

2049 4186 2135 4240 Ea:
2175 4185 2504 4240 Democratis
2533 4185 2626 4256 (al.
2662 4182 3021 4254 Demonact.).
3077 4183 3302 4240 [sor-rat.
3350 4193 3399 4239 et
3431 4183 3565 4257 Ερῖ-
3641 4207 3644 4210 ’

1979 4281 2101 4333 ctcti
2131 4278 2420 4332 sententiis.
2449 4309 2518 4318 —
2541 4278 2821 4344 Scientiae,
2862 4279 3008 4333 sicut
3036 4277 3177 4345 auri,
3202 4292 3398 4350 magna
3437 4279 3567 4333 ubi-

1979 4386 2086 4441 que
2109 4360 2443 4425 existimatio
2471 4380 2576 4427 est.

2052 4463 2123 4527 ls,
2153 4461 2246 4532 qui
2286 4462 2617 4532 sapientiam
2665 4462 2818 4529 colit,
2863 4477 2983 4517 eam
3015 4478 3138 4532 quae
3190 4460 3259 4517 de
3313 4462 3426 4517 Deo
3459 4471 3569 4524 est.

1981 4551 2268 4607 scientiam
2298 4551 2450 4605 colit.

380 4636 491 4690 Τοῦ
511 4636 794 4692 αὑτοῦ.-
816 4637 978 4691 Οὐδὲν
1013 4639 1070 4690 ἐν
1119 4635 1279 4701 ζώοις
1347 4636 1639 4691 κάλλιστόν
1689 4639 1837 4690 ἐστιν
1860 4676 1876 4702 ,

2054 4640 2331 4711 Ejusdem.
2362 4670 2432 4680 —
2463 4640 2686 4694 Nullum
2715 4647 2801 4694 est
2833 4640 2972 4695 adeo
3011 4639 3305 4710 pulchrum
3340 4639 3569 4707 animal,
3629 4636 3641 4652 ‘

303 4729 380 4793 ὡς
424 4729 710 4801 ἄνθρωπος
748 4729 967 4800 παιδείᾳ
993 4729 1428 4799 κεκοσμημένος.
1810 4788 1813 4789 ν

385 4821 754 4889 Ἀριστοτ.-
771 4820 905 4883 Ταῖς
933 4820 1033 4891 μὲν
1061 4820 1248 4873 πόλεσι
1270 4820 1341 4874 τὰ
1353 4820 1533 4890 τείχη,
1556 4822 1673 4884 ταῖς
1697 4819 1755 4874 δὲ
1781 4820 1885 4888 ψυ-

305 4914 427 4983 χαῖς
472 4914 501 4966 ὁ
548 4913 614 4966 ὲκ
677 4910 932 4976 παιδείας
979 4910 1136 4978 νοῦς,
1183 4911 1389 4983 κόσμον
1439 4910 1534 4966 καὶ
1582 4911 1886 4981 ἀσφάλειαν

306 5004 631 5074 παρέχεται.

374 5094 688 5164 Δημοκρίτ.
725 5094 770 5127 ¹⁹
792 5123 867 5139 -
898 5094 1202 5148 Νεανίσκου
1250 5095 1308 5148 ὲν
1342 5093 1556 5165 θεάτρῳ
1595 5094 1885 5167 ἐναϐρυνο-

307 5186 497 5261 μένου,
543 5186 638 5241 καὶ
676 5187 930 5255 λέγοντος
967 5185 1130 5255 σοφὸν
1169 5180 1331 5251 εἶναι,
1376 5184 1593 5250 πολλοῖς
1619 5187 1885 5256 ὁμιλήσας

307 5279 530 5347 σοφοῖς,
573 5274 693 5331 εἶπέ
749 5296 854 5344 τις,
900 5279 1072 5348 Κάγὼ
1130 5278 1345 5343 πολλοῖς
1369 5277 1669 5343 ⁸πλουσίοις
1693 5318 1708 5343 ,
1752 5278 1886 5332 ἀλλὰ

305 5368 564 5433 πλούσιος
584 5368 684 5423 οὐκ
714 5369 849 5441 εἰμί.
1492 5361 1495 5365 ⁴

1983 4740 2044 4786 ut
2077 4732 2245 4787 homo
2271 4731 2476 4786 litteris
2506 4747 2571 4786 ac
2603 4731 2934 4787 eruditione
2955 4740 3208 4787 ornatus.
3571 4785 3577 4791 .

2051 4825 2272 4886 Aristot.
2303 4854 2373 4864 —
2399 4822 2646 4877 Urbibus
2673 4823 2901 4893 quidem
2951 4825 3178 4892 moenia,
3217 4825 3420 4879 animis
3473 4840 3570 4879 au-

1981 4922 2114 4977 tem,
2144 4927 2301 4967 mens
2335 4928 2401 4967 ex
2459 4900 2769 4983 disciplinis
2816 4914 3035 4969 exculta
3072 4914 3244 4971 decus
3276 4925 3333 4970 et
3389 4915 3571 4970 muni-

1980 5013 2226 5059 mentum
2257 5011 2501 5073 praestat.

2055 5092 2334 5146 Democrit.
2368 5122 2439 5131 —
2464 5090 2601 5146 Cum
2629 5090 2850 5161 juvenis
2880 5091 2936 5146 in
2972 5092 3191 5148 theatro
3216 5093 3567 5164 gloriaretur,

1981 5192 2039 5237 et
2086 5183 2392 5253 sapientem
2441 5198 2500 5239 se
2546 5183 2893 5252 praedicaret,
2955 5191 3016 5238 ut
3067 5184 3161 5253 qui
3205 5200 3331 5239 cum
3383 5186 3571 5241 multis

1983 5274 2327 5344 sapientibus
2395 5282 2644 5330 versatus
2702 5282 2871 5340 esset,
2942 5275 3235 5345 respondit
3292 5276 3567 5346 quidam:

1982 5365 2098 5436 Ego
2125 5366 2290 5420 etiam
2315 5381 2441 5421 cum
2471 5365 2661 5420 multis
2701 5364 2973 5421 divitibus
3013 5373 3291 5426 versatus.
3321 5382 3430 5421 non
3482 5374 3569 5421 ta-

1987 5472 2113 5512 men
2147 5444 2301 5513 dives
2336 5473 2476 5513 sum.

1577 5570 1809 5626 VARIE
1843 5572 2255 5629 LECTIONES.

368 5670 415 5703 ’τ
444 5666 755 5741 ln_Melissa
798 5668 918 5724 aliis
949 5668 1230 5726 Theocriti
1270 5669 1598 5741 subjectum.
1676 5670 1721 5702 "
1754 5669 1867 5725 Bal.
1896 5669 1989 5725 τοῦ
2017 5669 2202 5740 αὐτοῦ,
2237 5669 2292 5725 id
2321 5677 2407 5727 est
2439 5667 2882 5737 Democratis,ut
2919 5676 2975 5726 et
3003 5667 3309 5738 sequentia.
3368 5669 3423 5707 ι’
3454 5667 3561 5720 Τοῦ

304 5736 470 5795 αὑτοῦ
507 5736 675 5793 Gesn.
