4066 6146
538 344 642 411 827

1684 344 1743 401 S.
1788 342 2075 401 ΜΛΧῙΜΙ
2112 340 2618 400 CONFESSORIS

613 454 761 508 Idem
797 452 872 505 ait
907 449 1047 505 haud
1068 463 1285 519 aequum
1314 442 1455 515 esse,
1484 464 1607 503 eum
1642 451 1735 520 qui
1760 451 1833 505 sit
1861 451 2113 505 eru'ditus
2146 455 2186 510 Α

3693 330 3813 392 823

2296 449 2353 502 '0
2381 450 2542 512 αὐτὸς
2584 447 2709 518 ἔφη,
2750 447 2812 501 οὐ
2852 446 3015 501 καλὸν
3057 440 3493 510 πεπαιδευμένον
3527 438 3587 491 ὲν
3623 437 3800 490 ἀπαι-

541 543 689 599 inter
715 557 810 597 eos
838 541 931 609 qui
963 540 1226 595 ineruditi
1253 549 1382 595 sunt
1411 555 1697 596 sermones
1733 542 2007 607 conferre,
2038 541 2117 595 uti

2235 540 2420 604 ῑεύτοις
2436 540 2797 609 διαλέγεσθαι,
2823 539 3012 610 ὥσπερ
3036 535 3157 591 οὐδὲ
3189 535 3427 605 νήφοντα
3478 528 3798 601 μεθύουσιν.

540 648 720 702 neque
749 629 992 685 sobrium
1030 630 1171 684 inter
1209 630 1407 686 ebrios.

612 721 887 791 Ejusdem.
910 750 981 760 -—
1005 720 1155 775 Idem
1188 720 1445 775 dicebat:
1494 721 1631 775 Eum
1665 723 1758 791 qui
1808 722 2119 793 disciplinis

543 811 875 875 instituitur,
913 810 1091 864 tribus
1125 810 1213 863 his
1237 824 1423 880 egere,
1476 810 1687 865 scilicet
1735 812 1919 882 genio,
1953 827 2120 867 exer-

544 903 809 958 citatione
838 917 901 956 ac
935 910 1204 971 tempore.
1747 914 1755 921 '

615 994 939 1065 OEnOpides.
979 1025 1050 1035 —
1090 994 1426 1064 (Enopidcs,
1481 995 1601 1050 viso
1655 996 1858 1067 juvene
1917 996 2123 1052 multos

543 1086 718 1141 libros
756 1087 1014 1152 habente,
1063 1100 1369 1154 eorumque
1425 1086 1532 1141 sibi
1588 1086 1804 1156 copiam
1850 1095 2101 1155 parante:

544 1175 663 1230 Non
688 1191 848 1241 arcae,
884 1175 1085 1245 inquit,
1119 1175 1219 1229 sed
1246 1175 1484 1245 pectori.

613 1266 762 1320 Idem
815 1264 1056 1330 dicebat,
1114 1264 1288 1320 libros
1338 1280 1532 1319 eorum
1582 1265 1680 1334 qui
1725 1265 1875 1320 docti
1935 1273 2125 1321 essent

545 1355 967 1411 commentarios
995 1370 1152 1422 esse;
1186 1371 1381 1411 eorum
1408 1370 1540 1411 vero
1570 1356 1666 1426 qui
1693 1356 1922 1424 indocti,
1949 1357 2126 1412 moni-

545 1449 755 1496 menta.
2018 1502 2029 1511 λ

616 1530 765 1586 Idem
799 1532 1020 1588 dicebat
1043 1541 1283 1590 mentem
1327 1534 1547 1606 genium
1572 1550 1714 1603 esse,
1740 1535 1903 1607 587
1932 1538 2125 1594 erudi-

546 1622 619 1677 tis
656 1624 880 1693 quidem
926 1625 1201 1682 bonorum
1250 1636 1577 1694 auctorem;
1621 1627 1916 1683 ineruditis
1967 1644 2122 1696 vero,

547 1713 838 1770 malorum.

2290 719 2399 774 Τοῦ
2429 718 2615 772 αὐτοῦ
2636 718 2701 770 ³⁸.
2738 747 2809 757 -
2844 712 3087 775 Ὀραῦτὸς
3118 711 3324 780 ἔλεγεν,
3372 708 3457 762 ὅτι
3490 706 3520 759 6
3542 703 3803 758 παιδευό-

2222 828 2382 881 μενος
2438 808 2608 880 τριῶν
2666 806 2873 862 τούτων
2924 803 3113 878 xysta
3140 842 3158 871 ,
3205 801 3425 872 φύσεως
3452 837 3470 865 ,
3538 795 3817 868 μελέτηςνη

2220 901 2561 1045 “gigans.
2619 1020 2689 1031 —
2736 986 3025 1057 Οἰνοπίδης
3080 983 3221 1057 ὀρῶν
3279 983 3563 1051 μειράκιον
3627 976 3803 1030 πολλὰ

2224 1082 2404 1152 βιϐλία
2458 1078 2760 1151 κτώμενον,
2818 1078 2944 1150 ἔφη,
2996 1075 3089 1147 Μὴ
3145 1076 3223 1145 τῇ
3264 1070 3486 1141 κιϐωτῷ
3543 1068 3685 1123 ἀλλὰ
3723 1066 3802 1137 τῷ

2224 1173 2561 1327 “ﬁgi-316;
2587 1262 2762 1330 ἔλεγε,
2796 1260 2865 1314 τὰ
2889 1258 3088 1330 βιϐλία,
3115 1256 3225 1309 τῶν
3267 1254 3366 1324 μὲν
3401 1248 3819 1323 μεμαθηκότων

2225 1356 2594 1427 ὑπομνήματα
2630 1347 2792 1419 εἶναι,
2816 1349 3007 1405 τῶνδὲ
3039 1346 3269 1419 ἀμαθῶν
3290 1345 3575 1416 μνήματα.

2309 1532 2370 1586 '0
2415 1531 2577 1595 αὐτὸς
2630 1523 2750 1583 εἷπε
2776 1510 2809 1592 ,ν
2863 1523 2956 1578 τὸν
3020 1521 3145 1578 νοῦν
3204 1514 3494 1588 παραίτιον
3549 1512 3813 1582 δαίμονα,

2224 1626 2336 1688 τοῖς
2368 1624 2465 1694 μὲν
2490 1619 2980 1690 πεπαιδευμένοις,
3018 1611 3237 1682 ἀγαθῶν
3257 1627 3271 1642 ·
3304 1611 3420 1671 τοῖς
3447 1608 3505 1664 δὲ
3534 1603 3801 1659 ιάπαιδεύ-

2226 1733 2359 1781 τοις,
2385 1713 2572 1769 κακῶν
2592 1709 2754 1766 εἶναι.

616 1802 827 1860 Socrat.
869 1836 941 1847 —
982 1808 1240 1864 Socrates
1299 1809 1667 1880 philosophus
1724 1809 2120 1881 interrogatus,

2303 1780 2560 1873 Σωκράτ.
2595 1833 2668 1845 -—
2693 1798 2988 1869 Σωκράτης
3015 1797 3044 1849 6
3071 1794 3360 1864 φιλόσοφος
3398 1784 3717 1881 ἐρωτηθεὶς,
3735 1782 3806 1836 Τί

548 1894 813 1963 quidnam
846 1898 902 1951 in
942 1898 1052 1953 vita
1071 1899 1533 1970 jucundissimum
1580 1908 1748 1967 esset,
1784 1901 2075 1971 respondit
2115 1921 2132 1959 :

550 1983 806 2041 Eruditio
831 1995 889 2042 et
917 1989 1116 2054 virtus,
1168 2003 1465 2059 rerumque
1496 1990 1808 2061 ignotarum
1851 1991 2130 2049 lustratio.

623 2072 817 2145 Stilpo.
847 2105 917 2115 —
947 2075 1122 2146 Stilpo
1174 2075 1478 2147 Megaricus
1523 2078 1914 2148 philosophus,
1971 2086 2132 2148 capta

549 2163 726 2234 patria
752 2180 817 2220 ac
862 2164 1078 2236 direpta
1119 2182 1151 2221 a
1190 2167 1469 2222 Demetrio
1520 2175 1773 2239 tyranno,
1820 2169 2022 2223 ductus
2060 2168 2127 2223 ad

550 2271 759 2327 regem,
797 2256 950 2311 etab
985 2271 1052 2311 eo
1080 2256 1475 2328 interrogatus,
1510 2274 1643 2313 num
1681 2260 1877 2329 etipse
1911 2260 2127 2329 aliquid

550 2345 864 2401 amisisset?
909 2346 1135 2412 Eorum,
1190 2347 1390 2417 inquit,
1426 2363 1551 2417 quae
1596 2363 1716 2401 mea
1766 2356 1916 2412 sunt,
1948 2348 2124 2415 nihil;

549 2437 758 2493 etenim
808 2436 1118 2491 doctrinam
1166 2437 1346 2494 habeo
1379 2445 1435 2492 et
1464 2437 1871 2502 eruditionem;
1913 2437 2126 2507 reliqua

548 2540 705 2592 vero,
736 2524 870 2595 quid
892 2533 978 2581 est
1002 2540 1102 2581 cur
1129 2526 1314 2597 potius
1356 2541 1501 2592 mea,
1535 2540 1700 2596 quam
1747 2524 2127 2581 obsidentium

550 2615 745 2672 ducam
763 2616 791 2671 ἓ

619 2713 769 2769 Idem
794 2728 921 2768 cum
960 2728 991 2768 a
1034 2713 1316 2769 Demetrio
1359 2713 1577 2784 direpta
1605 2712 1741 2768 urbe
1775 2713 1857 2768 sic
1897 2728 2124 2784 rogare-

2231 1898 2444 1969 ἥδιστον
2476 1897 2538 1948 ἐν
2565 1893 2644 1965 τῷ
2668 1893 2786 1963 βίῳ;
2815 1890 2941 1959 ἔφη,
2969 1884 3203 1940 Παιδεία.
3219 1883 3316 1937 καὶ
3344 1879 3518 1951 ἁρετὴ
3544 1878 3638 1933 καὶ
3664 1876 3806 1928 ἱστο-

2232 1989 2323 2060 ρία
2343 1987 2450 2041 τῶν
2473 1984 2873 2055 ἀγνοουμένων.

2299 2077 2592 2131 Στίλπων.
2629 2105 2700 2116 -
2739 2073 2986 2127 Στίλπων
3044 2071 3073 2124 6
3125 2064 3445 2136 Μεγαρικὸς
3495 2059 3818 2130 φιλόσοφοςμ

2229 2168 2475 2238 ἁλούσης
2516 2166 2681 2221 αὐτοῦ
2724 2169 2824 2236 τῆς
2876 2163 3133 2234 πατρίδος
3184 2157 3288 2212 ὑπὸ
3337 2151 3650 2225 Δημητρίου
3712 2147 3803 2202 τοῦ

2171 2323 2180 2332 _
2226 2261 2490 2332 τυράννου
2505 2258 2600 2311 καὶ
2622 2255 3039 2327 διαρπαγείσης,
3063 2247 3317 2320 ἀναχθεὶς
3339 2246 3433 2298 ἐπὶ
3446 2244 3536 2297 τὸν
3562 2239 3820 2332 βασιλέα,

2350 2350 2724 2423 ἐρωτώμενος,
2767 2347 2821 2400 εί
2840 2363 2892 2399 τι
2921 2344 2988 2415 δὴ
3009 2342 3173 2405 αὐτὸς
3202 2338 3455 2397 ἀπώλεσε
3475 2374 3492 2400 ,
3514 2334 3636 2388 Τῶν
3660 2331 3809 2423 έμῶν

2229 2446 2327 2516 μὲν
2353 2422 2525 2506 οὐδὲν,
2557 2441 2660 2509 ἔφη
2684 2453 2698 2467 ·
2720 2438 2812 2491 τὸν
2838 2436 2947 2507 γὰρ
2965 2434 3123 2503 λόγον
3145 2432 3238 2486 καὶ
3264 2430 3365 2499 τὴν
3390 2425 3637 2516 παιδείαν
3659 2422 3770 2516 έχω
3789 2435 3815 2451 ι

2223 2511 2293 2587 τὰ
2325 2532 2383 2585 δὲ
2421 2528 2606 2593 λοιπὰ,
2632 2525 2800 2581 ’διατί
2834 2523 3033 2596 μᾶλλον
3077 2519 3208 2591 ἐμὰ,
3243 2518 3275 2589 ἢ
3307 2517 3427 2586 οὐχὶ
3448 2514 3556 2567 τῶν
3585 2511 3811 2582 πολιορ-

2224 2623 2465 2679 κούντων
2482 2638 2501 2686 ;

2309 2716 2370 2770 ’0
2399 2712 2565 2775 αὐτὸς
2618 2708 2917 2783 ἐρωτηθεὶς
2966 2706 3068 2775 τῆς
3104 2702 3309 2765 πόλεως
3358 2696 3523 2754 αὑτοῦ
3568 2696 3822 2765 διαρπας

551 2810 680 2859 tur:
710 2804 852 2859 Num
897 2804 1031 2872 quid
1080 2813 1299 2859 tuarum
1341 2819 1525 2860 rerum
1572 2804 1677 2859 tibi
1724 2805 1968 2861 ablatum
2016 2812 2120 2873 est,

2235 2806 2463 2877 ’ξομένης
2487 2803 2593 2858 ὑπὸ
2621 2801 2959 2873 Δημητρίου,
2997 2798 3090 2870 Μὴ
3113 2795 3208 2851 καὶ
3231 2794 3342 2847 τῶν
3376 2790 3508 2856 σῶν,
3532 2786 3827 2850 Στίλπων..

554 2893 770 2963 Stilpo?
800 2893 973 2961 Nihil,
1004 2892 1205 2963 inquit.

623 2984 745 3040 Non
774 2992 1022 3039 armenta
1052 2982 1188 3037 mihi
1222 2984 1516 3054 quisquam
1545 2999 1668 3039 mea
1691 2984 1897 3057 abegit,
1925 3001 2127 3056 equos-

551 3091 655 3143 ve;
687 3086 744 3131 ει
764 3075 973 3146 alioqui
1002 3077 1219 3131 nullum
1270 3076 1385 3131 vidi
1422 3076 1683 3145 militum,
1717 3078 1814 3149 qui
1856 3078 2123 3133 virtutem
2151 3113 2194 3178 α

553 3165 803 3221 humeris
827 3167 1102 3222 sublatam
1132 3166 1397 3222 auferret.

623 3255 814 3311 Lusus.
844 3287 914 3300 —-
939 3255 1113 3313 Lasus
1142 3256 1484 3312 Hermeneus
1526 3257 1920 3329 interrogatus,
1962 3257 2131 3327 quid-

552 3363 680 3404 nam
706 3347 1177 3417 sapientissimum
1212 3356 1391 3404 esset:
1426 3345 1802 3418 Experientia,
1834 3349 2035 3419 inquit.

624 3438 795 3502 Idem,
826 3437 1045 3493 dicente
1072 3438 1122 3492 ei
1158 3437 1284 3492 rudi
1316 3438 1452 3492 artis
1476 3438 1685 3507 pictore
1707 3457 1721 3495 :
1743 3437 1921 3508 Opere
1956 3446 2133 3494 tecto-

556 3525 642 3584 rio
676 3526 829 3580 illine
860 3525 1085 3580 domum
1119 3534 1294 3588 tuam,
1333 3533 1395 3581 ut
1428 3542 1550 3581 eam
1599 3526 1855 3596 pingam:
1908 3526 2133 3582 Minime

555 3619 654 3684 ait,
690 3617 788 3674 sed
816 3626 874 3672 tu
900 3633 1019 3673 eam
1048 3618 1204 3689 prius
1233 3619 1420 3690 pinge,
1458 3625 1519 3673 ut
1563 3626 1753 3688 postea
1783 3618 2017 3675 illinam.

631 3794 914 3867 Protagor.
942 3827 1013 3837 —
1039 3796 1388 3866 Protagoras,
1421 3811 1523 3853 nec
1545 3806 1718 3852 artem
1756 3797 1875 3853 sine
1921 3796 2143 3851 εχει-εἰς

563 3887 794 3953 talione,
830 3903 935 3944 nec
970 3888 1427 3944 exercitationem
1471 3890 1589 3943 sine
1618 3897 1734 3944 arte
1773 3888 1982 3959 aliquid
2016 3901 2140 3943 esse

562 3977 804 4035 dicebat.

516 4142 520 4146 _
632 4072 873 4143 Epicuri.
910 4102 981 4112 —
1012 4072 1133 4128 Non
1167 4074 1355 4144 specie
1384 4080 1544 4128 tenus
1577 4087 1642 4127 ac
1669 4072 1925 4127 simulate
1953 4086 2144 4142 capes-

565 4163 737 4219 senda
779 4163 1155 4234 philosOphia,
1201 4165 1299 4219 sed
1342 4180 1493 4219 vere.
1544 4165 1665 4219 Non
1717 4163 1868 4218 enim
1917 4177 2144 4218 necesse

566 4250 838 4308 habemus
890 4262 951 4307 ut
982 4252 1171 4307 valere
1212 4252 1522 4319 videamur,
1571 4253 1668 4308 sed
1719 4260 1780 4307 ut
1819 4253 2001 4322 reipsa
2042 4269 2141 4307 va—

568 4342 796 4398 leamus.

2223 2894 2279 2947 τί
2306 2894 2655 2963 ἀφαιρεῖται;
2687 2885 2860 2956 εἶπεν,
2891 2886 3077 2941 Οὐδέν.

2297 2988 2372 3041 Οὐ
2432 2985 2541 3056 γὰρ
2600 2980 2808 3036 πώποτ’
2863 2978 3003 3050 ἐμὰς
3051 2975 3178 3047 βοῦς
3236 2975 3467 3047 ἤλασαν,
3540 2970 3662 3025 οὐδὲ
3712 2966 3827 3056 μὲν

2227 3084 2426 3136 ἵππους
2452 3085 2465 3100 ⁸
2512 3055 2692 3131 ἄλλως
2734 3083 2796 3120 τε
2841 3065 2929 3129 δὲ,
2977 3062 3169 3116 οὐδένα
3216 3057 3577 3131 στρατιωτῶν
3613 3055 3819 3125 ἀρετὴν

2230 3162 2316 3214 ἐπ’
2346 3157 2513 3226 ὤμων
2545 3155 2850 3225 ἐκφέροντα
2884 3147 3045 3205 εἶδον.

2299 3224 2523 3313 Λάσος.
2546 3224 2820 3306 -ίΛάσος
2855 3243 2883 3295 6
2927 3237 3234 3310 Ἐρμηνεῦς
3277 3234 3341 3306 (ι)
3374 3228 3671 3306 ἐρωτηθεὶς
3712 3224 3816 3281 ὑπὸ

2230 3358 2397 3405 τινος,
2436 3340 2488 3392 τί
2516 3337 2603 3407 εἴη
2626 3334 2960 3404 σοφώτατον,
2986 3333 3179 3400 Πεῖρα,
3202 3327 3335 3398 ἔφη.

2312 3433 2372 3486 '0
2401 3430 2583 3494 αὐτὸς,
2609 3425 2816 3496 ἀφυοῦς
2836 3423 3128 3495 ζωγράφου
3157 3421 3409 3488 λέγοντος
3431 3413 3603 3483 αὐτῷ,
3624 3409 3812 3465 Κονία-

2236 3524 2327 3578 σόν
2381 3539 2476 3575 σου
2525 3520 2623 3589 τὴν
2672 3516 2869 3580 οἰκίαν,
2921 3514 3010 3567 ἶνα
3057 3512 3226 3580 αὐτὴν
3270 3506 3643 3578 ζωγραφήσω,
3689 3501 3815 3570 ἔφη,

2234 3612 2531 3683 Οῠμενουν,
2569 3608 2699 3663 ἀλλὰ
2728 3606 2993 3677 πρότερον
3039 3602 3208 3671 αὐτὴν
3275 3597 3676 3668 ζωγράφησον,
3731 3590 3818 3644 ἵνα

2240 3704 2377 3778 μετὰ
2414 3702 2587 3757 ταῦτα
2615 3698 2728 3766 ἐγὼ
2765 3696 2937 3767 αὐτὴν
2963 3693 3222 3749 κονιάσω.

2283 3801 2561 3865 Πρωταγ.
2584 3786 3034 3862 -Πρωταγόρας
3068 3784 3244 3851 ἔλεγε,
3283 3780 3453 3853 μηδὲν
3492 3771 3655 3839 εῖναι,
3684 3774 3818 3846 μήτε

2237 3886 2435 3957 τέχνην
2453 3885 2581 3939 ἄνευ
2617 3880 2871 3952 μελέτης,
2899 3877 3035 3947 μήτε
3069 3873 3298 3946 μελέτην
3342 3872 3471 3925 ἄνευ
3499 3868 3716 3937 τέχνης.

2327 4058 2627 4126 Ἐπικούρ.
2646 4088 2711 4100 —-
2724 4055 2801 4109 Οὐ
2819 4049 3233 4125 προσποιεῖσθαι
3248 4047 3329 4101 δεῖ
3351 4043 3683 4115 φιλοσοφεῖν,
3708 4039 3820 4093 ἀλλῗ

2245 4157 2411 4217 ὅντως
2434 4150 2764 4223 φιλοσοφεῖν.
2832 4146 2906 4200 Οὐ
2944 4143 3053 4213 γὰρ
3083 4136 3461 4230 προσδεόμεθα
3509 4132 3604 4188 τοῦ
3650 4132 3820 4185 δοκεῖν

2249 4246 2534 4310 ὑγιαίνειν,
2560 4239 2698 4294 ἀλλὰ
2721 4237 2815 4291 τοῦ
2851 4234 2969 4290 κατ’
2991 4226 3250 4303 ἀλήθειαν
3285 4226 3572 4296 ὑγιαίνειν.

637 4433 951 4488 Demonact.
978 4461 1050 4472 —
1079 4432 1227 4489 Idem
1266 4432 1655 4503 interrogatus,
1702 4433 1829 4502 quis
1858 4434 1977 4503 ejus
2003 4450 2137 4505 prae-

2321 4429 2659 4500 Δημώνακτ.
2702 4453 2773 4467 —-
2813 4425 2871 4476 Ὁ
2926 4422 3086 4483 αὐτὸς
3145 4415 3477 4490 ἐρωτηθεὶς,
3529 4413 3614 4475 τίς
3662 4410 3824 4507 adeo?)

570 4536 763 4595 ceptor
798 4524 1111 4580 exstiterit:
1151 4524 1596 4592 Atheniensium,
1636 4526 1834 4595 inquit,
1872 4526 2146 4589 tribunal;

573 4629 769 4684 nempe
800 4615 1040 4671 obscure
1087 4614 1423 4685 signiﬁcans,
1459 4631 1644 4670 rerum
1693 4617 2150 4686 negotiorumque

573 4707 1011 4775 experientiam,
1078 4707 1230 4762 omni
1301 4708 1605 4778 sophistica
1667 4708 1960 4779 disciplina
2026 4722 2149 4764 esse

575 4796 1035 4866 praestantiorem.

654 4981 698 5014 ”
720 4980 807 5036 AI.
838 4979 1114 5051 Δημάδης.

2255 4521 2572 4583 διδάσκαλος
2626 4515 2866 4586 γεγονὼς
2923 4510 3127 4581 εῖη,Τδ
3180 4508 3288 4562 τῶν
3339 4505 3661 4575 Ἀθηναίων,
3697 4502 3828 4570 ἔφη,

2258 4617 2429 4687 βῆμα,
2471 4610 2748 4683 ἐμφαίνων
2782 4609 2863 4662 ὅτι
2904 4606 2939 4675 ή
2974 4603 3062 4657 διὰ
3091 4601 3201 4655 τῶν
3250 4596 3591 4669 πραγμάτων
3631 4597 3827 4687 “mg-

2258 4685 2371 4780 ρία,
2403 4706 2666 4777 κρείττων
2704 4701 2884 4770 πάσης
2939 4693 3257 4767 σοφιστικῆς
3286 4688 3637 4753 διδασκαλίας
3663 4685 3829 4745 ἐστίν.

1852 4909 2090 4967 ἾΑΗΙίΕ
2131 4903 2542 4964 LECTIONES.

2099 5066 2332 5125 NOTAE.

660 5166 747 5237 (ι)
786 5165 985 5233 Λᾶσος
1011 5168 1045 5237 ο
1087 5163 1556 5237 Ἑρμῃνεύςε-ὃίε
1582 5165 1749 5219 etiam
1772 5164 1967 5237 habuit
1987 5163 2151 5218 Gesn.

588 5234 969 5317 espress‘itque
1022 5235 1076 5289 in
1109 5235 1361 5317 versique
1412 5234 1903 5317 H‘errneneusnct‘si’
1951 5248 2013 5286 ea
2037 5248 2157 5317 χοι

592 5303 674 5358 illi
696 5306 752 5360 in
788 5303 991 5361 Grrecis
1018 5303 1242 5359 excidit.
1266 5304 1619 5359 Emendatius
1646 5304 1803 5359 Suid.
1831 5304 2007 5365 Λᾶσος
2037 5303 2153 5353 Xa-

592 5373 813 5445 Gpivou,
841 5374 1183 5445 Ἑρμιονεὺς.
1214 5375 1543 5445 πόλεωςίτῆς
1574 5371 2167 5445 ’AxatagLasus‘Cha-

595 5444 733 5498 brim’
766 5444 827 5498 F.

926 5444 1270 5497 ermionensis
1321 5459 1383 5497 ea:
1422 5442 1704 5497 Hermione
1753 5443 1878 5496 urbe
1925 5442 2166 5505 Arliaiw;

598 5527 762 5580 quem
812 5513 1256 5582 antiquissimum
1309 5522 1579 5567 memorat
1619 5514 1765 5568 circa
1816 5513 1930 5566 VIII
1961 5513 2163 5582 olyiup.

2260 5177 2406 5216 unus
2441 5177 2472 5215 e
2504 5168 2717 5229 septem
2739 5150 3677 5229 sapientibus_nonnullis__habitus,
3709 5147 3843 5229 loco:

2262 5219 2583 5301 Pimandri.‘
2611 5228 2736 5301 Sive
2780 5219 2911 5296 ergo
2942 5225 3187 5301 Ἐρμήνη
3241 5222 3357 5301 sive
3392 5220 3635 5301 Ἐρμόνη
3691 5219 3829 5301 dicta

2261 5310 2345 5354 cst
2368 5301 2489 5371 ejus
2523 5299 2739 5371 civitas,
2767 5286 3201 5371 patronymicum
3221 5298 3325 5371 est,
3350 5286 3716 5371 quo’dV'sicler.
3747 5286 3833 5371 illa

2264 5371 2350 5422 vel
2378 5359 2416 5422 a'
2449 5368 2616 5423 Suida
2636 5359 2783 5421 vela
2814 5359 3046 5419 Maximo
3083 5368 3310 5415 vocatus
3356 5367 3461 5413 est.
3521 5359 3679 5413 Facit
3714 5369 3831 5409 eum

2266 5437 2432 5492 Suida
2466 5449 2522 5493 et
2543 5436 2873 5505 Stephanus,
2904 5433 3009 5505 qui
3040 5432 3178 5505 ipsc
3241 5430 3512 5505 Ἑρμό-νην
3557 5434 3737 5505 vocat,
3768 5432 3839 5505 et

2265 5509 2531 5576 rationem
2565 5493 2966 5576 appellationis,
3010 5493 3126 5555 sive
3153 5493 3618 5576 etymum.ali‘crt,
3667 5503 3725 5550 ut
3752 5493 3836 5576 di:

601 5558 1344 5664 gempor‘euﬁaﬁrii"(lysi-aspis
1861 5558 1937 5635 ὗε
1960 5558 2166 5664 ηιῖιείῦιι
2262 5586 2417 5664 eatur
2444 5558 2694 5664 Ἔμμέοιν,
2725 5572 2883 5664 (μιθξρ
2909 5558 3662 5664 "9???anni‘!_£§£~mi’0rlu3,
3689 5560 3835 5635 (ιιιοά

600 5646 801 5722 libriin)
830 5646 1134 5722 scripserit,
1185 5646 1706 5722 dithyrambfum'in
1755 5661 2033 5722 certamen
2071 5649 2165 5722 de-

613 5718 842 5790 duxerit,
888 5718 951 5774 et
985 5718 1602 5790 orationum'judicialc
1643 5737 1814 5793 genus
1862 5721 2160 5776 docuerit:

2261 5647 2475 5717 Jupiter
2499 5637 2723 5702 ét'Juuo
2744 5637 2813 5698 ex
2836 5637 2995 5698 Creta
3021 5637 3087 5694 eo
3137 5637 3483 5709 appulerint.
