  <div class='ocr_page' id='page_1' title='image "/cluster/home/n/w/nwhite01/storage/ocr_20150623/91/mdp.39015022223195/418.png"; bbox 0 0 4066 6146; ppageno 0'>
   <div class='ocr_carea' id='block_1_1' title="bbox 335 377 448 443">
    <p class='ocr_par' dir='ltr' id='par_1_1' title="bbox 335 377 448 443">
     <span class='ocr_line' id='line_1_1' title="bbox 335 377 448 443; baseline -0.027 -1"><span class='ocrx_word' id='word_1_1' title='bbox 335 377 448 443; x_wconf 69' lang='lat'><strong>829</strong></span> 
     </span>
    </p>
   </div>
   <div class='ocr_carea' id='block_1_2' title="bbox 906 491 1350 548">
    <p class='ocr_par' dir='ltr' id='par_1_2' title="bbox 906 491 1350 548">
     <span class='ocr_line' id='line_1_2' title="bbox 906 491 1350 548; baseline -0.005 -2"><span class='ocrx_word' id='word_1_2' title='bbox 906 493 1126 548; x_wconf 83' lang='grc' dir='ltr'><strong>ΛΟΓΟΣ</strong></span> <span class='ocrx_word' id='word_1_3' title='bbox 1177 491 1263 545; x_wconf 82' lang='grc' dir='ltr'><strong>ΙΗ¹</strong></span> <span class='ocrx_word' id='word_1_4' title='bbox 1283 492 1350 545; x_wconf 79' lang='grc'><strong>³¹.</strong></span> 
     </span>
    </p>
   </div>
   <div class='ocr_carea' id='block_1_3' title="bbox 657 580 1680 650">
    <p class='ocr_par' dir='ltr' id='par_1_3' title="bbox 657 580 1680 650">
     <span class='ocr_line' id='line_1_3' title="bbox 657 580 1680 650; baseline -0.001 -14"><span class='ocrx_word' id='word_1_5' title='bbox 657 581 796 650; x_wconf 80' lang='grc' dir='ltr'>Περὶ</span> <span class='ocrx_word' id='word_1_6' title='bbox 827 583 1114 650; x_wconf 77' lang='grc' dir='ltr'>εὐτυχίας</span> <span class='ocrx_word' id='word_1_7' title='bbox 1145 583 1243 636; x_wconf 75' lang='grc' dir='ltr'>καὶ</span> <span class='ocrx_word' id='word_1_8' title='bbox 1281 580 1636 650; x_wconf 83' lang='grc' dir='ltr'><strong>δυστυχίας.</strong></span> <span class='ocrx_word' id='word_1_9' title='bbox 1668 595 1680 606; x_wconf 87' lang='grc'>·</span> 
     </span>
    </p>
   </div>
   <div class='ocr_carea' id='block_1_4' title="bbox 425 670 1932 742">
    <p class='ocr_par' dir='ltr' id='par_1_4' title="bbox 425 670 1932 742">
     <span class='ocr_line' id='line_1_4' title="bbox 425 670 1932 742; baseline -0.004 -13"><span class='ocrx_word' id='word_1_10' title='bbox 425 679 609 729; x_wconf 83' lang='grc' dir='ltr'>Λουκ.</span> <span class='ocrx_word' id='word_1_11' title='bbox 642 670 740 738; x_wconf 81' lang='grc' dir='ltr'>ις’.</span> <span class='ocrx_word' id='word_1_12' title='bbox 763 703 834 715; x_wconf 88' lang='grc'><strong><em>--</em></strong></span> <span class='ocrx_word' id='word_1_13' title='bbox 875 672 1174 737; x_wconf 78' lang='grc' dir='ltr'><strong>Ἀπέλαόες</strong></span> <span class='ocrx_word' id='word_1_14' title='bbox 1211 675 1276 726; x_wconf 88' lang='grc' dir='ltr'>σὺ</span> <span class='ocrx_word' id='word_1_15' title='bbox 1311 671 1380 724; x_wconf 82' lang='grc' dir='ltr'>τὰ</span> <span class='ocrx_word' id='word_1_16' title='bbox 1431 671 1614 740; x_wconf 86' lang='grc' dir='ltr'><strong>ἀγαθά</strong></span> <span class='ocrx_word' id='word_1_17' title='bbox 1647 688 1742 724; x_wconf 89' lang='grc' dir='ltr'><strong>σου</strong></span> <span class='ocrx_word' id='word_1_18' title='bbox 1775 673 1834 724; x_wconf 82' lang='grc' dir='ltr'>ὲν</span> <span class='ocrx_word' id='word_1_19' title='bbox 1864 674 1932 742; x_wconf 80' lang='grc' dir='ltr'><strong>τῇ</strong></span> 
     </span>
    </p>
   </div>
   <div class='ocr_carea' id='block_1_5' title="bbox 351 762 1934 836">
    <p class='ocr_par' dir='ltr' id='par_1_5' title="bbox 351 762 1934 836">
     <span class='ocr_line' id='line_1_5' title="bbox 351 762 1934 836; baseline -0.003 -16"><span class='ocrx_word' id='word_1_20' title='bbox 351 764 467 836; x_wconf 75' lang='grc' dir='ltr'>ζωῇ</span> <span class='ocrx_word' id='word_1_21' title='bbox 507 780 624 828; x_wconf 80' lang='grc' dir='ltr'>σου,</span> <span class='ocrx_word' id='word_1_22' title='bbox 655 765 748 818; x_wconf 76' lang='grc' dir='ltr'>καὶ</span> <span class='ocrx_word' id='word_1_23' title='bbox 770 763 1017 836; x_wconf 75' lang='grc' dir='ltr'><strong>Λάζαρος</strong></span> <span class='ocrx_word' id='word_1_24' title='bbox 1041 763 1242 836; x_wconf 80' lang='grc' dir='ltr'>ὁμοίως</span> <span class='ocrx_word' id='word_1_25' title='bbox 1271 763 1341 817; x_wconf 75' lang='grc' dir='ltr'>τὰ</span> <span class='ocrx_word' id='word_1_26' title='bbox 1386 762 1564 818; x_wconf 86' lang='grc' dir='ltr'>κακά·</span> <span class='ocrx_word' id='word_1_27' title='bbox 1600 762 1696 818; x_wconf 80' lang='grc' dir='ltr'><strong>νῦν</strong></span> <span class='ocrx_word' id='word_1_28' title='bbox 1735 763 1812 830; x_wconf 78' lang='grc' dir='ltr'>δὲ,</span> <span class='ocrx_word' id='word_1_29' title='bbox 1847 763 1934 817; x_wconf 83' lang='grc' dir='ltr'><strong>ὅδε</strong></span> 
     </span>
    </p>
   </div>
   <div class='ocr_carea' id='block_1_6' title="bbox 353 855 1266 928">
    <p class='ocr_par' dir='ltr' id='par_1_6' title="bbox 353 855 1266 928">
     <span class='ocr_line' id='line_1_6' title="bbox 353 855 1266 928; baseline -0.002 -17"><span class='ocrx_word' id='word_1_30' title='bbox 353 855 774 928; x_wconf 84' lang='grc' dir='ltr'>παρακαλεῖται,</span> <span class='ocrx_word' id='word_1_31' title='bbox 810 857 875 911; x_wconf 84' lang='grc' dir='ltr'>σὺ</span> <span class='ocrx_word' id='word_1_32' title='bbox 904 856 960 910; x_wconf 81' lang='grc' dir='ltr'>δὲ</span> <span class='ocrx_word' id='word_1_33' title='bbox 988 855 1266 910; x_wconf 80' lang='grc' dir='ltr'><strong>ὀδυνᾶσαι.</strong></span> 
     </span>
    </p>
   </div>
   <div class='ocr_carea' id='block_1_7' title="bbox 423 943 1936 1018">
    <p class='ocr_par' dir='ltr' id='par_1_7' title="bbox 423 943 1936 1018">
     <span class='ocr_line' id='line_1_7' title="bbox 423 943 1936 1018; baseline -0.002 -16"><span class='ocrx_word' id='word_1_34' title='bbox 423 953 506 1002; x_wconf 82' lang='grc' dir='ltr'><strong>Α’.</strong></span> <span class='ocrx_word' id='word_1_35' title='bbox 536 943 676 1016; x_wconf 79' lang='grc' dir='ltr'>Κορ.</span> <span class='ocrx_word' id='word_1_36' title='bbox 711 946 783 1002; x_wconf 81' lang='grc' dir='ltr'>δ’.</span> <span class='ocrx_word' id='word_1_37' title='bbox 807 947 1058 1018; x_wconf 77' lang='grc' dir='ltr'>-Ἃχρι</span> <span class='ocrx_word' id='word_1_38' title='bbox 1077 946 1181 1017; x_wconf 84' lang='grc' dir='ltr'><strong>τῆς</strong></span> <span class='ocrx_word' id='word_1_39' title='bbox 1212 946 1337 1016; x_wconf 78' lang='grc' dir='ltr'>ἄρτι</span> <span class='ocrx_word' id='word_1_40' title='bbox 1362 944 1514 1018; x_wconf 82' lang='grc' dir='ltr'>ὥρας</span> <span class='ocrx_word' id='word_1_41' title='bbox 1546 947 1640 1001; x_wconf 71' lang='grc' dir='ltr'>καὶ</span> <span class='ocrx_word' id='word_1_42' title='bbox 1659 945 1936 1017; x_wconf 79' lang='grc' dir='ltr'><strong>πεινῶμεν</strong></span> 
     </span>
    </p>
   </div>
   <div class='ocr_carea' id='block_1_8' title="bbox 355 1038 1934 1112">
    <p class='ocr_par' dir='ltr' id='par_1_8' title="bbox 355 1038 1934 1112">
     <span class='ocr_line' id='line_1_8' title="bbox 355 1038 1934 1112; baseline -0.002 -17"><span class='ocrx_word' id='word_1_43' title='bbox 355 1043 450 1097; x_wconf 75' lang='grc' dir='ltr'>καὶ</span> <span class='ocrx_word' id='word_1_44' title='bbox 501 1040 744 1112; x_wconf 77' lang='grc' dir='ltr'>διψῶμεν</span> <span class='ocrx_word' id='word_1_45' title='bbox 782 1039 877 1093; x_wconf 80' lang='grc' dir='ltr'>καὶ</span> <span class='ocrx_word' id='word_1_46' title='bbox 904 1038 1345 1109; x_wconf 84' lang='grc' dir='ltr'>γυμνητεύομεν,</span> <span class='ocrx_word' id='word_1_47' title='bbox 1376 1039 1471 1092; x_wconf 74' lang='grc' dir='ltr'>καὶ</span> <span class='ocrx_word' id='word_1_48' title='bbox 1505 1038 1934 1108; x_wconf 77' lang='grc' dir='ltr'><strong>κολαφιζόμεθα,</strong></span> 
     </span>
    </p>
   </div>
   <div class='ocr_carea' id='block_1_9' title="bbox 356 1129 1798 1202">
    <p class='ocr_par' dir='ltr' id='par_1_9' title="bbox 356 1129 1798 1202">
     <span class='ocr_line' id='line_1_9' title="bbox 356 1129 1798 1202; baseline -0.005 -10"><span class='ocrx_word' id='word_1_49' title='bbox 356 1131 824 1202; x_wconf 68' lang='grc' dir='ltr'>καὶ,ἀστατοῦμεν</span> <span class='ocrx_word' id='word_1_50' title='bbox 856 1130 1216 1202; x_wconf 73' lang='grc' dir='ltr'>ἐργαζόμενοι</span> <span class='ocrx_word' id='word_1_51' title='bbox 1239 1132 1358 1194; x_wconf 72' lang='grc' dir='ltr'>ταῖς</span> <span class='ocrx_word' id='word_1_52' title='bbox 1403 1129 1562 1195; x_wconf 72' lang='grc' dir='ltr'>ἰδίαις</span> <span class='ocrx_word' id='word_1_53' title='bbox 1587 1131 1798 1202; x_wconf 83' lang='grc' dir='ltr'>χερσίν.</span> 
     </span>
    </p>
   </div>
   <div class='ocr_carea' id='block_1_10' title="bbox 419 1305 1934 1378">
    <p class='ocr_par' dir='ltr' id='par_1_10' title="bbox 419 1305 1934 1378">
     <span class='ocr_line' id='line_1_10' title="bbox 419 1305 1934 1378; baseline 0 -18"><span class='ocrx_word' id='word_1_54' title='bbox 419 1305 601 1376; x_wconf 82' lang='grc' dir='ltr'>Σιρὰχ</span> <span class='ocrx_word' id='word_1_55' title='bbox 634 1305 809 1370; x_wconf 74' lang='grc' dir='ltr'>ιβ’.-</span> <span class='ocrx_word' id='word_1_56' title='bbox 849 1305 939 1362; x_wconf 84' lang='grc' dir='ltr'><strong>Ἐν</strong></span> <span class='ocrx_word' id='word_1_57' title='bbox 963 1305 1192 1376; x_wconf 79' lang='grc' dir='ltr'>ἀγαθοῖς</span> <span class='ocrx_word' id='word_1_58' title='bbox 1219 1305 1433 1376; x_wconf 77' lang='grc' dir='ltr'>ἀνδρὸς,</span> <span class='ocrx_word' id='word_1_59' title='bbox 1475 1306 1524 1358; x_wconf 85' lang='lat' dir='ltr'><strong>ol</strong></span> <span class='ocrx_word' id='word_1_60' title='bbox 1559 1306 1746 1378; x_wconf 73' lang='grc' dir='ltr'>ἐχθροὶ</span> <span class='ocrx_word' id='word_1_61' title='bbox 1769 1307 1934 1360; x_wconf 81' lang='grc' dir='ltr'>αὑτοῦ</span> 
     </span>
    </p>
   </div>
   <div class='ocr_carea' id='block_1_11' title="bbox 349 1385 1934 1468">
    <p class='ocr_par' dir='ltr' id='par_1_11' title="bbox 349 1385 1934 1468">
     <span class='ocr_line' id='line_1_11' title="bbox 349 1385 1934 1468; baseline 0.001 -19"><span class='ocrx_word' id='word_1_62' title='bbox 349 1395 408 1450; x_wconf 73' lang='grc' dir='ltr'><strong>ιν</strong></span> <span class='ocrx_word' id='word_1_63' title='bbox 435 1395 602 1467; x_wconf 76' lang='grc' dir='ltr'>λύπῃ,</span> <span class='ocrx_word' id='word_1_64' title='bbox 649 1396 837 1450; x_wconf 48' lang='grc' dir='ltr'>καὶκὲν</span> <span class='ocrx_word' id='word_1_65' title='bbox 873 1397 1045 1468; x_wconf 81' lang='grc' dir='ltr'>κακίᾳ</span> <span class='ocrx_word' id='word_1_66' title='bbox 1089 1395 1259 1450; x_wconf 83' lang='grc' dir='ltr'>αὐτοῦ</span> <span class='ocrx_word' id='word_1_67' title='bbox 1287 1397 1383 1450; x_wconf 76' lang='grc' dir='ltr'>καὶ</span> <span class='ocrx_word' id='word_1_68' title='bbox 1420 1398 1449 1450; x_wconf 84' lang='grc' dir='ltr'>ὁ</span> <span class='ocrx_word' id='word_1_69' title='bbox 1477 1396 1630 1466; x_wconf 80' lang='grc' dir='ltr'><strong>φίλος</strong></span> <span class='ocrx_word' id='word_1_70' title='bbox 1675 1385 1934 1467; x_wconf 80' lang='grc' dir='ltr'>διαχωρι-</span> 
     </span>
    </p>
   </div>
   <div class='ocr_carea' id='block_1_12' title="bbox 352 1486 1210 1558">
    <p class='ocr_par' dir='ltr' id='par_1_12' title="bbox 352 1486 1210 1558">
     <span class='ocr_line' id='line_1_12' title="bbox 352 1486 1210 1558; baseline 0.001 -18"><span class='ocrx_word' id='word_1_71' title='bbox 352 1487 612 1558; x_wconf 84' lang='grc' dir='ltr'>σθήσεται</span> <span class='ocrx_word' id='word_1_72' title='bbox 641 1486 738 1557; x_wconf 80' lang='grc' dir='ltr'>ἀ).</span> <span class='ocrx_word' id='word_1_73' title='bbox 1208 1489 1210 1491; x_wconf 67' lang='grc'><em>’</em></span> 
     </span>
    </p>
   </div>
   <div class='ocr_carea' id='block_1_13' title="bbox 425 1577 1934 1652">
    <p class='ocr_par' dir='ltr' id='par_1_13' title="bbox 425 1577 1934 1652">
     <span class='ocr_line' id='line_1_13' title="bbox 425 1577 1934 1652; baseline -0.001 -18"><span class='ocrx_word' id='word_1_74' title='bbox 425 1580 608 1649; x_wconf 76' lang='grc' dir='ltr'>Σιρὰχ</span> <span class='ocrx_word' id='word_1_75' title='bbox 649 1585 743 1647; x_wconf 84' lang='grc' dir='ltr'>ιη’.</span> <span class='ocrx_word' id='word_1_76' title='bbox 774 1609 845 1620; x_wconf 90' lang='lat'><strong>-—</strong></span> <span class='ocrx_word' id='word_1_77' title='bbox 872 1579 1162 1650; x_wconf 85' lang='grc' dir='ltr'>Μνήσθητι</span> <span class='ocrx_word' id='word_1_78' title='bbox 1205 1577 1398 1650; x_wconf 74' lang='grc' dir='ltr'>καιρὸν</span> <span class='ocrx_word' id='word_1_79' title='bbox 1435 1579 1596 1650; x_wconf 89' lang='grc' dir='ltr'>λιμοῦ</span> <span class='ocrx_word' id='word_1_80' title='bbox 1646 1581 1706 1633; x_wconf 81' lang='grc' dir='ltr'>ὲν</span> <span class='ocrx_word' id='word_1_81' title='bbox 1753 1577 1934 1652; x_wconf 85' lang='grc' dir='ltr'>καιρῷ</span> 
     </span>
    </p>
   </div>
   <div class='ocr_carea' id='block_1_14' title="bbox 353 1653 1931 1742">
    <p class='ocr_par' dir='ltr' id='par_1_14' title="bbox 353 1653 1931 1742">
     <span class='ocr_line' id='line_1_14' title="bbox 353 1653 1931 1742; baseline 0.003 -20"><span class='ocrx_word' id='word_1_82' title='bbox 353 1653 702 1740; x_wconf 63' lang='grc' dir='ltr'>πλησμονῆξο</span> <span class='ocrx_word' id='word_1_83' title='bbox 726 1670 998 1740; x_wconf 78' lang='grc' dir='ltr'><strong>πτωχείαν</strong></span> <span class='ocrx_word' id='word_1_84' title='bbox 1021 1671 1119 1723; x_wconf 75' lang='grc' dir='ltr'>καὶ</span> <span class='ocrx_word' id='word_1_85' title='bbox 1155 1668 1361 1723; x_wconf 73' lang='grc' dir='ltr'>ἔνδειαν</span> <span class='ocrx_word' id='word_1_86' title='bbox 1378 1671 1435 1722; x_wconf 80' lang='grc' dir='ltr'>ὲν</span> <span class='ocrx_word' id='word_1_87' title='bbox 1467 1671 1652 1742; x_wconf 77' lang='grc' dir='ltr'>ἡμέρᾳ</span> <span class='ocrx_word' id='word_1_88' title='bbox 1678 1671 1931 1727; x_wconf 84' lang='grc' dir='ltr'>πλούτου.</span> 
     </span>
    </p>
   </div>
   <div class='ocr_carea' id='block_1_15' title="bbox 365 1743 1741 1832">
    <p class='ocr_par' dir='ltr' id='par_1_15' title="bbox 365 1743 1741 1832">
     <span class='ocr_line' id='line_1_15' title="bbox 365 1743 1741 1832; baseline 0.003 -18"><span class='ocrx_word' id='word_1_89' title='bbox 365 1760 498 1815; x_wconf 80' lang='grc' dir='ltr'><strong>Ἀπὸ</strong></span> <span class='ocrx_word' id='word_1_90' title='bbox 530 1759 676 1832; x_wconf 81' lang='grc' dir='ltr'>πρωῒ</span> <span class='ocrx_word' id='word_1_91' title='bbox 714 1761 820 1826; x_wconf 75' lang='grc' dir='ltr'><strong>ἕως</strong></span> <span class='ocrx_word' id='word_1_92' title='bbox 857 1761 1098 1832; x_wconf 77' lang='grc' dir='ltr'><strong>ἑσπέρας</strong></span> <span class='ocrx_word' id='word_1_93' title='bbox 1120 1743 1448 1830; x_wconf 71' lang='grc' dir='ltr'>μεταϐάλλει</span> <span class='ocrx_word' id='word_1_94' title='bbox 1477 1761 1505 1814; x_wconf 83' lang='grc' dir='ltr'><strong>ὁ</strong></span> <span class='ocrx_word' id='word_1_95' title='bbox 1529 1761 1741 1832; x_wconf 82' lang='grc' dir='ltr'>καιρός.</span> 
     </span>
    </p>
   </div>
   <div class='ocr_carea' id='block_1_16' title="bbox 423 1850 1792 1924">
    <p class='ocr_par' dir='ltr' id='par_1_16' title="bbox 423 1850 1792 1924">
     <span class='ocr_line' id='line_1_16' title="bbox 423 1850 1792 1924; baseline 0.001 -18"><span class='ocrx_word' id='word_1_96' title='bbox 423 1851 606 1922; x_wconf 75' lang='grc' dir='ltr'>Σιρὰχ</span> <span class='ocrx_word' id='word_1_97' title='bbox 640 1855 710 1908; x_wconf 84' lang='grc' dir='ltr'>θ’.</span> <span class='ocrx_word' id='word_1_98' title='bbox 741 1882 811 1894; x_wconf 91' lang='grc'><strong>-</strong></span> <span class='ocrx_word' id='word_1_99' title='bbox 837 1854 932 1924; x_wconf 83' lang='grc' dir='ltr'><strong>Μὴ</strong></span> <span class='ocrx_word' id='word_1_100' title='bbox 959 1850 1212 1923; x_wconf 82' lang='grc' dir='ltr'><strong>ζηλώσῃς</strong></span> <span class='ocrx_word' id='word_1_101' title='bbox 1239 1851 1400 1919; x_wconf 80' lang='grc' dir='ltr'>δόξαν</span> <span class='ocrx_word' id='word_1_102' title='bbox 1431 1853 1792 1924; x_wconf 81' lang='grc' dir='ltr'>ἁμαρτωλῶν.</span> 
     </span>
    </p>
   </div>
   <div class='ocr_carea' id='block_1_17' title="bbox 969 1964 1326 2036">
    <p class='ocr_par' dir='ltr' id='par_1_17' title="bbox 969 1964 1326 2036">
     <span class='ocr_line' id='line_1_17' title="bbox 969 1964 1326 2036; baseline 0 -16"><span class='ocrx_word' id='word_1_103' title='bbox 969 1964 1070 2030; x_wconf 81' lang='grc' dir='ltr'><em>Ἐξ</em></span> <span class='ocrx_word' id='word_1_104' title='bbox 1107 1966 1326 2036; x_wconf 70' lang='grc' dir='ltr'>Ἑπιγερ.</span> 
     </span>
    </p>
   </div>
   <div class='ocr_carea' id='block_1_18' title="bbox 491 2056 1928 2134">
    <p class='ocr_par' dir='ltr' id='par_1_18' title="bbox 491 2056 1928 2134">
     <span class='ocr_line' id='line_1_18' title="bbox 491 2056 1928 2134; baseline -0.003 -19"><span class='ocrx_word' id='word_1_105' title='bbox 491 2062 600 2128; x_wconf 85' lang='grc' dir='ltr'><strong>Ὧς</strong></span> <span class='ocrx_word' id='word_1_106' title='bbox 633 2077 704 2114; x_wconf 84' lang='grc' dir='ltr'><strong>κε</strong></span> <span class='ocrx_word' id='word_1_107' title='bbox 744 2059 848 2134; x_wconf 86' lang='grc' dir='ltr'><strong>[ὡς</strong></span> <span class='ocrx_word' id='word_1_108' title='bbox 877 2057 966 2132; x_wconf 82' lang='grc' dir='ltr'><strong>δὲ]</strong></span> <span class='ocrx_word' id='word_1_109' title='bbox 1000 2059 1177 2134; x_wconf 35' lang='grc' dir='ltr'>,φέρει</span> <span class='ocrx_word' id='word_1_110' title='bbox 1344 2057 1534 2134; x_wconf 47' lang='lat' dir='ltr'><strong>saepe?</strong></span> <span class='ocrx_word' id='word_1_111' title='bbox 1579 2072 1660 2134; x_wconf 64' lang='grc' dir='ltr'><strong>σε</strong></span> <span class='ocrx_word' id='word_1_112' title='bbox 1683 2056 1888 2134; x_wconf 59' lang='grc' dir='ltr'>φέρειν</span> <span class='ocrx_word' id='word_1_113' title='bbox 1913 2095 1928 2122; x_wconf 92' lang='grc'><strong>,</strong></span> 
     </span>
    </p>
   </div>
   <div class='ocr_carea' id='block_1_19' title="bbox 1000 2127 1861 2200">
    <p class='ocr_par' dir='ltr' id='par_1_19' title="bbox 1000 2127 1861 2200">
     <span class='ocr_line' id='line_1_19' title="bbox 1000 2127 1861 2200; baseline -0.026 -1"><span class='ocrx_word' id='word_1_114' title='bbox 1000 2127 1210 2200; x_wconf 62' lang='grc' dir='ltr'><strong>[φέρου</strong></span> <span class='ocrx_word' id='word_1_115' title='bbox 1229 2130 1274 2161; x_wconf 79' lang='grc'><strong><em>³⁸</em></strong></span> <span class='ocrx_word' id='word_1_116' title='bbox 1294 2144 1308 2158; x_wconf 90' lang='grc'>⁶</span> <span class='ocrx_word' id='word_1_117' title='bbox 1340 2127 1393 2200; x_wconf 70' lang='lat' dir='ltr'><strong>el</strong></span> <span class='ocrx_word' id='word_1_118' title='bbox 1413 2127 1480 2200; x_wconf 46' lang='grc' dir='ltr'><strong>δῖ</strong></span> <span class='ocrx_word' id='word_1_119' title='bbox 1493 2127 1861 2200; x_wconf 65' lang='grc' dir='ltr'>ἀπειθήσεις,</span> 
     </span>
    </p>
   </div>
   <div class='ocr_carea' id='block_1_20' title="bbox 488 2196 1930 2268">
    <p class='ocr_par' dir='ltr' id='par_1_20' title="bbox 488 2196 1930 2268">
     <span class='ocr_line' id='line_1_20' title="bbox 488 2196 1930 2268; baseline -0.003 -14"><span class='ocrx_word' id='word_1_120' title='bbox 488 2202 596 2255; x_wconf 83' lang='lat' dir='ltr'><strong>Kal</strong></span> <span class='ocrx_word' id='word_1_121' title='bbox 625 2196 1152 2268; x_wconf 61' lang='grc' dir='ltr'><strong>σαυτὸνβλάψεις,</strong></span> <span class='ocrx_word' id='word_1_122' title='bbox 1176 2200 1276 2255; x_wconf 80' lang='grc' dir='ltr'>καὶ</span> <span class='ocrx_word' id='word_1_123' title='bbox 1309 2198 1376 2252; x_wconf 80' lang='grc' dir='ltr'>τὸ</span> <span class='ocrx_word' id='word_1_124' title='bbox 1405 2197 1592 2267; x_wconf 73' lang='grc' dir='ltr'>φέρον</span> <span class='ocrx_word' id='word_1_125' title='bbox 1613 2215 1687 2251; x_wconf 81' lang='grc' dir='ltr'><strong>σε</strong></span> <span class='ocrx_word' id='word_1_126' title='bbox 1709 2196 1930 2266; x_wconf 73' lang='grc' dir='ltr'>φέρειν.</span> 
     </span>
    </p>
   </div>
   <div class='ocr_carea' id='block_1_21' title="bbox 423 2311 1934 2384">
    <p class='ocr_par' dir='ltr' id='par_1_21' title="bbox 423 2311 1934 2384">
     <span class='ocr_line' id='line_1_21' title="bbox 423 2311 1934 2384; baseline -0.003 -16"><span class='ocrx_word' id='word_1_127' title='bbox 423 2315 741 2384; x_wconf 66' lang='grc' dir='ltr'><strong>Θεολόγυυ.</strong></span> <span class='ocrx_word' id='word_1_128' title='bbox 772 2343 842 2354; x_wconf 91' lang='grc'><strong><em>-</em></strong></span> <span class='ocrx_word' id='word_1_129' title='bbox 870 2313 1039 2368; x_wconf 83' lang='grc' dir='ltr'>Ὅταν</span> <span class='ocrx_word' id='word_1_130' title='bbox 1080 2313 1362 2381; x_wconf 83' lang='grc' dir='ltr'>εὐπλοεῖς,</span> <span class='ocrx_word' id='word_1_131' title='bbox 1401 2312 1640 2384; x_wconf 77' lang='grc' dir='ltr'>μάλιστα</span> <span class='ocrx_word' id='word_1_132' title='bbox 1687 2311 1934 2383; x_wconf 77' lang='grc' dir='ltr'>μέμνησο</span> 
     </span>
    </p>
   </div>
   <div class='ocr_carea' id='block_1_22' title="bbox 350 2403 1932 2566">
    <p class='ocr_par' dir='ltr' id='par_1_22' title="bbox 350 2403 1932 2566">
     <span class='ocr_line' id='line_1_22' title="bbox 350 2403 1932 2566; baseline -0.003 -18"><span class='ocrx_word' id='word_1_133' title='bbox 350 2403 710 2562; x_wconf 48' lang='grc' dir='ltr'><strong>ζΙόιῗὲτίῖοῑδεν,</strong></span> <span class='ocrx_word' id='word_1_134' title='bbox 735 2497 784 2549; x_wconf 82' lang='grc' dir='ltr'><strong>εί</strong></span> <span class='ocrx_word' id='word_1_135' title='bbox 817 2497 846 2549; x_wconf 75' lang='grc' dir='ltr'><strong>ὁ</strong></span> <span class='ocrx_word' id='word_1_136' title='bbox 877 2495 978 2566; x_wconf 78' lang='grc' dir='ltr'>μὲν</span> <span class='ocrx_word' id='word_1_137' title='bbox 1003 2495 1094 2550; x_wconf 80' lang='grc' dir='ltr'><strong>διὰ</strong></span> <span class='ocrx_word' id='word_1_138' title='bbox 1133 2492 1334 2548; x_wconf 74' lang='grc' dir='ltr'>κακίαν</span> <span class='ocrx_word' id='word_1_139' title='bbox 1359 2478 1678 2557; x_wconf 53' lang='grc' dir='ltr'>κολάζεται,</span> <span class='ocrx_word' id='word_1_140' title='bbox 1707 2495 1738 2547; x_wconf 82' lang='grc' dir='ltr'><strong>ὁ</strong></span> <span class='ocrx_word' id='word_1_141' title='bbox 1775 2491 1832 2546; x_wconf 79' lang='grc' dir='ltr'>δὲ</span> <span class='ocrx_word' id='word_1_142' title='bbox 1857 2490 1932 2555; x_wconf 81' lang='grc' dir='ltr'><strong>ὡς</strong></span> 
     </span>
    </p>
   </div>
   <div class='ocr_carea' id='block_1_23' title="bbox 349 2583 1932 2663">
    <p class='ocr_par' dir='ltr' id='par_1_23' title="bbox 349 2583 1932 2663">
     <span class='ocr_line' id='line_1_23' title="bbox 349 2583 1932 2663; baseline -0.001 -21"><span class='ocrx_word' id='word_1_143' title='bbox 349 2587 711 2663; x_wconf 73' lang='grc' dir='ltr'>ὶπαιρὸμενος</span> <span class='ocrx_word' id='word_1_144' title='bbox 729 2591 800 2663; x_wconf 84' lang='grc' dir='ltr'><strong>(υ)</strong></span> <span class='ocrx_word' id='word_1_145' title='bbox 821 2583 1048 2660; x_wconf 73' lang='grc' dir='ltr'>ἀἴρεται</span> <span class='ocrx_word' id='word_1_146' title='bbox 1070 2609 1086 2625; x_wconf 78' lang='grc' dir='ltr'><strong>ο</strong></span> <span class='ocrx_word' id='word_1_147' title='bbox 1130 2588 1268 2645; x_wconf 76' lang='grc' dir='ltr'>ἀλλὰ</span> <span class='ocrx_word' id='word_1_148' title='bbox 1309 2589 1386 2660; x_wconf 81' lang='grc' dir='ltr'>μὴ</span> <span class='ocrx_word' id='word_1_149' title='bbox 1415 2588 1748 2652; x_wconf 87' lang='grc' dir='ltr'>τούναντίον,</span> <span class='ocrx_word' id='word_1_150' title='bbox 1775 2589 1803 2639; x_wconf 88' lang='grc' dir='ltr'>ὁ</span> <span class='ocrx_word' id='word_1_151' title='bbox 1835 2585 1932 2656; x_wconf 81' lang='grc' dir='ltr'>μὲν</span> 
     </span>
    </p>
   </div>
   <div class='ocr_carea' id='block_1_24' title="bbox 344 2677 1927 2754">
    <p class='ocr_par' dir='ltr' id='par_1_24' title="bbox 344 2677 1927 2754">
     <span class='ocr_line' id='line_1_24' title="bbox 344 2677 1927 2754; baseline -0.004 -18"><span class='ocrx_word' id='word_1_152' title='bbox 344 2681 435 2737; x_wconf 77' lang='grc' dir='ltr'>διὰ</span> <span class='ocrx_word' id='word_1_153' title='bbox 457 2682 726 2753; x_wconf 81' lang='grc' dir='ltr'>πονηρίαν</span> <span class='ocrx_word' id='word_1_154' title='bbox 781 2681 1030 2754; x_wconf 76' lang='grc' dir='ltr'>ὑψοῦται,</span> <span class='ocrx_word' id='word_1_155' title='bbox 1058 2683 1088 2737; x_wconf 80' lang='grc' dir='ltr'>ὁ</span> <span class='ocrx_word' id='word_1_156' title='bbox 1137 2681 1195 2734; x_wconf 85' lang='grc' dir='ltr'>δὲ</span> <span class='ocrx_word' id='word_1_157' title='bbox 1217 2680 1284 2735; x_wconf 89' lang='grc' dir='ltr'><strong>δι’</strong></span> <span class='ocrx_word' id='word_1_158' title='bbox 1305 2681 1507 2752; x_wconf 77' lang='grc' dir='ltr'>ἀρετὴν</span> <span class='ocrx_word' id='word_1_159' title='bbox 1531 2677 1892 2750; x_wconf 80' lang='grc' dir='ltr'>δοκιμάζεται</span> <span class='ocrx_word' id='word_1_160' title='bbox 1912 2694 1927 2744; x_wconf 87' lang='grc'><strong>;</strong></span> 
     </span>
    </p>
   </div>
   <div class='ocr_carea' id='block_1_25' title="bbox 415 2853 1930 2930">
    <p class='ocr_par' dir='ltr' id='par_1_25' title="bbox 415 2853 1930 2930">
     <span class='ocr_line' id='line_1_25' title="bbox 415 2853 1930 2930; baseline -0.007 -15"><span class='ocrx_word' id='word_1_161' title='bbox 415 2862 812 2930; x_wconf 80' lang='grc' dir='ltr'>Χρυσοστ.-</span> <span class='ocrx_word' id='word_1_162' title='bbox 835 2858 936 2911; x_wconf 84' lang='grc' dir='ltr'>Ἐν</span> <span class='ocrx_word' id='word_1_163' title='bbox 972 2856 1132 2929; x_wconf 87' lang='grc' dir='ltr'>μόνον</span> <span class='ocrx_word' id='word_1_164' title='bbox 1162 2855 1453 2927; x_wconf 87' lang='grc' dir='ltr'>πεισθῆναι</span> <span class='ocrx_word' id='word_1_165' title='bbox 1495 2853 1622 2926; x_wconf 81' lang='grc' dir='ltr'>χρὴ,</span> <span class='ocrx_word' id='word_1_166' title='bbox 1677 2854 1757 2907; x_wconf 84' lang='grc' dir='ltr'>ὅτι</span> <span class='ocrx_word' id='word_1_167' title='bbox 1791 2869 1930 2922; x_wconf 87' lang='grc' dir='ltr'>συμ-</span> 
     </span>
    </p>
   </div>
   <div class='ocr_carea' id='block_1_26' title="bbox 347 2943 1928 3024">
    <p class='ocr_par' dir='ltr' id='par_1_26' title="bbox 347 2943 1928 3024">
     <span class='ocr_line' id='line_1_26' title="bbox 347 2943 1928 3024; baseline -0.004 -19"><span class='ocrx_word' id='word_1_168' title='bbox 347 2951 626 3024; x_wconf 81' lang='grc' dir='ltr'>φερόντως</span> <span class='ocrx_word' id='word_1_169' title='bbox 673 2953 807 3022; x_wconf 78' lang='grc' dir='ltr'>ἡμῖν</span> <span class='ocrx_word' id='word_1_170' title='bbox 859 2949 1079 3004; x_wconf 74' lang='grc' dir='ltr'>ἃπαντα</span> <span class='ocrx_word' id='word_1_171' title='bbox 1131 2948 1502 3022; x_wconf 70' lang='grc' dir='ltr'>οἰκονομεῖται</span> <span class='ocrx_word' id='word_1_172' title='bbox 1569 2945 1722 3017; x_wconf 81' lang='grc' dir='ltr'>παρὰ</span> <span class='ocrx_word' id='word_1_173' title='bbox 1767 2943 1928 2998; x_wconf 83' lang='grc' dir='ltr'>Θεοῦ.</span> 
     </span>
    </p>
   </div>
   <div class='ocr_carea' id='block_1_27' title="bbox 347 3035 1933 3110">
    <p class='ocr_par' dir='ltr' id='par_1_27' title="bbox 347 3035 1933 3110">
     <span class='ocr_line' id='line_1_27' title="bbox 347 3035 1933 3110; baseline -0.004 -17"><span class='ocrx_word' id='word_1_174' title='bbox 347 3039 454 3094; x_wconf 83' lang='grc' dir='ltr'><strong>Τὸν</strong></span> <span class='ocrx_word' id='word_1_175' title='bbox 513 3039 570 3092; x_wconf 83' lang='grc' dir='ltr'>δὲ</span> <span class='ocrx_word' id='word_1_176' title='bbox 628 3037 830 3110; x_wconf 80' lang='grc' dir='ltr'>τρόπον</span> <span class='ocrx_word' id='word_1_177' title='bbox 878 3037 1076 3108; x_wconf 83' lang='grc' dir='ltr'>μηκέτι</span> <span class='ocrx_word' id='word_1_178' title='bbox 1121 3035 1337 3108; x_wconf 71' lang='grc' dir='ltr'>ζητεῖν,</span> <span class='ocrx_word' id='word_1_179' title='bbox 1389 3037 1528 3107; x_wconf 83' lang='grc' dir='ltr'>μήτε</span> <span class='ocrx_word' id='word_1_180' title='bbox 1595 3035 1933 3104; x_wconf 80' lang='grc' dir='ltr'>ἀγνοοῦντας</span> 
     </span>
    </p>
   </div>
   <div class='ocr_carea' id='block_1_28' title="bbox 348 3127 2002 3216">
    <p class='ocr_par' dir='ltr' id='par_1_28' title="bbox 348 3127 2002 3216">
     <span class='ocr_line' id='line_1_28' title="bbox 348 3127 2002 3216; baseline -0.002 -32"><span class='ocrx_word' id='word_1_181' title='bbox 348 3129 637 3200; x_wconf 77' lang='grc' dir='ltr'>ἀσχάλλειν</span> <span class='ocrx_word' id='word_1_182' title='bbox 685 3130 720 3201; x_wconf 76' lang='grc' dir='ltr'>ἢ</span> <span class='ocrx_word' id='word_1_183' title='bbox 783 3128 1038 3200; x_wconf 84' lang='grc' dir='ltr'>ἀθυμεῖν.</span> <span class='ocrx_word' id='word_1_184' title='bbox 1111 3128 1250 3183; x_wconf 86' lang='grc' dir='ltr'>Οῦτε</span> <span class='ocrx_word' id='word_1_185' title='bbox 1313 3129 1422 3200; x_wconf 82' lang='grc' dir='ltr'>γὰρ</span> <span class='ocrx_word' id='word_1_186' title='bbox 1485 3128 1708 3182; x_wconf 78' lang='grc' dir='ltr'>δυνατὸν</span> <span class='ocrx_word' id='word_1_187' title='bbox 1761 3127 1932 3181; x_wconf 81' lang='grc' dir='ltr'>ταῦτα</span> <span class='ocrx_word' id='word_1_188' title='bbox 1958 3158 2002 3216; x_wconf 77' lang='lat' dir='ltr'><strong>C</strong></span> 
     </span>
    </p>
   </div>
   <div class='ocr_carea' id='block_1_29' title="bbox 347 3217 1932 3293">
    <p class='ocr_par' dir='ltr' id='par_1_29' title="bbox 347 3217 1932 3293">
     <span class='ocr_line' id='line_1_29' title="bbox 347 3217 1932 3293; baseline -0.003 -17"><span class='ocrx_word' id='word_1_189' title='bbox 347 3222 565 3289; x_wconf 73' lang='grc' dir='ltr'>ειδέναι,</span> <span class='ocrx_word' id='word_1_190' title='bbox 605 3221 732 3276; x_wconf 74' lang='grc' dir='ltr'>οὔτε</span> <span class='ocrx_word' id='word_1_191' title='bbox 792 3222 1104 3293; x_wconf 84' lang='grc' dir='ltr'>συμφέρον·</span> <span class='ocrx_word' id='word_1_192' title='bbox 1157 3221 1220 3275; x_wconf 84' lang='grc' dir='ltr'><strong>τὺ</strong></span> <span class='ocrx_word' id='word_1_193' title='bbox 1277 3219 1399 3291; x_wconf 84' lang='grc' dir='ltr'>μὲν,</span> <span class='ocrx_word' id='word_1_194' title='bbox 1465 3219 1555 3274; x_wconf 78' lang='grc' dir='ltr'><strong>διὰ</strong></span> <span class='ocrx_word' id='word_1_195' title='bbox 1600 3218 1664 3272; x_wconf 86' lang='grc' dir='ltr'>τὸ</span> <span class='ocrx_word' id='word_1_196' title='bbox 1703 3217 1932 3288; x_wconf 84' lang='grc' dir='ltr'>θνητοὺς</span> 
     </span>
    </p>
   </div>
   <div class='ocr_carea' id='block_1_30' title="bbox 346 3307 1932 3384">
    <p class='ocr_par' dir='ltr' id='par_1_30' title="bbox 346 3307 1932 3384">
     <span class='ocr_line' id='line_1_30' title="bbox 346 3307 1932 3384; baseline -0.005 -13"><span class='ocrx_word' id='word_1_197' title='bbox 346 3310 486 3372; x_wconf 75' lang='grc' dir='ltr'>εἶναι</span> <span class='ocrx_word' id='word_1_198' title='bbox 506 3331 522 3349; x_wconf 75' lang='grc' dir='ltr'><strong>ο</strong></span> <span class='ocrx_word' id='word_1_199' title='bbox 565 3315 626 3369; x_wconf 80' lang='grc' dir='ltr'>τὸ</span> <span class='ocrx_word' id='word_1_200' title='bbox 653 3315 730 3382; x_wconf 80' lang='grc' dir='ltr'>δὲ,</span> <span class='ocrx_word' id='word_1_201' title='bbox 787 3313 878 3369; x_wconf 80' lang='grc' dir='ltr'><strong>διὰ</strong></span> <span class='ocrx_word' id='word_1_202' title='bbox 903 3315 969 3368; x_wconf 78' lang='grc' dir='ltr'>τὸ</span> <span class='ocrx_word' id='word_1_203' title='bbox 993 3312 1207 3384; x_wconf 82' lang='grc' dir='ltr'>ταχέως</span> <span class='ocrx_word' id='word_1_204' title='bbox 1239 3313 1321 3377; x_wconf 83' lang='grc' dir='ltr'>είς</span> <span class='ocrx_word' id='word_1_205' title='bbox 1350 3311 1610 3366; x_wconf 75' lang='grc' dir='ltr'>ἀπόνοιαν</span> <span class='ocrx_word' id='word_1_206' title='bbox 1657 3307 1932 3381; x_wconf 81' lang='grc' dir='ltr'>αἴρεσθαι.</span> 
     </span>
    </p>
   </div>
   <div class='ocr_carea' id='block_1_31' title="bbox 418 3602 1930 3677">
    <p class='ocr_par' dir='ltr' id='par_1_31' title="bbox 418 3602 1930 3677">
     <span class='ocr_line' id='line_1_31' title="bbox 418 3602 1930 3677; baseline -0.005 -13"><span class='ocrx_word' id='word_1_207' title='bbox 418 3606 656 3664; x_wconf 77' lang='grc' dir='ltr'>Νείλου.</span> <span class='ocrx_word' id='word_1_208' title='bbox 679 3635 750 3646; x_wconf 92' lang='grc'><strong><em>-</em></strong></span> <span class='ocrx_word' id='word_1_209' title='bbox 779 3605 854 3660; x_wconf 83' lang='grc' dir='ltr'><strong>οὐ</strong></span> <span class='ocrx_word' id='word_1_210' title='bbox 885 3603 992 3677; x_wconf 80' lang='grc' dir='ltr'><strong>χρὴ</strong></span> <span class='ocrx_word' id='word_1_211' title='bbox 1025 3603 1118 3657; x_wconf 71' lang='grc' dir='ltr'><strong>ἐπὶ</strong></span> <span class='ocrx_word' id='word_1_212' title='bbox 1151 3602 1314 3656; x_wconf 80' lang='grc' dir='ltr'>παντὶ</span> <span class='ocrx_word' id='word_1_213' title='bbox 1349 3602 1605 3673; x_wconf 76' lang='grc' dir='ltr'>πτώματι</span> <span class='ocrx_word' id='word_1_214' title='bbox 1641 3602 1737 3656; x_wconf 83' lang='grc' dir='ltr'>καὶ</span> <span class='ocrx_word' id='word_1_215' title='bbox 1781 3603 1930 3674; x_wconf 79' lang='grc' dir='ltr'>πάσῃ</span> 
     </span>
    </p>
   </div>
   <div class='ocr_carea' id='block_1_32' title="bbox 349 3693 1932 3771">
    <p class='ocr_par' dir='ltr' id='par_1_32' title="bbox 349 3693 1932 3771">
     <span class='ocr_line' id='line_1_32' title="bbox 349 3693 1932 3771; baseline -0.003 -17"><span class='ocrx_word' id='word_1_216' title='bbox 349 3699 596 3771; x_wconf 72' lang='grc' dir='ltr'>ἁμαρτίᾳ</span> <span class='ocrx_word' id='word_1_217' title='bbox 623 3696 914 3768; x_wconf 83' lang='grc' dir='ltr'>ἀνθρώπου</span> <span class='ocrx_word' id='word_1_218' title='bbox 936 3695 1282 3765; x_wconf 80' lang='grc' dir='ltr'>ἐπαίρεσθαι,</span> <span class='ocrx_word' id='word_1_219' title='bbox 1323 3695 1434 3748; x_wconf 83' lang='grc' dir='ltr'>οὐδ’</span> <span class='ocrx_word' id='word_1_220' title='bbox 1463 3693 1773 3766; x_wconf 80' lang='grc' dir='ltr'>ἐπιχαίρειν</span> <span class='ocrx_word' id='word_1_221' title='bbox 1802 3695 1932 3750; x_wconf 84' lang='grc' dir='ltr'>ποτὲ</span> 
     </span>
    </p>
   </div>
   <div class='ocr_carea' id='block_1_33' title="bbox 346 3785 1932 3860">
    <p class='ocr_par' dir='ltr' id='par_1_33' title="bbox 346 3785 1932 3860">
     <span class='ocr_line' id='line_1_33' title="bbox 346 3785 1932 3860; baseline -0.004 -15"><span class='ocrx_word' id='word_1_222' title='bbox 346 3789 428 3860; x_wconf 83' lang='grc' dir='ltr'>τῷ</span> <span class='ocrx_word' id='word_1_223' title='bbox 475 3787 946 3852; x_wconf 79' lang='grc' dir='ltr'>ὑποσκελισθέντι,</span> <span class='ocrx_word' id='word_1_224' title='bbox 993 3787 1100 3841; x_wconf 82' lang='grc' dir='ltr'>κᾶν</span> <span class='ocrx_word' id='word_1_225' title='bbox 1149 3787 1198 3840; x_wconf 84' lang='grc' dir='ltr'><strong>εί</strong></span> <span class='ocrx_word' id='word_1_226' title='bbox 1237 3786 1442 3840; x_wconf 82' lang='grc' dir='ltr'>δοκεῖό</span> <span class='ocrx_word' id='word_1_227' title='bbox 1470 3786 1715 3850; x_wconf 81' lang='grc' dir='ltr'>τοιοῦτος</span> <span class='ocrx_word' id='word_1_228' title='bbox 1737 3785 1932 3856; x_wconf 76' lang='grc' dir='ltr'>ἐχθρὸς</span> 
     </span>
    </p>
   </div>
   <div class='ocr_carea' id='block_1_34' title="bbox 349 3865 1662 3954">
    <p class='ocr_par' dir='ltr' id='par_1_34' title="bbox 349 3865 1662 3954">
     <span class='ocr_line' id='line_1_34' title="bbox 349 3865 1662 3954; baseline -0.002 -17"><span class='ocrx_word' id='word_1_229' title='bbox 349 3881 532 3954; x_wconf 76' lang='grc' dir='ltr'>φόνιος</span> <span class='ocrx_word' id='word_1_230' title='bbox 563 3877 726 3934; x_wconf 76' lang='grc' dir='ltr'>εῖναι.</span> <span class='ocrx_word' id='word_1_231' title='bbox 1141 3865 1168 3880; x_wconf 46' lang='grc'><strong>”</strong></span> <span class='ocrx_word' id='word_1_232' title='bbox 1403 3879 1408 3886; x_wconf 86' lang='grc'><em>’</em></span> <span class='ocrx_word' id='word_1_233' title='bbox 1659 3931 1662 3935; x_wconf 87' lang='grc'><strong>.</strong></span> 
     </span>
    </p>
   </div>
   <div class='ocr_carea' id='block_1_35' title="bbox 419 3968 1929 4046">
    <p class='ocr_par' dir='ltr' id='par_1_35' title="bbox 419 3968 1929 4046">
     <span class='ocr_line' id='line_1_35' title="bbox 419 3968 1929 4046; baseline -0.004 -18"><span class='ocrx_word' id='word_1_234' title='bbox 419 3973 619 4046; x_wconf 80' lang='grc' dir='ltr'>Θρήνει</span> <span class='ocrx_word' id='word_1_235' title='bbox 649 3972 742 4026; x_wconf 82' lang='grc' dir='ltr'>τὸν</span> <span class='ocrx_word' id='word_1_236' title='bbox 771 3969 1098 4042; x_wconf 81' lang='grc' dir='ltr'>ἁμαρτωλὸν</span> <span class='ocrx_word' id='word_1_237' title='bbox 1120 3969 1450 4040; x_wconf 76' lang='grc' dir='ltr'>εὐθηνοῦντα</span> <span class='ocrx_word' id='word_1_238' title='bbox 1473 3985 1487 3999; x_wconf 84' lang='lat'><strong>&#39;</strong></span> <span class='ocrx_word' id='word_1_239' title='bbox 1523 3970 1584 4023; x_wconf 80' lang='grc' dir='ltr'>τὸ</span> <span class='ocrx_word' id='word_1_240' title='bbox 1641 3969 1796 4039; x_wconf 80' lang='grc' dir='ltr'>ξίφος</span> <span class='ocrx_word' id='word_1_241' title='bbox 1819 3968 1929 4040; x_wconf 82' lang='grc' dir='ltr'>γὰρ</span> 
     </span>
    </p>
   </div>
   <div class='ocr_carea' id='block_1_36' title="bbox 353 4063 1167 4138">
    <p class='ocr_par' dir='ltr' id='par_1_36' title="bbox 353 4063 1167 4138">
     <span class='ocr_line' id='line_1_36' title="bbox 353 4063 1167 4138; baseline -0.005 -16"><span class='ocrx_word' id='word_1_242' title='bbox 353 4066 500 4138; x_wconf 86' lang='grc' dir='ltr'><strong>αὐτῷ</strong></span> <span class='ocrx_word' id='word_1_243' title='bbox 517 4067 620 4134; x_wconf 83' lang='grc' dir='ltr'><strong>τῆς</strong></span> <span class='ocrx_word' id='word_1_244' title='bbox 639 4063 793 4136; x_wconf 77' lang='grc' dir='ltr'>δίκης</span> <span class='ocrx_word' id='word_1_245' title='bbox 816 4063 1167 4119; x_wconf 69' lang='grc' dir='ltr'>ἐπιτείνεται.</span> 
     </span>
    </p>
   </div>
   <div class='ocr_carea' id='block_1_37' title="bbox 420 4137 1930 4216">
    <p class='ocr_par' dir='ltr' id='par_1_37' title="bbox 420 4137 1930 4216">
     <span class='ocr_line' id='line_1_37' title="bbox 420 4137 1930 4216; baseline -0.003 -5"><span class='ocrx_word' id='word_1_246' title='bbox 420 4137 573 4212; x_wconf 84' lang='grc' dir='ltr'>Διατί</span> <span class='ocrx_word' id='word_1_247' title='bbox 623 4157 824 4211; x_wconf 82' lang='grc' dir='ltr'>δίκαιοι</span> <span class='ocrx_word' id='word_1_248' title='bbox 877 4155 1166 4210; x_wconf 80' lang='grc' dir='ltr'>ἀσθενοῦσι</span> <span class='ocrx_word' id='word_1_249' title='bbox 1226 4157 1318 4208; x_wconf 78' lang='grc' dir='ltr'>καὶ</span> <span class='ocrx_word' id='word_1_250' title='bbox 1359 4155 1630 4216; x_wconf 77' lang='grc' dir='ltr'>πένονται,</span> <span class='ocrx_word' id='word_1_251' title='bbox 1656 4155 1830 4209; x_wconf 84' lang='grc' dir='ltr'>ἄδικοι</span> <span class='ocrx_word' id='word_1_252' title='bbox 1871 4155 1930 4207; x_wconf 76' lang='grc' dir='ltr'>δὲ</span> 
     </span>
    </p>
   </div>
   <div class='ocr_carea' id='block_1_38' title="bbox 352 4245 1928 4318">
    <p class='ocr_par' dir='ltr' id='par_1_38' title="bbox 352 4245 1928 4318">
     <span class='ocr_line' id='line_1_38' title="bbox 352 4245 1928 4318; baseline -0.003 -15"><span class='ocrx_word' id='word_1_253' title='bbox 352 4256 596 4318; x_wconf 70' lang='grc' dir='ltr'>αἴρονται</span> <span class='ocrx_word' id='word_1_254' title='bbox 639 4247 735 4300; x_wconf 69' lang='grc' dir='ltr'>καὶ</span> <span class='ocrx_word' id='word_1_255' title='bbox 759 4245 1084 4313; x_wconf 78' lang='grc' dir='ltr'>πλουτοῦσις</span> <span class='ocrx_word' id='word_1_256' title='bbox 1121 4246 1290 4316; x_wconf 74' lang='grc' dir='ltr'>Φημὶ,</span> <span class='ocrx_word' id='word_1_257' title='bbox 1325 4246 1413 4300; x_wconf 81' lang='grc' dir='ltr'>ἵνα</span> <span class='ocrx_word' id='word_1_258' title='bbox 1433 4249 1482 4299; x_wconf 80' lang='lat' dir='ltr'><strong>ot</strong></span> <span class='ocrx_word' id='word_1_259' title='bbox 1521 4245 1618 4317; x_wconf 77' lang='grc' dir='ltr'>μὲν</span> <span class='ocrx_word' id='word_1_260' title='bbox 1657 4261 1928 4315; x_wconf 84' lang='grc' dir='ltr'>στεφανω-</span> 
     </span>
    </p>
   </div>
   <div class='ocr_carea' id='block_1_39' title="bbox 354 4337 1404 4410">
    <p class='ocr_par' dir='ltr' id='par_1_39' title="bbox 354 4337 1404 4410">
     <span class='ocr_line' id='line_1_39' title="bbox 354 4337 1404 4410; baseline -0.002 -16"><span class='ocrx_word' id='word_1_261' title='bbox 354 4341 536 4402; x_wconf 86' lang='grc' dir='ltr'>θῶσιν,</span> <span class='ocrx_word' id='word_1_262' title='bbox 567 4342 616 4394; x_wconf 83' lang='grc' dir='ltr'>οἱ</span> <span class='ocrx_word' id='word_1_263' title='bbox 644 4338 701 4392; x_wconf 82' lang='grc' dir='ltr'>δὲ</span> <span class='ocrx_word' id='word_1_264' title='bbox 733 4337 967 4402; x_wconf 75' lang='grc' dir='ltr'>αἰωνίως</span> <span class='ocrx_word' id='word_1_265' title='bbox 994 4337 1404 4410; x_wconf 80' lang='grc' dir='ltr'>τιμωρηθῶσιν.</span> 
     </span>
    </p>
   </div>
   <div class='ocr_carea' id='block_1_40' title="bbox 1665 383 2290 444">
    <p class='ocr_par' dir='ltr' id='par_1_40' title="bbox 1665 383 2290 444">
     <span class='ocr_line' id='line_1_40' title="bbox 1665 383 2290 444; baseline -0.003 0"><span class='ocrx_word' id='word_1_266' title='bbox 1665 383 1834 444; x_wconf 79' lang='lat' dir='ltr'><strong>LOCI</strong></span> <span class='ocrx_word' id='word_1_267' title='bbox 1873 383 2290 444; x_wconf 81' lang='lat' dir='ltr'><strong>COMMUNES</strong></span> 
     </span>
    </p>
   </div>
   <div class='ocr_carea' id='block_1_41' title="bbox 1961 497 2009 552">
    <p class='ocr_par' dir='ltr' id='par_1_41' title="bbox 1961 497 2009 552">
     <span class='ocr_line' id='line_1_41' title="bbox 1961 497 2009 552; baseline 0 0"><span class='ocrx_word' id='word_1_268' title='bbox 1961 497 2009 552; x_wconf 79' lang='grc' dir='ltr'><strong>Α</strong></span> 
     </span>
    </p>
   </div>
   <div class='ocr_carea' id='block_1_42' title="bbox 3513 379 3630 443">
    <p class='ocr_par' dir='ltr' id='par_1_42' title="bbox 3513 379 3630 443">
     <span class='ocr_line' id='line_1_42' title="bbox 3513 379 3630 443; baseline 0 0"><span class='ocrx_word' id='word_1_269' title='bbox 3513 379 3630 443; x_wconf 70' lang='grc' dir='ltr'><strong>83θ</strong></span> 
     </span>
    </p>
   </div>
   <div class='ocr_carea' id='block_1_43' title="bbox 2599 495 3048 570">
    <p class='ocr_par' dir='ltr' id='par_1_43' title="bbox 2599 495 3048 570">
     <span class='ocr_line' id='line_1_43' title="bbox 2599 495 3048 570; baseline 0.007 -19"><span class='ocrx_word' id='word_1_270' title='bbox 2599 495 2830 570; x_wconf 63' lang='grc' dir='ltr'>εεῐιιιο</span> <span class='ocrx_word' id='word_1_271' title='bbox 2861 499 3048 554; x_wconf 86' lang='lat' dir='ltr'><strong>xvnl.</strong></span> 
     </span>
    </p>
   </div>
   <div class='ocr_carea' id='block_1_44' title="bbox 2320 583 3332 660">
    <p class='ocr_par' dir='ltr' id='par_1_44' title="bbox 2320 583 3332 660">
     <span class='ocr_line' id='line_1_44' title="bbox 2320 583 3332 660; baseline 0.004 -24"><span class='ocrx_word' id='word_1_272' title='bbox 2320 583 2394 636; x_wconf 89' lang='lat' dir='ltr'><strong>De</strong></span> <span class='ocrx_word' id='word_1_273' title='bbox 2425 587 2667 640; x_wconf 81' lang='lat' dir='ltr'><strong>secundis</strong></span> <span class='ocrx_word' id='word_1_274' title='bbox 2697 588 2850 642; x_wconf 80' lang='lat' dir='ltr'><strong>rebus</strong></span> <span class='ocrx_word' id='word_1_275' title='bbox 2883 597 3044 660; x_wconf 81' lang='lat' dir='ltr'><strong>atque</strong></span> <span class='ocrx_word' id='word_1_276' title='bbox 3078 585 3332 642; x_wconf 76' lang='lat' dir='ltr'><strong>adversis.</strong></span> 
     </span>
    </p>
   </div>
   <div class='ocr_carea' id='block_1_45' title="bbox 2106 674 3617 751">
    <p class='ocr_par' dir='ltr' id='par_1_45' title="bbox 2106 674 3617 751">
     <span class='ocr_line' id='line_1_45' title="bbox 2106 674 3617 751; baseline 0.001 -23"><span class='ocrx_word' id='word_1_277' title='bbox 2106 675 2232 730; x_wconf 86' lang='lat' dir='ltr'><strong>Luc.</strong></span> <span class='ocrx_word' id='word_1_278' title='bbox 2270 692 2378 740; x_wconf 77' lang='lat' dir='ltr'><strong>xvr,</strong></span> <span class='ocrx_word' id='word_1_279' title='bbox 2407 678 2497 733; x_wconf 72' lang='lat'><strong>25.</strong></span> <span class='ocrx_word' id='word_1_280' title='bbox 2527 709 2594 720; x_wconf 90' lang='lat'><em>—</em></span> <span class='ocrx_word' id='word_1_281' title='bbox 2632 679 2908 751; x_wconf 80' lang='lat' dir='ltr'><strong>Recepisti</strong></span> <span class='ocrx_word' id='word_1_282' title='bbox 2959 690 3015 736; x_wconf 89' lang='lat' dir='ltr'><strong>tu</strong></span> <span class='ocrx_word' id='word_1_283' title='bbox 3072 681 3215 734; x_wconf 80' lang='lat' dir='ltr'><strong>bona</strong></span> <span class='ocrx_word' id='word_1_284' title='bbox 3259 687 3349 732; x_wconf 87' lang='lat' dir='ltr'><strong>tua</strong></span> <span class='ocrx_word' id='word_1_285' title='bbox 3391 675 3446 729; x_wconf 91' lang='lat' dir='ltr'><strong>in</strong></span> <span class='ocrx_word' id='word_1_286' title='bbox 3502 674 3617 729; x_wconf 84' lang='lat' dir='ltr'><strong>vita</strong></span> 
     </span>
    </p>
   </div>
   <div class='ocr_carea' id='block_1_46' title="bbox 2035 766 3618 827">
    <p class='ocr_par' dir='ltr' id='par_1_46' title="bbox 2035 766 3618 827">
     <span class='ocr_line' id='line_1_46' title="bbox 2035 766 3618 827; baseline 0.002 -9"><span class='ocrx_word' id='word_1_287' title='bbox 2035 771 2127 820; x_wconf 90' lang='lat' dir='ltr'><strong>tua</strong></span> <span class='ocrx_word' id='word_1_288' title='bbox 2147 775 2204 820; x_wconf 89' lang='lat' dir='ltr'><strong>et</strong></span> <span class='ocrx_word' id='word_1_289' title='bbox 2227 766 2465 824; x_wconf 85' lang='lat' dir='ltr'><strong>Lazarus</strong></span> <span class='ocrx_word' id='word_1_290' title='bbox 2485 770 2740 826; x_wconf 72' lang='lat' dir='ltr'><strong>similiter</strong></span> <span class='ocrx_word' id='word_1_291' title='bbox 2775 772 2936 826; x_wconf 87' lang='lat' dir='ltr'><strong>mala.</strong></span> <span class='ocrx_word' id='word_1_292' title='bbox 2969 771 3133 827; x_wconf 88' lang='lat' dir='ltr'><strong>Nunc</strong></span> <span class='ocrx_word' id='word_1_293' title='bbox 3157 776 3340 825; x_wconf 89' lang='lat' dir='ltr'><strong>autem</strong></span> <span class='ocrx_word' id='word_1_294' title='bbox 3371 767 3463 823; x_wconf 88' lang='lat' dir='ltr'><strong>hic</strong></span> <span class='ocrx_word' id='word_1_295' title='bbox 3481 782 3618 822; x_wconf 90' lang='lat' dir='ltr'><strong>con-</strong></span> 
     </span>
    </p>
   </div>
   <div class='ocr_carea' id='block_1_47' title="bbox 2031 858 3136 928">
    <p class='ocr_par' dir='ltr' id='par_1_47' title="bbox 2031 858 3136 928">
     <span class='ocr_line' id='line_1_47' title="bbox 2031 858 3136 928; baseline 0.004 -16"><span class='ocrx_word' id='word_1_296' title='bbox 2031 858 2356 914; x_wconf 89' lang='lat' dir='ltr'><strong>solationem</strong></span> <span class='ocrx_word' id='word_1_297' title='bbox 2385 861 2570 928; x_wconf 82' lang='lat' dir='ltr'><strong>habet,</strong></span> <span class='ocrx_word' id='word_1_298' title='bbox 2609 869 2666 917; x_wconf 91' lang='lat' dir='ltr'><strong>tu</strong></span> <span class='ocrx_word' id='word_1_299' title='bbox 2695 879 2830 918; x_wconf 91' lang='lat' dir='ltr'><strong>vero</strong></span> <span class='ocrx_word' id='word_1_300' title='bbox 2853 863 3136 918; x_wconf 88' lang='lat' dir='ltr'><strong>cruciaris.</strong></span> 
     </span>
    </p>
   </div>
   <div class='ocr_carea' id='block_1_48' title="bbox 2104 945 3668 1022">
    <p class='ocr_par' dir='ltr' id='par_1_48' title="bbox 2104 945 3668 1022">
     <span class='ocr_line' id='line_1_48' title="bbox 2104 945 3668 1022; baseline -0.002 -20"><span class='ocrx_word' id='word_1_301' title='bbox 2104 947 2135 1002; x_wconf 86' lang='grc'><strong><em>1</em></strong></span> <span class='ocrx_word' id='word_1_302' title='bbox 2161 947 2284 1004; x_wconf 89' lang='lat' dir='ltr'><strong>Cor.</strong></span> <span class='ocrx_word' id='word_1_303' title='bbox 2317 965 2390 1012; x_wconf 83' lang='lat' dir='ltr'><strong>tv,</strong></span> <span class='ocrx_word' id='word_1_304' title='bbox 2422 951 2510 1005; x_wconf 77' lang='lat' dir='ltr'><strong>tl.</strong></span> <span class='ocrx_word' id='word_1_305' title='bbox 2539 981 2606 990; x_wconf 95' lang='lat'><strong>—</strong></span> <span class='ocrx_word' id='word_1_306' title='bbox 2632 951 2818 1022; x_wconf 86' lang='lat' dir='ltr'><strong>Usque</strong></span> <span class='ocrx_word' id='word_1_307' title='bbox 2845 954 2902 1007; x_wconf 90' lang='lat' dir='ltr'><strong>in</strong></span> <span class='ocrx_word' id='word_1_308' title='bbox 2932 953 3076 1008; x_wconf 89' lang='lat' dir='ltr'><strong>hanc</strong></span> <span class='ocrx_word' id='word_1_309' title='bbox 3113 951 3302 1006; x_wconf 90' lang='lat' dir='ltr'><strong>horam</strong></span> <span class='ocrx_word' id='word_1_310' title='bbox 3347 955 3405 1003; x_wconf 90' lang='lat' dir='ltr'><strong>et</strong></span> <span class='ocrx_word' id='word_1_311' title='bbox 3435 945 3584 1001; x_wconf 89' lang='lat' dir='ltr'><strong>esuri</strong></span> <span class='ocrx_word' id='word_1_312' title='bbox 3605 975 3618 984; x_wconf 91' lang='lat'><strong><em>-</em></strong></span> <span class='ocrx_word' id='word_1_313' title='bbox 3663 1007 3668 1013; x_wconf 30' lang='grc' dir='ltr'><strong><em>ο</em></strong></span> 
     </span>
    </p>
   </div>
   <div class='ocr_carea' id='block_1_49' title="bbox 2036 1036 3620 1110">
    <p class='ocr_par' dir='ltr' id='par_1_49' title="bbox 2036 1036 3620 1110">
     <span class='ocr_line' id='line_1_49' title="bbox 2036 1036 3620 1110; baseline -0.003 -16"><span class='ocrx_word' id='word_1_314' title='bbox 2036 1055 2178 1107; x_wconf 90' lang='lat' dir='ltr'><strong>mus,</strong></span> <span class='ocrx_word' id='word_1_315' title='bbox 2208 1049 2264 1096; x_wconf 88' lang='lat' dir='ltr'><strong>et</strong></span> <span class='ocrx_word' id='word_1_316' title='bbox 2292 1040 2532 1106; x_wconf 87' lang='lat' dir='ltr'><strong>sitimus,</strong></span> <span class='ocrx_word' id='word_1_317' title='bbox 2561 1051 2618 1098; x_wconf 91' lang='lat' dir='ltr'><strong>et</strong></span> <span class='ocrx_word' id='word_1_318' title='bbox 2643 1044 2778 1098; x_wconf 90' lang='lat' dir='ltr'><strong>nudi</strong></span> <span class='ocrx_word' id='word_1_319' title='bbox 2824 1059 3035 1109; x_wconf 90' lang='lat' dir='ltr'><strong>sumus,</strong></span> <span class='ocrx_word' id='word_1_320' title='bbox 3075 1050 3132 1098; x_wconf 92' lang='lat' dir='ltr'><strong>et</strong></span> <span class='ocrx_word' id='word_1_321' title='bbox 3161 1039 3408 1110; x_wconf 83' lang='lat' dir='ltr'><strong>colaphis</strong></span> <span class='ocrx_word' id='word_1_322' title='bbox 3450 1036 3620 1092; x_wconf 81' lang='lat' dir='ltr'><strong>caedi-</strong></span> 
     </span>
    </p>
   </div>
   <div class='ocr_carea' id='block_1_50' title="bbox 2035 1131 3618 1206">
    <p class='ocr_par' dir='ltr' id='par_1_50' title="bbox 2035 1131 3618 1206">
     <span class='ocr_line' id='line_1_50' title="bbox 2035 1131 3618 1206; baseline -0.001 -20"><span class='ocrx_word' id='word_1_323' title='bbox 2035 1147 2184 1199; x_wconf 88' lang='lat' dir='ltr'><strong>mur,</strong></span> <span class='ocrx_word' id='word_1_324' title='bbox 2217 1141 2274 1187; x_wconf 87' lang='lat' dir='ltr'><strong>et</strong></span> <span class='ocrx_word' id='word_1_325' title='bbox 2305 1132 2593 1190; x_wconf 88' lang='lat' dir='ltr'><strong>instabiles</strong></span> <span class='ocrx_word' id='word_1_326' title='bbox 2647 1151 2839 1191; x_wconf 90' lang='lat' dir='ltr'><strong>sumus</strong></span> <span class='ocrx_word' id='word_1_327' title='bbox 2885 1144 3180 1206; x_wconf 83' lang='lat' dir='ltr'><strong>operantes</strong></span> <span class='ocrx_word' id='word_1_328' title='bbox 3231 1131 3488 1187; x_wconf 89' lang='lat' dir='ltr'><strong>manibus</strong></span> <span class='ocrx_word' id='word_1_329' title='bbox 3515 1144 3618 1184; x_wconf 85' lang='lat' dir='ltr'><strong>no-</strong></span> 
     </span>
    </p>
   </div>
   <div class='ocr_carea' id='block_1_51' title="bbox 2044 1226 2196 1280">
    <p class='ocr_par' dir='ltr' id='par_1_51' title="bbox 2044 1226 2196 1280">
     <span class='ocr_line' id='line_1_51' title="bbox 2044 1226 2196 1280; baseline -0.02 -1"><span class='ocrx_word' id='word_1_330' title='bbox 2044 1226 2196 1280; x_wconf 85' lang='lat' dir='ltr'><strong>stris.</strong></span> 
     </span>
    </p>
   </div>
   <div class='ocr_carea' id='block_1_52' title="bbox 2105 1311 3618 1382">
    <p class='ocr_par' dir='ltr' id='par_1_52' title="bbox 2105 1311 3618 1382">
     <span class='ocr_line' id='line_1_52' title="bbox 2105 1311 3618 1382; baseline -0.004 -12"><span class='ocrx_word' id='word_1_331' title='bbox 2105 1316 2272 1372; x_wconf 78' lang='lat' dir='ltr'><strong>Eccli.</strong></span> <span class='ocrx_word' id='word_1_332' title='bbox 2307 1333 2403 1382; x_wconf 82' lang='lat' dir='ltr'><strong>xu,</strong></span> <span class='ocrx_word' id='word_1_333' title='bbox 2447 1317 2500 1374; x_wconf 89' lang='lat'><strong>9.</strong></span> <span class='ocrx_word' id='word_1_334' title='bbox 2533 1349 2604 1358; x_wconf 91' lang='lat'><strong>—-</strong></span> <span class='ocrx_word' id='word_1_335' title='bbox 2637 1318 2697 1374; x_wconf 91' lang='lat' dir='ltr'><strong>ln</strong></span> <span class='ocrx_word' id='word_1_336' title='bbox 2747 1317 2909 1373; x_wconf 89' lang='lat' dir='ltr'><strong>bonis</strong></span> <span class='ocrx_word' id='word_1_337' title='bbox 2947 1316 3084 1382; x_wconf 86' lang='lat' dir='ltr'><strong>viri,</strong></span> <span class='ocrx_word' id='word_1_338' title='bbox 3135 1313 3346 1370; x_wconf 88' lang='lat' dir='ltr'><strong>inimici</strong></span> <span class='ocrx_word' id='word_1_339' title='bbox 3388 1313 3512 1382; x_wconf 82' lang='lat' dir='ltr'><strong>ejus</strong></span> <span class='ocrx_word' id='word_1_340' title='bbox 3559 1311 3618 1372; x_wconf 82' lang='lat' dir='ltr'><strong>in</strong></span> 
     </span>
    </p>
   </div>
   <div class='ocr_carea' id='block_1_53' title="bbox 2035 1401 3620 1479">
    <p class='ocr_par' dir='ltr' id='par_1_53' title="bbox 2035 1401 3620 1479">
     <span class='ocr_line' id='line_1_53' title="bbox 2035 1401 3620 1479; baseline -0.004 -16"><span class='ocrx_word' id='word_1_341' title='bbox 2035 1408 2298 1475; x_wconf 73' lang='lat' dir='ltr'><strong>tristitia;</strong></span> <span class='ocrx_word' id='word_1_342' title='bbox 2333 1407 2498 1479; x_wconf 71' lang='lat'><strong>588</strong></span> <span class='ocrx_word' id='word_1_343' title='bbox 2521 1408 2579 1463; x_wconf 90' lang='lat' dir='ltr'><strong>in</strong></span> <span class='ocrx_word' id='word_1_344' title='bbox 2607 1409 2768 1465; x_wconf 89' lang='lat' dir='ltr'><strong>malis</strong></span> <span class='ocrx_word' id='word_1_345' title='bbox 2801 1416 3008 1474; x_wconf 86' lang='lat' dir='ltr'><strong>autem,</strong></span> <span class='ocrx_word' id='word_1_346' title='bbox 3047 1407 3213 1463; x_wconf 85' lang='lat' dir='ltr'><strong>etiam</strong></span> <span class='ocrx_word' id='word_1_347' title='bbox 3247 1404 3458 1460; x_wconf 88' lang='lat' dir='ltr'><strong>amicus</strong></span> <span class='ocrx_word' id='word_1_348' title='bbox 3501 1401 3620 1457; x_wconf 52' lang='lat' dir='ltr'><strong>dis.</strong></span> 
     </span>
    </p>
   </div>
   <div class='ocr_carea' id='block_1_54' title="bbox 2025 1502 2312 1574">
    <p class='ocr_par' dir='ltr' id='par_1_54' title="bbox 2025 1502 2312 1574">
     <span class='ocr_line' id='line_1_54' title="bbox 2025 1502 2312 1574; baseline -0.007 -18"><span class='ocrx_word' id='word_1_349' title='bbox 2025 1502 2312 1574; x_wconf 75' lang='lat' dir='ltr'><strong>iungetur.</strong></span> 
     </span>
    </p>
   </div>
   <div class='ocr_carea' id='block_1_55' title="bbox 2106 1589 3623 1658">
    <p class='ocr_par' dir='ltr' id='par_1_55' title="bbox 2106 1589 3623 1658">
     <span class='ocr_line' id='line_1_55' title="bbox 2106 1589 3623 1658; baseline -0.005 -12"><span class='ocrx_word' id='word_1_350' title='bbox 2106 1591 2272 1647; x_wconf 79' lang='lat' dir='ltr'><strong>Eccli.</strong></span> <span class='ocrx_word' id='word_1_351' title='bbox 2309 1609 2461 1658; x_wconf 81' lang='lat' dir='ltr'><strong>xvm,</strong></span> <span class='ocrx_word' id='word_1_352' title='bbox 2492 1593 2584 1648; x_wconf 74' lang='lat'><strong>25.</strong></span> <span class='ocrx_word' id='word_1_353' title='bbox 2623 1625 2692 1634; x_wconf 95' lang='lat'><strong>—</strong></span> <span class='ocrx_word' id='word_1_354' title='bbox 2729 1593 3007 1649; x_wconf 84' lang='lat' dir='ltr'><strong>Memento</strong></span> <span class='ocrx_word' id='word_1_355' title='bbox 3051 1590 3214 1646; x_wconf 85' lang='lat' dir='ltr'><strong>famis</strong></span> <span class='ocrx_word' id='word_1_356' title='bbox 3267 1589 3326 1644; x_wconf 87' lang='lat' dir='ltr'><strong>in</strong></span> <span class='ocrx_word' id='word_1_357' title='bbox 3369 1594 3623 1654; x_wconf 86' lang='lat' dir='ltr'><strong>tempore</strong></span> 
     </span>
    </p>
   </div>
   <div class='ocr_carea' id='block_1_56' title="bbox 2035 1677 3620 1757">
    <p class='ocr_par' dir='ltr' id='par_1_56' title="bbox 2035 1677 3620 1757">
     <span class='ocr_line' id='line_1_56' title="bbox 2035 1677 3620 1757; baseline -0.006 -16"><span class='ocrx_word' id='word_1_358' title='bbox 2035 1685 2377 1752; x_wconf 87' lang='lat' dir='ltr'><strong>saturitatis;</strong></span> <span class='ocrx_word' id='word_1_359' title='bbox 2405 1685 2780 1741; x_wconf 87' lang='lat' dir='ltr'><strong>mendicitatis</strong></span> <span class='ocrx_word' id='word_1_360' title='bbox 2799 1693 2856 1741; x_wconf 92' lang='lat' dir='ltr'><strong>et</strong></span> <span class='ocrx_word' id='word_1_361' title='bbox 2881 1685 3140 1757; x_wconf 79' lang='lat' dir='ltr'><strong>egestatis</strong></span> <span class='ocrx_word' id='word_1_362' title='bbox 3185 1684 3241 1738; x_wconf 89' lang='lat' dir='ltr'><strong>in</strong></span> <span class='ocrx_word' id='word_1_363' title='bbox 3275 1681 3366 1737; x_wconf 91' lang='lat' dir='ltr'><strong>die</strong></span> <span class='ocrx_word' id='word_1_364' title='bbox 3395 1677 3620 1734; x_wconf 56' lang='lat' dir='ltr'><strong>divitia.</strong></span> 
     </span>
    </p>
   </div>
   <div class='ocr_carea' id='block_1_57' title="bbox 2037 1776 3410 1846">
    <p class='ocr_par' dir='ltr' id='par_1_57' title="bbox 2037 1776 3410 1846">
     <span class='ocr_line' id='line_1_57' title="bbox 2037 1776 3410 1846; baseline -0.004 -14"><span class='ocrx_word' id='word_1_365' title='bbox 2037 1793 2182 1832; x_wconf 91' lang='lat' dir='ltr'><strong>rum.</strong></span> <span class='ocrx_word' id='word_1_366' title='bbox 2220 1776 2261 1832; x_wconf 83' lang='lat' dir='ltr'><strong>A</strong></span> <span class='ocrx_word' id='word_1_367' title='bbox 2295 1792 2454 1832; x_wconf 88' lang='lat' dir='ltr'><strong>mane</strong></span> <span class='ocrx_word' id='word_1_368' title='bbox 2483 1777 2550 1831; x_wconf 88' lang='lat' dir='ltr'><strong>ad</strong></span> <span class='ocrx_word' id='word_1_369' title='bbox 2573 1791 2861 1846; x_wconf 81' lang='lat' dir='ltr'><strong>vesperam</strong></span> <span class='ocrx_word' id='word_1_370' title='bbox 2896 1785 3143 1831; x_wconf 90' lang='lat' dir='ltr'><strong>mutatur</strong></span> <span class='ocrx_word' id='word_1_371' title='bbox 3170 1781 3410 1843; x_wconf 88' lang='lat' dir='ltr'><strong>tempus.</strong></span> 
     </span>
    </p>
   </div>
   <div class='ocr_carea' id='block_1_58' title="bbox 1961 1831 3618 1936">
    <p class='ocr_par' dir='ltr' id='par_1_58' title="bbox 1961 1831 3618 1936">
     <span class='ocr_line' id='line_1_58' title="bbox 1961 1831 3618 1936; baseline -0.005 -14"><span class='ocrx_word' id='word_1_372' title='bbox 1961 1831 2006 1888; x_wconf 75' lang='grc' dir='ltr'>Β</span> <span class='ocrx_word' id='word_1_373' title='bbox 2040 1831 2053 1832; x_wconf 20' lang='lat'><em>7</em></span> <span class='ocrx_word' id='word_1_374' title='bbox 2078 1831 2271 1922; x_wconf 15' lang='lat' dir='ltr'><strong>iEccli.</strong></span> <span class='ocrx_word' id='word_1_375' title='bbox 2306 1882 2381 1932; x_wconf 62' lang='grc' dir='ltr'>ιχ,</span> <span class='ocrx_word' id='word_1_376' title='bbox 2402 1831 2708 1921; x_wconf 74' lang='lat' dir='ltr'><strong>t6.—-Noii</strong></span> <span class='ocrx_word' id='word_1_377' title='bbox 2722 1831 2974 1920; x_wconf 83' lang='lat' dir='ltr'><strong>aemulari</strong></span> <span class='ocrx_word' id='word_1_378' title='bbox 2996 1864 3222 1936; x_wconf 79' lang='lat' dir='ltr'><strong>gloriam</strong></span> <span class='ocrx_word' id='word_1_379' title='bbox 3242 1831 3618 1935; x_wconf 71' lang='lat' dir='ltr'><strong>peccatorum.</strong></span> 
     </span>
    </p>
   </div>
   <div class='ocr_carea' id='block_1_59' title="bbox 2627 1971 3032 2042">
    <p class='ocr_par' dir='ltr' id='par_1_59' title="bbox 2627 1971 3032 2042">
     <span class='ocr_line' id='line_1_59' title="bbox 2627 1971 3032 2042; baseline -0.007 -15"><span class='ocrx_word' id='word_1_380' title='bbox 2627 1972 2710 2027; x_wconf 76' lang='lat' dir='ltr'><em>Ex</em></span> <span class='ocrx_word' id='word_1_381' title='bbox 2749 1971 3032 2042; x_wconf 85' lang='lat' dir='ltr'><strong>Epigram.</strong></span> 
     </span>
    </p>
   </div>
   <div class='ocr_carea' id='block_1_60' title="bbox 2041 2059 3407 2134">
    <p class='ocr_par' dir='ltr' id='par_1_60' title="bbox 2041 2059 3407 2134">
     <span class='ocr_line' id='line_1_60' title="bbox 2041 2059 3407 2134; baseline -0.009 -12"><span class='ocrx_word' id='word_1_382' title='bbox 2041 2065 2106 2122; x_wconf 81' lang='lat' dir='ltr'><strong>Ut</strong></span> <span class='ocrx_word' id='word_1_383' title='bbox 2136 2073 2186 2119; x_wconf 84' lang='lat' dir='ltr'><strong>te</strong></span> <span class='ocrx_word' id='word_1_384' title='bbox 2213 2064 2330 2134; x_wconf 82' lang='lat' dir='ltr'><strong>fata</strong></span> <span class='ocrx_word' id='word_1_385' title='bbox 2356 2063 2560 2128; x_wconf 79' lang='lat' dir='ltr'><strong>volunt,</strong></span> <span class='ocrx_word' id='word_1_386' title='bbox 2593 2063 2668 2116; x_wconf 81' lang='lat' dir='ltr'><strong>sic</strong></span> <span class='ocrx_word' id='word_1_387' title='bbox 2702 2062 2907 2132; x_wconf 74' lang='lat' dir='ltr'><strong>fertor:</strong></span> <span class='ocrx_word' id='word_1_388' title='bbox 2939 2062 3022 2115; x_wconf 80' lang='lat' dir='ltr'><strong>sin</strong></span> <span class='ocrx_word' id='word_1_389' title='bbox 3059 2059 3254 2124; x_wconf 80' lang='lat' dir='ltr'><strong>minus,</strong></span> <span class='ocrx_word' id='word_1_390' title='bbox 3294 2059 3407 2129; x_wconf 80' lang='lat' dir='ltr'><strong>ipse</strong></span> 
     </span>
    </p>
   </div>
   <div class='ocr_carea' id='block_1_61' title="bbox 2145 2192 3266 2266">
    <p class='ocr_par' dir='ltr' id='par_1_61' title="bbox 2145 2192 3266 2266">
     <span class='ocr_line' id='line_1_61' title="bbox 2145 2192 3266 2266; baseline -0.001 -16"><span class='ocrx_word' id='word_1_391' title='bbox 2145 2195 2415 2250; x_wconf 73' lang='lat' dir='ltr'><strong>Maerorem</strong></span> <span class='ocrx_word' id='word_1_392' title='bbox 2440 2209 2666 2266; x_wconf 75' lang='lat' dir='ltr'><strong>quwres,</strong></span> <span class='ocrx_word' id='word_1_393' title='bbox 2699 2192 2916 2264; x_wconf 80' lang='lat' dir='ltr'><strong>fataque</strong></span> <span class='ocrx_word' id='word_1_394' title='bbox 2943 2202 2994 2248; x_wconf 84' lang='lat' dir='ltr'><strong>te</strong></span> <span class='ocrx_word' id='word_1_395' title='bbox 3034 2193 3266 2263; x_wconf 82' lang='lat' dir='ltr'><strong>rapient.</strong></span> 
     </span>
    </p>
   </div>
   <div class='ocr_carea' id='block_1_62' title="bbox 2106 2302 3620 2378">
    <p class='ocr_par' dir='ltr' id='par_1_62' title="bbox 2106 2302 3620 2378">
     <span class='ocr_line' id='line_1_62' title="bbox 2106 2302 3620 2378; baseline -0.003 -17"><span class='ocrx_word' id='word_1_396' title='bbox 2106 2306 2367 2378; x_wconf 83' lang='lat' dir='ltr'><strong>Theologi.</strong></span> <span class='ocrx_word' id='word_1_397' title='bbox 2392 2337 2458 2350; x_wconf 83' lang='lat'><strong>——</strong></span> <span class='ocrx_word' id='word_1_398' title='bbox 2476 2305 2612 2362; x_wconf 89' lang='lat' dir='ltr'><strong>Cum</strong></span> <span class='ocrx_word' id='word_1_399' title='bbox 2647 2305 2888 2360; x_wconf 88' lang='lat' dir='ltr'><strong>secunda</strong></span> <span class='ocrx_word' id='word_1_400' title='bbox 2911 2303 3086 2359; x_wconf 89' lang='lat' dir='ltr'><strong>uteris</strong></span> <span class='ocrx_word' id='word_1_401' title='bbox 3107 2302 3478 2374; x_wconf 78' lang='lat' dir='ltr'><strong>navigatione,</strong></span> <span class='ocrx_word' id='word_1_402' title='bbox 3507 2309 3620 2357; x_wconf 82' lang='lat' dir='ltr'><strong>lum</strong></span> 
     </span>
    </p>
   </div>
   <div class='ocr_carea' id='block_1_63' title="bbox 2034 2393 3196 2469">
    <p class='ocr_par' dir='ltr' id='par_1_63' title="bbox 2034 2393 3196 2469">
     <span class='ocr_line' id='line_1_63' title="bbox 2034 2393 3196 2469; baseline -0.005 -15"><span class='ocrx_word' id='word_1_403' title='bbox 2034 2399 2376 2469; x_wconf 83' lang='lat' dir='ltr'><strong>tempestatis</strong></span> <span class='ocrx_word' id='word_1_404' title='bbox 2399 2398 2636 2453; x_wconf 81' lang='lat' dir='ltr'><strong>maxime</strong></span> <span class='ocrx_word' id='word_1_405' title='bbox 2666 2396 2838 2452; x_wconf 84' lang='lat' dir='ltr'><strong>debes</strong></span> <span class='ocrx_word' id='word_1_406' title='bbox 2857 2393 3196 2450; x_wconf 89' lang='lat' dir='ltr'><strong>meminisse.</strong></span> 
     </span>
    </p>
   </div>
   <div class='ocr_carea' id='block_1_64' title="bbox 2103 2485 3618 2559">
    <p class='ocr_par' dir='ltr' id='par_1_64' title="bbox 2103 2485 3618 2559">
     <span class='ocr_line' id='line_1_64' title="bbox 2103 2485 3618 2559; baseline -0.004 -15"><span class='ocrx_word' id='word_1_407' title='bbox 2103 2489 2238 2557; x_wconf 84' lang='lat' dir='ltr'><strong>Quis</strong></span> <span class='ocrx_word' id='word_1_408' title='bbox 2269 2489 2413 2545; x_wconf 88' lang='lat' dir='ltr'><strong>scire</strong></span> <span class='ocrx_word' id='word_1_409' title='bbox 2437 2489 2632 2559; x_wconf 82' lang='lat' dir='ltr'><strong>possit,</strong></span> <span class='ocrx_word' id='word_1_410' title='bbox 2661 2499 2746 2542; x_wconf 67' lang='lat' dir='ltr'><strong>an</strong></span> <span class='ocrx_word' id='word_1_411' title='bbox 2783 2486 2877 2542; x_wconf 85' lang='lat' dir='ltr'><strong>hic</strong></span> <span class='ocrx_word' id='word_1_412' title='bbox 2918 2495 3144 2557; x_wconf 77' lang='lat' dir='ltr'><strong>propter</strong></span> <span class='ocrx_word' id='word_1_413' title='bbox 3169 2485 3300 2540; x_wconf 85' lang='lat' dir='ltr'><strong>vitia</strong></span> <span class='ocrx_word' id='word_1_414' title='bbox 3329 2485 3618 2555; x_wconf 85' lang='lat' dir='ltr'><strong>puniatur,</strong></span> 
     </span>
    </p>
   </div>
   <div class='ocr_carea' id='block_1_65' title="bbox 2033 2575 3618 2649">
    <p class='ocr_par' dir='ltr' id='par_1_65' title="bbox 2033 2575 3618 2649">
     <span class='ocr_line' id='line_1_65' title="bbox 2033 2575 3618 2649; baseline -0.003 -17"><span class='ocrx_word' id='word_1_415' title='bbox 2033 2578 2126 2634; x_wconf 88' lang='lat' dir='ltr'><strong>ille</strong></span> <span class='ocrx_word' id='word_1_416' title='bbox 2155 2593 2263 2649; x_wconf 89' lang='lat' dir='ltr'><strong>qua</strong></span> <span class='ocrx_word' id='word_1_417' title='bbox 2303 2585 2528 2649; x_wconf 83' lang='lat' dir='ltr'><strong>praestat</strong></span> <span class='ocrx_word' id='word_1_418' title='bbox 2562 2577 2786 2632; x_wconf 88' lang='lat' dir='ltr'><strong>virtutis</strong></span> <span class='ocrx_word' id='word_1_419' title='bbox 2813 2576 2976 2632; x_wconf 89' lang='lat' dir='ltr'><strong>laude</strong></span> <span class='ocrx_word' id='word_1_420' title='bbox 2996 2575 3291 2641; x_wconf 81' lang='lat' dir='ltr'><strong>eﬂ‘eratur;</strong></span> <span class='ocrx_word' id='word_1_421' title='bbox 3325 2581 3420 2628; x_wconf 86' lang='lat' dir='ltr'><strong>aut</strong></span> <span class='ocrx_word' id='word_1_422' title='bbox 3447 2587 3618 2628; x_wconf 86' lang='lat' dir='ltr'><strong>econ-</strong></span> 
     </span>
    </p>
   </div>
   <div class='ocr_carea' id='block_1_66' title="bbox 2035 2662 3624 2739">
    <p class='ocr_par' dir='ltr' id='par_1_66' title="bbox 2035 2662 3624 2739">
     <span class='ocr_line' id='line_1_66' title="bbox 2035 2662 3624 2739; baseline -0.002 -17"><span class='ocrx_word' id='word_1_423' title='bbox 2035 2676 2120 2723; x_wconf 88' lang='lat' dir='ltr'><strong>tra</strong></span> <span class='ocrx_word' id='word_1_424' title='bbox 2146 2710 2162 2734; x_wconf 92' lang='lat'><strong>,</strong></span> <span class='ocrx_word' id='word_1_425' title='bbox 2223 2669 2316 2724; x_wconf 90' lang='lat' dir='ltr'><strong>hic</strong></span> <span class='ocrx_word' id='word_1_426' title='bbox 2376 2677 2604 2739; x_wconf 84' lang='lat' dir='ltr'><strong>propter</strong></span> <span class='ocrx_word' id='word_1_427' title='bbox 2663 2667 3075 2737; x_wconf 87' lang='lat' dir='ltr'><strong>improbitatem</strong></span> <span class='ocrx_word' id='word_1_428' title='bbox 3129 2665 3466 2732; x_wconf 81' lang='lat' dir='ltr'><strong>extollatur,</strong></span> <span class='ocrx_word' id='word_1_429' title='bbox 3529 2662 3624 2719; x_wconf 87' lang='lat' dir='ltr'><strong>ille</strong></span> 
     </span>
    </p>
   </div>
   <div class='ocr_carea' id='block_1_67' title="bbox 2032 2757 2879 2830">
    <p class='ocr_par' dir='ltr' id='par_1_67' title="bbox 2032 2757 2879 2830">
     <span class='ocr_line' id='line_1_67' title="bbox 2032 2757 2879 2830; baseline -0.001 -17"><span class='ocrx_word' id='word_1_430' title='bbox 2032 2770 2260 2830; x_wconf 83' lang='lat' dir='ltr'><strong>propter</strong></span> <span class='ocrx_word' id='word_1_431' title='bbox 2283 2759 2546 2815; x_wconf 83' lang='lat' dir='ltr'><strong>virtutem</strong></span> <span class='ocrx_word' id='word_1_432' title='bbox 2575 2757 2879 2828; x_wconf 82' lang='lat' dir='ltr'><strong>probetur?</strong></span> 
     </span>
    </p>
   </div>
   <div class='ocr_carea' id='block_1_68' title="bbox 2103 2846 3619 2920">
    <p class='ocr_par' dir='ltr' id='par_1_68' title="bbox 2103 2846 3619 2920">
     <span class='ocr_line' id='line_1_68' title="bbox 2103 2846 3619 2920; baseline -0.003 -16"><span class='ocrx_word' id='word_1_433' title='bbox 2103 2849 2369 2920; x_wconf 80' lang='lat' dir='ltr'><strong>Chrysost.</strong></span> <span class='ocrx_word' id='word_1_434' title='bbox 2430 2879 2502 2888; x_wconf 89' lang='lat'><strong><em>—</em></strong></span> <span class='ocrx_word' id='word_1_435' title='bbox 2530 2847 2712 2910; x_wconf 88' lang='lat' dir='ltr'><strong>Unum</strong></span> <span class='ocrx_word' id='word_1_436' title='bbox 2732 2848 2840 2902; x_wconf 91' lang='lat' dir='ltr'><strong>hoc</strong></span> <span class='ocrx_word' id='word_1_437' title='bbox 2871 2854 3083 2902; x_wconf 90' lang='lat' dir='ltr'><strong>certum</strong></span> <span class='ocrx_word' id='word_1_438' title='bbox 3112 2854 3305 2902; x_wconf 88' lang='lat' dir='ltr'><strong>tenere</strong></span> <span class='ocrx_word' id='word_1_439' title='bbox 3330 2846 3619 2912; x_wconf 84' lang='lat' dir='ltr'><strong>debemus;</strong></span> 
     </span>
    </p>
   </div>
   <div class='ocr_carea' id='block_1_69' title="bbox 2033 2939 3622 3008">
    <p class='ocr_par' dir='ltr' id='par_1_69' title="bbox 2033 2939 3622 3008">
     <span class='ocr_line' id='line_1_69' title="bbox 2033 2939 3622 3008; baseline -0.002 -13"><span class='ocrx_word' id='word_1_440' title='bbox 2033 2941 2113 2995; x_wconf 89' lang='lat' dir='ltr'><strong>sic</strong></span> <span class='ocrx_word' id='word_1_441' title='bbox 2144 2949 2205 2994; x_wconf 89' lang='lat' dir='ltr'><strong>ut</strong></span> <span class='ocrx_word' id='word_1_442' title='bbox 2229 2940 2392 2994; x_wconf 87' lang='lat' dir='ltr'><strong>nobis</strong></span> <span class='ocrx_word' id='word_1_443' title='bbox 2416 2939 2551 2994; x_wconf 89' lang='lat' dir='ltr'><strong>utile</strong></span> <span class='ocrx_word' id='word_1_444' title='bbox 2579 2947 2684 3006; x_wconf 90' lang='lat' dir='ltr'><strong>est,</strong></span> <span class='ocrx_word' id='word_1_445' title='bbox 2716 2947 2916 2995; x_wconf 88' lang='lat' dir='ltr'><strong>cuncta</strong></span> <span class='ocrx_word' id='word_1_446' title='bbox 2945 2939 3118 2994; x_wconf 89' lang='lat' dir='ltr'><strong>Deum</strong></span> <span class='ocrx_word' id='word_1_447' title='bbox 3139 2939 3490 3008; x_wconf 85' lang='lat' dir='ltr'><strong>dispensare;</strong></span> <span class='ocrx_word' id='word_1_448' title='bbox 3518 2951 3622 2992; x_wconf 88' lang='lat' dir='ltr'><strong>nec</strong></span> 
     </span>
    </p>
   </div>
   <div class='ocr_carea' id='block_1_70' title="bbox 2031 3027 3621 3102">
    <p class='ocr_par' dir='ltr' id='par_1_70' title="bbox 2031 3027 3621 3102">
     <span class='ocr_line' id='line_1_70' title="bbox 2031 3027 3621 3102; baseline -0.004 -14"><span class='ocrx_word' id='word_1_449' title='bbox 2031 3033 2230 3088; x_wconf 90' lang='lat' dir='ltr'><strong>modus</strong></span> <span class='ocrx_word' id='word_1_450' title='bbox 2255 3032 2402 3102; x_wconf 88' lang='lat' dir='ltr'><strong>quod</strong></span> <span class='ocrx_word' id='word_1_451' title='bbox 2450 3032 2507 3088; x_wconf 88' lang='lat' dir='ltr'><strong>id</strong></span> <span class='ocrx_word' id='word_1_452' title='bbox 2540 3032 2656 3098; x_wconf 86' lang='lat' dir='ltr'><strong>ﬁat,</strong></span> <span class='ocrx_word' id='word_1_453' title='bbox 2693 3031 2970 3087; x_wconf 87' lang='lat' dir='ltr'><strong>curiosius</strong></span> <span class='ocrx_word' id='word_1_454' title='bbox 3011 3027 3410 3101; x_wconf 89' lang='lat' dir='ltr'><strong>inquirendus;</strong></span> <span class='ocrx_word' id='word_1_455' title='bbox 3456 3027 3542 3082; x_wconf 85' lang='lat' dir='ltr'><strong>vel</strong></span> <span class='ocrx_word' id='word_1_456' title='bbox 3572 3027 3621 3082; x_wconf 86' lang='lat' dir='ltr'><strong>si</strong></span> 
     </span>
    </p>
   </div>
   <div class='ocr_carea' id='block_1_71' title="bbox 2034 3118 3618 3195">
    <p class='ocr_par' dir='ltr' id='par_1_71' title="bbox 2034 3118 3618 3195">
     <span class='ocr_line' id='line_1_71' title="bbox 2034 3118 3618 3195; baseline -0.001 -15"><span class='ocrx_word' id='word_1_457' title='bbox 2034 3125 2126 3181; x_wconf 89' lang='lat' dir='ltr'><strong>ille</strong></span> <span class='ocrx_word' id='word_1_458' title='bbox 2171 3141 2274 3180; x_wconf 89' lang='lat' dir='ltr'><strong>nos</strong></span> <span class='ocrx_word' id='word_1_459' title='bbox 2324 3125 2512 3190; x_wconf 85' lang='lat' dir='ltr'><strong>lateat,</strong></span> <span class='ocrx_word' id='word_1_460' title='bbox 2558 3140 2702 3195; x_wconf 65' lang='lat' dir='ltr'><strong>aegre</strong></span> <span class='ocrx_word' id='word_1_461' title='bbox 2752 3124 3041 3180; x_wconf 89' lang='lat' dir='ltr'><strong>ferendum</strong></span> <span class='ocrx_word' id='word_1_462' title='bbox 3093 3131 3260 3191; x_wconf 87' lang='lat' dir='ltr'><strong>atque</strong></span> <span class='ocrx_word' id='word_1_463' title='bbox 3292 3118 3618 3178; x_wconf 88' lang='lat' dir='ltr'><strong>dolendum.</strong></span> 
     </span>
    </p>
   </div>
   <div class='ocr_carea' id='block_1_72' title="bbox 2034 3212 3622 3286">
    <p class='ocr_par' dir='ltr' id='par_1_72' title="bbox 2034 3212 3622 3286">
     <span class='ocr_line' id='line_1_72' title="bbox 2034 3212 3622 3286; baseline -0.003 -15"><span class='ocrx_word' id='word_1_464' title='bbox 2034 3214 2168 3271; x_wconf 90' lang='lat' dir='ltr'><strong>Nam</strong></span> <span class='ocrx_word' id='word_1_465' title='bbox 2209 3230 2392 3286; x_wconf 89' lang='lat' dir='ltr'><strong>neque</strong></span> <span class='ocrx_word' id='word_1_466' title='bbox 2424 3214 2540 3269; x_wconf 84' lang='lat' dir='ltr'><strong>ﬁeri</strong></span> <span class='ocrx_word' id='word_1_467' title='bbox 2573 3222 2754 3284; x_wconf 86' lang='lat' dir='ltr'><strong>potest</strong></span> <span class='ocrx_word' id='word_1_468' title='bbox 2786 3222 2848 3269; x_wconf 90' lang='lat' dir='ltr'><strong>ut</strong></span> <span class='ocrx_word' id='word_1_469' title='bbox 2897 3215 3014 3269; x_wconf 88' lang='lat' dir='ltr'><strong>haec</strong></span> <span class='ocrx_word' id='word_1_470' title='bbox 3054 3212 3314 3273; x_wconf 89' lang='lat' dir='ltr'><strong>sciamus,</strong></span> <span class='ocrx_word' id='word_1_471' title='bbox 3354 3225 3458 3265; x_wconf 87' lang='lat' dir='ltr'><strong>nec</strong></span> <span class='ocrx_word' id='word_1_472' title='bbox 3490 3226 3622 3267; x_wconf 87' lang='lat' dir='ltr'><strong>vero</strong></span> 
     </span>
    </p>
   </div>
   <div class='ocr_carea' id='block_1_73' title="bbox 2034 3299 3618 3365">
    <p class='ocr_par' dir='ltr' id='par_1_73' title="bbox 2034 3299 3618 3365">
     <span class='ocr_line' id='line_1_73' title="bbox 2034 3299 3618 3365; baseline -0.005 -5"><span class='ocrx_word' id='word_1_473' title='bbox 2034 3305 2178 3361; x_wconf 88' lang='lat' dir='ltr'><strong>scire</strong></span> <span class='ocrx_word' id='word_1_474' title='bbox 2226 3320 2294 3360; x_wconf 81' lang='lat' dir='ltr'><strong>ex</strong></span> <span class='ocrx_word' id='word_1_475' title='bbox 2340 3305 2544 3359; x_wconf 86' lang='lat' dir='ltr'><strong>nostris</strong></span> <span class='ocrx_word' id='word_1_476' title='bbox 2585 3303 2801 3365; x_wconf 80' lang='lat' dir='ltr'><strong>exsistit</strong></span> <span class='ocrx_word' id='word_1_477' title='bbox 2869 3299 3215 3360; x_wconf 80' lang='lat' dir='ltr'><strong>rationibus;</strong></span> <span class='ocrx_word' id='word_1_478' title='bbox 3273 3304 3391 3350; x_wconf 88' lang='lat' dir='ltr'><strong>tum</strong></span> <span class='ocrx_word' id='word_1_479' title='bbox 3469 3299 3618 3365; x_wconf 85' lang='lat' dir='ltr'><strong>quod</strong></span> 
     </span>
    </p>
   </div>
   <div class='ocr_carea' id='block_1_74' title="bbox 2035 3384 3620 3462">
    <p class='ocr_par' dir='ltr' id='par_1_74' title="bbox 2035 3384 3620 3462">
     <span class='ocr_line' id='line_1_74' title="bbox 2035 3384 3620 3462; baseline -0.005 -10"><span class='ocrx_word' id='word_1_480' title='bbox 2035 3398 2298 3452; x_wconf 86' lang='lat' dir='ltr'><strong>mortales</strong></span> <span class='ocrx_word' id='word_1_481' title='bbox 2326 3410 2539 3458; x_wconf 90' lang='lat' dir='ltr'><strong>sumus,</strong></span> <span class='ocrx_word' id='word_1_482' title='bbox 2576 3401 2691 3447; x_wconf 89' lang='lat' dir='ltr'><strong>tum</strong></span> <span class='ocrx_word' id='word_1_483' title='bbox 2729 3392 2878 3462; x_wconf 86' lang='lat' dir='ltr'><strong>quod</strong></span> <span class='ocrx_word' id='word_1_484' title='bbox 2917 3391 3068 3447; x_wconf 84' lang='lat' dir='ltr'><strong>inani</strong></span> <span class='ocrx_word' id='word_1_485' title='bbox 3093 3387 3236 3443; x_wconf 89' lang='lat' dir='ltr'><strong>fastu</strong></span> <span class='ocrx_word' id='word_1_486' title='bbox 3265 3400 3331 3440; x_wconf 88' lang='lat' dir='ltr'><strong>ac</strong></span> <span class='ocrx_word' id='word_1_487' title='bbox 3375 3384 3620 3444; x_wconf 84' lang='lat' dir='ltr'><strong>insolen-</strong></span> 
     </span>
    </p>
   </div>
   <div class='ocr_carea' id='block_1_75' title="bbox 2035 3486 2676 3543">
    <p class='ocr_par' dir='ltr' id='par_1_75' title="bbox 2035 3486 2676 3543">
     <span class='ocr_line' id='line_1_75' title="bbox 2035 3486 2676 3543; baseline -0.006 -1"><span class='ocrx_word' id='word_1_488' title='bbox 2035 3489 2112 3543; x_wconf 85' lang='lat' dir='ltr'><strong>tia</strong></span> <span class='ocrx_word' id='word_1_489' title='bbox 2147 3487 2304 3542; x_wconf 83' lang='lat' dir='ltr'><strong>facile</strong></span> <span class='ocrx_word' id='word_1_490' title='bbox 2339 3486 2676 3541; x_wconf 82' lang='lat' dir='ltr'><strong>extollimur.</strong></span> 
     </span>
    </p>
   </div>
   <div class='ocr_carea' id='block_1_76' title="bbox 2104 3595 3616 3670">
    <p class='ocr_par' dir='ltr' id='par_1_76' title="bbox 2104 3595 3616 3670">
     <span class='ocr_line' id='line_1_76' title="bbox 2104 3595 3616 3670; baseline -0.003 -15"><span class='ocrx_word' id='word_1_491' title='bbox 2104 3601 2236 3656; x_wconf 79' lang='lat' dir='ltr'><strong>Mli.</strong></span> <span class='ocrx_word' id='word_1_492' title='bbox 2267 3631 2336 3640; x_wconf 87' lang='lat'><strong>——</strong></span> <span class='ocrx_word' id='word_1_493' title='bbox 2361 3599 2640 3670; x_wconf 82' lang='lat' dir='ltr'><strong>Quidquid</strong></span> <span class='ocrx_word' id='word_1_494' title='bbox 2692 3599 2865 3653; x_wconf 80' lang='lat' dir='ltr'><strong>ruinae.</strong></span> <span class='ocrx_word' id='word_1_495' title='bbox 2897 3599 3062 3654; x_wconf 87' lang='lat' dir='ltr'><strong>alicui</strong></span> <span class='ocrx_word' id='word_1_496' title='bbox 3113 3598 3397 3662; x_wconf 86' lang='lat' dir='ltr'><strong>acciderit,</strong></span> <span class='ocrx_word' id='word_1_497' title='bbox 3453 3595 3616 3666; x_wconf 82' lang='lat' dir='ltr'><strong>quid-</strong></span> 
     </span>
    </p>
   </div>
   <div class='ocr_carea' id='block_1_77' title="bbox 2034 3687 3614 3762">
    <p class='ocr_par' dir='ltr' id='par_1_77' title="bbox 2034 3687 3614 3762">
     <span class='ocr_line' id='line_1_77' title="bbox 2034 3687 3614 3762; baseline -0.003 -18"><span class='ocrx_word' id='word_1_498' title='bbox 2034 3690 2165 3762; x_wconf 87' lang='lat' dir='ltr'><strong>quid</strong></span> <span class='ocrx_word' id='word_1_499' title='bbox 2217 3689 2552 3759; x_wconf 88' lang='lat' dir='ltr'><strong>peccaverit,</strong></span> <span class='ocrx_word' id='word_1_500' title='bbox 2611 3689 2919 3746; x_wconf 88' lang='lat' dir='ltr'><strong>cavendum</strong></span> <span class='ocrx_word' id='word_1_501' title='bbox 2964 3704 3036 3744; x_wconf 90' lang='lat' dir='ltr'><strong>ne</strong></span> <span class='ocrx_word' id='word_1_502' title='bbox 3091 3687 3218 3743; x_wconf 89' lang='lat' dir='ltr'><strong>inde</strong></span> <span class='ocrx_word' id='word_1_503' title='bbox 3266 3687 3614 3753; x_wconf 79' lang='lat' dir='ltr'><strong>extollamur,</strong></span> 
     </span>
    </p>
   </div>
   <div class='ocr_carea' id='block_1_78' title="bbox 2035 3777 3616 3850">
    <p class='ocr_par' dir='ltr' id='par_1_78' title="bbox 2035 3777 3616 3850">
     <span class='ocr_line' id='line_1_78' title="bbox 2035 3777 3616 3850; baseline -0.003 -14"><span class='ocrx_word' id='word_1_504' title='bbox 2035 3788 2196 3838; x_wconf 77' lang='lat' dir='ltr'><strong>autve</strong></span> <span class='ocrx_word' id='word_1_505' title='bbox 2225 3779 2277 3834; x_wconf 92' lang='lat' dir='ltr'><strong>ei</strong></span> <span class='ocrx_word' id='word_1_506' title='bbox 2307 3778 2402 3848; x_wconf 86' lang='lat' dir='ltr'><strong>qui</strong></span> <span class='ocrx_word' id='word_1_507' title='bbox 2441 3779 2826 3850; x_wconf 87' lang='lat' dir='ltr'><strong>supplantatus</strong></span> <span class='ocrx_word' id='word_1_508' title='bbox 2869 3777 3061 3845; x_wconf 89' lang='lat' dir='ltr'><strong>fuerit,</strong></span> <span class='ocrx_word' id='word_1_509' title='bbox 3097 3795 3339 3850; x_wconf 84' lang='lat' dir='ltr'><strong>unquam</strong></span> <span class='ocrx_word' id='word_1_510' title='bbox 3391 3777 3616 3833; x_wconf 86' lang='lat' dir='ltr'><strong>insulte-</strong></span> 
     </span>
    </p>
   </div>
   <div class='ocr_carea' id='block_1_79' title="bbox 2034 3867 3540 3944">
    <p class='ocr_par' dir='ltr' id='par_1_79' title="bbox 2034 3867 3540 3944">
     <span class='ocr_line' id='line_1_79' title="bbox 2034 3867 3540 3944; baseline 0 -21"><span class='ocrx_word' id='word_1_511' title='bbox 2034 3884 2178 3934; x_wconf 89' lang='lat' dir='ltr'><strong>mus,</strong></span> <span class='ocrx_word' id='word_1_512' title='bbox 2201 3867 2288 3922; x_wconf 84' lang='lat' dir='ltr'><strong>vel</strong></span> <span class='ocrx_word' id='word_1_513' title='bbox 2317 3868 2363 3922; x_wconf 91' lang='lat' dir='ltr'><strong>si</strong></span> <span class='ocrx_word' id='word_1_514' title='bbox 2392 3867 2485 3922; x_wconf 88' lang='lat' dir='ltr'><strong>ille</strong></span> <span class='ocrx_word' id='word_1_515' title='bbox 2515 3867 2768 3938; x_wconf 90' lang='lat' dir='ltr'><strong>capitalis</strong></span> <span class='ocrx_word' id='word_1_516' title='bbox 2799 3868 2977 3924; x_wconf 90' lang='lat' dir='ltr'><strong>hostis</strong></span> <span class='ocrx_word' id='word_1_517' title='bbox 3013 3879 3202 3944; x_wconf 79' lang='lat' dir='ltr'><strong>noster</strong></span> <span class='ocrx_word' id='word_1_518' title='bbox 3245 3869 3540 3926; x_wconf 81' lang='lat' dir='ltr'><strong>exstiterit.</strong></span> 
     </span>
    </p>
   </div>
   <div class='ocr_carea' id='block_1_80' title="bbox 2105 3957 3616 4030">
    <p class='ocr_par' dir='ltr' id='par_1_80' title="bbox 2105 3957 3616 4030">
     <span class='ocr_line' id='line_1_80' title="bbox 2105 3957 3616 4030; baseline 0.002 -19"><span class='ocrx_word' id='word_1_519' title='bbox 2105 3958 2458 4012; x_wconf 85' lang='lat' dir='ltr'><strong>Pcecatorem</strong></span> <span class='ocrx_word' id='word_1_520' title='bbox 2486 3957 2612 4028; x_wconf 79' lang='lat' dir='ltr'><strong>luge</strong></span> <span class='ocrx_word' id='word_1_521' title='bbox 2633 3957 2892 4013; x_wconf 88' lang='lat' dir='ltr'><strong>secundis</strong></span> <span class='ocrx_word' id='word_1_522' title='bbox 2921 3959 3088 4014; x_wconf 89' lang='lat' dir='ltr'><strong>rebus</strong></span> <span class='ocrx_word' id='word_1_523' title='bbox 3109 3957 3384 4027; x_wconf 86' lang='lat' dir='ltr'><strong>utentem;</strong></span> <span class='ocrx_word' id='word_1_524' title='bbox 3410 3959 3616 4030; x_wconf 86' lang='lat' dir='ltr'><strong>quippe</strong></span> 
     </span>
    </p>
   </div>
   <div class='ocr_carea' id='block_1_81' title="bbox 2033 4047 3210 4119">
    <p class='ocr_par' dir='ltr' id='par_1_81' title="bbox 2033 4047 3210 4119">
     <span class='ocr_line' id='line_1_81' title="bbox 2033 4047 3210 4119; baseline 0.003 -16"><span class='ocrx_word' id='word_1_525' title='bbox 2033 4049 2122 4103; x_wconf 90' lang='lat' dir='ltr'><strong>cui</strong></span> <span class='ocrx_word' id='word_1_526' title='bbox 2151 4047 2350 4103; x_wconf 65' lang='lat' dir='ltr'><strong>divina:</strong></span> <span class='ocrx_word' id='word_1_527' title='bbox 2382 4049 2612 4104; x_wconf 87' lang='lat' dir='ltr'><strong>ultionis</strong></span> <span class='ocrx_word' id='word_1_528' title='bbox 2635 4048 2851 4119; x_wconf 82' lang='lat' dir='ltr'><strong>gladius</strong></span> <span class='ocrx_word' id='word_1_529' title='bbox 2881 4051 3210 4106; x_wconf 85' lang='lat' dir='ltr'><strong>intentetur.</strong></span> 
     </span>
    </p>
   </div>
   <div class='ocr_carea' id='block_1_82' title="bbox 2105 4139 3615 4212">
    <p class='ocr_par' dir='ltr' id='par_1_82' title="bbox 2105 4139 3615 4212">
     <span class='ocr_line' id='line_1_82' title="bbox 2105 4139 3615 4212; baseline 0.003 -18"><span class='ocrx_word' id='word_1_530' title='bbox 2105 4139 2248 4206; x_wconf 87' lang='lat' dir='ltr'><strong>Quid</strong></span> <span class='ocrx_word' id='word_1_531' title='bbox 2271 4155 2450 4195; x_wconf 84' lang='lat' dir='ltr'><strong>causae</strong></span> <span class='ocrx_word' id='word_1_532' title='bbox 2477 4148 2560 4196; x_wconf 88' lang='lat' dir='ltr'><strong>est</strong></span> <span class='ocrx_word' id='word_1_533' title='bbox 2588 4157 2690 4196; x_wconf 91' lang='lat' dir='ltr'><strong>cur</strong></span> <span class='ocrx_word' id='word_1_534' title='bbox 2731 4142 2865 4212; x_wconf 87' lang='lat' dir='ltr'><strong>justi</strong></span> <span class='ocrx_word' id='word_1_535' title='bbox 2903 4141 3107 4196; x_wconf 81' lang='lat' dir='ltr'><strong>infirmi</strong></span> <span class='ocrx_word' id='word_1_536' title='bbox 3157 4142 3269 4196; x_wconf 84' lang='lat' dir='ltr'><strong>sint</strong></span> <span class='ocrx_word' id='word_1_537' title='bbox 3315 4157 3615 4212; x_wconf 85' lang='lat' dir='ltr'><strong>rerumque</strong></span> 
     </span>
    </p>
   </div>
   <div class='ocr_carea' id='block_1_83' title="bbox 2031 4231 3618 4304">
    <p class='ocr_par' dir='ltr' id='par_1_83' title="bbox 2031 4231 3618 4304">
     <span class='ocr_line' id='line_1_83' title="bbox 2031 4231 3618 4304; baseline -0.001 -16"><span class='ocrx_word' id='word_1_538' title='bbox 2031 4241 2276 4304; x_wconf 81' lang='lat' dir='ltr'><strong>egestate</strong></span> <span class='ocrx_word' id='word_1_539' title='bbox 2309 4240 2670 4302; x_wconf 88' lang='lat' dir='ltr'><strong>premantur;</strong></span> <span class='ocrx_word' id='word_1_540' title='bbox 2707 4231 2896 4304; x_wconf 87' lang='lat' dir='ltr'><strong>injusli</strong></span> <span class='ocrx_word' id='word_1_541' title='bbox 2931 4249 3065 4288; x_wconf 86' lang='lat' dir='ltr'><strong>vero</strong></span> <span class='ocrx_word' id='word_1_542' title='bbox 3093 4233 3334 4287; x_wconf 83' lang='lat' dir='ltr'><strong>honores</strong></span> <span class='ocrx_word' id='word_1_543' title='bbox 3361 4246 3426 4288; x_wconf 89' lang='lat' dir='ltr'><strong>ac</strong></span> <span class='ocrx_word' id='word_1_544' title='bbox 3471 4232 3618 4287; x_wconf 85' lang='lat' dir='ltr'><strong>divi-</strong></span> 
     </span>
    </p>
   </div>
   <div class='ocr_carea' id='block_1_84' title="bbox 2035 4323 3618 4394">
    <p class='ocr_par' dir='ltr' id='par_1_84' title="bbox 2035 4323 3618 4394">
     <span class='ocr_line' id='line_1_84' title="bbox 2035 4323 3618 4394; baseline 0.001 -18"><span class='ocrx_word' id='word_1_545' title='bbox 2035 4323 2140 4378; x_wconf 87' lang='lat' dir='ltr'><strong>tias</strong></span> <span class='ocrx_word' id='word_1_546' title='bbox 2187 4324 2637 4393; x_wconf 82' lang='lat' dir='ltr'><strong>consequantur?</strong></span> <span class='ocrx_word' id='word_1_547' title='bbox 2669 4323 2877 4394; x_wconf 85' lang='lat' dir='ltr'><strong>Nempe</strong></span> <span class='ocrx_word' id='word_1_548' title='bbox 2923 4333 2984 4378; x_wconf 89' lang='lat' dir='ltr'><strong>ut</strong></span> <span class='ocrx_word' id='word_1_549' title='bbox 3039 4324 3118 4379; x_wconf 89' lang='lat' dir='ltr'><strong>illi</strong></span> <span class='ocrx_word' id='word_1_550' title='bbox 3169 4331 3526 4389; x_wconf 86' lang='lat' dir='ltr'><strong>coronentur,</strong></span> <span class='ocrx_word' id='word_1_551' title='bbox 3559 4323 3618 4378; x_wconf 89' lang='lat' dir='ltr'><strong>hi</strong></span> 
     </span>
    </p>
   </div>
   <div class='ocr_carea' id='block_1_85' title="bbox 2035 4416 3098 4487">
    <p class='ocr_par' dir='ltr' id='par_1_85' title="bbox 2035 4416 3098 4487">
     <span class='ocr_line' id='line_1_85' title="bbox 2035 4416 3098 4487; baseline -0.001 -15"><span class='ocrx_word' id='word_1_552' title='bbox 2035 4432 2168 4472; x_wconf 85' lang='lat' dir='ltr'><strong>vero</strong></span> <span class='ocrx_word' id='word_1_553' title='bbox 2189 4417 2410 4472; x_wconf 82' lang='lat' dir='ltr'><strong>aeternis</strong></span> <span class='ocrx_word' id='word_1_554' title='bbox 2443 4416 2726 4487; x_wconf 88' lang='lat' dir='ltr'><strong>suppliciis</strong></span> <span class='ocrx_word' id='word_1_555' title='bbox 2763 4417 3098 4473; x_wconf 89' lang='lat' dir='ltr'><strong>crucientur.</strong></span> 
     </span>
    </p>
   </div>
   <div class='ocr_carea' id='block_1_86' title="bbox 421 4501 1935 4584">
    <p class='ocr_par' dir='ltr' id='par_1_86' title="bbox 421 4511 1930 4584">
     <span class='ocr_line' id='line_1_86' title="bbox 421 4511 1930 4584; baseline 0 -18"><span class='ocrx_word' id='word_1_556' title='bbox 421 4513 648 4568; x_wconf 78' lang='grc' dir='ltr'>Πάντων</span> <span class='ocrx_word' id='word_1_557' title='bbox 667 4532 762 4568; x_wconf 87' lang='grc' dir='ltr'><strong>σου</strong></span> <span class='ocrx_word' id='word_1_558' title='bbox 791 4513 901 4568; x_wconf 86' lang='grc' dir='ltr'><strong>τῶν</strong></span> <span class='ocrx_word' id='word_1_559' title='bbox 933 4511 1276 4584; x_wconf 76' lang='grc' dir='ltr'>πραγμάτων</span> <span class='ocrx_word' id='word_1_560' title='bbox 1303 4512 1801 4581; x_wconf 78' lang='grc' dir='ltr'>κατευοδουμένων,</span> <span class='ocrx_word' id='word_1_561' title='bbox 1837 4513 1930 4566; x_wconf 75' lang='grc' dir='ltr'><strong>ἐκ·</strong></span> 
     </span>
    </p>
   </div>
   <div class='ocr_carea' id='block_1_87' title="bbox 2034 4501 3614 4584">
    <p class='ocr_par' dir='ltr' id='par_1_87' title="bbox 2099 4511 3614 4582">
     <span class='ocr_line' id='line_1_87' title="bbox 2099 4511 3614 4582; baseline -0.001 -16"><span class='ocrx_word' id='word_1_562' title='bbox 2099 4511 2236 4566; x_wconf 88' lang='lat' dir='ltr'><strong>Cum</strong></span> <span class='ocrx_word' id='word_1_563' title='bbox 2265 4511 2363 4566; x_wconf 85' lang='lat' dir='ltr'><strong>tibi</strong></span> <span class='ocrx_word' id='word_1_564' title='bbox 2399 4526 2660 4582; x_wconf 75' lang='lat' dir='ltr'><strong>pmSperc</strong></span> <span class='ocrx_word' id='word_1_565' title='bbox 2695 4511 2899 4568; x_wconf 77' lang='lat' dir='ltr'><strong>cedunt</strong></span> <span class='ocrx_word' id='word_1_566' title='bbox 2949 4513 3152 4576; x_wconf 75' lang='lat' dir='ltr'><strong>oninia,</strong></span> <span class='ocrx_word' id='word_1_567' title='bbox 3189 4521 3301 4567; x_wconf 90' lang='lat' dir='ltr'><strong>tum</strong></span> <span class='ocrx_word' id='word_1_568' title='bbox 3351 4511 3614 4566; x_wconf 89' lang='lat' dir='ltr'><strong>mutatio-</strong></span> 
     </span>
    </p>
   </div>
   <div class='ocr_carea' id='block_1_88' title="bbox 349 4602 1928 4684">
    <p class='ocr_par' dir='ltr' id='par_1_88' title="bbox 349 4602 1928 4684">
     <span class='ocr_line' id='line_1_88' title="bbox 349 4602 1928 4684; baseline -0.009 -19"><span class='ocrx_word' id='word_1_569' title='bbox 349 4602 506 4678; x_wconf 71' lang='grc' dir='ltr'>δέχου</span> <span class='ocrx_word' id='word_1_570' title='bbox 537 4605 873 4677; x_wconf 77' lang='grc' dir='ltr'>μεταϐολήν·</span> <span class='ocrx_word' id='word_1_571' title='bbox 923 4605 1020 4658; x_wconf 81' lang='grc' dir='ltr'>καὶ</span> <span class='ocrx_word' id='word_1_572' title='bbox 1056 4603 1220 4658; x_wconf 83' lang='grc' dir='ltr'>πάλιν</span> <span class='ocrx_word' id='word_1_573' title='bbox 1268 4603 1398 4658; x_wconf 84' lang='grc' dir='ltr'>ποτὲ</span> <span class='ocrx_word' id='word_1_574' title='bbox 1435 4603 1542 4684; x_wconf 67' lang='grc' dir='ltr'><strong>ὑπὸ</strong></span> <span class='ocrx_word' id='word_1_575' title='bbox 1587 4602 1928 4674; x_wconf 81' lang='grc' dir='ltr'>ἀπροσδοκή-</span> 
     </span>
    </p>
   </div>
   <div class='ocr_carea' id='block_1_89' title="bbox 2036 4602 3618 4674">
    <p class='ocr_par' dir='ltr' id='par_1_89' title="bbox 2036 4602 3618 4674">
     <span class='ocr_line' id='line_1_89' title="bbox 2036 4602 3618 4674; baseline 0.001 -18"><span class='ocrx_word' id='word_1_576' title='bbox 2036 4618 2164 4658; x_wconf 85' lang='lat' dir='ltr'><strong>nem</strong></span> <span class='ocrx_word' id='word_1_577' title='bbox 2218 4602 2396 4669; x_wconf 90' lang='lat' dir='ltr'><strong>time;</strong></span> <span class='ocrx_word' id='word_1_578' title='bbox 2450 4618 2514 4656; x_wconf 86' lang='lat' dir='ltr'><strong>ac</strong></span> <span class='ocrx_word' id='word_1_579' title='bbox 2567 4619 2792 4666; x_wconf 86' lang='lat' dir='ltr'><strong>rursus,</strong></span> <span class='ocrx_word' id='word_1_580' title='bbox 2852 4603 2898 4658; x_wconf 91' lang='lat' dir='ltr'><strong>si</strong></span> <span class='ocrx_word' id='word_1_581' title='bbox 2944 4603 3166 4674; x_wconf 87' lang='lat' dir='ltr'><strong>quando</strong></span> <span class='ocrx_word' id='word_1_582' title='bbox 3228 4603 3618 4674; x_wconf 80' lang='lat' dir='ltr'><strong>inexspectatis</strong></span> 
     </span>
    </p>
   </div>
   <div class='ocr_carea' id='block_1_90' title="bbox 1533 4733 2301 4790">
    <p class='ocr_par' dir='ltr' id='par_1_90' title="bbox 1533 4733 2301 4790">
     <span class='ocr_line' id='line_1_90' title="bbox 1533 4733 2301 4790; baseline -0.001 -1"><span class='ocrx_word' id='word_1_583' title='bbox 1533 4758 1539 4762; x_wconf 95' lang='grc'>·</span> <span class='ocrx_word' id='word_1_584' title='bbox 1617 4734 1704 4789; x_wconf 83' lang='lat' dir='ltr'><strong>VA</strong></span> <span class='ocrx_word' id='word_1_585' title='bbox 1716 4733 1856 4790; x_wconf 70' lang='lat' dir='ltr'><strong>RIAE</strong></span> <span class='ocrx_word' id='word_1_586' title='bbox 1895 4733 2301 4790; x_wconf 76' lang='lat' dir='ltr'><strong>LECTIONES.</strong></span> 
     </span>
    </p>
   </div>
   <div class='ocr_carea' id='block_1_91' title="bbox 420 4819 2564 4898">
    <p class='ocr_par' dir='ltr' id='par_1_91' title="bbox 420 4819 2564 4898">
     <span class='ocr_line' id='line_1_91' title="bbox 420 4819 2564 4898; baseline -0.001 -14"><span class='ocrx_word' id='word_1_587' title='bbox 420 4819 466 4860; x_wconf 76' lang='grc'>⁸⁸</span> <span class='ocrx_word' id='word_1_588' title='bbox 492 4825 555 4884; x_wconf 88' lang='lat' dir='ltr'><strong>In</strong></span> <span class='ocrx_word' id='word_1_589' title='bbox 577 4825 746 4885; x_wconf 84' lang='lat' dir='ltr'><strong>Gesn.</strong></span> <span class='ocrx_word' id='word_1_590' title='bbox 779 4827 932 4884; x_wconf 85' lang='lat' dir='ltr'><strong>Stob.</strong></span> <span class='ocrx_word' id='word_1_591' title='bbox 956 4827 1083 4884; x_wconf 65' lang='grc'><strong>248.</strong></span> <span class='ocrx_word' id='word_1_592' title='bbox 1161 4828 1204 4860; x_wconf 81' lang='grc'>³³</span> <span class='ocrx_word' id='word_1_593' title='bbox 1233 4827 1392 4882; x_wconf 76' lang='grc' dir='ltr'><strong>ἀλλ’.</strong></span> <span class='ocrx_word' id='word_1_594' title='bbox 1422 4827 1486 4880; x_wconf 84' lang='lat' dir='ltr'><strong>Ei</strong></span> <span class='ocrx_word' id='word_1_595' title='bbox 1515 4827 1574 4880; x_wconf 76' lang='grc' dir='ltr'><strong>τὸ</strong></span> <span class='ocrx_word' id='word_1_596' title='bbox 1596 4826 1760 4897; x_wconf 75' lang='grc' dir='ltr'>φέρον</span> <span class='ocrx_word' id='word_1_597' title='bbox 1785 4843 1843 4880; x_wconf 89' lang='grc' dir='ltr'><strong>σε</strong></span> <span class='ocrx_word' id='word_1_598' title='bbox 1877 4827 2054 4897; x_wconf 80' lang='grc' dir='ltr'>φέρει,</span> <span class='ocrx_word' id='word_1_599' title='bbox 2093 4827 2225 4898; x_wconf 78' lang='grc' dir='ltr'>φέρε</span> <span class='ocrx_word' id='word_1_600' title='bbox 2253 4826 2349 4881; x_wconf 67' lang='grc' dir='ltr'>καὶ</span> <span class='ocrx_word' id='word_1_601' title='bbox 2373 4827 2564 4898; x_wconf 74' lang='grc' dir='ltr'>φέρου.</span> 
     </span>
    </p>
   </div>
   <div class='ocr_carea' id='block_1_92' title="bbox 1881 4938 2107 5000">
    <p class='ocr_par' dir='ltr' id='par_1_92' title="bbox 1881 4938 2107 5000">
     <span class='ocr_line' id='line_1_92' title="bbox 1881 4938 2107 5000; baseline 0.013 -3"><span class='ocrx_word' id='word_1_602' title='bbox 1881 4938 2107 5000; x_wconf 62' lang='grc' dir='ltr'><strong>ΝΟΤᾸΕ.</strong></span> 
     </span>
    </p>
   </div>
   <div class='ocr_carea' id='block_1_93' title="bbox 421 5031 1928 5102">
    <p class='ocr_par' dir='ltr' id='par_1_93' title="bbox 421 5031 1928 5102">
     <span class='ocr_line' id='line_1_93' title="bbox 421 5031 1928 5102; baseline 0.001 -14"><span class='ocrx_word' id='word_1_603' title='bbox 421 5031 502 5100; x_wconf 73' lang='grc' dir='ltr'>(τι)</span> <span class='ocrx_word' id='word_1_604' title='bbox 564 5033 630 5086; x_wconf 90' lang='lat'><strong>&#39;0</strong></span> <span class='ocrx_word' id='word_1_605' title='bbox 683 5031 865 5102; x_wconf 72' lang='grc' dir='ltr'>φίλος</span> <span class='ocrx_word' id='word_1_606' title='bbox 911 5033 1470 5102; x_wconf 76' lang='grc' dir='ltr'>διαχωρισθήσεται.</span> <span class='ocrx_word' id='word_1_607' title='bbox 1519 5033 1612 5090; x_wconf 86' lang='lat' dir='ltr'><strong>Sic</strong></span> <span class='ocrx_word' id='word_1_608' title='bbox 1653 5041 1710 5089; x_wconf 82' lang='lat' dir='ltr'><strong>et</strong></span> <span class='ocrx_word' id='word_1_609' title='bbox 1762 5033 1928 5090; x_wconf 84' lang='lat' dir='ltr'><strong>modo</strong></span> 
     </span>
    </p>
   </div>
   <div class='ocr_carea' id='block_1_94' title="bbox 349 5100 1930 5174">
    <p class='ocr_par' dir='ltr' id='par_1_94' title="bbox 349 5100 1930 5174">
     <span class='ocr_line' id='line_1_94' title="bbox 349 5100 1930 5174; baseline -0.001 -14"><span class='ocrx_word' id='word_1_610' title='bbox 349 5100 566 5174; x_wconf 60' lang='lat' dir='ltr'><strong>Graeca.</strong></span> <span class='ocrx_word' id='word_1_611' title='bbox 605 5100 764 5174; x_wconf 75' lang='lat' dir='ltr'><strong>Vulg.</strong></span> <span class='ocrx_word' id='word_1_612' title='bbox 796 5102 863 5174; x_wconf 72' lang='lat' dir='ltr'><strong>In</strong></span> <span class='ocrx_word' id='word_1_613' title='bbox 885 5100 1104 5174; x_wconf 63' lang='lat' dir='ltr'><strong>malitia</strong></span> <span class='ocrx_word' id='word_1_614' title='bbox 1128 5100 1274 5174; x_wconf 63' lang='lat' dir='ltr'><strong>illius</strong></span> <span class='ocrx_word' id='word_1_615' title='bbox 1325 5105 1526 5158; x_wconf 81' lang='lat' dir='ltr'><strong>amicus</strong></span> <span class='ocrx_word' id='word_1_616' title='bbox 1579 5105 1792 5174; x_wconf 78' lang='lat' dir='ltr'><strong>agnitus</strong></span> <span class='ocrx_word' id='word_1_617' title='bbox 1818 5115 1930 5172; x_wconf 85' lang='lat' dir='ltr'><strong>est;</strong></span> 
     </span>
    </p>
   </div>
   <div class='ocr_carea' id='block_1_95' title="bbox 352 5119 1928 5243">
    <p class='ocr_par' dir='ltr' id='par_1_95' title="bbox 352 5119 1928 5243">
     <span class='ocr_line' id='line_1_95' title="bbox 352 5119 1928 5226; baseline -0.001 -66"><span class='ocrx_word' id='word_1_618' title='bbox 352 5119 558 5160; x_wconf 69' lang='lat' dir='ltr'><strong>Graeca.</strong></span> <span class='ocrx_word' id='word_1_619' title='bbox 614 5119 764 5226; x_wconf 41' lang='lat' dir='ltr'><strong>vutg.</strong></span> <span class='ocrx_word' id='word_1_620' title='bbox 796 5119 863 5156; x_wconf 83' lang='grc' dir='ltr'>ιη</span> <span class='ocrx_word' id='word_1_621' title='bbox 885 5119 1094 5158; x_wconf 80' lang='lat' dir='ltr'><strong>manna</strong></span> <span class='ocrx_word' id='word_1_622' title='bbox 1128 5119 1274 5158; x_wconf 72' lang='lat' dir='ltr'><strong>imus</strong></span> <span class='ocrx_word' id='word_1_623' title='bbox 1325 5121 1526 5158; x_wconf 70' lang='lat' dir='ltr'><strong>amicus</strong></span> <span class='ocrx_word' id='word_1_624' title='bbox 1579 5119 1792 5174; x_wconf 82' lang='lat' dir='ltr'><strong>agmws</strong></span> <span class='ocrx_word' id='word_1_625' title='bbox 1818 5119 1928 5172; x_wconf 84' lang='lat' dir='ltr'><strong>est;</strong></span> 
     </span>
     <span class='ocr_line' id='line_1_96' title="bbox 352 5171 1928 5243; baseline 0.001 -17"><span class='ocrx_word' id='word_1_626' title='bbox 352 5171 502 5243; x_wconf 74' lang='lat' dir='ltr'><strong>unde</strong></span> <span class='ocrx_word' id='word_1_627' title='bbox 533 5172 708 5243; x_wconf 78' lang='lat' dir='ltr'><strong>liquet</strong></span> <span class='ocrx_word' id='word_1_628' title='bbox 751 5173 930 5243; x_wconf 75' lang='lat' dir='ltr'><strong>egisse</strong></span> <span class='ocrx_word' id='word_1_629' title='bbox 953 5173 1462 5243; x_wconf 81' lang='grc' dir='ltr'>³διαγνωσθήσεται,</span> <span class='ocrx_word' id='word_1_630' title='bbox 1496 5174 1650 5228; x_wconf 84' lang='lat' dir='ltr'><strong>velut</strong></span> <span class='ocrx_word' id='word_1_631' title='bbox 1673 5175 1841 5229; x_wconf 88' lang='lat' dir='ltr'><strong>etiam</strong></span> <span class='ocrx_word' id='word_1_632' title='bbox 1871 5192 1928 5240; x_wconf 82' lang='grc' dir='ltr'><strong>ιι,</strong></span> 
     </span>
    </p>
   </div>
   <div class='ocr_carea' id='block_1_96' title="bbox 351 5240 1932 5312">
    <p class='ocr_par' dir='ltr' id='par_1_96' title="bbox 351 5240 1932 5312">
     <span class='ocr_line' id='line_1_97' title="bbox 351 5240 1932 5312; baseline -0.001 -14"><span class='ocrx_word' id='word_1_633' title='bbox 351 5241 446 5307; x_wconf 75' lang='lat'><strong>30,</strong></span> <span class='ocrx_word' id='word_1_634' title='bbox 475 5242 532 5296; x_wconf 79' lang='lat' dir='ltr'><strong>in</strong></span> <span class='ocrx_word' id='word_1_635' title='bbox 563 5240 689 5310; x_wconf 77' lang='lat' dir='ltr'><strong>ﬁliis</strong></span> <span class='ocrx_word' id='word_1_636' title='bbox 731 5240 841 5296; x_wconf 74' lang='lat' dir='ltr'><strong>suis</strong></span> <span class='ocrx_word' id='word_1_637' title='bbox 871 5240 1200 5312; x_wconf 18' lang='lat' dir='ltr'><strong>pagnosbitur</strong></span> <span class='ocrx_word' id='word_1_638' title='bbox 1220 5240 1320 5309; x_wconf 72' lang='lat' dir='ltr'><strong>vir,</strong></span> <span class='ocrx_word' id='word_1_639' title='bbox 1355 5243 1452 5297; x_wconf 87' lang='lat' dir='ltr'><strong>ubi</strong></span> <span class='ocrx_word' id='word_1_640' title='bbox 1502 5243 1710 5308; x_wconf 86' lang='lat' dir='ltr'><strong>Graeca,</strong></span> <span class='ocrx_word' id='word_1_641' title='bbox 1761 5246 1819 5297; x_wconf 84' lang='grc' dir='ltr'>ὲν</span> <span class='ocrx_word' id='word_1_642' title='bbox 1849 5247 1932 5297; x_wconf 78' lang='grc' dir='ltr'><strong>τέ-</strong></span> 
     </span>
    </p>
   </div>
   <div class='ocr_carea' id='block_1_97' title="bbox 353 5305 1934 5384">
    <p class='ocr_par' dir='ltr' id='par_1_97' title="bbox 353 5305 1934 5384">
     <span class='ocr_line' id='line_1_98' title="bbox 353 5305 1934 5384; baseline 0.001 -18"><span class='ocrx_word' id='word_1_643' title='bbox 353 5305 503 5373; x_wconf 83' lang='grc' dir='ltr'>κνοις</span> <span class='ocrx_word' id='word_1_644' title='bbox 537 5305 702 5365; x_wconf 76' lang='grc' dir='ltr'>αὑτοῦ</span> <span class='ocrx_word' id='word_1_645' title='bbox 717 5305 1092 5384; x_wconf 65' lang='grc' dir='ltr'>γνωσθήσεται</span> <span class='ocrx_word' id='word_1_646' title='bbox 1119 5305 1418 5384; x_wconf 16' lang='grc' dir='ltr'>ἀνήρ’ίηιιο</span> <span class='ocrx_word' id='word_1_647' title='bbox 1441 5323 1675 5384; x_wconf 85' lang='lat' dir='ltr'><strong>utroque</strong></span> <span class='ocrx_word' id='word_1_648' title='bbox 1697 5305 1819 5368; x_wconf 91' lang='lat' dir='ltr'><strong>loco</strong></span> <span class='ocrx_word' id='word_1_649' title='bbox 1849 5314 1934 5368; x_wconf 91' lang='lat' dir='ltr'><strong>in-</strong></span> 
     </span>
    </p>
   </div>
   <div class='ocr_carea' id='block_1_98' title="bbox 352 5383 1934 5451">
    <p class='ocr_par' dir='ltr' id='par_1_98' title="bbox 352 5383 1934 5451">
     <span class='ocr_line' id='line_1_99' title="bbox 352 5383 1934 5451; baseline 0.001 -14"><span class='ocrx_word' id='word_1_650' title='bbox 352 5389 582 5451; x_wconf 87' lang='lat' dir='ltr'><strong>terpret.</strong></span> <span class='ocrx_word' id='word_1_651' title='bbox 611 5388 828 5450; x_wconf 90' lang='lat' dir='ltr'><strong>tempus</strong></span> <span class='ocrx_word' id='word_1_652' title='bbox 876 5383 1154 5451; x_wconf 86' lang='lat' dir='ltr'><strong>mutavit:</strong></span> <span class='ocrx_word' id='word_1_653' title='bbox 1213 5383 1308 5438; x_wconf 80' lang='lat' dir='ltr'><strong>Sed</strong></span> <span class='ocrx_word' id='word_1_654' title='bbox 1357 5399 1550 5451; x_wconf 82' lang='lat' dir='ltr'><strong>parum</strong></span> <span class='ocrx_word' id='word_1_655' title='bbox 1592 5383 1781 5438; x_wconf 86' lang='lat' dir='ltr'><strong>refert.</strong></span> <span class='ocrx_word' id='word_1_656' title='bbox 1815 5384 1934 5439; x_wconf 77' lang='lat' dir='ltr'><strong>Vox</strong></span> 
     </span>
    </p>
   </div>
   <div class='ocr_carea' id='block_1_99' title="bbox 349 5450 1926 5522">
    <p class='ocr_par' dir='ltr' id='par_1_99' title="bbox 349 5450 1926 5522">
     <span class='ocr_line' id='line_1_100' title="bbox 349 5450 1926 5522; baseline 0.001 -17"><span class='ocrx_word' id='word_1_657' title='bbox 349 5450 574 5522; x_wconf 78' lang='lat' dir='ltr'><strong>quoque</strong></span> <span class='ocrx_word' id='word_1_658' title='bbox 616 5451 758 5505; x_wconf 86' lang='lat' dir='ltr'><strong>nihil</strong></span> <span class='ocrx_word' id='word_1_659' title='bbox 798 5451 1080 5507; x_wconf 84' lang='lat' dir='ltr'><strong>abhorret.</strong></span> <span class='ocrx_word' id='word_1_660' title='bbox 1115 5450 1188 5506; x_wconf 80' lang='lat' dir='ltr'><strong>At</strong></span> <span class='ocrx_word' id='word_1_661' title='bbox 1229 5450 1376 5522; x_wconf 85' lang='lat' dir='ltr'><strong>quod</strong></span> <span class='ocrx_word' id='word_1_662' title='bbox 1422 5452 1618 5506; x_wconf 81' lang='grc' dir='ltr'>κακίαν</span> <span class='ocrx_word' id='word_1_663' title='bbox 1662 5452 1926 5508; x_wconf 81' lang='lat' dir='ltr'><strong>malitiam</strong></span> 
     </span>
    </p>
   </div>
   <div class='ocr_carea' id='block_1_100' title="bbox 350 5521 1922 5593">
    <p class='ocr_par' dir='ltr' id='par_1_100' title="bbox 350 5521 1922 5593">
     <span class='ocr_line' id='line_1_101' title="bbox 350 5521 1922 5593; baseline 0.002 -18"><span class='ocrx_word' id='word_1_664' title='bbox 350 5521 558 5593; x_wconf 68' lang='lat' dir='ltr'><strong>reddit,</strong></span> <span class='ocrx_word' id='word_1_665' title='bbox 584 5536 779 5593; x_wconf 81' lang='lat' dir='ltr'><strong>parum</strong></span> <span class='ocrx_word' id='word_1_666' title='bbox 809 5531 998 5593; x_wconf 80' lang='lat' dir='ltr'><strong>aptum</strong></span> <span class='ocrx_word' id='word_1_667' title='bbox 1028 5533 1132 5593; x_wconf 80' lang='lat' dir='ltr'><strong>est,</strong></span> <span class='ocrx_word' id='word_1_668' title='bbox 1165 5521 1262 5578; x_wconf 84' lang='lat' dir='ltr'><strong>aut</strong></span> <span class='ocrx_word' id='word_1_669' title='bbox 1297 5538 1361 5576; x_wconf 81' lang='lat' dir='ltr'><strong>ex</strong></span> <span class='ocrx_word' id='word_1_670' title='bbox 1408 5538 1510 5577; x_wconf 91' lang='lat' dir='ltr'><strong>usu</strong></span> <span class='ocrx_word' id='word_1_671' title='bbox 1558 5523 1680 5593; x_wconf 87' lang='lat' dir='ltr'><strong>ejus</strong></span> <span class='ocrx_word' id='word_1_672' title='bbox 1733 5523 1922 5578; x_wconf 89' lang='lat' dir='ltr'><strong>vocis:</strong></span> 
     </span>
    </p>
   </div>
   <div class='ocr_carea' id='block_1_101' title="bbox 350 5589 1923 5658">
    <p class='ocr_par' dir='ltr' id='par_1_101' title="bbox 350 5589 1923 5658">
     <span class='ocr_line' id='line_1_102' title="bbox 350 5589 1923 5658; baseline 0 -12"><span class='ocrx_word' id='word_1_673' title='bbox 350 5589 528 5658; x_wconf 85' lang='lat' dir='ltr'><strong>liquet</strong></span> <span class='ocrx_word' id='word_1_674' title='bbox 552 5589 702 5646; x_wconf 79' lang='lat' dir='ltr'><strong>enim</strong></span> <span class='ocrx_word' id='word_1_675' title='bbox 723 5589 924 5645; x_wconf 87' lang='grc' dir='ltr'>κακίαν</span> <span class='ocrx_word' id='word_1_676' title='bbox 947 5591 1090 5646; x_wconf 89' lang='lat' dir='ltr'><strong>idem</strong></span> <span class='ocrx_word' id='word_1_677' title='bbox 1117 5592 1210 5647; x_wconf 91' lang='lat' dir='ltr'><strong>hic</strong></span> <span class='ocrx_word' id='word_1_678' title='bbox 1231 5608 1354 5648; x_wconf 88' lang='lat' dir='ltr'><strong>esse</strong></span> <span class='ocrx_word' id='word_1_679' title='bbox 1381 5609 1445 5646; x_wconf 89' lang='lat' dir='ltr'><strong>ac</strong></span> <span class='ocrx_word' id='word_1_680' title='bbox 1469 5589 1733 5648; x_wconf 69' lang='grc' dir='ltr'>κάκωσιν.</span> <span class='ocrx_word' id='word_1_681' title='bbox 1757 5593 1923 5658; x_wconf 66' lang='lat' dir='ltr'><strong>mala,</strong></span> 
     </span>
    </p>
   </div>
   <div class='ocr_carea' id='block_1_102' title="bbox 353 5661 1922 5732">
    <p class='ocr_par' dir='ltr' id='par_1_102' title="bbox 353 5661 1922 5732">
     <span class='ocr_line' id='line_1_103' title="bbox 353 5661 1922 5732; baseline 0.003 -18"><span class='ocrx_word' id='word_1_682' title='bbox 353 5661 722 5732; x_wconf 75' lang='lat' dir='ltr'><strong>afﬂictjonem,</strong></span> <span class='ocrx_word' id='word_1_683' title='bbox 755 5675 1072 5732; x_wconf 70' lang='lat' dir='ltr'><strong>aerumnam,</strong></span> <span class='ocrx_word' id='word_1_684' title='bbox 1121 5663 1265 5732; x_wconf 84' lang='lat' dir='ltr'><strong>etsi</strong></span> <span class='ocrx_word' id='word_1_685' title='bbox 1309 5662 1442 5732; x_wconf 91' lang='lat' dir='ltr'><strong>quid</strong></span> <span class='ocrx_word' id='word_1_686' title='bbox 1497 5662 1769 5732; x_wconf 74' lang='lat' dir='ltr'><strong>ejusmodi</strong></span> <span class='ocrx_word' id='word_1_687' title='bbox 1817 5673 1922 5728; x_wconf 83' lang='lat' dir='ltr'><strong>est,</strong></span> 
     </span>
    </p>
   </div>
   <div class='ocr_carea' id='block_1_103' title="bbox 355 5729 1386 5800">
    <p class='ocr_par' dir='ltr' id='par_1_103' title="bbox 355 5729 1386 5800">
     <span class='ocr_line' id='line_1_104' title="bbox 355 5729 1386 5800; baseline 0.004 -18"><span class='ocrx_word' id='word_1_688' title='bbox 355 5729 489 5800; x_wconf 75' lang='lat' dir='ltr'><strong>quae</strong></span> <span class='ocrx_word' id='word_1_689' title='bbox 513 5729 708 5800; x_wconf 83' lang='lat' dir='ltr'><strong>Latine</strong></span> <span class='ocrx_word' id='word_1_690' title='bbox 733 5745 899 5784; x_wconf 91' lang='lat' dir='ltr'><strong>nemo</strong></span> <span class='ocrx_word' id='word_1_691' title='bbox 919 5729 1067 5784; x_wconf 83' lang='lat' dir='ltr'><strong>dicat</strong></span> <span class='ocrx_word' id='word_1_692' title='bbox 1101 5729 1386 5786; x_wconf 70' lang='lat' dir='ltr'><strong>malitiam.</strong></span> 
     </span>
    </p>
   </div>
   <div class='ocr_carea' id='block_1_104' title="bbox 424 5797 1926 5874">
    <p class='ocr_par' dir='ltr' id='par_1_104' title="bbox 424 5797 1926 5874">
     <span class='ocr_line' id='line_1_105' title="bbox 424 5797 1926 5874; baseline 0.004 -21"><span class='ocrx_word' id='word_1_693' title='bbox 424 5797 499 5872; x_wconf 72' lang='grc' dir='ltr'><strong>(υ)</strong></span> <span class='ocrx_word' id='word_1_694' title='bbox 556 5799 652 5866; x_wconf 83' lang='grc' dir='ltr'><strong>Ὠς</strong></span> <span class='ocrx_word' id='word_1_695' title='bbox 671 5799 1081 5868; x_wconf 79' lang='grc' dir='ltr'>ἐπαιρόμενος.</span> <span class='ocrx_word' id='word_1_696' title='bbox 1138 5801 1394 5858; x_wconf 80' lang='lat' dir='ltr'><strong>Mcndum</strong></span> <span class='ocrx_word' id='word_1_697' title='bbox 1443 5817 1561 5858; x_wconf 81' lang='lat' dir='ltr'><strong>esse</strong></span> <span class='ocrx_word' id='word_1_698' title='bbox 1608 5803 1804 5874; x_wconf 84' lang='lat' dir='ltr'><strong>liquet,</strong></span> <span class='ocrx_word' id='word_1_699' title='bbox 1835 5802 1926 5859; x_wconf 89' lang='lat' dir='ltr'><strong>cui</strong></span> 
     </span>
    </p>
   </div>
   <div class='ocr_carea' id='block_1_105' title="bbox 2037 5032 3612 5092">
    <p class='ocr_par' dir='ltr' id='par_1_105' title="bbox 2037 5032 3612 5092">
     <span class='ocr_line' id='line_1_106' title="bbox 2037 5032 3612 5092; baseline 0.003 -5"><span class='ocrx_word' id='word_1_700' title='bbox 2037 5033 2237 5090; x_wconf 79' lang='lat' dir='ltr'><strong>vellem</strong></span> <span class='ocrx_word' id='word_1_701' title='bbox 2262 5033 2484 5090; x_wconf 82' lang='lat' dir='ltr'><strong>fecisset</strong></span> <span class='ocrx_word' id='word_1_702' title='bbox 2515 5035 2844 5090; x_wconf 88' lang='lat' dir='ltr'><strong>medicinam</strong></span> <span class='ocrx_word' id='word_1_703' title='bbox 2871 5034 3148 5090; x_wconf 84' lang='lat' dir='ltr'><strong>Gesnerus</strong></span> <span class='ocrx_word' id='word_1_704' title='bbox 3179 5032 3445 5090; x_wconf 88' lang='lat' dir='ltr'><strong>medicus.</strong></span> <span class='ocrx_word' id='word_1_705' title='bbox 3473 5033 3612 5092; x_wconf 76' lang='lat' dir='ltr'><strong>For-</strong></span> 
     </span>
    </p>
   </div>
   <div class='ocr_carea' id='block_1_106' title="bbox 2037 5104 3611 5176">
    <p class='ocr_par' dir='ltr' id='par_1_106' title="bbox 2037 5104 3611 5176">
     <span class='ocr_line' id='line_1_107' title="bbox 2037 5104 3611 5176; baseline 0 -16"><span class='ocrx_word' id='word_1_706' title='bbox 2037 5105 2181 5176; x_wconf 79' lang='lat' dir='ltr'><strong>sitan</strong></span> <span class='ocrx_word' id='word_1_707' title='bbox 2209 5105 2400 5160; x_wconf 87' lang='lat' dir='ltr'><strong>videar</strong></span> <span class='ocrx_word' id='word_1_708' title='bbox 2435 5105 2653 5170; x_wconf 87' lang='lat' dir='ltr'><strong>fecisse,</strong></span> <span class='ocrx_word' id='word_1_709' title='bbox 2685 5105 2950 5160; x_wconf 87' lang='lat' dir='ltr'><strong>mutando</strong></span> <span class='ocrx_word' id='word_1_710' title='bbox 2971 5105 3060 5157; x_wconf 85' lang='grc' dir='ltr'><strong>ὲπ’</strong></span> <span class='ocrx_word' id='word_1_711' title='bbox 3109 5107 3302 5176; x_wconf 81' lang='grc' dir='ltr'>ἀρετῇ,</span> <span class='ocrx_word' id='word_1_712' title='bbox 3335 5104 3483 5176; x_wconf 71' lang='lat' dir='ltr'><strong>qgod</strong></span> <span class='ocrx_word' id='word_1_713' title='bbox 3509 5121 3611 5176; x_wconf 83' lang='lat' dir='ltr'><strong>op-</strong></span> 
     </span>
    </p>
   </div>
   <div class='ocr_carea' id='block_1_107' title="bbox 2035 5172 3610 5246">
    <p class='ocr_par' dir='ltr' id='par_1_107' title="bbox 2035 5172 3610 5246">
     <span class='ocr_line' id='line_1_108' title="bbox 2035 5172 3610 5246; baseline 0.003 -17"><span class='ocrx_word' id='word_1_714' title='bbox 2035 5175 2278 5246; x_wconf 85' lang='lat' dir='ltr'><strong>positum</strong></span> <span class='ocrx_word' id='word_1_715' title='bbox 2310 5176 2409 5245; x_wconf 83' lang='grc' dir='ltr'><strong>τῷ.</strong></span> <span class='ocrx_word' id='word_1_716' title='bbox 2437 5176 2528 5228; x_wconf 74' lang='grc' dir='ltr'>διὰ</span> <span class='ocrx_word' id='word_1_717' title='bbox 2553 5177 2770 5229; x_wconf 82' lang='grc' dir='ltr'>κακίαν.</span> <span class='ocrx_word' id='word_1_718' title='bbox 2807 5176 2901 5231; x_wconf 89' lang='lat' dir='ltr'><strong>Sic</strong></span> <span class='ocrx_word' id='word_1_719' title='bbox 2955 5183 3111 5246; x_wconf 88' lang='lat' dir='ltr'><strong>certe</strong></span> <span class='ocrx_word' id='word_1_720' title='bbox 3151 5172 3323 5229; x_wconf 42' lang='lat' dir='ltr'><strong>&#39;clara</strong></span> <span class='ocrx_word' id='word_1_721' title='bbox 3353 5172 3610 5246; x_wconf 68' lang='lat' dir='ltr'><strong>Gregorii</strong></span> 
     </span>
    </p>
   </div>
   <div class='ocr_carea' id='block_1_108' title="bbox 2037 5244 3608 5316">
    <p class='ocr_par' dir='ltr' id='par_1_108' title="bbox 2037 5244 3608 5316">
     <span class='ocr_line' id='line_1_109' title="bbox 2037 5244 3608 5316; baseline 0.001 -16"><span class='ocrx_word' id='word_1_722' title='bbox 2037 5244 2336 5316; x_wconf 78' lang='lat' dir='ltr'><strong>sententia,</strong></span> <span class='ocrx_word' id='word_1_723' title='bbox 2363 5244 2492 5316; x_wconf 86' lang='lat' dir='ltr'><strong>ipsa</strong></span> <span class='ocrx_word' id='word_1_724' title='bbox 2509 5261 2768 5316; x_wconf 81' lang='lat' dir='ltr'><strong>expressa</strong></span> <span class='ocrx_word' id='word_1_725' title='bbox 2800 5247 2853 5300; x_wconf 91' lang='lat' dir='ltr'><strong>in</strong></span> <span class='ocrx_word' id='word_1_726' title='bbox 2883 5245 3238 5316; x_wconf 83' lang='lat' dir='ltr'><strong>Ecclesiaste,</strong></span> <span class='ocrx_word' id='word_1_727' title='bbox 3294 5244 3438 5316; x_wconf 86' lang='lat' dir='ltr'><strong>quod</strong></span> <span class='ocrx_word' id='word_1_728' title='bbox 3462 5244 3608 5316; x_wconf 28' lang='lat' dir='ltr'><strong>fom-</strong></span> 
     </span>
    </p>
   </div>
   <div class='ocr_carea' id='block_1_109' title="bbox 2036 5313 3610 5384">
    <p class='ocr_par' dir='ltr' id='par_1_109' title="bbox 2036 5313 3610 5384">
     <span class='ocr_line' id='line_1_110' title="bbox 2036 5313 3610 5384; baseline 0.004 -16"><span class='ocrx_word' id='word_1_729' title='bbox 2036 5315 2128 5370; x_wconf 89' lang='lat' dir='ltr'><strong>nia</strong></span> <span class='ocrx_word' id='word_1_730' title='bbox 2155 5313 2416 5370; x_wconf 76' lang='lat' dir='ltr'><strong>omnibus</strong></span> <span class='ocrx_word' id='word_1_731' title='bbox 2439 5313 2732 5380; x_wconf 88' lang='lat' dir='ltr'><strong>eveniant;</strong></span> <span class='ocrx_word' id='word_1_732' title='bbox 2759 5331 2863 5370; x_wconf 88' lang='lat' dir='ltr'><strong>nec</strong></span> <span class='ocrx_word' id='word_1_733' title='bbox 2896 5331 3022 5369; x_wconf 87' lang='lat' dir='ltr'><strong>raro</strong></span> <span class='ocrx_word' id='word_1_734' title='bbox 3067 5315 3304 5368; x_wconf 78' lang='lat' dir='ltr'><strong>tristiora</strong></span> <span class='ocrx_word' id='word_1_735' title='bbox 3341 5313 3506 5384; x_wconf 83' lang='lat' dir='ltr'><strong>justis</strong></span> <span class='ocrx_word' id='word_1_736' title='bbox 3545 5332 3610 5374; x_wconf 82' lang='lat' dir='ltr'><strong>ac</strong></span> 
     </span>
    </p>
   </div>
   <div class='ocr_carea' id='block_1_110' title="bbox 2037 5385 3610 5456">
    <p class='ocr_par' dir='ltr' id='par_1_110' title="bbox 2037 5385 3610 5456">
     <span class='ocr_line' id='line_1_111' title="bbox 2037 5385 3610 5456; baseline 0.003 -18"><span class='ocrx_word' id='word_1_737' title='bbox 2037 5385 2253 5456; x_wconf 86' lang='lat' dir='ltr'><strong>probis,</strong></span> <span class='ocrx_word' id='word_1_738' title='bbox 2286 5402 2450 5456; x_wconf 90' lang='lat' dir='ltr'><strong>quam</strong></span> <span class='ocrx_word' id='word_1_739' title='bbox 2486 5386 2646 5440; x_wconf 86' lang='lat' dir='ltr'><strong>malis</strong></span> <span class='ocrx_word' id='word_1_740' title='bbox 2671 5395 2730 5440; x_wconf 88' lang='lat' dir='ltr'><strong>et</strong></span> <span class='ocrx_word' id='word_1_741' title='bbox 2757 5387 3062 5449; x_wconf 85' lang='lat' dir='ltr'><strong>sceleratis,</strong></span> <span class='ocrx_word' id='word_1_742' title='bbox 3088 5401 3156 5440; x_wconf 87' lang='lat' dir='ltr'><strong>ne</strong></span> <span class='ocrx_word' id='word_1_743' title='bbox 3183 5385 3310 5456; x_wconf 80' lang='lat' dir='ltr'><strong>quis</strong></span> <span class='ocrx_word' id='word_1_744' title='bbox 3351 5385 3462 5456; x_wconf 80' lang='lat' dir='ltr'><strong>jam</strong></span> <span class='ocrx_word' id='word_1_745' title='bbox 3495 5393 3610 5456; x_wconf 80' lang='lat' dir='ltr'><strong>ter-</strong></span> 
     </span>
    </p>
   </div>
   <div class='ocr_carea' id='block_1_111' title="bbox 2031 5453 3608 5524">
    <p class='ocr_par' dir='ltr' id='par_1_111' title="bbox 2031 5453 3608 5524">
     <span class='ocr_line' id='line_1_112' title="bbox 2031 5453 3608 5524; baseline 0.002 -16"><span class='ocrx_word' id='word_1_746' title='bbox 2031 5453 2180 5512; x_wconf 57' lang='lat' dir='ltr'><strong>rena</strong></span> <span class='ocrx_word' id='word_1_747' title='bbox 2206 5453 2488 5511; x_wconf 78' lang='lat' dir='ltr'><strong>fclicitatis</strong></span> <span class='ocrx_word' id='word_1_748' title='bbox 2504 5472 2668 5512; x_wconf 85' lang='lat' dir='ltr'><strong>causa</strong></span> <span class='ocrx_word' id='word_1_749' title='bbox 2690 5456 2952 5510; x_wconf 87' lang='lat' dir='ltr'><strong>virtutem</strong></span> <span class='ocrx_word' id='word_1_750' title='bbox 2977 5456 3142 5518; x_wconf 86' lang='lat' dir='ltr'><strong>colat,</strong></span> <span class='ocrx_word' id='word_1_751' title='bbox 3161 5453 3428 5524; x_wconf 84' lang='lat' dir='ltr'><strong>quidquid</strong></span> <span class='ocrx_word' id='word_1_752' title='bbox 3456 5455 3608 5524; x_wconf 15' lang='lat' dir='ltr'><strong>iolim</strong></span> 
     </span>
    </p>
   </div>
   <div class='ocr_carea' id='block_1_112' title="bbox 2031 5523 3608 5597">
    <p class='ocr_par' dir='ltr' id='par_1_112' title="bbox 2031 5523 3608 5597">
     <span class='ocr_line' id='line_1_113' title="bbox 2031 5523 3608 5597; baseline 0.003 -19"><span class='ocrx_word' id='word_1_753' title='bbox 2031 5526 2280 5597; x_wconf 77' lang='lat' dir='ltr'><strong>carnales</strong></span> <span class='ocrx_word' id='word_1_754' title='bbox 2305 5526 2502 5597; x_wconf 61' lang='lat' dir='ltr'><strong>Judaei.</strong></span> <span class='ocrx_word' id='word_1_755' title='bbox 2541 5527 2662 5597; x_wconf 17' lang='lat' dir='ltr'><strong>ASic</strong></span> <span class='ocrx_word' id='word_1_756' title='bbox 2692 5527 2988 5582; x_wconf 88' lang='lat' dir='ltr'><strong>tenendum</strong></span> <span class='ocrx_word' id='word_1_757' title='bbox 3011 5523 3302 5597; x_wconf 78' lang='lat' dir='ltr'><strong>judicium,</strong></span> <span class='ocrx_word' id='word_1_758' title='bbox 3339 5523 3608 5595; x_wconf 89' lang='lat' dir='ltr'><strong>quidquid</strong></span> 
     </span>
    </p>
   </div>
   <div class='ocr_carea' id='block_1_113' title="bbox 2031 5594 3603 5667">
    <p class='ocr_par' dir='ltr' id='par_1_113' title="bbox 2031 5594 3603 5667">
     <span class='ocr_line' id='line_1_114' title="bbox 2031 5594 3603 5667; baseline 0.002 -19"><span class='ocrx_word' id='word_1_759' title='bbox 2031 5594 2160 5667; x_wconf 83' lang='lat' dir='ltr'><strong>boni</strong></span> <span class='ocrx_word' id='word_1_760' title='bbox 2189 5605 2284 5667; x_wconf 85' lang='lat' dir='ltr'><strong>aut</strong></span> <span class='ocrx_word' id='word_1_761' title='bbox 2309 5595 2723 5667; x_wconf 81' lang='lat' dir='ltr'><strong>malicuiquam</strong></span> <span class='ocrx_word' id='word_1_762' title='bbox 2747 5594 3056 5667; x_wconf 60' lang='lat' dir='ltr'><strong>evenerit&#39;:</strong></span> <span class='ocrx_word' id='word_1_763' title='bbox 3102 5595 3260 5667; x_wconf 77' lang='lat' dir='ltr'><strong>cujus</strong></span> <span class='ocrx_word' id='word_1_764' title='bbox 3300 5594 3603 5651; x_wconf 85' lang='lat' dir='ltr'><strong>memorem</strong></span> 
     </span>
    </p>
   </div>
   <div class='ocr_carea' id='block_1_114' title="bbox 2031 5665 3604 5730">
    <p class='ocr_par' dir='ltr' id='par_1_114' title="bbox 2031 5665 3604 5730">
     <span class='ocr_line' id='line_1_115' title="bbox 2031 5665 3604 5730; baseline 0.001 -12"><span class='ocrx_word' id='word_1_765' title='bbox 2031 5665 2284 5720; x_wconf 88' lang='lat' dir='ltr'><strong>crebrius</strong></span> <span class='ocrx_word' id='word_1_766' title='bbox 2317 5665 2616 5720; x_wconf 82' lang='lat' dir='ltr'><strong>voluissem</strong></span> <span class='ocrx_word' id='word_1_767' title='bbox 2643 5665 2813 5721; x_wconf 89' lang='lat' dir='ltr'><strong>illust.</strong></span> <span class='ocrx_word' id='word_1_768' title='bbox 2845 5665 3139 5721; x_wconf 87' lang='lat' dir='ltr'><strong>Annalium</strong></span> <span class='ocrx_word' id='word_1_769' title='bbox 3174 5665 3447 5730; x_wconf 71' lang='lat' dir='ltr'><strong>Patrem;</strong></span> <span class='ocrx_word' id='word_1_770' title='bbox 3484 5681 3604 5725; x_wconf 82' lang='lat' dir='ltr'><strong>ma-</strong></span> 
     </span>
    </p>
   </div>
   <div class='ocr_carea' id='block_1_115' title="bbox 2031 5735 3602 5806">
    <p class='ocr_par' dir='ltr' id='par_1_115' title="bbox 2031 5735 3602 5806">
     <span class='ocr_line' id='line_1_116' title="bbox 2031 5735 3602 5806; baseline 0.002 -19"><span class='ocrx_word' id='word_1_771' title='bbox 2031 5749 2140 5805; x_wconf 75' lang='lat' dir='ltr'><strong>gno</strong></span> <span class='ocrx_word' id='word_1_772' title='bbox 2163 5750 2333 5806; x_wconf 84' lang='lat' dir='ltr'><strong>onere</strong></span> <span class='ocrx_word' id='word_1_773' title='bbox 2361 5736 2490 5790; x_wconf 90' lang='lat' dir='ltr'><strong>hinc</strong></span> <span class='ocrx_word' id='word_1_774' title='bbox 2517 5751 2648 5791; x_wconf 88' lang='lat' dir='ltr'><strong>suos</strong></span> <span class='ocrx_word' id='word_1_775' title='bbox 2671 5737 2982 5791; x_wconf 82' lang='lat' dir='ltr'><strong>levaturum</strong></span> <span class='ocrx_word' id='word_1_776' title='bbox 3005 5736 3264 5802; x_wconf 82' lang='lat' dir='ltr'><strong>Annales,</strong></span> <span class='ocrx_word' id='word_1_777' title='bbox 3297 5735 3602 5806; x_wconf 84' lang='lat' dir='ltr'><strong>puriusque</strong></span> 
     </span>
    </p>
   </div>
   <div class='ocr_carea' id='block_1_116' title="bbox 2031 5805 3138 5864">
    <p class='ocr_par' dir='ltr' id='par_1_116' title="bbox 2031 5805 3138 5864">
     <span class='ocr_line' id='line_1_117' title="bbox 2031 5805 3138 5864; baseline 0.003 -4"><span class='ocrx_word' id='word_1_778' title='bbox 2031 5819 2094 5860; x_wconf 80' lang='lat' dir='ltr'><strong>cx</strong></span> <span class='ocrx_word' id='word_1_779' title='bbox 2126 5805 2378 5863; x_wconf 84' lang='lat' dir='ltr'><strong>historici</strong></span> <span class='ocrx_word' id='word_1_780' title='bbox 2409 5821 2640 5863; x_wconf 86' lang='lat' dir='ltr'><strong>munere</strong></span> <span class='ocrx_word' id='word_1_781' title='bbox 2673 5807 2798 5864; x_wconf 89' lang='lat' dir='ltr'><strong>illos</strong></span> <span class='ocrx_word' id='word_1_782' title='bbox 2837 5807 3138 5864; x_wconf 83' lang='lat' dir='ltr'><strong>editurum.</strong></span> 
     </span>
    </p>
   </div>
  </div>
