  <div class='ocr_page' id='page_1' title='image "/cluster/home/n/w/nwhite01/storage/ocr_20150623/91/mdp.39015022223195/419.png"; bbox 0 0 4066 6146; ppageno 0'>
   <div class='ocr_carea' id='block_1_1' title="bbox 490 319 591 387">
    <p class='ocr_par' dir='ltr' id='par_1_1' title="bbox 490 319 591 387">
     <span class='ocr_line' id='line_1_1' title="bbox 490 319 591 387; baseline 0.01 -2"><span class='ocrx_word' id='word_1_1' title='bbox 490 319 591 387; x_wconf 76' lang='grc'><strong>831</strong></span> 
     </span>
    </p>
   </div>
   <div class='ocr_carea' id='block_1_2' title="bbox 493 527 2072 600">
    <p class='ocr_par' dir='ltr' id='par_1_2' title="bbox 493 527 2072 600">
     <span class='ocr_line' id='line_1_2' title="bbox 493 527 2072 600; baseline -0.007 -12"><span class='ocrx_word' id='word_1_2' title='bbox 493 542 582 588; x_wconf 85' lang='lat' dir='ltr'><strong>tus</strong></span> <span class='ocrx_word' id='word_1_3' title='bbox 610 533 779 586; x_wconf 77' lang='lat' dir='ltr'><strong>fueris</strong></span> <span class='ocrx_word' id='word_1_4' title='bbox 818 547 882 585; x_wconf 88' lang='lat' dir='ltr'><strong>ac</strong></span> <span class='ocrx_word' id='word_1_5' title='bbox 911 531 1194 600; x_wconf 88' lang='lat' dir='ltr'><strong>obseptus,</strong></span> <span class='ocrx_word' id='word_1_6' title='bbox 1231 531 1448 585; x_wconf 88' lang='lat' dir='ltr'><strong>mitiora</strong></span> <span class='ocrx_word' id='word_1_7' title='bbox 1494 529 1674 600; x_wconf 81' lang='lat' dir='ltr'><strong>cogita</strong></span> <span class='ocrx_word' id='word_1_8' title='bbox 1726 543 1790 582; x_wconf 91' lang='lat' dir='ltr'><strong>ac</strong></span> <span class='ocrx_word' id='word_1_9' title='bbox 1820 527 2072 582; x_wconf 85' lang='lat' dir='ltr'><strong>meliora.</strong></span> 
     </span>
    </p>
   </div>
   <div class='ocr_carea' id='block_1_3' title="bbox 559 617 2075 688">
    <p class='ocr_par' dir='ltr' id='par_1_3' title="bbox 559 617 2075 688">
     <span class='ocr_line' id='line_1_3' title="bbox 559 617 2075 688; baseline -0.004 -11"><span class='ocrx_word' id='word_1_10' title='bbox 559 623 820 677; x_wconf 76' lang='lat' dir='ltr'><strong>Philonis.</strong></span> <span class='ocrx_word' id='word_1_11' title='bbox 861 653 931 661; x_wconf 97' lang='lat'><strong><em>—</em></strong></span> <span class='ocrx_word' id='word_1_12' title='bbox 961 621 1157 676; x_wconf 65' lang='lat' dir='ltr'><strong>Laetari</strong></span> <span class='ocrx_word' id='word_1_13' title='bbox 1190 621 1350 676; x_wconf 91' lang='lat' dir='ltr'><strong>malis</strong></span> <span class='ocrx_word' id='word_1_14' title='bbox 1380 621 1596 685; x_wconf 89' lang='lat' dir='ltr'><strong>alienis,</strong></span> <span class='ocrx_word' id='word_1_15' title='bbox 1631 619 1734 673; x_wconf 92' lang='lat' dir='ltr'><strong>etsi</strong></span> <span class='ocrx_word' id='word_1_16' title='bbox 1779 617 2075 688; x_wconf 83' lang='lat' dir='ltr'><strong>aliquando</strong></span> 
     </span>
    </p>
   </div>
   <div class='ocr_carea' id='block_1_4' title="bbox 489 713 1300 782">
    <p class='ocr_par' dir='ltr' id='par_1_4' title="bbox 489 713 1300 782">
     <span class='ocr_line' id='line_1_4' title="bbox 489 713 1300 782; baseline -0.005 -12"><span class='ocrx_word' id='word_1_17' title='bbox 489 729 729 782; x_wconf 65' lang='lat' dir='ltr'><strong>tequum,</strong></span> <span class='ocrx_word' id='word_1_18' title='bbox 758 722 814 766; x_wconf 92' lang='lat' dir='ltr'><strong>at</strong></span> <span class='ocrx_word' id='word_1_19' title='bbox 841 729 950 767; x_wconf 92' lang='lat' dir='ltr'><strong>non</strong></span> <span class='ocrx_word' id='word_1_20' title='bbox 978 713 1300 767; x_wconf 86' lang='lat' dir='ltr'><strong>humanum.</strong></span> 
     </span>
    </p>
   </div>
   <div class='ocr_carea' id='block_1_5' title="bbox 557 801 2075 871">
    <p class='ocr_par' dir='ltr' id='par_1_5' title="bbox 557 801 2075 871">
     <span class='ocr_line' id='line_1_5' title="bbox 557 801 2075 871; baseline -0.003 -14"><span class='ocrx_word' id='word_1_21' title='bbox 557 804 662 871; x_wconf 88' lang='lat' dir='ltr'><strong>Qui</strong></span> <span class='ocrx_word' id='word_1_22' title='bbox 697 805 954 859; x_wconf 91' lang='lat' dir='ltr'><strong>secundis</strong></span> <span class='ocrx_word' id='word_1_23' title='bbox 987 804 1156 859; x_wconf 85' lang='lat' dir='ltr'><strong>rebus</strong></span> <span class='ocrx_word' id='word_1_24' title='bbox 1182 803 1403 858; x_wconf 87' lang='lat' dir='ltr'><strong>modum</strong></span> <span class='ocrx_word' id='word_1_25' title='bbox 1429 819 1494 857; x_wconf 88' lang='lat' dir='ltr'><strong>ac</strong></span> <span class='ocrx_word' id='word_1_26' title='bbox 1515 801 1865 871; x_wconf 89' lang='lat' dir='ltr'><strong>disciplinam</strong></span> <span class='ocrx_word' id='word_1_27' title='bbox 1890 805 2075 855; x_wconf 90' lang='lat' dir='ltr'><strong>teneat</strong></span> 
     </span>
    </p>
   </div>
   <div class='ocr_carea' id='block_1_6' title="bbox 490 892 2072 964">
    <p class='ocr_par' dir='ltr' id='par_1_6' title="bbox 490 892 2072 964">
     <span class='ocr_line' id='line_1_6' title="bbox 490 892 2072 964; baseline -0.003 -15"><span class='ocrx_word' id='word_1_28' title='bbox 490 897 558 961; x_wconf 98' lang='lat' dir='ltr'><strong>is,</strong></span> <span class='ocrx_word' id='word_1_29' title='bbox 595 895 790 950; x_wconf 86' lang='lat' dir='ltr'><strong>iisdem</strong></span> <span class='ocrx_word' id='word_1_30' title='bbox 827 896 1064 961; x_wconf 85' lang='lat' dir='ltr'><strong>atllictis,</strong></span> <span class='ocrx_word' id='word_1_31' title='bbox 1100 911 1452 964; x_wconf 68' lang='lat' dir='ltr'><strong>maerensque</strong></span> <span class='ocrx_word' id='word_1_32' title='bbox 1489 910 1553 950; x_wconf 91' lang='lat' dir='ltr'><strong>ac</strong></span> <span class='ocrx_word' id='word_1_33' title='bbox 1580 895 1774 949; x_wconf 89' lang='lat' dir='ltr'><strong>dolens</strong></span> <span class='ocrx_word' id='word_1_34' title='bbox 1797 892 2072 949; x_wconf 88' lang='lat' dir='ltr'><strong>consolari</strong></span> 
     </span>
    </p>
   </div>
   <div class='ocr_carea' id='block_1_7' title="bbox 488 994 871 1053">
    <p class='ocr_par' dir='ltr' id='par_1_7' title="bbox 488 994 871 1053">
     <span class='ocr_line' id='line_1_7' title="bbox 488 994 871 1053; baseline 0.003 -15"><span class='ocrx_word' id='word_1_35' title='bbox 488 1000 599 1039; x_wconf 91' lang='lat' dir='ltr'><strong>non</strong></span> <span class='ocrx_word' id='word_1_36' title='bbox 630 994 871 1053; x_wconf 77' lang='lat' dir='ltr'><strong>respuat.</strong></span> 
     </span>
    </p>
   </div>
   <div class='ocr_carea' id='block_1_8' title="bbox 557 1072 2076 1146">
    <p class='ocr_par' dir='ltr' id='par_1_8' title="bbox 557 1072 2076 1146">
     <span class='ocr_line' id='line_1_8' title="bbox 557 1072 2076 1146; baseline -0.003 -16"><span class='ocrx_word' id='word_1_37' title='bbox 557 1076 852 1130; x_wconf 81' lang='lat' dir='ltr'><strong>Maximum</strong></span> <span class='ocrx_word' id='word_1_38' title='bbox 879 1076 1027 1130; x_wconf 89' lang='lat' dir='ltr'><strong>enim</strong></span> <span class='ocrx_word' id='word_1_39' title='bbox 1058 1075 1392 1131; x_wconf 81' lang='lat' dir='ltr'><strong>calamitosis</strong></span> <span class='ocrx_word' id='word_1_40' title='bbox 1417 1074 1758 1146; x_wconf 66' lang='lat' dir='ltr'><strong>praesidium,</strong></span> <span class='ocrx_word' id='word_1_41' title='bbox 1795 1072 2076 1128; x_wconf 90' lang='lat' dir='ltr'><strong>vicissitu-</strong></span> 
     </span>
    </p>
   </div>
   <div class='ocr_carea' id='block_1_9' title="bbox 489 1164 2075 1238">
    <p class='ocr_par' dir='ltr' id='par_1_9' title="bbox 489 1164 2075 1238">
     <span class='ocr_line' id='line_1_9' title="bbox 489 1164 2075 1238; baseline -0.001 -18"><span class='ocrx_word' id='word_1_42' title='bbox 489 1167 634 1221; x_wconf 88' lang='lat' dir='ltr'><strong>dinis</strong></span> <span class='ocrx_word' id='word_1_43' title='bbox 656 1183 800 1237; x_wconf 88' lang='lat' dir='ltr'><strong>spes,</strong></span> <span class='ocrx_word' id='word_1_44' title='bbox 829 1167 1087 1238; x_wconf 88' lang='lat' dir='ltr'><strong>quodque</strong></span> <span class='ocrx_word' id='word_1_45' title='bbox 1126 1169 1322 1223; x_wconf 88' lang='lat' dir='ltr'><strong>melior</strong></span> <span class='ocrx_word' id='word_1_46' title='bbox 1356 1183 1539 1223; x_wconf 89' lang='lat' dir='ltr'><strong>rerum</strong></span> <span class='ocrx_word' id='word_1_47' title='bbox 1575 1176 1750 1222; x_wconf 89' lang='lat' dir='ltr'><strong>status</strong></span> <span class='ocrx_word' id='word_1_48' title='bbox 1779 1165 1850 1220; x_wconf 93' lang='lat' dir='ltr'><strong>ob</strong></span> <span class='ocrx_word' id='word_1_49' title='bbox 1884 1164 2075 1219; x_wconf 90' lang='lat' dir='ltr'><strong>oculos</strong></span> 
     </span>
    </p>
   </div>
   <div class='ocr_carea' id='block_1_10' title="bbox 488 1265 762 1312">
    <p class='ocr_par' dir='ltr' id='par_1_10' title="bbox 488 1265 762 1312">
     <span class='ocr_line' id='line_1_10' title="bbox 488 1265 762 1312; baseline 0.007 -3"><span class='ocrx_word' id='word_1_50' title='bbox 488 1265 762 1312; x_wconf 76' lang='lat' dir='ltr'><strong>versetur.</strong></span> 
     </span>
    </p>
   </div>
   <div class='ocr_carea' id='block_1_11' title="bbox 558 1346 2068 1422">
    <p class='ocr_par' dir='ltr' id='par_1_11' title="bbox 558 1346 2068 1422">
     <span class='ocr_line' id='line_1_11' title="bbox 558 1346 2068 1422; baseline -0.004 -17"><span class='ocrx_word' id='word_1_51' title='bbox 558 1351 789 1405; x_wconf 87' lang='lat' dir='ltr'><strong>Inducta</strong></span> <span class='ocrx_word' id='word_1_52' title='bbox 813 1352 970 1421; x_wconf 81' lang='lat' dir='ltr'><strong>plaga</strong></span> <span class='ocrx_word' id='word_1_53' title='bbox 993 1350 1116 1404; x_wconf 85' lang='lat' dir='ltr'><strong>viro</strong></span> <span class='ocrx_word' id='word_1_54' title='bbox 1157 1350 1415 1422; x_wconf 86' lang='lat' dir='ltr'><strong>prudenti</strong></span> <span class='ocrx_word' id='word_1_55' title='bbox 1469 1348 1761 1418; x_wconf 89' lang='lat' dir='ltr'><strong>disciplina</strong></span> <span class='ocrx_word' id='word_1_56' title='bbox 1787 1346 1950 1416; x_wconf 78' lang='lat'><strong>589</strong></span> <span class='ocrx_word' id='word_1_57' title='bbox 1973 1347 2068 1412; x_wconf 89' lang='lat' dir='ltr'><strong>sit;</strong></span> 
     </span>
    </p>
   </div>
   <div class='ocr_carea' id='block_1_12' title="bbox 487 1442 2072 1512">
    <p class='ocr_par' dir='ltr' id='par_1_12' title="bbox 487 1442 2072 1512">
     <span class='ocr_line' id='line_1_12' title="bbox 487 1442 2072 1512; baseline -0.004 -14"><span class='ocrx_word' id='word_1_58' title='bbox 487 1442 592 1498; x_wconf 84' lang='lat' dir='ltr'><strong>nec</strong></span> <span class='ocrx_word' id='word_1_59' title='bbox 634 1458 761 1498; x_wconf 91' lang='lat' dir='ltr'><strong>raro</strong></span> <span class='ocrx_word' id='word_1_60' title='bbox 815 1443 1099 1498; x_wconf 83' lang='lat' dir='ltr'><strong>calamitas</strong></span> <span class='ocrx_word' id='word_1_61' title='bbox 1153 1457 1510 1512; x_wconf 58' lang='lat' dir='ltr'><strong>atrumnaque</strong></span> <span class='ocrx_word' id='word_1_62' title='bbox 1559 1455 1742 1495; x_wconf 91' lang='lat' dir='ltr'><strong>rerum</strong></span> <span class='ocrx_word' id='word_1_63' title='bbox 1810 1454 2072 1507; x_wconf 87' lang='lat' dir='ltr'><strong>prospero</strong></span> 
     </span>
    </p>
   </div>
   <div class='ocr_carea' id='block_1_13' title="bbox 488 1544 916 1605">
    <p class='ocr_par' dir='ltr' id='par_1_13' title="bbox 488 1544 916 1605">
     <span class='ocr_line' id='line_1_13' title="bbox 488 1544 916 1605; baseline -0.002 -14"><span class='ocrx_word' id='word_1_64' title='bbox 488 1544 634 1591; x_wconf 80' lang='lat' dir='ltr'><strong>statu</strong></span> <span class='ocrx_word' id='word_1_65' title='bbox 674 1544 916 1605; x_wconf 69' lang='lat' dir='ltr'><strong>praestat.</strong></span> 
     </span>
    </p>
   </div>
   <div class='ocr_carea' id='block_1_14' title="bbox 524 1624 2070 1696">
    <p class='ocr_par' dir='ltr' id='par_1_14' title="bbox 524 1624 2070 1696">
     <span class='ocr_line' id='line_1_14' title="bbox 524 1624 2070 1696; baseline 0 -14"><span class='ocrx_word' id='word_1_66' title='bbox 524 1624 530 1628; x_wconf 80' lang='grc'><em>’</em></span> <span class='ocrx_word' id='word_1_67' title='bbox 560 1627 794 1682; x_wconf 82' lang='lat' dir='ltr'><strong>Maxima</strong></span> <span class='ocrx_word' id='word_1_68' title='bbox 837 1627 1122 1683; x_wconf 83' lang='lat' dir='ltr'><strong>calamitas</strong></span> <span class='ocrx_word' id='word_1_69' title='bbox 1155 1627 1295 1692; x_wconf 88' lang='lat' dir='ltr'><strong>viro,</strong></span> <span class='ocrx_word' id='word_1_70' title='bbox 1323 1626 1416 1696; x_wconf 92' lang='lat' dir='ltr'><strong>qui</strong></span> <span class='ocrx_word' id='word_1_71' title='bbox 1444 1626 1612 1681; x_wconf 87' lang='lat' dir='ltr'><strong>rebus</strong></span> <span class='ocrx_word' id='word_1_72' title='bbox 1660 1627 1915 1684; x_wconf 80' lang='lat' dir='ltr'><strong>adversis</strong></span> <span class='ocrx_word' id='word_1_73' title='bbox 1947 1637 2070 1682; x_wconf 78' lang='lat' dir='ltr'><strong>uta-</strong></span> 
     </span>
    </p>
   </div>
   <div class='ocr_carea' id='block_1_15' title="bbox 492 1719 2070 1789">
    <p class='ocr_par' dir='ltr' id='par_1_15' title="bbox 492 1719 2070 1789">
     <span class='ocr_line' id='line_1_15' title="bbox 492 1719 2070 1789; baseline 0.001 -17"><span class='ocrx_word' id='word_1_74' title='bbox 492 1727 604 1782; x_wconf 87' lang='lat' dir='ltr'><strong>tur,</strong></span> <span class='ocrx_word' id='word_1_75' title='bbox 634 1719 784 1788; x_wconf 89' lang='lat' dir='ltr'><strong>quod</strong></span> <span class='ocrx_word' id='word_1_76' title='bbox 821 1734 925 1775; x_wconf 90' lang='lat' dir='ltr'><strong>nec</strong></span> <span class='ocrx_word' id='word_1_77' title='bbox 960 1727 1218 1789; x_wconf 85' lang='lat' dir='ltr'><strong>suppetat</strong></span> <span class='ocrx_word' id='word_1_78' title='bbox 1250 1719 1345 1789; x_wconf 91' lang='lat' dir='ltr'><strong>qui</strong></span> <span class='ocrx_word' id='word_1_79' title='bbox 1400 1719 1675 1773; x_wconf 91' lang='lat' dir='ltr'><strong>consolari</strong></span> <span class='ocrx_word' id='word_1_80' title='bbox 1722 1735 1786 1774; x_wconf 90' lang='lat' dir='ltr'><strong>ac</strong></span> <span class='ocrx_word' id='word_1_81' title='bbox 1842 1721 2070 1774; x_wconf 82' lang='lat' dir='ltr'><strong>reticere</strong></span> 
     </span>
    </p>
   </div>
   <div class='ocr_carea' id='block_1_16' title="bbox 493 1810 687 1880">
    <p class='ocr_par' dir='ltr' id='par_1_16' title="bbox 493 1810 687 1880">
     <span class='ocr_line' id='line_1_16' title="bbox 493 1810 687 1880; baseline 0.005 -17"><span class='ocrx_word' id='word_1_82' title='bbox 493 1810 687 1880; x_wconf 89' lang='lat' dir='ltr'><strong>possit.</strong></span> 
     </span>
    </p>
   </div>
   <div class='ocr_carea' id='block_1_17' title="bbox 563 1901 2072 1972">
    <p class='ocr_par' dir='ltr' id='par_1_17' title="bbox 563 1901 2072 1972">
     <span class='ocr_line' id='line_1_17' title="bbox 563 1901 2072 1972; baseline -0.001 -16"><span class='ocrx_word' id='word_1_83' title='bbox 563 1903 815 1972; x_wconf 83' lang='lat' dir='ltr'><strong>Magnum</strong></span> <span class='ocrx_word' id='word_1_84' title='bbox 874 1901 1090 1956; x_wconf 80' lang='lat' dir='ltr'><strong>atllictis</strong></span> <span class='ocrx_word' id='word_1_85' title='bbox 1113 1901 1280 1956; x_wconf 83' lang='lat' dir='ltr'><strong>rebus</strong></span> <span class='ocrx_word' id='word_1_86' title='bbox 1297 1902 1626 1967; x_wconf 88' lang='lat' dir='ltr'><strong>remedium,</strong></span> <span class='ocrx_word' id='word_1_87' title='bbox 1662 1917 1826 1970; x_wconf 92' lang='lat' dir='ltr'><strong>quam</strong></span> <span class='ocrx_word' id='word_1_88' title='bbox 1858 1917 1925 1954; x_wconf 82' lang='lat' dir='ltr'><strong>ex</strong></span> <span class='ocrx_word' id='word_1_89' title='bbox 1951 1901 2072 1954; x_wconf 86' lang='lat' dir='ltr'><strong>ani-</strong></span> 
     </span>
    </p>
   </div>
   <div class='ocr_carea' id='block_1_18' title="bbox 490 1993 2075 2062">
    <p class='ocr_par' dir='ltr' id='par_1_18' title="bbox 490 1993 2075 2062">
     <span class='ocr_line' id='line_1_18' title="bbox 490 1993 2075 2062; baseline 0 -14"><span class='ocrx_word' id='word_1_90' title='bbox 490 2009 582 2048; x_wconf 89' lang='lat' dir='ltr'><strong>mo</strong></span> <span class='ocrx_word' id='word_1_91' title='bbox 608 1993 1018 2047; x_wconf 86' lang='lat' dir='ltr'><strong>miserationem</strong></span> <span class='ocrx_word' id='word_1_92' title='bbox 1049 1993 1252 2048; x_wconf 83' lang='lat' dir='ltr'><strong>inferas</strong></span> <span class='ocrx_word' id='word_1_93' title='bbox 1280 2010 1294 2058; x_wconf 89' lang='lat'><strong>;</strong></span> <span class='ocrx_word' id='word_1_94' title='bbox 1331 1993 1588 2062; x_wconf 89' lang='lat' dir='ltr'><strong>quodque</strong></span> <span class='ocrx_word' id='word_1_95' title='bbox 1621 2009 1751 2047; x_wconf 83' lang='lat' dir='ltr'><strong>vere</strong></span> <span class='ocrx_word' id='word_1_96' title='bbox 1778 1993 2075 2048; x_wconf 90' lang='lat' dir='ltr'><strong>condoleas</strong></span> 
     </span>
    </p>
   </div>
   <div class='ocr_carea' id='block_1_19' title="bbox 492 2084 1550 2154">
    <p class='ocr_par' dir='ltr' id='par_1_19' title="bbox 492 2084 1550 2154">
     <span class='ocr_line' id='line_1_19' title="bbox 492 2084 1550 2154; baseline -0.001 -16"><span class='ocrx_word' id='word_1_97' title='bbox 492 2098 744 2154; x_wconf 79' lang='lat' dir='ltr'><strong>magnam</strong></span> <span class='ocrx_word' id='word_1_98' title='bbox 771 2092 985 2154; x_wconf 89' lang='lat' dir='ltr'><strong>partem</strong></span> <span class='ocrx_word' id='word_1_99' title='bbox 1019 2084 1347 2138; x_wconf 87' lang='lat' dir='ltr'><strong>calamitatis</strong></span> <span class='ocrx_word' id='word_1_100' title='bbox 1382 2084 1550 2137; x_wconf 82' lang='lat' dir='ltr'><strong>levat.</strong></span> 
     </span>
    </p>
   </div>
   <div class='ocr_carea' id='block_1_20' title="bbox 559 2173 2071 2245">
    <p class='ocr_par' dir='ltr' id='par_1_20' title="bbox 559 2173 2071 2245">
     <span class='ocr_line' id='line_1_20' title="bbox 559 2173 2071 2245; baseline -0.002 -15"><span class='ocrx_word' id='word_1_101' title='bbox 559 2174 803 2245; x_wconf 80' lang='lat' dir='ltr'><strong>Evagrii.</strong></span> <span class='ocrx_word' id='word_1_102' title='bbox 825 2205 897 2216; x_wconf 92' lang='lat'>—</span> <span class='ocrx_word' id='word_1_103' title='bbox 927 2173 1148 2229; x_wconf 85' lang='lat' dir='ltr'><strong>Homini</strong></span> <span class='ocrx_word' id='word_1_104' title='bbox 1167 2190 1276 2229; x_wconf 90' lang='lat' dir='ltr'><strong>non</strong></span> <span class='ocrx_word' id='word_1_105' title='bbox 1308 2175 1436 2239; x_wconf 87' lang='lat' dir='ltr'><strong>levi,</strong></span> <span class='ocrx_word' id='word_1_106' title='bbox 1463 2173 1823 2244; x_wconf 69' lang='lat' dir='ltr'><strong>qurevislcvis</strong></span> <span class='ocrx_word' id='word_1_107' title='bbox 1845 2173 2071 2227; x_wconf 90' lang='lat' dir='ltr'><strong>calami-</strong></span> 
     </span>
    </p>
   </div>
   <div class='ocr_carea' id='block_1_21' title="bbox 489 2271 1894 2328">
    <p class='ocr_par' dir='ltr' id='par_1_21' title="bbox 489 2271 1894 2328">
     <span class='ocr_line' id='line_1_21' title="bbox 489 2271 1894 2328; baseline -0.006 -9"><span class='ocrx_word' id='word_1_108' title='bbox 489 2271 575 2319; x_wconf 79' lang='lat' dir='ltr'><strong>tas</strong></span> <span class='ocrx_word' id='word_1_109' title='bbox 604 2272 708 2319; x_wconf 87' lang='lat' dir='ltr'><strong>est.</strong></span> <span class='ocrx_word' id='word_1_110' title='bbox 1892 2325 1894 2328; x_wconf 14' lang='grc' dir='ltr'>ν</span> 
     </span>
    </p>
   </div>
   <div class='ocr_carea' id='block_1_22' title="bbox 560 2351 2069 2424">
    <p class='ocr_par' dir='ltr' id='par_1_22' title="bbox 560 2351 2069 2424">
     <span class='ocr_line' id='line_1_22' title="bbox 560 2351 2069 2424; baseline -0.001 -17"><span class='ocrx_word' id='word_1_111' title='bbox 560 2351 859 2410; x_wconf 80' lang='lat' dir='ltr'><strong>Plutarchi.</strong></span> <span class='ocrx_word' id='word_1_112' title='bbox 888 2385 960 2394; x_wconf 95' lang='lat'>—</span> <span class='ocrx_word' id='word_1_113' title='bbox 989 2353 1103 2409; x_wconf 90' lang='lat' dir='ltr'><strong>Nec</strong></span> <span class='ocrx_word' id='word_1_114' title='bbox 1126 2369 1333 2424; x_wconf 80' lang='lat' dir='ltr'><strong>aegrum</strong></span> <span class='ocrx_word' id='word_1_115' title='bbox 1365 2353 1549 2408; x_wconf 89' lang='lat' dir='ltr'><strong>aureis</strong></span> <span class='ocrx_word' id='word_1_116' title='bbox 1599 2351 1836 2422; x_wconf 91' lang='lat' dir='ltr'><strong>pedibus</strong></span> <span class='ocrx_word' id='word_1_117' title='bbox 1887 2352 2069 2407; x_wconf 88' lang='lat' dir='ltr'><strong>lectus</strong></span> 
     </span>
    </p>
   </div>
   <div class='ocr_carea' id='block_1_23' title="bbox 489 2445 1724 2518">
    <p class='ocr_par' dir='ltr' id='par_1_23' title="bbox 489 2445 1724 2518">
     <span class='ocr_line' id='line_1_23' title="bbox 489 2445 1724 2518; baseline -0.003 -16"><span class='ocrx_word' id='word_1_118' title='bbox 489 2445 660 2518; x_wconf 74' lang='lat' dir='ltr'><strong>iuvet,</strong></span> <span class='ocrx_word' id='word_1_119' title='bbox 693 2461 796 2502; x_wconf 90' lang='lat' dir='ltr'><strong>nec</strong></span> <span class='ocrx_word' id='word_1_120' title='bbox 818 2446 1079 2502; x_wconf 90' lang='lat' dir='ltr'><strong>stolidum</strong></span> <span class='ocrx_word' id='word_1_121' title='bbox 1103 2446 1335 2516; x_wconf 82' lang='lat' dir='ltr'><strong>insignis</strong></span> <span class='ocrx_word' id='word_1_122' title='bbox 1364 2445 1724 2515; x_wconf 87' lang='lat' dir='ltr'><strong>prosperitas.</strong></span> 
     </span>
    </p>
   </div>
   <div class='ocr_carea' id='block_1_24' title="bbox 565 2622 2078 2695">
    <p class='ocr_par' dir='ltr' id='par_1_24' title="bbox 565 2622 2078 2695">
     <span class='ocr_line' id='line_1_24' title="bbox 565 2622 2078 2695; baseline -0.001 -16"><span class='ocrx_word' id='word_1_123' title='bbox 565 2623 748 2695; x_wconf 68' lang='lat' dir='ltr'><strong>Egris</strong></span> <span class='ocrx_word' id='word_1_124' title='bbox 778 2625 1044 2691; x_wconf 91' lang='lat' dir='ltr'><strong>medicos,</strong></span> <span class='ocrx_word' id='word_1_125' title='bbox 1078 2625 1146 2680; x_wconf 90' lang='lat' dir='ltr'><strong>iis</strong></span> <span class='ocrx_word' id='word_1_126' title='bbox 1175 2633 1359 2680; x_wconf 87' lang='lat' dir='ltr'><strong>autem</strong></span> <span class='ocrx_word' id='word_1_127' title='bbox 1393 2623 1485 2693; x_wconf 90' lang='lat' dir='ltr'><strong>qui</strong></span> <span class='ocrx_word' id='word_1_128' title='bbox 1511 2623 1678 2678; x_wconf 92' lang='lat' dir='ltr'><strong>rebus</strong></span> <span class='ocrx_word' id='word_1_129' title='bbox 1703 2622 1920 2679; x_wconf 84' lang='lat' dir='ltr'><strong>alllictis</strong></span> <span class='ocrx_word' id='word_1_130' title='bbox 1943 2623 2078 2689; x_wconf 80' lang='lat' dir='ltr'><strong>sint,</strong></span> 
     </span>
    </p>
   </div>
   <div class='ocr_carea' id='block_1_25' title="bbox 495 2716 1138 2774">
    <p class='ocr_par' dir='ltr' id='par_1_25' title="bbox 495 2716 1138 2774">
     <span class='ocr_line' id='line_1_25' title="bbox 495 2716 1138 2774; baseline -0.005 -1"><span class='ocrx_word' id='word_1_131' title='bbox 495 2716 706 2774; x_wconf 84' lang='lat' dir='ltr'><strong>amicos</strong></span> <span class='ocrx_word' id='word_1_132' title='bbox 731 2717 927 2771; x_wconf 89' lang='lat' dir='ltr'><strong>adesse</strong></span> <span class='ocrx_word' id='word_1_133' title='bbox 958 2717 1138 2771; x_wconf 90' lang='lat' dir='ltr'><strong>decet.</strong></span> 
     </span>
    </p>
   </div>
   <div class='ocr_carea' id='block_1_26' title="bbox 564 2806 2078 2876">
    <p class='ocr_par' dir='ltr' id='par_1_26' title="bbox 564 2806 2078 2876">
     <span class='ocr_line' id='line_1_26' title="bbox 564 2806 2078 2876; baseline -0.001 -15"><span class='ocrx_word' id='word_1_134' title='bbox 564 2806 625 2861; x_wconf 87' lang='lat' dir='ltr'><strong>In</strong></span> <span class='ocrx_word' id='word_1_135' title='bbox 678 2806 1064 2871; x_wconf 86' lang='lat' dir='ltr'><strong>ebrietatibus,</strong></span> <span class='ocrx_word' id='word_1_136' title='bbox 1105 2808 1446 2862; x_wconf 87' lang='lat' dir='ltr'><strong>bacchantur</strong></span> <span class='ocrx_word' id='word_1_137' title='bbox 1493 2806 1758 2876; x_wconf 89' lang='lat' dir='ltr'><strong>plurimi;</strong></span> <span class='ocrx_word' id='word_1_138' title='bbox 1801 2806 2078 2874; x_wconf 88' lang='lat' dir='ltr'><strong>rebusque</strong></span> 
     </span>
    </p>
   </div>
   <div class='ocr_carea' id='block_1_27' title="bbox 491 2895 1866 2964">
    <p class='ocr_par' dir='ltr' id='par_1_27' title="bbox 491 2895 1866 2964">
     <span class='ocr_line' id='line_1_27' title="bbox 491 2895 1866 2964; baseline -0.003 -12"><span class='ocrx_word' id='word_1_139' title='bbox 491 2895 742 2952; x_wconf 82' lang='lat' dir='ltr'><strong>adversis</strong></span> <span class='ocrx_word' id='word_1_140' title='bbox 761 2910 824 2948; x_wconf 84' lang='lat' dir='ltr'><strong>ac</strong></span> <span class='ocrx_word' id='word_1_141' title='bbox 849 2895 1008 2948; x_wconf 89' lang='lat' dir='ltr'><strong>malis</strong></span> <span class='ocrx_word' id='word_1_142' title='bbox 1035 2896 1283 2964; x_wconf 88' lang='lat' dir='ltr'><strong>appetiti,</strong></span> <span class='ocrx_word' id='word_1_143' title='bbox 1309 2905 1490 2949; x_wconf 90' lang='lat' dir='ltr'><strong>mente</strong></span> <span class='ocrx_word' id='word_1_144' title='bbox 1519 2905 1866 2949; x_wconf 90' lang='lat' dir='ltr'><strong>emoventur.</strong></span> 
     </span>
    </p>
   </div>
   <div class='ocr_carea' id='block_1_28' title="bbox 564 2985 2082 3057">
    <p class='ocr_par' dir='ltr' id='par_1_28' title="bbox 564 2985 2082 3057">
     <span class='ocr_line' id='line_1_28' title="bbox 564 2985 2082 3057; baseline -0.001 -15"><span class='ocrx_word' id='word_1_145' title='bbox 564 2986 789 3043; x_wconf 80' lang='lat' dir='ltr'><strong>lnﬁrmo</strong></span> <span class='ocrx_word' id='word_1_146' title='bbox 808 3001 950 3041; x_wconf 91' lang='lat' dir='ltr'><strong>onus</strong></span> <span class='ocrx_word' id='word_1_147' title='bbox 980 2987 1288 3056; x_wconf 90' lang='lat' dir='ltr'><strong>imponere,</strong></span> <span class='ocrx_word' id='word_1_148' title='bbox 1321 2988 1485 3057; x_wconf 90' lang='lat' dir='ltr'><strong>eique</strong></span> <span class='ocrx_word' id='word_1_149' title='bbox 1519 2987 1615 3057; x_wconf 89' lang='lat' dir='ltr'><strong>qui</strong></span> <span class='ocrx_word' id='word_1_150' title='bbox 1649 2988 1833 3041; x_wconf 90' lang='lat' dir='ltr'><strong>animo</strong></span> <span class='ocrx_word' id='word_1_151' title='bbox 1859 2985 2082 3041; x_wconf 89' lang='lat' dir='ltr'><strong>indisci-</strong></span> 
     </span>
    </p>
   </div>
   <div class='ocr_carea' id='block_1_29' title="bbox 1664 315 2602 382">
    <p class='ocr_par' dir='ltr' id='par_1_29' title="bbox 1664 315 2602 382">
     <span class='ocr_line' id='line_1_29' title="bbox 1664 315 2602 382; baseline -0.007 0"><span class='ocrx_word' id='word_1_152' title='bbox 1664 324 1722 382; x_wconf 90' lang='lat' dir='ltr'><strong>S.</strong></span> <span class='ocrx_word' id='word_1_153' title='bbox 1763 318 2052 382; x_wconf 82' lang='grc' dir='ltr'>ΜΑΧΙΜΙ</span> <span class='ocrx_word' id='word_1_154' title='bbox 2092 315 2602 376; x_wconf 75' lang='lat' dir='ltr'><strong>CONFESSORIS</strong></span> 
     </span>
    </p>
   </div>
   <div class='ocr_carea' id='block_1_30' title="bbox 489 428 2075 510">
    <p class='ocr_par' dir='ltr' id='par_1_30' title="bbox 489 437 2072 510">
     <span class='ocr_line' id='line_1_30' title="bbox 489 437 2072 510; baseline -0.005 -12"><span class='ocrx_word' id='word_1_155' title='bbox 489 441 899 498; x_wconf 88' lang='lat' dir='ltr'><strong>calamitatibus</strong></span> <span class='ocrx_word' id='word_1_156' title='bbox 920 440 1199 509; x_wconf 88' lang='lat' dir='ltr'><strong>densaque</strong></span> <span class='ocrx_word' id='word_1_157' title='bbox 1243 441 1513 495; x_wconf 90' lang='lat' dir='ltr'><strong>malorum</strong></span> <span class='ocrx_word' id='word_1_158' title='bbox 1545 439 1782 510; x_wconf 87' lang='lat' dir='ltr'><strong>procella</strong></span> <span class='ocrx_word' id='word_1_159' title='bbox 1812 437 2072 492; x_wconf 84' lang='lat' dir='ltr'><strong>convolu-</strong></span> 
     </span>
    </p>
   </div>
   <div class='ocr_carea' id='block_1_31' title="bbox 2178 428 3871 510">
    <p class='ocr_par' dir='ltr' id='par_1_31' title="bbox 2178 428 3871 505">
     <span class='ocr_line' id='line_1_31' title="bbox 2178 428 3871 505; baseline -0.002 -19"><span class='ocrx_word' id='word_1_160' title='bbox 2178 451 2278 486; x_wconf 86' lang='grc' dir='ltr'><strong>των</strong></span> <span class='ocrx_word' id='word_1_161' title='bbox 2310 433 2602 505; x_wconf 75' lang='grc' dir='ltr'>συμφορῶν</span> <span class='ocrx_word' id='word_1_162' title='bbox 2627 433 3012 504; x_wconf 76' lang='grc' dir='ltr'><strong>κυκλούμενος,</strong></span> <span class='ocrx_word' id='word_1_163' title='bbox 3043 428 3314 501; x_wconf 80' lang='grc' dir='ltr'>φαντάζου</span> <span class='ocrx_word' id='word_1_164' title='bbox 3335 430 3401 484; x_wconf 78' lang='grc' dir='ltr'>τὰ</span> <span class='ocrx_word' id='word_1_165' title='bbox 3426 429 3644 500; x_wconf 75' lang='grc' dir='ltr'>χρηστὰ</span> <span class='ocrx_word' id='word_1_166' title='bbox 3673 432 3774 483; x_wconf 71' lang='grc' dir='ltr'>καὶ</span> <span class='ocrx_word' id='word_1_167' title='bbox 3863 441 3871 445; x_wconf 82' lang='grc'><strong>·</strong></span> 
     </span>
    </p>
   </div>
   <div class='ocr_carea' id='block_1_32' title="bbox 3661 308 3781 378">
    <p class='ocr_par' dir='ltr' id='par_1_32' title="bbox 3661 308 3781 378">
     <span class='ocr_line' id='line_1_32' title="bbox 3661 308 3781 378; baseline -0.067 0"><span class='ocrx_word' id='word_1_168' title='bbox 3661 308 3781 378; x_wconf 71' lang='lat'><strong>832</strong></span> 
     </span>
    </p>
   </div>
   <div class='ocr_carea' id='block_1_33' title="bbox 2178 524 2486 592">
    <p class='ocr_par' dir='ltr' id='par_1_33' title="bbox 2178 524 2486 592">
     <span class='ocr_line' id='line_1_33' title="bbox 2178 524 2486 592; baseline 0.003 -14"><span class='ocrx_word' id='word_1_169' title='bbox 2178 524 2486 592; x_wconf 86' lang='grc' dir='ltr'>κρείττονα.</span> 
     </span>
    </p>
   </div>
   <div class='ocr_carea' id='block_1_34' title="bbox 2249 613 3770 690">
    <p class='ocr_par' dir='ltr' id='par_1_34' title="bbox 2249 613 3770 690">
     <span class='ocr_line' id='line_1_34' title="bbox 2249 613 3770 690; baseline -0.002 -20"><span class='ocrx_word' id='word_1_170' title='bbox 2249 619 2468 671; x_wconf 78' lang='grc' dir='ltr'>Φίλων.</span> <span class='ocrx_word' id='word_1_171' title='bbox 2504 649 2576 658; x_wconf 87' lang='grc'><strong>--</strong></span> <span class='ocrx_word' id='word_1_172' title='bbox 2604 618 2832 690; x_wconf 79' lang='grc' dir='ltr'><strong>Χαίρειν</strong></span> <span class='ocrx_word' id='word_1_173' title='bbox 2885 617 2979 669; x_wconf 76' lang='grc' dir='ltr'>ἐπὶ</span> <span class='ocrx_word' id='word_1_174' title='bbox 3003 617 3120 680; x_wconf 89' lang='grc' dir='ltr'>ταῖς</span> <span class='ocrx_word' id='word_1_175' title='bbox 3155 615 3354 685; x_wconf 76' lang='grc' dir='ltr'>ἐτέρων</span> <span class='ocrx_word' id='word_1_176' title='bbox 3390 613 3665 683; x_wconf 81' lang='grc' dir='ltr'><strong>ἀτυχίαις,</strong></span> <span class='ocrx_word' id='word_1_177' title='bbox 3719 614 3770 667; x_wconf 76' lang='grc' dir='ltr'>ει</span> 
     </span>
    </p>
   </div>
   <div class='ocr_carea' id='block_1_35' title="bbox 2178 708 3364 777">
    <p class='ocr_par' dir='ltr' id='par_1_35' title="bbox 2178 708 3364 777">
     <span class='ocr_line' id='line_1_35' title="bbox 2178 708 3364 777; baseline -0.001 -16"><span class='ocrx_word' id='word_1_178' title='bbox 2178 709 2272 761; x_wconf 71' lang='grc' dir='ltr'><strong>καὶ</strong></span> <span class='ocrx_word' id='word_1_179' title='bbox 2299 708 2506 762; x_wconf 85' lang='grc' dir='ltr'>δίκαιόν</span> <span class='ocrx_word' id='word_1_180' title='bbox 2542 727 2696 772; x_wconf 89' lang='grc' dir='ltr'>ποτε,</span> <span class='ocrx_word' id='word_1_181' title='bbox 2728 709 2845 762; x_wconf 79' lang='grc' dir='ltr'>ἀλλ’</span> <span class='ocrx_word' id='word_1_182' title='bbox 2874 710 2974 762; x_wconf 81' lang='grc' dir='ltr'><strong>οὐκ</strong></span> <span class='ocrx_word' id='word_1_183' title='bbox 2999 708 3364 777; x_wconf 84' lang='grc' dir='ltr'>ἀνθρώπινον.</span> 
     </span>
    </p>
   </div>
   <div class='ocr_carea' id='block_1_36' title="bbox 2249 793 3769 872">
    <p class='ocr_par' dir='ltr' id='par_1_36' title="bbox 2249 793 3769 872">
     <span class='ocr_line' id='line_1_36' title="bbox 2249 793 3769 872; baseline -0.003 -18"><span class='ocrx_word' id='word_1_184' title='bbox 2249 801 2323 854; x_wconf 84' lang='grc' dir='ltr'><strong>Οὐ</strong></span> <span class='ocrx_word' id='word_1_185' title='bbox 2374 801 2448 871; x_wconf 84' lang='grc' dir='ltr'><strong>μὴ</strong></span> <span class='ocrx_word' id='word_1_186' title='bbox 2505 801 2566 854; x_wconf 81' lang='grc' dir='ltr'><strong>τὸ</strong></span> <span class='ocrx_word' id='word_1_187' title='bbox 2613 799 3324 872; x_wconf 40' lang='grc' dir='ltr'>ἀλγεῖν-ἀπαραμύθητον,</span> <span class='ocrx_word' id='word_1_188' title='bbox 3352 799 3401 851; x_wconf 82' lang='grc' dir='ltr'>εἱ</span> <span class='ocrx_word' id='word_1_189' title='bbox 3435 797 3574 870; x_wconf 83' lang='grc' dir='ltr'>μήτε</span> <span class='ocrx_word' id='word_1_190' title='bbox 3604 796 3666 850; x_wconf 80' lang='grc' dir='ltr'>τὸ</span> <span class='ocrx_word' id='word_1_191' title='bbox 3705 793 3769 855; x_wconf 78' lang='grc' dir='ltr'><strong>εῦ</strong></span> 
     </span>
    </p>
   </div>
   <div class='ocr_carea' id='block_1_37' title="bbox 2178 892 2957 964">
    <p class='ocr_par' dir='ltr' id='par_1_37' title="bbox 2178 892 2957 964">
     <span class='ocr_line' id='line_1_37' title="bbox 2178 892 2957 964; baseline 0.004 -20"><span class='ocrx_word' id='word_1_192' title='bbox 2178 892 2440 963; x_wconf 83' lang='grc' dir='ltr'>πράττειν</span> <span class='ocrx_word' id='word_1_193' title='bbox 2479 892 2957 964; x_wconf 81' lang='grc' dir='ltr'>ἀπαιδαγώγητον.</span> 
     </span>
    </p>
   </div>
   <div class='ocr_carea' id='block_1_38' title="bbox 2246 1081 3766 1156">
    <p class='ocr_par' dir='ltr' id='par_1_38' title="bbox 2246 1081 3766 1156">
     <span class='ocr_line' id='line_1_38' title="bbox 2246 1081 3766 1156; baseline 0.002 -22"><span class='ocrx_word' id='word_1_194' title='bbox 2246 1081 2496 1153; x_wconf 79' lang='grc' dir='ltr'><strong>Μεγίστη</strong></span> <span class='ocrx_word' id='word_1_195' title='bbox 2530 1081 2638 1153; x_wconf 84' lang='grc' dir='ltr'>γὰρ</span> <span class='ocrx_word' id='word_1_196' title='bbox 2669 1084 2962 1154; x_wconf 72' lang='grc' dir='ltr'>ἐπικουρία</span> <span class='ocrx_word' id='word_1_197' title='bbox 2988 1086 3099 1149; x_wconf 86' lang='grc' dir='ltr'>τοῖς</span> <span class='ocrx_word' id='word_1_198' title='bbox 3123 1083 3403 1156; x_wconf 76' lang='grc' dir='ltr'><strong>ἀτυχοῦσι,</strong></span> <span class='ocrx_word' id='word_1_199' title='bbox 3457 1083 3766 1156; x_wconf 74' lang='grc' dir='ltr'>μεταϐολῆς</span> 
     </span>
    </p>
   </div>
   <div class='ocr_carea' id='block_1_39' title="bbox 2178 1175 3590 1249">
    <p class='ocr_par' dir='ltr' id='par_1_39' title="bbox 2178 1175 3590 1249">
     <span class='ocr_line' id='line_1_39' title="bbox 2178 1175 3590 1249; baseline 0.004 -22"><span class='ocrx_word' id='word_1_200' title='bbox 2178 1175 2360 1242; x_wconf 77' lang='grc' dir='ltr'>ἐλπὶς,</span> <span class='ocrx_word' id='word_1_201' title='bbox 2396 1175 2490 1230; x_wconf 72' lang='grc' dir='ltr'><strong>καὶ</strong></span> <span class='ocrx_word' id='word_1_202' title='bbox 2520 1175 2581 1228; x_wconf 81' lang='grc' dir='ltr'>τὸ</span> <span class='ocrx_word' id='word_1_203' title='bbox 2617 1179 2870 1245; x_wconf 86' lang='grc' dir='ltr'>κρεῖττον</span> <span class='ocrx_word' id='word_1_204' title='bbox 2905 1179 2963 1230; x_wconf 79' lang='grc' dir='ltr'>ἐν</span> <span class='ocrx_word' id='word_1_205' title='bbox 2993 1177 3293 1249; x_wconf 78' lang='grc' dir='ltr'><strong>ὀφθαλμοῖς</strong></span> <span class='ocrx_word' id='word_1_206' title='bbox 3315 1177 3590 1249; x_wconf 82' lang='grc' dir='ltr'>κείμενον.</span> 
     </span>
    </p>
   </div>
   <div class='ocr_carea' id='block_1_40' title="bbox 2248 1373 3763 1453">
    <p class='ocr_par' dir='ltr' id='par_1_40' title="bbox 2248 1373 3763 1453">
     <span class='ocr_line' id='line_1_40' title="bbox 2248 1373 3763 1453; baseline 0.011 -27"><span class='ocrx_word' id='word_1_207' title='bbox 2248 1373 2438 1446; x_wconf 81' lang='grc' dir='ltr'>Πληγὴ</span> <span class='ocrx_word' id='word_1_208' title='bbox 2488 1379 2601 1440; x_wconf 85' lang='grc' dir='ltr'>τοῖς</span> <span class='ocrx_word' id='word_1_209' title='bbox 2644 1373 2703 1431; x_wconf 73' lang='grc' dir='ltr'><strong>εὖ</strong></span> <span class='ocrx_word' id='word_1_210' title='bbox 2759 1381 3017 1449; x_wconf 76' lang='grc' dir='ltr'>φρονοῦσι</span> <span class='ocrx_word' id='word_1_211' title='bbox 3051 1382 3326 1452; x_wconf 80' lang='grc' dir='ltr'>παίδευμα</span> <span class='ocrx_word' id='word_1_212' title='bbox 3385 1384 3618 1453; x_wconf 86' lang='grc' dir='ltr'>γίνεται,</span> <span class='ocrx_word' id='word_1_213' title='bbox 3668 1390 3763 1442; x_wconf 75' lang='grc' dir='ltr'>καὶ</span> 
     </span>
    </p>
   </div>
   <div class='ocr_carea' id='block_1_41' title="bbox 2176 1465 3464 1542">
    <p class='ocr_par' dir='ltr' id='par_1_41' title="bbox 2176 1465 3464 1542">
     <span class='ocr_line' id='line_1_41' title="bbox 2176 1465 3464 1542; baseline 0.011 -24"><span class='ocrx_word' id='word_1_214' title='bbox 2176 1465 2442 1536; x_wconf 83' lang='grc' dir='ltr'>κρείττων</span> <span class='ocrx_word' id='word_1_215' title='bbox 2472 1469 2772 1542; x_wconf 82' lang='grc' dir='ltr'>εὐημερίας</span> <span class='ocrx_word' id='word_1_216' title='bbox 2805 1472 3067 1537; x_wconf 81' lang='grc' dir='ltr'><strong>πολλάκις</strong></span> <span class='ocrx_word' id='word_1_217' title='bbox 3100 1476 3464 1532; x_wconf 80' lang='grc' dir='ltr'>κακοπάθεια.</span> 
     </span>
    </p>
   </div>
   <div class='ocr_carea' id='block_1_42' title="bbox 2245 1648 3757 1735">
    <p class='ocr_par' dir='ltr' id='par_1_42' title="bbox 2245 1648 3757 1735">
     <span class='ocr_line' id='line_1_42' title="bbox 2245 1648 3757 1735; baseline 0.012 -35"><span class='ocrx_word' id='word_1_218' title='bbox 2245 1648 2498 1718; x_wconf 86' lang='grc' dir='ltr'>Μεγίστη</span> <span class='ocrx_word' id='word_1_219' title='bbox 2531 1652 2787 1722; x_wconf 76' lang='grc' dir='ltr'>συμφορὰ</span> <span class='ocrx_word' id='word_1_220' title='bbox 2828 1653 3101 1725; x_wconf 81' lang='grc' dir='ltr'><strong>ἀνθρώπῳ</strong></span> <span class='ocrx_word' id='word_1_221' title='bbox 3133 1657 3556 1728; x_wconf 78' lang='grc' dir='ltr'>δυσπραγοῦντι,</span> <span class='ocrx_word' id='word_1_222' title='bbox 3605 1663 3699 1718; x_wconf 74' lang='grc' dir='ltr'><strong>καὶ</strong></span> <span class='ocrx_word' id='word_1_223' title='bbox 3722 1665 3757 1735; x_wconf 76' lang='grc' dir='ltr'><strong>ἡ</strong></span> 
     </span>
    </p>
   </div>
   <div class='ocr_carea' id='block_1_43' title="bbox 2106 1738 3020 1830">
    <p class='ocr_par' dir='ltr' id='par_1_43' title="bbox 2106 1738 3020 1830">
     <span class='ocr_line' id='line_1_43' title="bbox 2106 1738 3020 1830; baseline 0.009 -41"><span class='ocrx_word' id='word_1_224' title='bbox 2106 1774 2148 1830; x_wconf 71' lang='grc' dir='ltr'><strong>Β</strong></span> <span class='ocrx_word' id='word_1_225' title='bbox 2179 1739 2386 1810; x_wconf 80' lang='grc' dir='ltr'>ἐρημία</span> <span class='ocrx_word' id='word_1_226' title='bbox 2424 1738 2518 1792; x_wconf 88' lang='grc' dir='ltr'><strong>τοῦ</strong></span> <span class='ocrx_word' id='word_1_227' title='bbox 2552 1741 3020 1811; x_wconf 86' lang='grc' dir='ltr'>ἀνακτησομένου.</span> 
     </span>
    </p>
   </div>
   <div class='ocr_carea' id='block_1_44' title="bbox 2245 1915 3760 1995">
    <p class='ocr_par' dir='ltr' id='par_1_44' title="bbox 2245 1915 3760 1995">
     <span class='ocr_line' id='line_1_44' title="bbox 2245 1915 3760 1995; baseline 0.005 -28"><span class='ocrx_word' id='word_1_228' title='bbox 2245 1915 2406 1983; x_wconf 83' lang='grc' dir='ltr'>Μέγα</span> <span class='ocrx_word' id='word_1_229' title='bbox 2458 1915 2538 1985; x_wconf 82' lang='grc' dir='ltr'>τῷ</span> <span class='ocrx_word' id='word_1_230' title='bbox 2587 1916 2872 1986; x_wconf 81' lang='grc' dir='ltr'>ἀτυχοῦντι</span> <span class='ocrx_word' id='word_1_231' title='bbox 2929 1916 3220 1988; x_wconf 76' lang='grc' dir='ltr'>φάρμακον</span> <span class='ocrx_word' id='word_1_232' title='bbox 3266 1919 3415 1985; x_wconf 78' lang='grc' dir='ltr'>ἔλεος</span> <span class='ocrx_word' id='word_1_233' title='bbox 3446 1921 3554 1976; x_wconf 76' lang='grc' dir='ltr'><strong>ἀπὸ</strong></span> <span class='ocrx_word' id='word_1_234' title='bbox 3581 1923 3760 1995; x_wconf 77' lang='grc' dir='ltr'>ψυχῆς</span> 
     </span>
    </p>
   </div>
   <div class='ocr_carea' id='block_1_45' title="bbox 2176 2005 3761 2086">
    <p class='ocr_par' dir='ltr' id='par_1_45' title="bbox 2176 2005 3761 2086">
     <span class='ocr_line' id='line_1_45' title="bbox 2176 2005 3761 2086; baseline 0.007 -28"><span class='ocrx_word' id='word_1_235' title='bbox 2176 2005 2564 2077; x_wconf 76' lang='grc' dir='ltr'>εἰσφερόμενος</span> <span class='ocrx_word' id='word_1_236' title='bbox 2589 2023 2604 2038; x_wconf 77' lang='grc' dir='ltr'><strong>ο</strong></span> <span class='ocrx_word' id='word_1_237' title='bbox 2653 2009 2746 2059; x_wconf 76' lang='grc' dir='ltr'><strong>καὶ</strong></span> <span class='ocrx_word' id='word_1_238' title='bbox 2785 2008 2846 2060; x_wconf 77' lang='grc' dir='ltr'>τὸ</span> <span class='ocrx_word' id='word_1_239' title='bbox 2887 2008 3174 2076; x_wconf 81' lang='grc' dir='ltr'>συναλγεῖν</span> <span class='ocrx_word' id='word_1_240' title='bbox 3211 2013 3476 2083; x_wconf 86' lang='grc' dir='ltr'>γνησίως,</span> <span class='ocrx_word' id='word_1_241' title='bbox 3529 2013 3661 2068; x_wconf 85' lang='grc' dir='ltr'>πολύ</span> <span class='ocrx_word' id='word_1_242' title='bbox 3698 2032 3761 2086; x_wconf 69' lang='grc' dir='ltr'>,τι</span> 
     </span>
    </p>
   </div>
   <div class='ocr_carea' id='block_1_46' title="bbox 2178 2097 2894 2168">
    <p class='ocr_par' dir='ltr' id='par_1_46' title="bbox 2178 2097 2894 2168">
     <span class='ocr_line' id='line_1_46' title="bbox 2178 2097 2894 2168; baseline 0.006 -19"><span class='ocrx_word' id='word_1_243' title='bbox 2178 2097 2426 2165; x_wconf 77' lang='grc' dir='ltr'>κουφίζει</span> <span class='ocrx_word' id='word_1_244' title='bbox 2453 2098 2553 2168; x_wconf 84' lang='grc' dir='ltr'><strong>τῆς</strong></span> <span class='ocrx_word' id='word_1_245' title='bbox 2591 2101 2894 2166; x_wconf 76' lang='grc' dir='ltr'>συμφορᾶς.</span> 
     </span>
    </p>
   </div>
   <div class='ocr_carea' id='block_1_47' title="bbox 2242 2189 3760 2273">
    <p class='ocr_par' dir='ltr' id='par_1_47' title="bbox 2242 2189 3760 2273">
     <span class='ocr_line' id='line_1_47' title="bbox 2242 2189 3760 2273; baseline 0.011 -34"><span class='ocrx_word' id='word_1_246' title='bbox 2242 2189 2818 2256; x_wconf 49' lang='lat' dir='ltr'><strong>Burman—[lica</strong></span> <span class='ocrx_word' id='word_1_247' title='bbox 2858 2192 3112 2263; x_wconf 79' lang='grc' dir='ltr'>συμφορά</span> <span class='ocrx_word' id='word_1_248' title='bbox 3179 2195 3358 2268; x_wconf 82' lang='grc' dir='ltr'>κούφη</span> <span class='ocrx_word' id='word_1_249' title='bbox 3416 2198 3566 2253; x_wconf 74' lang='grc' dir='ltr'>ἐστὶν</span> <span class='ocrx_word' id='word_1_250' title='bbox 3609 2203 3760 2273; x_wconf 71' lang='grc' dir='ltr'>ἀνδρὶ</span> 
     </span>
    </p>
   </div>
   <div class='ocr_carea' id='block_1_48' title="bbox 2180 2279 2498 2352">
    <p class='ocr_par' dir='ltr' id='par_1_48' title="bbox 2180 2279 2498 2352">
     <span class='ocr_line' id='line_1_48' title="bbox 2180 2279 2498 2352; baseline 0.013 -19"><span class='ocrx_word' id='word_1_251' title='bbox 2180 2279 2255 2352; x_wconf 73' lang='grc' dir='ltr'>μὴ</span> <span class='ocrx_word' id='word_1_252' title='bbox 2290 2280 2498 2352; x_wconf 77' lang='grc' dir='ltr'>κούφῳ.</span> 
     </span>
    </p>
   </div>
   <div class='ocr_carea' id='block_1_49' title="bbox 2246 2375 3760 2454">
    <p class='ocr_par' dir='ltr' id='par_1_49' title="bbox 2246 2375 3760 2454">
     <span class='ocr_line' id='line_1_49' title="bbox 2246 2375 3760 2454; baseline 0.007 -26"><span class='ocrx_word' id='word_1_253' title='bbox 2246 2375 2586 2445; x_wconf 71' lang='grc' dir='ltr'>Πλουτάρχ.</span> <span class='ocrx_word' id='word_1_254' title='bbox 2607 2406 2675 2416; x_wconf 92' lang='lat'><em>—</em></span> <span class='ocrx_word' id='word_1_255' title='bbox 2695 2375 2833 2429; x_wconf 77' lang='grc' dir='ltr'>Οὔτε</span> <span class='ocrx_word' id='word_1_256' title='bbox 2868 2376 2957 2431; x_wconf 82' lang='grc' dir='ltr'><strong>τδν</strong></span> <span class='ocrx_word' id='word_1_257' title='bbox 2991 2378 3378 2450; x_wconf 77' lang='grc' dir='ltr'>ἀρῤωστοῦντα</span> <span class='ocrx_word' id='word_1_258' title='bbox 3398 2384 3430 2453; x_wconf 82' lang='grc' dir='ltr'><strong>ἠ</strong></span> <span class='ocrx_word' id='word_1_259' title='bbox 3453 2385 3760 2454; x_wconf 75' lang='grc' dir='ltr'>χρυσόπους</span> 
     </span>
    </p>
   </div>
   <div class='ocr_carea' id='block_1_50' title="bbox 2177 2466 3800 2548">
    <p class='ocr_par' dir='ltr' id='par_1_50' title="bbox 2177 2466 3800 2548">
     <span class='ocr_line' id='line_1_50' title="bbox 2177 2466 3800 2548; baseline 0.007 -28"><span class='ocrx_word' id='word_1_260' title='bbox 2177 2466 2380 2536; x_wconf 81' lang='grc' dir='ltr'>ὠφελεῖ</span> <span class='ocrx_word' id='word_1_261' title='bbox 2429 2467 2610 2537; x_wconf 90' lang='grc' dir='ltr'>κλίνη,</span> <span class='ocrx_word' id='word_1_262' title='bbox 2669 2467 2794 2520; x_wconf 78' lang='grc' dir='ltr'>οὔτε</span> <span class='ocrx_word' id='word_1_263' title='bbox 2847 2469 2937 2522; x_wconf 82' lang='grc' dir='ltr'><strong>τὸν</strong></span> <span class='ocrx_word' id='word_1_264' title='bbox 2956 2470 3199 2541; x_wconf 84' lang='grc' dir='ltr'>’ἀνόητον</span> <span class='ocrx_word' id='word_1_265' title='bbox 3251 2475 3284 2544; x_wconf 83' lang='grc' dir='ltr'><strong>ἡ</strong></span> <span class='ocrx_word' id='word_1_266' title='bbox 3337 2475 3608 2548; x_wconf 77' lang='grc' dir='ltr'>ἐπίσημος</span> <span class='ocrx_word' id='word_1_267' title='bbox 3665 2480 3800 2542; x_wconf 40' lang='grc' dir='ltr'>εὐ·-</span> 
     </span>
    </p>
   </div>
   <div class='ocr_carea' id='block_1_51' title="bbox 2176 2559 3274 2629">
    <p class='ocr_par' dir='ltr' id='par_1_51' title="bbox 2176 2559 3274 2629">
     <span class='ocr_line' id='line_1_51' title="bbox 2176 2559 3274 2629; baseline 0.002 -17"><span class='ocrx_word' id='word_1_268' title='bbox 2176 2559 2365 2629; x_wconf 86' lang='grc' dir='ltr'>τυχία.</span> <span class='ocrx_word' id='word_1_269' title='bbox 3271 2575 3274 2578; x_wconf 84' lang='lat'>&#39;</span> 
     </span>
    </p>
   </div>
   <div class='ocr_carea' id='block_1_52' title="bbox 2252 2650 3754 2729">
    <p class='ocr_par' dir='ltr' id='par_1_52' title="bbox 2252 2650 3754 2729">
     <span class='ocr_line' id='line_1_52' title="bbox 2252 2650 3754 2729; baseline 0.005 -23"><span class='ocrx_word' id='word_1_270' title='bbox 2252 2653 2378 2716; x_wconf 84' lang='grc' dir='ltr'>Τοῖς</span> <span class='ocrx_word' id='word_1_271' title='bbox 2413 2653 2511 2724; x_wconf 80' lang='grc' dir='ltr'>μὲν</span> <span class='ocrx_word' id='word_1_272' title='bbox 2540 2650 2791 2708; x_wconf 91' lang='grc' dir='ltr'>νοσοῦσιν</span> <span class='ocrx_word' id='word_1_273' title='bbox 2828 2653 3076 2725; x_wconf 77' lang='grc' dir='ltr'>ἰατρούς·</span> <span class='ocrx_word' id='word_1_274' title='bbox 3104 2658 3214 2720; x_wconf 85' lang='grc' dir='ltr'>τοῖς</span> <span class='ocrx_word' id='word_1_275' title='bbox 3248 2657 3306 2712; x_wconf 82' lang='grc' dir='ltr'>δὲ</span> <span class='ocrx_word' id='word_1_276' title='bbox 3348 2658 3628 2729; x_wconf 82' lang='grc' dir='ltr'>ἀτυχοῦσι,</span> <span class='ocrx_word' id='word_1_277' title='bbox 3661 2660 3754 2729; x_wconf 73' lang='grc' dir='ltr'><strong>φί-</strong></span> 
     </span>
    </p>
   </div>
   <div class='ocr_carea' id='block_1_53' title="bbox 2178 2741 2726 2813">
    <p class='ocr_par' dir='ltr' id='par_1_53' title="bbox 2178 2741 2726 2813">
     <span class='ocr_line' id='line_1_53' title="bbox 2178 2741 2726 2813; baseline 0.004 -19"><span class='ocrx_word' id='word_1_278' title='bbox 2178 2741 2303 2805; x_wconf 93' lang='grc' dir='ltr'>λους</span> <span class='ocrx_word' id='word_1_279' title='bbox 2332 2741 2413 2794; x_wconf 85' lang='grc' dir='ltr'><strong>δεῖ</strong></span> <span class='ocrx_word' id='word_1_280' title='bbox 2447 2745 2726 2813; x_wconf 89' lang='grc' dir='ltr'>παρεῖναι.</span> 
     </span>
    </p>
   </div>
   <div class='ocr_carea' id='block_1_54' title="bbox 2263 2831 3764 2907">
    <p class='ocr_par' dir='ltr' id='par_1_54' title="bbox 2263 2831 3764 2907">
     <span class='ocr_line' id='line_1_54' title="bbox 2263 2831 3764 2907; baseline 0.007 -25"><span class='ocrx_word' id='word_1_281' title='bbox 2263 2832 2350 2883; x_wconf 88' lang='grc' dir='ltr'>Ἐν</span> <span class='ocrx_word' id='word_1_282' title='bbox 2381 2831 2482 2902; x_wconf 80' lang='grc' dir='ltr'>μὲν</span> <span class='ocrx_word' id='word_1_283' title='bbox 2505 2835 2628 2897; x_wconf 90' lang='grc' dir='ltr'>ταῖς</span> <span class='ocrx_word' id='word_1_284' title='bbox 2659 2834 2854 2903; x_wconf 83' lang='grc' dir='ltr'>μέθαις</span> <span class='ocrx_word' id='word_1_285' title='bbox 2881 2834 3234 2907; x_wconf 87' lang='grc' dir='ltr'>παροινοῦσιν</span> <span class='ocrx_word' id='word_1_286' title='bbox 3255 2851 3269 2868; x_wconf 87' lang='grc'><strong>·</strong></span> <span class='ocrx_word' id='word_1_287' title='bbox 3303 2835 3362 2891; x_wconf 74' lang='grc' dir='ltr'>ὲν</span> <span class='ocrx_word' id='word_1_288' title='bbox 3389 2835 3447 2892; x_wconf 75' lang='grc' dir='ltr'>δὲ</span> <span class='ocrx_word' id='word_1_289' title='bbox 3475 2839 3598 2901; x_wconf 86' lang='grc' dir='ltr'>ταῖς</span> <span class='ocrx_word' id='word_1_290' title='bbox 3628 2837 3764 2892; x_wconf 67' lang='lat' dir='ltr'><strong>thu-</strong></span> 
     </span>
    </p>
   </div>
   <div class='ocr_carea' id='block_1_55' title="bbox 2179 2923 3106 2995">
    <p class='ocr_par' dir='ltr' id='par_1_55' title="bbox 2179 2923 3106 2995">
     <span class='ocr_line' id='line_1_55' title="bbox 2179 2923 3106 2995; baseline 0.006 -20"><span class='ocrx_word' id='word_1_291' title='bbox 2179 2923 2327 2992; x_wconf 87' lang='grc' dir='ltr'>χίαις</span> <span class='ocrx_word' id='word_1_292' title='bbox 2359 2925 2722 2995; x_wconf 87' lang='grc' dir='ltr'>παρανοοῦσιν</span> <span class='ocrx_word' id='word_1_293' title='bbox 2756 2929 2806 2980; x_wconf 80' lang='lat' dir='ltr'><strong>oi</strong></span> <span class='ocrx_word' id='word_1_294' title='bbox 2843 2927 3106 2981; x_wconf 82' lang='grc' dir='ltr'>πλεῖστοι.</span> 
     </span>
    </p>
   </div>
   <div class='ocr_carea' id='block_1_56' title="bbox 2265 3015 3764 3093">
    <p class='ocr_par' dir='ltr' id='par_1_56' title="bbox 2265 3015 3764 3093">
     <span class='ocr_line' id='line_1_56' title="bbox 2265 3015 3764 3093; baseline 0.005 -27"><span class='ocrx_word' id='word_1_295' title='bbox 2265 3015 2663 3086; x_wconf 76' lang='grc' dir='ltr'>Ἀῤῥωστοῦντι</span> <span class='ocrx_word' id='word_1_296' title='bbox 2721 3019 2941 3090; x_wconf 85' lang='grc' dir='ltr'>φορτίον</span> <span class='ocrx_word' id='word_1_297' title='bbox 2997 3019 3292 3088; x_wconf 75' lang='grc' dir='ltr'>ἐπιθεῖναι,</span> <span class='ocrx_word' id='word_1_298' title='bbox 3355 3021 3390 3093; x_wconf 77' lang='grc' dir='ltr'>ἢ</span> <span class='ocrx_word' id='word_1_299' title='bbox 3451 3021 3764 3093; x_wconf 83' lang='grc' dir='ltr'>ἀπαιδεύτῳ</span> 
     </span>
    </p>
   </div>
   <div class='ocr_carea' id='block_1_57' title="bbox 495 3077 2075 3178">
    <p class='ocr_par' dir='ltr' id='par_1_57' title="bbox 495 3077 2075 3152">
     <span class='ocr_line' id='line_1_57' title="bbox 495 3077 2075 3152; baseline -0.002 -18"><span class='ocrx_word' id='word_1_300' title='bbox 495 3080 707 3152; x_wconf 85' lang='lat' dir='ltr'><strong>plinato</strong></span> <span class='ocrx_word' id='word_1_301' title='bbox 733 3078 827 3143; x_wconf 90' lang='lat' dir='ltr'><strong>sit,</strong></span> <span class='ocrx_word' id='word_1_302' title='bbox 856 3086 918 3132; x_wconf 92' lang='lat' dir='ltr'><strong>ut</strong></span> <span class='ocrx_word' id='word_1_303' title='bbox 949 3093 1037 3133; x_wconf 90' lang='lat' dir='ltr'><strong>res</strong></span> <span class='ocrx_word' id='word_1_304' title='bbox 1085 3093 1349 3149; x_wconf 89' lang='lat' dir='ltr'><strong>prospere</strong></span> <span class='ocrx_word' id='word_1_305' title='bbox 1404 3079 1622 3144; x_wconf 90' lang='lat' dir='ltr'><strong>cedant,</strong></span> <span class='ocrx_word' id='word_1_306' title='bbox 1673 3077 1876 3143; x_wconf 77' lang='lat' dir='ltr'><strong>facere,</strong></span> <span class='ocrx_word' id='word_1_307' title='bbox 1931 3078 2075 3132; x_wconf 89' lang='lat' dir='ltr'><strong>idem</strong></span> 
     </span>
    </p>
   </div>
   <div class='ocr_carea' id='block_1_58' title="bbox 2178 3077 3046 3178">
    <p class='ocr_par' dir='ltr' id='par_1_58' title="bbox 2179 3077 3046 3178">
     <span class='ocr_line' id='line_1_58' title="bbox 2179 3077 3046 3178; baseline 0.009 -21"><span class='ocrx_word' id='word_1_308' title='bbox 2179 3077 2340 3178; x_wconf 46' lang='grc' dir='ltr'>ψυχῇ.</span> <span class='ocrx_word' id='word_1_309' title='bbox 2355 3077 2632 3178; x_wconf 79' lang='grc' dir='ltr'>εὐτυχίαν,</span> <span class='ocrx_word' id='word_1_310' title='bbox 2660 3077 2856 3164; x_wconf 61' lang='grc' dir='ltr'>ταυτον</span> <span class='ocrx_word' id='word_1_311' title='bbox 2879 3112 3046 3167; x_wconf 77' lang='grc' dir='ltr'>ἐστιν.</span> 
     </span>
    </p>
   </div>
   <div class='ocr_carea' id='block_1_59' title="bbox 494 3167 996 3242">
    <p class='ocr_par' dir='ltr' id='par_1_59' title="bbox 494 3167 996 3242">
     <span class='ocr_line' id='line_1_59' title="bbox 494 3167 996 3242; baseline -0.002 -18"><span class='ocrx_word' id='word_1_312' title='bbox 494 3184 729 3242; x_wconf 89' lang='lat' dir='ltr'><strong>prorsus</strong></span> <span class='ocrx_word' id='word_1_313' title='bbox 760 3167 996 3223; x_wconf 70' lang='lat' dir='ltr'><strong>exsistit.</strong></span> 
     </span>
    </p>
   </div>
   <div class='ocr_carea' id='block_1_60' title="bbox 567 3259 2079 3331">
    <p class='ocr_par' dir='ltr' id='par_1_60' title="bbox 567 3259 2079 3331">
     <span class='ocr_line' id='line_1_60' title="bbox 567 3259 2079 3331; baseline 0.001 -15"><span class='ocrx_word' id='word_1_314' title='bbox 567 3259 880 3331; x_wconf 64' lang='lat' dir='ltr'><strong>Splendida:</strong></span> <span class='ocrx_word' id='word_1_315' title='bbox 937 3259 1208 3324; x_wconf 68' lang='lat' dir='ltr'><strong>fortunae,</strong></span> <span class='ocrx_word' id='word_1_316' title='bbox 1265 3260 1413 3314; x_wconf 90' lang='lat' dir='ltr'><strong>haud</strong></span> <span class='ocrx_word' id='word_1_317' title='bbox 1468 3276 1630 3316; x_wconf 90' lang='lat' dir='ltr'><strong>secus</strong></span> <span class='ocrx_word' id='word_1_318' title='bbox 1670 3277 1734 3316; x_wconf 92' lang='lat' dir='ltr'><strong>ac</strong></span> <span class='ocrx_word' id='word_1_319' title='bbox 1787 3269 2079 3317; x_wconf 88' lang='lat' dir='ltr'><strong>ventorum</strong></span> 
     </span>
    </p>
   </div>
   <div class='ocr_carea' id='block_1_61' title="bbox 496 3351 1582 3423">
    <p class='ocr_par' dir='ltr' id='par_1_61' title="bbox 496 3351 1582 3423">
     <span class='ocr_line' id='line_1_61' title="bbox 496 3351 1582 3423; baseline -0.001 -15"><span class='ocrx_word' id='word_1_320' title='bbox 496 3353 768 3418; x_wconf 85' lang='lat' dir='ltr'><strong>turbines,</strong></span> <span class='ocrx_word' id='word_1_321' title='bbox 803 3368 998 3423; x_wconf 84' lang='lat' dir='ltr'><strong>magna</strong></span> <span class='ocrx_word' id='word_1_322' title='bbox 1032 3351 1316 3423; x_wconf 81' lang='lat' dir='ltr'><strong>naufragia</strong></span> <span class='ocrx_word' id='word_1_323' title='bbox 1351 3351 1582 3407; x_wconf 83' lang='lat' dir='ltr'><strong>faciunt.</strong></span> 
     </span>
    </p>
   </div>
   <div class='ocr_carea' id='block_1_62' title="bbox 566 3445 2079 3516">
    <p class='ocr_par' dir='ltr' id='par_1_62' title="bbox 566 3445 2079 3516">
     <span class='ocr_line' id='line_1_62' title="bbox 566 3445 2079 3516; baseline -0.002 -14"><span class='ocrx_word' id='word_1_324' title='bbox 566 3446 638 3503; x_wconf 92' lang='lat' dir='ltr'><strong>Ut</strong></span> <span class='ocrx_word' id='word_1_325' title='bbox 669 3446 922 3516; x_wconf 70' lang='lat' dir='ltr'><strong>qtticmlo</strong></span> <span class='ocrx_word' id='word_1_326' title='bbox 950 3461 1148 3500; x_wconf 87' lang='lat' dir='ltr'><strong>sereno</strong></span> <span class='ocrx_word' id='word_1_327' title='bbox 1179 3445 1457 3515; x_wconf 82' lang='lat' dir='ltr'><strong>navigant,</strong></span> <span class='ocrx_word' id='word_1_328' title='bbox 1504 3445 1560 3499; x_wconf 91' lang='lat' dir='ltr'><strong>in</strong></span> <span class='ocrx_word' id='word_1_329' title='bbox 1586 3456 1844 3516; x_wconf 90' lang='lat' dir='ltr'><strong>promptu</strong></span> <span class='ocrx_word' id='word_1_330' title='bbox 1874 3447 2079 3500; x_wconf 90' lang='lat' dir='ltr'><strong>habent</strong></span> 
     </span>
    </p>
   </div>
   <div class='ocr_carea' id='block_1_63' title="bbox 496 3535 2079 3606">
    <p class='ocr_par' dir='ltr' id='par_1_63' title="bbox 496 3535 2079 3606">
     <span class='ocr_line' id='line_1_63' title="bbox 496 3535 2079 3606; baseline 0 -15"><span class='ocrx_word' id='word_1_331' title='bbox 496 3537 702 3606; x_wconf 87' lang='lat' dir='ltr'><strong>quibus</strong></span> <span class='ocrx_word' id='word_1_332' title='bbox 729 3544 1110 3605; x_wconf 89' lang='lat' dir='ltr'><strong>tempestatem</strong></span> <span class='ocrx_word' id='word_1_333' title='bbox 1139 3535 1324 3590; x_wconf 89' lang='lat' dir='ltr'><strong>levent</strong></span> <span class='ocrx_word' id='word_1_334' title='bbox 1359 3553 1370 3588; x_wconf 97' lang='lat'>:</span> <span class='ocrx_word' id='word_1_335' title='bbox 1413 3536 1494 3590; x_wconf 91' lang='lat' dir='ltr'><strong>sic</strong></span> <span class='ocrx_word' id='word_1_336' title='bbox 1540 3545 1597 3590; x_wconf 94' lang='lat' dir='ltr'><strong>et</strong></span> <span class='ocrx_word' id='word_1_337' title='bbox 1643 3537 1812 3592; x_wconf 88' lang='lat' dir='ltr'><strong>sobrii</strong></span> <span class='ocrx_word' id='word_1_338' title='bbox 1861 3537 2079 3606; x_wconf 89' lang='lat' dir='ltr'><strong>catique</strong></span> 
     </span>
    </p>
   </div>
   <div class='ocr_carea' id='block_1_64' title="bbox 498 3629 2079 3701">
    <p class='ocr_par' dir='ltr' id='par_1_64' title="bbox 498 3629 2079 3701">
     <span class='ocr_line' id='line_1_64' title="bbox 498 3629 2079 3701; baseline 0 -17"><span class='ocrx_word' id='word_1_339' title='bbox 498 3629 753 3684; x_wconf 89' lang='lat' dir='ltr'><strong>homines</strong></span> <span class='ocrx_word' id='word_1_340' title='bbox 790 3629 957 3683; x_wconf 90' lang='lat' dir='ltr'><strong>rebus</strong></span> <span class='ocrx_word' id='word_1_341' title='bbox 993 3629 1274 3698; x_wconf 89' lang='lat' dir='ltr'><strong>prosperis</strong></span> <span class='ocrx_word' id='word_1_342' title='bbox 1313 3638 1710 3699; x_wconf 82' lang='lat' dir='ltr'><strong>praepararunt,</strong></span> <span class='ocrx_word' id='word_1_343' title='bbox 1743 3647 1864 3701; x_wconf 84' lang='lat' dir='ltr'><strong>quae</strong></span> <span class='ocrx_word' id='word_1_344' title='bbox 1885 3631 2079 3686; x_wconf 88' lang='lat' dir='ltr'><strong>adver-</strong></span> 
     </span>
    </p>
   </div>
   <div class='ocr_carea' id='block_1_65' title="bbox 497 3719 1236 3790">
    <p class='ocr_par' dir='ltr' id='par_1_65' title="bbox 497 3719 1236 3790">
     <span class='ocr_line' id='line_1_65' title="bbox 497 3719 1236 3790; baseline -0.003 -15"><span class='ocrx_word' id='word_1_345' title='bbox 497 3720 578 3776; x_wconf 86' lang='lat' dir='ltr'><strong>sis</strong></span> <span class='ocrx_word' id='word_1_346' title='bbox 609 3719 923 3790; x_wconf 88' lang='lat' dir='ltr'><strong>adjumenta</strong></span> <span class='ocrx_word' id='word_1_347' title='bbox 955 3720 1236 3775; x_wconf 79' lang='lat' dir='ltr'><strong>exsistant.</strong></span> 
     </span>
    </p>
   </div>
   <div class='ocr_carea' id='block_1_66' title="bbox 569 3810 2078 3886">
    <p class='ocr_par' dir='ltr' id='par_1_66' title="bbox 569 3810 2078 3886">
     <span class='ocr_line' id='line_1_66' title="bbox 569 3810 2078 3886; baseline 0.001 -20"><span class='ocrx_word' id='word_1_348' title='bbox 569 3810 907 3883; x_wconf 66' lang='lat' dir='ltr'><strong>Egrotantis</strong></span> <span class='ocrx_word' id='word_1_349' title='bbox 930 3812 1112 3867; x_wconf 88' lang='lat' dir='ltr'><strong>victus</strong></span> <span class='ocrx_word' id='word_1_350' title='bbox 1136 3812 1296 3879; x_wconf 87' lang='lat' dir='ltr'><strong>ratio,</strong></span> <span class='ocrx_word' id='word_1_351' title='bbox 1337 3820 1394 3868; x_wconf 90' lang='lat' dir='ltr'><strong>et</strong></span> <span class='ocrx_word' id='word_1_352' title='bbox 1438 3814 1754 3885; x_wconf 87' lang='lat' dir='ltr'><strong>insipientis</strong></span> <span class='ocrx_word' id='word_1_353' title='bbox 1791 3813 2078 3886; x_wconf 81' lang='lat' dir='ltr'><strong>prosperi-</strong></span> 
     </span>
    </p>
   </div>
   <div class='ocr_carea' id='block_1_67' title="bbox 501 3907 1124 3967">
    <p class='ocr_par' dir='ltr' id='par_1_67' title="bbox 501 3907 1124 3967">
     <span class='ocr_line' id='line_1_67' title="bbox 501 3907 1124 3967; baseline -0.002 -10"><span class='ocrx_word' id='word_1_354' title='bbox 501 3907 606 3967; x_wconf 87' lang='lat' dir='ltr'><strong>tas,</strong></span> <span class='ocrx_word' id='word_1_355' title='bbox 643 3917 731 3956; x_wconf 91' lang='lat' dir='ltr'><strong>res</strong></span> <span class='ocrx_word' id='word_1_356' title='bbox 755 3916 974 3956; x_wconf 87' lang='lat' dir='ltr'><strong>morosa</strong></span> <span class='ocrx_word' id='word_1_357' title='bbox 1019 3910 1124 3957; x_wconf 93' lang='lat' dir='ltr'><strong>est.</strong></span> 
     </span>
    </p>
   </div>
   <div class='ocr_carea' id='block_1_68' title="bbox 569 3993 2082 4064">
    <p class='ocr_par' dir='ltr' id='par_1_68' title="bbox 569 3993 2082 4064">
     <span class='ocr_line' id='line_1_68' title="bbox 569 3993 2082 4064; baseline 0 -16"><span class='ocrx_word' id='word_1_358' title='bbox 569 3993 724 4048; x_wconf 83' lang='lat' dir='ltr'><strong>Haud</strong></span> <span class='ocrx_word' id='word_1_359' title='bbox 750 3994 1186 4049; x_wconf 78' lang='lat' dir='ltr'><strong>abnuitfortuna</strong></span> <span class='ocrx_word' id='word_1_360' title='bbox 1221 4011 1251 4050; x_wconf 90' lang='lat' dir='ltr'><strong>a</strong></span> <span class='ocrx_word' id='word_1_361' title='bbox 1296 3997 1423 4050; x_wconf 89' lang='lat' dir='ltr'><strong>mali</strong></span> <span class='ocrx_word' id='word_1_362' title='bbox 1449 3995 1814 4050; x_wconf 89' lang='lat' dir='ltr'><strong>certaminum</strong></span> <span class='ocrx_word' id='word_1_363' title='bbox 1873 3994 2082 4064; x_wconf 90' lang='lat' dir='ltr'><strong>posito-</strong></span> 
     </span>
    </p>
   </div>
   <div class='ocr_carea' id='block_1_69' title="bbox 498 4084 2082 4155">
    <p class='ocr_par' dir='ltr' id='par_1_69' title="bbox 498 4084 2082 4155">
     <span class='ocr_line' id='line_1_69' title="bbox 498 4084 2082 4155; baseline 0.001 -16"><span class='ocrx_word' id='word_1_364' title='bbox 498 4085 579 4140; x_wconf 91' lang='lat' dir='ltr'><strong>ris</strong></span> <span class='ocrx_word' id='word_1_365' title='bbox 606 4085 811 4148; x_wconf 90' lang='lat' dir='ltr'><strong>indole,</strong></span> <span class='ocrx_word' id='word_1_366' title='bbox 836 4084 984 4138; x_wconf 90' lang='lat' dir='ltr'><strong>haud</strong></span> <span class='ocrx_word' id='word_1_367' title='bbox 1025 4100 1154 4139; x_wconf 88' lang='lat' dir='ltr'><strong>raro</strong></span> <span class='ocrx_word' id='word_1_368' title='bbox 1196 4086 1462 4140; x_wconf 86' lang='lat' dir='ltr'><strong>victorem</strong></span> <span class='ocrx_word' id='word_1_369' title='bbox 1517 4085 1859 4149; x_wconf 85' lang='lat' dir='ltr'><strong>coronantis,</strong></span> <span class='ocrx_word' id='word_1_370' title='bbox 1922 4085 2082 4155; x_wconf 83' lang='lat' dir='ltr'><strong>cujus</strong></span> 
     </span>
    </p>
   </div>
   <div class='ocr_carea' id='block_1_70' title="bbox 497 4175 1232 4246">
    <p class='ocr_par' dir='ltr' id='par_1_70' title="bbox 497 4175 1232 4246">
     <span class='ocr_line' id='line_1_70' title="bbox 497 4175 1232 4246; baseline -0.001 -15"><span class='ocrx_word' id='word_1_371' title='bbox 497 4175 638 4231; x_wconf 88' lang='lat' dir='ltr'><strong>nihil</strong></span> <span class='ocrx_word' id='word_1_372' title='bbox 659 4176 874 4231; x_wconf 86' lang='lat' dir='ltr'><strong>strenui</strong></span> <span class='ocrx_word' id='word_1_373' title='bbox 903 4177 1090 4246; x_wconf 79' lang='lat' dir='ltr'><strong>operis</strong></span> <span class='ocrx_word' id='word_1_374' title='bbox 1124 4187 1232 4232; x_wconf 89' lang='lat' dir='ltr'><strong>est.</strong></span> 
     </span>
    </p>
   </div>
   <div class='ocr_carea' id='block_1_71' title="bbox 567 4269 2080 4343">
    <p class='ocr_par' dir='ltr' id='par_1_71' title="bbox 567 4269 2080 4343">
     <span class='ocr_line' id='line_1_71' title="bbox 567 4269 2080 4343; baseline 0.001 -17"><span class='ocrx_word' id='word_1_375' title='bbox 567 4269 808 4326; x_wconf 88' lang='lat' dir='ltr'><strong>Fortuna</strong></span> <span class='ocrx_word' id='word_1_376' title='bbox 829 4271 1318 4341; x_wconf 80' lang='lat' dir='ltr'><strong>sagittarii-instar,</strong></span> <span class='ocrx_word' id='word_1_377' title='bbox 1367 4273 1695 4342; x_wconf 89' lang='lat' dir='ltr'><strong>quandoque</strong></span> <span class='ocrx_word' id='word_1_378' title='bbox 1735 4273 1959 4343; x_wconf 89' lang='lat' dir='ltr'><strong>quidem</strong></span> <span class='ocrx_word' id='word_1_379' title='bbox 2023 4274 2080 4329; x_wconf 91' lang='lat' dir='ltr'><strong>in</strong></span> 
     </span>
    </p>
   </div>
   <div class='ocr_carea' id='block_1_72' title="bbox 494 4362 2081 4433">
    <p class='ocr_par' dir='ltr' id='par_1_72' title="bbox 494 4362 2081 4433">
     <span class='ocr_line' id='line_1_72' title="bbox 494 4362 2081 4433; baseline 0.001 -17"><span class='ocrx_word' id='word_1_380' title='bbox 494 4377 598 4416; x_wconf 88' lang='lat' dir='ltr'><strong>nos</strong></span> <span class='ocrx_word' id='word_1_381' title='bbox 620 4362 892 4431; x_wconf 79' lang='lat' dir='ltr'><strong>iaculans,</strong></span> <span class='ocrx_word' id='word_1_382' title='bbox 919 4362 1053 4416; x_wconf 91' lang='lat' dir='ltr'><strong>utin</strong></span> <span class='ocrx_word' id='word_1_383' title='bbox 1083 4378 1310 4433; x_wconf 92' lang='lat' dir='ltr'><strong>scopum</strong></span> <span class='ocrx_word' id='word_1_384' title='bbox 1335 4363 1649 4433; x_wconf 88' lang='lat' dir='ltr'><strong>quemdam,</strong></span> <span class='ocrx_word' id='word_1_385' title='bbox 1683 4373 1883 4418; x_wconf 89' lang='lat' dir='ltr'><strong>metam</strong></span> <span class='ocrx_word' id='word_1_386' title='bbox 1915 4365 2081 4420; x_wconf 90' lang='lat' dir='ltr'><strong>attin-</strong></span> 
     </span>
    </p>
   </div>
   <div class='ocr_carea' id='block_1_73' title="bbox 2249 3288 3760 3370">
    <p class='ocr_par' dir='ltr' id='par_1_73' title="bbox 2249 3288 3760 3370">
     <span class='ocr_line' id='line_1_73' title="bbox 2249 3288 3760 3370; baseline 0.007 -28"><span class='ocrx_word' id='word_1_387' title='bbox 2249 3289 2314 3342; x_wconf 78' lang='grc' dir='ltr'>Δί</span> <span class='ocrx_word' id='word_1_388' title='bbox 2346 3288 2632 3359; x_wconf 75' lang='grc' dir='ltr'>ἐπιφανεῖς</span> <span class='ocrx_word' id='word_1_389' title='bbox 2660 3291 2844 3363; x_wconf 81' lang='grc' dir='ltr'>τύχαι,</span> <span class='ocrx_word' id='word_1_390' title='bbox 2881 3294 3131 3368; x_wconf 87' lang='grc' dir='ltr'>καθάπερ</span> <span class='ocrx_word' id='word_1_391' title='bbox 3165 3296 3214 3350; x_wconf 85' lang='grc' dir='ltr'>οἱ</span> <span class='ocrx_word' id='word_1_392' title='bbox 3252 3297 3474 3370; x_wconf 75' lang='grc' dir='ltr'>σφοδροὶ</span> <span class='ocrx_word' id='word_1_393' title='bbox 3502 3298 3609 3351; x_wconf 84' lang='grc' dir='ltr'>τῶν</span> <span class='ocrx_word' id='word_1_394' title='bbox 3641 3298 3760 3352; x_wconf 83' lang='grc' dir='ltr'>ἀνέ-</span> 
     </span>
    </p>
   </div>
   <div class='ocr_carea' id='block_1_74' title="bbox 2183 3381 3099 3455">
    <p class='ocr_par' dir='ltr' id='par_1_74' title="bbox 2183 3381 3099 3455">
     <span class='ocr_line' id='line_1_74' title="bbox 2183 3381 3099 3455; baseline 0.012 -24"><span class='ocrx_word' id='word_1_395' title='bbox 2183 3397 2320 3451; x_wconf 86' lang='grc' dir='ltr'>μων,</span> <span class='ocrx_word' id='word_1_396' title='bbox 2349 3381 2560 3451; x_wconf 88' lang='grc' dir='ltr'>μεγάλα</span> <span class='ocrx_word' id='word_1_397' title='bbox 2591 3385 2807 3438; x_wconf 87' lang='grc' dir='ltr'>ποιοῦσι</span> <span class='ocrx_word' id='word_1_398' title='bbox 2841 3387 3099 3455; x_wconf 87' lang='grc' dir='ltr'>ναυάγια.</span> 
     </span>
    </p>
   </div>
   <div class='ocr_carea' id='block_1_75' title="bbox 2253 3473 3760 3552">
    <p class='ocr_par' dir='ltr' id='par_1_75' title="bbox 2253 3473 3760 3552">
     <span class='ocr_line' id='line_1_75' title="bbox 2253 3473 3760 3552; baseline 0.008 -28"><span class='ocrx_word' id='word_1_399' title='bbox 2253 3473 2464 3545; x_wconf 86' lang='grc' dir='ltr'>Ὠσπερ</span> <span class='ocrx_word' id='word_1_400' title='bbox 2506 3475 2554 3526; x_wconf 81' lang='grc' dir='ltr'>οἱ</span> <span class='ocrx_word' id='word_1_401' title='bbox 2595 3476 2652 3526; x_wconf 80' lang='grc' dir='ltr'><strong>ἐν</strong></span> <span class='ocrx_word' id='word_1_402' title='bbox 2694 3476 2846 3547; x_wconf 83' lang='grc' dir='ltr'>εὑδίᾳ</span> <span class='ocrx_word' id='word_1_403' title='bbox 2896 3478 3151 3542; x_wconf 81' lang='grc' dir='ltr'>πλέοντες</span> <span class='ocrx_word' id='word_1_404' title='bbox 3183 3522 3196 3542; x_wconf 95' lang='grc'><strong>,</strong></span> <span class='ocrx_word' id='word_1_405' title='bbox 3243 3480 3337 3533; x_wconf 74' lang='grc' dir='ltr'><strong>καὶ</strong></span> <span class='ocrx_word' id='word_1_406' title='bbox 3367 3481 3434 3535; x_wconf 77' lang='grc' dir='ltr'>τὰ</span> <span class='ocrx_word' id='word_1_407' title='bbox 3487 3482 3623 3552; x_wconf 79' lang='grc' dir='ltr'>πρὸς</span> <span class='ocrx_word' id='word_1_408' title='bbox 3667 3484 3760 3536; x_wconf 82' lang='grc' dir='ltr'><strong>τὸν</strong></span> 
     </span>
    </p>
   </div>
   <div class='ocr_carea' id='block_1_76' title="bbox 2178 3564 3757 3644">
    <p class='ocr_par' dir='ltr' id='par_1_76' title="bbox 2178 3564 3757 3644">
     <span class='ocr_line' id='line_1_76' title="bbox 2178 3564 3757 3644; baseline 0.006 -28"><span class='ocrx_word' id='word_1_409' title='bbox 2178 3564 2423 3634; x_wconf 84' lang='grc' dir='ltr'>χειμῶνα</span> <span class='ocrx_word' id='word_1_410' title='bbox 2459 3564 2672 3636; x_wconf 78' lang='grc' dir='ltr'>ἔχουσιν</span> <span class='ocrx_word' id='word_1_411' title='bbox 2707 3566 2935 3637; x_wconf 77' lang='grc' dir='ltr'>ἕτοιμα·</span> <span class='ocrx_word' id='word_1_412' title='bbox 2979 3569 3151 3633; x_wconf 77' lang='grc' dir='ltr'>οὕτως</span> <span class='ocrx_word' id='word_1_413' title='bbox 3183 3571 3232 3624; x_wconf 89' lang='grc' dir='ltr'>οἱ</span> <span class='ocrx_word' id='word_1_414' title='bbox 3261 3573 3319 3624; x_wconf 83' lang='grc' dir='ltr'>ὲν</span> <span class='ocrx_word' id='word_1_415' title='bbox 3354 3573 3580 3643; x_wconf 77' lang='grc' dir='ltr'>εὐτυχίᾳ</span> <span class='ocrx_word' id='word_1_416' title='bbox 3623 3591 3757 3644; x_wconf 81' lang='grc' dir='ltr'>φρο-</span> 
     </span>
    </p>
   </div>
   <div class='ocr_carea' id='block_1_77' title="bbox 2178 3651 3759 3734">
    <p class='ocr_par' dir='ltr' id='par_1_77' title="bbox 2178 3651 3759 3734">
     <span class='ocr_line' id='line_1_77' title="bbox 2178 3651 3759 3734; baseline 0.006 -26"><span class='ocrx_word' id='word_1_417' title='bbox 2178 3654 2398 3718; x_wconf 88' lang='grc' dir='ltr'>νοῦντες</span> <span class='ocrx_word' id='word_1_418' title='bbox 2443 3651 2526 3719; x_wconf 78' lang='grc' dir='ltr'><strong>εὖ,</strong></span> <span class='ocrx_word' id='word_1_419' title='bbox 2565 3656 2658 3709; x_wconf 74' lang='grc' dir='ltr'>καὶ</span> <span class='ocrx_word' id='word_1_420' title='bbox 2705 3657 2776 3712; x_wconf 67' lang='grc' dir='ltr'>τὰ</span> <span class='ocrx_word' id='word_1_421' title='bbox 2827 3658 2964 3729; x_wconf 76' lang='grc' dir='ltr'>πρὸς</span> <span class='ocrx_word' id='word_1_422' title='bbox 3015 3659 3114 3729; x_wconf 77' lang='grc' dir='ltr'><strong>τὴν</strong></span> <span class='ocrx_word' id='word_1_423' title='bbox 3146 3661 3377 3732; x_wconf 78' lang='grc' dir='ltr'>ἀτυχίαν</span> <span class='ocrx_word' id='word_1_424' title='bbox 3424 3664 3759 3734; x_wconf 77' lang='grc' dir='ltr'>ἡτοιμάκασι</span> 
     </span>
    </p>
   </div>
   <div class='ocr_carea' id='block_1_78' title="bbox 2181 3743 2524 3816">
    <p class='ocr_par' dir='ltr' id='par_1_78' title="bbox 2181 3743 2524 3816">
     <span class='ocr_line' id='line_1_78' title="bbox 2181 3743 2524 3816; baseline 0.015 -20"><span class='ocrx_word' id='word_1_425' title='bbox 2181 3744 2277 3816; x_wconf 89' lang='grc' dir='ltr'>βοη</span> <span class='ocrx_word' id='word_1_426' title='bbox 2286 3743 2349 3816; x_wconf 85' lang='grc' dir='ltr'>θή</span> <span class='ocrx_word' id='word_1_427' title='bbox 2361 3763 2524 3816; x_wconf 86' lang='grc' dir='ltr'>ματα.</span> 
     </span>
    </p>
   </div>
   <div class='ocr_carea' id='block_1_79' title="bbox 2247 3834 3760 3910">
    <p class='ocr_par' dir='ltr' id='par_1_79' title="bbox 2247 3834 3760 3910">
     <span class='ocr_line' id='line_1_79' title="bbox 2247 3834 3760 3910; baseline 0.007 -24"><span class='ocrx_word' id='word_1_428' title='bbox 2247 3834 2550 3898; x_wconf 85' lang='grc' dir='ltr'>Νοσοῦντος</span> <span class='ocrx_word' id='word_1_429' title='bbox 2610 3834 2811 3902; x_wconf 86' lang='grc' dir='ltr'>δίαιτα,</span> <span class='ocrx_word' id='word_1_430' title='bbox 2857 3834 2952 3889; x_wconf 75' lang='grc' dir='ltr'>καὶ</span> <span class='ocrx_word' id='word_1_431' title='bbox 2989 3835 3222 3908; x_wconf 76' lang='grc' dir='ltr'>ἄφρονος</span> <span class='ocrx_word' id='word_1_432' title='bbox 3265 3837 3515 3910; x_wconf 83' lang='grc' dir='ltr'>εὐτυχία,</span> <span class='ocrx_word' id='word_1_433' title='bbox 3538 3841 3600 3895; x_wconf 79' lang='grc' dir='ltr'>τὸ</span> <span class='ocrx_word' id='word_1_434' title='bbox 3629 3841 3760 3898; x_wconf 85' lang='grc' dir='ltr'>δυσ-</span> 
     </span>
    </p>
   </div>
   <div class='ocr_carea' id='block_1_80' title="bbox 2179 3923 2433 3994">
    <p class='ocr_par' dir='ltr' id='par_1_80' title="bbox 2179 3923 2433 3994">
     <span class='ocr_line' id='line_1_80' title="bbox 2179 3923 2433 3994; baseline 0.008 -16"><span class='ocrx_word' id='word_1_435' title='bbox 2179 3923 2433 3994; x_wconf 79' lang='grc' dir='ltr'>ἀρεστον.</span> 
     </span>
    </p>
   </div>
   <div class='ocr_carea' id='block_1_81' title="bbox 2254 4016 3756 4096">
    <p class='ocr_par' dir='ltr' id='par_1_81' title="bbox 2254 4016 3756 4096">
     <span class='ocr_line' id='line_1_81' title="bbox 2254 4016 3756 4096; baseline 0.007 -28"><span class='ocrx_word' id='word_1_436' title='bbox 2254 4017 2523 4087; x_wconf 82' lang='grc' dir='ltr'>’Έοικενὴ</span> <span class='ocrx_word' id='word_1_437' title='bbox 2557 4016 2692 4090; x_wconf 90' lang='grc' dir='ltr'>τύχη</span> <span class='ocrx_word' id='word_1_438' title='bbox 2724 4017 2913 4090; x_wconf 83' lang='grc' dir='ltr'>φαύλῳ</span> <span class='ocrx_word' id='word_1_439' title='bbox 2949 4018 3294 4093; x_wconf 83' lang='grc' dir='ltr'>ἀγωνοθέτῃ’</span> <span class='ocrx_word' id='word_1_440' title='bbox 3346 4023 3608 4088; x_wconf 83' lang='grc' dir='ltr'>πολλάκις</span> <span class='ocrx_word' id='word_1_441' title='bbox 3650 4024 3756 4096; x_wconf 79' lang='grc' dir='ltr'>γὰρ</span> 
     </span>
    </p>
   </div>
   <div class='ocr_carea' id='block_1_82' title="bbox 2179 4106 3131 4180">
    <p class='ocr_par' dir='ltr' id='par_1_82' title="bbox 2179 4106 3131 4180">
     <span class='ocr_line' id='line_1_82' title="bbox 2179 4106 3131 4180; baseline 0.008 -21"><span class='ocrx_word' id='word_1_442' title='bbox 2179 4106 2270 4160; x_wconf 75' lang='grc' dir='ltr'>τὸν</span> <span class='ocrx_word' id='word_1_443' title='bbox 2303 4107 2471 4178; x_wconf 83' lang='grc' dir='ltr'>μηδὲν</span> <span class='ocrx_word' id='word_1_444' title='bbox 2501 4109 2818 4179; x_wconf 81' lang='grc' dir='ltr'>πράσσοντα</span> <span class='ocrx_word' id='word_1_445' title='bbox 2851 4115 3131 4180; x_wconf 82' lang='grc' dir='ltr'>στεφανοῖ.</span> 
     </span>
    </p>
   </div>
   <div class='ocr_carea' id='block_1_83' title="bbox 2260 4285 3758 4361">
    <p class='ocr_par' dir='ltr' id='par_1_83' title="bbox 2260 4285 3758 4361">
     <span class='ocr_line' id='line_1_83' title="bbox 2260 4285 3758 4361; baseline 0.003 -20"><span class='ocrx_word' id='word_1_446' title='bbox 2260 4285 2330 4341; x_wconf 86' lang='grc' dir='ltr'><strong>Ἦ</strong></span> <span class='ocrx_word' id='word_1_447' title='bbox 2356 4287 2492 4359; x_wconf 85' lang='grc' dir='ltr'>τύχη</span> <span class='ocrx_word' id='word_1_448' title='bbox 2527 4287 2784 4358; x_wconf 84' lang='grc' dir='ltr'>καθάπερ</span> <span class='ocrx_word' id='word_1_449' title='bbox 2812 4287 3057 4359; x_wconf 86' lang='grc' dir='ltr'>τοξότης,</span> <span class='ocrx_word' id='word_1_450' title='bbox 3095 4289 3221 4342; x_wconf 81' lang='grc' dir='ltr'>ποτὲ</span> <span class='ocrx_word' id='word_1_451' title='bbox 3270 4290 3368 4360; x_wconf 77' lang='grc' dir='ltr'><strong>μὲν</strong></span> <span class='ocrx_word' id='word_1_452' title='bbox 3406 4291 3758 4361; x_wconf 81' lang='grc' dir='ltr'>ἐπιτυγχάνει</span> 
     </span>
    </p>
   </div>
   <div class='ocr_carea' id='block_1_84' title="bbox 2185 4379 3756 4451">
    <p class='ocr_par' dir='ltr' id='par_1_84' title="bbox 2185 4379 3756 4451">
     <span class='ocr_line' id='line_1_84' title="bbox 2185 4379 3756 4451; baseline 0.003 -18"><span class='ocrx_word' id='word_1_453' title='bbox 2185 4381 2453 4451; x_wconf 87' lang='grc' dir='ltr'>βάλλουσα</span> <span class='ocrx_word' id='word_1_454' title='bbox 2479 4379 2566 4448; x_wconf 82' lang='grc' dir='ltr'><strong>ἐφ’</strong></span> <span class='ocrx_word' id='word_1_455' title='bbox 2598 4381 2766 4450; x_wconf 81' lang='grc' dir='ltr'>ἡμᾶς,</span> <span class='ocrx_word' id='word_1_456' title='bbox 2796 4379 2985 4451; x_wconf 76' lang='grc' dir='ltr'>ὥσπερ</span> <span class='ocrx_word' id='word_1_457' title='bbox 3011 4382 3103 4434; x_wconf 75' lang='grc' dir='ltr'><strong>ἐπί</strong></span> <span class='ocrx_word' id='word_1_458' title='bbox 3127 4399 3248 4434; x_wconf 85' lang='grc' dir='ltr'>τινα</span> <span class='ocrx_word' id='word_1_459' title='bbox 3281 4383 3480 4437; x_wconf 83' lang='grc' dir='ltr'>σκοπόν</span> <span class='ocrx_word' id='word_1_460' title='bbox 3500 4399 3514 4412; x_wconf 76' lang='grc'><strong><em>⁸</em></strong></span> <span class='ocrx_word' id='word_1_461' title='bbox 3548 4384 3678 4438; x_wconf 84' lang='grc' dir='ltr'>ποτὲ</span> <span class='ocrx_word' id='word_1_462' title='bbox 3702 4385 3756 4438; x_wconf 76' lang='grc' dir='ltr'>δὲ</span> 
     </span>
    </p>
   </div>
   <div class='ocr_carea' id='block_1_85' title="bbox 495 4444 2075 4545">
    <p class='ocr_par' dir='ltr' id='par_1_85' title="bbox 495 4454 2075 4528">
     <span class='ocr_line' id='line_1_85' title="bbox 495 4454 2075 4528; baseline 0.003 -20"><span class='ocrx_word' id='word_1_463' title='bbox 495 4454 599 4525; x_wconf 73' lang='lat' dir='ltr'><strong>git;</strong></span> <span class='ocrx_word' id='word_1_464' title='bbox 629 4454 958 4525; x_wconf 91' lang='lat' dir='ltr'><strong>quandoque</strong></span> <span class='ocrx_word' id='word_1_465' title='bbox 984 4470 1116 4510; x_wconf 84' lang='lat' dir='ltr'><strong>vero</strong></span> <span class='ocrx_word' id='word_1_466' title='bbox 1146 4456 1200 4510; x_wconf 91' lang='lat' dir='ltr'><strong>in</strong></span> <span class='ocrx_word' id='word_1_467' title='bbox 1225 4472 1288 4511; x_wconf 88' lang='lat' dir='ltr'><strong>ea</strong></span> <span class='ocrx_word' id='word_1_468' title='bbox 1316 4471 1438 4527; x_wconf 77' lang='lat' dir='ltr'><strong>qute</strong></span> <span class='ocrx_word' id='word_1_469' title='bbox 1459 4456 1619 4512; x_wconf 92' lang='lat' dir='ltr'><strong>nobis</strong></span> <span class='ocrx_word' id='word_1_470' title='bbox 1646 4455 1901 4528; x_wconf 84' lang='lat' dir='ltr'><strong>adjacent</strong></span> <span class='ocrx_word' id='word_1_471' title='bbox 1951 4473 2075 4526; x_wconf 92' lang='lat' dir='ltr'><strong>pro-</strong></span> 
     </span>
    </p>
   </div>
   <div class='ocr_carea' id='block_1_86' title="bbox 2178 4444 3260 4545">
    <p class='ocr_par' dir='ltr' id='par_1_86' title="bbox 2183 4444 3260 4545">
     <span class='ocr_line' id='line_1_86' title="bbox 2183 4444 3260 4545; baseline 0.003 -20"><span class='ocrx_word' id='word_1_472' title='bbox 2183 4444 2278 4525; x_wconf 55' lang='grc' dir='ltr'>ἐπὶ</span> <span class='ocrx_word' id='word_1_473' title='bbox 2313 4471 2382 4524; x_wconf 79' lang='grc' dir='ltr'>τὰ</span> <span class='ocrx_word' id='word_1_474' title='bbox 2411 4444 2676 4540; x_wconf 66' lang='grc' dir='ltr'>σύνεγγύς</span> <span class='ocrx_word' id='word_1_475' title='bbox 2700 4444 3085 4543; x_wconf 76' lang='grc' dir='ltr'>παρακείμενα</span> <span class='ocrx_word' id='word_1_476' title='bbox 3107 4473 3260 4545; x_wconf 81' lang='grc' dir='ltr'>ἡμῖν.</span> 
     </span>
    </p>
   </div>
   <div class='ocr_carea' id='block_1_87' title="bbox 493 4543 1149 4617">
    <p class='ocr_par' dir='ltr' id='par_1_87' title="bbox 493 4543 1149 4617">
     <span class='ocr_line' id='line_1_87' title="bbox 493 4543 1149 4617; baseline 0.006 -21"><span class='ocrx_word' id='word_1_477' title='bbox 493 4543 730 4617; x_wconf 87' lang='lat' dir='ltr'><strong>piusque</strong></span> <span class='ocrx_word' id='word_1_478' title='bbox 765 4545 1149 4600; x_wconf 90' lang='lat' dir='ltr'><strong>circumstant.</strong></span> 
     </span>
    </p>
   </div>
   <div class='ocr_carea' id='block_1_88' title="bbox 564 4638 2077 4729">
    <p class='ocr_par' dir='ltr' id='par_1_88' title="bbox 564 4638 2077 4729">
     <span class='ocr_line' id='line_1_88' title="bbox 564 4638 2077 4729; baseline -0.001 -17"><span class='ocrx_word' id='word_1_479' title='bbox 564 4657 723 4725; x_wconf 86' lang='lat' dir='ltr'><strong>Quod</strong></span> <span class='ocrx_word' id='word_1_480' title='bbox 747 4657 914 4713; x_wconf 90' lang='lat' dir='ltr'><strong>rebus</strong></span> <span class='ocrx_word' id='word_1_481' title='bbox 945 4638 1198 4714; x_wconf 90' lang='lat' dir='ltr'><strong>tristibus</strong></span> <span class='ocrx_word' id='word_1_482' title='bbox 1254 4658 1450 4723; x_wconf 89' lang='lat' dir='ltr'><strong>uteris,</strong></span> <span class='ocrx_word' id='word_1_483' title='bbox 1505 4666 1648 4729; x_wconf 80' lang='lat' dir='ltr'><strong>tege,</strong></span> <span class='ocrx_word' id='word_1_484' title='bbox 1702 4672 1774 4713; x_wconf 90' lang='lat' dir='ltr'><strong>ne</strong></span> <span class='ocrx_word' id='word_1_485' title='bbox 1815 4655 2077 4728; x_wconf 84' lang='lat' dir='ltr'><strong>gaudium</strong></span> 
     </span>
    </p>
   </div>
   <div class='ocr_carea' id='block_1_89' title="bbox 495 4749 977 4808">
    <p class='ocr_par' dir='ltr' id='par_1_89' title="bbox 495 4749 977 4808">
     <span class='ocr_line' id='line_1_89' title="bbox 495 4749 977 4808; baseline -0.008 0"><span class='ocrx_word' id='word_1_486' title='bbox 495 4750 736 4808; x_wconf 86' lang='lat' dir='ltr'><strong>inimicis</strong></span> <span class='ocrx_word' id='word_1_487' title='bbox 759 4749 977 4805; x_wconf 84' lang='lat' dir='ltr'><strong>feceris.</strong></span> 
     </span>
    </p>
   </div>
   <div class='ocr_carea' id='block_1_90' title="bbox 564 4863 2073 4934">
    <p class='ocr_par' dir='ltr' id='par_1_90' title="bbox 564 4863 2073 4934">
     <span class='ocr_line' id='line_1_90' title="bbox 564 4863 2073 4934; baseline 0 -15"><span class='ocrx_word' id='word_1_488' title='bbox 564 4864 835 4919; x_wconf 83' lang='lat' dir='ltr'><strong>Isocratis.</strong></span> <span class='ocrx_word' id='word_1_489' title='bbox 865 4894 935 4904; x_wconf 94' lang='lat'><strong>—-</strong></span> <span class='ocrx_word' id='word_1_490' title='bbox 961 4863 1334 4919; x_wconf 91' lang='lat' dir='ltr'><strong>Calamitatem</strong></span> <span class='ocrx_word' id='word_1_491' title='bbox 1369 4863 1581 4917; x_wconf 91' lang='lat' dir='ltr'><strong>nemini</strong></span> <span class='ocrx_word' id='word_1_492' title='bbox 1609 4864 2073 4934; x_wconf 79' lang='lat' dir='ltr'><strong>exprobraveris:</strong></span> 
     </span>
    </p>
   </div>
   <div class='ocr_carea' id='block_1_91' title="bbox 494 4955 2076 5026">
    <p class='ocr_par' dir='ltr' id='par_1_91' title="bbox 494 4955 2076 5026">
     <span class='ocr_line' id='line_1_91' title="bbox 494 4955 2076 5026; baseline -0.001 -14"><span class='ocrx_word' id='word_1_493' title='bbox 494 4958 806 5014; x_wconf 85' lang='lat' dir='ltr'><strong>communis</strong></span> <span class='ocrx_word' id='word_1_494' title='bbox 828 4956 976 5012; x_wconf 88' lang='lat' dir='ltr'><strong>enim</strong></span> <span class='ocrx_word' id='word_1_495' title='bbox 1007 4955 1250 5020; x_wconf 81' lang='lat' dir='ltr'><strong>fortuna,</strong></span> <span class='ocrx_word' id='word_1_496' title='bbox 1290 4961 1347 5009; x_wconf 86' lang='lat' dir='ltr'><strong>et</strong></span> <span class='ocrx_word' id='word_1_497' title='bbox 1375 4955 1644 5010; x_wconf 90' lang='lat' dir='ltr'><strong>incertum</strong></span> <span class='ocrx_word' id='word_1_498' title='bbox 1672 4956 1804 5026; x_wconf 91' lang='lat' dir='ltr'><strong>quid</strong></span> <span class='ocrx_word' id='word_1_499' title='bbox 1829 4956 2076 5012; x_wconf 81' lang='lat' dir='ltr'><strong>futurum</strong></span> 
     </span>
    </p>
   </div>
   <div class='ocr_carea' id='block_1_92' title="bbox 495 5051 590 5105">
    <p class='ocr_par' dir='ltr' id='par_1_92' title="bbox 495 5051 590 5105">
     <span class='ocr_line' id='line_1_92' title="bbox 495 5051 590 5105; baseline -0.011 0"><span class='ocrx_word' id='word_1_500' title='bbox 495 5051 590 5105; x_wconf 78' lang='lat' dir='ltr'><strong>sit.</strong></span> 
     </span>
    </p>
   </div>
   <div class='ocr_carea' id='block_1_93' title="bbox 565 5162 2074 5231">
    <p class='ocr_par' dir='ltr' id='par_1_93' title="bbox 565 5162 2074 5231">
     <span class='ocr_line' id='line_1_93' title="bbox 565 5162 2074 5231; baseline 0.001 -15"><span class='ocrx_word' id='word_1_501' title='bbox 565 5163 713 5217; x_wconf 87' lang='lat' dir='ltr'><strong>Nihil</strong></span> <span class='ocrx_word' id='word_1_502' title='bbox 749 5177 932 5216; x_wconf 90' lang='lat' dir='ltr'><strong>rerum</strong></span> <span class='ocrx_word' id='word_1_503' title='bbox 950 5163 1314 5216; x_wconf 88' lang='lat' dir='ltr'><strong>humanarum</strong></span> <span class='ocrx_word' id='word_1_504' title='bbox 1340 5162 1557 5216; x_wconf 86' lang='lat' dir='ltr'><strong>ﬁrmum</strong></span> <span class='ocrx_word' id='word_1_505' title='bbox 1577 5172 1791 5231; x_wconf 90' lang='lat' dir='ltr'><strong>putato.</strong></span> <span class='ocrx_word' id='word_1_506' title='bbox 1815 5164 1904 5218; x_wconf 92' lang='lat' dir='ltr'><strong>Sic</strong></span> <span class='ocrx_word' id='word_1_507' title='bbox 1925 5165 2074 5218; x_wconf 91' lang='lat' dir='ltr'><strong>enim</strong></span> 
     </span>
    </p>
   </div>
   <div class='ocr_carea' id='block_1_94' title="bbox 495 5254 2075 5324">
    <p class='ocr_par' dir='ltr' id='par_1_94' title="bbox 495 5254 2075 5324">
     <span class='ocr_line' id='line_1_94' title="bbox 495 5254 2075 5324; baseline -0.001 -15"><span class='ocrx_word' id='word_1_508' title='bbox 495 5270 601 5310; x_wconf 85' lang='lat' dir='ltr'><strong>nec</strong></span> <span class='ocrx_word' id='word_1_509' title='bbox 627 5255 681 5307; x_wconf 88' lang='lat' dir='ltr'><strong>in</strong></span> <span class='ocrx_word' id='word_1_510' title='bbox 712 5255 997 5323; x_wconf 91' lang='lat' dir='ltr'><strong>prosperis</strong></span> <span class='ocrx_word' id='word_1_511' title='bbox 1021 5254 1219 5324; x_wconf 85' lang='lat' dir='ltr'><strong>gaudio</strong></span> <span class='ocrx_word' id='word_1_512' title='bbox 1245 5254 1599 5319; x_wconf 69' lang='lat' dir='ltr'><strong>diffunderis,</strong></span> <span class='ocrx_word' id='word_1_513' title='bbox 1647 5271 1749 5309; x_wconf 91' lang='lat' dir='ltr'><strong>nec</strong></span> <span class='ocrx_word' id='word_1_514' title='bbox 1774 5255 1830 5308; x_wconf 88' lang='lat' dir='ltr'><strong>in</strong></span> <span class='ocrx_word' id='word_1_515' title='bbox 1879 5256 2075 5310; x_wconf 83' lang='lat' dir='ltr'><strong>adver-</strong></span> 
     </span>
    </p>
   </div>
   <div class='ocr_carea' id='block_1_95' title="bbox 495 5346 1349 5415">
    <p class='ocr_par' dir='ltr' id='par_1_95' title="bbox 495 5346 1349 5415">
     <span class='ocr_line' id='line_1_95' title="bbox 495 5346 1349 5415; baseline -0.004 -14"><span class='ocrx_word' id='word_1_516' title='bbox 495 5347 573 5401; x_wconf 81' lang='lat' dir='ltr'><strong>sis</strong></span> <span class='ocrx_word' id='word_1_517' title='bbox 594 5361 752 5415; x_wconf 58' lang='lat' dir='ltr'><strong>aquo</strong></span> <span class='ocrx_word' id='word_1_518' title='bbox 781 5346 980 5414; x_wconf 72' lang='lat' dir='ltr'><strong>iustius</strong></span> <span class='ocrx_word' id='word_1_519' title='bbox 1019 5346 1192 5400; x_wconf 88' lang='lat' dir='ltr'><strong>tristis</strong></span> <span class='ocrx_word' id='word_1_520' title='bbox 1217 5346 1349 5408; x_wconf 84' lang='lat' dir='ltr'><strong>eris.</strong></span> 
     </span>
    </p>
   </div>
   <div class='ocr_carea' id='block_1_96' title="bbox 565 5447 2072 5533">
    <p class='ocr_par' dir='ltr' id='par_1_96' title="bbox 565 5447 2072 5533">
     <span class='ocr_line' id='line_1_96' title="bbox 565 5447 2072 5533; baseline 0 -21"><span class='ocrx_word' id='word_1_521' title='bbox 565 5458 744 5533; x_wconf 87' lang='lat' dir='ltr'><strong>Etiam</strong></span> <span class='ocrx_word' id='word_1_522' title='bbox 779 5458 950 5512; x_wconf 87' lang='lat' dir='ltr'><strong>solers</strong></span> <span class='ocrx_word' id='word_1_523' title='bbox 975 5459 1310 5528; x_wconf 80' lang='lat' dir='ltr'><strong>gubernator</strong></span> <span class='ocrx_word' id='word_1_524' title='bbox 1357 5460 1687 5529; x_wconf 85' lang='lat' dir='ltr'><strong>quandoque</strong></span> <span class='ocrx_word' id='word_1_525' title='bbox 1727 5447 2072 5529; x_wconf 76' lang='lat' dir='ltr'><strong>naufragium</strong></span> 
     </span>
    </p>
   </div>
   <div class='ocr_carea' id='block_1_97' title="bbox 498 5545 2073 5617">
    <p class='ocr_par' dir='ltr' id='par_1_97' title="bbox 498 5545 2073 5617">
     <span class='ocr_line' id='line_1_97' title="bbox 498 5545 2073 5617; baseline 0.003 -19"><span class='ocrx_word' id='word_1_526' title='bbox 498 5545 658 5609; x_wconf 79' lang='lat' dir='ltr'><strong>facit;</strong></span> <span class='ocrx_word' id='word_1_527' title='bbox 690 5545 970 5615; x_wconf 85' lang='lat' dir='ltr'><strong>utiturque</strong></span> <span class='ocrx_word' id='word_1_528' title='bbox 1002 5547 1165 5602; x_wconf 87' lang='lat' dir='ltr'><strong>rebus</strong></span> <span class='ocrx_word' id='word_1_529' title='bbox 1213 5548 1458 5603; x_wconf 83' lang='lat' dir='ltr'><strong>adversis</strong></span> <span class='ocrx_word' id='word_1_530' title='bbox 1508 5549 1601 5617; x_wconf 90' lang='lat' dir='ltr'><strong>qui</strong></span> <span class='ocrx_word' id='word_1_531' title='bbox 1657 5548 1825 5603; x_wconf 81' lang='lat' dir='ltr'><strong>fultus</strong></span> <span class='ocrx_word' id='word_1_532' title='bbox 1873 5549 2073 5603; x_wconf 82' lang='lat' dir='ltr'><strong>virtute</strong></span> 
     </span>
    </p>
   </div>
   <div class='ocr_carea' id='block_1_98' title="bbox 499 5638 592 5693">
    <p class='ocr_par' dir='ltr' id='par_1_98' title="bbox 499 5638 592 5693">
     <span class='ocr_line' id='line_1_98' title="bbox 499 5638 592 5693; baseline -0.032 0"><span class='ocrx_word' id='word_1_533' title='bbox 499 5638 592 5693; x_wconf 80' lang='lat' dir='ltr'><strong>sit.</strong></span> 
     </span>
    </p>
   </div>
   <div class='ocr_carea' id='block_1_99' title="bbox 567 5724 2073 5795">
    <p class='ocr_par' dir='ltr' id='par_1_99' title="bbox 567 5724 2073 5795">
     <span class='ocr_line' id='line_1_99' title="bbox 567 5724 2073 5795; baseline 0.004 -16"><span class='ocrx_word' id='word_1_534' title='bbox 567 5724 872 5779; x_wconf 65' lang='lat' dir='ltr'><strong>Democriti.</strong></span> <span class='ocrx_word' id='word_1_535' title='bbox 893 5757 959 5764; x_wconf 88' lang='lat'><strong>——</strong></span> <span class='ocrx_word' id='word_1_536' title='bbox 982 5729 1250 5782; x_wconf 79' lang='lat' dir='ltr'><strong>Generum</strong></span> <span class='ocrx_word' id='word_1_537' title='bbox 1287 5729 1495 5784; x_wconf 86' lang='lat' dir='ltr'><strong>bonum</strong></span> <span class='ocrx_word' id='word_1_538' title='bbox 1525 5741 1833 5795; x_wconf 86' lang='lat' dir='ltr'><strong>assecutus,</strong></span> <span class='ocrx_word' id='word_1_539' title='bbox 1879 5738 2073 5785; x_wconf 85' lang='lat' dir='ltr'><strong>nactus</strong></span> 
     </span>
    </p>
   </div>
   <div class='ocr_carea' id='block_1_100' title="bbox 2261 4661 3757 4740">
    <p class='ocr_par' dir='ltr' id='par_1_100' title="bbox 2261 4661 3757 4740">
     <span class='ocr_line' id='line_1_100' title="bbox 2261 4661 3757 4740; baseline 0.006 -24"><span class='ocrx_word' id='word_1_540' title='bbox 2261 4661 2516 4732; x_wconf 83' lang='grc' dir='ltr'>Ἀτυχίαν</span> <span class='ocrx_word' id='word_1_541' title='bbox 2568 4661 2804 4734; x_wconf 88' lang='grc' dir='ltr'>κρύπτε,</span> <span class='ocrx_word' id='word_1_542' title='bbox 2849 4664 2936 4720; x_wconf 78' lang='grc' dir='ltr'><strong>ἵνα</strong></span> <span class='ocrx_word' id='word_1_543' title='bbox 2988 4665 3064 4737; x_wconf 84' lang='grc' dir='ltr'>μὴ</span> <span class='ocrx_word' id='word_1_544' title='bbox 3110 4667 3236 4731; x_wconf 77' lang='grc' dir='ltr'>τοὺς</span> <span class='ocrx_word' id='word_1_545' title='bbox 3283 4668 3513 4740; x_wconf 76' lang='grc' dir='ltr'>ἐχθρούς</span> <span class='ocrx_word' id='word_1_546' title='bbox 3541 4685 3633 4724; x_wconf 88' lang='grc' dir='ltr'><strong>σου</strong></span> <span class='ocrx_word' id='word_1_547' title='bbox 3665 4671 3757 4725; x_wconf 82' lang='grc' dir='ltr'><strong>εὖ·</strong></span> 
     </span>
    </p>
   </div>
   <div class='ocr_carea' id='block_1_101' title="bbox 2179 4755 2411 4828">
    <p class='ocr_par' dir='ltr' id='par_1_101' title="bbox 2179 4755 2411 4828">
     <span class='ocr_line' id='line_1_101' title="bbox 2179 4755 2411 4828; baseline -0.03 -2"><span class='ocrx_word' id='word_1_548' title='bbox 2179 4755 2411 4828; x_wconf 76' lang='grc' dir='ltr'>φράνῃς.</span> 
     </span>
    </p>
   </div>
   <div class='ocr_carea' id='block_1_102' title="bbox 2263 4868 3758 4950">
    <p class='ocr_par' dir='ltr' id='par_1_102' title="bbox 2263 4868 3758 4950">
     <span class='ocr_line' id='line_1_102' title="bbox 2263 4868 3758 4950; baseline 0.006 -28"><span class='ocrx_word' id='word_1_549' title='bbox 2263 4868 2789 4939; x_wconf 76' lang='grc' dir='ltr'>’1σοκρ.-Μηδενὶ</span> <span class='ocrx_word' id='word_1_550' title='bbox 2808 4871 3093 4942; x_wconf 80' lang='grc' dir='ltr'>συμφορὰν</span> <span class='ocrx_word' id='word_1_551' title='bbox 3125 4873 3422 4946; x_wconf 77' lang='grc' dir='ltr'>ὀνειδίσηςο</span> <span class='ocrx_word' id='word_1_552' title='bbox 3455 4875 3612 4949; x_wconf 80' lang='grc' dir='ltr'>κοινὴ</span> <span class='ocrx_word' id='word_1_553' title='bbox 3648 4876 3758 4950; x_wconf 81' lang='grc' dir='ltr'>γὰρ</span> 
     </span>
    </p>
   </div>
   <div class='ocr_carea' id='block_1_103' title="bbox 2176 4959 3586 5033">
    <p class='ocr_par' dir='ltr' id='par_1_103' title="bbox 2176 4959 3586 5033">
     <span class='ocr_line' id='line_1_103' title="bbox 2176 4959 3586 5033; baseline 0.001 -21"><span class='ocrx_word' id='word_1_554' title='bbox 2176 4962 2209 5032; x_wconf 84' lang='grc' dir='ltr'>ἡ</span> <span class='ocrx_word' id='word_1_555' title='bbox 2243 4959 2402 5030; x_wconf 91' lang='grc' dir='ltr'>τύχη,</span> <span class='ocrx_word' id='word_1_556' title='bbox 2440 4959 2535 5014; x_wconf 60' lang='grc' dir='ltr'><strong>καὶ¹</strong></span> <span class='ocrx_word' id='word_1_557' title='bbox 2561 4959 2622 5012; x_wconf 85' lang='grc' dir='ltr'><strong>τὸ</strong></span> <span class='ocrx_word' id='word_1_558' title='bbox 2651 4959 2844 5027; x_wconf 81' lang='grc' dir='ltr'>μέλλον</span> <span class='ocrx_word' id='word_1_559' title='bbox 2873 4961 3122 5033; x_wconf 82' lang='grc' dir='ltr'>ἀόρατον.</span> <span class='ocrx_word' id='word_1_560' title='bbox 3580 5009 3586 5014; x_wconf 88' lang='grc'><strong>.</strong></span> 
     </span>
    </p>
   </div>
   <div class='ocr_carea' id='block_1_104' title="bbox 2247 5159 3752 5239">
    <p class='ocr_par' dir='ltr' id='par_1_104' title="bbox 2247 5159 3752 5239">
     <span class='ocr_line' id='line_1_104' title="bbox 2247 5159 3752 5239; baseline 0.004 -21"><span class='ocrx_word' id='word_1_561' title='bbox 2247 5165 2455 5235; x_wconf 83' lang='grc' dir='ltr'>Νόμιζε</span> <span class='ocrx_word' id='word_1_562' title='bbox 2517 5165 2684 5236; x_wconf 81' lang='grc' dir='ltr'>μηδὲν</span> <span class='ocrx_word' id='word_1_563' title='bbox 2727 5159 2870 5218; x_wconf 80' lang='grc' dir='ltr'>εἶναι</span> <span class='ocrx_word' id='word_1_564' title='bbox 2923 5163 3036 5218; x_wconf 85' lang='grc' dir='ltr'>τῶν</span> <span class='ocrx_word' id='word_1_565' title='bbox 3099 5162 3454 5237; x_wconf 78' lang='grc' dir='ltr'>ἀνθρωπίνων</span> <span class='ocrx_word' id='word_1_566' title='bbox 3516 5169 3752 5239; x_wconf 78' lang='grc' dir='ltr'>βέϐαιον.</span> 
     </span>
    </p>
   </div>
   <div class='ocr_carea' id='block_1_105' title="bbox 2177 5255 3758 5330">
    <p class='ocr_par' dir='ltr' id='par_1_105' title="bbox 2177 5255 3758 5330">
     <span class='ocr_line' id='line_1_105' title="bbox 2177 5255 3758 5330; baseline 0.003 -19"><span class='ocrx_word' id='word_1_567' title='bbox 2177 5258 2334 5312; x_wconf 74' lang='grc' dir='ltr'>Οὕτω</span> <span class='ocrx_word' id='word_1_568' title='bbox 2366 5258 2475 5328; x_wconf 77' lang='grc' dir='ltr'>γὰρ</span> <span class='ocrx_word' id='word_1_569' title='bbox 2503 5257 2626 5310; x_wconf 76' lang='grc' dir='ltr'>οὔτε</span> <span class='ocrx_word' id='word_1_570' title='bbox 2658 5256 2898 5328; x_wconf 82' lang='grc' dir='ltr'>εὐτυχῶν</span> <span class='ocrx_word' id='word_1_571' title='bbox 2931 5255 3029 5330; x_wconf 83' lang='grc' dir='ltr'><strong>ἔσῃ</strong></span> <span class='ocrx_word' id='word_1_572' title='bbox 3057 5257 3380 5328; x_wconf 77' lang='grc' dir='ltr'>περιχαρὴς,</span> <span class='ocrx_word' id='word_1_573' title='bbox 3405 5258 3530 5313; x_wconf 74' lang='grc' dir='ltr'>οὔτε</span> <span class='ocrx_word' id='word_1_574' title='bbox 3561 5261 3758 5314; x_wconf 85' lang='grc' dir='ltr'>δυστυ-</span> 
     </span>
    </p>
   </div>
   <div class='ocr_carea' id='block_1_106' title="bbox 2176 5351 2637 5422">
    <p class='ocr_par' dir='ltr' id='par_1_106' title="bbox 2176 5351 2637 5422">
     <span class='ocr_line' id='line_1_106' title="bbox 2176 5351 2637 5422; baseline 0.002 -20"><span class='ocrx_word' id='word_1_575' title='bbox 2176 5351 2286 5420; x_wconf 81' lang='grc' dir='ltr'>χῶν</span> <span class='ocrx_word' id='word_1_576' title='bbox 2317 5351 2637 5422; x_wconf 81' lang='grc' dir='ltr'>περίλυπος.</span> 
     </span>
    </p>
   </div>
   <div class='ocr_carea' id='block_1_107' title="bbox 2245 5461 3756 5538">
    <p class='ocr_par' dir='ltr' id='par_1_107' title="bbox 2245 5461 3756 5538">
     <span class='ocr_line' id='line_1_107' title="bbox 2245 5461 3756 5538; baseline 0.004 -23"><span class='ocrx_word' id='word_1_577' title='bbox 2245 5463 2356 5516; x_wconf 76' lang='grc' dir='ltr'><strong>Καὶ</strong></span> <span class='ocrx_word' id='word_1_578' title='bbox 2391 5464 2728 5533; x_wconf 74' lang='grc' dir='ltr'>κυϐερνήτης</span> <span class='ocrx_word' id='word_1_579' title='bbox 2765 5461 2968 5530; x_wconf 75' lang='grc' dir='ltr'>ἀγαθὸς</span> <span class='ocrx_word' id='word_1_580' title='bbox 2993 5462 3163 5515; x_wconf 72' lang='grc' dir='ltr'>ἐνίοτε</span> <span class='ocrx_word' id='word_1_581' title='bbox 3195 5465 3456 5530; x_wconf 82' lang='grc' dir='ltr'>ναυαγεῖ·</span> <span class='ocrx_word' id='word_1_582' title='bbox 3495 5465 3592 5519; x_wconf 73' lang='grc' dir='ltr'>καὶ</span> <span class='ocrx_word' id='word_1_583' title='bbox 3620 5465 3756 5538; x_wconf 74' lang='grc' dir='ltr'>ἀνὴρ</span> 
     </span>
    </p>
   </div>
   <div class='ocr_carea' id='block_1_108' title="bbox 2177 5555 2708 5624">
    <p class='ocr_par' dir='ltr' id='par_1_108' title="bbox 2177 5555 2708 5624">
     <span class='ocr_line' id='line_1_108' title="bbox 2177 5555 2708 5624; baseline 0.008 -20"><span class='ocrx_word' id='word_1_584' title='bbox 2177 5555 2463 5617; x_wconf 81' lang='grc' dir='ltr'>σπουδαῖος</span> <span class='ocrx_word' id='word_1_585' title='bbox 2498 5555 2708 5624; x_wconf 84' lang='grc' dir='ltr'>ἀτυχεῖ.</span> 
     </span>
    </p>
   </div>
   <div class='ocr_carea' id='block_1_109' title="bbox 3631 5727 3662 5746">
    <p class='ocr_par' dir='ltr' id='par_1_109' title="bbox 3631 5727 3662 5746">
     <span class='ocr_line' id='line_1_109' title="bbox 3631 5727 3662 5746; baseline 0 0"><span class='ocrx_word' id='word_1_586' title='bbox 3631 5727 3662 5746; x_wconf 63' lang='grc'><strong>7</strong></span> 
     </span>
    </p>
   </div>
   <div class='ocr_carea' id='block_1_110' title="bbox 2253 5727 3756 5802">
    <p class='ocr_par' dir='ltr' id='par_1_110' title="bbox 2253 5727 3756 5802">
     <span class='ocr_line' id='line_1_110' title="bbox 2253 5727 3756 5802; baseline -0.001 -19"><span class='ocrx_word' id='word_1_587' title='bbox 2253 5727 2927 5801; x_wconf 69' lang='grc' dir='ltr'>ΔτυιοκρΙτ.--Γαμ6ρδν</span> <span class='ocrx_word' id='word_1_588' title='bbox 3001 5729 3028 5781; x_wconf 85' lang='grc' dir='ltr'>ὁ</span> <span class='ocrx_word' id='word_1_589' title='bbox 3090 5728 3188 5798; x_wconf 77' lang='grc' dir='ltr'>μὲν</span> <span class='ocrx_word' id='word_1_590' title='bbox 3241 5730 3532 5802; x_wconf 74' lang='grc' dir='ltr'>ἐπιτυχὼν,</span> <span class='ocrx_word' id='word_1_591' title='bbox 3602 5727 3756 5802; x_wconf 72' lang='grc' dir='ltr'>εὗρεν</span> 
     </span>
    </p>
   </div>
  </div>
