4066 6146
320 263 428 337 83⁸1

1624 258 1796 328 LOCI
1835 266 2268 333 COMMUNES.

3465 281 3579 351 838

410 384 542 448 Ἐφ.
575 380 647 433 δ’.
679 408 748 419 -
776 375 839 431 '0
877 375 1031 448 ἥλιος
1072 373 1146 446 μὴ
1191 370 1454 426 ἐπιδυέτω
1478 370 1675 455 ἐπὶ-τῷ
1707 392 1895 445 παρορ

2088 375 2282 449 Ephes.
2317 393 2395 443 iv,
2418 377 2509 444 26,
2536 378 2624 434 al.
2649 406 2719 418 -—
2740 377 2832 433 Sol
2862 336 2968 434 non
2993 380 3211 438 occidat
3254 396 3421 455 super

331 471 516 545 γισμῷ
543 468 726 541 ὑμῶν·
760 468 898 536 μηδὲ
928 466 1100 520 δίδοτε
1127 464 1293 518 τόπον
1330 463 1409 533 τῷ
1438 453 1694 535 διαϐὄλῳ.

400 565 560 617 Πᾶσα
604 560 803 631 πικρία
842 556 940 613 καὶ
993 556 1131 628 ὀργὴ
1179 553 1399 626 ἀρθήτω
1441 554 1535 622 ἀφ’
1582 554 1759 624 ὑμῶν,
1811 554 1908 608 σὺν

334 656 485 725 πάσῃ
522 653 710 723 κακίᾳ.
792 647 804 659 ’

403 748 649 814 napum.
685 739 884 802 κζ’.-
915 739 1063 809 Βαρὺ
1123 736 1307 801 λίθος,
1362 737 1457 790 καὶ
1502 735 1907 792 δυσϐάστακτον

333 837 516 907 ἄμμος
535 853 550 868 ο
590 833 728 906 ὀργὴ
757 832 814 886 δὲ
839 832 1077 901 ἄφρονος
1105 829 1378 898 βαρυτέρα
1410 828 1759 899 ἀμφοτέρων.

404 929 647 993 Παροιμ.
684 922 1152 990 ις².-Κ’ρεῖσσον
1193 918 1334 989 ἀνὴρ
1371 918 1726 989 μακρόθυμος
1753 922 1904 991 ισχυ-

334 1015 433 1087 ροῦ
460 1032 474 1047 ο
507 1018 536 1068 6
561 1015 617 1067 δὲ
652 1011 871 1083 κρατῶν
900 1009 1090 1081 ὀργῆς,
1136 1008 1213 1072 ὠς
1253 1008 1689 1079 καταλαμϐάνων
1727 1012 1902 1067 πόλιν.

404 1104 586 1173 Θυμός
616 1102 899 1174 βασιλέως,
943 1099 1173 1168 ἄγγελος
1209 1098 1470 1153 θανάτοψ
1504 1100 1640 1171 ἀνὴρ
1666 1100 1722 1154 δὲ
1745 1101 1907 1171 σοφὸς

334 1197 569 1263 ἑξιλάσει
597 1194 780 1248 αὐτόν.

399 1287 582 1355 Σιρὰχ
631 1283 706 1340 λ’.
732 1312 805 1324 --
845 1282 1015 1356 Ὀργὴ
1058 1282 1157 1336 καὶ
1208 1281 1378 1353 θυμὸς
1422 1282 1735 1339 ἐλαττοῦσιν
1772 1283 1906 1355 ήμέ-

370 1396 454 1444 ας.
1190 1396 1199 1401 ·

324 1395 616 1525 Ῥιαέασιλ.
648 1497 719 1509 -
745 1465 1111 1539 Ἀμυνόμενος
1140 1464 1198 1519 δὲ
1242 1465 1334 1519 καὶ
1370 1467 1450 1528 είς
1489 1467 1602 1519 ἴσον
1648 1465 1906 1521 ἀντικαθ-

330 1562 624 1631 ιστάμενος
668 1557 748 1628 τῷ
806 1557 1064 1627 λοιδόρῳ,
1119 1556 1171 1608 τί
1215 1557 1310 1609 καὶ
1366 1556 1716 1627 άπολογήσῃ;
1783 1557 1904 1610 Ὀτι

328 1650 627 1722 παρώξυνε
666 1648 979 1719 κατάρξας;
1022 1647 1133 1700 Καὶ
1182 1648 1344 1709 ποίας
1365 1647 1523 1699 τοῦτο
1575 1646 1906 1718 συγγνώμης

2012 468 2273 522 cundiam
2301 476 2579 525 vestram:
2621 480 2678 526 et
2710 470 2882 526 nolite
2908 471 3094 526 locum
3129 472 3261 530 dare
3287 474 3539 534 'diabolo.

2079 558 2273 615 Omnis
2302 562 2615 617 amaritudo
2651 572 2707 617 et
2753 564 2832 618 ira
2880 564 3104 619 tollatur
3154 579 3185 620 a
3238 567 3418 637 vobis,
3452 585 3580 627 cum

2008 651 2158 706 omni
2185 651 2414 707 malitia.

2076 739 2238 794 Prov.
2269 756 2440 807 xxvii,
2466 741 2522 797 5.
2542 774 2605 783 -
2627 742 2826 798 Gravis
2854 751 2938 798 est
2979 744 3141 814 lapis,
3183 754 3242 802 et
3287 762 3430 819 aegre
3452 764 3580 820 por:-

2009 829 2197 885 tabilis
2229 846 2395 887 arena
2421 850 2433 886 :
2467 832 2563 887 sed
2591 834 2674 888 ira
2712 834 2871 889 stulti
2895 836 3119 906 gravior
3144 848 3405 910 utroque.

2049 919 2514 991 Prov.xv:,52;u.
2538 925 2796 980 —Melior
2826 936 2913 982 est
2948 927 3035 982 vir
3070 929 3234 996 lenis,
3269 930 3400 987 forti
3430 949 3446 986 :
3482 924 3579 1004 qui

2008 1019 2195 1066 autem
2217 1012 2315 1068 irae
2336 1011 2678 1080 dominatur,
2713 1014 2861 1070 sicut
2889 1016 2983 1087 qui
3013 1018 3212 1073 urbem
3237 1020 3406 1090 capit.

2077 1103 2163 1157 Ira
2186 1106 2362 1175 regis,
2395 1105 2622 1161 nuntius
2648 1107 2880 1163 mortis:
2906 1109 2995 1163 vir
3013 1118 3197 1165 autem
3221 1112 3441 1182 sapiens
3461 1112 3577 1184 plaa

2007 1192 2158 1247 cabit
2186 1209 2329 1248 eam.

2072 1284 2246 1340 Eccli.
2281 1302 2407 1352 xxx,
2434 1286 2525 1342 26.
2552 1318 2620 1330 -
2644 1286 2731 1343 Ira
2755 1297 2812 1344 et
2832 1288 2990 1344 furor
3012 1290 3270 1346 minuunt
3291 1290 3432 1349 dies.

2075 1460 2524 1517 Basilii.—Dum
2550 1476 2720 1533 porro
2751 1460 3061 1530 ulcisceris,
3097 1479 3309 1535 parque
3337 1461 3457 1534 pari
3488 1480 3579 1520 rea-

2005 1552 2127 1634 l‘ers
2152 1551 2534 1617 convitiatori,
2581 1552 2715 1623 quid
2773 1553 3149 1608 excusationis
3196 1552 3579 1610 habebis?“

2006 1640 2157 1711 quod
2185 1640 2339 1709 prior
2368 1641 2461 1696 ille
2487 1641 2837 1697 irritaverit?
2866 1641 2974 1698 Sed
2995 1640 3142 1697 istud
3171 1657 3280 1712 qua
3312 1642 3474 1699 venia
3495 1640 3580 1698 die

330 1744 521 1809 ἄξιον;
561 1741 697 1796 Οὐδὲ
726 1740 835 1812 γὰρ
866 1742 894 1792 6
920 1739 1116 1810 πόρνος
1144 1736 1240 1789 ἐπὶ
1281 1736 1381 1805 τὴν
1420 1737 1643 1807 ἑταίραν
1680 1754 1895 1807 μετατι-

2006 1746 2174 1801 gnum
2192 1741 2294 1786 'est
2314 1732 2337 1784 ?
2359 1731 2548 1802 Neque
2567 1732 2718 1788 enim
2748 1741 3052 1799 scortator,
3079 1733 3211 1788 dum
3238 1734 3296 1789 in
3320 1736 3579 1790 meretri-

328 1835 442 1898 θεὶς
472 1835 572 1902 τὴν
613 1833 815 1898 αἰτίαν,
858 1831 934 1894 ὡς
970 1829 1107 1900 πρὸς
1152 1827 1252 1899 τὴν
1291 1829 1564 1899 ἁμαρτίαν
1602 1828 1904 1901 διερεθίσα-

331 1943 452 1991 σαν,
477 1921 639 1997 ἦττον
662 1926 762 1996 τῆς
788 1924 1169 1994 κατακρίσεως
1197 1921 1460 1988 ἀξιοῦται.

399 2018 465 2070 Τί
505 2018 674 2087 ὀργῆς
720 2015 1158 2084 άφρονέστερον;
1200 2013 1325 2066 Ἐάν
1359 2012 1561 2085 ’μείνῃς
1610 2012 1901 2083 ἀόργητος,

327 2110 570 2179 ᾔσχυνας
601 2107 673 2162 τὰ
705 2107 1026 2177 ὑϐρίσαντα,
1058 2104 1205 2174 ἔργῳ
1253 2104 1353 2176 τὴν
1394 2105 1748 2176 σωφροσύνην
1777 2107 1904 2160 ἑπι-

326 2200 663 2270 δειξάμενος.

400 2292 586 2361 Θυμὸς
616 2289 817 2359 ἐγείρει
847 2287 1049 2359 μάχην,
1086 2287 1229 2357 μάχη
1254 2286 1311 2339 δὲ
1327 2287 1492 2357 γεννᾷ
1522 2285 1823 2357 λοιδορίας·
1844 2288 1903 2341 αἱ

329 2382 387 2435 δὲ
419 2381 701 2451 λοιδορίαι,
738 2379 953 2448 πληγάς
973 2395 986 2409 ·
1038 2377 1245 2446 πληγαὶ
1273 2377 1329 2430 δὲ
1358 2376 1653 2449 τραύματα
1674 2392 1687 2407 ·
1730 2378 1794 2431 ἐκ
1842 2377 1901 2431 δὲ

327 2473 681 2543 τραυμάτων,
726 2470 989 2532 πολλάκις
1021 2469 1273 2531 Θάνατος.

401 2563 793 2629 Θεολότου.-
815 2557 953 2613 Οὔτε
982 2558 1236 2627 στέφανοι
1263 2559 1433 2631 χωρὶς
1458 2558 1896 2630 ἀνταγωνιστῶν·

326 2652 450 2707 οὔτε
485 2653 685 2722 πτῶμα
713 2652 884 2722 χωρὶς
912 2649 1227 2704 ἀντιπάλου.

396 2827 613 2897 Τυφλδν
640 2827 670 2879 6
703 2825 875 2895 θυμὸς
913 2824 1009 2877 καὶ
1056 2822 1343 2888 ἐπίλυπον,
1375 2822 1472 2878 καὶ
1507 2824 1744 2895 μάλιστα
1770 2826 1897 2879 ὅταν

324 2920 387 2974 τὸ
414 2920 639 2980 δικαίως
668 2920 999 2985 ἀγανακτεῖν
1040 2920 1214 2988 παρῇ.

2006 1837 2124 1877 cem
2161 1822 2378 1877 confert
2404 1824 2643 1892 culpam,
2673 1816 2822 1894 quod
2857 1825 2950 1879 illa
2994 1825 3061 1880 ad
3099 1833 3391 1895 peceatum
3437 1825 3579 1882 inci«

2006 1914 2230 1979 taverit,
2255 1913 2597 1968 damnationi
2626 1931 2740 1971 sua:
2766 1914 3070 1985 quidquam
3103 1916 3371 1971 detrahit.

2072 2002 2215 2069 Quid
2243 2005 2323 2060 ira
2352 2004 2702 2060 dementius?
2728 2005 2869 2061 iram
2896 2005 2944 2061 si
2970 2006 3333 2073 continueris,
3363 2007 3580 2079 injuriae

2003 2100 2289 2146 auctorem
2326 2093 2536 2163 pudore
2576 2093 2829 2159 aﬂ'ecisti,
2864 2094 2959 2164 qui
2979 2094 3183 2150 mentis
3226 2094 3426 2151 sobria:
3458 2097 3580 2168 ipso

2002 2196 2170 2253 Opere
2201 2184 2483 2254 specimen
2514 2184 2632 2255 ipse
2662 2178 2926 2241 edideris.

2072 2274 2157 2328 Ira
2185 2275 2391 2330 excitat
2422 2276 2621 2342 rixam,
2671 2277 2791 2333 rixa
2824 2276 2973 2347 parit
3021 2274 3302 2344 convitia;
3336 2274 3579 2332 convitia

2001 2365 2325 2432 ictus,ictus
2340 2369 2591 2436 vulnera,
2623 2384 2727 2425 nec
2760 2382 2888 2425 raro
2941 2369 3172 2425 vulnera
3212 2382 3366 2426 mors
3380 2382 3579 2425 conse-

2002 2459 2213 2528 quitur.

2073 2547 2335 2620 Theotogi.
2362 2540 2569 2605 —Nec
2590 2564 2800 2606 corona
2847 2549 3014 2606 datur
3057 2551 3178 2607 sine
3216 2553 3576 2621 “adversariis,

2002 2656 2108 2700 nec
2146 2641 2267 2699 sine
2326 2642 2687 2700 colluctatore
2730 2642 3023 2715 quisquam
3071 2644 3344 2703 sternitur
3400 2645 3577 2703 cadit-

2001 2742 2133 2808 que.

2072 2828 2154 2883 Ira
2184 2844 2273 2883 res
2308 2835 2451 2884 caeca
2482 2836 2569 2884 est
2592 2836 2649 2884 et
2675 2828 3058 2885 molestiarum
3088 2832 3276 2901 plena,
3300 2840 3363 2890 'et
3404 2834 3579 2890 maxi-

1994 2924 2087 2974 me
2118 2935 2244 2975 cum
2266 2935 2432 2976 causa
2470 2919 2795 2991 indignandi
2821 2921 2969 2992 justa
3008 2923 3222 2979 subest.

399 3014 700 3079 vaoodr.
733 3039 804 3051 —
833 3010 1001 3062 Ὅταν
1030 3010 1090 3062 σέ
1129 3026 1213 3072 τις
1248 3008 1466 3081 ὑϐρίσῃ,
1506 3002 1761 3077 ἐννόησον
1786 3008 1884 3081 τὴν

2069 3010 2341 3082 Chrysost.
2363 3010 2507 3065 —-.Si
2538 3011 2664 3080 quis
2696 3011 2754 3064 in
2786 3018 2838 3067 te
2884 3002 3323 3068 contumeliosus
3351 3015 3579 3070 exstite-

324 3102 546 3156 κόλασιν
596 3103 663 3172 ἢν
721 3099 1050 3163 κολάζεταιο
1116 3099 1212 3153 καὶ
1270 3099 1332 3152 ού
1394 3099 1555 3168 μόνον
1604 3099 1701 3170 οὐχ
1747 3099 1892 3165 ἔξεις

1996 3103 2069 3158 rit
2094 3118 2161 3159 ac
2188 3103 2453 3174 injuriam
2478 3103 2697 3170 fecerit,
2730 3103 2912 3174 cogita
2961 3105 3083 3176 ejus
3102 3099 3415 3183 cruciatum
3441 3122 3456 3173 ;
3488 3122 3575 3172 ac,

324 3193 519 3263 ὀργήν,
561 3193 700 3246 ἀλλὰ
745 3194 842 3247 καὶ
875 3188 1089 3260 δάκρυᾶ
1137 3191 1389 3262 ἀφήσεις.
1451 3191 1586 3244 Οὐδὲ
1624 3191 1733 3264 γὰρ
1758 3193 1896 3263 πρὸς

325 3283 665 3353 πυρέττοντά
702 3300 787 3346 τις
842 3281 1230 3353 παροξύνεται,
1263 3279 1388 3333 οὔτε
1437 3281 1574 3350 πρὸς
1607 3281 1698 3334 τὸν
1730 3282 1895 3350 φλεγ-

327 3374 589 3445 μαίνοντα
643 3373 759 3428 άλλ⁹
792 3373 936 3426 ἐλεεῖ
964 3373 1186 3435 πάντως
1213 3371 1309 3425 καὶ
1338 3371 1582 3442 δακρύει.
1620 3373 1683 3425 Εἰ
1715 3372 1771 3426 δὲ
1799 3374 1895 3427 καὶ

323 3464 636 3535 ἀμύνασθαι
667 3464 869 3533 βούλει,
900 3464 1144 3532 σίγησον,
1178 3463 1271 3516 καὶ
1303 3463 1525 3532 καιρίαν
1554 3463 1764 3527 ἔδωκας
1798 3466 1895 3518 αύ-

321 3556 403 3627 τῷ
435 3556 533 3626 τὴν
563 3557 799 3627 πληγήν.
835 3557 932 3607 Ἂν
985 3555 1041 3606 δὲ
1088 3553 1307 3625 δηχθεὶς
1360 3550 1610 3625 ὑῦρίσῃς,
1647 3553 1891 3624 ἀναγκά-

325 3648 441 3713 ζεις
471 3647 646 3717 ἀληθῆ
690 3645 1006 3717 νομίζεσθαι
1037 3646 1105 3700 τὰ
1160 3646 1447 3716 λεγόμενα.
1506 3648 1664 3702 Διατί
1710 3647 1821 3718 γὰρ
1864 3650 1894 3703 6

324 3736 581 3800 πλούσιος
613 3737 829 3790 ἁκούων
860 3737 942 3789 ὅτι
972 3734 1141 3804 πένης
1171 3734 1311 3798 ἐστὶ,
1344 3733 1518 3803 γελᾷ;
1554 3733 1636 3786 ὃτι
1670 3734 1745 3805 μὴ
1771 3736 1896 3791 σύν-

322 3827 468 3881 οιδεν
508 3826 689 3897 ἑαυτῷ
714 3826 927 3879 πενίαν.
956 3825 1019 3877 El
1047 3823 1226 3877 τοίνυν
1262 3823 1530 3894 μέλλομεν
1560 3823 1726 3896 γελᾷν
1800 3827 1896 3881 ἐπὶ

321 3922 443 3982 ταῖς
473 3917 682 3988 ὕϐρεσι,
718 3918 981 3988 μεγίστην
1004 3914 1283 3981 ἀπόδειξιν
1309 3915 1682 3985 παρεξόμεθα,
1724 3917 1785 3971 τὸ
1816 3919 1892 3990 μὴ

324 4009 626 4062 συνειδέναι
664 4011 775 4071 τοίς
800 4007 1134 4078 λεγομένοις.

1990 3194 2199 3249 nedum
2231 3210 2343 3249 non
2372 3194 2651 3259 irasceris,
2677 3193 2771 3250 sed
2804 3204 2861 3250 et
2888 3186 3162 3267 lacrymas
3185 3196 3421 3252 fuderis.
3463 3197 3578 3253 Nec

1990 3286 2144 3342 enim
2170 3285 2448 3355 quispiam
2474 3284 2686 3339 febrem
2717 3284 2959 3353 patienti
2981 3283 3261 3350 irascitur,
3280 3288 3377 3337 aut
3402 3284 3454 3339 ei
3478 3284 3576 3354 qui

1992 3386 2214 3433 tumore
2236 3378 2462 3447 languet
2485 3392 2550 3430 ac
2584 3374 2979 3441 inﬂammatur,
3012 3376 3106 3430 sed
3150 3390 3381 3444 prorsus
3404 3376 3577 3432 mise-

1998 3476 2158 3523 retur
2194 3466 2439 3536 ﬂetuque
2468 3466 2849 3536 prosequitur.
2880 3464 2977 3520 Sin
3023 3473 3208 3520 autem
3235 3465 3402 3520 etiam
3435 3466 3576 3522 ulci-

1998 3559 2078 3615 sci
2106 3558 2211 3623 vis,
2244 3556 2367 3622 sile,
2398 3570 2730 3627 gravemque
2765 3554 2816 3609 ei
2846 3552 3049 3609 dedisti
3074 3554 3313 3631 plagam.
3335 3553 3490 3620 Quod
3524 3555 3573 3610 si

1998 3650 2233 3707 convitii
2282 3662 2450 3704 sensu
2502 3653 2859 3716 exasperatus
2918 3644 3177 3716 injuriam
3236 3644 3572 3716 regeris,tu

1997 3740 2116 3810 ipse
2139 3756 2204 3795 ea
2232 3754 2355 3809 qua
2394 3739 2452 3793 in
2481 3747 2535 3793 te
2563 3736 2849 3800 dicuntur,
2877 3750 3007 3791 vera
3030 3734 3340 3790 existimari
3396 3732 3568 3807 cogis.

1995 3828 2133 3883 Nam
2165 3844 2288 3893 cur,
2316 3843 2472 3899 rogo,
2499 3827 2546 3881 si
2599 3828 2727 3897 quis
2758 3828 2940 3881 vimm
2972 3826 3199 3880 divitem
3227 3841 3291 3881 ac
3337 3826 3572 3896 opulen~

1995 3929 2136 3987 tum,
2168 3935 2466 3991 pauperem
2510 3908 2733 3982 dixerit,
2770 3920 2818 3974 is
2863 3918 3002 3982 risu,
3052 3916 3202 3986 quod
3234 3916 3309 3970 ita
3358 3916 3571 3972 dictum

1992 4020 2101 4077 est,
2131 4012 2367 4081 excipit!
2397 4010 2556 4077 Quod
2586 4008 2850 4065 nimirum
2904 4009 3012 4064 sibi
3061 4007 3177 4076 ipse
3230 4008 3571 4077 paupertatis

321 4101 553 4155 minime
610 4100 868 4156 conscius
912 4106 1017 4153 est.
1058 4097 1151 4152 Sic
1203 4096 1398 4167 igitur,
1442 4098 1490 4152 si
1522 4113 1625 4168 pro
1678 4092 1923 4170 injuriis,
1962 4116 2086 4170 quae
2148 4103 2485 4173 irrogantur,
2524 4101 2697 4155 risum
2749 4099 2909 4170 593
2949 4091 3389 4167 reposuerimus,
3430 4100 3572 4157 nihil

319 4209 426 4249 nos
456 4209 650 4248 eorum
689 4208 814 4263 qua:
859 4192 1205 4262 objiciuntur
1256 4190 1510 4245 conscios
1563 4205 1708 4257 esse,
1742 4200 1898 4245 certo
1936 4193 2233 4248 admodum
2266 4198 2594 4263 argumento
2625 4184 3004 4262 probabimus.

393 4286 560 4339 Οὐδὲν
607 4285 750 4339 οὕτω
778 4284 1129 4356 καθαρότητα
1161 4283 1253 4338 νοῦ
1283 4284 1379 4337 καὶ⁵
1420 4283 1481 4338 τὺ
1513 4284 1709 4350 διειδὲς
1742 4286 1891 4341 θολοῖ

2066 4288 2219 4343 Nihil
2257 4303 2413 4358 atque
2442 4287 2649 4343 mentis
2676 4286 2978 4356 puritatem
3003 4282 3363 4353 lucidumque
3396 4286 3568 4344 animi

318 4381 382 4435 τὸ
407 4379 516 4434 τῶν
541 4377 777 4450 φρενῶν,
806 4377 882 4441 ὡς
910 4377 1083 4447 θυμὸς
1111 4376 1366 4442 ἄτακτος,
1397 4376 1494 4431 καὶ
1525 4377 1665 4448 μετὰ
1689 4378 1888 4450 πολλῆς

320 4473 423 4543 τῆς
467 4471 646 4542 ῥύμης
683 4468 1007 4540 φειε>ὄμιεν‹›ς⁶

392 4561 778 4634 Εύτονωτέρας
807 4561 902 4613 ἐπὶ
926 4561 1025 4631 τῆς
1071 4560 1243 4631 ὀργῆς
1272 4558 1550 4631 χρῄζομεν
1589 4559 1689 4630 τῆς
1719 4578 1890 4615 σπου-

319 4656 441 4725 δῆς.
472 4653 815 4725 Τυραννικδν
849 4653 958 4724 γὰρ
983 4652 1044 4705 τὸ
1072 4652 1262 4715 πάθος,
1295 4651 1392 4705 καὶ
1424 4652 1684 4715 πολλάκις
1713 4670 1893 4724 παρα-

322 4746 481 4817 σύρει
504 4747 635 4809 τοὺς
664 4745 743 4816 μὴ
767 4746 1061 4816 νήφοντας,
1091 4744 1343 4817 καὶπρὸς
1370 4744 1429 4797 τδ
1451 4744 1728 4816 βάραθρον
1757 4746 1891 4799 αὐτὸ

318 4840 547 4908 κατάγει
583 4839 683 4909 τῆς
709 4837 991 4900 ἀπωλείας
1005 4867 1021 4887 .

403 4930 650 5001 Ὀργίλος
712 4925 764 4982 εἴ
801 4947 816 4995 ;
853 4928 945 4981 ἔσο
989 4927 1130 4982 κατὰ
1315 4928 1424 4981 τῶν
1474 4929 1889 5000 ἁμαρτημάτων

320 5021 432 5074 τῶν
459 5021 660 5074 σαυτοῦ
696 5018 939 5082 τοιοῦτος
966 5035 981 5050 ο
1019 5018 1322 5089 ὲπίπληττε
1349 5022 1415 5090 τῇ
1463 5018 1607 5091 ψυχῇ
1642 5035 1657 5050 ·
1695 5020 1889 5089 μάστι.

317 5111 381 5178 ζε
435 5114 501 5183 τῇ
552 5110 854 5183 συνειδήσει
890 5126 985 5162 σου
1023 5108 1123 5179 (a).
1168 5107 1406 5179 Σφοδρδς
1451 5109 1543 5161 ἔσο
1572 5110 1766 5181 κριτὴς
1796 5111 1887 5164 καὶ

1986 4380 2214 4434 oculum
2248 4379 2459 4445 turbat,
2491 4393 2555 4433 ac
2584 4377 2669 4432 ira
2719 4375 3033 4432 inordinata
3067 4381 3125 4430 et
3189 4389 3311 4445 quae
3368 4391 3568 4449 magno

1986 4469 2200 4539 impetu
2231 4476 2510 4540 erumpat.

2054 4561 2387 4616 Contentior
2415 4560 2578 4614 nobis
2611 4548 2898 4629 diligentia
2928 4557 2983 4613 in
3006 4557 3089 4611 ira
3112 4553 3428 4613 adhibenda
3458 4569 3562 4616 est.

1987 4655 2244 4710 Violenta
2272 4653 2422 4709 enim
2439 4653 2623 4723 passio
2648 4660 2763 4718 est;
2799 4666 2904 4706 nec
2941 4664 3067 4704 raro
3089 4657 3438 4706 transversos
3453 4654 3567 4725 agit

1989 4745 2086 4814 qui
2110 4745 2296 4799 minus
2321 4743 2493 4798 sobrii
2529 4743 2661 4808 sint,
2692 4750 2750 4797 et
2781 4741 2850 4797 ad
2882 4741 3063 4811 ipsum
3094 4739 3426 4809 perditionis
3462 4743 3563 4800 ba-

1989 4836 2242 4891 rathrum
2279 4834 2550 4890 detrudit.

2059 4926 2367 4982 Iracundus
2387 4925 2492 4980 es?
2519 4925 2666 4980 Talis
2709 4934 2832 4982 csto
2870 4927 3135 4985 adversus
3183 4938 3410 5001 peccata
3436 4934 3562 4982 tua:

1986 5018 2234 5072 animum
2270 5018 2532 5086 increpa:
2570 5017 2716 5072 caede
2766 5019 3117 5077 conscientiae
3153 5022 3387 5093 ﬂagello.
3429 5018 3564 5075 Esto

1985 5111 2292 5165 vehemens
2329 5107 2679 5178 acerbusque
2710 5108 2884 5179 judex
2931 5119 3097 5181 atque
3132 5121 3362 5168 exactor
3388 5112 3444 5167 in
3467 5111 3565 5168 de-

1825 5196 2055 5253 ΝΟΤᾸΞ.

315 5278 507 5349 nostra
560 5270 665 5324 alia
725 5269 872 5349 aliis,
938 5269 1096 5349 quasi
1150 5267 1428 5349 malorum.
1466 5265 1701 5349 quadam
1750 5257 1893 5323 se'r'ie

313 5341 480 5395 nobis
507 5351 758 5396 conserta
797 5340 928 5402 vita,
955 5336 1019 5392 in
1070 5353 1305 5407 quorum
1339 5336 1461 5392 aliis
1507 5336 1744 5391 aliorum
1773 5353 1888 5393 me-

314 5411 548 5479 minisse
573 5411 766 5479 juvat:
804 5425 914 5479 quo
941 5408 1069 5479 facit
1097 5407 1230 5479 illud
1258 5414 1459 5479 poetae:

385 5478 430 5534 0
459 5476 601 5550 passi
638 5476 925 5550 graviora!
952 5477 1095 5550 dgbit
1125 5477 1264 5550 Deus
1292 5476 1602 5550 Itisﬂuogue
1636 5476 1818 5550 ﬁnem.

388 5546 467 5620 (αι)
496 5546 653 5615 Quod
685 5549 931 5620 habebat
979 5547 1144 5620 Gesn.
1184 5546 1419 5620 μάστιζε
1451 5546 1520 5612 τῇ
1548 5618 1565 5620 ξ
1585 5547 1891 5620 συνειδήσει

320 5617 438 5681 σου,
498 5619 938 5685 emendabatqu
994 5617 1054 5669 τὸ
1112 5617 1351 5673 συνειδός
1390 5618 1711 5686 cou,ﬂagris
1754 5617 1891 5669 crede

318 5690 725 5755 conscientiam,
783 5686 1000 5741 meliori
1059 5690 1195 5759 puto
1248 5686 1562 5755 conjectura
1602 5687 1888 5763 Irestituo,

2000 5268 2115 5323 sola
2142 5266 2363 5322 articuli
2406 5265 2808 5336 compositione
2855 5285 2982 5325 cum
3037 5286 3140 5327 suo
3191 5269 3559 5329 substantivo.

1985 5337 2300 5413 Inauditum
2339 5351 2473 5391 sane
2502 5336 2636 5391 οωᾶί
2688 5338 3067 5413 ι’θΙ-συνειδός,
3091 5341 3177 5395 vel
3233 5341 3557 5413 συνείδησιν,

1986 5408 2132 5477 quod
2166 5417 2463 5480 utrumque
2491 5414 2576 5480 est
2619 5409 2958 5480 conscientia,
2992 5426 3102 5480 non
3148 5411 3382 5475 caedere,
3434 5408 3564 5480 quae

1987 5476 2203 5546 Semper
2223 5478 2541 5546 incorrupta
2558 5476 2729 5546 judex
2768 5478 2860 5541 sit,
2903 5489 2959 5534 et
2980 5479 3048 5535 de
3076 5481 3222 5535 malo
3251 5476 3564 5537 remurmu-

1988 5545 2400 5617 ret,’oﬂiciique
2434 5545 2759 5617 admoneat:
2793 5562 2903 5617 quo
2928 5548 3066 5603 nihil
3119 5550 3470 5605 eommunius
3501 5551 3561 5608 in

1988 5616 2238 5691 doctrina
2255 5616 2779 5691 porummisidpsa
2806 5616 3097 5691 peregrina
3127 5628 3210 5676 est
3253 5635 3364 5678 non
3411 5620 3562 5677 mili-

1989 5688 2124 5742 tanti
2167 5687 2221 5741 in
2255 5684 2513 5741 Ecclesiae
2537 5687 2750 5741 castris.
