4066 6146
539 270 658 333 ’839

1741 258 1803 317 S.
1844 250 2131 315 MAXIMI
2165 246 2674 312 CONFESSORIS

3743 241 3867 309 840

563 378 717 434 lictis
751 377 882 432 tuis.
937 375 1054 430 lloe
1106 374 1202 428 irae
1254 372 1733 429 emolumentum:
1769 383 1891 423 eam
1937 367 1992 421 in
2024 381 2142 420 rem

2272 360 2446 431 πικρὸς
2498 358 2759 428 δικαστὴς
2809 359 2918 421 τοῖς
2966 357 3188 419 οἰκείοις
3230 356 3627 428 ἁμαρτήμασι.
3656 356 3862 410 Τοῦτο

564 469 730 525 nobis
761 467 907 522 Deus
931 481 1052 520 eam
1085 463 1306 521 indidit.

633 649 877 719 Evagrii.
902 677 971 689 —-
996 646 1101 713 Qui
1127 661 1187 701 se
1214 661 1244 701 a
1278 645 1420 701 cibis
1437 652 1682 715 potuque
1708 640 2019 704 abstinens,
2045 652 2143 695 ex-

566 752 648 797 tra
718 740 992 793 rationem
1048 739 1131 792 ira
1179 738 1465 803 incitatur,
1517 736 1716 791 similis
1746 743 1831 789 est
1868 732 1996 787 navi
2030 731 2145 785 alto

565 846 789 903 aequore
823 830 1128 885 daemonem
1160 830 1586 900 gubernatorem
1614 826 1860 881 habenti.

638 922 849 995 Cyrilli.
872 953 940 964 —
969 921 1102 988 Qua:
1124 921 1302 976 bestia
1340 930 1450 974 tam
1478 935 1619 974 saava
1666 927 1724 973 et
1775 914 2035 971 immanis
2060 918 2147 967 est

561 1023 625 1070 ut
648 1014 739 1069 vir
765 1013 1089 1077 iracundus,
1116 1027 1180 1067 ac
1204 1011 1301 1082 qui
1329 1011 1526 1067 effreni
1573 1009 1669 1064 ira:
1721 1008 1879 1063 velut
1910 1019 2145 1078 tyranno

563 1108 761 1179 paret?

636 1201 720 1255 Ea:
748 1196 1378 1265 Patrium—Quatuor
1422 1211 1489 1251 ex
1512 1195 1680 1250 rebus
1729 1193 1812 1247 ira
1849 1190 2142 1247 nascitur:

550 1310 632 1350 'ex
655 1292 822 1347 dandi
854 1298 909 1345 et
937 1289 1247 1359 accipiendi
1289 1288 1621 1352 rationibus,
1646 1302 1714 1341 ex
1757 1300 1824 1340 eo
1844 1283 1993 1354 quod
2020 1283 2147 1353 quis

562 1397 677 1438 sua:
703 1394 912 1435 morem
939 1388 1096 1449 gerat
1120 1378 1421 1442 voluntati,
1445 1394 1514 1433 ex
1546 1376 1732 1431 studio
1756 1374 1962 1437 litium,
1993 1388 2059 1426 ex
2080 1387 2146 1426 ea

550 1473 826 1544 opinione
858 1488 969 1543 qua
1002 1470 1130 1541 quis
1160 1480 1422 1541 tanquam
1445 1468 1692 1540 prudens
1725 1469 1817 1532 sit,
1850 1466 1956 1522 sibi
1983 1465 2144 1519 blan-

564 1565 738 1621 ditur.

635 1657 881 1729 Dionysii
905 1656 1191 1711 Ilalicarn.
1242 1650 1450 1708 —Hoc
1471 1652 1619 1723 apud
1663 1664 1766 1707 nos
1816 1649 2057 1707 termino
2084 1647 2147 1702 fl-

2246 454 2346 522 τῆς
2375 451 2547 521 ὀργῆς
2581 449 2643 503 τὸ
2698 440 2887 521 κέρδος
2936 449 3053 503 ὲστί
3084 466 3098 481 ·
3130 449 3219 503 διὰ
3265 448 3429 502 τοῦτο
3478 450 3617 519 ἡμῖν
3658 448 3860 519 αὐτὴν

2247 543 2504 612 ἐνέθηκεν
2533 543 2560 593 ὁ
2594 541 2746 604 Θεός.

2323 633 2640 703 Εὐαγρίου.
2676 664 2748 677 --
2775 631 3095 703 Βρωμάτων
3117 629 3150 700 ἢ
3181 627 3446 699 πομάτων
3462 628 3854 699 ἀπεχόμενος,

2246 724 2417 795 θυμὸν
2471 724 2529 777 δὲ
2577 724 2790 792 ἀλόγως
2831 722 3018 787 κινῶν,
3056 714 3211 783 οὗτος
3240 720 3385 774 ἔοικε
3413 718 3851 789 ποντοπορούσῃ

2246 816 2357 889 νηῒ,
2394 817 2493 870 καὶ
2524 816 2726 887 ἐχούσῃ
2752 814 2986 883 δαίμονα
3017 810 3386 884 κυϐερνήτην.

2318 911 2645 980 Κυρίλλου.
2671 938 2744 951 -
2773 910 2936 963 Ποῖον
2982 905 3130 960 οὕτω
3184 904 3375 976 θηρίον
3401 903 3555 975 ὠμὸν
3593 905 3696 958 καὶ
3743 904 3850 957 άν-

2246 1004 2483 1075 ήμερον,
2517 1002 2595 1065 ὼς
2638 999 2902 1072 δύπργος
2963 998 3124 1071 ἀνὴρ,
3155 998 3251 1052 καὶ
3278 996 3506 1068 ἀκράτῳ
3539 994 3707 1067 θυμῷ
3745 1012 3849 1047 τυ-

2250 1094 2445 1167 ραννού
2455 1109 2617 1165 μενος
2639 1109 2656 1159 ;

2331 1189 2431 1243 Ἐκ
2461 1185 2580 1240 τῶν
2604 1183 2906 1254 Πατέρων.
2921 1182 3081 1236 -Διὰ
3104 1181 3388 1252 τεσσάρων
3422 1181 3790 1252 πραγμάτων
3806 1180 3842 1248 ἡ

2246 1281 2385 1353 ὀργὴ
2399 1279 2698 1349 ἐγγίνεται,
2719 1275 2814 1331 τοῦ
2831 1274 3015 1330 δοῦναι
3031 1277 3127 1329 καλ⁸
3147 1273 3354 1338 λαϐεῖν,
3374 1273 3469 1327 καὶ
3485 1272 3582 1326 τοῦ
3606 1272 3843 1341 ποιῆσαι

2245 1373 2308 1426 τὸ
2343 1371 2472 1425 ἴδιον
2498 1370 2737 1441 θέλημα,
2767 1369 2863 1422 καὶ
2886 1366 2983 1420 τοῦ
3012 1367 3235 1438 ἀγαπᾷν
3263 1364 3441 1431 δίκας,
3475 1365 3576 1417 καὶ
3613 1365 3719 1418 τοῦ
3748 1380 3841 1417 νο-

2251 1461 2429 1536 μίζειν
2459 1463 2722 1535 φρόνιμον
2746 1459 2886 1515 εἶναι
2910 1458 3122 1514 ἑαυτόν.

2316 1639 2639 1695 Διονυσίου
2668 1637 2959 1706 Ἀλικαρν.
2998 1635 3095 1705 (b).
3116 1664 3189 1676 —
3212 1635 3288 1688 Τὸ
3332 1633 3652 1707 ὀργίζεσθαι
3709 1635 3845 1706 παρ’

562 1727 895 1815 nicudaira,
917 1749 1093 1803 donec
1124 1755 1344 1814 cessent
1375 1754 1620 1816 peccata.
1644 1747 1738 1800 Ait
1762 1746 1915 1801 enim
1955 1764 1966 1798 :
2025 1743 2146 1799 Ira-

2272 1734 2383 1804 ιμῖν
2416 1732 2547 1802 ἄχρι
2580 1727 2677 1782 τοῦ
2702 1728 2902 1783 παύειν
2930 1728 3000 1782 τὰ
3052 1727 3430 1805 ἁμαρτήματα
3475 1727 3847 1797 περιορισθή-

563 1838 795 1905 scimini,
830 1847 879 1892 et
926 1836 1090 1892 nolite
1124 1851 1341 1908 peccare
1373 1835 1539 1904 (Psal.
1586 1851 1660 1900 tv,
1697 1837 1768 1902 5;
1811 1835 2014 1906 Ephes.
2068 1850 2142 1898 tv,

562 1927 678 1998 eo).

636 2018 926 2091 Apollonii.
988 2048 1061 2061 —-
1110 2017 1214 2073 ira:
1273 2016 1459 2087 passio
1509 2015 1627 2071 nisi
1676 2015 2147 2072 sermocinatione

568 2120 826 2181 erumpat
848 2125 1099 2180 voceque
1135 2108 1408 2180 prodatur
1437 2122 1501 2163 ac
1530 2106 1834 2163 deliniatur
1855 2147 1870 2174 ,
1919 2107 2149 2162 morbus

564 2201 839 2258 naturalis
860 2197 1116 2255 ellicitur.

636 2293 1008 2349 Ptutarclt.-
1060 2290 1182 2352 lrze,
1216 2286 1367 2344 haud
1410 2303 1572 2344 secus
1624 2304 1690 2343 ac
1735 2304 1924 2354 canes,
1974 2305 2150 2347 caecas

566 2386 795 2456 pariunt
817 2382 1256 2438 criminationes.

638 2478 780 2548 Equi
806 2478 954 2542 duri,
989 2475 1199 2539 frenis;
1233 2480 1290 2528 at
1334 2473 1431 2528 ira:
1471 2480 1646 2527 acutae
1676 2481 1846 2543 atque
1876 2482 2150 2543 praepetes

568 2572 790 2627 ratione
819 2577 1090 2640 reguntur
1119 2576 1286 2637 atque
1313 2565 1599 2619 sedantur.
1664 2640 1669 2644 1

638 2664 710 2720 Ut
736 2678 878 2732 aqua
910 2662 1052 2716 bene
1076 2668 1380 2729 temperata
1404 2657 1897 2723 inﬂammationes;
1924 2657 2003 2711 sic
2023 2672 2152 2711 ora-

568 2754 648 2807 tio
679 2754 824 2807 lenis
850 2753 992 2805 iram
1014 2751 1200 2805 diluit.

628 2832 711 2896 Ut
733 2841 883 2895 enim
918 2839 1110 2894 cmcias
1154 2839 1351 2904 nubes,
1382 2838 1462 2892 sic
1496 2837 1875 2908 improborum
1929 2834 2044 2890 vita
2098 2836 2154 2890 in

549 2944 629 2988 =se
654 2932 901 2986 convicia
932 2929 1182 2984 attrahit.
1471 2929 1479 2939 '

644 3021 916 3078 Aristotel.
940 3052 1001 3061 —
1022 3022 1089 3077 Ut
1109 3021 1296 3075 fumus
1328 3020 1507 3075 oculis
1540 3019 1808 3073 immeans
1837 3019 2155 3089 hedensque

2250 1840 2426 1878 σεται.
2448 1840 2469 1874 ι
2510 1818 2832 1893 Ὀργίζεσθε
2857 1819 2986 1892 γὰρ,
3016 1819 3172 1891 φησὶ,
3198 1819 3292 1873 καὶ
3323 1818 3398 1890 μὴ
3418 1819 3797 1887 ἁμαρτάνετε.
3820 1838 3839 1870 ι

2332 1998 2767 2073 Ἀπολλωνίου.
2796 2027 2867 2037 -
2926 1996 3002 2050 Τὸ
3029 1996 3130 2066 τῆς
3163 1998 3334 2069 ὀργῆς
3377 1996 3548 2060 πάθος
3583 1998 3658 2067 μὴ
3708 1994 3848 2049 καθ-

2249 2089 2608 2160 ομιλούμενον
2649 2087 2718 2156 (c)
2755 2086 2891 2158 μηδὲ
2931 2086 3392 2159 θεραπευόμενον,
3427 2087 3632 2158 φυσικὴ
3681 2086 3847 2150 νόσος

2150 2188 2161 2193 ’
2249 2183 2480 2251 γίνεται.

2321 2272 2664 2341 Πλουτάρχ.
2698 2301 2770 2313 --
2803 2272 2866 2325 Ol
2899 2272 3085 2343 θυμοὶ,
3119 2271 3376 2343 καθάπερ
3423 2274 3474 2327 οί
3521 2274 3707 2341 κύνες,
3744 2292 3846 2328 τυ-

2252 2365 2362 2436 φλά
2393 2366 2674 2419 τίκτουσιν
2701 2350 2870 2433 ἐγκλή
2881 2381 3048 2434 ματα.

2326 2457 2390 2508 Ol
2437 2455 2538 2525 μὲν
2594 2457 2820 2525 τραχεῖς
2853 2455 3011 2508 ἵπποι
3062 2457 3177 2520 τοῖς
3205 2456 3446 2525 χαλινοῖς
3479 2474 3493 2489 ο
3526 2459 3574 2511 oi
3605 2457 3661 2512 δὲ
3689 2458 3844 2527 ὀξεῖς

2254 2546 2441 2617 θυμοὶ,
2475 2545 2808 2616 μετάγονται
2835 2548 2950 2609 τοῖς
2974 2547 3275 2616 λογισμοῖς.

2326 2640 2401 2692 T6
2429 2639 2528 2709 μὲν
2550 2637 2820 2709 εὔκρατον
2843 2636 2989 2708 ὕδωρ
3014 2637 3114 2701 τὰς
3138 2638 3444 2708 φλεγμονὰς
3469 2654 3481 2666 ο
3513 2640 3542 2691 ό
3569 2638 3626 2691 δὲ
3660 2640 3848 2692 ἐπιει-

2256 2732 2359 2803 κὴς
2392 2732 2573 2801 λόγος,
2606 2731 2703 2793 τὰς
2733 2730 2912 2799 ὁρμὰς
2933 2729 3157 2784 διαλύει.

2341 2820 2429 2884 Ὦς
2464 2820 2574 2890 γὰρ
2602 2819 2631 2871 6
2660 2819 2884 2882 καικίας
2920 2818 2989 2871 τὰ
3052 2819 3213 2890 νέφη,
3248 2818 3344 2873 καὶ
3387 2821 3416 2873 6
3466 2818 3672 2889 φαῦλος
3722 2819 3845 2891 βίος

2257 2913 2344 2981 ἐφ’
2370 2912 2563 2965 ἑαυτὸν
2586 2911 2736 2964 ’ἑλκει
2761 2911 3049 2982 λοιδορίας.

2352 3003 2635 3072 Ἆριστοτ.
2679 3030 2749 3043 --
2802 3002 3024 3074 -'0cmsp
3076 3002 3286 3068 καπνὸς
3365 3004 3673 3060 ἑπιδάκνων
3738 3005 3844 3069 τὰς

552 3115 858 3186 Lpupillam,
889 3113 1037 3185 quod
1061 3120 1149 3168 est
1178 3120 1307 3168 ante
1330 3113 1502 3183 pedes
1526 3113 1847 3183 prospicere
1864 3129 1975 3165 non
1998 3112 2151 3167 sinit:

2272 3096 2434 3166 ίψεις,
2470 3096 2570 3148 οὐκ
2603 3097 2666 3165 ἐᾷ
2693 3094 3025 3165 προϐλέπειν
3056 3096 3115 3150 τὸ
3154 3095 3407 3167 κείμενον
3432 3099 3493 3151 ὲν
3523 3100 3636 3160 τοῖς
3655 3097 3840 3163 ποσὶν,

570 3205 652 3259 sic
680 3213 735 3259 et
769 3204 849 3258 ira
881 3205 1170 3274 ingruens,
1224 3205 1400 3259 menti
1464 3204 1722 3259 tenebras
1756 3203 2017 3263 otl‘undit,
2056 3217 2159 3256 nec

569 3298 703 3367 quid
740 3296 865 3351 inde
922 3296 1151 3352 absurdi
1205 3296 1519 3366 proveniat,
1585 3295 1835 3350 animum
1881 3294 2160 3364 dispicere

570 3389 869 3461 permittit.

642 3480 725 3535 An
762 3496 873 3535 non
916 3480 1077 3537 vides
1121 3481 1319 3538 abesse
1374 3481 1645 3535 rationem
1673 3478 1844 3533 abiis
1875 3476 2159 3541 omnibus,

571 3586 695 3639 qua:
733 3571 789 3625 in
826 3571 909 3626 ira
941 3581 1211 3643 aguntur;
1248 3588 1371 3643 qua:
1400 3572 1662 3627 videlicet
1706 3570 1953 3625 furorem
1984 3567 2159 3637 fugiat

572 3660 728 3712 velut
757 3660 1023 3714 acerbum
1054 3661 1386 3731 tyrannum?

647 3753 734 3807 lra
770 3754 1121 3822 perturbatio
1148 3764 1235 3810 est
1266 3754 1468 3809 affectu
1501 3753 1673 3808 animi
1697 3752 1893 3808 bestiis
1936 3750 2157 3816 similis,
2208 3740 2217 3747 ’

578 3840 841 3895 continue
870 3857 1153 3911 premens,
1191 3842 1330 3896 dura
1359 3857 1448 3896 res
1484 3840 1647 3912 594
1666 3855 1731 3894 ac
1765 3839 2027 3903 violenta,
2060 3853 2166 3891 ca:-

572 3931 728 3987 dium
753 3947 939 3997 causa,
994 3934 1324 3989 calamitatis
1381 3930 1752 4003 oppugnando
1811 3932 1980 3995 socia,
2011 3929 2167 3983 dam-

572 4040 776 4079 norum
808 4042 1013 4097 parens
1058 4042 1123 4081 ac
1158 4026 1420 4089 inf-amite,
1458 4024 1823 4095 pecuniarum
1881 4022 2161 4095 perditio;

573 4114 645 4170 ad
669 4116 785 4171 haec
817 4118 984 4174 etiam
1016 4117 1397 4188 corruptionis
1426 4116 1679 4186 labisque
1705 4116 1881 4186 origo.

2254 3189 2426 3251 οὕτως
2454 3191 2481 3242 ὁ
2516 3187 2686 3258 θυμὸς
2710 3189 3099 3259 ἐπερχόμενος,
3127 3188 3208 3259 τῷ
3239 3190 3490 3261 λογισμῷ
3517 3194 3801 3245 ἐπισκοτεῖ
3821 3231 3838 3256 ,

2256 3281 2355 3334 καὶ
2405 3280 2467 3333 τὸ
2528 3280 2947 3351 συμϐησόμενον
2977 3281 3036 3346 ἐξ
3071 3281 3241 3336 αὐτοῦ
3275 3285 3480 3338 ἄτοπον
3509 3285 3612 3337 οὐκ
3643 3284 3842 3356 ἀφίησι

2257 3375 2325 3441 τῇ
2357 3370 2567 3440 διανοίᾳ
2590 3372 2944 3442 προϐλέπειν.

2333 3463 2446 3533 Οὐχ
2472 3465 2602 3535 ὁρᾷς
2632 3464 2716 3516 ὅτι
2746 3463 2857 3518 τῶν
2883 3466 2940 3518 ὲν
2978 3466 3116 3540 ὀργῇ
3149 3468 3636 3541 διαπραττομένων
3659 3471 3840 3526 ἁπάν-

2262 3574 2372 3612 των
2401 3559 2430 3611 6
2458 3558 2715 3629 λογισμὸς
2747 3559 3040 3631 ἀποδημεῖ,
3068 3562 3290 3631 φεύγων
3319 3565 3411 3618 τὸν
3439 3565 3610 3635 θυμὸν
3638 3565 3717 3629 ὼς
3743 3582 3844 3618 πι-

2265 3650 2397 3720 κρὸν
2427 3650 2692 3721 τύραννον
2719 3669 2733 3717 ;

2349 3741 2408 3794 Ὀ
2438 3742 2611 3813 θυμός
2641 3744 2757 3797 ἐστι
2788 3743 2983 3809 πάθος,
3017 3744 3288 3817 θηριῶδες
3317 3747 3418 3818 μὲν
3458 3751 3528 3821 τῇ
3583 3747 3841 3810 διαθέσει.

2270 3832 2495 3903 συνεχὲς
2520 3837 2585 3906 τῇ
2615 3835 2815 3904 θλίψει,
2845 3836 3082 3907 σκληρὸν
3122 3838 3180 3892 δὲ
3227 3841 3322 3893 καὶ
3366 3840 3542 3911 βίαιον
3568 3844 3637 3914 τῇ
3681 3842 3844 3896 δυνά·

2268 3945 2379 3999 μει,
2404 3928 2568 3998 φόνου
2596 3927 2789 3993 αἴτιον,
2817 3932 3104 4001 συμφορᾶς
3138 3931 3452 4004 σύμμαχον,
3481 3934 3690 4006 βλάϐης
3723 3951 3846 3988 συν-

2265 4020 2430 4091 εργὸν
2477 4020 2572 4073 καὶ
2609 4021 2859 4093 ἀτιμίας,
2900 4024 2996 4077 καὶ
3025 4024 3326 4096 χρημάτων
3375 4026 3623 4083 ἀπώλεια
3646 4044 3659 4057 ·
3681 4026 3761 4081 ἔτι
3789 4025 3846 4079 δὲ

2267 4115 2365 4167 καὶ
2395 4113 2605 4185 φθορᾶς
2638 4115 2901 4187 ἀρχηγόν.

2114 4289 2346 4346 NOTAE.

659 4430 1069 4506 (ὺλριονυᾳιξου
1109 4432 1404 4500 Ἁλικαρν.
1446 4430 1603 4506 Quod
1640 4432 1715 4486 ita
1754 4430 2026 4506 scriptum
2050 4441 2162 4506 est,

2272 4432 2408 4506 bere
2454 4432 2745 4503 potuerit:
2780 4432 2980 4506 sicque
3014 4442 3219 4503 passim
3271 4434 3329 4488 in
3379 4435 3591 4506 catenis
3630 4444 3849 4492 exstant

567 4502 766 4561 incudi
794 4502 1109 4572 suspicione
1139 4518 1249 4558 non
1300 4514 1473 4560 caret.
1507 4504 1639 4570 Quae
1684 4502 1832 4557 enim
1887 4502 2166 4572 sententia

577 4576 660 4630 illi
701 4571 986 4637 tribuitur,
1022 4572 1323 4628 Christiani
1357 4574 1600 4628 hominis
1622 4584 1707 4628 est
1742 4579 1800 4628 et
1831 4572 1885 4625 in
1919 4571 2167 4641 Scriptu-

570 4646 658 4699 ris
686 4644 911 4707 versati,
944 4659 1179 4712 quarum
1227 4644 1547 4699 testimonio
1596 4644 1743 4699 illam
1775 4642 1992 4713 probat.
2040 4656 2165 4713 cum

572 4714 879 4784 Dionysius
910 4713 1365 4770 Halicarnasseus
1392 4720 1559 4783 (unus
1582 4722 1638 4768 et
1668 4715 1830 4784 alter)
1867 4714 1921 4767 in
1960 4712 2165 4768 Christi

570 4783 783 4840 castris
833 4799 946 4837 non
996 4784 1319 4839 meruerint.
1354 4786 1542 4840 Voluit
1588 4785 1733 4839 forte
1785 4783 2053 4838 Maximus
2112 4791 2168 4835 et

582 4855 808 4924 scripsit
838 4853 1121 4925 ᾼιονυσίου
1168 4853 1593 4925 ξ’Ᾱλεξανδρὲως,
1648 4854 1884 4925 Dionysii
1934 4853 2172 4925 Alexan-

569 4922 750 4991 drini,
780 4922 874 4993 qui
910 4923 1026 4992 ipse
1073 4923 1297 4993 scriptis
1325 4922 1448 4978 suis
1474 4940 1588 4979 rem
1616 4922 1988 4979 Christianam
2018 4924 2173 4993 locu-

584 4992 901 5067 pletaverit.
937 4994 1071 5067 Nec,
1096 4992 1289 5067 anita‘
1319 4994 1629 5067 scripserit,
1674 4994 2026 5067 fugientibus
2074 4992 2174 5067 mi-

582 5063 755 5123 niatis
789 5065 990 5135 litteris
1017 5063 1230 5120 codicis
1259 5063 1500 5119 Ballesd.
1541 5063 1963 5135 deprehendere
1992 5064 2170 5135 licuit.

580 5134 884 5209 Subjungit
940 5135 1316 5209 Apollonium,
1375 5136 1490 5209 qui
1520 5134 1637 5209 ipse
1686 5135 1984 5209 _(si_tatoen
2027 5134 2173 5209 ipse)

582 5204 890 5263 Commodo
914 5217 970 5259 et
1001 5205 1207 5259 Severo
1260 5204 1430 5275 impp.
1479 5204 1820 5260 in'Ecclesia
1878 5204 2087 5275 ﬂoruit,
2117 5212 2173 5257 ct

586 5221 890 5263 Commoao
914 5221 970 5259 et
1002 5221 1207 5259 severo
1260 5221 1334 5260 1m
1380 5222 1430 5275 p.
1479 5223 1535 5259 ιη
1574 5221 1820 5260 ιιοοιεδιιι
1878 5221 2087 5267 uorutt,
2117 5221 2165 5257 ct

586 5279 855 5332 adversus
884 5276 1204 5329 Montanum
1253 5285 1309 5330 et
1336 5221 1666 5341 Briscillam,
1696 5283 1920 5329 auctore
1973 5274 2165 5328 Hiero-

586 5363 773 5420 nymo,
797 5345 1041 5420 scripsit.
1058 5346 1155 5401 Vel
1168 5346 1401 5420 potius,
1419 5348 1780 5420 euincitasset
1794 5344 2165 5420 exul’atribus,

589 5415 729 5472 duos
762 5418 864 5471 hos
910 5415 1228 5485 'subjunxi't,
1259 5417 1355 5485 qui
1390 5418 1445 5471 in
1473 5417 1604 5480 illis,
1634 5416 1927 5471 sententiis
1978 5415 2170 5484 hujus-

590 5488 737 5541 modi
761 5488 891 5542 cla-ri
920 5486 1148 5557 fuerint,
1180 5488 1294 5541 sive
1313 5503 1470 5542 error
1490 5487 1689 5557 aliquis
1730 5487 1785 5540 in
1852 5485 2170 5557 nominibus

590 5557 859 5626 obrepsit,
888 5555 1003 5610 sive
1024 5571 1167 5627 Anon.
1189 5559 1296 5611 Aut
1326 5554 1599 5627 denique'
1630 5573 1729 5627 pro
1763 5556 1983 5612 Juliano
2037 5554 2167 5609 Dio-

592 5624 786 5697 nysius
816 5624 1082 5697 obrepsit.
1108 5627 1284 5681 Notus
1309 5624 1560 5681 Julianus
1605 5624 2079 5697 Halicarnasseus,
2102 5641 2170 5681 ex

591 5695 723 5767 quo,
742 5695 872 5751 licet
895 5695 1177 5763 lueretico,
1214 5698 1354 5752 hanc
1378 5698 1644 5752 Maximus
1700 5697 2035 5755 sententiam
2067 5695 2171 5751 ha-

2270 4504 2519 4558 virorum
2542 4519 2653 4556 non
2679 4503 3177 4558 ecclesiasticorum
3233 4505 3540 4559 sententiae.
3583 4506 3655 4562 Ut
3703 4507 3848 4562 enim

2273 4588 2338 4626 ex
2368 4573 2576 4628 Grmcis
2602 4573 2905 4627 corradunt
2932 4572 3202 4627 Maximus
3231 4583 3287 4628 et
3320 4574 3617 4639 Antonius,
3642 4577 3722 4631 sic
3751 4590 3847 4631 nec

2273 4659 2339 4698 ex
2368 4643 2641 4715 haereticis
2673 4643 2972 4715 corradere
2997 4644 3297 4715 quidquam
3324 4653 3508 4699 vetat;
3534 4661 3847 4715 quanquam

2274 4730 2385 4837 norn
2440 4714 2603 4797 video
2652 4715 2792 4768 alios
2824 4714 3004 4784 palam
3054 4714 3344 4770 haereticos
3391 4716 3448 4770 in
3508 4714 3634 4771 istis
3672 4714 3742 4772 ab
3769 4716 3846 4772 eis

2275 4800 2333 4837 re
2359 4801 2488 4837 em.
3492 4806 3495 4807 ν

2275 4800 2488 4839 reterrt.
3492 4806 3495 4807 ⁷

2349 4854 2418 4936 (ε)
2448 4856 2563 4936 Μὴ
2583 4856 3121 4925 καθομιλούμενον.
3145 4854 3247 4936 De
3276 4856 3656 4936 ira-loquitur,
3688 4871 3847 4927 quam

2316 4926 2404 4979 uis
2434 4926 2600 4998 corde
2658 4936 2890 4998 premat,
2934 4942 3038 4980 nec
3096 4926 3282 4981 verbis
3333 4927 3504 4998 sinat,
3533 4926 3842 4998 erumpere.

2328 5010 2394 5068 oc
2418 4997 2567 5068 enim
2599 4997 2922 5068 passionem
2940 5004 3125 5067 auget,
3158 5012 3262 5068 nec
3288 5013 3411 5052 raro
3434 4997 3605 5052 etiam
3632 4997 3845 5068 corpori

2278 5066 2456 5139 labem
2485 5065 2675 5132 aﬂ'ert;
2708 5082 2833 5121 cum
2857 5067 2992 5139 alias
3019 5065 3177 5137 quasi
3205 5077 3541 5139 evaporante
3567 5065 3846 5139 sanguinis

2280 5137 2374 5191 illa
2400 5137 2548 5192 circa
2583 5151 2678 5207 cor
2721 5137 3052 5192 accensione
3095 5138 3411 5207 querulosis
3461 5137 3591 5193 irati
3642 5137 3844 5199 verbis,

2270 5207 2498 5262 animus
2520 5207 2570 5261 ei
2596 5206 2830 5277 levetur,
2866 5222 2930 5261 ac
2954 5206 3156 5277 corpus
3183 5208 3359 5277 ipsum
3393 5208 3586 5262 mitius
3630 5210 3845 5264 habeat.

2272 5278 2394 5332 Non
2431 5277 2573 5337 bene
2618 5275 2784 5350 Gesn.
2824 5278 2887 5350 si
2917 5275 3159 5350 sermone
3204 5275 3348 5350 _non_
3371 5277 3666 5332 deliniatur
3704 5288 3852 5350 atque

2267 5356 2502 5405 curetur.
2525 5348 2681 5418 quasi
2718 5347 2787 5403 de
2821 5347 2930 5402 alio
2951 5348 3228 5417 loquatur,
3257 5347 3352 5417 qui
3382 5363 3639 5403 sermone
3659 5347 3850 5404 iratum

2269 5416 2616 5473 deliniatfld
2656 5418 2804 5473 enim
2837 5416 3400 5482 accide’titarium’est,
3452 5434 3557 5473 nec
3581 5419 3684 5484 ira,
3749 5432 3853 5474 non

2269 5488 2350 5543 sic
2379 5488 2629 5552 delinita,
2658 5503 2692 5542 a
2720 5504 2778 5543 se
2800 5488 3054 5542 morbum
3083 5488 3373 5557 labemque
3415 5491 3639 5558 corpori
3664 5488 3850 5551 affert;

2268 5560 2363 5613 sed
2397 5573 2563 5629 quam
2594 5558 2865 5623 dicebam,
2888 5573 3009 5628 quae
3039 5560 3120 5616 sic
3141 5559 3330 5614 animo
3360 5558 3741 5627 incrudescat,
3770 5572 3852 5613 νο·

2271 5628 2503 5702 cemque
2533 5628 2707 5701 ipsam
2734 5629 2970 5686 auferat.
