4066 6146
425 423 565 492 Λέγε
600 422 761 493 σιγῆς
796 439 847 476 τι
881 421 1212 492 κρεῖσσον,ἢ
1248 418 1407 490 σιγὴν
1434 419 1544 490 ἔχε.

425 602 731 667 Χρυσοστ.
761 630 831 639 -
853 600 918 651 Οἱ
979 598 1166 650 πολλοὶ
1212 595 1321 651 τῶν
1357 594 1685 668 ἀνθρώπων,
1710 594 1933 649 ἐπειδὰν

355 690 554 744 εἴπωσι
582 707 637 743 τι
664 690 773 744 τῶν
803 690 1153 761 ἀπορρήτων,
1183 687 1558 758 παρακαλοῦσι
1582 686 1674 740 τὸν
1708 684 1935 740 ἀκούον-

355 799 426 837 τα
453 781 549 836 καὶ
578 781 807 853 ὀρκοῦσι
836 782 1026 853 μηδενὶ
1043 779 1235 833 ιλοιπὸν
1265 781 1441 832 εἰπεῖν
1463 779 1636 851 ἑτέρῳ
1661 795 1675 810 ·
1709 778 1935 833 αὐτόθεν

357 872 666 942 δηλοῦντες,
705 873 788 926 ὅτι
812 874 1044 944 πρᾶγμα
1077 871 1224 937 ἄξιον
1255 869 1595 941 κατηγορίας
1647 869 1931 940 ἐποίησαν.

361 963 424 1016 Et
480 964 589 1036 γὰρ
638 966 846 1017 ἐκεῖνον
898 962 1090 1034 μηδενὶ
1130 963 1305 1015 εἰπεῖν
1348 961 1523 1033 ἑτέρῳ
1573 961 1933 1033 παρακαλεῖς,

362 1053 542 1124 πολλῷ
573 1054 776 1124 μᾶλλον
818 1053 881 1107 σὲ
934 1052 1202 1124 πρότερον
1223 1051 1397 1124 τούτῳ
1420 1052 1593 1107 ταῦτα
1630 1054 1808 1107 εἰπεῖν
1833 1053 1936 1106 οὑκ

362 1161 547 1215 εχρην.

443 1234 543 1287 Ἐκ
582 1233 704 1287 τῶν
750 1235 1083 1302 Γερόντων.
1114 1263 1186 1278 -
1231 1236 1448 1304 Ἀγάπα
1490 1236 1553 1289 τὸ
1591 1237 1751 1308 σιγᾷν
1795 1235 1937 1307 ὑπὲρ

357 1325 420 1378 τὸ
437 1325 620 1378 λαλεῖν
651 1343 665 1356 ο
694 1328 728 1398 ἡ
759 1329 942 1399 σιωπὴ
988 1331 1101 1400 γὰρ
1142 1327 1498 1401 θησαυρίζειο
1549 1329 1611 1383 τὸ
1658 1329 1717 1383 δὲ
1753 1328 1938 1383 λαλεῖν

358 1416 757 1487 διασκορπίζει.
862 1424 875 1445 ν

433 1507 547 1578 Πρὸ
574 1507 767 1562 πασῶν
792 1508 902 1563 τῶν
927 1509 1162 1564 ἐντολῶν
1189 1509 1288 1581 τὴν
1312 1511 1547 1582 ἡσυχίαν
1575 1509 1651 1583 (Ιι)
1690 1508 1943 1577 ἐξελέξα-

318 1600 321 1603 ’
361 1616 423 1652 το
466 1599 495 1651 ὀ
542 1598 675 1661 Θεός
709 1615 725 1630 ·
764 1598 1078 1670 γέγραπται
1125 1600 1255 1670 γὰρ,
1295 1601 1585 1655 Ἐπιτίνα
1613 1599 1939 1670 summa),

361 1689 499 1744 ἀλλ’
527 1689 567 1758 ἣ
601 1689 700 1743 ἐπὶ
727 1689 835 1745 τὸν
858 1690 1150 1746 ταπεινὸν
1172 1690 1269 1744 καὶ
1300 1692 1603 1761 ήσύχιον;
1740 1686 1746 1692 ’

444 1869 505 1923 '0
548 1868 731 1925 θέλων
770 1872 1036 1942 σωθῆναι,
1081 1871 1328 1938 διωξάτω
1391 1873 1492 1945 τὴν
1542 1871 1939 1943 ἅκτημοσύνην

363 1960 461 2015 καὶ
488 1961 587 2031 τὴν
616 1962 852 2032 σιωπήν.
1223 1954 1229 1959 ’

446 2052 767 2105 Ἀπολλων.
799 2082 871 2092 -
897 2052 1109 2123 Πολλὴν
1145 2054 1465 2123 ἐπιμέλειαν
1509 2050 1781 2115 ποιεῖσθαι
1810 2051 1938 2122 χρὴ,

362 2142 491 2211 περὶ
532 2140 625 2193 τοῦ
669 2141 747 2212 μὴ
773 2142 955 2210 λέγειν
985 2142 1021 2197 ἃ
1052 2144 1128 2214 μὴ
1158 2143 1258 2198 δεῖ.
1289 2142 1577 2206 Παντελῶς
1617 2141 1724 2213 γὰρ
1776 2145 1944 2196 ἀπαι-

362 2230 552 2282 δεύτου
608 2232 753 2295 τινός
812 2233 930 2284 ὲστι
988 2233 1052 2286 τὸ
1101 2233 1178 2305 μὴ
1228 2233 1492 2288 δύνασθαι
1559 2235 1793 2305 σιωπᾷν,
1824 2233 1941 2287 ἀλλ’

355 2320 613 2381 ,ὲκλαλεῖν
638 2323 707 2376 τὰ
737 2322 813 2394 μὴ
843 2323 1024 2387 καλῶς
1053 2323 1267 2395 ἔχοντα.

437 2495 608 2563 Σοφδς
634 2494 776 2565 ἀνὴρ
820 2493 918 2549 καὶ
948 2495 1117 2563 σιγῶν
1149 2493 1240 2548 τὸν
1275 2494 1409 2548 Θεὸν
1452 2495 1607 2565 τιμᾷ,
1645 2493 1800 2558 εἰδὼς
1847 2493 1943 2548 καὶ

364 2584 509 2638 διατι
537 2586 686 2654 σιγᾷ.

433 2674 774 2745 Πλουτάρχ.
799 2704 869 2714 -
892 2674 1075 2747 "Amp
1113 2676 1179 2731 ἂν
1221 2676 1537 2732 σιωπᾶσθαι
1592 2677 1793 2748 βούλεο,
1833 2693 1939 2747 μη-

366 2767 477 2820 δενὶ
524 2768 686 2838 εῐπῃς
714 2766 790 2837 ’ἢ
832 2765 952 2830 πῶς
988 2767 1142 2839 παρά
1184 2785 1328 2833 τινος
1355 2770 1611 2834 ἀπαιτεῖς
1639 2769 1700 2823 τὸ
1738 2769 1932 2823 πιστὸν

368 2857 466 2926 τῆς
502 2856 736 2926 σιωπῆς,
766 2856 795 2909 ὃ
822 2857 897 2927 μὴ
931 2859 1205 2929 παρέσχες
1246 2860 1463 2932 σεαυτῷ
1494 2878 1509 2928 ;

435 2949 509 3001 Τὸ
570 2951 780 3020 σιωπᾷν
827 2950 889 3002 οὐ
953 2951 1113 3020 μόνον
1170 2951 1360 3022 ἄδιψον
1394 2993 1409 3017 ,
1472 2954 1549 3020 ὥς
1612 2974 1779 3027 φησιν
1828 2959 1939 3012 Ἰπ-

366 3040 668 3110 ποκράτης,
705 3039 842 3094 ἀλλὰ
872 3041 965 3094 καὶ
994 3041 1200 3095 ἄλυπον
1235 3043 1329 3095 καὶ
1361 3042 1653 3099 ἀνώδυνον.

437 3217 666 3286 Ζήνων.
698 3245 768 3256 -
800 3216 931 3268 Ὅτε
965 3214 1106 3280 ξένοι
1132 3217 1277 3282 τινὲς
1317 3220 1375 3271 ὲν
1410 3222 1702 3294 συμποσίῳ
1731 3225 1938 3295 παρὸνο

366 3326 456 3372 τες
502 3307 990 3378 φιλοφρονούμενοι
1036 3309 1295 3378 Ζήνωνα,
1361 3313 1690 3383 προπιόντες
1746 3316 1939 3388 αὐτῷ,

367 3401 559 3472 ἦροντο
582 3399 814 3470 ἡσυχίαν
839 3398 1067 3467 ἄγοντα,
1092 3400 1228 3470 Περὶ
1255 3400 1348 3454 σοῦ
1367 3402 1425 3455 δὲ
1457 3404 1511 3456 τί
1540 3404 1646 3476 χρὴ
1670 3406 1869 3475 λέγειν,
1899 3403 1945 3463 ὦ

369 3493 570 3562 Ζήνων,
593 3490 672 3561 τῷ
704 3489 918 3562 βασιλεῖ
945 3507 959 3556 ;
991 3492 1243 3555 κάκεῖνος
1289 3492 1415 3564 ἔφη,
1452 3494 1616 3547 Ἀλλο
1669 3499 1834 3566 μηδὲν
1865 3538 1880 3562 ,
1908 3500 1941 3571 ἢ

367 3585 447 3636 ὅτι
477 3581 792 3654 πρεσϐύτης
828 3582 975 3637 ἐστὶν
1015 3584 1075 3636 ἐν
1110 3583 1365 3654 Ἀθήναις
1407 3586 1560 3658 παρὰ
1602 3589 1766 3643 πότον
1813 3608 1942 3644 σιω-

369 3675 476 3743 πᾷν
507 3673 828 3743 δυνάμενος.

451 3762 895 3832 Ἀνάχαρσις.-
907 3757 1076 3826 Οὗτος
1115 3765 1387 3828 ἑστιαθεὶς
1412 3766 1563 3838 παρὰ
1593 3768 1817 3837 Σόλωνι,
1845 3774 1945 3827 καλ⁸

1548 304 1551 309 ’
1661 309 1829 369 LOCI
1868 307 2303 368 COMMUNES.

1958 429 2004 479 Α
2102 416 2283 471 Dicito
2312 415 2598 487 quidpiam
2658 416 2881 472 silentio
2925 417 3145 485 melius,
3182 428 3278 475 aut
3322 420 3609 480 silentium

1970 1767 2020 1826 B

3505 311 3610 375 856

2037 518 2162 563 tene
2171 548 2184 561 .

2107 597 2377 670 Chrysost.
2420 631 2487 640 —
2526 600 2783 670 Plerique
2823 601 3143 668 hominum,
3196 618 3322 658 cum
3351 620 3614 663 arcanum

2038 691 2249 766 aliquid
2288 693 2726 758 enuntiaverint,
2763 693 2910 749 serio
2956 693 3267 750 auditorem
3304 705 3535 752 monent
3560 708 3618 753 et

2038 783 2415 849 obtestantur,
2445 784 2789 855 adiguntque
2830 785 3171 855 iuramento,
3227 788 3436 842 nemini
3470 789 3617 844 ultra

2039 870 2363 927 dicturum:
2399 873 2616 943 hocque
2650 874 2793 942 ipso,
2833 890 2950 928 rem
2984 890 3043 930 se
3081 875 3301 946 dignam
3338 877 3617 949 vituperio

2038 961 2279 1030 fecisse,
2314 963 2465 1019 baud
2497 964 2737 1019 obscure
2791 966 3108 1021 recludunt.
3154 967 3289 1022 Nam
3353 969 3399 1023 si
3463 969 3617 1025 illum

2039 1051 2287 1108 hortaris
2315 1068 2381 1109 ac
2415 1069 2579 1126 rogas
2605 1063 2666 1108 ut
2692 1056 2830 1109 nulli
2855 1056 3013 1112 alteri
3045 1057 3231 1123 dicat,
3264 1061 3467 1129 potiori
3493 1063 3618 1133 jure

2038 1158 2144 1198 nec
2170 1152 2221 1199 te
2250 1144 2332 1199 illi
2360 1145 2516 1214 prius
2532 1145 2724 1201 dicere
2751 1148 3065 1216 oportebat.

2112 1232 2503 1289 Seniorum.—
2539 1237 2677 1290 Ama
2708 1236 2989 1292 silentium
3023 1240 3197 1311 magis
3240 1257 3403 1311 quam
3430 1244 3615 1315 loqui;
3703 1232 3706 1234 Ὺ

2041 1326 2242 1382 horum
2275 1328 2426 1383 enim
2454 1328 2694 1382 alterum
2718 1331 3042 1386 thesaurum
3093 1336 3432 1403 accumulat,
3478 1339 3618 1394 alte-

2043 1433 2169 1473 rum
2200 1418 2490 1490 dispergit.

2113 1511 2233 1566 Prae
2253 1512 2513 1567 omnibus
2544 1512 2835 1582 praeceptis
2864 1514 3010 1569 Deus
3033 1516 3210 1591 quieti
3251 1519 3422 1573 animi
3446 1520 3620 1576 silen-

2043 1602 2189 1656 tium
2218 1601 2405 1672 elegit.
2437 1601 2716 1672 Scriptum
2742 1604 2894 1658 enim
2922 1612 3041 1659 est:
3067 1604 3238 1677 Super
3270 1625 3425 1679 quem
3455 1612 3622 1679 respi-

2046 1694 2208 1755 ciam,
2249 1694 2352 1746 nisi
2402 1709 2563 1763 super
2612 1694 2864 1750 humilem
2885 1705 2934 1750 et
2967 1699 3205 1768 quietum
3258 1717 3354 1754 seu
3402 1704 3624 1757 tacitum

2051 1784 2189 1856 (Isa.
2218 1800 2365 1849 LXVI,
2382 1784 2473 1854 2)?

2120 1874 2230 1941 Qui
2263 1875 2450 1931 salvus
2470 1889 2590 1930 esse
2621 1875 2921 1942 desiderat,
2954 1881 3297 1951 paupertatis
3320 1897 3386 1937 ac
3415 1882 3626 1938 silentii

2578 1964 2607 1977 ’

2049 1965 2231 2020 cultor
2257 1966 2508 2021 exsistat.

2117 2055 2412 2126 Apollonii.
2434 2059 2711 2130 —Magna
2740 2061 2935 2119 sedulo
2979 2062 3293 2118 adhibenda
3338 2064 3627 2134 diligentia

2050 2154 2156 2211 est,
2184 2155 2247 2201 ut
2279 2162 2345 2202 ea
2374 2148 2604 2207 minime
2638 2152 2905 2222 loquaris,
2948 2167 3071 2222 quae
3106 2169 3217 2208 non
3264 2154 3417 2223 loqui
3443 2154 3622 2209 decet.

2050 2237 2290 2293 Omnino
2320 2241 2469 2294 enim
2520 2242 2719 2299 insulsi
2763 2253 2852 2299 est
2892 2252 2946 2299 et
2979 2244 3401 2315 indisciplinati,
3456 2246 3626 2299 silen-

2049 2330 2188 2385 tium
2217 2332 2324 2388 sibi
2357 2334 2605 2392 indicere
2634 2353 2746 2393 non
2774 2353 2956 2408 posse,
2999 2338 3096 2395 sed
3123 2356 3248 2410 qua:
3282 2356 3392 2395 non
3424 2356 3628 2396 conve-

2048 2417 2166 2471 niat
2202 2420 2425 2487 garrulo
2449 2435 2547 2476 ore
2570 2423 2811 2481 ell’utire.

2118 2507 2217 2563 Vir
2241 2510 2484 2580 sapiens,
2517 2514 2682 2570 etiam
2714 2516 2846 2571 dum
2870 2517 3016 2582 silet,
3049 2518 3224 2574 Deum
3248 2520 3507 2588 honorat,
3528 2522 3625 2592 qui

2048 2606 2105 2652 et
2133 2599 2663 2670 sciat'quamobrem
2686 2606 2867 2662 sileat.

2119 2689 2397 2748 Plutarch.
2447 2724 2520 2737 ο-
2557 2696 2690 2764 Quae
2722 2699 2863 2754 velis
2886 2701 3111 2756 silentio
3146 2702 3361 2768 haberi,
3417 2706 3626 2761 nemini

2048 2778 2292 2849 dixeris;
2316 2792 2414 2838 aut
2443 2788 2724 2855 quomodo
2756 2789 2827 2845 ab
2850 2789 2958 2844 alio
2993 2791 3201 2846 silentii
3234 2792 3397 2848 lldem
3429 2795 3623 2866 exigis,

2047 2889 2212 2943 quam
2248 2883 2304 2929 tu
2338 2877 2457 2946 ipse
2488 2874 2587 2932 tibi
2624 2895 2735 2933 non
2775 2883 3122 2938 servaveris?

2116 2963 2293 3020 Silere
2316 2982 2428 3021 non
2464 2969 2631 3024 modo
2683 2970 2833 3025 sitim
2870 2973 3151 3042 prohibet,
3184 2984 3245 3030 ut
3292 2978 3369 3032 ait
3419 2976 3627 3049 Hippo-

2048 3065 2250 3121 crates,
2275 3073 2470 3114 verum
2495 3061 2664 3116 etiam
2687 3062 2828 3118 nihil
2859 3065 3157 3121 molestum
3188 3083 3497 3140 expersque
3527 3071 3626 3126 do-

1970 3117 2017 3177 c
2046 3146 2181 3202 loris
2205 3117 2314 3203 est.

2111 3238 2358 3295 Zeno.—
2376 3240 2514 3297 Cum
2549 3244 2797 3315 hospites
2825 3247 3051 3317 quidam
3081 3249 3137 3304 in
3168 3252 3425 3307 convivio
3449 3254 3624 3309 Zeno-

2041 3343 2170 3382 nem
2201 3329 2435 3386 hilarius
2459 3333 2822 3403 accipientes,
2860 3351 3100 3407 eumque
3131 3341 3348 3408 poculis
3381 3341 3623 3397 invitan-

2040 3426 2143 3483 tes,
2180 3420 2408 3476 tacitum
2456 3422 2914 3495 interrogassent,
2960 3429 3092 3497 quid
3135 3429 3204 3483 de
3243 3446 3302 3485 se
3335 3432 3447 3501 regi
3481 3448 3625 3486 nun-

2043 3505 2169 3558 tiari
2193 3507 2398 3562 vellet:
2433 3509 2581 3565 Nihil
2604 3512 2777 3577 aliud,
2808 3513 3188 3586 inquit,quam
3225 3521 3434 3573 versari
3459 3521 3626 3575 Athe-

2050 3594 2139 3649 nis
2167 3610 2378 3663 senem,
2408 3600 2506 3670 qui
2543 3600 2602 3655 in
2648 3605 3058 3674 compotatione
3105 3609 3283 3677 possit
3338 3610 3625 3666 silentium

2052 3697 2261 3745 tenere.

2119 3771 2462 3846 Anacharsis.
2480 3823 2552 3833 —
2576 3792 2676 3849 Hic
2696 3810 2729 3850 a
2759 3794 2961 3853 Solone
2991 3800 3158 3868 epulo
3189 3812 3472 3872 acceptus,
3500 3819 3625 3860 cum

370 3854 707 3926 κοιμώμενος
741 3852 921 3925 ὤφθη,
971 3856 1070 3926 τὴν
1117 3856 1214 3925 μὲν
1263 3857 1560 3927 ἀριστερὰν
1621 3862 1780 3930 χεῖρα
1837 3867 1936 3928 τοῖς

2946 3852 2949 3853 ν
3027 3852 3045 3868 ι
3076 3852 3079 3853 ν
3106 3852 3147 3854 η
3193 3852 3472 3872 ῆντ-ι-ν--ν
3505 3852 3625 3860 "'"'

2048 3889 2107 3929 se
2138 3876 2388 3932 cubitum
2415 3882 2740 3951 recepisset,
2774 3885 2856 3940 sic
2884 3888 3228 3958 compositus
3249 3892 3629 3963 deprehensus

372 3946 605 4019 μορίοις,
664 3945 765 4016 τὴν
820 3946 877 4000 δὲ
921 3946 1106 4012 δεξιὰν
1137 3947 1216 4017 τῷ
1261 3948 1487 4018 στόματι
1540 3955 1936 4027 προσκειμένην

2044 3972 2151 4029 est,
2188 3973 2251 4027 ut
2283 3966 2511 4024 sinistra
2541 3986 2740 4028 manus
2760 3970 3042 4044 verendis,
3075 3978 3299 4035 dextera
3331 3983 3415 4037 ori
3452 3984 3631 4055 impo-

369 4037 527 4108 sxum.
570 4035 1034 4107 Ἐγκρατεστέρου
1065 4037 1173 4107 γὰρ
1203 4035 1342 4107 ᾤετο
1371 4038 1591 4108 χαλινοῦ
1621 4041 1936 4116 δεῖσθαιτὴι

2045 4056 2148 4111 sita
2176 4066 2348 4114 esset.
2373 4060 2584 4132 Nempe
2612 4063 2829 4121 fortiori
2875 4068 3035 4125 freno
3079 4070 3321 4142 linguam
3382 4035 3628 4147 indigine

370 4130 639 4199 γλῶτταν.

2043 4147 2297 4215 putabat.

1887 4296 2118 4356 NOTAE.

442 4406 1446 4501 θηηζθιτίὶῐξθιίεϊς,Ηρβγεῑιιεειίεηει
1486 4417 1725 4501 ὲρημίαιν
1759 4429 1936 4501 ,φερε

2041 4416 2165 4501 liori
2192 4420 2521 4501 quandoque
2564 4423 2900 4501 fabulatione
2927 4431 3259 4501 rumpenda,
3288 4432 3357 4487 iis
3382 4448 3620 4501 praeser-

368 4475 485 4543 nit';
510 4477 803 4565 redditque
823 4475 1021 4565 Cicero
1046 4475 1189 4565 apud
1222 4475 1645 4565 Xenophante'in
1688 4475 1935 4565 solitudi-

369 4565 509 4610 nem,
535 4563 639 4627 nec
663 4547 867 4627 _r_n_irum
892 4547 1219 4627 Christianae
1247 4547 1616 4627 philosophia:
1660 4554 1940 4627 professo-

369 4634 479 4683 res,
502 4617 599 4687 qui
632 4618 737 4672 sibi
773 4634 802 4673 a
834 4621 1019 4675 saeculi
1060 4625 1227 4679 rebus
1247 4617 1605 4681 'vacatio'nem
1645 4617 1701 4681 ἐι
1762 4624 1939 4679 otium

438 4688 702 4766 culiarius
731 4688 1073 4755 indixerunt,
1110 4700 1169 4747 ut
1192 4694 1285 4748 uni
1314 4696 1427 4766 Deo
1461 4695 1681 4766 sibique
1715 4705 1937 4766 vacent,

406 4774 472 4831 oc
523 4758 631 4813 sibi
680 4774 882 4831 nomen
924 4775 1238 4831 usurpasse,
1296 4765 1366 4819 ad
1420 4758 1742 4821 solitudinis
1786 4758 1938 4819 illam

365 4829 610 4900 quietem
641 4828 898 4900 religioso
926 4828 1079 4885 cultu
1107 4841 1163 4887 et
1221 4834 1446 4890 silentio
1491 4834 1936 4900 signiﬁcandam,

276 4928 283 4931 ν
365 4899 432 4954 ex
457 4915 564 4969 qua
593 4908 649 4974 et
680 4899 1019 4974 'chxaqta}
1047 4901 1202 4969 dicti,
1234 4906 1330 4973 qui
1363 4905 1442 4959 sic
1482 4899 1717 4960 solitarii
1744 4899 1935 4974 agunt,

365 4968 542 5044 eoque
562 4968 794 5044 silentio
822 4968 1007 5044 seipsi
1035 4985 1201 5044 supra
1231 4968 1291 5027 se
1347 4974 1556 5037 levant,
1583 4986 1641 5031 et
1688 4968 1937 5044 pro'xlme

366 5039 688 5095 caelestibus
733 5039 1017 5115 mentibus
1061 5041 1249 5097 divina
1305 5039 1774 5115 contemplatione
1807 5044 1938 5115 jun-

403 5118 598 5163 untur:
627 5124 660 5163 a
679 5123 789 5177 quo
809 5109 1107 5178 necipsum
1143 5114 1394 5167 monachi
1420 5109 1622 5169 nomen
1650 5109 1933 5170 abhorret.

403 5125 598 5163 untur:
627 5125 660 5163 a
679 5125 789 5177 quo
809 5125 1107 5178 nectpsum
1143 5125 1394 5167 munacnl
1420 5129 1622 5169 nomen
1650 5125 1933 5170 abhorret.

366 5125 458 5255 git;
481 5179 629 5255 enim
651 5177 777 5255 soli,
812 5179 900 5255 vel
946 5194 1083 5255 curn
1127 5182 1438 5246 coenobitae,
1482 5193 1539 5255 et
1578 5185 1934 5255 Ἡσυχασταί,

365 5249 461 5317 qui
496 5248 775 5303 silentium
809 5248 971 5302 unice
1001 5250 1206 5311 colant,
1240 5266 1304 5306 ac
1334 5254 1525 5308 mundi
1579 5248 1749 5308 curis"
1776 5255 1935 5309 vacui

364 5318 649 5391 exsistant.
674 5317 853 5391 Etiam
898 5318 1270 5391 Pythagorici,
1311 5323 1458 5391 quod
1514 5323 1620 5378 sibi
1650 5324 1933 5378 silentium

407 5389 546 5443 rimo
593 5387 857 5461 tirocinio
901 5386 1221 5461 indicebant
1255 5430 1270 5461 ,
1328 5386 1571 5461 ’ἡσυχίαν
1636 5395 1930 5448 vocabant.

395 5466 570 5533 {aena
605 5458 913 5533 πενταετὴς
943 5458 1583 5533 ἠσυχίαμζζυθαγορεῖωνα
1614 5462 1773 5533 Apud
1823 5463 1935 5518 Lu-

366 5528 507 5602 cian.
539 5527 607 5602 de
630 5526 1112 5602 eodemmsileutio';
1143 5526 1603 5602 ςΗσυχιῃμακρὴ
1651 5526 1745 5586 »ἰαὶ
1782 5536 1934 5602 ἀφω-

366 5597 475 5671 νία,
504 5595 598 5648 καὶ
628 5596 960 5671 ⁴ξιξιὲντελύλων
1017 5596 1183 5671 ἐτέων
1220 5595 1445 5671 λαλέειν
1478 5595 1667 5671 μήδέν.
1719 5602 1811 5658 Sic
1833 5595 1933 5657 'illi

365 5664 559 5741 prima;
615 5665 932 5741 disciplinac
949 5668 1335 5741 superstitioso
1383 5670 1450 5724 ad
1479 5664 1658 5726 annos
1687 5671 1933 5741 quinque

365 5734 627 5791 silentio:
661 5734 835 5789 nostri
868 5734 935 5788 ad
958 5734 1177 5791 omnem
1215 5739 1386 5795 vitam
1408 5750 1464 5796 et
1502 5734 1783 5814 religioso,
1821 5734 1932 5797 titi-

2041 4487 2325 4574 timhlqui
2367 4487 2586 4574 ΔῼῘιιξίειί
2617 4505 2712 4574 _et_
2765 4487 3141 4574 apostolorum
3211 4487 3339 4574 vita:
3382 4487 3630 4574 propius

2044 4559 2247 4634 templi,
2274 4559 2589 4634 institutum
2617 4559 2854 4634 habent,
2885 4569 3090 4623 nedum
3117 4579 3180 4624 ut
3227 4559 3452 4627 silentio
3488 4559 3627 4629 con-

2043 4628 2403 4709 tem_plentur,
2461 4633 2558 4709 sed
2620 4628 2888 4709 utetiam
2945 4641 3315 4709 contemplata
3373 4628 3628 4698 sermone

2045 4697 2302 4781 tradant,
2328 4702 2721 4781 praecipueque
2756 4707 3035 4781 episcopis
3081 4697 3312 4781 inn-nere
3344 4697 3629 4781 adjirtores

2041 4772 2332 4848 elisistant,
2363 4785 2483 4848 eam
2511 4772 2567 4826 in
2600 4772 2715 4848 rem
2740 4772 2966 4832 cunctis
2981 4779 3248 4848 aptiores,
3274 4795 3385 4848 quo
3412 4772 3441 4835 5.
3470 4797 3629 4839 mun-

2041 4834 2097 4888 di
2120 4836 2238 4929 sal'o
2272 4841 2615 4929 remotiorem
2635 4845 2868 4929 ejusque
2898 4834 3101 4929 securi,
3126 4863 3195 4903 eo
3223 4834 3647 4929 pel-imitantes”

2041 4906 2322 4963 saecularis
2351 4910 2572 4984 militiae
2597 4906 2747 4969 vifos
2776 4906 2845 4972 ὀι
2882 4906 3146 4973 mulieres
3204 4906 3387 4974 omnis
3426 4906 3663 4984 status,"

2040 4990 2317 5058 propense
2344 4981 2732 5059 juvantzcum
2768 4986 2993 5043 mallent
3054 4998 3245 5059 tacere
3270 4988 3506 5059 unisque
3537 4981 3631 5046 di;

2041 5046 2185 5100 vinis
2209 5046 2452 5129 impendi
2480 5052 2739 5129 laudibus
2797 5070 2861 5111 ac
2894 5046 3480 5129 contemplationibus,
3513 5062 3621 5116 nisi

2041 5129 2201 5197 secus
2230 5119 2510 5197 suaderet,
2535 5120 3027 5197 et‘verocogeret,
3072 5119 3351 5195 charitas;
3387 5119 3628 5186 concilia

2040 5190 2170 5263 item
2223 5190 2531 5263 generalia,
2574 5190 2888 5263 summique
2921 5196 3200 5252 antistites
3245 5190 3622 5256 necessarium

2039 5255 2152 5337 sibi.
2175 5257 2483 5337 subsidium
2501 5255 2826 5337 duxissent};
2845 5274 2909 5337 et
2925 5281 3058 5320 vero
3081 5266 3177 5336 qui
3207 5282 3349 5323 onus
3375 5270 3506 5325 satis
3534 5255 3625 5326 in;

2040 5325 2310 5401 telligant,
2364 5345 2702 5401 suorumque
2751 5325 2935 5401 saluti,
2990 5325 3115 5390 non'
3159 5337 3401 5393 humano
3452 5340 3619 5396 fastui

2040 5395 2317 5471 studeant,
2347 5399 2542 5471 sedulo
2564 5395 2868 5471 adhibeant
2890 5422 2903 5471 ;
2922 5395 3038 5460 'nec
3062 5405 3194 5459 hinc
3248 5395 3620 5467 hierarchiam

2039 5465 2319 5546 so_l_\:i,se_d
2340 5467 2546 5546 fulciri,
2584 5481 2665 5546 ut_
2710 5465 3265 5546 ﬁnem'assequatur,
3310 5478 3481 5546 probe
3533 5465 3620 5536 in:

2042 5535 2321 5605 telligant;
2393 5539 2543 5593 velut
2593 5541 2760 5594 etiam
2817 5543 3022 5599 divinis
3060 5535 3518 5605 'revelati'onibns
3563 5535 3619 5605 in

2040 5603 2328 5728 fragﬁiseo
2368 5617 2422 5663 et
2464 5609 2769 5678 Dominico,
2801 5615 2968 5671 semel
2999 5623 3055 5670 et
3087 5615 3289 5672 iterum
3331 5618 3476 5674 Deus
3499 5603 3617 5676 ὀέέ

2067 5689 2134 5728 cn
2178 5689 2192 5727 ι
2225 5715 2239 5728 .

2067 5689 2239 5728 υηαιι.
