4066 6146
400 383 504 448 Sig

1699 367 1870 429 LOCI
1907 366 2347 430 COMMUNES.

3548 363 3675 428 850‘

484 439 872 555 :0vet8ii’ov'mc
920 474 1067 554 αὖτῷ
1098 492 1275 546 τινος,
1306 480 1390 535 ὅτι
1435 451 1498 534 τό
1540 479 1713 550 στόμα
1737 476 1976 540 δυσῶδες

2146 477 2527 548 Exprobrante
2544 477 2780 548 quodam
2801 476 2949 548 quod
2983 492 3079 533 ore
3101 439 3277 534 fetido
3292 487 3458 546 esset,
3491 481 3656 544 Sane,

402 583 545 658 εἷχε*
578 583 762 638 Πολλὰ
793 580 924 654 γὰρ,
960 573 1137 645 εἶπεν,
1170 573 1320 645 αὐτῷ
1363 573 1473 627 τῶν
1512 571 1844 643 ἀπορρήτων
1878 568 1976 636 ὲγο

403 695 534 731 κατε
543 676 713 747 σάπῃ.

953 847 1173 901 ΛΟΓΟΣ
1211 846 1322 898 KA'
1358 844 1426 900 "°.

587 940 727 1010 Περὶ
755 938 1356 1008 πολυπραγμοσύνης
1385 935 1484 990 καί
1509 934 1795 1004 ἡσυχίας.

473 1144 656 1195 Λουκ.
704 1143 758 1189 ι’.
787 1165 857 1177 -
902 1133 1126 1205 Μάρθα,
1160 1131 1387 1204 Μάρθα,
1424 1131 1692 1204 μεριμνᾷς
1719 1129 1814 1183 καὶ
1850 1145 1980 1199 τυρ-

404 1229 545 1301 “In
572 1228 703 1295 περὶ
738 1224 931 1279 πολλά.
975 1222 1126 1287 Ἐνδς
1172 1221 1232 1303 δέ
1281 1223 1399 1275 ἐστι
1455 1222 1645 1293 xpeto:
1684 1219 1878 1291 Μαρία
1916 1217 1979 1271 δὲ

401 1320 498 1390 τὴν
527 1317 739 1387 ἀγαθὴν
778 1315 972 1387 μερίδα
998 1313 1303 1380 ἐξελέξατο,
1334 1313 1457 1384 ἥτις
1484 1314 1585 1367 οὐκ
1614 1310 1982 1382 ἀφαιρεθήσεο

345 1447 354 1454 -
400 1400 489 1465 ται
529 1410 622 1464 ἀπ’
649 1410 838 1481 αὐτῆς.

470 1506 533 1557 Α⁹
558 1504 697 1555 Θεσ.
721 1496 1181 1570 δ’.--Παρακαλῶ
1205 1492 1301 1550 οὖν
1326 1496 1492 1566 ὑμᾶς,
1527 1494 1769 1565 ἀδελφοὶ,
1794 1511 1979 1568 περισ-

402 1593 583 1647 σεύειν
649 1592 851 1661 μᾶλλον
902 1592 998 1644 καὶ
1045 1588 1451 1659 φιλοτιμεῖσθαι
1501 1588 1826 1659 ἡσυχάζειν,
1883 1587 1979 1642 καὶ

402 1687 671 1757 πράσσειν
690 1686 758 1738 τὰ
789 1685 916 1746 ἴδια,
943 1682 1039 1735 καὶ
1066 1678 1397 1751 ἐργάξεσθαι
1426 1682 1544 1746 ταῖς
1577 1680 1766 1751 χερσὶν
1801 1679 1975 1750 ὑμῶν.

2081 566 2179 634 ait,
2204 567 2378 623 multa
2409 569 2470 623 in
2498 584 2567 624 eo
2596 576 2810 624 secreta
2838 577 3255 639 computrucre.

2660 837 2893 893 SERMO
2928 838 3069 892 XXI.

2080 925 2160 981 De
2208 929 2520 1001 curiositate,
2563 931 2999 1001 negotiorumque
3052 930 3448 997 sollicitudine,
3500 940 3549 985 et
3594 934 3658 986 de

2431 1000 2603 1068 quiete
2634 1007 2795 1070 atque
2828 1000 2893 1053 ab
2922 1001 2995 1054 eis
3018 1002 3312 1056 uacatione.

2151 1130 2278 1185 Luc.
2308 1146 2366 1195 κ,
2403 1132 2493 1187 «il.
2530 1161 2603 1173 -—
2628 1132 2862 1198 Martha,
2893 1133 3105 1189 Martha
3166 1135 3405 1190 sollicita
3452 1150 3542 1202 es,
3604 1142 3660 1190 et

2082 1223 2329 1278 turbaris
2352 1238 2483 1296 erga
2526 1226 2792 1295 plurima.
2822 1226 2997 1281 Porro
3050 1242 3223 1282 unum
3275 1236 3360 1282 est
3392 1242 3659 1284 necessa-

2079 1315 2250 1369 rium.
2283 1315 2450 1371 Maria
2477 1317 2744 1386 optimam
2766 1326 2979 1387 partem
2999 1318 3188 1386 elegit,
3215 1334 3339 1390 quae
3362 1333 3477 1374 non
3501 1319 3658 1374 aufe-
3684 1356 3687 1361 η

2078 1418 2236 1465 retur
2262 1408 2333 1465 ab
2368 1425 2455 1466 ea.

2151 1501 2182 1555 l
2211 1500 2387 1556 Thess.
2417 1516 2492 1569 ιν,
2536 1500 2626 1556 ll.
2660 1530 2730 1541 —
2754 1500 2910 1572 Rogo
2938 1500 3126 1571 itaque
3170 1515 3294 1567 vos,
3340 1500 3555 1565 fratres,
3600 1511 3664 1556 ut

2085 1592 2382 1649 abundetis
2412 1580 2596 1664 magis
2624 1632 2640 1659 ,
2667 1600 2725 1649 et
2768 1607 2995 1663 operam
3021 1591 3167 1647 det-is
3194 1601 3259 1646 ut
3306 1592 3479 1662 quieti
3516 1592 3659 1659 sitis,

2082 1693 2139 1740 et
2168 1686 2476 1755 operemini
2510 1683 2770 1741 manibus
2805 1685 3033 1753 vestris.

485 1779 633 1841 Ἰὼϐ,
666 1784 758 1834 ια’.
814 1806 883 1819 ——
925 1773 1277 1844 Ἥσυχάσεις,
1312 1772 1407 1826 καὶ
1436 1772 1536 1825 οὐκ
1574 1750 1728 1825 ἔσται
1759 1772 1788 1824 ὁ
1818 1771 1977 1824 πολε-

2151 1750 2248 1830 Job
2300 1791 2378 1842 nl,
2409 1777 2495 1832 l5.
2528 1808 2599 1817 —-
2621 1750 2905 1843 Quiesces,
2954 1783 3011 1831 et
3041 1791 3151 1832 non
3195 1776 3304 1832 erit
3355 1777 3450 1846 qui
3488 1791 3666 1847 oppu-

447 1885 522 1921 ων
554 1882 638 1919 σε.

308 2012 317 2019 .
677 1956 767 2012 .10'
777 1998 790 2010 .
853 1984 925 1996 —-
976 1953 1311 2022 Καταγελῶν
1364 1951 1690 2023 πολυοχλίαν
1750 1951 1979 2019 πόλεως,

405 2047 616 2118 μέμψιν
639 2044 935 2116 φορολόγου
966 2044 1069 2096 οὐκ
1103 2041 1319 2096 ἀκούει.
1940 2100 1948 2108 ‘

471 2142 657 2210 Σιρὰχ
712 2148 806 2194 ια’.
836 2169 904 2178 -
959 2138 1182 2204 Τέκνον,
1222 2138 1297 2207 μὴ
1344 2136 1477 2206 περὶ
1513 2134 1686 2189 πολλὰ
1738 2134 1983 2190 εστωσαν

402 2235 460 2286 αι
516 2233 747 2304 πράξεις
812 2246 940 2285 σουο
983 2229 1080 2284 ἐὰν
1131 2229 1242 2301 γὰρ
1299 2228 1602 2300 πληθύνης,
1650 2229 1753 2283 οὐκ
1806 2227 1983 2293 ὰθῶος

404 2325 523 2396 ἔσῃ.

476 2415 821 2471 Βασιλείου.
855 2410 927 2459 -ἳ-
956 2415 1169 2484 Ὥσπερ
1200 2412 1311 2483 γὰρ
1340 2412 1410 2466 τὰ
1458 2412 1624 2484 θηρία
1674 2411 1985 2482 εὐκαταγώ-

406 2510 564 2563 νιστά.
623 2511 729 2562 εἱσι
774 2502 1237 2579 καταψηχθέντα’
1302 2505 1478 2569 οὕτως
1552 2505 1840 2576 ἐπιθυμίαι
1886 2506 1982 2560 καὶ

403 2602 566 2671 ὀργαὶ
604 2600 698 2654 καὶ
745 2599 899 2669 φόὸοι
950 2599 1046 2652 καὶ
1070 2597 1259 2660 λύπαι,
1310 2598 1380 2651 τὰ
1438 2597 1619 2651 ίοόόλα
1659 2599 1759 2669 τῆς
1802 2597 1985 2669 ψυχῆς

405 2691 573 2757 κακὰ,
618 2690 1057 2747 κατευνασθέντα
1094 2693 1184 2745 διὰ
1223 2692 1323 2763 τῆς
1354 2691 1607 2764 ἡσυχίας,
1639 2690 1733 2744 καὶ
1789 2690 1864 2761 μὴ
1896 2689 1983 2755 ἐξα

406 2781 804 2854 αγριαινόμενα
860 2780 937 2852 τῷ
977 2783 1195 2852 συνεχεῖ
1248 2781 1551 2854 ἐρεθισμῷ,
1607 2781 1983 2851 εὐκαταγωνι-

407 2874 636 2942 στότερα
670 2876 736 2945 τῇ
772 2873 1004 2944 δυνάμει
1026 2874 1122 2928 τοῦ
1154 2874 1315 2943 λόγου
1347 2875 1575 2944 γίνεται.

485 2962 719 3033 Ἡσυχία
787 2960 882 3016 οὖν
930 2963 1074 3036 ἀρχὴ
1123 2964 1446 3036 καθάρσεως
1493 2967 1560 3036 τῇ
1618 2963 1786 3035 ψυχῇ,
1842 2964 1980 3034 μήτε

404 3052 659 3122 γλώσσης
686 3052 957 3123 λαλούσης
983 3055 1055 3108 τὰ
1087 3055 1197 3108 τῶν
1223 3055 1551 3125 ἀνθρώπων,
1595 3057 1735 3127 μήτε
1784 3054 1984 3125 ὀφθαλ-
2010 3080 2054 3140 C

408 3146 525 3217 μῶν
573 3146 831 3218 εὐχροίας
881 3146 1152 3217 σωμάτων
1184 3147 1278 3202 καὶ
1321 3146 1664 3219 συμμετρίας
1722 3164 1982 3216 περισκο-

407 3237 675 3304 πούντων,
712 3238 853 3309 μήτε
880 3239 1050 3308 ἀκοῆς
1083 3237 1174 3293 τὸν
1209 3238 1364 3292 τόνον
1410 3238 1510 3310 τῆς
1551 3238 1730 3310 ψυχῆς
1757 3237 1984 3292 ἐκλυού-

410 3348 511 3403 σης
542 3332 604 3386 ὲν
631 3330 896 3403 ἀκροάσει
934 3330 1115 3403 μελῶν
1140 3331 1278 3402 πρὸς
1317 3331 1513 3402 ἡδονὴν
1554 3331 1942 3403 πεποιημένων
1964 3347 1981 3365 ·

410 3424 548 3494 μήτε
596 3424 841 3496 ῥήμασιν
867 3423 1220 3494 εὐτραπέλων
1265 3424 1361 3477 καὶ
1402 3421 1735 3490 γελοιαστῶν
1775 3421 1985 3494 ἀνθρώ-

409 3532 549 3579 πων,
572 3515 601 3570 ὃ
633 3515 869 3586 μάλιστα
908 3516 1058 3568 λύειν
1084 3514 1188 3584 τῆς
1213 3514 1395 3585 ψυχῆς
1418 3513 1510 3567 τὸν
1533 3513 1688 3567 τόνον
1715 3511 1979 3584 πέφυκεν.

477 3688 622 3754 Νοῦς
675 3690 775 3760 μὲν
824 3688 936 3761 γὰρ
984 3688 1060 3761 μὴ
1121 3688 1549 3761 σκεδαννύμενος
1596 3689 1689 3743 ἐπὶ
1732 3689 1803 3743 τὰ
1853 3688 1978 3757 ἔξω,

410 3781 547 3852 μηδὲ
572 3781 679 3834 ὑπὸ
707 3780 816 3836 τῶν
842 3780 1215 3852 αἰσθητηρίων
1259 3781 1353 3833 ἐπὶ
1398 3780 1490 3836 τὸν
1526 3781 1732 3852 κόσμον
1773 3780 1984 3851 διαχεό-

411 3890 591 3940 μενος,
618 3874 868 3927 ὲπάνεισι
898 3872 999 3943 μὲν
1025 3873 1164 3943 πρὸς
1192 3872 1386 3926 ἑαυτόν
1403 3888 1417 3901 ·
1446 3871 1513 3925 δι’
1542 3870 1736 3926 ἑαυτοῦ
1763 3871 1821 3931 δὲ
1847 3870 1984 3943 πρὸς

409 3962 507 4033 τὴν
540 3963 670 4032 περ).
698 3961 835 4016 Θεοῦ
863 3961 1076 4016 ἔννοιαν
1104 3960 1387 4016 ἀναϐαίνει
1406 3977 1421 3993 ο
1451 3959 1693 4032 κάκείνῳ
1720 3960 1797 4033 τῷ
1845 3960 1982 4015 κάλ-

408 4053 492 4105 λει
525 4051 1009 4122 περιλαμπόμενός
1036 4068 1098 4105 τε
1146 4053 1240 4105 καὶ
1276 4049 1707 4120 έλλαμπὸμενος,
1753 4049 1851 4102 καὶ¹
1888 4050 1986 4103 αὐ-

410 4145 509 4215 τῆς
537 4143 638 4212 τῆς
665 4142 883 4212 φύσεως
914 4142 1088 4214 λήθην
1116 4141 1404 4212 λαμϐάνει,
1440 4141 1580 4211 μήτε
1611 4141 1749 4212 πρὸς
1777 4141 1983 4212 τροφῆς

410 4232 688 4304 φροντίδα,
748 4235 886 4304 μήτε
932 4233 1069 4304 πρὸς
1116 4230 1486 4304 περιϐολαίων
1540 4231 1832 4304 μέριμναν,
1883 4230 1985 4302 τὴν

407 4325 586 4396 ψυχὴν
610 4324 1008 4396 καθελκόμενος
1033 4341 1045 4354 ·
1084 4323 1220 4378 ἀλλά
1266 4323 1462 4394 σχολὴν
1493 4322 1601 4377 ἀπὸ
1641 4322 1751 4375 τῶν
1779 4322 1983 4391 γηΐνων

2081 1876 2211 1938 gnet
2235 1877 2311 1923 te.

2151 1957 2249 2012 Job
2299 1972 2485 2024 nm,
2522 1960 2575 2014 7.
2605 1990 2676 2000 --
2718 1958 2964 2017 lrridens
3004 1961 3221 2016 turbam
3255 1962 3498 2017 civitatis
3522 2002 3536 2027 ,
3576 1977 3663 2016 re-

2082 2049 2512 2119 prehensionem
2547 2050 2818 2106 exactoris
2846 2066 2962 2106 non
2986 2052 3166 2109 audit.

2157 2140 2320 2195 Eccti.
2357 2158 2432 2206 XI,
2469 2140 2796 2208 i0.—Fili,
2842 2157 2913 2197 ne
2949 2143 3099 2199 circa
3122 2144 3307 2199 multa
3351 2144 3463 2201 sint
3506 2152 3685 2200 actus.
3732 2126 3745 2137 '

2085 2232 2166 2286 tui
2195 2250 2213 2286 :
2247 2233 2293 2288 si
2327 2232 2475 2289 enim
2500 2233 2983 2305 multiplicaveris,
3008 2234 3205 2291 insons
3232 2250 3345 2291 non
3375 2235 3508 2292 eris.

2158 2407 2369 2462 Basilii.
2394 2436 2464 2449 --
2490 2409 2562 2465 Ut
2595 2409 2746 2465 enim
2788 2411 2982 2466 bestia:
3001 2410 3048 2465 si
3078 2409 3425 2467 defricentur
3469 2427 3532 2467 ac
3566 2411 3666 2467 de-

2085 2500 2457 2567 mulceantur,
2507 2500 2670 2556 facile
2715 2510 3133 2573 expugnantur;
3174 2502 3257 2558 sic
3290 2502 3660 2573 cupiditates,

2087 2591 2205 2656 irae,
2231 2592 2460 2648 timores
2489 2634 2503 2658 ,
2558 2593 2798 2661 dolores,
2821 2600 3107 2650 venenata.
3141 2595 3311 2650 animi
3359 2596 3524 2662 mala,
3560 2611 3666 2650 va-

2085 2684 2302 2739 catione
2332 2700 2398 2740 ac
2437 2686 2659 2741 silentio
2691 2694 2857 2757 atque
2889 2686 3007 2742 otio
3046 2688 3358 2757 consopita,
3417 2703 3522 2743 nec
3544 2687 3667 2758 jngi

2084 2775 2451 2844 proritatione
2501 2776 2763 2842 eﬂ‘erata,
2816 2778 2874 2832 vi
2926 2776 3162 2833 rationis
3218 2777 3442 2835 facilius
3520 2777 3663 2834 edo-

2084 2864 2228 2918 mari
2257 2874 2511 2935 possunt.

2124 2996 2125 2999 η
2152 2955 2325 3023 Quies
2354 2939 2529 3028 igitur
2550 2966 2611 3014 et
2631 2958 2850 3015 vacatio
2879 2975 2978 3017 seu
3009 2960 3206 3029 otium,
3250 2958 3664 3016 emundationis

2086 3048 2284 3104 animae
2303 3049 2644 3120 principium
2681 3059 2788 3118 est,
2838 3067 2966 3107 cum
2994 3067 3177 3123 neque
3202 3050 3391 3123 lingua
3420 3066 3514 3106 res
3558 3050 3669 3105 hu-

2086 3151 2276 3192 manas
2298 3137 2566 3207 loquitur,
2612 3154 2718 3195 nec
2744 3140 2893 3195 oculi
2943 3141 3194 3196 colorum
3235 3139 3393 3196 fucos
3425 3148 3667 3211 apteque

2086 3222 2352 3293 disposita
2405 3240 2472 3281 ac
2515 3228 2787 3283 concinna
2838 3229 3193 3309 corporibus;
3210 3228 3459 3282 membra
3488 3229 3669 3298 dispi-

2086 3313 2268 3394 ciunt,
2287 3330 2395 3371 nec
2419 3331 2583 3373 aures
2602 3318 2775 3373 animi
2804 3319 3317 3382 tenoremsolvunt,
3366 3319 3671 3374 audiendis

2085 3406 2318 3463 canticis
2345 3407 2415 3463 ad
2441 3409 2783 3479 voluptatem
2806 3409 3130 3476 modulatis,
3167 3416 3263 3464 aut
3304 3408 3472 3463 dictis
3503 3425 3667 3464 scur-

2085 3496 2282 3553 rilibus
2325 3514 2390 3553 ac
2434 3498 2689 3555 ridiculis
2717 3542 2732 3567 ,
2785 3517 2909 3572 qua:
2964 3502 3138 3557 animi
3199 3501 3530 3572 gravitatem
3571 3503 3663 3558 vel

2086 3587 2321 3643 maxime
2345 3588 2554 3647 elidere
2580 3591 2993 3647 aclabefactare
3015 3592 3214 3648 solent.

2153 3679 2472 3737 biensenim
2494 3696 2622 3738 cum
2647 3682 2715 3738 ad
2745 3698 2835 3740 res
2892 3693 3150 3743 externas
3186 3703 3298 3742 non
3341 3687 3662 3760 dissipetur,

2086 3785 2193 3826 nec
2219 3787 2251 3826 ε
2285 3761 2542 3831 sensibus
2566 3774 2635 3830 ad
2671 3790 2737 3831 ea
2764 3791 2891 3847 quae
2928 3778 3118 3833 saeculi
3149 3788 3281 3836 sunt
3326 3788 3664 3852 terrenaque

2085 3863 2444 3932 diffunditur,
2475 3868 2545 3922 ad
2576 3868 2816 3940 seipsam
2850 3870 3173 3938 revertitur,
3208 3886 3275 3928 ac
3320 3887 3421 3943 per
3452 3888 3511 3928 se
3545 3875 3671 3944 ipsa.

2084 3958 2154 4014 ad
2196 3958 2293 4013 Dei
2320 3957 2574 4013 ascendit
2600 3957 3065 4030 intelligentiam;
3098 3976 3210 4031 quo
3256 3961 3520 4017 videlicet
3543 3964 3662 4018 col-

2085 4051 2319 4106 lustrata
2349 4047 2647 4119 splendore
2682 4065 2748 4105 ac
2800 4049 3174 4118 circumfusa,
3225 4052 3407 4123 ipsius
3440 4069 3673 4125 quoque

2084 4149 2297 4196 natura:
2319 4139 2707 4205 obliviscitur;
2735 4139 2902 4211 599
2917 4157 3029 4196 non
3051 4142 3300 4197 alimenti
3333 4156 3524 4210 causa,
3551 4160 3663 4199 non

2083 4231 2402 4287 vestimenti
2436 4231 2684 4286 animum
2708 4220 3035 4299 sellicitans,
3067 4233 3165 4288 sed
3217 4234 3456 4289 terrenis
3512 4235 3666 4289 curis

2085 4320 2321 4377 liberata
2353 4362 2368 4387 ,
2415 4321 2660 4377 studium
2696 4337 2862 4377 onme
2888 4332 3056 4393 atque
3083 4336 3309 4393 operam
3335 4324 3402 4377 ad
3459 4326 3664 4394 sempi-

411 4416 708 4486 φροντίδων
744 4415 915 4485 ἄγων,
940 4415 1040 4485 τὴν
1064 4416 1243 4467 πᾶσαν
1274 4407 1473 4468 ἑαυτοῦ
1505 4412 1739 4484 σπουδὴν
1760 4414 1853 4467 ἐπὶ
1879 4414 1979 4484 τὴν

2093 4421 2251 4468 terna
2282 4413 2429 4467 bona
2461 4412 2833 4483 comparanda
2881 4412 3133 4478 confert;
3175 4413 3456 4482 quomodo
3516 4413 3668 4468 scili-

410 4505 606 4574 κτῆσιν
626 4505 734 4559 τῶν
755 4504 987 4558 αἰωνίων
1008 4504 1230 4574 ἀγαθῶν
1259 4503 1604 4574 μετατίθησι,
1632 4503 1750 4567 πῶς
1794 4520 1989 4574 κατορ-

409 4594 558 4666 θωθῇ
598 4594 744 4666 αὐτῷ
779 4596 813 4666 ἠ
850 4596 1174 4665 σωφροσύνη
1203 4595 1298 4647 καὶ⁵
1343 4596 1376 4665 ἡ
1420 4594 1643 4665 ἀνδρεία
1668 4609 1682 4625 ο
1714 4593 1831 4657 πῶς
1862 4593 1919 4646 δὲ
1953 4595 1988 4664 ἡ

408 4686 726 4756 δικαιοσύνη
761 4687 857 4741 καὶ
886 4690 919 4758 ἡ
962 4688 1247 4759 φρόνησις,
1282 4686 1377 4739 καὶ
1401 4687 1456 4739 αἱ
1483 4682 1671 4739 λοιπῖπὴ⁹
1706 4685 1919 4756 ἀρεταί.

386 4836 393 4837 ,
497 4780 585 4833 Ἐν
613 4782 727 4842 τοῖς
756 4778 976 4833 ἕλκουσι
1020 4780 1118 4849 τὴν
1147 4777 1327 4849 ψυχὴν
1371 4777 1465 4831 καὶ
1500 4776 1758 4848 ἀσχολίας
1803 4777 1987 4847 βιωτι-

413 4869 514 4932 κὰς
545 4868 889 4939 ἐμποιοῦσιν,
915 4868 1305 4941 περιγενέσθαι
1324 4868 1423 4940 τῆς
1444 4868 1706 4922 ἐπιπόνου
1731 4868 1984 4941 μελέτης,

410 4960 714 5029 ἀμήχανον.

486 5051 803 5119 Θεολόγου.
827 5064 900 5092 '-—
924 5050 1045 5123 Χρή
1078 5068 1129 5103 τι
1160 5051 1254 5105 καὶ
1279 5050 1594 5121 ἡσυχάζειν,
1622 5049 1762 5103 ὥστε
1786 5049 1988 5106 ἀθολὼο

414 5156 525 5203 τως
555 5142 907 5213 προσομιλεῖν
935 5144 1015 5213 τῷ
1043 5143 1164 5212 Θεῷ
1191 5160 1205 5174 ·
1242 5144 1341 5197 καὶ
1394 5143 1590 5214 μικρόν
1632 5160 1686 5196 τι
1734 5144 1987 5211 συνάγειν

412 5232 504 5285 τὸν
532 5231 656 5288 νοῦν
689 5235 799 5288 ἀπὸ
825 5233 931 5288 τῶν
973 5233 1321 5289 πλανώντων.

455 5509 773 5583 κΤηρυῦμεν
811 5512 910 5575 τὰς
941 5512 1188 5582 ἀλλήλων
1217 5512 1518 5583 ἁμαρτίας,
1549 5512 1647 5583 οὐχ
1672 5512 1756 5567 ἵνα
1791 5512 1993 5585 θρηνή-

414 5618 624 5672 σωμεν.
650 5600 777 5655 ἀλλ’·
816 5601 883 5654 ἵν’
929 5601 1314 5673 όνειδίσωμεν’
1355 5603 1476 5657 οὐδὲ
1515 5603 1601 5657 ἶνα
1636 5602 1989 5675 θεραπεύσω-

485 5758 531 5788 ⁸⁰
567 5757 660 5812 Est
693 5756 744 5811 in
775 5756 938 5813 Gesn.
975 5756 1127 5812 Stob.
1172 5760 1261 5815 49..

2095 4516 2186 4582 cet
2208 4505 2633 4577 temperantiam
2686 4514 2745 4560 et
2787 4505 3211 4570 fortitudinem,
3256 4505 3539 4574 quomodo
3568 4507 3663 4576 ju-

2091 4596 2300 4652 stitiam
2335 4605 2393 4651 et
2443 4594 2799 4666 prudentiam
2824 4635 2840 4659 ,
2872 4610 2940 4654 ac
2978 4594 3220 4650 virtutes
3243 4595 3491 4665 reliquas
3520 4610 3664 4665 pra:-

2092 4697 2200 4745 stet
2233 4698 2291 4744 et
2324 4689 2571 4759 impleat.

2162 4780 2310 4837 Fieri
2346 4796 2461 4836 non
2498 4788 2683 4852 potest
2709 4788 2772 4835 ut
2818 4780 2965 4835 inter
2993 4794 3063 4835 ea»
3113 4794 3236 4850 quae
3276 4778 3524 4833 animum
3549 4778 3675 4834 dis-

2097 4874 2348 4941 trahunt,
2398 4890 2463 4929 ac
2492 4874 2678 4929 saeculi
2725 4888 2891 4929 curas
2946 4873 3227 4944 injiciunt,
3276 4880 3509 4928 strenuo
3544 4871 3677 4942 quis

2094 4976 2298 5023 conatu
2324 4967 2632 5022 caelestium
2665 4966 3029 5022 meditatione
3056 4965 3324 5036 potiatur.

2110 5047 2115 5052 ’
2167 5058 2431 5130 Theologi.
2463 5090 2535 5100 —
2572 5059 2842 5114 Nonnihil
2871 5059 3038 5114 etiam
3084 5058 3329 5113 dandum
3383 5057 3557 5129 quieti
3603 5073 3675 5139 ae

2099 5152 2349 5216 silentio,
2386 5162 2449 5207 ut
2478 5153 2763 5208 inturbata
2802 5161 2988 5209 mente
3015 5168 3141 5209 cum
3165 5153 3280 5208 Deo
3305 5168 3674 5209 consuescere

2097 5244 2280 5308 liceat,
2307 5243 2714 5314 familiariaque
2761 5261 2887 5301 cum
2950 5261 3020 5301 eo
3067 5247 3304 5301 miscere
3355 5246 3668 5316 colloquia;

2090 5348 2157 5388 ac
2191 5333 2466 5394 tantisper
2492 5349 2523 5389 a
2560 5334 2730 5389 rebus
2772 5334 3069 5391 fallacibus
3096 5346 3152 5391 et
3184 5352 3307 5407 qua:
3335 5336 3389 5390 in
3421 5350 3670 5391 errorem

2092 5426 2339 5490 mittunt,
2365 5426 2763 5483 subduecndus
2793 5427 3031 5482 animus.

2158 5515 2265 5569 Alii
2299 5515 2535 5571 aliorum
2587 5525 2772 5573 errata
2817 5517 3201 5582 observamus,
3239 5534 3349 5572 non
3389 5526 3449 5572 ut
3480 5518 3671 5587 lugea-

2091 5623 2235 5673 mus,
2284 5607 2380 5662 scd
2426 5617 2488 5663 ut
2545 5608 2991 5679 cxprobremus,
3046 5624 3225 5679 neque
3278 5620 3339 5666 ut
3388 5623 3685 5687 θυραίους..
