4066 6146
444 318 546 384 851
1589 330 1650 391 S.
1692 332 1978 390 MAXIM!
2023 332 2050 392 ί

2094 332 2533 397 )NFESSORIS
3588 338 3700 403 852

442 429 538 484 sed
573 439 634 484 ut
665 445 805 486 noxa
835 432 1088 500 graviore
1114 448 1453 501 premamus,
1500 436 1850 507 proximique
1894 438 2019 493 vul-
2047 492 2048 495 η

2122 460 2244 512 μεν,
2269 443 2386 497 ἀλλ’
2420 444 2508 497 ἵνα
2537 442 2998 514 προσπλήξωμεν,
3027 442 3122 498 καὶ
3147 444 3446 515 ἀπολογίαν
3474 446 3699 519 ἔχωμεν

438 535 575 575 nera
606 530 922 577 nostrorum
987 523 1275 579 malorum.
1319 527 1735 582 excusationem
1807 529 2015 584 habea-

1973 546 2015 582 I-
2116 535 2225 588 τῶν
2252 536 2537 608 ἡμετέρων
2567 536 2754 590 κακῶν
2782 536 2852 590 τά
2878 536 2988 591 τῶν
3016 537 3242 607 πλησίον
3264 539 3579 610 τραύματα.

436 626 582 668 mus.

508 701 790 758 Subducta
824 704 1067 775 negotiis
1095 706 1257 776 quies
1301 721 1364 762 ac
1411 711 1630 765 vacatio
1675 712 1745 768 iis
1783 713 2013 782 quaesita

2198 714 2263 768 Ἦ
2291 714 2602 786 ἀπράγμων
2637 714 2857 785 ἡσυχία,
2888 714 2988 785 τῆς
3036 715 3094 769 ὲν
3124 716 3411 787 πράγμασι
3456 735 3693 791 περιφα-

433 795 688 851 claritate
734 811 1144 867 mulierumque
1184 798 1397 867 infulis,
1463 805 1817 871 praestantior
1869 806 2016 861 exsi-
2114 808 2262 872 vaia;
2297 805 2622 876 τιμιωτέρα.

431 888 552 943 stit.
2418 907 2427 914 ·

503 980 662 1036 Prov.
693 998 818 1047 xv",
856 983 907 1036 1.
963 982 1232 1055 Chrysost.
1263 1016 1333 1026 —
1382 986 1574 1043 Melior
1621 997 1707 1044 est
1761 990 2010 1046 buccella

2181 988 2556 1056 Χρυσοστ.--
2588 988 2856 1058 Κρεῖσσον
2896 986 3005 1056 γάρ
3031 986 3222 1057 suae;
3260 989 3318 1040 ὲν
3363 988 3521 1041 ἅλατι
3565 988 3685 1057 μεθ’

428 1073 592 1142 panis
625 1073 683 1127 in
716 1075 828 1128 sale
852 1090 978 1130 cum
1010 1076 1199 1145 quiete
1233 1086 1291 1133 et
1333 1080 1653 1147 securitate,
1681 1097 1845 1151 quam
1891 1083 2011 1137 lau-

2109 1081 2341 1151 ήσνχίας
2399 1080 2495 1134 καὶ
2552 1077 2909 1152 ἀμεριμνίας,
2951 1079 2985 1149 ἢ
3034 1080 3340 1150 παράθεσις
3371 1079 3686 1148 ἐδεσμάτων

431 1172 612 1218 tarum
650 1166 945 1234 epularum
983 1178 1284 1237 apparatus
1328 1184 1395 1225 ac
1440 1186 1635 1228 mensa
1691 1188 1817 1228 cum
1856 1173 2007 1229 curis

1808 1190 1817 1226 ι
1856 1173 2007 1229 curis
2109 1169 2414 1224 πολυτελῶν
2444 1172 2501 1223 ἐν
2535 1170 2940 1241 περισπασμοῖς
2968 1168 3062 1223 καί
3099 1169 3414 1240 μερίμναις.

428 1256 673 1310 animum
701 1255 1149 1313 distrahentibus
1172 1268 1231 1315 et
1265 1261 1769 1320 sollicitudinibus.

497 1347 621 1403 Non
644 1349 795 1403 enim
832 1349 952 1404 ﬁeri
989 1360 1192 1419 potest,
1224 1362 1286 1408 ut
1311 1352 1406 1423 qui
1440 1354 1676 1410 alienam
1720 1356 1889 1411 vitam
1942 1373 2006 1414 ac

2181 1352 2257 1406 Οὐ
2301 1350 2411 1421 γάρ
2456 1348 2606 1401 ἐστιν
2657 1348 2943 1418 ἄνθρωπον
2985 1347 3116 1410 τοὺς
3167 1346 3483 1419 ἀλλοτρίους
3511 1350 3683 1402 πολυ-

424 1452 613 1493 mores
643 1440 922 1494 curiosius
967 1442 1225 1508 rimatur,
1274 1442 1324 1498 is
1362 1460 1603 1515 unquam
1648 1463 1780 1502 suos
1823 1457 2000 1503 curet.

2108 1441 2532 1515 πραγμονοῦντα
2559 1440 2729 1511 βίους,
2754 1438 2858 1509 τῆς
2889 1440 3097 1503 οἰκείας
3122 1440 3523 1511 ἐπιμεληθῆναί
3549 1459 3679 1495 ποτε

422 1528 564 1584 Cum
591 1531 739 1584 enim
767 1530 1039 1601 quidquid
1070 1533 1148 1587 illi
1182 1549 1363 1603 opera:
1386 1543 1473 1589 est
1499 1536 1555 1590 in
1577 1553 1698 1592 eam
1720 1554 1836 1596 rem
1867 1555 2001 1594 con-

2105 1535 2270 1606 ζωῆς.
2306 1533 2418 1604 Τῆς
2450 1532 2558 1601 γάρ
2595 1532 2831 1602 σπουδῆς
2860 1529 3009 1601 αὐτῷ
3056 1531 3240 1602 πάσης
3288 1533 3369 1595 είς
3423 1531 3523 1602 τὴν
3569 1533 3678 1587 τῶν

420 1620 568 1676 ferat
598 1636 663 1675 ac
696 1621 973 1687 insumat,
1024 1638 1255 1679 necesse
1290 1635 1373 1679 est
1428 1634 1486 1680 ut
1526 1642 1648 1696 qua:
1694 1628 1843 1684 illius
1872 1642 2002 1685 sunt

2103 1627 2308 1697 ἑτέρων
2331 1622 2868 1694 πολυπραγμοσύνην
2891 1621 3343 1693 ἀναλισκομὲνης,
3370 1624 3583 1691 ἀνάγκη
3606 1625 3676 1679 τά

425 1720 636 1767 temere
664 1713 1029 1783 neglectaque
1054 1716 1297 1785 jaceant.

2082 1718 2271 1773 ἀὑτοῦ
2301 1715 2490 1779 ἁπλῶς
2516 1715 2730 1768 κεῖσθαι
2764 1716 2860 1768 καὶ
2880 1714 3262 1785 ἠμελημένως.

494 1800 752 1858 Philonis.
786 1835 857 1844 —
886 1805 984 1859 Vir
1021 1806 1247 1875 sapiens
1286 1808 1606 1866 solitudinis
1644 1813 1757 1867 otia
1801 1814 2001 1869 vitam-
2033 1787 2075 1842 Β

2069 1795 2075 1837 ⁵
2175 1808 2462 1873 ΦΙλωνος.
2491 1835 2563 1846 -
2602 1806 2662 1860 Ὀ
2711 1805 2875 1874 σοφὸς
2920 1805 3157 1875 ἠρεμίαν
3189 1806 3283 1859 καὶ
3314 1807 3675 1878 ἀπραγμοσύ-

421 1912 530 1966 que
558 1911 587 1949 a
619 1896 857 1966 negotiis
887 1912 1118 1952 vacuam
1141 1914 1205 1953 ac
1226 1900 1593 1956 cessationem
1619 1906 1995 1975 persequitur,

2103 1921 2200 1973 νην
2248 1901 2455 1968 διώκει,
2494 1902 2583 1955 ἵνα
2624 1902 2737 1964 τοῖς
2784 1899 2950 1962 θείοις
2997 1899 3348 1971 θεωρήμασιν
3380 1902 3437 1955 ὲν
3469 1902 3673 1973 ἡσυχίᾳ

420 2000 533 2054 quo
575 1985 838 2039 nimirum
896 1985 1101 2043 divinis
1165 1991 1733 2060 contemplationibus
1774 1995 1998 2051 silentio
2100 1994 2333 2066 ἐπιτύχῃ
2362 1993 2429 2049 ⁸³.

418 2091 589 2146 agens
620 2086 965 2134 consuescat.

487 2167 584 2221 Vir
631 2168 853 2238 sapiens
894 2170 1125 2242 perfuga
1155 2181 1261 2241 est,
1303 2176 1770 2247 transmigratque
1809 2193 1840 2232 a
1881 2181 1994 2233 vita

2173 2168 2344 2238 Σοφδς
2376 2168 2627 2241 μέτοικος
2655 2168 2752 2222 καὶ
2793 2166 3135 2237 μετανάστης
3181 2167 3331 2220 ἐστὶν
3353 2168 3419 2220 ὲκ
3441 2166 3537 2220 τοῦ
3570 2184 3667 2220 πε-

415 2258 745 2325 perturbata
792 2268 959 2330 atque
1001 2262 1232 2318 confusa
1270 2264 1338 2318 ad
1382 2265 1600 2321 beatam
1647 2282 1769 2323 eam
1796 2268 1990 2333 vitam,

2098 2263 2380 2334 φυρμένου
2418 2261 2555 2332 βίου,
2586 2260 2722 2332 πρὸς
2748 2259 2846 2330 τὴν
2875 2260 3172 2332 είρηναίοις
3222 2260 3538 2330 πρέπουσαν
3576 2259 3669 2314 καὶ

415 2364 537 2418 quae
563 2350 823 2418 paciﬁcos
852 2351 1032 2407 decet.

970 2360 1032 2407 ει.
2099 2353 2377 2426 μακαρίαν
2410 2354 2576 2425 ζωήν.

486 2440 727 2512 Evagrii.
763 2442 990 2499 Praestat
1040 2445 1095 2499 in
1148 2454 1332 2502 storea
1368 2448 1647 2518 jacentem
1687 2467 1855 2522 agere
1890 2455 1993 2509 bo-

2165 2444 2484 2515 Εὐαγρίου.
2515 2473 2585 2483 -
2623 2445 2729 2514 Ζᾷν
2752 2443 2975 2513 ἄμεινον
3005 2443 3097 2496 ἐπὶ
3141 2442 3392 2507 στιϐάδος
3414 2444 3672 2497 κατακεί-

412 2520 597 2603 neque
618 2534 805 2589 animo
832 2551 978 2602 esse,
1009 2553 1175 2608 quam
1205 2539 1262 2594 in
1285 2539 1431 2595 lecto
1474 2557 1645 2599 aureo
1678 2545 1831 2601 curis
1860 2562 1991 2615 per-

2098 2553 2258 2607 μενον
2306 2535 2402 2588 καὶ
2432 2533 2677 2606 θαρρεῖν,
2724 2533 2758 2603 ἢ
2808 2532 3179 2604 ταράσσεσθαι
3222 2536 3429 2604 χρυσῆν
3474 2534 3666 2604 ἔχοντα

412 2625 650 2681 turbari.

2094 2627 2302 2697 κλίνην.

480 2716 733 2783 Quatuor
778 2734 846 2774 ex
894 2720 1064 2776 rebus
1119 2724 1341 2781 animus
1398 2728 1645 2784 incultus
1697 2731 1987 2797 redditur,

2163 2720 2262 2773 Διά
2287 2719 2574 2789 τεσσάρων
2605 2716 2949 2788 πραγμάτων
2982 2719 3016 2788 ἡ
3040 2715 3183 2787 ψυχὴ
3204 2715 3301 2785 ἔρη
3311 2732 3410 2786 μσς
3428 2713 3658 2783 γίνεται,

410 2808 559 2876 quod
582 2824 693 2862 non
720 2809 838 2878 ipse
868 2826 1060 2865 secum
1092 2815 1280 2883 quiete
1306 2826 1475 2887 atque
1506 2822 1626 2875 otio
1649 2831 1792 2891 agat,
1838 2824 1990 2893 quod

2091 2812 2187 2866 τοῦ
2236 2812 2312 2882 μὴ
2358 2810 2652 2882 ήσυχάσαι,
2703 2810 2797 2862 καὶ
2837 2809 2926 2863 διά
2975 2807 3069 2861 τοῦ
3102 2807 3320 2878 ἀγαπᾷν
3368 2806 3460 2859 τδν
3501 2821 3663 2878 περι-

410 2894 646 2950 distrahi
675 2911 863 2951 rerum
910 2900 1061 2955 curis
1114 2916 1181 2956 ac
1225 2906 1467 2976 negotiis
1514 2908 1715 2965 lubens
1761 2911 1987 2977 habeat,

2094 2904 2370 2974 σπασμὸν,
2398 2903 2495 2956 καὶ
2532 2901 2627 2955 τοῦ
2653 2900 2936 2955 ὲπιποθεῖν
2968 2898 3066 2970 τὴν
3098 2898 3255 2969 ὕλην,
3284 2899 3379 2953 καὶ
3403 2897 3498 2952 τοῦ
3544 2913 3662 2951 κνι-

408 2986 559 3056 quod
591 2995 811 3043 terrena
832 2990 1209 3060 concupiscat,
1233 3010 1299 3051 ac
1346 2998 1494 3066 quod
1539 3015 1857 3070 praeparcus
1886 3017 1986 3057 ex-
2091 2996 2378 3050 πεύεσθαι·

407 3075 592 3131 sistat.

475 3167 607 3224 Nili.
638 3171 853 3227 —-Vita
896 3174 1080 3244 quieta
1103 3186 1268 3247 atque
1305 3181 1520 3250 privata
1572 3192 1842 3255 extraque
1882 3202 1984 3242 ne-
2012 3113 2057 3173 c

2055 3155 2057 3169 ’
2157 3171 2398 3225 Νείλου.
2425 3169 2630 3233 -Βίος
2661 3162 2905 3239 ἠσῧχιος,
2937 3165 3239 3238 χρημάτων
3270 3164 3481 3218 πολλῶν
3509 3180 3661 3235 περι-

404 3258 575 3329 gotia,
604 3260 924 3318 divitiarum
959 3266 1302 3325 abundantia
1327 3271 1598 3329 illustrior
1628 3275 1868 3331 exsistit.
2089 3263 2441 3333 φαινέστερος·

477 3344 589 3402 Res
617 3347 756 3403 dura
779 3360 866 3405 est
890 3349 958 3406 iis
992 3353 1088 3423 qui
1123 3354 1237 3425 jam
1258 3371 1456 3412 recens
1476 3360 1680 3415 saeculo
1725 3348 1984 3418 nuntium

2174 3354 2464 3418 Ἐπίπονος
2494 3355 2610 3417 τοῖς
2637 3350 2837 3405 νεωστὶ⁵
2875 3348 3345 3419 ἀποτασσομένοις
3375 3350 3408 3419 ἡ
3439 3346 3656 3418 ἡσυχίᾳ.

406 3437 722 3505 remittunt,
746 3441 1068 3498 solitudinis
1099 3446 1261 3514 quies
1282 3461 1346 3501 ac
1365 3448 1531 3518 600
1557 3451 1805 3518 vacatio;
1830 3452 1983 3521 quod

2086 3443 2220 3497 Τότε
2248 3444 2357 3515 γάρ
2382 3443 2572 3516 καιρὸν
2595 3441 2840 3495 λαϐοῦσα
2880 3441 2915 3511 ὴ
2946 3441 3158 3510 μνήμη,
3203 3440 3384 3493 πᾶσαν
3412 3440 3663 3492 ἀνακινεῖ

406 3536 540 3582 tunc
576 3531 845 3586 memoria
874 3534 1224 3590 occasionem
1275 3548 1436 3593 nacta
1483 3540 1708 3596 insitam
1760 3557 1982 3598 omnem

2083 3535 2183 3607 τὴν
2210 3536 2541 3606 ὲγκειμένην
2567 3532 2936 3604 ἀκαθαρσίαν,
2967 3533 3029 3586 οὑ
3079 3530 3417 3600 σχολάζουσα
3462 3528 3657 3597 πρότε-

404 3617 817 3677 immunditiem
841 3637 1207 3694 commoveat,
1249 3645 1374 3686 cum
1411 3632 1467 3687 id
1492 3642 1621 3690 ante
1656 3635 1709 3690 ei
1739 3635 1980 3692 liberum

2086 3644 2179 3698 ρον
2202 3627 2363 3680 τοῦτο
2398 3629 2572 3681 ποιεῖν
2617 3626 2705 3681 διά
2750 3625 2813 3679 τὸ
2865 3622 3071 3695 πλῆθος
3110 3622 3220 3677 τῶν
3264 3619 3656 3695 περισπώντων

402 3721 515 3760 non
565 3719 736 3776 esset,
779 3710 852 3765 ob
902 3714 1072 3770 multa
1131 3717 1225 3774 illa
1280 3720 1487 3790 quibus
1536 3723 1976 3791 distrahebatur,

909 3714 1072 3770 multa
1131 3717 1225 3774 illa
1280 3720 1487 3790 quibus
1536 3723 1976 3791 distrahebatur,
2083 3718 2453 3798 πραγμάτων.
2503 3725 2515 3736 ’

398 3797 640 3868 negotia.

469 3886 1015 3960 Cyrilli.-—Turbato
1043 3900 1227 3956 animo
1255 3910 1422 3973 atque
1449 3905 1632 3971 anxio,
1660 3922 1842 3977 neque
1878 3909 1979 3964 ho-

2148 3898 2478 3967 Κυρίλλου.
2547 3925 2611 3936 -
2669 3896 2757 3949 Ἐν
2816 3893 3202 3967 θορυϐουμένῳ
3268 3888 3365 3945 καί⁸
3396 3887 3657 3989 ’ἀγωνίαν

395 3980 538 4033 nesti
572 3990 739 4053 atque
765 3985 1038 4044 virtutum
1065 3991 1176 4046 ulla
1207 3995 1491 4070 cogitatio,
1517 4012 1698 4067 neque
1725 3999 1824 4054 Dei
1850 4015 1976 4071 gra-

2078 3991 2256 4064 εχοντι
2285 3990 2382 4060 νῷ,
2435 3988 2560 4043 οὔτε
2616 3987 2797 4043 ἔννοιά
2844 4003 2929 4052 τις
2975 3986 3087 4040 τῶν
3115 3983 3318 4049 καλῶν,
3362 3980 3487 4034 οὔτε
3516 3980 3655 4034 Θεοῦ

396 4068 469 4123 tia
498 4072 732 4129 accedit.
1216 4068 1223 4070 ἡ
1860 4068 1874 4071 ν

1860 4068 1874 4071 ν
2076 4086 2237 4157 χάρις
2260 4083 2558 4153 ἐγγίνεται.
3342 4140 3348 4147 ,

460 4161 763 4221 Athanasii.
797 4199 868 4207 —
915 4169 1113 4227 Melius
1146 4182 1232 4228 est
1267 4182 1327 4229 ut
1391 4176 1682 4234 dubietate
1724 4181 1971 4238 animum

2161 4180 2437 4233 Ἆθανασ.
2471 4206 2543 4219 -
2580 4174 2798 4228 Βέλτιον
2827 4171 3169 4243 ἀποροῦντας
3204 4169 3417 4239 σιωπᾷν
3443 4165 3538 4221 καὶ
3557 4181 3651 4218 πι-

390 4250 667 4319 pulsante,
703 4256 968 4314 sileamus
1001 4270 1168 4331 atque
1216 4264 1546 4333 credamus,
1600 4284 1764 4338 quam
1801 4281 1863 4326 ut
1904 4288 1974 4327 ex

1600 4284 1764 4338 quam
1801 4281 1863 4326 ut
1904 4288 1974 4327 ex
2078 4266 2311 4334 στεύειν,
2353 4267 2386 4339 ἢ
2415 4268 2666 4320 ἀπιστεῖν
2700 4262 2786 4317 διά
2820 4264 2882 4317 τδ
2906 4266 3153 4337 ἀπορεῖν.

390 4340 505 4404 illa,
541 4360 572 4399 a
599 4346 931 4405 credulitate
964 4360 1024 4405 et
1055 4351 1163 4409 ﬁde
1195 4356 1534 4414 resiliamus.
2338 4445 2347 4446 ί
2587 4443 2639 4446 Α-
2803 4440 2821 4446 ,
2858 4441 2870 4446 _
2965 4439 3030 4446 __
3154 4440 3168 4446 _
3301 4436 3313 4446 .
3463 4431 3525 4446 ....

457 4431 666 4490 Sacrat.
695 4468 766 4478 ——-
793 4438 1051 4497 Socrates
1096 4445 1493 4519 interrogatus,
1544 4452 1772 4521 quinam
1816 4465 1969 4513 tran-
2002 4446 2050 4506 Ι)

2037 4453 2050 4501 λ
2147 4445 2482 4513 Σωκράτης.
2500 4472 2566 4484 —-
2585 4440 2932 4511 Ἐρωτηθεὶς,
2962 4439 3120 4502 Τίνες
3145 4436 3432 4508 ἀταράχως
3457 4431 3643 4499 (dictv;

386 4523 562 4593 quillo
585 4529 772 4587 animo
790 4547 853 4589 ac
875 4534 1266 4605 imperturbati
1296 4543 1555 4599 viverent
1579 4562 1591 4597 :
1612 4544 1740 4613 Qui,
1765 4547 1968 4619 inquit,

1786 4551 1968 4619 nquit,
2073 4540 2136 4592 Οί
2169 4538 2336 4609 μηδὲν
2368 4538 2600 4599 ἑαυτοῖς,
2637 4529 2812 4599 εἶπεν,
2843 4534 3043 4589 ἄτοπον
3078 4529 3392 4589 συνειδότες.

386 4617 598 4674 nullius
626 4620 734 4676 sibi
768 4626 998 4681 sceleris
1032 4631 1273 4702 malique
1302 4635 1515 4690 conscii
1547 4646 1702 4693 sunt.
1846 4617 1860 4619 _
2190 4637 2198 4643 ’

455 4708 742 4768 Μοεεὴὶοη.
772 4745 845 4755 -
865 4716 969 4783 Qui
1003 4720 1296 4778 turbarum
1321 4740 1488 4782 causa
1527 4730 1778 4798 secessit,
1801 4748 1967 4803 quam

2144 4722 2518 4790 Μοσχίωνος.
2584 4751 2652 4762 -
2718 4719 3081 4787 Ἀπαλλαγεὶς
3126 4714 3286 4768 ἕνεκα
3336 4709 3638 4781 ὀχλήσεως,

264 4801 289 4817 ¹
385 4800 518 4857 fecit
538 4804 810 4874 jacturam
842 4808 999 4865 lucro
1034 4813 1210 4870 ducit.
1819 4800 1836 4803 _

1819 4800 1836 4803 _
2069 4814 2258 4883 κέρδος
2288 4814 2505 4881 ἡγεῖται
2529 4813 2558 4865 ὁ
2596 4810 2879 4882 ἄνθρωπος
2907 4811 3005 4881 τὴν
3034 4808 3253 4879 ζημίαν.

452 4892 784 4965 Aristipp.—
814 4897 1132 4971 Aristippus
1162 4905 1401 4975 quodam
1427 4909 1508 4963 illi
1534 4910 1757 4969 dicente
1785 4933 1798 4969 :
1829 4917 1967 4971 Pro-

2152 4905 2487 4973 Ἀριστίππ.
2517 4933 2588 4942 -
2615 4902 2880 4971 Λέγοντος
2910 4901 3059 4971 αὑτῷ
3088 4917 3250 4962 τινος,
3279 4897 3376 4951 Διά
3410 4892 3470 4949 σὲ
3533 4896 3644 4950 άπ-

383 4993 508 5053 pter
539 4992 592 5041 te
625 5001 757 5057 ager
803 4991 969 5059 perit,
1022 4997 1314 5065 respondit
1346 5017 1360 5052 :
1392 5001 1538 5072 Ergo
1572 5015 1797 5073 prtestat
1838 5024 1969 5078 pro-

2064 4994 2311 5048 ὀλωλενὸ
2359 4994 2529 5064 ἀγρός
2555 5010 2568 5025 ·
2603 4992 2837 5056 Οὐκοῦν,
2891 4992 3017 5063 ἔφη,
3069 4991 3284 5046 κάλλιον
3311 4989 3377 5042 δι’
3414 4988 3518 5058 ἐμὲ
3549 4988 3643 5041 τὸν

382 5086 508 5151 pter
538 5093 625 5133 me
653 5079 915 5148 periisse,
949 5100 1114 5153 quam
1146 5097 1207 5141 ut
1249 5105 1351 5161 ego
1384 5093 1534 5149 illius
1588 5111 1758 5152 causa
1786 5101 1963 5168 perie—

1302 5105 1351 5161 go
1384 5093 1534 5149 illius
1588 5111 1758 5152 causa
1786 5101 1963 5168 perie—
2066 5085 2261 5156 ἀγρὸν,
2294 5085 2327 5155 ἧ
2353 5084 2443 5139 διὰ
2474 5084 2566 5138 τδν
2596 5084 2764 5157 ἀγρὸν
2786 5084 2908 5153 ἐμέ-

381 5168 510 5223 rim.

449 5256 722 5350 Demosth.
755 5264 987 5320 ——Cum
1042 5269 1268 5338 quidam
1332 5275 1382 5329 ei
1439 5274 1654 5331 diceret
1698 5295 1713 5330 :
1753 5279 1961 5350 Agrum

2136 5266 2392 5335 Δημοσο.
2422 5293 2492 5304 -
2519 5262 2784 5331 Λέγοντος
2814 5260 2962 5332 αὐτῷ
2991 5278 3154 5327 τινος,
3189 5259 3271 5313 ὃτι
3303 5257 3410 5311 Τοῦ
3469 5258 3643 5329 ἀγροῦ

380 5349 615 5421 negligis
649 5368 756 5407 nec
776 5370 941 5409 curas
964 5374 1079 5412 rem
1106 5359 1456 5431 familiarem,
1477 5367 1578 5422 tibi
1599 5384 1734 5424 vero
1759 5349 1957 5427 vacas:

2066 5357 2311 5427 ἀμελεῖς,
2344 5354 2524 5426 ἑαυτῷ
2560 5354 2618 5408 δὲ
2659 5349 2943 5423 σχολάζεις
2965 5367 2981 5383 ·
3031 5352 3236 5405 Τούτου
3264 5350 3309 5381 δ’
3339 5350 3473 5421 γὰρ,
3510 5350 3641 5422 ἔφη,

380 5433 516 5507 Ejus
546 5440 846 5509 nimirum,
883 5446 1101 5515 inquit,
1149 5467 1338 5506 curam
1396 5471 1534 5525 ago,
1589 5461 1748 5531 cujus
1794 5476 1958 5517 causa

1862 5478 1958 5517 usa
2065 5447 2456 5519 ἐπιμελοῦμαι,
2488 5447 2555 5501 δι’
2589 5446 2648 5500 ὃν
2684 5445 2778 5498 καὶ
2805 5443 2897 5497 τὸν
2925 5442 3092 5514 ἀγρὸν
3120 5443 3461 5514 ἐκτησάμην.

382 5528 552 5583 etiam
587 5548 778 5603 agrum
818 5542 1154 5607 comparavi.

1656 5643 1890 5700 "(\RIIE
1929 5648 2322 5707 LECTIONES.

465 5709 513 5743 “
548 5710 716 5767 Gesn.
750 5714 854 5768 τῶν
880 5716 1036 5771 θείων
1062 5722 1118 5775 ἐν
1152 5725 1405 5801 εὐκαιρίᾳ
1433 5731 1693 5806 ἐπιτύχῃ,
1766 5738 1809 5768 ⁸²
1850 5737 2015 5794 Gesn,
2041 5743 2182 5797 male
2213 5742 2418 5798 τούτων
2463 5753 2518 5802 ει
2550 5746 2618 5799 δι’
2644 5738 2736 5798 ὧν,

2765 5914 2777 5943 ι
