4066 6146
426 274 532 336 855

1579 285 1641 342 S.
1684 285 1973 344 MAXIMI
2014 285 2525 348 CONFESSORIS

3569 300 3683 365 856

493 380 1137 440 Basilii.—Alienorum
1184 389 1476 457 expetitor,
1530 391 1695 459 paulo
1740 403 1868 460 post
1906 391 1997 445 lu—

2173 399 2516 452 Βασιλείου.
2551 429 2616 442 -——
2661 400 2721 452 '0
2765 399 2875 453 τῶν
2921 402 3219 474 ἀλλοτρίων
3265 405 3431 474 ἐρῶν,
3472 409 3592 479 μετ’
3617 412 3685 465 ού

427 472 580 541 gebit
613 474 731 528 suis
756 475 1046 543 spoliatus.

496 563 653 618 Prov.
687 566 999 627 xxx,l6.——
1021 566 1240 633 Quanta
1295 568 1445 624 videt
1473 571 1689 632 oculus,
1723 579 1874 625 tanta
1902 571 2003 627 de-

426 655 634 710 siderat
676 672 899 711 avarus.
944 657 1199 715 lnfernus
1246 676 1357 715 non
1400 660 1857 726 dixit:Sulllcit;
1899 677 2002 717 nec

427 763 624 803 avarus
649 764 714 804 ac
762 749 988 820 iniquus
1020 760 1210 823 raptor
1252 768 1497 823 unquam
1532 753 1676 807 dixit
1706 771 1720 807 :
1759 752 1997 808 Sullicit.

424 840 600 895 Malus
648 842 740 896 hic
808 842 863 896 in
919 843 1057 897 urbe
1116 859 1402 910 convena,
1453 845 1635 900 malus
1683 845 1805 900 ruri
1853 844 1994 899 vici-

424 947 552 986 nus.
577 931 725 987 Mare
759 946 891 988 suos
930 933 1069 990 ﬁnes
1109 936 1360 1006 agnoscit
1391 954 1406 1002 ;
1469 952 1582 991 nox
1612 950 1835 1007 quoque
1862 938 1996 995 olim

423 1025 634 1093 positos
670 1026 941 1082 terminos
986 1042 1098 1083 non
1154 1029 1495 1089 transcendit
1538 1030 1655 1102 (Job
1701 1046 1845 1097 xxvr,
1887 1032 1996 1100 10;

424 1115 555 1173 Gen.
583 1134 621 1183 ι,
639 1117 727 1189 9).
749 1119 963 1175 Avarus
984 1127 1170 1176 autem
1187 1122 1403 1176 nullum
1432 1119 1657 1194 tempus
1676 1133 1997 1179 reveretur:

424 1210 726 1265 terminum
766 1227 880 1267 non
918 1214 1203 1283 agnoscit,
1242 1229 1346 1269 nec
1392 1215 1764 1271 successionis
1812 1216 1998 1271 ordini

423 1300 721 1367 concedit;
782 1302 879 1357 sed
932 1303 1076 1374 ignis
1120 1304 1443 1360 violentiam
1484 1306 1762 1371 imitatur;
1808 1307 1996 1362 omnia

423 1392 677 1461 corripit,
710 1394 896 1449 omnia
922 1395 1241 1451 absumitet
1270 1396 1607 1468 depascitur.
1641 1397 1784 1464 Quid
1827 1399 1997 1470 igitur

421 1484 657 1549 postea?
688 1483 884 1540 Nonne
920 1494 1031 1541 tres
1062 1487 1366 1543 univcrsim
1408 1497 1466 1544 te
1496 1488 1675 1544 cubiti
1723 1488 1998 1545 manent?

420 1571 615 1627 Nonne
653 1562 979 1644 'paucorum
1037 1578 1284 1648 lapidum
1321 1580 1495 1637 moles
1520 1580 1588 1636 ad
1650 1581 1996 1636 condendam

421 1661 675 1717 miseram
707 1679 926 1720 carnem
962 1666 1194 1724 sufﬁciet
1220 1669 1245 1722 *ί
1267 1669 1349 1724 Ad
1378 1670 1513 1749 quid
1545 1671 1713 1742 igitur
1740 1671 2000 1727 laboras?

419 1751 694 1819 Quorsum
720 1755 907 1827 inique
929 1759 1083 1829 agis?

490 1844 726 1900 Praestat
775 1848 1040 1917 paulatim
1088 1850 1364 1906 industria
1407 1868 1473 1907 ac
1519 1854 1771 1910 consiliis
1812 1855 1997 1909 levare

421 1934 691 2007 inopiam,
730 1954 893 2008 quam
946 1949 1174 2010 repente
1205 1942 1402 1998 alienis
1440 1945 1745 2011 sublatum,
1788 1946 1855 2000 ad
1905 1961 2001 2000 ex-

423 2033 663 2079 tremum
694 2027 846 2082 omni
871 2028 1185 2086 substantia
1224 2033 1447 2087 nudari.

492 2116 598 2184 Qui
617 2134 681 2173 ea
710 2135 832 2189 quae
857 2129 987 2175 sunt
1011 2123 1241 2179 alterius
1263 2125 1563 2195 accipiens,
1594 2126 1756 2181 alteri
1780 2126 1996 2191 tribuit,

424 2209 473 2264 is
514 2225 626 2264 non
659 2212 1059 2269 misericordiae
1087 2229 1229 2284 opus
1258 2225 1502 2282 exercet,
1536 2217 1636 2272 sed
1681 2225 1991 2271 extremam

425 2301 757 2371 iniustitiam
784 2301 941 2359 facit.
992 2305 1129 2360 Nam
1160 2306 1209 2361 si
1244 2307 1559 2363 erablatis
1602 2324 1705 2379 per
1738 2307 2001 2378 injuriam

423 2390 861 2446 misericordiam
904 2393 1201 2463 impendis,
1245 2394 1356 2450 illis
1392 2396 1653 2466 impende
1707 2413 1735 2451 a
1792 2396 2000 2467 quibus

425 2481 726 2538 abstulisti.
754 2480 973 2539 Etenim
1007 2485 1133 2556 pius
1179 2495 1265 2543 est
1290 2502 1354 2542 ac
1386 2488 1702 2560 religiosus,
1754 2504 1867 2543 non
1905 2487 2002 2558 qui

426 2574 483 2629 in
512 2575 720 2630 multos
754 2576 992 2632 effundit
1024 2578 1467 2650 eleemosynam,
1520 2578 1617 2633 sed
1640 2579 1735 2649 qui
1784 2579 2000 2634 nullum

428 2664 631 2735 injuria
660 2663 831 2719 laedit.

490 2755 752 2825 Theologi.
777 2787 849 2795 —
880 2754 1060 2811 Scorti
1092 2772 1306 2814 merces
1324 2773 1438 2813 non
1465 2768 1617 2814 caste
1641 2757 1997 2830 dispertitur.

426 2845 699 2900 Extrema:
729 2846 880 2899 enim
912 2832 1154 2903 miseria:
1178 2856 1284 2913 est,
1338 2863 1451 2903 non
1480 2844 1537 2902 in
1571 2849 1691 2904 suis
1732 2849 2002 2903 munitio-

426 2940 603 3002 ribus,
631 2938 727 2993 sed
750 2939 805 2993 in
829 2937 1030 2993 alienis
1062 2934 1357 3009 fragilihus
1382 2947 1564 2993 tutum
1594 2953 1739 2994 esse.

493 3114 657 3186 602
688 3113 957 3186 'Chrysost.
986 3145 1058 3154 —
1092 3112 1198 3180 Qui
1228 3128 1339 3168 non
1372 3112 1587 3182 indiget
1621 3109 1853 3174 alienis.
1903 3110 1999 3165 sed

425 3219 524 3259 sua
558 3203 667 3259 sibi
697 3203 950 3260 sullicere
972 3204 1282 3270 existimat,
1336 3204 1383 3258 is
1405 3203 1655 3258 omnium
1685 3197 1999 3256 ditissimus

411 3303 529 3351 iest.

492 3387 597 3455 Qui
626 3405 740 3445 sua:
765 3388 1056 3459 cupiditati
1100 3386 1325 3442 modum
1376 3386 1661 3456 imponere
1695 3384 1894 3458 nescit,
1953 3385 2002 3440 is

409 3478 529 3534 oetsi
560 3479 747 3533 omnia
792 3477 1042 3533 omnium
1089 3475 1196 3532 sibi
1249 3476 1532 3547 acquirat,
1581 3475 1861 3546 quomodo
1898 3491 2004 3531 un-

407 3586 586 3643 quam
613 3570 770 3627 dives
801 3571 973 3627 fuerit
998 3571 1023 3624 ἲ

491 3661 789 3715 Plutarchi.
819 3692 890 3701 —
918 3658 1023 3727 Qui
1046 3676 1115 3716 ex
1137 3660 1285 3731 turpi
1315 3660 1474 3715 lucro
1498 3659 1554 3713 in
1575 3657 1841 3728 praeclara
1870 3672 1999 3711 mu-

422 3768 558 3809 nera
587 3762 841 3823 sumptus
874 3752 1106 3820 faciunt,
1154 3750 1338 3809 simile
1371 3750 1507 3822 quid
1534 3750 1769 3816 faciunt,
1808 3764 1875 3805 ac
1904 3749 2001 3819 qui

421 3844 597 3899 Deum
631 3859 699 3899 ex
728 3844 1019 3915 sacrilegio
1054 3846 1269 3900 colunt.
1449 3908 1453 3914 γ
1550 3834 1551 3837 “

490 3934 775 3990 Democrit.
802 3966 873 3975 —
894 3936 1111 3993 Divitiae
1134 3938 1278 3991 malo
1300 3935 1547 3992 facinore
1572 3942 1764 4005 partae,
1803 3933 1999 4005 majori

422 4026 778 4097 possidentur
807 4028 1099 4085 dedecore.

492 4119 649 4175 Haud
673 4120 897 4191 quidem
925 4120 1121 4176 inutile
1157 4119 1391 4175 divitias-
1430 4134 1666 4190 parare;
1718 4133 1820 4189 per
1860 4118 2003 4191 inju-

425 4209 635 4264 stitiam
672 4218 857 4265 autem
887 4211 1049 4280 longe
1075 4210 1377 4280 pessimum
1415 4218 1520 4264 est.

493 4299 756 4355 Socrates.
780 4331 850 4340 —
887 4300 1146 4356 Socrates
1173 4316 1369 4357 avaros
1391 4300 1589 4355 avibus
1612 4299 1998 4370 comparabat,

2100 483 2237 538 πολὺ
2273 484 2537 557 θρηνήσει
2562 486 2673 540 τῶν
2708 489 2855 543 ἰδίων
2885 493 3386 564 ἀποστερούμενος.

2174 574 2312 631 Ὅσα
2342 576 2530 647 βλέπει
2566 578 2863 651 ὀφθαλμὸς,
2890 601 3132 654 ’τοσαυτα
3156 584 3416 656 ἐπιθυμεῖ
3435 590 3463 642 ό
3489 588 3683 644 πλεον-

2100 664 2282 738 έκτης.
2352 667 2413 722 ’0
2451 669 2585 741 ᾅδης
2616 672 2717 725 οὐκ
2754 668 2928 738 εἶπεν,
2971 675 3179 747 Ἀρκεῖ·
3242 678 3367 732 οὐδὲ
3407 681 3435 733 ό
3483 680 3680 736 πλεονο

2096 755 2264 827 έκτης
2291 758 2413 812 εἶπέ
2429 775 2581 826 ποτε,
2610 762 2814 833 Ἀρκεῖ.
2853 765 3096 836 Πονηρὸς
3121 768 3179 821 ἐν
3214 768 3368 823 πόλει
3403 770 3676 838 σύνοικος,

2104 850 2343 921 πονηρὸς
2390 851 2449 906 ἐν
2488 852 2696 925 ἀγροῖς.
2744 855 2809 907 Ἥ
2842 855 3088 912 θάλασσα
3116 859 3257 913 οἶδεν
3304 861 3375 915 τά
3425 863 3549 933 ὅρια
3577 867 3680 917 αύ-

2096 939 2218 1007 τῆς·
2252 941 2286 1009 ἠ
2342 940 2439 1007 νὺξ
2488 943 2586 1013 οὐχ
2631 944 2950 1014 ὑπερϐαίνει
2996 949 3282 1020 ὁροθεσίας
3313 952 3570 1022 ἀρχαίας.
3617 956 3679 1009 '0

2100 1030 2431 1102 πλεονέκτης
2461 1033 2561 1087 οὐκ
2600 1035 2831 1089 αἰδεῖται
2878 1039 3090 1108 χρόνον,
3136 1040 3197 1094 ού
3241 1043 3499 1112 γνωρίζει
3527 1045 3678 1117 ὅρον,

2098 1123 2159 1175 ού
2190 1125 2462 1192 συγχωρεῖ
2500 1125 2795 1198 ἀκολουθίᾳ
2833 1127 3107 1199 διαδοχῆς·
3137 1128 3274 1185 ἄλλά
3306 1138 3554 1203 μιμεῖται
3579 1138 3675 1191 τοῦ

2102 1214 2275 1285 πυρὸς
2322 1214 2423 1286 τὴν
2476 1214 2620 1285 βίαν·
2656 1218 2835 1272 πάντα
2862 1220 3317 1292 ἐπιλαμϐάνεται,
3352 1227 3532 1280 πάντα
3558 1228 3680 1280 ἐπι-

2105 1305 2354 1377 νέμεται.
2388 1308 2454 1362 Τί
2484 1305 2625 1363 εῖναι
2677 1311 2818 1379 μετά
2869 1311 3069 1379 ταύτας
3106 1314 3242 1385 Οὐχὶ
3275 1318 3426 1386 τρεῖς
3479 1334 3539 1369 σε
3571 1320 3680 1388 πή-

2105 1413 2217 1469 χεις
2253 1400 2614 1471 ἀναμένουσιν
2648 1404 2698 1454 οἰ
2736 1404 2973 1469 πάντεςς
3010 1406 3130 1475 οὐχὶ
3158 1406 3321 1460 λίθων
3351 1407 3549 1476 ὀλίγων
3579 1409 3675 1480 βά-

2115 1507 2206 1563 ρος
2240 1492 2469 1564 ἀρκέσει
2502 1493 2638 1564 πρὸς
2680 1495 2926 1565 φυλακὴν
2979 1496 3228 1568 δυστήνῳ
3275 1499 3485 1570 σάρκες
3534 1501 3678 1571 ὑπὲρ

2104 1581 2249 1645 τίνος
2286 1582 2380 1635 οὖν
2407 1582 2672 1653 ,μοχθεῖς;
2704 1585 2844 1655 ὑπὲρ
2879 1586 3026 1651 τινος
3054 1591 3428 1659 παρανομεῖςς

2172 1846 2391 1899 Βέλτιον
2419 1846 2539 1909 ταῖς
2579 1847 2722 1900 κατά
2779 1848 2976 1918 μικρὸν
3028 1851 3296 1912 ἐπινοίαις
3350 1850 3449 1920 τὴν
3482 1851 3675 1921 χρείαν

2100 1938 2621 2010 παραμυθήσασθαι,
2641 1941 2674 2012 ἢ
2695 1940 2906 2010 ἀθρόως
2923 1941 3230 2010 ἐπαρθέντα
3245 1942 3357 2005 τοῖς
3372 1943 3676 2013 ἀλλοτρίας

2102 2029 2329 2101 ὕστερον
2355 2030 2573 2084 πάντων
2594 2031 2727 2101 όμοῦ
2754 2031 3071 2102 προσόντων
3096 2033 3567 2104 ἀπογυμνοῦσθαι.

2182 2122 2242 2174 Ὀ
2270 2124 2337 2177 τὰ
2366 2122 2585 2193 ἑταίρου
2615 2122 2929 2193 λαμϐάνων,
2967 2125 3063 2176 καὶ
3109 2125 3322 2195 ἑτέροις
3352 2123 3549 2188 διδοὺς,
3573 2125 3676 2179 οὐκ

2099 2212 2350 2282 ἠλέησεν,
2381 2213 2497 2265 ἀλλ’
2531 2212 2793 2282 ἠδίκησεν
2823 2213 3038 2266 ἀδικίαν
3059 2212 3157 2284 τὴν
3191 2213 3451 2285 ἐσχάτην.
3484 2215 3546 2267 Εἰ
3575 2214 3675 2284 μὲν

2101 2303 2210 2373 γὰρ
2242 2302 2412 2367 ἐλεεῖς
2444 2302 2504 2368 ἐξ
2539 2296 2615 2355 ὧν
2657 2303 2884 2367 ἀδικεῖς,
2921 2303 3144 2377 ἐλέησον
3173 2303 3268 2368 οὓς
3307 2305 3533 2368 ἀδικεῖς.
3569 2305 3674 2358 Εὑ-

2104 2395 2267 2466 σεϐὴς
2291 2394 2402 2464 γὰρ
2428 2395 2653 2458 ἐκεῖνος,
2681 2396 2781 2464 οὐχ
2815 2398 2843 2449 ό
2869 2396 3100 2459 πολλοὺς
3132 2396 3322 2461 ἐλεῶν,
3358 2396 3475 2449 ἀλλ’
3505 2398 3534 2450 ό
3570 2412 3676 2467 μη-

2101 2486 2227 2539 δένα
2256 2485 2482 2539 ἀδικῶν.

2176 2748 2492 2817 Θεολόγου.
2520 2777 2591 2787 -
2619 2746 2896 2817 Μίσθωμα
2942 2747 3143 2817 πόρνης
3183 2745 3356 2816 ἁγνῶς
3399 2747 3459 2799 ού
3510 2747 3669 2817 μερί-

2104 2838 2276 2902 ζεται.
2311 2840 2465 2893 Ἔστι
2492 2839 2600 2910 γάρ
2631 2838 2733 2910 τῆς
2780 2839 2959 2911 ἀκρας
3000 2838 3449 2909 κακοδαιμονίας,
3497 2839 3573 2911 μὴ
3616 2843 3674 2892 ὲν

2102 2932 2219 2995 τοῖς
2255 2928 2406 2994 ἰδίοις
2442 2934 2682 3001 ἰσχυροῖς
2724 2930 2785 2983 τὸ
2821 2931 3064 3000 ἀσφαλὲς
3110 2930 3275 3003 ἔχειν,
3320 2931 3434 2985 ἀλλ’
3466 2934 3524 2985 ἐν
3562 2934 3675 2995 τοῖς

2103 3021 2402 3095 ἀλλοτρίων
2432 3022 2673 3094 σαθροῖς.

2174 3116 2479 3182 Χρυσοστ.
2534 3146 2601 3156 -
2649 3115 2709 3169 '0
2752 3116 2860 3187 γὰρ
2895 3117 2971 3188 μὴ
3038 3116 3297 3188 δεόμενος
3349 3114 3460 3169 τῶν
3518 3112 3676 3168 ἀλλο-

2101 3209 2294 3278 τρίων,
2326 3208 2442 3262 ἀλλ’
2491 3211 2550 3262 ἐν
2596 3208 2899 3281 αὐταρκείᾳ
2935 3207 3174 3279 νομίζων
3229 3204 3392 3272 εἶναι,
3459 3207 3677 3261 πάντων

2103 3302 2253 3355 ἐστὶν
2281 3300 2681 3372 εὐπορώτερος.

2185 3394 2246 3448 '0
2279 3395 2379 3464 τὴν
2421 3393 2618 3447 ἑαυτοῦ
2672 3393 2749 3464 μὴ
2790 3393 3088 3463 δυνάμενος
3131 3394 3326 3464 στῆσαι
3358 3391 3673 3463 ἐπιθυμίαν,

2103 3485 2208 3539 κᾶν
2260 3485 2328 3541 τά
2380 3487 2598 3540 πάντων
2636 3485 3057 3557 περιϐέϐληται,
3090 3485 3210 3550 πῶς
3250 3479 3406 3551 οὗτος
3438 3483 3590 3538 ἔσται
3618 3483 3677 3535 ἐν

2103 3574 2337 3648 εὐπορίᾳ
2367 3575 2497 3629 ποτέ
2522 3591 2538 3641 ;
2802 3563 2806 3567 ’

2124 3692 2130 3698 ·
2178 3667 2591 3736 Πλουτάρχου.
2621 3697 2689 3709 -
2715 3668 2779 3721 Οί
2814 3666 2922 3721 ἀπὸ
2957 3667 3067 3722 τῶν
3100 3668 3341 3739 αἰσχρῶν
3366 3666 3573 3738 κερδῶν
3597 3667 3680 3728 εἰς

2102 3760 2203 3824 τάς
2259 3758 2432 3823 καλὰς
2508 3759 2891 3823 ἀναλίσκοντες
2943 3759 3327 3832 λειτουργίας,
3379 3758 3567 3830 ὅμοιόν
3622 3775 3679 3811 τι

2103 3850 2341 3918 ποιοῦσι,
2370 3851 2483 3915 τοῖς
2525 3850 2635 3905 ἀπὸ
2681 3851 2783 3922 τῆς
2829 3851 3135 3922 ἱεροσυλίας
3164 3850 3533 3905 θεοσεϐοὓσιν.

2172 3943 2486 4012 Δημοκρίτ.
2516 3970 2587 3985 --
2611 3940 2847 4006 Πλοῦτος
2882 3943 2997 3998 ἀπὸ
3044 3944 3221 4014 κακῆς
3261 3943 3526 4012 ἐργασίας
3554 3943 3680 3995 ἐπι-

2104 4034 2416 4103 γινόμενος,
2444 4031 2538 4086 ἐπὶ
2565 4032 2948 4104 φανερώτερον
2976 4034 3191 4098 ὄνειδος.
3210 4035 3497 4105 κέκτηται.

2176 4128 2456 4199 Χρήματα
2487 4125 2735 4199 πορίζειν
2774 4126 2896 4199 μὲν,
2944 4126 3046 4183 οὐκ
3073 4125 3311 4196 ἀχρεῖον·
3353 4125 3415 4191 ἐξ
3464 4123 3677 4187 ἀδικίας

2102 4219 2181 4284 δὲ,
2209 4219 2428 4273 πάντων
2465 4216 2679 4270 κάκιον.

2173 4309 2512 4380 Σωκράτης.
2537 4341 2611 4350 -
2640 4310 2778 4372 Τοὺς
2815 4308 3145 4372 πλεονέκτας
3182 4308 3369 4372 εἴκαζε
3417 4309 3538 4369 ταῖς
3584 4307 3679 4378 δρε-

422 4407 659 4462 quarum
688 4407 796 4446 una
832 4391 1059 4462 quidem
1089 4390 1321 4461 deglutit
1363 4389 1634 4460 quidquid
1664 4390 1993 4457 occurrerit,

2103 4421 2259 4460 νισιν·
2285 4398 2360 4458 ὧν
2392 4404 2426 4473 ἡ
2462 4402 2561 4474 μὲν
2604 4402 2920 4466 καταπίνει,
2973 4402 3002 4454 ὃ
3036 4419 3089 4455 τι
3139 4401 3207 4454 ἀν
3239 4399 3546 4470 προστύχῃ,
3578 4399 3676 4450 καὶ

421 4497 487 4536 ac
529 4481 868 4552 quandoque
912 4481 1249 4542 sutl‘ocatur;
1296 4481 1528 4550 reliquae
1582 4495 1718 4534 vero
1768 4479 2003 4537 comites

423 4574 614 4628 volant
645 4580 702 4627 et
727 4582 1092 4638 assectautur,
1133 4583 1195 4626 ut
1217 4582 1434 4643 partem
1465 4575 1688 4644 rapiant
1710 4588 1775 4628 ac
1797 4573 2003 4643 partim

423 4664 787 4721 suﬁ‘ocentur.

493 4758 716 4829 Diogen.
742 4759 1100 4830 —Diogenes
1128 4758 1502 4828 interrogatus
1528 4773 1780 4827 quaenam
1806 4759 2003 4814 bestiae

424 4849 699 4905 truciores
725 4859 932 4915 essent,
967 4848 1255 4919 respondit
1287 4866 1300 4901 :
1343 4850 1405 4903 In
1457 4849 1742 4904 montibus
1775 4849 2003 4920 quidem

424 4942 539 4998 ursi
566 4949 624 4997 et
652 4942 876 5008 leones;
924 4942 980 4996 in
1035 4940 1267 4996 urbibus
1315 4956 1452 4996 vero
1491 4939 1778 5012 publicani
1814 4949 1871 4996 et
1915 4955 2007 4996 ca-

425 5035 822 5089 lumniatores.
1034 5102 1042 5113 ‘

496 5125 786 5193 Antiphon.
816 5154 887 5163 —
918 5123 1055 5178 Mala
1084 5124 1261 5187 lucra,
1297 5123 1496 5203 breves
1515 5123 1852 5193 voluptates,
1882 5122 2006 5178 lon-

427 5228 527 5282 gos
555 5212 777 5267 dolores
808 5211 1043 5267 habent.

1063 5354 1359 5424 Euripidis.
1750 5336 1787 5382 θ

431 5462 531 5535 Qui
565 5463 721 5535 plura
748 5481 948 5533 semper
977 5467 1211 5535 appetit,
1233 5466 1325 5533 jus
1363 5463 1618 5535 negligit.

431 5533 537 5589 Nec
564 5534 700 5589 idem
729 5535 909 5588 amicis
938 5551 991 5587 se
1014 5533 1214 5599 sociat,
1242 5551 1335 5589 nec
1365 5533 1578 5588 ciuibus.

2104 4497 2253 4551 ἐστιν
2309 4494 2461 4548 ὅταν.
2494 4491 2769 4559 πνίγεται·
2818 4491 2874 4544 αῖ
2919 4493 2963 4545 δ’
2988 4490 3144 4545 άλλαι
3175 4488 3675 4562 παρακολουθοῦσιν

2103 4584 2326 4657 ἀφελεῖν
2360 4583 2494 4637 αὐτὸ
2540 4580 2901 4648 σπεύδουσαι,
2936 4581 3028 4636 ἵνα
3077 4581 3231 4652 παρά
3266 4581 3428 4651 μέρος
3472 4577 3675 4646 πνιγῶ-

2106 4695 2477 4833 σωίάιογένης.
2512 4789 2583 4801 --
2622 4758 2972 4829 Ἐρωτηθεὶς,
3015 4760 3140 4811 ποῖα
3186 4748 3274 4827 εἰη
3311 4755 3474 4828 θηρία
3514 4755 3678 4825 χαλε-

2105 4855 2358 4927 πῶτερα.
2406 4847 2562 4905 εἶπεν
2588 4890 2603 4916 ,
2660 4851 2748 4904 Ἐν
2790 4850 2892 4921 μὲν
2938 4851 3051 4914 τοῖς
3088 4850 3311 4921 ὄρεσιν,
3370 4849 3530 4918 ἄρκοι
3581 4849 3681 4903 καὶ

2105 4948 2338 5010 λέοντες·
2367 4946 2424 4998 ἐν
2454 4944 2512 4998 δὲ
2531 4944 2652 5007 ταῖς
2678 4942 2887 5007 πόλεσι,
2905 4941 3135 4997 τελῶναι
3166 4942 3260 4996 καὶ
3286 4941 3641 5009 συκοφάνται.

2188 5120 2602 5191 Ἀντιφάνους.
2628 5150 2697 5159 —
2722 5117 2810 5171 Τὰ
2841 5117 2940 5187 μὲν
2966 5118 3183 5189 πονηρά
3224 5118 3414 5189 κέρδη,
3450 5118 3548 5183 τάς
3576 5119 3682 5190 μὲν

2108 5213 2301 5285 ἡδονὰς
2335 5212 2448 5283 ἔχει
2480 5211 2705 5283 μικρὰς,
2735 5209 2835 5273 τὰς
2866 5210 2923 5263 δὲ
2954 5209 3133 5272 λύπας
3164 5210 3407 5280 μακράς.

2754 5347 2802 5398 Ε
2810 5342 3011 5412 ὑριπίδ
3017 5385 3031 5398 .

2188 5440 2396 5520 ’Ὅστις
2423 5457 2533 5525 γὰρ
2565 5456 2669 5525 ἐπί
2698 5453 2760 5507 τό
2803 5453 3207 5525 πλεῖον-ἐχειν·
3250 5452 3471 5522 πέφυκ’
3502 5440 3683 5521 ἀνὴρ,

2187 5524 2380 5578 θύδὲν
2411 5523 2623 5592 φρονεῖ
2647 5524 2880 5576 δίκαιον
2924 5523 3065 5576 οὐδὲ
3086 5523 3402 5592 ,ϐούλει-αι,

2142 5667 2158 5679 “
2185 5595 2392 5660 Φίλοις
2415 5591 2465 5647 τ’
2489 5595 2731 5658 ἄμικτός
2771 5594 2917 5655 ἐστι,
2954 5592 3051 5646 καί
3082 5591 3250 5662 πάσῃ
3280 5594 3475 5647 πόλει.
