4066 6146
428 282 567 346 ιεῦ9

1632 282 1693 339 S.
1734 278 2024 339 MAXIMI
2064 279 2575 340 CONFESSORIS

3618 286 3728 345 860

538 391 748 463 Cyrilli.
788 421 853 430 —
894 389 1328 445 Christianorum
1379 390 1556 460 prima
1603 390 1778 445 virtus
1821 389 2041 446 laudem

2223 392 2549 458 Κυρίλλου.
2609 421 2678 429 -
2740 385 3084 462 Χριστιανῶν
3141 391 3392 460 ἐνάρετος
3469 390 3728 445 εὐσέϐεια

464 482 693 546 habens,
724 480 898 549 pietas
935 489 1042 541 est,
1074 487 1134 534 ut
1174 487 1431 549 parentes
1469 479 1676 533 honore
1713 478 2032 543 afﬁciamus,

2138 479 2351 551 πρώτη,
2383 480 2445 533 τὸ
2476 481 2641 551 τιμᾷν
2677 481 2805 543 τοὺς
2850 480 3241 550 γεννήσανταςο
3265 480 3325 533 τδ
3352 481 3480 543 τοὺς
3526 481 3727 545 πόνους

465 583 630 642 atque
674 572 759 626 his
796 571 891 639 qui
920 580 1254 641 genuerunt,
1290 572 1509 625 labores
1549 570 1938 640 rependamus,
1969 586 2031 628 ac

2152 572 2477 643 Ξιμείψασθαι
2501 573 2610 627 τῶν
2643 572 2880 641 φύντων,
2914 571 3007 626 καί
3039 570 3192 641 πάσῃ
3222 570 3451 641 δυνάμει
3487 570 3557 624 τά
3586 574 3726 642 πρὸς

464 669 667 730 quanta
699 660 928 714 facultas
962 661 1271 716 necessaria
1301 661 1428 716 vita:
1460 660 1704 715 subsidia
1738 676 1803 715 ac
1834 661 2037 731 quibus

2152 664 2444 717 ὶνάπαυσιν
2487 664 2670 727 αὐτοῖς
2724 666 2989 732 ἐνεγκεῖν.
3047 662 3168 716 Κᾶν
3214 663 3327 734 γάρ
3381 663 3452 715 τά
3496 663 3729 716 πλεῖστα

467 751 801 815 reﬁciantur,
830 751 884 805 in
918 752 1040 806 illos
1065 752 1428 807 conferamus.
1456 752 1570 806 Etsi
1600 753 1747 807 enim
1776 753 2038 822 pleraque

2152 753 2345 818 τούτοις
2401 754 2710 825 ἀποδῶμεν,
2763 755 2879 808 ἀλλ’
2930 754 3317 822 άντιγεννῆσαι
3368 754 3596 817 τούτους
3629 752 3725 805 οὓ-

466 841 574 896 illis
616 841 1046 907 reddiderimus,
1095 844 1200 899 hoc
1245 840 1427 899 tamen
1471 844 1616 913 quod
1665 845 2039 911 sustulerunt,

466 948 747 1001 nunquam
777 932 883 986 illis
907 933 1135 988 reddere
1164 933 1487 1004 poterimus.

534 1024 656 1077 Filii
699 1025 1023 1094 parentibus
1064 1040 1272 1079 morem
1308 1033 1501 1094 gerant
1537 1039 1762 1079 necesse
1801 1035 1904 1080 est.
1934 1024 2039 1082 Ubi

470 1122 649 1168 tamen
677 1114 928 1169 veritatis
952 1115 1094 1169 ratio
1123 1130 1187 1169 ac
1215 1114 1465 1170 doctrina
1496 1115 1661 1185 cogit,
1692 1115 1803 1169 Deo
1835 1115 2043 1171 baben—

465 1205 570 1259 dus
603 1205 800 1269 honor,
825 1220 890 1260 ac
921 1223 1043 1276 qua:
1075 1206 1225 1260 illius
1255 1216 1405 1273 sunt,
1428 1207 1667 1262 naturali
1695 1208 1814 1277 ipso
1849 1223 2045 1278 paren-

466 1306 583 1352 tum
613 1312 798 1352 amore
831 1298 1044 1368 potiore
1070 1299 1193 1353 loco
1215 1298 1464 1354 ducenda
1491 1309 1639 1354 sunt.

536 1390 794 1445 Philonis.
821 1422 893 1430 —
919 1392 1089 1445 Deum
1125 1406 1289 1445 nemo
1319 1405 1429 1460 quo
1463 1406 1561 1459 par
1587 1399 1674 1444 est
1706 1389 2044 1461 dignumque

467 1483 677 1538 honore
698 1483 954 1552 prosequi
995 1490 1194 1553 potest,
1225 1482 1317 1537 sed
1354 1484 1501 1553 justo
1524 1484 1734 1548 solum;
1777 1497 1901 1536 cum
1943 1497 2046 1536 nec

468 1572 586 1627 lieri
624 1573 818 1642 possit,
849 1580 909 1627 ut
943 1582 1000 1628 et
1036 1572 1357 1647 parentibus
1397 1588 1557 1643 pares
1593 1573 1796 1644 gratias
1836 1572 2042 1626 rel‘era-
2076 1576 2091 1582 ’

2141 862 2229 897 πω
2259 843 2303 875 ⁸⁷
2336 843 2698 914 δυνησόμεθα.

2213 1033 2396 1086 Εἷκειν
2447 1032 2741 1100 ἀναγκαῖον
2792 1030 3033 1099 πατράσι
3064 1029 3191 1092 τοὺς
3230 1030 3443 1092 παῖδας·
3495 1028 3725 1081 ἀλλ’ἓνι

2142 1120 2318 1192 θαπερ
2353 1121 2418 1175 ἂν
2469 1122 2497 1174 ὁ
2537 1120 2638 1190 τῆς
2680 1118 2956 1189 ,ἀληθείας
3008 1117 3205 1188 ἐλαύνῃ
3251 1117 3429 1186 λόγος,
3466 1117 3725 1186 τιμάσθω

2141 1211 2273 1275 Θεὸς
2300 1211 2394 1264 καὶ
2416 1211 2622 1264 νικάτω
2648 1210 2718 1263 τὰ
2747 1208 2917 1264 αὑτοῦ
2952 1210 3046 1263 καὶ
3079 1208 3462 1278 φιλοστοργίας
3488 1206 3723 1276 δύναμιν

2143 1304 2398 1372 φυσικήν.

2214 1394 2429 1447 Φίλων.
2465 1421 2536 1431 ——-
2570 1391 2764 1458 ’Δξίως
2803 1391 2977 1454 οὐδεὶς
3006 1390 3098 1444 τὸν
3124 1389 3255 1444 Θεὸν
3279 1390 3436 1458 τιμᾷ,
3472 1388 3610 1443 ἀλλὰ
3647 1388 3724 1460 διτ-

2145 1485 2317 1547 καίως
2348 1484 2529 1563 μόνον,
2550 1482 2713 1537 ὁπότε
2747 1483 2876 1535 οὐδὲ
2912 1486 3027 1546 τοῖς
3059 1481 3309 1550 γονεῦσιν
3349 1481 3471 1543 ἴσας
3498 1480 3721 1533 ἀποδοῦ⁸

2144 1591 2232 1628 ναι
2261 1576 2489 1643 χάριτας
2524 1572 2818 1643 ὲνδέχεται’
2849 1573 3227 1642 άντιγεννῆσαι
3253 1570 3363 1642 γάρ
3389 1571 3490 1640 οὐχ
3518 1565 3629 1623 οἷόν
3663 1586 3721 1622 τε

472 1678 597 1717 mus
621 1680 633 1715 :
659 1679 783 1717 nam
807 1679 986 1734 neque
1008 1664 1250 1719 vicissim
1281 1665 1406 1719 illos
1427 1663 1648 1735 gignere
1676 1663 1840 1733 inque
1868 1664 2045 1719 lucem
2084 1733 2109 1735 _
2144 1664 2387 1729 τούτους.

470 1754 751 1824 suscipere
778 1771 1091 1826 possumus.

537 1844 701 1916 θοή
727 1846 998 1901 Aristotel.
1024 1877 1097 1887 —
1122 1846 1315 1917 Operae
1340 1847 1577 1918 pretium
1606 1853 1669 1900 ut
1698 1846 1847 1901 [ilius
1874 1847 2047 1916 magis

470 1935 641 2003 patris
663 1950 856 1991 servus
878 1937 969 2002 sit,
993 1953 1157 2007 quam
1179 1937 1419 1992 famulus
1442 1948 1538 1991 aut
1558 1935 1888 1991 vernaculus
1911 1952 1929 1988 ι
1957 1935 2045 1989 ille

458 2041 707 2096 namque
737 2037 952 2093 natura,
982 2029 1073 2083 hic
1099 2030 1216 2100 lege
1241 2038 1325 2084 est
1353 2044 1565 2083 servus.
2008 2082 2031 2102 ,

540 2116 764 2173 Isocrat.
792 2149 860 2159 --
890 2119 1038 2174 Talis
1064 2128 1183 2174 esto
1212 2135 1338 2190 erga
1371 2126 1645 2189 parentes,
1670 2118 1863 2191 quales
1893 2125 2050 2188 optes

474 2206 530 2261 in
562 2208 781 2289 te'l'ore,
809 2225 947 2280 quos
971 2211 1179 2265 liberos
1206 2210 1321 2280 ipse
1346 2210 1658 2268 sustuleris.

544 2385 862 2441 Alexander.
887 2417 956 2427 —
975 2385 1285 2442 Alexander
1306 2401 1399 2441 rex
1432 2386 1821 2457 interrogatus,
1862 2395 2047 2440 utrum

475 2477 648 2546 magis
693 2486 898 2531 amaret
940 2477 1248 2547 Philippum
1303 2484 1543 2547 patrem,
1583 2492 1653 2531 an
1700 2476 2050 2531 Aristotelem

476 2566 826 2637 magistrum,
877 2566 1160 2637 respondit
1213 2583 1228 2620 ι
1284 2567 1379 2621 llle
1429 2566 1690 2621 nimirum
1747 2565 1944 2621 tribuit
1990 2574 2052 2620 ut

475 2670 676 2720 essem,
713 2650 968 2728 hic‘ejus
1012 2655 1157 2725 quod
1206 2665 1291 2711 est
1334 2656 1476 2712 bene
1523 2672 1587 2712 ac
1631 2657 1859 2712 honeste
1912 2655 2049 2711 mihi

476 2754 561 2800 est
588 2755 798 2801 auctor.

546 2833 717 2892 Idem.
744 2843 915 2889 matre
937 2835 1255 2907 Olympiade
1284 2851 1446 2907 grave
1475 2834 1684 2905 aliquid
1710 2835 2048 2905 imperante:

479 2920 524 2976 Ο
567 2930 764 2987 mater,
799 2923 895 2986 ait,
933 2924 1182 2978 acerbam
1229 2939 1426 2980 novem
1475 2923 1534 2979 in
1579 2933 1737 2979 utero
1779 2924 2051 2979 mensium

480 3012 705 3082 hospitii
739 3015 1048 3071 mercedem
1080 3016 1277 3087 exigis!

550 3102 812 3160 Socrates.
829 3138 899 3146 —
918 3107 1055 3164 Cum
1082 3126 1219 3164 uxor
1240 3109 1689 3180 reprehenderet,
1708 3106 1853 3177 quod
1879 3106 2052 3163 lilium

480 3196 732 3251 inutilem
761 3213 825 3252 ac
853 3199 1136 3255 socordem
1167 3215 1280 3254 non
1304 3199 1638 3265 admitteret,
1663 3208 1827 3268 atque
1859 3214 1928 3252 ex
1960 3198 2053 3253 illo

478 3301 605 3339 eum
637 3299 757 3340 esse
783 3286 1011 3355 diceret,
1046 3289 1319 3358 despuens
1345 3289 1436 3343 ille
1469 3304 1483 3340 :
1512 3289 1581 3344 Et
1605 3288 1730 3354 hoc,
1759 3286 1959 3357 inquit,
1986 3302 2053 3342 ex

479 3392 567 3432 me
593 3387 697 3443 est,
724 3395 826 3434 nec
854 3380 1018 3436 ullius
1046 3389 1229 3436 tamen
1257 3397 1390 3437 usus
1417 3390 1521 3437 est.
1568 3374 1575 3382 ”
1856 3448 1861 3453 _

546 3468 767 3524 Melesii.
798 3500 865 3510 -ο
904 3471 1099 3537 Qualia
1148 3472 1392 3543 symbola
1436 3473 1492 3528 in
1534 3484 1791 3544 parentes
1834 3482 1893 3529 tu
1936 3474 2051 3544 ipse

479 3561 801 3626 contuleris,
831 3562 959 3616 talia
989 3562 1046 3617 in
1074 3573 1357 3620 senectute
1389 3573 1443 3621 te
1473 3572 1821 3636 recepturum
1853 3582 2052 3636 exspe-

480 3658 565 3704 cta
590 3664 620 3703 a
646 3650 851 3707 liberis.

1144 3786 1387 3858 Euripid.

481 3871 730 3947 Qnisqnis
756 3883 931 3929 autem
954 3886 1198 3946 parentes
1220 3880 1275 3932 in
1304 3880 1411 3933 vita
1441 3880 1593 3947 colit,

479 3943 577 3998 llic
602 3945 854 3999 nimirum
877 3943 1050 4001 vivens
1073 3949 1275 4018 pariter
1296 3958 1345 4002 et
1373 3950 1479 4003 vita
1504 3943 1712 4020 functus
1853 3956 2052 4038 amicus

386 4076 395 4085 .
476 4082 699 4156 Nullum
730 4084 902 4139 liberis
925 4087 1020 4139 hoc
1040 4090 1377 4156 prwstanlius
1406 4106 1630 4155 munus,
1739 4020 1980 4093 [εωειειτι.

484 4154 663 4227 Quam
692 4164 749 4209 ut
776 4164 991 4208 strenuo
1020 4154 1256 4226 bonoque
1281 4160 1386 4211 sati
1416 4154 1664 4227 parente,

478 4221 806 4294 Candignum
829 4241 1033 4296 quoque
1060 4221 1364 4295 parentibus
1389 4221 1927 4285 Iionorem'tribuanl.

546 4313 728 4370 Solon.
762 4345 836 4355 -ο
873 4316 1118 4387 Rogatus
1154 4315 1321 4371 Solon
1358 4317 1493 4386 quid
1533 4333 1711 4375 causae
1743 4330 1919 4385 esset,
1954 4337 2054 4378 cur

2231 1844 2511 1912 Ἀριστοτ.
2548 1871 2620 1881 -
2652 1841 2775 1912 Χρὴ
2804 1838 2899 1894 τὸν
2943 1839 3059 1893 υἱὸν
3087 1837 3272 1892 δοῦλον
3308 1831 3447 1890 εἶναι
3481 1833 3577 1887 τοῦ
3609 1849 3719 1885 πα-

2146 1935 2272 2006 τρδς
2329 1934 2361 2004 ἢ
2421 1932 2512 1987 τὸν
2562 1932 2799 2003 οἰκέτην·
2835 1931 2865 1983 ό
2899 1929 3135 2003 μὲνγὰρ
3163 1928 3323 1997 φύσει
3368 1925 3463 1980 τοῦ
3514 1921 3719 1995 πατρὸς

2146 2027 2329 2091 δοῦλός
2355 2028 2525 2080 ἐστιν·
2563 2028 2591 2079 ὁ
2618 2026 2675 2078 δι
2703 2026 2876 2095 νόμῳ.
3360 2010 3363 2013 ’

2232 2120 2524 2188 Ἰσοκράτ.
2562 2148 2634 2157 -
2665 2116 2917 2179 Τοιοῦτος
2959 2115 3111 2183 γίνου
3165 2111 3298 2182 περὶ
3337 2111 3465 2174 τοὺς
3520 2107 3717 2176 γονεῖς,

2147 2211 2294 2273 οἴους
2326 2210 2392 2263 ἂν
2437 2208 2591 2273 εὖξαι
2625 2208 2754 2278 περὶ
2796 2204 3021 2260 σεαυτὸν
3061 2203 3318 2273 γενέσθαι
3350 2201 3477 2264 τοὺς
3520 2194 3720 2252 σαυτοῦ

2151 2303 2371 2366 παῖδας.

2231 2397 2569 2465 Ἀλεξάνδρ.
2598 2427 2669 2436 —
2703 2394 3051 2465 Ἀλέξανδρος
3077 2393 3106 2445 ὁ
3131 2391 3384 2463 βασιλεὺς
3402 2384 3722 2459 ἐρωτηθεὶς,

2147 2491 2269 2546 τίνα
2330 2489 2530 2560 μᾶλλον
2560 2487 2742 2550 ποθεῖ,
2780 2487 2873 2540 τὸν
2919 2484 3134 2555 πατέρα
3169 2482 3455 2542 Φίλιππον,
3486 2478 3518 2547 ἢ
3572 2478 3721 2544 Ἀρι-

2150 2581 2404 2652 ποτέλην
2431 2581 2523 2633 τὸν
2553 2579 2904 2645 διδάσκαλον,
2948 2577 3075 2646 ἔφη,
3119 2576 3175 2629 '0
3218 2573 3317 2644 μὲν
3345 2570 3454 2640 γὰρ
3485 2567 3579 2620 τοῦ
3623 2580 3717 2633 τε·

2148 2671 2356 2736 νέσθαι,
2392 2672 2420 2723 ὁ
2450 2670 2509 2724 δὲ
2540 2668 2635 2722 τοῦ
2665 2667 2845 2732 καλῶς
2879 2666 3131 2736 γενέσθαι
3190 2662 3381 2724 αῐτιος.

2233 2854 2294 2907 '0
2325 2852 2489 2916 αὐτὸς
2526 2850 2663 2921 βαρύ
2697 2867 2751 2903 τι
2779 2844 3179 2914 ὲπιταττούσης
3207 2839 3354 2911 αὐτῷ
3381 2838 3481 2907 τῆς
3518 2831 3725 2905 μητρὸς

2162 2943 2520 3014 Ὀλυμπιάδος
2541 2979 2557 3004 ,
2594 2941 2721 3011 ἔφη,
2763 2934 2835 2991 Ὦ
2891 2938 3088 3008 μῆτερ,
3132 2931 3331 3003 πικρόν
3378 2945 3444 2998 γε
3494 2923 3727 2979 ἐνοίκιον

2078 3078 2122 3132 C
2152 3042 2252 3112 τῆς
2284 3037 2645 3110 ἐνναμηναίου
2677 3036 2721 3068 ⁸⁸
2754 3051 2823 3101 με
2859 3031 3132 3132 ἀπαιτεῖς.

2225 3123 3015 3197 Σωκράτης.-Μεμφομένης
3040 3119 3191 3190 αὐτῷ
3210 3118 3312 3188 τῆς
3340 3113 3600 3185 γυναικὸς
3626 3110 3724 3164 αὑ-

2152 3221 2267 3288 τοῦ,
2293 3223 2377 3276 ὅτι
2395 3220 2488 3273 τὸν
2514 3219 2629 3272 υἱὸν
2659 3214 2825 3270 αὐτοῦ
2860 3213 2921 3267 οὐ
2955 3213 3242 3285 προσίεται
3274 3209 3551 3281 ἄχρηστον
3569 3205 3720 3265 ὄντα,

2153 3316 2247 3369 καὶ
2298 3312 2563 3383 λεγούσης
2596 3312 2678 3364 ὅτι
2729 3308 2790 3373 ἐξ
2842 3305 3007 3363 αὐτοῦ
3063 3304 3184 3373 εἴη,
3235 3299 3576 3361 ἀποπτύσαςο
3617 3295 3728 3349 Καὶ
3825 3322 3839 3339 ο

2152 3406 2262 3475 γὰρ
2290 3403 2469 3466 τοῦτο,
2511 3398 2683 3463 εἶπεν,
2721 3399 2781 3467 ἐξ
2810 3395 2967 3469 ἐμοῦ,
3005 3395 3120 3450 ἀλλ’
3148 3395 3211 3448 οὐ
3259 3394 3549 3463 χρήσιμον.

2223 3494 2549 3551 Mausolei).
2577 3477 2825 3553 -Ὀῖους
2857 3488 2923 3544 ἂν
2956 3487 3185 3559 ἐράνους
3224 3483 3453 3552 ἐνέγκῃς
3490 3481 3602 3540 τοῖς
3630 3492 3729 3544 1e-

2152 3586 2327 3652 νεῦσι,
2356 3582 2631 3645 τοιούτους
2662 3580 2861 3644 αὐτοὺς
2905 3579 2963 3632 ὲν
3007 3575 3085 3647 τῷ
3119 3575 3268 3645 γήρᾳ
3298 3572 3454 3643 παρὰ
3488 3568 3597 3622 τῶν
3637 3565 3732 3619 τὲ-

2154 3695 2299 3732 κνων
2331 3675 2658 3748 προσδέχου.

2795 3781 3069 3853 Εὐριπιδ.

2226 3882 2445 3946 Ὅστις(
2465 3879 2535 3933 δὲ
2562 3877 2704 3946 τοὺς
2721 3876 3014 3946 τεκόντας
3043 3872 3114 3946 is:
3144 3869 3265 3946 ,βίῳ
3295 3867 3480 3946 (ζέσαι,

2226 3950 2351 4006 Ὧδ’
2381 3936 2515 4005 sint
2544 3948 2645 4003 και
2676 3936 2790 4007 ζῶν
2846 3943 2945 3999 και
2970 3936 3171 4001 θανὼν
3201 3937 3350 3994 Θεοῦ
3382 3936 3583 4006 φίλος.

2220 4088 2346 4141 οὐκ
2373 4086 2506 4139 ἐστι
2538 4082 2708 4138 παισὶ
2734 4081 2951 4135 τούτου
2973 4077 3229 4131 κάλλιον
3265 4070 3463 4142 γέρας,

2228 4158 2311 4211 Ἣ
2336 4140 2564 4222 πατρὸς
2584 4150 2812 4222 ἐσᾷλοῦ
2846 4140 3507 4222 καταθῶ-πεφυκέναι,

2224 4210 2331 4280 Kal
2359 4210 2485 4289 τοῒξ-
2517 4210 2804 4276 τεκοῦσιν
2827 4210 3007 4282 ἀξίαν
3031 4213 3210 4284 τιμὴν
3230 4210 3464 4279 ὶέμειν.

2226 4319 2522 4385 Σόλωνος.
2548 4343 2619 4353 ——
2645 4311 2823 4365 Σόλων
2870 4306 3196 4380 ἐρωτηθεὶς,
3227 4302 3369 4357 διατι
3422 4298 3565 4354 κατὰ
3621 4296 3734 4385 τῷν

474 4405 655 4459 nullas
710 4405 978 4461 adversus
1037 4420 1136 4460 eos
1184 4406 1311 4479 quil
1340 4415 1598 4476 parentes
1651 4409 2048 4479 percussissem

2152 4382 2467 4463 τυπτόντων
2504 4405 2631 4468 τοὺς
2668 4402 2916 4474 πατέρας
2962 4397 3236 4466 ἐπιτίμιον
3269 4393 3368 4462 οὑχ
3391 4390 3615 4461 ὥρισεν,
3651 4382 3734 4440 εἷ·-

475 4485 666 4563 poénas
692 4497 1001 4563 statuisset,
1018 4496 1318 4567 respondit
1343 4510 1359 4549 :
1381 4496 1541 4565 Quod
1568 4499 1756 4556 nullos
1780 4500 1918 4556 tales
1940 4503 2057 4557 exi-

474 4583 763 4641 stimabam
790 4586 932 4641 fore.

551 4673 823 4730 Plato.r—
858 4677 1036 4741 Plato,
1065 4690 1192 4731 cum
1230 4677 1524 4748 quemdam
1565 4678 2055 4736 animadvertisset

477 4765 808 4823 insolentius
840 4784 966 4823 eum
997 4777 1155 4839 patre
1189 4779 1444 4840 agentem
1471 4784 1639 4839 seque
1669 4770 1727 4825 in
1759 4785 1887 4825 eum
1919 4771 2055 4825 eﬂ‘e-

478 4865 689 4913 rentem
717 4876 730 4911 :
755 4858 874 4913 Non
889 4860 1131 4926 desines,
1160 4860 1365 4931 inquit,
1393 4860 1737 4925 adolescens,
1770 4876 1897 4917 eum
1925 4876 2058 4916 eon-

479 4955 746 5007 temnere.
773 4946 846 5001 ob
874 4963 1038 5017 quem
1068 4948 1356 5017 magniﬁce
1381 4936 1450 5002 de
1481 4955 1536 5004 te
1565 4948 1773 5003 sentire
1796 4947 1909 5002 vis?

452 5045 466 5115 ο
550 5035 635 5090 Ea:
678 5035 885 5092 Eliani
924 5037 1180 5094 Historia.
1206 5069 1278 5079 ——
1310 5038 1495 5093 Prima
1538 5054 1702 5109 supra
1774 5042 2053 5112 octogesi-

479 5142 624 5181 mam
657 5126 994 5199 Olympiade,
1022 5129 1179 5183 aiunt
1204 5128 1420 5184 Aitnam
1456 5130 1583 5202 igne
1618 5129 1870 5197 ﬂuxisse;
1910 5139 2055 5185 tum-

479 5232 590 5287 que
620 5217 1005 5272 Pbilonomum
1034 5227 1090 5274 et
1114 5219 1343 5274 Calliam
1371 5219 1591 5277 Catanae
1616 5223 1785 5289 cives,
1809 5222 2054 5278 sublatos

480 5310 741 5371 parentes
768 5318 865 5371 per
893 5304 1100 5360 medias
1126 5305 1390 5371 ﬂammas,
1419 5307 1542 5362 aliis
1575 5309 1778 5378 spretis
1809 5309 2057 5379 pignori-

484 5390 609 5457 bus,
638 5393 930 5460 extulisse;
971 5396 1127 5466 cujus
1156 5405 1210 5451 et
1238 5396 1400 5452 ollicii
1435 5398 1607 5468 gratia
1639 5415 1669 5454 a
1703 5401 1816 5454 Deo
1848 5415 2061 5455 merce-

485 5482 610 5537 dem
654 5499 936 5554 accepere.
971 5487 1081 5542 Illis
1122 5505 1358 5558 namque
1401 5491 1564 5544 celeri
1609 5507 1666 5545 se.
1706 5491 1830 5561 fuga
1873 5492 2058 5561 prori-

2157 4485 2280 4568 πεν,
2310 4502 2392 4555 ὅτι
2444 4499 2559 4569 Οὐχ
2603 4493 2873 4550 ὑπέλαϐον
2901 4490 3179 4551 τοιούτους
3217 4485 3368 4548 τινάς
3400 4481 3641 4536 ἔσεσθαι.

2230 4677 2573 4740 Πλάτωνος.
2606 4702 2674 4712 -
2706 4668 2937 4724 Πλάτων
2977 4661 3378 4743 θρασυνόμενον
3434 4652 3559 4710 ξδὼν
3612 4670 3741 4707 τινα

2159 4768 2295 4839 πρὸς
2355 4765 2448 4819 τὸν
2504 4759 2698 4816 ἑαυτοῦ
2737 4756 2989 4828 πατέρα.
3047 4752 3123 4806 Οὐ
3166 4748 3383 4839 παύσῃ,
3423 4744 3763 4839 μειράκιονκ

2160 4834 2282 4910 εἷπε
2311 4897 2327 4922 ,
2384 4852 2578 4907 τούτου
2646 4845 3033 4917 καταφρονεῖν,
3082 4840 3151 4894 δι’
3199 4838 3261 4891 ὃν
3319 4836 3463 4908 μέγα
3518 4834 3741 4904 φρονεῖν

2162 4948 2333 5014 ἀξιοῖς
2349 4964 2364 5012 ;
2579 4942 2582 4945 λ

2244 5039 2339 5090 Ἐκ
2366 5035 2477 5103 τῆς
2492 5030 2778 5088 Αιλιανοῦ
2799 5024 3088 5095 ἱστορίας.
3111 5053 3182 5066 ——
3201 5020 3402 5091 Πρώτη
3434 5018 3529 5072 καὶ
3546 5017 3742 5086 ὀγδοη-

2162 5128 2331 5196 κοστῇ
2365 5120 2690 5192 Ὀλυμπιάδι
2722 5117 2855 5187 φασὶ
2895 5114 2995 5186 τὴν
3032 5113 3229 5180 Αἴτνην
3278 5108 3493 5179 ῥυῆναι,
3528 5106 3619 5157 ὅτε
3647 5104 3744 5196 καὶ

2159 5194 2453 5284 Φιλόνομος
2490 5212 2585 5266 καὶ
2631 5209 2870 5271 Καλλίας
2913 5206 2962 5259 οἱ
3005 5203 3327 5262 Καταναῖοι.
3361 5197 3490 5259 τοὺς
3529 5194 3743 5249 ἑαυτῶν

2163 5306 2408 5375 πατέρας
2436 5303 2722 5375 ἀράμενοι,
2764 5298 2851 5352 διὰ
2901 5296 3071 5368 μέσης
3099 5294 3198 5363 τῆς
3243 5288 3441 5359 φλογὸς
3471 5287 3749 5375 ἐκόμισαν

2161 5398 2269 5450 τῶν
2302 5397 2480 5449 ἄλλων
2515 5393 2811 5465 κτημάτων
2839 5385 3372 5457 καταφρονήσαντες·
3402 5379 3521 5434 ἀνθ’
3540 5372 3618 5433 ὧν
3649 5380 3746 5431 καὶ

2165 5490 2400 5558 ἀμοιϐῆς
2449 5489 2642 5557 ἔτυχον
2692 5484 2791 5555 τῆς
2828 5485 2891 5535 ὲκ
2937 5479 3029 5533 τοῦ
3072 5477 3240 5530 θείου.
3274 5474 3348 5527 Τὸ
3365 5474 3471 5542 γάρ
3506 5489 3587 5525 τοι
3634 5469 3747 5532 πῦρ

1748 5608 1980 5664 VARI/li
2040 5605 2438 5663 LECTIONES.

561 5674 606 5707 ⁵⁷
643 5673 754 5727 Bal.
783 5671 841 5725 οἵ)
863 5690 1009 5729 ποτε.
1090 5676 1132 5707 ⁸⁸
1175 5677 1287 5731 Bal.
1322 5678 1641 5747 ἐνναμὴνο).
