4066 6146
306 347 404 410 861

1585 346 1753 406 LOCI
1796 347 2230 407 COMMUNES.

3451 355 3555 417 862

307 461 538 514 θεόντων
586 458 764 512 αὐτῶν
800 459 1006 530 διέστη,
1058 458 1233 512 καθ“ὃ
1283 456 1448 528 μέρος
1498 459 1697 510 ἐκεῖνοι
1739 476 1877 528 παρ-

1982 458 2286 526 pientibus,
2313 474 2418 530 qua
2455 466 2615 530 parte
2647 474 2707 515 se
2735 468 3039 530 verterent,
3066 463 3208 536 ignis
3239 465 3444 522 divisus
3475 466 3558 520 lo-

306 570 330 603 ε
341 552 570 619 γένοντο.

389 640 484 693 Ἐκ
532 640 645 692 τῶν
686 636 1040 702 Ἐπικτήτου
1099 637 1483 705 Ἐγχειριδὶου
1517 640 1614 692 καὶ
1659 640 1877 705 Ἰσοκρ.

304 729 442 790 Τοὺς
497 727 643 789 υἱοὺς
691 725 959 789 σπούδαζε
1016 723 1478 794 πεπαιδευμένους
1539 726 1780 796 μᾶλλον,
1845 725 1878 794 ἢ

305 817 589 880 πλουσίους
616 817 956 870 καταλιπεῖν.

375 909 631 977 Θυγάτηρ
669 908 945 977 ἀλλότριον
977 906 1159 975 κτῆμα
1192 893 1428 975 ὑπάρχει
1461 904 1540 974 τῷ
1572 905 1758 975 πατρί.

391 999 450 1051 '0
493 998 654 1060 αὐτὸς
702 1001 818 1058 τοῖς
866 995 1025 1048 παισὶ
1103 994 1528 1048 συνεϐούλευσεν
1586 996 1720 1048 αἰδὼ
1770 996 1881 1048 δεῖν

312 1090 650 1150 καταλιπεῖν,
687 1089 718 1156 ἢ
749 1087 970 1156 χρυσόν.

381 1181 588 1249 Πατρὸς
621 1179 799 1249 ὕϐρις,
835 1177 932 1248 ἡδὺ
975 1178 1284 1248 φάρμακον·
1329 1177 1492 1232 πλέον
1527 1177 1636 1247 γὰρ
1674 1177 1788 1246 ἔχει
1819 1176 1880 1229 τὸ

306 1268 547 1336 ὠφελοῦν
586 1268 676 1320 τοῦ
702 1268 1010 1330 δάκνοντος.

365 1359 410 1390 ’⁵³
449 1358 552 1427 Γίῷ
585 1358 680 1410 καὶ
727 1357 958 1426 θυγατρὶ
1023 1359 1097 1428 μὴ
1149 1358 1599 1431 προσμειδιάσῃς,
1652 1358 1740 1411 ἵνα
1793 1355 1869 1426 μὴ

303 1451 529 1522 ὕστερον
549 1452 848 1522 δακρύσῃς.

856 1631 1071 1686 ΛΟΓΟΣ
1110 1634 1214 1684 ΚΔ¹
1245 1633 1313 1684 ³⁸.

899 1725 1036 1791 Περὶ
1074 1725 1284 1792 φόϐου.

370 1821 559 1872 Μαι-θ.
592 1816 707 1882 σις’.
739 1847 810 1856 -—
842 1815 916 1868 Τὸ
960 1815 1060 1884 μὲν
1110 1815 1330 1884 πνεῦμα
1369 1814 1687 1886 πρόθυμονο
1735 1813 1768 1883 ἡ
1823 1814 1881 1866 δὲ

304 1912 441 1982 σὰρξ
474 1910 727 1981 ἀσθενής.
1741 1923 1744 1925 λ

371 2004 559 2073 Πράξ.
605 2010 658 2058 ι’.
709 2031 781 2042 -
833 1999 955 2054 Ἐπ’
1007 1991 1273 2068 ἀληθείας
1326 1996 1752 2076 καταλαμϐάνω,
1798 1996 1881 2049 ὅτι

300 2097 401 2150 οὐκ
433 2094 546 2147 ἔστι
576 2090 1049 2163 προσωπολήπτης
1079 2091 1108 2142 ό
1135 2087 1290 2152 Θεὸς,
1320 2088 1436 2140 ἀλλ’
1463 2089 1520 2140 ὲν
1549 2092 1714 2139 παντὶ
1739 2084 1884 2138 ἔθνει

301 2188 330 2238 ὁ
363 2183 698 2253 φοϐούμενος
729 2180 890 2234 αὑτὸν
953 2180 1048 2232 καὶ
1091 2178 1458 2248 ἐργαζόμενος
1509 2174 1882 2243 δικαιοσύνην,

301 2276 490 2338 δεκτὸς
511 2274 660 2344 αὐτῷ
694 2275 864 2327 ἐστιν.

375 2369 618 2434 Παροιμ.
657 2364 746 2417 ιδ’.
785 2392 856 2403 -
889 2361 1061 2424 Φόϐος
1113 2360 1333 2429 Κυρίου
1374 2359 1472 2428 (m)
1503 2359 1656 2428 πηγὴ
1699 2357 1880 2428 ζωῆςο

305 2459 451 2509 ποιεῖ
470 2457 528 2509 δὲ
558 2456 824 2509 ἐκκλίνειν
851 2456 915 2507 ὲκ
949 2452 1174 2519 παγίδος
1199 2452 1454 2504 θανάτου.

374 2549 591 2614 Σολομ.
624 2546 720 2609 ιβ’.
750 2573 822 2585 --
850 2543 1017 2605 Τέλος
1059 2542 1241 2609 λόγου,
1294 2541 1356 2592 τὸ
1403 2541 1513 2592 πᾶν
1552 2537 1738 2601 ἄκουε,
1793 2536 1883 2590 τὸν

302 2633 435 2687 Θεὸν
490 2633 680 2702 φοϐοῦ,
730 2631 826 2684 καὶ
868 2631 965 2692 τὰς
1009 2628 1228 2690 ἐντολὰς
1286 2626 1450 2679 αὐτοῦ
1499 2625 1760 2693 φύλασσε,
1801 2624 1882 2676 ὅτι

303 2725 464 2778 τοῦτο
494 2726 603 2786 πᾶς
626 2722 939 2792 ἄνθρωπος.

377 2814 556 2884 Σιρὰχ
580 2813 660 2883 μ’.
689 2843 760 2852 --
790 2812 1065 2881 Χρήματα
1126 2808 1224 2860 καὶ
1273 2808 1427 2876 ἰσχὺς
1454 2804 1720 2874 ἀνυψοῦσι
1748 2820 1885 2873 καρ-

304 2908 421 2960 δίαν
442 2923 455 2937 ·
481 2908 577 2959 καὶ
607 2903 748 2973 ὑπὲρ
777 2902 1062 2971 ἀμφότερα
1097 2899 1260 2966 φόϐος
1291 2897 1519 2966 Κυρίου.

1977 563 2104 601 cum
2131 549 2282 604 fecit.

2250 641 2334 696 Ex
2370 641 2595 710 Epicteti
2649 642 2952 697 Enclziridio
2987 653 3035 698 et
3066 645 3286 700 Isocrat.

1980 733 2210 787 Liberos
2240 732 2399 786 stude
2432 733 2728 799 doctiores,
2754 750 2917 804 quam
2949 735 3180 791 ditiores
3220 738 3551 807 relinquere.

1983 909 2144 974 Filia,
2177 909 2352 964 aliena
2381 911 2521 979 patri
2554 911 2828 979 possessio
2851 920 2955 967 est.

2051 999 2232 1063 Idem,
2290 998 2482 1053 liberis
2545 999 2816 1067 pudorem
2872 1000 3045 1070 magis
3099 1000 3551 1072 relinquendum,

1981 1104 2144 1158 quam
2177 1104 2372 1142 aurum
2406 1089 2748 1142 consulebat.

2051 1179 2370 1249 Obiurgatio
2426 1181 2597 1248 patris
2661 1181 2822 1235 dulce
2879 1181 3374 1247 medicamentum;
3432 1182 3556 1251 plus

1978 1270 2125 1322 enim
2162 1270 2414 1338 prodest,
2445 1286 2608 1338 quam
2647 1273 2888 1326 mordet.

2047 1359 2209 1429 605
2235 1390 2306 1399 —-
2334 1361 2472 1414 Filio
2501 1360 2737 1431 ﬁliaeque
2766 1377 2836 1415 ue
2862 1362 3108 1417 arrideas
3127 1401 3142 1427 ,
3174 1375 3244 1416 ne.
3280 1361 3334 1414 in
3369 1370 3554 1431 poste-

1978 1465 2099 1503 rum
2130 1451 2336 1520 lugeas.

1909 1645 1954 1698 Β
2540 1637 2772 1693 SERMO
2808 1638 3000 1695 XXIV.

2171 1779 2174 1782 λ
2618 1730 2692 1782 De
2719 1732 2934 1783 timore.
3458 1781 3462 1785 ,

2049 1817 2240 1872 Matth.
2261 1834 2403 1880 xxvi,
2427 1819 2514 1871 Μ.
2546 1849 2609 1859 -
2632 1818 2871 1886 Spiritus
2891 1819 3114 1888 quidem
3139 1832 3425 1891 promptus
3449 1832 3555 1888 est,

1982 1925 2109 1965 caro
2140 1918 2321 1964 autem
2352 1909 2589 1963 inﬁrma.
2947 1891 2957 1898 ’

2051 2002 2168 2056 Act.
2201 2019 2255 2066 χ,
2283 2002 2371 2055 54.
2406 2033 2476 2040 -
2509 2002 2570 2055 ln
2602 2002 2834 2056 veritate
2872 2003 3136 2071 comperi,
3166 2005 3294 2072 quia
3328 2021 3435 2059 non
3474 2013 3556 2061 est

1983 2104 2345 2166 personarum
2373 2098 2627 2157 acceptor
2653 2090 2796 2143 Deus
2824 2105 2838 2142 :
2870 2089 2966 2144 sed
2997 2090 3051 2142 in
3081 2092 3227 2145 omni
3255 2102 3437 2160 gente,
3463 2095 3557 2163 qui

1985 2179 2142 2264 timet
2173 2179 2345 2234 Deum
2373 2188 2432 2234 et
2455 2179 2583 2234 facit
2609 2180 2901 2249 justitiam,
2927 2189 3183 2250 acceptus
3209 2191 3294 2236 est
3321 2183 3421 2236 illi.

2053 2353 2212 2408 Prov.
2244 2370 2353 2418 xrv,
2380 2353 2470 2408 27.
2497 2384 2568 2395 -
2594 2355 2784 2411 Timor
2813 2357 3031 2411 Domini
3062 2358 3184 2414 fons
3217 2359 3342 2413 vita:
3380 2377 3393 2413 :
3429 2359 3558 2415 facit

1983 2453 2166 2500 autem
2199 2444 2478 2500 declinare
2511 2462 2543 2501 a
2576 2447 2774 2516 laqueo
2804 2449 3016 2502 mortis.
3044 2512 3047 2515 _

2053 2534 2230 2589 Eccle.
2249 2549 2339 2601 xu,
2369 2536 2457 2589 15.
2475 2567 2547 2578 --—
2576 2538 2725 2592 Finis
2754 2540 3050 2600 sermonis,
3080 2540 3224 2609 quod
3252 2549 3423 2595 totum
3451 2549 3557 2606 est.

1985 2626 2111 2681 audi
2143 2645 2156 2681 :
2190 2626 2364 2682 Deu‘m
2405 2627 2558 2691 time,
2591 2637 2649 2682 et
2687 2629 2943 2684 mandata
2983 2631 3102 2701 ejus
3143 2632 3416 2688 observa:
3456 2634 3560 2687 hoc

1983 2724 2066 2770 est
2095 2717 2244 2770 enim
2275 2718 2454 2771 omnis
2486 2717 2671 2772 homo.
2853 2702 2857 2705 ’

2055 2805 2222 2860 Eccli.
2247 2822 2333 2869 XL,
2356 2806 2446 2860 26.
2470 2838 2540 2846 ——
2561 2807 2871 2863 Facultates
2892 2818 2948 2864 et
2971 2810 3142 2864 robur
3163 2812 3403 2866 exaltant
3422 2827 3558 2870 cor:

1985 2904 2041 2951 et
2066 2912 2235 2966 super
2259 2905 2491 2965 utraque
2521 2897 2687 2951 timor
2711 2899 2949 2953 Domini.
3145 2878 3156 2892 ’

375 2996 717 3050 Βασιλείου.
752 3023 820 3033 -
861 2994 948 3054 Ὠς
989 2991 1100 3061 γὰρ
1143 2993 1172 3043 ὁ
1211 2988 1606 3059 ἐμπεπηγότας
1648 2987 1786 3057 ἔχων
1821 2988 1877 3038 ὲν

2052 2983 2263 3037 Basilii.
2289 3015 2362 3024 —
2390 2984 2462 3040 Ut
2485 2984 2634 3038 enim
2671 2985 2739 3050 is,
2767 2986 2860 3054 qui
2898 2986 3096 3041 inﬁxos
3127 2990 3344 3058 corpori
3379 2991 3562 3048 clavos

305 3087 482 3158 ἑαυτῷ
524 3086 651 3148 τοὺς
698 3083 1041 3152 σωματικοὺς
1088 3081 1271 3150 ἥλους,
1304 3078 1668 3149 ἀνενέργητός
1708 3080 1876 3142 ἐστιν,

305 3181 413 3234 ὑπὸ
448 3178 557 3233 τῶν
598 3175 800 3231 ὀδυνῶν
826 3173 1220 3243 κατεχόμενοςο
1256 3170 1428 3234 οὕτως
1453 3171 1481 3223 ὁ
1503 3170 1581 3240 τῷ
1606 3169 1755 3238 φόϐῳ
1781 3167 1877 3220 τοῦ

303 3269 441 3324 Θεοῦ
475 3267 936 3336 κατειλημμένος,
959 3266 1060 3318 οὐκ
1103 3262 1370 3332 ὀφθαλμῷ
1404 3261 1713 3332 χρήσασθαι
1744 3260 1880 3330 πρὸς

302 3364 339 3418 ἃ
372 3362 447 3434 μὴ
496 3361 597 3424 δεῖ,
649 3359 709 3411 οὐ
755 3360 942 3428 χεῖρας
978 3355 1204 3423 κινῆσαι
1248 3353 1386 3422 πρὸς
1419 3351 1880 3421 ἀπηγορευμένας

309 3453 556 3526 πράξεις,
585 3450 682 3518 οὐχ
714 3449 853 3510 ὅλως
887 3447 1082 3517 μικρὸν
1111 3445 1144 3514 ἢ
1183 3444 1368 3513 μεῖξον
1393 3444 1691 3511 ἐνεργῆσαι
1727 3440 1879 3507 παρὰ

301 3544 364 3596 τὸ
393 3541 635 3611 καθῆκον
674 3539 920 3603 δύναται,
961 3531 1072 3588 οἷον
1105 3534 1265 3605 ὀδύνῃ
1297 3533 1409 3585 τινὶ
1457 3534 1524 3602 τῇ
1577 3529 1879 3602 προσδοκίᾳ

301 3633 412 3686 τῶν
435 3630 837 3702 ἀπειληθέντων
869 3626 1352 3698 συμπεπαρμένος.

377 3724 694 3791 Θεολόγου.
723 3748 792 3760 -—
821 3719 935 3772 Οὐκ
980 3717 1088 3771 ἀπὸ
1139 3715 1374 3783 θεωρίας
1407 3713 1770 3784 ἀρξαμένους,
1800 3713 1880 3775 εἰς

303 3815 472 3886 φόϐον
522 3813 630 3887 χρὴ
694 3811 1048 3881 καταλήγειν.
1100 3807 1314 3876 Θεωρία
1367 3805 1476 3887 γὰρ
1527 3805 1878 3875 ἀχαλίνωτος,

301 3877 446 3978 τάχα
478 3877 662 3962 animo
677 3905 818 3959 κατὰ
843 3877 1106 3973 κρημνῶν
1136 3898 1328 3952 ὤσειεν
1352 3913 1366 3928 ο
1389 3877 1532 3949 km;
1556 3896 1706 3966 φόϐῳ
1735 3911 1879 3948 στοι-

303 3999 637 4072 χειωμένους
660 3997 756 4049 καὶ
779 3992 1234 4064 καθαιρομένους,
1259 3988 1373 4053 καὶ,
1397 3987 1486 4042 ἴνα
1514 3987 1686 4051 οὕτως
1719 3987 1878 4048 εἴπω,

305 4090 764 4162 λεπτυνομένους,
797 4088 876 4151 είς
905 4085 1039 4155 ὕψος
1065 4081 1339 4153 αἴρεσθαι.

381 4271 480 4325 Ἐν
531 4267 858 4340 φοϐηθῶμεν
917 4265 1097 4337 μόνον,
1145 4262 1209 4316 τὸ
1268 4260 1574 4332 φοϐηθῆναι
1631 4257 1766 4312 Θεοῦ
1826 4273 1878 4309 τι

306 4363 470 4419 πλέον
497 4362 616 4434 (πὶ.

308 4452 855 4522 ἀθύμων-λαγωοὺς
892 4450 1259 4520 ἐκφοϐοῦσιν
1281 4451 1335 4522 ol
1364 4447 1601 4522 κτύποι.

312 4525 566 4593 ’Ἂν-δρας
593 4525 646 4576 δ’
674 4511 1010 4589 ἆνάνδροιῖς
1043 4523 1105 4574 αἱ
1135 4517 1304 4573 σκιαί
1329 4516 1448 4570 τῶν
1471 4511 1846 4584 πραγμάτων.

380 4639 680 4706 Χρυσοστ.
713 4662 784 4673 --
814 4633 888 4685 Ού
933 4630 1187 4684 τοσοῦτον
1212 4625 1552 4698 ἐργάσασθαι
1599 4622 1888 4691 δυνήσεται

308 4725 490 4789 λόγος,
535 4723 659 4774 ὅσον
706 4720 1001 4790 ἐργάζεται
1041 4717 1227 4787 φόϐος.
1271 4715 1335 4770 ’0
1368 4715 1476 4784 γὰρ
1520 4713 1619 4782 τῆς
1653 4711 1880 4779 γεέννης

311 4813 476 4883 φόϐος
513 4812 606 4867 τὸν
635 4811 734 4881 τῆς
764 4809 1038 4879 βασιλείας
1062 4809 1194 4878 ἡμῖν
1224 4807 1407 4876 κομιεῖ
1448 4805 1728 4872 στέφανον.
1793 4801 1880 4852 Αί-

1986 3073 2172 3137 habet,
2195 3073 2463 3143 quidquid
2490 3075 2761 3144 agendum
2790 3077 2863 3131 sit
2886 3078 3035 3131 iners
3060 3087 3164 3142 est,
3185 3079 3332 3149 quod
3358 3081 3564 3137 dolori-

1985 3163 2090 3218 bus
2119 3180 2182 3218 ac
2209 3165 2456 3219 cruciatu
2489 3173 2636 3220 totus
2663 3175 2966 3237 occupetur
2997 3185 3012 3222 :
3045 3169 3126 3224 sic
3151 3186 3312 3239 quem
3345 3172 3561 3228 Domini

1985 3253 2150 3307 timor
2177 3253 2463 3323 corripuit,
2486 3269 2596 3308 non
2624 3256 2786 3309 oculo
2809 3255 2886 3309 uti
2912 3265 3099 3326 potest
3121 3259 3186 3312 ad
3215 3275 3278 3313 ea
3306 3277 3428 3329 qua:
3451 3277 3560 3316 non

1986 3352 2116 3398 sunt
2146 3342 2331 3407 oﬁicii,
2357 3359 2467 3398 non
2500 3345 2628 3398 ullis
2653 3345 2840 3400 vetitis
2869 3361 3064 3402 manus
3094 3347 3414 3414 admovere;
3450 3366 3562 3406 non

1984 3447 2212 3502 prorsus
2241 3432 2423 3486 minus
2454 3432 2662 3501 aliquid
2695 3442 2792 3505 aut
2816 3435 2991 3504 majus
3024 3444 3216 3490 contra
3246 3453 3311 3491 ac
3343 3437 3560 3493 honesti

1986 3524 2127 3578 ratio
2153 3524 2348 3592 poscit,
2378 3532 2670 3591 praestare;
2700 3539 2864 3592 quem
2895 3525 3156 3579 nimirum
3182 3528 3334 3581 velut
3356 3529 3563 3585 doloris

1985 3613 2212 3684 quidam
2243 3612 2486 3676 aculeus,
2511 3612 2799 3668 intentata:
2828 3615 2992 3670 minae
3018 3615 3365 3673 conﬁxerint.

2057 3703 2320 3773 Tlteologi.
2345 3701 2495 3757 Orat.
2520 3705 2576 3756 in
2603 3703 2853 3758 Lumina.
2874 3736 2945 3745 —
2964 3707 3084 3761 Non
3110 3709 3502 3778 auspicandum
3530 3728 3561 3767 a

1987 3796 2472 3865 contemplatione,
2500 3804 2561 3849 ut
2587 3795 2642 3849 in
2673 3795 2870 3851 timore
2897 3797 3047 3852 velut
3073 3807 3318 3856 extremo
3348 3801 3566 3857 desina-

1934 3935 1937 3937 _
1986 3903 2128 3942 mus.
2164 3886 2568 3955 Contemplatio
2606 3887 2754 3941 enim
2794 3886 2953 3943 freno
2989 3889 3185 3954 soluta,
3220 3891 3360 3948 forte
3397 3895 3562 3948 etiam

1986 3978 2042 4031 in
2081 3993 2326 4046 praeceps
2368 3977 2653 4046 impulerit
2687 3995 2710 4031 :.
2737 3978 2832 4033 sed
2866 3979 3059 4048 primis
3090 3982 3245 4050 quasi
3278 3984 3566 4041 elementis

1988 4068 2184 4122 timore
2234 4068 2541 4132 institutos,
2577 4077 2980 4140 purgatosque,
3014 4081 3100 4136 et,
3134 4082 3196 4126 ut
3240 4075 3314 4128 ita
3352 4075 3562 4141 dicam,

1988 4168 2269 4226 tenuatos,
2305 4159 2383 4214 sic
2414 4159 2471 4213 in
2506 4160 2742 4215 sublime
2777 4162 2914 4232 erigi
2948 4163 3226 4218 convenit.

2059 4251 2241 4306 Unum
2289 4249 2552 4306 duntaxat
2596 4251 2905 4318 timeamus,
2940 4269 3012 4308 ne
3062 4254 3194 4324 quid
3241 4255 3352 4309 Deo
3393 4254 3565 4326 magis

1912 4321 1958 4378 Ῑ)
1997 4341 2304 4396 timeamus.

2089 4430 2315 4500 Lepores
2349 4432 2600 4500 foliorum
2631 4435 2860 4500 crepitus
2890 4443 3087 4488 terrent
3116 4452 3135 4490 :

2091 4497 2180 4553 Sic
2209 4497 2357 4554 viros
2372 4518 2565 4571 parum
2594 4497 2790 4566 viriles,
2819 4504 3020 4559 umbrat
3049 4521 3245 4558 rerum.

2057 4615 2322 4687 Chrysost.
2359 4648 2431 4656 —
2482 4618 2599 4672 Non
2653 4626 2866 4673 tantum
2911 4620 3098 4675 verbis
3147 4619 3295 4674 efﬁci
3340 4621 3563 4690 poterit,

1989 4716 2257 4777 quantum
2288 4717 2512 4776 praestat
2535 4709 2720 4763 timor.
2744 4710 2880 4765 Nam
2912 4711 3175 4781 gehennae
3203 4711 3389 4776 timor,
3416 4712 3566 4782 regni

1993 4799 2163 4855 nobis
2214 4801 2473 4854 ceronam
2521 4800 2734 4856 afferet.
2772 4802 3063 4866 Diabolus,
3099 4801 3260 4856 modo
3308 4801 3567 4870 velimus,

1609 4891 1840 4950 VARle
1877 4889 2288 4948 LECTIONES.

385 4995 428 5027 ⁴⁹
455 4994 514 5048 ln
552 4991 814 5055 Antonio,
845 4988 1111 5054 Solonit.;
1140 4989 1284 5043 idem
1302 4987 1436 5042 fere.
1469 4985 1637 5042 Eccli.
1665 5001 1793 5050 xxx,
1827 4982 1882 5037 9.
1958 4983 2004 5016 ⁸⁰
2033 4983 2131 5038 Est
2161 4983 2218 5036 in
2247 4979 2411 5037 Gesn.
2439 4980 2593 5038 Stob.
2632 4981 2756 5038 288.

1825 5081 2060 5138 ΝΟΤΛΕ.

392 5181 486 5255 (m)
511 5183 697 5244 Φόϐος
731 5179 969 5255 Κυρίου.
1000 5179 1179 5255 Sic_et
1200 5180 1612 5255 Yulg._i_psaqu_e
1654 5178 1884 5255 Hebrai-

317 5247 414 5317 ca;
468 5247 596 5309 "mn?
655 5259 800 5311 nm,
873 5251 1029 5302 timor
1082 5247 1330 5304 Domini:
1368 5247 1482 5305 Nec
1526 5247 1704 5304 aliter
1757 5247 1886 5303 red-

319 5326 471 5380 ditur
493 5321 617 5375 aliis
646 5321 803 5383 locis,
826 5317 1030 5386 quibus
1055 5320 1175 5387 ejus
1197 5321 1348 5374 vocis
1375 5335 1509 5374 usus
1554 5319 1886 5388 frequentis-

321 5395 497 5450 simus
522 5399 628 5445 est.
656 5389 748 5443 Sic
773 5388 952 5458 etiam,
972 5388 1257 5458 Syriacaet
1280 5387 1669 5458 Paraphrastes
1693 5387 1889 5444 Chalda

320 5462 555 5520 Arabica
586 5468 768 5513 tamen
803 5456 1050 5526 proxime
1079 5474 1145 5511 ex
1170 5457 1370 5512 Grzecis
1394 5458 1502 5510 τῶν
1523 5456 1580 5510 0'
1605 5472 1885 5527 expressa,

321 5530 555 5603 perinde
604 5529 915 5603 imperium,
968 5537 1320 5603 pratceptgm,
1363 5527 1508 5596 quod
1554 5536 1661 5603 _est_
1705 5527 1888 5603 Graece

325 5597 1147 5670 ’grpéetaypotJNOtanttamen
1193 5598 1437 5650 Romana
1491 5597 1720 5660 scholia,
1751 5597 1888 5650 alios

329 5665 540 5725 habere
557 5665 744 5734 φόϐος,
786 5665 865 5734 uti
898 5665 985 5720 hic
1012 5667 1232 5720 codices
1265 5675 1672 5734 repraesentant.

405 5738 484 5808 (ιι)
517 5733 584 5790 Τό
612 5733 942 5805 φοϐηθῆναι
998 5735 1144 5790 Θεοῦ
1172 5753 1221 5789 τι
1248 5733 1455 5790 πλέον.
1492 5735 1722 5792 Gcsneri
1752 5751 1884 5789 con-

1988 5175 2224 5245 jectura,
2249 5180 2318 5245 _ut
2347 5173 2420 5228 sit
2460 5171 2838 5245 reponendum
2889 5169 3005 5234 τοῦ,
3045 5170 3188 5245 ἀντὶ-
3218 5167 3298 5245 ab,
3335 5170 3569 5245 maxima

1993 5239 2296 5314 ᾆστοχασία
2341 5252 2464 5314 est;
2510 5239 2760 5314 nihilqne
2799 5251 2985 5311 aptum
3044 5239 3190 5309 quod
3224 5239 3306 5294 sic
3357 5240 3568 5314 di‘ssute

1997 5311 2396 5381 interrogando
2431 5312 2633 5375 reddit,
2691 5311 2998 5381 Metuamusi
3035 5319 3278 5381 tantum;
3333 5311 3459 5380 quid
3491 5323 3566 5367 est

1993 5383 2049 5452 in
2099 5380 2240 5436 metu
2274 5381 2488 5452 Domini
2516 5381 2794 5452 amplius?
2841 5380 3002 5434 Aliud
3034 5380 3272 5449 theologi
3316 5395 3567 5452 agimen,

1997 5451 2130 5521 ipsis
2147 5453 2269 5522 ejus
2289 5451 2485 5522 verbis
2505 5447 2730 5522 nullajvi
2753 5466 3108 5522 expressum;
3135 5447 3335 5518 nempe
3360 5447 3570 5522 Timea-

1997 5517 2132 5584 titus,
2177 5517 2253 5574 ἠε
2315 5520 2565 5591 ρνωγῦεο
2617 5517 2839 5590 aliquid
2866 5521 3181 5591 timeamus:
3221 5517 3376 5591 quod
3424 5528 3568 5591 certe.

1996 5587 2373 5657 evangelicum
2417 5587 2836 5658 documentum,
2903 5599 2961 5643 ut
3025 5589 3122 5643 Dei
3195 5587 3380 5645 timori
3435 5587 3568 5643 nihil

1995 5669 2118 5714 ante
2127 5675 2410 5729 ponamus.
