4066 6146
254 312 369 374 865

1559 300 1728 362 LOCI
1768 300 2205 363 COMMUNES.

3428 315 3534 377 366

261 422 453 491 ἀφρων
485 417 555 488 τῇ
591 410 789 469 ἑαυτοῦ
816 411 987 484 κακίᾳ
1025 408 1373 481 ἀναστρέψας
1402 410 1496 463 ἐπὶ
1522 411 1623 485 τὴν
1651 412 1846 467 ἑαυτοῦ

1953 414 2112 483 piens
2141 430 2240 470 sua
2268 415 2475 471 malitia
2536 425 2823 473 revertens
2887 418 2957 473 ad
3022 430 3307 489 peccatum
3353 437 3536 479 suum.

261 512 562 570 ἁμαρτίαν.

304 533 654 671 μὲἵάῗινᾷδ.
693 629 765 641 -
782 596 1105 668 Ἀνθρωπος
1131 596 1407 667 νηστεύων
1430 597 1521 652 ἐπὶ
1540 595 1653 650 τῶν
1666 596 1847 667 ἀμαρ-

259 697 395 752 τιῶν
453 693 645 758 αὐτοῦ,
698 691 795 745 καὶ
839 689 1003 743 πάλιν
1052 691 1420 761 πορευόμενος
1465 691 1559 743 καὶ
1587 690 1655 742 τὰ
1712 689 1850 742 αὐτὰ

262 787 458 852 ποιῶν,
508 786 608 855 τῆς
646 780 966 854 προσευχῆς
1016 781 1182 833 αὐτοῦ
1216 781 1299 844 τίς
1332 780 1716 847 εἰσακούεταις
1753 781 1848 834 καὶ

260 880 317 932 τί
346 878 631 948 ὠφέλησεν
659 870 717 928 ιν
746 872 825 944 τῷ
853 872 1257 941 ταπεινωθῆναι
1283 872 1448 925 αὐτόν
1479 890 1494 939 ;

336 972 567 1024 Βασιλ-
608 997 678 1009 -
717 967 774 1020 '0
829 967 888 1018 έν
941 966 1194 1035 προκοπῇ
1246 965 1539 1035 γενόμενος
1623 963 1847 1033 ἀγαθῶν

264 1060 467 1132 ἔργων,
501 1055 620 1114 εἶτα
649 1056 1093 1127 παλινδρομήσας
1120 1057 1257 1125 πρὸς
1278 1058 1377 1127 τὴν
1442 1058 1679 1128 ἀρχαίαν
1721 1075 1849 1109 συν-

269 1153 484 1222 ήθειαν,
509 1151 569 1204 ού
609 1150 770 1219 μόνον
806 1148 897 1200 τὸν
922 1148 1019 1199 ἐπὶ
1061 1151 1176 1212 τοῖς
1223 1151 1620 1218 πεπονημένοις
1654 1151 1847 1219 μισθὸν

264 1239 575 1311 ἐζημιώθη,
608 1237 747 1292 ἀλλὰ
795 1241 892 1292 καὶ
924 1237 1236 1310 βαρυτέρας
1262 1239 1507 1303 ἀξιοῦται
1543 1239 1643 1306 τῆς
1675 1256 1844 1292 κατα-

263 1341 520 1411 κρίσεως.

337 1427 432 1494 Οἷς
482 1428 708 1491 εὔκολος
758 1429 898 1498 πρὸς
948 1425 1254 1496 usumin»:
1287 1426 1320 1494 ἡ
1356 1424 1587 1488 διάνοια,
1634 1423 1846 1487 τούτοις

258 1522 417 1576 οὐδὲν
451 1520 679 1582 ἀπεικὸς
705 1519 802 1571 καὶ¹
832 1518 924 1588 τὸν
959 1516 1071 1584 βίον
1098 1511 1240 1567 εἶναι
1276 1514 1350 1585 μὴ
1378 1516 1732 1583 τεταγμένον.

333 1612 539 1683 Μηδεὶς
581 1612 638 1663 ἐν
688 1610 858 1680 κακίᾳ
894 1609 1119 1676 διάγων,
1166 1606 1356 1658 ἑαυτὸν
1395 1606 1841 1673 ἁπογικωσκέτω,

260 1704 421 1768 εἰδὼς
455 1704 537 1756 ὃτι
577 1700 824 1773 γεωργία
867 1700 965 1769 μὲν
1028 1697 1135 1749 τῶν
1182 1695 1366 1765 φυτῶν
1414 1696 1511 1758 τὰς
1553 1696 1846 1764 ποιότητας

2026 590 2193 645 Eccli.
2227 580 2417 659 χχχιιι,
2444 592 2542 658 50;
2586 592 2737 664 Sya't.
2769 593 2859 646 2i.
2890 625 2960 633 —
2990 593 3166 648 Homo
3200 596 3294 665 qui
3328 596 3542 668 jejunat

1955 694 2057 757 pro
2092 683 2333 750 peccatis
2369 684 2504 750 suis,
2531 685 2843 754 iterumque
2875 684 3027 739 vadit
3058 694 3114 739 et
3146 687 3341 741 eadem
3376 688 3537 757 facil;

1955 773 2262 827 orationem
2320 774 2470 829 illius
2521 776 2647 845 quis
2701 775 2994 830 exaudiet?
3046 776 3251 846 quidve
3304 780 3541 849 profecit

1956 864 2301 922 humiliando
2334 883 2391 923 se
2411 869 2436 921 ?

2024 955 2236 1012 Basilii.
2263 990 2334 998 —
2365 958 2467 1025 Qui
2508 965 2796 1031 postquam
2832 962 2887 1015 in
2919 960 3083 1017 bonis
3114 965 3377 1033 operibus
3409 962 3541 1034 pro-

1952 1046 2115 1113 fecit,
2161 1050 2364 1105 iterum
2413 1052 2481 1106 ad
2529 1053 2810 1123 antiquam
2860 1056 3320 1110 consuetudinem
3363 1058 3537 1121 redit,

1952 1154 2063 1192 non
2099 1142 2277 1195 solum
2314 1145 2667 1212 superiorum
2701 1145 2954 1199 laborum
2990 1147 3301 1201 mercedem
3337 1148 3536 1218 perdit.

1952 1246 2147 1285 verum
2183 1234 2351 1288 etiam
2382 1235 2576 1304 majori
2608 1250 2771 1305 paena
2801 1237 3003 1307 dignus
3034 1237 3290 1293 eﬂicitur.

2022 1421 2268 1488 Quorum
2298 1423 2455 1479 facile
2482 1424 2703 1480 mobilis
2730 1426 2966 1491 animus,
2991 1427 3141 1481 haud
3168 1429 3372 1483 mirum
3398 1430 3539 1483 nihil

1951 1513 2033 1567 eis
2061 1529 2127 1566 ex
2155 1514 2370 1568 honesti
2405 1515 2616 1569 ratione
2641 1516 2809 1569 vitam
2843 1518 3204 1586 compositam
3237 1535 3377 1574 esse.

2022 1605 2195 1658 Nemo
2222 1607 2315 1674 qui
2348 1607 2403 1659 in
2429 1607 2564 1660 vitio
2587 1609 3113 1677 versetur,scipsum
3142 1610 3419 1680 desperet,
3444 1611 3540 1681 qui

1952 1696 2091 1750 sciat
2113 1699 2450 1767 agricultura
2481 1700 2682 1753 mutari
2709 1699 2963 1769 stirpium
2994 1702 3315 1769 qualitates;
3347 1704 3538 1759 animi-

270 1796 626 1870 μεταϐάλλει*
652 1797 685 1864 ἡ
714 1794 771 1846 δὲ
806 1791 928 1845 κατ’
959 1789 1160 1861 ἀρετὴν
1194 1788 1293 1857 τῆς
1341 1786 1522 1858 ψυχῆς
1555 1786 1847 1858 ἐπιμέλεια

1951 1802 2058 1856 que
2093 1787 2320 1842 colenda
2350 1789 2555 1844 virtute
2590 1790 2892 1860 diligentia,
2924 1793 3106 1848 omnis
3140 1791 3358 1864 generis
3390 1794 3539 1851 illius

260 1886 463 1958 δυνατή
503 1886 619 1938 ἐστι
662 1872 1023 1966 παντοδαπῶν
1050 1878 1506 1951 ἀρρωστημάτων
1549 1878 1851 1949 ἐπικρατῆ-

267 1997 658 2140 σαὲὶνθρωποι
701 2066 820 2126 ταῖς
849 2061 1106 2130 νεφέλαις
1140 2059 1377 2124 ἐοίκασι,
1429 2059 1566 2131 πρὸς
1605 2057 1704 2122 τὰς
1742 2057 1850 2111 τῶν

265 2162 597 2230 πνευμάτων
630 2153 936 2228 μεταϐολὰς
995 2152 1186 2206 ἄλλοτε
1228 2151 1353 2204 κατ’
1398 2149 1528 2205 ἀλλο
1560 2149 1725 2221 μέρος
1754 2147 1849 2201 τοῦ

264 2254 429 2323 ἀέρος
456 2248 886 2322 ὲμφερομέναις.
1422 2306 1431 2314 η

338 2348 413 2401 Οὐ
462 2347 655 2417 χρόνου
702 2341 1001 2412 ποσότητι,
1027 2337 1269 2393 διαθέσει
1299 2337 1356 2391 δὲ
1404 2336 1582 2408 ψυχῆς
1613 2338 1647 2408 ἡ
1686 2334 1849 2407 μετά-

264 2455 381 2493 νοια
410 2438 679 2508 κρίνεται.

336 2529 659 2597 Θεολόγου.
711 2556 783 2566 -
836 2524 965 2576 Δέον
1012 2520 1480 2593 εύμετακινήτους
1543 2517 1644 2590 μὲν
1707 2512 1849 2571 εἶναι

263 2617 401 2688 πρὸς
456 2615 517 2667 τὸ
570 2616 819 2685 κρεῖττον
874 2610 984 2664 ἀπὺ
1026 2609 1122 2663 τοῦ
1153 2608 1419 2680 χείρονος,
1448 2608 1749 2679 ἀκινήτους
1790 2610 1847 2663 δὲ

264 2707 399 2777 πρὸς
422 2705 485 2759 τὸ
509 2707 688 2776 χεῖρον
721 2702 830 2756 ἀπὸ
849 2698 943 2755 τοῦ
977 2699 1273 2770 βελτίονος.

334 2800 450 2869 υύχ
479 2800 513 2869 ἡ
547 2794 837 2867 μετάθεσις
867 2793 961 2846 τοῦ
1011 2790 1184 2846 κακοῦ
1214 2791 1276 2845 τὸ
1301 2789 1529 2862 αίσχρδν
1556 2789 1701 2860 ἔχει·
1728 2790 1846 2843 ἀλλ’

264 2895 303 2964 ἠ
332 2891 524 2945 τούτου
555 2891 787 2962 τήρησις
815 2887 918 2958 τὴν
955 2885 1261 2940 ἀπώλειαν.

337 2984 411 3039 Τὸ
462 2983 539 3055 μὴ
590 2980 933 3053 ἁμαρτάνειν
1000 2978 1364 3047 ἀναισθήτως,
1417 2973 1533 3028 ἀλλ’
1587 2976 1847 3045 ἐπιγινὼ-

263 3095 416 3134 σκειν
445 3077 538 3131 καὶ
567 3074 798 3144 συνορᾷν
825 3072 884 3124 τὸ
915 3069 1331 3142 πλημμεληθὲν,
1357 3069 1457 3122 οὐκ
1480 3067 1597 3121 ἔστι
1626 3068 1840 3140 μικρόν·

262 3168 385 3225 ἀλλ’
410 3168 526 3231 ὁδός
551 3166 636 3231 τίς
658 3167 775 3217 ἐστι
809 3163 906 3216 καὶ
934 3161 1078 3231 ἀρχὴ
1125 3159 1260 3231 πρὸς
1294 3158 1584 3230 διόρθωσιν
1611 3158 1843 3227 ἄγουσα,

263 3261 359 3315 καὶ
392 3260 485 3313 ἐπὶ
514 3257 575 3311 τὸ
599 3257 850 3326 κρεῖττον
880 3250 1205 3322 μεταϐολήν.

335 3350 588 3420 Κούφους
627 3347 725 3401 καὶ
770 3345 1034 3414 ἀνοήτους
1087 3340 1316 3403 τούτους
1365 3339 1845 3412 ὑπολαμϐάνομεν,

262 3444 389 3507 τοὺς
417 3440 614 3514 ῥᾳδίως
651 3438 737 3491 ἐπ’
780 3436 1065 3506 ἀμφότερα
1112 3430 1473 3502 φερομένους,
1511 3431 1607 3483 καὶ
1640 3433 1848 3501 μεταῤ-

265 3535 508 3605 ῥέοντας,
549 3531 804 3599 καθάπερ
858 3526 1035 3598 αὔρας
1100 3522 1633 3595 μεταπιπτούσας,ἢ
1673 3541 1841 3593 μετα-

263 3626 427 3688 ϐολὰς
460 3625 555 3678 καὶ⁵
590 3620 916 3694 παλιρροίας
953 3616 1217 3689 Εὐρίπου,
1274 3614 1311 3684 ἢ
1333 3614 1607 3684 θαλάσσης
1639 3616 1848 3671 ἀστατα

262 3717 331 3771 κύ
342 3734 508 3788 ματα.

332 3812 638 3878 Χρυσοστ.
683 3837 755 3847 --
794 3807 854 3861 '0
886 3807 1229 3877 μετανοήσας
1258 3806 1344 3876 ἐφ’
1373 3802 1455 3872 οἷς
1484 3802 1688 3877 ἔπραξε
1734 3801 1848 3854 δει-

259 3903 395 3962 νοῖς,
420 3897 523 3952 κᾶν
558 3898 632 3968 μὴ
680 3897 792 3950 τῶν
837 3896 1259 3967 ἁμαρτημάτων
1293 3896 1454 3961 ἀξίαν
1495 3893 1848 3963 ἀποδείξηται

260 3992 362 4063 τὴν
400 3991 715 4062 μετάνοιαν,
753 3990 849 4044 καὶ
874 3989 1044 4060 αὐτῆς
1074 3988 1281 4059 ταύτης
1312 3990 1464 4060 ὅμως
1487 3987 1600 4054 ἕξει
1625 3988 1724 4058 τὴν
1756 3986 1852 4040 ἀν-

256 4086 479 4141 τίδοσιν.

332 4173 654 4245 Εὑαπρίου.
676 4203 747 4214 —-
765 4173 936 4239 Φυτὸν
962 4171 1406 4244 μεταφερόμενον
1437 4167 1698 4239 συνεχῶς,
1718 4184 1852 4239 καρ-

261 4265 366 4319 πὸν
394 4265 457 4317 ού
486 4267 653 4317 ποιεῖ.
1319 4306 1334 4319 ,

336 4357 600 4425 Σωκράτ.
624 4383 694 4394 -
734 4355 985 4426 Ἀνδριάς
1017 4355 1116 4426 μὲν
1168 4355 1262 4409 ἐπὶ
1285 4354 1520 4424 βάσεως,
1565 4351 1851 4414 σπουδαῖος

1952 1879 2309 1950 aegritudines
2336 1896 2498 1951 posse
2529 1883 2801 1953 superari.

2022 2049 2287 2107 Homines
2335 2054 2580 2110 nubibus
2626 2056 2835 2112 similes
2882 2065 3041 2124 sunt,
3074 2073 3197 2128 quae
3234 2073 3337 2129 pro
3381 2059 3540 2116 vario

1952 2151 2247 2197 ventorum
2273 2142 2403 2199 flatu
2434 2145 2544 2201 huc
2565 2146 2896 2217 quandoque
2922 2157 3086 2218 atque
3109 2148 3240 2202 illuc
3257 2147 3535 2204 feruntur.

2020 2333 2139 2387 Non
2174 2336 2439 2405 temporis
2467 2351 2642 2402 mora,
2666 2337 2762 2392 sed
2789 2337 2959 2392 animi
2988 2337 3188 2393 aﬂ‘ectu
3212 2339 3534 2409 poenitentia

1946 2424 2249 2495 judicatur.

2024 2517 2288 2590 Theologi.
2315 2550 2387 2559 -—
2419 2519 2580 2575 Tales
2617 2536 2718 2575 nos
2752 2536 2874 2576 esse
2915 2523 3194 2585 convenit,
3235 2532 3296 2577 ut
3333 2539 3364 2578 a
3402 2524 3538 2578 vitio

1950 2609 2018 2664 ad
2046 2610 2306 2665 virtutem
2342 2611 2514 2666 facilis
2549 2611 2710 2667 nobis
2744 2614 2977 2667 mutatio
3011 2613 3101 2675 sit,
3134 2630 3165 2668 a
3195 2613 3404 2670 virtute
3438 2632 3542 2669 au-

1952 2709 2060 2754 tem
2097 2701 2165 2756 ad
2202 2702 2399 2757 vitium
2438 2704 2656 2758 animus
2690 2706 2763 2759 sit
2795 2721 3024 2774 prorsus
3061 2706 3376 2761 immobilis.

2019 2792 2241 2847 Nullum
2278 2794 2521 2849 dedecus
2550 2811 2580 2849 a
2611 2795 2747 2850 vitio
2780 2797 2985 2849 mutari
3023 2814 3036 2849 :
3074 2796 3209 2851 illud
3238 2813 3370 2852 vero
3404 2799 3538 2854 reti-

1853 2884 1859 2888 ’
1948 2897 2114 2947 nere,
2143 2884 2316 2938 exitio
2347 2885 2582 2939 exsistit.

2015 2974 2137 3030 Non
2166 2977 2321 3030 nullo
2349 2992 2513 3031 sensu
2540 2992 2792 3057 peccare,
2820 2978 2916 3033 sed
2950 2978 3211 3033 delictum
3241 2995 3538 3050 agnoscere

1946 3066 2175 3137 ejusque
2215 3068 2497 3122 conscium
2541 3083 2691 3132 esse,
2726 3068 2873 3122 haud
2915 3084 3003 3124 res
3044 3069 3240 3140 exigua
3280 3078 3394 3136 est;
3440 3072 3537 3126 sed

1945 3156 2035 3210 via
2069 3156 2319 3228 quaedam
2358 3166 2415 3213 et
2452 3158 2673 3213 initium
2715 3158 2782 3214 ad
2821 3148 3265 3215 emendationem
3304 3160 3535 3227 ducens,

1948 3264 2013 3304 ac
2042 3251 2404 3305 mutationem
2438 3250 2505 3305 ad
2534 3251 2745 3321 frugem
2774 3240 3078 3309 meliorem.

2019 3342 2197 3398 Leves
2225 3359 2289 3398 ac
2318 3343 2518 3397 stultos
2546 3343 2881 3414 judicamus,
2908 3344 3003 3412 qui
3036 3344 3198 3400 facile
3232 3345 3286 3399 in
3324 3354 3535 3401 utram-

1948 3451 2055 3506 que
2089 3444 2301 3505 partem
2337 3434 2611 3498 feruntur,
2644 3433 2931 3503 ﬂuuntque
2966 3423 3030 3488 ac
3065 3434 3306 3489 reﬂuunt
3340 3446 3535 3491 vento-

1949 3544 2072 3583 rum
2114 3542 2289 3592 more,
2326 3526 2460 3579 alias
2501 3541 2571 3579 ex
2613 3525 2735 3578 aliis
2779 3540 2943 3579 auras
2979 3526 3334 3591 mutantium,
3371 3537 3533 3597 atque

1950 3620 2144 3689 Euripi
2171 3619 2482 3687 reciprocos
2506 3625 2695 3682 aastus,
2723 3631 2788 3671 ac
2816 3617 2985 3672 maris
3015 3618 3303 3674 instabiles
3334 3618 3535 3675 fluctus

1951 3708 2320 3765 inconstantia
2348 3707 2614 3762 referunt.

2022 3799 2289 3872 Chrysost.
2312 3830 2384 3839 —
2415 3799 2590 3866 Quem
2625 3799 2893 3870 pmniteat
2924 3802 3218 3867 malorum,
3244 3819 3367 3874 quae
3398 3804 3535 3874 egit,

1950 3892 2055 3947 etsi
2087 3908 2187 3963 pro
2220 3892 2492 3947 scelerum
2526 3892 2791 3962 gravitate
2825 3893 3046 3965 dignam
3083 3895 3216 3949 satis
3251 3897 3532 3965 pceniten-

1952 3984 2084 4039 tiam
2118 4000 2231 4039 non
2263 3983 2458 4054 egerit,
2487 3983 2650 4053 hujus
2679 3984 2872 4053 ipsius,
2898 3984 3046 4055 quod
3079 3985 3159 4040 sic
3190 4002 3314 4040 eum
3351 3988 3529 4058 pceni-

1954 4076 2080 4141 tuit,
2111 4076 2421 4130 mercedem
2454 4076 2701 4131 habebit.

2025 4167 2284 4238 Evagrii.‘
2315 4197 2387 4206 —
2434 4166 2565 4233 Quae
2614 4168 2819 4238 jugiler
2866 4167 3042 4221 solum
3091 4175 3295 4234 mutet,
3333 4168 3531 4239 stirps,

1952 4260 2135 4315 omnis
2170 4275 2367 4330 expers
2403 4259 2614 4316 fructus
2644 4260 2770 4315 erit.

2021 4349 2191 4423 608
2224 4348 2433 4415 Socrat.
2455 4381 2526 4391 —
2552 4350 2623 4406 Ut
2652 4358 2833 4405 statua
2866 4351 2923 4405 in
2959 4349 3098 4415 basi,
3130 4349 3210 4405 sic
3240 4349 3328 4404 vir
3355 4350 3531 4405 bonus

259 4447 319 4502 δὲ
353 4448 495 4518 ἀνὴρ
533 4448 651 4533 ιὶπ).⁸
676 4448 848 4519 καλῆς
883 4448 1257 4519 προαιρέσεως
1286 4446 1479 4512 ἑστὼς,
1507 4443 1846 4517 ἀμετακίνη-

1949 4457 2015 4499 ac
2043 4442 2349 4533 studiosus,
2372 4442 2429 4496 in
2458 4441 2607 4497 bono
2631 4441 2917 4513 proposito
2947 4441 3140 4498 ﬁrmus
3170 4451 3317 4497 stare
3345 4443 3531 4499 debet.

261 4553 355 4601 τος
376 4533 581 4606 ὀφείλει
609 4530 771 4590 εἶναι.

833 4738 1050 4794 ΛΟΓΟΣ
1089 4739 1212 4806 KG"
1229 4739 1296 4793 δ’.

476 4833 617 4903 Περὶ
653 4833 944 4903 ἁμαρτίας
978 4832 1076 4885 καὶ
1108 4831 1579 4903 ἐξαγορεύσεως.

343 4924 534 4980 Ἰωαν.
564 4931 641 4992 η’.
668 4952 736 4961 -
767 4923 882 4986 Πᾶς
907 4924 936 4976 ό
966 4921 1137 4975 ποιῶν
1184 4921 1482 4993 ἁμαρτίαν,
1510 4919 1695 4983 δοῦλός
1732 4919 1850 4972 ἔστι

258 5015 359 5086 τῆς
384 5007 686 5086 ἁμαρτίας.
1064 5096 1065 5099 η

332 5105 536 5174 Σφὰχ.
560 5103 847 5166 mra—'0;
863 5102 973 5156 ἀπὸ
1001 5100 1293 5173 προσώπου
1326 5100 1524 5169 ὄφεως,
1548 5099 1715 5169 φεῦγε
1741 5100 1849 5154 ἀπὸ

261 5192 579 5264 ἀμαρτίας’
616 5195 713 5246 ἐὰν
744 5193 855 5263 γάρ
895 5191 1224 5263 προσέλθῃς,
1272 5189 1492 5261 δήξεταί
1542 5207 1625 5245 σε.
1671 5178 1848 5244 ’ἐνδόν-

258 5302 354 5348 τες
383 5284 597 5349 λέοντος
618 5286 670 5339 οἱ
697 5285 911 5347 ὀδόντες
936 5284 1129 5355 αὐτῆς,
1165 5285 1261 5336 καὶ
1287 5281 1640 5352 ἀναιροῦντες
1669 5283 1848 5353 ψυχὰς

260 5377 363 5432 ἀνθ
371 5377 593 5449 ρώπων.

330 5469 493 5538 Πρὸς
534 5468 701 5538 Ῥωμ.
738 5467 814 5533 ς’.
848 5496 917 5508 -
946 5468 1039 5538 Μὴ
1081 5468 1176 5522 οὖν
1215 5467 1549 5539 βασιλευέτω
1596 5469 1629 5538 ἡ
1668 5468 1847 5540 ἀμαρ-

261 5560 354 5615 τία
386 5562 445 5614 ὲν
466 5559 548 5630 τῷ
571 5558 751 5629 θνητῷ
770 5559 799 5611 ὑ
809 5557 925 5628 μῶν
954 5557 1191 5629 σώματι,
1218 5562 1298 5624 είς
1320 5559 1382 5613 τὸ
1405 5556 1700 5612 ὑπακούειν
1727 5560 1846 5622 ταῖς

335 5746 383 5779 ⁸³
408 5744 471 5801 In
498 5744 664 5802 Gesn.
697 5745 983 5804 Stob.297.

2511 4726 2741 4783 SERMO
2779 4726 2971 4781 XXVI.

2351 4817 2429 4875 De
2459 4826 2670 4891 peccato
2703 4827 2751 4872 et
2786 4818 3131 4888 conlessione.

2016 4916 2176 4970 Joan.
2206 4930 2319 4976 vui,
2344 4911 2435 4966 54.
2465 4940 2533 4950 -
2563 4908 2756 4965 Omnis
2787 4908 2885 4978 qui
2911 4908 3044 4964 facit
3076 4914 3388 4978 peccatum,
3416 4925 3523 4965 ser-

1945 5024 2051 5064 vus
2082 5016 2167 5062 est
2200 5003 2433 5076 peccati.

2017 5103 2182 5158 Eccli.
2217 5119 2325 5166 xxx,
2350 5102 2405 5155 2.
2436 5131 2505 5139 -
2532 5099 2816 5168 Tanquam
2846 5114 2876 5152 a
2903 5097 3040 5153 facie
3075 5097 3308 5165 colubri,
3343 5097 3468 5169 fuge
3499 5115 3528 5154 a

1945 5203 2204 5267 peccato;
2252 5193 2299 5248 si
2346 5192 2495 5248 enim
2539 5190 2845 5246 accesseris
2890 5189 3165 5245 mordebit
3210 5199 3283 5245 te.
3328 5190 3529 5246 Dentes

1944 5284 2122 5340 leonis
2162 5283 2356 5337 dentes
2392 5282 2543 5352 ejus,
2569 5289 2625 5335 et
2662 5279 2759 5349 qui
2797 5278 3138 5334 interﬁciunt
3177 5280 3390 5335 animas
3426 5279 3530 5335 ho-

1944 5377 2177 5431 minum.
2536 5420 2543 5427 .

2016 5468 2171 5523 Rom.
2194 5485 2270 5533 vr,
2296 5467 2384 5522 12.
2409 5497 2479 5507 -
2507 5465 2585 5521 Ne
2614 5479 2745 5537 ergo
2774 5474 2966 5536 regnet
2988 5472 3273 5536 peccatum
3301 5466 3354 5520 in
3384 5481 3526 5519 mor—

1951 5561 2043 5616 tali
2086 5569 2272 5616 vestro
2320 5574 2584 5628 corpore,
2633 5567 2695 5613 ut
2744 5557 3019 5615 obediatis
3066 5558 3527 5629 concupiscentiis
