4066 6146
514 244 620 309 86⁸1

1655 240 1713 298 s.
1754 204 2043 296 MAxmi
2080 231 2592 295 CONFESSORIS

3666 230 3790 293 868

513 358 641 430 ejus
681 377 694 412 :
734 370 911 427 neque
951 352 1255 409 exhibeatis
1293 350 1537 406 membra
1578 360 1757 407 vestra
1797 367 1946 405 arma
1985 349 2093 404 ini-

2198 347 2515 418 ἐπιθυμίαις
2544 343 2740 398 αὐτοῦ·
2774 344 2911 414 μήτε
2964 341 3325 411 παριστάνετε
3351 340 3419 395 τά
3450 341 3592 414 μέλη
3623 343 3789 413 ὑμῶν

514 447 745 517 quitatis
778 452 1021 514 peccato.

585 540 753 596 Eccli.
783 554 952 602 xxvii,
982 537 1068 591 il.
1091 566 1163 576 —
1195 536 1306 590 Leo
1339 535 1614 590 venationi
1650 534 1979 599 insidiatur;
2016 533 2095 589 sic

513 640 798 702 peccatum
833 627 1163 682 facientibus
1196 625 1404 694 iniqua.

584 722 749 776 Eccli.
784 706 972 783 xxxix',
1009 720 1098 774 50.
1130 750 1202 759 —
1242 720 1391 775 Bona
1432 718 1598 773 bonis
1635 725 1821 772 creata
1860 726 1990 772 sunt
2027 714 2095 770 ab

513 816 702 879 initio;
739 814 819 869 sic
848 822 904 868 et
935 813 1315 883 peccatoribus
1344 813 1503 866 mala.

580 907 791 962 Basilii.
821 936 891 945 —-
915 905 1387 971 Quemadmodum
1422 912 1484 957 ut
1515 902 1807 957 incidenda
1841 903 1914 958 sit
1941 916 2092 966 caro,
2144 890 2149 893 ’

509 1000 596 1054 vel
626 998 874 1053 cauterio
901 995 1203 1065 exurenda,
1229 1011 1340 1049 non
1373 995 1622 1050 medicus
1652 1002 1737 1049 est
1759 1003 1972 1059 auctor,
1999 993 2095 1048 sed

510 1088 776 1143 morbus:
812 1087 894 1140 sic
924 1094 979 1139 et
1010 1085 1294 1139 civitatum
1330 1085 1543 1139 excidia
1576 1093 1946 1153 extremaeque
1979 1083 2094 1138 cla-

509 1178 629 1241 des,
646 1192 767 1246 quae
790 1192 854 1230 ex
878 1183 1226 1245 peccatorum
1248 1174 1608 1229 exuberantia
1633 1184 1812 1229 ortum
1834 1174 2092 1240 habeant,

508 1269 660 1325 omni
686 1267 1038 1321 accusatione
1066 1266 1237 1319 Deum
1268 1265 1528 1318 liberant.

580 1362 869 1415 Peccatum
921 1356 1165 1426 quandiu
1217 1355 1439 1425 quidem
1496 1355 1835 1425 parturitur,
1882 1352 2096 1423 aliquid

508 1450 735 1521 pudoris
777 1448 945 1501 habet
988 1465 999 1499 :
1050 1446 1143 1499 ubi
1187 1453 1369 1499 autem
1412 1445 1580 1498 fuerit
1618 1451 2093 1508 consummatum,

508 1541 605 1611 qui
660 1540 780 1609 ejus
837 1544 1093 1590 auctores
1149 1534 1293 1601 sint,
1341 1535 1604 1591 omnibus
1658 1535 2096 1607 impudentiores

511 1631 714 1687 reddit.

579 1724 651 1779 Ut
684 1723 867 1777 fumus
910 1736 1071 1790 apes,
1105 1728 1161 1775 et
1201 1718 1341 1773 fetor
1375 1718 1660 1773 columbas
1695 1717 1876 1789 fugat,
1911 1717 1993 1772 sic
2032 1724 2089 1771 et
2122 1703 2165 1759 Β

509 1815 636 1869 vita:
675 1822 875 1868 nostra:
916 1813 1201 1865 custodem
1244 1810 1495 1880 angelum
1530 1824 1618 1865 res
1646 1810 1810 1882 longe
1842 1811 2095 1866 luctuosa

508 1921 574 1961 ac
607 1904 784 1960 fetens
812 1913 1102 1975 peccatum
1131 1901 1327 1975 abigit.

584 2082 739 2139 Sicut
773 2081 966 2136 umbra
1000 2080 1220 2150 corpori
1250 2094 1435 2134 eomes
1466 2089 1571 2141 est,
1603 2078 1683 2134 sic
1725 2076 1925 2132 animis
1962 2091 2096 2146 pec-

508 2184 651 2241 eata,
683 2176 939 2244 claraque
974 2181 1194 2227 actuum
1232 2170 1525 2225 simulacra
1554 2169 1851 2224 exsistunt.

579 2349 789 2406 Natura
836 2362 1071 2418 pronum
1114 2347 1308 2401 vitium
1356 2353 1473 2411 est,
1514 2360 1866 2415 praecepsque
1908 2345 2096 2400 est'in

511 2439 759 2494 deterius
788 2453 1008 2492 cursus.

582 2530 692 2585 Res
721 2528 881 2583 facile
913 2526 1318 2583 aamulationem
1353 2526 1567 2581 habens
1597 2539 1772 2595 eaque
1808 2524 2093 2594 proclivis,

512 2622 839 2692 improbitas
883 2628 996 2686 est;
1036 2635 1141 2674 nec
1175 2619 1479 2689 quidquam
1520 2619 1601 2674 sic
1643 2617 1996 2688 expeditum,
2033 2632 2097 2672 ac

512 2712 629 2768 ﬁeri
665 2713 892 2766 malum.

581 2804 661 2857 Ne
690 2801 939 2871 graveris
962 2808 1250 2869 peceatum
1282 2806 1434 2854 tuum
1468 2798 1743 2864 conﬁteri,
1769 2807 1832 2853 ut
1858 2814 2100 2869 prasen-

512 2892 584 2945 tis
610 2891 711 2943 aevi
745 2889 977 2958 pudore,
1012 2888 1185 2941 futuri
1221 2888 1465 2942 dedecus
1495 2889 1873 2959 probrumque
1906 2905 2099 2945 caveas

514 2982 663 3051 (nam
694 2986 749 3033 et
779 2980 895 3033 haec
929 2978 1077 3032 illius
1108 2995 1236 3048 pars
1269 2979 1527 3049 supplicii
1560 2979 1665 3051 est)
1685 3020 1699 3045 ,
1729 2980 2097 3050 ostendasque

511 3070 694 3122 odisse
731 3076 782 3120 te
817 3083 945 3121 vere
976 3076 1261 3137 peccatum
1301 3086 1313 3121 :
1352 3069 1499 3138 quod
1532 3070 1789 3124 traducas
1820 3086 1885 3125 ac
1918 3072 2095 3141 tripu-

512 3161 604 3214 dio
638 3166 880 3212 ostentes
915 3170 1079 3227 atque
1116 3160 1457 3230 triumphes,
1493 3161 1658 3232 609
1696 3172 1757 3216 ut
1787 3163 1937 3233 quod
1967 3179 2097 3219 vere

501 3252 736 3321 dignum
766 3252 1098 3305 contumelia
1126 3260 1230 3307 est.

580 3344 875 3398 Circumda
937 3352 1207 3408 stercora,
1265 3333 1869 3417 laerymasfgemitus,
1930 3364 2096 3419 quam

510 3435 858 3490 confessione
887 3436 1299 3506 humilioreque
1328 3453 1392 3493 ae
1424 3449 1611 3508 spreta
1636 3440 1931 3510 disciplina
1958 3457 2099 3511 pra:-

510 3536 624 3581 stes
656 3526 944 3581 meliorem
987 3526 1226 3597 frugem.

581 3618 743 3671 Nulla
780 3618 865 3671 his
894 3618 990 3686 qui
1024 3629 1390 3672 excesserunt
1443 3619 1499 3672 in
1546 3619 1768 3675 inferno
1820 3619 2097 3674 confessio

510 3716 596 3762 est
640 3722 705 3761 ac
739 3708 1077 3762 emendatio.
1106 3707 1393 3764 Conclusit
1424 3710 1575 3764 enim
1622 3711 1789 3773 Deus,
1826 3710 2096 3780 praesenti

512 3797 739 3868 quidem
786 3814 923 3863 azvo,
972 3799 1141 3854 vitam
1187 3809 1245 3855 et
1296 3802 1606 3867 actionem;
1649 3802 1839 3856 futuro
1885 3812 2093 3868 autem,

512 3907 706 3945 eorum
741 3906 863 3960 qua:
898 3900 1048 3961 gesta
1088 3891 1330 3957 fuerint,
1364 3893 1609 3948 rationes
1644 3902 1809 3962 atque
1843 3908 2093 3947 examen.

583 3983 791 4037 Vitium
832 3984 1058 4039 silentio
1091 4001 1342 4055 pressum
1375 3995 1542 4055 atque
1571 3986 1874 4050 occultum,
1918 3985 2098 4040 latens

511 4074 683 4129 animi
736 4075 961 4130 morbus
1004 4076 1239 4130 exsistit.
1680 4130 1682 4133 .

584 4166 1197 4236 Theologi.—Facilius
1243 4170 1369 4237 quis
1415 4168 1600 4223 tenuis
1646 4167 1767 4221 vitii
1812 4168 2096 4238 copiosius

511 4257 638 4312 labe
686 4258 990 4320 imbuatur,
1035 4274 1201 4328 quam
1245 4260 1369 4313 alta:
1412 4259 1638 4313 virtutis
1672 4260 1938 4328 paulatim
1991 4261 2095 4314 ho-

2195 437 2338 490 ὅπλα
2364 435 2577 496 ἀδικίας
2607 435 2673 503 τῇ
2698 433 2971 503 ἁμαρτίᾳ.
3032 454 3035 457 ν

2264 526 2467 597 Σιρὰχ.
2502 524 2833 587 κζ’.-Λέων
2854 525 2998 596 θήρᾳ
3021 524 3310 594 ἐνεδρεύει,
3335 523 3508 586 οὕτως
3534 524 3785 595 ἁμαρτία

2193 622 2321 683 τοὺς
2345 617 2749 690 ἐργαζομένους
2782 616 2967 670 ἄδικα.

2266 709 2468 777 Σιρὰχ.
2505 711 2618 762 10'.
2649 738 2721 748 —
2760 706 2969 776 Ἀγαθά
3002 709 3114 770 τοῖς
3157 706 3385 774 ἀγαθοῖς
3424 707 3657 777 ἐκτίσθη
3688 707 3784 759 ἀπ’

2195 801 2392 873 ἀρχῆς,
2425 801 2568 853 οὕτω
2595 800 2690 853 καὶ
2720 801 2833 863 τοῖς
2868 799 3217 870 ἁμαρτωλοῖς
3246 799 3412 853 κακά.

2268 896 2482 947 Βασιλ.
2505 921 2577 932 —-
2611 892 2825 961 Ὥσπερ
2855 891 2955 961 τῆς
2976 889 3151 960 τομῆς
3178 890 3210 960 ἦ
3237 890 3330 944 τοῦ
3363 892 3663 963 καυτῆρος,
3685 891 3784 960 οὐχ

2198 986 2227 1037 ὁ
2259 983 2444 1054 ἰατρὸς
2474 982 2668 1046 αἴτιος,
2694 981 2811 1036 ἀλλ’
2842 984 2875 1051 ἡ
2906 985 3057 1046 νόσος
3085 1000 3098 1012 υ
3132 982 3277 1034 οὕτω
3323 983 3416 1036 καὶ
3459 983 3511 1035 oi
3538 983 3651 1036 τῶν
3681 984 3781 1036 πό-

2194 1074 2332 1127 λεων
2362 1073 2661 1145 ἀφανισμοὶ
2692 1073 2757 1126 ἐκ
2800 1073 2899 1143 τῆς
2941 1073 3213 1143 ἀμετρίας
3243 1072 3352 1126 τῶν
3383 1074 3783 1144 ἁμαρτανομέ-

2197 1183 2301 1219 νων
2338 1164 2436 1235 την
2480 1165 2655 1237 ἀρχὴν
2688 1164 2923 1236 ἔχοντες,
2968 1164 3060 1217 τδν
3087 1164 3221 1217 Θεὸν
3248 1165 3468 1236 ἁπάσης
3517 1165 3781 1234 μέμψεως

2194 1255 2544 1310 ἀπολύουσιν.

2280 1347 2341 1400 Ἢ
2382 1346 2626 1417 ἁμαρτία
2676 1346 2751 1411 ὡς
2794 1347 2894 1417 μὲν
2943 1347 3213 1415 ὠδίνεται,
3280 1346 3397 1418 ἔχει
3429 1349 3553 1403 τινά
3586 1350 3781 1419 αἰσχύ-

2194 1456 2322 1509 νην·
2380 1438 2606 1491 ἐπειδὰν
2664 1438 2721 1491 δὲ
2772 1437 3028 1509 τελεσθῇ,
3086 1440 3209 1492 τότε
3266 1440 3780 1510 ἀναισχυντοτέρους

2190 1524 2342 1584 ’ποιεῖ
2363 1530 2489 1593 τοὺς
2514 1529 2920 1600 ἐργαζομένους
2946 1529 3140 1600 αὑτήν.

2277 1704 2366 1767 Ὠς
2398 1703 2510 1774 γὰρ
2538 1701 2640 1767 τὰς
2684 1702 2944 1773 μελίσσας
2972 1703 3185 1765 καπνὸς
3217 1705 3512 1773 φυγαδεύει
3555 1706 3652 1758 καὶ
3684 1705 3778 1769 τὰς

2197 1795 2535 1867 περιστερὰς
2568 1795 2803 1848 δυσωδία
2823 1810 2836 1824 ·
2871 1792 3016 1846 οὔτω
3048 1794 3250 1848 καὶτὸν
3279 1796 3496 1864 φύλακα
3516 1800 3613 1867 τῆς
3635 1798 3780 1866 ζωῆς

2194 1888 2354 1958 ἡμῶν
2380 1888 2611 1957 ἄγγελον
2628 1890 2662 1959 ή
2694 1885 3039 1956 πολύδακρυς
3085 1888 3180 1940 καὶ
3208 1887 3452 1958 δυσώδης
3483 1889 3778 1958 ἀφίστησιν

2202 1975 2468 2050 ἁμαρτία.

2274 2071 2485 2141 Ὠσπερ
2512 2071 2545 2140 ή
2596 2071 2725 2124 σκιά
2764 2072 2842 2143 τῷ
2893 2074 3130 2144 σώματι,
3168 2072 3311 2126 οὕτω
3341 2076 3463 2135 ταῖς
3492 2072 3693 2142 ψυχαῖς
3723 2073 3780 2125 αἱ

2207 2159 2479 2231 ἁμαρτίαι
2508 2160 2873 2231 παρέπονται,
2898 2163 3151 2232 ἐναργεῖς
3180 2161 3279 2225 τὰς
3317 2162 3550 2232 πράξεις
3582 2163 3782 2215 εἰκονί-

2199 2251 2393 2316 ζουσαι
2409 2293 2421 2306 .

2271 2340 2436 2394 Φύσει
2471 2339 2765 2412 πρόχειρον
2789 2342 2821 2411 ἡ
2857 2341 3044 2407 κακία,
3065 2330 3163 2394 ἰαὶ
3192 2341 3361 2403 πολὺς
3385 2343 3478 2395 ἐπὶ
3507 2341 3567 2395 τὸ
3600 2343 3783 2413 χεῖρον

2201 2435 2231 2486 ό
2262 2433 2482 2502 δρόμος.

2273 2523 2599 2595 Εὑζήλωτον
2627 2524 2813 2595 μέντοι
2849 2525 2945 2579 καὶ
2977 2527 3269 2597 πρόχειρον
3309 2527 3539 2595 πρᾶγμα
3570 2526 3601 2595 ή
3674 2543 3780 2594 μο-

2199 2616 2399 2687 χθηρία
2416 2632 2429 2647 ⁸
2456 2616 2550 2672 καὶ
2572 2617 2722 2670 οὐδὲν
2744 2617 2886 2670 οὕτω
2913 2618 3094 2690 ῥᾴδιον
3117 2618 3192 2682 ὡς
3223 2618 3280 2671 τὸ
3308 2616 3555 2684 γενέσθαι
3581 2619 3775 2670 κακόν.

2269 2795 2364 2866 Μὴ
2418 2795 2738 2869 ἀπαξιὼσῃς
2791 2797 3153 2868 ἐξαγορεῦσαι
3207 2815 3301 2851 σου
3349 2799 3447 2868 τὴν
3477 2798 3780 2868 ἁμαρτίαν,

2203 2888 2288 2940 ἵνα
2317 2889 2382 2958 τῇ
2413 2887 2663 2940 ἐντεῦθεν
2714 2889 2946 2962 αἰσχύνῃ
2995 2890 3094 2960 τὴν
3129 2889 3337 2943 ἐκεῖθεν
3364 2889 3543 2960 φύγῃς
3574 2888 3780 2956 (ἐπειδὴ

2207 2978 2372 3048 μέρος
2419 2978 2514 3031 καὶ
2558 2976 2721 3031 τοῦτο
2770 2978 2871 3048 τῆς
2923 2981 3105 3031 ἐκεῖσε
3154 2979 3454 3050 κολάσεως)
3481 2978 3579 3030 καὶ
3601 2977 3782 3049 δείξῃς

2200 3070 2283 3122 ὅτι
2342 3069 2444 3139 τὴν
2493 3069 2775 3140 ἁμαρτίαν
2828 3070 2998 3132 ὅντως
3031 3069 3366 3141 μεμίσηκας,
3410 3068 3781 3140 παραδειγμα-

2198 3161 2355 3225 τίσας
2393 3160 2563 3231 αὐτὴν
2592 3161 2690 3214 καὶ
2716 3160 3116 3232 θριαμϐεύσας,
3147 3162 3222 3225 ὡς
3252 3161 3409 3225 ἀξίαν
3442 3160 3674 3232 ὕϐρεως.

2270 3334 2574 3406 Περιϐαλοῦ
2631 3336 2873 3407 κόπρια,
2936 3336 3182 3406 δάκρυα,
3240 3336 3624 3406 στεναγμοὺς,
3682 3336 3780 3405 τὴν

2197 3428 2264 3482 δι’
2326 3426 2745 3498 ἐξαγορεύσεως
2801 3428 2896 3480 καὶ
2931 3427 3260 3497 ἀτιμοτέρας
3297 3427 3526 3497 ἀγωγῆς
3546 3427 3781 3498 ἐπανόρ-

2202 3521 2389 3574 θωσιν.

2274 3612 2389 3664 Οὐκ
2415 3609 2531 3663 ἐστι
2582 3612 2693 3673 τοῖς
2754 3608 3081 3663 ἀπελθοῦσιν
3138 3612 3198 3662 ἐν
3242 3609 3346 3682 ᾅδῃ
3393 3610 3782 3681 ἐξομολόγησις

2197 3702 2293 3756 καὶ
2340 3701 2647 3772 διόρθωσις.
2690 3700 3007 3753 Συνέκλεισε
3033 3700 3142 3772 γὰρ
3173 3705 3201 3754 ό
3228 3701 3381 3766 Θεὸς,
3414 3702 3647 3756 ἐνταῦθα
3686 3704 3785 3772 μὲν

2200 3796 2313 3866 βίον
2345 3796 2442 3848 καὶ
2496 3794 2730 3865 πρᾶξιν·
2779 3796 2898 3847 ἐκεῖ
2949 3794 3029 3858 δέ,
3067 3797 3166 3865 τὴν
3201 3795 3311 3847 τῶν
3367 3797 3785 3867 πεπραγμένων

2198 3889 2471 3953 ἐξέτασιν.

2268 3981 2450 4035 Κακία
2499 3979 2870 4052 σιωπηθεῖσα,
2930 3981 3086 4044 νόσος
3134 3980 3368 4046 ὓπουλός
3421 3984 3571 4035 ἐστιν
3622 3983 3681 4034 ἐν
3713 3983 3782 4051 τῇ

2195 4076 2365 4146 ψυχῇο

2268 4168 2587 4234 Θεολόγου.
2621 4196 2690 4206 -
2715 4166 3061 4236 Θᾶττονγάρ
3104 4166 3167 4219 ἄν
3198 4184 3283 4230 τις
3331 4166 3528 4235 ὀλίγης
3579 4166 3784 4226 κακίας

2200 4256 2495 4329 μεταλάϐοι
2517 4256 2811 4321 πλουσίως,
2844 4259 3103 4328 ἢάρετῆς
3138 4257 3362 4326 βαθείας
3395 4256 3538 4311 κατά
3563 4258 3783 4328 μικρόν.

511 4360 781 4405 nestatem
836 4351 1093 4404 asciseat.
1139 4351 1276 4405 Nam
1320 4360 1378 4405 et
1431 4352 1539 4405 mel
1587 4352 1772 4420 exigui
1825 4352 2091 4406 absinthii

2211 4353 2363 4404 Ἐπεὶ
2398 4351 2495 4404 καὶ
2528 4348 2706 4419 μέλιτι
2740 4350 2839 4419 μὲν
2867 4351 3063 4419 μικρὸν
3105 4349 3352 4417 ἀψίνθιον
3405 4350 3642 4419 τάχιστα
3681 4365 3781 4417 με·

510 4443 598 4496 vis
631 4442 897 4496 citissime
946 4441 1158 4504 inficit;
1209 4442 1390 4511 ipsum
1445 4457 1599 4507 vero,
1650 4457 1753 4496 nec
1784 4443 1829 4496 si
1863 4443 2095 4513 duplum

2198 4442 2445 4496 ταδίδωσι
2469 4440 2563 4493 τοῦ
2592 4439 2815 4509 πικροῦ,
2841 4439 2961 4509 μέλι
2991 4440 3048 4492 δὲ
3070 4440 3191 4492 οὐδὲ
3219 4440 3281 4493 τὸ
3307 4439 3590 4494 διπλάσιον
3625 4441 3785 4510 ἀψιν-

511 4534 737 4604 quidem
774 4534 1072 4599 exstiterit,
1126 4534 1407 4588 absinthio
1429 4533 1781 4595 dulcedinem
1832 4533 2094 4589 infundit.

2199 4534 2301 4604 θίῳ
2330 4534 2430 4603 τῆς
2468 4530 2665 4585 ἐαυτοῦ
2694 4532 3053 4600 γλυκύτητος.

581 4621 1057 4696 Cltysost.—Tale
1105 4623 1240 4695 quid
1288 4633 1575 4694 peccatum
1620 4633 1725 4678 est.
1788 4625 2097 4696 Antequam

2270 4626 2574 4694 Χρυσοστ.
2624 4654 2694 4665 --
2724 4622 2978 4676 Τοιοῦτον
3007 4624 3040 4692 ὴ
3071 4621 3314 4692 ἁμαρτία
3347 4638 3361 4652 ·
3402 4623 3536 4692 πρὶν
3594 4623 3631 4694 ἢ
3689 4623 3789 4694 μὲν

512 4715 854 4790 perficiatur,
882 4731 1043 4781 eum,
1075 4716 1169 4786 qui
1205 4730 1263 4770 se
1298 4715 1374 4770 illi
1408 4732 1562 4770 remn
1604 4715 1909 4781 addixerit,
1943 4714 2099 4786 quasi

2205 4714 2632 4786 ἀπαρτισθῆναι,
2669 4709 2887 4784 μεθύειν
2915 4715 3063 4766 ποιεῖ
3092 4713 3184 4765 τὸν
3211 4713 3441 4767 ἁλόντα·
3473 4714 3705 4767 ἐπειδὰν
3732 4715 3793 4768 δὲ

514 4806 884 4861 temulentum
933 4807 1136 4860 reddit.
1171 4807 1276 4861 Ubi
1308 4814 1494 4860 autem
1534 4806 1896 4876 adimpletum
1932 4807 2099 4863 fuerit

2205 4806 2469 4879 πληρωθῇ
2517 4807 2614 4859 καὶ
2669 4804 3004 4875 ἀπαρτισθῇ,
3046 4805 3169 4857 τότε
3223 4806 3292 4857 τὰ
3326 4806 3427 4875 μὲν
3460 4806 3562 4875 τῆς
3593 4806 3791 4876 ἡδονῆς

512 4903 571 4949 et
597 4895 709 4965 jam
748 4905 1059 4964 peractum,
1106 4911 1230 4965 qua:
1276 4895 1455 4949 fuerat
1492 4895 1772 4964 voluptas,
1828 4895 1946 4949 haec
1973 4911 2095 4951 sese

2201 4899 2409 4967 ταύτης
2427 4896 2781 4963 ὑπεξίσταται
2809 4897 2904 4948 καὶ
2930 4895 3215 4948 σδέννυται
3233 4912 3246 4925 ·
3275 4896 3488 4965 γυμνὸς
3506 4897 3563 4948 δέ
3585 4897 3791 4967 ἕστηκε

514 4987 777 5041 subducit
828 5003 892 5042 ac
940 4988 1340 5058 exstinguitur;
1385 4986 1568 5042 nudus
1616 4995 1801 5040 autem
1852 4995 1962 5042 stat
2005 5004 2096 5043 ac-

2027 5103 2255 5161 ΝΟΤᾹΒ.

584 5169 662 5244 (ρ)
693 5169 803 5223 Τοῦ
838 5171 1208 5244 συνειδότος.
1251 5171 1417 5227 Gesn.
1455 5189 1579 5229 eum
1612 5188 1745 5227 voce
1786 5175 2093 5244 κατήγορος

512 5239 725 5308 jungit;
784 5241 940 5308 quasi
992 5242 1110 5310 ipsa
1166 5243 1505 5296 conscientia
1562 5258 1673 5296 non
1722 5239 2092 5308 accuset,sed

514 5318 825 5373 accusetur,
868 5324 972 5364 nec
1014 5310 1133 5378 ejus
1179 5312 1333 5379 quasi
1365 5314 1543 5367 active
1577 5312 1815 5366 tribunal
1854 5312 1946 5376 sit,
1996 5313 2091 5367 sed

515 5378 765 5453 passive:
812 5379 957 5453 quod
1010 5380 1158 5453 idem
1185 5396 1241 5453 n.
1270 5380 1358 5444 50,
1401 5383 1454 5435 in
1501 5398 1568 5436 eo
1603 5383 1952 5450 reprehendi.
1980 5382 2093 5453 Ego

519 5445 1035 5521 potiusgen’itivnm
1064 5450 1377 5502 absolutum
1410 5452 1645 5520 accipio.
1665 5445 1729 5504 ct
1760 5467 1870 5521 quo
1920 5445 2095 5520 expli-

520 5522 680 5592 cetur
707 5516 821 5592 ipse
852 5528 1139 5592 accusator
1171 5527 1225 5571 et
1251 5528 1448 5592 tortor,
1476 5516 1591 5590 ipsa
1642 5516 1906 5592 nimirum
1964 5516 2094 5576 eon-

523 5584 778 5660 scientia,
834 5600 955 5652 qua:
998 5586 1212 5660 _l_i_nrutn
1271 5584 1441 5660 vices
1475 5584 1651 5660 g'erat,
1707 5591 1787 5644 sic
1847 5592 2090 5645 animant

525 5651 787 5706 cat-dendo
828 5651 883 5706 et
929 5654 1254 5710 vellicando.
1286 5651 1503 5723 Quare"
1529 5659 1851 5713 nominativi
1899 5661 1973 5714 illi
1995 5677 2095 5715 .so-

2202 4989 2388 5042 λοιπὺν
2417 4989 2445 5041 ὁ
2467 4989 2771 5058 κατήγορος
2793 5024 2808 5050 ,
2844 4987 2937 5039 τοῦ
2964 4986 3265 5049 συνειδότος
3300 4987 3377 5057 (ρ)
3401 4988 3607 5057 δημίου
3635 4989 3795 5069 τάξιν

2209 5180 2347 5230 Ιωοο
2384 5171 2572 5243 positi,
2600 5182 2676 5243 put
2697 5170 2876 5243 solent
2905 5169 3105 5243 passim
3130 5168 3304 5243 Graeci
3341 5169 3600 5224 moderni
3624 5186 3792 5243 usur—

2201 5260 2353 5314 pare,
2382 5237 3001 5314 proquibusgignehdi
3026 5254 3154 5314 casu
3186 5237 3624 5310 Chrysostomus
3654 5242 3792 5314 seri-

2202 5308 2399 5384 pseritl
2430 5308 2592 5367 Libet
2614 5308 3005 5384 conjecturam.
3030 5308 3245 5384 firmare
3292 5308 3358 5363 ex
3392 5324 3506 5384 uno
3530 5319 3590 5364 et
3614 5311 3795 5384 altero

2190 5377 2311 5452 ejus
2335 5383 2478 5447 loco,
2504 5377 2808 5452 concione!
2840 5388 2896 5432 et
2912 5381 2966 5442 4,
2993 5378 3048 5452 in
3065 5377 3292 5452 divitem
3315 5385 3372 5431 et
3398 5377 3701 5452 Lazarum.
3728 5379 3798 5434 Et

2190 5447 2497 5523 li'quitlem:
2533 5451 2895 5523 Δικαστήριον
2909 5450 3080 5523 χωρὶς
3101 5447 3361 5523 ὲλ-έγχων,
3389 5451 3485 5499 καὶ
3517 5450 3797 5523 ἀπολογία

2191 5515 2362 5593 χώρις
2396 5515 3389 5593 κατηγορίαςζκαὶ⁷ίάπόὸειξιςἄνευ
3442 5515 3755 5593 μαρτύρων
3777 5537 3790 5549 ·

2192 5587 2375 5645 αὐτῶν
2416 5587 2535 5643 τῶν
2559 5587 2628 5642 τό
2653 5591 2887 5657 πρᾶγμα
2943 5587 3336 5657 ἐργασαμένων
3367 5587 3609 5651 ἑαυτοὺς
3634 5587 3796 5656 ἐλεγ-

2191 5663 2417 5733 χόντων,
2445 5661 2539 5713 καὶ
2572 5660 2633 5712 τὸ
2682 5656 2855 5727 λάθρα
2896 5656 3262 5725 γεγενημένον
3284 5656 3790 5726 ἐκπομπευόντων.
