4066 6146
543 253 642 316 871
1722 251 1783 309 S.
1808 250 2110 309 ‘MAXIMI
2144 250 2654 312 CONFESSORIS
3698 260 3833 324 872

534 362 655 417 rius
678 359 864 425 allicit,
894 358 989 414 sed
1032 366 1253 427 peccata
1280 354 1427 409 unde
1482 355 1575 410 ille
1601 356 1854 423 exsistit;
1912 357 2112 412 animi-

2229 357 2328 425 iev,
2369 358 2483 411 ἀλλ’
2520 361 2915 431 ἁμαρτήματα,
2936 360 3004 414 δι’
3023 360 3111 443 ai]
3137 361 3290 428 νόσος
3314 379 3330 395 ο
3364 364 3464 419 καὶ
3500 366 3666 423 νόσον
3707 373 3841 443 ψυ-

532 468 642 524 que
680 451 1084 522 aegritudinem,
1120 462 1230 501 non
1264 446 1534 516 corporis.

2229 450 2340 520 πῆς,
2381 450 2503 520 οὐχὶ
2523 450 2794 522 σώματος.
3050 442 3069 466 ¹

604 543 875 599 Theotimi.
899 570 966 583 --
985 541 1281 595 Peccatum
1329 539 1482 594 velut
1503 539 1680 594 obicis
1715 538 2003 610 cujusdam
2030 554 2112 595 ra-

2292 543 2596 611 Θεοτίμου.
2619 542 2926 596 -Ἔοικεν
2986 544 3018 609 ἡ
3086 546 3329 617 ἁμαρτία
3402 551 3829 626 παραϐλήματι

534 634 743 687 tionem
798 632 1004 698 habet,
1050 631 1149 686 Dei
1207 632 1262 685 in
1316 647 1420 687 nos
1474 629 1921 686 benevolentiam
1966 631 2112 687 inhi-

2229 629 2479 684 κωλύοντι
2496 634 2593 702 τὴν
2609 631 2820 688 εὔνοιαν
2846 632 2940 687 τοῦ
2965 634 3101 688 Θεοῦ
3135 638 3193 689 ὲν
3224 639 3355 708 ἡμῖν
3375 642 3660 708 γενέσθαι.

532 723 690 777 bcns.

602 813 838 882 Iosephi.
863 842 931 851 —
951 812 1115 866 Ratio
1150 810 1385 867 allectus
1435 826 1543 867 non
1573 812 1857 882 exstirpat,
1889 811 1987 866 sed
2016 811 2116 867 ad-

533 918 724 959 versus
762 917 862 956 eos
901 902 1166 956 luctatur.

596 995 711 1049 Nec
739 994 920 1063 ignem
952 994 1123 1063 pallio
1163 992 1294 1047 licet
1319 992 1624 1059 involvere,
1655 1008 1759 1048 nec
1792 1001 1954 1064 turpe
1983 1005 2116 1062 pec-

530 1096 713 1141 catum
763 1096 1006 1155 tempore
1053 1086 1338 1156 obtegere.

603 1177 1141 1233 Aristotel.—Haud
1194 1177 1387 1247 procul
1438 1177 1507 1231 ab
1559 1177 1902 1241 innocentia,
1958 1185 2016 1232 et
2055 1185 2119 1231 ut

530 1270 672 1323 labis
710 1284 887 1338 purus
933 1269 1227 1335 habeatur,
1255 1268 1524 1333 abscedit,
1570 1269 1665 1338 qui
1711 1270 1959 1324 modeste
1986 1283 2118 1339 pec-

529 1371 718 1416 catum
758 1358 1048 1417 confessus
1090 1361 1183 1416 sit.

600 1453 890 1525 Pythagor.
907 1452 1167 1508 —Stude
1200 1463 1427 1522 peccata
1456 1460 1549 1507 tua
1576 1468 1687 1508 non
1714 1453 1901 1509 verbis
1928 1454 2119 1509 occul-

531 1553 670 1609 tare,
713 1546 808 1599 sed
840 1560 1038 1599 curare
1088 1544 1587 1614 reprehensionum
1637 1545 1869 1599 aculeis.

2229 1539 2399 1608 λόγοις
2430 1541 2836 1606 ὲπικαλύπτειν,
2864 1542 2999 1595 ἀλλά
3029 1544 3351 1613 θεραπεύειν
3383 1546 3645 1617 ἐλέγχοις.

602 1637 836 1692 Demost.
865 1636 1420 1703 —Quemadmodum
1470 1637 1723 1706 corporis
1768 1636 2019 1701 morbus,
2068 1638 2112 1693 si

2291 1635 2549 1703 Δημοσθ.
2577 1664 2650 1675 -
2676 1635 2888 1706 Ὥσπερ
2927 1637 3235 1705 σωματικὸν
3264 1637 3436 1703 πάθος
3469 1640 3531 1692 οὐ
3556 1643 3795 1712 κρυπτὸ-

529 1737 750 1799 tegatur
775 1736 940 1797 atqne
966 1727 1244 1792 laudetur,
1271 1727 1419 1781 haud
1445 1743 1575 1782 sane
1600 1728 1852 1784 sanitatis
1872 1729 2112 1784 remedia

2234 1743 2393 1795 μενον
2439 1726 2561 1779 οὐδὲ
2609 1726 3001 1799 ἐπαινούμενον
3055 1726 3341 1796 ὑγιάζεται
3375 1746 3390 1760 ⁸
3444 1729 3619 1797 οὕτως
3673 1734 3805 1787 οὐδὲ

529 1820 757 1888 recipit;
805 1817 885 1874 sic
935 1834 1040 1873 nec
1087 1818 1229 1874 male
1278 1825 1433 1874 tutus
1466 1820 1686 1875 animus
1724 1818 1884 1874 facile
1936 1820 2112 1875 curari

2229 1815 2368 1887 ψυχὴ
2393 1814 2582 1880 κακῶς
2615 1806 3006 1889 φρουρουμένη
3040 1817 3423 1887 θεραπεύεται.

527 1911 755 1980 poterit.

598 2001 1295 2067 Moschionis.—Pra:stat,
1346 2016 1472 2056 cum
1516 2018 1639 2056 raro
1682 2002 1906 2057 virtutis
1944 2003 2119 2058 culto-

527 2109 646 2148 rem
680 2094 1011 2163 proﬁtearis,
1049 2093 1251 2162 sepius
1308 2094 1620 2148 modestum
1656 2102 1821 2165 atque
1865 2095 2116 2150 sobrium

527 2200 680 2249 esse;
730 2200 894 2254 quam
942 2193 1005 2238 ut
1057 2200 1184 2239 raro
1239 2196 1529 2255 peccatum
1556 2202 1881 2257 agnoscens,
1914 2187 2118 2258 sacpius

471 2332 481 2345 ,
528 2276 747 2330 delictis
789 2274 1115 2344 impliceris.

597 2368 761 2422 Zeno.
784 2367 1027 2431 —Vive,
1062 2367 1250 2432 homo,
1281 2381 1390 2421 non
1435 2366 1619 2422 solum
1651 2374 1712 2421 ut
1760 2366 1892 2422 edas
1920 2376 1976 2422 et
2027 2367 2116 2423 bi-

2302 809 2664 877 ἰωσήππου.
2691 840 2762 853 —-
2796 811 2911 866 Οὐκ
2936 814 3242 888 ὲκριζωτὴς
3276 818 3385 873 τῶν
3419 822 3638 889 παθῶν,
3690 827 3822 881 ἀλλ’

2219 901 2633 971 ἀνταγωνιστής
2661 904 2809 957 ἐστιν
2835 906 2864 956 ὁ
2883 903 3167 977 λογισμός.

2290 990 2428 1043 Οὔτε
2447 989 2560 1062 πῦρ
2583 991 2782 1063 ίματίῳ
2799 996 3136 1063 περιστεῖλαι
3154 995 3402 1063 δυνατὸν,
3423 997 3550 1054 οὔτε
3569 1004 3820 1076 αἰσχρὸν

2218 1083 2528 1154 ἁμάρτημα
2553 1084 2755 1155 χρόνῳο

2301 1175 2593 1243 Ἀριστοτ.
2642 1206 2715 1218 —
2765 1177 2841 1231 Οὐ
2901 1178 3091 1252 πὸρῤω
3111 1181 3203 1234 τοῦ
3245 1182 3628 1256 ἁναμαρτήτου
3662 1188 3817 1243 καθ.

2222 1263 2436 1333 ιστησιν
2492 1266 2714 1331 ἑαυτὸν,
2755 1269 2785 1321 ὁ
2841 1268 2903 1322 τὸ
2931 1270 3254 1341 ἁμαρτηθὲν
3304 1274 3553 1340 ἐπιεικῶς
3594 1279 3805 1349 ὁμολο-

2220 1355 2417 1427 γήσας.

2291 1448 2663 1518 Πυθαγόρου.
2701 1481 2774 1492 -
2808 1451 2889 1505 Τὰ
2919 1453 3295 1524 ἁμαρτήματά
3349 1472 3442 1509 σου
3481 1458 3675 1529 πειρῶ,
3717 1461 3802 1532 μὴ

2289 1991 2666 2060 Μοσχίωνος.
2720 2021 2791 2033 -—
2841 1991 3062 2047 Βέλτιον
3126 1993 3377 2063 ὀλιγάκις
3430 1998 3800 2067 ὁμολογοῦντα

2220 2082 2542 2154 κατορθοῦν,
2593 2087 2886 2155 σωφρονεῖν
2937 2084 3225 2152 πολλάκις,
3262 2087 3296 2158 ἢ
3337 2088 3587 2158 ὀλιγάκις
3617 2092 3801 2162 ἁμαρ-

2217 2175 2404 2229 τάνειν
2428 2175 2678 2246 λέγοντα,
2708 2177 3049 2250 πλημμελεῖν
3074 2179 3354 2245 πολλάκις.

2291 2358 2527 2428 Ζήνων.
2556 2390 2627 2401 -
2652 2357 2806 2429 Ζῆθι,
2844 2351 2890 2412 ὦ
2937 2357 3215 2431 ἄνθρωπε,
3267 2359 3343 2432 μὴ
3379 2361 3540 2431 μόνον
3572 2363 3660 2416 ἵνα
3686 2363 3797 2432 φά-

2222 2468 2329 2523 γῃς
2360 2451 2455 2505 καὶ
2483 2450 2645 2523 πίῃς,
2679 2448 2794 2505 ἀλλ’
2829 2450 2917 2503 ῐνα
2938 2448 3017 2521 τῷ
3044 2449 3143 2521 ζῇν
3187 2450 3325 2522 πρὸς
3364 2451 3425 2511 τὸ
3463 2448 3521 2506 εὖ
3549 2452 3647 2524 ζῇν
3690 2471 3796 2508 κα-
3849 2479 3863 2489 .

2219 2544 2659 2702 “gamma.
2692 2663 2762 2675 —
2786 2630 2968 2695 Πάθος
2988 2631 3040 2685 τι
3077 2646 3179 2703 μου
3195 2631 3494 2701 προσέπεσε
3521 2634 3586 2701 τῇ
3609 2630 3786 2702 ψυχῇ,

2219 2726 2315 2780 καὶ
2352 2726 2405 2780 τί
2446 2725 2545 2796 μὲν
2596 2727 2744 2778 ἐστιν
2786 2723 2887 2777 οὐκ
2920 2719 3057 2777 οἶδα.
3088 2723 3303 2793 Ἔρωτα
3334 2722 3391 2777 δὲ
3430 2724 3560 2776 αὐτὸ
3589 2723 3790 2792 λέγουσι

2222 2833 2305 2871 σιν
2329 2816 2401 2888 (q)
2419 2818 2467 2870 οἱ
2500 2816 2865 2887 μεμυημένοι.
2893 2814 3144 2869 Βάσκανε
3171 2815 3363 2886 δαῖμον
3392 2815 3487 2868 καὶ
3513 2815 3791 2884 ἀλόγιστε,

528 2458 647 2525 bas,
693 2458 791 2513 sed
821 2467 884 2514 ut
923 2458 1070 2529 quod
1114 2458 1256 2514 vivis
1296 2458 1543 2514 abuteris
1579 2466 1639 2513 ut
1673 2458 1814 2514 bene
1843 2458 2116 2530 beateque

528 2564 702 2605 vivas.

598 2638 1244 2695 Phaoorini.—Aﬂ‘ectio
1293 2640 1544 2710 quaedam
1589 2639 1835 2694 animum
1880 2640 2113 2707 invasit;

529 2744 597 2786 ac
632 2730 857 2800 quidem
902 2732 1036 2801 quid
1086 2731 1179 2785 illa
1220 2731 1317 2795 sit,
1371 2730 1580 2785 nescio.
1621 2730 1793 2785 Aiunt
1835 2732 1931 2801 qui
1969 2730 2117 2785 docti

529 2830 662 2876 sunt
682 2837 747 2875 ac
771 2821 993 2885 initiati,
1020 2836 1266 2875 amorem
1297 2837 1438 2876 esse.
1467 2822 1658 2876 Invide
1693 2837 1756 2876 ac
1785 2822 2116 2888 inconsulte,

530 2910 766 2974 daemon,
797 2909 1075 2963 infirmum
1108 2925 1309 2979 corpus
1334 2909 1562 2963 adortus
1583 2923 1664 2973 es,
1706 2909 1855 2979 quod
1883 2917 1936 2973 te
1964 2910 2112 2965 ferre

2229 2904 2442 2959 ἰισθενεῖ
2477 2903 2888 2975 προσελήλυθας
2921 2903 3154 2972 σώματι,
3200 2903 3391 2973 φέρειν
3425 2920 3485 2957 σε
3534 2903 3609 2974 μὴ
3634 2904 3795 2957 δυνα-

529 3015 642 3055 non
676 3007 876 3069 potest.
904 3000 1017 3054 Abs
1051 3010 1104 3054 te
1143 3000 1403 3066 abscedo,
1433 3000 1678 3067 daemon;
1710 3016 1740 3055 a
1778 3009 1872 3056 tua
1898 3017 1987 3057 me
2014 3017 2112 3072 pu-

2229 2995 2387 3067 μένῳ.
2429 2994 2750 3065 Ἐξίσταμαί
2791 3010 2909 3059 σου,
2938 2994 3163 3065 δαῖμονο
3199 2994 3521 3066 παραχωρῶ
3563 3013 3658 3049 σου
3691 2998 3792 3068 τῆς

529 3108 636 3163 gna
668 3092 897 3162 recipio,
928 3108 1038 3147 non
1081 3108 1201 3147 sum
1247 3099 1374 3146 tuus
1402 3090 1580 3147 miles.

2229 3088 2403 3160 μάχης
2430 3105 2444 3119 ο
2479 3090 2581 3142 οὐκ
2604 3087 2721 3158 εἰμί
2744 3104 2838 3140 σου
2872 3086 3231 3158 στρατιώτης.
3734 3161 3740 3167 _

601 3183 945 3254 TheOphrast.
962 3215 1034 3223 —
1049 3185 1241 3248 Amor,
1270 3182 1574 3238 nescientis
1602 3181 1876 3237 rationem
1897 3180 2112 3252 cupidi-

2292 3176 2619 3246 Θεοεοράστ.
2644 3207 2713 3219 --
2740 3176 2919 3247 Ἔρως
2949 3177 3096 3229 ἐστὶν
3114 3176 3398 3245 ἀλογίστου
3425 3179 3570 3244 τινὸς
3603 3180 3790 3233 ἐπιθυ-

530 3275 662 3330 tatis
689 3276 973 3346 cujusdam
1001 3274 1394 3345 exsuperantia
1420 3284 1533 3341 est;
1561 3273 1800 3329 celerem
1830 3288 2112 3329 accessum

2229 3269 2354 3341 μίας
2379 3268 2677 3340 ὑπερϐολὴ,
2707 3271 2933 3339 ταχεῖαν
2974 3269 3076 3339 μὲν
3103 3269 3307 3340 ἔχουσα
3361 3269 3462 3340 τὴν
3511 3270 3787 3343 πρόσοδον,

529 3365 760 3434 habens,
792 3375 849 3421 at
877 3381 1001 3436 quae
1043 3364 1198 3420 tarde
1222 3363 1489 3419 dimittat.
1562 3365 1569 3373 '

2229 3359 2547 3433 βραδεῖανδὲ
2567 3359 2668 3430 τὴν
2689 3360 2975 3413 ἀπόλυσιν.

952 3592 1112 3662 61],
1176 3588 1409 3662 SERMO
1462 3589 1683 3646 XXVII.

810 3678 887 3733 De
914 3680 1149 3734 ciborum
1175 3682 1558 3737 incontinentia
1590 3701 1653 3737 ac
1681 3682 1830 3753 gula.

601 3769 733 3825 Luc.
765 3786 841 3838 v1,
876 3772 1055 3826 25.——
1075 3774 1166 3828 Vae
1192 3774 1349 3829 vobis
1386 3775 1482 3845 qui
1528 3776 1759 3830 saturati
1789 3774 1944 3840 estis,
1986 3774 2116 3843 quia

529 3862 824 3928 esurietis;
872 3879 954 3919 va:
1006 3863 1164 3919 vobis
1200 3865 1297 3935 qui
1346 3866 1564 3934 ridetis,
1596 3868 1727 3937 quia
1769 3865 2030 3937 lugebitis
2062 3859 2152 3919 et’

530 3949 755 4006 ﬂebitis.

599 4043 718 4098 Jac.
741 4060 795 4109 v,
824 4044 876 4099 5.
899 4075 971 4084 —
988 4046 1209 4115 Epulati
1247 4048 1383 4103 estis
1408 4046 1673 4103 deliciose
1710 4063 1877 4117 super
1912 4056 2113 4102 terram

2809 3587 3026 3642 ΛΟΓΟΣ
3065 3587 3191 3642 KZ"

2451 3678 2593 3748 Περὶ
2617 3679 2911 3748 ἀκρασίας
2936 3680 3036 3733 καὶ
3061 3679 3551 3749 ’γαστριμαργίαᾳ
3580 3684 3588 3691 ’

2269 3776 2473 3827 .Λουκ.
2504 3778 2579 3836 ς’.
2608 3800 2682 3815 -—
2707 3772 2844 3824 υύαὶ
2884 3773 2936 3824 ot
2976 3771 3446 3842 ἐμπεπλησμένοι,
3487 3772 3571 3824 ὃτι
3597 3759 3810 3826 πεινάέ

2220 3882 2343 3919 σετε
2372 3880 2387 3894 ο
2434 3864 2559 3917 οὐαὶ
2590 3865 2640 3917 οἱ
2681 3862 2971 3931 γελῶντες,
3023 3863 3108 3918 ὅτι
3148 3856 3448 3925 πενθήσετε
3482 3863 3578 3916 καὶ
3616 3859 3787 3917 κλαύ-

2221 3973 2342 4011 σετε
2350 3998 2363 4011 .

2296 4050 2430 4103 Ἰακ.
2462 4055 2527 4102 ε’.
2561 4077 2632 4088 —-
2673 4047 3050 4117 Ἐτρυφήσατε
3100 4046 3193 4099 ἐπὶ
3214 4046 3318 4114 τῆς
3342 4046 3447 4115 γῆς
3481 4047 3576 4100 καὶ
3618 4047 3783 4100 ὲσπα-

526 4143 587 4189 et
613 4135 946 4204 eluxuriati;
974 4139 1271 4193 enutristis
1304 4138 1473 4194 corda
1522 4147 1704 4206 vestra
1753 4140 1898 4193 sicut
1939 4139 1996 4193 in
2027 4138 2112 4193 die

2229 4142 2487 4213 ιαλήσατε
2514 4157 2530 4174 ν
2565 4140 2830 4212 ὲτρέψατε
2863 4140 2962 4202 τὰς
2989 4139 3217 4210 καρδίας
3250 4138 3402 4210 ὑμῶν
3430 4139 3506 4202 ὡς
3521 4140 3578 4192 ὲν
3602 4140 3782 4211 ἡμέρᾳ

527 4239 852 4282 00018101115.

598 4316 758 4371 Prov.
790 4335 936 4385 xxiv,
969 4320 1057 4374 l5.
1079 4349 1150 4358 —
1167 4320 1248 4376 Ne
1276 4319 1566 4376 seducaris
1589 4321 1647 4376 in
1667 4321 1959 4377 saturitate
1981 4337 2117 4377 ven—

526 4405 631 4460 tris
659 4409 759 4463 tui.

596 4498 756 4554 Prov.
806 4518 932 4569 xxv,
980 4502 1067 4559 16.
1096 4502 1292 4559 -Μθι
1319 4514 1536 4570 nactus,
1588 4514 1859 4575 quantum
1908 4503 2111 4561 sullicit

522 4588 696 4654 edito,
724 4607 794 4645 ne
824 4592 966 4648 forte
995 4594 1239 4663 repletus
1286 4610 1531 4651 evomas.

594 4679 761 4734 Eccli.
794 4698 880 4747 xc,
912 4683 1205 4742 50.-Vir
1249 4686 1554 4757 respiciens
1590 4685 1646 4741 in
1692 4701 1939 4742 mensam
1977 4687 2113 4743 alie-

522 4784 671 4833 nam,
712 4788 826 4826 non
856 4783 943 4829 est
982 4774 1094 4829 vita
1121 4776 1241 4848 ejus
1268 4777 1325 4831 in
1361 4777 1774 4847 computatione
1806 4777 1955 4831 vitae.

592 4860 898 4918 Basilii.—
927 4866 1154 4921 Nullum
1205 4884 1332 4924 cum
1369 4877 1567 4924 ventre
1619 4868 1790 4925 ﬁdum
1836 4882 2113 4925 commer-

592 5043 639 5075 σε
672 5042 733 5097 In
762 5043 926 5098 Gesn.
961 5042 1117 5100 Stob.
1151 5042 1240 5098 37.
1268 5029 1274 5034 ’

2216 4235 2451 4305 σφαγῆς.

2291 4328 2538 4395 Παροιμ.
2568 4324 2677 4379 κδ’.
2706 4353 2755 4364 -
2804 4324 2898 4395 Μὴ
2929 4324 3218 4396 ἀωτηθῇς
3270 4324 3328 4376 ὲν
3376 4321 3642 4394 χορτασίᾳ
3667 4339 3781 4374 xci-

2142 4403 2187 4458 Ι)
2213 4413 2333 4478 λίας
2366 4431 2480 4469 σου.

2280 4510 2533 4575 Παροιμ.
2569 4511 2673 4561 κε’.
2703 4537 2773 4549 -
2798 4506 2937 4560 Μέλι
2973 4504 3175 4578 εὑρὼν,
3192 4505 3253 4559 τὸ
3289 4505 3471 4559 ἱκανὸν
3504 4504 3666 4572 φάγε,
3703 4505 3778 4575 μή

2214 4613 2347 4649 ποτε
2373 4594 2635 4665 πλησθεὶς
2664 4594 2950 4667 ἐξεμέσῃς.

2284 4690 2410 4756 Σιρ.
2435 4693 2515 4756 μ’.
2540 4716 2608 4726 -
2640 4685 2802 4757 Ἀνὴρ
2817 4686 3028 4756 βλέπων
3056 4685 3136 4750 είς
3165 4681 3447 4755 τράπεζαν
3470 4680 3775 4753 ἀλλοτρίαν,

2214 4778 2315 4833 οὐκ
2337 4777 2483 4831 ἐστιν
2509 4778 2538 4830 ὁ
2565 4777 2679 4847 βίος
2716 4777 2879 4831 αὑτοῦ
2900 4779 2957 4830 ἐν
2975 4775 3221 4846 λογισμῷ
3251 4776 3415 4845 ζωῆς.

2287 4869 2633 4924 Βασιλείαν.
2663 4899 2732 4911 -—
2750 4869 2968 4941 Γαστὴρ
2991 4867 3364 4937 συναλλάκτης
3386 4865 3535 4919 ἐστὶν
3558 4864 3779 4918 ἀπιστό-

2044 5163 2281 5223 NOTAE.

596 5254 672 5323 (q)
704 5254 929 5319 Ἔρωτα
980 5254 1048 5326 δὲ
1100 5253 1567 5326 αὑτὸ-λέγουσι.
1622 5252 1770 5326 Istud
1797 5253 1864 5308 de
1912 5268 2103 5326 amore

2229 5270 2335 5310 :um
2360 5255 2451 5309 ille
2478 5270 2683 5325 pravus
2704 5263 2808 5317 est,
2828 5263 2883 5311 et
2901 5256 3083 5326 qualis
3110 5256 3258 5326 viget
3289 5257 3342 5311 in
3360 5265 3559 5311 natura
3582 5273 3772 5317 corru.

522 5322 627 5398 hac
656 5322 713 5377 et
748 5325 1003 5398 sequenti
1038 5323 1332 5398 sententia,
1368 5325 1527 5398 paul_o
1561 5324 1829 5378 remotius
1870 5340 1898 5377 a
1934 5323 2119 5398 titulo
2202 5334 2293 5398 pta
2323 5341 2427 5398 nec
2449 5322 2657 5398 sanata,
2685 5322 3226 5398 experiebanturque
3252 5329 3300 5398 οί
3328 5327 3773 5398 EEwpbilosophi

522 5392 767 5462 videtur,
786 5409 851 5447 ac
867 5393 1052 5462 potius
1066 5395 1173 5447 alio
1191 5392 1459 5462 spectare:
1478 5394 1639 5448 Forte
1675 5403 1794 5449 erat
1821 5409 1994 5447 novus
2029 5393 2097 5445 ti-

525 5461 675 5513 tulus
705 5477 769 5514 ac
787 5461 988 5526 sermo,
1011 5465 1169 5530 cujus
1187 5461 1397 5532 reliqua
1416 5463 1728 5517 exciderint
1750 5483 1761 5516 :
1792 5463 1899 5517 nisi
1925 5462 2094 5517 Illuxi-

2197 5394 2393 5459 (Grzeci
2413 5396 2623 5449 scilicet
2644 5402 2700 5449 et
2732 5395 2961 5463 ethnici)

3017 5413 3046 5449 a
3076 5396 3280 5451 Christi
3312 5397 3482 5466 gratia
3507 5396 3769 5454 extranei.

2194 5464 2373 5537 Etiam
2401 5481 2527 5519 cum
2558 5464 2623 5537 a_d
2650 5464 3225 5537 divinaitransl’crtur,
3277 5464 3430 5522 velut
3479 5468 3770 5537 quamdam

523 5544 646 5605 inus
674 5532 951 5584 subtiliter
979 5533 1197 5605 adjecit,
1219 5541 1281 5605 ut
1313 5533 1647 5605 signiﬁcaret
1690 5548 1811 5587 esse
1842 5548 2086 5605 amorem
2188 5535 2503 5605 passionem
2547 5535 2602 5587 vi
2646 5534 2889 5605 nominis
2947 5535 3231 5603 importat,
3267 5532 3509 5605 ipsaque
3530 5538 3771 5594 divinius

523 5665 687 5735 plane
704 5665 1237 5735 insuperabilcm,ex
1266 5665 1374 5740 quo
1391 5682 1677 5742 peccatum
1701 5680 1759 5727 et
1785 5665 2078 5742 injustttia,

426 5630 431 5635 η
523 5598 817 5677 allectuum
878 5598 1123 5677 omnium
1175 5598 1477 5670 principem
1506 5618 1569 5656 ac
1600 5603 1859 5677 fontem,_
1903 5604 2083 5677 ipsum
2185 5598 2319 5677 quid
2350 5612 2408 5677 et
2462 5604 2937 5677 majus__eharitate
2968 5598 3224 5677 videtur,
3255 5598 3313 5663 ut
3363 5598 3662 5677 Dionysius
3692 5610 3768 5665 De

2181 5674 2412 5746 sdivinis
2448 5673 2765 5730 nominibus
2790 5674 3061 5741 exposuit.
