4066 6146
830 232 859 245 ,ρ

552 267 664 331 E75

1721 269 1780 327 S.
1822 264 2105 327 ΜΑΧΙΜΙ
2151 268 2289 328 (IUN
2302 270 2657 333 FESSORIS

3702 281 3819 347 876

551 381 698 437 nitas
718 379 1031 447 viriumque
1056 376 1257 444 robur;
1289 376 1705 434 incontinentiae
1728 390 1861 434 vero
1886 396 1949 434 ac
1974 380 2113 434 luxu-

2240 382 2393 452 ἰσχύς
2431 400 2444 412 ·
2487 386 2764 458 ἀκρασίας
2793 386 2872 453 δὲ,
2911 389 3168 446 ἀσθένεια
3193 392 3289 448 καὶ
3314 394 3466 457 νόσος
3507 397 3819 463 γειτνιῶσιν

553 472 667 538 τίω,
719 470 1009 524 infirmitas
1037 484 1101 524 ac
1129 469 1398 540 aegritudo
1432 472 1549 540 ipsa
1595 482 1765 542 prope
1814 470 2010 527 mortis
2042 471 2131 524 in-

552 561 800 616 teritioni
848 560 1080 613 haerens.

618 648 985 703 Ptutarch.—
1004 647 1241 713 Deliciae,
1277 648 1427 703 velut
1458 662 1527 702 ex
1551 647 1769 712 castris,
1799 664 1869 704 ex
1898 648 2130 706 indisci-

546 740 881 810 plinatorum
926 738 1132 803 animo,
1180 738 1390 809 optima
1425 753 1655 810 quaeque
1686 739 1963 796 auferunt.

615 914 1315 971 Democrit.—Sanitatem
1365 930 1396 970 a
1441 916 1557 970 Deo
1600 926 1908 986 exposcunt
1944 916 2128 972 homi-

544 1022 679 1072 nes;
709 1021 949 1077 cumque
978 1008 1098 1077 ejus
1135 1007 1281 1075 apud
1312 1020 1370 1061 se
1398 1007 1661 1063 virtutem
1706 1008 1965 1074 habeant,
2015 1023 2127 1063 non

544 1099 885 1169 intelligunt.
919 1098 1023 1152 Per
1050 1096 1508 1151 incontinentiam
1539 1098 1685 1151 enim
1708 1098 1944 1169 vitaeque
1965 1100 2127 1154 luxu-

545 1190 681 1244 riam
711 1188 989 1244 contraria
1020 1195 1366 1258 praestantes,
1402 1188 1505 1257 ipsi
1529 1188 1781 1244 sanitatis
1810 1190 2127 1259 proditores

543 1283 837 1337 exsistunt.

612 1374 1093 1440 Quemadmodum
1131 1373 1324 1429 unctio
1350 1387 1462 1426 non
1493 1388 1614 1442 quae
1647 1375 1852 1440 suavis,
1879 1379 1976 1430 aut
2003 1389 2127 1444 qua:

542 1466 776 1535 prolixa,
833 1465 980 1519 bona
1029 1473 1136 1536 est,
1187 1465 1283 1521 sed
1328 1480 1450 1534 quae
1490 1480 1684 1519 sanum
1738 1473 1991 1536 prastat;
2045 1466 2126 1522 sic

540 1534 718 1623 cibus,
758 1572 867 1610 non
907 1557 1000 1626 qui
1048 1534 1343 1611 deliciosus
1371 1565 1466 1610 aut
1497 1534 1776 1625 copiosus,
1808 1556 1987 1611 bonus
2016 1565 2120 1622 est,

541 1649 634 1702 sc-l
662 1646 755 1717 qui
800 1647 866 1700 ad
911 1645 1287 1701 valetudinem
1336 1645 1618 1700 conducit.

2234 474 2469 546 θανάτῳ.

2300 656 2638 724 Πλουτάρχ.
2682 684 2756 700 --
2829 659 2896 713 Ἦ
2958 663 3187 735 τρυφὴ,
3244 664 3501 738 καθάπερ
3575 687 3815 741 στρατοο

2230 745 2418 808 πέδου,
2448 746 2550 816 τῆς
2571 748 2685 801 τῶν
2717 749 3060 806 ἀπαιδεύτων
3105 754 3283 826 ψυχῆς
3311 757 3381 808 τά
3407 757 3609 829 ἄριστα
3633 764 3814 831 ἀφαι-

2232 850 2425 902 ρειται.

2297 928 2608 997 Δημοκρίτ.
2635 959 2709 970 -
2743 931 2963 1000 Ὑγείαν
3002 934 3145 1004 ἔχειν
3172 936 3324 1006 παρά
3351 938 3485 991 Θεοῦ
3524 939 3816 999 αἰτοῦντες

2226 1022 2275 1072 οἱ
2318 1019 2596 1090 ἄνθρωποι
2626 1035 2640 1050 ⁸
2670 1024 2767 1091 τὴν
2808 1024 2868 1077 δὲ
2909 1026 3111 1098 ταύτης
3149 1028 3380 1100 δύναμιν
3412 1032 3543 1102 παρ’
3583 1033 3811 1098 ἑαυτοῖς

2227 1114 2473 1185 ἔχοντες,
2521 1117 2623 1170 οὐκ
2694 1117 2893 1174 ἴσασιν.
2965 1119 3229 1193 Ἀκρασίᾳ
3284 1124 3397 1193 γὰρ
3451 1123 3520 1176 τά
3576 1127 3809 1183 ἐναντία

2229 1207 2591 1279 πράσσοντες,
2621 1211 2774 1264 αὐτοὶ
2796 1211 3051 1284 προδόται
3085 1214 3183 1285 τῆς
3207 1215 3396 1283 ὑγείας
3428 1217 3697 1285 γίνονται.

2298 1389 2508 1458 ’Ὥσπερ
2537 1389 2780 1460 ἄλειμμα
2796 1391 2860 1444 οὺ
2891 1391 2954 1444 τὸ
2981 1392 3079 1462 ήδὺ
3109 1392 3295 1458 καλὸν,
3320 1394 3444 1449 οὐδὲ
3468 1396 3531 1450 τὸ
3561 1399 3806 1472 μακρὸν,

2225 1482 2361 1536 ἀλλά
2401 1484 2461 1537 τὸ
2503 1485 2772 1551 ὑγιεινόν·
2824 1484 2967 1538 οὕτω
3019 1487 3111 1539 καὶ
3149 1488 3359 1560 τροφὴ,
3413 1490 3513 1562 οὐχ
3560 1494 3594 1563 ἠ
3644 1493 3807 1565 ἡδεῖα

2226 1575 2389 1646 καλὴ,
2421 1576 2543 1629 οὐδὲ
2562 1578 2596 1646 ἡ
2619 1576 2809 1646 πολλὴ,
2836 1576 2953 1630 ἀλλ’
2979 1578 3012 1648 ἡ
3039 1578 3272 1651 ὑγιεινὴ.

610 1740 688 1793 Nc
724 1739 836 1793 cito
898 1738 1181 1806 nimiaque
1215 1736 1571 1791 festinatione
1620 1734 1940 1791 cemederis
1974 1753 1988 1789 :
2038 1744 2113 1791 est

2296 1746 2472 1816 Τάχος
2512 1746 2607 1799 καὶ
2644 1744 2850 1810 ἔπειξις
2890 1746 3114 1800 ἀπέστω
3143 1747 3238 1802 τοῦ
3286 1748 3488 1804 ἐσθίειν
3511 1768 3525 1783 ·
3557 1752 3805 1818 κυνῶδες

537 1829 685 1882 enim
732 1829 837 1882 hoc
883 1828 1166 1892 caninum,
1213 1843 1278 1882 ac
1314 1826 1607 1898 ejusmodi,
1635 1834 1695 1881 ut
1727 1827 1961 1882 bestiam
2002 1841 2122 1881 ma-

537 1924 619 1992 gis
656 1936 819 1990 quam
854 1921 1135 1974 hominem
1171 1917 1385 1973 deceat.

606 2012 839 2068 Catonis.
864 2043 934 2052 -—
955 2012 1026 2074 Is,
1049 2026 1175 2065 cum
1200 2008 1524 2064 deliciarum
1544 2014 1798 2079 sumptus
1823 2008 2123 2079 reprehen-

533 2106 724 2159 deret;
758 2105 931 2170 Quam
964 2102 1208 2167 difficile,
1232 2101 1437 2165 aiebat,
1475 2110 1562 2155 est
1612 2100 1679 2154 ad
1708 2109 1979 2167 ventrem,
2024 2099 2120 2170 qui

531 2197 765 2251 auribus
812 2202 1018 2258 careat,
1057 2193 1226 2246 verba
1278 2191 1488 2247 facere!

602 2288 829 2341 Antistii.
854 2316 920 2325 —
936 2284 1296 2338 Antisthenes
1313 2283 1719 2351 interrogatus:
1744 2280 1888 2348 Quid
1913 2281 1986 2336 sit
2009 2281 2117 2337 diei

534 2380 659 2434 festi
705 2376 1039 2433 celebritas?
1084 2375 1238 2430 Gula:
1282 2374 1523 2438 occasio,
1543 2372 1764 2443 'inquit.
1810 2380 1813 2385 '

605 2472 851 2543 Epicteti.
872 2501 940 2509 -—
961 2469 1104 2524 Cura
1143 2482 1211 2522 ne
1244 2473 1296 2520 te
1324 2466 1459 2529 cibi,
1498 2465 1592 2534 qui
1624 2465 1681 2518 in
1711 2472 1960 2518 ventrem
1993 2463 2120 2518 mit-

530 2573 744 2631 tuntur,
769 2562 1029 2634 pinguius
1060 2560 1229 2619 alant,
1263 2557 1355 2611 sed
1379 2572 1501 2625 qua:
1528 2555 1713 2609 animo
1738 2554 1883 2609 inest
1906 2555 2114 2609 luatitia.

526 2657 607 2711 ltli
632 2657 781 2711 enim
819 2656 872 2708 in
895 2660 1247 2707 excrementa
1268 2656 1581 2712 vertuntur,
1612 2658 1834 2715 unaque
1860 2658 1985 2699 cum
2010 2645 2118 2699 illis

526 2750 646 2801 laus
674 2747 897 2811 deﬂuit;
929 2747 1148 2801 animus
1170 2754 1354 2797 autem
1383 2756 1411 2794 a
1447 2753 1681 2809 corpore
1702 2740 2005 2811 seiunctus,
2035 2737 2119 2791 in-

526 2845 822 2906 corruptus
855 2843 1122 2904 perpetuo
1162 2839 1370 2886 manet.

596 2927 654 2978 In
686 2924 958 2979 conviviis
1000 2921 1284 2989 manisque
1314 2919 1607 2984 obeundis,
1648 2927 1929 2974 memento
1974 2918 2115 2973 duos

2223 1838 2332 1910 γὰρ
2361 1837 2539 1901 τοῦτο,
2568 1838 2664 1891 καὶ
2692 1836 2868 1908 θηρίῳ
2898 1837 3099 1909 μᾶλλον
3126 1838 3160 1911 ἢ
3192 1838 3466 1913 ἀνθρώπῳ
3495 1845 3731 1914 πρέπον.

2291 2018 2586 2081 Κάτωνος.
2640 2047 2712 2058 -
2739 2009 2908 2081 Οὗτος
2958 2016 3058 2086 τῆς
3099 2017 3451 2084 πολυτελείας
3512 2020 3797 2075 καθαπτόο

2225 2125 2406 2179 μενος,
2441 2104 2618 2171 εἶπεν,
2647 2107 2733 2172 Ὠς
2757 2108 2992 2178 χαλεπόν
3015 2109 3326 2178 ὶστιλέγειν
3359 2110 3494 2180 πρὸς
3522 2113 3794 2185 γαστέρα,

2222 2194 2337 2255 ὦτα
2373 2201 2448 2270 μὴ
2483 2200 2732 2269 ἔχουσαν.

2302 2291 2623 2345 Ἀντισθέν.
2653 2278 2725 2332 -ὲ
2769 2289 3113 2360 Ἀντισθένης
3143 2292 3458 2362 ἐρωτηθεὶς,
3509 2272 3581 2347 Τί
3633 2296 3787 2351 ἐστιν

2219 2384 2401 2453 ἑορτὴ,
2432 2381 2575 2446 εἷπε,
2604 2384 3055 2455 Γαστριμαργίας
3084 2385 3329 2454 ἀφορμή.

2302 2482 2674 2547 Ἐπικτήτου.
2701 2510 2772 2521 -
2803 2480 3063 2551 Φρόντιζε
3109 2483 3257 2543 ὅπως
3289 2498 3348 2533 σε
3386 2482 3457 2553 μὴ
3503 2480 3572 2535 τὰ
3613 2482 3672 2535 ὲν
3714 2481 3783 2552 τῇ

2218 2573 2416 2643 γαστρὶ
2452 2573 2597 2624 σιτία
2622 2572 2847 2632 πιαίνει,
2881 2570 2996 2624 ἀλλ’
3024 2572 3057 2641 ἡ
3091 2572 3146 2623 ὲν
3186 2574 3254 2642 τῇ
3301 2572 3443 2643 ψυχῇ
3487 2571 3776 2641 εὐφρασία.

2232 2665 2383 2718 Ἐπεὶ
2433 2662 2503 2715 τὰ
2558 2662 2655 2732 μὲν
2714 2659 3245 2726 ἀποσκυϐαλίζεται,
3299 2665 3390 2714 καὶ
3447 2661 3702 2730 συνεκρεϊ
3742 2660 3773 2711 ό

2217 2756 2438 2816 ἔπαινος
2459 2768 2472 2783 ⁸
2507 2753 2541 2823 ἡ
2561 2752 2620 2804 δὲ
2647 2751 2793 2822 ψυχὴ
2822 2751 3175 2822 χωρισθεῖσα,
3196 2752 3477 2814 διαπαντὸς
3498 2752 3769 2821 ἀκήρατος

2220 2847 2392 2919 μένει.
2554 2876 2559 2880 ι
3256 2852 3263 2861 ”

2298 2939 2388 2991 Ἐν
2414 2938 2533 3001 ταῖς
2561 2933 2837 2989 ἑστιάσεσι
2854 2974 2870 3000 ,
2903 2935 3151 3007 μέμνησο
3178 2936 3258 2988 ὅτι
3284 2933 3378 2987 δύο
3395 2933 3742 3004 ὑποδέχονται
3763 2950 3778 2965 ο

525 3032 647 3071 esse
674 3014 767 3085 qui
805 3014 1175 3078 excipiantur,
1204 3021 1317 3066 tum
1343 3012 1558 3066 scilicet
1594 3029 1817 3083 corpus,
1841 3020 1957 3066 tum
1991 3012 2109 3067 ani-

2218 3028 2276 3082 τό
2316 3045 2376 3081 τε
2429 3027 2587 3097 σῶμα
2619 3027 2714 3079 καὶ
2758 3027 2791 3095 ἡ
2829 3025 3012 3097 ψυχή·
3076 3019 3167 3070 καὶ
3197 3024 3224 3077 ὃ
3253 3041 3305 3076 τι
3335 3024 3401 3077 ἂν
3442 3024 3520 3094 τῷ
3573 3023 3780 3091 σώματι

526 3125 703 3173 mam;
740 3124 804 3162 ac
837 3106 1107 3177 quidquid
1143 3105 1362 3174 corpori
1394 3104 1635 3168 dederis,
1668 3103 1853 3158 statim
1884 3113 1937 3157 te
1964 3103 2107 3157 ellu-

525 3201 671 3254 disse
712 3218 724 3253 :
765 3199 817 3252 in
842 3206 1172 3267 perpetuum
1221 3211 1355 3250 vero
1381 3210 1629 3261 servare,
1677 3194 1826 3264 quod
1853 3194 1907 3247 in
1936 3193 2106 3248 animi

524 3310 587 3362 pa
598 3303 733 3346 rtem
776 3290 1028 3345 cesserit.

590 3385 750 3455 613
784 3382 1002 3452 Diogen.
1030 3411 1101 3421 —
1128 3380 1341 3448 Quibus
1366 3380 1422 3434 in
1466 3380 1681 3434 mdibus
1727 3379 1923 3450 ingens
1953 3377 2109 3433 cibo-

525 3492 645 3529 rum
682 3474 837 3544 copia
869 3485 974 3540 est,
998 3474 1206 3528 versari
1231 3483 1287 3527 et
1315 3472 1555 3526 murium
1614 3471 1921 3539 fcliumque
1957 3469 2105 3523 mul-

526 3569 852 3633 titudinem;
886 3567 981 3621 sed
1011 3574 1067 3621 et
1098 3581 1335 3635 corpora
1367 3564 1556 3618 multis
1587 3563 1729 3617 cibis
1752 3562 1974 3627 inlerta,
2004 3574 2105 3630 pro

523 3679 727 3733 eorum.
783 3662 998 3716 ratione
1053 3660 1259 3716 multos
1310 3660 1518 3731 pariter
1587 3659 1813 3713 morbos
1881 3665 2104 3712 contra-

525 3754 684 3809 here.

599 3842 805 3897 Crates.
833 3872 903 3880 ——
923 3841 1061 3897 Cum
1085 3841 1312 3912 Delphis
1335 3841 1583 3912 Phrynes
1632 3842 1805 3895 scorti
1861 3849 2102 3897 statuam

526 3951 751 3989 auream
782 3933 1029 4000 vidisset,
1060 3933 1390 4013 exclamavit
1420 3950 1433 3987 :
1467 3932 1583 3987 Hoc
1604 3946 1803 4001 nempe
1832 3944 2098 4003 tropaeum

525 4036 703 4081 exstat
734 4026 1054 4081 Graecorum
1093 4024 1472 4094 impudicitiae.

596 4118 745 4171 Idem
771 4117 1034 4187 juvenem
1065 4115 1394 4167 luctatorem
1440 4111 1654 4174 videns,
1687 4110 1818 4165 vino
1839 4120 1894 4165 et
1921 4113 2100 4167 carni-

524 4210 651 4274 bus,
680 4224 744 4263 ac
773 4223 882 4278 qua
910 4204 1227 4268 exercebat,
1260 4204 1420 4272 longe
1444 4202 1911 4270 eorpulentiorem
1936 4203 2056 4259 lieri
2083 4223 2096 4258 :

524 4304 569 4358 0
602 4302 790 4373 miser,
816 4301 1018 4369 inquit,
1055 4297 1249 4352 desine
1301 4293 1575 4350 adversus
1607 4294 1841 4363 teipsum
1876 4296 2098 4353 ﬁrmum

521 4397 664 4451 adeo
693 4405 908 4450 struere
939 4404 1238 4447 carcerem.

1163 4503 1492 4575 Theogm'dis.

525 4600 693 4657 Multo
727 4601 904 4673 plures
926 4601 1047 4672 jam
1070 4599 1313 4673 satietas,
1348 4594 1995 4673 quam_fame_s,_pert_i_idit.

532 4664 798 4734 Virorum,
831 4664 959 4743 quos
983 4685 1149 4740 supra
1175 4672 1333 4740 qua‘m
1360 4664 1474 4722 Sors
1502 4667 1640 4737 [erat
1663 4665 1888 4806 Ιιαίιῖῃάὶ
1920 4664 2106 4747 cupido

1797 4745 2026 4789 incessit.

598 4857 862 4911 Socrates.
892 4887 962 4896 —
988 4853 1260 4907 Homines
1274 4852 1463 4906 vivere
1483 4857 1547 4904 ut
1574 4812 1763 4915 edant,
1789 4847 2007 4913 aiebat;
2046 4862 2108 4903 se

526 4961 709 5005 autem
741 4950 907 5004 edere
939 4956 999 5001 ut
1020 4946 1254 5001 viveret.

1057 5035 1289 5093 SEBMO
1336 5034 1573 5090 XXVIII.

674 5127 746 5181 De
780 5129 1019 5191 tristitia,
1051 5128 1321 5196 animique
1349 5125 1529 5178 dolore
1579 5140 1642 5179 ac
1691 5125 1958 5177 maestitia.

601 5218 788 5271 Matth.
824 5218 949 5282 v,5.
989 5247 1059 5256 -—
1088 5216 1238 5270 Beati
1289 5215 1383 5285 qui
1421 5216 1632 5286 lugent,
1685 5213 1944 5283 quoniam
2000 5212 2104 5282 ipsi

529 5309 983 5364 consolabuntur.

600 5404 657 5457 Il
676 5404 795 5456 (lor.
824 5419 881 5467 ιι,
908 5404 962 5456 2.
984 5433 1054 5443 ——
1081 5402 1217 5468 Quis
1239 5410 1323 5455 est
1348 5401 1443 5470 qui
1473 5416 1559 5456 me
1584 5399 1843 5471 laetiﬁcct,
1874 5397 1980 5452 nisi
2005 5397 2100 5467 qui

533 5496 894 5548 contristatur
928 5506 996 5549 ex
1032 5493 1165 5548 me?

2213 3120 2339 3189 δῷς,
2370 3118 2532 3172 τοῦτο
2569 3117 2699 3197 εὐθὺ
2748 3116 2969 3188 ἐξέχεας
2997 3133 3013 3147 ο
3065 3117 3095 3171 ὃ
3126 3134 3179 3170 τι
3206 3115 3251 3169 δ’
3301 3115 3366 3170 ἃν
3395 3117 3461 3186 τῇ
3489 3114 3636 3187 ψυχῇ
3668 3113 3782 3166 δια-

2213 3210 2415 3273 παντὸς
2446 3226 2511 3278 τη
2518 3211 2655 3280 ρεῖς.

2285 3387 2581 3458 Διογένης.
2620 3418 2691 3428 --
2732 3386 2855 3440 Τῶν
2905 3384 3092 3441 οἰκιῶν
3146 3385 3275 3439 ἔνθα
3317 3384 3546 3456 πλείστη
3584 3381 3783 3456 τροεξὴο

2212 3481 2439 3545 πολλοὺς
2493 3480 2597 3548 μῦς
2638 3476 2780 3532 εἶναι
2836 3478 2931 3531 καὶ
2969 3477 3171 3546 γαλάς·
3238 3476 3331 3530 καὶ
3374 3473 3599 3546 σώματα
3626 3474 3685 3529 δὲ
3713 3475 3779 3529 τά

2212 3573 2412 3644 πολλὴν
2434 3573 2640 3644 τροφὴν
2660 3571 2943 3643 δεχόμενα,
2964 3569 3057 3624 καὶ
3081 3569 3267 3632 νόσους
3293 3567 3411 3632 ίσας
3434 3566 3772 3637 ἐφέλκεσθαι.

2279 3834 2532 3910 Κράτης,
2569 3869 2640 3881 -—
2685 3839 2908 3911 Κράτης
2956 3837 3080 3893 ίδὼν
3116 3838 3324 3909 χρυσῆν
3352 3835 3537 3891 είκόνα
3566 3833 3780 3909 Φρῦνις

2206 3932 2305 4001 τῆς
2348 3933 2570 4002 ἑταίρας
2616 3933 2674 3983 ὲν
2717 3929 2941 3999 Δελφοῖς
2980 3929 3258 3996 ἑστῶσαν,
3301 3930 3645 3999 ἀνέκραγεν,
3696 3929 3780 3982 ὅτι

2208 4024 2380 4077 Τοῦτο
2407 4024 2509 4093 τῆς
2543 4021 2808 4093 Ἑλλήνων
2837 4022 3105 4094 ἀκρασίας
3133 4021 3391 4091 τρόπαιον
3418 4020 3670 4091 ἕστηκεν.

2292 4117 2349 4169 '0
2377 4116 2540 4180 αὐτὸς
2566 4115 2847 4169 νεανίσκον
2881 4114 3002 4168 ἰδὼν
3027 4112 3317 4183 ἀθλητικὸν
3345 4112 3471 4181 οϊνῳ
3500 4113 3595 4164 καὶ
3622 4127 3782 4182 κρεο-

2208 4206 2383 4277 φαγίᾳ
2417 4208 2512 4259 καὶ
2545 4207 2779 4276 ἀσκήσει
2815 4204 2995 4275 σάρκα
3027 4202 3226 4274 πολλὴν
3255 4201 3661 4273 ὑποτρέφοντα,
3698 4197 3779 4253 εἷ-

2208 4314 2330 4361 πεν,
2380 4299 2422 4350 Ω
2463 4296 2709 4367 δαιμόνιε
2729 4335 2745 4360 ,
2799 4294 3002 4349 παῦσαι
3037 4293 3161 4348 καθ’
3187 4292 3380 4347 ἑαυτοῦ
3411 4292 3582 4347 ποιῶν
3607 4292 3669 4346 τὸ
3693 4293 3780 4344 δε-

2135 4401 2180 4456 ι)
2211 4388 2522 4461 σμωτήριον
2556 4390 2676 4458 ίσχυ
2685 4382 2796 4459 ρόν.

2814 4499 3145 4567 Θεόγνιδος.
3258 4534 3275 4549 .

2315 4594 2530 4659 Πολλῷ
2558 4611 2647 4647 τοι
2675 4592 2939 4659 πλέονας
2969 4590 3149 4661 λιμοῦ
3176 4592 3353 4660 κόρος
3376 4589 3610 4645 ὤλεσεν
3627 4590 3746 4661 ἤδη

2320 4666 2595 4735 Ἄνδρας,
2627 4664 2761 4717 ὅσοι
2783 4666 2997 4733 μοίρης
3023 4660 3232 4716 πλεῖον
3260 4662 3423 4729 ἔχειν
3446 4660 3742 4716 Maior“.

2280 4843 2615 4912 Σωκράτης.
2660 4869 2733 4882 -
2776 4834 2943 4903 Οὗτος
2981 4840 3105 4902 τοὺς
3134 4837 3232 4908 μὲν
3263 4832 3583 4906 ἀνθρώπους
3622 4832 3781 4901 ἔλεγε

2210 4938 2308 5010 ζῇν
2337 4937 2422 4989 ἴνα
2451 4934 2726 4987 ἐσθίωσιν·
2763 4932 2875 5000 ἐγὼ
2898 4932 2953 4986 δὲ
2983 4932 3148 4985 ἐσθίω
3179 4931 3266 4984 ἵνα
3293 4927 3390 4991 ζῶ.

2626 5090 2629 5093 _
2765 5023 2982 5077 ΛΟΓΟΣ
3010 5022 3122 5076 KH’
3142 5021 3207 5074 η.

2600 5116 2739 5185 Περὶ
2759 5117 2963 5183 λύπης
2991 5113 3089 5167 καί
3111 5110 3385 5179 ἀθυμίας.

2277 5215 2460 5268 Maro.
2484 5209 2640 5267 s'.-
2665 5207 2944 5278 Μακάριοι
2989 5206 3039 5259 oi
3083 5202 3447 5269 πενθοῦντες,
3499 5200 3583 5254 δτι
3623 5199 3782 5253 αὐτοὶ

2207 5305 2747 5375 παρακληθήσονται.
2784 5332 2785 5335 η
3540 5308 3547 5309 '

2284 5391 2346 5459 β’-
2371 5386 2601 5463 Κορ.β’.
2629 5425 2697 5438 -
2735 5389 2831 5461 Τίς
2870 5390 3017 5443 ἐστιν
3062 5388 3091 5442 ό
3131 5384 3439 5455 εὐφραίνων
3472 5401 3577 5455 με,
3618 5384 3666 5436 εἰ
3704 5379 3784 5452 μὴ

2204 5491 2232 5542 ὁ
2263 5487 2597 5558 λυπούμενος
2628 5481 2684 5552 ἐξ
2711 5481 2874 5555 ἑμοῦς

1840 5603 2071 5659 VARUE
2121 5602 2523 5660 LEC'I'IONES.

601 5695 647 5728 ⁵⁸
677 5695 738 5747 Β.
780 5697 1049 5751 ἐθέλουσιν
1079 5698 1244 5765 ἔχειν.

1350 5699 1395 5729 ⁸⁵
1428 5698 1525 5752 Est
1556 5697 1609 5749 in
1639 5696 1802 5751 Gesn.
1841 5697 1991 5751 Stub.
2026 5696 2150 5752 2-10.
