4066 6146
635 199 666 222 κ

304 285 410 351 877

1605 275 1775 336 [θοι
1814 251 2250 336 Communes.

3449 284 3558 350 878

374 389 886 461 Σολσμ.--Ὤσπερ
913 387 1012 459 σὴς
1037 385 1326 460 ἱματίῳ(δ)
1357 383 1450 440 καὶ
1474 376 1876 455 σκώληξξύλῳ,

2053 383 2210 438 Prov.
2251 361 2374 450 xxv;
2437 380 2528 436 20.
2584 412 2658 420 ——
2701 380 2855 436 Sicut
2918 379 3067 437 tinea
3121 381 3448 440 vestimento
3501 396 3558 441 et

305 484 451 538 οὕτω
479 484 625 553 λύπη
657 481 853 552 ἀνδρὸς
883 480 1114 550 βλάπτει
1139 478 1388 550 καρδίαν.

370 575 559 646 Σιρὰχ
579 573 918 640 λη’.-Ἃπδ
939 571 1118 644 λύπης
1142 569 1384 624 ἐκϐαίνει
1406 568 1653 633 θάνατος·
1681 569 1776 624 καὶ
1796 568 1888 622 λύ-

303 686 382 741 πη
412 667 639 739 καρδίας
669 663 878 736 κάμψει
906 663 1077 734 ἰσχύν.

375 758 720 812 Βασιλείαν.
745 787 812 833 τ-
837 757 1050 827 Ὥσπερ
1081 755 1131 808 οι
1162 751 1442 824 σκώληκες
1467 754 1579 816 τοῖς
1601 751 1888 806 ἁπαλωτέ-

311 869 422 922 ροις
454 853 562 904 τῶν
595 849 768 915 ξύλων
792 849 1130 904 ὲντίκτονται
1158 845 1415 914 μάλιστα,
1444 843 1618 908 οὕτως
1645 845 1700 898 αἱ
1720 843 1888 898 λύπαι

306 946 420 1006 τοῖς
453 941 863 1013 μαλακωτέροις
897 939 1052 1010 ἤθεσι
1085 937 1194 990 τῶν
1225 935 1531 1007 ἀνθρώπων
1560 936 1883 1006 ἐμφύονται.

391 1035 450 1088 '0
478 1035 653 1102 λέγων
683 1033 757 1104 μὴ
787 1031 1020 1100 πρέπειν
1050 1027 1126 1098 τῷ
1154 1027 1349 1097 δικαίῳ
1377 1027 1478 1098 τὴν
1507 1027 1707 1096 θλίψιν,
1737 1025 1888 1079 οὐδὲν

307 1125 494 1196 ἓτερον
523 1124 690 1191 λέγει,
721 1121 754 1192 ἢ
792 1120 866 1192 μὴ
891 1118 1158 1191 ἁρμόζειν
1187 1117 1264 1190 τῷ
1285 1117 1494 1189 ἀθλητῇ
1521 1119 1614 1172 τὸν
1640 1119 1888 1185 ἀνταγω-

306 1215 514 1280 νιστήν.

374 1301 692 1369 Θεολόπβου.
740 1329 804 1340 -
841 1299 1004 1370 Φέρει
1037 1296 1397 1369 παραμυθίαν
1433 1296 1740 1368 ὀδυνομὲνῳ
1769 1313 1888 1350 κοι-

299 1392 470 1447 νωνία
501 1391 610 1444 τῶν
642 1387 988 1458 στεναγμῶν.

376 1483 537 1535 Ἔστι
567 1481 700 1534 ποτὲ
729 1481 929 1552 ἡδονῆς
957 1480 1466 1552 λύπη.τιμιωτὲρα,
1495 1480 1590 1534 καὶ⁹
1613 1481 1887 1551 κατήφεια

303 1569 696 1642 πανηγύρεως’
749 1569 846 1622 καὶ
879 1568 1117 1636 γέλωτος
1152 1569 1214 1622 ού
1241 1569 1430 1637 καλοῦ,
1460 1570 1694 1640 δάκρυον
1724 1571 1885 1623 ἐπαιρ

301 1661 474 1715 νετόν.

1987 475 2380 546 vermisligno,
2411 473 2491 528 sic
2517 471 2743 527 tristitia
2775 470 2880 527 viri
2905 481 3068 528 nocet
3097 473 3252 528 cordi
3293 463 3304 468 ’

2059 567 2218 622 Eccli.
2253 581 2470 630 xxxvm,
2502 563 2589 619 19.
2623 594 2693 604 -
2722 563 2804 618 Ex
2834 562 3056 618 tristitia
3088 565 3346 634 provenit
3370 582 3558 635 mors;

1985 667 2042 718 et
2073 659 2296 716 tristitia
2315 657 2499 714 cordis
2517 658 2640 735 vim
2671 657 2874 712 ﬂectet.

2055 749 2264 808 Basilii.
2294 779 2364 792 -—-
2403 747 2876 816 Quemadmodum
2920 748 3200 806 teredines
3264 751 3560 808 teneriori-

1985 839 2093 897 bus
2147 840 2311 911 lignis
2367 839 2603 894 maxime
2659 839 3057 906 innascuntur;
3117 842 3198 896 sic
3221 842 3449 900 tristitia
3495 857 3560 898 ac

1985 928 2142 984 dolor
2173 929 2521 997 mollioribus
2553 927 2840 984 hominum
2871 929 3076 986 animis
3093 923 3162 986 'ac
3193 930 3451 1003 ingeniis.

2055 1019 2160 1086 Qui
2187 1028 2351 1090 negat
2380 1019 2578 1074 decere
2597 1022 2832 1090 justum,
2851 1019 2999 1089 quod
3034 1021 3222 1092 amigit
3242 1039 3306 1076 ac
3326 1024 3558 1088 cruciat,

1985 1111 2126 1166 nihil
2179 1111 2330 1165 aliud
2395 1111 2552 1176 dicit,
2605 1125 2770 1182 quam
2821 1112 2868 1166 si
2926 1110 3146 1168 athleta:
3183 1113 3561 1170 adversarium

1986 1202 2179 1258 deesse
2213 1203 2553 1257 conveniens
2596 1209 2824 1258 statuat.

2058 1292 2319 1363 Tlteologi.
2347 1323 2416 1334 —
2445 1292 2774 1347 Communio
2793 1300 2848 1348 et
2885 1294 3124 1350 societas
3153 1295 3360 1358 luctus,
3384 1293 3434 1350 ei
3467 1309 3560 1350 so—

1985 1385 2120 1441 latio
2147 1392 2254 1448 est,
2285 1383 2382 1453 qui
2420 1384 2476 1438 in
2501 1383 2696 1438 dolore
2720 1383 2853 1454 agit.

2057 1476 2304 1532 Tristitia
2323 1475 2656 1546 quandoque
2703 1475 2984 1546 voluptate
3032 1474 3397 1544 praestabilior
3453 1485 3560 1540 est,

1985 1567 2292 1637 festivaque
2320 1566 2669 1637 iucunditate
2701 1567 2968 1622 mmstitia
3003 1583 3015 1618 :
3045 1565 3342 1622 inhonesto
3401 1567 3563 1622 deni-

1987 1673 2096 1728 que
2126 1657 2240 1711 risu
2266 1655 2532 1711 meliores
2560 1655 2866 1724 laudabiles
2893 1656 3169 1727 lacrymaa.

373 1754 534 1822 Μέγα
549 1751 658 1824 γὰρ
680 1751 740 1805 τὸ
761 1751 911 1823 παρά
935 1749 1342 1818 συναλγούντων
1363 1752 1674 1823 φάρμακον.
1697 1752 1760 1806 Oi
1777 1751 1876 1822 γὰρ

2057 1747 2308 1818 Magnum
2333 1747 2543 1802 scilicet
2575 1747 2644 1800 ab
2661 1747 2742 1802 eis
2777 1747 3104 1813 remedium,
3130 1745 3225 1817 qui
3256 1745 3375 1816 pari
3412 1729 3562 1802 sorte

301 1843 366 1896 τὸ
395 1837 512 1897 ῐσον
555 1843 651 1897 τοῦ
687 1843 891 1906 πάθους
918 1842 1136 1914 ἔχοντες
1154 1882 1170 1908 ,
1219 1843 1381 1898 πλέον
1411 1845 1550 1899 εἰσὶν
1593 1845 1676 1908 εἰς
1705 1860 1886 1914 παρα-

306 1937 502 2006 μυθίαν
533 1938 646 2000 τοῖς
674 1935 998 2006 πάσχουσιν.
1167 1998 1175 2006 _

373 2022 673 2098 Χρυσόᾰτ.
692 2029 980 2100 -Καιρὸς
1009 2029 1266 2100 ἀθυμίας,
1301 2029 1400 2100 οὐχ
1426 2029 1555 2084 ὅταν
1585 2031 1884 2100 πάσχωμεν

304 2120 513 2184 κακῶς,
545 2120 658 2174 ἀλλ’
675 2121 806 2174 ὅταν
829 2119 1048 2191 δρῶμεν
1075 2119 1284 2184 κακῶς.

374 2295 718 2364 Πλουτάρχ.
769 2324 840 2338 -
889 2297 1040 2351 Ὀδδν
1093 2299 1191 2370 μὲν
1253 2300 1355 2371 τὴν
1400 2297 1684 2368 λειοτάτην
1731 2297 1886 2351 ὲκλέ-

305 2386 520 2456 γεσθαι·
561 2385 673 2456 βίον
701 2386 780 2450 δὲ,
813 2371 906 2442 τον
935 2389 1293 2446 ἀλυπότατον.

383 2547 768 2620 Ἐκπενδύεσθαι
793 2566 902 2632 δεῖ,
951 2565 1029 2636 τῷ
1059 2567 1158 2636 μὲν
1187 2565 1415 2638 θώρακι,
1445 2565 1674 2636 χιτῶνα·
1730 2567 1794 2637 τῇ
1829 2565 1888 2618 δὲ

303 2654 475 2728 λύπῃ,
507 2657 654 2710 νοῦν.

305 2736 322 2744 “
372 2747 710 2816 Σωκράτης.
735 2749 1172 2818 -Ἐρωτηθεὶς,
1201 2750 1267 2802 Τί
1291 2749 1451 2803 λύπει
1473 2751 1602 2814 τοὺς
1619 2749 1884 2820 ἀγαθοὺς,

299 2835 473 2904 εἶπεν,
511 2839 744 2910 Εὐτυχια
774 2857 908 2910 πονη
917 2839 1046 2910 ρῶν.

383 2929 441 2982 Ὁ
470 2930 634 2991 αὐτὸς
675 2930 974 3002 ἐρωτηθεὶς
993 2971 1008 2997 ,
1060 2931 1186 2996 Πῶς
1215 2931 1281 2986 ἄν
1317 2949 1403 2993 τις
1427 2931 1652 2994 ἀλύπως
1681 2931 1882 3000 διάγει,

1985 1840 2194 1896 dolent.
2225 1839 2331 1905 Qui
2355 1839 2506 1894 enim
2529 1839 2816 1908 aequaliter
2861 1839 3136 1904 laborant,
3171 1839 3298 1908 plus
3347 1836 3560 1908 aliquid

1983 1928 2369 1984 laborantibus
2387 1927 2569 1983 solatii
2597 1926 2796 1983 aﬂ'erre
2817 1936 3066 1998 possunt.

2057 2019 2246 2090 Chrys.
2296 2049 2367 2060 —
2395 2019 2553 2074 Tunc
2599 2019 2864 2073 nimirum
2917 2019 3238 2090 indulgendi
3285 2019 3562 2076 mmstitiae

1988 2119 2206 2181 tempus
2219 2119 2322 2176 est,
2350 2125 2462 2166 non
2495 2124 2622 2164 cum
2642 2109 2798 2166 malis
2820 2109 3111 2178 aﬂicimur,
3139 2110 3236 2167 sed
3259 2126 3386 2166 cum
3417 2112 3562 2168 mala

1985 2209 2290 2272 patramus.

2056 2293 2354 2352 Plutarchi.
2379 2322 2450 2335 --ρ
2490 2293 2590 2347 Via
2629 2293 2854 2363 quidem
2893 2292 3144 2364 eligenda
3203 2292 3560 2374 planissima;

1987 2383 2099 2438 vita
2124 2382 2290 2455 615
2309 2398 2462 2447 vero,
2489 2399 2521 2438 a
2543 2383 2736 2438 dolore
2761 2398 2824 2438 ac
2853 2383 3130 2446 maestitia:
3187 2399 3352 2438 sensu
3384 2399 3564 2438 remo-

1991 2475 2104 2530 tissi
2114 2491 2220 2529 ma.

2060 2563 2297 2620 Thoraci
2338 2565 2597 2630 tunicam,
2637 2564 2807 2619 menti
2855 2565 3138 2620 tristitiam
3193 2563 3564 2636 superindua-

1989 2671 2112 2710 mus
2142 2672 2328 2726 operae
2355 2658 2593 2728 pretium
2635 2666 2740 2714 est.

2059 2747 2267 2802 Socrat.
2300 2779 2369 2788 —
2392 2749 2633 2819 Rogatus
2665 2748 2962 2804 Socrates:
2995 2747 3136 2818 Quid
3189 2748 3353 2803 bonis
3389 2747 3562 2803 mole-

1987 2846 2134 2892 stum
2171 2839 2278 2895 sit:
2309 2839 2600 2904 Malorum,
2632 2840 2834 2909 inquit,
2867 2840 3227 2909 prosperitas.

2055 2930 2205 2984 ldem
2235 2939 2478 3000 rogatus,
2511 2945 2620 2999 qua
2643 2931 2769 3000 quis
2787 2931 3002 2986 ratione
3027 2946 3057 2985 a
3088 2929 3309 2984 tristitia
3357 2929 3561 2983 immu-

299 3019 472 3073 Τοῦτο
501 3019 782 3086 ἀδύνατον,
816 3019 972 3074 εἶπεν
995 3037 1010 3054 ο
1067 3023 1126 3074 ού
1164 3021 1274 3092 γάρ
1307 3023 1424 3075 ἐστι
1459 3021 1613 3074 πόλιν
1641 3021 1673 3092 ἢ
1705 3023 1876 3076 οἰκίαν

1986 3021 2076 3076 nis
2103 3029 2254 3092 agat:
2283 3023 2410 3086 Res,
2443 3021 2645 3091 inquit,
2667 3032 2754 3078 est
2782 3021 3165 3092 impossibilis.
3196 3021 3562 3098 Neque'enim

295 3109 549 3164 οἰκοῦντα
583 3111 678 3164 καὶ
709 3110 1032 3183 ἀνθρώπους
1059 3110 1352 3185 ὁμιλοῦντα
1389 3111 1464 3184 μὴ
1491 3111 1798 3166 λυπεῖσθαι.

365 3375 617 3433 Δευκίπ.
637 3405 710 3419 --
734 3375 906 3430 Τοῦτο
929 3376 1038 3448 γὰρ
1063 3377 1194 3432 ἴδιον
1220 3377 1331 3432 τῶν
1353 3379 1669 3451 ὀφθαλμῶν,
1695 3381 1754 3434 ὲν
1769 3383 1884 3446 τοῖς

1898 3096 1940 3153 C
1976 3110 2094 3166 ﬁeri
2143 3119 2326 3182 potest
2359 3119 2420 3166 ut
2469 3112 2596 3182 quis
2638 3113 2696 3170 in
2747 3113 2907 3180 urbe,
2961 3123 3058 3169 aut
3089 3114 3240 3169 domi
3271 3096 3551 3179 versetur,

1980 3202 2380 3273 hominumque
2411 3205 2817 3260 consuetudine
2878 3213 3088 3272 utatur,
3149 3215 3205 3261 et
3257 3223 3286 3262 a
3336 3208 3559 3263 tristitia

1982 3294 2246 3351 immunis
2271 3297 2505 3352 exsistat
2527 3313 2708 3366 neque
2737 3297 2944 3354 doleat.
2989 3313 2992 3318 ‘

2053 3383 2348 3454 Leucippis.
2381 3385 2498 3462 [loc
2527 3385 2678 3439 enim
2710 3386 3000 3440 oculorum
3047 3386 3356 3456 proprium,
3389 3397 3455 3442 ut
3503 3390 3560 3446 in

300 3467 560 3539 μεγάλοις
609 3471 800 3531 κακοῖς
853 3467 928 3540 μὴ
977 3470 1192 3538 ὲκχὲειν
1238 3469 1507 3539 δάκρυον·
1561 3472 1622 3525 ιν
1660 3472 1719 3524 δὲ
1759 3475 1876 3540 ταῖς

1983 3475 2196 3545 magnis
2229 3475 2388 3531 malis
2417 3476 2690 3548 lacrymas
2719 3492 2831 3535 non
2865 3477 3182 3544 eﬂ‘undant;
3215 3478 3269 3535 in
3325 3479 3560 3535 minori-

302 3560 555 3640 μετρίαις
583 3563 922 3632 συμφοραῖς,
975 3561 1228 3631 ἀφθόνως
1255 3563 1323 3618 τὰ
1349 3563 1566 3636 δάκρυα
1590 3567 1876 3637 καταρρεῖ.

363 3741 626 3808 Χαρακλ.
663 3768 734 3778 -
769 3737 1042 3802 Πολλάκις
1071 3738 1182 3810 γὰρ
1212 3739 1274 3793 τὸ
1299 3741 1478 3812 χαρᾶς
1509 3741 1876 3813 ὑπερϐάλλον,

293 3830 374 3892 εις
397 3829 646 3898 ἀλγεινὸν
673 3831 1008 3900 motio-mur
1045 3829 1142 3882 καὶ
1169 3829 1272 3901 τῆς
1295 3830 1491 3900 ἡδονῆς
1522 3832 1584 3884 τὸ
1611 3832 1874 3906 ἄμετρον,

289 3920 630 3974 ἐπίσπαστον
660 3919 839 3991 λύπην
867 3919 1147 3989 ἐγέννησε.

358 4108 667 4178 Μοσχίων.
699 4137 767 4150 --
803 4107 1076 4161 Ἔπεσθαι
1129 4109 1242 4170 τοῖς
1284 4110 1540 4179 τερπνοῖς
1577 4108 1738 4162 εἴωθε
1777 4108 1872 4164 καὶ

287 4197 360 4251 τὰ
389 4197 632 4266 λυπηρά.

357 4287 702 4355 Δημώνακτ.
751 4319 822 4330 --
879 4289 974 4341 Δεῖ
1025 4287 1216 4360 ὥσπερ
1267 4289 1488 4361 φορτίον
1542 4289 1642 4362 τὴν
1692 4291 1871 4362 λύπην

285 4379 643 4450 ἀναθέμενον,
679 4380 754 4451 μὴ
782 4381 1008 4434 στέοντα
1035 4380 1338 4455 [στένοντα]
1371 4382 1580 4454 φέρειν.

357 4472 603 4538 Rapax.
637 4501 708 4512 —
751 4471 816 4524 Οἱ
841 4469 1120 4542 ἄνθρωποι
1149 4473 1356 4542 τάφους
1381 4473 1481 4544 μὲν
1519 4473 1863 4529 κατασκευά-

285 4563 442 4626 ζουσι
477 4563 570 4616 teat
597 4564 826 4630 ἐντάφια
862 4561 1052 4633 ὥσπερ
1085 4564 1372 4635 μέλλοντες
1397 4565 1582 4630 αὐτοῖς
1606 4566 1864 4637 χρῆσθαι⁹

1985 3565 2088 3620 bus
2117 3579 2302 3620 autem
2335 3573 2390 3620 et
2429 3582 2550 3637 qua:
2574 3582 2684 3622 non
2723 3582 2953 3636 prorsus
2978 3569 3276 3633 excedant,
3337 3571 3560 3640 copiose

1977 3655 2092 3711 illis
2123 3655 2461 3726 indulgeant.
2526 3717 2529 3719 _

2053 3746 2300 3804 Characl.
2333 3777 2404 3788 —
2437 3745 2591 3802 Haud
2628 3761 2756 3801 raro
2791 3762 3031 3819 namque
3060 3749 3342 3806 excellens
3368 3752 3558 3824 longe-

1981 3855 2092 3910 que
2125 3846 2390 3910 praestans
2411 3838 2696 3909 gaudium,
2717 3839 2776 3895 in
2806 3840 3017 3896 doloris
3037 3856 3261 3896 sensum
3280 3844 3552 3912 vertitur;

1979 3941 2038 3988 et
2069 3946 2191 4002 quas.
2207 3931 2432 3986 modum
2455 3931 2666 3987 nesciat
2692 3933 2967 4002 voluptas,
3003 3932 3280 3988 tristitiam
3311 3951 3419 3990 una
3457 3953 3553 3990 co-

1976 4024 2168 4078 mitem
2202 4022 2392 4076 trahit.

2047 4115 2335 4170 Mosclzion.
2366 4141 2432 4155 -
2461 4113 2600 4170 Cum
2635 4114 2705 4171 iis
2732 4129 2856 4186 quae
2887 4095 3140 4170 recreant
3169 4116 3377 4186 pariter
3393 4120 3548 4188 srqni

1972 4213 2403 4272 consueverunt,
2436 4223 2558 4277 quae
2580 4209 2813 4264 molesta
2835 4216 2984 4264 sunt.

2043 4299 2356 4354 Damonem.
2408 4327 2479 4338 --
2537 4285 2788 4368 Tristitia
2846 4301 3000 4356 velut
3052 4314 3196 4354 onus
3267 4300 3549 4381 quoddam

1900 4395 1942 4450 D
1970 4392 2291 4462 impoSitum
2318 4389 2465 4444 haud
2495 4390 2664 4447 invite
2690 4392 2916 4450 ferenda
2945 4400 3111 4463 atque
3134 4392 3369 4464 gemitu.

2041 4484 2348 4540 Cbariclcw.
2384 4485 2740 4541 --Mortales
2800 4485 3056 4554 sepulcra
3117 4493 3434 4550 exstruunt,
3489 4496 3548 4541 et

1968 4584 2092 4640 quae
2119 4571 2188 4625 ad
2247 4571 2413 4630 funus
2459 4581 2517 4628 et
2539 4572 2876 4642 sepulturam
2908 4573 3189 4642 pertinent
3215 4585 3546 4646 praeparant,
3619 4579 3634 4590 ‘

285 4653 524 4722 ἀφοϐίαν
547 4654 604 4707 δὲ
635 4656 728 4708 καὶ
756 4655 992 4710 ἀλυπίαν
1019 4656 1118 4727 τὴν
1148 4659 1278 4730 περὶ
1299 4658 1395 4714 τοῦ
1418 4657 1646 4714 θανάτου
1731 4661 1866 4732 χρή-

1973 4663 2125 4732 quasi
2147 4663 2235 4718 his
2259 4665 2370 4719 sint
2393 4664 2549 4720 usuri
2579 4683 2594 4718 :
2623 4664 2904 4734 quomodo
2929 4674 3114 4718 autem
3165 4665 3360 4722 mortis
3395 4654 3546 4721 metu

290 4760 500 4810 σονται,
531 4745 593 4798 οὐ
625 4747 1160 4818 παρασκευάζονται.

1972 4763 2030 4808 et
2051 4755 2243 4810 dolore
2269 4767 2742 4828 vacent,quorum
2771 4771 2903 4811 usus
2923 4756 3142 4812 futurus
3158 4767 3262 4823 est,
3284 4759 3419 4814 nihil
3440 4759 3548 4814 tale

1970 4855 2300 4916 praeparant.
2571 4900 2584 4910 ,

2037 4939 2375 5010 Theopompi.
2414 4971 2481 4981 -—
2535 4941 2590 4994 Si
2619 4942 2747 5012 quis
2780 4941 3044 5012 pleraque
3090 4939 3364 4996 bonorum
3411 4941 3546 4997 ade-

1965 5041 2110 5102 ptus,
2136 5050 2328 5090 eorum
2360 5049 2586 5104 compos
2607 5035 2840 5090 effectus
2865 5050 2990 5089 cum
3029 5033 3249 5089 tristitia
3285 5050 3544 5105 aegroque

1963 5123 2149 5178 animo
2198 5124 2370 5178 vitam
2428 5125 2578 5196 agit,
2639 5127 2725 5188 is,
2786 5141 2870 5180 me
2922 5123 3238 5179 mortalium
3299 5125 3546 5180 omnium

1963 5215 2472 5270 miserabilissimus
2503 5217 2597 5286 qui
2634 5218 2720 5271 vel
2756 5217 3032 5272 exsistunt
3061 5222 3157 5272 aut
3182 5214 3354 5271 futuri
3385 5217 3548 5273 sum?

1750 5303 1984 5364 NOTIE.

355 5393 425 5464 (ε)
455 5395 684 5478 ’ρσέῖερ
711 5395 832 5464 σὴς
867 5397 1092 5478 Ιειιατζῳ.
1156 5396 1248 5478 Ait
1298 5395 1554 5478 N_obil_ius
1610 5411 1862 5478 neme:-

1973 5403 2418 5478 de,_ut_~videtur,
2454 5419 2617 5478 quam
2646 5419 2712 5459 ex
2764 5405 3028 5460 llebrmis.
3061 5405 3282 5478 Syriaca
3331 5403 3494 5478 etiam
3525 5417 3538 5458 :

281 5474 432 5522 stare
461 5467 898 5542 _in_‘Vng._quod
919 5467 1093 5542 multa
1113 5483 1180 5522 ex
1197 5468 1282 5542 eis
1322 5467 1662 5542 desiderent.
1709 5467 1858 5542 Hen-
1964 5467 2198 5542 preinde
2243 5489 2356 5528 non
2392 5467 2670 5528 immerito
2708 5485 2984 5529 servatum
3021 5467 3127 5540 est',
3178 5491 3275 5531 seu
3312 5475 3542 5530 restitu-

283 5545 396 5617 ten.
426 5535 588 5617 obelo
610 5535 909 5617 contigeris,
942 5552 1060 5617 non
1081 5537 1358 5592 invenisse
1403 5538 1460 5591 in
1483 5537 1682 5617 decem
1708 5537 1862 5592 codi-

1973 5535 2083 5617 tum
2133 5545 2189 5599 in
2235 5557 2513 5615 postrema
2563 5543 2885 5599 Latinorum
2937 5535 3243 5600 Biblio'rum
3292 5545 3542 5616 recogni-

279 5604 445 5677 (_:_ib,_us
488 5604 782 5677 admonet;
828 5607 948 5662 Non
995 5606 1196 5660 desunt
1238 5616 1426 5677 tamen
1469 5606 1564 5677 qui
1594 5606 1854 5677 habeant.
1967 5615 2134 5670 tione.

287 5673 517 5728 Hebraea
549 5689 660 5728 non
695 5675 920 5743 habent,
953 5677 1050 5731 sed
1071 5677 1308 5748 Targum
1343 5673 1530 5744 habet,
1562 5691 1663 5732 nec
1682 5676 1860 5731 aliun-

361 4930 661 4998 Θεοπόμπ.
712 4960 782 4973 -—
835 4903 1030 4994 Et};
1081 4930 1311 4985 πλεῖστα
1357 4931 1466 4985 τῶν
1509 4931 1730 5000 ἀγαθῶν
1775 4949 1866 4985 κερ-

285 5023 390 5093 κτή
401 5023 560 5094 μένος
594 5025 733 5094 μετὰ
762 5027 857 5080 τοῦ
888 5024 1178 5080 λυπεῖσθαι
1204 5025 1382 5095 διάγει
1410 5025 1503 5078 τὸν
1531 5025 1665 5096 βίον,
1693 5028 1866 5082 ἁπάν-

284 5129 395 5167 των
427 5115 493 5169 ἂν
521 5117 608 5184 εῐη
645 5117 740 5170 καὶ
766 5118 876 5172 τῶν
904 5116 1076 5174 ὅντων
1109 5119 1204 5172 καὶ
1228 5117 1340 5172 τῶν
1371 5118 1643 5188 ἐσομένων
1668 5118 1866 5172 ἀθλιώ-

280 5223 460 5276 τερος.
