  <div class='ocr_page' id='page_1' title='image "/cluster/home/n/w/nwhite01/storage/ocr_20150623/91/mdp.39015022223195/445.png"; bbox 0 0 4066 6146; ppageno 0'>
   <div class='ocr_carea' id='block_1_1' title="bbox 524 290 2112 355">
    <p class='ocr_par' dir='ltr' id='par_1_1' title="bbox 524 290 2080 355">
     <span class='ocr_line' id='line_1_1' title="bbox 524 290 2080 355; baseline -0.001 0"><span class='ocrx_word' id='word_1_1' title='bbox 524 290 631 355; x_wconf 84' lang='grc'><strong>833</strong></span> <span class='ocrx_word' id='word_1_2' title='bbox 1174 318 1177 319; x_wconf 50' lang='grc'><strong><em>⁷</em></strong></span> <span class='ocrx_word' id='word_1_3' title='bbox 1692 296 1752 355; x_wconf 83' lang='grc'><strong>8.</strong></span> <span class='ocrx_word' id='word_1_4' title='bbox 1793 294 2080 354; x_wconf 74' lang='lat' dir='ltr'><strong>MAXIMI</strong></span> 
     </span>
    </p>
   </div>
   <div class='ocr_carea' id='block_1_2' title="bbox 2211 290 2622 355">
    <p class='ocr_par' dir='ltr' id='par_1_2' title="bbox 2211 292 2622 353">
     <span class='ocr_line' id='line_1_2' title="bbox 2211 292 2622 353; baseline -0.01 0"><span class='ocrx_word' id='word_1_5' title='bbox 2211 292 2622 353; x_wconf 76' lang='lat' dir='ltr'><strong>NFESSORIS</strong></span> 
     </span>
    </p>
   </div>
   <div class='ocr_carea' id='block_1_3' title="bbox 595 399 2180 470">
    <p class='ocr_par' dir='ltr' id='par_1_3' title="bbox 595 399 2180 470">
     <span class='ocr_line' id='line_1_3' title="bbox 595 399 2180 470; baseline 0.005 -16"><span class='ocrx_word' id='word_1_6' title='bbox 595 399 701 466; x_wconf 85' lang='lat' dir='ltr'><strong>Qui</strong></span> <span class='ocrx_word' id='word_1_7' title='bbox 728 400 962 455; x_wconf 79' lang='lat' dir='ltr'><strong>libenter</strong></span> <span class='ocrx_word' id='word_1_8' title='bbox 983 399 1038 453; x_wconf 93' lang='lat' dir='ltr'><strong>in</strong></span> <span class='ocrx_word' id='word_1_9' title='bbox 1065 400 1177 453; x_wconf 68' lang='lat' dir='ltr'><strong>vini</strong></span> <span class='ocrx_word' id='word_1_10' title='bbox 1199 402 1577 470; x_wconf 78' lang='lat' dir='ltr'><strong>potationibus</strong></span> <span class='ocrx_word' id='word_1_11' title='bbox 1602 413 1871 468; x_wconf 90' lang='lat' dir='ltr'><strong>moratur,</strong></span> <span class='ocrx_word' id='word_1_12' title='bbox 1895 404 1953 458; x_wconf 90' lang='lat' dir='ltr'><strong>in</strong></span> <span class='ocrx_word' id='word_1_13' title='bbox 1978 419 2099 457; x_wconf 82' lang='lat' dir='ltr'><strong>mu-</strong></span> <span class='ocrx_word' id='word_1_14' title='bbox 2133 407 2180 463; x_wconf 77' lang='grc' dir='ltr'><strong>Α</strong></span> 
     </span>
    </p>
   </div>
   <div class='ocr_carea' id='block_1_4' title="bbox 525 492 1605 562">
    <p class='ocr_par' dir='ltr' id='par_1_4' title="bbox 525 492 1605 562">
     <span class='ocr_line' id='line_1_4' title="bbox 525 492 1605 562; baseline 0.002 -15"><span class='ocrx_word' id='word_1_15' title='bbox 525 494 832 549; x_wconf 87' lang='lat' dir='ltr'><strong>uitionibus</strong></span> <span class='ocrx_word' id='word_1_16' title='bbox 864 492 980 547; x_wconf 89' lang='lat' dir='ltr'><strong>suis</strong></span> <span class='ocrx_word' id='word_1_17' title='bbox 1005 493 1282 562; x_wconf 77' lang='lat' dir='ltr'><strong>relinquet</strong></span> <span class='ocrx_word' id='word_1_18' title='bbox 1305 494 1605 549; x_wconf 78' lang='lat' dir='ltr'><strong>infamiam.</strong></span> 
     </span>
    </p>
   </div>
   <div class='ocr_carea' id='block_1_5' title="bbox 598 583 2103 655">
    <p class='ocr_par' dir='ltr' id='par_1_5' title="bbox 598 583 2103 655">
     <span class='ocr_line' id='line_1_5' title="bbox 598 583 2103 655; baseline 0.005 -18"><span class='ocrx_word' id='word_1_19' title='bbox 598 583 763 637; x_wconf 84' lang='lat' dir='ltr'><strong>Eccli.</strong></span> <span class='ocrx_word' id='word_1_20' title='bbox 814 598 959 648; x_wconf 74' lang='lat' dir='ltr'><strong>uxr,</strong></span> <span class='ocrx_word' id='word_1_21' title='bbox 994 584 1082 637; x_wconf 70' lang='grc'><strong>41.</strong></span> <span class='ocrx_word' id='word_1_22' title='bbox 1118 584 1270 638; x_wconf 89' lang='lat' dir='ltr'><strong>—In</strong></span> <span class='ocrx_word' id='word_1_23' title='bbox 1326 587 1581 641; x_wconf 81' lang='lat' dir='ltr'><strong>convivio</strong></span> <span class='ocrx_word' id='word_1_24' title='bbox 1628 587 1740 643; x_wconf 88' lang='lat' dir='ltr'><strong>vini</strong></span> <span class='ocrx_word' id='word_1_25' title='bbox 1784 603 1855 643; x_wconf 82' lang='lat' dir='ltr'><strong>ne</strong></span> <span class='ocrx_word' id='word_1_26' title='bbox 1902 600 2103 655; x_wconf 69' lang='lat' dir='ltr'><strong>arguas</strong></span> 
     </span>
    </p>
   </div>
   <div class='ocr_carea' id='block_1_6' title="bbox 524 674 2101 750">
    <p class='ocr_par' dir='ltr' id='par_1_6' title="bbox 524 674 2101 750">
     <span class='ocr_line' id='line_1_6' title="bbox 524 674 2101 750; baseline 0.003 -22"><span class='ocrx_word' id='word_1_27' title='bbox 524 674 862 745; x_wconf 79' lang='lat' dir='ltr'><strong>proximum,</strong></span> <span class='ocrx_word' id='word_1_28' title='bbox 896 681 953 729; x_wconf 92' lang='lat' dir='ltr'><strong>et</strong></span> <span class='ocrx_word' id='word_1_29' title='bbox 999 689 1111 728; x_wconf 90' lang='lat' dir='ltr'><strong>non</strong></span> <span class='ocrx_word' id='word_1_30' title='bbox 1164 675 1436 745; x_wconf 81' lang='lat' dir='ltr'><strong>despicias</strong></span> <span class='ocrx_word' id='word_1_31' title='bbox 1487 692 1614 733; x_wconf 88' lang='lat' dir='ltr'><strong>eum</strong></span> <span class='ocrx_word' id='word_1_32' title='bbox 1646 679 1703 733; x_wconf 91' lang='lat' dir='ltr'><strong>in</strong></span> <span class='ocrx_word' id='word_1_33' title='bbox 1759 678 2101 750; x_wconf 70' lang='lat' dir='ltr'><strong>iucunditate</strong></span> 
     </span>
    </p>
   </div>
   <div class='ocr_carea' id='block_1_7' title="bbox 527 765 697 819">
    <p class='ocr_par' dir='ltr' id='par_1_7' title="bbox 527 765 697 819">
     <span class='ocr_line' id='line_1_7' title="bbox 527 765 697 819; baseline 0.006 -1"><span class='ocrx_word' id='word_1_34' title='bbox 527 765 697 819; x_wconf 88' lang='lat' dir='ltr'><strong>illius.</strong></span> 
     </span>
    </p>
   </div>
   <div class='ocr_carea' id='block_1_8' title="bbox 597 856 2103 931">
    <p class='ocr_par' dir='ltr' id='par_1_8' title="bbox 597 856 2103 931">
     <span class='ocr_line' id='line_1_8' title="bbox 597 856 2103 931; baseline 0.005 -22"><span class='ocrx_word' id='word_1_35' title='bbox 597 856 804 911; x_wconf 78' lang='lat' dir='ltr'><strong>Basilii.</strong></span> <span class='ocrx_word' id='word_1_36' title='bbox 834 888 903 896; x_wconf 94' lang='lat'><strong>—</strong></span> <span class='ocrx_word' id='word_1_37' title='bbox 942 858 1011 914; x_wconf 92' lang='lat' dir='ltr'><strong>Ut</strong></span> <span class='ocrx_word' id='word_1_38' title='bbox 1059 860 1205 913; x_wconf 86' lang='lat' dir='ltr'><strong>enim</strong></span> <span class='ocrx_word' id='word_1_39' title='bbox 1262 874 1405 930; x_wconf 89' lang='lat' dir='ltr'><strong>aqua</strong></span> <span class='ocrx_word' id='word_1_40' title='bbox 1458 860 1782 917; x_wconf 81' lang='lat' dir='ltr'><strong>adversatur</strong></span> <span class='ocrx_word' id='word_1_41' title='bbox 1844 861 1977 931; x_wconf 86' lang='lat' dir='ltr'><strong>igni,</strong></span> <span class='ocrx_word' id='word_1_42' title='bbox 2023 860 2103 916; x_wconf 86' lang='lat' dir='ltr'><strong>sic</strong></span> 
     </span>
    </p>
   </div>
   <div class='ocr_carea' id='block_1_9' title="bbox 525 947 1925 1021">
    <p class='ocr_par' dir='ltr' id='par_1_9' title="bbox 525 947 1925 1021">
     <span class='ocr_line' id='line_1_9' title="bbox 525 947 1925 1021; baseline 0.002 -21"><span class='ocrx_word' id='word_1_43' title='bbox 525 947 642 1001; x_wconf 76' lang='lat' dir='ltr'><strong>vini</strong></span> <span class='ocrx_word' id='word_1_44' title='bbox 677 947 1073 1004; x_wconf 79' lang='lat' dir='ltr'><strong>immoderatus</strong></span> <span class='ocrx_word' id='word_1_45' title='bbox 1100 959 1266 1020; x_wconf 91' lang='lat' dir='ltr'><strong>potus</strong></span> <span class='ocrx_word' id='word_1_46' title='bbox 1290 951 1563 1021; x_wconf 82' lang='lat' dir='ltr'><strong>rationem</strong></span> <span class='ocrx_word' id='word_1_47' title='bbox 1599 951 1925 1021; x_wconf 85' lang='lat' dir='ltr'><strong>exstinguit.</strong></span> 
     </span>
    </p>
   </div>
   <div class='ocr_carea' id='block_1_10' title="bbox 596 1036 2105 1112">
    <p class='ocr_par' dir='ltr' id='par_1_10' title="bbox 596 1036 2105 1112">
     <span class='ocr_line' id='line_1_10' title="bbox 596 1036 2105 1112; baseline 0 -19"><span class='ocrx_word' id='word_1_48' title='bbox 596 1036 852 1108; x_wconf 85' lang='lat' dir='ltr'><strong>Optimus</strong></span> <span class='ocrx_word' id='word_1_49' title='bbox 875 1039 988 1094; x_wconf 86' lang='lat' dir='ltr'><strong>vini</strong></span> <span class='ocrx_word' id='word_1_50' title='bbox 1021 1050 1185 1109; x_wconf 91' lang='lat' dir='ltr'><strong>potus</strong></span> <span class='ocrx_word' id='word_1_51' title='bbox 1203 1041 1400 1096; x_wconf 91' lang='lat' dir='ltr'><strong>modus</strong></span> <span class='ocrx_word' id='word_1_52' title='bbox 1423 1051 1528 1107; x_wconf 89' lang='lat' dir='ltr'><strong>est,</strong></span> <span class='ocrx_word' id='word_1_53' title='bbox 1565 1043 1819 1112; x_wconf 84' lang='lat' dir='ltr'><strong>corporis</strong></span> <span class='ocrx_word' id='word_1_54' title='bbox 1852 1054 2105 1096; x_wconf 83' lang='lat' dir='ltr'><strong>necessa-</strong></span> 
     </span>
    </p>
   </div>
   <div class='ocr_carea' id='block_1_11' title="bbox 528 1143 824 1183">
    <p class='ocr_par' dir='ltr' id='par_1_11' title="bbox 528 1143 824 1183">
     <span class='ocr_line' id='line_1_11' title="bbox 528 1143 824 1183; baseline 0.003 -3"><span class='ocrx_word' id='word_1_55' title='bbox 528 1143 643 1182; x_wconf 81' lang='lat' dir='ltr'><strong>I&#39;IUS</strong></span> <span class='ocrx_word' id='word_1_56' title='bbox 670 1143 824 1183; x_wconf 86' lang='lat' dir='ltr'><strong>usus.</strong></span> 
     </span>
    </p>
   </div>
   <div class='ocr_carea' id='block_1_12' title="bbox 583 1218 2104 1294">
    <p class='ocr_par' dir='ltr' id='par_1_12' title="bbox 583 1218 2104 1294">
     <span class='ocr_line' id='line_1_12' title="bbox 583 1218 2104 1294; baseline 0 -20"><span class='ocrx_word' id='word_1_57' title='bbox 583 1218 748 1288; x_wconf 78' lang='grc'><strong>617</strong></span> <span class='ocrx_word' id='word_1_58' title='bbox 771 1218 1025 1275; x_wconf 80' lang='lat' dir='ltr'><strong>Ebrietas</strong></span> <span class='ocrx_word' id='word_1_59' title='bbox 1069 1221 1362 1277; x_wconf 89' lang='lat' dir='ltr'><strong>Dominum</strong></span> <span class='ocrx_word' id='word_1_60' title='bbox 1393 1239 1506 1278; x_wconf 89' lang='lat' dir='ltr'><strong>non</strong></span> <span class='ocrx_word' id='word_1_61' title='bbox 1538 1223 1802 1293; x_wconf 81' lang='lat' dir='ltr'><strong>suscipit;</strong></span> <span class='ocrx_word' id='word_1_62' title='bbox 1833 1222 2104 1294; x_wconf 83' lang='lat' dir='ltr'><strong>Spiritum</strong></span> 
     </span>
    </p>
   </div>
   <div class='ocr_carea' id='block_1_13' title="bbox 527 1311 2101 1384">
    <p class='ocr_par' dir='ltr' id='par_1_13' title="bbox 527 1311 2101 1384">
     <span class='ocr_line' id='line_1_13' title="bbox 527 1311 2101 1384; baseline 0.001 -20"><span class='ocrx_word' id='word_1_63' title='bbox 527 1321 777 1366; x_wconf 84' lang='lat' dir='ltr'><strong>sanctum</strong></span> <span class='ocrx_word' id='word_1_64' title='bbox 811 1312 1055 1380; x_wconf 80' lang='lat' dir='ltr'><strong>expellit.</strong></span> <span class='ocrx_word' id='word_1_65' title='bbox 1100 1313 1237 1368; x_wconf 86' lang='lat' dir='ltr'><strong>Nam</strong></span> <span class='ocrx_word' id='word_1_66' title='bbox 1273 1312 1457 1368; x_wconf 89' lang='lat' dir='ltr'><strong>fumus</strong></span> <span class='ocrx_word' id='word_1_67' title='bbox 1486 1314 1711 1383; x_wconf 85' lang='lat' dir='ltr'><strong>quidem</strong></span> <span class='ocrx_word' id='word_1_68' title='bbox 1736 1329 1888 1384; x_wconf 67' lang='lat' dir='ltr'><strong>&#39;apes</strong></span> <span class='ocrx_word' id='word_1_69' title='bbox 1918 1311 2101 1382; x_wconf 80' lang='lat' dir='ltr'><strong>fugat;</strong></span> 
     </span>
    </p>
   </div>
   <div class='ocr_carea' id='block_1_14' title="bbox 526 1401 1680 1481">
    <p class='ocr_par' dir='ltr' id='par_1_14' title="bbox 526 1401 1680 1481">
     <span class='ocr_line' id='line_1_14' title="bbox 526 1401 1680 1481; baseline 0.003 -27"><span class='ocrx_word' id='word_1_70' title='bbox 526 1401 750 1470; x_wconf 82' lang='lat' dir='ltr'><strong>crapula</strong></span> <span class='ocrx_word' id='word_1_71' title='bbox 777 1416 911 1456; x_wconf 80' lang='lat' dir='ltr'><strong>vero</strong></span> <span class='ocrx_word' id='word_1_72' title='bbox 944 1403 1213 1472; x_wconf 85' lang='lat' dir='ltr'><strong>spiritalia</strong></span> <span class='ocrx_word' id='word_1_73' title='bbox 1236 1404 1382 1458; x_wconf 90' lang='lat' dir='ltr'><strong>dona</strong></span> <span class='ocrx_word' id='word_1_74' title='bbox 1411 1404 1680 1481; x_wconf 81' lang='lat' dir='ltr'><strong>eliminat.</strong></span> 
     </span>
    </p>
   </div>
   <div class='ocr_carea' id='block_1_15' title="bbox 590 1492 2100 1566">
    <p class='ocr_par' dir='ltr' id='par_1_15' title="bbox 590 1492 2100 1566">
     <span class='ocr_line' id='line_1_15' title="bbox 590 1492 2100 1566; baseline 0.001 -20"><span class='ocrx_word' id='word_1_75' title='bbox 590 1492 851 1563; x_wconf 82' lang='lat' dir='ltr'><strong>Thcologi.</strong></span> <span class='ocrx_word' id='word_1_76' title='bbox 880 1524 950 1535; x_wconf 90' lang='lat'>—</span> <span class='ocrx_word' id='word_1_77' title='bbox 981 1497 1158 1566; x_wconf 77' lang='lat' dir='ltr'><strong>Atque</strong></span> <span class='ocrx_word' id='word_1_78' title='bbox 1198 1496 1257 1550; x_wconf 90' lang='lat' dir='ltr'><strong>bi</strong></span> <span class='ocrx_word' id='word_1_79' title='bbox 1289 1497 1513 1566; x_wconf 86' lang='lat' dir='ltr'><strong>quidem</strong></span> <span class='ocrx_word' id='word_1_80' title='bbox 1543 1497 1610 1551; x_wconf 87' lang='lat' dir='ltr'><strong>ad</strong></span> <span class='ocrx_word' id='word_1_81' title='bbox 1638 1497 1786 1551; x_wconf 90' lang='lat' dir='ltr'><strong>hunc</strong></span> <span class='ocrx_word' id='word_1_82' title='bbox 1811 1495 2036 1551; x_wconf 89' lang='lat' dir='ltr'><strong>modum</strong></span> <span class='ocrx_word' id='word_1_83' title='bbox 2087 1511 2100 1547; x_wconf 93' lang='lat'><strong>:</strong></span> 
     </span>
    </p>
   </div>
   <div class='ocr_carea' id='block_1_16' title="bbox 525 1585 2103 1656">
    <p class='ocr_par' dir='ltr' id='par_1_16' title="bbox 525 1585 2103 1656">
     <span class='ocr_line' id='line_1_16' title="bbox 525 1585 2103 1656; baseline 0.001 -19"><span class='ocrx_word' id='word_1_84' title='bbox 525 1598 629 1639; x_wconf 90' lang='lat' dir='ltr'><strong>nos</strong></span> <span class='ocrx_word' id='word_1_85' title='bbox 646 1595 828 1639; x_wconf 88' lang='lat' dir='ltr'><strong>autem</strong></span> <span class='ocrx_word' id='word_1_86' title='bbox 863 1585 920 1639; x_wconf 91' lang='lat' dir='ltr'><strong>in</strong></span> <span class='ocrx_word' id='word_1_87' title='bbox 948 1585 1074 1641; x_wconf 88' lang='lat' dir='ltr'><strong>altis</strong></span> <span class='ocrx_word' id='word_1_88' title='bbox 1096 1594 1152 1641; x_wconf 93' lang='lat' dir='ltr'><strong>et</strong></span> <span class='ocrx_word' id='word_1_89' title='bbox 1178 1587 1515 1642; x_wconf 86' lang='lat' dir='ltr'><strong>sublimibus</strong></span> <span class='ocrx_word' id='word_1_90' title='bbox 1538 1588 1716 1651; x_wconf 87' lang='lat' dir='ltr'><strong>lectis,</strong></span> <span class='ocrx_word' id='word_1_91' title='bbox 1749 1588 2103 1656; x_wconf 80' lang='lat' dir='ltr'><strong>eximiisque,</strong></span> 
     </span>
    </p>
   </div>
   <div class='ocr_carea' id='block_1_17' title="bbox 2288 395 3802 471">
    <p class='ocr_par' dir='ltr' id='par_1_17' title="bbox 2288 395 3802 471">
     <span class='ocr_line' id='line_1_17' title="bbox 2288 395 3802 471; baseline -0.006 -15"><span class='ocrx_word' id='word_1_92' title='bbox 2288 402 2392 466; x_wconf 84' lang='lat'><strong>&quot;0;</strong></span> <span class='ocrx_word' id='word_1_93' title='bbox 2420 404 2567 455; x_wconf 68' lang='lat' dir='ltr'><strong>tam</strong></span> <span class='ocrx_word' id='word_1_94' title='bbox 2601 401 2729 471; x_wconf 76' lang='grc' dir='ltr'>ἡδὺς</span> <span class='ocrx_word' id='word_1_95' title='bbox 2752 402 2811 453; x_wconf 79' lang='grc' dir='ltr'>ὲν</span> <span class='ocrx_word' id='word_1_96' title='bbox 2837 398 2996 452; x_wconf 82' lang='grc' dir='ltr'>οῑνων</span> <span class='ocrx_word' id='word_1_97' title='bbox 3019 397 3342 466; x_wconf 74' lang='grc' dir='ltr'>διατριϐαῖς,</span> <span class='ocrx_word' id='word_1_98' title='bbox 3374 397 3432 449; x_wconf 81' lang='grc' dir='ltr'>ὲν</span> <span class='ocrx_word' id='word_1_99' title='bbox 3451 397 3569 459; x_wconf 84' lang='grc' dir='ltr'>τοῖς</span> <span class='ocrx_word' id='word_1_100' title='bbox 3594 395 3802 448; x_wconf 71' lang='grc' dir='ltr'>ἑαυτοῦ</span> 
     </span>
    </p>
   </div>
   <div class='ocr_carea' id='block_1_18' title="bbox 2201 490 3155 566">
    <p class='ocr_par' dir='ltr' id='par_1_18' title="bbox 2201 490 3155 566">
     <span class='ocr_line' id='line_1_18' title="bbox 2201 490 3155 566; baseline -0.005 -19"><span class='ocrx_word' id='word_1_101' title='bbox 2201 495 2523 566; x_wconf 83' lang='grc' dir='ltr'><strong>ὀχυρώμασι</strong></span> <span class='ocrx_word' id='word_1_102' title='bbox 2557 491 2880 560; x_wconf 79' lang='grc' dir='ltr'><strong>καταλείψει</strong></span> <span class='ocrx_word' id='word_1_103' title='bbox 2908 490 3155 561; x_wconf 86' lang='grc' dir='ltr'>ἀτιμίαν.</span> 
     </span>
    </p>
   </div>
   <div class='ocr_carea' id='block_1_19' title="bbox 2272 580 3800 657">
    <p class='ocr_par' dir='ltr' id='par_1_19' title="bbox 2272 580 3800 657">
     <span class='ocr_line' id='line_1_19' title="bbox 2272 580 3800 657; baseline -0.005 -15"><span class='ocrx_word' id='word_1_104' title='bbox 2272 588 2453 657; x_wconf 81' lang='grc' dir='ltr'>Σιρὰχ</span> <span class='ocrx_word' id='word_1_105' title='bbox 2498 590 2615 642; x_wconf 72' lang='grc' dir='ltr'><strong>λα’.</strong></span> <span class='ocrx_word' id='word_1_106' title='bbox 2641 616 2710 627; x_wconf 90' lang='lat'>—</span> <span class='ocrx_word' id='word_1_107' title='bbox 2740 586 2829 638; x_wconf 88' lang='grc' dir='ltr'>Ἐν</span> <span class='ocrx_word' id='word_1_108' title='bbox 2861 583 3146 652; x_wconf 79' lang='grc' dir='ltr'><strong>συμποσίῳ</strong></span> <span class='ocrx_word' id='word_1_109' title='bbox 3174 582 3317 635; x_wconf 79' lang='grc' dir='ltr'>οἴνου</span> <span class='ocrx_word' id='word_1_110' title='bbox 3357 580 3432 652; x_wconf 78' lang='grc' dir='ltr'>μὴ</span> <span class='ocrx_word' id='word_1_111' title='bbox 3462 580 3664 651; x_wconf 74' lang='grc' dir='ltr'>ἔλεγχε</span> <span class='ocrx_word' id='word_1_112' title='bbox 3698 581 3800 636; x_wconf 68' lang='grc' dir='ltr'>τὸν</span> 
     </span>
    </p>
   </div>
   <div class='ocr_carea' id='block_1_20' title="bbox 2204 672 3797 748">
    <p class='ocr_par' dir='ltr' id='par_1_20' title="bbox 2204 672 3797 748">
     <span class='ocr_line' id='line_1_20' title="bbox 2204 672 3797 748; baseline -0.005 -16"><span class='ocrx_word' id='word_1_113' title='bbox 2204 679 2469 748; x_wconf 78' lang='grc' dir='ltr'><strong>πλησίον,</strong></span> <span class='ocrx_word' id='word_1_114' title='bbox 2522 678 2619 731; x_wconf 75' lang='grc' dir='ltr'><strong>καὶ</strong></span> <span class='ocrx_word' id='word_1_115' title='bbox 2671 677 2748 747; x_wconf 84' lang='grc' dir='ltr'>μὴ</span> <span class='ocrx_word' id='word_1_116' title='bbox 2784 672 3150 746; x_wconf 77' lang='grc' dir='ltr'>ἑξουδενώσῃς</span> <span class='ocrx_word' id='word_1_117' title='bbox 3180 672 3343 728; x_wconf 76' lang='grc' dir='ltr'>αὐτὸν</span> <span class='ocrx_word' id='word_1_118' title='bbox 3388 675 3447 726; x_wconf 76' lang='grc' dir='ltr'>ἐν</span> <span class='ocrx_word' id='word_1_119' title='bbox 3471 672 3797 743; x_wconf 75' lang='grc' dir='ltr'>εὐφροσύνῃ</span> 
     </span>
    </p>
   </div>
   <div class='ocr_carea' id='block_1_21' title="bbox 2203 766 2393 820">
    <p class='ocr_par' dir='ltr' id='par_1_21' title="bbox 2203 766 2393 820">
     <span class='ocr_line' id='line_1_21' title="bbox 2203 766 2393 820; baseline 0 0"><span class='ocrx_word' id='word_1_120' title='bbox 2203 766 2393 820; x_wconf 81' lang='grc' dir='ltr'>αὐτοῦ.</span> 
     </span>
    </p>
   </div>
   <div class='ocr_carea' id='block_1_22' title="bbox 2274 853 3794 927">
    <p class='ocr_par' dir='ltr' id='par_1_22' title="bbox 2274 853 3794 927">
     <span class='ocr_line' id='line_1_22' title="bbox 2274 853 3794 927; baseline -0.005 -14"><span class='ocrx_word' id='word_1_121' title='bbox 2274 862 2578 913; x_wconf 49' lang='grc' dir='ltr'><strong>Βασλλμ-</strong></span> <span class='ocrx_word' id='word_1_122' title='bbox 2612 857 2828 927; x_wconf 75' lang='grc' dir='ltr'>“Ὠσπερ</span> <span class='ocrx_word' id='word_1_123' title='bbox 2857 855 2966 926; x_wconf 80' lang='grc' dir='ltr'>γὰρ</span> <span class='ocrx_word' id='word_1_124' title='bbox 3000 853 3144 926; x_wconf 85' lang='grc' dir='ltr'>’ύδωρ</span> <span class='ocrx_word' id='word_1_125' title='bbox 3192 854 3451 922; x_wconf 78' lang='grc' dir='ltr'>πολέμιόν</span> <span class='ocrx_word' id='word_1_126' title='bbox 3482 854 3604 906; x_wconf 80' lang='grc' dir='ltr'>ἐστι</span> <span class='ocrx_word' id='word_1_127' title='bbox 3628 854 3794 923; x_wconf 69' lang='grc' dir='ltr'>πυρὶ,</span> 
     </span>
    </p>
   </div>
   <div class='ocr_carea' id='block_1_23' title="bbox 2203 944 3790 1019">
    <p class='ocr_par' dir='ltr' id='par_1_23' title="bbox 2203 944 3790 1019">
     <span class='ocr_line' id='line_1_23' title="bbox 2203 944 3790 1019; baseline -0.005 -15"><span class='ocrx_word' id='word_1_128' title='bbox 2203 948 2377 1012; x_wconf 74' lang='grc' dir='ltr'>οὕτως</span> <span class='ocrx_word' id='word_1_129' title='bbox 2397 949 2637 1019; x_wconf 80' lang='grc' dir='ltr'><strong>ἀμετρία</strong></span> <span class='ocrx_word' id='word_1_130' title='bbox 2653 948 2796 1001; x_wconf 79' lang='grc' dir='ltr'>οἴνου</span> <span class='ocrx_word' id='word_1_131' title='bbox 2821 946 3079 1017; x_wconf 84' lang='grc' dir='ltr'>λογισμὸν</span> <span class='ocrx_word' id='word_1_132' title='bbox 3094 946 3490 1000; x_wconf 80' lang='grc' dir='ltr'>κατασϐέννυσι</span> <span class='ocrx_word' id='word_1_133' title='bbox 3508 944 3790 1015; x_wconf 83' lang='grc' dir='ltr'>σώφρονα.</span> 
     </span>
    </p>
   </div>
   <div class='ocr_carea' id='block_1_24' title="bbox 2274 1036 3794 1112">
    <p class='ocr_par' dir='ltr' id='par_1_24' title="bbox 2274 1036 3794 1112">
     <span class='ocr_line' id='line_1_24' title="bbox 2274 1036 3794 1112; baseline -0.003 -19"><span class='ocrx_word' id='word_1_134' title='bbox 2274 1042 2491 1112; x_wconf 84' lang='grc' dir='ltr'>Μέτρον</span> <span class='ocrx_word' id='word_1_135' title='bbox 2520 1040 2742 1110; x_wconf 85' lang='grc' dir='ltr'>ἄριστον</span> <span class='ocrx_word' id='word_1_136' title='bbox 2774 1039 2874 1108; x_wconf 84' lang='grc' dir='ltr'>τῆς</span> <span class='ocrx_word' id='word_1_137' title='bbox 2906 1039 3001 1091; x_wconf 76' lang='grc' dir='ltr'><strong>τοῦ</strong></span> <span class='ocrx_word' id='word_1_138' title='bbox 3030 1040 3175 1092; x_wconf 78' lang='grc' dir='ltr'>οῐνου</span> <span class='ocrx_word' id='word_1_139' title='bbox 3206 1038 3458 1109; x_wconf 81' lang='grc' dir='ltr'>χρήσεως</span> <span class='ocrx_word' id='word_1_140' title='bbox 3480 1077 3497 1101; x_wconf 89' lang='grc'><strong>,</strong></span> <span class='ocrx_word' id='word_1_141' title='bbox 3555 1038 3590 1108; x_wconf 77' lang='grc' dir='ltr'><strong>ἡ</strong></span> <span class='ocrx_word' id='word_1_142' title='bbox 3625 1036 3794 1105; x_wconf 85' lang='grc' dir='ltr'>χρεία</span> 
     </span>
    </p>
   </div>
   <div class='ocr_carea' id='block_1_25' title="bbox 2203 1130 2605 1201">
    <p class='ocr_par' dir='ltr' id='par_1_25' title="bbox 2203 1130 2605 1201">
     <span class='ocr_line' id='line_1_25' title="bbox 2203 1130 2605 1201; baseline 0.002 -16"><span class='ocrx_word' id='word_1_143' title='bbox 2203 1131 2299 1185; x_wconf 81' lang='grc' dir='ltr'>τοῦ</span> <span class='ocrx_word' id='word_1_144' title='bbox 2329 1130 2605 1201; x_wconf 86' lang='grc' dir='ltr'>σώματος.</span> 
     </span>
    </p>
   </div>
   <div class='ocr_carea' id='block_1_26' title="bbox 2275 1215 3790 1292">
    <p class='ocr_par' dir='ltr' id='par_1_26' title="bbox 2275 1215 3790 1292">
     <span class='ocr_line' id='line_1_26' title="bbox 2275 1215 3790 1292; baseline -0.006 -16"><span class='ocrx_word' id='word_1_145' title='bbox 2275 1222 2454 1292; x_wconf 80' lang='grc' dir='ltr'>Μέθη.</span> <span class='ocrx_word' id='word_1_146' title='bbox 2488 1220 2693 1291; x_wconf 83' lang='grc' dir='ltr'>Κύριον</span> <span class='ocrx_word' id='word_1_147' title='bbox 2722 1221 2821 1291; x_wconf 78' lang='grc' dir='ltr'>οὐχ</span> <span class='ocrx_word' id='word_1_148' title='bbox 2840 1220 3182 1291; x_wconf 80' lang='grc' dir='ltr'>ὑποδέχεται.</span> <span class='ocrx_word' id='word_1_149' title='bbox 3216 1218 3441 1287; x_wconf 80' lang='grc' dir='ltr'><strong>Πνεῦμα</strong></span> <span class='ocrx_word' id='word_1_150' title='bbox 3470 1215 3628 1283; x_wconf 72' lang='grc' dir='ltr'>ἅγιον</span> <span class='ocrx_word' id='word_1_151' title='bbox 3652 1215 3790 1268; x_wconf 81' lang='grc' dir='ltr'>ἀπο-</span> 
     </span>
    </p>
   </div>
   <div class='ocr_carea' id='block_1_27' title="bbox 2204 1308 3785 1383">
    <p class='ocr_par' dir='ltr' id='par_1_27' title="bbox 2204 1308 3785 1383">
     <span class='ocr_line' id='line_1_27' title="bbox 2204 1308 3785 1383; baseline -0.004 -17"><span class='ocrx_word' id='word_1_152' title='bbox 2204 1312 2413 1366; x_wconf 84' lang='grc' dir='ltr'>διὼκει.</span> <span class='ocrx_word' id='word_1_153' title='bbox 2460 1313 2682 1375; x_wconf 77' lang='grc' dir='ltr'>Καπνὺς</span> <span class='ocrx_word' id='word_1_154' title='bbox 2715 1313 2813 1383; x_wconf 84' lang='grc' dir='ltr'>μὲν</span> <span class='ocrx_word' id='word_1_155' title='bbox 2847 1313 2956 1382; x_wconf 83' lang='grc' dir='ltr'><strong>γὰρ</strong></span> <span class='ocrx_word' id='word_1_156' title='bbox 3022 1309 3315 1380; x_wconf 83' lang='grc' dir='ltr'>φυγαδεύει</span> <span class='ocrx_word' id='word_1_157' title='bbox 3346 1308 3611 1378; x_wconf 79' lang='grc' dir='ltr'><strong>μελίσσας</strong></span> <span class='ocrx_word' id='word_1_158' title='bbox 3633 1323 3646 1337; x_wconf 90' lang='grc'>·</span> <span class='ocrx_word' id='word_1_159' title='bbox 3680 1323 3785 1377; x_wconf 63' lang='grc' dir='ltr'>χαι</span> 
     </span>
    </p>
   </div>
   <div class='ocr_carea' id='block_1_28' title="bbox 2208 1398 3578 1478">
    <p class='ocr_par' dir='ltr' id='par_1_28' title="bbox 2208 1398 3578 1478">
     <span class='ocr_line' id='line_1_28' title="bbox 2208 1398 3578 1478; baseline -0.007 -20"><span class='ocrx_word' id='word_1_160' title='bbox 2208 1404 2450 1478; x_wconf 87' lang='grc' dir='ltr'>ρίσματα</span> <span class='ocrx_word' id='word_1_161' title='bbox 2477 1404 2533 1457; x_wconf 84' lang='grc' dir='ltr'><strong>δὲ</strong></span> <span class='ocrx_word' id='word_1_162' title='bbox 2563 1404 2914 1473; x_wconf 80' lang='grc' dir='ltr'>πνευματικὰ</span> <span class='ocrx_word' id='word_1_163' title='bbox 2943 1401 3243 1456; x_wconf 85' lang='grc' dir='ltr'>ἀποδιώκει</span> <span class='ocrx_word' id='word_1_164' title='bbox 3273 1398 3578 1468; x_wconf 83' lang='grc' dir='ltr'>κραιπάλη.</span> 
     </span>
    </p>
   </div>
   <div class='ocr_carea' id='block_1_29' title="bbox 2280 1488 3783 1563">
    <p class='ocr_par' dir='ltr' id='par_1_29' title="bbox 2280 1488 3783 1563">
     <span class='ocr_line' id='line_1_29' title="bbox 2280 1488 3783 1563; baseline -0.004 -16"><span class='ocrx_word' id='word_1_165' title='bbox 2280 1497 2452 1547; x_wconf 78' lang='grc' dir='ltr'>Θεολ.</span> <span class='ocrx_word' id='word_1_166' title='bbox 2488 1523 2559 1533; x_wconf 94' lang='grc'><strong><em>-</em></strong></span> <span class='ocrx_word' id='word_1_167' title='bbox 2590 1495 2701 1546; x_wconf 71' lang='grc' dir='ltr'><strong>Καὶ</strong></span> <span class='ocrx_word' id='word_1_168' title='bbox 2743 1495 2792 1546; x_wconf 82' lang='lat' dir='ltr'><strong>oi</strong></span> <span class='ocrx_word' id='word_1_169' title='bbox 2829 1492 2928 1563; x_wconf 85' lang='grc' dir='ltr'><strong>μὲν</strong></span> <span class='ocrx_word' id='word_1_170' title='bbox 2967 1492 3235 1561; x_wconf 83' lang='grc' dir='ltr'>πένητες,</span> <span class='ocrx_word' id='word_1_171' title='bbox 3284 1489 3491 1552; x_wconf 79' lang='grc' dir='ltr'>οὕτως·</span> <span class='ocrx_word' id='word_1_172' title='bbox 3525 1491 3684 1558; x_wconf 82' lang='grc' dir='ltr'>ἡμεῖς</span> <span class='ocrx_word' id='word_1_173' title='bbox 3728 1488 3783 1542; x_wconf 82' lang='grc' dir='ltr'><strong>δὲ</strong></span> 
     </span>
    </p>
   </div>
   <div class='ocr_carea' id='block_1_30' title="bbox 2208 1580 3788 1655">
    <p class='ocr_par' dir='ltr' id='par_1_30' title="bbox 2208 1580 3788 1655">
     <span class='ocr_line' id='line_1_30' title="bbox 2208 1580 3788 1655; baseline 0.004 -18"><span class='ocrx_word' id='word_1_174' title='bbox 2208 1585 2616 1653; x_wconf 81' lang='grc' dir='ltr'>ἀνακεισόμεθα</span> <span class='ocrx_word' id='word_1_175' title='bbox 2646 1585 2891 1655; x_wconf 77' lang='grc' dir='ltr'>λαμπροὶ</span> <span class='ocrx_word' id='word_1_176' title='bbox 2919 1583 3210 1654; x_wconf 83' lang='grc' dir='ltr'>λαμπρῶς,</span> <span class='ocrx_word' id='word_1_177' title='bbox 3240 1583 3335 1635; x_wconf 72' lang='grc' dir='ltr'>ἐπὶ</span> <span class='ocrx_word' id='word_1_178' title='bbox 3370 1580 3622 1643; x_wconf 76' lang='grc' dir='ltr'><strong>στιϐάδος</strong></span> <span class='ocrx_word' id='word_1_179' title='bbox 3651 1581 3788 1649; x_wconf 74' lang='grc' dir='ltr'><strong>ὑψη-</strong></span> 
     </span>
    </p>
   </div>
   <div class='ocr_carea' id='block_1_31' title="bbox 525 1671 2112 1755">
    <p class='ocr_par' dir='ltr' id='par_1_31' title="bbox 525 1675 2103 1749">
     <span class='ocr_line' id='line_1_31' title="bbox 525 1675 2103 1749; baseline 0 -21"><span class='ocrx_word' id='word_1_180' title='bbox 525 1684 583 1728; x_wconf 90' lang='lat' dir='ltr'><strong>et</strong></span> <span class='ocrx_word' id='word_1_181' title='bbox 620 1690 741 1744; x_wconf 65' lang='lat' dir='ltr'><strong>quas</strong></span> <span class='ocrx_word' id='word_1_182' title='bbox 772 1689 911 1744; x_wconf 88' lang='lat' dir='ltr'><strong>pene</strong></span> <span class='ocrx_word' id='word_1_183' title='bbox 944 1682 1168 1746; x_wconf 81' lang='lat' dir='ltr'><strong>tangere</strong></span> <span class='ocrx_word' id='word_1_184' title='bbox 1200 1678 1354 1732; x_wconf 83' lang='lat' dir='ltr'><strong>nefas</strong></span> <span class='ocrx_word' id='word_1_185' title='bbox 1380 1679 1472 1743; x_wconf 88' lang='lat' dir='ltr'><strong>sit,</strong></span> <span class='ocrx_word' id='word_1_186' title='bbox 1504 1677 1791 1749; x_wconf 78' lang='lat' dir='ltr'><strong>stragulis,</strong></span> <span class='ocrx_word' id='word_1_187' title='bbox 1829 1675 2103 1747; x_wconf 84' lang='lat' dir='ltr'><strong>splendidi</strong></span> 
     </span>
    </p>
   </div>
   <div class='ocr_carea' id='block_1_32' title="bbox 2211 1671 3789 1755">
    <p class='ocr_par' dir='ltr' id='par_1_32' title="bbox 2211 1671 3789 1755">
     <span class='ocr_line' id='line_1_32' title="bbox 2211 1671 3789 1755; baseline -0.003 -25"><span class='ocrx_word' id='word_1_188' title='bbox 2211 1674 2305 1746; x_wconf 82' lang='grc' dir='ltr'>λῆς</span> <span class='ocrx_word' id='word_1_189' title='bbox 2333 1695 2392 1731; x_wconf 91' lang='grc' dir='ltr'><strong>τε</strong></span> <span class='ocrx_word' id='word_1_190' title='bbox 2424 1676 2517 1729; x_wconf 75' lang='grc' dir='ltr'>καὶ</span> <span class='ocrx_word' id='word_1_191' title='bbox 2548 1677 2826 1748; x_wconf 83' lang='grc' dir='ltr'>μετεώρου</span> <span class='ocrx_word' id='word_1_192' title='bbox 2851 1720 2866 1742; x_wconf 88' lang='grc'><strong>,</strong></span> <span class='ocrx_word' id='word_1_193' title='bbox 2915 1678 3010 1730; x_wconf 75' lang='grc' dir='ltr'>καὶ</span> <span class='ocrx_word' id='word_1_194' title='bbox 3044 1674 3152 1755; x_wconf 70' lang='grc' dir='ltr'>τῶν</span> <span class='ocrx_word' id='word_1_195' title='bbox 3182 1673 3455 1744; x_wconf 81' lang='grc' dir='ltr'>περιττῶν</span> <span class='ocrx_word' id='word_1_196' title='bbox 3484 1673 3581 1726; x_wconf 71' lang='grc' dir='ltr'><strong>καὶ</strong></span> <span class='ocrx_word' id='word_1_197' title='bbox 3605 1671 3789 1740; x_wconf 53' lang='lat' dir='ltr'><strong>suae.</strong></span> 
     </span>
    </p>
   </div>
   <div class='ocr_carea' id='block_1_33' title="bbox 527 1745 2112 1838">
    <p class='ocr_par' dir='ltr' id='par_1_33' title="bbox 527 1745 2105 1838">
     <span class='ocr_line' id='line_1_33' title="bbox 527 1745 2105 1838; baseline 0 -20"><span class='ocrx_word' id='word_1_198' title='bbox 527 1764 817 1834; x_wconf 86' lang='lat' dir='ltr'><strong>splendide</strong></span> <span class='ocrx_word' id='word_1_199' title='bbox 864 1745 1274 1822; x_wconf 82' lang='lat' dir='ltr'><strong>recumbemus.</strong></span> <span class='ocrx_word' id='word_1_200' title='bbox 1327 1767 1396 1822; x_wconf 85' lang='lat' dir='ltr'><strong>Et</strong></span> <span class='ocrx_word' id='word_1_201' title='bbox 1435 1745 1659 1838; x_wconf 81' lang='lat' dir='ltr'><strong>quidem</strong></span> <span class='ocrx_word' id='word_1_202' title='bbox 1708 1760 1787 1821; x_wconf 72' lang='lat' dir='ltr'><strong>illi</strong></span> <span class='ocrx_word' id='word_1_203' title='bbox 1844 1745 2105 1837; x_wconf 70' lang='lat' dir='ltr'><strong>praeclare</strong></span> 
     </span>
    </p>
   </div>
   <div class='ocr_carea' id='block_1_34' title="bbox 2211 1745 3789 1838">
    <p class='ocr_par' dir='ltr' id='par_1_34' title="bbox 2211 1745 3789 1837">
     <span class='ocr_line' id='line_1_34' title="bbox 2211 1745 3789 1837; baseline -0.001 -18"><span class='ocrx_word' id='word_1_204' title='bbox 2211 1745 2350 1823; x_wconf 76' lang='grc' dir='ltr'>στων</span> <span class='ocrx_word' id='word_1_205' title='bbox 2380 1745 2788 1837; x_wconf 76' lang='grc' dir='ltr'>ἐπιϐλημάτων.</span> <span class='ocrx_word' id='word_1_206' title='bbox 2814 1768 2925 1820; x_wconf 81' lang='grc' dir='ltr'><strong>Καὶ</strong></span> <span class='ocrx_word' id='word_1_207' title='bbox 2957 1769 3069 1830; x_wconf 81' lang='grc' dir='ltr'>τοῖς</span> <span class='ocrx_word' id='word_1_208' title='bbox 3105 1745 3204 1835; x_wconf 73' lang='grc' dir='ltr'>μὲν</span> <span class='ocrx_word' id='word_1_209' title='bbox 3229 1763 3396 1826; x_wconf 82' lang='grc' dir='ltr'>πολὺς</span> <span class='ocrx_word' id='word_1_210' title='bbox 3412 1764 3458 1795; x_wconf 79' lang='grc'><strong>⁸⁸</strong></span> <span class='ocrx_word' id='word_1_211' title='bbox 3496 1763 3659 1833; x_wconf 85' lang='grc' dir='ltr'>κόρος</span> <span class='ocrx_word' id='word_1_212' title='bbox 3688 1763 3789 1818; x_wconf 76' lang='grc' dir='ltr'><strong>καὶ</strong></span> 
     </span>
    </p>
   </div>
   <div class='ocr_carea' id='block_1_35' title="bbox 527 1857 2110 1928">
    <p class='ocr_par' dir='ltr' id='par_1_35' title="bbox 527 1857 2110 1928">
     <span class='ocr_line' id='line_1_35' title="bbox 527 1857 2110 1928; baseline 0.002 -17"><span class='ocrx_word' id='word_1_213' title='bbox 527 1871 712 1911; x_wconf 89' lang='lat' dir='ltr'><strong>secum</strong></span> <span class='ocrx_word' id='word_1_214' title='bbox 759 1857 845 1926; x_wconf 91' lang='lat' dir='ltr'><strong>agi</strong></span> <span class='ocrx_word' id='word_1_215' title='bbox 893 1858 1195 1926; x_wconf 86' lang='lat' dir='ltr'><strong>putabunt,</strong></span> <span class='ocrx_word' id='word_1_216' title='bbox 1228 1859 1275 1913; x_wconf 90' lang='lat' dir='ltr'><strong>si</strong></span> <span class='ocrx_word' id='word_1_217' title='bbox 1300 1859 1387 1913; x_wconf 78' lang='lat' dir='ltr'><strong>vel</strong></span> <span class='ocrx_word' id='word_1_218' title='bbox 1434 1874 1576 1927; x_wconf 90' lang='lat' dir='ltr'><strong>aqua</strong></span> <span class='ocrx_word' id='word_1_219' title='bbox 1611 1858 1974 1928; x_wconf 79' lang='lat' dir='ltr'><strong>expleantur;</strong></span> <span class='ocrx_word' id='word_1_220' title='bbox 2008 1874 2110 1915; x_wconf 87' lang='lat' dir='ltr'><strong>nos</strong></span> 
     </span>
    </p>
   </div>
   <div class='ocr_carea' id='block_1_36' title="bbox 527 1947 2105 2020">
    <p class='ocr_par' dir='ltr' id='par_1_36' title="bbox 527 1947 2105 2020">
     <span class='ocr_line' id='line_1_36' title="bbox 527 1947 2105 2020; baseline 0.001 -18"><span class='ocrx_word' id='word_1_221' title='bbox 527 1957 711 2002; x_wconf 88' lang='lat' dir='ltr'><strong>autem</strong></span> <span class='ocrx_word' id='word_1_222' title='bbox 740 1947 853 2001; x_wconf 84' lang='lat' dir='ltr'><strong>vini</strong></span> <span class='ocrx_word' id='word_1_223' title='bbox 879 1949 1076 2019; x_wconf 90' lang='lat' dir='ltr'><strong>pocula</strong></span> <span class='ocrx_word' id='word_1_224' title='bbox 1104 1966 1276 2020; x_wconf 86' lang='lat' dir='ltr'><strong>usque</strong></span> <span class='ocrx_word' id='word_1_225' title='bbox 1300 1950 1369 2004; x_wconf 87' lang='lat' dir='ltr'><strong>ad</strong></span> <span class='ocrx_word' id='word_1_226' title='bbox 1395 1950 1721 2007; x_wconf 84' lang='lat' dir='ltr'><strong>ebrietatem</strong></span> <span class='ocrx_word' id='word_1_227' title='bbox 1748 1950 2067 2006; x_wconf 89' lang='lat' dir='ltr'><strong>hauriemus</strong></span> <span class='ocrx_word' id='word_1_228' title='bbox 2092 1967 2105 2003; x_wconf 90' lang='lat'><strong>:</strong></span> 
     </span>
    </p>
   </div>
   <div class='ocr_carea' id='block_1_37' title="bbox 527 2037 2109 2111">
    <p class='ocr_par' dir='ltr' id='par_1_37' title="bbox 527 2037 2109 2111">
     <span class='ocr_line' id='line_1_37' title="bbox 527 2037 2109 2111; baseline 0.003 -20"><span class='ocrx_word' id='word_1_229' title='bbox 527 2039 640 2092; x_wconf 87' lang='lat' dir='ltr'><strong>imo</strong></span> <span class='ocrx_word' id='word_1_230' title='bbox 687 2037 852 2093; x_wconf 85' lang='lat' dir='ltr'><strong>etiam</strong></span> <span class='ocrx_word' id='word_1_231' title='bbox 888 2039 1031 2094; x_wconf 89' lang='lat' dir='ltr'><strong>ultra</strong></span> <span class='ocrx_word' id='word_1_232' title='bbox 1062 2040 1440 2095; x_wconf 89' lang='lat' dir='ltr'><strong>temulentiam</strong></span> <span class='ocrx_word' id='word_1_233' title='bbox 1467 2083 1480 2102; x_wconf 87' lang='lat'><strong>.</strong></span> <span class='ocrx_word' id='word_1_234' title='bbox 1512 2041 1660 2111; x_wconf 90' lang='lat' dir='ltr'><strong>quod</strong></span> <span class='ocrx_word' id='word_1_235' title='bbox 1694 2041 1888 2095; x_wconf 85' lang='lat' dir='ltr'><strong>saltem</strong></span> <span class='ocrx_word' id='word_1_236' title='bbox 1916 2041 1983 2094; x_wconf 91' lang='lat' dir='ltr'><strong>ad</strong></span> <span class='ocrx_word' id='word_1_237' title='bbox 2012 2055 2109 2097; x_wconf 89' lang='lat' dir='ltr'><strong>eos</strong></span> 
     </span>
    </p>
   </div>
   <div class='ocr_carea' id='block_1_38' title="bbox 527 2126 2107 2201">
    <p class='ocr_par' dir='ltr' id='par_1_38' title="bbox 527 2126 2107 2201">
     <span class='ocr_line' id='line_1_38' title="bbox 527 2126 2107 2201; baseline 0.004 -21"><span class='ocrx_word' id='word_1_238' title='bbox 527 2126 727 2181; x_wconf 83' lang='lat' dir='ltr'><strong>attinet</strong></span> <span class='ocrx_word' id='word_1_239' title='bbox 759 2126 853 2195; x_wconf 88' lang='lat' dir='ltr'><strong>qui</strong></span> <span class='ocrx_word' id='word_1_240' title='bbox 886 2130 1093 2199; x_wconf 88' lang='lat' dir='ltr'><strong>majore</strong></span> <span class='ocrx_word' id='word_1_241' title='bbox 1142 2130 1571 2199; x_wconf 83' lang='lat' dir='ltr'><strong>intemperantia</strong></span> <span class='ocrx_word' id='word_1_242' title='bbox 1619 2130 1902 2197; x_wconf 87' lang='lat' dir='ltr'><strong>laborant;</strong></span> <span class='ocrx_word' id='word_1_243' title='bbox 1939 2140 2107 2201; x_wconf 87' lang='lat' dir='ltr'><strong>atque</strong></span> 
     </span>
    </p>
   </div>
   <div class='ocr_carea' id='block_1_39' title="bbox 526 2218 2108 2291">
    <p class='ocr_par' dir='ltr' id='par_1_39' title="bbox 526 2218 2108 2291">
     <span class='ocr_line' id='line_1_39' title="bbox 526 2218 2108 2291; baseline 0.004 -20"><span class='ocrx_word' id='word_1_244' title='bbox 526 2232 594 2271; x_wconf 74' lang='lat' dir='ltr'><strong>ex</strong></span> <span class='ocrx_word' id='word_1_245' title='bbox 648 2218 903 2288; x_wconf 85' lang='lat' dir='ltr'><strong>pluribus</strong></span> <span class='ocrx_word' id='word_1_246' title='bbox 953 2220 1099 2275; x_wconf 78' lang='lat' dir='ltr'><strong>vinis</strong></span> <span class='ocrx_word' id='word_1_247' title='bbox 1149 2220 1256 2274; x_wconf 88' lang='lat' dir='ltr'><strong>alia</strong></span> <span class='ocrx_word' id='word_1_248' title='bbox 1282 2221 1633 2291; x_wconf 79' lang='lat' dir='ltr'><strong>rejieiemus;</strong></span> <span class='ocrx_word' id='word_1_249' title='bbox 1687 2222 1814 2287; x_wconf 92' lang='lat' dir='ltr'><strong>alia,</strong></span> <span class='ocrx_word' id='word_1_250' title='bbox 1863 2230 1924 2276; x_wconf 93' lang='lat' dir='ltr'><strong>ut</strong></span> <span class='ocrx_word' id='word_1_251' title='bbox 1978 2238 2108 2277; x_wconf 77' lang='lat' dir='ltr'><strong>sua-</strong></span> 
     </span>
    </p>
   </div>
   <div class='ocr_carea' id='block_1_40' title="bbox 528 2305 2113 2380">
    <p class='ocr_par' dir='ltr' id='par_1_40' title="bbox 528 2305 2113 2380">
     <span class='ocr_line' id='line_1_40' title="bbox 528 2305 2113 2380; baseline 0.006 -23"><span class='ocrx_word' id='word_1_252' title='bbox 528 2305 616 2360; x_wconf 80' lang='lat' dir='ltr'><strong>via</strong></span> <span class='ocrx_word' id='word_1_253' title='bbox 649 2315 704 2360; x_wconf 89' lang='lat' dir='ltr'><strong>et</strong></span> <span class='ocrx_word' id='word_1_254' title='bbox 737 2316 913 2377; x_wconf 86' lang='lat' dir='ltr'><strong>grata,</strong></span> <span class='ocrx_word' id='word_1_255' title='bbox 967 2308 1361 2378; x_wconf 89' lang='lat' dir='ltr'><strong>probabimus,</strong></span> <span class='ocrx_word' id='word_1_256' title='bbox 1392 2309 1461 2365; x_wconf 88' lang='lat' dir='ltr'><strong>de</strong></span> <span class='ocrx_word' id='word_1_257' title='bbox 1502 2311 1626 2365; x_wconf 91' lang='lat' dir='ltr'><strong>aliis</strong></span> <span class='ocrx_word' id='word_1_258' title='bbox 1674 2311 1842 2365; x_wconf 89' lang='lat' dir='ltr'><strong>etiam</strong></span> <span class='ocrx_word' id='word_1_259' title='bbox 1867 2311 2113 2380; x_wconf 88' lang='lat' dir='ltr'><strong>philoso-</strong></span> 
     </span>
    </p>
   </div>
   <div class='ocr_carea' id='block_1_41' title="bbox 528 2396 2110 2471">
    <p class='ocr_par' dir='ltr' id='par_1_41' title="bbox 528 2396 2110 2471">
     <span class='ocr_line' id='line_1_41' title="bbox 528 2396 2110 2471; baseline 0.001 -20"><span class='ocrx_word' id='word_1_260' title='bbox 528 2396 847 2467; x_wconf 88' lang='lat' dir='ltr'><strong>pbabimur,</strong></span> <span class='ocrx_word' id='word_1_261' title='bbox 881 2408 1047 2469; x_wconf 83' lang='lat' dir='ltr'><strong>atque</strong></span> <span class='ocrx_word' id='word_1_262' title='bbox 1081 2399 1421 2455; x_wconf 90' lang='lat' dir='ltr'><strong>detrimento</strong></span> <span class='ocrx_word' id='word_1_263' title='bbox 1445 2401 1733 2467; x_wconf 86' lang='lat' dir='ltr'><strong>ducemus,</strong></span> <span class='ocrx_word' id='word_1_264' title='bbox 1773 2400 1880 2456; x_wconf 92' lang='lat' dir='ltr'><strong>nisi</strong></span> <span class='ocrx_word' id='word_1_265' title='bbox 1906 2400 1976 2456; x_wconf 87' lang='lat' dir='ltr'><strong>ad</strong></span> <span class='ocrx_word' id='word_1_266' title='bbox 2011 2416 2110 2471; x_wconf 88' lang='lat' dir='ltr'><strong>pa—</strong></span> 
     </span>
    </p>
   </div>
   <div class='ocr_carea' id='block_1_42' title="bbox 530 2484 2110 2559">
    <p class='ocr_par' dir='ltr' id='par_1_42' title="bbox 530 2484 2110 2559">
     <span class='ocr_line' id='line_1_42' title="bbox 530 2484 2110 2559; baseline 0.006 -23"><span class='ocrx_word' id='word_1_267' title='bbox 530 2484 718 2550; x_wconf 89' lang='lat' dir='ltr'><strong>trium,</strong></span> <span class='ocrx_word' id='word_1_268' title='bbox 746 2486 913 2543; x_wconf 86' lang='lat' dir='ltr'><strong>etiam</strong></span> <span class='ocrx_word' id='word_1_269' title='bbox 962 2489 1238 2544; x_wconf 78' lang='lat' dir='ltr'><strong>exoticum</strong></span> <span class='ocrx_word' id='word_1_270' title='bbox 1285 2489 1562 2559; x_wconf 89' lang='lat' dir='ltr'><strong>quoddam</strong></span> <span class='ocrx_word' id='word_1_271' title='bbox 1593 2490 1782 2544; x_wconf 88' lang='lat' dir='ltr'><strong>vinum</strong></span> <span class='ocrx_word' id='word_1_272' title='bbox 1830 2490 1975 2544; x_wconf 89' lang='lat' dir='ltr'><strong>inter</strong></span> <span class='ocrx_word' id='word_1_273' title='bbox 2004 2490 2110 2545; x_wconf 89' lang='lat' dir='ltr'><strong>alia</strong></span> 
     </span>
    </p>
   </div>
   <div class='ocr_carea' id='block_1_43' title="bbox 530 2576 2111 2650">
    <p class='ocr_par' dir='ltr' id='par_1_43' title="bbox 530 2576 2111 2650">
     <span class='ocr_line' id='line_1_43' title="bbox 530 2576 2111 2650; baseline 0.003 -20"><span class='ocrx_word' id='word_1_274' title='bbox 530 2576 748 2632; x_wconf 90' lang='lat' dir='ltr'><strong>celebre</strong></span> <span class='ocrx_word' id='word_1_275' title='bbox 784 2578 935 2632; x_wconf 88' lang='lat' dir='ltr'><strong>velut</strong></span> <span class='ocrx_word' id='word_1_276' title='bbox 968 2586 1237 2650; x_wconf 79' lang='lat' dir='ltr'><strong>tyrannus</strong></span> <span class='ocrx_word' id='word_1_277' title='bbox 1266 2580 1583 2635; x_wconf 88' lang='lat' dir='ltr'><strong>accesserit.</strong></span> <span class='ocrx_word' id='word_1_278' title='bbox 1623 2580 1733 2634; x_wconf 81' lang='lat' dir='ltr'><strong>Nos</strong></span> <span class='ocrx_word' id='word_1_279' title='bbox 1761 2581 1964 2649; x_wconf 90' lang='lat' dir='ltr'><strong>quippe</strong></span> <span class='ocrx_word' id='word_1_280' title='bbox 1988 2581 2111 2635; x_wconf 90' lang='lat' dir='ltr'><strong>lau-</strong></span> 
     </span>
    </p>
   </div>
   <div class='ocr_carea' id='block_1_44' title="bbox 2209 1852 3791 1927">
    <p class='ocr_par' dir='ltr' id='par_1_44' title="bbox 2209 1852 3791 1927">
     <span class='ocr_line' id='line_1_44' title="bbox 2209 1852 3791 1927; baseline -0.004 -18"><span class='ocrx_word' id='word_1_281' title='bbox 2209 1857 2404 1922; x_wconf 81' lang='grc' dir='ltr'>ὖδατος</span> <span class='ocrx_word' id='word_1_282' title='bbox 2425 1873 2438 1886; x_wconf 90' lang='grc'>·</span> <span class='ocrx_word' id='word_1_283' title='bbox 2473 1859 2605 1927; x_wconf 87' lang='grc' dir='ltr'>ήμῖν</span> <span class='ocrx_word' id='word_1_284' title='bbox 2635 1857 2691 1909; x_wconf 79' lang='grc' dir='ltr'><strong>δὲ</strong></span> <span class='ocrx_word' id='word_1_285' title='bbox 2734 1858 2828 1910; x_wconf 74' lang='grc' dir='ltr'><strong>καὶ</strong></span> <span class='ocrx_word' id='word_1_286' title='bbox 2861 1857 3020 1927; x_wconf 83' lang='grc' dir='ltr'>μέχρι</span> <span class='ocrx_word' id='word_1_287' title='bbox 3063 1855 3235 1925; x_wconf 72' lang='grc' dir='ltr'>μέθης</span> <span class='ocrx_word' id='word_1_288' title='bbox 3265 1855 3315 1906; x_wconf 79' lang='grc' dir='ltr'>οἱ</span> <span class='ocrx_word' id='word_1_289' title='bbox 3345 1853 3438 1906; x_wconf 78' lang='grc' dir='ltr'><strong>τοῦ</strong></span> <span class='ocrx_word' id='word_1_290' title='bbox 3468 1852 3612 1905; x_wconf 81' lang='grc' dir='ltr'>οἴνου</span> <span class='ocrx_word' id='word_1_291' title='bbox 3649 1869 3791 1920; x_wconf 86' lang='grc' dir='ltr'>κρα-</span> 
     </span>
    </p>
   </div>
   <div class='ocr_carea' id='block_1_45' title="bbox 2204 1944 3791 2024">
    <p class='ocr_par' dir='ltr' id='par_1_45' title="bbox 2204 1944 3791 2024">
     <span class='ocr_line' id='line_1_45' title="bbox 2204 1944 3791 2024; baseline -0.008 -18"><span class='ocrx_word' id='word_1_292' title='bbox 2204 1954 2402 2024; x_wconf 81' lang='grc' dir='ltr'>τῆρες·</span> <span class='ocrx_word' id='word_1_293' title='bbox 2437 1952 2639 2023; x_wconf 79' lang='grc' dir='ltr'>μᾶλλον</span> <span class='ocrx_word' id='word_1_294' title='bbox 2681 1951 2738 2006; x_wconf 75' lang='grc' dir='ltr'><strong>δὲ</strong></span> <span class='ocrx_word' id='word_1_295' title='bbox 2772 1951 2869 2004; x_wconf 85' lang='grc' dir='ltr'><strong>καὶ</strong></span> <span class='ocrx_word' id='word_1_296' title='bbox 2911 1952 3053 2021; x_wconf 77' lang='grc' dir='ltr'>ὑπὲρ</span> <span class='ocrx_word' id='word_1_297' title='bbox 3085 1949 3256 2019; x_wconf 71' lang='grc' dir='ltr'>μέθην</span> <span class='ocrx_word' id='word_1_298' title='bbox 3283 1951 3397 2010; x_wconf 89' lang='grc' dir='ltr'>τοῖς</span> <span class='ocrx_word' id='word_1_299' title='bbox 3432 1944 3791 2001; x_wconf 82' lang='grc' dir='ltr'>ἀκολαστοτέ-</span> 
     </span>
    </p>
   </div>
   <div class='ocr_carea' id='block_1_46' title="bbox 2209 2034 3790 2112">
    <p class='ocr_par' dir='ltr' id='par_1_46' title="bbox 2209 2034 3790 2112">
     <span class='ocr_line' id='line_1_46' title="bbox 2209 2034 3790 2112; baseline -0.006 -15"><span class='ocrx_word' id='word_1_300' title='bbox 2209 2060 2324 2112; x_wconf 86' lang='grc' dir='ltr'>ροις</span> <span class='ocrx_word' id='word_1_301' title='bbox 2345 2060 2358 2073; x_wconf 90' lang='grc'><strong>·</strong></span> <span class='ocrx_word' id='word_1_302' title='bbox 2390 2042 2487 2096; x_wconf 80' lang='grc' dir='ltr'><strong>καὶ</strong></span> <span class='ocrx_word' id='word_1_303' title='bbox 2512 2045 2606 2095; x_wconf 84' lang='grc' dir='ltr'>τὸν</span> <span class='ocrx_word' id='word_1_304' title='bbox 2641 2043 2738 2112; x_wconf 70' lang='grc' dir='ltr'>μὲν</span> <span class='ocrx_word' id='word_1_305' title='bbox 2770 2040 3216 2110; x_wconf 79' lang='grc' dir='ltr'>ἀποπεμψόμεθα</span> <span class='ocrx_word' id='word_1_306' title='bbox 3244 2036 3353 2090; x_wconf 80' lang='grc' dir='ltr'>τῶν</span> <span class='ocrx_word' id='word_1_307' title='bbox 3382 2038 3566 2099; x_wconf 82' lang='grc' dir='ltr'>οῐνων,</span> <span class='ocrx_word' id='word_1_308' title='bbox 3595 2034 3691 2086; x_wconf 70' lang='grc' dir='ltr'>τὸν</span> <span class='ocrx_word' id='word_1_309' title='bbox 3724 2034 3790 2088; x_wconf 74' lang='grc' dir='ltr'><strong>δὲ</strong></span> 
     </span>
    </p>
   </div>
   <div class='ocr_carea' id='block_1_47' title="bbox 2205 2126 3791 2203">
    <p class='ocr_par' dir='ltr' id='par_1_47' title="bbox 2205 2126 3791 2203">
     <span class='ocr_line' id='line_1_47' title="bbox 2205 2126 3791 2203; baseline -0.003 -18"><span class='ocrx_word' id='word_1_310' title='bbox 2205 2133 2569 2203; x_wconf 81' lang='grc' dir='ltr'>ὲκκρινοῦμεν</span> <span class='ocrx_word' id='word_1_311' title='bbox 2598 2135 2673 2196; x_wconf 87' lang='grc' dir='ltr'>ὼς</span> <span class='ocrx_word' id='word_1_312' title='bbox 2705 2132 3002 2202; x_wconf 83' lang='grc' dir='ltr'>ἀνθοσμίαν</span> <span class='ocrx_word' id='word_1_313' title='bbox 3026 2147 3040 2160; x_wconf 93' lang='grc'>·</span> <span class='ocrx_word' id='word_1_314' title='bbox 3087 2130 3217 2200; x_wconf 83' lang='grc' dir='ltr'>περὶ</span> <span class='ocrx_word' id='word_1_315' title='bbox 3261 2129 3320 2181; x_wconf 80' lang='grc' dir='ltr'><strong>δὲ</strong></span> <span class='ocrx_word' id='word_1_316' title='bbox 3349 2127 3444 2181; x_wconf 82' lang='grc' dir='ltr'>τοῦ</span> <span class='ocrx_word' id='word_1_317' title='bbox 3485 2126 3791 2196; x_wconf 71' lang='grc' dir='ltr'><strong>φιλοσοφή-</strong></span> 
     </span>
    </p>
   </div>
   <div class='ocr_carea' id='block_1_48' title="bbox 2209 2218 3792 2295">
    <p class='ocr_par' dir='ltr' id='par_1_48' title="bbox 2209 2218 3792 2295">
     <span class='ocr_line' id='line_1_48' title="bbox 2209 2218 3792 2295; baseline -0.009 -14"><span class='ocrx_word' id='word_1_318' title='bbox 2209 2240 2377 2295; x_wconf 80' lang='grc' dir='ltr'>σομεν</span> <span class='ocrx_word' id='word_1_319' title='bbox 2397 2242 2410 2257; x_wconf 81' lang='lat'>&#39;</span> <span class='ocrx_word' id='word_1_320' title='bbox 2454 2226 2628 2295; x_wconf 77' lang='grc' dir='ltr'>ζημία</span> <span class='ocrx_word' id='word_1_321' title='bbox 2656 2225 2737 2289; x_wconf 79' lang='grc' dir='ltr'><strong>δὲ,</strong></span> <span class='ocrx_word' id='word_1_322' title='bbox 2769 2225 2819 2277; x_wconf 83' lang='grc' dir='ltr'>εί</span> <span class='ocrx_word' id='word_1_323' title='bbox 2848 2224 2924 2293; x_wconf 83' lang='grc' dir='ltr'>μὴ</span> <span class='ocrx_word' id='word_1_324' title='bbox 2951 2222 3248 2292; x_wconf 82' lang='grc' dir='ltr'><strong>προσέσται</strong></span> <span class='ocrx_word' id='word_1_325' title='bbox 3281 2220 3357 2290; x_wconf 82' lang='grc' dir='ltr'>τῷ</span> <span class='ocrx_word' id='word_1_326' title='bbox 3382 2218 3655 2289; x_wconf 76' lang='grc' dir='ltr'><strong>ἐγχωρίῳ,</strong></span> <span class='ocrx_word' id='word_1_327' title='bbox 3688 2218 3792 2268; x_wconf 71' lang='grc' dir='ltr'><strong>καὶ</strong></span> 
     </span>
    </p>
   </div>
   <div class='ocr_carea' id='block_1_49' title="bbox 2206 2309 3794 2385">
    <p class='ocr_par' dir='ltr' id='par_1_49' title="bbox 2206 2309 3794 2385">
     <span class='ocr_line' id='line_1_49' title="bbox 2206 2309 3794 2385; baseline -0.006 -16"><span class='ocrx_word' id='word_1_328' title='bbox 2206 2315 2317 2370; x_wconf 85' lang='grc' dir='ltr'><strong>τῶν</strong></span> <span class='ocrx_word' id='word_1_329' title='bbox 2345 2315 2762 2385; x_wconf 78' lang='grc' dir='ltr'>ὀνομαζομένων</span> <span class='ocrx_word' id='word_1_330' title='bbox 2790 2315 2955 2381; x_wconf 78' lang='grc' dir='ltr'>ξένων</span> <span class='ocrx_word' id='word_1_331' title='bbox 2995 2330 3077 2376; x_wconf 90' lang='grc' dir='ltr'><strong>τις</strong></span> <span class='ocrx_word' id='word_1_332' title='bbox 3098 2353 3112 2374; x_wconf 88' lang='grc'><strong>,</strong></span> <span class='ocrx_word' id='word_1_333' title='bbox 3141 2311 3335 2381; x_wconf 77' lang='grc' dir='ltr'>ὥσπερ</span> <span class='ocrx_word' id='word_1_334' title='bbox 3364 2311 3651 2381; x_wconf 86' lang='grc' dir='ltr'>τύραννος.</span> <span class='ocrx_word' id='word_1_335' title='bbox 3694 2309 3794 2361; x_wconf 84' lang='grc' dir='ltr'>Δεῖ</span> 
     </span>
    </p>
   </div>
   <div class='ocr_carea' id='block_1_50' title="bbox 2206 2392 3788 2475">
    <p class='ocr_par' dir='ltr' id='par_1_50' title="bbox 2206 2392 3788 2475">
     <span class='ocr_line' id='line_1_50' title="bbox 2206 2392 3788 2475; baseline -0.006 -18"><span class='ocrx_word' id='word_1_336' title='bbox 2206 2403 2316 2475; x_wconf 82' lang='grc' dir='ltr'><strong>γὰρ</strong></span> <span class='ocrx_word' id='word_1_337' title='bbox 2347 2405 2495 2474; x_wconf 80' lang='grc' dir='ltr'>ἡμᾶς</span> <span class='ocrx_word' id='word_1_338' title='bbox 2525 2405 2728 2474; x_wconf 76' lang='grc' dir='ltr'>ἁδροὺς</span> <span class='ocrx_word' id='word_1_339' title='bbox 2765 2402 2861 2455; x_wconf 63' lang='lat' dir='ltr'><strong>acati.</strong></span> <span class='ocrx_word' id='word_1_340' title='bbox 2891 2403 2990 2471; x_wconf 76' lang='grc' dir='ltr'>τῆς</span> <span class='ocrx_word' id='word_1_341' title='bbox 3020 2399 3207 2471; x_wconf 78' lang='grc' dir='ltr'><strong>χρείας</strong></span> <span class='ocrx_word' id='word_1_342' title='bbox 3253 2398 3671 2470; x_wconf 83' lang='grc' dir='ltr'>περιττοτέρους</span> <span class='ocrx_word' id='word_1_343' title='bbox 3703 2392 3788 2449; x_wconf 76' lang='grc' dir='ltr'><strong>εἶ-</strong></span> 
     </span>
    </p>
   </div>
   <div class='ocr_carea' id='block_1_51' title="bbox 2212 2486 3787 2567">
    <p class='ocr_par' dir='ltr' id='par_1_51' title="bbox 2212 2486 3787 2567">
     <span class='ocr_line' id='line_1_51' title="bbox 2212 2486 3787 2567; baseline -0.006 -17"><span class='ocrx_word' id='word_1_344' title='bbox 2212 2513 2301 2550; x_wconf 85' lang='grc' dir='ltr'><strong>ναι</strong></span> <span class='ocrx_word' id='word_1_345' title='bbox 2322 2513 2335 2526; x_wconf 89' lang='grc'><strong>·</strong></span> <span class='ocrx_word' id='word_1_346' title='bbox 2371 2496 2560 2567; x_wconf 84' lang='grc' dir='ltr'>ὥσπερ</span> <span class='ocrx_word' id='word_1_347' title='bbox 2596 2494 3044 2566; x_wconf 74' lang='grc' dir='ltr'>αἰσχυνομένους,</span> <span class='ocrx_word' id='word_1_348' title='bbox 3070 2494 3120 2545; x_wconf 82' lang='grc' dir='ltr'>εί</span> <span class='ocrx_word' id='word_1_349' title='bbox 3148 2492 3223 2562; x_wconf 79' lang='grc' dir='ltr'>μὴ</span> <span class='ocrx_word' id='word_1_350' title='bbox 3258 2491 3419 2546; x_wconf 71' lang='grc' dir='ltr'>κακοὶ</span> <span class='ocrx_word' id='word_1_351' title='bbox 3450 2486 3787 2559; x_wconf 78' lang='grc' dir='ltr'>νομιζόμεθα</span> 
     </span>
    </p>
   </div>
   <div class='ocr_carea' id='block_1_52' title="bbox 2208 2583 3486 2657">
    <p class='ocr_par' dir='ltr' id='par_1_52' title="bbox 2208 2583 3486 2657">
     <span class='ocr_line' id='line_1_52' title="bbox 2208 2583 3486 2657; baseline -0.004 -18"><span class='ocrx_word' id='word_1_352' title='bbox 2208 2587 2304 2639; x_wconf 75' lang='grc' dir='ltr'>καὶ</span> <span class='ocrx_word' id='word_1_353' title='bbox 2330 2586 2505 2639; x_wconf 79' lang='grc' dir='ltr'>δοῦλοι</span> <span class='ocrx_word' id='word_1_354' title='bbox 2536 2586 2797 2657; x_wconf 73' lang='grc' dir='ltr'>γαστρὸς,</span> <span class='ocrx_word' id='word_1_355' title='bbox 2829 2586 2923 2638; x_wconf 78' lang='grc' dir='ltr'><strong>καὶ</strong></span> <span class='ocrx_word' id='word_1_356' title='bbox 2960 2584 3068 2637; x_wconf 85' lang='grc' dir='ltr'><strong>τῶν</strong></span> <span class='ocrx_word' id='word_1_357' title='bbox 3092 2583 3200 2637; x_wconf 81' lang='grc' dir='ltr'><strong>ὑπὸ</strong></span> <span class='ocrx_word' id='word_1_358' title='bbox 3228 2583 3486 2653; x_wconf 84' lang='grc' dir='ltr'>γαστέρα.</span> 
     </span>
    </p>
   </div>
   <div class='ocr_carea' id='block_1_53' title="bbox 530 2672 3779 2750">
    <p class='ocr_par' dir='ltr' id='par_1_53' title="bbox 530 2672 3779 2750">
     <span class='ocr_line' id='line_1_53' title="bbox 530 2672 3779 2750; baseline 0 -26"><span class='ocrx_word' id='word_1_359' title='bbox 530 2679 616 2725; x_wconf 85' lang='lat' dir='ltr'><strong>tos</strong></span> <span class='ocrx_word' id='word_1_360' title='bbox 641 2680 698 2725; x_wconf 91' lang='lat' dir='ltr'><strong>et</strong></span> <span class='ocrx_word' id='word_1_361' title='bbox 734 2672 1035 2739; x_wconf 89' lang='lat' dir='ltr'><strong>delicatos,</strong></span> <span class='ocrx_word' id='word_1_362' title='bbox 1066 2690 1132 2729; x_wconf 90' lang='lat' dir='ltr'><strong>ac</strong></span> <span class='ocrx_word' id='word_1_363' title='bbox 1159 2690 1325 2746; x_wconf 88' lang='lat' dir='ltr'><strong>supra</strong></span> <span class='ocrx_word' id='word_1_364' title='bbox 1365 2690 1529 2744; x_wconf 89' lang='lat' dir='ltr'><strong>quam</strong></span> <span class='ocrx_word' id='word_1_365' title='bbox 1565 2691 1697 2730; x_wconf 88' lang='lat' dir='ltr'><strong>usus</strong></span> <span class='ocrx_word' id='word_1_366' title='bbox 1736 2674 1937 2744; x_wconf 79' lang='lat' dir='ltr'><strong>exigat,</strong></span> <span class='ocrx_word' id='word_1_367' title='bbox 1999 2676 2343 2746; x_wconf 81' lang='lat' dir='ltr'><strong>profusiores</strong></span> <span class='ocrx_word' id='word_1_368' title='bbox 2380 2695 2502 2736; x_wconf 85' lang='lat' dir='ltr'><strong>esse</strong></span> <span class='ocrx_word' id='word_1_369' title='bbox 2546 2687 2714 2750; x_wconf 89' lang='lat' dir='ltr'><strong>atque</strong></span> <span class='ocrx_word' id='word_1_370' title='bbox 2754 2679 2947 2734; x_wconf 87' lang='lat' dir='ltr'><strong>haberi</strong></span> <span class='ocrx_word' id='word_1_371' title='bbox 2987 2677 3181 2742; x_wconf 89' lang='lat' dir='ltr'><strong>decet;</strong></span> <span class='ocrx_word' id='word_1_372' title='bbox 3217 2674 3638 2746; x_wconf 63' lang='lat' dir='ltr'><strong>perinde‘atqne</strong></span> <span class='ocrx_word' id='word_1_373' title='bbox 3672 2684 3779 2725; x_wconf 76' lang='lat' dir='ltr'><strong>ve-</strong></span> 
     </span>
    </p>
   </div>
   <div class='ocr_carea' id='block_1_54' title="bbox 530 2763 2842 2839">
    <p class='ocr_par' dir='ltr' id='par_1_54' title="bbox 530 2763 2842 2839">
     <span class='ocr_line' id='line_1_54' title="bbox 530 2763 2842 2839; baseline 0.004 -26"><span class='ocrx_word' id='word_1_374' title='bbox 530 2773 751 2817; x_wconf 83' lang='lat' dir='ltr'><strong>reamur</strong></span> <span class='ocrx_word' id='word_1_375' title='bbox 782 2776 852 2814; x_wconf 88' lang='lat' dir='ltr'><strong>ne</strong></span> <span class='ocrx_word' id='word_1_376' title='bbox 885 2776 995 2815; x_wconf 89' lang='lat' dir='ltr'><strong>non</strong></span> <span class='ocrx_word' id='word_1_377' title='bbox 1041 2763 1171 2816; x_wconf 87' lang='lat' dir='ltr'><strong>mali</strong></span> <span class='ocrx_word' id='word_1_378' title='bbox 1200 2763 1587 2821; x_wconf 77' lang='lat' dir='ltr'><strong>existimemur</strong></span> <span class='ocrx_word' id='word_1_379' title='bbox 1611 2804 1626 2828; x_wconf 98' lang='lat'><strong>,</strong></span> <span class='ocrx_word' id='word_1_380' title='bbox 1675 2765 1994 2833; x_wconf 79' lang='lat' dir='ltr'><strong>ventrisque</strong></span> <span class='ocrx_word' id='word_1_381' title='bbox 2044 2780 2109 2821; x_wconf 91' lang='lat' dir='ltr'><strong>ac</strong></span> <span class='ocrx_word' id='word_1_382' title='bbox 2146 2782 2516 2824; x_wconf 85' lang='lat' dir='ltr'><strong>venercorum</strong></span> <span class='ocrx_word' id='word_1_383' title='bbox 2548 2770 2842 2839; x_wconf 86' lang='lat' dir='ltr'><strong>mancipia.</strong></span> 
     </span>
    </p>
   </div>
   <div class='ocr_carea' id='block_1_55' title="bbox 604 2847 2109 2918">
    <p class='ocr_par' dir='ltr' id='par_1_55' title="bbox 604 2847 2109 2918">
     <span class='ocr_line' id='line_1_55' title="bbox 604 2847 2109 2918; baseline 0.003 -17"><span class='ocrx_word' id='word_1_384' title='bbox 604 2847 869 2918; x_wconf 77' lang='lat' dir='ltr'><strong>Chrysosi.</strong></span> <span class='ocrx_word' id='word_1_385' title='bbox 900 2877 970 2886; x_wconf 93' lang='lat'><strong>—</strong></span> <span class='ocrx_word' id='word_1_386' title='bbox 997 2848 1103 2913; x_wconf 88' lang='lat' dir='ltr'><strong>Qui</strong></span> <span class='ocrx_word' id='word_1_387' title='bbox 1138 2849 1408 2903; x_wconf 89' lang='lat' dir='ltr'><strong>ebrietate</strong></span> <span class='ocrx_word' id='word_1_388' title='bbox 1451 2858 1508 2903; x_wconf 92' lang='lat' dir='ltr'><strong>et</strong></span> <span class='ocrx_word' id='word_1_389' title='bbox 1547 2851 1765 2904; x_wconf 79' lang='lat' dir='ltr'><strong>luxuria</strong></span> <span class='ocrx_word' id='word_1_390' title='bbox 1798 2851 1966 2904; x_wconf 84' lang='lat' dir='ltr'><strong>vitam</strong></span> <span class='ocrx_word' id='word_1_391' title='bbox 2002 2850 2109 2906; x_wconf 89' lang='lat' dir='ltr'><strong>du-</strong></span> 
     </span>
    </p>
   </div>
   <div class='ocr_carea' id='block_1_56' title="bbox 533 2937 2108 2998">
    <p class='ocr_par' dir='ltr' id='par_1_56' title="bbox 533 2937 2108 2998">
     <span class='ocr_line' id='line_1_56' title="bbox 533 2937 2108 2998; baseline 0.003 -7"><span class='ocrx_word' id='word_1_392' title='bbox 533 2946 688 2998; x_wconf 85' lang='lat' dir='ltr'><strong>cunt,</strong></span> <span class='ocrx_word' id='word_1_393' title='bbox 724 2937 811 2991; x_wconf 85' lang='lat' dir='ltr'><strong>his</strong></span> <span class='ocrx_word' id='word_1_394' title='bbox 840 2937 896 2991; x_wconf 92' lang='lat' dir='ltr'><strong>in</strong></span> <span class='ocrx_word' id='word_1_395' title='bbox 921 2938 1101 2992; x_wconf 87' lang='lat' dir='ltr'><strong>noctis</strong></span> <span class='ocrx_word' id='word_1_396' title='bbox 1131 2939 1387 2994; x_wconf 86' lang='lat' dir='ltr'><strong>tenebras</strong></span> <span class='ocrx_word' id='word_1_397' title='bbox 1415 2939 1534 2994; x_wconf 90' lang='lat' dir='ltr'><strong>dies</strong></span> <span class='ocrx_word' id='word_1_398' title='bbox 1556 2940 1825 2995; x_wconf 80' lang='lat' dir='ltr'><strong>vertitur:</strong></span> <span class='ocrx_word' id='word_1_399' title='bbox 1851 2956 1960 2995; x_wconf 94' lang='lat' dir='ltr'><strong>non</strong></span> <span class='ocrx_word' id='word_1_400' title='bbox 1993 2943 2108 2996; x_wconf 78' lang='lat' dir='ltr'><strong>vel-</strong></span> 
     </span>
    </p>
   </div>
   <div class='ocr_carea' id='block_1_57' title="bbox 2287 2849 3782 2928">
    <p class='ocr_par' dir='ltr' id='par_1_57' title="bbox 2287 2849 3782 2928">
     <span class='ocr_line' id='line_1_57' title="bbox 2287 2849 3782 2928; baseline -0.005 -18"><span class='ocrx_word' id='word_1_401' title='bbox 2287 2858 2588 2926; x_wconf 83' lang='grc' dir='ltr'>Χρυσόστ.</span> <span class='ocrx_word' id='word_1_402' title='bbox 2608 2889 2679 2897; x_wconf 94' lang='grc'><strong><em>-</em></strong></span> <span class='ocrx_word' id='word_1_403' title='bbox 2699 2859 2824 2921; x_wconf 84' lang='grc' dir='ltr'><strong>Τοῖς</strong></span> <span class='ocrx_word' id='word_1_404' title='bbox 2850 2859 2906 2909; x_wconf 81' lang='grc' dir='ltr'>ὲν</span> <span class='ocrx_word' id='word_1_405' title='bbox 2936 2858 3073 2928; x_wconf 78' lang='grc' dir='ltr'>μέθῃ</span> <span class='ocrx_word' id='word_1_406' title='bbox 3118 2856 3212 2909; x_wconf 77' lang='grc' dir='ltr'><strong>καὶ</strong></span> <span class='ocrx_word' id='word_1_407' title='bbox 3255 2852 3520 2924; x_wconf 80' lang='grc' dir='ltr'>ἀκολασίᾳ</span> <span class='ocrx_word' id='word_1_408' title='bbox 3556 2849 3782 2923; x_wconf 79' lang='grc' dir='ltr'><strong>βιοῦσιν,</strong></span> 
     </span>
    </p>
   </div>
   <div class='ocr_carea' id='block_1_58' title="bbox 2216 2944 3782 3023">
    <p class='ocr_par' dir='ltr' id='par_1_58' title="bbox 2216 2944 3782 3023">
     <span class='ocr_line' id='line_1_58' title="bbox 2216 2944 3782 3023; baseline -0.005 -20"><span class='ocrx_word' id='word_1_409' title='bbox 2216 2952 2250 3021; x_wconf 78' lang='grc' dir='ltr'><strong>ἡ</strong></span> <span class='ocrx_word' id='word_1_410' title='bbox 2277 2951 2463 3023; x_wconf 80' lang='grc' dir='ltr'>ἡμέρα</span> <span class='ocrx_word' id='word_1_411' title='bbox 2493 2951 2629 3021; x_wconf 78' lang='grc' dir='ltr'>πρὸς</span> <span class='ocrx_word' id='word_1_412' title='bbox 2654 2951 2717 3004; x_wconf 78' lang='grc' dir='ltr'>τὸ</span> <span class='ocrx_word' id='word_1_413' title='bbox 2745 2951 2848 3020; x_wconf 78' lang='grc' dir='ltr'>τῆς</span> <span class='ocrx_word' id='word_1_414' title='bbox 2878 2951 3075 3012; x_wconf 81' lang='grc' dir='ltr'>νυκτὸς</span> <span class='ocrx_word' id='word_1_415' title='bbox 3109 2947 3545 3017; x_wconf 80' lang='grc' dir='ltr'>μεταστρέφεται</span> <span class='ocrx_word' id='word_1_416' title='bbox 3575 2944 3782 3006; x_wconf 83' lang='grc' dir='ltr'><strong>σκότος·</strong></span> 
     </span>
    </p>
   </div>
   <div class='ocr_carea' id='block_1_59' title="bbox 533 3028 2112 3114">
    <p class='ocr_par' dir='ltr' id='par_1_59' title="bbox 533 3028 2111 3100">
     <span class='ocr_line' id='line_1_59' title="bbox 533 3028 2111 3100; baseline 0.004 -18"><span class='ocrx_word' id='word_1_417' title='bbox 533 3037 596 3082; x_wconf 87' lang='lat' dir='ltr'><strong>ut</strong></span> <span class='ocrx_word' id='word_1_418' title='bbox 645 3028 725 3082; x_wconf 88' lang='lat' dir='ltr'><strong>sol</strong></span> <span class='ocrx_word' id='word_1_419' title='bbox 760 3028 1161 3099; x_wconf 78' lang='lat' dir='ltr'><strong>exstinguatur,</strong></span> <span class='ocrx_word' id='word_1_420' title='bbox 1209 3031 1305 3085; x_wconf 91' lang='lat' dir='ltr'><strong>sed</strong></span> <span class='ocrx_word' id='word_1_421' title='bbox 1339 3031 1485 3100; x_wconf 89' lang='lat' dir='ltr'><strong>quod</strong></span> <span class='ocrx_word' id='word_1_422' title='bbox 1515 3046 1708 3086; x_wconf 91' lang='lat' dir='ltr'><strong>eorum</strong></span> <span class='ocrx_word' id='word_1_423' title='bbox 1744 3032 1961 3087; x_wconf 86' lang='lat' dir='ltr'><strong>animus</strong></span> <span class='ocrx_word' id='word_1_424' title='bbox 1994 3032 2111 3088; x_wconf 87' lang='lat' dir='ltr'><strong>vini</strong></span> 
     </span>
    </p>
   </div>
   <div class='ocr_carea' id='block_1_60' title="bbox 2211 3028 3790 3114">
    <p class='ocr_par' dir='ltr' id='par_1_60' title="bbox 2216 3039 3790 3114">
     <span class='ocr_line' id='line_1_60' title="bbox 2216 3039 3790 3114; baseline -0.004 -17"><span class='ocrx_word' id='word_1_425' title='bbox 2216 3046 2275 3097; x_wconf 84' lang='grc' dir='ltr'>οὺ</span> <span class='ocrx_word' id='word_1_426' title='bbox 2324 3044 2418 3099; x_wconf 84' lang='grc' dir='ltr'><strong>τοῦ</strong></span> <span class='ocrx_word' id='word_1_427' title='bbox 2465 3046 2616 3114; x_wconf 77' lang='grc' dir='ltr'>ἡλίου</span> <span class='ocrx_word' id='word_1_428' title='bbox 2667 3044 3052 3114; x_wconf 72' lang='grc' dir='ltr'>σϐεννυμένου,</span> <span class='ocrx_word' id='word_1_429' title='bbox 3087 3040 3223 3100; x_wconf 79' lang='grc' dir='ltr'>ἀλλὰ</span> <span class='ocrx_word' id='word_1_430' title='bbox 3268 3042 3370 3111; x_wconf 83' lang='grc' dir='ltr'><strong>τῆς</strong></span> <span class='ocrx_word' id='word_1_431' title='bbox 3413 3039 3640 3096; x_wconf 70' lang='grc' dir='ltr'>ἐκείνων</span> <span class='ocrx_word' id='word_1_432' title='bbox 3682 3039 3790 3093; x_wconf 76' lang='grc' dir='ltr'>δια-</span> 
     </span>
    </p>
   </div>
   <div class='ocr_carea' id='block_1_61' title="bbox 532 3120 1225 3189">
    <p class='ocr_par' dir='ltr' id='par_1_61' title="bbox 532 3120 1225 3189">
     <span class='ocr_line' id='line_1_61' title="bbox 532 3120 1225 3189; baseline 0.006 -18"><span class='ocrx_word' id='word_1_433' title='bbox 532 3120 754 3189; x_wconf 82' lang='lat' dir='ltr'><strong>crapula</strong></span> <span class='ocrx_word' id='word_1_434' title='bbox 781 3120 1225 3177; x_wconf 86' lang='lat' dir='ltr'><strong>obtenebrescat.</strong></span> 
     </span>
    </p>
   </div>
   <div class='ocr_carea' id='block_1_62' title="bbox 598 3211 2111 3286">
    <p class='ocr_par' dir='ltr' id='par_1_62' title="bbox 598 3211 2111 3286">
     <span class='ocr_line' id='line_1_62' title="bbox 598 3211 2111 3286; baseline 0.007 -21"><span class='ocrx_word' id='word_1_435' title='bbox 598 3211 839 3282; x_wconf 82' lang='lat' dir='ltr'><strong>Evagrii.</strong></span> <span class='ocrx_word' id='word_1_436' title='bbox 861 3212 1082 3279; x_wconf 86' lang='lat' dir='ltr'><strong>Vinum,</strong></span> <span class='ocrx_word' id='word_1_437' title='bbox 1114 3230 1348 3286; x_wconf 89' lang='lat' dir='ltr'><strong>corpus;</strong></span> <span class='ocrx_word' id='word_1_438' title='bbox 1379 3217 1477 3272; x_wconf 90' lang='lat' dir='ltr'><strong>Dei</strong></span> <span class='ocrx_word' id='word_1_439' title='bbox 1519 3233 1702 3274; x_wconf 80' lang='lat' dir='ltr'><strong>sermo</strong></span> <span class='ocrx_word' id='word_1_440' title='bbox 1744 3220 1991 3275; x_wconf 88' lang='lat' dir='ltr'><strong>animum</strong></span> <span class='ocrx_word' id='word_1_441' title='bbox 2022 3237 2111 3276; x_wconf 89' lang='lat' dir='ltr'><strong>ro-</strong></span> 
     </span>
    </p>
   </div>
   <div class='ocr_carea' id='block_1_63' title="bbox 532 3304 859 3369">
    <p class='ocr_par' dir='ltr' id='par_1_63' title="bbox 532 3304 859 3369">
     <span class='ocr_line' id='line_1_63' title="bbox 532 3304 859 3369; baseline -0.003 -11"><span class='ocrx_word' id='word_1_442' title='bbox 532 3304 711 3359; x_wconf 86' lang='lat' dir='ltr'><strong>borat.</strong></span> <span class='ocrx_word' id='word_1_443' title='bbox 846 3361 859 3369; x_wconf 95' lang='lat'><strong><em>_</em></strong></span> 
     </span>
    </p>
   </div>
   <div class='ocr_carea' id='block_1_64' title="bbox 596 3395 2115 3477">
    <p class='ocr_par' dir='ltr' id='par_1_64' title="bbox 596 3395 2115 3477">
     <span class='ocr_line' id='line_1_64' title="bbox 596 3395 2115 3477; baseline 0.007 -27"><span class='ocrx_word' id='word_1_444' title='bbox 596 3395 895 3452; x_wconf 76' lang='lat' dir='ltr'><strong>Plutarchi.</strong></span> <span class='ocrx_word' id='word_1_445' title='bbox 928 3428 997 3438; x_wconf 95' lang='lat'><strong>—</strong></span> <span class='ocrx_word' id='word_1_446' title='bbox 1047 3399 1235 3455; x_wconf 79' lang='lat' dir='ltr'><strong>Mundi</strong></span> <span class='ocrx_word' id='word_1_447' title='bbox 1278 3401 1506 3472; x_wconf 88' lang='lat' dir='ltr'><strong>quidem</strong></span> <span class='ocrx_word' id='word_1_448' title='bbox 1538 3404 1650 3475; x_wconf 89' lang='lat' dir='ltr'><strong>igni</strong></span> <span class='ocrx_word' id='word_1_449' title='bbox 1686 3414 1743 3459; x_wconf 90' lang='lat' dir='ltr'><strong>et</strong></span> <span class='ocrx_word' id='word_1_450' title='bbox 1778 3420 1936 3477; x_wconf 61' lang='lat' dir='ltr'><strong>aqua:</strong></span> <span class='ocrx_word' id='word_1_451' title='bbox 1959 3405 2115 3460; x_wconf 88' lang='lat' dir='ltr'><strong>labes</strong></span> 
     </span>
    </p>
   </div>
   <div class='ocr_carea' id='block_1_65' title="bbox 532 3489 2115 3567">
    <p class='ocr_par' dir='ltr' id='par_1_65' title="bbox 532 3489 2115 3567">
     <span class='ocr_line' id='line_1_65' title="bbox 532 3489 2115 3567; baseline 0.007 -25"><span class='ocrx_word' id='word_1_452' title='bbox 532 3503 595 3543; x_wconf 90' lang='lat' dir='ltr'><strong>ac</strong></span> <span class='ocrx_word' id='word_1_453' title='bbox 636 3489 896 3544; x_wconf 90' lang='lat' dir='ltr'><strong>interitus</strong></span> <span class='ocrx_word' id='word_1_454' title='bbox 924 3499 1044 3557; x_wconf 88' lang='lat' dir='ltr'><strong>est;</strong></span> <span class='ocrx_word' id='word_1_455' title='bbox 1078 3492 1485 3549; x_wconf 80' lang='lat' dir='ltr'><strong>luxuriosorum</strong></span> <span class='ocrx_word' id='word_1_456' title='bbox 1507 3512 1642 3552; x_wconf 82' lang='lat' dir='ltr'><strong>vero</strong></span> <span class='ocrx_word' id='word_1_457' title='bbox 1670 3513 1805 3567; x_wconf 83' lang='lat' dir='ltr'><strong>opes</strong></span> <span class='ocrx_word' id='word_1_458' title='bbox 1828 3497 2115 3555; x_wconf 85' lang='lat' dir='ltr'><strong>amoribus</strong></span> 
     </span>
    </p>
   </div>
   <div class='ocr_carea' id='block_1_66' title="bbox 532 3581 1258 3635">
    <p class='ocr_par' dir='ltr' id='par_1_66' title="bbox 532 3581 1258 3635">
     <span class='ocr_line' id='line_1_66' title="bbox 532 3581 1258 3635; baseline 0.007 -6"><span class='ocrx_word' id='word_1_459' title='bbox 532 3585 800 3631; x_wconf 86' lang='lat' dir='ltr'><strong>corruunt</strong></span> <span class='ocrx_word' id='word_1_460' title='bbox 822 3587 878 3634; x_wconf 91' lang='lat' dir='ltr'><strong>et</strong></span> <span class='ocrx_word' id='word_1_461' title='bbox 908 3581 1258 3635; x_wconf 75' lang='lat' dir='ltr'><strong>temulentis.</strong></span> 
     </span>
    </p>
   </div>
   <div class='ocr_carea' id='block_1_67' title="bbox 593 3686 2115 3769">
    <p class='ocr_par' dir='ltr' id='par_1_67' title="bbox 593 3686 2115 3769">
     <span class='ocr_line' id='line_1_67' title="bbox 593 3686 2115 3769; baseline 0.01 -31"><span class='ocrx_word' id='word_1_462' title='bbox 593 3686 871 3757; x_wconf 74' lang='lat' dir='ltr'><strong>Diogenes.</strong></span> <span class='ocrx_word' id='word_1_463' title='bbox 901 3720 967 3731; x_wconf 89' lang='lat'><strong><em>—</em></strong></span> <span class='ocrx_word' id='word_1_464' title='bbox 994 3690 1131 3745; x_wconf 89' lang='lat' dir='ltr'><strong>Cum</strong></span> <span class='ocrx_word' id='word_1_465' title='bbox 1166 3692 1245 3746; x_wconf 90' lang='lat' dir='ltr'><strong>illi</strong></span> <span class='ocrx_word' id='word_1_466' title='bbox 1277 3694 1333 3748; x_wconf 91' lang='lat' dir='ltr'><strong>in</strong></span> <span class='ocrx_word' id='word_1_467' title='bbox 1364 3694 1604 3764; x_wconf 88' lang='lat' dir='ltr'><strong>quodam</strong></span> <span class='ocrx_word' id='word_1_468' title='bbox 1632 3696 1886 3752; x_wconf 76' lang='lat' dir='ltr'><strong>eoiivivio</strong></span> <span class='ocrx_word' id='word_1_469' title='bbox 1908 3698 2115 3769; x_wconf 78' lang='lat' dir='ltr'><strong>largius</strong></span> 
     </span>
    </p>
   </div>
   <div class='ocr_carea' id='block_1_68' title="bbox 533 3780 2115 3859">
    <p class='ocr_par' dir='ltr' id='par_1_68' title="bbox 533 3780 2115 3859">
     <span class='ocr_line' id='line_1_68' title="bbox 533 3780 2115 3859; baseline 0.009 -30"><span class='ocrx_word' id='word_1_470' title='bbox 533 3791 748 3831; x_wconf 84' lang='lat' dir='ltr'><strong>merum</strong></span> <span class='ocrx_word' id='word_1_471' title='bbox 779 3780 1196 3849; x_wconf 88' lang='lat' dir='ltr'><strong>propinaretur,</strong></span> <span class='ocrx_word' id='word_1_472' title='bbox 1234 3784 1288 3838; x_wconf 91' lang='lat' dir='ltr'><strong>id</strong></span> <span class='ocrx_word' id='word_1_473' title='bbox 1317 3785 1534 3841; x_wconf 78' lang='lat' dir='ltr'><strong>eﬂ&#39;udit.</strong></span> <span class='ocrx_word' id='word_1_474' title='bbox 1572 3786 1732 3853; x_wconf 85' lang='lat' dir='ltr'><strong>Quod</strong></span> <span class='ocrx_word' id='word_1_475' title='bbox 1768 3803 1907 3842; x_wconf 83' lang='lat' dir='ltr'><strong>vero</strong></span> <span class='ocrx_word' id='word_1_476' title='bbox 1942 3788 2115 3859; x_wconf 87' lang='lat' dir='ltr'><strong>aliqui</strong></span> 
     </span>
    </p>
   </div>
   <div class='ocr_carea' id='block_1_69' title="bbox 535 3869 2115 3948">
    <p class='ocr_par' dir='ltr' id='par_1_69' title="bbox 535 3869 2115 3948">
     <span class='ocr_line' id='line_1_69' title="bbox 535 3869 2115 3948; baseline 0.009 -27"><span class='ocrx_word' id='word_1_477' title='bbox 535 3882 654 3922; x_wconf 77' lang='lat' dir='ltr'><strong>rem</strong></span> <span class='ocrx_word' id='word_1_478' title='bbox 695 3869 1081 3939; x_wconf 84' lang='lat' dir='ltr'><strong>improbabant</strong></span> <span class='ocrx_word' id='word_1_479' title='bbox 1122 3891 1135 3927; x_wconf 90' lang='lat'>:</span> <span class='ocrx_word' id='word_1_480' title='bbox 1172 3875 1229 3929; x_wconf 89' lang='lat' dir='ltr'><strong>Si</strong></span> <span class='ocrx_word' id='word_1_481' title='bbox 1264 3876 1515 3943; x_wconf 88' lang='lat' dir='ltr'><strong>ebibero,</strong></span> <span class='ocrx_word' id='word_1_482' title='bbox 1552 3877 1752 3948; x_wconf 89' lang='lat' dir='ltr'><strong>inquit,</strong></span> <span class='ocrx_word' id='word_1_483' title='bbox 1789 3895 1903 3933; x_wconf 85' lang='lat' dir='ltr'><strong>non</strong></span> <span class='ocrx_word' id='word_1_484' title='bbox 1934 3880 2115 3935; x_wconf 85' lang='lat' dir='ltr'><strong>solum</strong></span> 
     </span>
    </p>
   </div>
   <div class='ocr_carea' id='block_1_70' title="bbox 534 3958 1905 4039">
    <p class='ocr_par' dir='ltr' id='par_1_70' title="bbox 534 3958 1905 4039">
     <span class='ocr_line' id='line_1_70' title="bbox 534 3958 1905 4039; baseline 0.009 -28"><span class='ocrx_word' id='word_1_485' title='bbox 534 3958 723 4014; x_wconf 81' lang='lat' dir='ltr'><strong>vinum</strong></span> <span class='ocrx_word' id='word_1_486' title='bbox 751 3961 978 4030; x_wconf 86' lang='lat' dir='ltr'><strong>peribit,</strong></span> <span class='ocrx_word' id='word_1_487' title='bbox 1016 3965 1110 4020; x_wconf 86' lang='lat' dir='ltr'><strong>sed</strong></span> <span class='ocrx_word' id='word_1_488' title='bbox 1138 3976 1195 4021; x_wconf 88' lang='lat' dir='ltr'><strong>et</strong></span> <span class='ocrx_word' id='word_1_489' title='bbox 1224 3983 1309 4023; x_wconf 90' lang='lat' dir='ltr'><strong>me</strong></span> <span class='ocrx_word' id='word_1_490' title='bbox 1337 3984 1446 4023; x_wconf 88' lang='lat' dir='ltr'><strong>una</strong></span> <span class='ocrx_word' id='word_1_491' title='bbox 1471 3984 1661 4025; x_wconf 82' lang='lat' dir='ltr'><strong>secum</strong></span> <span class='ocrx_word' id='word_1_492' title='bbox 1693 3971 1905 4039; x_wconf 85' lang='lat' dir='ltr'><strong>perdet.</strong></span> 
     </span>
    </p>
   </div>
   <div class='ocr_carea' id='block_1_71' title="bbox 609 4071 2125 4150">
    <p class='ocr_par' dir='ltr' id='par_1_71' title="bbox 609 4071 2125 4150">
     <span class='ocr_line' id='line_1_71' title="bbox 609 4071 2125 4150; baseline 0.009 -25"><span class='ocrx_word' id='word_1_493' title='bbox 609 4071 1197 4149; x_wconf 82' lang='lat' dir='ltr'><strong>Menandri.—-lnjuria</strong></span> <span class='ocrx_word' id='word_1_494' title='bbox 1242 4081 1544 4150; x_wconf 75' lang='lat' dir='ltr'><strong>vinumque</strong></span> <span class='ocrx_word' id='word_1_495' title='bbox 1575 4082 1885 4137; x_wconf 80' lang='lat' dir='ltr'><strong>amicorum</strong></span> <span class='ocrx_word' id='word_1_496' title='bbox 1930 4072 2125 4139; x_wconf 33' lang='lat' dir='ltr'><strong>mores.</strong></span> 
     </span>
    </p>
   </div>
   <div class='ocr_carea' id='block_1_72' title="bbox 536 4168 1610 4241">
    <p class='ocr_par' dir='ltr' id='par_1_72' title="bbox 536 4168 1610 4241">
     <span class='ocr_line' id='line_1_72' title="bbox 536 4168 1610 4241; baseline 0.009 -23"><span class='ocrx_word' id='word_1_497' title='bbox 536 4179 599 4218; x_wconf 86' lang='lat' dir='ltr'><strong>ac</strong></span> <span class='ocrx_word' id='word_1_498' title='bbox 631 4168 870 4224; x_wconf 89' lang='lat' dir='ltr'><strong>indolem</strong></span> <span class='ocrx_word' id='word_1_499' title='bbox 902 4170 1095 4226; x_wconf 83' lang='lat' dir='ltr'><strong>amicis</strong></span> <span class='ocrx_word' id='word_1_500' title='bbox 1127 4170 1384 4241; x_wconf 85' lang='lat' dir='ltr'><strong>detegere</strong></span> <span class='ocrx_word' id='word_1_501' title='bbox 1408 4173 1610 4228; x_wconf 83' lang='lat' dir='ltr'><strong>solent.</strong></span> 
     </span>
    </p>
   </div>
   <div class='ocr_carea' id='block_1_73' title="bbox 536 4285 1545 4355">
    <p class='ocr_par' dir='ltr' id='par_1_73' title="bbox 536 4285 1545 4355">
     <span class='ocr_line' id='line_1_73' title="bbox 536 4285 1545 4355; baseline -0.004 -15"><span class='ocrx_word' id='word_1_502' title='bbox 536 4285 765 4340; x_wconf 77' lang='lat' dir='ltr'><strong>Multum</strong></span> <span class='ocrx_word' id='word_1_503' title='bbox 793 4285 925 4338; x_wconf 88' lang='lat' dir='ltr'><strong>meri</strong></span> <span class='ocrx_word' id='word_1_504' title='bbox 960 4300 1153 4355; x_wconf 70' lang='lat' dir='ltr'><strong>parum</strong></span> <span class='ocrx_word' id='word_1_505' title='bbox 1174 4300 1360 4352; x_wconf 80' lang='lat' dir='ltr'><strong>sapere</strong></span> <span class='ocrx_word' id='word_1_506' title='bbox 1390 4287 1545 4355; x_wconf 86' lang='lat' dir='ltr'><strong>cogit.</strong></span> 
     </span>
    </p>
   </div>
   <div class='ocr_carea' id='block_1_74' title="bbox 538 4354 1796 4426">
    <p class='ocr_par' dir='ltr' id='par_1_74' title="bbox 538 4354 1796 4426">
     <span class='ocr_line' id='line_1_74' title="bbox 538 4354 1796 4426; baseline -0.002 -17"><span class='ocrx_word' id='word_1_507' title='bbox 538 4357 655 4409; x_wconf 84' lang='lat' dir='ltr'><strong>Non</strong></span> <span class='ocrx_word' id='word_1_508' title='bbox 698 4356 920 4426; x_wconf 12' lang='lat' dir='ltr'><strong>quidem,</strong></span> <span class='ocrx_word' id='word_1_509' title='bbox 946 4354 1096 4426; x_wconf 79' lang='lat' dir='ltr'><strong>copia</strong></span> <span class='ocrx_word' id='word_1_510' title='bbox 1127 4356 1373 4426; x_wconf 80' lang='lat' dir='ltr'><strong>potus,si</strong></span> <span class='ocrx_word' id='word_1_511' title='bbox 1392 4354 1506 4424; x_wconf 84' lang='lat' dir='ltr'><strong>quis</strong></span> <span class='ocrx_word' id='word_1_512' title='bbox 1527 4355 1796 4426; x_wconf 75' lang='lat' dir='ltr'><strong>observet,</strong></span> 
     </span>
    </p>
   </div>
   <div class='ocr_carea' id='block_1_75' title="bbox 535 4422 1648 4494">
    <p class='ocr_par' dir='ltr' id='par_1_75' title="bbox 535 4422 1648 4494">
     <span class='ocr_line' id='line_1_75' title="bbox 535 4422 1648 4494; baseline -0.002 -16"><span class='ocrx_word' id='word_1_513' title='bbox 535 4422 785 4493; x_wconf 78' lang='lat' dir='ltr'><strong>Desipére</strong></span> <span class='ocrx_word' id='word_1_514' title='bbox 820 4425 966 4493; x_wconf 78' lang='lat' dir='ltr'><strong>facit,</strong></span> <span class='ocrx_word' id='word_1_515' title='bbox 994 4422 1083 4475; x_wconf 81' lang='lat' dir='ltr'><strong>sed</strong></span> <span class='ocrx_word' id='word_1_516' title='bbox 1107 4425 1337 4492; x_wconf 83' lang='lat' dir='ltr'><strong>potantis</strong></span> <span class='ocrx_word' id='word_1_517' title='bbox 1357 4422 1648 4494; x_wconf 69' lang='lat' dir='ltr'><strong>ingenium.</strong></span> 
     </span>
    </p>
   </div>
   <div class='ocr_carea' id='block_1_76' title="bbox 535 4494 2109 4565">
    <p class='ocr_par' dir='ltr' id='par_1_76' title="bbox 535 4494 2109 4565">
     <span class='ocr_line' id='line_1_76' title="bbox 535 4494 2109 4565; baseline 0.002 -19"><span class='ocrx_word' id='word_1_518' title='bbox 535 4495 811 4565; x_wconf 57' lang='lat' dir='ltr'><strong>Molestum</strong></span> <span class='ocrx_word' id='word_1_519' title='bbox 833 4500 907 4545; x_wconf 79' lang='lat' dir='ltr'><strong>est</strong></span> <span class='ocrx_word' id='word_1_520' title='bbox 930 4500 1106 4565; x_wconf 75' lang='lat' dir='ltr'><strong>autem</strong></span> <span class='ocrx_word' id='word_1_521' title='bbox 1135 4508 1253 4545; x_wconf 85' lang='lat' dir='ltr'><strong>cum</strong></span> <span class='ocrx_word' id='word_1_522' title='bbox 1275 4494 1390 4562; x_wconf 83' lang='lat' dir='ltr'><strong>quis</strong></span> <span class='ocrx_word' id='word_1_523' title='bbox 1413 4510 1521 4562; x_wconf 69' lang='lat' dir='ltr'><strong>pra’</strong></span> <span class='ocrx_word' id='word_1_524' title='bbox 1542 4497 1660 4547; x_wconf 85' lang='lat' dir='ltr'><strong>vino</strong></span> <span class='ocrx_word' id='word_1_525' title='bbox 1687 4495 1843 4547; x_wconf 84' lang='lat' dir='ltr'><strong>nimis</strong></span> <span class='ocrx_word' id='word_1_526' title='bbox 1857 4494 2109 4565; x_wconf 84' lang='lat' dir='ltr'><strong>loquitur,</strong></span> 
     </span>
    </p>
   </div>
   <div class='ocr_carea' id='block_1_77' title="bbox 536 4561 1483 4626">
    <p class='ocr_par' dir='ltr' id='par_1_77' title="bbox 536 4561 1483 4626">
     <span class='ocr_line' id='line_1_77' title="bbox 536 4561 1483 4626; baseline 0.002 -10"><span class='ocrx_word' id='word_1_527' title='bbox 536 4564 681 4617; x_wconf 75' lang='lat' dir='ltr'><strong>Nihil</strong></span> <span class='ocrx_word' id='word_1_528' title='bbox 700 4564 889 4626; x_wconf 79' lang='lat' dir='ltr'><strong>sciens,</strong></span> <span class='ocrx_word' id='word_1_529' title='bbox 917 4561 1174 4616; x_wconf 79' lang='lat' dir='ltr'><strong>simulam</strong></span> <span class='ocrx_word' id='word_1_530' title='bbox 1196 4561 1314 4616; x_wconf 71' lang='lat' dir='ltr'><strong>vero</strong></span> <span class='ocrx_word' id='word_1_531' title='bbox 1336 4561 1483 4618; x_wconf 73' lang='lat' dir='ltr'><strong>scire.</strong></span> 
     </span>
    </p>
   </div>
   <div class='ocr_carea' id='block_1_78' title="bbox 605 4673 2115 4745">
    <p class='ocr_par' dir='ltr' id='par_1_78' title="bbox 605 4673 2115 4745">
     <span class='ocr_line' id='line_1_78' title="bbox 605 4673 2115 4745; baseline 0 -17"><span class='ocrx_word' id='word_1_532' title='bbox 605 4674 834 4745; x_wconf 76' lang='lat' dir='ltr'><strong>Pythag.</strong></span> <span class='ocrx_word' id='word_1_533' title='bbox 861 4704 932 4714; x_wconf 89' lang='lat'><strong>—-—</strong></span> <span class='ocrx_word' id='word_1_534' title='bbox 973 4673 1077 4729; x_wconf 83' lang='lat' dir='ltr'><strong>Hic</strong></span> <span class='ocrx_word' id='word_1_535' title='bbox 1105 4674 1287 4730; x_wconf 88' lang='lat' dir='ltr'><strong>aiebat</strong></span> <span class='ocrx_word' id='word_1_536' title='bbox 1313 4675 1640 4731; x_wconf 82' lang='lat' dir='ltr'><strong>ebrietatem</strong></span> <span class='ocrx_word' id='word_1_537' title='bbox 1682 4675 1916 4729; x_wconf 67' lang='lat' dir='ltr'><strong>vesania;</strong></span> <span class='ocrx_word' id='word_1_538' title='bbox 1956 4688 2115 4729; x_wconf 78' lang='lat' dir='ltr'><strong>exer-</strong></span> 
     </span>
    </p>
   </div>
   <div class='ocr_carea' id='block_1_79' title="bbox 538 4767 1061 4823">
    <p class='ocr_par' dir='ltr' id='par_1_79' title="bbox 538 4767 1061 4823">
     <span class='ocr_line' id='line_1_79' title="bbox 538 4767 1061 4823; baseline -0.006 -1"><span class='ocrx_word' id='word_1_539' title='bbox 538 4767 896 4823; x_wconf 87' lang='lat' dir='ltr'><strong>citamentum</strong></span> <span class='ocrx_word' id='word_1_540' title='bbox 918 4780 1061 4821; x_wconf 85' lang='lat' dir='ltr'><strong>esse.</strong></span> 
     </span>
    </p>
   </div>
   <div class='ocr_carea' id='block_1_80' title="bbox 611 4879 2119 4937">
    <p class='ocr_par' dir='ltr' id='par_1_80' title="bbox 611 4879 2119 4937">
     <span class='ocr_line' id='line_1_80' title="bbox 611 4879 2119 4937; baseline 0 -2"><span class='ocrx_word' id='word_1_541' title='bbox 611 4880 895 4935; x_wconf 79' lang='lat' dir='ltr'><strong>Cteostrat.</strong></span> <span class='ocrx_word' id='word_1_542' title='bbox 948 4910 1018 4920; x_wconf 90' lang='lat'>—</span> <span class='ocrx_word' id='word_1_543' title='bbox 1063 4879 1407 4936; x_wconf 87' lang='lat' dir='ltr'><strong>Cleostratus</strong></span> <span class='ocrx_word' id='word_1_544' title='bbox 1457 4881 1674 4936; x_wconf 86' lang='lat' dir='ltr'><strong>cuidam</strong></span> <span class='ocrx_word' id='word_1_545' title='bbox 1707 4882 1813 4937; x_wconf 88' lang='lat' dir='ltr'><strong>sibi</strong></span> <span class='ocrx_word' id='word_1_546' title='bbox 1866 4881 2119 4936; x_wconf 89' lang='lat' dir='ltr'><strong>dicenti:</strong></span> 
     </span>
    </p>
   </div>
   <div class='ocr_carea' id='block_1_81' title="bbox 2213 3135 3066 3208">
    <p class='ocr_par' dir='ltr' id='par_1_81' title="bbox 2213 3135 3066 3208">
     <span class='ocr_line' id='line_1_81' title="bbox 2213 3135 3066 3208; baseline -0.006 -15"><span class='ocrx_word' id='word_1_547' title='bbox 2213 3137 2360 3201; x_wconf 87' lang='grc' dir='ltr'>νοίας</span> <span class='ocrx_word' id='word_1_548' title='bbox 2391 3136 2781 3208; x_wconf 76' lang='grc' dir='ltr'>σκοτιζομένης</span> <span class='ocrx_word' id='word_1_549' title='bbox 2803 3139 2869 3205; x_wconf 88' lang='grc' dir='ltr'>τῇ</span> <span class='ocrx_word' id='word_1_550' title='bbox 2905 3135 3066 3206; x_wconf 78' lang='grc' dir='ltr'>μέθῃ.</span> 
     </span>
    </p>
   </div>
   <div class='ocr_carea' id='block_1_82' title="bbox 2282 3218 3786 3299">
    <p class='ocr_par' dir='ltr' id='par_1_82' title="bbox 2282 3218 3786 3299">
     <span class='ocr_line' id='line_1_82' title="bbox 2282 3218 3786 3299; baseline -0.01 -12"><span class='ocrx_word' id='word_1_551' title='bbox 2282 3231 2602 3299; x_wconf 82' lang='grc' dir='ltr'><strong>Εὑαγρίου.</strong></span> <span class='ocrx_word' id='word_1_552' title='bbox 2642 3259 2713 3271; x_wconf 91' lang='grc'><strong>-</strong></span> <span class='ocrx_word' id='word_1_553' title='bbox 2741 3227 3001 3282; x_wconf 85' lang='grc' dir='ltr'>Ῥώννυσι</span> <span class='ocrx_word' id='word_1_554' title='bbox 3045 3226 3143 3296; x_wconf 73' lang='grc' dir='ltr'>μὲν</span> <span class='ocrx_word' id='word_1_555' title='bbox 3188 3218 3332 3287; x_wconf 80' lang='grc' dir='ltr'>οῖνος</span> <span class='ocrx_word' id='word_1_556' title='bbox 3365 3222 3526 3292; x_wconf 84' lang='grc' dir='ltr'>σῶμα</span> <span class='ocrx_word' id='word_1_557' title='bbox 3546 3236 3562 3251; x_wconf 73' lang='grc'>⁸</span> <span class='ocrx_word' id='word_1_558' title='bbox 3596 3220 3696 3290; x_wconf 69' lang='grc' dir='ltr'>τὴν</span> <span class='ocrx_word' id='word_1_559' title='bbox 3733 3219 3786 3273; x_wconf 81' lang='grc' dir='ltr'><strong>δὲ</strong></span> 
     </span>
    </p>
   </div>
   <div class='ocr_carea' id='block_1_83' title="bbox 2128 3316 2771 3396">
    <p class='ocr_par' dir='ltr' id='par_1_83' title="bbox 2128 3316 2771 3396">
     <span class='ocr_line' id='line_1_83' title="bbox 2128 3316 2771 3396; baseline -0.008 -16"><span class='ocrx_word' id='word_1_560' title='bbox 2128 3316 2133 3321; x_wconf 57' lang='grc'><em>’</em></span> <span class='ocrx_word' id='word_1_561' title='bbox 2212 3325 2391 3396; x_wconf 75' lang='grc' dir='ltr'>ψυχὴν</span> <span class='ocrx_word' id='word_1_562' title='bbox 2421 3325 2581 3392; x_wconf 84' lang='grc' dir='ltr'>λόγος</span> <span class='ocrx_word' id='word_1_563' title='bbox 2609 3322 2771 3376; x_wconf 79' lang='grc' dir='ltr'>Θεοῦ.</span> 
     </span>
    </p>
   </div>
   <div class='ocr_carea' id='block_1_84' title="bbox 2283 3400 3788 3482">
    <p class='ocr_par' dir='ltr' id='par_1_84' title="bbox 2283 3400 3788 3482">
     <span class='ocr_line' id='line_1_84' title="bbox 2283 3400 3788 3482; baseline -0.011 -12"><span class='ocrx_word' id='word_1_564' title='bbox 2283 3414 2619 3482; x_wconf 70' lang='grc' dir='ltr'><strong>Πλουτάρχ.</strong></span> <span class='ocrx_word' id='word_1_565' title='bbox 2660 3443 2730 3453; x_wconf 88' lang='grc'><strong><em>-</em></strong></span> <span class='ocrx_word' id='word_1_566' title='bbox 2776 3412 3063 3482; x_wconf 73' lang='grc' dir='ltr'>Φθείρεται</span> <span class='ocrx_word' id='word_1_567' title='bbox 3113 3409 3213 3479; x_wconf 75' lang='grc' dir='ltr'>μὲν</span> <span class='ocrx_word' id='word_1_568' title='bbox 3266 3408 3475 3477; x_wconf 87' lang='grc' dir='ltr'>κόσμος</span> <span class='ocrx_word' id='word_1_569' title='bbox 3518 3404 3652 3474; x_wconf 74' lang='grc' dir='ltr'>πυρὶ</span> <span class='ocrx_word' id='word_1_570' title='bbox 3695 3400 3788 3454; x_wconf 86' lang='grc' dir='ltr'>καὶ</span> 
     </span>
    </p>
   </div>
   <div class='ocr_carea' id='block_1_85' title="bbox 2216 3491 3786 3568">
    <p class='ocr_par' dir='ltr' id='par_1_85' title="bbox 2216 3491 3786 3568">
     <span class='ocr_line' id='line_1_85' title="bbox 2216 3491 3786 3568; baseline -0.01 -9"><span class='ocrx_word' id='word_1_571' title='bbox 2216 3507 2366 3562; x_wconf 71' lang='grc' dir='ltr'>ὕδατι</span> <span class='ocrx_word' id='word_1_572' title='bbox 2382 3524 2397 3538; x_wconf 89' lang='grc'><strong>·</strong></span> <span class='ocrx_word' id='word_1_573' title='bbox 2428 3509 2456 3560; x_wconf 86' lang='grc' dir='ltr'>ὁ</span> <span class='ocrx_word' id='word_1_574' title='bbox 2474 3506 2531 3560; x_wconf 69' lang='grc' dir='ltr'><strong>δὲ</strong></span> <span class='ocrx_word' id='word_1_575' title='bbox 2556 3504 2663 3559; x_wconf 84' lang='grc' dir='ltr'>τῶν</span> <span class='ocrx_word' id='word_1_576' title='bbox 2685 3500 3278 3567; x_wconf 44' lang='grc' dir='ltr'>ἀκολάστωναπλοῦτος,</span> <span class='ocrx_word' id='word_1_577' title='bbox 3309 3498 3476 3568; x_wconf 75' lang='grc' dir='ltr'>ἔρωτι</span> <span class='ocrx_word' id='word_1_578' title='bbox 3506 3496 3601 3549; x_wconf 74' lang='grc' dir='ltr'><strong>καὶ</strong></span> <span class='ocrx_word' id='word_1_579' title='bbox 3626 3491 3786 3564; x_wconf 82' lang='grc' dir='ltr'>μέθῃ.</span> 
     </span>
    </p>
   </div>
   <div class='ocr_carea' id='block_1_86' title="bbox 2285 3692 3787 3775">
    <p class='ocr_par' dir='ltr' id='par_1_86' title="bbox 2285 3692 3787 3775">
     <span class='ocr_line' id='line_1_86' title="bbox 2285 3692 3787 3775; baseline -0.011 -15"><span class='ocrx_word' id='word_1_580' title='bbox 2285 3704 2510 3775; x_wconf 71' lang='grc' dir='ltr'><strong>Διογέν.</strong></span> <span class='ocrx_word' id='word_1_581' title='bbox 2531 3733 2604 3746; x_wconf 92' lang='grc'><strong>-</strong></span> <span class='ocrx_word' id='word_1_582' title='bbox 2634 3703 2725 3757; x_wconf 86' lang='grc' dir='ltr'>Ἐν</span> <span class='ocrx_word' id='word_1_583' title='bbox 2756 3700 3045 3771; x_wconf 82' lang='grc' dir='ltr'>συμποσίῳ</span> <span class='ocrx_word' id='word_1_584' title='bbox 3079 3697 3207 3760; x_wconf 73' lang='grc' dir='ltr'>τινὶ,</span> <span class='ocrx_word' id='word_1_585' title='bbox 3240 3694 3437 3749; x_wconf 87' lang='grc' dir='ltr'>πολλοῦ</span> <span class='ocrx_word' id='word_1_586' title='bbox 3465 3692 3616 3763; x_wconf 76' lang='grc' dir='ltr'>αὐτῷ</span> <span class='ocrx_word' id='word_1_587' title='bbox 3646 3692 3787 3745; x_wconf 77' lang='grc' dir='ltr'>οἴνου</span> 
     </span>
    </p>
   </div>
   <div class='ocr_carea' id='block_1_87' title="bbox 2214 3783 3791 3866">
    <p class='ocr_par' dir='ltr' id='par_1_87' title="bbox 2214 3783 3791 3866">
     <span class='ocr_line' id='line_1_87' title="bbox 2214 3783 3791 3866; baseline -0.011 -16"><span class='ocrx_word' id='word_1_588' title='bbox 2214 3796 2516 3866; x_wconf 77' lang='grc' dir='ltr'>διδομένου,</span> <span class='ocrx_word' id='word_1_589' title='bbox 2563 3794 2753 3848; x_wconf 82' lang='grc' dir='ltr'>τοῦτον</span> <span class='ocrx_word' id='word_1_590' title='bbox 2810 3791 3059 3861; x_wconf 72' lang='grc' dir='ltr'>ἐξέχεενο</span> <span class='ocrx_word' id='word_1_591' title='bbox 3125 3788 3250 3839; x_wconf 77' lang='grc' dir='ltr'>ἐπεὶ</span> <span class='ocrx_word' id='word_1_592' title='bbox 3309 3785 3369 3840; x_wconf 80' lang='grc' dir='ltr'>δέ</span> <span class='ocrx_word' id='word_1_593' title='bbox 3423 3800 3572 3847; x_wconf 84' lang='grc' dir='ltr'>τινες</span> <span class='ocrx_word' id='word_1_594' title='bbox 3629 3783 3791 3835; x_wconf 72' lang='grc' dir='ltr'>αὑτὸν</span> 
     </span>
    </p>
   </div>
   <div class='ocr_carea' id='block_1_88' title="bbox 2216 3870 3790 3956">
    <p class='ocr_par' dir='ltr' id='par_1_88' title="bbox 2216 3870 3790 3956">
     <span class='ocr_line' id='line_1_88' title="bbox 2216 3870 3790 3956; baseline -0.012 -16"><span class='ocrx_word' id='word_1_595' title='bbox 2216 3886 2550 3956; x_wconf 72' lang='grc' dir='ltr'>ἐμέμφοντο,</span> <span class='ocrx_word' id='word_1_596' title='bbox 2599 3883 2726 3937; x_wconf 81' lang='grc' dir='ltr'><strong>Ἐὰν</strong></span> <span class='ocrx_word' id='word_1_597' title='bbox 2765 3881 2877 3949; x_wconf 78' lang='grc' dir='ltr'><strong>γὰρ</strong></span> <span class='ocrx_word' id='word_1_598' title='bbox 2906 3878 3091 3940; x_wconf 69' lang='grc' dir='ltr'>αὐτὸν,</span> <span class='ocrx_word' id='word_1_599' title='bbox 3125 3874 3230 3945; x_wconf 74' lang='grc' dir='ltr'><strong>ἔφη</strong></span> <span class='ocrx_word' id='word_1_600' title='bbox 3259 3914 3274 3935; x_wconf 86' lang='grc'><strong>,</strong></span> <span class='ocrx_word' id='word_1_601' title='bbox 3308 3872 3505 3936; x_wconf 72' lang='grc' dir='ltr'>ἐκπίω,</span> <span class='ocrx_word' id='word_1_602' title='bbox 3532 3872 3595 3924; x_wconf 77' lang='grc' dir='ltr'>οὗ</span> <span class='ocrx_word' id='word_1_603' title='bbox 3632 3870 3790 3941; x_wconf 86' lang='grc' dir='ltr'>μόνον</span> 
     </span>
    </p>
   </div>
   <div class='ocr_carea' id='block_1_89' title="bbox 2217 3964 3565 4041">
    <p class='ocr_par' dir='ltr' id='par_1_89' title="bbox 2217 3964 3565 4041">
     <span class='ocr_line' id='line_1_89' title="bbox 2217 3964 3565 4041; baseline -0.01 -10"><span class='ocrx_word' id='word_1_604' title='bbox 2217 3977 2380 4041; x_wconf 80' lang='grc' dir='ltr'>αὐτὸς</span> <span class='ocrx_word' id='word_1_605' title='bbox 2402 3974 2727 4037; x_wconf 76' lang='grc' dir='ltr'>ἀπόλλυται,</span> <span class='ocrx_word' id='word_1_606' title='bbox 2762 3971 2911 4024; x_wconf 70' lang='grc' dir='ltr'>ἀλλὰ</span> <span class='ocrx_word' id='word_1_607' title='bbox 2924 3969 3072 4037; x_wconf 79' lang='grc' dir='ltr'>κάμὲ</span> <span class='ocrx_word' id='word_1_608' title='bbox 3099 3964 3565 4037; x_wconf 80' lang='grc' dir='ltr'>προσαπόλλυσιν.</span> 
     </span>
    </p>
   </div>
   <div class='ocr_carea' id='block_1_90' title="bbox 2286 4069 3793 4151">
    <p class='ocr_par' dir='ltr' id='par_1_90' title="bbox 2286 4069 3793 4151">
     <span class='ocr_line' id='line_1_90' title="bbox 2286 4069 3793 4151; baseline -0.011 -12"><span class='ocrx_word' id='word_1_609' title='bbox 2286 4082 2587 4151; x_wconf 79' lang='grc' dir='ltr'><strong>Μενάνδρ.</strong></span> <span class='ocrx_word' id='word_1_610' title='bbox 2607 4112 2676 4122; x_wconf 90' lang='grc'><strong><em>-</em></strong></span> <span class='ocrx_word' id='word_1_611' title='bbox 2699 4081 2897 4151; x_wconf 81' lang='grc' dir='ltr'>’Υὸρις</span> <span class='ocrx_word' id='word_1_612' title='bbox 2920 4079 3014 4132; x_wconf 78' lang='grc' dir='ltr'>καὶ</span> <span class='ocrx_word' id='word_1_613' title='bbox 3040 4073 3185 4141; x_wconf 76' lang='grc' dir='ltr'>οἶνος</span> <span class='ocrx_word' id='word_1_614' title='bbox 3218 4072 3634 4130; x_wconf 77' lang='grc' dir='ltr'>ἀποκαλύπτειν</span> <span class='ocrx_word' id='word_1_615' title='bbox 3666 4069 3793 4123; x_wconf 81' lang='grc' dir='ltr'><strong>εἱώ-</strong></span> 
     </span>
    </p>
   </div>
   <div class='ocr_carea' id='block_1_91' title="bbox 2219 4170 3182 4244">
    <p class='ocr_par' dir='ltr' id='par_1_91' title="bbox 2219 4170 3182 4244">
     <span class='ocr_line' id='line_1_91' title="bbox 2219 4170 3182 4244; baseline -0.01 -13"><span class='ocrx_word' id='word_1_616' title='bbox 2219 4178 2375 4231; x_wconf 84' lang='grc' dir='ltr'>θασιν</span> <span class='ocrx_word' id='word_1_617' title='bbox 2412 4175 2590 4244; x_wconf 85' lang='grc' dir='ltr'>φίλοις</span> <span class='ocrx_word' id='word_1_618' title='bbox 2614 4173 2682 4227; x_wconf 79' lang='grc' dir='ltr'>τὰ</span> <span class='ocrx_word' id='word_1_619' title='bbox 2709 4171 2814 4242; x_wconf 76' lang='grc' dir='ltr'><strong>ἢθη</strong></span> <span class='ocrx_word' id='word_1_620' title='bbox 2847 4172 2956 4224; x_wconf 83' lang='grc' dir='ltr'><strong>τῶν</strong></span> <span class='ocrx_word' id='word_1_621' title='bbox 2987 4170 3182 4238; x_wconf 85' lang='grc' dir='ltr'>φίλων.</span> 
     </span>
    </p>
   </div>
   <div class='ocr_carea' id='block_1_92' title="bbox 2228 4274 3653 4359">
    <p class='ocr_par' dir='ltr' id='par_1_92' title="bbox 2228 4274 3653 4359">
     <span class='ocr_line' id='line_1_92' title="bbox 2228 4274 3653 4359; baseline -0.011 -17"><span class='ocrx_word' id='word_1_622' title='bbox 2228 4291 2292 4342; x_wconf 86' lang='lat'><strong>&#39;0</strong></span> <span class='ocrx_word' id='word_1_623' title='bbox 2329 4286 2524 4359; x_wconf 76' lang='grc' dir='ltr'>πολὺς</span> <span class='ocrx_word' id='word_1_624' title='bbox 2550 4285 2826 4359; x_wconf 66' lang='grc' dir='ltr'>ἅκρμτος,</span> <span class='ocrx_word' id='word_1_625' title='bbox 2848 4281 3005 4359; x_wconf 46' lang='lat' dir='ltr'><strong>gulf</strong></span> <span class='ocrx_word' id='word_1_626' title='bbox 3038 4276 3354 4359; x_wconf 59' lang='grc' dir='ltr'>ἀναγκάζει</span> <span class='ocrx_word' id='word_1_627' title='bbox 3384 4274 3653 4359; x_wconf 56' lang='grc' dir='ltr'>ςξροτςεῖν.</span> 
     </span>
    </p>
   </div>
   <div class='ocr_carea' id='block_1_93' title="bbox 2204 4345 3655 4425">
    <p class='ocr_par' dir='ltr' id='par_1_93' title="bbox 2204 4345 3655 4425">
     <span class='ocr_line' id='line_1_93' title="bbox 2204 4345 3655 4425; baseline -0.01 -14"><span class='ocrx_word' id='word_1_628' title='bbox 2204 4361 2296 4411; x_wconf 85' lang='grc' dir='ltr'><strong>Οὐ</strong></span> <span class='ocrx_word' id='word_1_629' title='bbox 2321 4357 2432 4425; x_wconf 77' lang='grc' dir='ltr'><strong>γὰρ</strong></span> <span class='ocrx_word' id='word_1_630' title='bbox 2455 4345 2522 4408; x_wconf 76' lang='grc' dir='ltr'>τὸ</span> <span class='ocrx_word' id='word_1_631' title='bbox 2553 4345 2821 4425; x_wconf 71' lang='grc' dir='ltr'>πλῆθος,</span> <span class='ocrx_word' id='word_1_632' title='bbox 2840 4352 2916 4425; x_wconf 52' lang='lat' dir='ltr'><strong>{ir</strong></span> <span class='ocrx_word' id='word_1_633' title='bbox 2937 4345 3143 4425; x_wconf 60' lang='grc' dir='ltr'>σξιοπῇ</span> <span class='ocrx_word' id='word_1_634' title='bbox 3174 4365 3283 4425; x_wconf 64' lang='grc' dir='ltr'><strong>ζιςῖ</strong></span> <span class='ocrx_word' id='word_1_635' title='bbox 3319 4345 3426 4425; x_wconf 70' lang='grc' dir='ltr'>τοῦ</span> <span class='ocrx_word' id='word_1_636' title='bbox 3465 4346 3655 4397; x_wconf 80' lang='grc' dir='ltr'>πότου</span> 
     </span>
    </p>
   </div>
   <div class='ocr_carea' id='block_1_94' title="bbox 2148 4417 3521 4491">
    <p class='ocr_par' dir='ltr' id='par_1_94' title="bbox 2148 4417 3521 4491">
     <span class='ocr_line' id='line_1_94' title="bbox 2148 4417 3521 4491; baseline -0.009 -11"><span class='ocrx_word' id='word_1_637' title='bbox 2148 4435 2191 4489; x_wconf 88' lang='lat' dir='ltr'><strong>D</strong></span> <span class='ocrx_word' id='word_1_638' title='bbox 2221 4417 2730 4491; x_wconf 56' lang='grc' dir='ltr'><strong>Ποιὲῖίπιιροινεῖν,</strong></span> <span class='ocrx_word' id='word_1_639' title='bbox 2759 4421 2866 4491; x_wconf 63' lang='lat' dir='ltr'><strong>top</strong></span> <span class='ocrx_word' id='word_1_640' title='bbox 2900 4420 3146 4482; x_wconf 74' lang='grc' dir='ltr'>πιόντος</span> <span class='ocrx_word' id='word_1_641' title='bbox 3175 4417 3235 4491; x_wconf 42' lang='grc' dir='ltr'><strong>δ’.</strong></span> <span class='ocrx_word' id='word_1_642' title='bbox 3253 4418 3289 4482; x_wconf 76' lang='grc' dir='ltr'><strong>ἠ</strong></span> <span class='ocrx_word' id='word_1_643' title='bbox 3314 4418 3521 4491; x_wconf 61' lang='grc' dir='ltr'>φύσις.</span> 
     </span>
    </p>
   </div>
   <div class='ocr_carea' id='block_1_95' title="bbox 2220 4481 3533 4558">
    <p class='ocr_par' dir='ltr' id='par_1_95' title="bbox 2220 4481 3533 4558">
     <span class='ocr_line' id='line_1_95' title="bbox 2220 4481 3533 4558; baseline -0.011 -9"><span class='ocrx_word' id='word_1_644' title='bbox 2220 4481 2499 4549; x_wconf 60' lang='lat' dir='ltr'><strong>Kalends:</strong></span> <span class='ocrx_word' id='word_1_645' title='bbox 2531 4492 2675 4558; x_wconf 76' lang='grc' dir='ltr'><strong>ὅζαν</strong></span> <span class='ocrx_word' id='word_1_646' title='bbox 2700 4481 2789 4555; x_wconf 63' lang='grc' dir='ltr'><strong>τις</strong></span> <span class='ocrx_word' id='word_1_647' title='bbox 2815 4484 2913 4558; x_wconf 54' lang='grc' dir='ltr'><strong>ὧν(</strong></span> <span class='ocrx_word' id='word_1_648' title='bbox 2937 4491 3081 4552; x_wconf 73' lang='grc' dir='ltr'>πίνῃ</span> <span class='ocrx_word' id='word_1_649' title='bbox 3121 4481 3328 4558; x_wconf 18' lang='grc' dir='ltr'>πλέονή</span> <span class='ocrx_word' id='word_1_650' title='bbox 3346 4481 3533 4549; x_wconf 77' lang='grc' dir='ltr'>λαλῇ,</span> 
     </span>
    </p>
   </div>
   <div class='ocr_carea' id='block_1_96' title="bbox 2220 4555 3491 4632">
    <p class='ocr_par' dir='ltr' id='par_1_96' title="bbox 2220 4555 3491 4632">
     <span class='ocr_line' id='line_1_96' title="bbox 2220 4555 3491 4632; baseline -0.011 -13"><span class='ocrx_word' id='word_1_651' title='bbox 2220 4565 2429 4632; x_wconf 80' lang='grc' dir='ltr'><strong>Μηδὲν</strong></span> <span class='ocrx_word' id='word_1_652' title='bbox 2460 4555 2736 4623; x_wconf 72' lang='grc' dir='ltr'>κατιδὼν,</span> <span class='ocrx_word' id='word_1_653' title='bbox 2768 4556 2929 4614; x_wconf 76' lang='grc' dir='ltr'>ἀλλὰ</span> <span class='ocrx_word' id='word_1_654' title='bbox 2955 4555 3491 4623; x_wconf 79' lang='grc' dir='ltr'>προσποιούμενος.</span> 
     </span>
    </p>
   </div>
   <div class='ocr_carea' id='block_1_97' title="bbox 2291 4657 3796 4747">
    <p class='ocr_par' dir='ltr' id='par_1_97' title="bbox 2291 4657 3796 4747">
     <span class='ocr_line' id='line_1_97' title="bbox 2291 4657 3796 4747; baseline -0.013 -13"><span class='ocrx_word' id='word_1_655' title='bbox 2291 4681 2517 4747; x_wconf 78' lang='grc' dir='ltr'>Πυθατ.</span> <span class='ocrx_word' id='word_1_656' title='bbox 2538 4705 2610 4716; x_wconf 94' lang='grc'><strong><em>-</em></strong></span> <span class='ocrx_word' id='word_1_657' title='bbox 2631 4669 2802 4737; x_wconf 73' lang='grc' dir='ltr'>Οὗτος</span> <span class='ocrx_word' id='word_1_658' title='bbox 2830 4673 2984 4738; x_wconf 78' lang='grc' dir='ltr'>ἔλεγε</span> <span class='ocrx_word' id='word_1_659' title='bbox 3012 4711 3027 4736; x_wconf 89' lang='grc'><strong>,</strong></span> <span class='ocrx_word' id='word_1_660' title='bbox 3055 4668 3166 4740; x_wconf 81' lang='grc' dir='ltr'>Τὴν</span> <span class='ocrx_word' id='word_1_661' title='bbox 3200 4667 3394 4737; x_wconf 77' lang='grc' dir='ltr'>μέθην,</span> <span class='ocrx_word' id='word_1_662' title='bbox 3425 4665 3624 4737; x_wconf 84' lang='grc' dir='ltr'>μανίας</span> <span class='ocrx_word' id='word_1_663' title='bbox 3655 4657 3796 4715; x_wconf 76' lang='grc' dir='ltr'>εἶναι</span> 
     </span>
    </p>
   </div>
   <div class='ocr_carea' id='block_1_98' title="bbox 2241 4771 2481 4825">
    <p class='ocr_par' dir='ltr' id='par_1_98' title="bbox 2241 4771 2481 4825">
     <span class='ocr_line' id='line_1_98' title="bbox 2241 4771 2481 4825; baseline 0.008 -1"><span class='ocrx_word' id='word_1_664' title='bbox 2241 4771 2481 4825; x_wconf 52' lang='lat' dir='ltr'><strong>tamn.</strong></span> 
     </span>
    </p>
   </div>
   <div class='ocr_carea' id='block_1_99' title="bbox 2200 4788 3869 4945">
    <p class='ocr_par' dir='ltr' id='par_1_99' title="bbox 2200 4788 3869 4945">
     <span class='ocr_line' id='line_1_99' title="bbox 2241 4788 2481 4825; baseline 0.004 -1"><span class='ocrx_word' id='word_1_665' title='bbox 2241 4788 2387 4824; x_wconf 74' lang='grc' dir='ltr'>ιειιετ</span> <span class='ocrx_word' id='word_1_666' title='bbox 2429 4788 2481 4825; x_wconf 86' lang='grc' dir='ltr'>ν.</span> 
     </span>
     <span class='ocr_line' id='line_1_100' title="bbox 2200 4788 3869 4945; baseline -0.012 -11"><span class='ocrx_word' id='word_1_667' title='bbox 2200 4791 2239 4845; x_wconf 36' lang='grc' dir='ltr'>,Ι</span> <span class='ocrx_word' id='word_1_668' title='bbox 2292 4788 2663 4945; x_wconf 60' lang='grc' dir='ltr'>Ιίλὲόστρατ.</span> <span class='ocrx_word' id='word_1_669' title='bbox 2713 4904 2778 4914; x_wconf 93' lang='lat'><em>-</em></span> <span class='ocrx_word' id='word_1_670' title='bbox 2816 4872 3195 4940; x_wconf 84' lang='grc' dir='ltr'>Κλεόστρατος</span> <span class='ocrx_word' id='word_1_671' title='bbox 3240 4867 3377 4937; x_wconf 76' lang='grc' dir='ltr'>πρὸς</span> <span class='ocrx_word' id='word_1_672' title='bbox 3425 4866 3518 4918; x_wconf 74' lang='grc' dir='ltr'>τὸν</span> <span class='ocrx_word' id='word_1_673' title='bbox 3574 4866 3800 4918; x_wconf 75' lang='grc' dir='ltr'>εἰπόντα</span> <span class='ocrx_word' id='word_1_674' title='bbox 3864 4884 3869 4891; x_wconf 93' lang='grc'><strong>·</strong></span> 
     </span>
    </p>
   </div>
   <div class='ocr_carea' id='block_1_100' title="bbox 3695 280 3809 346">
    <p class='ocr_par' dir='ltr' id='par_1_100' title="bbox 3695 280 3809 346">
     <span class='ocr_line' id='line_1_101' title="bbox 3695 280 3809 346; baseline 0 0"><span class='ocrx_word' id='word_1_675' title='bbox 3695 280 3809 346; x_wconf 69' lang='lat'><strong>884</strong></span> 
     </span>
    </p>
   </div>
   <div class='ocr_carea' id='block_1_101' title="bbox 541 4957 2112 5042">
    <p class='ocr_par' dir='ltr' id='par_1_101' title="bbox 541 4971 2112 5042">
     <span class='ocr_line' id='line_1_102' title="bbox 541 4971 2112 5042; baseline 0.002 -17"><span class='ocrx_word' id='word_1_676' title='bbox 541 4973 663 5025; x_wconf 87' lang='lat' dir='ltr'><strong>Non</strong></span> <span class='ocrx_word' id='word_1_677' title='bbox 701 4980 753 5025; x_wconf 89' lang='lat' dir='ltr'><strong>te</strong></span> <span class='ocrx_word' id='word_1_678' title='bbox 780 4971 973 5041; x_wconf 86' lang='lat' dir='ltr'><strong>pudet,</strong></span> <span class='ocrx_word' id='word_1_679' title='bbox 1004 4971 1307 5041; x_wconf 88' lang='lat' dir='ltr'><strong>quiebrius</strong></span> <span class='ocrx_word' id='word_1_680' title='bbox 1336 4972 1413 5026; x_wconf 90' lang='lat' dir='ltr'><strong>sis</strong></span> <span class='ocrx_word' id='word_1_681' title='bbox 1439 5013 1453 5039; x_wconf 94' lang='lat'><strong>,</strong></span> <span class='ocrx_word' id='word_1_682' title='bbox 1477 4974 1761 5042; x_wconf 88' lang='lat' dir='ltr'><strong>respondit</strong></span> <span class='ocrx_word' id='word_1_683' title='bbox 1797 4992 1809 5027; x_wconf 88' lang='lat'><strong>:</strong></span> <span class='ocrx_word' id='word_1_684' title='bbox 1845 4973 1958 5028; x_wconf 89' lang='lat' dir='ltr'><strong>Nec</strong></span> <span class='ocrx_word' id='word_1_685' title='bbox 1990 4989 2112 5028; x_wconf 76' lang='lat' dir='ltr'><strong>vere</strong></span> 
     </span>
    </p>
   </div>
   <div class='ocr_carea' id='block_1_102' title="bbox 2211 4957 3797 5042">
    <p class='ocr_par' dir='ltr' id='par_1_102' title="bbox 2219 4957 3797 5040">
     <span class='ocr_line' id='line_1_103' title="bbox 2219 4957 3797 5040; baseline -0.012 -14"><span class='ocrx_word' id='word_1_686' title='bbox 2219 4971 2393 5040; x_wconf 83' lang='grc' dir='ltr'>αὐτῷ,</span> <span class='ocrx_word' id='word_1_687' title='bbox 2423 4970 2538 5024; x_wconf 82' lang='grc' dir='ltr'>Οὐκ</span> <span class='ocrx_word' id='word_1_688' title='bbox 2567 4966 2799 5040; x_wconf 80' lang='grc' dir='ltr'>αίσχύνῃ</span> <span class='ocrx_word' id='word_1_689' title='bbox 2832 4962 3067 5037; x_wconf 83' lang='grc' dir='ltr'>μεθύων,</span> <span class='ocrx_word' id='word_1_690' title='bbox 3096 4961 3223 5031; x_wconf 67' lang='grc' dir='ltr'><strong>ἔφη,</strong></span> <span class='ocrx_word' id='word_1_691' title='bbox 3252 4959 3323 5012; x_wconf 75' lang='grc' dir='ltr'><strong>Σὺ</strong></span> <span class='ocrx_word' id='word_1_692' title='bbox 3347 4958 3403 5011; x_wconf 80' lang='grc' dir='ltr'><strong>δὲ</strong></span> <span class='ocrx_word' id='word_1_693' title='bbox 3431 4959 3532 5011; x_wconf 76' lang='grc' dir='ltr'>οὐκ</span> <span class='ocrx_word' id='word_1_694' title='bbox 3564 4957 3797 5028; x_wconf 75' lang='grc' dir='ltr'>αἰσχύνῃ</span> 
     </span>
    </p>
   </div>
   <div class='ocr_carea' id='block_1_103' title="bbox 546 5059 2112 5137">
    <p class='ocr_par' dir='ltr' id='par_1_103' title="bbox 546 5060 2058 5133">
     <span class='ocr_line' id='line_1_104' title="bbox 546 5060 2058 5133; baseline 0.003 -22"><span class='ocrx_word' id='word_1_695' title='bbox 546 5060 780 5128; x_wconf 85' lang='lat' dir='ltr'><strong>teipsum</strong></span> <span class='ocrx_word' id='word_1_696' title='bbox 815 5060 1007 5130; x_wconf 90' lang='lat' dir='ltr'><strong>pudet,</strong></span> <span class='ocrx_word' id='word_1_697' title='bbox 1039 5060 1185 5133; x_wconf 87' lang='lat' dir='ltr'><strong>quod</strong></span> <span class='ocrx_word' id='word_1_698' title='bbox 1220 5060 1501 5115; x_wconf 84' lang='lat' dir='ltr'><strong>hominem</strong></span> <span class='ocrx_word' id='word_1_699' title='bbox 1530 5063 1748 5117; x_wconf 90' lang='lat' dir='ltr'><strong>ebrium</strong></span> <span class='ocrx_word' id='word_1_700' title='bbox 1778 5064 2058 5132; x_wconf 82' lang='lat' dir='ltr'><strong>corripis?</strong></span> 
     </span>
    </p>
   </div>
   <div class='ocr_carea' id='block_1_104' title="bbox 2211 5059 2820 5137">
    <p class='ocr_par' dir='ltr' id='par_1_104' title="bbox 2224 5059 2820 5137">
     <span class='ocr_line' id='line_1_105' title="bbox 2224 5059 2820 5137; baseline -0.015 -18"><span class='ocrx_word' id='word_1_701' title='bbox 2224 5063 2489 5137; x_wconf 88' lang='grc' dir='ltr'>μεθύοντα</span> <span class='ocrx_word' id='word_1_702' title='bbox 2516 5059 2784 5114; x_wconf 86' lang='grc' dir='ltr'>νουθετῶν</span> <span class='ocrx_word' id='word_1_703' title='bbox 2804 5074 2820 5123; x_wconf 91' lang='lat'><strong>;</strong></span> 
     </span>
    </p>
   </div>
   <div class='ocr_carea' id='block_1_105' title="bbox 520 5140 2112 5223">
    <p class='ocr_par' dir='ltr' id='par_1_105' title="bbox 520 5151 2112 5223">
     <span class='ocr_line' id='line_1_106' title="bbox 520 5151 2112 5223; baseline 0.001 -16"><span class='ocrx_word' id='word_1_704' title='bbox 520 5218 523 5219; x_wconf 19' lang='grc' dir='ltr'><strong>ν</strong></span> <span class='ocrx_word' id='word_1_705' title='bbox 605 5152 833 5223; x_wconf 80' lang='lat' dir='ltr'><strong>Epictet.</strong></span> <span class='ocrx_word' id='word_1_706' title='bbox 862 5183 930 5192; x_wconf 93' lang='lat'><strong><em>—</em></strong></span> <span class='ocrx_word' id='word_1_707' title='bbox 959 5151 1208 5216; x_wconf 88' lang='lat' dir='ltr'><strong>Cicades,</strong></span> <span class='ocrx_word' id='word_1_708' title='bbox 1234 5167 1447 5208; x_wconf 83' lang='lat' dir='ltr'><strong>canorae</strong></span> <span class='ocrx_word' id='word_1_709' title='bbox 1463 5163 1590 5209; x_wconf 91' lang='lat' dir='ltr'><strong>sunt</strong></span> <span class='ocrx_word' id='word_1_710' title='bbox 1613 5173 1626 5222; x_wconf 93' lang='lat'><strong>;</strong></span> <span class='ocrx_word' id='word_1_711' title='bbox 1648 5155 1888 5215; x_wconf 68' lang='lat' dir='ltr'><strong>coclilem</strong></span> <span class='ocrx_word' id='word_1_712' title='bbox 1915 5164 2112 5220; x_wconf 73' lang='lat' dir='ltr'><strong>autem,</strong></span> 
     </span>
    </p>
   </div>
   <div class='ocr_carea' id='block_1_106' title="bbox 2211 5140 3798 5223">
    <p class='ocr_par' dir='ltr' id='par_1_106' title="bbox 2304 5140 3798 5218">
     <span class='ocr_line' id='line_1_107' title="bbox 2304 5140 3798 5218; baseline -0.014 -9"><span class='ocrx_word' id='word_1_713' title='bbox 2304 5152 2680 5218; x_wconf 81' lang='grc' dir='ltr'>Ἐπικτήτου.</span> <span class='ocrx_word' id='word_1_714' title='bbox 2707 5182 2776 5192; x_wconf 93' lang='grc'><strong>-</strong></span> <span class='ocrx_word' id='word_1_715' title='bbox 2810 5149 2873 5202; x_wconf 80' lang='grc' dir='ltr'><strong>Οἱ</strong></span> <span class='ocrx_word' id='word_1_716' title='bbox 2914 5147 3155 5211; x_wconf 84' lang='grc' dir='ltr'>τέττιγες</span> <span class='ocrx_word' id='word_1_717' title='bbox 3206 5140 3492 5211; x_wconf 87' lang='grc' dir='ltr'>μουσικοί·</span> <span class='ocrx_word' id='word_1_718' title='bbox 3527 5142 3578 5191; x_wconf 84' lang='grc' dir='ltr'>οἱ</span> <span class='ocrx_word' id='word_1_719' title='bbox 3612 5140 3668 5193; x_wconf 78' lang='grc' dir='ltr'>δὲ</span> <span class='ocrx_word' id='word_1_720' title='bbox 3706 5156 3798 5192; x_wconf 75' lang='lat' dir='ltr'><strong>xo-</strong></span> 
     </span>
    </p>
   </div>
   <div class='ocr_carea' id='block_1_107' title="bbox 548 5227 2112 5318">
    <p class='ocr_par' dir='ltr' id='par_1_107' title="bbox 548 5244 2112 5318">
     <span class='ocr_line' id='line_1_108' title="bbox 548 5244 2112 5318; baseline 0.003 -21"><span class='ocrx_word' id='word_1_721' title='bbox 548 5251 743 5309; x_wconf 72' lang='lat' dir='ltr'><strong>mutm;</strong></span> <span class='ocrx_word' id='word_1_722' title='bbox 804 5244 1187 5314; x_wconf 88' lang='lat' dir='ltr'><strong>gaudentque,</strong></span> <span class='ocrx_word' id='word_1_723' title='bbox 1219 5244 1303 5298; x_wconf 74' lang='lat' dir='ltr'><strong>ha:</strong></span> <span class='ocrx_word' id='word_1_724' title='bbox 1352 5248 1574 5315; x_wconf 89' lang='lat' dir='ltr'><strong>quidem</strong></span> <span class='ocrx_word' id='word_1_725' title='bbox 1606 5289 1620 5313; x_wconf 94' lang='lat'><strong>,</strong></span> <span class='ocrx_word' id='word_1_726' title='bbox 1657 5248 1823 5318; x_wconf 78' lang='lat'><strong>618</strong></span> <span class='ocrx_word' id='word_1_727' title='bbox 1891 5247 2112 5302; x_wconf 82' lang='lat' dir='ltr'><strong>humido</strong></span> 
     </span>
    </p>
   </div>
   <div class='ocr_carea' id='block_1_108' title="bbox 2211 5227 3799 5318">
    <p class='ocr_par' dir='ltr' id='par_1_108' title="bbox 2228 5227 3799 5318">
     <span class='ocr_line' id='line_1_109' title="bbox 2228 5227 3799 5318; baseline -0.012 -18"><span class='ocrx_word' id='word_1_728' title='bbox 2228 5246 2375 5318; x_wconf 81' lang='grc' dir='ltr'>χλίαι</span> <span class='ocrx_word' id='word_1_729' title='bbox 2401 5286 2416 5309; x_wconf 92' lang='grc'><strong>,</strong></span> <span class='ocrx_word' id='word_1_730' title='bbox 2465 5245 2705 5312; x_wconf 76' lang='grc' dir='ltr'>ἄφωνοι·</span> <span class='ocrx_word' id='word_1_731' title='bbox 2758 5240 3008 5311; x_wconf 84' lang='grc' dir='ltr'>χαίρουσι</span> <span class='ocrx_word' id='word_1_732' title='bbox 3042 5234 3099 5287; x_wconf 75' lang='grc' dir='ltr'>δὲ</span> <span class='ocrx_word' id='word_1_733' title='bbox 3122 5227 3215 5294; x_wconf 84' lang='grc' dir='ltr'>,ὀί</span> <span class='ocrx_word' id='word_1_734' title='bbox 3250 5235 3347 5300; x_wconf 76' lang='grc' dir='ltr'>μὲν</span> <span class='ocrx_word' id='word_1_735' title='bbox 3382 5231 3799 5300; x_wconf 66' lang='grc' dir='ltr'>ὑγραινόμενον</span> 
     </span>
    </p>
   </div>
   <div class='ocr_carea' id='block_1_109' title="bbox 545 5319 2112 5407">
    <p class='ocr_par' dir='ltr' id='par_1_109' title="bbox 545 5333 2112 5407">
     <span class='ocr_line' id='line_1_110' title="bbox 545 5333 2112 5407; baseline 0.003 -18"><span class='ocrx_word' id='word_1_736' title='bbox 545 5333 858 5406; x_wconf 64' lang='lat' dir='ltr'><strong>allabente;</strong></span> <span class='ocrx_word' id='word_1_737' title='bbox 908 5334 1014 5388; x_wconf 67' lang='lat' dir='ltr'><strong>illa:</strong></span> <span class='ocrx_word' id='word_1_738' title='bbox 1046 5350 1201 5397; x_wconf 75' lang='lat' dir='ltr'><strong>vero,</strong></span> <span class='ocrx_word' id='word_1_739' title='bbox 1234 5336 1413 5391; x_wconf 89' lang='lat' dir='ltr'><strong>calido</strong></span> <span class='ocrx_word' id='word_1_740' title='bbox 1455 5337 2112 5407; x_wconf 55' lang='lat' dir='ltr'><strong>confovente.ﬁoehleas</strong></span> 
     </span>
    </p>
   </div>
   <div class='ocr_carea' id='block_1_110' title="bbox 2211 5319 3803 5407">
    <p class='ocr_par' dir='ltr' id='par_1_110' title="bbox 2228 5319 3803 5402">
     <span class='ocr_line' id='line_1_111' title="bbox 2228 5319 3803 5402; baseline -0.013 -12"><span class='ocrx_word' id='word_1_741' title='bbox 2228 5339 2276 5390; x_wconf 82' lang='lat' dir='ltr'><strong>oi</strong></span> <span class='ocrx_word' id='word_1_742' title='bbox 2306 5337 2381 5393; x_wconf 71' lang='grc' dir='ltr'><strong>δὲ,</strong></span> <span class='ocrx_word' id='word_1_743' title='bbox 2418 5333 2830 5402; x_wconf 82' lang='grc' dir='ltr'>ἀλεαινώμενοι.</span> <span class='ocrx_word' id='word_1_744' title='bbox 2853 5329 3083 5381; x_wconf 85' lang='grc' dir='ltr'>Ἔπειτα</span> <span class='ocrx_word' id='word_1_745' title='bbox 3112 5321 3489 5392; x_wconf 85' lang='grc' dir='ltr'>προκαλεῖται,</span> <span class='ocrx_word' id='word_1_746' title='bbox 3517 5322 3646 5383; x_wconf 74' lang='grc' dir='ltr'>τοὺς</span> <span class='ocrx_word' id='word_1_747' title='bbox 3681 5319 3803 5389; x_wconf 75' lang='grc' dir='ltr'>μὲν,</span> 
     </span>
    </p>
   </div>
   <div class='ocr_carea' id='block_1_111' title="bbox 552 5406 2112 5501">
    <p class='ocr_par' dir='ltr' id='par_1_111' title="bbox 552 5425 2112 5501">
     <span class='ocr_line' id='line_1_112' title="bbox 552 5425 2112 5501; baseline 0.004 -26"><span class='ocrx_word' id='word_1_748' title='bbox 552 5439 643 5478; x_wconf 92' lang='lat' dir='ltr'><strong>ros</strong></span> <span class='ocrx_word' id='word_1_749' title='bbox 666 5425 900 5491; x_wconf 83' lang='lat' dir='ltr'><strong>excitat,</strong></span> <span class='ocrx_word' id='word_1_750' title='bbox 932 5440 1041 5497; x_wconf 87' lang='lat' dir='ltr'><strong>qua</strong></span> <span class='ocrx_word' id='word_1_751' title='bbox 1079 5425 1404 5484; x_wconf 89' lang='lat' dir='ltr'><strong>infundente</strong></span> <span class='ocrx_word' id='word_1_752' title='bbox 1439 5430 1748 5501; x_wconf 80' lang='lat' dir='ltr'><strong>gurgitibus</strong></span> <span class='ocrx_word' id='word_1_753' title='bbox 1774 5437 2013 5494; x_wconf 77' lang='lat' dir='ltr'><strong>exeunt;</strong></span> <span class='ocrx_word' id='word_1_754' title='bbox 2043 5429 2112 5482; x_wconf 86' lang='lat' dir='ltr'><strong>ei-</strong></span> 
     </span>
    </p>
   </div>
   <div class='ocr_carea' id='block_1_112' title="bbox 2211 5406 3803 5501">
    <p class='ocr_par' dir='ltr' id='par_1_112' title="bbox 2229 5406 3803 5499">
     <span class='ocr_line' id='line_1_113' title="bbox 2229 5406 3803 5499; baseline -0.01 -19"><span class='ocrx_word' id='word_1_755' title='bbox 2229 5430 2264 5499; x_wconf 73' lang='grc' dir='ltr'><strong>ἠ</strong></span> <span class='ocrx_word' id='word_1_756' title='bbox 2289 5425 2507 5496; x_wconf 79' lang='grc' dir='ltr'>δρόσος·</span> <span class='ocrx_word' id='word_1_757' title='bbox 2545 5424 2641 5477; x_wconf 78' lang='grc' dir='ltr'><strong>καὶ</strong></span> <span class='ocrx_word' id='word_1_758' title='bbox 2680 5421 2771 5476; x_wconf 76' lang='grc' dir='ltr'>ἐπὶ</span> <span class='ocrx_word' id='word_1_759' title='bbox 2818 5418 2989 5487; x_wconf 83' lang='grc' dir='ltr'>ταύτῃ</span> <span class='ocrx_word' id='word_1_760' title='bbox 3023 5413 3333 5466; x_wconf 81' lang='grc' dir='ltr'>ἑκδύνουσι·</span> <span class='ocrx_word' id='word_1_761' title='bbox 3370 5411 3500 5473; x_wconf 74' lang='grc' dir='ltr'>τοὺς</span> <span class='ocrx_word' id='word_1_762' title='bbox 3541 5411 3586 5464; x_wconf 75' lang='grc' dir='ltr'><strong>δ’</strong></span> <span class='ocrx_word' id='word_1_763' title='bbox 3620 5406 3688 5463; x_wconf 77' lang='grc' dir='ltr'><strong>αὖ</strong></span> <span class='ocrx_word' id='word_1_764' title='bbox 3724 5411 3803 5464; x_wconf 80' lang='grc' dir='ltr'><strong>διο</strong></span> 
     </span>
    </p>
   </div>
   <div class='ocr_carea' id='block_1_113' title="bbox 555 5499 2112 5590">
    <p class='ocr_par' dir='ltr' id='par_1_113' title="bbox 555 5499 2112 5590">
     <span class='ocr_line' id='line_1_114' title="bbox 555 5499 2112 5590; baseline 0.004 -26"><span class='ocrx_word' id='word_1_765' title='bbox 555 5513 714 5567; x_wconf 77' lang='lat' dir='ltr'><strong>cadas</strong></span> <span class='ocrx_word' id='word_1_766' title='bbox 752 5516 830 5568; x_wconf 88' lang='lat' dir='ltr'><strong>sol</strong></span> <span class='ocrx_word' id='word_1_767' title='bbox 874 5514 1168 5569; x_wconf 87' lang='lat' dir='ltr'><strong>ardoribus</strong></span> <span class='ocrx_word' id='word_1_768' title='bbox 1194 5499 1475 5587; x_wconf 75' lang='lat' dir='ltr'><strong>provocat,</strong></span> <span class='ocrx_word' id='word_1_769' title='bbox 1518 5499 1615 5590; x_wconf 77' lang='lat' dir='ltr'><strong>per</strong></span> <span class='ocrx_word' id='word_1_770' title='bbox 1638 5537 1778 5590; x_wconf 85' lang='lat' dir='ltr'><strong>quos</strong></span> <span class='ocrx_word' id='word_1_771' title='bbox 1823 5518 2112 5575; x_wconf 88' lang='lat' dir='ltr'><strong>stridulum</strong></span> 
     </span>
    </p>
   </div>
   <div class='ocr_carea' id='block_1_114' title="bbox 2211 5499 3805 5590">
    <p class='ocr_par' dir='ltr' id='par_1_114' title="bbox 2229 5499 3805 5584">
     <span class='ocr_line' id='line_1_115' title="bbox 2229 5499 3805 5584; baseline -0.01 -18"><span class='ocrx_word' id='word_1_772' title='bbox 2229 5516 2435 5584; x_wconf 82' lang='grc' dir='ltr'>εγείρει</span> <span class='ocrx_word' id='word_1_773' title='bbox 2465 5513 2732 5584; x_wconf 75' lang='grc' dir='ltr'>ἀκμάζων</span> <span class='ocrx_word' id='word_1_774' title='bbox 2760 5513 2788 5565; x_wconf 81' lang='grc' dir='ltr'>ὁ</span> <span class='ocrx_word' id='word_1_775' title='bbox 2831 5509 2998 5576; x_wconf 69' lang='grc' dir='ltr'>ἥλιος,</span> <span class='ocrx_word' id='word_1_776' title='bbox 3036 5502 3131 5554; x_wconf 75' lang='grc' dir='ltr'><strong>καὶ</strong></span> <span class='ocrx_word' id='word_1_777' title='bbox 3156 5502 3213 5552; x_wconf 81' lang='grc' dir='ltr'>ἐν</span> <span class='ocrx_word' id='word_1_778' title='bbox 3247 5499 3397 5570; x_wconf 77' lang='grc' dir='ltr'>αὐτῷ</span> <span class='ocrx_word' id='word_1_779' title='bbox 3428 5499 3640 5570; x_wconf 78' lang='grc' dir='ltr'>ᾄδουσι.</span> <span class='ocrx_word' id='word_1_780' title='bbox 3676 5499 3805 5551; x_wconf 58' lang='lat' dir='ltr'><strong>Toru-</strong></span> 
     </span>
    </p>
   </div>
   <div class='ocr_carea' id='block_1_115' title="bbox 1852 5603 2521 5661">
    <p class='ocr_par' dir='ltr' id='par_1_115' title="bbox 1852 5603 2521 5661">
     <span class='ocr_line' id='line_1_116' title="bbox 1852 5603 2521 5661; baseline -0.007 0"><span class='ocrx_word' id='word_1_781' title='bbox 1852 5604 2079 5661; x_wconf 70' lang='lat' dir='ltr'><strong>VAlllAE</strong></span> <span class='ocrx_word' id='word_1_782' title='bbox 2121 5603 2521 5661; x_wconf 79' lang='lat' dir='ltr'><strong>LECTIUNES.</strong></span> 
     </span>
    </p>
   </div>
   <div class='ocr_carea' id='block_1_116' title="bbox 629 5670 1022 5725">
    <p class='ocr_par' dir='ltr' id='par_1_116' title="bbox 629 5670 1022 5725">
     <span class='ocr_line' id='line_1_117' title="bbox 629 5670 1022 5725; baseline 0.005 -3"><span class='ocrx_word' id='word_1_783' title='bbox 629 5670 671 5700; x_wconf 64' lang='grc'><strong>⁵³</strong></span> <span class='ocrx_word' id='word_1_784' title='bbox 703 5671 758 5722; x_wconf 78' lang='grc' dir='ltr'><strong>Β.</strong></span> <span class='ocrx_word' id='word_1_785' title='bbox 800 5671 927 5723; x_wconf 73' lang='grc' dir='ltr'>πολύ</span> <span class='ocrx_word' id='word_1_786' title='bbox 953 5690 1022 5725; x_wconf 82' lang='grc' dir='ltr'><strong>τι.</strong></span> 
     </span>
    </p>
   </div>
  </div>
