4066 6146
322 290 427 352 885

1624 296 1795 357 LOCI
1833 295 2268 383 communes.

3463 297 3567 360 886

280 458 283 463 λ
318 405 525 479 γαροῦν
553 407 602 460 sl
631 404 813 477 βούλει
841 398 1105 477 μοὺσικὸς
1132 406 1225 461 καὶ
1248 407 1593 480 εὐάρμοστος
1624 411 1894 485 ὑπάρχειν

2004 415 2171 477 melos
2203 395 2536 475 cantilantes
2575 413 2772 473 edunt.
2824 414 2970 487 Ergo
2999 414 3045 473 si
3095 413 3305 475 musice
3335 427 3569 467 canorus

319 497 461 566 ἀνὴρ
487 538 502 564 ,
536 498 699 567 ἡνίκα
739 498 839 569 μὲν
867 499 923 551 ἐν
956 501 1069 561 τοῖς
1099 499 1283 564 πότοις
1319 501 1423 563 ὑπὸ
1469 501 1561 555 τοῦ
1590 504 1735 565 οἴνου
1766 507 1890 573 δρο.

320 592 477 663 σισθῇ
509 593 542 663 ἡ
565 590 710 662 ψυχὴ
737 632 753 656 ,
784 591 907 644 τότε
936 591 1105 662 αὐτὴν
1146 592 1223 661 μὴ
1250 591 1317 645 ἔα
1341 593 1641 663 προϊοῦσαν
1665 595 1893 665 μολύνε-

320 680 475 736 σθαι’
523 681 640 736 ἀλλ’
674 682 836 750 ἡνίκα
872 684 931 735 ὲν
959 686 1074 747 τοῖς
1121 683 1417 754 συνεδρίοις
1450 686 1556 739 ὑπὸ
1595 687 1691 738 τοῦ
1730 686 1890 753 λόγου

318 773 636 845 διαπυρωθῇ
662 813 677 847 ,
703 774 822 827 τότε
851 773 1130 839 Θεσπίζειν
1158 776 1252 829 καὶ
1277 775 1423 847 ᾅδειν
1447 776 1516 832 τὰ
1544 776 1646 847 τῆς
1689 776 1894 833 δικαιο-

322 864 489 933 σύνης
506 863 709 919 ’κέλευε
739 864 917 932 λόγια.

385 957 618 1026 Αἰσχίν.
649 987 718 997 -
752 956 1076 1027 Κάτοπτρον
1120 954 1298 1021 εἴδους
1341 956 1539 1027 χαλκός
1571 959 1706 1025 ἐστ’,
1753 953 1895 1022 οἶνος

322 1046 378 1100 δὲ
406 1046 518 1100 νοῦ.
1314 1068 1343 1078 ·-

405 1138 771 1208 Ἀνάχαρσις.
798 1168 868 1179 —-
892 1138 1252 1209 Κιρναμένου
1289 1140 1566 1211 ⁴κρατῆρος
1616 1142 1893 1210 ὲφεστίου,

322 1229 412 1283 τὸν
448 1230 547 1299 μὲν
578 1229 796 1299 πρῶτον
823 1231 1049 1298 ὑγείας-⁸
1099 1230 1191 1285 τὸν
1236 1230 1293 1284 δὲ
1338 1230 1613 1302 δεύτερον,
1662 1232 1893 1302 ἡδονῆς’

320 1319 411 1372 τὸν
438 1318 493 1372 δὲ
524 1320 727 1391 τρίτον,
757 1319 968 1391 ὕϐρεώς
990 1337 1002 1350 ·
1034 1321 1128 1373 τὸν
1157 1319 1214 1374 δὲ
1242 1321 1570 1387 τελευταῖον,
1607 1322 1823 1392 μανίας.

390 1495 661 1550 Πλάτων.
694 1527 765 1537 -
786 1496 1017 1551 Μεθύων
1045 1496 1406 1568 κυϐερνήτης,
1433 1497 1527 1551 καὶ
1557 1499 1664 1559 πᾶς
1699 1498 1897 1562 παντὸς

323 1588 527 1657 ἄρχων,
573 1587 869 1658 ἀνατρέπει
920 1588 1131 1654 πάντα,
1180 1589 1289 1642 εἴτε
1323 1589 1526 1654 πλοῖον,
1567 1589 1676 1643 εἴτε
1721 1590 1896 1661 ἅρμα,

323 1678 434 1730 εἴτε
467 1678 854 1748 στρατόπεδον,
886 1679 997 1732 είτε
1029 1679 1057 1735 ὅ
1096 1679 1150 1732 τί
1182 1695 1312 1732 ποτε
1345 1679 1430 1750 εἴη
1460 1679 1521 1733 τὸ
1550 1680 1900 1753 κυϐερνώμε-

324 1786 413 1825 νον
437 1770 527 1824 un’
561 1769 750 1826 αὑτοῦ.

397 1863 821 1930 Σοφοκλείους.
871 1892 939 1904 -—
977 1862 1253 1934 Σοφοκλὴς
1298 1862 1579 1934 ᾐμέμφετο
1622 1864 1896 1936 Αἰσχύλῳ,

325 1953 408 2006 ὅτι
465 1952 680 2023 μεθύων
728 1953 959 2025 ἔγραφε.
1008 1955 1119 2012 Καὶ
1152 1955 1260 2028 γὰρ
1291 1958 1340 2015 ει
1383 1958 1457 2017 τὰ
1494 1957 1687 2019 δέοντα
1733 1961 1895 2027 ποιεῖ,

328 2045 513 2113 φησιν,
539 2043 654 2098 ἀλλ’
682 2046 783 2098 οὐκ
811 2044 969 2111 εἰδώς
995 2063 1084 2113 γε.

411 2133 711 2200 Ἐπικτήτ.
742 2138 814 2174 -—'
850 2136 917 2188 'H
948 2135 1193 2206 ἄμπελος
1237 2139 1388 2210 τρεῖς
1432 2138 1667 2210 βότρυας
1712 2141 1895 2213 φέρει,

328 2222 419 2275 τὸν
457 2224 555 2292 μὲν
588 2225 803 2294 πρῶτον
844 2227 1065 2298 ἡδονῆς’
1115 2228 1206 2283 τὸν
1253 2229 1506 2301 δεύτερον
1554 2231 1753 2303 μέθηςο
1800 2233 1901 2302 ,τὸν

331 2314 514 2385 τρίτον
549 2313 781 2387 ὕϐρεως.

416 2406 504 2459 Ἐν
537 2406 665 2461 οίνω
691 2407 767 2479 μὴ
795 2409 1107 2479 πολυλόγει,
1144 2411 1593 2484 ἐπιδεικνύμενος
1622 2413 1899 2473 παιδείανο

333 2499 531 2571 χολερὰ
561 2502 669 2572 γὰρ
693 2504 1034 2578 ἀποφθέγξϊι.

331 2588 613 2663 ρξέθυσξός
637 2593 810 2647 ἐστιν
841 2599 875 2648 ό
907 2595 1087 2662 τριῶν
1113 2597 1305 2650 πίνων
1325 2597 1537 2663 πλέον,

334 2658 462 2725 Κᾷν
476 2660 566 2731 μὴ
587 2664 850 2731 μεθύοντι,
881 2658 1141 2735 ὐὰερέόη
1173 2667 1243 2720 τὸ
1261 2666 1500 2736 μέτρον.

895 2822 1113 2876 ΛΟΓΟΣ
1150 2819 1256 2876 AA’
1273 2822 1339 2876 "'.

582 2907 721 2971 Περὶ
746 2911 1086 2978 παρῤησίας
1112 2911 1210 2964 καὶ
1247 2912 1350 2965 τοῦ
1376 2911 1649 2981 ἐλέγχου.

419 2994 606 3052 Ἰωάν.
631 2970 972 3063 ⁸.-Οι5δείς
1001 2970 1322 3075 ἐννκρυπτῷ
1353 3001 1405 3056 τί
1432 2970 1593 3069 πὸίὲτ,
1628 3004 1721 3057 καὶ
1753 3005 1906 3075 ζητεί
1932 2970 1974 3027 C

335 3088 496 3153 αὐτὸς
531 3091 590 3142 ὲν
615 3091 898 3162 παρρησίᾳ
928 3085 1069 3145 εῖναι
1100 3092 1207 3162 (ιι).
1884 3166 1889 3167 ν

401 3186 455 3233 α’
493 3180 600 3236 Ἰω.
633 3180 703 3251 γ’.
736 3180 862 3237 Ἐὰν
891 3188 924 3254 ὴ
955 3186 1151 3256 καρδία
1188 3189 1348 3257 ήμῶν
1381 3184 1457 3263 μὴ
1499 3188 1907 3257 καταγινώσκει

334 3270 514 3341 ἡμῶν,
540 3273 859 3343 παρρησίαν
888 3273 1087 3345 ἔχομεν
1134 3277 1271 3348 πρὸς
1297 3277 1387 3331 τὸν
1417 3278 1552 3333 Θεόν
1571 3295 1587 3314 ·
1627 3283 1719 3334 καὶ
1743 3281 1772 3333 ὃ
1810 3283 1909 3351 μὶν

336 3361 623 3431 αἰτοῦμεν,
665 3365 1024 3436 λαμϐάνομεν
1065 3367 1197 3438 παρ’
1224 3368 1418 3434 αὐτοῦ,
1446 3370 1529 3423 δτι
1559 3370 1658 3435 τὰς
1687 3372 1911 3437 ιντολὰς

335 3452 504 3507 αὑτοῦ
535 3456 816 3528 τηρῶμεν,
843 3458 939 3511 καὶ
966 3457 1037 3512 τὰ
1060 3459 1269 3530 ἀρεστὰ
1294 3460 1528 3516 ἐνώπιον
1552 3462 1721 3517 αὑτοῦ
1748 3464 1914 3519 ποιῶ-

337 3561 439 3614 μεν
469 3546 539 3601 ⁸⁸.

407 3633 651 3699 Παροιμ.
700 3629 786 3688 (Cf.
822 3660 895 3672 —
931 3632 1211 3698 Ἐξουσίαν
1256 3635 1441 3690 δίδωσι
1486 3635 1703 3706 λόγοις,
1760 3636 1907 3709 ἀρχὴ

335 3719 719 3791 δικαιωσύνης.

407 3811 589 3880 Σιρὰχ
616 3810 690 3879 η’.
717 3843 786 3854 -
807 3814 899 3884 Μὴ
954 3814 1188 3887 ὲκκαίῃς
1228 3815 1506 3888 ἄνθρακας
1547 3819 1908 3890 ἁμαρτωλοὺς

228 3956 248 3971 ο
338 3903 598 3972 ἐλέγχων,
646 3902 720 3974 μὴ
751 3905 1077 3979 ἐμπρησθῇς
1105 3908 1165 3961 ὲν
1206 3908 1367 3977 φλογὶ⁸
1399 3909 1572 3981 πυρὸς
1620 3910 1907 3980 ἁμαρτιῶν

338 4010 541 4047 αυτων.

408 4088 755 4167 Βασιλείου.
795 4120 868 4132 -
904 4090 1123 4144 Ἔοικεν
1148 4091 1177 4145 ὁ
1206 4090 1303 4162 μὲν
1333 4090 1556 4162 ἔλεγχος
1578 4091 1733 4155 τέλος
1762 4091 1907 4161 ἔχειν

354 4175 451 4247 τὴν
478 4178 763 4251 διόρθωσιν
798 4179 893 4234 τοῦ
926 4183 1365 4254 ἁμαρτάνοντοςο
1414 4185 1444 4237 ὁ
1483 4184 1539 4237 δὲ
1585 4183 1904 4255 ὀνειδισμὸς,

338 4266 430 4318 ἐπὶ
460 4268 818 4342 ἀσχημοσύνῃ
845 4271 941 4325 τοῦ
972 4273 1296 4338 ὲπταικότος
1324 4274 1564 4343 γίνεται.

422 4354 482 4410 '0
517 4359 899 4431 ὲφησυχάζων,
945 4365 1039 4417 καὶ
1086 4365 1160 4436 μὴ
1199 4364 1442 4436 ἐλέγχων
1487 4365 1587 4437 τὴν
1634 4364 1908 4436 ἁμαρτίαν

337 4445 435 4511 τοῦ
467 4449 697 4520 ἀδελφοῦ
722 4493 737 4517 ,
768 4453 1113 4526 ἄσπλαγχνός
1163 4457 1312 4511 ἐστιν
1332 4498 1346 4522 ,
1380 4458 1571 4529 ὥσπερ
1625 4457 1653 4510 ὁ
1688 4459 1780 4512 τὸν
1831 4456 1909 4512 ίδν

339 4542 560 4609 ἑναφεὶς
585 4542 665 4613 τῷ
695 4544 944 4615 δηχθέντι
978 4548 1082 4600 ὑπὸ
1114 4548 1207 4601 τοῦ
1241 4547 1475 4601 ῑοδόλου.

412 4635 730 4704 Θεολόγου.
766 4666 837 4676 -
871 4637 1060 4708 Πολλῷ
1095 4638 1299 4708 βέλτιον
1347 4637 1553 4709 βραχέα
1590 4637 1908 4706 λυπήσαντα

343 4724 582 4794 μέγιστα
626 4726 943 4797 ὠφελῆσαι,
975 4731 1008 4799 ἢ
1033 4730 1093 4782 τὸ
1123 4731 1260 4801 πρὸς
1289 4730 1483 4801 ἡδονὴν
1510 4728 1773 4784 διώκοντα
1811 4729 1909 4797 ζη-

344 4815 547 4887 μιῶσαι
581 4816 659 4888 τῷ
688 4820 993 4891 κεφαλαίῳ.

411 4993 613 5059 Μεῖζον
640 4995 751 5068 γὰρ
780 4996 984 5067 ἀγαθὸν
1012 4997 1073 5052 τὸ
1101 4998 1423 5069 ἐλεγχθῆναι
1449 4997 1543 5069 (υ),
1571 4998 1665 5050 τοῦ
1694 4995 1909 5064 ἐλέγξαι

1939 4312 1986 4369 D

1992 505 2097 570 vir,
2129 505 2391 574 omnique
2413 519 2482 559 ex
2509 512 2663 574 parte
2693 512 2852 574 aptus
2875 519 2996 561 esse
3024 504 3184 570 velis,
3207 518 3332 558 cum
3365 502 3417 556 in
3442 516 3585 555 con-
3678 520 3689 527 ·

1990 596 2152 652 viviis
2173 594 2393 659 animus
2419 596 2568 660 vino,
2604 602 2863 665 tanquam
2899 610 3023 651 rore
3060 592 3434 657 immaduerit,
3456 604 3572 647 tum

1990 702 2124 742 cave
2163 688 2399 743 ulterius
2449 702 2778 759 progressus
2831 687 3155 756 polluatur:
3195 684 3294 740 sed
3345 699 3472 738 cum
3516 680 3573 736 in

1991 781 2244 839 conciliis
2302 797 2369 836 ac
2411 780 2771 841 concessibus
2815 780 3032 837 ratione
3078 776 3403 840 incaluerit,
3457 783 3577 829 tum

1986 872 2205 937 sancire
2229 874 2393 943 jube,
2436 888 2499 928 ac
2523 873 2753 943 iustitia:
2778 872 2979 942 placita
3009 878 3067 927 et
3086 871 3312 929 oracula
3344 882 3566 923 canere.

2064 961 2348 1017 .IEschinis.
2373 992 2444 1001 —
2473 961 2771 1032 Speculum
2799 960 3032 1023 formam
3059 958 3328 1023 referens,
3360 972 3434 1011 aas
3452 962 3572 1019 est;

1993 1052 2207 1117 vinum,
2233 1062 2475 1107 mentem
2494 1053 2798 1122 explicans.

2060 1144 2406 1199 Anacharsis.
2430 1173 2502 1184 —
2522 1144 2651 1213 Ejus
2674 1142 2859 1212 poculi
2887 1142 3034 1212 quod
3073 1139 3383 1199 honestatis
3413 1150 3577 1192 causa

1995 1233 2144 1289 domi
2182 1241 2544 1303 temperatur,
2577 1234 2816 1303 primum
2846 1231 3123 1297 sanitatis,
3157 1231 3395 1285 alterum
3417 1226 3579 1281 volu-

1996 1324 2185 1395 ptatis,
2208 1324 2431 1378 tertium
2453 1323 2690 1394 injuriae,
2712 1331 3055 1393 postremum
3077 1319 3303 1376 insania“:
3318 1319 3578 1373 haustum

1996 1414 2135 1470 bibi.

2068 1502 2332 1557 Platonis.
2354 1533 2425 1542 —
2457 1503 2663 1558 Ebrius
2695 1502 3061 1574 gubernator,
3094 1515 3161 1555 ac
3193 1497 3448 1569 quisquis
3469 1495 3583 1549 ullo

1997 1595 2165 1650 modo
2188 1603 2409 1664 prmest,
2457 1595 2643 1658 omnia
2679 1595 2904 1660 evertit,
2937 1594 3053 1653 sive
3074 1593 3282 1657 navim,
3312 1590 3428 1645 sive
3457 1603 3584 1643 cur-

1996 1702 2149 1751 rum,
2202 1685 2319 1742 sive
2348 1686 2679 1751 exercitum,
2704 1687 2823 1747 sive
2865 1683 3136 1756 quidquid
3168 1682 3405 1741 tandem
3433 1680 3581 1736 illius

2000 1792 2150 1833 cura:
2180 1776 2479 1847 regendum
2513 1778 2871 1833 commissum
2893 1776 3082 1832 fuerit.

2074 1864 2458 1936 Sophoclish—
2486 1866 2795 1937 Sophocles
2832 1865 3153 1938 Eschylum
3202 1859 3583 1932 reprehende-

2000 1955 2117 2022 bat,
2143 1957 2290 2026 quod
2313 1957 2504 2013 ebrius
2528 1957 2822 2012 scriberet.
2840 1956 2960 2012 Etsi
2977 1955 3149 2019 enim,
3172 1952 3374 2023 inquit,
3406 1958 3580 2013 recta,

2002 2056 2061 2103 at
2087 2062 2198 2102 non
2223 2047 2576 2117 prudentem,
2604 2063 2669 2103 ac
2690 2047 2787 2117 qui
2811 2046 2950 2102 sciat
2974 2060 3103 2101 eum
3136 2044 3341 2109 facere.

2074 2137 2320 2209 Epicteti.
2371 2168 2441 2179 -—
2468 2138 2612 2195 Vitis
2665 2146 2777 2193 tres
2828 2135 3089 2207 producit
3138 2148 3273 2189 uvas
3303 2149 3318 2186 :
3348 2131 3582 2202 primam

2002 2228 2337 2299 voluptatis;
2369 2228 2601 2287 alteram
2616 2226 2940 2293 ebrietatis;
2968 2223 3186 2281 tertiam
3212 2219 3582 2277 contumeliae.

2075 2402 2227 2459 inter
2250 2403 2449 2479 pocula
2477 2403 2591 2461 noli
2614 2403 2909 2458 verborum
2943 2399 3157 2469 copiam
3178 2394 3434 2459 fundere,
3457 2407 3588 2447 eru-

2008 2492 2239 2550 ditionis
2254 2494 2593 2555 ostentandae
2609 2508 2773 2551 causa
2790 2509 2804 2559 ;
2830 2491 3085 2547 ﬁetenim
3109 2497 3170 2544 ut
3188 2487 3299 2543 bile
3318 2482 3583 2554 loquaris.

2011 2601 2262 2676 Ebriosus
2291 2614 2389 2676 est,
2420 2608 2511 2676 qui
2538 2604 2889 2676 pluragtribus
2919 2602 3043 2676 bibit
3060 2597 3290 2671 pocula;
3530 2663 3541 2675 ,

2009 2672 2084 2729 Ac
2105 2673 2221 2728 licet
2238 2692 2340 2729 non
2363 2671 2521 2745 fuerit
2538 2671 2858 2737 inebriatus,
2898 2671 3108 2731 modum
3140 2676 3317 2723 tamen
3348 2671 3585 2722 excessit.

2576 2825 2659 2879 SE
2667 2824 2705 2876 ll
2713 2822 2808 2877 MO
2843 2821 3031 2876 XXXI.

2214 2914 2291 2969 De
2332 2914 2569 2968 libertate
2596 2913 2842 2984 loquendi
2870 2922 2918 2966 et
2940 2910 3384 2982 reprehendendi.

2079 3003 2239 3058 Joan.
2275 3018 2372 3067 vn,
2420 3003 2473 3056 4.
2501 3032 2573 3041 -
2601 3002 2776 3056 Nemo
2825 3002 2882 3056 in
2920 3002 3140 3057 occulto
3171 3000 3306 3071 quid
3345 2997 3498 3062 facit,
3534 3005 3591 3051 et

2011 3095 2208 3166 quaerit
2225 3095 2339 3165 ipse
2366 3094 2550 3148 clarus
2580 3108 2724 3147 esse.

2069 3183 2100 3237 1
2120 3166 2281 3236 Ιοιιη.
2301 3181 2455 3244 "1,2!
2475 3223 2487 3235 .
2510 3211 2581 3221 -—
2598 3180 2654 3235 Si
2688 3196 2785 3236 cor
2820 3182 3072 3235 nostrum
3100 3196 3210 3253 non
3234 3177 3593 3249 reprehendit

2011 3289 2134 3338 nos,
2166 3272 2421 3327 ﬁduciam
2452 3272 2720 3326 habemus
2758 3272 2827 3325 ad
2854 3274 3029 3327 Deum
3064 3289 3078 3324 :
3108 3281 3164 3326 et
3192 3270 3461 3341 quidquid
3492 3284 3591 3339 pe-

2012 3364 2289 3428 tierimus,
2321 3362 2656 3431 accipiemus
2679 3361 2748 3417 ab
2784 3378 2872 3426 eo,
2896 3362 3161 3433 quoniam
3190 3362 3446 3415 mandata
3470 3361 3595 3430 ejus

2012 3453 2376 3520 custodimus,
2408 3461 2463 3507 et
2504 3467 2570 3507 ea
2609 3467 2730 3522 qua:
2755 3461 2883 3509 sunt
2910 3453 3108 3521 placita
3151 3466 3340 3505 coram
3379 3466 3466 3517 eo,
3502 3451 3589 3504 fa-

2013 3544 2210 3599 cimus.

2083 3633 2243 3688 Prov.
2276 3648 2416 3698 xvn,
2453 3634 2542 3689 14.
2570 3666 2641 3675 -
2681 3634 3018 3689 Potestatem
3065 3630 3159 3686 dat
3216 3616 3593 3700 sermonibus,

2013 3723 2349 3794 principium
2373 3724 2627 3794 iustitiae.
3110 3709 3121 3722 ’

2081 3816 2245 3870 Eccli.
2275 3831 2388 3880 rm,
2422 3816 2507 3869 15.
2528 3846 2599 3855 -
2622 3814 2701 3873 Νι
2718 3815 2990 3871 accendas
3016 3817 3291 3873 carbones
3311 3814 3595 3886 arguendo

2013 3916 2351 3978 peceatores,
2389 3922 2460 3963 ne
2488 3907 2800 3963 incenderis
2827 3906 3043 3964 ﬂamma
3064 3909 3206 3980 ignis
3238 3918 3592 3979 peccatorum

2015 4000 2282 4070 ipsorum.

2085 4087 2292 4142 Basilii.
2331 4118 2402 4127 —
2430 4087 2660 4143 Videtur
2684 4086 3043 4157 reprehensio
3072 4088 3180 4142 hoc
3227 4096 3502 4157 spectare,
3533 4097 3595 4142 ut

2015 4179 2062 4234 is
2086 4179 2179 4248 qui
2213 4178 2466 4248 deliquit,
2495 4178 2851 4245 emendetur;
2876 4177 3189 4233 convicium
3220 4193 3375 4245 vero,
3407 4187 3468 4233 ut
3491 4179 3588 4249 qui

2015 4267 2265 4330 oll‘endit,
2292 4268 2499 4337 probro
2526 4268 2813 4323 adiciatur.

2087 4357 2252 4431 619
2281 4357 2385 4424 Qui
2415 4367 2578 4422 tacet,
2616 4374 2720 4412 nec
2754 4365 3043 4427 peceatum
3078 4357 3267 4413 fratris
3306 4358 3591 4428 coarguit,

2019 4449 2413 4504 immisericors
2448 4458 2553 4513 est,
2595 4449 2741 4503 haud
2776 4464 2937 4505 secus
2962 4465 3025 4505 ac
3052 4450 3149 4520 qui
3183 4450 3242 4503 in
3285 4464 3529 4503 morsum
3562 4463 3595 4503 a

2018 4549 2278 4610 serpente
2311 4554 2585 4595 venenum
2609 4540 2877 4594 immittit.

2090 4631 2355 4703 Theologi.
2393 4661 2463 4673 -—-
2495 4631 2679 4701 Longe
2728 4639 2985 4701 praestat,
3044 4630 3244 4685 minori
3291 4629 3482 4685 dolore
3528 4646 3596 4686 ac

2019 4724 2270 4778 molestia
2301 4722 2593 4777 maximam
2625 4722 2919 4777 utilitatem
2950 4721 3178 4787 aﬂ‘erre,
3210 4737 3375 4792 quam
3403 4737 3593 4792 perse-

2016 4814 2240 4884 quendo
2299 4814 2447 4884 quod
2494 4815 2775 4884 voluptate
2822 4815 3073 4881 deliniat,
3113 4815 3287 4885 ipsius
3344 4814 3595 4885 capitalis

2010 4907 2239 4977 iacturae
2268 4914 2550 4960 auctorem
2584 4921 2725 4961 esse.

2090 4997 2286 5051 Melius
2335 4998 2594 5052 existimo
2640 4998 2817 5069 argui,
2877 5013 3042 5068 quam
3070 5012 3341 5068 arguere;
3385 5006 3597 5067 quanto

1603 5110 1839 5165 ἾᾹΚΙίΕ
1882 5109 2289 5165 LECTIONES.

414 5197 460 5229 ’ν
489 5198 549 5253 In
572 5199 736 5256 Gesn.
772 5198 921 5255 Stob.
957 5201 1044 5255 67.
1117 5202 1161 5233 ⁶⁰
1200 5200 1364 5257 Gesn.
1395 5200 1628 5272 τηροῦμ.
1670 5200 1886 5272 ποιοῠμ.

1892 5291 2126 5348 NOTAE.

416 5380 500 5456 (ιι)
533 5383 711 5449 Ζητεῖ
724 5383 907 5456 αὐτὸς
938 5385 1010 5456 ἐν
1041 5387 1347 5455 «omnem
1383 5383 1555 5441 εἶναι.
1582 5387 1735 5452 Quod
1769 5388 1915 5456 lege-

347 5459 436 5503 rat
460 5455 624 5506 Gesn.
686 5455 836 5515 αὐτὸ,
886 5455 1159 5523 habetque
1194 5456 1426 5511 Ballesd.
1475 5458 1645 5523 αὐτῷ,
1678 5455 1914 5525 probare

349 5534 457 5588 non
480 5521 655 5588 potui,
681 5523 968 5585 neeullos
1011 5525 1342 5588 interpretes
1398 5526 1684 5588 agnovisse
1721 5527 1916 5588 depre-

353 5541 457 5571 non
481 5541 655 5588 νηιιιι,
681 5541 968 5585 nec_-uuos
1011 5541 1342 5595 Interpretes
1398 5541 1684 5595 agnovnsse
1721 5541 1914 5594 uepre-

353 5586 559 5665 ζωραῖς
591 5592 875 5665 emendavi
905 5609 1054 5664 ergo,
1085 5596 1230 5664 quod
1263 5610 1417 5649 sacer
1440 5603 1624 5649 textus
1659 5596 1914 5665 vulgatus

352 5655 540 5724 habet,
564 5661 744 5727 αὐτὸς,
769 5655 1013 5732 ρειηᾳιῖε
1036 5655 1144 5720 ῐοίε
1185 5667 1377 5722 series.
1404 5665 1484 5729 τὸ,
1526 5668 1581 5718 ὲν
1606 5655 1911 5736 «oppida,

2014 5391 2225 5466 clarum
2250 5406 2392 5466 esse,
2424 5390 2564 5444 fama
2604 5392 2902 5466 celebrem,
2929 5402 2998 5466 et
3043 5396 3137 5466 qui
3171 5398 3415 5451 omnium
3446 5412 3590 5466 pra:—

2016 5462 2182 5537 conio
2207 5460 2537 5537 celebretur,
2560 5477 2668 5514 non
2710 5463 3029 5537 prior_vidit
3050 5460 3210 5530 Beza,
3251 5469 3347 5521 sed
3376 5460 3593 5537 antiqui

2021 5531 2287 5610 przeivere
2331 5530 2706 5600 interpretes,
2767 5541 2824 5585 et
2872 5533 2929 5586 in
2986 5533 3096 5590 illis
3150 5537 3243 5606 qui
3314 5530 3637 5610 Polygletu

2020 5609 2254 5654 exstant.

2097 5668 2169 5741 (ιι)
2228 5669 2441 5733 Μεῖζον
2477 5671 2542 5725 τὸ
2569 5670 2951 5740 ἐλεγχθῆναι.
2980 5672 3071 5730 Sic
3100 5676 3237 5731 bene
3294 5679 3459 5733 Gesn.
3490 5683 3593 5735 etsi
