4066 6146
512 297 614 361 887

1640 289 1699 353 s.
1739 293 2025 381 MAXIM!
2061 289 2568 355 CONFESSORIS

3667 300 3783 362 888

508 408 700 478 potius
744 414 829 462 est
867 414 919 460 te
944 421 988 459 'a
1028 400 1174 459 malo
1201 405 1425 460 liberari
1452 445 1466 471 ,
1504 420 1668 477 quam
1705 414 1768 460 ut
1803 405 1971 459 alium
2026 405 2081 459 li-

2198 406 2436 476 νομίζω·
2490 409 2600 478 ὅσῳ
2637 408 2821 479 μεῖζόν
2851 406 2997 462 ἐστιν
3021 449 3035 473 ,
3082 408 3142 461 τδ
3187 408 3349 462 αὑτὸν
3383 386 3784 481 ἀπαλλαγῆναι

511 491 693 554 beres.

573 590 842 659 Chrysost.
877 618 944 627 —
975 587 1184 653 Quovis
1214 587 1379 642 modo
1411 588 1585 642 libere
1629 587 1804 657 loqui,
1844 586 2090 657 vulgaris

2197 497 2390 559 κακοῦ,
2417 498 2511 551 τοῦ
2537 499 2696 554 ἄλλον
2723 501 3053 567 ἀπαλλάξαι.

2266 590 2567 656 Χρυσόστ.
2595 619 2664 630 -
2688 591 2763 645 Τδ
2792 592 2890 661 μὲν
2914 589 3101 653 ἁπλῶς
3131 588 3632 661 παρρησιάζεσθαι,
3676 592 3786 645 καὶ

507 681 672 734 etiam
715 678 962 732 hominis
989 693 1373 747 saepenumero
1406 677 1510 743 sit;
1549 678 1630 732 sic
1679 693 1812 732 vero
1841 677 1991 746 loqui
2029 686 2081 731 ul

2193 680 2304 733 τῶν
2343 684 2611 752 τυχόντων
2631 684 2674 715 ⁶¹
2722 684 3014 747 πολλάκις·
3058 683 3122 735 τὸ
3168 680 3346 745 δὲέίς
3393 683 3455 736 τὸ
3501 684 3620 736 δέον
3672 685 3785 737 καὶ

507 770 671 824 cilicii
705 770 845 825 ratio
877 770 1078 839 poscit,
1109 779 1165 823 et
1197 769 1549 823 convenienti
1583 779 1851 839 tempore,
1882 779 2081 823 etcum

2193 771 2374 841 καιρῷ
2408 772 2486 842 τῷ
2527 775 2898 844 προσήκοντι,
2932 775 3028 827 καὶ
3080 774 3220 843 μετὰ
3254 774 3353 842 τῆς
3387 775 3784 845 ἁρμοττούσης

507 861 888 916 moderatione
938 877 1180 933 congrua
1216 872 1272 917 et
1321 863 1615 934 prudentia
1654 876 1766 915 rem
1795 870 2086 930 praestare,

506 951 560 1005 id
590 966 721 1005 vero
746 966 1004 1022 magnum
1024 953 1183 1008 valde
1218 954 1462 1009 animum
1494 963 1550 1010 et
1583 953 1971 1008 admirandum
2002 968 2090 1008 re-

506 1042 701 1112 quirit,

494 1138 501 1155 "
572 1132 939 1209 Vita'legibus
978 1138 1250 1203 instituta,
1277 1137 1541 1207 loquendi
1577 1138 1893 1193 libertatem
1933 1138 2084 1193 facit.

572 1231 804 1285 Maxima
837 1232 1068 1287 libertas
1108 1218 1172 1286 ac
1202 1231 1424 1296 ﬁducia,
1458 1232 1780 1286 existimare
1821 1246 1941 1285 eam
1985 1231 2085 1286 tibi

504 1321 734 1385 deesse;
766 1328 827 1374 ut
873 1330 928 1376 et
974 1305 1165 1377 contra
1199 1322 1379 1391 pudor
1433 1322 1726 1385 maximus,
1779 1321 2085 1391 justiﬁeare

504 1413 746 1482 seipsum
776 1413 922 1482 apud
968 1414 1261 1468 Dominum
1291 1431 1303 1466 :
1340 1429 1405 1469 ac
1430 1414 1511 1468 rei
1545 1422 1736 1501 testes,
1778 1414 2085 1493 Pharisaeus

505 1510 559 1555 et
601 1501 934 1571 publicanus
968 1503 1273 1571 locupletes
1296 1511 1443 1556 sunt.

487 1605 495 1612 ·
562 1588 860 1643 Phociom's.
887 1590 956 1629 —-'
987 1589 1126 1645 Cum
1155 1590 1453 1659 aliquando
1496 1590 1742 1645 Phocion
1779 1589 2081 1644 Athenien-

502 1682 597 1745 sis,
625 1697 734 1736 non
768 1681 835 1735 ad
862 1671 1121 1752 gratiam,
1141 1682 1236 1737 sed
1268 1682 1335 1736 ad
1359 1683 1655 1736 utilitatem
1684 1682 1917 1736 Athenis
1946 1697 2081 1736 eon-

2194 863 2541 933 συμμετρίας
2568 867 2663 917 καὶ
2688 865 2952 929 συνέσεως
2989 864 3068 936 τῷ
3113 866 3399 936 πράγματι
3429 866 3777 938 χρήσασθαι,

2196 953 2438 1023 μεγάλης
2459 954 2581 1007 λίαν
2606 957 2699 1008 καὶ
2729 956 3050 1027 θαυμαστῆς
3085 956 3255 1009 δεῖται
3282 956 3481 1028 ψυχῆς.

2176 1146 2203 1171 -'
2266 1133 2528 1202 Ἔννομος
2562 1132 2674 1203 ζωὴ
2696 1172 2710 1195 ,
2741 1122 3058 1205 παρρησίας
3081 1132 3433 1204 δημιουργός.

2178 1232 2181 1235 ·
2259 1224 2510 1294 Μεγίστη
2540 1225 2823 1295 παρρησία
2849 1265 2864 1289 ,
2890 1224 2953 1277 τὸ
2984 1226 3061 1294 μὴ
3090 1224 3335 1294 νομίζειν
3364 1224 3510 1293 ἔχειν
3542 1226 3779 1297 παρρη-

2192 1316 2339 1368 σίαν·
2373 1315 2562 1386 ὥσπερ
2588 1313 2680 1371 οὖν
2719 1317 2948 1387 αἰσχύνη
2984 1318 3241 1387 μεγίστη,
3278 1316 3340 1369 τὸ
3365 1317 3610 1369 δικαιοῦν
3639 1320 3778 1371 ἐαυ-

2188 1406 2278 1459 τὸν
2304 1405 2532 1460 ἐνώπιον
2566 1400 2811 1479 Κυρίου”
2865 1410 2961 1461 καὶ
2992 1409 3206 1479 μάρτυς
3232 1408 3338 1487 τῶν
3366 1408 3699 1479 λεγομένων,
3738 1412 3775 1464 6

2187 1499 2481 1568 Φαρισαῖος
2520 1499 2612 1551 καὶ
2646 1501 2673 1550 6
2712 1498 2987 1568 Τελὼνης.
3084 1500 3087 1503 ’
3306 1508 3317 1514 “

2174 1618 2179 1625 -
2257 1589 2519 1644 Φωκίων.
2544 1618 2614 1628 —-
2640 1589 2928 1653 Φωκίωνος
2980 1590 3111 1643 ποτέ
3138 1589 3232 1642 τοῦ
3272 1589 3560 1658 Ἀθηναίου
3589 1590 3773 1661 δημη-

2188 1678 2496 1749 γοροῦντος,
2525 1679 2586 1731 οὐ
2614 1679 2682 1731 τά
2708 1679 3047 1750 πρδςχάριν,
3073 1680 3210 1732 ἀλλὰ
3234 1680 3303 1733 τὰ
3334 1681 3470 1750 πρὸς
3496 1681 3770 1749 ὠφέλειαν

504 1773 825 1853 cionaretur
845 1814 859 1837 ,
900 1773 1064 1843 eique
1101 1774 1372 1828 Damades
1399 1781 1588 1828 orator
1611 1762 1842 1828 dixisset
1881 1792 1892 1825 :
1922 1771 2081 1827 Occi-

2186 1742 2300 1831 τοές
2339 1770 2646 1839 Ἀθηναίοις
2666 1788 2679 1801 ·
2711 1742 2963 1838 Δαμάδοῦ
2996 1742 3053 1824 δέ
3086 1772 3180 1825 τοῦ
3217 1742 3449 1843 ῥήτορος
3479 1742 3769 1844 εἰρηκότος

500 1867 595 1920 det
630 1876 680 1921 te
728 1867 986 1937 populus,
1038 1867 1320 1931 Phocion,
1356 1867 1402 1921 si
1437 1854 1764 1923 insanierit:
1800 1866 1877 1922 Te
1925 1882 2081 1947 vero,

501 1955 682 2025 inquit
709 1954 819 2019 ille,
851 1956 896 2009 si
929 1970 1075 2010 sana:
1098 1956 1296 2011 mentis
1325 1957 1623 2011 exstiterit.
1824 1962 1829 1967 ‘
1860 1962 1865 1967 ’

576 2045 872 2099 Plutarchi.
892 2046 1094 2101 -—Nec
1117 2062 1147 2100 e
1180 2047 1387 2101 mundo
1423 2048 1502 2102 sol
1531 2048 1835 2130 tollendus,
1870 2065 1973 2129 nec
2000 2050 2085 2136 lo.-

503 2136 709 2207 quendi
739 2137 969 2193 libertas
990 2153 1053 2193 ex
1076 2138 1367 2192 hominum
1395 2140 1732 2195 eliminanda
1760 2156 2082 2212 congressu.

490 2252 499 2257 ·
573 2227 868 2282 Xenochar.
896 2256 964 2269 -
996 2228 1343 2283 Xenocharis
1376 2230 1746 2298 philosophus
1775 2231 1842 2284 de
1887 2233 2084 2287 obsce-

500 2318 590 2374 nis
609 2318 942 2390 quibusdam
967 2319 1263 2391 aliquando
1285 2327 1527 2389 rogatus,
1552 2335 1678 2395 cum
1701 2320 1836 2375 nihil
1857 2336 2087 2391 respon-

2186 1861 2355 1931 αὐτῷ,
2391 1862 2775 1914 Ἀποκτενοῦσί
2807 1879 2887 1925 σε,
2920 1859 2964 1915 ὦ
2988 1863 3235 1927 Φωκίων,
3271 1865 3300 1915 6
3332 1864 3527 1933 δῆμος,
3555 1864 3623 1933 ἢν
3655 1882 3767 1935 μα-

2187 1954 2319 2005 νῶσι
2342 1968 2354 1981 °
2390 1953 2458 2005 Σὲ
2487 1953 2566 2012 δέ,
2600 1948 2777 2017 εἶπεν,
2813 1952 2878 2006 ἂν
2913 1953 3286 2021 σωφρονῶσιν.

2256 2048 2477 2099 Πλουτ.
2506 2043 2729 2097 -Οῦτε
2762 2047 2825 2097 ἐκ
2852 2045 2946 2096 τοῦ
2979 2044 3185 2114 κόσμου
3215 2045 3308 2096 τὸν
3334 2045 3513 2114 ἥλιον,
3540 2042 3665 2097 οῦτε
3697 2044 3765 2099 ἐκ

2184 2127 2525 2208 τῆςόμιλίας
2556 2138 2653 2209 τὴν
2677 2137 3027 2221 παρρησίαν.·
3096 2152 3105 2159 ·

2172 2248 2187 2267 κ
2257 2229 2958 2299 Ξενόχαρ.-Ξενόχαρις
3007 2230 3036 2281 6
3086 2228 3379 2297 φιλόσοφος
3410 2268 3424 2283 .
3466 2227 3764 2300 ἐρωτηθεὶς

2188 2322 2293 2376 ὑπό
2338 2339 2483 2384 τινος
2523 2322 2651 2389 περί
2679 2338 2841 2373 τινων
2869 2321 3135 2399 αίσχρῶν,
3162 2321 3257 2398 καὶ
3284 2320 3359 2388 μὴ
3393 2320 3764 2389 ἀποκρινόμε-

486 2410 685 2475 ’ᾶοι-θι,
709 2420 767 2467 et
800 2411 848 2465 is
867 2410 961 2480 qui
988 2411 1430 2480 interrogaverat
1458 2394 1667 2465 silentii
1695 2426 1915 2466 causam
1940 2428 2081 2481 quaa-

2187 2402 2308 2476 νοςο
2356 2411 2565 2465 ἐκείνου
2599 2411 2656 2463 δέ
2686 2412 2954 2474 εἰπόντος,
3000 2410 3066 2462 Τί
3100 2394 3347 2479 σιωπᾷςς
3399 2409 3536 2479 Περὶ
3580 2408 3761 2465 τοιού-

502 2511 654 2557 reret
689 2520 701 2555 :
729 2502 806 2557 De
838 2502 1062 2567 talibus,
1093 2501 1293 2572 inquit,
1336 2510 1388 2557 te
1425 2516 1622 2572 rogare
1650 2501 1830 2566 decet,
1862 2517 1950 2556 me
1984 2518 2085 2557 au-

503 2602 613 2648 tem
644 2601 848 2649 tacere.
920 2606 925 2609 ’

488 2687 497 2695 ’
574 2684 923 2740 Isocratis.—
943 2687 1021 2740 Da
1066 2686 1379 2741 libertatem
1402 2682 1667 2755 loquendi
1693 2687 1828 2741 viris
1850 2687 2087 2756 pruden-

2184 2524 2313 2571 των,
2347 2505 2474 2575 ἐφη,
2507 2504 2591 2556 σοὶ
2622 2505 2721 2575 μὲν
2744 2502 2976 2573 ἐρωτᾷν,
3009 2501 3134 2572 ἐμοὶ
3160 2500 3215 2553 δὲ
3249 2500 3323 2571 μὴ
3353 2498 3759 2570 ἀποκρίνασθαι

2187 2598 2410 2669 πρέπει.
2536 2606 2561 2633 ·’
2722 2602 2731 2606 ’
2767 2601 2795 2619 ’·
2828 2668 2836 2675 .
2988 2602 2991 2607 ⁴
3116 2600 3157 2613 “’
3219 2611 3224 2615 ”

2277 2684 2662 2757 Ἰσοκρὰτ.’-
2696 2686 2849 2740 Δίδου
2882 2685 3199 2757 παρρησίαν
3223 2687 3329 2745 τοῖς
3350 2678 3410 2735 εὖ
3434 2677 3750 2751 φρονοῦσιν,

505 2772 676 2841 tibus,
707 2786 769 2830 ut
789 2776 857 2830 de
887 2776 1091 2845 quibus
1120 2777 1383 2847 ambigis,
1408 2778 1613 2833 habeas
1638 2778 1733 2847 qui
1772 2789 1955 2833 tecum
1987 2793 2081 2832 ex-

2186 2784 2274 2838 ἵνα
2321 2782 2451 2853 περὶ
2500 2774 2576 2834 ὧν
2631 2777 2964 2850 ἀμφιγνοίης
2998 2761 3017 2844 ,’
3065 2777 3192 2848 ἔχῃς
3243 2776 3369 2837 τοὺς
3424 2769 3757 2841 συνδοκιμά-

504 2868 733 2935 quirant
759 2882 825 2920 ac
848 2866 1121 2937 judicent.

571 2956 859 3011 Democrit.
896 2987 966 2998 ——
1007 2957 1144 3011 Cum
1192 2959 1540 3014 Democritus
1581 2974 1685 3028 pro
1735 2960 2107 3014 Atheniensi-°

2188 2889 2991 3036 σοῗτῗιῖρκρίτ.-έ-Δημοκρίτου
3025 2954 3422 3026 πρεσϐεύοντός
3455 2968 3590 3006 ποτε
3615 2949 3758 3021 ὑπὲρ

503 3048 609 3102 bus
666 3048 812 3116 apud
888 3032 1532 3119 Philippum'legatione
1588 3050 1955 3121 fungeretur,
2018 3068 2081 3106 ac

2199 3061 2500 3130 Ἀθηναίων
2534 3033 2670 3125 πρὸς
2700 3054 3001 3115 Φίλιππον,
3053 3052 3148 3104 καὶ
3182 3048 3468 3121 παρρησίᾳ
3509 3046 3759 3115 διαλεγο-

486 3137 741 3207 liberius
784 3138 1127 3209 loqueretur,
1180 3139 1248 3194 ad
1290 3156 1417 3195 eum
1456 3141 1741 3211 Philippus
1777 3143 2079 3211 :Nunquid

486 3227 667 3294 ,times
719 3244 789 3282 ne
844 3228 943 3283 tibi
995 3237 1162 3298 caput
1207 3232 1429 3309 jubeam
1467 3233 1885 3301 amputari?Ad
1915 3251 2080 3304 quem

482 3318 597 3389 ,ille
630 3319 837 3384 :Nihil,
873 3320 1129 3389 inquam;
1160 3338 1286 3377 nam
1310 3322 1357 3377 si
1386 3332 1550 3392 caput
1571 3324 1883 3390 abstuleris,
1906 3327 2079 3401 patria

484 3408 682 3481 ipsum
716 3409 852 3473 mihi
888 3411 1199 3465 immortale
1229 3421 1478 3481 reponet.
1510 3462 1513 3465 ,

570 3498 904 3570 Pythagorea.
937 3531 1008 3540 —-
1032 3502 1257 3556 Dicente
1284 3504 1524 3572 quodam
1562 3523 1573 3556 :
1606 3505 1776 3559 Valde
1821 3521 1906 3560 me
1948 3521 2080 3575 βενε

484 3592 727 3674 ἐιτὶιιείε
761 3593 1129 3663 suggillasque
1160 3611 1174 3648 :
1202 3594 1367 3659 Sane,
1400 3595 1611 3665 inquit;
1656 3613 1783 3674 nam
1818 3598 2078 3666 splenicis

500 3697 693 3751 aspera
720 3693 957 3752 prosunt
1003 3692 1168 3754 atque
1225 3697 1446 3742 austera
1497 3696 1554 3742 et
1602 3670 1837 3756 acerba,
1895 3690 2076 3745 dulcia

398 3778 407 3781 ”
498 3788 631 3827 vero
667 3774 829 3827 noxia
852 3787 1000 3830 sunt.
1031 3820 1036 3826 .
1148 3807 1156 3812 -

484 3924 490 3935 ι
568 3861 796 3934 Epicteti
821 3873 869 3917 et
909 3864 1173 3921 Isocratis.
1201 3898 1270 3908 ——
1298 3868 1487 3938 Neque
1512 3867 1693 3938 gladio
1723 3869 1940 3932 obtuso,
1974 3885 2076 3924 ne-

497 3962 619 4020 que:
647 3951 962 4009 inordinata
983 3955 1242 4011 libertate
1276 3958 1542 4035 loquendi
1570 3958 1837 4019 utendum
1862 3968 1967 4013 est.

484 4088 491 4097 .
567 4044 651 4098 Ex
690 4043 926 4102 Ariston.
956 4078 1026 4087 —
1070 4048 1553 4115 Quemadmodum
1602 4051 1709 4104 mel
1760 4050 2075 4105 exulcerata

487 4135 660 4214 .620
686 4136 921 4204 mordet,
959 4138 1025 4192 iis
1040 4148 1218 4194 autem
1257 4156 1382 4210 qua:
1409 4150 1539 4195 sunt
1569 4156 1637 4194 ex
1658 4149 1880 4203 natura,
1908 4156 2073 4196 suave

495 4236 611 4291 est;
664 4226 745 4281 sic
775 4236 832 4281 et
864 4229 1320 4300 philosophorum
1364 4248 1547 4286 sermo
1578 4247 1642 4285 ac
1689 4232 1963 4285 doctrina.

482 4388 489 4393 D
521 4358 525 4362 η
566 4316 802 4373 Perinde
834 4319 986 4383 facit,
1012 4322 1110 4389 qui
1152 4336 1219 4375 ex
1243 4322 1494 4377 oratione
1545 4323 1858 4377 libertatem
1907 4323 2069 4389 tollit,

495 4425 560 4465 ac
591 4408 637 4464 si
665 4425 731 4463 ex
762 4410 1047 4465 absinthio
1076 4412 1438 4479 acrimoniam
1478 4413 1751 4469 sublatam
1776 4413 1928 4469 velit.
1962 4404 1969 4409 ’

564 4498 774 4554 Hermi:
823 4508 872 4553 et
909 4500 1121 4555 Isidori.
1152 4532 1224 4543 —-
1250 4503 1633 4572 Reprehensio
1669 4505 1887 4574 agnita,
1920 4521 1953 4559 ο
1986 4522 2073 4560 re-

424 4600 431 4607 ‘
494 4606 623 4662 gum
652 4592 909 4658 maxime,
935 4608 1062 4647 eum
1095 4593 1192 4664 qui
1227 4594 1299 4648 sit
1349 4596 1741 4664 reprehensus,
1783 4597 1851 4651 ad
1876 4612 2070 4651 eorum

2190 3154 2353 3223 μένου
2378 3169 2391 3185 ο
2424 3153 2453 3204 ό
2482 3150 2768 3209 Φίλιππος,
2819 3146 2893 3198 Οὐ
2922 3142 3086 3211 φοϐοῦ
3126 3141 3199 3212 μὴ
3229 3140 3327 3211 τὴν
3358 3139 3605 3207 κεφαλήν
3640 3153 3755 3202 σου,

2163 3248 2289 3314 ἐφη
2315 3289 2330 3311 ,
2381 3241 2672 3314 προστάξω
2714 3235 3116 3305 ἁφαιρεθῆναις
3149 3234 3247 3301 Οῦ,
3292 3231 3493 3301 φησίνο
3525 3230 3620 3284 ἐὰν
3653 3229 3757 3298 γὰρ

2186 3338 2250 3393 σύ
2294 3354 2396 3407 μου
2436 3334 2643 3404 ταύτην
2687 3329 2926 3399 ἀφέλῃς,
2962 3327 2996 3396 ἠ
3038 3324 3235 3396 πατρίς
3289 3314 3591 3394 μοιάὐτὴν
3624 3321 3757 3376 ἀθά-

2160 3448 2341 3494 ,νατον
2371 3429 2658 3497 ἀναθήσει.
3092 3464 3097 3467 ,

2254 3519 2846 3590 Πυθαγ.-Φήσαντός
2874 3533 3042 3579 τινος,
3071 3514 3209 3567 Δίαν
3242 3527 3334 3578 μοι
3364 3505 3751 3569 ἐπισκώπτεις,

2181 3615 2321 3683 ἔφης
2366 3614 2475 3666 Καὶ
2514 3612 2622 3681 γὰρ
2659 3612 2773 3673 τοῖς
2825 3608 3137 3677 σπληνικοῖς
3165 3601 3235 3654 τὰ
3268 3600 3369 3669 μὲν
3397 3598 3627 3669 δριμαῖα
3660 3595 3756 3649 καὶ

2182 3705 2377 3776 πικρὰ,
2405 3703 2662 3772 ὠφέλιμα
2681 3719 2693 3733 ο
2726 3701 2794 3754 τὰ
2820 3700 2877 3754 δὲ
2902 3699 3160 3768 γλυκαϊα,
3200 3691 3470 3763 βλαϐερά.

2170 3926 2173 3933 ,
2261 3877 2354 3927 Ἐκ
2391 3874 2508 3927 τῶν
2551 3876 2779 3927 Ἐπικτ.
2810 3870 2906 3923 καὶ
2947 3869 3164 3933 Ἰσοκρ.
3195 3892 3266 3903 -·-
3303 3859 3444 3914 Οῦτε
3477 3859 3753 3929 μάχαιραν

2179 3967 2446 4036 ἀμϐλείαν
2466 3981 2479 3994 ·
2511 3964 2634 4017 οὕτε
2666 3950 2980 4033 παρρησίαν
3014 3959 3247 4013 ἄτακτον
3275 3953 3421 4021 ἔχειν
3459 3950 3561 4003 δεῖ.

2263 4061 2362 4111 Ἕκ
2403 4056 2522 4111 τῶν
2573 4053 3023 4122 Ἀριστωνύμου.
3069 4048 3371 4114 -Ὢσπερ
3413 4043 3477 4096 τὸ
3526 4041 3648 4110 μέλι
3684 4036 3753 4092 τὰ

2178 4146 2473 4218 ἡλκωμένα
2516 4144 2732 4197 δάκνει·
2767 4144 2880 4203 τοῖς
2923 4140 2978 4192 δὲ
3025 4136 3166 4191 κατὰ
3211 4134 3375 4209 φύσιν
3422 4129 3522 4202 ἡδύ
3566 4131 3749 4182 ἐστιν’

2179 4238 2322 4292 οὕτω
2354 4237 2447 4290 καὶ
2472 4236 2521 4287 οξ
2548 4236 2613 4287 ἐκ
2644 4232 2962 4301 φιλοσοφίας
2993 4230 3161 4294 λόγοι.
3210 4273 3221 4279 -

2168 4378 2171 4383 ,
2248 4329 2477 4397 Ὅμοιον
2502 4324 2748 4394 ἀψινθίου
2771 4323 2957 4394 δριμὺ,
2988 4318 3081 4377 καὶ
3109 4318 3267 4384 λόγου
3298 4314 3399 4383 τὴν
3436 4308 3755 4383 παρρησίαν

2104 4428 2147 4480 D
2176 4418 2407 4487 ἐκκόψαι
2423 4458 2436 4479 ,
2472 4417 2678 4486 ὅμοιον.
2896 4484 2901 4485 γ
3591 4435 3596 4439 '

2264 4483 2473 4577 Ἑρμοῦ
2506 4483 2605 4579 καὶ,
2644 4503 2861 4561 Ἰσιδώ.
2890 4484 2959 4544 έ-
2987 4501 3245 4566 Ἔλεγχος
3278 4490 3643 4579 ἐπιγνωσθεὶς
3668 4530 3683 4553 ,
3710 4483 3754 4541 ὦ

2182 4599 2404 4670 μέγιστε
2415 4594 2671 4658 Βασιλεῦ,
2690 4596 2771 4656 είς
2797 4589 3088 4661 ἐπιθυμίαν
3112 4585 3265 4657 φέρει
3293 4583 3386 4638 τὸν
3403 4578 3755 4649 ἐλεγχθέντα,

495 4682 858 4759 cupiditatem
897 4683 1085 4752 ducit,
1114 4701 1350 4756 quorum
1395 4693 1555 4741 antea
1586 4686 1892 4757 ignorantia
1923 4686 2077 4743 labo-

2181 4686 2248 4746 ὧν
2280 4675 2546 4762 πρότερον
2571 4687 2671 4740 οὐκ
2701 4687 2837 4757 ᾔδει.

495 4776 673 4833 rabat.

565 4865 773 4921 Socrat.
804 4865 1196 4920 —Libertatis
1249 4864 1545 4932 loquendi,
1585 4866 1735 4919 velut
1782 4880 2073 4935 pomorum

479 4956 713 5025 ,dulcior
728 4955 906 5025 gratia
931 4970 1176 5025 congruo
1213 4963 1457 5023 tempore
1482 4955 1719 5011 exsistit.

2244 4864 2503 4933 Σωκράτ.
2531 4893 2602 4904 -—-
2635 4862 2748 4932 Τῆς
2770 4846 3087 4931 παρρησίας
3114 4853 3302 4921 ὥσπερ
3331 4847 3560 4919 ὀπώρας
3586 4843 3665 4918 (π)
3695 4844 3757 4899 ἐν

2174 4958 2351 5027 καιρῷ
2378 4958 2411 5025 ἡ
2443 4955 2602 5028 χάρις
2627 4953 2784 5024 ἡδεῖα
2801 4950 2881 5005 ⁸⁸.

1796 5066 2030 5125 VARle
2060 5069 2351 5127 LECTION
2361 5066 2466 5121 ES.

567 5158 609 5187 “
636 5154 801 5209 Gesn.
837 5154 930 5207 τοῦ
970 5156 1243 5224 τυχόντος.
1322 5158 1366 5189 ⁸⁸
1405 5155 1570 5212 Gesn.
1626 5157 1807 5226 ἡδίων.

2049 5273 2278 5329 NOTAE.

494 5359 775 5413 contrario
805 5375 969 5415 sensu
1002 5360 1226 5423 reddat;
1251 5362 1401 5416 velut
1428 5362 1591 5415 etiam
1621 5362 1788 5416 habet
1826 5361 2059 5419 Ballesd.

492 5428 586 5479 τοῦ
616 5428 937 5499 ἐλεγχθῆναι
966 5430 1025 5483 τὸ
1057 5430 1397 5497 ἐλέγξαι,ουί
1424 5432 1639 5485 Maximi
1672 5433 1810 5485 ratio
1835 5443 2058 5499 pugnat,

537 5511 617 5569 uae
653 5497 849 5569 nititur
875 5499 1025 5569 utili;
1061 5500 1210 5569 quod
1237 5502 1449 5555 scilicet
1510 5501 1574 5566 is,
1629 5502 1721 5569 qui
1757 5497 2056 5568 reprehené

2166 5379 2398 5435 prorsus
2436 5376 2621 5435 sensu,
2647 5352 2916 5435 quidquid
2944 5350 3135 5435 Gesn;
3160 5345 3624 5435 (seuJRibbi’tiAuq)
3656 5363 3757 5435 cf..-

2165 5414 2779 5493 italus—reddere.'duid
2805 5414 2960 5499 enim
2996 5417 3137 5486 frugi
3160 5414 3320 5499 quod
3358 5414 3633 5479 reddunt,

2162 5504 2399 5563 bertam,
2428 5512 2484 5553 ηε
2508 5492 2761 5568 cujusque
2781 5493 3013 5568 partium
3042 5492 3191 5568 uniti,
3218 5492 3277 5564 in_
3304 5492 3758 5568 (conpore'gratia

538 5563 820 5639 itur,_ind_e
850 5553 1195 5639 meliori‘iat,
1220 5553 1488 5638 efoﬁquod
1517 5553 1893 5632 emendetur,
1933 5553 2055 5624 cum
2104 5638 2107 5639 ν
2165 5553 2469 5639 iucundior.
2499 5553 2641 5637 Er'go
2675 5553 2731 5620 et
2754 5553 3487 5639 saevissime-hiemis,flet
3524 5553 3757 5634 Utvcro

497 5634 923 5706 reprehendenti
959 5637 1094 5706 nihil
1125 5639 1257 5692 lucri
1289 5634 1555 5706 ejusmodi
1596 5641 1840 5693 accedat.

2102 5638 2107 5645 ’
2160 5625 2473 5698 emendavi.
2509 5625 2800 5704 devpomis
2853 5638 2909 5684 et
2931 5625 3496 5704 fructibushquorum
3546 5625 3754 5704 praeci-

573 5692 649 5771 (ιτ)
704 5703 925 5770 ’Ὠσπερ
976 5704 1228 5772 ὀπώρας.
1275 5692 1403 5762 Eia:
1442 5692 1844 5780 ὦσπεξλλῦρας,
1900 5712 2051 5766 nullo
2158 5692 2592 5782 {algidi-emus
2619 5692 2904 5766 autumno,
2950 5694 3087 5750 nihil
3119 5692 3342 5747 clarius.
3397 5692 3613 5761 Nempe
3648 5694 3755 5746 ho-
