4066 6146
333 300 439 362 389

1643 301 1809 362 LOCI
1847 301 2286 365 COMMUNES.

3493 298 3600 361 890

407 407 1045 482 Εὑσεϐἰου.-Ἐχθρός
1077 408 1148 464 τὰ
1171 407 1346 480 ἀληθῆ
1378 407 1571 474 εἰπὼν,
1603 409 1699 463 τοῦ
1733 391 1924 482 upon:

2081 412 2312 467 Eusebii.
2341 441 2413 452 -—-—
2449 409 2714 467 Inimicus
2748 409 2842 480 qui
2886 423 3016 465 vera
3068 407 3366 478 loquatur,
3420 407 3600 477 pluris

333 507 662 577 ποιουμένου
707 504 864 574 φίλου
913 504 1050 575 πρὸς
1082 503 1276 574 χάριν,
1323 503 1444 556 ἐστὶ
1501 503 1720 568 πάντως
1757 505 1912 573 αἱρε-

335 599 571 670 τώτερος
583 599 651 654 ⁸³.

899 711 1122 766 ΛΟΓΟΣ
1159 710 1264 764 AB’
1277 711 1342 764 “.

831 803 972 870 Περὶ
1025 803 1386 872 φιλοπονίας
1399 844 1412 857 .

419 899 604 953 ἰωάνκ
635 894 700 952 ε’.
731 927 802 937 -
831 896 891 948 '0
928 896 1119 966 Πατήρ
1163 911 1266 966 μου
1297 895 1402 961 ἕως
1443 895 1567 967 ἄρτι
1598 896 1911 970 ἐργάζεται,

338 990 495 1060 κάγὼ
535 989 862 1061 ἐργάζομαι.
1086 1043 1091 1048 ,
1505 1045 1508 1050 _

404 1082 589 1151 Πρὰξ.
625 1079 696 1135 κ’.
724 1112 794 1122 -
823 1081 991 1134 Αὐτοὶ
1029 1078 1326 1149 γινώσκετε
1353 1120 1369 1146 ,
1413 1079 1497 1134 ὅτι
1529 1084 1651 1144 ταῖς
1701 1081 1914 1153 χρείαις

339 1191 440 1244 μου
487 1175 582 1226 καὶ
609 1175 725 1236 τοῖς
753 1168 872 1226 οὖσι
902 1174 1022 1243 μετ’
1053 1170 1188 1242 ἐμοῦ
1213 1211 1228 1238 ,
1259 1171 1614 1242 ὑπηρέτησαν
1645 1174 1700 1225 αἱ
1734 1175 1916 1244 χεῖρες

333 1256 511 1317 αὗται.
546 1263 731 1318 Πάντα
753 1263 1006 1330 ὑπέδειξα
1041 1263 1195 1333 ὑμῖν,
1224 1264 1306 1316 ὅτι
1336 1263 1480 1317 οὕτω
1504 1266 1811 1330 κοπιῶντας
1838 1265 1919 1318 δεῖ

329 1353 833 1422 ἀντιλαμϐάνεσθαι
861 1354 972 1407 τῶν
1002 1353 1400 1428 ἀσθενούντων.
1480 1405 1488 1412 .
1631 1406 1638 1412 ,
1693 1405 1698 1408 .

404 1448 628 1514 Σολομ.
670 1451 742 1515 γ’.
761 1444 1090 1514 -Ἀγαθῶν
1120 1445 1320 1510 πόνων,
1353 1446 1567 1518 καρπὸς
1597 1446 1844 1518 εὐκλεής.

361 1613 368 1620 ’
404 1625 525 1689 Σιρ.
557 1619 668 1674 να’.
705 1649 776 1659 —
803 1617 1135 1692 Ἐργάζεσθε
1181 1617 1254 1699 τὸ.
1271 1616 1432 1686 ἔργον
1465 1619 1624 1686 ἡμῶν
1657 1617 1765 1689 πρὸ
1795 1635 1920 1671 και-

337 1713 452 1784 ροῦ,
483 1713 578 1766 καὶ
599 1711 762 1766 δώσει
787 1711 878 1764 τὸν
908 1709 1100 1782 μισθὸν
1129 1708 1285 1780 ὑμῶν
1319 1710 1376 1760 ὲν
1407 1709 1587 1782 καιρῷ
1619 1710 1808 1763 αὐτοῦ.

412 1896 628 1948 Βασιλ.
666 1921 736 1932 —
763 1890 838 1944 Τὸ
870 1889 984 1960 γὰρ
1016 1889 1166 1958 πόνῳ
1213 1886 1414 1956 κτηθὲν
1459 1887 1776 1958 περιχαρῶς
1811 1888 1919 1940 ὑπ-

337 1986 564 2055 εδέχθη,
643 1985 736 2038 καὶ⁵
805 1983 1111 2052 φιλοπόνως
1173 1980 1530 2051 διεφυλάχθη.
1593 1974 1694 2033 Ὧν
1741 1981 1920 2050 μέντοι

341 2079 632 2148 πρόχειρος
676 2077 705 2130 ὁ
739 2075 1048 2148 πορισμὸς,
1095 2074 1303 2126 τούτων
1355 2075 1391 2143 ἡ
1442 2074 1638 2142 κτῆσις
1679 2074 1921 2140 εὐκατα-

341 2171 632 2242 φρόνητος.
1051 2171 1058 2177 ’
1111 2172 1117 2176 ”
1137 2173 1142 2178 ’
1485 2169 1490 2175 ’
1909 2149 1928 2154 η

411 2261 477 2314 Τί
505 2260 615 2314 τῶν
645 2259 864 2327 ἀγαθῶν
902 2253 1163 2323 εὖκολονς
1203 2256 1300 2320 Τίς
1335 2256 1616 2310 καθεύδων
1659 2257 1924 2327 τρόπαιον

343 2351 574 2422 ἐστησες
626 2351 725 2413 Τίς
770 2347 998 2420 τρυφῶν
1049 2347 1148 2400 καὶ
1195 2345 1637 2416 καταυλούμενος
1675 2348 1785 2409 τοῖς
1825 2346 1926 2415 τῆς

280 2469 290 2475 -
343 2442 624 2502 εὐσεϐείας
669 2424 958 2508 στεφάνοις
1002 2437 1424 2508 κατεκοσμήθη;
1476 2437 1662 2499 Οὐδεὶς
1696 2436 1770 2507 μὴ
1796 2436 1929 2514 δραιτ

346 2533 464 2604 μὼν
493 2533 736 2586 ἀνείλετο
767 2530 1039 2601 βραϐεῖον.
1078 2529 1238 2583 Πόνοι
1265 2527 1496 2598 γεννῶσι
1538 2527 1718 2592 δόξαν,
1744 2527 1927 2598 κάμα-

341 2641 422 2678 τοι
446 2624 770 2696 προξενοῦσι
804 2617 1124 2690 στεφάνους.
1179 2621 1184 2630 ’
1222 2615 1240 2675 ξ

359 2865 363 2873 _
419 2801 588 2854 Θεολ.
615 2827 686 2838 -—
720 2795 1135 2868 l‘svvaté‘rspov_
1161 2795 1226 2848 ὲκ
1283 2759 1387 2846 τοῦθ
1427 2759 1620 2847 παθεῖν
1663 2794 1725 2846 τδ
1773 2759 1931 2866 φιλότ

346 2895 530 2959 σοφον,
575 2889 766 2960 ὥσπερ
808 2886 1004 2959 ψυχρῷ
1035 2881 1254 2960 σίδηρος
1277 2926 1292 2950 ,
1324 2886 1469 2940 οὕτω
1503 2889 1616 2950 τοῖς
1658 2886 1928 2950 κινδύνοις

346 2999 440 3036 στο
447 2984 548 3051 μού
558 2998 738 3051 μενον.

2013 504 2238 558 omnino
2287 503 2612 569 faciendus,
2659 505 2868 558 amico-
2902 499 3162 556 simulato
3209 499 3475 568 loquente
3528 498 3601 555 ad

2012 594 2266 664 gratiam.

2566 703 2796 760 SERMO
2831 702 3052 762 XXXII.

2347 797 2423 851 De
2450 795 2645 850 laboris
2673 795 2849 848 studio
2874 811 2936 848 ac
2977 793 3279 864 diligentia.

2081 885 2242 940 Joan.
2269 903 2323 950 v,
2360 886 2448 942 l7.
2475 915 2544 926 —
2565 887 2726 940 Pater
2738 899 2895 938 meus
2923 897 3099 953 usque
3125 880 3291 936 modo
3312 889 3598 952 operatur,

2013 985 2070 1050 et
2091 993 2194 1048 ego
2225 993 2450 1048 operor.
3366 981 3379 991 '
3467 989 3472 996 ·

2043 1059 2048 1064 ’
2087 1070 2200 1124 Act.
2235 1087 2324 1134 xx,
2365 1071 2454 1125 54.
2485 1101 2557 1112 -
2591 1069 2701 1139 Ipsi
2726 1068 2882 1123 scitis
2905 1108 2920 1132 ,
2955 1067 3217 1136 quoniam
3253 1065 3320 1120 ad
3355 1081 3439 1129 ea,
3481 1081 3604 1135 quae

2015 1148 2156 1212 mihi
2179 1174 2318 1228 opus
2334 1167 2512 1222 erant,
2563 1166 2620 1212 et
2654 1157 2742 1210 his
2763 1156 2857 1225 qui
2885 1170 3098 1210 mecum
3136 1164 3288 1219 sunt,
3317 1155 3604 1209 ministra-

2016 1257 2218 1304 verunt
2249 1263 2442 1302 manus
2472 1248 2608 1302 istm.
2648 1245 2843 1302 Omnia
2875 1246 3091 1299 ostendi
3116 1245 3294 1308 vobis,
3339 1245 3603 1314 quoniam

2017 1339 2097 1410 sic
2117 1339 2432 1412 laborantes
2455 1344 2674 1407 oportet
2717 1335 3000 1403 suscipere
3025 1335 3282 1389 inﬁrmos

2032 1426 2040 1432 ’
2090 1428 2220 1500 Sap.
2249 1445 2330 1508 ιιι,
2369 1429 2456 1482 l5.
2492 1458 2563 1468 -—
2589 1427 2868 1502 Bonorum
2914 1425 3165 1480 laborum
3205 1425 3480 1495 gloriosus
3520 1433 3606 1508 est

2020 1521 2257 1577 fructus.
3027 1535 3032 1541 ι

2094 1611 2260 1666 Eccli.
2291 1627 2363 1673 ιι,
2407 1610 2495 1664 58.
2541 1641 2612 1649 -
2655 1607 2974 1679 Operamini
3015 1622 3158 1676 opus
3197 1616 3444 1661 vestrum
3477 1616 3605 1662 ante

2024 1711 2260 1772 tempus,
2284 1710 2340 1756 et
2369 1700 2523 1756 dabit
2544 1699 2702 1754 vobis
2733 1697 3046 1752 mercedem
3095 1704 3335 1752 vestram
3385 1697 3440 1751 in
3467 1705 3608 1752 tem-

2023 1808 2157 1863 pore
2205 1807 2328 1846 suo.
2584 1847 2592 1854 _
3089 1795 3097 1802 '
3116 1795 3121 1802 '
3155 1799 3160 1802 '

2091 1880 2304 1935 Basilii.
2331 1911 2401 1922 —
2421 1878 2578 1945 Quod
2601 1877 2749 1932 enim
2776 1875 2968 1930 labore
3003 1884 3220 1945 partum
3245 1883 3333 1930 est
3351 1915 3366 1940 ,
3401 1876 3610 1945 majore

2023 1971 2214 2026 laetitia
2237 1970 2510 2039 accipitur
2551 1967 2985 2044 diligentiusque
3021 1977 3306 2034 servatur;
3366 1983 3605 2037 quorum

2023 2059 2210 2118 autem
2246 2061 2420 2144 facilis
2463 2053 2548 2116 est
2590 2059 2910 2130 acquisitio,
2953 2060 3154 2113 horum
3190 2060 3435 2129 proclive
3475 2076 3610 2115 con-

2026 2165 2306 2212 temnatur
2340 2156 2644 2227 possessio.

2094 2248 2235 2315 Quid
2259 2249 2314 2302 in
2334 2249 2437 2312 eis,
2461 2264 2584 2317 quae
2617 2247 2684 2303 de
2711 2261 2912 2318 genere
2940 2246 3215 2300 bonorum
3241 2254 3392 2310 sunt,
3421 2244 3614 2299 facile?

2025 2339 2160 2406 Quis
2197 2355 2392 2395 somno
2419 2339 2643 2392 deditus
2664 2348 2950 2416 tropaeum
2987 2335 3207 2409 erexit?
3241 2334 3378 2401 Quis
3401 2335 3616 2389 deliciis

2027 2424 2328 2500 fractisque
2377 2423 2815 2498 modulisatque
2861 2427 3054 2492 tibiis,
3103 2426 3326 2496 pietatis
3377 2441 3614 2480 coronas

2028 2529 2364 2576 consecutus
2384 2520 2510 2575 est?
2539 2519 2712 2574 Nemo
2747 2519 2853 2573 nisi
2893 2518 2987 2588 qui
3013 2517 3342 2581 cucurrerit,
3377 2509 3615 2586 palmam

2029 2613 2241 2667 retulit.
2275 2613 2518 2666 Labores
2548 2611 2778 2682 gloriam
2826 2608 3088 2680 pariunt;
3121 2608 3358 2662 sudores
3397 2607 3614 2661 strenui

2029 2705 2290 2774 anxiique
2316 2717 2647 2781 coronarum
2671 2703 2945 2757 exsistunt
2969 2701 3196 2770 parat-ii.
3549 2681 3559 2688 ’

2034 2867 2040 2873 _
2099 2793 2363 2874 Theologi.
2395 2825 2464 2834 —
2489 2796 2566 2849 Ex
2603 2795 2872 2848 malorum
2904 2791 3263 2862 perpessione
3290 2791 3467 2844 virtus
3499 2788 3618 2866 ipsa

2032 2889 2354 2959 generosior
2380 2887 2689 2956 fortiorque
2717 2885 3003 2952 redditur;
3055 2899 3199 2954 quae,
3237 2885 3382 2938 sicut
3411 2883 3618 2938 ferrum

2034 2978 2253 3048 frigida,
2287 2979 2366 3033 sic
2387 2978 2652 3048 periculis
2677 2977 2913 3044 duretur

413 3033 817 3137 lipvd'dat.—-
845 3069 1132 3140 Πανταχού
1171 3069 1260 3123 διὰ
1289 3068 1568 3134 δισκολίας
1614 3063 1708 3123 κάι
1730 3070 1924 3123 πόνων

2032 3140 2038 3145 η
2103 3033 2476 3140 alirysost..—_
2501 3054 2718 3138 Ubique
2755 3039 2852 3138 per
2889 3037 3244 3122 difﬁcultates
3274 3033 3334 3121 et
3373 3066 3616 3131 labores,

344 3166 458 3234 τοῖς
496 3161 806 3233 ἀνθρώποις
836 3161 1049 3230 πέφυκε
1095 3161 1166 3213 τὰ.
1212 3161 1462 3232 χρήσιμα
1506 3160 1926 3232 παραγίνεσθαι.

417 3253 807 3320 Φίλων-σξιρ-
837 3249 897 3304 ’0
923 3251 1021 3320 μὲν
1053 3250 1144 3302 τὸν
1173 3250 1334 3302 πόνον
1366 3247 1606 3320 φεύγων,
1639 3251 1831 3318 φεύγει
1861 3249 1930 3302 τὰ

344 3326 560 3410 ἀγαθά·
615 3344 643 3396 ὁ
680 3343 739 3396 δὲ
779 3325 1052 3414 τλήτικῶς
1102 3343 1196 3396 καὶ
1229 3341 1490 3413 ἀνδρείως
1531 3343 1821 3412 ὑπομένων
1859 3341 1929 3394 τὰ

343 3433 784 3505 δυσκαρτέρητα,
814 3433 1036 3487 σπεύδει
1068 3433 1204 3504 πρὸς
1233 3433 1638 3504 μακαριότητα.

428 3525 639 3594 Ἰσοκρ.
660 3554 734 3565 -
762 3524 1014 3602 Γύμναζε
1054 3525 1252 3578 σαυτὸν
1283 3525 1468 3588 πόνοις
1501 3523 1772 3588 ἑκουσίοις
1796 3565 1811 3590 ,
1843 3523 1930 3576 ἵνα

343 3617 504 3690 δόξῃς
529 3618 625 3672 καὶ
656 3617 783 3681 τοὺς
811 3617 1109 3680 ἀκουσίους
1140 3615 1457 3688 ὑπομένειν.

355 3879 360 3884 ι
1010 3812 1256 3880 Καρκίν.

337 3906 552 3972 Οὐδείς
580 3904 834 3960 ἔπαινον
862 3903 1107 3974 ἡδοναῖς
1129 3903 1429 3974 ἐκτήσατο
1457 3920 1472 3952 -.
1530 3956 1538 3962 ,

345 3971 558 4042 Οὐδεὶς·
579 3974 850 4044 ῥάθυμος
877 3973 1140 4039 εὐκλεὴς
1163 3971 1318 4044 ἀνήρ
1352 3989 1366 4004 ⁶

353 4044 516 4100 Ἀλλ’
550 4041 604 4100 al
644 4041 817 4098 ndicat
849 4044 1124 4098 τίκτουσι
1156 4041 1272 4110 τὴν
1299 4042 1645 4112 εὐανδρίαν.

415 4160 657 4213 Φιλίσκ.
688 4186 761 4198 -
787 4157 900 4211 Οὐκ
933 4157 1104 4219 ἔστιν,
1141 4149 1187 4209 ὦ
1223 4155 1440 4226 μάταιε,
1469 4157 1566 4209 σὺν
1593 4154 1836 4226 ῥᾳθυμίᾳ
1861 4128 1929 4208 τά

339 4252 452 4305 τῶν
479 4250 782 4305 πονούντων
815 4249 890 4321 μὴ
913 4250 1254 4320 πονήσαντας
1281 4247 1484 4302 λαϐεῖν.

2030 3163 2175 3237 bona
2212 3162 2532 3217 hominibus
2564 3161 2830 3215 obvenire
2859 3160 3059 3214 solent.

2035 3321 2046 3327 -
2105 3253 2362 3308 Philonis.
2384 3283 2454 3292 ——
2481 3253 2585 3319 Qui
2615 3252 2860 3306 laborem
2885 3251 3046 3320 fugit,
3079 3251 3124 3303 is
3150 3249 3295 3303 bona
3322 3248 3460 3318 fugit
3485 3267 3499 3313 ',
3525 3247 3622 3319 qui

2029 3354 2214 3400 autem
2245 3346 2512 3398 tolerante
2558 3352 2901 3411 strenueque
2931 3341 3131 3394 mentis
3171 3340 3457 3410 proposito
3499 3356 3624 3410 qua:

2030 3437 2168 3492 dura
2207 3434 2725 3510 sunt'sustinettad
2756 3434 3076 3488 beatitatem
3109 3432 3311 3486 festiue
3342 3432 3540 3485 currit.

2036 3515 2044 3522 ’
2103 3517 2425 3582 ιεοεναι.’-
2455 3513 2661 3580 Εξοιόο
2697 3525 2939 3594 teipsum
2979 3525 3281 3592 assumptis
3315 3530 3511 3592 sponte
3542 3523 3622 3577 la-

1915 3681 1920 3688 .
2031 3618 2284 3690 boribus,
2318 3625 2380 3671 ut
2401 3624 2458 3672 et
2479 3631 2595 3682 eos,
2629 3617 2724 3686 qui
2756 3612 2945 3670 invitis
2966 3614 3297 3708 obvcuiunt,
3343 3613 3622 3668 sustinere

2031 3707 2302 3780 proberis.
2327 3763 2340 3774 ,

2031 3893 2202 3962 Nemo.
2233 3907 2469 3962 unquam
2520 3820 3118 3962 laugﬁlooclggglihus
3177 3898 3486 3943 consecutus
3521 3896 3620 3943 est.

2030 3961 2224 4031 Nullus
2253 3961 2464 4028 segnior
2489 3961 2882 4031 virmagn'ifice
2917 3961 3096 4015 clarus
3130 3963 3301 4031 factus
3334 3968 3430 4012 est.

2031 4029 2136 4085 Sed
2161 4031 2365 4084 labores
2406 4031 2564 4100 fortis’
2591 4029 2761 4084 animi
2796 4031 3097 4110 claritatem
3130 4029 3419 4083 adducunt.

2103 4146 2341 4231 ΡΙιίίίιιέίΣ
2374 4177 2446 4230 —_
2493 4147 2638 4202 Fieri
2692 4163 2804 4202 non
2851 4155 3054 4216 potest,
3115 4145 3280 4200 stulte
3328 4145 3516 4226 liomo,
3564 4154 3626 4198 ut

1953 4299 1960 4304 _
2033 4253 2159 4292 cum
2215 4223 2468 4307 segnitie.
2507 4236 2611 4306 ipsi
2683 4252 2796 4292 non
2848 4236 3185 4301 laborantes,
3248 4223 3624 4289 laborantium

2034 4329 2255 4400 praemia
2293 4343 2714 4398 consequamur.

341 4495 354 4503 _
415 4427 828 4496 E-barplov._—
859 4423 1094 4478 Ἀωπόν
1128 4425 1276 4476 ἐστιν
1306 4424 1574 4476 διώκοντα
1616 4421 1924 4491 τάςτιμάς,

2102 4421 2338 4491 Evagrii.
2382 4449 2437 4459 —
2471 4419 2786 4494 Absurdum
2811 4427 2917 4482 est,
2949 4427 3010 4474 ut
3033 4419 3124 4489 qui
3167 4419 3406 4472 honores
3429 4433 3626 4472 consc-

342 4519 570 4592 φεύγειν
595 4519 725 4583 τοὺς
763 4519 981 4581 πόνους,
1003 4519 1070 4572 δι’
1097 4511 1171 4572 ὧν
1201 4519 1256 4570 al
1276 4516 1456 4586 τιμαί.

341 4617 348 4628 “
413 4609 636 4662 Πλουτ.
667 4637 738 4648 -
771 4608 984 4677 Ὠσπερ
1037 4606 1269 4677 ὄργανον
1322 4607 1507 4660 ἄνεσιν
1545 4605 1642 4658 καὶ
1679 4603 1930 4656 ἐπίτασιν

339 4699 616 4776 λαμϐάνον
641 4699 741 4769 ἡδὺ
780 4698 1013 4768 γίνεται,
1041 4697 1185 4752 οὕτω
1215 4699 1308 4752 καὶ
1344 4696 1480 4767 βίος.
1511 4767 1517 4774 ,

341 4909 348 4918 -
409 4843 640 4933 Νικίου.
669 4907 740 4917 -
760 4868 928 4940 Οὗτος
959 4874 1100 4930 οὕτω
1123 4851 1406 4944 φιλόπονος
1433 4872 1524 4945 ἦν,
1557 4873 1699 4928 ὥστε
1724 4873 1926 4927 πολλά-

341 4983 430 5030 κις
454 4969 663 5038 ἐρωτᾷν
682 4968 811 5029 τοὺς
841 4967 1146 5032 οίκέτας,εἰ
1182 4967 1455 5028 λέλουται,
1479 4967 1512 5036 ἢ
1536 4967 1585 5018 εί
1605 4965 1922 5036 ἠρίστηκεν.

257 5071 266 5082 ι
343 5089 350 5119 ,
424 5056 728 5126 Ἀρχιμήδ.
761 5056 1206 5127 -.⁹Αρχιμήδην
1233 5057 1299 5126 τῇ
1335 5055 1515 5134 σανίδι.
1531 5055 1928 5126 προσκείμενον

2030 4518 2234 4577 clatur,
2276 4508 2496 4564 labores
2549 4507 2744 4577 fugiat,
2776 4507 2981 4577 quibus
3040 4509 3278 4574 honores
3331 4516 3620 4576 parantur.

2101 4599 2400 4654 Plutarchi.
2438 4628 2506 4639 —
2539 4597 3018 4664 Quemadmodum
3073 4614 3340 4667 organum
3407 4599 3620 4653 alterna

2029 4690 2359 4746 remissione
2410 4705 2474 4744 ac
2529 4689 2842 4744 intensioue
2878 4706 3064 4762 suave
3116 4690 3390 4754 redditur,
3430 4691 3508 4745 sic
3565 4699 3620 4745 et

2027 4780 2163 4834 vita.
2289 4839 2297 4852 ί

2096 4871 2298 4925 Nicias.
2330 4898 2397 4908 —
2426 4867 2527 4924 llic
2556 4869 2696 4924 adeo
2741 4869 2916 4925 labori
2955 4869 3176 4925 deditus
3214 4869 3341 4934 fuit,
3383 4875 3444 4922 ιιι
3474 4883 3616 4940 εαξρο

2023 4961 2258 5016 famulos
2290 4969 2540 5030 rogaret,
2570 4977 2700 5016 num
2728 4961 2972 5026 lavisset,
3009 4975 3072 5015 ac
3101 4975 3335 5030 pransus
3375 4968 3544 5014 esset.

2015 5113 2020 5117 _
2092 5051 2454 5106 Archimedes.
2482 5035 2553 5090 +-
2591 5050 2977 5106 Arcbimedem
3041 5051 3241 5105 tabulae
3288 5050 3616 5106 incumben-

341 5144 704 5212 ἀποσπῶντες
735 5147 826 5218 βίᾳ
853 5148 902 5198 οἱ
932 5146 1287 5217 θεράποντες,
1317 5144 1558 5213 εἴλειφον
1595 5161 1609 5176 ·
1662 5146 1691 5197 ὁ
1719 5145 1798 5207 δὲ,
1829 5145 1924 5198 καὶ

2023 5151 2156 5208 tem,
2197 5157 2324 5196 cum
2379 5141 2569 5197 famuli
2627 5158 2724 5212 per
2758 5143 2866 5196 vim
2916 5141 3256 5197 abstractum
3313 5149 3615 5212 ungerent;

341 5235 438 5288 ἰπὶ
462 5241 557 5290 τοῦ
585 5236 838 5308 σώματος
861 5237 1242 5307 ἀληλιμμένου
1262 5235 1525 5304 διέγραφε
1549 5234 1616 5288 τὰ
1648 5237 1921 5304 σχήματα.

2023 5235 2116 5290 ille
2155 5235 2210 5288 in
2247 5234 2365 5304 ipsa
2398 5233 2646 5290 delibuta
2679 5243 2807 5290 cute
2834 5233 3038 5306 ﬁguras
3081 5223 3436 5306 depingebat.

339 5311 348 5330 ’
468 5331 472 5336 ’
613 5333 618 5337 ’
1615 5345 1843 5400 νΑιιιΑε
1879 5345 2288 5403 LECTIONES.
3371 5336 3374 5340 '

329 5522 342 5532 ι
409 5439 458 5473 ⁸⁸
481 5439 594 5493 Bal.
647 5439 898 5511 Σωκράτ.
973 5439 1019 5472 ⁸⁸
1054 5439 1113 5493 1η
1144 5438 1310 5494 Gesn.
1345 5437 1502 5493 Stob.
1535 5437 1658 5493 H8.

331 5601 464 5695 rum
492 5622 757 5695 cujusque
792 5621 979 5693 καιρὸς
1006 5629 1098 5695 est
1147 5629 1202 5674 ct
1235 5627 1553 5695 tempestas,
1579 5635 1678 5688 per
1728 5636 1892 5695 quam

336 5689 636 5769 iucundior
659 5689 850 5746 eorum
881 5689 1088 5760 gratia;
1115 5691 1262 5760 quod
1293 5690 1473 5760 ipsum
1521 5689 1587 5744 de
1615 5689 1894 5759 parabola,

1821 5527 2051 5584 ΝΟΤοιΕ.

2007 5629 2481 5696 argutoﬂscrmo‘ne
2505 5616 2878 5696 ειεριιιεξιιιξει2
2941 5617 3176 5696 diversis
3219 5623 3340 5694 ejus
3386 5623 3602 5694 generis

2004 5686 2283 5759 esciilplis‘
2301 5687 2582 5743 declarant
2609 5687 2726 5757 ipsa
2765 5686 2952 5742 divina
2981 5689 3228 5758 eloquia.
