4066 6146
396 222 503 286 $95

1558 227 1617 286 S.
1656 224 1939 286 MAXIM]
1983 227 2495 291 CONFESSORIS

3557 234 3669 299 aee

467 332 626 398 Quod
665 333 839 388 videri
870 333 1026 399 velis,
1066 334 1226 406 longe
1261 334 1554 404 plurimam
1595 337 1717 406 ejus
1759 347 1972 406 partem

2154 340 2226 391 Τὸ
2256 340 2482 401 οἴεσθαι,
2506 339 2598 394 τοῦ
2630 336 2767 395 εἶναι
2801 342 2860 396 τὸ
2885 344 3135 400 πλεῖστον
3167 347 3501 419 ἀφαιρεῖται.

400 425 581 482 aufert
609 428 754 496 quod
777 428 1018 481 exsistis.

471 514 737 569 Proclivis
765 523 851 569 est
882 516 966 569 sui
1008 516 1181 585 ipsius
1207 517 1484 587 deceptio,
1518 528 1574 574 et
1600 530 1661 574 ut
1685 519 1892 589 aliquid
1924 530 1975 574 te

399 622 521 662 esse
573 606 893 673 existimes,
957 623 1083 662 cum
1173 609 1311 663 nihil
1364 611 1477 676 sis,
1543 612 1693 665 inani
1755 612 1978 683 inﬂatus

397 696 593 766 gloria.
1527 688 1529 692 4

471 787 659 857 Turpe
693 799 810 853 est,
842 794 937 859 qui
981 792 1258 847 minorum
1291 808 1520 863 compos
1553 793 1788 849 exsistas
1814 834 1828 860 ,
1862 810 1978 849 ma-

397 894 535 949 gnos
557 880 770 933 animos
796 896 1096 937 assumere.

577 970 702 1025 Noli
731 973 867 1026 velle
893 975 1060 1027 videri
1086 976 1241 1029 malis
1278 978 1484 1038 melior.

575 1039 679 1095 Sed
705 1043 844 1106 d'ole,
873 1045 1011 1113 quod
1040 1047 1113 1098 sis
1139 1047 1284 1100 bonis
1311 1050 1554 1116 inferior.

465 1132 735 1204 Chrysost.
768 1150 835 1176 —‘-
876 1136 1073 1191 Merito
1110 1138 1278 1206 igitur
1308 1141 1377 1193 ab
1420 1141 1665 1209 antiquis
1702 1138 1849 1192 dicta
1897 1146 1983 1193 est

399 1223 579 1277 inanis
602 1225 810 1293 gloria;
856 1226 1038 1279 inanis
1086 1229 1235 1282 enim
1287 1239 1417 1294 est,
1468 1245 1589 1297 quae
1638 1229 1778 1282 nihil
1834 1230 1984 1281 intus

398 1311 601 1368 habeat
634 1314 801 1368 utile:
839 1315 957 1383 sed,
993 1316 1140 1369 sicut
1184 1317 1352 1371 larva:
1387 1317 1692 1386 splendida:
1731 1317 1981 1386 quidem,

400 1412 453 1458 et
473 1403 651 1473 digna:
679 1414 805 1473 quze‘
838 1407 1012 1460 amori
1044 1407 1388 1479 habeantur,
1416 1408 1665 1462 exterius
1691 1417 1983 1477 apparent,

404 1495 503 1549 sed
537 1497 685 1550 intus
725 1497 918 1552 inanes
948 1508 1113 1564 sunt;
1153 1515 1265 1567 quo
1289 1500 1370 1561 ﬁt,
1405 1510 1466 1554 ut
1518 1501 1650 1554 licet
1681 1500 1827 1553 veris
1860 1501 1984 1553 vul-

400 1587 551 1642 tibus
579 1589 946 1658 elegantiores
989 1591 1121 1654 sint,
1178 1594 1454 1647 neminem
1504 1601 1688 1646 tamen
1741 1606 1985 1660 unquam

2161 524 2386 595 Ῥᾷστον
2408 526 2600 578 ἑαυτὸν
2630 527 2846 598 ἀπατᾷν
2872 530 2968 582 καλ⁹
2997 528 3204 582 οἴεσθαι
3235 525 3373 585 εἷναί
3402 548 3479 595 τι,
3510 530 3674 583 οὐδὲν

2078 615 2224 679 ὄντα,
2248 617 2351 669 ὑπὸ
2377 618 2475 686 τῆς
2511 619 2674 688 κενῆς
2708 620 2865 690 δόξης
2893 621 3233 692 φυσώμενον.

2158 790 2463 863 Αἱσχρδντο
2513 794 2729 865 μικρῶν
2778 797 3101 866 κρατοῦντα,
3163 801 3439 869 φυσᾶσθαι
3497 802 3667 873 μέγα.

2223 965 2319 1045 Μὴ
2352 968 2556 1045 φρόνει
2582 967 2700 1045 τῶν
2730 972 2935 1045 κακῶν
2958 975 3273 1045 φαίνεσθαι
3306 977 3591 1045 κρείττων
3614 995 3629 1012 ·

2218 1038 2429 1090 Λυπονῦ
2467 1037 2535 1090 δὲ
2574 1039 2694 1091 τῶν
2722 1037 3350 1113 ἀγαθῶν’ἠττώμενοςξ

2110 1190 2115 1196 ᾔ
2153 1127 2556 1192 Χρυσόσπ-
2584 1131 2823 1193 Εἰκότως
2851 1134 2960 1201 ἄρα
2999 1134 3212 1205 εἴρηται
3243 1140 3396 1208 παρὰ
3421 1139 3530 1193 τῶν
3555 1157 3664 1193 πα-

2084 1213 2252 1268 λαιῶν
2308 1217 2601 1282 κενοδοξία.
2632 1222 2889 1286 Διάκενος
2939 1225 3050 1296 γάρ
3106 1226 3273 1293 ἔστιν,
3320 1229 3467 1281 ἔνδον
3512 1232 3664 1283 οὐδὲν

2088 1305 2288 1375 ἔχουσά
2311 1324 2364 1359 τι
2396 1310 2667 1377 χρήσιμον
2702 1326 2716 1341 ’
2773 1311 2889 1364 ἀλλ’
2949 1312 3139 1385 ὥσπερ
3189 1316 3258 1369 τὰ
3318 1321 3660 1384 προσωπεῖα,

2086 1397 2253 1467 δοκεῖ
2287 1398 2385 1466 μὲν
2415 1396 2552 1453 εἶναι
2573 1401 2800 1471 λαμπρὰ
2834 1404 2927 1456 καὶ
2951 1405 3245 1475 ὲπέραστα,
3278 1409 3412 1460 κενὰ
3436 1409 3491 1460 δὲ
3516 1410 3663 1467 ἐνδο-
3758 1434 3767 1437 -

2090 1486 2182 1540 θέν
2230 1488 2344 1541 ἐστι
2372 1506 2387 1518 ·
2438 1490 2518 1543 διὸ
2556 1494 2652 1545 καὶ
2682 1493 2789 1545 τῶν
2823 1480 3150 1577 σωματικῶν
3183 1497 3359 1566 ὄψεων
3393 1501 3665 1571 εὐπρεπέ-

2093 1594 2258 1645 στερα
2281 1578 2430 1643 ὄντα,
2464 1581 2656 1634 οὐδένα
2679 1584 2935 1637 οὐδέποτε
2967 1586 3103 1656 πρὸς
3161 1587 3252 1639 τὸν
3297 1588 3478 1656 ἔρωτα
3536 1590 3663 1641 ίδεῖν

400 1684 458 1737 in
481 1681 566 1734 sui
599 1697 842 1738 amorem
872 1684 1214 1739 induxerint.
1245 1685 1375 1739 Tale
1400 1684 1535 1754 quid
1556 1685 1747 1748 etiam,
1771 1684 1908 1753 quin
1933 1693 1990 1740 et

2096 1669 2276 1721 ἔπεισε
2299 1669 2389 1721 τὸν
2440 1671 2648 1724 ἑαυτῶν
2680 1689 2694 1702 ·
2743 1672 2906 1739 οὕτω,
2965 1674 3162 1745 μᾶλλον
3209 1676 3267 1729 δὲ
3312 1676 3660 1748 ἀθλιώτερον,

402 1773 778 1828 miserabilius
807 1775 1039 1844 aliquid,
1065 1778 1211 1847 vulgi
1250 1778 1444 1847 gloria.
1972 1834 1975 1839 .

472 1864 628 1933 Greg.
659 1864 791 1936 Nyss
848 1892 907 1906 -—
934 1866 1256 1921 Divitiarum
1291 1883 1455 1922 causa
1490 1868 1794 1922 fastuosum
1835 1883 1980 1932 esse,

404 1967 501 2011 aut
531 1957 697 2011 claris
730 1941 1011 2012 natalibus
1069 1958 1386 2027 superbire,
1433 1960 1521 2014 vel
1578 1961 1812 2030 gloriam
1865 1976 1984 2019 am-

404 2049 545 2111 bire,
577 2059 671 2103 aut
715 2051 968 2119 proximo
1020 2051 1303 2106 clariorem
1336 2051 1513 2105 videri
1562 2052 1703 2105 velle
1759 2051 1983 2119 (quibus

404 2140 572 2193 rebus
604 2138 827 2193 humani
861 2140 1225 2209 perﬁciuntur
1278 2139 1543 2209 honores)
1558 2172 1585 2203 ,-
1619 2150 1819 2194 cuncta
1866 2141 1983 2194 hicc

406 2230 630 2284 humani
657 2231 886 2285 honoris
908 2234 1253 2286 eversionem
1290 2249 1353 2286 ac
1388 2232 1631 2286 dedecus
1673 2231 1979 2286 continent.

475 2320 733 2374 Philonis.
768 2321 916 2375 --ln
963 2321 1206 2390 politicis
1268 2338 1333 2375 ac
1381 2321 1662 2390 republica
1697 2322 1741 2375 si
1793 2322 1986 2376 titulos

408 2425 771 2481 pompamque
831 2412 1148 2477 abstuleris,
1207 2423 1411 2481 prmter
1472 2413 1696 2466 inanem
1757 2410 1982 2466 fastum.

407 2502 551 2570 quod
573 2503 694 2556 sani
730 2518 929 2557 sensus
955 2503 1028 2557 sit
1052 2503 1190 2556 nihil
1221 2503 1522 2557 inveneris.
1810 2558 1815 2563 ,

476 2591 715 2661 Evagrii.
745 2622 813 2634 —
838 2592 1068 2648 Dillicile
1107 2603 1193 2648 est
1223 2594 1403 2648 inanis
1442 2594 1634 2663 gloriae
1676 2593 1984 2648 daemonem

411 2682 611 2736 vitare:
646 2684 795 2751 quod
817 2684 965 2737 enim
993 2685 1196 2739 feceris
1228 2686 1377 2739 illius
1409 2685 1762 2740 destruenda;
1793 2700 1982 2749 causa,

410 2773 514 2827 hoc
550 2773 648 2826 tibi
682 2774 861 2829 inanis
880 2776 1069 2842 gloriae
1093 2775 1314 2829 initium
1339 2776 1467 2829 erit.

475 2864 642 2934 624
662 2864 822 2916 Joan.
853 2864 1011 2918 Clim.
1044 2895 1111 2905 --
1143 2866 1324 2919 Solem
1348 2867 1434 2920 fur
1463 2866 1844 2932 abominatur;
1892 2881 1989 2920 su-

411 2955 614 3024 perbus
637 2970 771 3008 vero
797 2969 892 3008 eos
940 2966 1184 3024 spernet,
1217 2956 1310 3025 qui
1341 2956 1482 3012 lenis
1514 2958 1626 3014 sint
1652 2972 1714 3011 ac
1752 2957 1986 3012 modesti

410 3047 598 3102 animi.
1634 3102 1637 3105 .

481 3137 745 3194 Socrates.
786 3171 855 3179 υ-
890 3141 1055 3196 Utres
1107 3158 1311 3197 vacuos
1352 3153 1555 3199 ventus
1618 3144 1772 3199 inﬂat
1825 3154 1990 3215 atque

413 3231 706 3293 distendit;
736 3234 938 3289 stultos
963 3235 1216 3289 homines
1251 3236 1431 3290 inanis
1466 3238 1550 3291 sui
1582 3237 1791 3307 opinio.

479 3322 757 3394 Diogenes.
787 3355 858 3366 —
886 3326 1084 3380 Fastus
1109 3335 1292 3381 tumor
1322 3328 1468 3382 haud
1511 3344 1672 3384 secus
1694 3345 1757 3383 ac
1780 3335 1990 3399 pastor,

411 3427 521 3480 quo
546 3414 697 3478 velit,
732 3415 929 3485 vulgus
964 3417 1253 3472 hominum
1298 3419 1488 3475 trahit.

479 3504 805 3561 Alexander.
840 3538 909 3548 —
940 3508 1254 3565 Alexander
1286 3512 1447 3582 longa
1467 3513 1819 3569 conﬂictatus
1836 3515 1997 3585 aegri-

412 3592 629 3657 tudine,
676 3594 769 3647 ubi
829 3599 1219 3667 convaluisset,
1270 3602 1410 3656 nihil
1468 3618 1526 3657 se
1585 3605 1744 3674 pejus
1793 3605 1998 3661 habere

412 3684 573 3737 dixit.
619 3687 920 3759 Admonuit
978 3692 1123 3744 enim
1172 3709 1272 3747 nos
1316 3696 1561 3758 morbus,
1615 3712 1727 3750 non
1774 3713 2000 3768 magnos

413 3790 636 3830 sumere
671 3778 904 3846 animos,
938 3782 1032 3852 qui
1072 3785 1336 3840 mortales
1372 3787 1567 3839 simus.

954 3928 961 3933 '
1061 3918 1362 3974 Philistion.

417 4035 473 4088 Si
499 4049 722 4104 pravum
747 4047 810 4085 ac
840 4049 1068 4104 nequam
1099 4035 1363 4089 hominem
1403 4035 1573 4088 altum
1611 4035 1741 4104 ferri
1784 4037 1998 4101 videris,

420 4105 845 4171 Divitiarumque
863 4104 1146 4174 splendore
1178 4116 1337 4173 atque
1374 4105 1589 4172 fortuna
1634 4106 1857 4176 superbe
1887 4107 2004 4176 glo-

1674 4191 1756 4226 νεα

422 4245 494 4299 Ac
523 4245 613 4315 qui
662 4244 1005 4315 supercilium
1054 4243 1215 4299 altius
1246 4261 1408 4315 quam
1445 4260 1542 4312 pro
1593 4172 2004 4367 foilhtirllllegr’ta-

1784 4331 1870 4367 aen
1912 4332 1929 4367 :

426 4384 596 4457 Hnjus
625 4386 1065 4457 tuimutationem
1091 4386 1410 4453 ruinamque
1444 4388 1591 4457 ocius
1614 4313 1895 4457 επερὲἒῗζιῖε
1912 4357 1926 4377 ”

427 4455 595 4508 Altius
620 4456 760 4507 enim
795 4455 1024 4519 tollitur,
1057 4464 1111 4507 ut
1145 4472 1269 4509 casu
1300 4456 1544 4525 graviore
1568 4455 1741 4516 ruat;

495 4589 796 4644 Menandri.
848 4619 917 4629 —
963 4589 1008 4645 Ο
1063 4589 1156 4659 qui
1215 4590 1270 4644 in
1324 4589 1522 4659 seipsis
1569 4592 1740 4645 altum
1790 4597 2006 4642 tument

364 4669 371 4675 ’
427 4690 594 4752 atque
644 4681 887 4751 sapiunt,
938 4691 1024 4737 ter
1048 4698 1244 4737 omnes
1289 4689 1597 4753 quaterque
1639 4679 1847 4735 miseri.
1883 4679 2003 4734 Non

429 4775 574 4828 enim
611 4773 798 4828 sciunt
822 4773 1066 4828 hominis
1092 4784 1343 4828 naturam
1365 4782 1421 4828 et
1455 4773 1718 4828 indolem.

502 4864 776 4919 Aristotel.
805 4893 873 4904 —
902 4863 1250 4927 Aristoteles,
1304 4871 1603 4932 conspecto
1656 4861 2003 4916 adolescente

436 4953 579 5008 fastu
612 4953 785 5006 nimio
813 4954 1164 5022 superbiente
1202 4953 1587 5015 :Adolescens,
1636 4951 1839 5020 inquit,
1894 4952 2004 5004 uti-

437 5058 564 5097 nam
595 5045 776 5114 qualis
814 5052 872 5098 tu
915 5044 1012 5098 tibi
1060 5045 1268 5098 videris
1316 5047 1432 5114 ipse
1477 5045 1771 5099 exsistam!
1830 5042 2008 5113 qualis

441 5150 572 5189 vero
606 5136 787 5202 reipsa
816 5133 1055 5197 exsistis,
1086 5134 1297 5188 inimici
1326 5134 1430 5188 mei
1473 5134 1759 5187 exsistant.

514 5224 663 5279 Idem
695 5233 993 5292 conspecto
1033 5227 1234 5295 juvene
1270 5225 1510 5295 pretiosa
1545 5225 1648 5279 sibi
1687 5230 1838 5277 veste
1893 5220 2011 5289 pla~

446 5320 603 5365 cente
637 5327 813 5380 eaque
863 5313 1152 5381 gloriante:
1186 5314 1309 5367 Non
1341 5314 1581 5378 desines,
1613 5312 1810 5381 inquit,
1854 5309 2014 5378 juve-

447 5403 553 5465 ais,
591 5403 659 5456 de
689 5403 808 5457 ovis
836 5403 933 5457 tibi
961 5404 1162 5460 virtute
1198 5405 1453 5474 placere?

2082 1763 2177 1815 καὶ
2201 1763 2233 1831 ἡ
2268 1763 2415 1832 παρᾶ
2442 1763 2548 1816 τῶν
2578 1763 2787 1817 πολλῶν
2818 1765 2965 1829 δόξα.
3088 1828 3091 1831 ν

2152 1855 2335 1922 Γρηγ.
2359 1854 2507 1908 Νύσ.
2536 1884 2606 1896 ν-
2635 1857 2708 1908 Τὸ
2746 1857 2840 1908 ἐπὶ
2867 1857 3083 1928 πλούτῳ
3125 1856 3465 1927 κομπάζειν,.
3503 1859 3535 1928 ἢ
3572 1875 3667 1926 γε-

2083 1943 2227 1996 νέσει
2265 1941 2649 2012 σεμνύνεσθαι,
2696 1944 2728 2015 ἣ
2783 1945 2919 2016 πρὸς
2970 1945 3129 2008 δόξαν
3179 1947 3333 2016 ὁρᾷν,
3392 1946 3426 2015 ἢ
3488 1947 3667 1998 δοκεῖν

2085 2034 2225 2103 ὑπὲρ
2247 2034 2336 2086 τὸν
2370 2033 2535 2097 πέλας
2560 2029 2720 2097 εἶναι,
2751 2035 2818 2088 δι’
2839 2029 2914 2088 ὧν
2939 2037 2995 2088 αἱ
3018 2035 3356 2106 ἀνθρώπιναι
3387 2037 3660 2108 πληροῦν-

2082 2142 2173 2177 ται
2202 2125 2379 2194 τιμαὶ,
2410 2125 2585 2178 ταῦτα
2619 2127 2796 2180 πάντα
2831 2127 3145 2199 καθαίρεσις
3188 2128 3287 2199 τῆς
3317 2126 3669 2201 ἀνθρωπίνης

2084 2217 2246 2286 τιμῆς
2274 2216 2368 2268 καὶ
2403 2215 2603 2280 ὄνειδος
2631 2216 2862 2284 γίνεται.

2158 2307 2446 2362 Φίλων-,ὲ-
2471 2309 2590 2362 Τῶν
2626 2310 2918 2364 πολιτικῶν
2955 2310 3050 2363 ἐὰν
3092 2310 3190 2373 τὰς
3241 2311 3372 2375 ὔλας
3426 2310 3657 2383 ἀφέλῃς,

2086 2398 2244 2451 κενὸν
2272 2398 2439 2467 τύφον
2466 2399 2720 2469 εὑρήσεις
2746 2399 2870 2453 νοῦν
2899 2401 3001 2453 οὐκ
3030 2399 3244 2470 ἔχοντα.

2158 2591 2378 2658 Εὑαγρ.
2411 2619 2464 2631 σ-
2512 2588 2765 2641 Χαλεπὸν
2791 2588 3082 2656 διαφυγεῖν
3112 2589 3202 2643 τὸν
3230 2590 3328 2656 τῆς
3356 2584 3661 2649 κενοδοξίας

2087 2680 2320 2751 δαίμονα
2344 2696 2358 2710 '
2388 2679 2416 2732 ὃ
2448 2679 2557 2750 γὰρ
2588 2681 2820 2750 ποιήσῃς
2853 2680 3205 2751 καθαιρήσων
3256 2676 3444 2747 αὐτὴν,
3499 2676 3669 2730 τοῦτο

2088 2774 2230 2844 ἀρχή
2263 2789 2346 2825 σοι
2382 2771 2686 2836 κενοδοξίας
2714 2774 3029 2841 γενήσεται.

2179 2865 2294 2918 Ἰω.
2326 2865 2499 2934 Κλίμ.
2524 2894 2595 2903 -
2617 2864 2971 2918 Βδελύττεται
3002 2865 3151 2935 ἥλιον
3181 2863 3422 2934 κλέπτης
3456 2879 3469 2893 '
3507 2861 3677 2930 ὑπερ·

2091 2956 2296 3028 ήφανος
2327 2955 2406 3021 δὲ,
2435 2956 2630 3025 πραεῖς
2662 2954 3032 3021 ὲξουδενώσει.

2109 3144 2116 3155 ⁷
2162 3149 2421 3217 Σωκράτ.
2457 3178 2528 3189 -
2563 3149 2704 3212 Τοὺς
2732 3149 2828 3216 μὲν
2856 3147 3044 3209 κενοὺς
3076 3146 3297 3209 ἀσκοὺς,
3347 3144 3410 3197 τὸ
3468 3141 3683 3212 πνεῦμα

2092 3240 2326 3311 διῖστησι
2354 3234 2387 3273 θ’
2409 3242 2535 3304 τοὺς
2557 3240 2613 3293 δὲ
2648 3240 2905 3310 ἀνοήτους
2938 3238 3254 3310 ἀνθρώπους
3281 3236 3342 3288 τὸ
3381 3236 3577 3304 οἴημα.

2165 3333 2467 3401 Διογένης.
2500 3363 2570 3372 -
2613 3332 2671 3386 '0
2700 3331 2869 3402 τύφος
2904 3330 3092 3401 ὥσπερ
3142 3328 3372 3398 ποιμὴν,
3423 3318 3487 3379 οὗ
3543 3323 3686 3376 θέλει

2094 3422 2222 3488 τοὺς
2249 3425 2479 3488 πολλοὺς
2517 3425 2661 3493 ἄγει.
3644 3492 3651 3497 _

2182 3514 2529 3581 Ἀλεξάνδρ.
2562 3544 2632 3555 -
2672 3511 3025 3582 Ἀλέξανδρος
3070 3510 3307 3578 νοσήσας
3343 3505 3569 3577 μακρὰν
3594 3504 3689 3557 νό-

2100 3623 2214 3671 σον,
2249 3606 2324 3668 ὼς
2350 3605 2681 3676 ἀνέρρωσεν,
2713 3603 2885 3664 οὐδὲν,
2939 3602 3066 3670 ἔφη,
3117 3599 3414 3652 διατιθέναι
3464 3598 3645 3665 χεῖρον
3670 3610 3687 3625 '

2102 3699 2380 3769 ὑπέμνησε
2404 3697 2512 3768 γὰρ
2541 3696 2684 3767 ἡμᾶς
2715 3697 2747 3766 ἡ
2782 3695 2956 3763 νόσος,
2996 3693 3069 3764 μὴ
3120 3691 3262 3763 μέγα
3288 3692 3511 3761 φρονεῖν
3564 3687 3694 3756 θνη-

2100 3792 2227 3853 τοὺς
2260 3791 2439 3852 ὄντας.

2725 3910 3065 3976 Φιλιστίων.

2116 4038 2258 4091 Ἐὰν
2286 4036 2420 4101 ἷδῃς
2445 4034 2713 4099 πονηρὸν
2733 4034 2820 4097 εἷς
2845 4032 3002 4098 ὕψος
3025 4029 3367 4101 αίρόμενον,

2106 4098 2449 4176 Λαμπρῷσε
2472 4098 2715 4164 πλούτῳ
2738 4103 2834 4155 καί
2855 4103 2925 4154 τύ
2931 4118 3009 4169 κῃ
3036 4098 3479 4167 γαυρούμενον,

2119 4235 2341 4305 Ὄφρῢν
2378 4251 2441 4289 τε
2462 4232 2633 4303 μείζω
2660 4231 2769 4299 τῆς
2797 4231 2985 4299 τύχης
3013 4227 3353 4294 καθῃρκότα
3384 4226 3452 4293 ⁷¹,

2116 4386 2336 4440 Τούτου
2370 4384 2579 4452 τάχιον
2601 4378 2945 4454 patagioth
2973 4375 3301 4454 προσδόκα.

2123 4440 2480 4523 Ἐπαίρεταῖ
2500 4440 2618 4521 γὰρ
2632 4450 2854 4520 μεῖζον,
2886 4440 2987 4503 ἵνα
3010 4440 3105 4501 καὶ
3132 4443 3332 4515 μεῖζον
3359 4440 3559 4510 πέσῃ.

2184 4589 2557 4657 Μενάνδρου.
2594 4617 2660 4628 —-
2682 4588 2746 4638 Ὢ
2773 4583 3075 4655 τρισάθλιοι
3106 4580 3350 4641 ἅπαντες
3381 4579 3433 4630 οἱ
3471 4576 3701 4646 φυσῶν·

2111 4698 2202 4743 τες
2227 4680 2311 4747 ἐφ’
2346 4679 2574 4741 ἑαυτοὺς
2603 4676 2816 4746 μεγάλα
2843 4691 2857 4705 ·
2913 4672 3066 4742 αἰετοὶ
3104 4670 3211 4739 γὰρ
3238 4669 3338 4721 οὐκ
3381 4667 3570 4720 ἴσασιν
3603 4667 3704 4718 ἀν-

2114 4773 2335 4843 θρώπου
2368 4772 2553 4837 φύσιν.

2193 4864 2479 4929 ἈριστΟτ.
2512 4888 2584 4901 ——
2622 4854 3000 4926 Ἀριστοτέλης
3036 4850 3369 4916 θεασάμενος
3409 4845 3709 4899 νεανίσκον

2102 4948 2599 5018 κατωφρυωμὲνον,
2618 4945 2908 5001 Νεανίσκε,
2938 4941 3062 5008 ἔφη,
3090 4933 3201 4996 οἷος
3243 4935 3340 5005 μὲν
3366 4935 3552 4996 δοκεῖς
3603 4935 3708 4987 αὐ-

2106 5042 2195 5104 τὸς
2230 5039 2390 5099 εἶναι,
2418 5038 2528 5106 ἐγὼ
2553 5036 2811 5104 γενοίμην
2843 5050 2856 5062 ·
2888 5029 3000 5093 οἷος
3020 5032 3073 5083 δὲ
3106 5031 3169 5097 τῇ
3227 5025 3462 5096 ἀληθείᾳ
3518 5025 3709 5097 ὑπάρ-

2105 5148 2241 5202 χεις,
2272 5128 2500 5182 τοιοῦτοί
2531 5143 2631 5197 μου
2661 5127 2709 5177 oi
2743 5122 2921 5193 ἐχθροὶ
2941 5120 3196 5188 γένοιντο.

2194 5223 2252 5273 '0
2278 5221 2440 5281 αὐτὸς
2486 5217 2832 5285 κατανοήσας
2899 5210 3179 5283 μειράκιον
3229 5205 3323 5258 ἐπὶ
3370 5203 3713 5273 πολυτελείᾳ

2122 5314 2218 5382 τῆς
2239 5312 2507 5381 χλαμύδος
2534 5307 2946 5378 σεμνυνόμενον,
2974 5304 3047 5356 Οὐ
3097 5298 3300 5367 παύσῃ,
3332 5296 3440 5368 ἔφη
3460 5345 3473 5363 ,
3513 5298 3714 5369 μειρά-

2127 5403 2361 5459 atomi-ni.
2390 5400 2659 5471 προϐάτου
2696 5395 3084 5466 σεμνυνόμενος
3114 5390 3304 5459 ἀρετῇ.

1746 5514 1975 5569 VARIIE
2015 5510 2413 5567 LECTIONES.

526 5602 569 5632 το
599 5600 765 5653 Gesn.
799 5601 1013 5669 μικρὸν.
1070 5604 1110 5632 ⁷¹
1143 5602 1307 5655 Gesn.
1340 5601 1692 5669 καθαίροντα.
