4066 6146
1738 80 1777 89 οι..

461 259 566 325 890
1626 260 1685 318 s.
1727 255 2012 316 MAXIMI
2050 248 2559 313 CUNFESSOBIS
3619 222 3737 284 eoo

463 366 797 422 labefactare
819 373 1110 433 conantur,
1133 367 1402 421 illustrior
1429 365 1737 434 celsiorque
1768 361 2037 426 evaserit;

2165 360 2210 411 it’
2244 356 2425 410 αὐτῶν
2454 354 2560 407 τῶν
2610 348 2940 421 ἐπηρεάζειν
2992 340 3437 434 ἐπιχειρούντων,
3489 333 3737 434 φαιδρο-

465 457 595 523 illis,
627 474 721 528 qui
750 473 807 513 sc
841 458 1044 511 frustra
1071 464 1388 525 torqueant,
1417 459 1529 511 risu
1554 458 1678 526 jure
1708 452 1969 522 exceptis.

2165 451 2276 519 τέρα
2310 448 2405 501 καὶ
2445 444 2752 516 ὑψηλοτέρα
2800 442 2865 494 ἂν
2902 438 3009 507 εἴη,
3065 435 3174 489 τῶν
3225 432 3351 503 είκῆ
3401 430 3735 484 κοπτόντων

2145 544 2372 604 ἑαυτοὺς
2402 537 2781 606 καταγελῶσα.

538 636 780 704 Evagrii.
815 665 883 675 —
912 635 1215 690 Veritatem
1270 634 1492 690 silentio
1538 649 1811 705 premere,
1847 649 2045 693 aurum

465 734 551 779 est
585 725 754 778 humo
791 724 1074 779 defodere.
1930 716 1953 724 ⁸

534 818 730 872 Isidori
765 816 1071 870 Pelusiotae.
1105 846 1175 855 —
1212 814 1368 881 Quod
1402 815 1647 885 primum
1698 814 2047 869 mendacium

2138 668 2145 671 -
2212 604 2615 703 Εὑαγρίουμέ
2643 631 2717 682 Τὸ
2754 604 2919 697 σιγᾷν
2942 623 3040 693 τὴν
3065 620 3347 691 ἀλήθειαν,
3378 616 3583 688 χρυσόν
3608 615 3735 667 ἐστι

2148 728 2395 782 θάπτειν.

2230 816 2527 884 Ἰσιδώρου
2563 816 2849 868 Πελουσι.
2881 837 2948 852 —-
2997 808 3071 860 Τὸ
3127 804 3324 874 ψευδὲς
3375 804 3437 855 ὲν
3479 800 3734 872 πρώτοις

465 909 713 973 auditur,
763 911 1026 978 majorem
1068 908 1124 960 in
1171 922 1363 961 aurem
1422 907 1586 960 ﬁdem
1641 907 1828 971 habet,
1882 922 2048 975 quam

2165 910 2335 978 λεχθὲν
2364 906 2585 959 πλείονα
2611 904 2791 956 πίστιν
2818 901 2928 971 ἔχει
2947 898 3098 969 παρὰ
3118 896 3214 966 τὴν
3239 896 3294 947 ὲν
3313 893 3556 963 δευτέρῳ
3580 890 3735 960 λόγῳ

463 1003 691 1063 veritas,
713 1016 836 1070 quae
863 1008 1052 1069 postea
1078 1015 1143 1053 ac
1172 1008 1365 1054 secuto
1391 1014 1647 1053 sermone
1686 1008 2046 1053 monstratur.

534 1092 825 1147 Seueriani.
859 1123 928 1133 —
960 1091 1329 1154 Mendacium,
1374 1091 1504 1144 dum
1549 1091 1655 1145 sibi
1691 1090 1852 1145 tidem
1898 1106 2049 1158 qua:-

464 1188 556 1249 rit,
594 1203 703 1241 non
747 1187 909 1240 aliter
950 1186 1182 1250 invenit,
1221 1201 1386 1255 quam
1439 1183 1761 1254 apparentis
1799 1182 2051 1237 veritatis

462 1281 884 1335 fundamentum
923 1277 1125 1332 ﬁxerit.

537 1370 741 1425 Thales.
766 1400 837 1409 —
869 1370 1070 1423 Thales
1098 1368 1345 1441 Milesius
1386 1373 1749 1436 percontante
1787 1365 2049 1445 quodam,

465 1474 731 1533 quantum
773 1478 802 1515 a
842 1476 977 1515 vero
1018 1460 1214 1513 falsum
1238 1457 1486 1513 abesset:
1521 1457 1821 1523 Quantum,
1849 1457 2050 1526 inquit,

468 1555 612 1610 oculi
654 1554 724 1608 ab
773 1553 1026 1606 auribus.

539 1647 835 1701 Plutarchi.
900 1676 972 1685 —
1036 1643 1267 1713 Equale
1328 1642 1554 1713 quidem
1611 1642 1799 1706 libra;
1845 1641 2053 1696 veritas

469 1747 676 1800 autem,
713 1736 1098 1807 philosophica
1139 1737 1354 1789 ratione
1391 1734 1695 1805 judicatur.

539 1830 714 1887 Grave
739 1838 823 1883 est
862 1844 891 1883 a
921 1829 1008 1882 via
1036 1843 1099 1881 ac
1126 1842 1154 1879 a
1183 1826 1424 1880 veritate
1455 1840 1665 1878 errare.

540 1922 849 1980 Charicleuz.
884 1950 955 1960 -—-
1001 1918 1304 1972 Honestum
1353 1917 1671 1986 bonumque
1724 1915 2056 1985 quandoque

471 2013 821 2069 mendacium
858 2017 964 2074 est,
1012 2017 1144 2063 tunc
1181 2007 1442 2062 nimirum
1488 2023 1614 2061 cum
1654 2006 1762 2060 illis
1809 2019 2056 2060 commo-

472 2106 627 2169 dum,
680 2103 779 2172 qui
834 2102 1161 2170 loquuntur,
1219 2099 1436 2153 nullum
1485 2097 1839 2152 auditoribus
1898 2096 2059 2151 ail‘ert

470 2197 866 2251 detrimentum
894 2193 1009 2261 (b‘).

541 2288 747 2344 Cerini.
773 2315 844 2325 --
867 2281 1343 2351 Quemadmodum
1379 2280 1583 2335 debilis
1615 2279 1897 2348 hebesque
1927 2294 2056 2333 ocu-

471 2379 559 2433 lus
587 2379 719 2434 solis
759 2378 944 2431 lumen
983 2375 1188 2429 intueri
1230 2389 1341 2427 non
1381 2381 1586 2442 potest,
1615 2372 1695 2426 sic
1740 2373 1825 2441 (ac
1856 2371 2058 2441 potiori

472 2470 633 2540 longe
660 2465 896 2537 ratione)
922 2481 1024 2521 nec
1049 2480 1204 2519 mens
1234 2464 1451 2518 infirma
1482 2463 1845 2532 obtusiorque
1869 2477 2060 2517 verum

473 2575 705 2614 cernere
734 2560 905 2612 valet.
1524 2626 1535 2634 ’

544 2651 629 2703 Ea:
659 2649 836 2719 Epict.
871 2657 918 2701 et
948 2646 1172 2701 Isocrat.
1200 2676 1269 2685 -—
1288 2646 1437 2701 Nihil
1474 2661 1586 2715 pra:
1612 2645 1844 2700 veritate
1868 2644 2062 2714 majori

472 2742 534 2797 in
575 2742 757 2811 pretio
801 2738 1153 2804 habendum;
1202 2755 1305 2793 nec
1359 2739 1615 2792 amicitiae
1661 2739 1908 2792 delectus
1956 2737 2062 2791 im-

476 2831 662 2884 munis
690 2830 759 2881 ab
790 2828 1084 2881 affectibus
1109 2836 1213 2890 cst,
1242 2827 1674 2898 quibusjustitia
1702 2827 2065 2882 confunditur

477 2933 542 2971 ac
583 2916 1035 2970 contenebratur.
1060 2930 1065 2935 '
1734 2906 1753 2917 ⁵

2150 1003 2331 1056 δεικνυ
2341 1000 2507 1070 μένην
2546 997 2823 1067 ἀλήθειαν.

2223 1090 2609 1160 Σευηριανοῦ.
2664 1118 2731 1128 --
2765 1088 2840 1140 Τὸ
2891 1084 3087 1154 ψεῦδος
3139 1083 3271 1135 ὅταν
3314 1078 3445 1150 θέλῃ
3498 1092 3737 1129 πιστευ-

2153 1185 2335 1255 θῆναι,
2373 1184 2468 1236 ὲάν
2496 1182 2571 1252 μὴ
2597 1178 2746 1253 πήξῃ
2773 1176 3025 1248 θεμέλιον
3059 1172 3320 1241 δοκούσης
3349 1168 3632 1241 ἀληθείας,
3668 1166 3732 1219 ού

2155 1274 2500 1329 πιστεύεται.

2228 1368 2450 1433 Θάλης.
2504 1396 2576 1409 -—
2632 1363 2813 1432 Θάλης
2854 1362 2884 1413 ὁ
2930 1358 3205 1429 Μελήσιος
3263 1355 3566 1426 ἐρωτηθεὶς
3623 1354 3735 1406 ὑπό

2154 1479 2322 1526 τινος,
2358 1461 2534 1515 Πόσον
2562 1458 2755 1526 ἀπέχει
2791 1454 2854 1507 τὸ
2898 1451 3093 1522 ψεῦδος
3120 1449 3215 1502 τοῦ
3249 1448 3506 1519 ἀληθοῦς,
3536 1447 3730 1511 Ὅσον,

2158 1554 2286 1625 ἔφη,
2317 1552 2588 1623 ὀφθαλμοὶ
2609 1550 2719 1602 τῶν
2751 1545 2926 1599 ὢτων.

2228 1643 2643 1711 Πλουτάρχου.
2685 1668 2751 1679 -
2794 1638 2869 1690 Τὸ
2900 1636 2997 1708 μὲν
3033 1628 3153 1687 ἴσον
3184 1631 3366 1702 ζυγῷσ
3417 1632 3481 1684 τὸ
3508 1631 3567 1685 δὲ
3596 1630 3738 1700 ἀλη-

2156 1737 2267 1800 θὲς,
2297 1735 2375 1806 τῷ
2409 1737 2474 1787 ἐκ
2518 1728 2836 1801 φιλοσοφίας
2868 1727 3012 1795 λόγῳ
3037 1725 3305 1795 κρίνεται.

2240 1825 2393 1879 Ὀδοῦ
2420 1824 2514 1877 καὶ
2551 1819 2809 1889 ἀληθείας
2835 1815 3077 1886 χαλεπὸν
3107 1811 3585 1883 ἀποπλανηθῆναι.

2227 1918 2473 1985 Χαρικλ.
2508 1940 2577 1954 --
2603 1911 2782 1965 Καλὸν
2812 1909 2923 1981 γάρ
2956 1924 3086 1963 ποτε
3116 1906 3211 1960 καὶ
3259 1904 3320 1958 τὸ
3350 1905 3572 1973 ψεῦδος,
3602 1903 3739 1957 ὅταν

2157 2007 2401 2078 ὠφελοῦν
2444 2005 2572 2068 τοὺς
2624 2003 2905 2071 λέγοντας,
2963 1999 3129 2071 μηδὲν
3180 1996 3559 2052 καταϐλάπτει
3604 1995 3733 2058 τοὺς

2158 2103 2480 2163 ἀκούοντος.

2233 2282 2516 2348 Γηρίνου.
2557 2306 2626 2317 —-
2656 2273 2926 2342 Καθάπερ
2957 2271 3014 2325 τὸ
3050 2271 3143 2323 τοῦ
3168 2268 3319 2339 ἡλίου
3343 2268 3461 2338 φῶς
3486 2268 3588 2322 οὐκ
3617 2266 3737 2321 ἔστι

2163 2369 2465 2427 θεάσασθαι
2514 2367 2731 2421 ἀσθενεῖ
2757 2366 2852 2419 καὶ
2880 2363 3127 2433 ἀδυνάτῳ
3158 2364 3222 2431 τῇ
3263 2360 3405 2428 ὄψει,
3441 2359 3606 2422 οὓτω,
3640 2359 3737 2412 καὶ

2163 2466 2244 2520 ἔτι
2277 2464 2478 2535 μᾶλλον
2500 2463 2609 2529 τὴν
2636 2459 2896 2529 ἀλήθειαν
2931 2457 3031 2508 οὐκ
3057 2455 3203 2507 ἔστιν
3238 2452 3366 2505 ἰδεῖν
3394 2449 3615 2506 ἀσθενεῖ
3637 2450 3737 2504 καὶ

2165 2559 2412 2625 ἀδυνάτῳ
2440 2558 2504 2627 τῇ
2536 2552 2766 2621 διανοίᾳ.

2247 2648 2343 2701 Ἐκ
2388 2645 2509 2699 τῶν
2572 2645 2919 2699 Ἐπικτ.καὶ
2959 2637 3349 2705 Ἰσοκράτους.
3419 2663 3490 2674 -
3539 2633 3727 2704 Μηδὲν

2164 2743 2265 2811 τῆς
2297 2738 2556 2809 ἀληθείας
2585 2734 2914 2804 τιμιώτερον
2943 2731 3084 2785 ἔστω
3103 2747 3117 2760 ⁸
3153 2729 3282 2800 μηδὲ
3313 2727 3494 2797 φιλίας
3523 2723 3737 2795 ἐκλογὴ

2166 2831 2325 2894 ἐκτὸς
2359 2828 2548 2883 παθῶν
2581 2827 2923 2897 διακειμένη,
2950 2818 3030 2887 οἷς
3084 2824 3144 2878 τὸ
3192 2821 3399 2877 δίκαιον
3442 2818 3739 2888 συγχέεται

2166 2924 2260 2977 καὶ
2299 2922 2622 2984 σκοτίζεται.

548 3010 735 3089 {Esau
794 3039 865 3049 —-—
922 3009 1159 3077 Aisopus
1204 3016 1427 3078 rogatus
1468 3009 1601 3079 quid
1665 3009 2061 3065 mentientibus

2238 3016 2464 3070 Αἱσώπ.
2502 3044 2573 3053 -
2624 3010 2879 3072 Αἴσωπος
2927 3004 3250 3077 ἐρωτηθεὶς,
3282 3003 3350 3056 Τί
3401 3001 3601 3071 ᾗφελος
3629 3001 3746 3062 τοῖς
3782 3046 3799 3053 -

476 3103 617 3157 lucri
657 3101 980 3156 accederet.
1023 3102 1093 3157 Ut
1127 3116 1250 3168 nec,
1282 3102 1328 3157 si
1357 3118 1548 3157 verum
1596 3103 1805 3169 dicant,
1860 3103 2059 3172 inquit,

478 3194 590 3249 illis
630 3194 768 3248 ﬁdes
793 3194 1079 3247 habeatur.

548 3287 728 3340 Plato.
770 3316 842 3326 —
868 3287 1024 3339 Plato
1077 3285 1365 3340 veritatem
1399 3301 1512 3339 rem
1548 3287 1740 3341 auditu
1769 3286 2061 3358 jucundis-

479 3375 673 3431 simam
710 3376 932 3442 aiebat;
976 3376 1239 3430 Polemon
1296 3384 1478 3429 autem
1517 3375 1702 3431 dicere
1751 3377 2059 3439 veritatem,

474 3483 642 3538 quam
682 3468 895 3532 audire,
935 3468 1108 3521 multo
1134 3466 1434 3537 jucundius
1467 3484 1588 3521 esse
1621 3469 1919 3523 asserebat.

549 3556 848 3610 Menandri.
877 3586 948 3598 -—
975 3558 1207 3612 Praestat
1236 3558 1609 3623 mendacium,
1647 3574 1813 3628 quam
1866 3574 2061 3613 verum

479 3648 683 3700 malum
713 3647 940 3715 eligere.

1024 3758 1254 3837 SERMO
1291 3761 1528 3815 XXXVI.

1122 3851 1196 3905 De
1229 3863 1414 3906 morte.
1456 3854 1469 3876 ‘

551 3941 710 3997 Joan.
738 3957 812 4004 Il,
840 3940 930 3996 25.
961 3972 1032 3981 —-
1062 3940 1165 4009 Qui
1195 3943 1372 3997 credit
1426 3943 1480 3998 in
1516 3958 1622 4007 me,
1653 3942 1868 3998 etiamsi
1911 3958 2060 3997 mor-

480 4042 610 4089 tuus
633 4033 821 4097 fuerit,
849 4034 1031 4088 vivet:
1064 4043 1119 4088 et
1159 4037 1342 4089 omnis
1374 4036 1469 4104 qui
1502 4035 1660 4099 vivit,
1702 4041 1759 4089 et
1780 4034 1960 4089 credit
2005 4035 2064 4090 in

480 4140 589 4189 me,
618 4141 728 4179 non
760 4124 1028 4178 morietur
1060 4125 1117 4178 in
1156 4135 1446 4179 aeternum.

550 4217 716 4287 626
761 4215 788 4269 I
824 4214 997 4269 Thess.
1050 4232 1122 4278 tv,
1153 4216 1237 4269 12.
1271 4246 1339 4255 -
1361 4216 1498 4271 Νοῐο
1518 4232 1618 4270 vos
1655 4216 1927 4285 ignorare,
1960 4216 2065 4272 fra-

2167 3106 2520 3176 ψευδομένοις
2571 3105 2637 3156 ὲκ
2694 3102 2788 3155 τοῦ
2843 3098 3091 3169 ψεύδους,
3130 3094 3257 3165 ἔφη,
3308 3094 3384 3146 Τὸ
3428 3092 3535 3147 κᾶν
3570 3090 3745 3163 ἀληθῆ

2167 3199 2387 3265 λέγουσι
2421 3197 2496 3268 μὴ
2528 3193 2899 3249 πιστεύεσθαι.
3578 3182 3579 3191 “

2238 3288 2510 3344 Πλάτων.
2542 3316 2611 3327 --
2646 3286 2874 3338 Πλάτων
2902 3282 3000 3351 μὲν
3028 3281 3246 3349 ἣδιστον
3274 3272 3417 3330 εἶναι
3447 3275 3561 3328 τῶν
3584 3274 3750 3328 ἀκου-

2170 3381 2393 3450 σμάτων
2419 3378 2516 3447 τὴν
2542 3366 2802 3445 ἀλήθειαν
2826 3373 2979 3439 ἔλεγε
3001 3388 3014 3401 ο
3046 3368 3303 3437 Πολέμων
3338 3365 3397 3417 δὲ
3431 3365 3570 3417 πολὺ
3601 3364 3748 3434 ἥδιον

2168 3472 2262 3525 τοῦ
2290 3469 2509 3524 ἀκούειν
2537 3467 2599 3520 τδ
2632 3466 2811 3534 λέγειν
2848 3464 2918 3533 (ο)
2943 3458 3081 3516 εἶναι
3110 3458 3158 3515 τ’
3183 3458 3384 3528 ἀληθῆ.

2238 3558 2611 3626 Μενάνδρου.
2640 3584 2712 3597 --
2742 3556 3003 3625 Κρεῖττον
3041 3549 3259 3604 ἑλέσθαι
3286 3549 3511 3618 ψεῦδος,
3543 3549 3578 3620 ἢ
3608 3548 3746 3619 ἀλη-

2172 3650 2262 3713 θὲς
2300 3649 2491 3702 κακόν.

2713 3766 2757 3816 Λ
2769 3763 2952 3814 ΟΓΟΣ
2989 3759 3094 3824 Ag’
3126 3758 3191 3812 ".

2733 3854 2867 3921 Περὶ
2896 3850 3175 3907 θανάτου.

2256 3948 2435 4002 Ἰωαν,
2458 3944 2552 3999 ια’,
2576 3974 2645 3984 —.
2675 3943 2734 3996 '0
2764 3939 3037 3994 πιστεύων
3066 3941 3144 4003 είς
3182 3939 3307 4008 ἐμὲ,
3339 3938 3445 3993 κᾶν
3475 3941 3747 4011 ἀποθάνῃ.

2170 4042 2394 4111 ζήσεται
2419 4055 2433 4068 ο
2470 4037 2563 4091 καὶ
2594 4037 2701 4099 πᾶς
2733 4037 2761 4088 ὀ
2794 4034 2901 4099 ζῶν
2934 4033 3026 4087 καὶ
3053 4029 3325 4084 πιστεύων
3356 4033 3438 4095 είς
3468 4033 3598 4103 ἐμὲ,
3650 4033 3750 4087 οὐκ

2171 4131 2418 4200 ἀποθάνῃ
2447 4131 2525 4193 είς
2562 4129 2655 4181 τὸν
2683 4127 2875 4181 αἰῶνα.

2243 4229 2293 4276 α’
2357 4223 2495 4275 Θεσ.
2528 4219 2597 4273 δ’.
2631 4249 2698 4260 -
2730 4218 2804 4271 Οὐ
2853 4216 2991 4269 θέλω
3022 4215 3165 4283 ὑμᾶς
3217 4215 3456 4283 ἀγνοεῖν,
3506 4214 3749 4284 ἀδελφοὶ,

480 4316 616 4371 tres,
648 4309 716 4362 de
775 4308 1201 4371 dormientibus,
1250 4315 1313 4361 ut
1350 4323 1462 4361 non
1522 4292 1772 4372 deleatis,
1813 4308 1958 4362 sicut
2007 4317 2061 4364 et

2173 4312 2439 4385 περὶτῶν
2488 4310 2927 4382 κεκοιμημένων,
2965 4308 3051 4360 ἵνα
3102 4307 3177 4375 μὴ
3231 4306 3517 4373 λυπεῖσθε,
3569 4306 3754 4370 καθὼς

474 4400 669 4454 εἱειετί
699 4401 793 4469 qui
819 4415 973 4468 spem
1014 4416 1123 4453 non
1168 4400 1393 4453 habent.

553 4489 686 4559 Sap.
717 4505 788 4557 tv,
820 4490 904 4543 15.
939 4519 1010 4528 —-
1058 4488 1486 4543 Consummatus
1522 4488 1575 4542 in
1613 4488 1792 4555 brevi,
1822 4490 2066 4559 explevit

548 4619 603 4651 "
635 4620 692 4674 In
729 4619 896 4675 Gesn.
947 4620 1102 4676 Stob.
1142 4621 1269 4677 261.

2096 4381 2139 4434 D
2170 4381 2265 4458 xui
2299 4405 2347 4456 οί
2374 4402 2554 4455 λοιποὶ
2583 4404 2633 4454 οἱ
2654 4381 2745 4469 νμὴ
2770 4401 2985 4469 ἔχοντες
3007 4396 3218 4451 ἐλπίδα.

2246 4493 2467 4559 Σολομ.
2495 4487 2564 4542 δ’.
2593 4517 2663 4528 --
2698 4487 3017 4549 Τελειωθεὶς
3050 4488 3107 4539 ὲν
3133 4483 3320 4554 ὀλίγῳ,
3349 4482 3648 4555 ἐπλήρωσε
3677 4485 3752 4555 (d)

2003 4693 2236 4750 NOT/E.

555 4824 806 4960 {5’13"

875 4823 1035 4877 robat
1060 4824 1325 4879 Ecclesia.

863 4895 1064 4965 κού-ειν
1127 4894 1192 4947 τὸ
1222 4894 1468 4965 ίνῖέγειν.
1511 4894 1602 4950 Sic
1648 4896 1871 4951 emend.
1919 4897 2065 4965 quod

484 4963 621 5035 Ball.
653 4963 864 5035 pariter
909 4963 1120 5035 habet,
1149 4964 1243 5035 τοῦ
1290 4965 1470 5030 λέγειν
1492 4982 1505 4995 ι
1532 4981 1695 5020 secus
1735 4982 1799 5020 ac
1850 4963 2071 5035 putavit

480 5033 652 5104 Gesn.
684 5033 745 5084 τὸ
765 5032 1006 5104 -ᾁκούειν
1030 5032 1122 5104 τοῦ
1155 5032 1356 5104 λέγειν,
1387 5041 1649 5103 tanquam
1694 5035 1798 5091 hoc
1838 5032 2072 5104 reponat

485 5102 747 5154 Polemon
765 5102 1000 5163 Platoni,
1034 5101 1396 5175 Yerqaudire,
1420 5101 1736 5173 qudmloqui
1757 5101 2070 5175 jucundius;

487 5185 596 5223 non
630 5180 844 5232 contra,
877 5187 1010 5244 t‘_t_?t'a_
1034 5170 1195 5241 loqui,
1221 5189 1377 5244 quam
1403 5170 1591 5226 audire
1614 5170 1930 5244 jucundius.
1952 5170 2067 5229 Hoc

486 5248 660 5301 certe,
722 5255 832 5312 non
878 5240 1014 5312 illud
1059 5240 1192 5312 petit
1233 5240 1367 5312 ejus
1409 5240 1937 5312 arguta'responsio.
1968 5244 2063 5297 Di-

487 5316 644 5361 cente
680 5309 827 5361 enim
862 5308 989 5382 _illo
1033 5308 1323 5382 veritatem
1360 5308 1697 5367 esse'audit'u
1722 5308 2065 5382 jucundissi-

488 5389 652 5452 mam,
685 5377 1011 5452 reponit_,_ac
1041 5379 1083 5432 si
1113 5381 1281 5452 dicat:
1315 5382 1428 5435 lmo
1496 5390 1644 5436 certe
1679 5377 1853 5443 dictu,
1894 5398 2061 5452 quam

488 5445 680 5520 auditu
704 5446 1030 5520 jucundior;
1062 5464 1168 5520 qua
1190 5450 1307 5518 ipsa
1332 5453 1603 5505 sententia
1629 5452 1750 5504 viro
1783 5445 2061 5520 gratiﬁca-

493 5518 602 5568 tur.
650 5529 749 5565 nec
807 5517 1050 5582 proclive
1107 5519 1367 5640 loguatur
1408 5520 1717 5588 discipulus
1774 5517 2058 5591 magistro,

493 5588 1043 5640 POSlquemquartus
1064 5602 1158 5639 aca
1200 5590 1397 5640 cmiam
1428 5589 1602 5640 rexit:
1624 5592 1920 5640 utnonnisi
1948 5593 2058 5640 val-

492 5588 792 5660 postquem
810 5593 1043 5660 quartus
1064 5588 1397 5660 academiam
1428 5589 1602 5652 rexit;
1624 5588 1920 5660 utnonni‘si
1948 5593 2066 5644 val-

493 5656 556 5703 rlc
575 5653 792 5717 juvenis
809 5653 968 5704 aliter
996 5658 1236 5718 potuerit
1272 5658 1549 5711 Platonem
1573 5659 1785 5723 audire,
1814 5661 1857 5712 si
1883 5671 2064 5716 tamen

2167 4844 2297 4883 vere
2327 4828 2560 4890 audivit,
2591 4835 2648 4882 et
2704 4842 2814 4881 non
2846 4825 3233 4891 Xenocratem,
3276 4826 3369 4881 cui
3412 4829 3673 4897 proxime
3699 4829 3756 4884 in

2169 4899 2265 4953 illa
2301 4899 2592 4953 successit.

2242 4969 2318 5038 (d)
2348 4968 2691 5038 τελειωθεὶς
2722 4967 2792 5021 ἐν
2827 4965 3029 5038 Miro),
3079 4964 3422 5034 ἐπλήρωσε.
3445 4969 3527 5023 lta
3554 4969 3757 5025 distin-

2169 5036 2289 5108 guit
2316 5038 2451 5091 Ball.
2481 5037 2578 5108 alii
2602 5037 2715 5091 fere
2741 5052 2849 5090 non
2868 5036 3233 5108 distinguunt,
3253 5046 3552 5108 potestque
3585 5041 3667 5104 τὸ,
3700 5042 3757 5092 ἐν

2169 5104 2357 5189 illum,
2386 5107 2617 5189 perinde
2641 5108 2857 5189 utrique
2876 5104 3055 5176 jungi,
3084 5120 3185 5189 seu
3220 5107 3402 5189 etiam
3422 5104 3755 5189 in.ut_roque

2171 5177 2421 5247 intelligi.
2455 5177 2611 5250 Brevi
2646 5177 2828 5250 itaque
2849 5184 3282 5250 consummatus,
3335 5177 3500 5250 brevi
3566 5177 3759 5250 longos

2170 5244 3001 5315 annos'complevit;'meritis
3044 5244 3256 5315 scilicet
3317 5262 3383 5301 ac
3443 5244 3758 5304 virtutibus

2170 5318 2331 5386 longe
2381 5312 2696 5385 provectus,
2748 5324 2804 5369 et
2849 5312 3003 5383 quasi
3053 5314 3277 5386 in__illis
3339 5320 3754 5379 consenuisset,

2170 5382 2397 5455 Argenti
2422 5394 2479 5439 et
2540 5385 2835 5439 Basiléens.
2874 5382 3249 5455 sequentibus
3303 5386 3521 5441 addunt
3567 5405 3756 5444 vocem

2171 5452 2354 5509 καὶιῶν
2374 5472 2388 5485 ο
2425 5456 2625 5524 ἀρεστὴ
2657 5455 2765 5524 γὰρ
2798 5452 2983 5524 κακῶν
3011 5453 3044 5518 ή
3079 5452 3466 5524 ψυχὴγαὺτοῦ,
3514 5460 3758 5514 obscuro

2171 5526 2306 5579 satis
2329 5523 2517 5583 sensu.
2556 5523 2661 5577 nisi
2694 5523 2850 5577 malis
2876 5537 3044 5591 prona
3072 5536 3134 5575 ac
3165 5523 3406 5589 inﬁrma,
3443 5543 3545 5582 seu
3578 5530 3757 5582 obno-

2170 5596 2258 5648 xia
2276 5595 2456 5648 anima
2478 5595 2696 5662 vitaque
2726 5592 3120 5663 intelligatur;
3176 5607 3299 5661 qua:
3327 5596 3401 5648 sit
3432 5599 3600 5663 ratio,
3660 5614 3760 5653 cur

2172 5666 2316 5720 Deus
2343 5661 2774 5719 festinaveritde
2820 5661 3019 5716 smculo
3052 5676 3263 5728 rapere,
3314 5661 3634 5722 secundum
3668 5685 3758 5723 or-
