4066 6146
496 268 601 328 903

1665 259 1724 317 S.
1764 255 2051 343 MAXI'MI
2092 252 2603 346 CONEESSOIIIS

3304 138 3330 160 ἱ

3652 248 3771 313 904

563 373 840 429 Clitarchi.
864 401 930 413 —
962 369 1145 424 Satius
1173 375 1257 423 est
1289 366 1451 431 mori,
1479 380 1642 435 quam
1682 362 2083 419 incontinentta

2263 364 2643 432 Κλητάρχου.
2676 395 2743 421 έ-
2774 363 3036 434 Κρεῖττον
3078 360 3390 425 ἀποθανεῖν,
3419 360 3453 429 ἦ
3483 359 3552 413 δι’
3577 361 3772 414 ἀκοα-

493 468 741 521 auiniuni
771 464 1066 519 oﬂ‘uscare.

564 555 896 610 ΜοδεΙιίοηὶδ.
938 581 1009 590 -
1052 548 1189 603 Aliis
1248 546 1372 601 aliis
1438 543 1829 615 ingruentibus
1873 541 2080 598 morbis

492 664 745 720 peneque
781 631 1085 710 continuis,
1118 658 1223 696 nec
1260 657 1411 695 mors
1460 640 1577 709 ipsa
1626 638 1822 693 adesse
1859 645 2083 691 cuncta-

496 750 608 795 tur.

567 832 652 885 Ea:
674 829 964 884 Phavorini
995 827 1225 896 scriptis.
1277 853 1347 863 -—
1404 822 1674 877 Aristides
1719 829 2083 891 cognomento

491 925 704 985 Justus,
729 932 955 992 rogatus
975 960 989 984 ,
1032 918 1282 988 quandiu
1326 917 1489 971 liceat
1517 916 1793 969 hominem
1828 916 1961 986 justi
1992 930 2082 968 re-

496 1016 680 1083 ctique
703 1022 951 1067 tenacem
981 1012 1170 1065 vivere
1201 1027 1214 1061 :
1260 1007 1480 1074 Quoad,
1511 1007 1712 1076 inquit,
1744 1005 2085 1061 existimabit

497 1116 759 1177 priestare
798 1106 958 1165 mori,
992 1118 1156 1172 quam
1205 1102 1412 1155 vivere.

569 1200 799 1253 Amasis.
835 1228 905 1236 —
933 1196 1148 1250 Amasis
1174 1194 1555 1265 {Egyptiorum
1584 1209 1700 1256 rex,
1731 1191 1798 1246 ad
1846 1189 2083 1244 amicum

498 1292 702 1346 amisso
742 1290 855 1343 lilio
886 1287 1311 1343 consolatoriam
1375 1285 1627 1339 scribens
1681 1300 1693 1337 :
1759 1282 1837 1345 Si,
1882 1280 2081 1349 inquit,

501 1398 626 1437 cuin
646 1382 889 1436 nondum
920 1388 1067 1434 esset
1095 1396 1205 1434 non
1235 1378 1483 1441 dolebas,
1528 1392 1597 1429 ne
1640 1390 1785 1428 nunc
1836 1372 2081 1441 quidem,

501 1493 627 1531 cum
664 1492 773 1529 non
798 1474 1034 1543 amplius
1064 1473 1287 1525 futurus
1313 1478 1416 1531 est,
1456 1468 1644 1521 dolere
1682 1466 1868 1519 debes.

573 1569 797 1637 Diogen.
823 1595 893 1604 σ-
926 1566 1198 1633 Diogenes
1217 1562 1456 1632 Cynicus
1473 1560 1793 1627 deplorante
1823 1557 2084 1626 quodam,

2184 456 2308 517 σίας
2341 456 2518 533 ψυχὴν
2547 456 2899 526 ἀμαυρῶσαι.

2253 545 2628 612 Μοσχίωνος.
2664 574 2729 583 -
2778 544 2912 605 Ταῖς
2957 542 3136 605 νόσοις
3169 542 3197 594 ὁ
3230 540 3463 604 θάνατος
3496 540 3772 611 ἀλλήλαις

2181 635 2849 705 ἐπικαταλαμϐανΟὑσαις,
2895 635 3003 688 οὐδ’
3036 634 3198 696 αὐτὸς
3233 634 3488 703 παρεῖναι
3521 632 3775 687 ἀναϐάλ-

2181 724 2351 778 λεται.

2265 816 2359 870 Ἕκ
2396 818 2516 870 τῶν
2543 818 2829 887 Φαϐωρίν.
2855 847 2927 860 -—
2968 815 3298 888 Ἀριστείδης
3329 817 3357 869 ὁ
3380 816 3589 879 δίκαιος
3624 817 3779 887 ἐρω-

2180 909 2387 979 τηθεὶς,
2411 911 2580 963 Πόσον
2611 913 2727 963 ἐστὶ
2756 911 2945 981 χρόνον
2969 910 3258 979 ἄνθρωπον
3286 909 3451 963 καλὸν
3480 910 3602 981 ζῇν,
3633 910 3774 981 ἔφη,

2184 1004 2331 1067 Ἕως
2378 1003 2444 1059 ἂν
2494 1003 2743 1074 ὑπολάϐῃ
2797 1002 2858 1056 τὸ
2918 1002 3172 1057 τεθνάναι
3215 1002 3311 1056 τοῦ
3364 1005 3463 1075 ζῇν
3510 1008 3775 1075 κρεῖττον

2184 1091 2346 1149 εἶναι.
3216 1114 3225 1119 ·

2260 1189 2537 1255 Ἄμασις.
2561 1217 2632 1226 -
2656 1187 2900 1254 ’Ἄμασις
2926 1189 2953 1240 ό
2982 1186 3092 1241 τῶν
3131 1186 3448 1254 Αἰγυπτίων
3481 1185 3774 1255 βασιλεὺς,

2185 1278 2323 1349 φίλῳ
2355 1279 2686 1332 ἀποϐαλόντι
2718 1278 2854 1343 υἱὸν,
2887 1278 3117 1349 γράφων
3147 1278 3633 1349 παραμυθητικὸν,
3684 1278 3775 1333 εἷ-

2184 1388 2304 1436 πεν,
2336 1372 2399 1425 Εἰ
2428 1372 2514 1425 ὅτε
2545 1370 2757 1424 οὐδέπω
2786 1366 2854 1440 ἦν
2883 1371 2983 1424 οὐκ
3010 1370 3233 1435 ἐλύπου,
3261 1370 3397 1440 μηδὲ
3426 1370 3523 1423 νῦν
3555 1372 3777 1425 armas:

2185 1462 2264 1515 ἔτι
2306 1462 2461 1515 ἔσται
2496 1464 2765 1533 λυπηθῇς.

2256 1554 2560 1622 Διογένης.
2592 1583 2662 1593 --
2694 1553 2952 1624 Διογένης
2977 1555 3005 1606 ό
3034 1553 3272 1615 Κυνικὸς
3314 1553 3640 1624 ὀδυρομένου
3679 1571 3774 1606 τι-

497 1660 644 1729 quod
672 1673 901 1728 peregre
919 1657 1046 1710 fatis
1084 1655 1375 1707 iuncturus
1404 1659 1570 1709 esset.
1593 1650 1670 1703 ait
1702 1667 1715 1702 :
1750 1648 1915 1715 Quid,
1950 1648 2087 1701 stul-

2191 1648 2277 1709 νὸς
2325 1648 2513 1716 ἐπειδὴ
2567 1648 2659 1701 ἐπὶ
2719 1647 2877 1715 ξένης
2923 1645 3124 1715 ἤμελλε
3171 1644 3450 1715 τελευτᾷν,
3509 1644 3652 1710 εἷπε,
3696 1645 3771 1697 Τί

500 1760 553 1804 te
574 1791 587 1814 ,
639 1749 896 1817 deploras
926 1761 989 1799 ac
1022 1743 1297 1814 quereris,
1335 1756 1541 1795 cuniex
1559 1739 1706 1793 omni
1740 1739 1862 1793 loco
1891 1739 2083 1792 eadem

501 1842 567 1895 ad
595 1840 875 1893 infernum
902 1838 988 1891 via
1006 1836 1119 1890 sit?

577 1931 819 1985 Docebat
843 1928 1091 1998 quidem,
1131 1942 1233 1980 nos
1259 1933 1453 1980 coacto
1480 1932 1648 1987 cmtu,
1697 1939 1823 1977 eum
1857 1922 1951 1991 qui
1985 1936 2085 1975 na-

505 2032 596 2075 tus
622 2023 713 2085 sit,
740 2019 962 2090 quantis
998 2017 1155 2092 malis
1180 2016 1452 2070 obnoxius
1478 2015 1684 2077 veniat,
1720 2014 1868 2067 luctu
1895 2027 2085 2082 prose-

504 2112 642 2181 qui;
676 2119 868 2165 contra
897 2123 1032 2162 vero
1064 2108 1205 2160 vivis
1234 2106 1513 2159 sublatum
1550 2112 1606 2159 et
1637 2105 1889 2158 laborum
1922 2102 2086 2157 ﬁnem

506 2204 787 2271 adeptum,
813 2200 1031 2270 gaudio,
1061 2199 1255 2252 faustis
1284 2197 1542 2251 laudibus
1568 2212 1630 2251 ac
1653 2196 1953 2261 ominibus,
1987 2195 2086 2249 do-

508 2310 598 2349 mo
622 2294 844 2348 eIIerre.

579 2386 818 2453 Epicuri.
847 2414 919 2423 —-
948 2384 1230 2437 Adversus
1268 2381 1375 2435 alia
1409 2382 1629 2451 quidem
1659 2396 1717 2435 se
1753 2390 1928 2435 tutum
1955 2396 2097 2455 prae:

505 2488 651 2533 stare
676 2478 806 2531 licet
837 2493 851 2541 ;
880 2476 947 2530 ad
975 2485 1208 2530 mortem
1230 2482 1412 2528 autem
1443 2474 1590 2543 quod
1625 2474 1842 2537 attinet,
1898 2489 2091 2527 omnes

508 2571 701 2625 urbem
731 2570 965 2624 colimus
996 2570 1149 2622 nullo
1170 2568 1428 2637 praesidio
1455 2566 1743 2620 munitam.

579 2662 831 2715 Musonii.
857 2692 928 2700 —
953 2662 1071 2715 Non
1098 2669 1276 2729 potest
1314 2668 1643 2729 praesentem
1677 2659 1823 2713 diem
1858 2659 2091 2713 honeste

507 2754 717 2817 vivere,
754 2752 850 2821 qui
879 2768 988 2807 non
1014 2749 1367 2821 preposuerit
1391 2765 1516 2804 eum
1535 2766 1594 2804 se
1644 2757 1955 2805 extremum
2007 2749 2091 2802 vi-

508 2855 751 2898 cturuin.

582 2934 843 3003 Polywni.
866 2963 935 2972 —
959 2934 1038 2989 Ne
1070 2935 1257 2989 doleas
1284 2950 1448 3004 super
1466 2934 1552 2987 his
1597 2934 1691 3003 qui
1732 2933 2048 2986 moriuntur
2076 2948 2089 2996 ;

2187 1741 2376 1811 ὀδύρῃ,
2426 1735 2471 1793 ὦ
2508 1741 2726 1811 μάταιε,
2771 1738 3111 1808 πανταχόθεν
3140 1737 3249 1809 γὰρ
3292 1737 3409 1801 ὁδὸς
3446 1740 3479 1809 ἡ
3513 1737 3651 1810 αὐτή
3684 1741 3773 1803 εἰς

2188 1830 2335 1883 ἆδου.

2273 1921 2471 1990 Ἐχρῆν
2494 1920 2594 1991 μὲν
2620 1920 2767 1990 ἡμᾶς
2790 1918 3044 1987 σύλλογον
3066 1917 3445 1987 ποιουμένους,
3467 1918 3562 1971 τὸν
3591 1916 3769 1988 φῦντα

2189 2014 2407 2085 θρηνεῖν
2438 2018 2517 2078 εἰς
2556 2014 2635 2067 ὃσ’
2668 2013 2884 2082 ἔρχεται
2913 2008 3087 2066 κακά·
3118 2011 3209 2064 τὸν
3237 2011 3282 2063 δ’
3311 2006 3378 2065 αὖ
3404 2010 3635 2065 θανόντα
3671 2014 3770 2064 καὶ
3870 2080 3875 2089 1

2188 2109 2367 2162 πόνων
2394 2108 2771 2177 πεπαυμένον,
2795 2106 3106 2178 χαίροντας,
3127 2104 3533 2176 εὐφημοῦντας,
3564 2106 3771 2177 ἐκπέμ-

2189 2215 2316 2251 πειν
2345 2197 2546 2267 δόμων.

2274 2376 2569 2442 Ἐπικούρ.
2627 2404 2696 2414 -
2751 2374 2892 2446 Πρὸς
2924 2374 3025 2444 μὲν
3055 2374 3105 2425 τ’
3130 2373 3265 2427 ἀλλα
3310 2373 3537 2428 δυνατὸν
3589 2376 3768 2445 ἀσφά-

2194 2466 2349 2518 λειαν
2381 2465 2744 2535 πορίσασθαι·
2783 2466 2943 2536 χάριν
2974 2466 3031 2517 δὲ
3061 2464 3294 2518 θανάτου
3323 2464 3525 2529 πάντες
3550 2467 3765 2538 ἀνθρω-

2193 2576 2284 2612 ποι
2312 2560 2466 2617 πόλιν
2496 2560 2802 2630 ἀτείχιστον
2835 2559 3113 2631 οἰκοῦμεν.
3321 2620 3327 2625 ,
3448 2552 3469 2569 ⁸

2262 2654 2644 2707 Μουσωνίου.
2668 2682 2740 2693 -
2767 2652 2883 2708 Οὐκ
2912 2655 3029 2707 ἔστι
3051 2656 3148 2727 τὴν
3170 2658 3512 2728 ἐνεστηκυῖαν
3541 2655 3757 2727 ἡμέραν

2194 2744 2374 2808 καλῶς
2416 2745 2631 2814 βιῶναι,
2687 2746 2763 2817 μὴ
2812 2747 3150 2819 προθέμενον
3194 2749 3355 2820 αὐτὴν
3401 2749 3478 2813 ῶς
3520 2750 3766 2819 ὶσχάτην

2195 2835 2410 2905 βιῶσαι.
2682 2866 2691 2869 -
2924 2886 2943 2893 ,
3022 2904 3027 2909 η

2264 2931 2627 2985 Πολυαίνου.
2652 2964 2721 2972 -
2753 2932 2875 2985 Ἐπὶ
2902 2936 3014 2997 τοῖς
3035 2935 3439 3005 ἀποθνήσκουσι
3475 2934 3550 3005 μὴ
3573 2934 3766 2989 λυποῖν

507 3034 593 3077 est
623 3025 770 3077 enim
813 3025 929 3079 haec
952 3027 1274 3081 necessaria;
1327 3027 1449 3080 vitae
1499 3026 1742 3090 functio;
1785 3022 1879 3077 sed
1924 3039 2091 3091 super

2195 3020 2490 3089 ἀναγκαῖον
2521 3024 2629 3093 γάρ
2651 3040 2664 3053 ·
2705 3024 2820 3078 ἀλλ’
2846 3026 2939 3079 ἐπὶ
2969 3029 3080 3089 τοῖς
3109 3026 3353 3097 αἰσχρῶς
3383 3027 3732 3082 τελευτῶσιν.

510 3116 600 3169 his
622 3116 715 3184 qui
745 3117 979 3185 turpiter
1000 3117 1145 3171 diem
1171 3117 1455 3171 claudunt.

581 3207 868 3261 Democrit.
897 3208 1347 3273 —Demoeritus,
1373 3222 1499 3261 cum
1543 3220 1611 3259 ex
1664 3203 1992 3273 aegritudine
2038 3203 2094 3258 in

508 3300 819 3370 lethargum
904 3299 1235 3363 incidisset,
1267 3310 1491 3368 tumque
1531 3298 1848 3351 emersisset
1880 3312 1893 3348 :
1947 3295 2095 3349 Nihil

508 3390 668 3452 mihi,
703 3389 903 3458 inquit,
935 3388 1060 3442 vita:
1104 3404 1258 3445 amor
1309 3391 1793 3459 imponetzseque
1836 3385 2017 3453 ipsum
2065 3400 2095 3439 e

509 3482 621 3534 vita
657 3480 871 3535 eduxit.

920 3568 925 3572 ’
1148 3570 1430 3623 Menandri
1451 3609 1466 3622 .

760 3661 858 3714 Ter
896 3662 1087 3713 misera
1128 3669 1177 3712 et
1222 3676 1521 3713 cerumnosa
1561 3668 1799 3726 natura;

761 3730 1050 3798 Multisque
1068 3732 1209 3783 curis
1238 3732 1346 3783 vita
1380 3730 1599 3799 referta.

584 3820 755 3889 Major
777 3821 1081 3875 necessitas
1111 3820 1367 3875 medendi
1392 3821 1597 3886 animo,
1634 3836 1800 3891 quam
1836 3823 2091 3892 corpori:

512 3919 739 3981 praestat
768 3912 917 3965 enim
954 3912 1115 3977 mori,
1146 3927 1310 3981 quam
1341 3913 1482 3967 male
1505 3914 1710 3967 vivere.

1162 4003 1452 4075 Sophoclis.

654 4093 813 4148 Fidus
846 4095 953 4158 tibi,
982 4094 1343 4164 tumule,‘quis
1370 4112 1432 4150 ea:
1458 4095 1767 4149 mortalibus
1791 4096 1815 4148 ?

654 4164 769 4236 ῌειι
793 4167 1011 4218 mortuis
1041 4166 1057 4217 !
1089 4182 1251 4234 quam
1279 4167 1380 4218 cito
1396 4167 1512 4236 [luit
1543 4164 1868 4236 brevissima,

659 4233 725 4287 Et
755 4237 980 4304 pristina
1008 4233 1185 4287 omnes
1212 4233 1404 4287 deserit
1425 4236 1555 4287 inita
1585 4235 1815 4303 gratia}?

582 4326 733 4381 Bias.
756 4358 822 4365 —-
849 4328 995 4390 Bias,
1034 4341 1158 4380 cum
1189 4326 1312 4393 quis
1347 4326 1403 4378 in
1447 4324 1747 4378 liberorum
1806 4324 2091 4378 interitum

2267 3201 2577 3269 Δημοκρίτ.
2611 3233 2679 3244 ——
2705 3197 2874 3267 Οὗτος
2908 3206 3140 3274 νοσήσας
3176 3204 3271 3258 καὶ
3303 3204 3569 3276 ληθαργῴ
3615 3222 3773 3277 περι-

2198 3290 2401 3352 πεσὼν,
2432 3293 2507 3355 ὡς
2541 3295 2827 3365 ἀνένηψεν,
2871 3296 3037 3349 Οὐδέν
3068 3314 3156 3367 με,
3191 3296 3320 3367 ἔφη,
3348 3296 3687 3375 ὲξαπατήσει
3741 3285 3774 3354 ἠ

2199 3380 2461 3449 φιλοζωτα
2482 3400 2496 3416 ο
2538 3386 2633 3438 καὶ
2662 3386 2932 3456 ἐξήγαγεν
2957 3387 3149 3440 ἑαυτὸν
3180 3385 3272 3439 τοῦ
3299 3385 3437 3457 βίου.

2800 3562 3169 3633 Μενάνδρου.

2309 3656 2659 3726 Τρισάᾷλιόν
2688 3671 2754 3724 γε
2782 3657 2878 3709 καὶ
2917 3658 3294 3722 ταλαίπωρον
3320 3657 3525 3726 φύσει.

2306 3725 2562 3779 Πολλῶν
2588 3742 2654 3778 τε
2690 3729 2915 3793 μεστόν
2940 3726 3072 3779 ἐστι
3104 3727 3170 3779 τὸ
3197 3726 3295 3794 ζῇν
3326 3725 3699 3796 φροντίδων.

2268 3817 2462 3889 Ψυχὴν
2511 3818 2763 3887 σώματος
2798 3819 3221 3890 ἀναγκαιότερον
3259 3820 3465 3874 ίᾶσθαι.
3521 3820 3630 3873 Τοῦ
3666 3819 3772 3890 γὰρ

2198 3909 2387 3973 κακῶς
2409 3911 2529 3980 ζῇν,
2561 3911 2624 3964 τὸ
2648 3910 2903 3965 τεθνάναι
2935 3914 3205 3982 κρεῖσσον.
3642 3928 3651 3949 ί

2855 4007 3112 4073 Σοφοκλ.

2204 4094 2407 4167 Τύμὸφ
2438 4095 2548 4167 γὰρ
2595 4096 2790 4161 οὐδεὶς
2820 4096 3033 4162 πιστὸς
3068 4096 3394 4167 ἀνθρώπων
3428 4100 3630 4167 φίλος.

2197 4166 2315 4235 Φεῦ
2353 4165 2462 4217 τοῦ
2491 4167 2803 4231 θανόντος,
2834 4169 2914 4231 ὡς
2944 4167 3148 4235 ταχεῖα
3174 4166 3297 4231 τοῖς
3332 4165 3583 4235 ,ϐροτοῖς

2196 4234 2376 4301 Χάρις
2425 4235 2672 4303 διαρρεῖ,
2699 4237 2798 4289 καὶ
2830 4234 3116 4305 προδοῦσ’
3148 4237 3487 4292 ἁλίσκεται.

2269 4326 2433 4391 Βίας.
2469 4358 2540 4366 —
2592 4328 2725 4390 Βίας
2777 4329 3204 4398 ἐπικαλουμένου
3239 4330 3382 4393 τινὸς
3415 4332 3511 4385 τὸν
3544 4331 3773 4386 θάνατον

513 4429 748 4473 mortem
796 4420 1099 4472 invocaret:
1153 4417 1295 4482 Quid
1338 4424 1445 4481 est,
1500 4416 1699 4485 inquit,
1759 4416 1944 4481 homo,
1992 4431 2091 4470 cur

2195 4419 2290 4472 ἐπὶ
2318 4421 2523 4473 τέκνων
2554 4421 2827 4492 ἀπωλείᾳ,
2871 4424 2999 4491 ἔφη,
3031 4424 3097 4476 Τί
3127 4424 3290 4478 αὐτὸν
3320 4425 3529 4493 καλεῖς,
3560 4426 3774 4496 ἀνθρω-

511 4513 661 4566 illam
692 4527 939 4565 arcessas
968 4510 989 4561 ?
1015 4509 1266 4579 nunquid
1294 4525 1407 4563 non
1435 4508 1738 4563 venietnisi
1770 4510 2096 4564 arcesseris?

582 4603 750 4672 628
790 4603 936 4656 Idem
968 4610 1267 4670 conSpecto
1290 4602 1534 4672 projecto
1589 4601 1853 4669 humique
1879 4600 2097 4669 jacente

516 4694 718 4765 gladio,
748 4694 945 4760 Quem,
980 4694 1075 4759 ait,
1105 4693 1419 4762 perdidisti,
1449 4700 1545 4746 aut
1566 4691 1692 4762 quis
1716 4691 1807 4746 te?

589 4785 737 4839 Idem
782 4794 1022 4854 rogatus,
1057 4799 1303 4854 quamam
1363 4784 1507 4836 inter
1534 4790 1738 4837 mortes
1771 4796 1920 4836 mors
1956 4782 2096 4836 mala

522 4876 682 4940 Ioret,
711 4878 998 4946 respondit
1049 4892 1065 4930 :
1107 4876 1238 4942 Quae
1279 4876 1429 4946 justa
1484 4876 1667 4944 legum
1728 4889 1964 4928 censura
2019 4875 2099 4928 in-

523 4967 747 5038 “igitur.

591 5060 798 5115 Socrat.
834 5059 1181 5114 —Socrates
1220 5059 1289 5113 ab
1333 5058 1762 5114 Atheniensibus
1810 5058 2102 5128 praeipitii

519 5150 831 5215 damnatus,
868 5152 1033 5205 ﬂente
1065 5153 1185 5221 ejus
1218 5166 1390 5205 uxore
1423 5150 1719 5221 Xantippe,
1777 5160 1943 5220 atque
2013 5150 2101 5203 di-

518 5254 679 5297 cente
711 5261 722 5295 :
752 5242 924 5309 Quam
967 5243 1174 5313 inique,
1211 5260 1244 5297 o
1275 5243 1550 5307 Socrates,
1598 5243 1832 5297 moreris
1863 5245 1874 5295 Ξ
1918 5243 2125 5325 Velles’

521 5334 709 5404 igitur,
729 5334 929 5403 inquit,
969 5337 1212 5406 mejuste
1244 5336 1382 5390 mori
1408 5337 1429 5389 ?

592 5506 763 5569 Idem,
796 5507 1015 5563 dicente
1049 5508 1284 5577 quodam
1323 5508 1691 5563 Athenienses
1731 5508 1929 5562 mortis
1967 5524 2096 5562 sen-

526 5596 752 5649 tentiam
789 5598 842 5651 in
868 5615 994 5651 eum
1029 5600 1231 5655 dixisse
1277 5619 1289 5651 :
1326 5601 1469 5664 Quin
1519 5609 1645 5653 ante
1705 5601 1851 5663 illos,
1896 5601 2095 5669 inquit,

522 5697 739 5742 natura.

2200 4529 2305 4575 πε;
2335 4514 2435 4565 οὐκ
2465 4513 2531 4567 ἂν
2574 4514 2648 4584 μή
2678 4515 2914 4586 καλέσῃς
2939 4515 3057 4585 ἥξει
3083 4534 3098 4581 ;

2272 4596 2438 4665 Οὗτος
2485 4602 2821 4672 θεασάμενος
2874 4606 3153 4677 μάχαιραν
3216 4606 3585 4678 ἐρριμμένην,
3644 4606 3774 4677 ἔφη.

2203 4691 2299 4755 Τίς
2332 4709 2391 4746 σε
2422 4693 2724 4759 ἀπώλεσεν,
2756 4695 2787 4764 ἢ
2819 4695 2941 4749 τίνα
2977 4694 3064 4749 σύ.

2279 4785 2339 4837 '0
2370 4786 2532 4848 αὐτὸς
2563 4784 2882 4857 ἐρωτηθεὶς,
2939 4787 3098 4851 Ποῖος
3145 4787 3254 4840 τῶν
3299 4787 3552 4843 θανάτων
3583 4789 3773 4853 κακὸς,

2200 4876 2325 4947 ἔφη,
2370 4879 2425 4931 '0
2459 4878 2566 4931 ἀπὸ
2590 4878 2699 4932 τῶν
2727 4879 2907 4949 νόμων
2941 4880 3298 4950 ἐπαγόμενος.

2273 5059 2608 5127 Σωκράτης.
2664 5090 2733 5098 -
2804 5052 3102 5130 Σωκράτης
3182 5058 3610 5125 καταδικασθεὶς
3676 5063 3778 5116 ὑπὸ

2214 5150 2515 5222 Ἀθηναίων
2544 5153 3113 5222 κατακριμνησθῆναι,
3143 5152 3243 5221 τῆς
3269 5154 3531 5220 γυναικὸς
3553 5154 3780 5208 Ξανθίπ-

2202 5258 2311 5309 πης
2339 5242 2629 5313 κλαιούσης
2667 5245 2761 5296 καὶ
2792 5244 3081 5314 λεγούσης,
3109 5239 3181 5296 Ὦ
3214 5243 3528 5313 Σώκρατες,
3564 5247 3642 5310 ὡς
3667 5248 3782 5302 ἀδί·

2202 5347 2310 5395 κως
2340 5333 2730 5404 ἀποθνήσκεις,
2768 5330 2913 5399 εἶπε,
2957 5326 3029 5388 Σῦ
3065 5330 3161 5387 οὖν
3199 5333 3424 5387 ἐδούλου
3456 5353 3529 5406 με
3555 5336 3780 5401 δικαίως

2198 5423 2491 5478 ἀποθανεῖν
2509 5442 2525 5491 ;

2281 5516 2338 5566 ’0
2368 5518 2532 5580 αὐτὸς
2581 5518 2826 5581 εἰπόντος
2871 5517 3021 5589 αὐτῷ
3063 5517 3227 5583 τινὸς,
3277 5518 3338 5571 Ol
3377 5519 3656 5591 Ἀθηναῖοί
3691 5540 3782 5577 σου

2198 5608 2427 5662 θάνατον
2468 5611 2829 5680 ἐψηφίσαντο,
2863 5610 2988 5681 ἔφη,
3019 5610 3132 5679 Ῑιρδ
3156 5611 3335 5664 αὐτῶν
3368 5611 3424 5664 δὲ
3453 5614 3486 5682 ή
3528 5613 3714 5681 φύσις.
