4066 6146
304 221 407 286 99.5

1570 223 1738 285 LOCI
1778 225 2216 290 COMMUNES.

3463 238 3570 304 926

377 337 744 407 Κλήμεντος.
795 366 865 378 -
911 335 1216 408 Θηρεύουσι
1265 339 1378 400 τοῖς
1415 337 1514 408 μὲν
1565 341 1715 403 κυσὶ,
1755 342 1882 405 τούς

2058 344 2364 400 Clementis.
2386 377 2454 386 —
2480 347 2691 420 Venatu
2729 349 2958 419 capiunt
2989 359 3305 419 venatores,
3339 356 3569 414 canibus

303 426 572 495 λαγωοὺς,
605 427 656 480 οἱ
686 427 916 498 κυνηγοί
937 443 951 458 ο
986 428 1100 491 τοῖς
1116 426 1173 479 δὲ
1195 423 1438 489 ἐπαίνοις
1464 427 1593 492 τοὺς
1625 430 1886 502 ἀνοήτους

303 521 352 572 οἱ
379 518 587 574 πολλοί.

379 612 486 668 Τὸν
522 613 622 684 μὲν
667 611 987 677 λιϐανωτὸν,
1030 614 1144 674 τοῖς
1187 611 1331 678 θεοῖς
1363 630 1378 645 ο
1420 614 1512 669 τὸν
1550 614 1608 668 δὲ
1664 612 1887 668 ἔπαινον

308 707 422 770 τοῖς
453 703 680 774 ἀγαθοῖς
716 703 1018 775 ἀπονέμειν
1038 705 1168 774 χρή.

392 794 681 864 Ἰσοκράτ.
711 826 779 839 --
818 795 1052 858 Πιστούς
1083 795 1240 864 ήγοῦ,
1283 796 1359 867 μὴ
1381 796 1510 861 τούς
1540 798 1648 852 πᾶν
1684 796 1712 851 ὅ
1741 814 1793 850 τι
1821 798 1888 852 ἂν

307 891 466 960 ποιῇς
504 887 601 943 καὶ
633 888 800 962 λέγῃς
834 887 1216 953 ἐπαινοῦντας,
1257 888 1398 943 ἀλλὰ
1425 891 1541 954 τοῖς
1572 890 1886 961 ἁμαρτανο-

310 980 497 1051 μένοις
538 978 931 1049 ἐπιτιμῶντας.

375 1072 682 1142 Μοσχίων.
714 1101 786 1110 -
814 1071 879 1125 Εἰ
927 1069 1103 1135 Θέλεις
1140 1069 1326 1137 καλῶς
1367 1070 1611 1137 ἀκούειν,
1647 1071 1884 1144 μάνθανε

306 1161 487 1226 καλῶς
530 1161 732 1228 λέγειν.
769 1159 956 1232 Πειρῶ
1011 1158 1194 1226 καλῶς
1257 1160 1542 1232 πράττειν,
1591 1162 1698 1232 καὶ,
1741 1162 1888 1221 οὕτω

305 1252 577 1323 καρπώσῃ
611 1251 675 1305 τὸ
703 1250 888 1316 καλῶς
929 1251 1173 1308 ἀκούειν.

369 1342 740 1398 Πολυαίνου.
758 1371 826 1383 --
853 1343 1108 1412 Παρόντα
1128 1343 1268 1415 μήτε
1293 1342 1454 1414 ψέγε,
1483 1345 1612 1417 μήτ’
1629 1346 1845 1416 ἐπαίνει
1869 1360 1887 1377 ·

301 1433 366 1489 τδ
397 1434 496 1505 μὲν
527 1434 634 1505 γὰρ
660 1431 862 1504 ἔχθραν
880 1433 1037 1505 φέρει
1061 1449 1076 1464 ·
1109 1435 1172 1488 τὸ
1196 1434 1255 1489 δὲ
1284 1435 1596 1492 κολακείαν.

372 1635 725 1706 Κυψέλλου.
756 1662 822 1676 -
863 1630 982 1688 Ζῶν
1029 1633 1154 1702 μὶν,
1189 1629 1416 1686 ἐπαινοῦ
1439 1647 1455 1662 ·
1484 1619 1775 1694 ἀποθανὼν
1803 1633 1882 1702 δὲ,

308 1725 638 1802 μακαρίζω.
1723 1793 1726 1796 ξ

385 1817 768 1886 Ἀνταγένης.
797 1846 868 1860 --
906 1805 1077 1878 υῦτος
1103 1808 1280 1879 εἶπεν,
1319 1813 1490 1870 Ὅταν
1519 1814 1787 1872 ὲπαινῶσί
1814 1831 1883 1886 με

307 1909 515 1972 πολλοὶ,
552 1909 674 1964 τότε
729 1907 940 1978 νομίζω
975 1906 1202 1978 μηδενὸς
1228 1905 1380 1973 ἄξιος
1405 1900 1548 1963 εἶναι
1576 1922 1592 1937 ⁸
1645 1907 1783 1962 ὅταν.
1825 1905 1884 1961 δὲ

305 2002 498 2072 ὀλίγοι,
538 2001 826 2056 σπουδαῖον
847 1997 1155 2071 ἄνθρωπον.

868 2112 1088 2170 ΛΟΓΟΣ
1117 2112 1227 2167 ΜΔ¹
1247 2113 1314 2167 ’⁷.

857 2205 996 2272 Περὶ
1035 2202 1326 2269 κάλλους.

379 2303 565 2358 Ματθ.
603 2299 678 2365 ς’.
712 2327 787 2349 --.
811 2296 1182 2369 Καταμάθετε
1214 2300 1284 2351 τὰ
1322 2297 1486 2372 κρίνα
1538 2297 1632 2356 τοῦ
1685 2297 1881 2368 ἀγροῦ,

308 2391 428 2454 πῶς
463 2390 681 2456 αὐξάνει
709 2403 723 2418 ·
757 2389 817 2442 οὐ
846 2389 1018 2459 κοπιᾷ
1045 2387 1166 2442 οὐδὲ
1203 2386 1378 2454 νήθει.
1409 2388 1570 2456 Λέγω
1590 2386 1698 2458 γὰρ
1731 2388 1884 2456 ὑμῖν,

305 2483 390 2537 ὅτι
421 2481 542 2534 οὐδὲ
589 2478 846 2551 Σολομὼν
881 2479 939 2532 ἐν
974 2477 1124 2550 πάσῃ
1158 2480 1228 2549 τῇ
1262 2476 1388 2548 δόξῃ
1421 2476 1588 2530 αὐτοῦ
1620 2476 1888 2548 περιεϐά-

305 2573 430 2628 λετο
453 2574 526 2636 ὡς
551 2571 611 2626 ἓν
650 2573 881 2626 τούτων.
1597 2569 1601 2574 ’

371 2663 436 2720 A'
480 2667 600 2734 Τιμ.
634 2661 715 2728 β’.
750 2691 822 2702 -
863 2660 1134 2731 Βούλομαι
1165 2658 1266 2723 τὰς
1297 2661 1563 2727 γυναῖκας
1604 2659 1664 2714 ἓν
1719 2675 1889 2716 κατα-

307 2756 467 2828 στολῇ
498 2755 714 2826 κοσμίῳ
737 2793 753 2818 ,
784 2753 924 2824 μετὰ
954 2751 1134 2814 αἰδοῦς
1158 2751 1254 2805 καὶ
1275 2750 1629 2822 σωφροσύνης
1661 2752 1888 2821 κοσμεῖν

305 2847 514 2911 ἑαυτάς
533 2863 548 2878 ο
577 2845 652 2917 μὴ
679 2848 738 2899 ὲν
766 2833 1080 2915 πλέγμασιν
1106 2843 1140 2914 ἢ
1171 2842 1411 2916 χρυσῷἢ
1440 2845 1828 2915 μαργαρίταις,
1853 2843 1887 2915 ἢ

309 2938 593 3010 ἱματισμῷ
629 2937 792 2991 πολυτ
801 2937 935 2992 ελεῖ.
999 2969 1004 2971 -

1988 437 2235 507 quidem,
2271 438 2525 510 lepores;
2574 441 2778 513 vulgus
2811 459 2946 499 vero
2981 444 3262 513 laudibus,
3303 449 3398 518 qui
3441 461 3571 505 sunt

1953 598 1956 600 _
1988 529 2337 599 insipientes.

2055 618 2222 690 639
2251 620 2404 676 Thus
2442 621 2694 692 qnidem,
2754 623 2898 690 diis;
2935 625 3056 680 laus
3088 641 3222 682 vero
3273 627 3438 685 bonis
3467 632 3570 686 tri-

1987 707 2207 783 buenda
2235 709 2326 765 sit.
2845 741 2852 746 -
3458 715 3463 721 ’

2057 797 2377 855 Isocrat.—
2416 801 2636 858 Fideles
2679 805 2962 870 existima,
3020 823 3130 862 non
3183 811 3278 879 qui
3341 811 3574 869 laudent

1987 891 2262 968 quidquid
2294 895 2478 964 egeris
2501 906 2597 950 aut
2622 895 2852 962 dixeris,
2881 898 2978 955 sed
3011 901 3107 969 qui
3136 900 3569 973 increpentcum

1985 998 2338 1053 peccaveris.

2059 1073 2398 1131 Diosc/tionis.
2441 1107 2510 1118 —
2552 1077 2606 1134 Si
2641 1079 2784 1136 bene
2839 1084 3035 1139 audire
3088 1086 3194 1151 vis,
3245 1087 3398 1143 disce
3431 1088 3571 1143 bene

1987 1165 2160 1235 loqui.
2191 1166 2362 1222 Stude
2385 1169 2528 1224 bene
2548 1185 2733 1241 agere,
2767 1181 2934 1244 atque
2953 1185 3014 1230 ut
3041 1175 3184 1230 bene
3211 1178 3424 1244 audias,
3439 1179 3573 1235 boni

1986 1255 2175 1324 operis
2201 1254 2384 1310 fructu
2429 1259 2808 1328 consequeris.

2056 1345 2314 1417 Poigami.
2343 1377 2410 1386 —
2441 1349 2774 1405 Praesentem
2804 1367 2906 1407 nec
2935 1353 3212 1426 vitupera,
3244 1373 3349 1412 nec
3379 1357 3574 1413 lauda-

1984 1439 2163 1504 veris;
2201 1439 2443 1496 alterum
2476 1441 2626 1496 enim
2675 1443 3028 1502 inimicitiam
3089 1447 3273 1514 all‘ert,
3334 1451 3573 1506 alterum

1987 1531 2384 1588 adulationem.
2965 1519 2967 1521 1

2058 1623 2312 1696 Cypselli.
2344 1626 2664 1693 —Vivens,
2703 1627 2962 1698 laudare;
2999 1631 3112 1689 vita
3170 1631 3416 1698 functus,
3446 1631 3578 1689 bea-

1987 1725 2078 1770 tus
2112 1717 2468 1787 praedicator.
3030 1775 3036 1782 ,

2054 1807 2377 1880 Antagenes.
2411 1796 2482 1849 —¥
2503 1811 2704 1867 Aiebat
2730 1811 3090 1884 Antagenes:
3134 1814 3273 1871 Cum
3309 1832 3398 1873 me
3448 1816 3577 1872 vul-

1985 1913 2088 1968 gus
2111 1898 2400 1953 hominum
2427 1901 2640 1965 laudat,
2673 1903 2886 1958 nullius
2931 1919 3019 1959 me
3069 1904 3295 1976 dignum
3331 1922 3453 1963 csse
3481 1923 3576 1963 ar-

1987 1991 2166 2087 bitror
2191 2007 2206 2057 ;
2232 2005 2357 2046 cum
2385 2007 2518 2048 vero
2541 1995 2729 2064 pauci,
2758 1996 2940 2049 virum
2991 1995 3326 2052 studiosum.

2554 2102 2789 2169 SERMO
2817 2103 3005 2161 XLIV.

2513 2193 2593 2248 De
2637 2195 3044 2267 pulchritudine.

2055 2283 2247 2340 Hatth.
2273 2301 2349 2352 vr,
2378 2286 2471 2343 28.
2499 2316 2562 2326 --
2582 2286 2946 2344 Considerate
2979 2288 3095 2344 lilia
3127 2289 3266 2361 agri,
3294 2292 3576 2362 quomodo

1986 2377 2288 2442 crescunt;
2319 2391 2431 2432 non
2463 2376 2742 2443 laborant,
2803 2393 2985 2449 neque
3014 2387 3170 2435 nent.
3201 2380 3356 2438 ,Dieo
3387 2391 3574 2441 autem

1986 2467 2167 2531 vobis,
2195 2467 2458 2537 quoniam
2505 2483 2612 2524 nec
2638 2467 2904 2526 Salomon
2958 2471 3016 2526 in
3064 2472 3217 2529 omni
3260 2473 3435 2546 gloria
3472 2491 3576 2533 sua

1988 2569 2288 2627 coopertus
2314 2568 2399 2615 est
2421 2559 2756 2616 sicutunum
2793 2578 2860 2618 ex
2895 2564 3040 2620 istis.

2051 2648 2088 2705 Ἰ
2112 2650 2251 2706 Tim.
2279 2666 2344 2718 ιι,
2375 2652 2428 2707 9.
2452 2681 2525 2694 —-—
2545 2653 2684 2708 Volo
2700 2655 2968 2712 mulieres
2992 2657 3046 2712 in
3077 2657 3270 2714 habitu
3301 2665 3578 2734 modesto,

1989 2757 2124 2802 cum
2151 2743 2487 2799 verecundia
2521 2752 2579 2800 et
2620 2745 2876 2803 castitate
2914 2762 3114 2802 ornare
3158 2751 3410 2820 scipsas;
3464 2771 3578 2811 non

1989 2834 2154 2888 tortis
2185 2835 2458 2901 crinibus,
2484 2843 2581 2890 aut
2605 2851 2768 2904 auro,
2798 2844 2895 2892 aut
2922 2838 3258 2908 margaritis,
3295 2853 3392 2896 aut
3419 2855 3576 2902 veste

1990 2925 2257 2997 pretiosa.

377 2985 622 3105 ῑΙαρὲἇι.
652 3039 727 3100 ς’.
758 3063 830 3074 —-
857 3032 948 3102 Μή
986 3049 1045 3086 σε
1091 3031 1292 3103 νικήσῃ
1321 3026 1553 3090 κάλλους
1581 3025 1848 3097 ἐπιθυμία
1867 3041 1884 3071 ἠ

1993 2985 2010 2997 ³
2057 3011 2216 3074 Prov.
2248 3034 2325 3083 vr,
2356 3018 2449 3073 23.
2472 3048 2545 3060 —
2570 3018 2652 3076 Ne
2683 3026 2739 3076 te
2779 2985 2968 3076 vincat
3013 3020 3451 3093 pulchritudinis
3479 3036 3579 3076 cu-

313 3128 450 3199 μηδὲ
481 3127 758 3198 ἀγρευθῇς
787 3126 900 3188 σοῖς
928 3122 1248 3194 ὀφθαλμοῖς.

376 3219 558 3288 Σιρὰκ
621 3224 714 3273 ια’.
766 3245 838 3257 -—
887 3217 981 3286 Μὴ
1040 3214 1266 3286 αἰνέσῃς
1330 3212 1501 3284 ἄνδρα
1581 3210 1642 3266 έν
1693 3208 1882 3264 κάλλει

308 3310 500 3369 αὐτοῦ.

373 3404 558 3472 Σιρὰχ
583 3401 701 3469 σις’.
736 3430 809 3442 -—
842 3400 1054 3465 Κάλλος
1085 3397 1383 3474 προσώπου
1410 3397 1506 3453 ἐπὶ
1528 3395 1722 3469 ἡλικίᾳ·
1753 3411 1884 3449 στα-

305 3497 468 3574 σίμῃ.
1855 3503 1858 3506 ’

375 3589 720 3648 Βασιλείου.
757 3619 830 3630 -
863 3589 926 3643 '0
970 3586 1215 3658 σήμερον
1261 3581 1492 3654 εὐθαλὴς
1539 3577 1619 3650 τῷ
1668 3576 1886 3648 σώματι

303 3681 873 3754 κατασεσαρκωμένος
925 3679 1032 3734 ὐπὸ
1082 3677 1317 3750 τρυφῆς,
1368 3671 1710 3734 ἐπανθοῦσαν
1743 3668 1886 3740 ἔχων

302 3779 403 3848 τὴν
446 3775 721 3847 εὔχροιαν,
763 3773 868 3829 ὐπὸ
922 3774 1022 3842 τῆς
1065 3769 1207 3824 κατὰ
1269 3769 1370 3839 τὴν
1417 3765 1638 3838 ἡλικίαν
1695 3762 1886 3832 ἀκμῆς

304 3868 552 3940 σφριγῶν
585 3869 678 3921 καὶ
712 3865 962 3928 σύντονος
990 3861 1088 3917 καὶ
1121 3859 1498 3921 ἀνυπόστατος
1531 3855 1632 3928 τὴν
1665 3854 1846 3926 ὁρμὴν
1866 3893 1882 3919 ,

303 3958 494 4032 αὔριον
519 3962 550 4014 ὁ
567 3959 740 4023 αὐτὸς
755 3953 909 4022 οὗτος
927 3954 1182 4020 ἐλεεινὸς,
1202 3952 1237 4025 ἢ
1265 3951 1342 4023 τῷ
1363 3949 1543 4022 χρόνῳ
1562 3945 1884 4020 μαρανθεὶς,

303 4052 337 4124 ἦ
375 4053 512 4124 νόσῳ
538 4052 830 4115 διαλυθείς.
1639 4123 1644 4126 ξ

377 4145 698 4213 Θεολόγου.
732 4173 805 4186 --
825 4141 1043 4216 Χρυσὺς
1060 4139 1159 4196 καὶ
1175 4137 1337 4206 λίθοι,
1368 4135 1464 4198 κα).
1483 4133 1551 4189 τὰ
1563 4134 1759 4204 τέχνης
1791 4130 1886 4186 καὶ

304 4238 490 4310 χειρὸς
552 4237 885 4310 ὡραϊσματα
913 4274 929 4299 ,
987 4235 1087 4306 τὴν
1136 4233 1236 4305 μὲν
1274 4230 1508 4302 αἰσχρὰν
1555 4227 1770 4298 ἐλέγχει
1817 4226 1885 4297 τῇ

304 4309 630 4400 παραθέσει,
661 4331 726 4400 τῇ
755 4327 895 4397 καλῇ
917 4325 961 4380 δ’
996 4326 1057 4379 οὐ
1085 4309 1372 4396 προσθήκη
1395 4360 1412 4386 ,
1439 4311 1686 4381 ’κάλλους
1713 4316 1888 4389 ἡττώ-

308 4431 468 4488 μενοι.

376 4595 589 4656 Κά).λος
617 4593 804 4665 νόμιζε
825 4593 924 4665 τὴν
953 4591 1167 4664 φρενῶν
1199 4587 1526 4668 εὐκοσμίαν.

377 4771 517 4824 οὔτε
543 4770 676 4840 φλὸξ
705 4770 856 4842 μένει
893 4769 992 4839 τῆς
1023 4767 1154 4841 ῦλης
1183 4767 1614 4842 δαπανηθείσης,
1645 4765 1784 4826 ἀλλὰ
1810 4766 1886 4837 τῷ

303 4863 596 4918 ἀνάπτοντι
650 4861 1096 4932 συναπέρχεται·
1137 4859 1262 4914 οὕτε
1314 4859 1578 4932 λογισμὸς
1629 4857 1889 4930 ἐμπαθὴς

305 4956 598 5026 ὑφίσταται
637 4954 1040 5027 μαραινομένου
1069 4952 1162 5008 τοῦ
1191 4953 1637 5022 ὑπεκκαύματος.

377 5046 467 5114 Μή
496 5061 554 5097 σε
581 5044 860 5113 νικησάτω
892 5043 1124 5105 κάλλους
1168 5041 1456 5111 ἐπιθυμία,
1503 5039 1637 5109 μηδὲ
1685 5056 1889 5110 συναρ-

305 5135 522 5206 πασθῇς
549 5138 659 5199 σοῖς
691 5135 1005 5205 βλεφάροις,
1034 5133 1083 5187 εἰ
1113 5133 1362 5198 δυνατὸν,
1403 5132 1566 5202 μέχρι
1593 5130 1689 5184 καὶ
1745 5148 1889 5203 παρ-

305 5227 588 5298 οράματος
618 5227 725 5298 (ο)·ο

374 5425 420 5458 θ’
456 5424 515 5497 In
561 5423 726 5480 Gesn.
755 5424 913 5480 Stob.
947 5423 1067 5478 l61.

1989 3109 2217 3179 piditas,
2248 3125 2354 3165 nec
2383 3111 2625 3182 capiaris
2657 3113 2838 3168 oculis
2875 3112 3008 3169 tuis.

2061 3199 2230 3254 Eccli.
2262 3217 2339 3265 ιι,
2373 3202 2525 3256 2.-
2549 3202 2630 3258 Ne
2656 3203 2976 3261 laudaveris
3027 3201 3204 3259 virum
3251 3203 3310 3257 in
3335 3202 3583 3273 pulchri-

1994 3287 2188 3342 tudine
2218 3288 2358 3358 ejus.
3119 3305 3124 3309 ·

2057 3379 2226 3435 Eccli.
2262 3396 2411 3448 nrt,
2446 3381 2536 3436 2'2.
2571 3411 2644 3422 —-
2679 3381 3049 3439 Pulcbritudo
3104 3383 3292 3439 vultus
3332 3383 3387 3437 in
3415 3391 3581 3440 aetate

1991 3470 2196 3525 stabili.

2058 3559 2270 3618 Basilii.
2305 3593 2373 3604 —
2398 3560 2503 3628 Qui
2536 3561 2706 3618 hodie
2737 3573 2936 3634 vegeto
2963 3573 3049 3620 est
3081 3579 3335 3636 corpore,
3371 3579 3576 3634 corpu-

1990 3655 2178 3710 lentus
2216 3671 2332 3725 [ιι-ω
2361 3655 2599 3722 deliciis,
2631 3656 2852 3712 ﬂorenti
2883 3657 3058 3714 forma
3109 3673 3175 3714 ae
3222 3667 3460 3714 venusto
3487 3674 3581 3714 co-

1991 3745 2130 3813 lore,
2167 3747 2239 3802 ob
2271 3747 2451 3802 relatis
2491 3749 2740 3820 vigorem
2807 3750 3082 3806 lascivens
3131 3759 3490 3822 turgensque,
3523 3759 3582 3805 et

1992 3843 2233 3902 torosus,
2260 3853 2324 3891 ac
2363 3839 2524 3909 cujus
2553 3855 2716 3894 nemo
2739 3841 3008 3910 impetum
3037 3841 3211 3908 lerat;
3247 3841 3294 3896 is
3320 3837 3436 3910 ipse
3456 3856 3586 3896 cras

1991 3929 2329 3985 miserabilis
2351 3930 2480 3996 erit,
2507 3932 2591 3986 vel
2641 3940 2888 4002 tempore
2933 3931 3114 4018 factus
3158 3931 3460 3998 marcidus,
3492 3935 3580 3987 vel

1992 4021 2190 4077 morbo
2226 4021 2560 4084 dissolutus.

2065 4113 2330 4186 Theologi.
2356 4113 2674 4179 ——Aurum,
2697 4113 2897 4184 lapilli,
2935 4114 3266 4185 reliquaque
3288 4113 3580 4168 hominum

1993 4203 2130 4258 artis
2163 4219 2471 4276 manusque
2497 4214 2852 4270 ornamenta,
2915 4205 3191 4269 mulieris,
3245 4219 3367 4274 qua:
3403 4204 3584 4274 turpis

1994 4295 2067 4351 sit
2108 4305 2167 4351 et
2190 4296 2506 4363 invenusta,
2565 4296 2654 4353 sui
2690 4297 3108 4366 comparatione
3168 4295 3583 4350 deformitatem

1744 4377 1752 4419 ί
1817 4447 1820 4452 ,
1916 4377 1964 4435 D
1991 4386 2271 4458 produnt;
2305 4387 2566 4444 formosae
2591 4403 2721 4443 vero
2754 4387 2893 4442 nihil
2913 4387 3136 4442 decoris
3169 4385 3586 4457 addunt,cuj.us

1993 4480 2270 4534 venustati
2301 4480 2524 4535 cedant.
3377 4527 3384 4546 ι

2065 4546 2550 4629 Ριιιοιιιίιυιίἰιιοῖιι
2573 4569 2855 4638 existima,
2889 4571 3060 4628 animi
3103 4579 3362 4626 ornatum
3394 4587 3459 4627 ac
3482 4572 3581 4627 dc-

1993 4663 2257 4732 centiam.

2063 4759 2178 4815 Nee
2205 4758 2426 4815 ﬂamma
2449 4769 2639 4817 manet
2657 4771 2996 4834 consumpta
3012 4762 3271 4828 materia,
3303 4761 3400 4816 sed
3421 4761 3585 4816 simul

1995 4867 2120 4907 cum
2153 4851 2402 4908 fomento
2433 4869 2537 4908 suo
2564 4855 2890 4922 evanescit;
2944 4871 3050 4910 nec
3096 4855 3399 4910 libidinosa
3440 4857 3590 4926 cogi-

1998 4943 2136 4999 tatio
2159 4944 2439 5011 consistit,
2457 4945 2612 5001 illius
2635 4955 3047 5002 emarcescentc
3075 4947 3344 5004 fomento.

2073 5036 2228 5092 Prov.
2259 5054 2334 5103 vr,
2357 5039 2448 5094 25.
2475 5069 2543 5080 -
2565 5040 2644 5094 Nc
2672 5049 2723 5096 te
2748 5041 2937 5096 vincat
2966 5040 3160 5094 {omne
3182 5040 3589 5110 concupiscen-

1997 5129 2094 5193 tia,
2137 5145 2239 5184 nec
2284 5131 2573 5200 arripiaris
2623 5134 2910 5204 palpebris
2936 5133 3068 5197 tuis,
3119 5134 3163 5189 si
3209 5133 3330 5188 ﬁeri
3382 5141 3587 5204 potest,

1994 5219 2160 5291 640
2177 5232 2246 5276 ne
2279 5222 2348 5276 ad
2379 5224 2668 5279 minimum
2689 5234 2745 5281 ct
2771 5227 2928 5297 quasi
2957 5226 3391 5282 conniventibus
3411 5226 3590 5283 oculis

1994 5312 2276 5369 obtutum.

1814 5514 2044 5573 ΝΟΤΛΞ.

379 5613 454 5691 (ο)
477 5613 662 5679 Μὲγρι
700 5613 796 5691 καὶ
829 5608 1266 5691 παροράμιρ-τος.
1303 5606 1701 5686 Ut_v_clsaltcm
1737 5607 1883 5687 limis

1991 5610 2179 5666 Patres
2210 5615 2480 5670 castitatis
2513 5613 3016 5682 observantissimi,
3064 5636 3336 5677 summam
3389 5621 3577 5677 oculo-

305 5676 488 5739 oculis
507 5676 773 5753 aut—quasi
813 5676 1240 5736 conniventibus
1277 5677 1510 5749 aspicias
1537 5693 1558 5764 :7
1591 5676 1870 5764 sicienim
1982 5696 2104 5737 rum
2161 5685 2390 5756 exigunt
2418 5689 2844 5761 continentiam,
2895 5676 3046 5760 quod
3101 5676 3354 5764 per-"ﬁcos
3403 5676 3574 5748 facile
