4066 6146
312 284 415 355 937

1620 280 1789 348 LOCI
1828 279 2260 347 COMMUNES.
3439 277 3540 342 933

307 401 578 472 γενομένη
609 396 736 465 δόξα
767 397 863 452 καὶ
899 394 1206 477 δυναστεία.
1230 393 1340 448 Καὶ
1362 393 1615 468 καθάπερ
1635 397 1728 450 τοῦ
1757 397 1881 468 χόρ-

1994 412 2104 465 quzc
2131 396 2206 450 illi
2240 393 2411 466 gloria
2435 406 2499 449 ac
2519 389 2767 464 potentia
2792 388 3079 446 accedunt.
3112 389 3189 446 Ac
3217 389 3380 457 sicut,
3416 392 3544 448 leno

306 511 400 547 του
448 489 860 563 ξηραινομένου,
918 488 980 540 τὸ
1031 486 1192 548 άνθος
1240 486 1494 541 ἐκπίπτει
1520 503 1535 518 ο
1590 485 1734 542 οὕτω
1781 489 1877 542 τοῦ

307 583 541 638 Θανάτου
566 585 678 647 τοῖς
699 579 1009 652 ἀνθρώποις
1044 579 1312 643 ἐπιόντος,
1344 579 1378 648 ἡ
1409 577 1696 632 δυναστεία
1725 580 1822 634 καὶ
1845 581 1881 650 ἡ

310 675 686 745 ὑπερηφάνεια
727 671 1033 725 σϐέννυται.

379 763 721 833 Πλουτάρχ.
746 762 902 816 -Τά
956 763 1055 832 μὲν
1091 760 1235 831 φυτά
1257 759 1366 814 ἀπὸ
1397 761 1496 831 τῆς
1529 760 1710 833 ῥίζης,
1757 763 1792 834 ﬁ
1823 762 1881 815 δὲ

309 852 458 919 δόξα,
489 854 598 906 ἀπὸ
623 853 722 923 τῆς
757 851 978 923 πρώτης
1009 850 1224 921 λήψεως
1253 848 1429 914 αὔξει.

370 945 575 1009 ιούδεὶς
603 943 904 1015 φροντίζων
931 941 1089 1012 δόξης
1118 940 1350 1009 ἀγαθῆς,
1385 941 1583 1009 γένοιτ’
1628 939 1694 996 ἂν
1744 941 1882 1014 ἀνὴρ

313 1038 518 1108 φαῦλος
541 1053 555 1065 ο
591 1036 755 1089 καλὸν
777 1035 856 1100 δὲ,
893 1033 1010 1086 ἀντὶ
1038 1031 1300 1102 βραχείας
1333 1031 1684 1096 ἀπολαύσεως
1720 1032 1884 1087 ἀλλά-

313 1128 512 1194 ξασθαι
540 1127 698 1191 δόξαν
725 1124 965 1180 αἰώνιον.

393 1299 842 1368 Ἀριστοτέλ.-
879 1296 1122 1366 Ἀξίωμα
1176 1293 1432 1367 μέγιστόν
1485 1297 1655 1363 ἐστιν,
1713 1297 1773 1350 ού
1823 1297 1886 1350 τὸ

308 1392 610 1462 κεχρῆσθαι
637 1393 840 1458 τιμαῖς,
871 1389 1008 1443 ἀλλά
1029 1389 1091 1442 τὸ
1120 1388 1268 1454 άξιον
1290 1388 1483 1442 ἑαυτὸν
1513 1387 1630 1460 [τσ.
1663 1385 1882 1460 αὐτῶν]

311 1479 452 1536 εἶναι
480 1481 818 1552 νομίζεσθαι.

396 1573 688 1640 Ἰσοκράτ.
705 1603 756 1613 -
795 1565 894 1625 Ὧν
921 1570 1018 1634 τὰς
1046 1568 1203 1634 δόξας
1231 1569 1434 1640 ζηλοῖς,
1463 1568 1669 1624 τούτων
1697 1569 1791 1623 καὶ
1817 1569 1886 1623 τὰ

315 1666 493 1735 ἀγαθὰ
523 1664 756 1736 πράξῃς.

1980 495 2378 552 exarescente,
2422 485 2523 541 ﬂos
2572 484 2812 550 decidit;
2866 484 2948 538 sic
3000 492 3174 538 morte
3232 485 3545 543 incessente

1979 578 2347 649 exstinguitur
2370 576 2638 648 quidquid
2673 576 2926 631 humanae
2961 575 3218 646 potentia:
3241 592 3304 632 ac
3330 580 3548 636 clarita-

1982 668 2055 722 tis
2086 669 2319 723 exsistit.

2051 757 2329 813 Plutarch.
2359 790 2428 802 —
2463 757 2740 828 Stirpibus
2772 757 2998 828 quidem
3037 775 3067 814 a
3101 760 3288 816 radice
3312 801 3328 827 ,
3363 763 3552 833 gloriae

1981 865 2112 904 vero
2139 866 2170 906 a
2201 851 2382 921 primo
2403 865 2632 905 munere
2655 859 2741 904 est
2777 861 2838 905 ut
2859 860 3146 921 augeatur.

2045 941 2239 1005 Nemo,
2283 943 2404 1012 ejus
2449 943 2637 1012 gloriae
2669 957 2789 1011 quae
2829 942 2971 996 bona
3022 953 3106 996 est
3143 943 3296 1013 (boni
3343 944 3552 999 scilicet

1982 1030 2247 1100 nominis)
2271 1031 2583 1096 studiosus,
2619 1031 2777 1086 facile
2797 1033 2884 1085 vir
2914 1032 3091 1086 malus
3113 1034 3412 1099 exstiterit;
3459 1035 3556 1090 bo-

1982 1135 2118 1173 num
2140 1129 2328 1176 autem
2357 1127 2464 1184 est,
2502 1137 2602 1190 pro
2636 1121 2788 1176 brevi
2819 1121 3098 1190 voluptate
3118 1161 3133 1186 ,
3168 1125 3555 1194 sempiternam

1983 1210 2214 1281 gloriam
2237 1219 2600 1267 commutare.

2055 1301 2326 1356 Aristotel.
2358 1332 2429 1341 —
2463 1302 2698 1356 Maxima
2734 1299 2972 1372 dignitas
2995 1311 3100 1369 est,
3129 1320 3240 1358 non
3285 1305 3556 1360 honorum

1986 1399 2296 1461 compotem
2326 1405 2470 1457 esse,
2498 1391 2594 1446 sed
2625 1391 2732 1445 illis
2760 1391 2984 1462 dignum
3009 1394 3207 1448 videri.

2057 1565 2279 1620 Isocrat.
2313 1564 2556 1631 Quorum
2578 1565 2767 1636 gloria:
2787 1563 2980 1622 titulos
3008 1567 3305 1636 aemularis,
3340 1569 3558 1626 illorum

1988 1656 2154 1710 etiam
2188 1656 2336 1710 coles
2353 1656 2606 1719 virtutes.

401 1727 591 1821 Ἰνδὸξυ
637 1727 1158 1822 τοξευτήςμ-Τὺν
1201 1753 1373 1808 Ἰνδόν
1405 1752 1498 1806 τὸν
1545 1753 1779 1824 μέγιστα
1798 1752 1885 1806 δο-

2060 1747 2227 1801 Indus
2262 1749 2594 1817 sagittarius.
2632 1778 2703 1787 —
2729 1748 2924 1804 Indum
2955 1750 3236 1806 hominem
3269 1752 3559 1822 sagittandi

314 1846 534 1911 κοῦντα,
591 1847 684 1898 καὶ
736 1845 1028 1916 λεγόμενον
1083 1843 1172 1898 διὰ
1238 1844 1523 1898 δακτυλίου
1574 1845 1665 1899 τὸν
1711 1846 1890 1900 ὀϊστὸν

314 1938 554 2007 ἀφιέναι,
609 1937 892 1990 ἐκέλευσεν
947 1935 1361 2001 ἐπιδείξασθαι·
1431 1937 1526 1990 καὶ
1583 1938 1657 2008 μὴ
1704 1936 1891 2006 βουλό-

318 2046 497 2100 μενον,
532 2028 806 2098 ὀργισθεὶς
827 2027 1036 2081 ἀνελεῖν
1067 2027 1425 2099 προσέταξεν.
1475 2029 1631 2082 Ἐπεὶ
1687 2030 1746 2083 δὲ
1783 2030 1891 2083 ἀπ-

316 2116 581 2185 αγόμενος
624 2116 653 2167 ό
685 2114 970 2184 ἄνθρωπος
997 2114 1150 2183 ἔλεγε
1177 2116 1314 2186 πρὸς
1338 2117 1461 2180 τοὺς
1507 2118 1757 2186 ἄγοντας,
1809 2119 1892 2172 ὅτι

315 2206 488 2268 Πὸλὺς
542 2205 732 2275 χρόνος
775 2207 924 2258 ἐστὶν
981 2207 1075 2274 ἀφ’
1117 2202 1177 2261 οὗ
1225 2207 1318 2260 ἐπὶ
1368 2211 1558 2278 χεῖρας
1589 2208 1742 2272 τόξον
1791 2211 1892 2263 οὐκ

316 2293 528 2358 ἔλαϐον,
557 2295 652 2347 καὶ
676 2294 737 2346 τὸ
765 2294 1058 2364 ἀποτυχεῖν
1092 2297 1387 2368 ἐφοϐήθην.
1428 2299 1694 2363 Ἀκούσας
1716 2299 1893 2354 ταῦτα

327 2385 699 2456 Ἀλέξανδρος,
752 2378 1032 2457 ἐθαύμασε
1072 2387 1168 2440 καὶ
1221 2389 1456 2442 ἀπέλυσε
1511 2391 1652 2460 μετά
1702 2392 1893 2462 δώρων

317 2474 500 2538 αὑτὸν,
534 2476 615 2528 ὅτι
647 2476 846 2544 μᾶλλον
884 2477 1173 2532 ἀποθανεῖν
1210 2478 1524 2548 ὑπέμεινεν,
1555 2479 1708 2552 ἢτῆς
1731 2481 1892 2553 δόξης

316 2562 533 2626 ἀνάξιος
561 2568 816 2635 φανῆναι.

389 2736 805 2806 Θεοφράστ.-
831 2739 905 2791 Οὐ
936 2737 1044 2810 γὰρ
1075 2740 1136 2803 ἐξ
1165 2739 1382 2810 ὁμιλίας
1411 2741 1493 2795 δεῖ
1537 2742 1633 2795 καὶ
1672 2742 1891 2814 χάριτος

313 2826 416 2891 τὰς
444 2827 631 2898 τιμὰς,
661 2827 775 2882 ἀλλ’
810 2830 875 2882 ὲκ
901 2829 1012 2884 τῶν
1041 2831 1294 2902 πράξεων
1322 2830 1644 2902 λαμϐάνειν.

397 3000 1163 3119 ἩράκλἹ-Σιένῑομοέτάτύηιν
1190 3005 1309 3059 ὁδὸν
1347 3006 1377 3059 ὀ
1413 3007 1576 3071 αὐτὸς
1602 3007 1784 3076 ἔλεγεν
1810 3008 1890 3072 είς
1916 3061 1958 3119 C

318 3092 583 3156 εὐδοξίαν,
608 3092 671 3144 τὸ
693 3093 945 3160 γενέσθαι
973 3094 1195 3159 ἀγαθόν.

389 3186 675 3249 Φίλωνος.
698 3214 769 3224 ——
795 3185 852 3238 Ὀ
871 3185 1057 3254 μαθὼν
1082 3187 1368 3257 ἄρχεσθαι,
1398 3190 1492 3244 καὶ
1518 3189 1705 3260 ἄρχειν
1733 3190 1895 3254 εὐθὺς

323 3273 603 3343 μανθάνει.
639 3273 774 3326 Οὐδὲ
810 3274 918 3346 γὰρ
953 3277 1002 3328 εί
1045 3278 1225 3347 πάσης
1260 3280 1363 3349 γῆς
1403 3281 1500 3333 καὶ
1534 3280 1808 3350 θαλάσσης
1835 3281 1898 3333 τὸ

321 3365 521 3435 κράτος
562 3365 828 3435 ἀνάψαιτό
858 3384 962 3431 τις,
1013 3366 1198 3438 ἄρχων
1229 3369 1295 3422 ἂν
1333 3370 1418 3440 εἴη
1447 3371 1585 3441 πρὸς
1614 3371 1894 3443 ἀλήθειαν,

321 3457 372 3510 εί
405 3456 480 3527 μὴ
505 3457 653 3528 μάθῃ
679 3458 774 3511 καὶ
799 3457 1222 3530 προπαιδευθείη
1249 3459 1311 3513 τὸ
1343 3459 1630 3532 ἄρχεσθαι.

406 3632 748 3700 Ἰωσήππου
819 3634 1428 3704 ’Δρχαιολυ-Πάντες
1502 3637 1552 3689 οἱ
1635 3637 1898 3709 ἄρχεσθαι

321 3723 504 3787 καλῶς
534 3725 934 3795 μεμαθηκότες,
973 3726 1068 3780 καὶ
1105 3725 1296 3798 ἄρχειν
1329 3728 1566 3783 εἴσονται
1601 3727 1899 3800 παρελθόν-

321 3830 414 3878 τες
443 3815 524 3878 είς
553 3813 822 3878 ἐξουσίαν.

882 3930 1100 3983 ΛΟΓΟΣ
1139 3930 1248 3984 MZ'
1292 3930 1334 3983 ⁵.

795 4020 936 4088 Περὶ
989 4022 1436 4090 γλωσσαλγίας.

393 4135 581 4188 Maro.
619 4132 968 4203 ιϐ’.-Λέγω
992 4134 1049 4188 δὲ
1099 4135 1249 4204 ὑμῖν,
1283 4135 1366 4189 ὅτι
1395 4137 1504 4189 πᾶν
1533 4135 1706 4206 ῥῆμα,
1741 4138 1770 4190 ὃ
1805 4139 1900 4192 ἐὰν

321 4223 633 4296 λαλήσωσιν
682 4227 732 4277 oi
790 4225 1068 4297 ἄνθρωποι
1094 4267 1108 4290 ,
1161 4227 1499 4281 ἀποδώσουσι
1557 4228 1714 4297 λόγον
1771 4229 1900 4301 περὶ

1989 1838 2189 1908 peritia
2215 1838 2580 1894 clarissimum
2598 1880 2612 1904 ,
2637 1840 2842 1908 quique
2872 1855 2971 1909 per
2997 1842 3262 1896 annulum
3306 1843 3562 1914 sagittam

1991 1929 2364 1986 transmittere
2394 1929 2675 1985 diceretur
2695 1969 2709 1995 ,
2751 1931 3064 1986 Alexander
3095 1933 3374 2001 specimen
3430 1937 3566 1989 artis

1990 2017 2122 2073 dare
2139 2016 2343 2088 jussit:
2373 2018 2522 2088 quod
2544 2019 2834 2088 imperium
2860 2035 2985 2075 cum
3008 2024 3350 2085 detrectaret,
3367 2037 3565 2081 accen-

1991 2123 2051 2164 sa
2091 2110 2149 2164 in
2179 2125 2305 2164 eum
2351 2110 2452 2175 ira,
2485 2110 2665 2165 occidi
2701 2126 2829 2165 eum
2863 2112 3124 2182 princeps
3156 2114 3462 2183 imperavit.
3515 2117 3568 2172 is

1990 2214 2158 2269 porro
2191 2215 2318 2255 cum
2349 2199 2668 2264 duceretur,
2697 2200 2988 2257 lictoribus
3020 2204 3190 2274 coepit
3225 2205 3434 2273 dicere,
3471 2207 3566 2261 diu

1987 2286 2097 2360 jam
2124 2304 2244 2346 esse
2276 2306 2344 2346 ex
2366 2305 2476 2361 quo
2502 2305 2694 2345 arcum
2727 2291 2783 2345 in
2826 2307 3023 2348 manus
3060 2310 3170 2349 non
3221 2297 3564 2366 sumpsisset,

1991 2393 2054 2433 ac
2089 2395 2159 2434 ne
2187 2379 2491 2444 aberraret,
2528 2380 2800 2435 timuisse.
2837 2380 3051 2446 Quibus
3079 2384 3302 2449 auditis,
3330 2385 3566 2444 Alexan-

1991 2468 2092 2523 der
2131 2469 2411 2525 hominem
2444 2471 2697 2535 miratus,
2721 2471 2867 2540 quod
2898 2474 3038 2528 mori
3075 2475 3376 2542 maluisset,
3402 2493 3568 2548 quam

1992 2567 2055 2614 ut
2083 2558 2340 2630 indignus
2377 2560 2544 2632 646
2585 2562 2759 2631 gloria
2791 2562 3097 2628 videretur,
3155 2568 3397 2623 solutum
3441 2585 3566 2624 cum

1993 2651 2318 2706 muneribus
2347 2650 2577 2705 dimisit.

2061 2741 2405 2811 Theophrast.
2422 2771 2475 2782 -ν
2508 2741 2629 2796 Non
2655 2757 2722 2798 ex
2751 2744 3025 2801 sermonis
3051 2746 3383 2804 commercio
3403 2759 3568 2821 atque

1991 2831 2164 2900 gratia
2208 2833 2463 2887 sumendi
2507 2834 2770 2900 honores,
2803 2836 2902 2891 sed
2947 2853 3017 2892 ex
3056 2837 3126 2892 iis
3153 2853 3278 2908 qua
3304 2841 3568 2909 praeclare

1992 2935 2170 2990 exque
2195 2923 2401 2980 virtute
2432 2939 2608 2995 geras.
3281 2981 3290 2990 .

2057 3012 2376 3069 Heraclitus.
2409 3047 2478 3060 —
2501 3016 2655 3071 Viam
2683 3015 2751 3072 ad
2777 3017 3007 3088 gloriam
3035 3021 3271 3076 maxime
3308 3037 3568 3092 compen-

1997 3103 2227 3158 diariam
2249 3121 2370 3161 esse
2398 3106 2639 3173 dicebat,
2667 3110 2713 3164 si
2741 3111 2867 3180 quis
2884 3111 3064 3166 bonus
3085 3127 3208 3167 esse
3235 3113 3504 3168 studeret.

2064 3195 2321 3251 Philonis.
2349 3227 2418 3238 —
2451 3199 2556 3266 Qui
2593 3201 2790 3256 didicit
2817 3201 3046 3256 obedire
3067 3243 3081 3268 ,
3113 3219 3238 3258 mox
3265 3204 3432 3259 etiam
3465 3205 3570 3258 im-

1996 3301 2192 3356 perare
2222 3291 2396 3344 novit.
2423 3290 2527 3357 Qui
2557 3294 2704 3348 enim
2738 3294 3031 3350 obediendi
3059 3303 3232 3349 artem
3269 3312 3380 3350 non
3421 3297 3570 3352 didi-

1997 3379 2154 3442 cerit,
2185 3394 2288 3435 nec
2321 3396 2385 3436 ea
2442 3390 2569 3436 ante
2631 3384 2920 3440 institutus
2967 3385 3156 3451 fuerit,
3189 3401 3292 3441 nec
3321 3387 3366 3441 si
3411 3396 3573 3444 terrae

1997 3469 2178 3524 omnis
2203 3485 2268 3526 ac
2299 3473 2468 3528 maris
2497 3473 2764 3544 impetum
2787 3484 2992 3542 teneat,
3033 3491 3166 3531 vere
3198 3477 3458 3549 princeps
3477 3495 3574 3534 ex-

1999 3559 2226 3616 stiterit.

2057 3650 2272 3723 Josephi
2299 3669 2363 3708 ex
2385 3656 2647 3727 Antiquis.
2673 3686 2744 3698 -—
2782 3657 2986 3716 Omnes
3019 3660 3113 3732 qui
3158 3670 3306 3718 recte
3347 3661 3570 3718 obedire

1999 3741 2327 3811 didicerint,
2379 3747 2547 3800 etiam
2597 3749 2918 3819 magistratu
2964 3753 3125 3822 potiti
3171 3770 3296 3810 cum
3340 3754 3572 3826 imperio

1999 3849 2234 3904 praeesse
2261 3852 2324 3892 ac
2352 3837 2626 3909 imperare
2649 3843 2927 3898 noverint.

2559 3953 2790 4011 SERMO
2827 3955 3033 4013 XLVII.

2209 4034 2289 4095 De
2319 4041 2642 4109 loquacitate
2668 4053 2716 4098 et
2741 4045 2932 4117 lingua:
2951 4049 3351 4103 incontinentia.

2070 4147 2259 4206 Matth.
2306 4169 2399 4218 xn,
2436 4154 2522 4209 56.
2555 4183 2624 4193 —
2669 4155 2803 4210 Dico
2850 4165 3034 4212 autem
3080 4158 3259 4221 vobis,
3311 4157 3572 4228 quoniam
3681 4222 3691 4230 _

2000 4252 2162 4293 omne
2185 4241 2412 4296 verbum
2425 4243 2684 4310 otiosum,
2703 4245 2849 4314 quod
2873 4246 3043 4300 locuti
3071 4246 3278 4302 fuerint
3301 4248 3574 4315 homines,

320 4314 512 4368 αὑτοῦ.
556 4315 650 4368 Ἐκ
677 4316 784 4386 γὰρ
807 4316 917 4370 τῶν
963 4316 1139 4385 λόγων
1171 4335 1263 4371 σου
1311 4319 1666 4392 δικαιωθήσῃ,
1699 4321 1791 4375 καὶ
1834 4323 1894 4376 ὲκ

2001 4330 2236 4385 reddent
2263 4334 2534 4388 rationem
2558 4334 2627 4390 de
2658 4352 2744 4391 eo.
2787 4336 2868 4392 Ex
2897 4338 3082 4392 verbis
3115 4339 3261 4392 enim
3299 4340 3406 4394 tuis
3428 4339 3576 4411 judi-

321 4401 434 4456 τῶν
453 4403 628 4471 λόγων
654 4420 749 4457 σου
776 4404 1180 4476 κατακριθήσῃ.

407 4494 556 4549 ’1άκ.
610 4493 991 4551 αι’-Ἔστω
1035 4501 1140 4560 πᾶς
1175 4499 1462 4570 ἄνθρωπος
1497 4503 1667 4572 ταχὺς
1711 4504 1791 4568 είς
1838 4505 1898 4558 τὸ

322 4585 576 4650 ἀκοῦσαι,
615 4588 708 4640 καὶ
753 4587 953 4657 βραδὺς
987 4590 1066 4652 εἰς
1096 4588 1157 4642 τὸ
1185 4589 1439 4661 λαλῆσαι.

395 4679 578 4747 Σιρὰχ
605 4685 682 4744 η’.
700 4708 768 4720 -—
787 4680 1103 4732 Γλωσσώδει
1158 4681 1433 4752 ἀνθρώπῳ
1473 4684 1546 4754 μὴ
1593 4684 1859 4758 διαμάχου
1884 4703 1898 4718 ⁸

329 4767 464 4838 μηδὲ
493 4768 840 4833 ὲπιστοίϐαζε
864 4769 956 4822 ἐπὶ
980 4769 1042 4822 τὸ
1067 4769 1175 4841 πῦρ
1205 4772 1370 4826 αὑτοῦ
1396 4771 1546 4838 ξύλα.

394 4862 640 4927 Παροιμ.
674 4867 828 4928 ιγ’-
860 4863 954 4923 ’ος
1007 4860 1270 4930 φυλάσσει
1315 4865 1374 4918 τὸ
1433 4867 1631 4921 ἑαυτοῦ
1688 4869 1898 4941 στόμα,

323 4951 485 5019 τηρεῖ
509 4949 605 5020 τὴν
634 4951 828 5004 ἑαυτοῦ
856 4952 1054 5022 ψυχήν.

398 5043 643 5110 ιΙαροιμ.
688 5049 763 5108 ς’.
790 5073 858 5084 -
875 5047 1049 5114 [Iatqu
1078 5049 1231 5118 ἀνδρὶ
1269 5050 1482 5121 ἰσχυρὰ,
1505 5051 1575 5104 τὰ
1603 5051 1707 5105 ἴδια
1726 5053 1898 5126 χείλη·

326 5128 610 5186 ἁλίσκεται
634 5133 692 5187 δὲ
723 5135 966 5205 ῥήμασιν
997 5138 1130 5191 ίδίου
1162 5139 1451 5216 στόματος.
1711 5171 1716 5176 -

397 5223 644 5290 Παροιμ.
697 5231 835 5277 ι’.--
863 5225 919 5279 Ὀ
953 5227 1182 5297 ἄστεγος
1211 5230 1444 5301 χείλεσιν
1478 5230 1575 5303 (υ),
1603 5235 1901 5300 σκολιάζων

308 5309 694 5387 -ὗποσκελισθή
707 5333 875 5370 σεται.

397 5449 418 5479 ⁸
448 5449 506 5502 in
532 5450 696 5506 Gesn.
743 5454 898 5508 Stob.
936 5455 1057 5510 134.

2001 4420 2235 4487 caberis,
2261 4431 2317 4478 et
2339 4441 2406 4480 ex
2432 4425 2618 4481 verbis
2648 4428 2758 4483 tuis
2779 4428 3257 4484 condemnaberis.

2065 4510 2182 4568 Jac.
2208 4529 2243 4577 l,
2304 4515 2390 4569 l9.
2421 4546 2490 4555 —
2537 4517 2620 4572 Sit
2653 4519 2834 4575 omnis
2860 4519 3026 4574 homo
3053 4521 3210 4576 velox
3237 4519 3303 4575 ad
3347 4519 3578 4576 audien-

2003 4601 2156 4667 dum,
2187 4612 2242 4658 et
2265 4605 2454 4661 tardus
2485 4607 2554 4662 ad
2578 4609 2939 4679 loquendum.

2078 4691 2247 4746 Eccli.
2273 4711 2387 4758 vni,
2416 4697 2470 4750 4.
2508 4728 2578 4737 -
2605 4698 2725 4754 Noli
2761 4700 2942 4756 rixare
2972 4716 3096 4757 cum
3122 4701 3345 4756 homine
3367 4701 3582 4774 linguo~

2008 4795 2088 4846 so,
2116 4791 2171 4836 et
2199 4799 2268 4838 ne
2293 4794 2474 4842 struas
2494 4787 2550 4842 in
2570 4790 2692 4859 ejus
2719 4791 2896 4862 ignem
2920 4791 3087 4862 ligna.

2078 4871 2236 4927 Prov.
2267 4891 2382 4940 χιιι,
2416 4878 2471 4932 5.
2515 4877 2620 4945 Qui
2641 4881 2885 4936 custodit
2917 4897 2978 4937 os
3021 4897 3202 4949 suum,
3233 4890 3416 4940 servat
3459 4882 3578 4938 ani-

2009 4979 2151 5019 mam
2177 4982 2351 5022 suam.

2080 5056 2243 5113 Prov.
2275 5078 2348 5128 vi,
2376 5064 2429 5118 2.
2454 5093 2523 5104 -
2547 5065 2800 5136 Laqueus
2829 5067 2989 5123 fortis
3013 5069 3134 5124 viro
3157 5069 3382 5140 prapria
3405 5066 3579 5135 labia;

2005 5149 2258 5218 capietur
2288 5163 2473 5210 autem
2501 5159 2692 5214 verbis
2723 5162 2933 5232 proprii
2960 5162 3094 5217 oris.

2066 5241 2224 5298 Prov.
2276 5262 2309 5300 x
2339 5289 2352 5312 ,
2399 5249 2452 5304 8.
2481 5279 2550 5291 ο-
2582 5251 2688 5319 Qui
2739 5253 3016 5310 labiorum
3071 5254 3423 5310 incontinens
3474 5269 3582 5325 est,

1952 5381 1961 5394 ,
2006 5331 2226 5404 oblique
2249 5352 2416 5408 agens
2445 5343 2911 5412 supplantabitur.

1792 5530 2023 5596 NOTAE.

397 5653 493 5722 (ν),
541 5655 607 5708 '0
663 5657 918 5726 ἅστεγος
946 5660 1196 5727 χείλεσι.
1242 5663 1400 5734 Vulg.
1473 5664 1665 5722 stultus
1717 5669 1890 5728 labiis.

1994 5678 2105 5733 chr.
2161 5683 2549 5756 propinquius,
2622 5704 2650 5743 a
2706 5705 2818 5760 quo
2848 5706 2950 5748 nec
2998 5694 3048 5744 oi
3079 5693 3225 5749 LXX
3256 5696 3585 5764 abscedunt,

575 5748 846 5812 pATBOL.
881 5753 998 5813 GR.
1033 5755 1181 5814 XCI.

1118 5845 1134 5876 I

3187 5790 3261 5851 30
