4066 6146
516 203 620 265 939

1689 204 1748 263 S.
1790 203 2075 262 MAXIMI
2117 201 2624 263 CONFESSORIS

3651 201 3776 268 910

579 315 734 368 Prov.
765 330 898 380 χιιι,
937 315 1021 368 Η.
1057 343 1126 354 --
1155 315 1333 369 Fovea
1350 313 1622 385 profunda
1653 329 1715 368 os
1751 314 1927 384 impii;
1986 329 2057 384 qu

2255 318 2500 382 Παροιμ.
2549 314 2746 378 κβκ-
2770 311 2970 382 Βὸθρος
2999 311 3166 382 βαθὺς
3198 314 3370 383 στόμα
3399 316 3725 386 παρανόμου
3751 337 3767 347 ·

512 416 696 459 autem
724 407 834 459 Deo
862 420 1062 459 exosus
1082 415 1186 470 est,
1223 405 1385 459 cadet
1409 406 1462 458 in
1494 405 1662 459 illam.

584 495 741 548 Prov.
760 511 902 560 xxvi,
935 495 1023 547 20.
1049 524 1118 535 —
1141 495 1201 549 In
1239 496 1425 550 multis
1455 495 1619 567 lignis
1644 496 1792 566 viget
1815 494 1990 565 ignis;
2020 508 2082 548 os

509 596 691 653 autem
712 585 982 655 impotens
1005 585 1136 661 facit
1154 587 1389 640 ruinam.

579 676 737 729 Ecrli.
770 693 900 741 χιιι,
929 675 1020 730 55.
1045 707 1113 716 -—
1135 676 1268 742 Quis
1309 677 1462 732 dabit
1511 676 1564 730 in
1597 693 1692 731 ore
1727 693 1850 732 meo
1893 687 2078 732 custo-

507 766 673 829 diam,
705 775 759 819 et
783 781 946 834 super
969 765 1112 820 labia
1147 781 1268 819 mea
1300 767 1666 835 signaculum,
1695 782 1764 822 ne
1807 767 1946 822 forte
1985 782 2078 821 ca-

508 859 626 912 dam
656 859 724 911 ab
758 874 844 923 ea,
874 867 931 912 ct
969 858 1154 928 lingua
1179 873 1300 912 mea
1327 856 1523 926 perdat
1550 857 1676 911 me?

574 1029 739 1083 Eccli.
771 1047 897 1093 xxx,
938 1029 1023 1083 18.
1060 1030 1295 1084 —Bona
1326 1030 1526 1085 diffusa
1548 1030 1603 1084 in
1643 1045 1738 1084 ore
1760 1029 1969 1083 clauso.

570 1210 776 1262 Basilii.
813 1239 878 1248 —-
908 1208 1028 1261 Noli
1078 1208 1280 1277 lingua:
1312 1207 1497 1262 omnia
1531 1206 1759 1261 credere
1783 1248 1796 1270 ,
1841 1221 1910 1259 ne
1940 1203 2073 1274 quid

501 1301 599 1354 tibi
649 1279 1031 1367 intempestive
1057 1299 1373 1368 contingat:
1401 1297 1766 1351 velutoculus
1801 1296 1905 1349 hoc
1928 1303 2072 1348 sata-

499 1408 632 1461 gens
667 1401 725 1446 ut
754 1393 808 1444 in
843 1400 1016 1445 totum
1058 1390 1307 1444 intendat
1343 1391 1513 1443 solem
1559 1405 1623 1442 ac
1653 1389 1850 1457 capiat,
1891 1387 2072 1456 ipsum

497 1499 738 1552 quoque,
774 1499 882 1551 quo
911 1483 1174 1552 prteditus
1202 1490 1284 1533 est
1307 1521 1320 1542 ,
1355 1481 1538 1533 lumen
1567 1479 1790 1532 amittit.

565 1575 824 1642 Theologi.
857 1602 925 1612 -ιε
963 1574 1032 1627 Ut
1081 1573 1294 1626 ruinam
1348 1571 1604 1624 homines
1656 1570 1890 1630 faciant,
1939 1567 2072 1620 facit

496 1667 702 1736 lingua,
737 1682 899 1735 quam
933 1665 1073 1718 ratio
1102 1681 1211 1717 non
1243 1664 1402 1732 regit.

569 1760 830 1830 Clirysost.
871 1757 1199 1810 —Temere
1252 1755 1498 1823 prolatus
1551 1766 1766 1814 sermo,
1828 1751 2068 1820 integras

494 1852 693 1908 evertit
737 1851 930 1904 domos
976 1866 989 1910 ;
1048 1849 1370 1915 animasque
1423 1843 1702 1899 subvertit
1750 1859 1813 1896 ac
1842 1841 2067 1896 interitu

497 1942 707 1996 mersit.
733 1941 808 1992 Ac
839 1937 1061 2006 quidem
1095 1936 1256 2006 647
1286 1933 1644 2003 pecuniarum
1681 1946 1961 2001 opumque
1982 1932 2066 2000 ja-

495 2041 708 2085 cturam
759 2028 1026 2081 resarcire
1082 2027 1250 2090 licet;
1297 2037 1606 2078 sermonem
1657 2031 1840 2074 autem
1898 2021 2066 2074 semel

493 2121 752 2174 emissum
783 2132 1037 2172 revocare
1062 2132 1168 2170 non
1193 2116 1341 2168 licet.

564 2207 770 2279 Cyrilli.
812 2237 881 2245 —
917 2204 1255 2259 llirundines
1294 2217 1360 2256 ne
1392 2209 1538 2256 tecto
1572 2199 1844 2268 accipito;
1887 2197 2068 2252 bomi-

493 2317 595 2356 nes
632 2300 840 2354 scilicet
897 2297 1150 2365 loquaces
1190 2303 1247 2347 et
1285 2294 1486 2364 lingua:
1531 2291 1950 2356 incontinentis,
2000 2303 2068 2344 nc

495 2393 593 2446 tibi
617 2388 1042 2444 contubernales
1066 2384 1348 2440 asciveris.

559 2484 798 2552 Evagrii.
827 2510 892 2521 —
917 2479 1169 2547 Loquere
1192 2491 1312 2544 quin
1338 2474 1517 2538 decet,
1547 2483 1604 2528 et
1634 2471 1973 2534 cum'decet,
2004 2483 2069 2523 ac

495 2575 564 2629 de
607 2574 812 2644 quibus
857 2570 1039 2632 decet,
1094 2581 1196 2621 nec
1246 2565 1442 2620 audies
1487 2579 1728 2634 unquam
1784 2577 1907 2632 quae
1956 2575 2066 2615 non

491 2667 672 2722 decet.

560 2755 689 2811 Nili.
731 2783 800 2792 -—
827 2752 883 2808 Si
921 2751 1146 2820 quidem
1175 2747 1389 2804 ventris
1417 2747 1711 2801 continens
1738 2761 1818 2808 es,
1863 2753 1982 2798 esto
2010 2750 2065 2798 et

489 2849 720 2916 linguas;
783 2852 844 2897 ut
895 2858 964 2896 ne
1016 2842 1247 2896 alterius
1281 2853 1513 2901 servus,
1561 2837 1630 2890 ab
1669 2836 1842 2889 altero
1880 2843 2064 2888 autem

489 2951 536 2996 sl
554 2943 657 2996 alte
680 2938 914 2993 exsistas
947 2936 1108 2990 liber.

558 3032 831 3088 Isocratis.
861 3060 925 3070 —
946 3023 1225 3094 Quidquid
1261 3036 1512 3077 sermone
1535 3020 1786 3074 dicturus
1809 3032 1889 3079 es,
1909 3017 2062 3085 prius

488 3124 676 3179 animo
723 3119 1052 3182 considera;
1114 3114 1306 3169 multis
1373 3112 1520 3166 enim
1571 3110 1758 3178 lingua
1820 3116 2059 3162 mentem

532 3221 800 3267 ι’·δεοιιπιι.

532 3230 800 3267 raccurrit.

490 3230 522 3284 ν
560 3303 826 3358 Isocrates
866 3306 1056 3352 orator
1082 3335 1098 3360 ,
1139 3308 1265 3347 cum
1298 3290 1511 3346 Careon
1565 3288 1732 3341 homo
1779 3287 1975 3354 loquax
2009 3283 2062 3337 ei

486 3396 650 3450 vellet
678 3406 901 3462 operam
929 3389 1083 3450 dare,
1131 3383 1335 3452 duplex
1361 3381 1678 3434 donativum
1720 3377 1898 3447 petiit.
1939 3376 2064 3429 lllo-

489 3497 598 3552 que
629 3489 850 3549 rogante
900 3489 1159 3530 causam:
1192 3471 1395 3534 Unum,
1430 3468 1628 3538 inquit,
1661 3475 1866 3536 petout
1910 3463 2062 3532 loqui

490 3575 691 3634 discas,
723 3571 955 3623 alterum
983 3575 1043 3619 ut
1075 3574 1260 3618 tacere
1288 3561 1528 3615 noveris.

563 3659 837 3716 Clitarchi.
866 3686 933 3697 -
958 3653 1116 3719 Quod
1159 3651 1303 3704 nolis
1345 3648 1557 3712 audire,
1604 3662 1786 3716 neque
1824 3645 2058 3708 dixeris;

494 3753 640 3819 quod
671 3751 812 3805 nolis
856 3748 1064 3811 dicere,
1108 3759 1284 3812 neque
1333 3742 1522 3797 audito
1549 3758 1562 3794 :
1590 3741 1806 3795 aurium
1833 3738 2060 3808 lingua:-

491 3857 600 3915 que
631 3841 822 3911 ingens
854 3846 939 3892 est
971 3835 1300 3906 periculum.

557 3931 818 3989 Socratis.
855 3956 921 3968 —-
953 3927 1118 3991 Pede,
1142 3937 1309 3996 quam
1334 3923 1544 3993 lingua,
1567 3919 1679 3975 labi
1707 3925 1992 3990 praestare.

557 4108 872 4164 Demonact.
916 4131 984 4144 ——
1043 4101 1212 4171 Magis
1265 4097 1543 4162 auribus,
1606 4111 1770 4165 quam
1838 4097 2059 4167 lingua.

489 4204 686 4258 utitor.

559 4290 829 4346 Demosth.
860 4315 926 4327 -—
960 4287 1018 4340 In
1049 4283 1304 4339 convivio
1332 4281 1550 4336 cuidam
1575 4281 1746 4335 multa
1775 4281 2057 4351 loquenti:

489 4385 547 4441 Si
580 4394 692 4438 tam
745 4380 937 4443 multa,
996 4376 1214 4446 inquit,
1269 4386 1527 4443 saperes,
1585 4388 1696 4427 non
1731 4382 1842 4426 tam
1890 4374 2062 4427 multa

485 4474 659 4530 verba
690 4471 966 4526 funderes.
1274 4535 1276 4542 _

563 4551 850 4634 Rogatus:
893 4559 1034 4626 Quid
1063 4574 1240 4614 causa:
1281 4559 1371 4624 sit,
1407 4573 1505 4612 cur
1544 4570 1708 4609 unam
1757 4554 2061 4609 habeamus

486 4657 752 4727 linguam,
783 4668 946 4709 aures
969 4667 1098 4706 vero
1132 4652 1290 4715 duas,
1329 4649 1488 4716 Quia,
1519 4646 1718 4718 inquit,
1745 4645 1912 4715 duplo
1937 4646 2060 4715 plus

488 4747 847 4812 audiendum,
873 4759 1034 4814 quam
1060 4741 1416 4813 loquendum.

2184 405 2213 457 ὁ
2235 405 2292 458 δὲ
2318 405 2568 475 μισηθεὶς
2593 404 2698 457 ὑπὸ
2733 403 2892 466 Θεοῦ,
2927 405 3248 474 ἐμπεσεῖται
3283 406 3363 468 εἰς
3391 405 3576 462 αὐτόν.

2254 499 2494 564 Παροιμ.
2537 501 2650 559 κς¹.
2674 524 2743 534 -
2771 495 2858 546 Ἐν
2912 494 3127 556 πολλοῖς
3176 493 3350 558 ξύλοις
3379 495 3563 550 θάλλει
3609 497 3767 570 πῦρ-

2183 589 2360 654 στὸμα
2385 585 2442 638 δὲ
2475 586 2704 652 άστεγον
2736 587 2880 636 ποιεῖ
2907 583 3341 638 ἁκαταστασίαν.

2249 677 2433 744 Σιρὰχ
2483 675 2799 739 κβ’.-Τίς
2836 673 2997 727 δώσει
3040 676 3134 727 ἐπὶ
3175 675 3271 728 τοῦ
3333 676 3603 746 στόματός
3650 696 3765 748 μου

2179 769 2447 839 φυλακὴν,
2475 769 2570 822 καὶ
2599 768 2692 820 ἐπὶ
2719 766 2828 818 τῶν
2852 765 3074 836 χειλέων
3101 783 3200 834 μου
3226 768 3528 836 σφραγίδας
3563 769 3650 822 ἵνα
3682 769 3767 841 μὴ

2179 859 2406 928 ἐμπέσω
2487 858 2582 910 ἀπ’
2644 855 2833 926 αὐτῆς,
2905 856 2999 908 καὶ
3056 856 3089 926 ἡ
3157 855 3378 923 γλῶσσά
3470 875 3574 927 μου
3637 861 3761 912 άπ-

2177 950 2336 1021 ολέσῃ
2363 967 2454 1020 με.

2245 1041 2427 1108 Σιρὰχ
2455 1042 2622 1092 .1'.—
2656 1035 2863 1106 Ἀγαθὰ
2905 1035 3186 1107 κεχυμένα
3244 1038 3338 1090 ἐπὶ
3385 1040 3616 1109 στόματι
3661 1057 3765 1094 κε·

2174 1129 2496 1198 κλεισμένῳ.

2243 1220 2658 1287 Βασιλ.-Μὴ
2707 1218 2882 1271 πάντα
2923 1217 3114 1287 θάρῤει
3157 1220 3226 1289 τῇ
3269 1217 3510 1292 γλώσσῃ,
3549 1219 3638 1274 ἵνα
3676 1221 3761 1293 μὴ

2175 1309 2351 1379 πάθῃς
2383 1309 2645 1380 ἀκαίρως,
2681 1309 2930 1378 καθάπερ
2979 1307 3256 1376 ὀφθαλμὸς
3302 1309 3422 1363 ὅλον
3461 1310 3554 1364 τὸν
3599 1311 3762 1381 ἥλιον

2173 1400 2342 1453 θέλων
2366 1400 2698 1468 ἀποϐλέψαι,
2732 1399 2952 1452 ἀπόλλει
2987 1401 3078 1451 καὶ
3105 1399 3134 1450 ὃ
3158 1399 3273 1470 ἔχει
3302 1399 3438 1469 φῶς.

2242 1579 2557 1647 Θεολόγου.
2581 1607 2651 1619 -
2675 1578 2927 1641 Ὀλισθος
2972 1578 3303 1648 ἀνθρώποις,
3347 1578 3568 1647 γλῶσσα
3598 1580 3754 1654 λόγῳ

2103 1670 2144 1724 Β
2177 1670 2250 1739 μὴ
2274 1670 2685 1741 κυόερνωμένη.

2238 1761 2814 1830 Χρυσόστ.-Λόγος
2865 1761 3053 1823 ἁπλῶς
3091 1759 3460 1831 προενεχθεὶς,
3514 1762 3754 1837 ὁλοκλή-

2172 1868 2299 1921 ρους
2323 1852 2620 1921 ἀνέτρεψεν
2655 1855 2676 1884 ⁸
2719 1853 2898 1914 οἰκίας
2919 1867 2932 1881 ·
2972 1852 3066 1904 καὶ
3099 1850 3277 1922 ψυχὰς
3307 1853 3607 1924 ἀνέστρεψε
3649 1856 3753 1908 καὶ

2171 1939 2433 1991 κατέδυσε
2453 1956 2466 1970 ·
2496 1943 2588 1993 καὶ
2618 1941 2726 1992 τῶν
2751 1943 2851 2010 μὲν
2893 1939 3190 2010 χρημάτων
3226 1939 3323 2009 τὴν
3362 1940 3564 2011 ζημίαν
3595 1943 3749 2012 διορ-

2170 2028 2391 2083 θοῦσθαι
2438 2032 2600 2085 πάλιν
2650 2034 2772 2100 εἴη’
2828 2032 2985 2099 λόγον
3036 2030 3092 2082 δὲ
3139 2030 3530 2102 ἐκπηδήσαντα
3573 2036 3747 2104 ἅπαξ,

2168 2120 2471 2190 ἀνακτῆσαι
2504 2123 2666 2175 πάλιν
2695 2123 2795 2175 οὐκ
2828 2125 2934 2192 εἴη.

2241 2213 2757 2282 Kvpl.l.lov.—Miq
2840 2214 3117 2283 χελιδόνας
3181 2215 3382 2276 οἰκίαις
3452 2213 3744 2284 δέχεσθαι·

2167 2304 2413 2356 τουτέστι
2436 2301 2625 2365 λάλους
2652 2305 2748 2356 ἀνθ
2760 2302 2973 2374 ρώπους
3001 2306 3096 2359 καὶ
3125 2305 3254 2378 περὶ
3287 2305 3542 2374 γλῶσσαν
3570 2307 3746 2377 ἀκρα-

2167 2395 2279 2455 τεῖς
2311 2393 2640 2461 ὁμοροφίους
2675 2392 2750 2463 μὴ
2779 2393 3069 2464 ποιεῖσθαι.

2237 2485 2552 2550 Εὐιιγρίου.
2579 2483 2818 2536 -Λάλει
2858 2482 2894 2535 ἃ
2936 2484 3037 2549 δεῖ,
3072 2485 3170 2538 καὶ
3207 2485 3296 2538 ὅτε
3326 2485 3426 2550 δεῖ,
3469 2485 3561 2538 καὶ
3606 2484 3738 2554 περὶ

2165 2569 2242 2628 ὧν
2275 2573 2377 2638 δεῖ,
2409 2575 2502 2627 καὶ
2540 2574 2642 2626 οὐκ
2675 2575 2932 2638 ἀκούσεις
2965 2574 3001 2628 ἃ
3037 2574 3114 2646 μὴ
3139 2575 3241 2630 δεῖ.

2235 2751 2559 2806 Νεί.ιου.-
2577 2752 2638 2803 Εἰ
2669 2754 2890 2821 κρατεῖς
2917 2751 3174 2822 γαστρὸς,
3213 2750 3399 2821 κράτει
3429 2749 3525 2803 καὶ⁸
3545 2747 3732 2819 γλώσ-

2167 2859 2267 2912 σης
2287 2859 2300 2873 ·
2329 2843 2416 2894 ἴνα
2449 2843 2523 2912 μὴ
2551 2843 2650 2910 τῆς
2675 2841 2775 2911 μὲν
2809 2843 3060 2914 ὑπάρχῃς
3087 2840 3295 2909 δοῦλος,
3325 2841 3422 2912 τῆς
3447 2840 3504 2894 δὲ
3530 2841 3737 2911 τυγχά-

2165 2950 2260 3002 νῃς
2284 2933 2527 3002 ἀνοήτοις
2550 2932 2854 3004 ἐλεύθερος.

2246 3021 2539 3090 Ἰσοκράτ.
2563 3023 2761 3076 -ἰίᾶν
2789 3023 2818 3076 ὅ
2839 3039 2890 3074 τι
2919 3021 2985 3075 ἂν
3031 3021 3246 3092 μέλλεις
3276 3023 3445 3092 ἐρεῖν,
3472 3023 3740 3094 πρότερον

2163 3111 2448 3164 ἐπισκόπει
2481 3113 2546 3179 τῇ
2581 3111 2774 3182 γνώμῃ
2800 3129 2813 3143 ο
2854 3111 3068 3173 πολλοῖς
3110 3113 3218 3183 γὰρ
3264 3115 3298 3183 ἡ
3333 3111 3555 3180 γλῶσσα
3603 3131 3740 3184 προ-

2161 3202 2348 3272 τρέχει
2378 3203 2476 3270 τῆς
2504 3202 2764 3264 διανοίας.

2246 3294 2559 3362 Ἰσοκράτης
2584 3295 2612 3346 ὁ
2642 3295 2849 3364 ῥήτωρ,
2901 3293 3190 3362 Καρεῶνος
3229 3294 3383 3356 ὄντος
3413 3294 3598 3357 λάλου,
3646 3295 3744 3347 καὶ

2165 3381 2446 3452 σχολάζειν
2503 3384 2632 3452 παρ’
2693 3383 2842 3453 αὐτῷ
2897 3383 3248 3453 βουλομένου,
3305 3384 3519 3448 διττοὺς
3573 3386 3743 3455 ᾔτησε

2167 3473 2412 3542 μισθούς.
2477 3475 2582 3526 Τοῦ
2620 3473 2675 3526 δὲ
2714 3474 2812 3543 τὴν
2859 3475 3037 3526 αἰτίαν
3082 3476 3413 3543 πυθομένου,
3449 3477 3586 3529 Ἐνα
3622 3475 3742 3546 μὲν,

2164 3566 2290 3636 ἔφη,
2323 3566 2408 3619 ἵνα
2439 3566 2618 3619 λαλεῖν
2653 3566 2828 3638 μάθῃς
2853 3583 2867 3596 ο
2909 3566 3004 3617 τὸν
3032 3566 3088 3617 δὲ
3125 3567 3333 3636 ἕτερον,
3373 3567 3461 3620 ἵνα
3493 3570 3671 3638 σιγᾷν.

2235 3655 2546 3725 Κλειτάρχ.
2568 3686 2636 3695 -—
2657 3660 2722 3708 Ὃ
2750 3657 2822 3725 μὴ
2857 3656 3012 3728 θέλῃς
3046 3656 3288 3721 ἀκούειν,
3331 3657 3467 3727 μηδὲ
3501 3660 3684 3724 εἴπῃςσ
3716 3658 3745 3711 ὃ

2167 3747 2242 3817 μὴ
2277 3747 2434 3818 θέλῃς
2470 3747 2671 3814 λέγειν,
2725 3748 2856 3817 μηδὲ
2911 3749 3114 3800 ἄκουεο
3151 3747 3302 3802 ὢτων
3355 3750 3450 3803 καὶ
3499 3750 3745 3821 γλώττης

2167 3836 2338 3906 μέγας
2362 3840 2390 3890 ὁ
2418 3838 2683 3898 κίνδυνος.

2233 3927 2548 3995 Σωκράτης
2583 3928 2996 3998 ’.-Κρεῖττον
3045 3925 3184 3981 εἶναι
3227 3927 3305 3998 τῷ
3335 3929 3458 3982 ποδὶ
3508 3930 3747 3985 ὀλισθαί-

2163 4034 2299 4084 νειν,
2326 4018 2358 4088 ἢ
2389 4020 2453 4088 τῇ
2495 4015 2740 4089 γλώσσῃ.

2225 4110 2564 4178 Δημώνακτ.
2591 4135 2662 4147 -
2689 4107 2815 4170 Τοῖς
2842 4106 2946 4159 ὠσὶ
2976 4106 3157 4172 πλέον,
3186 4107 3219 4178 ἢ
3254 4110 3320 4178 τῇ
3359 4109 3582 4184 γλώττῃ
3608 4111 3742 4181 χρῶ.

2232 4284 2681 4354 Amicam—13v
2743 4281 3028 4352 συμποσίῳ
3093 4283 3233 4353 πρὸς
3283 4284 3376 4337 τὸν
3433 4287 3609 4340 πολλὰ
3657 4289 3745 4340 λα-

2167 4378 2384 4444 λοῦντα,
2419 4377 2480 4429 Εἰ
2517 4373 2776 4439 τοσαῦτα,
2811 4373 2937 4445 ἔφη,
2975 4375 3243 4444 ὲφρόνεις,
3282 4377 3383 4430 οὐκ
3414 4378 3482 4432 ἂν
3509 4382 3745 4435 τοσαῦτα

2167 4465 2398 4522 ὲλάλεις.

2251 4485 2346 4520 usi
2385 4508 2398 4521 .

2251 4485 2578 4631 Ἐρώτηθεὶς
2619 4559 2695 4622 δὲ,
2727 4558 2881 4611 Διατί
2922 4557 3049 4628 μίαν
3097 4557 3353 4626 γλῶσσαν
3383 4559 3608 4631 ἔχομεν,
3637 4555 3744 4614 ὧτσ

2167 4651 2224 4705 δὲ
2249 4651 2382 4717 δύο;
2411 4647 2584 4714 εἶπεν,
2617 4651 2739 4703 Ὅτι
2755 4649 3034 4708 διπλάσιον
3057 4648 3140 4703 δεῖ
3164 4649 3385 4704 ἀκούειν
3416 4651 3514 4704 τοῦ
3546 4652 3749 4721 λέγειν.

1759 4873 1995 4929 ῩᾹίὶΙᾸΞ
2036 4871 2439 4929 LECTIONES.

561 4973 582 5004 ⁰
615 4972 675 5026 Β.
727 4968 1040 5040 ἀνέτρεψεν.
1116 4969 1133 4997 ⁷
1166 4966 1330 5020 Gesn.
1363 4967 1458 5019 εστ

1988 5055 2218 5110 NOTAE.

491 5157 619 5210 dum
660 5155 888 5220 ᾰςτεγος
923 5152 1180 5206 reddunt.
1205 5152 1302 5205 Est
1323 5151 1467 5204 enim
1521 5150 1720 5220 linguai
1763 5151 2049 5218 impotens,

491 5229 587 5296 qui
609 5219 1072 5296 linguaintencre
1100 5237 1207 5296 non
1239 5229 1443 5296 potest,
1475 5220 1570 5296 sed
1592 5219 1814 5296 quidvis
1847 5228 2054 5271 temere

493 5288 708 5354 etimit;
732 5291 799 5343 ab
829 5291 1003 5344 altera
1059 5291 1212 5345 vocis
1241 5288 1430 5356 στέγω
1472 5288 1896 5358 signiﬁcatione,
1947 5303 2056 5354 qua

495 5378 628 5417 usus
667 5361 904 5414 Paulusl
927 5360 1054 5414 Cor.
1087 5376 1202 5421 xm,
1229 5359 1482 5413 Charitas
1517 5357 1692 5410 πάντα
1719 5357 1922 5422 στέγει,
1947 5373 2059 5407 om-

495 5433 585 5484 nia
607 5431 808 5498 ειεῙῘεΓί,
833 5439 927 5482 aut
977 5431 1218 5483 sustinet.
1277 5428 1441 5482 Gesn.
1509 5435 1564 5498 et
1599 5428 1736 5498 Sixt.
1789 5425 2063 5498 interpres

500 5501 639 5578 κατᾲ
672 5496 1008 5578 ξπρὸχειρον,
1067 5502 1155 5568 qui
1209 5498 1359 5550 labiis
1397 5505 1469 5549 est
1528 5496 1906 5578 detectianui
1963 5511 2065 5544 non

499 5575 573 5621 est
603 5559 760 5617 mm;
809 5559 958 5620 labiis
997 5559 1015 5620 ξ
1061 5559 1180 5635 quae
1209 5581 1402 5637 parum
1426 5573 1556 5637 apta
1587 5573 1642 5620 ct
1673 5559 1871 5633 frigida
1918 5573 2065 5616 sunt.

2161 5149 2272 5211 Τὸ,
2320 5145 2842 5216 ὑποσκελισθήσεται
2901 5143 3334 5215 supplantabitur
3404 5143 3618 5211 optimc
3684 5158 3744 5194 ex

2164 5233 2330 5287 Hebr.
2348 5218 2478 5289 13:57
2511 5244 2850 5298 expressum,
2869 5227 3042 5298 Aben.
3072 5226 3202 5298 Esr.
3227 5233 3457 5278 corruet.
3479 5224 3749 5298 Geminus

2166 5304 2322 5356 locus
2369 5303 2535 5370 paulo
2571 5295 2912 5370 post,”qu
2944 5297 3010 5370 Δδὲ
3062 5296 3289 5370 ἄστεγον
3350 5297 3498 5370 ποιεῖ
3547 5295 3746 5370 ἀκατατ

2171 5361 2416 5434 στασίαν,
2442 5373 2548 5432 vel,
2571 5361 2635 5422 ut
2667 5369 2783 5429 alii,
2821 5361 3118 5434 ὀλίσθημα·
3156 5363 3248 5416 ubi
3285 5362 3552 5434 perinde
3576 5361 3746 5417 notati

2165 5432 2520 5509 interpretes,
2570 5438 2638 5493 Os
2691 5446 2866 5490 autem
2917 5432 3221 5509 detectum;
3273 5447 3376 5502 ego
3437 5432 3648 5509 potius.
3695 5446 3748 5482 os

2165 5500 2446 5580 impotens,
2482 5500 2698 5578 loquax,
2731 5514 3060 5568 susurrator,
3113 5500 3344 5569 blatero‘,
3394 5500 3466 5557 ex
3523 5500 3749 5557 Hebraio

2166 5588 2298 5656 ἴση.
