4066 6146
365 232 465 306 941

1657 224 1829 290 LOCI
1866 220 2300 286 COMMUNES.

3478 203 3583 267 952

439 346 705 403 Πλάτων.
724 375 793 386 -
814 343 1061 407 Πλάτων,
1104 340 1477 404 Ἀντισθένους
1510 341 1565 394 ὲν
1593 341 1662 412 τῇ
1682 332 1930 411 διατρίΰῇ

2105 332 2282 386 Plato.
2311 360 2382 369 —
2429 328 2602 392 Plato,
2634 339 2757 380 cum
2798 322 3152 378 Antisthenes
3194 318 3488 388 aliquando
3540 318 3594 370 in

371 455 499 493 ποτε
563 435 1091 507 μακρολοιίήσαντος,
1161 433 1420 503 Ἀγνοεῖς,
1466 426 1640 495 εἶπεν,
1705 431 1787 483 ὅτι
1835 428 1929 481 τοῦ

2072 420 2499 493 isputationibus
2545 418 2705 486 longa
2753 424 2938 485 ageret
2992 413 3238 468 oratione
3275 427 3288 464 :
3322 409 3556 478 ,lgnoras
3581 449 3594 463 .

372 530 531 599 λόγου
556 534 752 602 μέτρον
782 531 953 591 ἐστὶν,
987 526 1086 595 οὐχ
1110 526 1138 577 ό
1166 523 1360 590 λέγων,
1391 520 1503 574 ἀλλ’
1524 521 1553 572 ό
1578 519 1824 583 ἁκούωνς

441 701 966 772 Νικοστράτ.-Εί
1020 698 1113 752 ἐπὶ
1158 696 1234 767 τῷ
1275 696 1297 729 ⁸
1331 693 1572 763 συνεχῶς
1616 693 1710 745 καὶ
1764 689 1931 742 πολλὰ

370 795 468 850 καὶ
489 796 699 863 ταχέως
732 793 911 845 λαλεῖν
952 786 1021 859 ἦν
1057 786 1151 840 τοῦ
1199 789 1416 856 φρονεῖν
1474 781 1822 852 παράσημον,
1876 778 1932 830 αί

369 886 635 957 χελιδόνες
659 882 889 949 ὲλέγοντ’
922 880 988 933 ἂν
1008 877 1166 948 ἡμῶν
1194 874 1618 945 φρονιμώτεραι.

454 979 553 1030 Ἕκ
590 975 707 1028 τῶν
745 970 1102 1039 Ἐπικτήτου
1155 966 1254 1020 καὶ
1298 960 1934 1033 Ἰσοκρὰτ.-Γλῶσσαν

374 1067 502 1137 μίαν
525 1069 636 1127 τοῖς
676 1062 986 1134 ἀνθρώποις
1028 1060 1060 1129 ή
1097 1057 1259 1129 φύσις
1302 1056 1550 1117 δέδωκεν,
1579 1052 1672 1106 δύο
1708 1051 1765 1104 δὲ
1795 1044 1929 1111 ὦτα,

371 1158 457 1211 ἵνα
488 1153 805 1207 διπλασίονα.
834 1146 909 1204 ὧν
931 1151 1183 1218 λέγομεν,
1219 1146 1350 1217 παρ’
1384 1145 1585 1214 ἑτέρων
1628 1142 1932 1208 ἀκούωμεν.

438 1240 1038 1312 Πυθαγόρ.-Ξίφους
1083 1238 1267 1306 πληγὴ
1303 1234 1604 1302 κουφοτέρα
1648 1228 1932 1296 γλώσσης·

372 1336 431 1389 τὸ
475 1334 572 1404 μὲν
611 1334 739 1404 γὰρ,
770 1331 950 1400 σῶμα,
981 1332 1016 1399 ἡ
1043 1330 1120 1393 δὲ,
1152 1328 1331 1397 ψυχὴν
1354 1323 1664 1395 τιτρώσκει.

442 1426 739 1490 Αἴσωπος.
757 1418 1011 1483 -Οὖτος
1038 1420 1350 1490 ἐρωτηθεὶς,
1385 1419 1450 1470 Τί
1471 1419 1617 1470 ἐστιν
1641 1416 1697 1467 ὲν
1730 1409 1940 1481 ἀνθρώ-

375 1534 496 1579 ποις
533 1514 736 1583 ἀγαθόν
766 1531 824 1565 τε
849 1513 943 1566 καὶ
977 1511 1214 1578 φαῦλονς
1257 1509 1381 1578 ἔφη,
1412 1508 1659 1560 Γλῶσσα.

446 1578 881 1670 Δημοκρὶτ.⁹-
924 1596 1211 1665 Πλεονεξίη
1266 1596 1335 1649 τά
1386 1596 1561 1647 πάντα
1597 1595 1793 1661 λέγειν,
1848 1578 1943 1643 οἷαὶ

380 1694 551 1764 μηδὲν
574 1690 779 1744 ἐθέλειν
809 1689 1051 1743 ἀκούειν.

463 1785 875 1838 Ἀπολλωνίου.
890 1809 960 1820 —
982 1775 1286 1845 Πολυλογία
1311 1774 1481 1829 πολλὰ
1499 1773 1786 1843 σφάλματα
1810 1770 1940 1841 ἔχει·

386 1875 441 1928 τὸ
467 1874 523 1927 δὲ
550 1874 729 1943 σιγᾷν,
767 1870 1028 1940 ἀσφαλές.

460 1966 521 2018 '0
569 1963 730 2024 αὐτὸς
780 1963 904 2024 τοὺς
957 1962 1192 2033 ῥήτορας
1232 1960 1336 2030 ἔφη
1390 1956 1611 2026 ὁμοίους
1647 1951 1787 2008 εἶναι
1833 1956 1944 2017 τοῖς

2032 515 2234 583 inquit,
2264 511 2529 566 orationis
2554 508 2776 563 modum
2797 519 2939 570 esse,
2983 517 3096 557 non
3134 502 3192 556 in
3221 500 3439 555 dicente
3461 539 3475 564 ,
3502 500 3595 553 scd

2030 605 2089 657 in
2125 603 2378 656 auditore
2408 599 2614 655 situm?

2098 693 2406 748 Nicostrati.
2439 720 2512 731 -—
2532 690 2587 745 Si
2612 688 2969 743 continenter
2990 692 3047 740 et
3074 683 3245 738 multa
3271 687 3326 736 et
3345 678 3600 736 celeriter

2033 784 2185 852 loqui
2233 784 2449 852 signum
2488 787 2635 835 esset
2674 776 2973 847 sapientiae,
3022 773 3353 829 hirundines
3398 771 3604 841 majore

2034 874 2194 928 nobis
2220 871 2490 940 sapientia
2508 876 2768 939 praestare
2804 866 2912 920 dici
2940 873 3184 935 possent.

2115 963 2196 1016 Ea:
2216 938 2442 1032 Epictet.
2469 969 2518 1012 et
2548 960 2768 1012 Isocrat.
2785 989 2855 996 —
2879 956 3143 1026 Linguam
3167 970 3331 1009 unam
3364 938 3596 1007 homini;

2036 1049 2141 1103 bus
2169 1056 2365 1102 natura
2392 1047 2563 1109 dedit,
2590 1055 2646 1098 et
2672 1060 2835 1099 aures
2866 1044 3024 1107 duas,
3043 1051 3104 1097 ut
3132 1042 3362 1111 duplum
3386 1056 3605 1102 eorum,

2036 1156 2160 1209 qua:
2187 1139 2443 1200 dicimus,
2466 1137 2535 1190 ab
2557 1135 2679 1189 aliis
2710 1133 3018 1188 audiamus.

2107 1231 2398 1299 Pylitagor.
2424 1257 2496 1266 —
2527 1226 2703 1281 Gladii
2756 1226 2899 1279 ictus
2945 1225 3123 1279 lenior
3160 1238 3324 1293 quam
3361 1222 3561 1294 lingua:
3592 1238 3607 1275 :

2039 1320 2133 1375 ille
2158 1319 2304 1373 enim
2331 1333 2533 1386 corpus
2552 1355 2568 1382 ,
2602 1317 2719 1370 haec
2741 1316 2986 1368 animum
3019 1315 3291 1368 vulnerat.
3329 1322 3345 1327 '

2108 1410 2293 1480 zEsop.
2322 1438 2392 1449 —
2425 1408 2525 1461 Hic
2572 1408 2992 1476 interrogatus;
3020 1405 3164 1471 Quid
3195 1406 3250 1458 in
3293 1403 3614 1458 hominibus

2039 1510 2186 1556 esset
2206 1501 2410 1554 bonum
2438 1508 2494 1552 et
2526 1498 2750 1561 malum,
2782 1497 3026 1566 linguam
3062 1510 3183 1550 esse
3216 1494 3517 1564 respondit.

2108 1592 2394 1645 Democrit.
2441 1619 2512 1631 -
2542 1590 2731 1644 Avida:
2779 1587 3096 1657 rapacitatis
3139 1601 3312 1656 genus
3340 1584 3613 1655 quoddam

1973 1657 2017 1713 Β
2043 1694 2147 1747 est,
2168 1683 2353 1736 dicere
2385 1681 2589 1745 omnia,
2626 1696 2730 1734 nec
2758 1679 2898 1734 velle
2928 1678 3227 1747 quidquam
3252 1676 3460 1731 audire.

2110 1773 2396 1845 Apollonii.
2421 1803 2492 1812 —
2509 1770 2917 1840 Multiloquium
2942 1770 3118 1823 multa
3145 1776 3326 1824 errata
3343 1767 3532 1830 habet,
3564 1774 3618 1820 at

2045 1877 2226 1923 tacere
2255 1874 2433 1919 tutum
2443 1904 2458 1918 .

2103 1960 2252 2014 Idem
2270 1964 2518 2011 oratores
2535 1957 2687 2009 ranis
2702 1967 2824 2008 esse
2850 1952 3058 2007 similes
3069 1950 3287 2005 dicebat
3305 1969 3319 2017 ;
3348 1952 3448 2006 has
3470 1950 3619 2005 enim

384 2056 708 2126 βατράχοςςσ
754 2053 879 2113 τοὺς
922 2052 1021 2121 μὲν
1057 2053 1167 2122 γὰρ
1210 2053 1268 2105 ὲν
1307 2050 1463 2104 ὕδασι
1511 2046 1777 2111 κελαδεῖν,
1825 2044 1951 2108 τοὺς

2065 2066 2104 2103 n
2152 2049 2310 2117 aquis
2343 2061 2595 2111 coaxare,
2630 2045 2753 2099 illos
2778 2042 2946 2114 648
2983 2041 3052 2096 ad
3095 2042 3438 2113 clepsydram
3467 2042 3620 2096 voci-

384 2145 442 2198 δὲ
484 2145 618 2214 πρὸς
642 2141 969 2210 κλεψύδραν.

455 2235 755 2297 Λύκωνος.
790 2229 1136 2301 -Καθάπερ
1189 2230 1246 2283 αἱ
1295 2227 1560 2299 χελιδόνες
1612 2229 1679 2297 τῇ
1740 2227 1955 2295 συνεχεῖ

386 2325 712 2397 τῆςλαλιᾶς,
739 2323 839 2392 τὴν
869 2321 1061 2391 ἡδονὴν
1101 2320 1204 2389 τῆς
1254 2319 1469 2390 ὁμιλίας
1515 2316 1910 2372 ἀποϐάλλουσιν
1935 2331 1951 2345 °

386 2416 562 2479 οὕτως
617 2416 666 2468 οῖ
715 2413 994 2483 ἀδολέσχαι
1033 2411 1285 2480 ὀχλήσεις
1331 2411 1575 2478 συνεχεῖς
1620 2407 1953 2478 ποιούμενοι,

387 2503 576 2572 ἀηδεῖς
605 2502 998 2569 ἀποφαίνονται
1030 2502 1142 2562 τοῖς
1177 2498 1570 2569 ἀκροωμένοις.

460 2589 689 2659 Νομικῷ
720 2589 946 2660 φλυάρῳ
975 2589 1081 2657 ἔφη
1113 2606 1218 2652 τις,
1250 2589 1326 2641 Ού
1350 2588 1431 2641 δεῖ
1457 2588 1515 2640 ὲν
1539 2574 1750 2650 πολλοῖς
1778 2584 1958 2655 λέγειν

391 2681 569 2751 όλίγα,
598 2681 713 2734 ἀλλ’
736 2682 794 2735 ὲν
822 2680 1026 2748 ὀλίγοις
1041 2679 1232 2732 πολλά.

930 2771 1150 2825 ΛΟΓΟΣ
1198 2767 1319 2825 MH’
1360 2770 1421 2822 “.

900 2859 1041 2927 Περὶ
1145 2858 1449 2926 προνοίας.

2047 2139 2238 2194 ferari.

2118 2230 2357 2300 Lyconis.
2382 2258 2453 2268 —
2485 2226 2959 2294 Quemadmodum
3001 2225 3330 2281 hirundines
3360 2226 3623 2279 continuo

2051 2320 2276 2392 garritu,
2310 2317 2630 2375 commercii
2657 2318 2859 2388 linguae
2886 2316 3226 2385 voluptatem
3250 2315 3520 2384 perdunt;
3544 2316 3625 2369 sic

2052 2411 2332 2479 loquaces,
2370 2408 2503 2462 dum
2525 2407 2730 2479 jugiter
2768 2407 3106 2473 obtundunt,
3133 2405 3481 2460 auditoribus
3503 2422 3623 2460 mo-

2054 2500 2269 2555 lestiam
2288 2498 2522 2553 faciunt.

2119 2587 2523 2644 Juriseonsulto
2546 2588 2766 2658 loquaci
2814 2587 2952 2643 dixit
2986 2560 3254 2658 quidamt
3287 2588 3410 2643 Non
3440 2585 3628 2641 multis

2060 2695 2257 2750 pauca,
2292 2679 2390 2736 sed
2424 2680 2595 2734 multa
2619 2679 2812 2748 paucis
2835 2694 2957 2734 esse
2988 2678 3379 2748 eloquendum.

2579 2770 2814 2827 SERMO
2861 2769 3096 2825 XLVIII.

2608 2859 2688 2913 De
2720 2860 3077 2916 Providentia.

467 2955 654 3007 Ματθ.
694 2949 981 3019 ι’.--οὑχ“ι
1031 2947 1124 3001 δύο
1173 2946 1431 3018 στρουθία
1473 2945 1736 3016 ἀσσαρίου
1770 2945 1960 2998 πολεῖ-

2132 2951 2320 3006 Matth.
2355 2968 2411 3018 ι,
2440 2951 2528 3008 29.
2546 2979 2617 2993 -—-
2643 2951 2836 3006 Nonne
2863 2950 2972 3006 duo
3003 2964 3254 3022 passeres
3277 2952 3493 3008 minuto
3509 2964 3630 3006 asse

396 3062 525 3113 ταις
558 3044 652 3097 καὶ
688 3041 746 3096 ἓν
769 3041 830 3105 ἐξ
855 3040 1034 3093 αὐτῶν
1063 3040 1124 3092 οὐ
1154 3038 1399 3092 πεσεῖται
1452 3037 1546 3089 ἐπὶ
1580 3037 1680 3106 τὴν
1707 3037 1810 3106 γῆν
1835 3037 1962 3089 ἄνευ

399 3133 497 3189 τοῦ
533 3134 746 3204 Πατρὸς
776 3131 948 3202 ὑμῶν.
982 3127 1168 3200 ’Υμῶν
1196 3126 1256 3181 δὲ
1274 3127 1368 3180 καὶ
1395 3126 1451 3179 αἱ
1474 3126 1661 3197 τρίχες
1686 3126 1782 3196 τῆς
1798 3143 1968 3194 κεφα-

401 3227 500 3297 λῆς
533 3227 702 3280 πᾶσαι
729 3221 1103 3295 ἠριθμημέναι
1136 3220 1318 3277 εἰσίν.ί

483 3306 655 3387 Ῥωμ.
687 3315 949 3371 tul—'0
1003 3312 1166 3383 βάθος
1202 3311 1436 3365 πλούτου
1481 3309 1574 3363 καὶ
1632 3307 1825 3377 σοφίας
1876 3306 1971 3359 καὶ

401 3408 657 3478 γνώσεως
686 3404 857 3459 Θεοῦί
892 3403 969 3466 ὡς
995 3401 1390 3474 άνεξερεύνητα
1415 3401 1484 3455 τὰ
1512 3399 1758 3471 κρίματα
1780 3395 1967 3462 αὐτοῦ,

404 3501 498 3555 καὶ
530 3495 921 3566 ἀνεξιχνίαστοι
951 3493 1008 3546 al
1036 3493 1145 3545 ὁδοὶ
1188 3490 1373 3546 αὐτοῦ.

475 3589 691 3655 Σολομ.
727 3583 998 3649 ιβ’.-Σὺ
1056 3582 1327 3647 δεσπόζων
1376 3580 1557 3650 ἰσχύος
1603 3581 1662 3633 ὲν
1703 3576 1971 3646 ἐπιεικείᾳ

404 3677 634 3749 κρίνεις,
682 3675 777 3729 καὶ
810 3674 948 3745 μετὰ
972 3674 1174 3744 πολλῆς
1202 3670 1418 3742 φειδοῦς
1449 3672 1668 3734 διοικεῖς
1693 3671 1863 3741 ἡμᾶς.

474 3850 598 3917 Σιρ.
649 3846 940 3918 ις’.-Μὴ
985 3847 1163 3918 εἴπῃς.
1228 3843 1732 3914 ’Δποκρυϐήσομαι,
1774 3843 1868 3897 καὶ
1912 3842 1971 3909 ἐξ

406 3935 576 4006 ὕψους
609 3942 687 3998 τίς
725 3952 827 4006 μου
861 3935 1268 4005 μνησθήσεται;
1314 3933 1444 3986 Ἰδοὺ
1481 3935 1511 3986 ό
1552 3932 1779 4002 οὐρανὸς
1806 3932 1897 3985 καὶ
1943 3933 1971 3983 ό

403 4028 631 4101 οὐρανὸς
678 4026 770 4081 τοῦ
816 4024 1044 4097 ούρανοῦ
1068 4042 1082 4058 ο
1140 4025 1374 4088 άὸυσσος
1424 4024 1516 4078 καὶ
1556 4023 1627 4093 γῆ
1683 4023 1875 4077 καὶτὰ
1915 4024 1973 4076 ἐν

405 4121 615 4184 αὐτοῖς,
648 4121 714 4190 τῇ
742 4120 1015 4189 ἐπισκοπῇ
1040 4116 1205 4171 αὑτοῦ
1237 4113 1645 4186 σαλευθήσεται.
1678 4113 1789 4177 Τὰς
1822 4113 1975 4177 ὀδοὺς

407 4211 572 4268 αὐτοῦ
608 4210 691 4274 τίς
729 4207 1198 4279 ὲνθυμηθήσεται;
1251 4206 1506 4272 καταιγὶς
1544 4203 1611 4274 ἢν
1655 4204 1756 4257 οὐκ
1782 4203 1972 4273 ὄψεται

2065 3042 2349 3098 veneunt?
2384 3051 2441 3097 et
2472 3057 2617 3097 unus
2649 3056 2718 3096 ex
2745 3041 2856 3098 illis
2884 3057 2995 3097 non
3032 3043 3193 3099 cadet
3231 3058 3397 3114 super
3428 3052 3631 3099 terram

2067 3131 2186 3187 sine
2206 3131 2369 3186 Patre
2394 3140 2600 3187 vestro.
2631 3130 2740 3186 Sed
2776 3139 2834 3185 et
2863 3133 3048 3201 capilli
3079 3133 3279 3203 capitis
3306 3134 3474 3189 vestri
3512 3148 3634 3187 om-

2067 3236 2166 3276 nes
2196 3222 2468 3277 numerati
2494 3232 2643 3277 sunt.
2812 3212 2819 3221 “

2134 3313 2287 3368 Rom.
2305 3328 2381 3376 ιι,
2405 3312 2491 3366 55.
2518 3340 2589 3351 ——
2603 3312 2649 3367 Ο
2668 3312 2906 3367 altitudo
2930 3312 3248 3368 divitiarum
3269 3321 3326 3368 et
3352 3311 3637 3382 sapientia:

2068 3412 2126 3455 et
2162 3400 2406 3456 scientiae
2450 3399 2588 3453 Dei!
2642 3415 2809 3469 quam
2850 3400 3235 3456 inscrutabilia
3275 3409 3406 3455 sunt
3432 3400 3637 3471 judicia

2069 3491 2189 3561 ejus
2215 3498 2270 3544 et
2301 3488 2828 3559 impervestigabiles
2852 3490 2955 3544 vite
2977 3491 3127 3560 ejus!

2141 3581 2272 3650 Sap.
2296 3595 2394 3643 χιι,
2419 3578 2506 3635 18.
2528 3608 2598 3618 -
2623 3578 2703 3632 Τυ
2727 3618 2740 3643 ,
2768 3578 3090 3635 Dominator
3112 3578 3352 3645 virtutis,
3376 3581 3432 3634 in
3461 3584 3636 3649 tequi-

2074 3677 2183 3725 tate
2218 3669 2455 3740 jndicas,
2498 3674 2705 3723 etcum
2744 3684 2939 3741 magna
2982 3670 3322 3741 indulgentia
3364 3683 3640 3742 gubernas

2071 3775 2194 3815 nos.

2140 3849 2307 3905 Eccli.
2350 3866 2460 3916 va,
2515 3849 2601 3905 I6.
2634 3881 2701 3894 —
2724 3851 2805 3906 Ne
2858 3852 3010 3907 dicas
3040 3844 3395 3908 :Abscondar
3418 3894 3434 3920 ,
3484 3864 3540 3909 et
3572 3869 3639 3909 ex

2072 3941 2183 3996 alto
2200 3942 2326 4012 quis
2350 3941 2459 3997 mei
2488 3943 2925 3998 memorabitur?
2952 3944 3095 3998 Ecce
3125 3946 3327 4000 ctelum
3352 3955 3410 4001 et
3437 3946 3638 4002 caelum

2071 4030 2229 4099 celi;
2254 4031 2479 4103 abyssus
2509 4040 2567 4088 et
2603 4041 2772 4098 terra,
2805 4042 2863 4087 et
2888 4048 3010 4103 qua;
3046 4034 3103 4087 in
3133 4034 3216 4088 eis
3235 4043 3394 4099 sunt,
3430 4035 3488 4089 in
3510 4036 3640 4089 visi-

2073 4121 2282 4177 tatione
2312 4123 2432 4192 ejus
2453 4123 2967 4178 commovebuntur.
2999 4125 3129 4179 Vias
3156 4124 3305 4179 illius
3329 4126 3453 4194 quis
3476 4125 3640 4179 intel-

2073 4212 2239 4283 liget?
2265 4214 2533 4282 Procella,
2563 4230 2731 4285 quam
2771 4230 2884 4270 non
2906 4215 3118 4270 videbit
3151 4215 3349 4283 homo;
3372 4225 3430 4272 et
3460 4216 3642 4288 plera-

404 4302 691 4372 ἄνθρωπος
709 4316 724 4332 ·
754 4300 849 4354 καὶ
883 4299 953 4352 τά
979 4297 1199 4351 πλείονα
1230 4295 1340 4350 τῶν
1358 4294 1535 4365 ἔργων
1562 4293 1726 4348 αὑτοῦ
1757 4295 1814 4348 ὲν
1834 4295 1960 4348 ἀπο-

2076 4319 2185 4373 que
2213 4307 2333 4376 ejus
2360 4320 2592 4375 operum
2625 4307 2947 4362 abscondita
2969 4316 3114 4364 sunt.

407 4394 660 4464 κρύφοις.
1336 4437 1341 4440 .

478 4484 694 4536 Βασιλ.
714 4510 784 4522 -
806 4480 920 4534 Πᾶν
948 4480 1085 4550 ὅπερ
1129 4480 1211 4543 είς
1247 4480 1393 4550 ἡμᾶς
1425 4481 1490 4534 ὲκ
1513 4478 1664 4542 θείας
1690 4476 1973 4548 δυνάμεως

410 4571 616 4642 ἀγαθὸν
638 4571 838 4643 φθάσῃ,
875 4570 975 4639 τῆς
1011 4571 1189 4625 πάντα
1220 4569 1547 4641 ἐνεργούσης
1579 4568 1800 4639 χάριτος
1824 4566 1975 4638 ἐνέρ-

410 4679 567 4734 γειαν
598 4660 733 4716 εἷναί
762 4679 963 4733 φαμεν.

482 4755 649 4810 Οὐδὲν
687 4754 1019 4825 ἀπρονόητον
1039 4753 1160 4806 οὐδὲ
1187 4742 1530 4823 ἠμελημένον
1559 4751 1710 4822 παρὰ
1738 4750 1818 4822 τῷ
1834 4751 1976 4821 Θεῷ.

412 4845 599 4900 Πάντα
657 4841 914 4896 σκοπεύει
989 4843 1018 4894 ό
1080 4840 1380 4910 ἁκοίμητος
1450 4839 1766 4910 ὀφθαλμόςο
1844 4841 1978 4893 πᾶσι

416 4929 666 5000 πάρεστι,
707 4928 946 5000 πορίζων
980 4929 1196 4997 ἑκάστῳ
1223 4927 1323 4997 τὴν
1358 4927 1650 4998 σωτηρίαν.

485 5111 655 5163 Θεολ.
675 5135 745 5148 -
787 5105 1056 5169 Πολλάκις
1100 5102 1433 5174 παραδόξους
1471 5102 1745 5173 σωτηρίας
1773 5100 1881 5156 οἶδε
1918 5103 1978 5156 τὸ

414 5199 566 5253 Θεῖον
599 5199 962 5268 καινοτομεῖν,
1007 5196 1163 5250 νεῦον
1204 5194 1341 5266 πρὸς
1390 5196 1451 5249 τὸ
1488 5194 1870 5265 φιλάνθρωπον
1907 5197 1975 5265 τῇ

415 5290 608 5345 εαυτοῦ
641 5286 889 5360 προνοίᾳ.

483 5383 865 5449 Χρυσοστ.-
888 5380 1077 5443 Οὐδεὶς
1116 5378 1290 5443 οὕτως
1328 5378 1541 5433 ιὲαυτοῦ
1594 5378 1853 5445 φείδεται,
1905 5380 1981 5444 ὡς

2146 4481 2360 4537 Basilii.
2388 4512 2457 4524 —-
2480 4482 2762 4554 Quidquid
2793 4484 2924 4539 boni
2966 4501 3033 4540 ex
3065 4484 3251 4541 divina
3293 4480 3558 4557 potentia
3579 4491 3647 4543 ad

2080 4590 2182 4630 nos
2206 4576 2377 4642 venit,
2420 4574 2475 4630 id
2498 4576 2682 4645 gratiae
2704 4577 2888 4632 omnia
2917 4578 3199 4648 operantis
3238 4578 3497 4635 eﬁ‘ectum
3528 4598 3649 4638 esse

2083 4664 2340 4721 dicimus.

2076 4790 2089 4800 ο
2152 4755 2302 4811 Nihil
2328 4756 2473 4826 apud
2500 4758 2673 4812 Deum
2705 4772 2816 4813 non
2840 4761 3154 4829 provisum;
3186 4763 3326 4817 nihil
3353 4763 3475 4834 ejus
3504 4762 3654 4817 curis

2083 4847 2475 4903 substraetum.
2534 4847 2730 4904 Omnia
2772 4850 2927 4907 videt
2973 4852 3365 4923 insoporabilis
3416 4852 3649 4917 oculus;

2082 4938 2342 4994 omnibus
2370 4937 2547 5017 adest,
2578 4940 2832 5010 praebens
2853 4943 3087 5015 singulis
3106 4945 3255 5014 quod
3307 4943 3656 4999 incolumita-

2086 5036 2195 5082 tem
2215 5034 2459 5097 praestet.

2148 5119 2415 5190 Theologi.
2446 5151 2516 5161 —-
2541 5121 2724 5179 Novas
2742 5123 2888 5180 haud
2917 5142 3042 5182 raro
3067 5134 3124 5182 et
3158 5128 3435 5184 inauditas
3461 5127 3656 5183 salutis

2083 5205 2199 5261 vias
2226 5206 2371 5262 Deus
2400 5208 2650 5277 proferre
2689 5212 2864 5277 novit,
2919 5216 3264 5284 providentia
3309 5233 3408 5273 sua
3433 5216 3502 5272 ad
3549 5217 3656 5270 hu-

2088 5297 2407 5352 manitatem
2430 5314 2494 5354 ae
2526 5300 2875 5357 clementiam
2910 5305 3198 5363 inclinans.

2159 5384 2422 5458 Chrysost.
2450 5418 2521 5430 —
2551 5389 2723 5445 Nemo
2754 5392 2831 5447 sic
2858 5393 2974 5464 ipse
3010 5412 3135 5468 erga
3176 5398 3418 5469 seipsum
3468 5396 3653 5453 indul-

1704 5493 1937 5553 VARLE
1964 5497 2366 5558 LECTIONES.

490 5589 513 5620 '
543 5587 604 5643 Β.
646 5587 737 5641 ὲπλ⁵
762 5589 823 5642 τό
917 5589 938 5621 ⁹
967 5589 1125 5647 Gesn.
1154 5587 1215 5641 in
1267 5586 1390 5642 Mel.
1438 5586 1771 5654 Θεοφυλάκτ.
1852 5594 1895 5624 ¹⁹
1927 5594 1984 5650 In
2032 5596 2199 5654 Gesn.
2245 5597 2399 5654 δια-Ι).
2428 5599 2553 5657 284.
