4066 6146
529 191 631 258 943

1699 191 1759 250 S.
1801 190 2086 251 MAXIMI
2122 189 2628 254 CONFESSORIS

3690 193 3808 262 9η

523 299 708 371 gentia
751 298 884 370 agit,
913 313 977 354 ac
1011 311 1141 369 erga
1183 312 1285 353 nos
1335 312 1530 352 omnes
1559 294 1933 368 Deus.'Magis
1959 298 2091 352 enin:

2213 300 2433 352 πάντων
2460 301 2617 371 ήμῶν
2657 302 2684 354 ό
2716 300 2847 364 Θεός
2876 317 2888 331 ⁸
2924 301 3104 372 πολλῷ
3141 305 3250 376 γὰρ
3280 306 3438 376 ήμῶν
3470 307 3635 372 a516,-
3667 309 3805 378 βοῦ-

523 391 678 460 cupit
733 391 871 444 nihil
921 389 1084 444 nobis
1141 389 1268 442 mali
1315 388 1793 457 accidere,quam
1850 403 1951 442 nos
2005 404 2104 443 cu—

521 483 761 549 piamus.

591 573 782 627 Nescis
822 582 899 636 tu,
931 587 964 626 o
1001 572 1190 635 homo,
1220 587 1342 640 qua:
1383 587 1451 625 ex
1488 570 1598 624 tuis
1624 571 1736 624 sint
1771 569 2102 624 rationibus.

523 663 855 734 Plerumque
883 664 1045 719 noxia
1077 663 1238 732 petis,
1268 670 1324 718 et
1351 679 1471 732 quae
1497 662 1805 731 periculum
1843 662 2102 716 habeant.

464 780 466 782 -
521 751 725 814 Atille,
750 751 844 820 qui
878 750 1050 820 magis
1078 759 1226 804 tuam
1248 759 1407 804 curet
1450 749 1705 812 salutem,
1739 764 1847 800 non
1872 747 2106 801 attendit

521 849 670 894 tuam
733 842 1093 910 petitionem;
1149 840 1244 895 sed
1301 847 1426 894 ante
1471 839 1644 902 illam,
1677 838 1824 907 quod
1883 839 1938 891 in
1989 854 2102 891 rem

522 942 670 985 tuam
728 932 840 996 sit,
886 933 1129 1001 undique
1153 931 1427 1001 providet.
1472 929 1611 985 Cum
1653 930 1799 983 enim
1851 941 2106 998 parentes

519 1023 770 1076 carnales
807 1030 944 1078 non'
979 1023 1163 1077 omnia
1209 1023 1456 1077 tribuant
1508 1021 1828 1090 petentibus
1875 1020 2100 1084 liberis;

521 1130 632 1167 non
693 1113 842 1182 quod
890 1128 988 1168 eos
1035 1121 1431 1175 contemnant,
1485 1113 1581 1165 sed
1627 1110 1772 1180 quod
1800 1110 1904 1163 illis
1937 1109 2102 1180 649

518 1202 717 1256 melius
740 1202 1067 1267 consulant;
1099 1203 1272 1256 multo
1304 1201 1477 1271 magis
1517 1202 1683 1264 Deus,
1712 1200 1806 1268 qui
1846 1209 1901 1252 et
1933 1200 2104 1268 magis

517 1302 688 1356 amat,
721 1308 786 1348 ac
809 1307 920 1363 prae
947 1293 1210 1348 omnibus
1241 1292 1420 1356 novit,
1445 1291 1594 1361 quod
1644 1290 1808 1346 nobis
1840 1290 1972 1344 utile
2010 1290 2098 1343 sit.

588 1467 818 1536 Didymi.
843 1498 910 1508 —
934 1467 1071 1522 Cum
1102 1483 1284 1520 rerum
1334 1465 1602 1520 Conditor
1650 1467 1910 1518 'omnium
1973 1465 2098 1518 ani-

514 1574 731 1612 morum
763 1559 978 1612 occulta
1009 1559 1246 1620 noverit,
1275 1557 1548 1609 universis
1586 1555 1863 1623 providet,
1893 1555 2097 1609 nedum

2207 389 2357 443 λεται
2387 391 2613 460 μᾶλλον,
2656 392 2821 463 μηδὲν
2845 395 2994 464 ἡμᾶς
3021 393 3253 476 πάσχειν
3285 397 3474 450 κακόν.

2277 564 2390 616 Οὐκ
2417 559 2565 628 οἶδας
2599 564 2754 619 αὑπὰ
2789 568 3162 638 συμφέροντα,
3214 569 3488 640 ἄνθρωπε.
3522 572 3805 638 Πολλάκις

2206 652 2377 715 αἰτεῖς
2402 653 2671 724 ἐπιϐλαδῆ
2701 656 2795 707 καὶ
2828 657 3103 726 σφαλεράο
3137 658 3254 711 ἀλλ’
3279 663 3483 724 ἐκεῖνος
3527 665 3555 714 ό
3591 664 3804 732 μᾶλλον

2208 742 2506 812 κηδόμενός
2557 761 2650 796 σου
2700 745 2800 814 τῆς
2850 747 3148 817 σωτηρίας,
3203 749 3265 801 οὐ
3320 753 3384 819 τῇ
3433 752 3650 819 αἰτήσει
3697 769 3802 805 σου

2208 838 2498 904 προσέχει·
2559 837 2694 891 ἀλλά
2726 839 2836 907 πρὸ
2870 838 2972 908 τῆς
3003 841 3272 910 αἰτήσεως
3304 840 3366 893 τὸ
3397 843 3679 911 συμφέρον
3711 859 3806 896 σοι

2209 925 2487 996 πανταχοῦ
2519 929 2851 996 προνοεῖται.
2882 926 2946 980 Ei
2979 929 3090 998 γὰρ
3124 931 3172 981 οί
3200 930 3436 1000 πατέρες
3464 933 3511 982 οί
3539 933 3806 1002 σαρκικοί.

2205 1016 2265 1067 οὑ
2303 1019 2481 1070 πάντα
2511 1018 2724 1071 αἰτοῦσι
2775 1022 2888 1082 τοῖς
2937 1021 3098 1073 παισὶ
3146 1021 3403 1084 διδόασιν,
3453 1024 3554 1076 οὐκ
3603 1025 3803 1096 ἐπειδὴ

2207 1109 2608 1179 καταφρονοῦσι
2673 1110 2784 1163 τῶν
2842 1110 3160 1178 αἰτούντων,
3215 1113 3331 1166 ἀλλ’
3375 1113 3564 1185 ἐπειδὴ
3613 1116 3803 1169 αὐτῶν

2208 1199 2408 1267 μᾶλλον
2436 1200 2725 1269 κήδονται·
2755 1200 2934 1270 πολλῷ
2963 1202 3166 1271 μᾶλλον
3189 1205 3216 1256 6
3236 1203 3392 1270 Θεὸς,
3420 1205 3449 1256 ι
3471 1206 3804 1274 καὶμᾶλλον
3843 1187 3852 1252 ξ

2205 1288 2379 1356 φιλῶν
2408 1293 2500 1342 καὶ
2526 1289 2687 1343 πλέον
2721 1289 2976 1345 ἁπάντων
3009 1288 3190 1354 εἰδὼς,
3237 1290 3299 1343 τὸ
3344 1292 3624 1362 συμφέρον
3659 1294 3807 1361 ἡμῖν

2206 1385 2370 1436 ποιεῖ.

2275 1473 2478 1540 Διδύμ.
2514 1503 2578 1512 -
2617 1473 2843 1525 Πάντων
2886 1470 2994 1524 τῶν
3042 1469 3276 1540 λογικῶν
3313 1470 3391 1543 (x)
3423 1471 3798 1540 ἐπιστάμενος

2205 1560 2266 1612 τὸ
2296 1562 2538 1632 κρυπτὸν
2584 1564 2612 1615 ὁ
2654 1561 3018 1632 Δημιουργδς,
3065 1563 3374 1632 προνοεῖται
3403 1561 3510 1613 τῶν
3535 1561 3696 1625 ὅλων,
3728 1563 3795 1614 οὐ

513 1665 583 1704 ex
609 1649 866 1718 pra-senti
889 1664 1082 1702 eorum
1111 1649 1310 1704 aﬁ‘ectu
1333 1663 1509 1716 exque
1541 1646 1611 1698 iis
1632 1661 1751 1714 quae
1768 1655 2091 1715 operantur,

2209 1651 2368 1720 μόνον
2393 1650 2452 1714 ἐξ
2485 1645 2558 1702 ὧν
2588 1651 2890 1704 διάκεινται
2921 1651 3017 1702 καὶ
3047 1651 3405 1720 πράττουσιν,
3440 1649 3578 1702 ἀλλὰ
3611 1651 3706 1703 καὶ
3735 1650 3794 1716 ἐξ

512 1742 580 1796 ad
620 1742 848 1795 meliora
877 1741 1210 1810 provebcns,
1247 1754 1439 1792 verum
1480 1737 1648 1793 etiam
1693 1752 1762 1792 ex
1815 1737 1924 1791 illis
1980 1754 2102 1808 qua:

555 1835 834 1890 reenoscit.

555 1853 834 1890 raenoscu.

517 1853 550 1906 Ρ
583 1925 731 1978 Beati
757 1923 1024 1993 Ephrem.
1049 1951 1120 1960 ——
1146 1917 1410 1974 Mundum
1438 1920 1581 1973 Deus
1614 1919 1911 1973 tolerantia
1965 1920 2102 1975 visi-

510 2021 589 2068 tat
609 2029 673 2068 ac
697 2019 880 2076 curat,
908 2011 1156 2066 futurum
1198 2009 1578 2073 subindicans,
1613 2023 1678 2062 ac
1713 2024 1959 2077 prmsens
1987 2026 2104 2064 ma-

506 2107 621 2160 lum
646 2103 900 2159 terminis
927 2101 1270 2158 concludens
1297 2118 1312 2166 ;
1345 2099 1764 2169 improbitatem
1807 2103 2102 2170 praeceptis

511 2194 814 2258 reirenans,
848 2193 1154 2262 ultriceque
1173 2191 1511 2247 conscientia
1537 2191 1833 2246 sceleratas
1855 2207 1918 2246 ac
1951 2192 2104 2247 nefa-

508 2285 618 2339 rias
643 2293 857 2340 mentes
893 2283 1194 2355 castigans.

577 2396 817 2467 Epicuri.
850 2426 916 2436 --
941 2395 1128 2451 Gratia
1157 2395 1330 2450 beatae
1370 2394 1456 2450 illi
1500 2403 1732 2460 naturae,
1787 2396 1932 2465 quod
1978 2411 2101 2467 quae

505 2486 818 2542 necessaria
847 2495 1025 2548 erant,
1084 2485 1350 2554 parabilia
1401 2483 1563 2553 fecit;
1614 2501 1736 2555 quae
1763 2497 1947 2540 autem
1991 2503 2098 2542 non

505 2576 839 2642 necessaria,
871 2585 1063 2650 paratu
1094 2573 1356 2630 dilticilia.

1167 2688 1431 2744 Socrates.

504 2777 564 2837 Si
599 2783 726 2854 quid
743 2797 873 2836 cura
896 2787 1083 2850 potest,
1115 2796 1300 2854 cares;
1341 2781 1472 2854 at__si
1511 2778 1650 2854 Degis
1671 2780 1782 2850 ipse

614 2848 682 2908 Te
711 2848 981 2918 συνοικία·
1013 2857 1068 2902 tu
1100 2849 1355 2902 sollicitus
1375 2848 1468 2902 tibi
1497 2851 1567 2902 sis
1591 2849 1616 2900 ?

2206 1737 2281 1797 ὧν
2311 1741 2680 1812 προγινώσκει
2709 1743 2858 1810 ἄγων
2889 1741 2993 1810 τὴν
3025 1741 3326 1812 βελτίωσιν.

2285 1834 2396 1887 Τοῦ
2438 1835 2738 1903 μακαρίου
2779 1833 3054 1902 Ἐφραίμ.
3081 1863 3150 1873 --
3182 1833 3285 1886 Τὸν
3332 1833 3538 1900 κόσμον
3583 1833 3611 1883 ὁ
3656 1831 3791 1896 Θεὸς

2205 1923 2526 1994 ἀνεξικακίᾳ
2554 1924 2882 1984 ἐπισκοπεῖ,
2920 1920 2979 1974 τὸ
3017 1919 3214 1990 μέλλον
3243 1921 3618 1990 αἰνιττόμενος
3642 1959 3655 1982 ,
3695 1920 3792 1972 καὶ

2203 2017 2264 2069 τὸ
2296 2015 2468 2086 παρὸν
2499 2016 2671 2068 κακὸν
2730 2015 2879 2082 ὅροις
2925 2011 3213 2082 στοιχίζων
3233 2028 3246 2042 ⁸
3293 2013 3358 2064 ὲκ
3394 2012 3494 2081 μὲν
3525 2014 3624 2080 τῆς
3653 2012 3791 2065 ἀπο-

2205 2111 2424 2176 φάσεως
2471 2104 2707 2177 χαλινῶν
2755 2104 2850 2173 τὴν
2895 2105 3194 2174 πονηρίανο
3246 2102 3336 2155 διὰ
3382 2102 3440 2154 δὲ
3508 2103 3608 2170 τῆς
3657 2119 3788 2154 συν-

2206 2198 2465 2266 ειδήσεως
2509 2196 2609 2258 τὰς
2648 2195 2864 2264 ἐναγεῖς
2896 2195 2994 2249 καλ⁵
3050 2193 3292 2265 πονηρὰς
3325 2193 3562 2256 διανοίας
3609 2210 3786 2263 τιμω-

2207 2288 2299 2358 ρού
2307 2305 2488 2357 μενος.

2285 2399 2658 2467 Ἐπικούρου.
2689 2428 2760 2440 --
2787 2397 2965 2470 Χάρις
2990 2398 3056 2467 τῇ
3102 2397 3353 2468 μακαρίᾳ
3382 2395 3542 2464 φύσει
3560 2433 3575 2460 ,
3603 2396 3685 2450 ὅτι
3711 2399 3779 2451 τὰ

2199 2493 2474 2559 ἀναγκαῖα
2527 2491 2784 2562 ἐποίησεν
2829 2490 3162 2562 εὐπόριστα⁶
3211 2490 3280 2543 τὰ
3318 2489 3378 2543 δὲ
3422 2487 3774 2558 δυσπόριστα,

2199 2585 2301 2638 οὐκ
2331 2585 2622 2652 ἀναγκαῖα.

2818 2692 3155 2762 Σωκράτης.

2201 2786 2270 2837 El
2300 2782 2367 2835 τὸ
2387 2782 2600 2852 μέλειν
2620 2783 2873 2838 δύναταί
2896 2797 2971 2844 τι,
2999 2781 3255 2850 μέριμνα
3281 2781 3377 2852 καὶ
3400 2779 3623 2852 μεᾼέτω
3645 2793 3768 2832 σοι.

2199 2856 2268 2907 Et
2298 2853 2366 2906 δὲ
2385 2849 2554 2922 μέλει
2580 2853 2715 2922 περὶ
2741 2853 2860 2906 σοῦ
2905 2849 3168 2921 δαίμονι,
3202 2851 3305 2904 σοι
3343 2852 3399 2903 τί
3424 2849 3631 2918 μέλεις

576 2959 836 3033 Plutonis.
863 2988 933 2998 —
955 2955 1093 3013 Cum
1119 2957 1266 3012 Deus
1309 2957 1549 3011 faustum
1583 2957 1909 3026 felicemque
1955 2957 2090 3012 civ-i-

2266 2963 2538 3020 ludtwr.
2564 2995 2636 3006 —
2661 2965 2830 3017 Ὅταν
2865 2963 3122 3034 βούληται
3166 2962 3299 3023 Θεὸς
3345 2955 3404 3013 εὖ
3450 2959 3654 3028 πρᾶξαι
3685 2959 3775 3015 τλά-

506 3046 635 3102 tatis
658 3056 856 3101 statum
887 3047 1154 3111 voluerit,
1198 3047 1350 3102 viros
1395 3047 1571 3101 bonos
1595 3061 1660 3101 ac
1721 3047 1870 3101 cives
1918 3047 2087 3115 facit;

508 3150 630 3192 cum
658 3151 791 3191 vero
815 3137 1064 3193 futurum
1092 3145 1153 3192 ut
1183 3137 1402 3192 alllictis
1449 3140 1618 3194 rebus
1658 3139 1874 3195 laboret
1920 3143 2092 3196 male-

2196 3054 2300 3119 λιν,
2333 3054 2532 3126 ἄνδρας
2561 3054 2800 3124 ἀγαθοὺς
2828 3054 3090 3125 ἐποίησεν
3109 3069 3122 3082 '
3153 3054 3282 3108 ὅταν
3304 3053 3361 3106 δὲ
3392 3051 3559 3122 μέλλῃ
3589 3050 3776 3114 κακῶς

2198 3145 2430 3216 πράξειν
2463 3147 2640 3214 πόλις,
2672 3146 2842 3212 ἐξεῖλε
2871 3147 3003 3210 τοὺς
3034 3145 3234 3217 ἄνδρας
3262 3146 3390 3208 τοὺς
3421 3144 3665 3210 ἀγαθοὺς
3713 3145 3777 3196 ὲκ

501 3242 612 3297 que
635 3226 855 3292 habeat,
891 3226 1070 3281 bonos
1098 3243 1167 3282 ex
1191 3243 1255 3282 ea
1283 3227 1434 3283 viros
1481 3229 1762 3284 subducit.
1803 3230 1882 3284 lta
1917 3231 1976 3285 ﬁt
2031 3241 2090 3287 ut

2200 3237 2402 3308 ταύτης
2427 3239 2528 3308 τῆς
2559 3240 2788 3303 πόλεως.
2816 3238 3006 3301 Οὕτως
3045 3237 3223 3291 ἔοικεν
3251 3236 3375 3290 οὔτε
3411 3235 3664 3289 διδακτὸν
3697 3230 3775 3288 εἷ-

501 3316 681 3371 virtus
705 3331 884 3387 neque
913 3315 1016 3370 sub
1039 3315 1346 3371 doctrinam
1375 3316 1556 3381 cadat,
1585 3333 1689 3372 nec
1705 3318 1774 3372 sit
1799 3321 2087 3387 naturalis,

2193 3350 2310 3395 ναι,
2348 3330 2479 3384 οὔτε·
2503 3329 2684 3400 φύσει,
2716 3331 2921 3402 ἀρετήο
2952 3327 3088 3385 ἀλλὰ
3113 3328 3233 3398 Θείᾳ
3269 3326 3437 3400 μοίρᾳ
3469 3325 3772 3398 παραγίνε-

499 3407 600 3462 sed
631 3407 822 3463 divino
839 3407 954 3464 fato
971 3422 1037 3464 ac
1062 3409 1432 3480 providentia,
1482 3409 1593 3464 illis
1637 3409 1731 3479 qui
1754 3425 1818 3464 ea
1855 3411 2090 3466 fulcian-

2200 3439 2284 3475 ται
2313 3419 2636 3490 κτωμένοις.

502 3505 616 3563 tur,
644 3499 890 3555 advenit.

570 3593 718 3648 Deus
738 3594 945 3660 omnia,
975 3609 1045 3650 ac
1073 3609 1199 3650 cum
1219 3595 1351 3659 Deo,
1371 3594 1594 3650 fortuna
1621 3603 1678 3651 et
1712 3603 1947 3664 tempus,
1965 3611 2086 3666 quat

501 3683 742 3741 humana
771 3694 922 3750 sunt,
955 3687 1270 3757 gubernant
1314 3687 1522 3742 omnia.

1076 3818 1307 3877 SERMO
1328 3821 1518 3876 XLIX.

778 3931 858 3988 De
887 3932 1182 3989 humilitate
1208 3951 1493 4006 sensusque
1524 3935 1798 3990 modestia.

568 4047 698 4102 Luc.
719 4062 832 4112 11v,
859 4045 946 4102 ll.
981 4077 1050 4089 -
1073 4047 1266 4103 Omnis
1293 4047 1387 4117 qui
1423 4062 1480 4102 se
1504 4048 1728 4110 exaltat,
1760 4045 2081 4101 bumiliabi-

498 4140 590 4191 tdr
624 4153 640 4203 ;
678 4145 737 4192 et
767 4136 862 4206 qui
897 4152 956 4192 se
990 4136 1268 4198 bumiliat,
1291 4136 1645 4191 exaltabitur.

564 4229 720 4284 Rom.
752 4246 848 4294 xu,
869 4231 1031 4284 l6.—
1057 4229 1177 4284 Non
1194 4229 1304 4283 alta
1334 4228 1630 4296 sapientes,
1654 4229 1750 4282 sed
1771 4243 1871 4282 vos
1900 4228 2081 4283 humi-

500 4319 647 4374 libus
675 4320 1178 4375 accommodantes.

568 4409 726 4464 Prov.
758 4427 905 4476 χχιχ,
928 4410 1017 4464 25.
1054 4440 1124 4450 -
1150 4409 1389 4463 Modesta
1419 4407 1694 4478 sapientes
1729 4409 1922 4467 evehet
1963 4414 2079 4485 glo-

428 4551 440 4562 .
499 4503 579 4556 ria
605 4503 894 4556 Dominus.

567 4593 734 4647 Eccli.
757 4609 834 4653 tu.
867 4591 958 4647 20.
988 4622 1058 4631 —
1093 4591 1309 4657 Quanto
1351 4592 1524 4662 major
1549 4607 1628 4655 es,
1688 4601 1840 4648 tanto
1871 4605 1923 4649 te
1967 4595 2071 4649 liu«

498 4681 668 4745 milia,
706 4691 762 4736 et
789 4682 1041 4736 invenies
1074 4681 1305 4750 gratiam
1351 4681 1405 4734 in
1423 4681 1599 4735 oculis
1627 4682 2072 4755 Domini.Magna

441 4844 443 4848 ι
495 4789 733 4843 namque
763 4782 850 4828 est
883 4773 1127 4843 potentia
1170 4771 1409 4838 Domini,
1438 4781 1496 4826 et
1517 4771 1585 4827 ab
1615 4772 1922 4829 humilibus
1955 4776 2072 4845 glo-

493 4865 822 4920 riticabitur.

560 4953 773 5009 Basilii.
797 4983 868 4993 —
894 4953 1040 5007 Fieri
1081 4969 1190 5007 non
1235 4959 1417 5022 potest
1443 4966 1573 5007 eum
1605 4952 1702 5023 qui
1732 4969 1792 5010 se
1821 4954 2070 5012 inﬁmum

565 5092 604 5126 ¹¹
634 5093 695 5148 ln
711 5090 878 5146 Gesn.
905 5088 1120 5143 Stoban
1148 5088 1237 5142 42.

2273 3599 2332 3652 '0
2377 3597 2513 3660 Θεὸς
2543 3597 2721 3651 πάντα
2746 3638 2760 3662 ,
2794 3597 2887 3651 καὶ
2915 3595 3052 3666 μετὰ
3080 3595 3216 3655 Θεοῦ
3255 3597 3396 3666 τύχη
3429 3594 3527 3651 καὶ
3555 3593 3772 3666 καιρὸς,

2189 3688 2260 3742 τὰ
2287 3687 2604 3758 ἀνθρώπινα
2628 3687 3024 3756 διακυϐερνῶσι
3055 3685 3370 3755 σύμπαντα.

2740 3820 2961 3874 ΛΟΓΟΣ
2999 3817 3115 3873 ΜΘ’
3144 3820 3182 3850 ¹¹
3199 3835 3217 3855 ο

2589 3928 2732 3997 Περὶ
2765 3928 3349 3998 ταπεινοφροσύνης.

2257 4050 2444 4100 Λουκ.
2482 4043 2572 4098 ιδ’.
2598 4045 2804 4108 -Πᾶς
2845 4045 2874 4099 6
2920 4043 3070 4115 ὑψῶν
3099 4042 3313 4107 ἑαυτὸν,
3356 4040 3766 4113 ταπεινωθήσε-

2185 4154 2309 4191 ται·
2345 4137 2440 4191 καὶ
2468 4138 2496 4190 ὁ
2528 4134 2801 4189 ταπεινῶν
2830 4135 3042 4195 ἑαυτὸν.
3075 4134 3444 4204 ὑψωθήσεται.

2266 4225 2434 4298 Ῥωμ.
2471 4229 2570 4294 ιβ’.
2590 4228 2763 4298 -Μὴ
2789 4227 2856 4281 τὰ
2888 4226 3069 4298 ὑψηλὰ
3105 4226 3455 4296 φρονοῦντες,
3487 4225 3630 4279 ἀλλὰ
3654 4226 3768 4289 τοῖς

2109 4317 2152 4372 D
2181 4323 2460 4383 ταπεινοῖς
2495 4318 2956 4388 συναπαγόμενοι.
3793 4356 3801 4384 ι

2254 4413 2501 4478 Παροιμ.
2543 4411 2653 4464 κθ.
2685 4440 2755 4454 --
2783 4409 2922 4472 Τοὺς
2972 4406 3538 4477 ταπεινοφρονοῦντας
3583 4408 3764 4477 ὲγερεῐ

2183 4501 2313 4572 δόξῃ
2345 4501 2571 4571 Κύριος.

2253 4593 2434 4662 Σιρὰχ
2469 4591 2535 4661 γ’.
2589 4622 2658 4633 -
2687 4593 2851 4645 Ὅσον
2885 4590 3058 4661 μέγας
3091 4586 3168 4656 εί,
3202 4587 3457 4642 τοσοῦτον
3490 4588 3760 4641 ταπείνω-

2184 4699 2274 4734 σον
2308 4682 2536 4744 σαυτὸν,
2579 4682 2674 4734 καὶ
2704 4681 2882 4734 ἔναντι
2927 4681 3132 4750 Κυρίου
3164 4681 3426 4751 εὑρήσεις
3453 4695 3650 4750 χαριν·
3683 4681 3761 4732 ὅτι

2184 4773 2392 4843 μεγάλη
2424 4775 2457 4842 ή
2485 4773 2715 4842 δύναμις
2759 4772 2964 4844 Κυρίου
2989 4811 3004 4838 ,
3054 4772 3150 4824 καὶ
3193 4773 3299 4829 ὑπὸ
3335 4771 3446 4825 τῶν
3486 4771 3760 4825 ταπεινῶν

2179 4864 2590 4934 δοξασθήσεται.

2244 4942 2603 5010 Βασιλείου.
2656 4985 2702 4994 -
2738 4955 3048 5025 Ἀμήχανον
3083 4955 3175 5008 τὸν
3207 4955 3284 5026 μὴ
3314 4954 3758 5025 καταδεξάμενον

2015 5159 2059 5214 Ν
2065 5160 2246 5216 ΟΤΛΕ.

566 5295 642 5367 (az)
673 5364 684 5367 _
706 5293 956 5367 Πάντων
1000 5291 1157 5367 amr“
1188 5293 1495 5367 λογικῶν.Δ
1518 5295 1665 5367 Ni_hil
1714 5305 1839 5364 apte
1887 5296 2052 5351 Gesn.

494 5361 654 5435 Forte
673 5361 974 5435 λογισμῶν,
1000 5361 1295 5435 intulitque
1328 5363 1521 5435 textui,
1567 5361 1815 5420 Omniiim
1852 5368 2055 5435 cogita-

493 5433 696 5511 tionum
716 5429 1287 5511 abs_con‘dita._.Aptius,
1319 5433 1464 5500 quod
1491 5445 1808 5511 constanter
1837 5429 2055 5511 codices

2163 5311 2232 5368 eo
2261 5311 2426 5368 sensu
2462 5305 2721 5363 utuntur,
2772 5299 2839 5354 de
2871 5298 3078 5368 angelis
3137 5297 3352 5368 pariter
3408 5309 3465 5353 et
3506 5299 3750 5353 homini-

2163 5367 2286 5438 bus.
2322 5367 2527 5422 Horum
2549 5385 2680 5438 ergo
2715 5379 2926 5423 secreta
2947 5367 3224 5433 eordium,
3254 5383 3385 5423 cum
3413 5370 3554 5424 sciat
3581 5370 3746 5433 Deus,

2164 5437 2280 5504 ipse
2307 5451 2498 5491 eorum
2535 5437 2811 5501 conditor,
2836 5448 3144 5505 cunctaque
3168 5439 3452 5506 prazsciat,
3512 5440 3593 5493 sic
3644 5440 3750 5494 illis

493 5503 721 5560 nubent.
751 5499 861 5549 τῶν
894 5498 1141 5580 λργιδξεῦγζ
1194 5498 1494 5580 animorum
1520 5504 2050 5580 et__i_ntelligentium,
2103 5551 2108 5558 .
2161 5498 2436 5575 providet,
2473 5523 2581 5563 non
2612 5524 2715 5577 pro
2737 5498 2994 5578 praesenti
3026 5498 3296 5562 duntaxat
3347 5498 3591 5580 iustitia,
3636 5518 3759 5565 etc-

493 5585 600 5638 qua
635 5581 771 5621 voce
797 5567 998 5634 passim
1020 5567 1189 5638 0rig.,
1225 5570 1493 5626 Maximus
1548 5572 1751 5642 aliique
1786 5567 2051 5646 'tlieologi
