4066 6146
384 329 488 394 9'19

455 700 797 767 Στρατονίκ.
839 731 913 742 -
953 698 1309 773 Στρατόνικος
1375 701 1556 770 ἰατρὸν
1610 699 1923 753 κολακεύων
1940 740 1956 766 ,

386 787 592 857 ἔλεγεν,
630 791 871 845 Ἐπαινῶ
924 808 1019 847 σου
1067 792 1169 862 τὴν
1222 792 1536 863 ἐμπειρίαν,
1580 791 1663 844 ὅτι
1712 791 1812 844 οὐκ
1863 791 1960 860 ἐᾷς

384 879 512 943 τοὺς
554 879 877 952 ἀρρώστους
921 881 1346 951 κατασαπῆναι·
1388 881 1575 953 τάχιον
1615 882 1814 944 αὐτοὺς
1862 879 1957 934 τοῦ

387 969 489 1040 ζῇν
527 970 883 1026 άπαλάσσων.

450 1059 789 1124 intubi-axz.
830 1093 899 1104 -—-
937 1064 1063 1129 Τοτς
1105 1064 1535 1135 Ἀσκληπιάδαις
1570 1063 1775 1135 μείζων
1805 1062 1958 1132 όφεί-

384 1148 536 1203 λεται
589 1150 752 1221 χάρις
807 1152 1188 1225 ἐπερχομένην
1238 1152 1628 1210 ἀναστέλλουσι
1686 1151 1862 1216 νόσον,
1925 1150 1959 1221 ἥ

382 1237 811 1305 παραπεσοῦσαν
874 1241 1226 1312 ἰασαμένοις,
1286 1240 1382 1295 τοῦ
1440 1240 1552 1312 γὰρ
1612 1238 1961 1309 ἀπηλλάχθαι

389 1326 561 1382 κακοῦ
583 1328 645 1382 τὸ
674 1329 751 1402 μὴ
782 1331 1013 1402 πάσχειν
1041 1332 1426 1406 αἱρετώτερον.

916 1446 1136 1501 ΛΟΓΟΣ
1201 1447 1312 1501 NA'
1364 1446 1433 1502 ⁸⁸.

943 1535 1085 1603 Περὶ
1111 1537 1395 1602 πίστεως.
1647 1600 1677 1625 .

464 1631 649 1683 Ματθ.
677 1627 761 1688 ιζ’.
790 1655 863 1667 -
904 1626 1076 1698 Ἀμὴν
1107 1626 1252 1695 λέγω
1276 1628 1428 1696 ὑμῖν,
1471 1628 1567 1683 ἐὰν
1600 1628 1760 1699 ἔχετε
1781 1626 1964 1680 πίστιν

388 1716 464 1778 ὡς
489 1719 690 1771 κόκκον
720 1717 994 1776 σινάπεως
1018 1756 1034 1782 ,
1065 1717 1243 1788 ἐρεῖτε
1273 1716 1353 1787 τῷ
1390 1716 1507 1788 ὄρει
1551 1717 1745 1787 τούτῳ,
1782 1715 1965 1771 Meta-

1677 328 1847 391 LOCI
1885 296 2322 392 COMMUNES.

268 483 275 489 .
388 436 489 509 μὲν
542 436 834 508 ἐπιτυχῑας
876 437 1056 492 αὐτῶν
1113 436 1142 491 ό
1184 436 1334 509 ηλιος
1384 438 1518 510 ὁρᾷ·
1577 438 1677 504 τὰς
1725 440 1782 494 δὲ
1829 440 1964 495 ἀπο-

2069 439 2191 495 dem
2233 411 2543 500 successus,
2571 449 2636 490 ac
2653 432 2696 488 si
2726 430 2857 502 quid
2888 429 3064 485 fauste
3101 426 3347 493 cederet,
3386 427 3468 483 sol
3492 430 3634 500 aspi-

281 550 288 558 -
386 529 579 600 τυχίας
605 530 638 601 ἠ
666 528 743 600 γῆ
779 527 1068 584 καλύπτει.

3523 316 3631 380 950

2062 535 2249 593 ceret;
2281 541 2502 583 errores
2536 522 2719 579 autem
2741 532 2796 578 et
2815 520 2960 592 quod
2986 529 3102 574 arte
3126 529 3465 590 peccassent,
3492 529 3638 576 terra

2062 617 2325 686 operiret.

2076 724 2079 727 ‘
2134 706 2423 762 Stratonic.
2465 736 2533 747 —-
2573 702 2940 779 Stratonicus,
2986 700 3170 770 lepide
3214 700 3431 755 medico
3474 700 3635 756 blan-

2064 795 2249 860 diens,
2280 796 2466 851 aiebat
2491 813 2505 848 :
2539 794 2732 849 Laudo
2756 801 2905 847 tuam
2930 790 3161 846 medicae
3186 793 3327 846 artis
3356 791 3637 862 peritiam,

2064 885 2212 954 quod
2246 874 2482 954 aegrotos
2510 882 2905 939 contabescere
2946 896 3058 936 non
3085 879 3256 946 sinas,
3311 880 3478 935 citius
3517 880 3640 935 illos

2063 974 2178 1028 vita
2200 974 2463 1029 liberans.
2950 988 2951 991 ‘

2135 1063 2445 1118 Demonact.
2470 1074 2540 1103 -ι
2567 1061 2793 1118 Medicis
2831 1063 3007 1133 major
3035 1048 3211 1133 gratia
3239 1061 3516 1127 habenda,
3545 1061 3641 1133 qui

2065 1150 2414 1221 ingruentem
2427 1150 2681 1205 morbum
2706 1159 2952 1217 arceant,
2972 1166 3133 1221 quam
3146 1152 3239 1222 qui
3255 1152 3366 1221 jam
3388 1151 3644 1206 laborari»

2066 1248 2150 1294 tes
2181 1254 2463 1310 aagrosque
2503 1240 2854 1307 curaverint;
2898 1240 3102 1295 etenim
3138 1243 3283 1296 malo
3315 1257 3428 1297 non
3478 1240 3641 1323 afﬁci,

2065 1346 2229 1401 quam
2264 1345 2331 1386 eo
2361 1330 2590 1385 liberari
2614 1332 2777 1401 longe
2814 1331 3255 1401 prmoptandum.

2667 1439 2900 1495 SERMO
2949 1440 3039 1495 LI.

2740 1530 2818 1585 De
2849 1532 2979 1601 ﬁde.
3004 1556 3007 1557 ν

2137 1619 2327 1679 Matth.
2359 1635 2493 1684 xvu,
2527 1621 2615 1677 19.
2654 1652 2717 1661 --
2747 1620 2922 1676 Amen
2956 1622 3083 1676 dico
3122 1622 3301 1687 vobis,
3339 1623 3385 1677 si
3436 1623 3647 1679 habue—

2072 1709 2195 1766 ritis
2223 1711 2411 1776 ﬁdem,
2450 1712 2594 1767 sicut
2636 1727 2866 1783 granum
2926 1714 3157 1783 sinapis,
3222 1714 3420 1770 dicetis
3470 1717 3644 1770 monti

388 1809 515 1878 6th
562 1807 814 1862 ἐντεῦθεν
870 1808 1020 1873 ἐκεῖ,
1069 1807 1166 1861 καὶ
1215 1807 1620 1880 μεταόήσεταιο
1673 1808 1770 1861 καὶ
1809 1805 1963 1859 οὐδὲν

2069 1800 2242 1857 huic:
2292 1802 2486 1857 Transi
2538 1803 2670 1858 hinc
2723 1802 2872 1869 illuc,
2932 1813 2989 1859 et
3045 1806 3356 1861 transibit:
3396 1815 3452 1861 et
3507 1807 3644 1860 nihil

387 1901 719 1971 ἀδυνατήσει
752 1899 898 1970 ὑμῖν.

469 2012 591 2079 Ἐφ.
622 2008 705 2075 β’.
738 2040 810 2051 -
835 2010 1036 2081 Χάριτί
1069 2010 1194 2063 ἐστε
1232 2010 1570 2079 σεσωσμένοι
1610 2007 1699 2063 διὰ
1736 2010 1836 2080 τῆς
1873 2009 1963 2061 πί-

390 2117 581 2164 στεως,
615 2100 710 2154 καὶ
740 2101 902 2154 τοῦτο
930 2102 1033 2154 οὐκ
1061 2100 1122 2165 ἐξ
1155 2102 1340 2170 ὑμῶν’
1373 2100 1509 2155 Θεοῦ
1549 2100 1610 2154 τὸ
1635 2101 1829 2172 δῶρον,
1861 2102 1961 2154 οὐκ

386 2192 446 2257 ἐξ
470 2191 666 2262 ἔργων,
698 2192 784 2247 ἵνα
816 2193 891 2262 μή
916 2209 1002 2255 τις
1029 2192 1395 2263 καυχήσηται.

469 2282 619 2352 Ἐϐρ.
643 2289 812 2338 ια’.-
839 2284 1030 2347 Πίστις
1058 2283 1205 2336 ἐστὶν
1240 2282 1611 2355 ἐλπιζομένων
1641 2285 1962 2349 ὑπόστασις,

387 2374 731 2445 πραγμάτων
764 2375 986 2446 ἐλεγχος
1012 2375 1074 2428 οὐ
1109 2375 1483 2445 βλεπομένων.

457 2467 700 2533 (lupam.
742 2465 844 2530 ιβ’.
872 2493 947 2510 -—
977 2465 1467 2536 Ἐπιδεικνυμένην
1502 2466 1687 2519 πίστιν
1717 2467 1961 2533 ἀναγγε-

386 2554 470 2606 λεῖ
493 2555 570 2623 (α)
599 2554 824 2619 δίκαιος.

454 2646 638 2715 Σιρὰχ
684 2644 777 2701 ια’.
808 2672 880 2687 --
900 2647 1135 2700 Πίστευε
1167 2646 1247 2719 τῷ
1277 2649 1490 2721 Κυρίῳ,
1526 2647 1621 2702 καὶ
1651 2648 1856 2718 ἔμμενε
1885 2647 1961 2714 τῷ

383 2737 531 2825 adv-cp
574 2754 670 2791 σου
719 2738 825 2809 (11)·
875 2739 961 2792 ὅτι
1019 2737 1223 2809 κοῦφον
1281 2740 1341 2794 ἐν
1397 2740 1700 2812 ὀφθαλμοῖς
1752 2739 1960 2812 Κυρίου

384 2828 613 2893 ἐξάπινα
646 2827 935 2883 πλουτίσαι
961 2830 1196 2901 πένητα.

454 2919 637 2987 Σιρὰχ
664 2919 745 2982 β’.
779 2950 847 2960 -
880 2919 1038 2983 Δόσις
1083 2917 1291 2990 Κυρίου
1326 2921 1641 2991 παραμενεῖ
1669 2917 1956 2971 εὐσεϐέσι·

385 3008 679 3063 πίστευσον
706 3009 876 3079 αὐτῷ,
909 3010 1005 3063 καὶ
1041 3009 1394 3081 ἀντιλήψεται
1421 3026 1515 3062 σου
1547 3008 1641 3079 (c).

456 3103 675 3156 Βασιλ.
707 3130 778 3142 -
812 3100 1005 3164 Πίστις
1033 3100 1274 3171 ἡγείσθω
1300 3100 1410 3154 τῶν
1440 3100 1571 3172 περὶ
1598 3099 1732 3153 Θεοῦ
1761 3099 1956 3168 λόγων.
1991 3131 2034 3189 c

386 3192 596 3255 Πίστις,
628 3191 727 3245 καὶ
761 3191 836 3261 μὴ
868 3192 1164 3259 ἀπόδειξις.
1192 3191 1386 3256 Illo-rt;
1428 3194 1462 3263 ή
1493 3193 1635 3264 ὑπὲρ
1664 3194 1763 3255 τὰς
1811 3192 1962 3260 λογι-

386 3282 489 3344 κὰς
519 3280 805 3352 μεθοδειας
839 3282 939 3351 τὴν
963 3281 1141 3352 ψυχὴν
1163 3284 1245 3344 εἰς
1269 3280 1668 3349 συγκατάθεσιν
1691 3281 1956 3335 ἕλκουσα·

387 3373 604 3436 πίστις,
655 3373 754 3443 οὐχ
783 3373 817 3443 ὴ
869 3374 1275 3443 γεωμετρικαῖς
1306 3372 1575 3438 ἀνάγκαις
1602 3412 1616 3436 ,
1651 3371 1789 3426 ἀλλὰ
1837 3374 1960 3436 ταῖς

387 3464 481 3517 τοῦ
512 3463 829 3533 Πνεῦματος
865 3462 1171 3534 ἐνεργείαις
1205 3463 1557 3533 ἐγγινομένη.

458 3728 650 3791 Πίστις
668 3728 784 3782 ἐστὶ
804 3726 1202 3797 συγκατάθεσις
1217 3727 1530 3796 ἀδιάκριτος
1547 3726 1656 3779 τῶν
1669 3723 1961 3779 ἀκουσθέν-

388 3836 495 3873 των
527 3821 585 3873 ἐν
612 3819 955 3891 πληροφορίᾳ
984 3819 1086 3889 τῆς
1133 3818 1393 3889 ἀληθείας
1416 3818 1526 3871 τῶν
1554 3815 1962 3888 κηρυχθέντων,

389 3912 524 3965 Θεοῦ
553 3911 758 3982 χάριτι,
781 3913 977 3983 ἥντινα
1013 3911 1326 3976 ἐπεδείξατο
1364 3910 1616 3981 Ἀϐραὰμ
1637 3950 1653 3973 ,
1681 3926 1965 3981 μαρτυρη-

390 4003 526 4068 θεὶς,
548 4005 631 4057 ὅτι
663 4008 744 4059 Οὐ
775 4004 1045 4073 διεκρίθη
1086 4001 1162 4070 τῇ
1191 4003 1442 4069 ἀπιστίᾳ
1465 4044 1479 4065 ,
1511 4000 1649 4055 ἀλλ’
1680 4000 1966 4055 ἐνεδυνα-

386 4094 549 4163 μώθη
574 4093 650 4162 τῇ
684 4095 921 4157 πίστει,
952 4093 1100 4160 δοὺς
1128 4091 1319 4155 δόξαν
1355 4091 1436 4157 τῷ
1466 4087 1588 4156 Θεῷ
1611 4130 1626 4152 ,
1674 4093 1776 4143 καὶ
1807 4093 1964 4159 πλη-

389 4188 743 4255 ροςρορηθεις
770 4186 862 4241 ὅτι
887 4186 919 4241 ὃ
953 4186 1316 4257 ἐπήγγελται
1354 4183 1518 4250 Θεὸς,
1553 4182 1813 4248 auram
1835 4182 1965 4237 ἐστι

332 4316 339 4323 -
390 4277 487 4331 καὶ
521 4276 796 4347 ποιῆσαι.

2069 1892 2229 1948 vobis
2269 1893 2611 1963 impossibile
2632 1894 2761 1949 erit.

2142 2004 2335 2074 Ephes.
2365 2022 2425 2071 ιι,
2452 2004 2506 2060 8.
2535 2037 2605 2047 -
2628 2007 2815 2063 Gratia
2843 2009 2979 2065 estis
3006 2011 3201 2066 salvati
3246 2027 3347 2082 per
3367 2013 3562 2078 ﬁdem,
3590 2025 3647 2069 et

2068 2094 2175 2149 hoc
2206 2111 2318 2151 non
2357 2111 2427 2151 ex
2459 2097 2647 2165 vobis;
2706 2100 2805 2154 Dei
2845 2101 2995 2156 enim
3047 2102 3254 2157 donum
3293 2114 3399 2170 est,
3440 2121 3553 2161 non
3577 2122 3645 2161 ex

2067 2186 2352 2256 operibus,
2373 2202 2444 2243 ne
2464 2189 2592 2259 quis
2618 2190 2912 2260 glorietur.

2138 2274 2297 2329 Hebr.
2325 2291 2402 2340 ιι,
2442 2277 2493 2331 1.
2526 2307 2585 2319 -—
2615 2277 2781 2334 Fides
2812 2289 2900 2336 est
2941 2285 3353 2352 sperandorum
3388 2286 3644 2342 substan-

2068 2362 2164 2427 tia,
2195 2374 2580 2434 argumentum
2603 2382 2794 2424 earum
2822 2387 3032 2437 rerum,
3066 2390 3191 2443 qute
3215 2392 3325 2431 non
3356 2377 3640 2433 videntur.

2068 2544 2081 2557 θ
2124 2455 2412 2521 Ecli.xxtx,
2510 2458 2598 2515 19.
2651 2491 2723 2501 —
2780 2462 3005 2519 Planam
3059 2465 3223 2522 ﬁdem
3286 2469 3644 2524 annuntiahit

2059 2554 2267 2614 justus.

2136 2635 2306 2691 Eccli.
2345 2654 2419 2704 χι,
2454 2636 2649 2695 22—
2678 2640 2906 2697 Conﬁde
2939 2644 2995 2698 in
3026 2645 3282 2711 Domino,
3318 2659 3376 2702 et
3408 2662 3564 2702 mane
3587 2650 3640 2702 in

2064 2722 2254 2778 labore
2287 2734 2401 2782 tuo.
2426 2727 2608 2783 Facile
2635 2730 2785 2784 enim
2818 2740 2905 2787 est
2933 2732 2988 2787 in
3010 2734 3188 2790 oculis
3213 2736 3431 2792 Domini
3459 2739 3643 2794 subito
3672 2738 3675 2739 ⁷

2066 2814 2360 2871 honestare
2390 2833 2712 2889 pauperem.

2137 2905 2301 2960 Eccli.
2341 2923 2403 2974 ιι,
2445 2908 2499 2963 6.
2530 2940 2603 2949 —
2641 2910 2801 2966 Datio
2843 2912 3065 2970 Domini
3123 2917 3471 2986 permanebit
3510 2919 3640 2988 piis.

2063 2995 2243 3051 Crede
2273 2997 2347 3062 ei,
2384 3006 2441 3052 et
2467 2999 2823 3055 auxiliabitur
2849 3004 2951 3058 tui.

2136 3081 2345 3136 Basilii.
2371 3112 2441 3123 —
2468 3084 2679 3140 Prazeat
2715 3086 2855 3144 ﬁdes
2891 3091 3263 3158 sermonibus,
3296 3094 3390 3164 qui
3433 3095 3501 3149 de
3534 3097 3643 3149 Deo

2067 3173 2364 3228 habentur.
2403 3174 2589 3243 Fides,
2620 3176 2868 3248 inquam.
2894 3198 3004 3236 non
3033 3166 3484 3253 argumentorum
3517 3202 3645 3256 pro.

2068 3265 2241 3320 batio.
2262 3266 2442 3331 Fides,
2476 3282 2599 3337 quae
2622 3285 2787 3339 supra
2815 3272 3021 3342 logicas
3061 3277 3565 3344 argumentationes
3586 3290 3645 3333 et

2067 3357 2343 3410 rationum
2392 3358 2634 3426 pondera
2675 3361 2918 3417 animum
2971 3365 3038 3418 ad
3099 3382 3387 3421 assensum
3434 3370 3638 3423 trahat.

2065 3446 2249 3509 Fides,
2281 3448 2346 3501 ad
2377 3463 2539 3517 quam
2572 3465 2684 3505 non
2719 3464 2915 3522 cogant
2944 3458 3291 3525 geometriae
3321 3463 3643 3517 necessaria:

2067 3534 2441 3603 probationes,
2477 3536 2573 3590 scd
2600 3554 2766 3608 quam
2795 3540 2971 3597 divini
3003 3544 3248 3614 Spiritus
3274 3547 3452 3604 virtus
3494 3550 3644 3605 ama-

1988 3642 1997 3649 '
2070 3634 2264 3694 tusque
2295 3627 2605 3697 progignat.
2791 3636 2845 3665 α’

2136 3716 2299 3771 Fides
2327 3725 2413 3772 est
2449 3733 2648 3776 eorum
2693 3739 2816 3793 quae
2852 3726 3047 3783 auditu
3096 3732 3448 3801 percepimus
3504 3735 3641 3789 citra

2067 3822 2287 3861 omnem
2316 3807 2718 3868 haesitationem
2746 3830 3023 3883 assensus,
3058 3835 3183 3875 cum
3217 3834 3366 3880 certa
3414 3840 3643 3894 persua—

2066 3898 2221 3953 sione
2258 3900 2511 3957 veritatis
2552 3919 2768 3973 eorum,
2815 3925 2941 3979 quae
2992 3921 3125 3966 sunt
3178 3916 3496 3983 praedicata,
3543 3921 3637 3975 Dei

2065 4005 2259 4060 grana.
2298 3989 2474 4062 Hujus
2505 3997 2782 4066 specimen
2830 4001 3084 4057 exhibuit
3128 4005 3429 4072 Abraham,
3458 4010 3648 4065 istius-

2066 4079 2212 4132 modi
2243 4080 2558 4140 celebratus
2600 4086 2818 4157 elogio:
2864 4089 2982 4144 Non
3020 4093 3283 4149 liazsitavit
3330 4098 3678 4167 diﬁidenlia,’

2064 4170 2154 4222 sed
2180 4170 2507 4239 confortatus
2543 4185 2619 4230 est
2650 4176 2777 4245 ﬁde,
2829 4180 2965 4235 dans
3013 4182 3242 4254 gloriam
3292 4187 3453 4257 653
3498 4188 3640 4253 Deo,

2066 4259 2366 4329 plenissime
2420 4266 2609 4330 sciens,
2670 4270 2796 4339 quia
2835 4288 3159 4345 quwcunque
3205 4280 3448 4347 promisit
3480 4279 3645 4345 Deus,

2067 4365 2250 4424 potens
2278 4367 2355 4412 est
2381 4369 2430 4414 et
2461 4361 2636 4431 facere
2667 4363 2851 4433 (Rom.
2890 4385 2962 4431 tv,
2994 4369 3109 4437 20).

463 4460 634 4511 Θεολ.
665 4489 735 4499 -
767 4458 843 4512 Τδ
877 4460 986 4530 γὰρ
1018 4459 1120 4513 οὐκ
1164 4457 1406 4526 ἐφικτὸν,
1443 4455 1564 4510 οὐδὲ
1613 4453 1803 4508 πιστόν
1849 4471 1965 4515 πως

2140 4448 2404 4521 Theologi.
2445 4483 2516 4493 —
2545 4452 2700 4533 Quod
2726 4458 2874 4516 enim
2903 4461 3065 4518 alicui
3093 4465 3311 4533 assequi
3348 4481 3455 4520 non
3491 4466 3647 4534 licet,

389 4548 480 4603 διὰ
507 4550 600 4603 τὸν
634 4549 846 4619 φθόνον.
876 4553 1092 4623 Ψυχαῖς
1119 4551 1228 4624 γὰρ
1258 4550 1510 4622 βεϐήλοις
1535 4547 1688 4602 οὐδὲν
1718 4547 1828 4600 τῶν
1862 4562 1965 4598 κα-

391 4639 499 4693 Αῶν
550 4640 883 4705 ἀξιόπιστον.

463 4812 762 4878 Χρυσοστ.
784 4845 857 4855 -
881 4812 1050 4868 Τοῦτο
1080 4815 1315 4884 μάλιστα
1345 4812 1601 4875 πίστεως,
1656 4810 1731 4881 μὴ
1782 4809 1966 4879 ζητεῖν

393 4904 622 4967 εὐθύνας
647 4904 757 4957 τῶν
799 4904 1206 4977 πραττομένων,
1240 4901 1375 4957 ἀλλὰ
1409 4899 1692 4957 πείθεσθαι
1712 4902 1825 4963 τοῖς
1852 4900 1967 4951 ἐπι-

393 4996 758 5066 ταττομένοις.

383 5290 386 5293 .
465 5230 509 5261 ’⁵
552 5230 613 5284 ln
645 5227 812 5284 Gesn.
854 5228 1160 5284 Stob.285.

468 5363 544 5434 (a)
575 5362 1107 5434 Ἐπιόεικνυμένηνζ
1118 5363 1324 5434 πίστιν
1341 5359 1674 5434 ἀναγγελεῖ.
1695 5359 1962 5434 Futurum

400 5429 565 5488 llebr.
600 5433 877 5487 convenit.
911 5429 1011 5488 Est
1033 5429 1498 5500 ﬁdesiejusmodi,
1527 5444 1654 5500 quae
1685 5429 1855 5483 rebus
1877 5429 1964 5483 ui-

400 5512 564 5566 tatur,
594 5519 659 5558 ac
686 5517 743 5571 se
767 5503 1030 5571 operibus
1063 5498 1279 5571 prodat.
1310 5498 1479 5555 llcbr.
1515 5498 1739 5555 Labium
1766 5500 1963 5552 verita--

399 5573 460 5624 tis
482 5571 697 5642 ﬁrmam
723 5567 778 5642 in
795 5567 1120 5642 perpetuum.

470 5640 541 5707 ib)
579 5640 661 5693 Τῶ
690 5640 853 5706 πόκῳ
880 5640 1016 5694 σου.
1052 5640 1210 5709 Vulg.
1239 5641 1295 5693 in
1341 5640 1450 5695 loco
1470 5648 1558 5694 tuo
1580 5657 1597 5694 :
1622 5640 1853 5709 proinde
1880 5640 1961 5696 le-

395 5711 558 5779 gerit,
584 5712 640 5762 ἐν
669 5711 835 5779 τόπῳ.
861 5710 1067 5781 Syriae.
1089 5709 1154 5764 In
1177 5710 1287 5778 ejus
1317 5710 1529 5765 lumine.
1560 5710 1723 5765 Arab.
1748 5728 1961 5766 arnore:

2069 4537 2123 4591 id
2156 4555 2224 4593 ne
2259 4540 2422 4596 ﬁdem
2446 4545 2672 4613 quidem
2703 4550 2849 4617 apud
2881 4566 3011 4606 eum
3045 4568 3159 4623 prae
3197 4554 3406 4610 invidia
3452 4556 3638 4613 habet.

2068 4630 2340 4687 Profanus
2361 4635 2637 4707 siquidem
2681 4640 2920 4706 animus,
2968 4645 3110 4700 nihil
3152 4661 3343 4701 eorum
3389 4663 3513 4717 quae
3544 4649 3646 4704 ho-

2067 4732 2224 4776 nesta
2261 4732 2390 4778 sunt
2433 4741 2498 4782 ac
2523 4731 2763 4801 egregia,
2792 4733 3016 4802 dignum
3067 4737 3283 4794 crcditu
3314 4740 3640 4796 arbitratur.
3694 4776 3715 4811 ,ι

2136 4812 2401 4885 Chrysost.
2435 4849 2507 4859 —
2530 4819 2648 4876 lloc
2687 4821 2812 4879 ﬁdei
2840 4827 3078 4883 maxime
3105 4830 3392 4900 proprium
3421 4839 3526 4893 est,
3558 4849 3646 4885 ra-
3682 4844 3689 4864 '

2071 4904 2249 4958 tiones
2288 4923 2504 4974 eorum,
2546 4926 2670 4980 quae
2719 4914 2879 4979 ﬁunt,
2923 4933 3034 4976 non
3089 4920 3393 4992 inquirere,
3439 4923 3536 4978 sed
3579 4924 3645 4980 iis
3686 4926 3690 4931 ’

2071 5010 2192 5064 qua:
2222 4997 2489 5065 iubentur
2525 5003 2934 5077 obtemperare.

1655 5153 1890 5209 VARI/El
1934 5152 2335 5214 LECTIONES.

2068 5375 2169 5443 nec
2191 5361 2366 5443 huius
2387 5367 2723 5443 diversi‘tatis
2753 5386 2972 5443 causam
2999 5373 3158 5428 facile
3187 5383 3273 5429 est
3302 5375 3537 5443 aperire.

2140 5435 2217 5513 (c)_
2239 5437 2352 5513 Καὶ
2384 5437 2784 5513 ἀχτιᾴήῖίςετᾳί
2814 5456 2951 5496 σου.
2983 5444 3143 5513 Vulg.
3168 5453 3225 5499 ct
3258 5435 3398 5499 Siit.
3427 5454 3475 5497 et
3499 5463 3642 5498 rem-

2068 5506 2271 5583 perabit
2308 5507 2585 5583 te._Pa_ulo
2613 5510 2959 5583 clariusalii,
2987 5506 3151 5567 etcfit
3181 5515 3274 5569 tibi
3307 5516 3524 5583 adjutor
3546 5532 3563 5577 ;
3588 5525 3641 5567 et

2075 5584 2133 5629 ut
2161 5578 2276 5644 ipse
2303 5576 2625 5644 reddebam,
2669 5578 3028 5636 Auxiliabitur
3081 5600 3179 5637 mi.
3224 5583 3279 5638 Id
3313 5576 3460 5638 enim
3490 5576 3641 5635 am-

2067 5644 2438 5722 λῇμίξάνεσοαι
2453 5657 2513 5722 Pl
2533 5649 2835 5722 ᾁντῦηψες,
2868 5667 2994 5722 qua)
3016 5670 3121 5711 vox
3137 5652 3457 5710 Grzccoruui
3485 5653 3635 5708 litur-

2068 5717 2171 5784 giis
2192 5717 2636 5787 frequentissima
2673 5717 2776 5776 est.
