4066 6146
480 237 578 303 951

1606 241 1667 300 S.
1705 241 1989 300 ΜΑΧΙΜΙ
2032 239 2541 308 CONFESSORIS

3628 243 3741 307 952

549 359 652 426 Qui
688 358 975 426 religiosus
1012 354 1065 406 in
1113 354 1285 406 Deum
1315 367 1382 405 ac
1415 351 1596 406 ﬁdelis
1630 353 1721 415 sit,
1780 351 1860 405 sic
1892 351 2050 403 ﬁrmo

2225 355 2328 407 Τὸν
2366 357 2566 428 εὑσεὸἧ
2595 359 2689 412 καὶ
2724 358 2913 412 πιστὸν
2944 358 3114 428 ἄνδρα.
3138 357 3284 410 οὑτω
3337 352 3572 425 βεϐαίως
3619 351 3741 403 διας

479 461 535 508 et
583 450 856 506 constanti
909 447 1095 500 animo
1152 459 1280 513 erga
1341 443 1437 498 Dei
1484 443 1881 513 promissiones
1927 459 2048 498 esse

479 544 771 604 condecet,
831 549 891 592 ut
923 538 1176 608 quamvis
1230 537 1341 590 illis
1378 537 1657 590 contraria
1705 535 1930 590 evenire
1965 539 2052 590 vi-

481 635 738 694 deantur,
794 647 862 684 ne
904 630 984 684 sic
1009 628 1234 698 quidem
1281 628 1560 690 turbetur,
1593 627 1679 680 vel
1725 627 1795 681 de
1850 637 2051 681 eventu

480 726 755 793 desperet.
793 721 931 776 Vide
975 736 1105 774 sane
1143 718 1360 772 ﬁdelem
1399 717 1692 782 Abraham,
1729 733 1891 786 quam
1922 734 2052 785 pro-

483 815 799 870 missionem
847 811 1142 881 aeeeperit,
1187 819 1245 865 et
1289 825 1539 880 qumnam
1581 809 1697 878 ipse
1731 807 1913 863 facere
1957 824 2052 862 co-

481 912 635 956 actus
657 901 748 954 sil.
1098 965 1104 969 _

553 991 735 1055 Fides,
781 990 1048 1044 virtutum
1104 1004 1304 1059 parens
1361 996 1418 1043 et
1481 1001 1684 1042 corona
1760 1002 1825 1041 ac
1875 985 2056 1056 perfe-

483 1083 595 1136 ctio
627 1090 729 1133 est.

555 1170 1029 1236 Quemadmodum
1052 1169 1201 1224 enim
1228 1169 1331 1222 nisi
1358 1168 1599 1237 plantata
1627 1167 1813 1222 radice
1841 1167 2058 1221 fructus

484 1277 595 1315 non
643 1261 1056 1331 germinaverit,
1119 1260 1197 1313 sic
1231 1275 1334 1313 nec
1365 1259 1472 1312 nisi
1514 1259 1677 1329 jactis
1729 1259 1882 1328 prius
1930 1259 2056 1312 ﬁdei

485 1352 878 1414 fundamentis,
903 1352 1168 1405 doctrina:
1209 1365 1453 1418 unquam
1480 1365 1666 1403 sermo
1704 1352 2056 1418 processerit.

556 1441 710 1510 Crrg.
745 1441 898 1510 Nyss.
932 1472 996 1480 —
1020 1441 1144 1494 Sola
1179 1440 1310 1494 ﬁdes
1353 1423 1870 1508 ineomprehensum
1912 1455 2062 1493 com-

487 1533 820 1602 prehendit;
853 1533 966 1586 sola
1018 1532 1289 1602 conspicit
1335 1533 1430 1601 qui
1467 1548 1496 1585 a
1545 1532 1698 1584 nullo
1732 1531 1908 1585 videri
1964 1547 2062 1600 po—

489 1633 631 1688 test;
676 1627 791 1679 sola
841 1625 1206 1688 inaccessum,
1239 1624 1418 1693 quoad
1465 1624 1586 1692 ejus
1625 1623 1743 1677 ﬁeri
1784 1631 1968 1692 potest
1997 1639 2060 1678 ac

487 1715 638 1780 licet,
671 1717 904 1772 accedit.
991 1770 1006 1786 ,

560 1828 768 1898 Cyrilli.
796 1860 862 1868 -——
897 1828 1052 1893 Quod
1099 1827 1205 1882 ﬁde
1254 1827 1579 1896 suscipitur,
1623 1843 1732 1882 non
1761 1827 1926 1883 debet
1965 1843 2060 1883 cu-

491 1920 635 1972 riose
663 1919 988 1972 examinari.
1023 1918 1179 1984 Quod
1208 1919 1358 1972 enim
1391 1919 1704 1974 rationibus
1734 1920 2056 1989 inquiritur,

490 2011 766 2080 qumnodo
788 2011 970 2063 adhuc
999 2010 1282 2064 creditur?

557 2103 721 2156 Arist.
746 2131 814 2141 —
848 2101 1322 2173 Quemadmodum
1345 2101 1399 2155 in
1432 2102 1706 2158 medicina
1741 2102 1860 2157 ﬁeri
1884 2104 2060 2167 aiunt,

493 2201 552 2244 ut
588 2206 819 2260 corpora
842 2207 949 2246 non
977 2207 1112 2260 pura
1147 2206 1258 2259 quo
1285 2191 1459 2262 magis
1487 2192 1776 2256 nutrieris,
1805 2207 1873 2247 eo
1895 2193 2067 2262 magis

491 2279 678 2341 laedas,
711 2279 802 2347 qui
830 2278 1090 2331 nimirum
1115 2280 1394 2348 corruptis
1415 2280 1748 2336 humoribus
1773 2281 2064 2336 materiam

489 2383 554 2419 ac
590 2366 890 2420 fomentum
927 2366 1217 2436 subjicias;
1254 2368 1335 2422 sic
1360 2375 1416 2422 et
1444 2369 1537 2437 qui
1577 2369 1764 2438 pravis
1791 2370 2066 2438 opinioni-

494 2454 598 2508 bus
651 2464 1070 2524 praeoccupatus
1096 2457 1188 2520 sit,
1217 2473 1328 2526 quo
1349 2458 1474 2526 plus
1495 2457 1772 2523 docueris,
1802 2474 1868 2514 eo
1896 2461 2066 2530 magis
2093 2462 2103 2471 '

493 2547 679 2610 Iretles,
733 2548 968 2616 majores
1021 2546 1256 2602 subinde
1302 2549 1443 2604 male
1503 2549 1749 2620 falseque
1787 2551 2066 2606 sentiendi

493 2640 814 2694 occasiones
851 2641 1122 2708 praebens.

1092 2752 1324 2808 SERMO
1357 2753 1467 2806 ιιι.

1093 2841 1166 2894 De
1200 2845 1471 2896 memoria.

566 2931 691 2984 Luc.
728 2947 856 2992 χχιι,
902 2930 986 2984 19.
1030 2961 1098 2970 -
1129 2932 1243 2986 Hoc
1289 2941 1375 2986 est
1421 2949 1621 3003 corpus
1671 2951 1875 3000 meum,
1919 2937 2066 3007 quod

2152 447 2367 500 κεῖσθαι
2401 450 2507 519 χρὴ
2541 449 2674 519 πρὸς
2716 452 2814 514 τὰς
2863 449 3194 518 ἐπαγγελίας
3239 447 3332 501 τοῦ
3371 443 3533 508 Θεοῦ,
3589 442 3738 495 ὥστε

2152 537 2258 590 κᾶν
2312 542 2529 594 ἐναντία
2588 544 2770 605 αὑτοῖς
2825 541 3073 609 φαίνεται
3111 541 3182 594 τὰ
3238 539 3521 607 γινόμενα,
3596 533 3736 604 μηδὲ

2152 627 2323 693 οὕτως
2357 631 2740 702 ταράττεσθαι,
2766 632 2901 702 μηδὲ
2927 630 3331 698 ἀπογινώσκειν
3352 628 3454 698 τὴν
3474 625 3733 678 ἑκϐασιν.

2157 719 2298 788 Ὅρα
2328 720 2458 786 γοῦν
2491 722 2519 772 ὁ
2561 723 2753 785 πιστὸς
2812 721 3066 792 Ἀϐραὰμ
3108 721 3228 774 τίνα
3281 719 3379 790 μὲν
3432 716 3738 785 ὑπόσχεσιν

2154 810 2391 877 ἐδέξατο,
2421 813 2542 864 τίνα
2567 812 2625 866 δὲ
2657 813 2918 884 πράττειν
2949 812 3313 883 ἠναγκάζετο.

2226 987 2418 1050 Πίστις
2467 990 2653 1060 μήτηρ
2682 991 2775 1045 καὶ
2805 991 3044 1061 στεφάνη
3068 991 3164 1044 καὶ
3186 985 3599 1058 συμπεραίωσις
3625 983 3737 1035 τῶν

2155 1076 2365 1146 ἀρετῶν
2395 1079 2650 1150 ὑπάρχει.

2231 1166 2498 1238 Καθάπερ
2527 1171 2638 1240 γὰρ
2685 1170 2844 1242 ῥίζης
2900 1171 2976 1240 μὴ
3021 1165 3461 1236 πεφυτευμένης,
3517 1165 3618 1215 οὑκ
3667 1162 3738 1214 ἂν

2161 1257 2478 1330 βλαστήσειε
2505 1263 2718 1332 καρπός
2742 1279 2756 1294 ·
2793 1261 2935 1314 οὑτω
2984 1263 3224 1321 πίστεως
3271 1259 3347 1328 μὴ
3390 1255 3738 1326 προκαταϐε-

2160 1349 2457 1420 ὅλημένης,
2482 1353 2582 1405 οὑκ
2611 1352 2676 1405 ἂν
2716 1354 2968 1422 προέλθοι
3002 1351 3348 1412 διδασκαλίας
3373 1349 3552 1415 λόγος.

2228 1442 2410 1510 Γρηγ.
2459 1445 2612 1497 Νύσ.
2636 1475 2703 1484 -
2727 1445 2917 1506 Πίστις
2967 1443 3103 1512 μόνη
3140 1443 3334 1510 κρατεῖ
3363 1439 3454 1490 τὸν
3498 1434 3735 1506 ἁκρὰτη·

2159 1547 2250 1583 τον
2280 1548 2294 1561 ·
2335 1532 2514 1596 πίστις
2539 1535 2674 1603 μόνη
2699 1537 2952 1587 κατανοεῖ
2977 1536 3066 1586 τὸν
3098 1533 3324 1587 ἀθέατον
3344 1546 3358 1560 ’
3383 1529 3570 1587 πίστις
3597 1523 3733 1592 μόνη

2164 1623 2533 1691 προσπελάζει
2565 1625 2641 1696 τῷ
2671 1626 3128 1697 ἁπροσπελὰστῳ,
3189 1625 3312 1676 ὅσον
3368 1619 3601 1688 ἐγχωρεῖ
3645 1615 3740 1666 καὶ

2161 1715 2282 1767 ὅσον
2321 1715 2613 1785 ἐνδέχεται.

2237 1831 2560 1898 Κυρίλλου.
2583 1860 2655 1870 —
2677 1831 2750 1882 Τδ
2774 1828 2954 1882 πίστει
2984 1827 3340 1898 παραδεκτὸν,
3377 1827 3741 1898 ἁπολυπραγ-

2169 1922 2400 1992 μόνητον
2433 1918 2574 1974 εἶναι
2603 1923 2733 1992 χρή.
2783 1920 2858 1972 Τὸ
2904 1920 3014 1990 γὰρ
3057 1918 3481 1989 βασανιζόμενον
3515 1918 3632 1982 πῶς
3663 1919 3739 1972 ἔτι

2167 2012 2521 2067 πεπίστευται
2541 2030 2556 2077 ;
3137 2036 3142 2041 -

2248 2103 2534 2170 Ἀριστοτ.
2565 2133 2638 2144 -—-
2667 2103 2877 2172 Ὠσπερ
2911 2101 3077 2171 φασὶν
3132 2100 3190 2152 ὲν
3245 2101 3486 2171 ίατρικῇ,
3537 2099 3607 2151 τὰ
3667 2100 3740 2168 μὴ

2167 2194 2386 2265 καθαρὰ
2426 2194 2536 2247 τῶν
2590 2194 2859 2264 σωμάτων
2900 2193 3085 2260 ὁπόσῳ
3137 2192 3203 2244 ἂν
3254 2191 3482 2262 θρέψῃς,
3545 2190 3743 2260 μᾶλλον

2170 2282 2393 2353 βλάψεις
2456 2283 2588 2352 ὕλην
2627 2281 2914 2336 ὑποϐαλὼν
2939 2284 3006 2351 τῇ
3059 2279 3373 2349 κακοχυμίᾳ
3403 2293 3417 2307 ο
3461 2278 3602 2330 οὕτω
3648 2277 3741 2328 καὶ

2167 2375 2346 2445 ψυχὴν
2375 2375 2670 2445 μοχθηροῖς
2696 2374 2930 2443 δόγμασι
2960 2369 3540 2444 προκατειλημμένην,
3559 2367 3742 2434 ὁπόσῳ

2170 2465 2236 2518 ἂν
2267 2463 2503 2534 διδάξῃς,
2543 2464 2740 2534 μᾶλλον
2773 2463 3019 2532 βλάψεις,
3079 2460 3334 2533 μείζονας
3381 2459 3551 2529 ἀρχὰς
3599 2458 3735 2526 αὐτῇ

2169 2555 2268 2626 τῆς
2299 2555 2643 2626 ψευδοδοξίας
2669 2554 2946 2625 παρέχων.

2702 2752 2922 2804 ΛΟΓΟΣ
2980 2751 3088 2802 ΝΒ¹
3152 2751 3217 2803 ⁸⁸.

2731 2843 2868 2910 Περὶ
2903 2841 3166 2910 μνήμης.

2245 2938 2427 2988 Αουκ.
2469 2933 2584 2998 φιβ’.
2605 2963 2677 2975 -
2702 2934 2871 2986 Τοῦτό
2899 2935 3014 2986 ἐστι
3044 2933 3106 2984 τὸ
3147 2928 3308 3000 σῶμά
3364 2945 3489 2998 μου,
3520 2925 3582 2978 τὸ
3607 2924 3744 2994 ὑπὲρ

497 3035 597 3092 pro
639 3021 795 3074 vobis
824 3020 1018 3074 datur:
1047 3021 1151 3076 hoc
1180 3021 1341 3077 facite
1373 3025 1426 3078 in
1457 3025 1564 3078 mei
1600 3027 2064 3083 recordationem.

2171 3025 2324 3097 ὑμῶν
2356 3025 2664 3094 διδόμενον·
2703 3024 2862 3077 τοῦτο
2916 3026 3116 3076 ποιεῖτε
3153 3024 3232 3084 είς
3278 3019 3376 3092 τὴν
3428 3019 3566 3088 ἐμὴν
3619 3016 3750 3070 ἀνά-

2063 3165 2066 3168 ,
2175 3133 2390 3187 μνησιν.

536 3193 598 3250 ll
630 3197 760 3251 Tim.
787 3213 846 3261 ιι,
873 3198 924 3251 8.
950 3228 1019 3237 -
1051 3199 1260 3254 Memor
1286 3212 1407 3257 esto
1435 3203 1726 3258 Dominum
1756 3205 1942 3261 Iesum
1979 3224 2070 3264 re-

497 3288 808 3344 surrexisse
836 3304 904 3342 ex
931 3290 1190 3346 mortuis.

564 3377 724 3433 Prov.
780 3395 833 3443 x,
891 3380 940 3433 7.
994 3410 1064 3421 -
1109 3383 1371 3438 Memoria
1422 3386 1556 3456 justi
1600 3403 1725 3442 eum
1774 3390 2068 3457 laudibus;

497 3487 699 3528 nomen
736 3486 920 3529 autem
963 3475 1261 3545 impiorum
1292 3477 1693 3547 exstinguetur.

572 3563 736 3616 Eccli.
779 3581 872 3628 vn,
899 3564 988 3618 40.
1013 3596 1080 3606 -
1107 3566 1166 3620 ln
1205 3566 1464 3621 omnibus
1493 3569 1760 3638 operibus
1799 3571 1909 3627 tuis
1959 3589 2076 3629 me-

501 3669 719 3708 morare
743 3655 1041 3709 novissima
1076 3665 1191 3720 tua,
1226 3665 1412 3710 etnon
1445 3659 1720 3728 peccabis.

573 3744 781 3797 Basilii.
811 3776 879 3785 —
917 3731 1064 3800 Fieri
1109 3761 1220 3801 non
1251 3755 1453 3816 potest,
1490 3757 1550 3802 ut
1589 3765 1620 3804 a
1669 3751 1760 3805 via
1805 3751 1952 3822 justa
1981 3753 2080 3808 de-

501 3831 751 3897 ﬂectant,
774 3833 938 3904 654
959 3850 1200 3904 quorum
1226 3837 1396 3892 animi
1426 3838 1725 3895 oblivionis
1754 3840 1850 3895 Dei
1881 3844 2076 3899 morbo

501 3941 612 3979 non
645 3925 1038 3981 laboraverint.

575 4015 837 4070 Memoria
871 4027 974 4082 est,
1017 4018 1138 4088 ejus
1165 4018 1313 4088 quod
1362 4020 1588 4076 noveris
1637 4031 1852 4078 servata
1897 4009 2080 4081 mente

503 4109 697 4172 notio;
753 4109 1066 4164 recordatio
1123 4125 1224 4164 seu
1272 4110 1708 4178 reminiscentia,
1767 4114 1888 4185 ejus
1933 4115 2083 4186 quod

503 4201 597 4254 illa
627 4199 932 4264 ellluxerat,
965 4200 1336 4268 recuperatio.

576 4289 841 4358 Theologi.
899 4318 968 4329 —-
1027 4289 1124 4342 Dei
1180 4288 1354 4359 magis
1418 4289 1733 4345 meminisse
1789 4291 2078 4361 debemus,

507 4397 671 4451 quam
701 4380 956 4449 spirltum
987 4379 1212 4432 ducere.

577 4473 751 4526 Deum
793 4470 1060 4540 operibus
1081 4471 1222 4534 cole,
1264 4470 1453 4526 verbis
1476 4471 1662 4540 lauda,
1694 4481 1880 4530 mente
1916 4483 2084 4530 vene-

507 4575 632 4616 rare
661 4568 716 4614 et
742 4560 878 4615 cole.

579 4650 882 4708 Clementis.
920 4683 976 4692 —
993 4651 1174 4718 Clara,
1202 4651 1429 4723 ipsaque
1452 4655 1637 4710 animo
1656 4671 1916 4725 praesens,
1937 4673 2086 4713 mor-

509 4744 582 4796 tis
614 4743 900 4805 memoria,
931 4743 1180 4797 ciborum
1207 4744 1482 4799 exscindit
1523 4747 1862 4816 appetitum;
1893 4765 2002 4818 quo
2026 4749 2084 4805 in

509 4833 824 4886 humilitate
861 4834 1129 4898 exscisso,
1173 4850 1279 4888 una
1309 4850 1529 4904 quoque
1567 4837 1700 4892 vitia
1726 4855 1790 4893 ac
1822 4839 2084 4894 libidines

509 4925 934 4978 exseinduntur.

583 5016 853 5086 Chrysost.
878 5045 947 5054 —-
985 5016 1275 5086 Religiosae
1305 5017 1504 5072 mentis
1533 5018 1796 5074 indicium
1819 5030 1923 5085 est,
1967 5022 2084 5090 jugi

517 5105 780 5160 memoria
817 5121 940 5174 qua:
973 5115 1102 5160 sunt
1131 5107 1407 5162 diviniora
1455 5110 1725 5176 recolere,
1767 5112 2089 5182 crebrisque

515 5196 683 5255 Deum
713 5196 1186 5254 obsecrationibus
1213 5199 1452 5269 placare.

591 5330 634 5364 "
669 5329 729 5386 In
775 5330 942 5385 Gesn.
985 5333 1143 5389 Stob.
1183 5337 1306 5392 110.

2233 3205 2290 3261 A'
2339 3211 2459 3276 Τιμ.
2489 3207 2554 3276 β’.
2589 3205 3006 3277 -Μνημὸνευε
3068 3203 3275 3274 Ἰησοῦν
3335 3201 3574 3273 Χριστὸν
3624 3200 3753 3271 ὲγηο

2174 3315 2238 3368 γε
2244 3298 2440 3368 ρμένον
2480 3301 2544 3351 ὲκ
2579 3298 2808 3369 νεκρῶν.

2245 3392 2486 3456 Παροιμ.
2523 3396 2580 3442 ι’.
2607 3417 2678 3428 --
2705 3389 2909 3458 Μνήμη
2970 3386 3180 3441 δικαίου
3240 3385 3360 3457 μετ’
3412 3383 3709 3454 ἐγκωμίων
3739 3397 3756 3414 ·

2175 3480 2346 3548 δνομα
2377 3480 2432 3531 δὲ
2462 3479 2673 3532 ἀσεϐῶν
2709 3479 3017 3531 σϐέννυται.

2248 3569 2430 3637 Σιρὰχ
2463 3568 2523 3628 ζ’.
2551 3598 2622 3610 -—-
2663 3569 2751 3620 'Ev
2777 3570 2908 3622 πᾶσι
2939 3570 3053 3629 τοῖς
3098 3565 3282 3636 ἔργοις
3317 3583 3411 3618 σου
3441 3565 3519 3634 (d)
3558 3564 3761 3634 μιμνή-

2180 3677 2313 3713 σκου
2354 3660 2424 3712 τὰ
2455 3658 2660 3729 ἐσχατά
2689 3675 2805 3723 σου,
2833 3658 2925 3710 καὶ
2953 3658 3051 3726 οὑχ
3071 3656 3436 3725 ἀμαρτήσεις.

2248 3749 2594 3802 Βασιλειόυ.
2624 3777 2695 3787 —-
2732 3747 3037 3816 ’Δμήχανον
3063 3742 3402 3812 ἐκτραπῆναι
3424 3739 3525 3808 τῆς
3547 3735 3763 3798 δικαίας

2177 3825 2318 3904 ὁδοῦ,
2349 3838 2426 3909 μὴ
2453 3838 2625 3910 λήθην
2658 3837 2793 3890 Θεοῦ
2816 3838 2934 3900 ταῖς
2964 3835 3159 3904 ψυχαῖς
3188 3833 3548 3900 νοσήσαντας.

2255 4021 2461 4092 Μνήμη
2493 4020 2640 4072 ἐστὶν
2675 4020 2708 4087 ἡ
2740 4017 2833 4070 τοῦ
2862 4014 3198 4086 γνωσθέντος
3226 4012 3480 4083 τήρησις*
3509 4007 3763 4077 ἀνάμνη-

2186 4133 2290 4185 σις,
2322 4117 2356 4188 ἡ
2388 4115 2485 4171 τοῦ
2522 4114 2856 4177 ἀπελθόντος
2885 4111 3172 4183 ἀνάληψις.

2264 4297 2580 4365 Θεολότου.
2609 4323 2678 4334 -
2702 4291 3120 4363 Μνημονευτέον
3150 4286 3286 4340 Θεοῦ
3320 4284 3550 4356 μᾶλλον,
3580 4285 3611 4353 ἦ
3636 4285 3769 4336 ἁνα-

2182 4389 2494 4447 πνευστέον.

2255 4483 2360 4538 Τὸν
2415 4480 2548 4533 Θεὸν
2597 4477 2778 4548 ἔργοις
2816 4474 2914 4545 μὲν
2945 4472 3124 4534 σέϐου,
3154 4469 3333 4536 λόγοις
3367 4466 3425 4519 δὲ
3459 4465 3640 4534 ὕμνει,
3677 4465 3768 4515 ὲν-

2186 4576 2305 4646 νοίᾳ
2329 4574 2386 4627 δὲ
2419 4573 2574 4639 τίμα.

2260 4645 2558 4732 Κλήμεντ.
2582 4691 2653 4701 -
2681 4658 2884 4726 Μνὴμη
2917 4652 3146 4708 θανάτου
3201 4647 3439 4720 ἐναργὴς
3472 4645 3773 4718 περιέκοψε

2191 4757 2455 4828 βρώματα
2490 4749 2838 4822 ’βρωμάτων
2882 4745 2939 4799 δὲ
2972 4745 3028 4796 ὲν
3087 4738 3413 4795 ταπεινώσει
3463 4736 3772 4799 κοπέντων,

2189 4843 2630 4912 συνεξεκόπησαν
2669 4837 2836 4906 πάθη.

2263 5025 2564 5090 Χρυσοστ.
2587 5045 2654 5057 ν-
2686 5014 2982 5076 Εὑσεὸείας
3031 5011 3280 5080 σημεῖον,
3309 5005 3372 5058 τὺ
3399 5003 3607 5071 συνεχῆ
3641 5001 3779 5090 nvi;-

2195 5089 2314 5183 μηνί
2333 5109 2600 5164 ποιεῖσθαι
2639 5107 2746 5158 τῶν
2772 5102 3078 5173 θειοτέρων,
3115 5100 3205 5152 καὶ
3234 5097 3296 5150 τὸ
3328 5096 3564 5160 πυκναῖς
3590 5089 3774 5147 ἐντεύ-

2195 5204 2338 5270 ξεσιν
2362 5197 2694 5266 ὲξιλεοῦσθαι
2724 5197 2814 5250 τὸν
2843 5194 2994 5246 Θεόν.

2023 5405 2256 5464 NOTAE.

554 5603 565 5613 θ
591 5534 670 5602 (d)
715 5536 812 5613 Ἐγ
837 5535 986 5613 πᾷρνι
1015 5541 1138 5613 ζοῗς
1187 5543 1384 5613 ἔργοις
1415 5558 1552 5596 σου.
1583 5542 1675 5598 Sic
1726 5552 1782 5598 et
1800 5543 1953 5611 Vulg.
1989 5541 2086 5611 Sy-

525 5603 655 5660 riae.
690 5613 744 5657 ct
770 5603 986 5664 Arabic.
1013 5603 1195 5666 Graeca
1216 5603 1375 5681 'vulg.
1403 5613 1580 5680 λόγοις
1603 5629 1614 5641 ·
1648 5628 1768 5684 quae
1792 5603 2082 5682 ιρειινῆγοξς

2194 5539 2476 5602 habuisse,
2515 5537 2707 5592 suadet
2748 5545 2863 5589 tum
2904 5530 3120 5587 Maximi
3171 5528 3369 5594 codex,
3425 5539 3546 5586 tum
3592 5537 3776 5586 tantus

2192 5613 2552 5680 interpretum
2574 5619 2895 5662 consensus.
