  <div class='ocr_page' id='page_1' title='image "/cluster/home/n/w/nwhite01/storage/ocr_20150623/91/mdp.39015022223195/478.png"; bbox 0 0 4066 6146; ppageno 0'>
   <div class='ocr_carea' id='block_1_1' title="bbox 371 286 495 350">
    <p class='ocr_par' dir='ltr' id='par_1_1' title="bbox 371 286 495 350">
     <span class='ocr_line' id='line_1_1' title="bbox 371 286 495 350; baseline 0 0"><span class='ocrx_word' id='word_1_1' title='bbox 371 286 495 350; x_wconf 71' lang='lat'><strong>&#39;953</strong></span> 
     </span>
    </p>
   </div>
   <div class='ocr_carea' id='block_1_2' title="bbox 1678 293 2321 369">
    <p class='ocr_par' dir='ltr' id='par_1_2' title="bbox 1678 293 2321 369">
     <span class='ocr_line' id='line_1_2' title="bbox 1678 293 2321 369; baseline 0.019 -16"><span class='ocrx_word' id='word_1_2' title='bbox 1678 293 1845 357; x_wconf 89' lang='lat' dir='ltr'><strong>LOCI</strong></span> <span class='ocrx_word' id='word_1_3' title='bbox 1885 297 2205 369; x_wconf 83' lang='lat' dir='ltr'><strong>COMMUN</strong></span> <span class='ocrx_word' id='word_1_4' title='bbox 2210 305 2321 365; x_wconf 90' lang='lat' dir='ltr'><strong>ES.</strong></span> 
     </span>
    </p>
   </div>
   <div class='ocr_carea' id='block_1_3' title="bbox 3515 310 3643 377">
    <p class='ocr_par' dir='ltr' id='par_1_3' title="bbox 3515 310 3643 377">
     <span class='ocr_line' id='line_1_3' title="bbox 3515 310 3643 377; baseline 0 -1"><span class='ocrx_word' id='word_1_5' title='bbox 3515 312 3616 377; x_wconf 56' lang='lat'><strong>955</strong></span> <span class='ocrx_word' id='word_1_6' title='bbox 3635 310 3643 317; x_wconf 80' lang='grc'><strong>”</strong></span> 
     </span>
    </p>
   </div>
   <div class='ocr_carea' id='block_1_4' title="bbox 447 391 1941 483">
    <p class='ocr_par' dir='ltr' id='par_1_4' title="bbox 447 391 1939 475">
     <span class='ocr_line' id='line_1_4' title="bbox 447 391 1939 475; baseline 0.006 -28"><span class='ocrx_word' id='word_1_7' title='bbox 447 395 512 449; x_wconf 82' lang='lat' dir='ltr'><strong>Et</strong></span> <span class='ocrx_word' id='word_1_8' title='bbox 551 391 736 448; x_wconf 83' lang='grc' dir='ltr'>είκόνα</span> <span class='ocrx_word' id='word_1_9' title='bbox 776 393 1108 465; x_wconf 76' lang='grc' dir='ltr'>τιςᾶψυχον</span> <span class='ocrx_word' id='word_1_10' title='bbox 1157 394 1395 462; x_wconf 74' lang='grc' dir='ltr'>ἀναθεὶς,</span> <span class='ocrx_word' id='word_1_11' title='bbox 1432 397 1679 471; x_wconf 83' lang='grc' dir='ltr'>παιδδςῆ</span> <span class='ocrx_word' id='word_1_12' title='bbox 1713 402 1867 471; x_wconf 83' lang='grc' dir='ltr'>φίλου</span> <span class='ocrx_word' id='word_1_13' title='bbox 1906 406 1939 475; x_wconf 78' lang='grc' dir='ltr'><strong>ἢ</strong></span> 
     </span>
    </p>
   </div>
   <div class='ocr_carea' id='block_1_5' title="bbox 2045 391 3628 483">
    <p class='ocr_par' dir='ltr' id='par_1_5' title="bbox 2114 410 3628 483">
     <span class='ocr_line' id='line_1_5' title="bbox 2114 410 3628 483; baseline 0.005 -15"><span class='ocrx_word' id='word_1_14' title='bbox 2114 412 2171 468; x_wconf 87' lang='lat' dir='ltr'>Si</span> <span class='ocrx_word' id='word_1_15' title='bbox 2201 414 2326 483; x_wconf 90' lang='lat' dir='ltr'><strong>quis</strong></span> <span class='ocrx_word' id='word_1_16' title='bbox 2350 413 2469 481; x_wconf 85' lang='lat' dir='ltr'><strong>tllii,</strong></span> <span class='ocrx_word' id='word_1_17' title='bbox 2495 425 2592 470; x_wconf 91' lang='lat' dir='ltr'><strong>aut</strong></span> <span class='ocrx_word' id='word_1_18' title='bbox 2628 417 2811 479; x_wconf 81' lang='lat' dir='ltr'><strong>amici,</strong></span> <span class='ocrx_word' id='word_1_19' title='bbox 2852 431 2951 472; x_wconf 91' lang='lat' dir='ltr'><strong>seu</strong></span> <span class='ocrx_word' id='word_1_20' title='bbox 2981 410 3159 475; x_wconf 77' lang='lat' dir='ltr'><strong>amnis</strong></span> <span class='ocrx_word' id='word_1_21' title='bbox 3204 419 3433 475; x_wconf 85' lang='lat' dir='ltr'><strong>inanimi</strong></span> <span class='ocrx_word' id='word_1_22' title='bbox 3481 421 3628 478; x_wconf 76' lang='lat' dir='ltr'><strong>ima-</strong></span> 
     </span>
    </p>
   </div>
   <div class='ocr_carea' id='block_1_6' title="bbox 382 483 1942 559">
    <p class='ocr_par' dir='ltr' id='par_1_6' title="bbox 382 483 1942 559">
     <span class='ocr_line' id='line_1_6' title="bbox 382 483 1942 559; baseline 0.006 -21"><span class='ocrx_word' id='word_1_23' title='bbox 382 483 694 557; x_wconf 73' lang='grc' dir='ltr'>συγγενοῦς,</span> <span class='ocrx_word' id='word_1_24' title='bbox 748 483 960 554; x_wconf 77' lang='grc' dir='ltr'><strong>νομίζει</strong></span> <span class='ocrx_word' id='word_1_25' title='bbox 998 486 1253 555; x_wconf 86' lang='grc' dir='ltr'>παρεῖναι</span> <span class='ocrx_word' id='word_1_26' title='bbox 1282 486 1490 541; x_wconf 76' lang='grc' dir='ltr'>ἐκεῖνον</span> <span class='ocrx_word' id='word_1_27' title='bbox 1510 488 1601 543; x_wconf 77' lang='grc' dir='ltr'>τὸν</span> <span class='ocrx_word' id='word_1_28' title='bbox 1622 492 1942 559; x_wconf 81' lang='grc' dir='ltr'>ἀπελθόντα,</span> 
     </span>
    </p>
   </div>
   <div class='ocr_carea' id='block_1_7' title="bbox 378 573 1941 652">
    <p class='ocr_par' dir='ltr' id='par_1_7' title="bbox 378 573 1941 652">
     <span class='ocr_line' id='line_1_7' title="bbox 378 573 1941 652; baseline 0.001 -22"><span class='ocrx_word' id='word_1_29' title='bbox 378 577 467 631; x_wconf 76' lang='grc' dir='ltr'><strong>καὶ</strong></span> <span class='ocrx_word' id='word_1_30' title='bbox 512 573 601 629; x_wconf 78' lang='grc' dir='ltr'><strong>διὰ</strong></span> <span class='ocrx_word' id='word_1_31' title='bbox 632 574 732 644; x_wconf 84' lang='grc' dir='ltr'>τῆς</span> <span class='ocrx_word' id='word_1_32' title='bbox 772 574 980 638; x_wconf 84' lang='grc' dir='ltr'>είκόνος</span> <span class='ocrx_word' id='word_1_33' title='bbox 1004 575 1168 629; x_wconf 77' lang='grc' dir='ltr'>αὑτὸν</span> <span class='ocrx_word' id='word_1_34' title='bbox 1197 575 1532 644; x_wconf 80' lang='grc' dir='ltr'>φαντάζεται</span> <span class='ocrx_word' id='word_1_35' title='bbox 1556 580 1656 650; x_wconf 85' lang='grc' dir='ltr'>τῆς</span> <span class='ocrx_word' id='word_1_36' title='bbox 1684 581 1890 652; x_wconf 81' lang='grc' dir='ltr'>ἀψύχου</span> <span class='ocrx_word' id='word_1_37' title='bbox 1927 602 1941 616; x_wconf 75' lang='grc' dir='ltr'><strong><em>ο</em></strong></span> 
     </span>
    </p>
   </div>
   <div class='ocr_carea' id='block_1_8' title="bbox 376 663 1946 742">
    <p class='ocr_par' dir='ltr' id='par_1_8' title="bbox 376 663 1946 742">
     <span class='ocr_line' id='line_1_8' title="bbox 376 663 1946 742; baseline 0.006 -23"><span class='ocrx_word' id='word_1_38' title='bbox 376 665 556 736; x_wconf 85' lang='grc' dir='ltr'>πολλῷ</span> <span class='ocrx_word' id='word_1_39' title='bbox 590 664 790 735; x_wconf 82' lang='grc' dir='ltr'>μᾶλλον</span> <span class='ocrx_word' id='word_1_40' title='bbox 821 665 987 735; x_wconf 80' lang='grc' dir='ltr'><strong>ἡμεῖς</strong></span> <span class='ocrx_word' id='word_1_41' title='bbox 1012 663 1102 718; x_wconf 86' lang='grc' dir='ltr'><strong>διὰ</strong></span> <span class='ocrx_word' id='word_1_42' title='bbox 1124 665 1232 720; x_wconf 87' lang='grc' dir='ltr'><strong>τῶν</strong></span> <span class='ocrx_word' id='word_1_43' title='bbox 1257 666 1415 720; x_wconf 82' lang='grc' dir='ltr'>θείων</span> <span class='ocrx_word' id='word_1_44' title='bbox 1437 668 1476 719; x_wconf 90' lang='grc' dir='ltr'><strong>Γ</strong></span> <span class='ocrx_word' id='word_1_45' title='bbox 1482 669 1687 741; x_wconf 88' lang='grc' dir='ltr'>ραφῶν,</span> <span class='ocrx_word' id='word_1_46' title='bbox 1722 674 1819 742; x_wconf 79' lang='grc' dir='ltr'><strong>τῆς</strong></span> <span class='ocrx_word' id='word_1_47' title='bbox 1839 674 1946 728; x_wconf 82' lang='grc' dir='ltr'><strong>τῶν</strong></span> 
     </span>
    </p>
   </div>
   <div class='ocr_carea' id='block_1_9' title="bbox 364 757 1947 836">
    <p class='ocr_par' dir='ltr' id='par_1_9' title="bbox 364 757 1947 836">
     <span class='ocr_line' id='line_1_9' title="bbox 364 757 1947 836; baseline 0.005 -23"><span class='ocrx_word' id='word_1_48' title='bbox 364 758 546 828; x_wconf 62' lang='grc' dir='ltr'><strong>⁴ἁγίων</strong></span> <span class='ocrx_word' id='word_1_49' title='bbox 566 757 872 829; x_wconf 76' lang='grc' dir='ltr'><strong>παρουσίας</strong></span> <span class='ocrx_word' id='word_1_50' title='bbox 923 757 1290 829; x_wconf 82' lang='grc' dir='ltr'><strong>ἀπολαύομεν,</strong></span> <span class='ocrx_word' id='word_1_51' title='bbox 1341 759 1462 830; x_wconf 76' lang='grc' dir='ltr'>οὐχὶ</span> <span class='ocrx_word' id='word_1_52' title='bbox 1514 762 1624 816; x_wconf 85' lang='grc' dir='ltr'><strong>τῶν</strong></span> <span class='ocrx_word' id='word_1_53' title='bbox 1678 765 1947 836; x_wconf 83' lang='grc' dir='ltr'>σωμάτων</span> 
     </span>
    </p>
   </div>
   <div class='ocr_carea' id='block_1_10' title="bbox 373 849 1948 926">
    <p class='ocr_par' dir='ltr' id='par_1_10' title="bbox 373 849 1948 926">
     <span class='ocr_line' id='line_1_10' title="bbox 373 849 1948 926; baseline 0.007 -24"><span class='ocrx_word' id='word_1_54' title='bbox 373 849 574 915; x_wconf 82' lang='grc' dir='ltr'>αὐτῶν,</span> <span class='ocrx_word' id='word_1_55' title='bbox 609 849 747 904; x_wconf 83' lang='grc' dir='ltr'>ἀλλὰ</span> <span class='ocrx_word' id='word_1_56' title='bbox 778 849 886 903; x_wconf 88' lang='grc' dir='ltr'><strong>τῶν</strong></span> <span class='ocrx_word' id='word_1_57' title='bbox 926 849 1115 920; x_wconf 90' lang='grc' dir='ltr'>ψυχῶν</span> <span class='ocrx_word' id='word_1_58' title='bbox 1162 849 1262 914; x_wconf 83' lang='grc' dir='ltr'>τὰς</span> <span class='ocrx_word' id='word_1_59' title='bbox 1312 852 1530 918; x_wconf 84' lang='grc' dir='ltr'><strong>εἰκόνας</strong></span> <span class='ocrx_word' id='word_1_60' title='bbox 1581 855 1816 926; x_wconf 75' lang='grc' dir='ltr'>ἔχοντες.</span> <span class='ocrx_word' id='word_1_61' title='bbox 1865 860 1948 913; x_wconf 84' lang='grc' dir='ltr'><strong>Τὰ</strong></span> 
     </span>
    </p>
   </div>
   <div class='ocr_carea' id='block_1_11' title="bbox 371 939 1948 1016">
    <p class='ocr_par' dir='ltr' id='par_1_11' title="bbox 371 939 1948 1016">
     <span class='ocr_line' id='line_1_11' title="bbox 371 939 1948 1016; baseline 0.008 -24"><span class='ocrx_word' id='word_1_62' title='bbox 371 939 482 1011; x_wconf 71' lang='grc' dir='ltr'>γὰρ</span> <span class='ocrx_word' id='word_1_63' title='bbox 521 939 657 1010; x_wconf 85' lang='grc' dir='ltr'>παρ’</span> <span class='ocrx_word' id='word_1_64' title='bbox 696 940 878 994; x_wconf 81' lang='grc' dir='ltr'>αὐτῶν</span> <span class='ocrx_word' id='word_1_65' title='bbox 925 941 1347 1015; x_wconf 56' lang='grc' dir='ltr'>εἰρημένατῶν</span> <span class='ocrx_word' id='word_1_66' title='bbox 1402 943 1590 1016; x_wconf 88' lang='grc' dir='ltr'>ψυχῶν</span> <span class='ocrx_word' id='word_1_67' title='bbox 1654 949 1836 1004; x_wconf 83' lang='grc' dir='ltr'>αὐτῶν</span> <span class='ocrx_word' id='word_1_68' title='bbox 1875 952 1948 1004; x_wconf 85' lang='grc' dir='ltr'><strong>εί-</strong></span> 
     </span>
    </p>
   </div>
   <div class='ocr_carea' id='block_1_12' title="bbox 370 1031 1041 1094">
    <p class='ocr_par' dir='ltr' id='par_1_12' title="bbox 370 1031 1041 1094">
     <span class='ocr_line' id='line_1_12' title="bbox 370 1031 1041 1094; baseline 0.007 -10"><span class='ocrx_word' id='word_1_69' title='bbox 370 1031 527 1094; x_wconf 78' lang='grc' dir='ltr'>κὸνες</span> <span class='ocrx_word' id='word_1_70' title='bbox 551 1031 710 1086; x_wconf 84' lang='grc' dir='ltr'>είσίν.</span> <span class='ocrx_word' id='word_1_71' title='bbox 1034 1032 1041 1038; x_wconf 79' lang='grc'><em>’</em></span> 
     </span>
    </p>
   </div>
   <div class='ocr_carea' id='block_1_13' title="bbox 367 1125 1945 1207">
    <p class='ocr_par' dir='ltr' id='par_1_13' title="bbox 367 1125 1945 1207">
     <span class='ocr_line' id='line_1_13' title="bbox 367 1125 1945 1207; baseline 0.01 -30"><span class='ocrx_word' id='word_1_72' title='bbox 367 1187 380 1200; x_wconf 39' lang='lat'><strong><em>‘</em></strong></span> <span class='ocrx_word' id='word_1_73' title='bbox 439 1125 750 1182; x_wconf 73' lang='lat' dir='ltr'><strong>H.10th</strong></span> <span class='ocrx_word' id='word_1_74' title='bbox 773 1127 838 1187; x_wconf 58' lang='grc' dir='ltr'><strong>ιι.</strong></span> <span class='ocrx_word' id='word_1_75' title='bbox 877 1156 948 1169; x_wconf 89' lang='grc'><strong>-</strong></span> <span class='ocrx_word' id='word_1_76' title='bbox 985 1128 1212 1186; x_wconf 75' lang='grc' dir='ltr'>Πλάτων</span> <span class='ocrx_word' id='word_1_77' title='bbox 1250 1130 1426 1202; x_wconf 75' lang='grc' dir='ltr'>ἔλεγε,</span> <span class='ocrx_word' id='word_1_78' title='bbox 1458 1135 1587 1198; x_wconf 80' lang='grc' dir='ltr'>τοὺς</span> <span class='ocrx_word' id='word_1_79' title='bbox 1646 1136 1744 1207; x_wconf 76' lang='grc' dir='ltr'><strong>μὶν</strong></span> <span class='ocrx_word' id='word_1_80' title='bbox 1794 1138 1945 1205; x_wconf 79' lang='grc' dir='ltr'>νέους</span> 
     </span>
    </p>
   </div>
   <div class='ocr_carea' id='block_1_14' title="bbox 371 1213 1947 1299">
    <p class='ocr_par' dir='ltr' id='par_1_14' title="bbox 371 1213 1947 1299">
     <span class='ocr_line' id='line_1_14' title="bbox 371 1213 1947 1299; baseline 0.009 -33"><span class='ocrx_word' id='word_1_81' title='bbox 371 1213 577 1284; x_wconf 83' lang='grc' dir='ltr'>σφόδρα</span> <span class='ocrx_word' id='word_1_82' title='bbox 604 1216 702 1269; x_wconf 78' lang='grc' dir='ltr'><strong>καὶ</strong></span> <span class='ocrx_word' id='word_1_83' title='bbox 728 1216 855 1280; x_wconf 80' lang='grc' dir='ltr'>τοὺς</span> <span class='ocrx_word' id='word_1_84' title='bbox 885 1217 1172 1289; x_wconf 82' lang='grc' dir='ltr'>γέροντας,</span> <span class='ocrx_word' id='word_1_85' title='bbox 1200 1222 1346 1293; x_wconf 82' lang='grc' dir='ltr'>ἁμνὴ</span> <span class='ocrx_word' id='word_1_86' title='bbox 1357 1239 1523 1293; x_wconf 72' lang='grc' dir='ltr'>μονοις</span> <span class='ocrx_word' id='word_1_87' title='bbox 1559 1221 1698 1279; x_wconf 83' lang='grc' dir='ltr'>εἶναι</span> <span class='ocrx_word' id='word_1_88' title='bbox 1732 1241 1745 1255; x_wconf 92' lang='grc'><strong>·</strong></span> <span class='ocrx_word' id='word_1_89' title='bbox 1779 1227 1947 1299; x_wconf 77' lang='grc' dir='ltr'>ὑπορ-</span> 
     </span>
    </p>
   </div>
   <div class='ocr_carea' id='block_1_15' title="bbox 370 1306 1945 1388">
    <p class='ocr_par' dir='ltr' id='par_1_15' title="bbox 370 1306 1945 1388">
     <span class='ocr_line' id='line_1_15' title="bbox 370 1306 1945 1388; baseline 0.01 -30"><span class='ocrx_word' id='word_1_90' title='bbox 370 1306 486 1376; x_wconf 77' lang='grc' dir='ltr'>ῥεῖν</span> <span class='ocrx_word' id='word_1_91' title='bbox 511 1306 643 1379; x_wconf 82' lang='grc' dir='ltr'>γὰρ,</span> <span class='ocrx_word' id='word_1_92' title='bbox 668 1308 777 1381; x_wconf 79' lang='grc' dir='ltr'><strong>τῶν</strong></span> <span class='ocrx_word' id='word_1_93' title='bbox 803 1310 923 1379; x_wconf 74' lang='grc' dir='ltr'>μὲν,</span> <span class='ocrx_word' id='word_1_94' title='bbox 948 1310 1038 1366; x_wconf 81' lang='grc' dir='ltr'><strong>διὰ</strong></span> <span class='ocrx_word' id='word_1_95' title='bbox 1064 1311 1169 1383; x_wconf 79' lang='grc' dir='ltr'><strong>τὴν</strong></span> <span class='ocrx_word' id='word_1_96' title='bbox 1199 1311 1449 1385; x_wconf 78' lang='grc' dir='ltr'>αὔξησιν,</span> <span class='ocrx_word' id='word_1_97' title='bbox 1478 1315 1587 1370; x_wconf 91' lang='grc' dir='ltr'><strong>τῶν</strong></span> <span class='ocrx_word' id='word_1_98' title='bbox 1613 1316 1694 1381; x_wconf 76' lang='grc' dir='ltr'>δὲ,</span> <span class='ocrx_word' id='word_1_99' title='bbox 1726 1317 1814 1373; x_wconf 81' lang='grc' dir='ltr'><strong>διὰ</strong></span> <span class='ocrx_word' id='word_1_100' title='bbox 1847 1320 1945 1388; x_wconf 78' lang='grc' dir='ltr'>τὴν</span> 
     </span>
    </p>
   </div>
   <div class='ocr_carea' id='block_1_16' title="bbox 302 1396 1943 1479">
    <p class='ocr_par' dir='ltr' id='par_1_16' title="bbox 302 1396 1943 1479">
     <span class='ocr_line' id='line_1_16' title="bbox 302 1396 1943 1479; baseline 0.009 -31"><span class='ocrx_word' id='word_1_101' title='bbox 302 1408 307 1413; x_wconf 80' lang='lat'>&#39;</span> <span class='ocrx_word' id='word_1_102' title='bbox 368 1396 574 1465; x_wconf 89' lang='grc' dir='ltr'>φθίσιν.</span> <span class='ocrx_word' id='word_1_103' title='bbox 617 1398 851 1468; x_wconf 78' lang='grc' dir='ltr'><strong>Ὁμοίως</strong></span> <span class='ocrx_word' id='word_1_104' title='bbox 880 1400 939 1454; x_wconf 81' lang='grc' dir='ltr'>δὲ</span> <span class='ocrx_word' id='word_1_105' title='bbox 966 1403 1208 1466; x_wconf 77' lang='grc' dir='ltr'>καὶτοὺς</span> <span class='ocrx_word' id='word_1_106' title='bbox 1237 1403 1357 1459; x_wconf 85' lang='grc' dir='ltr'>λίαν</span> <span class='ocrx_word' id='word_1_107' title='bbox 1381 1409 1566 1476; x_wconf 83' lang='grc' dir='ltr'>ταχεῖς</span> <span class='ocrx_word' id='word_1_108' title='bbox 1612 1407 1646 1479; x_wconf 77' lang='grc' dir='ltr'><strong>ἡ</strong></span> <span class='ocrx_word' id='word_1_109' title='bbox 1684 1407 1901 1477; x_wconf 76' lang='grc' dir='ltr'>βραδεῖς</span> <span class='ocrx_word' id='word_1_110' title='bbox 1927 1423 1943 1440; x_wconf 85' lang='lat'><strong><em>°</em></strong></span> 
     </span>
    </p>
   </div>
   <div class='ocr_carea' id='block_1_17' title="bbox 364 1485 1942 1563">
    <p class='ocr_par' dir='ltr' id='par_1_17' title="bbox 364 1485 1942 1563">
     <span class='ocr_line' id='line_1_17' title="bbox 364 1485 1942 1563; baseline 0.008 -25"><span class='ocrx_word' id='word_1_111' title='bbox 364 1485 495 1548; x_wconf 70' lang='grc' dir='ltr'>τοὺς</span> <span class='ocrx_word' id='word_1_112' title='bbox 515 1485 625 1557; x_wconf 80' lang='grc' dir='ltr'><strong>γὰρ</strong></span> <span class='ocrx_word' id='word_1_113' title='bbox 658 1488 988 1559; x_wconf 80' lang='grc' dir='ltr'>ὑγροτέρους</span> <span class='ocrx_word' id='word_1_114' title='bbox 1044 1485 1186 1543; x_wconf 77' lang='grc' dir='ltr'>εἶναι</span> <span class='ocrx_word' id='word_1_115' title='bbox 1242 1490 1335 1544; x_wconf 87' lang='grc' dir='ltr'><strong>τοῦ</strong></span> <span class='ocrx_word' id='word_1_116' title='bbox 1385 1492 1618 1558; x_wconf 85' lang='grc' dir='ltr'><strong>δέοντος,</strong></span> <span class='ocrx_word' id='word_1_117' title='bbox 1682 1496 1809 1559; x_wconf 81' lang='grc' dir='ltr'>τοὺς</span> <span class='ocrx_word' id='word_1_118' title='bbox 1864 1496 1942 1563; x_wconf 72' lang='grc' dir='ltr'>δὲ,</span> 
     </span>
    </p>
   </div>
   <div class='ocr_carea' id='block_1_18' title="bbox 371 1575 1944 1656">
    <p class='ocr_par' dir='ltr' id='par_1_18' title="bbox 371 1575 1944 1656">
     <span class='ocr_line' id='line_1_18' title="bbox 371 1575 1944 1656; baseline 0.007 -29"><span class='ocrx_word' id='word_1_119' title='bbox 371 1575 768 1645; x_wconf 80' lang='grc' dir='ltr'><strong>σκληροτέρους</strong></span> <span class='ocrx_word' id='word_1_120' title='bbox 804 1592 817 1607; x_wconf 79' lang='grc'><em>’</em></span> <span class='ocrx_word' id='word_1_121' title='bbox 858 1579 954 1630; x_wconf 76' lang='grc' dir='ltr'><strong>καὶ</strong></span> <span class='ocrx_word' id='word_1_122' title='bbox 1002 1580 1115 1641; x_wconf 83' lang='grc' dir='ltr'>τοῖς</span> <span class='ocrx_word' id='word_1_123' title='bbox 1168 1579 1267 1649; x_wconf 82' lang='grc' dir='ltr'>μὲν</span> <span class='ocrx_word' id='word_1_124' title='bbox 1322 1580 1384 1633; x_wconf 84' lang='grc' dir='ltr'>οὐ</span> <span class='ocrx_word' id='word_1_125' title='bbox 1426 1582 1607 1652; x_wconf 82' lang='grc' dir='ltr'>μένειν</span> <span class='ocrx_word' id='word_1_126' title='bbox 1628 1584 1687 1637; x_wconf 82' lang='grc' dir='ltr'><strong>ὲν</strong></span> <span class='ocrx_word' id='word_1_127' title='bbox 1706 1587 1776 1655; x_wconf 81' lang='grc' dir='ltr'>τῇ</span> <span class='ocrx_word' id='word_1_128' title='bbox 1798 1584 1944 1656; x_wconf 81' lang='grc' dir='ltr'>ψυχῇ</span> 
     </span>
    </p>
   </div>
   <div class='ocr_carea' id='block_1_19' title="bbox 380 1663 1942 1746">
    <p class='ocr_par' dir='ltr' id='par_1_19' title="bbox 380 1663 1942 1746">
     <span class='ocr_line' id='line_1_19' title="bbox 380 1663 1942 1746; baseline 0.009 -29"><span class='ocrx_word' id='word_1_129' title='bbox 380 1663 453 1718; x_wconf 83' lang='grc' dir='ltr'>τὰ</span> <span class='ocrx_word' id='word_1_130' title='bbox 474 1666 863 1736; x_wconf 79' lang='grc' dir='ltr'>φαντάσματα,</span> <span class='ocrx_word' id='word_1_131' title='bbox 903 1667 1015 1722; x_wconf 87' lang='grc' dir='ltr'><strong>τῶν</strong></span> <span class='ocrx_word' id='word_1_132' title='bbox 1063 1668 1121 1722; x_wconf 82' lang='grc' dir='ltr'>δὲ</span> <span class='ocrx_word' id='word_1_133' title='bbox 1149 1669 1248 1741; x_wconf 86' lang='grc' dir='ltr'>οὐχ</span> <span class='ocrx_word' id='word_1_134' title='bbox 1279 1669 1545 1726; x_wconf 74' lang='grc' dir='ltr'>ἅπτεσθαι</span> <span class='ocrx_word' id='word_1_135' title='bbox 1572 1674 1634 1727; x_wconf 81' lang='grc' dir='ltr'>τὸ</span> <span class='ocrx_word' id='word_1_136' title='bbox 1662 1676 1942 1746; x_wconf 84' lang='grc' dir='ltr'>παράπαν.</span> 
     </span>
    </p>
   </div>
   <div class='ocr_carea' id='block_1_20' title="bbox 438 1926 1944 2004">
    <p class='ocr_par' dir='ltr' id='par_1_20' title="bbox 438 1926 1944 2004">
     <span class='ocr_line' id='line_1_20' title="bbox 438 1926 1944 2004; baseline 0.003 -24"><span class='ocrx_word' id='word_1_137' title='bbox 438 1926 763 1995; x_wconf 76' lang='grc' dir='ltr'>Πλάτωνος</span> <span class='ocrx_word' id='word_1_138' title='bbox 818 1929 891 1983; x_wconf 76' lang='grc' dir='ltr'><strong>ἐν</strong></span> <span class='ocrx_word' id='word_1_139' title='bbox 940 1931 1201 1998; x_wconf 72' lang='grc' dir='ltr'>Κρατύλ.</span> <span class='ocrx_word' id='word_1_140' title='bbox 1231 1960 1302 1971; x_wconf 92' lang='lat'><strong>—</strong></span> <span class='ocrx_word' id='word_1_141' title='bbox 1332 1932 1537 2003; x_wconf 87' lang='grc' dir='ltr'>Μνὴμη</span> <span class='ocrx_word' id='word_1_142' title='bbox 1601 1932 1777 2004; x_wconf 81' lang='grc' dir='ltr'><strong>πάντη</strong></span> <span class='ocrx_word' id='word_1_143' title='bbox 1842 1950 1944 1986; x_wconf 87' lang='grc' dir='ltr'><strong>που</strong></span> 
     </span>
    </p>
   </div>
   <div class='ocr_carea' id='block_1_21' title="bbox 372 2015 1940 2094">
    <p class='ocr_par' dir='ltr' id='par_1_21' title="bbox 372 2015 1940 2094">
     <span class='ocr_line' id='line_1_21' title="bbox 372 2015 1940 2094; baseline 0.007 -25"><span class='ocrx_word' id='word_1_144' title='bbox 372 2015 587 2089; x_wconf 79' lang='grc' dir='ltr'><strong>μηνύει,</strong></span> <span class='ocrx_word' id='word_1_145' title='bbox 614 2017 697 2072; x_wconf 84' lang='grc' dir='ltr'>ὅτι</span> <span class='ocrx_word' id='word_1_146' title='bbox 730 2020 866 2090; x_wconf 81' lang='grc' dir='ltr'>μονή</span> <span class='ocrx_word' id='word_1_147' title='bbox 894 2021 1043 2075; x_wconf 78' lang='grc' dir='ltr'>ἐστιν</span> <span class='ocrx_word' id='word_1_148' title='bbox 1072 2022 1132 2074; x_wconf 82' lang='grc' dir='ltr'><strong>ὲν</strong></span> <span class='ocrx_word' id='word_1_149' title='bbox 1168 2023 1236 2092; x_wconf 80' lang='grc' dir='ltr'>τῇ</span> <span class='ocrx_word' id='word_1_150' title='bbox 1292 2021 1464 2094; x_wconf 78' lang='grc' dir='ltr'>ψυχῇ,</span> <span class='ocrx_word' id='word_1_151' title='bbox 1512 2022 1627 2078; x_wconf 85' lang='grc' dir='ltr'>ἀλλ’</span> <span class='ocrx_word' id='word_1_152' title='bbox 1671 2024 1732 2076; x_wconf 78' lang='grc' dir='ltr'>οὐ</span> <span class='ocrx_word' id='word_1_153' title='bbox 1778 2025 1940 2094; x_wconf 83' lang='grc' dir='ltr'>φορά.</span> 
     </span>
    </p>
   </div>
   <div class='ocr_carea' id='block_1_22' title="bbox 441 2192 1942 2269">
    <p class='ocr_par' dir='ltr' id='par_1_22' title="bbox 441 2192 1942 2269">
     <span class='ocr_line' id='line_1_22' title="bbox 441 2192 1942 2269; baseline 0.003 -21"><span class='ocrx_word' id='word_1_154' title='bbox 441 2192 554 2267; x_wconf 82' lang='grc' dir='ltr'><strong>Τὴν</strong></span> <span class='ocrx_word' id='word_1_155' title='bbox 588 2193 820 2265; x_wconf 83' lang='grc' dir='ltr'><strong>κατοχὴν</strong></span> <span class='ocrx_word' id='word_1_156' title='bbox 851 2193 960 2247; x_wconf 87' lang='grc' dir='ltr'><strong>τῶν</strong></span> <span class='ocrx_word' id='word_1_157' title='bbox 1018 2197 1418 2268; x_wconf 80' lang='grc' dir='ltr'>φαντασμάτων</span> <span class='ocrx_word' id='word_1_158' title='bbox 1473 2198 1692 2269; x_wconf 84' lang='grc' dir='ltr'><strong>μνήμην</strong></span> <span class='ocrx_word' id='word_1_159' title='bbox 1740 2198 1942 2269; x_wconf 82' lang='grc' dir='ltr'><strong>ὀνομά-</strong></span> 
     </span>
    </p>
   </div>
   <div class='ocr_carea' id='block_1_23' title="bbox 370 2284 1940 2360">
    <p class='ocr_par' dir='ltr' id='par_1_23' title="bbox 370 2284 1940 2360">
     <span class='ocr_line' id='line_1_23' title="bbox 370 2284 1940 2360; baseline 0.003 -22"><span class='ocrx_word' id='word_1_160' title='bbox 370 2284 602 2350; x_wconf 75' lang='grc' dir='ltr'>ζεσθαιο</span> <span class='ocrx_word' id='word_1_161' title='bbox 646 2284 746 2355; x_wconf 85' lang='grc' dir='ltr'><strong>τὴν</strong></span> <span class='ocrx_word' id='word_1_162' title='bbox 802 2284 861 2338; x_wconf 78' lang='grc' dir='ltr'>δὲ</span> <span class='ocrx_word' id='word_1_163' title='bbox 916 2285 1258 2356; x_wconf 77' lang='grc' dir='ltr'>ἀναπόλησιν</span> <span class='ocrx_word' id='word_1_164' title='bbox 1299 2286 1524 2353; x_wconf 85' lang='grc' dir='ltr'>τούτων,</span> <span class='ocrx_word' id='word_1_165' title='bbox 1585 2287 1892 2360; x_wconf 85' lang='grc' dir='ltr'>ἀνάμνησιν</span> <span class='ocrx_word' id='word_1_166' title='bbox 1925 2302 1940 2320; x_wconf 87' lang='grc'><strong>·</strong></span> 
     </span>
    </p>
   </div>
   <div class='ocr_carea' id='block_1_24' title="bbox 370 2372 1943 2450">
    <p class='ocr_par' dir='ltr' id='par_1_24' title="bbox 370 2372 1943 2450">
     <span class='ocr_line' id='line_1_24' title="bbox 370 2372 1943 2450; baseline 0.006 -25"><span class='ocrx_word' id='word_1_167' title='bbox 370 2372 467 2426; x_wconf 77' lang='grc' dir='ltr'>καὶ</span> <span class='ocrx_word' id='word_1_168' title='bbox 513 2372 591 2435; x_wconf 82' lang='grc' dir='ltr'>ὡς</span> <span class='ocrx_word' id='word_1_169' title='bbox 644 2374 739 2426; x_wconf 74' lang='grc' dir='ltr'><strong>ἐπὶ</strong></span> <span class='ocrx_word' id='word_1_170' title='bbox 785 2373 943 2439; x_wconf 84' lang='grc' dir='ltr'>πολὺ,</span> <span class='ocrx_word' id='word_1_171' title='bbox 999 2376 1470 2447; x_wconf 85' lang='grc' dir='ltr'>μνημονεστέρους</span> <span class='ocrx_word' id='word_1_172' title='bbox 1518 2379 1619 2448; x_wconf 85' lang='grc' dir='ltr'>μὲν</span> <span class='ocrx_word' id='word_1_173' title='bbox 1677 2379 1943 2450; x_wconf 80' lang='grc' dir='ltr'>ὑπάρχειν</span> 
     </span>
    </p>
   </div>
   <div class='ocr_carea' id='block_1_25' title="bbox 368 2461 1943 2549">
    <p class='ocr_par' dir='ltr' id='par_1_25' title="bbox 368 2461 1943 2549">
     <span class='ocr_line' id='line_1_25' title="bbox 368 2461 1943 2549; baseline 0.004 -35"><span class='ocrx_word' id='word_1_174' title='bbox 368 2462 496 2526; x_wconf 83' lang='grc' dir='ltr'>τοὺς</span> <span class='ocrx_word' id='word_1_175' title='bbox 527 2461 744 2533; x_wconf 85' lang='grc' dir='ltr'>βραδεῖς</span> <span class='ocrx_word' id='word_1_176' title='bbox 769 2479 785 2494; x_wconf 81' lang='grc' dir='ltr'><strong>ο</strong></span> <span class='ocrx_word' id='word_1_177' title='bbox 816 2465 1401 2536; x_wconf 80' lang='grc' dir='ltr'>ἀναμνηστικωτέρους</span> <span class='ocrx_word' id='word_1_178' title='bbox 1451 2467 1529 2532; x_wconf 87' lang='grc' dir='ltr'>δὲ,</span> <span class='ocrx_word' id='word_1_179' title='bbox 1582 2469 1708 2532; x_wconf 83' lang='grc' dir='ltr'>τοὺς</span> <span class='ocrx_word' id='word_1_180' title='bbox 1757 2471 1943 2549; x_wconf 81' lang='grc' dir='ltr'>ταχεῖς</span> 
     </span>
    </p>
   </div>
   <div class='ocr_carea' id='block_1_26' title="bbox 369 2550 760 2620">
    <p class='ocr_par' dir='ltr' id='par_1_26' title="bbox 369 2550 760 2620">
     <span class='ocr_line' id='line_1_26' title="bbox 369 2550 760 2620; baseline 0.008 -18"><span class='ocrx_word' id='word_1_181' title='bbox 369 2550 462 2603; x_wconf 76' lang='grc' dir='ltr'>καὶ</span> <span class='ocrx_word' id='word_1_182' title='bbox 480 2550 760 2620; x_wconf 83' lang='grc' dir='ltr'><strong>εὐμαθεῖς.</strong></span> 
     </span>
    </p>
   </div>
   <div class='ocr_carea' id='block_1_27' title="bbox 436 2641 1941 2717">
    <p class='ocr_par' dir='ltr' id='par_1_27' title="bbox 436 2641 1941 2717">
     <span class='ocr_line' id='line_1_27' title="bbox 436 2641 1941 2717; baseline 0.003 -23"><span class='ocrx_word' id='word_1_183' title='bbox 436 2643 682 2709; x_wconf 74' lang='grc' dir='ltr'>Χαρικλ.</span> <span class='ocrx_word' id='word_1_184' title='bbox 713 2642 966 2711; x_wconf 86' lang='grc' dir='ltr'><strong>-Μέγα</strong></span> <span class='ocrx_word' id='word_1_185' title='bbox 1011 2641 1122 2712; x_wconf 84' lang='grc' dir='ltr'>γὰρ</span> <span class='ocrx_word' id='word_1_186' title='bbox 1189 2644 1271 2706; x_wconf 83' lang='grc' dir='ltr'><strong>είς</strong></span> <span class='ocrx_word' id='word_1_187' title='bbox 1323 2643 1492 2714; x_wconf 83' lang='grc' dir='ltr'>λήθην</span> <span class='ocrx_word' id='word_1_188' title='bbox 1527 2644 1732 2710; x_wconf 86' lang='grc' dir='ltr'><strong>κακῶν,</strong></span> <span class='ocrx_word' id='word_1_189' title='bbox 1784 2645 1820 2717; x_wconf 89' lang='grc' dir='ltr'><strong>ἡ</strong></span> <span class='ocrx_word' id='word_1_190' title='bbox 1872 2645 1941 2699; x_wconf 88' lang='grc' dir='ltr'><strong>δι’</strong></span> 
     </span>
    </p>
   </div>
   <div class='ocr_carea' id='block_1_28' title="bbox 367 2729 1746 2807">
    <p class='ocr_par' dir='ltr' id='par_1_28' title="bbox 367 2729 1746 2807">
     <span class='ocr_line' id='line_1_28' title="bbox 367 2729 1746 2807; baseline 0.004 -24"><span class='ocrx_word' id='word_1_191' title='bbox 367 2729 657 2803; x_wconf 80' lang='grc' dir='ltr'>ὀφθαλμῶν</span> <span class='ocrx_word' id='word_1_192' title='bbox 681 2732 779 2803; x_wconf 84' lang='grc' dir='ltr'>τῆς</span> <span class='ocrx_word' id='word_1_193' title='bbox 801 2731 979 2802; x_wconf 77' lang='grc' dir='ltr'>ψυχῆς</span> <span class='ocrx_word' id='word_1_194' title='bbox 1002 2732 1308 2806; x_wconf 82' lang='grc' dir='ltr'>ὑπόμνησις</span> <span class='ocrx_word' id='word_1_195' title='bbox 1332 2734 1746 2807; x_wconf 74' lang='grc' dir='ltr'>ἀμαυρουμένη.</span> 
     </span>
    </p>
   </div>
   <div class='ocr_carea' id='block_1_29' title="bbox 448 2905 1943 2983">
    <p class='ocr_par' dir='ltr' id='par_1_29' title="bbox 448 2905 1943 2983">
     <span class='ocr_line' id='line_1_29' title="bbox 448 2905 1943 2983; baseline 0.005 -24"><span class='ocrx_word' id='word_1_196' title='bbox 448 2906 551 2959; x_wconf 81' lang='grc' dir='ltr'>Ἐκ</span> <span class='ocrx_word' id='word_1_197' title='bbox 608 2905 731 2960; x_wconf 73' lang='grc' dir='ltr'>τῶν</span> <span class='ocrx_word' id='word_1_198' title='bbox 792 2906 1169 2977; x_wconf 81' lang='grc' dir='ltr'>Ἐπικτήτου.</span> <span class='ocrx_word' id='word_1_199' title='bbox 1200 2938 1273 2951; x_wconf 95' lang='grc'><strong><em>-</em></strong></span> <span class='ocrx_word' id='word_1_200' title='bbox 1305 2909 1677 2964; x_wconf 80' lang='grc' dir='ltr'>Ἀνανεούσθω</span> <span class='ocrx_word' id='word_1_201' title='bbox 1726 2912 1755 2964; x_wconf 83' lang='grc'>6</span> <span class='ocrx_word' id='word_1_202' title='bbox 1812 2913 1943 2983; x_wconf 75' lang='grc' dir='ltr'>περὶ</span> 
     </span>
    </p>
   </div>
   <div class='ocr_carea' id='block_1_30' title="bbox 367 2995 1691 3072">
    <p class='ocr_par' dir='ltr' id='par_1_30' title="bbox 367 2995 1691 3072">
     <span class='ocr_line' id='line_1_30' title="bbox 367 2995 1691 3072; baseline 0.008 -24"><span class='ocrx_word' id='word_1_203' title='bbox 367 2995 504 3049; x_wconf 83' lang='grc' dir='ltr'><strong>Θεοῦ</strong></span> <span class='ocrx_word' id='word_1_204' title='bbox 530 2996 686 3065; x_wconf 87' lang='grc' dir='ltr'>λόγος</span> <span class='ocrx_word' id='word_1_205' title='bbox 715 2997 841 3053; x_wconf 86' lang='grc' dir='ltr'>καθ’</span> <span class='ocrx_word' id='word_1_206' title='bbox 874 3000 1110 3071; x_wconf 77' lang='grc' dir='ltr'>ἡμέραν,</span> <span class='ocrx_word' id='word_1_207' title='bbox 1138 3001 1340 3071; x_wconf 80' lang='grc' dir='ltr'>μᾶλλον</span> <span class='ocrx_word' id='word_1_208' title='bbox 1371 3001 1404 3072; x_wconf 79' lang='grc' dir='ltr'>ἢ</span> <span class='ocrx_word' id='word_1_209' title='bbox 1432 3001 1503 3055; x_wconf 82' lang='grc' dir='ltr'><strong>τὰ</strong></span> <span class='ocrx_word' id='word_1_210' title='bbox 1524 3003 1691 3058; x_wconf 83' lang='grc' dir='ltr'>σιτία.</span> 
     </span>
    </p>
   </div>
   <div class='ocr_carea' id='block_1_31' title="bbox 434 3082 1623 3164">
    <p class='ocr_par' dir='ltr' id='par_1_31' title="bbox 434 3082 1623 3164">
     <span class='ocr_line' id='line_1_31' title="bbox 434 3082 1623 3164; baseline 0.007 -24"><span class='ocrx_word' id='word_1_211' title='bbox 434 3088 828 3161; x_wconf 85' lang='grc' dir='ltr'>Συνεχέστερον</span> <span class='ocrx_word' id='word_1_212' title='bbox 857 3091 969 3145; x_wconf 86' lang='grc' dir='ltr'>νόει</span> <span class='ocrx_word' id='word_1_213' title='bbox 999 3082 1090 3146; x_wconf 79' lang='grc' dir='ltr'>τὸν</span> <span class='ocrx_word' id='word_1_214' title='bbox 1120 3093 1275 3158; x_wconf 81' lang='grc' dir='ltr'>Θεὸν,</span> <span class='ocrx_word' id='word_1_215' title='bbox 1306 3094 1340 3164; x_wconf 83' lang='grc' dir='ltr'><strong>ἡ</strong></span> <span class='ocrx_word' id='word_1_216' title='bbox 1376 3092 1623 3148; x_wconf 84' lang='grc' dir='ltr'>ἀνάπνει.</span> 
     </span>
    </p>
   </div>
   <div class='ocr_carea' id='block_1_32' title="bbox 447 3180 1937 3261">
    <p class='ocr_par' dir='ltr' id='par_1_32' title="bbox 447 3180 1937 3261">
     <span class='ocr_line' id='line_1_32' title="bbox 447 3180 1937 3261; baseline 0.003 -27"><span class='ocrx_word' id='word_1_217' title='bbox 447 3180 572 3235; x_wconf 79' lang='grc' dir='ltr'><strong>Ἐὰν</strong></span> <span class='ocrx_word' id='word_1_218' title='bbox 602 3182 691 3237; x_wconf 78' lang='grc' dir='ltr'><strong>ἀεὶ</strong></span> <span class='ocrx_word' id='word_1_219' title='bbox 723 3183 1089 3258; x_wconf 84' lang='grc' dir='ltr'>μνημονεύῃς,</span> <span class='ocrx_word' id='word_1_220' title='bbox 1124 3185 1206 3241; x_wconf 80' lang='grc' dir='ltr'>ὅτι</span> <span class='ocrx_word' id='word_1_221' title='bbox 1236 3181 1282 3254; x_wconf 84' lang='grc' dir='ltr'><strong>ᾧ</strong></span> <span class='ocrx_word' id='word_1_222' title='bbox 1329 3184 1537 3261; x_wconf 72' lang='grc' dir='ltr'><strong>ἐργάζῃ</strong></span> <span class='ocrx_word' id='word_1_223' title='bbox 1568 3186 1709 3242; x_wconf 79' lang='grc' dir='ltr'>κατὰ</span> <span class='ocrx_word' id='word_1_224' title='bbox 1760 3185 1937 3257; x_wconf 78' lang='grc' dir='ltr'>ψυχὴν</span> 
     </span>
    </p>
   </div>
   <div class='ocr_carea' id='block_1_33' title="bbox 363 3270 1935 3349">
    <p class='ocr_par' dir='ltr' id='par_1_33' title="bbox 363 3270 1935 3349">
     <span class='ocr_line' id='line_1_33' title="bbox 363 3270 1935 3349; baseline 0.005 -26"><span class='ocrx_word' id='word_1_225' title='bbox 363 3270 597 3343; x_wconf 78' lang='grc' dir='ltr'>ἢσῶμα</span> <span class='ocrx_word' id='word_1_226' title='bbox 628 3272 761 3338; x_wconf 81' lang='grc' dir='ltr'><strong>Θεὸς</strong></span> <span class='ocrx_word' id='word_1_227' title='bbox 812 3274 1161 3348; x_wconf 82' lang='grc' dir='ltr'>παρέστηκεν</span> <span class='ocrx_word' id='word_1_228' title='bbox 1211 3276 1428 3349; x_wconf 72' lang='grc' dir='ltr'>ἔφορος,</span> <span class='ocrx_word' id='word_1_229' title='bbox 1482 3278 1542 3332; x_wconf 77' lang='grc' dir='ltr'><strong>ὲν</strong></span> <span class='ocrx_word' id='word_1_230' title='bbox 1592 3279 1795 3341; x_wconf 82' lang='grc' dir='ltr'>πάσαις</span> <span class='ocrx_word' id='word_1_231' title='bbox 1842 3295 1935 3331; x_wconf 87' lang='grc' dir='ltr'><strong>σου</strong></span> 
     </span>
    </p>
   </div>
   <div class='ocr_carea' id='block_1_34' title="bbox 360 3365 1932 3441">
    <p class='ocr_par' dir='ltr' id='par_1_34' title="bbox 360 3365 1932 3441">
     <span class='ocr_line' id='line_1_34' title="bbox 360 3365 1932 3441; baseline 0.01 -25"><span class='ocrx_word' id='word_1_232' title='bbox 360 3365 481 3426; x_wconf 81' lang='grc' dir='ltr'>ταῖς</span> <span class='ocrx_word' id='word_1_233' title='bbox 517 3365 849 3434; x_wconf 85' lang='grc' dir='ltr'>προσευχαῖς</span> <span class='ocrx_word' id='word_1_234' title='bbox 885 3366 981 3418; x_wconf 79' lang='grc' dir='ltr'>καὶ</span> <span class='ocrx_word' id='word_1_235' title='bbox 1000 3368 1123 3430; x_wconf 89' lang='grc' dir='ltr'>ταῖς</span> <span class='ocrx_word' id='word_1_236' title='bbox 1147 3367 1432 3437; x_wconf 81' lang='grc' dir='ltr'>πράξεσιν,</span> <span class='ocrx_word' id='word_1_237' title='bbox 1458 3368 1520 3422; x_wconf 70' lang='grc' dir='ltr'>οὐ</span> <span class='ocrx_word' id='word_1_238' title='bbox 1553 3368 1629 3438; x_wconf 85' lang='grc' dir='ltr'><strong>μὴ</strong></span> <span class='ocrx_word' id='word_1_239' title='bbox 1660 3367 1932 3441; x_wconf 76' lang='grc' dir='ltr'><strong>ἁμάρτῃς·</strong></span> 
     </span>
    </p>
   </div>
   <div class='ocr_carea' id='block_1_35' title="bbox 359 3453 1164 3520">
    <p class='ocr_par' dir='ltr' id='par_1_35' title="bbox 359 3453 1164 3520">
     <span class='ocr_line' id='line_1_35' title="bbox 359 3453 1164 3520; baseline 0.009 -12"><span class='ocrx_word' id='word_1_240' title='bbox 359 3453 502 3520; x_wconf 62' lang='grc' dir='ltr'>ἕξεις</span> <span class='ocrx_word' id='word_1_241' title='bbox 527 3455 585 3509; x_wconf 77' lang='grc' dir='ltr'>δὲ</span> <span class='ocrx_word' id='word_1_242' title='bbox 611 3457 704 3511; x_wconf 82' lang='grc' dir='ltr'>τὸν</span> <span class='ocrx_word' id='word_1_243' title='bbox 730 3457 865 3512; x_wconf 84' lang='grc' dir='ltr'><strong>Θεὸν</strong></span> <span class='ocrx_word' id='word_1_244' title='bbox 897 3458 1164 3517; x_wconf 83' lang='grc' dir='ltr'>σύνοικον.</span> 
     </span>
    </p>
   </div>
   <div class='ocr_carea' id='block_1_36' title="bbox 440 3632 1931 3719">
    <p class='ocr_par' dir='ltr' id='par_1_36' title="bbox 440 3632 1931 3719">
     <span class='ocr_line' id='line_1_36' title="bbox 440 3632 1931 3719; baseline 0.009 -31"><span class='ocrx_word' id='word_1_245' title='bbox 440 3632 529 3695; x_wconf 84' lang='grc' dir='ltr'>Ὦς</span> <span class='ocrx_word' id='word_1_246' title='bbox 549 3635 648 3705; x_wconf 83' lang='grc' dir='ltr'><strong>ἡδὺ</strong></span> <span class='ocrx_word' id='word_1_247' title='bbox 673 3636 773 3708; x_wconf 76' lang='grc' dir='ltr'>τὴν</span> <span class='ocrx_word' id='word_1_248' title='bbox 801 3637 1078 3693; x_wconf 79' lang='grc' dir='ltr'>θάλασσαν</span> <span class='ocrx_word' id='word_1_249' title='bbox 1114 3639 1224 3719; x_wconf 77' lang='grc' dir='ltr'>ᾁπὺ</span> <span class='ocrx_word' id='word_1_250' title='bbox 1266 3641 1370 3712; x_wconf 85' lang='grc' dir='ltr'><strong>γῆς</strong></span> <span class='ocrx_word' id='word_1_251' title='bbox 1404 3643 1560 3714; x_wconf 74' lang='grc' dir='ltr'>ὁρᾷν,</span> <span class='ocrx_word' id='word_1_252' title='bbox 1613 3642 1787 3709; x_wconf 79' lang='grc' dir='ltr'>οὕτως</span> <span class='ocrx_word' id='word_1_253' title='bbox 1833 3647 1931 3717; x_wconf 84' lang='grc' dir='ltr'><strong>ἡδὺ</strong></span> 
     </span>
    </p>
   </div>
   <div class='ocr_carea' id='block_1_37' title="bbox 356 3722 1409 3799">
    <p class='ocr_par' dir='ltr' id='par_1_37' title="bbox 356 3722 1409 3799">
     <span class='ocr_line' id='line_1_37' title="bbox 356 3722 1409 3799; baseline 0.008 -21"><span class='ocrx_word' id='word_1_254' title='bbox 356 3722 438 3795; x_wconf 80' lang='grc' dir='ltr'><strong>τῷ</strong></span> <span class='ocrx_word' id='word_1_255' title='bbox 467 3724 696 3781; x_wconf 77' lang='grc' dir='ltr'>σωθέντι</span> <span class='ocrx_word' id='word_1_256' title='bbox 729 3728 1040 3799; x_wconf 83' lang='grc' dir='ltr'>μεμνῆσθαι</span> <span class='ocrx_word' id='word_1_257' title='bbox 1074 3730 1184 3783; x_wconf 89' lang='grc' dir='ltr'><strong>τῶν</strong></span> <span class='ocrx_word' id='word_1_258' title='bbox 1207 3731 1409 3786; x_wconf 84' lang='grc' dir='ltr'>πόνων.</span> 
     </span>
    </p>
   </div>
   <div class='ocr_carea' id='block_1_38' title="bbox 918 3846 1369 3906">
    <p class='ocr_par' dir='ltr' id='par_1_38' title="bbox 918 3846 1369 3906">
     <span class='ocr_line' id='line_1_38' title="bbox 918 3846 1369 3906; baseline 0.016 -7"><span class='ocrx_word' id='word_1_259' title='bbox 918 3846 1132 3901; x_wconf 84' lang='grc' dir='ltr'><strong>ΛΟΓΟΣ</strong></span> <span class='ocrx_word' id='word_1_260' title='bbox 1163 3848 1267 3902; x_wconf 80' lang='lat' dir='ltr'><strong>NI&quot;</strong></span> <span class='ocrx_word' id='word_1_261' title='bbox 1305 3850 1369 3906; x_wconf 83' lang='grc'><strong>¹⁷.</strong></span> 
     </span>
    </p>
   </div>
   <div class='ocr_carea' id='block_1_39' title="bbox 943 3929 1393 4008">
    <p class='ocr_par' dir='ltr' id='par_1_39' title="bbox 943 3929 1393 4008">
     <span class='ocr_line' id='line_1_39' title="bbox 943 3929 1393 4008; baseline 0 -3"><span class='ocrx_word' id='word_1_262' title='bbox 943 3936 1086 4005; x_wconf 72' lang='grc' dir='ltr'>Περὶ</span> <span class='ocrx_word' id='word_1_263' title='bbox 1113 3938 1344 4008; x_wconf 69' lang='grc' dir='ltr'>ψυχῆς.</span> <span class='ocrx_word' id='word_1_264' title='bbox 1389 3929 1393 3932; x_wconf 71' lang='grc'><strong>’</strong></span> 
     </span>
    </p>
   </div>
   <div class='ocr_carea' id='block_1_40' title="bbox 423 4023 1928 4102">
    <p class='ocr_par' dir='ltr' id='par_1_40' title="bbox 423 4023 1928 4102">
     <span class='ocr_line' id='line_1_40' title="bbox 423 4023 1928 4102; baseline 0.009 -26"><span class='ocrx_word' id='word_1_265' title='bbox 423 4023 607 4078; x_wconf 85' lang='grc' dir='ltr'>Ματθ.</span> <span class='ocrx_word' id='word_1_266' title='bbox 640 4028 695 4079; x_wconf 87' lang='grc' dir='ltr'><strong>ι’.</strong></span> <span class='ocrx_word' id='word_1_267' title='bbox 728 4053 799 4065; x_wconf 90' lang='grc'><strong><em>-</em></strong></span> <span class='ocrx_word' id='word_1_268' title='bbox 837 4024 895 4078; x_wconf 86' lang='lat'><strong>&#39;0</strong></span> <span class='ocrx_word' id='word_1_269' title='bbox 928 4026 1105 4096; x_wconf 81' lang='grc' dir='ltr'><strong>εὑρὼν</strong></span> <span class='ocrx_word' id='word_1_270' title='bbox 1145 4028 1243 4100; x_wconf 85' lang='grc' dir='ltr'>τὴν</span> <span class='ocrx_word' id='word_1_271' title='bbox 1272 4029 1452 4102; x_wconf 77' lang='grc' dir='ltr'>ψυχὴν</span> <span class='ocrx_word' id='word_1_272' title='bbox 1484 4031 1648 4086; x_wconf 81' lang='grc' dir='ltr'>αὐτοῦ</span> <span class='ocrx_word' id='word_1_273' title='bbox 1677 4035 1928 4090; x_wconf 74' lang='grc' dir='ltr'>ἀπολέσει</span> 
     </span>
    </p>
   </div>
   <div class='ocr_carea' id='block_1_41' title="bbox 352 4112 1929 4198">
    <p class='ocr_par' dir='ltr' id='par_1_41' title="bbox 352 4112 1929 4198">
     <span class='ocr_line' id='line_1_41' title="bbox 352 4112 1929 4198; baseline 0.011 -33"><span class='ocrx_word' id='word_1_274' title='bbox 352 4112 525 4183; x_wconf 84' lang='grc' dir='ltr'>αὐτήν</span> <span class='ocrx_word' id='word_1_275' title='bbox 555 4127 572 4143; x_wconf 87' lang='grc'><strong>·</strong></span> <span class='ocrx_word' id='word_1_276' title='bbox 612 4114 709 4169; x_wconf 79' lang='grc' dir='ltr'>καὶ</span> <span class='ocrx_word' id='word_1_277' title='bbox 735 4116 765 4169; x_wconf 91' lang='lat'><strong>6</strong></span> <span class='ocrx_word' id='word_1_278' title='bbox 787 4115 1062 4182; x_wconf 80' lang='grc' dir='ltr'>ἀπολέσας</span> <span class='ocrx_word' id='word_1_279' title='bbox 1103 4120 1278 4191; x_wconf 82' lang='grc' dir='ltr'>αὐτὴν</span> <span class='ocrx_word' id='word_1_280' title='bbox 1310 4121 1495 4177; x_wconf 75' lang='grc' dir='ltr'>ἕνεκεν</span> <span class='ocrx_word' id='word_1_281' title='bbox 1527 4124 1682 4194; x_wconf 82' lang='grc' dir='ltr'>ἐμοῦ,</span> <span class='ocrx_word' id='word_1_282' title='bbox 1708 4127 1929 4198; x_wconf 80' lang='grc' dir='ltr'>εὑρήσει</span> 
     </span>
    </p>
   </div>
   <div class='ocr_carea' id='block_1_42' title="bbox 350 4204 544 4260">
    <p class='ocr_par' dir='ltr' id='par_1_42' title="bbox 350 4204 544 4260">
     <span class='ocr_line' id='line_1_42' title="bbox 350 4204 544 4260; baseline 0.015 -3"><span class='ocrx_word' id='word_1_283' title='bbox 350 4204 544 4260; x_wconf 82' lang='grc' dir='ltr'>αὐτήν.</span> 
     </span>
    </p>
   </div>
   <div class='ocr_carea' id='block_1_43' title="bbox 303 4206 1927 4378">
    <p class='ocr_par' dir='ltr' id='par_1_43' title="bbox 303 4206 1927 4378">
     <span class='ocr_line' id='line_1_43' title="bbox 350 4206 544 4260; baseline 0.015 -4"><span class='ocrx_word' id='word_1_284' title='bbox 350 4206 454 4257; x_wconf 82' lang='grc' dir='ltr'>αὐτ</span> <span class='ocrx_word' id='word_1_285' title='bbox 495 4221 544 4260; x_wconf 83' lang='grc' dir='ltr'>ν.</span> 
     </span>
     <span class='ocr_line' id='line_1_44' title="bbox 303 4206 1927 4378; baseline 0.01 -30"><span class='ocrx_word' id='word_1_286' title='bbox 303 4299 309 4306; x_wconf 90' lang='grc'><em>’</em></span> <span class='ocrx_word' id='word_1_287' title='bbox 421 4206 641 4364; x_wconf 48' lang='grc' dir='ltr'><strong>ιζ’]Κορ.</strong></span> <span class='ocrx_word' id='word_1_288' title='bbox 692 4296 763 4352; x_wconf 75' lang='grc' dir='ltr'>δ’.</span> <span class='ocrx_word' id='word_1_289' title='bbox 790 4327 867 4348; x_wconf 93' lang='grc'>-.</span> <span class='ocrx_word' id='word_1_290' title='bbox 892 4299 956 4352; x_wconf 82' lang='lat' dir='ltr'><strong>Ei</strong></span> <span class='ocrx_word' id='word_1_291' title='bbox 1008 4300 1104 4354; x_wconf 77' lang='grc' dir='ltr'>καὶ</span> <span class='ocrx_word' id='word_1_292' title='bbox 1173 4302 1203 4354; x_wconf 89' lang='lat'><strong>6</strong></span> <span class='ocrx_word' id='word_1_293' title='bbox 1268 4302 1374 4370; x_wconf 77' lang='grc' dir='ltr'><strong>ἔξω</strong></span> <span class='ocrx_word' id='word_1_294' title='bbox 1429 4307 1586 4377; x_wconf 82' lang='grc' dir='ltr'>ἡμῶν</span> <span class='ocrx_word' id='word_1_295' title='bbox 1640 4308 1927 4378; x_wconf 75' lang='grc' dir='ltr'>ἄνθρωπος</span> 
     </span>
    </p>
   </div>
   <div class='ocr_carea' id='block_1_44' title="bbox 2046 503 3617 577">
    <p class='ocr_par' dir='ltr' id='par_1_44' title="bbox 2046 503 3617 577">
     <span class='ocr_line' id='line_1_45' title="bbox 2046 503 3617 577; baseline 0.005 -21"><span class='ocrx_word' id='word_1_296' title='bbox 2046 503 2174 573; x_wconf 78' lang='lat' dir='ltr'><strong>gine</strong></span> <span class='ocrx_word' id='word_1_297' title='bbox 2206 505 2405 572; x_wconf 87' lang='lat' dir='ltr'><strong>posita,</strong></span> <span class='ocrx_word' id='word_1_298' title='bbox 2437 505 2632 560; x_wconf 85' lang='lat' dir='ltr'><strong>adesse</strong></span> <span class='ocrx_word' id='word_1_299' title='bbox 2687 521 2809 561; x_wconf 86' lang='lat' dir='ltr'><strong>eum</strong></span> <span class='ocrx_word' id='word_1_300' title='bbox 2846 515 3006 577; x_wconf 94' lang='lat' dir='ltr'><strong>putat</strong></span> <span class='ocrx_word' id='word_1_301' title='bbox 3042 509 3137 577; x_wconf 90' lang='lat' dir='ltr'><strong>qui</strong></span> <span class='ocrx_word' id='word_1_302' title='bbox 3174 509 3472 566; x_wconf 81' lang='lat' dir='ltr'><strong>&#39;del‘unctus</strong></span> <span class='ocrx_word' id='word_1_303' title='bbox 3523 513 3617 576; x_wconf 86' lang='lat' dir='ltr'><strong>sit,</strong></span> 
     </span>
    </p>
   </div>
   <div class='ocr_carea' id='block_1_45' title="bbox 2046 594 3619 663">
    <p class='ocr_par' dir='ltr' id='par_1_45' title="bbox 2046 594 3619 663">
     <span class='ocr_line' id='line_1_46' title="bbox 2046 594 3619 663; baseline 0.004 -16"><span class='ocrx_word' id='word_1_304' title='bbox 2046 608 2224 663; x_wconf 82' lang='lat' dir='ltr'><strong>exque</strong></span> <span class='ocrx_word' id='word_1_305' title='bbox 2250 594 2479 649; x_wconf 88' lang='lat' dir='ltr'><strong>inanimi</strong></span> <span class='ocrx_word' id='word_1_306' title='bbox 2502 595 2822 663; x_wconf 88' lang='lat' dir='ltr'><strong>simulacro,</strong></span> <span class='ocrx_word' id='word_1_307' title='bbox 2853 612 2917 651; x_wconf 89' lang='lat' dir='ltr'><strong>ac</strong></span> <span class='ocrx_word' id='word_1_308' title='bbox 2939 598 2985 652; x_wconf 90' lang='lat' dir='ltr'><strong>si</strong></span> <span class='ocrx_word' id='word_1_309' title='bbox 3007 612 3192 652; x_wconf 91' lang='lat' dir='ltr'><strong>coram</strong></span> <span class='ocrx_word' id='word_1_310' title='bbox 3214 598 3430 654; x_wconf 79' lang='lat' dir='ltr'><strong>videret</strong></span> <span class='ocrx_word' id='word_1_311' title='bbox 3450 600 3619 654; x_wconf 89' lang='lat' dir='ltr'><strong>animi</strong></span> 
     </span>
    </p>
   </div>
   <div class='ocr_carea' id='block_1_46' title="bbox 2047 684 3619 758">
    <p class='ocr_par' dir='ltr' id='par_1_46' title="bbox 2047 684 3619 758">
     <span class='ocr_line' id='line_1_47' title="bbox 2047 684 3619 758; baseline 0.004 -21"><span class='ocrx_word' id='word_1_312' title='bbox 2047 684 2382 754; x_wconf 72' lang='lat' dir='ltr'><strong>cogitatione</strong></span> <span class='ocrx_word' id='word_1_313' title='bbox 2416 685 2692 753; x_wconf 87' lang='lat' dir='ltr'><strong>delineat;</strong></span> <span class='ocrx_word' id='word_1_314' title='bbox 2725 696 2936 756; x_wconf 88' lang='lat' dir='ltr'><strong>quanto</strong></span> <span class='ocrx_word' id='word_1_315' title='bbox 2974 688 3147 758; x_wconf 82' lang='lat' dir='ltr'><strong>magis</strong></span> <span class='ocrx_word' id='word_1_316' title='bbox 3184 705 3285 743; x_wconf 88' lang='lat' dir='ltr'><strong>nos</strong></span> <span class='ocrx_word' id='word_1_317' title='bbox 3306 689 3619 744; x_wconf 88' lang='lat' dir='ltr'><strong>divinarum</strong></span> 
     </span>
    </p>
   </div>
   <div class='ocr_carea' id='block_1_47' title="bbox 2047 772 3617 849">
    <p class='ocr_par' dir='ltr' id='par_1_47' title="bbox 2047 772 3617 849">
     <span class='ocr_line' id='line_1_48' title="bbox 2047 772 3617 849; baseline 0.004 -19"><span class='ocrx_word' id='word_1_318' title='bbox 2047 772 2459 845; x_wconf 72' lang='lat' dir='ltr'><strong>Scripturarum</strong></span> <span class='ocrx_word' id='word_1_319' title='bbox 2505 793 2632 846; x_wconf 91' lang='lat' dir='ltr'><strong>ope,</strong></span> <span class='ocrx_word' id='word_1_320' title='bbox 2666 787 2985 834; x_wconf 89' lang='lat' dir='ltr'><strong>sanctorum</strong></span> <span class='ocrx_word' id='word_1_321' title='bbox 3030 781 3319 849; x_wconf 71' lang='lat' dir='ltr'><strong>pmsentia</strong></span> <span class='ocrx_word' id='word_1_322' title='bbox 3361 781 3617 845; x_wconf 84' lang='lat' dir='ltr'><strong>fruimur,</strong></span> 
     </span>
    </p>
   </div>
   <div class='ocr_carea' id='block_1_48' title="bbox 2047 866 3617 941">
    <p class='ocr_par' dir='ltr' id='par_1_48' title="bbox 2047 866 3617 941">
     <span class='ocr_line' id='line_1_49' title="bbox 2047 866 3617 941; baseline 0.004 -21"><span class='ocrx_word' id='word_1_323' title='bbox 2047 866 2250 935; x_wconf 90' lang='lat' dir='ltr'><strong>quibus</strong></span> <span class='ocrx_word' id='word_1_324' title='bbox 2274 882 2385 921; x_wconf 90' lang='lat' dir='ltr'><strong>non</strong></span> <span class='ocrx_word' id='word_1_325' title='bbox 2415 869 2527 937; x_wconf 88' lang='lat' dir='ltr'><strong>jam</strong></span> <span class='ocrx_word' id='word_1_326' title='bbox 2554 869 2798 937; x_wconf 90' lang='lat' dir='ltr'><strong>ipsorum</strong></span> <span class='ocrx_word' id='word_1_327' title='bbox 2847 885 3144 939; x_wconf 82' lang='lat' dir='ltr'><strong>corporum</strong></span> <span class='ocrx_word' id='word_1_328' title='bbox 3181 870 3470 941; x_wconf 78' lang='lat' dir='ltr'><strong>imagines,</strong></span> <span class='ocrx_word' id='word_1_329' title='bbox 3522 873 3617 927; x_wconf 90' lang='lat' dir='ltr'><strong>sed</strong></span> 
     </span>
    </p>
   </div>
   <div class='ocr_carea' id='block_1_49' title="bbox 2046 955 3617 1026">
    <p class='ocr_par' dir='ltr' id='par_1_49' title="bbox 2046 955 3617 1026">
     <span class='ocr_line' id='line_1_50' title="bbox 2046 955 3617 1026; baseline 0.004 -18"><span class='ocrx_word' id='word_1_330' title='bbox 2046 955 2355 1011; x_wconf 87' lang='lat' dir='ltr'><strong>animorum</strong></span> <span class='ocrx_word' id='word_1_331' title='bbox 2388 967 2588 1026; x_wconf 63' lang='lat' dir='ltr'><strong>praesto</strong></span> <span class='ocrx_word' id='word_1_332' title='bbox 2639 958 2935 1013; x_wconf 88' lang='lat' dir='ltr'><strong>simulacra</strong></span> <span class='ocrx_word' id='word_1_333' title='bbox 2971 961 3136 1013; x_wconf 87' lang='lat' dir='ltr'><strong>sunt?</strong></span> <span class='ocrx_word' id='word_1_334' title='bbox 3184 959 3316 1026; x_wconf 77' lang='lat' dir='ltr'><strong>Qua:</strong></span> <span class='ocrx_word' id='word_1_335' title='bbox 3343 961 3492 1015; x_wconf 92' lang='lat' dir='ltr'><strong>enim</strong></span> <span class='ocrx_word' id='word_1_336' title='bbox 3538 961 3617 1015; x_wconf 90' lang='lat' dir='ltr'><strong>illi</strong></span> 
     </span>
    </p>
   </div>
   <div class='ocr_carea' id='block_1_50' title="bbox 2044 1042 3484 1109">
    <p class='ocr_par' dir='ltr' id='par_1_50' title="bbox 2044 1042 3484 1109">
     <span class='ocr_line' id='line_1_51' title="bbox 2044 1042 3484 1109; baseline 0.001 -11"><span class='ocrx_word' id='word_1_337' title='bbox 2044 1042 2217 1099; x_wconf 78' lang='lat' dir='ltr'><strong>loculi</strong></span> <span class='ocrx_word' id='word_1_338' title='bbox 2247 1052 2398 1109; x_wconf 84' lang='lat' dir='ltr'><strong>sunt,</strong></span> <span class='ocrx_word' id='word_1_339' title='bbox 2435 1044 2554 1099; x_wconf 68' lang='lat' dir='ltr'><strong>haec</strong></span> <span class='ocrx_word' id='word_1_340' title='bbox 2582 1045 2802 1100; x_wconf 89' lang='lat' dir='ltr'><strong>illorum</strong></span> <span class='ocrx_word' id='word_1_341' title='bbox 2826 1045 2993 1100; x_wconf 89' lang='lat' dir='ltr'><strong>animi</strong></span> <span class='ocrx_word' id='word_1_342' title='bbox 3021 1054 3150 1100; x_wconf 89' lang='lat' dir='ltr'><strong>sunt</strong></span> <span class='ocrx_word' id='word_1_343' title='bbox 3173 1046 3484 1100; x_wconf 88' lang='lat' dir='ltr'><strong>simulacra.</strong></span> 
     </span>
    </p>
   </div>
   <div class='ocr_carea' id='block_1_51' title="bbox 2114 1132 3619 1204">
    <p class='ocr_par' dir='ltr' id='par_1_51' title="bbox 2114 1132 3619 1204">
     <span class='ocr_line' id='line_1_52' title="bbox 2114 1132 3619 1204; baseline 0.002 -17"><span class='ocrx_word' id='word_1_344' title='bbox 2114 1132 2337 1189; x_wconf 84' lang='lat' dir='ltr'><strong>Plotini.</strong></span> <span class='ocrx_word' id='word_1_345' title='bbox 2367 1134 2656 1189; x_wconf 85' lang='lat' dir='ltr'><strong>——Aiebat</strong></span> <span class='ocrx_word' id='word_1_346' title='bbox 2685 1134 2859 1200; x_wconf 86' lang='lat' dir='ltr'><strong>Plato,</strong></span> <span class='ocrx_word' id='word_1_347' title='bbox 2895 1150 3090 1204; x_wconf 90' lang='lat' dir='ltr'><strong>parum</strong></span> <span class='ocrx_word' id='word_1_348' title='bbox 3133 1135 3312 1191; x_wconf 80' lang='lat' dir='ltr'><strong>felicis</strong></span> <span class='ocrx_word' id='word_1_349' title='bbox 3339 1135 3619 1190; x_wconf 83' lang='lat' dir='ltr'><strong>memoriae</strong></span> 
     </span>
    </p>
   </div>
   <div class='ocr_carea' id='block_1_52' title="bbox 2045 1226 3618 1297">
    <p class='ocr_par' dir='ltr' id='par_1_52' title="bbox 2045 1226 3618 1297">
     <span class='ocr_line' id='line_1_53' title="bbox 2045 1226 3618 1297; baseline 0 -18"><span class='ocrx_word' id='word_1_350' title='bbox 2045 1240 2188 1289; x_wconf 92' lang='lat' dir='ltr'><strong>esse,</strong></span> <span class='ocrx_word' id='word_1_351' title='bbox 2208 1226 2304 1295; x_wconf 90' lang='lat' dir='ltr'><strong>qui</strong></span> <span class='ocrx_word' id='word_1_352' title='bbox 2332 1226 2491 1281; x_wconf 83' lang='lat' dir='ltr'><strong>valde</strong></span> <span class='ocrx_word' id='word_1_353' title='bbox 2506 1228 2760 1297; x_wconf 84' lang='lat' dir='ltr'><strong>juvenes,</strong></span> <span class='ocrx_word' id='word_1_354' title='bbox 2786 1242 2852 1281; x_wconf 88' lang='lat' dir='ltr'><strong>ac</strong></span> <span class='ocrx_word' id='word_1_355' title='bbox 2872 1227 2966 1296; x_wconf 91' lang='lat' dir='ltr'><strong>qui</strong></span> <span class='ocrx_word' id='word_1_356' title='bbox 2998 1241 3156 1281; x_wconf 89' lang='lat' dir='ltr'><strong>senes</strong></span> <span class='ocrx_word' id='word_1_357' title='bbox 3180 1236 3384 1282; x_wconf 88' lang='lat' dir='ltr'><strong>essent.</strong></span> <span class='ocrx_word' id='word_1_358' title='bbox 3420 1227 3618 1281; x_wconf 82' lang='lat' dir='ltr'><strong>Animo</strong></span> 
     </span>
    </p>
   </div>
   <div class='ocr_carea' id='block_1_53' title="bbox 2045 1313 3614 1384">
    <p class='ocr_par' dir='ltr' id='par_1_53' title="bbox 2045 1313 3614 1384">
     <span class='ocr_line' id='line_1_54' title="bbox 2045 1313 3614 1384; baseline 0.001 -17"><span class='ocrx_word' id='word_1_359' title='bbox 2045 1315 2195 1368; x_wconf 89' lang='lat' dir='ltr'><strong>enim</strong></span> <span class='ocrx_word' id='word_1_360' title='bbox 2227 1330 2318 1369; x_wconf 79' lang='lat' dir='ltr'><strong>res</strong></span> <span class='ocrx_word' id='word_1_361' title='bbox 2340 1313 2611 1378; x_wconf 81' lang='lat' dir='ltr'><strong>difﬂuere,</strong></span> <span class='ocrx_word' id='word_1_362' title='bbox 2636 1314 2766 1377; x_wconf 88' lang='lat' dir='ltr'><strong>illis,</strong></span> <span class='ocrx_word' id='word_1_363' title='bbox 2794 1315 2942 1384; x_wconf 86' lang='lat' dir='ltr'><strong>quod</strong></span> <span class='ocrx_word' id='word_1_364' title='bbox 2972 1324 3308 1384; x_wconf 77' lang='lat' dir='ltr'><strong>augeantur;</strong></span> <span class='ocrx_word' id='word_1_365' title='bbox 3345 1315 3433 1368; x_wconf 90' lang='lat' dir='ltr'><strong>his</strong></span> <span class='ocrx_word' id='word_1_366' title='bbox 3457 1330 3614 1377; x_wconf 79' lang='lat' dir='ltr'><strong>vero,</strong></span> 
     </span>
    </p>
   </div>
   <div class='ocr_carea' id='block_1_54' title="bbox 2040 1404 3619 1475">
    <p class='ocr_par' dir='ltr' id='par_1_54' title="bbox 2040 1404 3619 1475">
     <span class='ocr_line' id='line_1_55' title="bbox 2040 1404 3619 1475; baseline -0.001 -17"><span class='ocrx_word' id='word_1_367' title='bbox 2040 1404 2194 1473; x_wconf 80' lang='lat' dir='ltr'><strong>quod</strong></span> <span class='ocrx_word' id='word_1_368' title='bbox 2221 1406 2334 1475; x_wconf 82' lang='lat' dir='ltr'><strong>jam</strong></span> <span class='ocrx_word' id='word_1_369' title='bbox 2364 1405 2626 1460; x_wconf 88' lang='lat' dir='ltr'><strong>fatiscant</strong></span> <span class='ocrx_word' id='word_1_370' title='bbox 2653 1412 2710 1458; x_wconf 88' lang='lat' dir='ltr'><strong>et</strong></span> <span class='ocrx_word' id='word_1_371' title='bbox 2735 1404 2804 1458; x_wconf 88' lang='lat' dir='ltr'><strong>ad</strong></span> <span class='ocrx_word' id='word_1_372' title='bbox 2835 1404 3123 1459; x_wconf 89' lang='lat' dir='ltr'><strong>interitum</strong></span> <span class='ocrx_word' id='word_1_373' title='bbox 3171 1404 3421 1459; x_wconf 88' lang='lat' dir='ltr'><strong>tendant.</strong></span> <span class='ocrx_word' id='word_1_374' title='bbox 3454 1404 3619 1459; x_wconf 89' lang='lat' dir='ltr'><strong>Simi-</strong></span> 
     </span>
    </p>
   </div>
   <div class='ocr_carea' id='block_1_55' title="bbox 2045 1494 3620 1565">
    <p class='ocr_par' dir='ltr' id='par_1_55' title="bbox 2045 1494 3620 1565">
     <span class='ocr_line' id='line_1_56' title="bbox 2045 1494 3620 1565; baseline 0.001 -16"><span class='ocrx_word' id='word_1_375' title='bbox 2045 1495 2174 1549; x_wconf 89' lang='lat' dir='ltr'><strong>liter</strong></span> <span class='ocrx_word' id='word_1_376' title='bbox 2203 1510 2425 1565; x_wconf 88' lang='lat' dir='ltr'><strong>quoque</strong></span> <span class='ocrx_word' id='word_1_377' title='bbox 2448 1496 2542 1565; x_wconf 88' lang='lat' dir='ltr'><strong>qui</strong></span> <span class='ocrx_word' id='word_1_378' title='bbox 2567 1494 2835 1550; x_wconf 86' lang='lat' dir='ltr'><strong>celeriore</strong></span> <span class='ocrx_word' id='word_1_379' title='bbox 2875 1502 2973 1548; x_wconf 92' lang='lat' dir='ltr'><strong>aut</strong></span> <span class='ocrx_word' id='word_1_380' title='bbox 2996 1495 3162 1564; x_wconf 90' lang='lat' dir='ltr'><strong>paulo</strong></span> <span class='ocrx_word' id='word_1_381' title='bbox 3183 1495 3427 1550; x_wconf 88' lang='lat' dir='ltr'><strong>tardiore</strong></span> <span class='ocrx_word' id='word_1_382' title='bbox 3466 1496 3620 1564; x_wconf 76' lang='lat' dir='ltr'><strong>inge-</strong></span> 
     </span>
    </p>
   </div>
   <div class='ocr_carea' id='block_1_56' title="bbox 2046 1585 3617 1660">
    <p class='ocr_par' dir='ltr' id='par_1_56' title="bbox 2046 1585 3617 1660">
     <span class='ocr_line' id='line_1_57' title="bbox 2046 1585 3617 1660; baseline 0.001 -21"><span class='ocrx_word' id='word_1_383' title='bbox 2046 1585 2140 1639; x_wconf 91' lang='lat' dir='ltr'><strong>nio</strong></span> <span class='ocrx_word' id='word_1_384' title='bbox 2164 1586 2306 1639; x_wconf 90' lang='lat' dir='ltr'><strong>sint:</strong></span> <span class='ocrx_word' id='word_1_385' title='bbox 2347 1586 2470 1642; x_wconf 93' lang='lat' dir='ltr'><strong>illos</strong></span> <span class='ocrx_word' id='word_1_386' title='bbox 2492 1587 2639 1641; x_wconf 91' lang='lat' dir='ltr'><strong>enim</strong></span> <span class='ocrx_word' id='word_1_387' title='bbox 2669 1601 2793 1642; x_wconf 86' lang='lat' dir='ltr'><strong>esse</strong></span> <span class='ocrx_word' id='word_1_388' title='bbox 2824 1587 2949 1657; x_wconf 87' lang='lat' dir='ltr'><strong>plus</strong></span> <span class='ocrx_word' id='word_1_389' title='bbox 2980 1601 3139 1655; x_wconf 85' lang='lat' dir='ltr'><strong>aequo</strong></span> <span class='ocrx_word' id='word_1_390' title='bbox 3170 1586 3482 1660; x_wconf 75' lang='lat' dir='ltr'><strong>molliores;</strong></span> <span class='ocrx_word' id='word_1_391' title='bbox 3514 1588 3617 1641; x_wconf 87' lang='lat' dir='ltr'><strong>hos</strong></span> 
     </span>
    </p>
   </div>
   <div class='ocr_carea' id='block_1_57' title="bbox 2048 1676 3618 1747">
    <p class='ocr_par' dir='ltr' id='par_1_57' title="bbox 2048 1676 3618 1747">
     <span class='ocr_line' id='line_1_58' title="bbox 2048 1676 3618 1747; baseline 0.001 -17"><span class='ocrx_word' id='word_1_392' title='bbox 2048 1692 2182 1732; x_wconf 89' lang='lat' dir='ltr'><strong>vero</strong></span> <span class='ocrx_word' id='word_1_393' title='bbox 2243 1676 2539 1733; x_wconf 87' lang='lat' dir='ltr'><strong>duriores:</strong></span> <span class='ocrx_word' id='word_1_394' title='bbox 2569 1694 2633 1733; x_wconf 88' lang='lat' dir='ltr'><strong>ac</strong></span> <span class='ocrx_word' id='word_1_395' title='bbox 2663 1679 2775 1733; x_wconf 86' lang='lat' dir='ltr'><strong>illis</strong></span> <span class='ocrx_word' id='word_1_396' title='bbox 2807 1677 3054 1747; x_wconf 87' lang='lat' dir='ltr'><strong>quidem,</strong></span> <span class='ocrx_word' id='word_1_397' title='bbox 3087 1692 3201 1732; x_wconf 91' lang='lat' dir='ltr'><strong>non</strong></span> <span class='ocrx_word' id='word_1_398' title='bbox 3243 1677 3451 1731; x_wconf 67' lang='lat' dir='ltr'><strong>haerere</strong></span> <span class='ocrx_word' id='word_1_399' title='bbox 3498 1678 3618 1731; x_wconf 88' lang='lat' dir='ltr'><strong>ani-</strong></span> 
     </span>
    </p>
   </div>
   <div class='ocr_carea' id='block_1_58' title="bbox 2047 1762 3617 1841">
    <p class='ocr_par' dir='ltr' id='par_1_58' title="bbox 2047 1762 3617 1841">
     <span class='ocr_line' id='line_1_59' title="bbox 2047 1762 3617 1841; baseline 0.003 -20"><span class='ocrx_word' id='word_1_400' title='bbox 2047 1782 2138 1821; x_wconf 89' lang='lat' dir='ltr'><strong>mo</strong></span> <span class='ocrx_word' id='word_1_401' title='bbox 2193 1784 2379 1823; x_wconf 87' lang='lat' dir='ltr'><strong>rerum</strong></span> <span class='ocrx_word' id='word_1_402' title='bbox 2429 1762 2755 1837; x_wconf 73' lang='lat' dir='ltr'><strong>simulacra;</strong></span> <span class='ocrx_word' id='word_1_403' title='bbox 2809 1770 3011 1827; x_wconf 91' lang='lat' dir='ltr'><strong>horum</strong></span> <span class='ocrx_word' id='word_1_404' title='bbox 3055 1785 3224 1837; x_wconf 87' lang='lat' dir='ltr'><strong>vero,</strong></span> <span class='ocrx_word' id='word_1_405' title='bbox 3273 1785 3345 1826; x_wconf 89' lang='lat' dir='ltr'><strong>ne</strong></span> <span class='ocrx_word' id='word_1_406' title='bbox 3385 1784 3617 1841; x_wconf 75' lang='lat' dir='ltr'><strong>prorsus</strong></span> 
     </span>
    </p>
   </div>
   <div class='ocr_carea' id='block_1_59' title="bbox 2046 1860 2597 1931">
    <p class='ocr_par' dir='ltr' id='par_1_59' title="bbox 2046 1860 2597 1931">
     <span class='ocr_line' id='line_1_60' title="bbox 2046 1860 2597 1931; baseline 0 -16"><span class='ocrx_word' id='word_1_407' title='bbox 2046 1860 2272 1930; x_wconf 84' lang='lat' dir='ltr'><strong>quidem</strong></span> <span class='ocrx_word' id='word_1_408' title='bbox 2302 1861 2597 1931; x_wconf 77' lang='lat' dir='ltr'><strong>attingere.</strong></span> 
     </span>
    </p>
   </div>
   <div class='ocr_carea' id='block_1_60' title="bbox 2116 1950 3614 2024">
    <p class='ocr_par' dir='ltr' id='par_1_60' title="bbox 2116 1950 3614 2024">
     <span class='ocr_line' id='line_1_61' title="bbox 2116 1950 3614 2024; baseline 0.002 -20"><span class='ocrx_word' id='word_1_409' title='bbox 2116 1950 2360 2007; x_wconf 75' lang='lat' dir='ltr'><strong>Platonis</strong></span> <span class='ocrx_word' id='word_1_410' title='bbox 2389 1954 2446 2006; x_wconf 83' lang='lat' dir='ltr'><strong>in</strong></span> <span class='ocrx_word' id='word_1_411' title='bbox 2476 1952 2715 2024; x_wconf 83' lang='lat' dir='ltr'><strong>Cratylo.</strong></span> <span class='ocrx_word' id='word_1_412' title='bbox 2761 1984 2829 2000; x_wconf 84' lang='lat'><strong>--</strong></span> <span class='ocrx_word' id='word_1_413' title='bbox 2857 1953 3131 2008; x_wconf 82' lang='lat' dir='ltr'><strong>Memoriae</strong></span> <span class='ocrx_word' id='word_1_414' title='bbox 3170 1952 3351 2022; x_wconf 87' lang='lat' dir='ltr'><strong>ipsum</strong></span> <span class='ocrx_word' id='word_1_415' title='bbox 3383 1966 3614 2022; x_wconf 86' lang='lat' dir='ltr'><strong>prorsus</strong></span> 
     </span>
    </p>
   </div>
   <div class='ocr_carea' id='block_1_61' title="bbox 2045 2043 3614 2111">
    <p class='ocr_par' dir='ltr' id='par_1_61' title="bbox 2045 2043 3614 2111">
     <span class='ocr_line' id='line_1_62' title="bbox 2045 2043 3614 2111; baseline 0.001 -14"><span class='ocrx_word' id='word_1_416' title='bbox 2045 2043 2377 2099; x_wconf 77' lang='lat' dir='ltr'><strong>vocabulum</strong></span> <span class='ocrx_word' id='word_1_417' title='bbox 2408 2044 2641 2111; x_wconf 84' lang='lat' dir='ltr'><strong>indicat,</strong></span> <span class='ocrx_word' id='word_1_418' title='bbox 2678 2060 2904 2101; x_wconf 86' lang='lat' dir='ltr'><strong>manere</strong></span> <span class='ocrx_word' id='word_1_419' title='bbox 2940 2045 3000 2099; x_wconf 92' lang='lat' dir='ltr'><strong>in</strong></span> <span class='ocrx_word' id='word_1_420' title='bbox 3046 2045 3253 2110; x_wconf 89' lang='lat' dir='ltr'><strong>animo,</strong></span> <span class='ocrx_word' id='word_1_421' title='bbox 3300 2059 3412 2099; x_wconf 89' lang='lat' dir='ltr'><strong>non</strong></span> <span class='ocrx_word' id='word_1_422' title='bbox 3457 2054 3614 2100; x_wconf 78' lang='lat' dir='ltr'><strong>extra</strong></span> 
     </span>
    </p>
   </div>
   <div class='ocr_carea' id='block_1_62' title="bbox 2046 2128 2378 2188">
    <p class='ocr_par' dir='ltr' id='par_1_62' title="bbox 2046 2128 2378 2188">
     <span class='ocr_line' id='line_1_63' title="bbox 2046 2128 2378 2188; baseline 0.009 -3"><span class='ocrx_word' id='word_1_423' title='bbox 2046 2128 2204 2187; x_wconf 79' lang='lat' dir='ltr'><strong>illum</strong></span> <span class='ocrx_word' id='word_1_424' title='bbox 2224 2132 2378 2188; x_wconf 88' lang='lat' dir='ltr'><strong>ferri.</strong></span> 
     </span>
    </p>
   </div>
   <div class='ocr_carea' id='block_1_63' title="bbox 2116 2223 3610 2293">
    <p class='ocr_par' dir='ltr' id='par_1_63' title="bbox 2116 2223 3610 2293">
     <span class='ocr_line' id='line_1_64' title="bbox 2116 2223 3610 2293; baseline 0.001 -15"><span class='ocrx_word' id='word_1_425' title='bbox 2116 2223 2274 2290; x_wconf 82' lang='lat' dir='ltr'><strong>Quod</strong></span> <span class='ocrx_word' id='word_1_426' title='bbox 2309 2239 2495 2293; x_wconf 83' lang='lat' dir='ltr'><strong>rerum</strong></span> <span class='ocrx_word' id='word_1_427' title='bbox 2518 2225 2814 2281; x_wconf 87' lang='lat' dir='ltr'><strong>simulacra</strong></span> <span class='ocrx_word' id='word_1_428' title='bbox 2859 2225 3231 2290; x_wconf 85' lang='lat' dir='ltr'><strong>retineantur,</strong></span> <span class='ocrx_word' id='word_1_429' title='bbox 3286 2224 3610 2280; x_wconf 88' lang='lat' dir='ltr'><strong>memoriam</strong></span> 
     </span>
    </p>
   </div>
   <div class='ocr_carea' id='block_1_64' title="bbox 2041 2313 3612 2384">
    <p class='ocr_par' dir='ltr' id='par_1_64' title="bbox 2041 2313 3612 2384">
     <span class='ocr_line' id='line_1_65' title="bbox 2041 2313 3612 2384; baseline 0.002 -17"><span class='ocrx_word' id='word_1_430' title='bbox 2041 2313 2270 2381; x_wconf 87' lang='lat' dir='ltr'><strong>vocari;</strong></span> <span class='ocrx_word' id='word_1_431' title='bbox 2302 2314 2465 2384; x_wconf 73' lang='lat' dir='ltr'><strong>quod.</strong></span> <span class='ocrx_word' id='word_1_432' title='bbox 2494 2330 2629 2370; x_wconf 89' lang='lat' dir='ltr'><strong>vero</strong></span> <span class='ocrx_word' id='word_1_433' title='bbox 2676 2316 2732 2370; x_wconf 89' lang='lat' dir='ltr'><strong>in</strong></span> <span class='ocrx_word' id='word_1_434' title='bbox 2765 2322 3004 2370; x_wconf 84' lang='lat' dir='ltr'><strong>mentem</strong></span> <span class='ocrx_word' id='word_1_435' title='bbox 3061 2314 3309 2380; x_wconf 85' lang='lat' dir='ltr'><strong>redeant,</strong></span> <span class='ocrx_word' id='word_1_436' title='bbox 3350 2316 3612 2370; x_wconf 82' lang='lat' dir='ltr'><strong>recorda-</strong></span> 
     </span>
    </p>
   </div>
   <div class='ocr_carea' id='block_1_65' title="bbox 2045 2405 3611 2477">
    <p class='ocr_par' dir='ltr' id='par_1_65' title="bbox 2045 2405 3611 2477">
     <span class='ocr_line' id='line_1_66' title="bbox 2045 2405 3611 2477; baseline 0 -18"><span class='ocrx_word' id='word_1_437' title='bbox 2045 2405 2275 2461; x_wconf 83' lang='lat' dir='ltr'><strong>tionem.</strong></span> <span class='ocrx_word' id='word_1_438' title='bbox 2343 2406 2675 2476; x_wconf 87' lang='lat' dir='ltr'><strong>Plerumque</strong></span> <span class='ocrx_word' id='word_1_439' title='bbox 2724 2423 2892 2473; x_wconf 91' lang='lat' dir='ltr'><strong>vero,</strong></span> <span class='ocrx_word' id='word_1_440' title='bbox 2953 2408 3047 2477; x_wconf 88' lang='lat' dir='ltr'><strong>qui</strong></span> <span class='ocrx_word' id='word_1_441' title='bbox 3101 2407 3362 2462; x_wconf 87' lang='lat' dir='ltr'><strong>tardioris</strong></span> <span class='ocrx_word' id='word_1_442' title='bbox 3405 2406 3611 2477; x_wconf 78' lang='lat' dir='ltr'><strong>ingenii</strong></span> 
     </span>
    </p>
   </div>
   <div class='ocr_carea' id='block_1_66' title="bbox 2043 2497 3613 2569">
    <p class='ocr_par' dir='ltr' id='par_1_66' title="bbox 2043 2497 3613 2569">
     <span class='ocr_line' id='line_1_67' title="bbox 2043 2497 3613 2569; baseline 0.002 -17"><span class='ocrx_word' id='word_1_443' title='bbox 2043 2497 2174 2563; x_wconf 90' lang='lat' dir='ltr'><strong>sint,</strong></span> <span class='ocrx_word' id='word_1_444' title='bbox 2204 2498 2501 2553; x_wconf 88' lang='lat' dir='ltr'><strong>tenacioris</strong></span> <span class='ocrx_word' id='word_1_445' title='bbox 2534 2514 2655 2554; x_wconf 91' lang='lat' dir='ltr'><strong>esse</strong></span> <span class='ocrx_word' id='word_1_446' title='bbox 2680 2499 2989 2566; x_wconf 66' lang='lat' dir='ltr'><strong>memoriae;</strong></span> <span class='ocrx_word' id='word_1_447' title='bbox 3021 2500 3119 2569; x_wconf 89' lang='lat' dir='ltr'><strong>qui</strong></span> <span class='ocrx_word' id='word_1_448' title='bbox 3168 2515 3299 2555; x_wconf 88' lang='lat' dir='ltr'><strong>vero</strong></span> <span class='ocrx_word' id='word_1_449' title='bbox 3328 2500 3613 2556; x_wconf 88' lang='lat' dir='ltr'><strong>celerioris</strong></span> 
     </span>
    </p>
   </div>
   <div class='ocr_carea' id='block_1_67' title="bbox 2042 2586 3536 2658">
    <p class='ocr_par' dir='ltr' id='par_1_67' title="bbox 2042 2586 3536 2658">
     <span class='ocr_line' id='line_1_68' title="bbox 2042 2586 3536 2658; baseline -0.001 -16"><span class='ocrx_word' id='word_1_450' title='bbox 2042 2601 2139 2642; x_wconf 89' lang='lat' dir='ltr'><strong>seu</strong></span> <span class='ocrx_word' id='word_1_451' title='bbox 2172 2586 2403 2642; x_wconf 85' lang='lat' dir='ltr'><strong>acrioris</strong></span> <span class='ocrx_word' id='word_1_452' title='bbox 2427 2601 2491 2642; x_wconf 84' lang='lat' dir='ltr'><strong>ac</strong></span> <span class='ocrx_word' id='word_1_453' title='bbox 2515 2587 2688 2658; x_wconf 81' lang='lat' dir='ltr'><strong>magis</strong></span> <span class='ocrx_word' id='word_1_454' title='bbox 2717 2586 2945 2652; x_wconf 87' lang='lat' dir='ltr'><strong>dociles,</strong></span> <span class='ocrx_word' id='word_1_455' title='bbox 2984 2587 3201 2643; x_wconf 83' lang='lat' dir='ltr'><strong>facilius</strong></span> <span class='ocrx_word' id='word_1_456' title='bbox 3234 2588 3536 2642; x_wconf 88' lang='lat' dir='ltr'><strong>reminisci.</strong></span> 
     </span>
    </p>
   </div>
   <div class='ocr_carea' id='block_1_68' title="bbox 2111 2676 3608 2750">
    <p class='ocr_par' dir='ltr' id='par_1_68' title="bbox 2111 2676 3608 2750">
     <span class='ocr_line' id='line_1_69' title="bbox 2111 2676 3608 2750; baseline -0.002 -17"><span class='ocrx_word' id='word_1_457' title='bbox 2111 2676 2384 2733; x_wconf 79' lang='lat' dir='ltr'><strong>Chariclii.</strong></span> <span class='ocrx_word' id='word_1_458' title='bbox 2414 2707 2486 2718; x_wconf 90' lang='lat'><strong><em>—</em></strong></span> <span class='ocrx_word' id='word_1_459' title='bbox 2509 2676 2740 2733; x_wconf 84' lang='lat' dir='ltr'><strong>Multum</strong></span> <span class='ocrx_word' id='word_1_460' title='bbox 2774 2678 3001 2749; x_wconf 88' lang='lat' dir='ltr'><strong>prodest</strong></span> <span class='ocrx_word' id='word_1_461' title='bbox 3043 2689 3104 2734; x_wconf 87' lang='lat' dir='ltr'><strong>ut</strong></span> <span class='ocrx_word' id='word_1_462' title='bbox 3149 2679 3276 2750; x_wconf 89' lang='lat' dir='ltr'><strong>quis</strong></span> <span class='ocrx_word' id='word_1_463' title='bbox 3338 2679 3608 2733; x_wconf 85' lang='lat' dir='ltr'><strong>malorum</strong></span> 
     </span>
    </p>
   </div>
   <div class='ocr_carea' id='block_1_69' title="bbox 2041 2767 3609 2840">
    <p class='ocr_par' dir='ltr' id='par_1_69' title="bbox 2041 2767 3609 2840">
     <span class='ocr_line' id='line_1_70' title="bbox 2041 2767 3609 2840; baseline 0 -17"><span class='ocrx_word' id='word_1_464' title='bbox 2041 2767 2435 2829; x_wconf 86' lang='lat' dir='ltr'><strong>obliviscatur.</strong></span> <span class='ocrx_word' id='word_1_465' title='bbox 2493 2769 2787 2824; x_wconf 87' lang='lat' dir='ltr'><strong>obscurata</strong></span> <span class='ocrx_word' id='word_1_466' title='bbox 2849 2769 3003 2825; x_wconf 82' lang='lat' dir='ltr'><strong>velut</strong></span> <span class='ocrx_word' id='word_1_467' title='bbox 3062 2768 3180 2825; x_wconf 88' lang='lat' dir='ltr'><strong>fere</strong></span> <span class='ocrx_word' id='word_1_468' title='bbox 3244 2769 3609 2840; x_wconf 77' lang='lat' dir='ltr'><strong>caligantibus</strong></span> 
     </span>
    </p>
   </div>
   <div class='ocr_carea' id='block_1_70' title="bbox 2042 2856 2830 2926">
    <p class='ocr_par' dir='ltr' id='par_1_70' title="bbox 2042 2856 2830 2926">
     <span class='ocr_line' id='line_1_71' title="bbox 2042 2856 2830 2926; baseline 0.001 -16"><span class='ocrx_word' id='word_1_469' title='bbox 2042 2856 2211 2911; x_wconf 89' lang='lat' dir='ltr'><strong>animi</strong></span> <span class='ocrx_word' id='word_1_470' title='bbox 2241 2858 2412 2926; x_wconf 84' lang='lat' dir='ltr'><strong>oculs,</strong></span> <span class='ocrx_word' id='word_1_471' title='bbox 2449 2857 2830 2911; x_wconf 89' lang='lat' dir='ltr'><strong>commonitio.</strong></span> 
     </span>
    </p>
   </div>
   <div class='ocr_carea' id='block_1_71' title="bbox 2115 2944 3611 3016">
    <p class='ocr_par' dir='ltr' id='par_1_71' title="bbox 2115 2944 3611 3016">
     <span class='ocr_line' id='line_1_72' title="bbox 2115 2944 3611 3016; baseline 0.001 -18"><span class='ocrx_word' id='word_1_472' title='bbox 2115 2944 2197 2998; x_wconf 77' lang='lat' dir='ltr'><strong>Ea:</strong></span> <span class='ocrx_word' id='word_1_473' title='bbox 2228 2944 2454 3015; x_wconf 79' lang='lat' dir='ltr'><strong>Epicteti</strong></span> <span class='ocrx_word' id='word_1_474' title='bbox 2473 2946 2769 3000; x_wconf 74' lang='lat' dir='ltr'><strong>sententiis.</strong></span> <span class='ocrx_word' id='word_1_475' title='bbox 2807 2973 2880 2984; x_wconf 90' lang='lat'><strong>-—</strong></span> <span class='ocrx_word' id='word_1_476' title='bbox 2910 2944 3079 3015; x_wconf 80' lang='lat' dir='ltr'><strong>Magis</strong></span> <span class='ocrx_word' id='word_1_477' title='bbox 3112 2944 3181 3000; x_wconf 90' lang='lat' dir='ltr'><strong>de</strong></span> <span class='ocrx_word' id='word_1_478' title='bbox 3209 2945 3322 3000; x_wconf 88' lang='lat' dir='ltr'><strong>Deo</strong></span> <span class='ocrx_word' id='word_1_479' title='bbox 3364 2944 3611 3016; x_wconf 85' lang='lat' dir='ltr'><strong>quotidie</strong></span> 
     </span>
    </p>
   </div>
   <div class='ocr_carea' id='block_1_72' title="bbox 1963 3030 3328 3119">
    <p class='ocr_par' dir='ltr' id='par_1_72' title="bbox 1963 3030 3328 3119">
     <span class='ocr_line' id='line_1_73' title="bbox 1963 3030 3328 3119; baseline -0.001 -30"><span class='ocrx_word' id='word_1_480' title='bbox 1963 3055 2010 3119; x_wconf 64' lang='grc' dir='ltr'>ο</span> <span class='ocrx_word' id='word_1_481' title='bbox 2040 3030 2226 3089; x_wconf 87' lang='lat' dir='ltr'><strong>sermo</strong></span> <span class='ocrx_word' id='word_1_482' title='bbox 2262 3042 2580 3098; x_wconf 86' lang='lat' dir='ltr'><strong>renovetur,</strong></span> <span class='ocrx_word' id='word_1_483' title='bbox 2603 3049 2767 3104; x_wconf 88' lang='lat' dir='ltr'><strong>quam</strong></span> <span class='ocrx_word' id='word_1_484' title='bbox 2788 3032 2896 3088; x_wconf 89' lang='lat' dir='ltr'><strong>cibi</strong></span> <span class='ocrx_word' id='word_1_485' title='bbox 2926 3033 3045 3102; x_wconf 88' lang='lat' dir='ltr'><strong>ipsa</strong></span> <span class='ocrx_word' id='word_1_486' title='bbox 3067 3033 3328 3103; x_wconf 87' lang='lat' dir='ltr'><strong>sumptio.</strong></span> 
     </span>
    </p>
   </div>
   <div class='ocr_carea' id='block_1_73' title="bbox 2109 3121 3606 3195">
    <p class='ocr_par' dir='ltr' id='par_1_73' title="bbox 2109 3121 3606 3195">
     <span class='ocr_line' id='line_1_74' title="bbox 2109 3121 3606 3195; baseline 0.001 -17"><span class='ocrx_word' id='word_1_487' title='bbox 2109 3121 2373 3178; x_wconf 87' lang='lat' dir='ltr'><strong>Crebrius</strong></span> <span class='ocrx_word' id='word_1_488' title='bbox 2408 3123 2579 3180; x_wconf 91' lang='lat' dir='ltr'><strong>Deum</strong></span> <span class='ocrx_word' id='word_1_489' title='bbox 2602 3122 2861 3195; x_wconf 75' lang='lat' dir='ltr'><strong>cogitato,</strong></span> <span class='ocrx_word' id='word_1_490' title='bbox 2893 3138 3060 3193; x_wconf 87' lang='lat' dir='ltr'><strong>quam</strong></span> <span class='ocrx_word' id='word_1_491' title='bbox 3094 3123 3351 3194; x_wconf 88' lang='lat' dir='ltr'><strong>spiritum</strong></span> <span class='ocrx_word' id='word_1_492' title='bbox 3398 3124 3606 3180; x_wconf 87' lang='lat' dir='ltr'><strong>ducito.</strong></span> 
     </span>
    </p>
   </div>
   <div class='ocr_carea' id='block_1_74' title="bbox 2109 3213 3609 3284">
    <p class='ocr_par' dir='ltr' id='par_1_74' title="bbox 2109 3213 3609 3284">
     <span class='ocr_line' id='line_1_75' title="bbox 2109 3213 3609 3284; baseline -0.001 -15"><span class='ocrx_word' id='word_1_493' title='bbox 2109 3213 2167 3269; x_wconf 92' lang='lat' dir='ltr'><strong>Si</strong></span> <span class='ocrx_word' id='word_1_494' title='bbox 2197 3222 2468 3284; x_wconf 89' lang='lat' dir='ltr'><strong>perpetuo</strong></span> <span class='ocrx_word' id='word_1_495' title='bbox 2511 3213 2832 3271; x_wconf 88' lang='lat' dir='ltr'><strong>memineris</strong></span> <span class='ocrx_word' id='word_1_496' title='bbox 2878 3215 3051 3270; x_wconf 91' lang='lat' dir='ltr'><strong>Deum</strong></span> <span class='ocrx_word' id='word_1_497' title='bbox 3100 3215 3200 3268; x_wconf 88' lang='lat' dir='ltr'><strong>tibi</strong></span> <span class='ocrx_word' id='word_1_498' title='bbox 3244 3221 3609 3281; x_wconf 86' lang='lat' dir='ltr'><strong>spectatorem</strong></span> 
     </span>
    </p>
   </div>
   <div class='ocr_carea' id='block_1_75' title="bbox 2036 3303 3607 3375">
    <p class='ocr_par' dir='ltr' id='par_1_75' title="bbox 2036 3303 3607 3375">
     <span class='ocr_line' id='line_1_76' title="bbox 2036 3303 3607 3375; baseline -0.001 -14"><span class='ocrx_word' id='word_1_499' title='bbox 2036 3305 2252 3371; x_wconf 87' lang='lat' dir='ltr'><strong>adesse,</strong></span> <span class='ocrx_word' id='word_1_500' title='bbox 2286 3305 2554 3375; x_wconf 90' lang='lat' dir='ltr'><strong>quidquid</strong></span> <span class='ocrx_word' id='word_1_501' title='bbox 2577 3320 2723 3374; x_wconf 81' lang='lat' dir='ltr'><strong>agas,</strong></span> <span class='ocrx_word' id='word_1_502' title='bbox 2760 3305 2877 3359; x_wconf 89' lang='lat' dir='ltr'><strong>sive</strong></span> <span class='ocrx_word' id='word_1_503' title='bbox 2897 3319 3094 3359; x_wconf 89' lang='lat' dir='ltr'><strong>eorum</strong></span> <span class='ocrx_word' id='word_1_504' title='bbox 3112 3319 3236 3372; x_wconf 77' lang='lat' dir='ltr'><strong>quae</strong></span> <span class='ocrx_word' id='word_1_505' title='bbox 3265 3303 3333 3358; x_wconf 84' lang='lat' dir='ltr'><strong>ad</strong></span> <span class='ocrx_word' id='word_1_506' title='bbox 3363 3304 3607 3360; x_wconf 88' lang='lat' dir='ltr'><strong>animum</strong></span> 
     </span>
    </p>
   </div>
   <div class='ocr_carea' id='block_1_76' title="bbox 2037 3394 3610 3466">
    <p class='ocr_par' dir='ltr' id='par_1_76' title="bbox 2037 3394 3610 3466">
     <span class='ocr_line' id='line_1_77' title="bbox 2037 3394 3610 3466; baseline 0 -15"><span class='ocrx_word' id='word_1_507' title='bbox 2037 3404 2311 3465; x_wconf 86' lang='lat' dir='ltr'><strong>spectant,</strong></span> <span class='ocrx_word' id='word_1_508' title='bbox 2342 3396 2458 3452; x_wconf 88' lang='lat' dir='ltr'><strong>sive</strong></span> <span class='ocrx_word' id='word_1_509' title='bbox 2491 3394 2655 3466; x_wconf 79' lang='lat'><strong>655</strong></span> <span class='ocrx_word' id='word_1_510' title='bbox 2677 3411 2800 3464; x_wconf 64' lang='lat' dir='ltr'><strong>quae</strong></span> <span class='ocrx_word' id='word_1_511' title='bbox 2827 3394 2896 3449; x_wconf 89' lang='lat' dir='ltr'><strong>ad</strong></span> <span class='ocrx_word' id='word_1_512' title='bbox 2938 3410 3164 3465; x_wconf 88' lang='lat' dir='ltr'><strong>corpus,</strong></span> <span class='ocrx_word' id='word_1_513' title='bbox 3206 3410 3317 3449; x_wconf 86' lang='lat' dir='ltr'><strong>non</strong></span> <span class='ocrx_word' id='word_1_514' title='bbox 3349 3395 3610 3465; x_wconf 87' lang='lat' dir='ltr'><strong>peccabis</strong></span> 
     </span>
    </p>
   </div>
   <div class='ocr_carea' id='block_1_77' title="bbox 2035 3484 3606 3551">
    <p class='ocr_par' dir='ltr' id='par_1_77' title="bbox 2035 3484 3606 3551">
     <span class='ocr_line' id='line_1_78' title="bbox 2035 3484 3606 3551; baseline 0 -11"><span class='ocrx_word' id='word_1_515' title='bbox 2035 3486 2092 3540; x_wconf 90' lang='lat' dir='ltr'><strong>in</strong></span> <span class='ocrx_word' id='word_1_516' title='bbox 2120 3485 2377 3540; x_wconf 89' lang='lat' dir='ltr'><strong>omnibus</strong></span> <span class='ocrx_word' id='word_1_517' title='bbox 2405 3485 2748 3541; x_wconf 89' lang='lat' dir='ltr'><strong>orationibus</strong></span> <span class='ocrx_word' id='word_1_518' title='bbox 2796 3485 2909 3540; x_wconf 91' lang='lat' dir='ltr'><strong>tuis</strong></span> <span class='ocrx_word' id='word_1_519' title='bbox 2934 3492 2991 3539; x_wconf 91' lang='lat' dir='ltr'><strong>et</strong></span> <span class='ocrx_word' id='word_1_520' title='bbox 3033 3484 3365 3551; x_wconf 88' lang='lat' dir='ltr'><strong>actionibus,</strong></span> <span class='ocrx_word' id='word_1_521' title='bbox 3399 3485 3606 3540; x_wconf 90' lang='lat' dir='ltr'><strong>Deum-</strong></span> 
     </span>
    </p>
   </div>
   <div class='ocr_carea' id='block_1_78' title="bbox 2033 3576 2854 3648">
    <p class='ocr_par' dir='ltr' id='par_1_78' title="bbox 2033 3576 2854 3648">
     <span class='ocr_line' id='line_1_79' title="bbox 2033 3576 2854 3648; baseline -0.005 -15"><span class='ocrx_word' id='word_1_522' title='bbox 2033 3593 2142 3648; x_wconf 91' lang='lat' dir='ltr'><strong>que</strong></span> <span class='ocrx_word' id='word_1_523' title='bbox 2172 3578 2274 3631; x_wconf 90' lang='lat' dir='ltr'><strong>tibi</strong></span> <span class='ocrx_word' id='word_1_524' title='bbox 2301 3576 2573 3646; x_wconf 90' lang='lat' dir='ltr'><strong>hospitem</strong></span> <span class='ocrx_word' id='word_1_525' title='bbox 2602 3576 2854 3631; x_wconf 89' lang='lat' dir='ltr'><strong>habebis.</strong></span> 
     </span>
    </p>
   </div>
   <div class='ocr_carea' id='block_1_79' title="bbox 2104 3667 3604 3740">
    <p class='ocr_par' dir='ltr' id='par_1_79' title="bbox 2104 3667 3604 3740">
     <span class='ocr_line' id='line_1_80' title="bbox 2104 3667 3604 3740; baseline 0 -17"><span class='ocrx_word' id='word_1_526' title='bbox 2104 3669 2172 3724; x_wconf 90' lang='lat' dir='ltr'><strong>Ut</strong></span> <span class='ocrx_word' id='word_1_527' title='bbox 2196 3667 2501 3737; x_wconf 87' lang='lat' dir='ltr'><strong>jucundum</strong></span> <span class='ocrx_word' id='word_1_528' title='bbox 2528 3675 2664 3722; x_wconf 90' lang='lat' dir='ltr'><strong>este</strong></span> <span class='ocrx_word' id='word_1_529' title='bbox 2691 3675 2834 3721; x_wconf 89' lang='lat' dir='ltr'><strong>terra</strong></span> <span class='ocrx_word' id='word_1_530' title='bbox 2861 3680 3011 3721; x_wconf 89' lang='lat' dir='ltr'><strong>mare</strong></span> <span class='ocrx_word' id='word_1_531' title='bbox 3035 3675 3304 3735; x_wconf 87' lang='lat' dir='ltr'><strong>spectare,</strong></span> <span class='ocrx_word' id='word_1_532' title='bbox 3326 3667 3407 3722; x_wconf 90' lang='lat' dir='ltr'><strong>sic</strong></span> <span class='ocrx_word' id='word_1_533' title='bbox 3433 3668 3484 3723; x_wconf 94' lang='lat' dir='ltr'><strong>ei</strong></span> <span class='ocrx_word' id='word_1_534' title='bbox 3509 3668 3604 3740; x_wconf 90' lang='lat' dir='ltr'><strong>qui</strong></span> 
     </span>
    </p>
   </div>
   <div class='ocr_carea' id='block_1_80' title="bbox 2032 3755 3398 3828">
    <p class='ocr_par' dir='ltr' id='par_1_80' title="bbox 2032 3755 3398 3828">
     <span class='ocr_line' id='line_1_81' title="bbox 2032 3755 3398 3828; baseline 0.001 -16"><span class='ocrx_word' id='word_1_535' title='bbox 2032 3773 2063 3812; x_wconf 91' lang='lat' dir='ltr'><strong>a</strong></span> <span class='ocrx_word' id='word_1_536' title='bbox 2092 3757 2352 3828; x_wconf 88' lang='lat' dir='ltr'><strong>periculis</strong></span> <span class='ocrx_word' id='word_1_537' title='bbox 2376 3757 2641 3813; x_wconf 88' lang='lat' dir='ltr'><strong>liberatus</strong></span> <span class='ocrx_word' id='word_1_538' title='bbox 2667 3757 2758 3821; x_wconf 90' lang='lat' dir='ltr'><strong>sit,</strong></span> <span class='ocrx_word' id='word_1_539' title='bbox 2783 3755 3033 3811; x_wconf 88' lang='lat' dir='ltr'><strong>laborum</strong></span> <span class='ocrx_word' id='word_1_540' title='bbox 3063 3757 3398 3814; x_wconf 86' lang='lat' dir='ltr'><strong>meminisse.</strong></span> 
     </span>
    </p>
   </div>
   <div class='ocr_carea' id='block_1_81' title="bbox 2615 3866 3020 3923">
    <p class='ocr_par' dir='ltr' id='par_1_81' title="bbox 2615 3866 3020 3923">
     <span class='ocr_line' id='line_1_82' title="bbox 2615 3866 3020 3923; baseline 0 0"><span class='ocrx_word' id='word_1_541' title='bbox 2615 3866 2846 3923; x_wconf 80' lang='lat' dir='ltr'><strong>SERMO</strong></span> <span class='ocrx_word' id='word_1_542' title='bbox 2882 3867 3020 3923; x_wconf 90' lang='lat' dir='ltr'><strong>Llll.</strong></span> 
     </span>
    </p>
   </div>
   <div class='ocr_carea' id='block_1_82' title="bbox 2661 3961 2974 4016">
    <p class='ocr_par' dir='ltr' id='par_1_82' title="bbox 2661 3961 2974 4016">
     <span class='ocr_line' id='line_1_83' title="bbox 2661 3961 2974 4016; baseline 0.003 -1"><span class='ocrx_word' id='word_1_543' title='bbox 2661 3961 2739 4015; x_wconf 85' lang='lat' dir='ltr'><strong>De</strong></span> <span class='ocrx_word' id='word_1_544' title='bbox 2771 3962 2974 4016; x_wconf 86' lang='lat' dir='ltr'><strong>anima.</strong></span> 
     </span>
    </p>
   </div>
   <div class='ocr_carea' id='block_1_83' title="bbox 2099 4047 3600 4117">
    <p class='ocr_par' dir='ltr' id='par_1_83' title="bbox 2099 4047 3600 4117">
     <span class='ocr_line' id='line_1_84' title="bbox 2099 4047 3600 4117; baseline 0.001 -14"><span class='ocrx_word' id='word_1_545' title='bbox 2099 4049 2290 4104; x_wconf 78' lang='lat' dir='ltr'><strong>Matth.</strong></span> <span class='ocrx_word' id='word_1_546' title='bbox 2329 4066 2392 4116; x_wconf 75' lang='grc' dir='ltr'><strong>κ,</strong></span> <span class='ocrx_word' id='word_1_547' title='bbox 2430 4050 2518 4106; x_wconf 76' lang='grc'><strong>59.</strong></span> <span class='ocrx_word' id='word_1_548' title='bbox 2554 4081 2625 4089; x_wconf 91' lang='grc'><strong>-</strong></span> <span class='ocrx_word' id='word_1_549' title='bbox 2668 4050 2772 4117; x_wconf 86' lang='lat' dir='ltr'><strong>Qui</strong></span> <span class='ocrx_word' id='word_1_550' title='bbox 2820 4047 3092 4105; x_wconf 88' lang='lat' dir='ltr'><strong>invenerit</strong></span> <span class='ocrx_word' id='word_1_551' title='bbox 3132 4050 3369 4104; x_wconf 88' lang='lat' dir='ltr'><strong>animam</strong></span> <span class='ocrx_word' id='word_1_552' title='bbox 3414 4064 3600 4117; x_wconf 88' lang='lat' dir='ltr'><strong>suam,</strong></span> 
     </span>
    </p>
   </div>
   <div class='ocr_carea' id='block_1_84' title="bbox 2030 4140 3601 4212">
    <p class='ocr_par' dir='ltr' id='par_1_84' title="bbox 2030 4140 3601 4212">
     <span class='ocr_line' id='line_1_85' title="bbox 2030 4140 3601 4212; baseline 0.003 -19"><span class='ocrx_word' id='word_1_553' title='bbox 2030 4143 2222 4208; x_wconf 80' lang='lat' dir='ltr'><strong>perdet</strong></span> <span class='ocrx_word' id='word_1_554' title='bbox 2253 4157 2400 4206; x_wconf 89' lang='lat' dir='ltr'><strong>eam;</strong></span> <span class='ocrx_word' id='word_1_555' title='bbox 2437 4151 2493 4196; x_wconf 90' lang='lat' dir='ltr'><strong>et</strong></span> <span class='ocrx_word' id='word_1_556' title='bbox 2526 4143 2619 4212; x_wconf 88' lang='lat' dir='ltr'><strong>qui</strong></span> <span class='ocrx_word' id='word_1_557' title='bbox 2656 4141 2964 4212; x_wconf 91' lang='lat' dir='ltr'><strong>perdiderit</strong></span> <span class='ocrx_word' id='word_1_558' title='bbox 3002 4140 3239 4195; x_wconf 88' lang='lat' dir='ltr'><strong>animam</strong></span> <span class='ocrx_word' id='word_1_559' title='bbox 3280 4156 3432 4195; x_wconf 88' lang='lat' dir='ltr'><strong>suam</strong></span> <span class='ocrx_word' id='word_1_560' title='bbox 3471 4158 3601 4212; x_wconf 89' lang='lat' dir='ltr'><strong>pro-</strong></span> 
     </span>
    </p>
   </div>
   <div class='ocr_carea' id='block_1_85' title="bbox 2028 4235 2735 4303">
    <p class='ocr_par' dir='ltr' id='par_1_85' title="bbox 2028 4235 2735 4303">
     <span class='ocr_line' id='line_1_86' title="bbox 2028 4235 2735 4303; baseline 0.001 -16"><span class='ocrx_word' id='word_1_561' title='bbox 2028 4243 2150 4303; x_wconf 89' lang='lat' dir='ltr'><strong>pter</strong></span> <span class='ocrx_word' id='word_1_562' title='bbox 2180 4250 2290 4299; x_wconf 90' lang='lat' dir='ltr'><strong>me,</strong></span> <span class='ocrx_word' id='word_1_563' title='bbox 2320 4235 2565 4289; x_wconf 83' lang='lat' dir='ltr'><strong>inveniet</strong></span> <span class='ocrx_word' id='word_1_564' title='bbox 2593 4250 2735 4288; x_wconf 88' lang='lat' dir='ltr'><strong>eam.</strong></span> 
     </span>
    </p>
   </div>
   <div class='ocr_carea' id='block_1_86' title="bbox 2097 4322 3656 4394">
    <p class='ocr_par' dir='ltr' id='par_1_86' title="bbox 2097 4322 3656 4394">
     <span class='ocr_line' id='line_1_87' title="bbox 2097 4322 3656 4394; baseline -0.001 -13"><span class='ocrx_word' id='word_1_565' title='bbox 2097 4326 2158 4381; x_wconf 86' lang='lat' dir='ltr'><strong><em>II</em></strong></span> <span class='ocrx_word' id='word_1_566' title='bbox 2193 4325 2315 4381; x_wconf 88' lang='lat' dir='ltr'><strong>Cor.</strong></span> <span class='ocrx_word' id='word_1_567' title='bbox 2349 4342 2423 4392; x_wconf 77' lang='grc' dir='ltr'><strong>ιν,</strong></span> <span class='ocrx_word' id='word_1_568' title='bbox 2452 4326 2539 4381; x_wconf 76' lang='grc'><strong>16.</strong></span> <span class='ocrx_word' id='word_1_569' title='bbox 2566 4356 2638 4365; x_wconf 92' lang='grc'><strong><em>-</em></strong></span> <span class='ocrx_word' id='word_1_570' title='bbox 2678 4325 2834 4381; x_wconf 90' lang='lat' dir='ltr'><strong>Licet</strong></span> <span class='ocrx_word' id='word_1_571' title='bbox 2868 4325 2936 4391; x_wconf 89' lang='lat' dir='ltr'><strong>is,</strong></span> <span class='ocrx_word' id='word_1_572' title='bbox 2972 4322 3064 4394; x_wconf 89' lang='lat' dir='ltr'><strong>qui</strong></span> <span class='ocrx_word' id='word_1_573' title='bbox 3102 4323 3238 4378; x_wconf 86' lang='lat' dir='ltr'><strong>foris</strong></span> <span class='ocrx_word' id='word_1_574' title='bbox 3274 4332 3378 4389; x_wconf 91' lang='lat' dir='ltr'><strong>est,</strong></span> <span class='ocrx_word' id='word_1_575' title='bbox 3412 4330 3600 4379; x_wconf 89' lang='lat' dir='ltr'><strong>noster</strong></span> <span class='ocrx_word' id='word_1_576' title='bbox 3650 4324 3656 4329; x_wconf 83' lang='grc'><em>’</em></span> 
     </span>
    </p>
   </div>
   <div class='ocr_carea' id='block_1_87' title="bbox 348 4386 1941 4485">
    <p class='ocr_par' dir='ltr' id='par_1_87' title="bbox 348 4386 1924 4485">
     <span class='ocr_line' id='line_1_88' title="bbox 348 4386 1924 4485; baseline 0.012 -48"><span class='ocrx_word' id='word_1_577' title='bbox 348 4386 722 4485; x_wconf 83' lang='grc' dir='ltr'>διαφθείρεται</span> <span class='ocrx_word' id='word_1_578' title='bbox 754 4406 768 4419; x_wconf 89' lang='grc'><strong>·</strong></span> <span class='ocrx_word' id='word_1_579' title='bbox 815 4389 930 4443; x_wconf 84' lang='grc' dir='ltr'>ἀλλ’</span> <span class='ocrx_word' id='word_1_580' title='bbox 980 4394 1008 4445; x_wconf 88' lang='lat'><strong>6</strong></span> <span class='ocrx_word' id='word_1_581' title='bbox 1070 4391 1273 4448; x_wconf 78' lang='grc' dir='ltr'>ἔσωθεν</span> <span class='ocrx_word' id='word_1_582' title='bbox 1309 4396 1712 4468; x_wconf 18' lang='grc' dir='ltr'>ἀνακαινοῦται,</span> <span class='ocrx_word' id='word_1_583' title='bbox 1743 4402 1924 4475; x_wconf 75' lang='grc' dir='ltr'>ἡμέρᾳ</span> 
     </span>
    </p>
   </div>
   <div class='ocr_carea' id='block_1_88' title="bbox 2045 4386 3600 4485">
    <p class='ocr_par' dir='ltr' id='par_1_88' title="bbox 2045 4412 3600 4485">
     <span class='ocr_line' id='line_1_89' title="bbox 2045 4412 3600 4485; baseline 0 -17"><span class='ocrx_word' id='word_1_584' title='bbox 2045 4426 2195 4469; x_wconf 70' lang='lat' dir='ltr'><strong>iomo</strong></span> <span class='ocrx_word' id='word_1_585' title='bbox 2217 4423 2633 4485; x_wconf 89' lang='lat' dir='ltr'><strong>corrumpatur;</strong></span> <span class='ocrx_word' id='word_1_586' title='bbox 2663 4422 2845 4469; x_wconf 87' lang='lat' dir='ltr'><strong>tamen</strong></span> <span class='ocrx_word' id='word_1_587' title='bbox 2875 4414 2920 4469; x_wconf 92' lang='lat' dir='ltr'><strong>is</strong></span> <span class='ocrx_word' id='word_1_588' title='bbox 2948 4412 3045 4484; x_wconf 88' lang='lat' dir='ltr'><strong>qui</strong></span> <span class='ocrx_word' id='word_1_589' title='bbox 3070 4413 3219 4468; x_wconf 89' lang='lat' dir='ltr'><strong>intus</strong></span> <span class='ocrx_word' id='word_1_590' title='bbox 3245 4420 3346 4477; x_wconf 90' lang='lat' dir='ltr'><strong>est,</strong></span> <span class='ocrx_word' id='word_1_591' title='bbox 3372 4428 3600 4468; x_wconf 88' lang='lat' dir='ltr'><strong>renova-</strong></span> 
     </span>
    </p>
   </div>
   <div class='ocr_carea' id='block_1_89' title="bbox 351 4479 679 4550">
    <p class='ocr_par' dir='ltr' id='par_1_89' title="bbox 351 4479 679 4550">
     <span class='ocr_line' id='line_1_90' title="bbox 351 4479 679 4550; baseline 0.006 -18"><span class='ocrx_word' id='word_1_592' title='bbox 351 4480 443 4532; x_wconf 76' lang='grc' dir='ltr'><strong>καὶ</strong></span> <span class='ocrx_word' id='word_1_593' title='bbox 480 4479 679 4550; x_wconf 81' lang='grc' dir='ltr'>ἡμέρᾳ.</span> 
     </span>
    </p>
   </div>
   <div class='ocr_carea' id='block_1_90' title="bbox 417 4567 1922 4657">
    <p class='ocr_par' dir='ltr' id='par_1_90' title="bbox 417 4567 1922 4657">
     <span class='ocr_line' id='line_1_91' title="bbox 417 4567 1922 4657; baseline 0.013 -36"><span class='ocrx_word' id='word_1_594' title='bbox 417 4568 600 4638; x_wconf 73' lang='grc' dir='ltr'>Σιρὰχ</span> <span class='ocrx_word' id='word_1_595' title='bbox 629 4567 736 4631; x_wconf 68' lang='grc' dir='ltr'><strong>λζ’.</strong></span> <span class='ocrx_word' id='word_1_596' title='bbox 766 4601 835 4614; x_wconf 86' lang='grc'><strong>--</strong></span> <span class='ocrx_word' id='word_1_597' title='bbox 863 4573 1087 4639; x_wconf 82' lang='grc' dir='ltr'>Τέκνον,</span> <span class='ocrx_word' id='word_1_598' title='bbox 1142 4576 1201 4628; x_wconf 75' lang='grc' dir='ltr'><strong>ὲν</strong></span> <span class='ocrx_word' id='word_1_599' title='bbox 1244 4578 1517 4649; x_wconf 80' lang='grc' dir='ltr'>πραΰτητι</span> <span class='ocrx_word' id='word_1_600' title='bbox 1570 4579 1792 4648; x_wconf 77' lang='grc' dir='ltr'>δόξασον</span> <span class='ocrx_word' id='word_1_601' title='bbox 1851 4586 1922 4657; x_wconf 85' lang='lat' dir='ltr'><strong>(e)</strong></span> 
     </span>
    </p>
   </div>
   <div class='ocr_carea' id='block_1_91' title="bbox 2026 4508 2605 4563">
    <p class='ocr_par' dir='ltr' id='par_1_91' title="bbox 2026 4508 2605 4563">
     <span class='ocr_line' id='line_1_92' title="bbox 2026 4508 2605 4563; baseline -0.002 -1"><span class='ocrx_word' id='word_1_602' title='bbox 2026 4516 2119 4563; x_wconf 88' lang='lat' dir='ltr'><strong>tur</strong></span> <span class='ocrx_word' id='word_1_603' title='bbox 2143 4509 2212 4562; x_wconf 93' lang='lat' dir='ltr'><strong>de</strong></span> <span class='ocrx_word' id='word_1_604' title='bbox 2235 4508 2325 4562; x_wconf 90' lang='lat' dir='ltr'><strong>die</strong></span> <span class='ocrx_word' id='word_1_605' title='bbox 2351 4508 2605 4562; x_wconf 82' lang='lat' dir='ltr'><strong>indiem.</strong></span> 
     </span>
    </p>
   </div>
   <div class='ocr_carea' id='block_1_92' title="bbox 2099 4592 3596 4661">
    <p class='ocr_par' dir='ltr' id='par_1_92' title="bbox 2099 4592 3596 4661">
     <span class='ocr_line' id='line_1_93' title="bbox 2099 4592 3596 4661; baseline -0.003 -13"><span class='ocrx_word' id='word_1_606' title='bbox 2099 4593 2332 4658; x_wconf 79' lang='lat' dir='ltr'><strong>Eccii.x,</strong></span> <span class='ocrx_word' id='word_1_607' title='bbox 2362 4595 2460 4660; x_wconf 79' lang='lat' dir='ltr'><strong>5i;</strong></span> <span class='ocrx_word' id='word_1_608' title='bbox 2489 4610 2689 4660; x_wconf 76' lang='lat' dir='ltr'><strong>xxxvii,</strong></span> <span class='ocrx_word' id='word_1_609' title='bbox 2716 4595 2805 4659; x_wconf 80' lang='lat'><strong>50,</strong></span> <span class='ocrx_word' id='word_1_610' title='bbox 2832 4595 2921 4650; x_wconf 78' lang='lat' dir='ltr'><strong>5i.</strong></span> <span class='ocrx_word' id='word_1_611' title='bbox 2945 4624 3016 4636; x_wconf 89' lang='lat'><strong>-—</strong></span> <span class='ocrx_word' id='word_1_612' title='bbox 3042 4592 3166 4661; x_wconf 89' lang='lat' dir='ltr'><strong>Fili,</strong></span> <span class='ocrx_word' id='word_1_613' title='bbox 3196 4593 3252 4648; x_wconf 91' lang='lat' dir='ltr'><strong>in</strong></span> <span class='ocrx_word' id='word_1_614' title='bbox 3282 4601 3596 4649; x_wconf 78' lang='lat' dir='ltr'><strong>mansuetu.</strong></span> 
     </span>
    </p>
   </div>
   <div class='ocr_carea' id='block_1_93' title="bbox 344 4659 1941 4756">
    <p class='ocr_par' dir='ltr' id='par_1_93' title="bbox 344 4659 1922 4756">
     <span class='ocr_line' id='line_1_94' title="bbox 344 4659 1922 4756; baseline 0.013 -45"><span class='ocrx_word' id='word_1_615' title='bbox 344 4659 446 4756; x_wconf 71' lang='grc' dir='ltr'><strong>τὴν</strong></span> <span class='ocrx_word' id='word_1_616' title='bbox 480 4660 660 4733; x_wconf 80' lang='grc' dir='ltr'>ψυχήν</span> <span class='ocrx_word' id='word_1_617' title='bbox 692 4680 812 4727; x_wconf 87' lang='grc' dir='ltr'>σου,</span> <span class='ocrx_word' id='word_1_618' title='bbox 852 4664 946 4718; x_wconf 78' lang='grc' dir='ltr'><strong>καὶ</strong></span> <span class='ocrx_word' id='word_1_619' title='bbox 989 4667 1068 4719; x_wconf 75' lang='grc' dir='ltr'>ἴδε</span> <span class='ocrx_word' id='word_1_620' title='bbox 1102 4666 1159 4720; x_wconf 92' lang='grc' dir='ltr'><strong>τί</strong></span> <span class='ocrx_word' id='word_1_621' title='bbox 1194 4669 1431 4741; x_wconf 77' lang='grc' dir='ltr'>πονηρὸν</span> <span class='ocrx_word' id='word_1_622' title='bbox 1475 4672 1635 4744; x_wconf 79' lang='grc' dir='ltr'>αὐτῇ,</span> <span class='ocrx_word' id='word_1_623' title='bbox 1693 4676 1788 4729; x_wconf 78' lang='grc' dir='ltr'>καὶ</span> <span class='ocrx_word' id='word_1_624' title='bbox 1812 4661 1827 4668; x_wconf 45' lang='grc'><strong>”</strong></span> <span class='ocrx_word' id='word_1_625' title='bbox 1848 4678 1922 4749; x_wconf 82' lang='grc' dir='ltr'><strong>μὴ</strong></span> 
     </span>
    </p>
   </div>
   <div class='ocr_carea' id='block_1_94' title="bbox 2045 4659 3595 4756">
    <p class='ocr_par' dir='ltr' id='par_1_94' title="bbox 2045 4659 3595 4756">
     <span class='ocr_line' id='line_1_95' title="bbox 2045 4659 3595 4756; baseline 0.002 -17"><span class='ocrx_word' id='word_1_626' title='bbox 2045 4684 2152 4741; x_wconf 90' lang='lat' dir='ltr'><strong>line</strong></span> <span class='ocrx_word' id='word_1_627' title='bbox 2175 4685 2418 4756; x_wconf 81' lang='lat' dir='ltr'><strong>gloriﬁca</strong></span> <span class='ocrx_word' id='word_1_628' title='bbox 2444 4659 2682 4741; x_wconf 87' lang='lat' dir='ltr'><strong>animam</strong></span> <span class='ocrx_word' id='word_1_629' title='bbox 2707 4699 2880 4752; x_wconf 88' lang='lat' dir='ltr'><strong>tuam,</strong></span> <span class='ocrx_word' id='word_1_630' title='bbox 2904 4694 2960 4741; x_wconf 90' lang='lat' dir='ltr'><strong>et</strong></span> <span class='ocrx_word' id='word_1_631' title='bbox 2979 4686 3107 4742; x_wconf 87' lang='lat' dir='ltr'><strong>vide</strong></span> <span class='ocrx_word' id='word_1_632' title='bbox 3130 4659 3261 4756; x_wconf 82' lang='lat' dir='ltr'><strong>quid</strong></span> <span class='ocrx_word' id='word_1_633' title='bbox 3287 4685 3364 4739; x_wconf 89' lang='lat' dir='ltr'><strong>illi</strong></span> <span class='ocrx_word' id='word_1_634' title='bbox 3391 4685 3595 4742; x_wconf 90' lang='lat' dir='ltr'><strong>malum</strong></span> 
     </span>
    </p>
   </div>
   <div class='ocr_carea' id='block_1_95' title="bbox 347 4747 1941 4847">
    <p class='ocr_par' dir='ltr' id='par_1_95' title="bbox 347 4747 1920 4847">
     <span class='ocr_line' id='line_1_96' title="bbox 347 4747 1920 4847; baseline 0.013 -45"><span class='ocrx_word' id='word_1_635' title='bbox 347 4747 452 4847; x_wconf 60' lang='grc' dir='ltr'><strong>δῶς</strong></span> <span class='ocrx_word' id='word_1_636' title='bbox 474 4753 743 4847; x_wconf 19' lang='grc' dir='ltr'><strong>αὐτῇῚΟὐ</strong></span> <span class='ocrx_word' id='word_1_637' title='bbox 783 4753 892 4825; x_wconf 75' lang='grc' dir='ltr'><strong>γὰρ</strong></span> <span class='ocrx_word' id='word_1_638' title='bbox 940 4756 1118 4810; x_wconf 84' lang='grc' dir='ltr'>πάντα</span> <span class='ocrx_word' id='word_1_639' title='bbox 1162 4760 1299 4813; x_wconf 79' lang='grc' dir='ltr'>πᾶσι</span> <span class='ocrx_word' id='word_1_640' title='bbox 1353 4762 1622 4835; x_wconf 84' lang='grc' dir='ltr'>συμφέρει</span> <span class='ocrx_word' id='word_1_641' title='bbox 1650 4780 1664 4795; x_wconf 83' lang='grc'><em>’</em></span> <span class='ocrx_word' id='word_1_642' title='bbox 1719 4768 1815 4820; x_wconf 76' lang='grc' dir='ltr'><strong>καὶ</strong></span> <span class='ocrx_word' id='word_1_643' title='bbox 1857 4747 1920 4823; x_wconf 65' lang='grc' dir='ltr'><strong>οὗ</strong></span> 
     </span>
    </p>
   </div>
   <div class='ocr_carea' id='block_1_96' title="bbox 2045 4747 3597 4847">
    <p class='ocr_par' dir='ltr' id='par_1_96' title="bbox 2045 4774 3597 4847">
     <span class='ocr_line' id='line_1_97' title="bbox 2045 4774 3597 4847; baseline 0.004 -20"><span class='ocrx_word' id='word_1_644' title='bbox 2045 4774 2113 4840; x_wconf 85' lang='lat' dir='ltr'><strong>it,</strong></span> <span class='ocrx_word' id='word_1_645' title='bbox 2135 4784 2191 4831; x_wconf 91' lang='lat' dir='ltr'><strong>et</strong></span> <span class='ocrx_word' id='word_1_646' title='bbox 2216 4791 2285 4829; x_wconf 91' lang='lat' dir='ltr'><strong>ne</strong></span> <span class='ocrx_word' id='word_1_647' title='bbox 2313 4775 2533 4831; x_wconf 89' lang='lat' dir='ltr'><strong>dederis</strong></span> <span class='ocrx_word' id='word_1_648' title='bbox 2555 4776 2628 4830; x_wconf 90' lang='lat' dir='ltr'><strong>ei.</strong></span> <span class='ocrx_word' id='word_1_649' title='bbox 2650 4776 2769 4832; x_wconf 89' lang='lat' dir='ltr'><strong>Non</strong></span> <span class='ocrx_word' id='word_1_650' title='bbox 2796 4777 2942 4831; x_wconf 87' lang='lat' dir='ltr'><strong>enim</strong></span> <span class='ocrx_word' id='word_1_651' title='bbox 2970 4776 3159 4832; x_wconf 89' lang='lat' dir='ltr'><strong>omnia</strong></span> <span class='ocrx_word' id='word_1_652' title='bbox 3185 4775 3442 4833; x_wconf 88' lang='lat' dir='ltr'><strong>omnibus</strong></span> <span class='ocrx_word' id='word_1_653' title='bbox 3467 4793 3597 4847; x_wconf 80' lang='lat' dir='ltr'><strong>pro-</strong></span> 
     </span>
    </p>
   </div>
   <div class='ocr_carea' id='block_1_97' title="bbox 343 4842 1206 4913">
    <p class='ocr_par' dir='ltr' id='par_1_97' title="bbox 343 4842 1206 4913">
     <span class='ocr_line' id='line_1_98' title="bbox 343 4842 1206 4913; baseline 0.013 -21"><span class='ocrx_word' id='word_1_654' title='bbox 343 4842 497 4895; x_wconf 80' lang='grc' dir='ltr'>πᾶσα</span> <span class='ocrx_word' id='word_1_655' title='bbox 527 4842 674 4913; x_wconf 73' lang='grc' dir='ltr'>ψυχὴ</span> <span class='ocrx_word' id='word_1_656' title='bbox 707 4845 767 4897; x_wconf 79' lang='grc' dir='ltr'><strong>ὲν</strong></span> <span class='ocrx_word' id='word_1_657' title='bbox 786 4846 952 4899; x_wconf 82' lang='grc' dir='ltr'>παντὶ</span> <span class='ocrx_word' id='word_1_658' title='bbox 976 4848 1206 4905; x_wconf 80' lang='grc' dir='ltr'>εὐδοκεῖ.</span> 
     </span>
    </p>
   </div>
   <div class='ocr_carea' id='block_1_98' title="bbox 426 4930 1913 5020">
    <p class='ocr_par' dir='ltr' id='par_1_98' title="bbox 426 4930 1913 5020">
     <span class='ocr_line' id='line_1_99' title="bbox 426 4930 1913 5020; baseline 0.012 -37"><span class='ocrx_word' id='word_1_659' title='bbox 426 4930 492 4983; x_wconf 85' lang='grc' dir='ltr'><strong>Ἡ</strong></span> <span class='ocrx_word' id='word_1_660' title='bbox 548 4934 900 5006; x_wconf 83' lang='grc' dir='ltr'>καταστροφὴ</span> <span class='ocrx_word' id='word_1_661' title='bbox 937 4936 1046 4989; x_wconf 91' lang='grc' dir='ltr'><strong>τῶν</strong></span> <span class='ocrx_word' id='word_1_662' title='bbox 1087 4940 1421 5010; x_wconf 87' lang='grc' dir='ltr'>παρανόμων</span> <span class='ocrx_word' id='word_1_663' title='bbox 1480 4942 1546 5012; x_wconf 81' lang='lat' dir='ltr'><strong>(f)</strong></span> <span class='ocrx_word' id='word_1_664' title='bbox 1600 4947 1739 5017; x_wconf 90' lang='grc' dir='ltr'><strong>κακὴ</strong></span> <span class='ocrx_word' id='word_1_665' title='bbox 1775 4963 1790 4977; x_wconf 77' lang='grc' dir='ltr'><strong>ο</strong></span> <span class='ocrx_word' id='word_1_666' title='bbox 1847 4951 1913 5020; x_wconf 82' lang='grc' dir='ltr'>τῇ</span> 
     </span>
    </p>
   </div>
   <div class='ocr_carea' id='block_1_99' title="bbox 342 5017 1662 5103">
    <p class='ocr_par' dir='ltr' id='par_1_99' title="bbox 342 5017 1662 5103">
     <span class='ocr_line' id='line_1_100' title="bbox 342 5017 1662 5103; baseline 0.013 -31"><span class='ocrx_word' id='word_1_667' title='bbox 342 5017 454 5102; x_wconf 75' lang='grc' dir='ltr'><strong>γὰρ</strong></span> <span class='ocrx_word' id='word_1_668' title='bbox 475 5021 701 5095; x_wconf 77' lang='grc' dir='ltr'>ἀσεϐείᾳ</span> <span class='ocrx_word' id='word_1_669' title='bbox 730 5023 827 5095; x_wconf 73' lang='grc' dir='ltr'><strong>τὴν</strong></span> <span class='ocrx_word' id='word_1_670' title='bbox 861 5025 1039 5080; x_wconf 83' lang='grc' dir='ltr'>αὐτῶν</span> <span class='ocrx_word' id='word_1_671' title='bbox 1071 5027 1249 5100; x_wconf 82' lang='grc' dir='ltr'>ψυχὴν</span> <span class='ocrx_word' id='word_1_672' title='bbox 1278 5030 1662 5103; x_wconf 72' lang='grc' dir='ltr'>ἀφαιροῦνται.</span> 
     </span>
    </p>
   </div>
   <div class='ocr_carea' id='block_1_100' title="bbox 2023 4864 3256 4936">
    <p class='ocr_par' dir='ltr' id='par_1_100' title="bbox 2023 4864 3256 4936">
     <span class='ocr_line' id='line_1_101' title="bbox 2023 4864 3256 4936; baseline 0 -17"><span class='ocrx_word' id='word_1_673' title='bbox 2023 4873 2174 4928; x_wconf 86' lang='lat' dir='ltr'><strong>sunt,</strong></span> <span class='ocrx_word' id='word_1_674' title='bbox 2198 4879 2303 4918; x_wconf 88' lang='lat' dir='ltr'><strong>nec</strong></span> <span class='ocrx_word' id='word_1_675' title='bbox 2325 4864 2475 4918; x_wconf 89' lang='lat' dir='ltr'><strong>omni</strong></span> <span class='ocrx_word' id='word_1_676' title='bbox 2504 4865 2701 4920; x_wconf 68' lang='lat' dir='ltr'><strong>animm</strong></span> <span class='ocrx_word' id='word_1_677' title='bbox 2723 4867 2905 4921; x_wconf 89' lang='lat' dir='ltr'><strong>omnia</strong></span> <span class='ocrx_word' id='word_1_678' title='bbox 2933 4865 3256 4936; x_wconf 89' lang='lat' dir='ltr'><strong>probantur.</strong></span> 
     </span>
    </p>
   </div>
   <div class='ocr_carea' id='block_1_101' title="bbox 2093 4955 3592 5028">
    <p class='ocr_par' dir='ltr' id='par_1_101' title="bbox 2093 4955 3592 5028">
     <span class='ocr_line' id='line_1_102' title="bbox 2093 4955 3592 5028; baseline 0 -17"><span class='ocrx_word' id='word_1_679' title='bbox 2093 4955 2230 5011; x_wconf 88' lang='lat' dir='ltr'><strong>Mala</strong></span> <span class='ocrx_word' id='word_1_680' title='bbox 2254 4964 2340 5011; x_wconf 90' lang='lat' dir='ltr'><strong>est</strong></span> <span class='ocrx_word' id='word_1_681' title='bbox 2360 4956 2753 5012; x_wconf 87' lang='lat' dir='ltr'><strong>sceleratorum</strong></span> <span class='ocrx_word' id='word_1_682' title='bbox 2784 4957 3101 5025; x_wconf 88' lang='lat' dir='ltr'><strong>subversio;</strong></span> <span class='ocrx_word' id='word_1_683' title='bbox 3137 4958 3417 5028; x_wconf 90' lang='lat' dir='ltr'><strong>impietate</strong></span> <span class='ocrx_word' id='word_1_684' title='bbox 3444 4957 3592 5012; x_wconf 74' lang='lat' dir='ltr'><strong>enim</strong></span> 
     </span>
    </p>
   </div>
   <div class='ocr_carea' id='block_1_102' title="bbox 2022 5041 2881 5110">
    <p class='ocr_par' dir='ltr' id='par_1_102' title="bbox 2022 5041 2881 5110">
     <span class='ocr_line' id='line_1_103' title="bbox 2022 5041 2881 5110; baseline 0.002 -14"><span class='ocrx_word' id='word_1_685' title='bbox 2022 5055 2178 5096; x_wconf 85' lang='lat' dir='ltr'><strong>suam</strong></span> <span class='ocrx_word' id='word_1_686' title='bbox 2211 5041 2314 5110; x_wconf 91' lang='lat' dir='ltr'><strong>ipsi</strong></span> <span class='ocrx_word' id='word_1_687' title='bbox 2343 5042 2600 5098; x_wconf 86' lang='lat' dir='ltr'><strong>auferunt</strong></span> <span class='ocrx_word' id='word_1_688' title='bbox 2623 5047 2881 5098; x_wconf 86' lang='lat' dir='ltr'><strong>animam.</strong></span> 
     </span>
    </p>
   </div>
   <div class='ocr_carea' id='block_1_103' title="bbox 1613 5143 2291 5204">
    <p class='ocr_par' dir='ltr' id='par_1_103' title="bbox 1613 5143 2291 5204">
     <span class='ocr_line' id='line_1_104' title="bbox 1613 5143 2291 5204; baseline 0.012 -8"><span class='ocrx_word' id='word_1_689' title='bbox 1613 5143 1848 5199; x_wconf 77' lang='lat' dir='ltr'><strong>VARUE</strong></span> <span class='ocrx_word' id='word_1_690' title='bbox 1887 5145 2291 5204; x_wconf 73' lang='lat' dir='ltr'><strong>LECTIONES.</strong></span> 
     </span>
    </p>
   </div>
   <div class='ocr_carea' id='block_1_104' title="bbox 418 5219 1774 5289">
    <p class='ocr_par' dir='ltr' id='par_1_104' title="bbox 418 5219 1774 5289">
     <span class='ocr_line' id='line_1_105' title="bbox 418 5219 1774 5289; baseline 0.013 -17"><span class='ocrx_word' id='word_1_691' title='bbox 418 5220 459 5249; x_wconf 82' lang='lat'>&quot;</span> <span class='ocrx_word' id='word_1_692' title='bbox 498 5219 611 5275; x_wconf 86' lang='lat' dir='ltr'><strong>Bal.</strong></span> <span class='ocrx_word' id='word_1_693' title='bbox 662 5222 965 5288; x_wconf 77' lang='grc' dir='ltr'>Πλάτωνος.</span> <span class='ocrx_word' id='word_1_694' title='bbox 1043 5227 1085 5259; x_wconf 85' lang='grc'><strong>¹⁷</strong></span> <span class='ocrx_word' id='word_1_695' title='bbox 1114 5227 1176 5282; x_wconf 88' lang='lat' dir='ltr'><strong>In</strong></span> <span class='ocrx_word' id='word_1_696' title='bbox 1222 5229 1390 5285; x_wconf 85' lang='lat' dir='ltr'><strong>Gesn.</strong></span> <span class='ocrx_word' id='word_1_697' title='bbox 1439 5229 1600 5287; x_wconf 88' lang='lat' dir='ltr'><strong>Stob.</strong></span> <span class='ocrx_word' id='word_1_698' title='bbox 1646 5233 1774 5289; x_wconf 78' lang='lat'><strong>293.</strong></span> 
     </span>
    </p>
   </div>
   <div class='ocr_carea' id='block_1_105' title="bbox 373 5377 1911 5460">
    <p class='ocr_par' dir='ltr' id='par_1_105' title="bbox 373 5377 1911 5460">
     <span class='ocr_line' id='line_1_106' title="bbox 373 5377 1911 5460; baseline 0.015 -30"><span class='ocrx_word' id='word_1_699' title='bbox 373 5445 386 5457; x_wconf 47' lang='lat'><em>.</em></span> <span class='ocrx_word' id='word_1_700' title='bbox 412 5377 498 5460; x_wconf 55' lang='grc' dir='ltr'><strong>(ς).</strong></span> <span class='ocrx_word' id='word_1_701' title='bbox 526 5380 626 5460; x_wconf 59' lang='grc' dir='ltr'><strong>Ἐξν</strong></span> <span class='ocrx_word' id='word_1_702' title='bbox 652 5384 943 5460; x_wconf 60' lang='grc' dir='ltr'>πραΰτητι</span> <span class='ocrx_word' id='word_1_703' title='bbox 963 5385 1249 5460; x_wconf 57' lang='grc' dir='ltr'>δόξαᾳοῄ.</span> <span class='ocrx_word' id='word_1_704' title='bbox 1285 5389 1449 5460; x_wconf 80' lang='lat' dir='ltr'><strong>Forte</strong></span> <span class='ocrx_word' id='word_1_705' title='bbox 1476 5392 1667 5460; x_wconf 88' lang='lat' dir='ltr'><strong>lapsus</strong></span> <span class='ocrx_word' id='word_1_706' title='bbox 1701 5410 1911 5454; x_wconf 87' lang='lat' dir='ltr'><strong>memo-</strong></span> 
     </span>
    </p>
   </div>
   <div class='ocr_carea' id='block_1_106' title="bbox 1860 5304 2094 5362">
    <p class='ocr_par' dir='ltr' id='par_1_106' title="bbox 1860 5304 2094 5362">
     <span class='ocr_line' id='line_1_107' title="bbox 1860 5304 2094 5362; baseline 0.009 -2"><span class='ocrx_word' id='word_1_707' title='bbox 1860 5304 2094 5362; x_wconf 69' lang='lat' dir='ltr'><strong>NOTAE.</strong></span> 
     </span>
    </p>
   </div>
   <div class='ocr_carea' id='block_1_107' title="bbox 2023 5400 3589 5480">
    <p class='ocr_par' dir='ltr' id='par_1_107' title="bbox 2023 5400 3589 5480">
     <span class='ocr_line' id='line_1_108' title="bbox 2023 5400 3589 5480; baseline 0.007 -27"><span class='ocrx_word' id='word_1_708' title='bbox 2023 5400 2113 5480; x_wconf 78' lang='lat' dir='ltr'><strong>hic</strong></span> <span class='ocrx_word' id='word_1_709' title='bbox 2130 5402 2453 5480; x_wconf 60' lang='lat' dir='ltr'><strong>subiuncta.</strong></span> <span class='ocrx_word' id='word_1_710' title='bbox 2473 5404 2589 5480; x_wconf 68' lang='lat' dir='ltr'><strong>Non</strong></span> <span class='ocrx_word' id='word_1_711' title='bbox 2609 5406 2747 5480; x_wconf 84' lang='lat' dir='ltr'><strong>bene</strong></span> <span class='ocrx_word' id='word_1_712' title='bbox 2766 5407 2932 5480; x_wconf 86' lang='lat' dir='ltr'><strong>Gesn.</strong></span> <span class='ocrx_word' id='word_1_713' title='bbox 2961 5410 3119 5476; x_wconf 87' lang='lat' dir='ltr'><strong>illud,</strong></span> <span class='ocrx_word' id='word_1_714' title='bbox 3158 5410 3234 5466; x_wconf 78' lang='grc' dir='ltr'>ῐδε</span> <span class='ocrx_word' id='word_1_715' title='bbox 3270 5413 3324 5465; x_wconf 82' lang='grc' dir='ltr'><strong>τί</strong></span> <span class='ocrx_word' id='word_1_716' title='bbox 3353 5415 3589 5480; x_wconf 78' lang='grc' dir='ltr'>πονηρὸν</span> 
     </span>
    </p>
   </div>
   <div class='ocr_carea' id='block_1_108' title="bbox 340 5448 3587 5552">
    <p class='ocr_par' dir='ltr' id='par_1_108' title="bbox 340 5448 3587 5552">
     <span class='ocr_line' id='line_1_109' title="bbox 340 5448 3587 5552; baseline 0.011 -51"><span class='ocrx_word' id='word_1_717' title='bbox 340 5448 740 5552; x_wconf 45' lang='grc' dir='ltr'><strong>Ξῖαηὲξῗξὶειξᾞξέ</strong></span> <span class='ocrx_word' id='word_1_718' title='bbox 773 5448 1514 5552; x_wconf 38' lang='lat' dir='ltr'><strong>siias&#39;sutig‘du&#39;obpslocxig,</strong></span> <span class='ocrx_word' id='word_1_719' title='bbox 1527 5448 1913 5552; x_wconf 42' lang='lat' dir='ltr'><strong>gummi—tier</strong></span> <span class='ocrx_word' id='word_1_720' title='bbox 2019 5448 2490 5552; x_wconf 50' lang='lat' dir='ltr'><strong>iiii.“</strong></span> <span class='ocrx_word' id='word_1_721' title='bbox 2502 5448 3119 5552; x_wconf 47' lang='grc' dir='ltr'><strong>ἐἶ-εἶνῖἧ-νῶῖίῖξίίιῖξξ</strong></span> <span class='ocrx_word' id='word_1_722' title='bbox 3280 5448 3587 5537; x_wconf 49' lang='lat' dir='ltr'><strong>Iu&#39;ZIé‘fIJ;</strong></span> 
     </span>
    </p>
   </div>
   <div class='ocr_carea' id='block_1_109' title="bbox 341 5519 3588 5636">
    <p class='ocr_par' dir='ltr' id='par_1_109' title="bbox 341 5519 3588 5636">
     <span class='ocr_line' id='line_1_110' title="bbox 341 5519 3588 5636; baseline 0.012 -67"><span class='ocrx_word' id='word_1_723' title='bbox 341 5525 560 5636; x_wconf 44' lang='lat' dir='ltr'><strong>appetet</strong></span> <span class='ocrx_word' id='word_1_724' title='bbox 587 5519 757 5575; x_wconf 84' lang='lat' dir='ltr'><strong>Eccli.</strong></span> <span class='ocrx_word' id='word_1_725' title='bbox 799 5537 1005 5588; x_wconf 80' lang='lat' dir='ltr'><strong>xxxvn,</strong></span> <span class='ocrx_word' id='word_1_726' title='bbox 1045 5525 1131 5608; x_wconf 65' lang='lat'><strong>50.</strong></span> <span class='ocrx_word' id='word_1_727' title='bbox 1162 5527 1389 5610; x_wconf 56' lang='grc' dir='ltr'>Τέκνον,</span> <span class='ocrx_word' id='word_1_728' title='bbox 1439 5531 1498 5581; x_wconf 83' lang='grc' dir='ltr'><strong>ὲν</strong></span> <span class='ocrx_word' id='word_1_729' title='bbox 1526 5533 1592 5600; x_wconf 74' lang='grc' dir='ltr'>τῇ</span> <span class='ocrx_word' id='word_1_730' title='bbox 1643 5530 1764 5617; x_wconf 45' lang='grc' dir='ltr'>ζωῇ.</span> <span class='ocrx_word' id='word_1_731' title='bbox 1815 5519 1909 5589; x_wconf 68' lang='grc' dir='ltr'>3ου</span> <span class='ocrx_word' id='word_1_732' title='bbox 2019 5541 2084 5602; x_wconf 77' lang='lat' dir='ltr'><strong>ei,</strong></span> <span class='ocrx_word' id='word_1_733' title='bbox 2126 5519 2158 5595; x_wconf 66' lang='lat'><strong>5‘</strong></span> <span class='ocrx_word' id='word_1_734' title='bbox 2188 5557 2299 5611; x_wconf 90' lang='lat' dir='ltr'><strong>quo</strong></span> 
     </span>
     <span class='ocr_line' id='line_1_111' title="bbox 390 5588 3165 5636; baseline 0 0"><span class='ocrx_word' id='word_1_735' title='bbox 390 5613 409 5636; x_wconf 67' lang='grc' dir='ltr'><strong>ε</strong></span> <span class='ocrx_word' id='word_1_736' title='bbox 439 5602 602 5636; x_wconf 82' lang='grc' dir='ltr'>οασον</span> <span class='ocrx_word' id='word_1_737' title='bbox 622 5588 721 5636; x_wconf 70' lang='grc' dir='ltr'><strong>τὴν</strong></span> <span class='ocrx_word' id='word_1_738' title='bbox 740 5588 919 5636; x_wconf 53' lang='lat' dir='ltr'><strong>dimi-iw</strong></span> <span class='ocrx_word' id='word_1_739' title='bbox 936 5608 1050 5636; x_wconf 35' lang='lat' dir='ltr'><strong>anu-</strong></span> <span class='ocrx_word' id='word_1_740' title='bbox 1075 5593 1171 5636; x_wconf 66' lang='grc' dir='ltr'><strong>ΡΛ.</strong></span> <span class='ocrx_word' id='word_1_741' title='bbox 1212 5614 1266 5636; x_wconf 72' lang='grc' dir='ltr'>ιη</span> <span class='ocrx_word' id='word_1_742' title='bbox 1280 5607 1384 5636; x_wconf 67' lang='lat' dir='ltr'><strong>min</strong></span> <span class='ocrx_word' id='word_1_743' title='bbox 1405 5605 1494 5636; x_wconf 65' lang='lat' dir='ltr'><strong>tam</strong></span> <span class='ocrx_word' id='word_1_744' title='bbox 1520 5606 1660 5636; x_wconf 69' lang='lat' dir='ltr'><strong>tanta</strong></span> <span class='ocrx_word' id='word_1_745' title='bbox 1677 5618 1906 5636; x_wconf 64' lang='lat' dir='ltr'><strong>nnomnn-</strong></span> <span class='ocrx_word' id='word_1_746' title='bbox 2016 5609 2172 5636; x_wconf 59' lang='grc' dir='ltr'>..Λιςεη</span> <span class='ocrx_word' id='word_1_747' title='bbox 2196 5627 2299 5636; x_wconf 68' lang='grc' dir='ltr'><strong>η..-</strong></span> <span class='ocrx_word' id='word_1_748' title='bbox 2332 5612 2448 5636; x_wconf 58' lang='grc' dir='ltr'>..λ-ε</span> <span class='ocrx_word' id='word_1_749' title='bbox 2479 5614 2575 5636; x_wconf 70' lang='grc' dir='ltr'><strong>“-ε</strong></span> <span class='ocrx_word' id='word_1_750' title='bbox 2612 5615 2766 5636; x_wconf 71' lang='lat' dir='ltr'><strong>-_-_L:</strong></span> <span class='ocrx_word' id='word_1_751' title='bbox 2806 5633 2856 5636; x_wconf 86' lang='lat'><strong>__</strong></span> <span class='ocrx_word' id='word_1_752' title='bbox 2883 5618 2984 5636; x_wconf 42' lang='grc' dir='ltr'>..μμ</span> <span class='ocrx_word' id='word_1_753' title='bbox 3031 5618 3066 5636; x_wconf 58' lang='lat'><strong>,2</strong></span> <span class='ocrx_word' id='word_1_754' title='bbox 3115 5629 3126 5636; x_wconf 87' lang='lat'><strong>.</strong></span> <span class='ocrx_word' id='word_1_755' title='bbox 3152 5622 3165 5636; x_wconf 85' lang='grc'><em>.</em></span> 
     </span>
    </p>
   </div>
   <div class='ocr_carea' id='block_1_110' title="bbox 390 5588 3165 5687">
    <p class='ocr_par' dir='ltr' id='par_1_110' title="bbox 390 5588 3165 5687">
     <span class='ocr_line' id='line_1_112' title="bbox 390 5588 3165 5687; baseline 0.013 -50"><span class='ocrx_word' id='word_1_756' title='bbox 622 5588 721 5687; x_wconf 41' lang='grc' dir='ltr'><strong>τῆὴν</strong></span> <span class='ocrx_word' id='word_1_757' title='bbox 740 5588 1029 5687; x_wconf 51' lang='grc' dir='ltr'>ψιέχὴν-σου</span> <span class='ocrx_word' id='word_1_758' title='bbox 1039 5593 1266 5687; x_wconf 40' lang='lat' dir='ltr'><strong>.Af</strong></span> <span class='ocrx_word' id='word_1_759' title='bbox 1280 5588 1385 5687; x_wconf 56' lang='lat' dir='ltr'><strong>nitri</strong></span> <span class='ocrx_word' id='word_1_760' title='bbox 1404 5605 1495 5652; x_wconf 85' lang='lat' dir='ltr'><strong>tua</strong></span> <span class='ocrx_word' id='word_1_761' title='bbox 1520 5588 1909 5687; x_wconf 59' lang='grc' dir='ltr'><strong>εοῇιᾰαὴἳῃιαηι</strong></span> 
     </span>
    </p>
   </div>
   <div class='ocr_carea' id='block_1_111' title="bbox 344 5655 1907 5747">
    <p class='ocr_par' dir='ltr' id='par_1_111' title="bbox 344 5655 1907 5747">
     <span class='ocr_line' id='line_1_113' title="bbox 344 5655 1907 5747; baseline 0.011 -36"><span class='ocrx_word' id='word_1_762' title='bbox 344 5659 513 5721; x_wconf 78' lang='lat' dir='ltr'><strong>tuam,</strong></span> <span class='ocrx_word' id='word_1_763' title='bbox 550 5655 604 5710; x_wconf 92' lang='lat' dir='ltr'><strong>id</strong></span> <span class='ocrx_word' id='word_1_764' title='bbox 640 5655 726 5713; x_wconf 68' lang='lat' dir='ltr'><strong>est</strong></span> <span class='ocrx_word' id='word_1_765' title='bbox 749 5655 997 5732; x_wconf 76' lang='lat' dir='ltr'><strong>explora;</strong></span> <span class='ocrx_word' id='word_1_766' title='bbox 1042 5663 1109 5718; x_wconf 88' lang='lat' dir='ltr'><strong>ad</strong></span> <span class='ocrx_word' id='word_1_767' title='bbox 1156 5655 1302 5737; x_wconf 83' lang='lat' dir='ltr'><strong>quod</strong></span> <span class='ocrx_word' id='word_1_768' title='bbox 1345 5678 1652 5739; x_wconf 75' lang='lat' dir='ltr'><strong>sequuntur</strong></span> <span class='ocrx_word' id='word_1_769' title='bbox 1695 5655 1907 5747; x_wconf 69' lang='lat' dir='ltr'><strong>reliqua</strong></span> 
     </span>
    </p>
   </div>
   <div class='ocr_carea' id='block_1_112' title="bbox 2086 5678 3594 5763">
    <p class='ocr_par' dir='ltr' id='par_1_112' title="bbox 2086 5678 3594 5763">
     <span class='ocr_line' id='line_1_114' title="bbox 2086 5678 3594 5763; baseline -0.002 -16"><span class='ocrx_word' id='word_1_770' title='bbox 2086 5678 2150 5753; x_wconf 78' lang='grc' dir='ltr'><strong>(Γ)</strong></span> <span class='ocrx_word' id='word_1_771' title='bbox 2190 5681 2247 5739; x_wconf 81' lang='grc' dir='ltr'><em>Ἡ</em></span> <span class='ocrx_word' id='word_1_772' title='bbox 2276 5684 2662 5756; x_wconf 77' lang='grc' dir='ltr'>καταστροφὴ</span> <span class='ocrx_word' id='word_1_773' title='bbox 2693 5684 2813 5742; x_wconf 84' lang='grc' dir='ltr'>τῶν</span> <span class='ocrx_word' id='word_1_774' title='bbox 2838 5678 3214 5763; x_wconf 65' lang='grc' dir='ltr'>αᾷιρανόμων.</span> <span class='ocrx_word' id='word_1_775' title='bbox 3248 5690 3484 5748; x_wconf 82' lang='lat' dir='ltr'><strong>Videtur</strong></span> <span class='ocrx_word' id='word_1_776' title='bbox 3534 5706 3594 5745; x_wconf 80' lang='lat' dir='ltr'><strong>ex</strong></span> 
     </span>
    </p>
   </div>
  </div>
