  <div class='ocr_page' id='page_1' title='image "/cluster/home/n/w/nwhite01/storage/ocr_20150623/91/mdp.39015022223195/479.png"; bbox 0 0 4066 6146; ppageno 0'>
   <div class='ocr_carea' id='block_1_1' title="bbox 441 297 601 362">
    <p class='ocr_par' dir='ltr' id='par_1_1' title="bbox 441 297 601 362">
     <span class='ocr_line' id='line_1_1' title="bbox 441 297 601 362; baseline -0.019 1"><span class='ocrx_word' id='word_1_1' title='bbox 441 301 452 311; x_wconf 85' lang='grc'><strong><em>“</em></strong></span> <span class='ocrx_word' id='word_1_2' title='bbox 495 297 601 362; x_wconf 75' lang='grc'><strong>955</strong></span> 
     </span>
    </p>
   </div>
   <div class='ocr_carea' id='block_1_2' title="bbox 1658 292 2584 360">
    <p class='ocr_par' dir='ltr' id='par_1_2' title="bbox 1658 292 2584 360">
     <span class='ocr_line' id='line_1_2' title="bbox 1658 292 2584 360; baseline -0.002 -5"><span class='ocrx_word' id='word_1_3' title='bbox 1658 302 1717 360; x_wconf 78' lang='grc' dir='ltr'><strong>ς.</strong></span> <span class='ocrx_word' id='word_1_4' title='bbox 1759 298 2036 359; x_wconf 76' lang='grc' dir='ltr'><strong>ΜΑΧΙΜί</strong></span> <span class='ocrx_word' id='word_1_5' title='bbox 2081 292 2584 355; x_wconf 75' lang='lat' dir='ltr'><strong>CONFESSORIS</strong></span> 
     </span>
    </p>
   </div>
   <div class='ocr_carea' id='block_1_3' title="bbox 3636 271 3745 340">
    <p class='ocr_par' dir='ltr' id='par_1_3' title="bbox 3636 271 3745 340">
     <span class='ocr_line' id='line_1_3' title="bbox 3636 271 3745 340; baseline 0.009 -1"><span class='ocrx_word' id='word_1_6' title='bbox 3636 271 3745 340; x_wconf 68' lang='lat'><strong>$56</strong></span> 
     </span>
    </p>
   </div>
   <div class='ocr_carea' id='block_1_4' title="bbox 570 387 2086 483">
    <p class='ocr_par' dir='ltr' id='par_1_4' title="bbox 570 412 2060 483">
     <span class='ocr_line' id='line_1_4' title="bbox 570 412 2060 483; baseline -0.001 -16"><span class='ocrx_word' id='word_1_7' title='bbox 570 414 725 467; x_wconf 81' lang='lat' dir='ltr'><strong>Prov.</strong></span> <span class='ocrx_word' id='word_1_8' title='bbox 751 429 824 478; x_wconf 79' lang='lat' dir='ltr'><strong>xi,</strong></span> <span class='ocrx_word' id='word_1_9' title='bbox 849 412 937 467; x_wconf 73' lang='lat'><strong>25.</strong></span> <span class='ocrx_word' id='word_1_10' title='bbox 966 441 1032 451; x_wconf 89' lang='lat'><strong>-—-</strong></span> <span class='ocrx_word' id='word_1_11' title='bbox 1060 412 1253 467; x_wconf 81' lang='lat' dir='ltr'><strong>Anima</strong></span> <span class='ocrx_word' id='word_1_12' title='bbox 1283 413 1592 481; x_wconf 78' lang='lat' dir='ltr'><strong>benedicta,</strong></span> <span class='ocrx_word' id='word_1_13' title='bbox 1620 416 1797 470; x_wconf 85' lang='lat' dir='ltr'><strong>omnis</strong></span> <span class='ocrx_word' id='word_1_14' title='bbox 1825 429 1946 483; x_wconf 77' lang='lat' dir='ltr'><strong>qua:</strong></span> <span class='ocrx_word' id='word_1_15' title='bbox 1975 420 2060 466; x_wconf 91' lang='lat' dir='ltr'><strong>est</strong></span> 
     </span>
    </p>
   </div>
   <div class='ocr_carea' id='block_1_5' title="bbox 2188 387 3741 483">
    <p class='ocr_par' dir='ltr' id='par_1_5' title="bbox 2233 387 3741 478">
     <span class='ocr_line' id='line_1_5' title="bbox 2233 387 3741 478; baseline -0.015 -16"><span class='ocrx_word' id='word_1_16' title='bbox 2233 412 2475 477; x_wconf 85' lang='grc' dir='ltr'>Παροιμ.</span> <span class='ocrx_word' id='word_1_17' title='bbox 2508 413 2598 461; x_wconf 86' lang='grc' dir='ltr'>ια’.</span> <span class='ocrx_word' id='word_1_18' title='bbox 2624 437 2692 449; x_wconf 95' lang='grc'><strong><em>-</em></strong></span> <span class='ocrx_word' id='word_1_19' title='bbox 2723 406 2884 478; x_wconf 80' lang='grc' dir='ltr'>Ψυχὴ</span> <span class='ocrx_word' id='word_1_20' title='bbox 2924 403 3297 475; x_wconf 79' lang='grc' dir='ltr'>εὐλογημένη,</span> <span class='ocrx_word' id='word_1_21' title='bbox 3356 396 3508 448; x_wconf 75' lang='grc' dir='ltr'>πᾶσα</span> <span class='ocrx_word' id='word_1_22' title='bbox 3561 387 3741 455; x_wconf 83' lang='grc' dir='ltr'>άπλῆ.</span> 
     </span>
    </p>
   </div>
   <div class='ocr_carea' id='block_1_6' title="bbox 494 505 1093 573">
    <p class='ocr_par' dir='ltr' id='par_1_6' title="bbox 494 505 1093 573">
     <span class='ocr_line' id='line_1_6' title="bbox 494 505 1093 573; baseline -0.005 -14"><span class='ocrx_word' id='word_1_23' title='bbox 494 508 535 559; x_wconf 48' lang='grc' dir='ltr'>εξ</span> <span class='ocrx_word' id='word_1_24' title='bbox 552 505 748 573; x_wconf 71' lang='lat' dir='ltr'><strong>&#39;nplex.</strong></span> <span class='ocrx_word' id='word_1_25' title='bbox 1090 560 1093 561; x_wconf 24' lang='grc' dir='ltr'>ν</span> 
     </span>
    </p>
   </div>
   <div class='ocr_carea' id='block_1_7' title="bbox 564 591 2058 665">
    <p class='ocr_par' dir='ltr' id='par_1_7' title="bbox 564 591 2058 665">
     <span class='ocr_line' id='line_1_7' title="bbox 564 591 2058 665; baseline 0.002 -22"><span class='ocrx_word' id='word_1_26' title='bbox 564 591 771 645; x_wconf 71' lang='lat' dir='ltr'><strong>Basilii.</strong></span> <span class='ocrx_word' id='word_1_27' title='bbox 806 621 875 630; x_wconf 91' lang='lat'>—</span> <span class='ocrx_word' id='word_1_28' title='bbox 915 593 1124 648; x_wconf 71' lang='lat' dir='ltr'><strong>Animae</strong></span> <span class='ocrx_word' id='word_1_29' title='bbox 1166 595 1491 657; x_wconf 77' lang='lat' dir='ltr'><strong>thesaurus,</strong></span> <span class='ocrx_word' id='word_1_30' title='bbox 1526 605 1739 665; x_wconf 76' lang='lat' dir='ltr'><strong>egestas</strong></span> <span class='ocrx_word' id='word_1_31' title='bbox 1780 594 2058 662; x_wconf 88' lang='lat' dir='ltr'><strong>corporis;</strong></span> 
     </span>
    </p>
   </div>
   <div class='ocr_carea' id='block_1_8' title="bbox 497 680 1505 753">
    <p class='ocr_par' dir='ltr' id='par_1_8' title="bbox 497 680 1505 753">
     <span class='ocr_line' id='line_1_8' title="bbox 497 680 1505 753; baseline 0.004 -19"><span class='ocrx_word' id='word_1_32' title='bbox 497 681 602 734; x_wconf 86' lang='lat' dir='ltr'><strong>hoc</strong></span> <span class='ocrx_word' id='word_1_33' title='bbox 634 682 780 733; x_wconf 88' lang='lat' dir='ltr'><strong>enim</strong></span> <span class='ocrx_word' id='word_1_34' title='bbox 814 680 1005 746; x_wconf 93' lang='lat' dir='ltr'><strong>divite,</strong></span> <span class='ocrx_word' id='word_1_35' title='bbox 1035 682 1128 737; x_wconf 89' lang='lat' dir='ltr'><strong>illa</strong></span> <span class='ocrx_word' id='word_1_36' title='bbox 1162 700 1370 753; x_wconf 84' lang='lat' dir='ltr'><strong>pauper</strong></span> <span class='ocrx_word' id='word_1_37' title='bbox 1402 693 1505 738; x_wconf 91' lang='lat' dir='ltr'><strong>est.</strong></span> 
     </span>
    </p>
   </div>
   <div class='ocr_carea' id='block_1_9' title="bbox 565 770 2059 843">
    <p class='ocr_par' dir='ltr' id='par_1_9' title="bbox 565 770 2059 843">
     <span class='ocr_line' id='line_1_9' title="bbox 565 770 2059 843; baseline -0.002 -16"><span class='ocrx_word' id='word_1_38' title='bbox 565 770 767 827; x_wconf 85' lang='lat' dir='ltr'><strong>Natura</strong></span> <span class='ocrx_word' id='word_1_39' title='bbox 818 771 1024 825; x_wconf 90' lang='lat' dir='ltr'><strong>bonum</strong></span> <span class='ocrx_word' id='word_1_40' title='bbox 1076 775 1258 843; x_wconf 87' lang='lat' dir='ltr'><strong>putari</strong></span> <span class='ocrx_word' id='word_1_41' title='bbox 1309 773 1510 838; x_wconf 88' lang='lat' dir='ltr'><strong>debet,</strong></span> <span class='ocrx_word' id='word_1_42' title='bbox 1558 772 1707 842; x_wconf 91' lang='lat' dir='ltr'><strong>quod</strong></span> <span class='ocrx_word' id='word_1_43' title='bbox 1760 779 1846 827; x_wconf 90' lang='lat' dir='ltr'><strong>est</strong></span> <span class='ocrx_word' id='word_1_44' title='bbox 1894 771 2059 825; x_wconf 88' lang='lat' dir='ltr'><strong>animi</strong></span> 
     </span>
    </p>
   </div>
   <div class='ocr_carea' id='block_1_10' title="bbox 496 860 727 914">
    <p class='ocr_par' dir='ltr' id='par_1_10' title="bbox 496 860 727 914">
     <span class='ocr_line' id='line_1_10' title="bbox 496 860 727 914; baseline -0.009 0"><span class='ocrx_word' id='word_1_45' title='bbox 496 860 727 914; x_wconf 86' lang='lat' dir='ltr'><strong>bonum.</strong></span> 
     </span>
    </p>
   </div>
   <div class='ocr_carea' id='block_1_11' title="bbox 565 948 2064 1024">
    <p class='ocr_par' dir='ltr' id='par_1_11' title="bbox 565 948 2064 1024">
     <span class='ocr_line' id='line_1_11' title="bbox 565 948 2064 1024; baseline -0.001 -20"><span class='ocrx_word' id='word_1_46' title='bbox 565 953 737 1004; x_wconf 84' lang='lat' dir='ltr'><strong>Nemo</strong></span> <span class='ocrx_word' id='word_1_47' title='bbox 760 950 985 1019; x_wconf 89' lang='lat' dir='ltr'><strong>negligit</strong></span> <span class='ocrx_word' id='word_1_48' title='bbox 1006 950 1052 1006; x_wconf 90' lang='lat' dir='ltr'><strong>si</strong></span> <span class='ocrx_word' id='word_1_49' title='bbox 1080 949 1252 1004; x_wconf 82' lang='lat' dir='ltr'><strong>ﬁlium</strong></span> <span class='ocrx_word' id='word_1_50' title='bbox 1276 950 1480 1005; x_wconf 89' lang='lat' dir='ltr'><strong>viderit</strong></span> <span class='ocrx_word' id='word_1_51' title='bbox 1508 951 1563 1003; x_wconf 91' lang='lat' dir='ltr'><strong>in</strong></span> <span class='ocrx_word' id='word_1_52' title='bbox 1593 949 1808 1003; x_wconf 85' lang='lat' dir='ltr'><strong>foveam</strong></span> <span class='ocrx_word' id='word_1_53' title='bbox 1833 948 2064 1024; x_wconf 78' lang='lat' dir='ltr'><strong>cadere;</strong></span> 
     </span>
    </p>
   </div>
   <div class='ocr_carea' id='block_1_12' title="bbox 2240 560 3744 654">
    <p class='ocr_par' dir='ltr' id='par_1_12' title="bbox 2240 560 3744 654">
     <span class='ocr_line' id='line_1_12' title="bbox 2240 560 3744 654; baseline -0.011 -14"><span class='ocrx_word' id='word_1_54' title='bbox 2240 587 2576 640; x_wconf 77' lang='grc' dir='ltr'>Βασιλείου.</span> <span class='ocrx_word' id='word_1_55' title='bbox 2606 614 2673 624; x_wconf 89' lang='grc'><strong><em>-</em></strong></span> <span class='ocrx_word' id='word_1_56' title='bbox 2700 582 2893 654; x_wconf 81' lang='grc' dir='ltr'>Ψυχῆς</span> <span class='ocrx_word' id='word_1_57' title='bbox 2942 578 3315 651; x_wconf 80' lang='grc' dir='ltr'>θησαύρισμα,</span> <span class='ocrx_word' id='word_1_58' title='bbox 3365 568 3625 638; x_wconf 82' lang='grc' dir='ltr'>σώματος</span> <span class='ocrx_word' id='word_1_59' title='bbox 3653 560 3744 614; x_wconf 66' lang='grc' dir='ltr'><strong>ἕν’</strong></span> 
     </span>
    </p>
   </div>
   <div class='ocr_carea' id='block_1_13' title="bbox 2166 662 3558 757">
    <p class='ocr_par' dir='ltr' id='par_1_13' title="bbox 2166 662 3558 757">
     <span class='ocr_line' id='line_1_13' title="bbox 2166 662 3558 757; baseline -0.014 -27"><span class='ocrx_word' id='word_1_60' title='bbox 2166 679 2301 757; x_wconf 64' lang='grc' dir='ltr'>δεια.</span> <span class='ocrx_word' id='word_1_61' title='bbox 2340 675 2540 728; x_wconf 84' lang='grc' dir='ltr'><strong>Τούτου</strong></span> <span class='ocrx_word' id='word_1_62' title='bbox 2566 674 2676 746; x_wconf 85' lang='grc' dir='ltr'>γάρ</span> <span class='ocrx_word' id='word_1_63' title='bbox 2701 673 3072 737; x_wconf 79' lang='grc' dir='ltr'><strong>πλουτοῦντος,</strong></span> <span class='ocrx_word' id='word_1_64' title='bbox 3101 667 3282 736; x_wconf 72' lang='grc' dir='ltr'>ἐκείνη</span> <span class='ocrx_word' id='word_1_65' title='bbox 3312 662 3558 757; x_wconf 70' lang='grc' dir='ltr'>πένεται.</span> 
     </span>
    </p>
   </div>
   <div class='ocr_carea' id='block_1_14' title="bbox 2238 745 3743 837">
    <p class='ocr_par' dir='ltr' id='par_1_14' title="bbox 2238 745 3743 837">
     <span class='ocr_line' id='line_1_14' title="bbox 2238 745 3743 837; baseline -0.017 -15"><span class='ocrx_word' id='word_1_66' title='bbox 2238 746 2401 822; x_wconf 53' lang='grc' dir='ltr'>δύσει</span> <span class='ocrx_word' id='word_1_67' title='bbox 2430 767 2592 821; x_wconf 80' lang='grc' dir='ltr'>καλὸν</span> <span class='ocrx_word' id='word_1_68' title='bbox 2612 745 2864 837; x_wconf 70' lang='grc' dir='ltr'>ἡγεῖσθαι</span> <span class='ocrx_word' id='word_1_69' title='bbox 2883 763 3010 835; x_wconf 83' lang='grc' dir='ltr'>χρὴ,</span> <span class='ocrx_word' id='word_1_70' title='bbox 3039 760 3102 815; x_wconf 75' lang='grc' dir='ltr'>τὸ</span> <span class='ocrx_word' id='word_1_71' title='bbox 3132 759 3231 828; x_wconf 82' lang='grc' dir='ltr'>τῆς</span> <span class='ocrx_word' id='word_1_72' title='bbox 3280 753 3457 826; x_wconf 78' lang='grc' dir='ltr'>ψυχῆς</span> <span class='ocrx_word' id='word_1_73' title='bbox 3506 745 3743 817; x_wconf 82' lang='grc' dir='ltr'>ἀγαθόν.</span> 
     </span>
    </p>
   </div>
   <div class='ocr_carea' id='block_1_15' title="bbox 2241 919 3747 1010">
    <p class='ocr_par' dir='ltr' id='par_1_15' title="bbox 2241 919 3747 1010">
     <span class='ocr_line' id='line_1_15' title="bbox 2241 919 3747 1010; baseline -0.017 -14"><span class='ocrx_word' id='word_1_74' title='bbox 2241 943 2429 1004; x_wconf 76' lang='grc' dir='ltr'>οὐδεὶς</span> <span class='ocrx_word' id='word_1_75' title='bbox 2457 941 2688 1010; x_wconf 81' lang='grc' dir='ltr'>περιορᾷ</span> <span class='ocrx_word' id='word_1_76' title='bbox 2708 938 2771 992; x_wconf 80' lang='grc' dir='ltr'>τὸ</span> <span class='ocrx_word' id='word_1_77' title='bbox 2792 936 2981 992; x_wconf 77' lang='grc' dir='ltr'>ἑαυτοῦ</span> <span class='ocrx_word' id='word_1_78' title='bbox 3021 934 3209 988; x_wconf 88' lang='grc' dir='ltr'>τέκνον</span> <span class='ocrx_word' id='word_1_79' title='bbox 3259 929 3450 1001; x_wconf 78' lang='grc' dir='ltr'><strong>μέλλον</strong></span> <span class='ocrx_word' id='word_1_80' title='bbox 3501 919 3747 977; x_wconf 86' lang='grc' dir='ltr'>καταπί-</span> 
     </span>
    </p>
   </div>
   <div class='ocr_carea' id='block_1_16' title="bbox 498 1014 2086 1110">
    <p class='ocr_par' dir='ltr' id='par_1_16' title="bbox 498 1040 2067 1110">
     <span class='ocr_line' id='line_1_16' title="bbox 498 1040 2067 1110; baseline -0.001 -17"><span class='ocrx_word' id='word_1_81' title='bbox 498 1040 584 1094; x_wconf 87' lang='lat' dir='ltr'><strong>vel</strong></span> <span class='ocrx_word' id='word_1_82' title='bbox 615 1041 659 1094; x_wconf 87' lang='lat' dir='ltr'><strong>si</strong></span> <span class='ocrx_word' id='word_1_83' title='bbox 686 1041 967 1104; x_wconf 86' lang='lat' dir='ltr'><strong>ceciderit,</strong></span> <span class='ocrx_word' id='word_1_84' title='bbox 992 1043 1047 1094; x_wconf 91' lang='lat' dir='ltr'><strong>in</strong></span> <span class='ocrx_word' id='word_1_85' title='bbox 1073 1057 1138 1095; x_wconf 92' lang='lat' dir='ltr'><strong>ea</strong></span> <span class='ocrx_word' id='word_1_86' title='bbox 1164 1041 1405 1110; x_wconf 91' lang='lat' dir='ltr'><strong>positum</strong></span> <span class='ocrx_word' id='word_1_87' title='bbox 1434 1056 1560 1095; x_wconf 89' lang='lat' dir='ltr'><strong>eum</strong></span> <span class='ocrx_word' id='word_1_88' title='bbox 1588 1040 1796 1094; x_wconf 77' lang='lat' dir='ltr'><strong>deserit</strong></span> <span class='ocrx_word' id='word_1_89' title='bbox 1821 1057 1833 1092; x_wconf 92' lang='lat'>:</span> <span class='ocrx_word' id='word_1_90' title='bbox 1861 1049 2067 1108; x_wconf 90' lang='lat' dir='ltr'><strong>quanto</strong></span> 
     </span>
    </p>
   </div>
   <div class='ocr_carea' id='block_1_17' title="bbox 2188 1014 3745 1110">
    <p class='ocr_par' dir='ltr' id='par_1_17' title="bbox 2188 1014 3745 1110">
     <span class='ocr_line' id='line_1_17' title="bbox 2188 1014 3745 1110; baseline -0.017 -20"><span class='ocrx_word' id='word_1_91' title='bbox 2188 1051 2327 1089; x_wconf 76' lang='grc' dir='ltr'>ττειν</span> <span class='ocrx_word' id='word_1_92' title='bbox 2354 1033 2434 1095; x_wconf 83' lang='grc' dir='ltr'><strong>είς</strong></span> <span class='ocrx_word' id='word_1_93' title='bbox 2470 1029 2769 1101; x_wconf 84' lang='grc' dir='ltr'>βόθυνον,ἢ</span> <span class='ocrx_word' id='word_1_94' title='bbox 2801 1027 3039 1098; x_wconf 77' lang='grc' dir='ltr'>ἐμπεσὸν</span> <span class='ocrx_word' id='word_1_95' title='bbox 3062 1017 3426 1091; x_wconf 56' lang='grc' dir='ltr'>ὲναφίησιιτῷ</span> <span class='ocrx_word' id='word_1_96' title='bbox 3452 1014 3745 1110; x_wconf 41' lang='lat' dir='ltr'><strong>amb-patr</strong></span> 
     </span>
    </p>
   </div>
   <div class='ocr_carea' id='block_1_18' title="bbox 498 1128 2069 1199">
    <p class='ocr_par' dir='ltr' id='par_1_18' title="bbox 498 1128 2069 1199">
     <span class='ocr_line' id='line_1_18' title="bbox 498 1128 2069 1199; baseline 0.001 -19"><span class='ocrx_word' id='word_1_97' title='bbox 498 1129 738 1198; x_wconf 79' lang='lat' dir='ltr'><strong>gravius,</strong></span> <span class='ocrx_word' id='word_1_98' title='bbox 765 1131 909 1199; x_wconf 91' lang='lat' dir='ltr'><strong>quod</strong></span> <span class='ocrx_word' id='word_1_99' title='bbox 940 1132 1176 1185; x_wconf 90' lang='lat' dir='ltr'><strong>animam</strong></span> <span class='ocrx_word' id='word_1_100' title='bbox 1206 1133 1262 1184; x_wconf 92' lang='lat' dir='ltr'><strong>in</strong></span> <span class='ocrx_word' id='word_1_101' title='bbox 1292 1132 1454 1185; x_wconf 88' lang='lat' dir='ltr'><strong>altam</strong></span> <span class='ocrx_word' id='word_1_102' title='bbox 1486 1132 1755 1184; x_wconf 88' lang='lat' dir='ltr'><strong>malorum</strong></span> <span class='ocrx_word' id='word_1_103' title='bbox 1782 1128 2069 1184; x_wconf 84' lang='lat' dir='ltr'><strong>cadentem</strong></span> 
     </span>
    </p>
   </div>
   <div class='ocr_carea' id='block_1_19' title="bbox 497 1218 1696 1289">
    <p class='ocr_par' dir='ltr' id='par_1_19' title="bbox 497 1218 1696 1289">
     <span class='ocr_line' id='line_1_19' title="bbox 497 1218 1696 1289; baseline 0.002 -21"><span class='ocrx_word' id='word_1_104' title='bbox 497 1218 835 1286; x_wconf 71' lang='lat' dir='ltr'><strong>voraginem,</strong></span> <span class='ocrx_word' id='word_1_105' title='bbox 862 1220 915 1273; x_wconf 92' lang='lat' dir='ltr'><strong>in</strong></span> <span class='ocrx_word' id='word_1_106' title='bbox 947 1219 1176 1274; x_wconf 89' lang='lat' dir='ltr'><strong>interitu</strong></span> <span class='ocrx_word' id='word_1_107' title='bbox 1209 1221 1326 1289; x_wconf 91' lang='lat' dir='ltr'><strong>ipso</strong></span> <span class='ocrx_word' id='word_1_108' title='bbox 1354 1219 1696 1274; x_wconf 81' lang='lat' dir='ltr'><strong>deserimus!</strong></span> 
     </span>
    </p>
   </div>
   <div class='ocr_carea' id='block_1_20' title="bbox 570 1307 2067 1380">
    <p class='ocr_par' dir='ltr' id='par_1_20' title="bbox 570 1307 2067 1380">
     <span class='ocr_line' id='line_1_20' title="bbox 570 1307 2067 1380; baseline 0.001 -19"><span class='ocrx_word' id='word_1_109' title='bbox 570 1307 830 1378; x_wconf 79' lang='lat' dir='ltr'><strong>Theologi.</strong></span> <span class='ocrx_word' id='word_1_110' title='bbox 850 1340 919 1348; x_wconf 97' lang='lat'>—</span> <span class='ocrx_word' id='word_1_111' title='bbox 943 1310 1081 1375; x_wconf 86' lang='lat' dir='ltr'><strong>Quid</strong></span> <span class='ocrx_word' id='word_1_112' title='bbox 1111 1311 1210 1365; x_wconf 86' lang='lat' dir='ltr'><strong>tibi</strong></span> <span class='ocrx_word' id='word_1_113' title='bbox 1237 1312 1318 1364; x_wconf 86' lang='lat' dir='ltr'><strong>vis</strong></span> <span class='ocrx_word' id='word_1_114' title='bbox 1346 1310 1485 1374; x_wconf 85' lang='lat' dir='ltr'><strong>fieri,</strong></span> <span class='ocrx_word' id='word_1_115' title='bbox 1517 1326 1668 1380; x_wconf 89' lang='lat' dir='ltr'><strong>rogo,</strong></span> <span class='ocrx_word' id='word_1_116' title='bbox 1692 1310 1910 1364; x_wconf 88' lang='lat' dir='ltr'><strong>anima?</strong></span> <span class='ocrx_word' id='word_1_117' title='bbox 1927 1308 2067 1374; x_wconf 83' lang='lat' dir='ltr'><strong>Quid</strong></span> 
     </span>
    </p>
   </div>
   <div class='ocr_carea' id='block_1_21' title="bbox 502 1397 2072 1469">
    <p class='ocr_par' dir='ltr' id='par_1_21' title="bbox 502 1397 2072 1469">
     <span class='ocr_line' id='line_1_21' title="bbox 502 1397 2072 1469; baseline 0.003 -20"><span class='ocrx_word' id='word_1_118' title='bbox 502 1397 704 1466; x_wconf 86' lang='lat' dir='ltr'><strong>magni,</strong></span> <span class='ocrx_word' id='word_1_119' title='bbox 736 1399 939 1466; x_wconf 85' lang='lat' dir='ltr'><strong>quidve</strong></span> <span class='ocrx_word' id='word_1_120' title='bbox 978 1402 1152 1468; x_wconf 88' lang='lat' dir='ltr'><strong>parvi,</strong></span> <span class='ocrx_word' id='word_1_121' title='bbox 1185 1402 1253 1454; x_wconf 90' lang='lat' dir='ltr'><strong>iis</strong></span> <span class='ocrx_word' id='word_1_122' title='bbox 1285 1416 1351 1454; x_wconf 78' lang='lat' dir='ltr'><strong>ex</strong></span> <span class='ocrx_word' id='word_1_123' title='bbox 1388 1402 1557 1455; x_wconf 87' lang='lat' dir='ltr'><strong>rebus</strong></span> <span class='ocrx_word' id='word_1_124' title='bbox 1589 1416 1712 1469; x_wconf 69' lang='lat' dir='ltr'><strong>qua:</strong></span> <span class='ocrx_word' id='word_1_125' title='bbox 1746 1400 2072 1454; x_wconf 86' lang='lat' dir='ltr'><strong>mortalibus</strong></span> 
     </span>
    </p>
   </div>
   <div class='ocr_carea' id='block_1_22' title="bbox 503 1488 2074 1560">
    <p class='ocr_par' dir='ltr' id='par_1_22' title="bbox 503 1488 2074 1560">
     <span class='ocr_line' id='line_1_22' title="bbox 503 1488 2074 1560; baseline 0.003 -20"><span class='ocrx_word' id='word_1_126' title='bbox 503 1488 558 1541; x_wconf 89' lang='lat' dir='ltr'><strong>in</strong></span> <span class='ocrx_word' id='word_1_127' title='bbox 591 1488 769 1557; x_wconf 87' lang='lat' dir='ltr'><strong>pretio</strong></span> <span class='ocrx_word' id='word_1_128' title='bbox 794 1490 960 1543; x_wconf 84' lang='lat' dir='ltr'><strong>sunt?</strong></span> <span class='ocrx_word' id='word_1_129' title='bbox 989 1490 1183 1556; x_wconf 70' lang='lat' dir='ltr'><strong>Quaere</strong></span> <span class='ocrx_word' id='word_1_130' title='bbox 1213 1491 1376 1545; x_wconf 89' lang='lat' dir='ltr'><strong>modo</strong></span> <span class='ocrx_word' id='word_1_131' title='bbox 1406 1491 1618 1560; x_wconf 89' lang='lat' dir='ltr'><strong>aliquid</strong></span> <span class='ocrx_word' id='word_1_132' title='bbox 1644 1492 1989 1560; x_wconf 69' lang='lat' dir='ltr'><strong>praeclarum,</strong></span> <span class='ocrx_word' id='word_1_133' title='bbox 2017 1497 2074 1545; x_wconf 90' lang='lat' dir='ltr'><strong>et</strong></span> 
     </span>
    </p>
   </div>
   <div class='ocr_carea' id='block_1_23' title="bbox 504 1576 795 1633">
    <p class='ocr_par' dir='ltr' id='par_1_23' title="bbox 504 1576 795 1633">
     <span class='ocr_line' id='line_1_23' title="bbox 504 1576 795 1633; baseline 0.01 -3"><span class='ocrx_word' id='word_1_134' title='bbox 504 1577 605 1631; x_wconf 85' lang='lat' dir='ltr'><strong>tibi</strong></span> <span class='ocrx_word' id='word_1_135' title='bbox 630 1576 795 1633; x_wconf 88' lang='lat' dir='ltr'><strong>dabo.</strong></span> 
     </span>
    </p>
   </div>
   <div class='ocr_carea' id='block_1_24' title="bbox 573 1668 1966 1742">
    <p class='ocr_par' dir='ltr' id='par_1_24' title="bbox 573 1668 1966 1742">
     <span class='ocr_line' id='line_1_24' title="bbox 573 1668 1966 1742; baseline 0.004 -20"><span class='ocrx_word' id='word_1_136' title='bbox 573 1668 772 1723; x_wconf 76' lang='lat' dir='ltr'><strong>Animo</strong></span> <span class='ocrx_word' id='word_1_137' title='bbox 803 1670 986 1740; x_wconf 82' lang='lat' dir='ltr'><strong>potius</strong></span> <span class='ocrx_word' id='word_1_138' title='bbox 1018 1673 1130 1727; x_wconf 90' lang='lat' dir='ltr'><strong>Deo</strong></span> <span class='ocrx_word' id='word_1_139' title='bbox 1161 1673 1402 1736; x_wconf 90' lang='lat' dir='ltr'><strong>immola,</strong></span> <span class='ocrx_word' id='word_1_140' title='bbox 1435 1688 1599 1742; x_wconf 89' lang='lat' dir='ltr'><strong>quam</strong></span> <span class='ocrx_word' id='word_1_141' title='bbox 1632 1672 1746 1727; x_wconf 87' lang='lat' dir='ltr'><strong>voti</strong></span> <span class='ocrx_word' id='word_1_142' title='bbox 1782 1672 1966 1727; x_wconf 89' lang='lat' dir='ltr'><strong>modo.</strong></span> 
     </span>
    </p>
   </div>
   <div class='ocr_carea' id='block_1_25' title="bbox 2175 1101 3749 1194">
    <p class='ocr_par' dir='ltr' id='par_1_25' title="bbox 2175 1101 3749 1194">
     <span class='ocr_line' id='line_1_25' title="bbox 2175 1101 3749 1194; baseline -0.016 -16"><span class='ocrx_word' id='word_1_143' title='bbox 2175 1125 2326 1194; x_wconf 85' lang='grc' dir='ltr'>πόσῳ</span> <span class='ocrx_word' id='word_1_144' title='bbox 2360 1122 2418 1176; x_wconf 71' lang='grc' dir='ltr'><strong>δὲ</strong></span> <span class='ocrx_word' id='word_1_145' title='bbox 2445 1119 2744 1191; x_wconf 82' lang='grc' dir='ltr'>δεινότερον</span> <span class='ocrx_word' id='word_1_146' title='bbox 2769 1116 2945 1187; x_wconf 74' lang='grc' dir='ltr'>ψυχὴν</span> <span class='ocrx_word' id='word_1_147' title='bbox 2973 1116 3054 1179; x_wconf 80' lang='grc' dir='ltr'>εἰς</span> <span class='ocrx_word' id='word_1_148' title='bbox 3074 1112 3093 1139; x_wconf 75' lang='lat'>‘</span> <span class='ocrx_word' id='word_1_149' title='bbox 3111 1112 3275 1192; x_wconf 82' lang='grc' dir='ltr'>βάθος</span> <span class='ocrx_word' id='word_1_150' title='bbox 3331 1106 3518 1162; x_wconf 82' lang='grc' dir='ltr'>κακῶν</span> <span class='ocrx_word' id='word_1_151' title='bbox 3573 1101 3749 1174; x_wconf 78' lang='grc' dir='ltr'>ὲμπί-</span> 
     </span>
    </p>
   </div>
   <div class='ocr_carea' id='block_1_26' title="bbox 2174 1205 3108 1280">
    <p class='ocr_par' dir='ltr' id='par_1_26' title="bbox 2174 1205 3108 1280">
     <span class='ocr_line' id='line_1_26' title="bbox 2174 1205 3108 1280; baseline -0.013 -12"><span class='ocrx_word' id='word_1_152' title='bbox 2174 1230 2414 1270; x_wconf 83' lang='grc' dir='ltr'>πτουσαν</span> <span class='ocrx_word' id='word_1_153' title='bbox 2449 1213 2725 1280; x_wconf 72' lang='grc' dir='ltr'><strong>ἐναφεῖναι</strong></span> <span class='ocrx_word' id='word_1_154' title='bbox 2746 1211 2810 1278; x_wconf 79' lang='grc' dir='ltr'>τῇ</span> <span class='ocrx_word' id='word_1_155' title='bbox 2832 1205 3108 1275; x_wconf 50' lang='grc' dir='ltr'>ἀπωλείῃ</span> 
     </span>
    </p>
   </div>
   <div class='ocr_carea' id='block_1_27' title="bbox 2247 1282 3750 1372">
    <p class='ocr_par' dir='ltr' id='par_1_27' title="bbox 2247 1282 3750 1372">
     <span class='ocr_line' id='line_1_27' title="bbox 2247 1282 3750 1372; baseline -0.017 -12"><span class='ocrx_word' id='word_1_156' title='bbox 2247 1305 2564 1372; x_wconf 76' lang='grc' dir='ltr'>Θεολόγου.</span> <span class='ocrx_word' id='word_1_157' title='bbox 2605 1330 2678 1342; x_wconf 95' lang='lat'><strong>—</strong></span> <span class='ocrx_word' id='word_1_158' title='bbox 2719 1299 2785 1351; x_wconf 89' lang='grc' dir='ltr'>Τί</span> <span class='ocrx_word' id='word_1_159' title='bbox 2848 1314 2932 1350; x_wconf 84' lang='grc' dir='ltr'><strong>σοι</strong></span> <span class='ocrx_word' id='word_1_160' title='bbox 2990 1295 3174 1357; x_wconf 87' lang='grc' dir='ltr'>θέλεις</span> <span class='ocrx_word' id='word_1_161' title='bbox 3226 1289 3516 1359; x_wconf 68' lang='grc' dir='ltr'>γενέσθαις</span> <span class='ocrx_word' id='word_1_162' title='bbox 3564 1282 3750 1354; x_wconf 79' lang='grc' dir='ltr'>ψυχὴν</span> 
     </span>
    </p>
   </div>
   <div class='ocr_carea' id='block_1_28' title="bbox 2176 1374 3751 1466">
    <p class='ocr_par' dir='ltr' id='par_1_28' title="bbox 2176 1374 3751 1466">
     <span class='ocr_line' id='line_1_28' title="bbox 2176 1374 3751 1466; baseline -0.016 -16"><span class='ocrx_word' id='word_1_163' title='bbox 2176 1396 2313 1466; x_wconf 74' lang='grc' dir='ltr'><strong>ἐμὴν</strong></span> <span class='ocrx_word' id='word_1_164' title='bbox 2359 1391 2568 1464; x_wconf 73' lang='grc' dir='ltr'>ἐρωτῶ.</span> <span class='ocrx_word' id='word_1_165' title='bbox 2620 1391 2686 1444; x_wconf 90' lang='grc' dir='ltr'><strong>Τί</strong></span> <span class='ocrx_word' id='word_1_166' title='bbox 2738 1406 2821 1444; x_wconf 80' lang='grc' dir='ltr'><strong>σοι</strong></span> <span class='ocrx_word' id='word_1_167' title='bbox 2859 1388 3002 1459; x_wconf 80' lang='grc' dir='ltr'>μέγα</span> <span class='ocrx_word' id='word_1_168' title='bbox 3046 1384 3164 1455; x_wconf 85' lang='grc' dir='ltr'>ἢτί</span> <span class='ocrx_word' id='word_1_169' title='bbox 3194 1381 3384 1453; x_wconf 74' lang='grc' dir='ltr'>μικρὸν</span> <span class='ocrx_word' id='word_1_170' title='bbox 3408 1378 3517 1431; x_wconf 84' lang='grc' dir='ltr'>τῶν</span> <span class='ocrx_word' id='word_1_171' title='bbox 3546 1374 3751 1466; x_wconf 83' lang='grc' dir='ltr'>τιμίων</span> 
     </span>
    </p>
   </div>
   <div class='ocr_carea' id='block_1_29' title="bbox 2179 1465 3751 1557">
    <p class='ocr_par' dir='ltr' id='par_1_29' title="bbox 2179 1465 3751 1557">
     <span class='ocr_line' id='line_1_29' title="bbox 2179 1465 3751 1557; baseline -0.015 -17"><span class='ocrx_word' id='word_1_172' title='bbox 2179 1465 2413 1557; x_wconf 75' lang='grc' dir='ltr'><strong>βροτοῖσι</strong></span> <span class='ocrx_word' id='word_1_173' title='bbox 2440 1502 2454 1549; x_wconf 91' lang='grc'><strong>;</strong></span> <span class='ocrx_word' id='word_1_174' title='bbox 2485 1485 2644 1554; x_wconf 80' lang='grc' dir='ltr'>Ζήτει</span> <span class='ocrx_word' id='word_1_175' title='bbox 2687 1481 2848 1552; x_wconf 83' lang='grc' dir='ltr'>μόνον</span> <span class='ocrx_word' id='word_1_176' title='bbox 2895 1476 3189 1549; x_wconf 78' lang='grc' dir='ltr'>προθύμως</span> <span class='ocrx_word' id='word_1_177' title='bbox 3239 1491 3292 1526; x_wconf 90' lang='grc' dir='ltr'><strong>τι</strong></span> <span class='ocrx_word' id='word_1_178' title='bbox 3320 1466 3593 1541; x_wconf 80' lang='grc' dir='ltr'>λαμπρὸν,</span> <span class='ocrx_word' id='word_1_179' title='bbox 3657 1465 3751 1518; x_wconf 78' lang='grc' dir='ltr'>καὶ</span> 
     </span>
    </p>
   </div>
   <div class='ocr_carea' id='block_1_30' title="bbox 2176 1576 2907 1631">
    <p class='ocr_par' dir='ltr' id='par_1_30' title="bbox 2176 1576 2907 1631">
     <span class='ocr_line' id='line_1_30' title="bbox 2176 1576 2907 1631; baseline -0.008 0"><span class='ocrx_word' id='word_1_180' title='bbox 2176 1576 2332 1631; x_wconf 85' lang='grc' dir='ltr'><strong>δώσω</strong></span> <span class='ocrx_word' id='word_1_181' title='bbox 2362 1592 2463 1629; x_wconf 83' lang='grc' dir='ltr'>σοι.</span> <span class='ocrx_word' id='word_1_182' title='bbox 2900 1598 2907 1605; x_wconf 70' lang='grc' dir='ltr'><em>υ</em></span> 
     </span>
    </p>
   </div>
   <div class='ocr_carea' id='block_1_31' title="bbox 2245 1652 3547 1736">
    <p class='ocr_par' dir='ltr' id='par_1_31' title="bbox 2245 1652 3547 1736">
     <span class='ocr_line' id='line_1_31' title="bbox 2245 1652 3547 1736; baseline -0.013 -16"><span class='ocrx_word' id='word_1_183' title='bbox 2245 1668 2406 1736; x_wconf 77' lang='grc' dir='ltr'><strong>Ψυχῇ</strong></span> <span class='ocrx_word' id='word_1_184' title='bbox 2437 1665 2531 1717; x_wconf 70' lang='lat' dir='ltr'><strong>Otia</strong></span> <span class='ocrx_word' id='word_1_185' title='bbox 2563 1663 2642 1732; x_wconf 86' lang='grc' dir='ltr'>τῷ</span> <span class='ocrx_word' id='word_1_186' title='bbox 2677 1660 2795 1730; x_wconf 88' lang='grc' dir='ltr'><strong>Θεῷ</strong></span> <span class='ocrx_word' id='word_1_187' title='bbox 2829 1659 3049 1731; x_wconf 76' lang='grc' dir='ltr'>μᾶλλον,</span> <span class='ocrx_word' id='word_1_188' title='bbox 3082 1656 3115 1725; x_wconf 82' lang='grc' dir='ltr'>ἢ</span> <span class='ocrx_word' id='word_1_189' title='bbox 3143 1656 3310 1726; x_wconf 80' lang='grc' dir='ltr'><strong>εὐχῆς</strong></span> <span class='ocrx_word' id='word_1_190' title='bbox 3330 1652 3547 1724; x_wconf 72' lang='grc' dir='ltr'>τρόπῳ.</span> 
     </span>
    </p>
   </div>
   <div class='ocr_carea' id='block_1_32' title="bbox 574 1739 2086 1831">
    <p class='ocr_par' dir='ltr' id='par_1_32' title="bbox 574 1739 2075 1831">
     <span class='ocr_line' id='line_1_32' title="bbox 574 1739 2075 1831; baseline 0.001 -17"><span class='ocrx_word' id='word_1_191' title='bbox 574 1739 896 1831; x_wconf 83' lang='lat' dir='ltr'><strong>Sapientum</strong></span> <span class='ocrx_word' id='word_1_192' title='bbox 940 1763 1100 1818; x_wconf 86' lang='lat' dir='ltr'><strong>dictis</strong></span> <span class='ocrx_word' id='word_1_193' title='bbox 1138 1763 1301 1818; x_wconf 83' lang='lat' dir='ltr'><strong>ﬁdem</strong></span> <span class='ocrx_word' id='word_1_194' title='bbox 1345 1739 1544 1829; x_wconf 81' lang='lat' dir='ltr'><strong>habeo,</strong></span> <span class='ocrx_word' id='word_1_195' title='bbox 1577 1764 1820 1818; x_wconf 89' lang='lat' dir='ltr'><strong>animum</strong></span> <span class='ocrx_word' id='word_1_196' title='bbox 1858 1774 2075 1818; x_wconf 88' lang='lat' dir='ltr'><strong>omnem</strong></span> 
     </span>
    </p>
   </div>
   <div class='ocr_carea' id='block_1_33' title="bbox 2188 1739 3751 1831">
    <p class='ocr_par' dir='ltr' id='par_1_33' title="bbox 2249 1739 3751 1831">
     <span class='ocr_line' id='line_1_33' title="bbox 2249 1739 3751 1831; baseline -0.013 -22"><span class='ocrx_word' id='word_1_197' title='bbox 2249 1754 2512 1825; x_wconf 83' lang='grc' dir='ltr'>Πείθομαι</span> <span class='ocrx_word' id='word_1_198' title='bbox 2538 1751 2715 1822; x_wconf 80' lang='grc' dir='ltr'>σοφῶν</span> <span class='ocrx_word' id='word_1_199' title='bbox 2742 1750 2944 1818; x_wconf 83' lang='grc' dir='ltr'><strong>λόγοις,</strong></span> <span class='ocrx_word' id='word_1_200' title='bbox 2972 1749 3053 1801; x_wconf 82' lang='grc' dir='ltr'><strong>ὅτι</strong></span> <span class='ocrx_word' id='word_1_201' title='bbox 3084 1745 3230 1815; x_wconf 78' lang='grc' dir='ltr'><strong>ψυχὴ</strong></span> <span class='ocrx_word' id='word_1_202' title='bbox 3282 1745 3434 1796; x_wconf 80' lang='grc' dir='ltr'>πᾶσα</span> <span class='ocrx_word' id='word_1_203' title='bbox 3491 1739 3635 1831; x_wconf 58' lang='grc' dir='ltr'>καλῇ</span> <span class='ocrx_word' id='word_1_204' title='bbox 3664 1755 3751 1831; x_wconf 10' lang='grc' dir='ltr'><strong>,τε</strong></span> 
     </span>
    </p>
   </div>
   <div class='ocr_carea' id='block_1_34' title="bbox 504 1852 2081 1923">
    <p class='ocr_par' dir='ltr' id='par_1_34' title="bbox 504 1852 2081 1923">
     <span class='ocr_line' id='line_1_34' title="bbox 504 1852 2081 1923; baseline 0.001 -19"><span class='ocrx_word' id='word_1_205' title='bbox 504 1852 598 1920; x_wconf 90' lang='lat' dir='ltr'><strong>qui</strong></span> <span class='ocrx_word' id='word_1_206' title='bbox 635 1852 706 1905; x_wconf 91' lang='lat' dir='ltr'><strong>sit</strong></span> <span class='ocrx_word' id='word_1_207' title='bbox 738 1852 917 1908; x_wconf 90' lang='lat' dir='ltr'><strong>bonus</strong></span> <span class='ocrx_word' id='word_1_208' title='bbox 951 1868 1014 1907; x_wconf 89' lang='lat' dir='ltr'><strong>ac</strong></span> <span class='ocrx_word' id='word_1_209' title='bbox 1046 1854 1192 1923; x_wconf 89' lang='lat' dir='ltr'><strong>pius,</strong></span> <span class='ocrx_word' id='word_1_210' title='bbox 1227 1854 1320 1907; x_wconf 89' lang='lat' dir='ltr'><strong>ubi</strong></span> <span class='ocrx_word' id='word_1_211' title='bbox 1364 1855 1661 1923; x_wconf 86' lang='lat' dir='ltr'><strong>conjuncto</strong></span> <span class='ocrx_word' id='word_1_212' title='bbox 1703 1853 1809 1907; x_wconf 90' lang='lat' dir='ltr'><strong>sibi</strong></span> <span class='ocrx_word' id='word_1_213' title='bbox 1851 1867 2081 1922; x_wconf 89' lang='lat' dir='ltr'><strong>corpore</strong></span> 
     </span>
    </p>
   </div>
   <div class='ocr_carea' id='block_1_35' title="bbox 504 1943 2080 2014">
    <p class='ocr_par' dir='ltr' id='par_1_35' title="bbox 504 1943 2080 2014">
     <span class='ocr_line' id='line_1_35' title="bbox 504 1943 2080 2014; baseline -0.001 -16"><span class='ocrx_word' id='word_1_214' title='bbox 504 1943 717 1998; x_wconf 71' lang='lat' dir='ltr'><strong>solutus</strong></span> <span class='ocrx_word' id='word_1_215' title='bbox 740 1943 868 1997; x_wconf 88' lang='lat' dir='ltr'><strong>hinc</strong></span> <span class='ocrx_word' id='word_1_216' title='bbox 890 1945 1230 2009; x_wconf 88' lang='lat' dir='ltr'><strong>discesserit,</strong></span> <span class='ocrx_word' id='word_1_217' title='bbox 1253 1960 1377 1998; x_wconf 80' lang='lat' dir='ltr'><strong>mox</strong></span> <span class='ocrx_word' id='word_1_218' title='bbox 1405 1945 1715 2014; x_wconf 89' lang='lat' dir='ltr'><strong>persentire</strong></span> <span class='ocrx_word' id='word_1_219' title='bbox 1740 1960 1804 1998; x_wconf 88' lang='lat' dir='ltr'><strong>ac</strong></span> <span class='ocrx_word' id='word_1_220' title='bbox 1829 1943 2080 1997; x_wconf 87' lang='lat' dir='ltr'><strong>contueri</strong></span> 
     </span>
    </p>
   </div>
   <div class='ocr_carea' id='block_1_36' title="bbox 504 2031 2081 2103">
    <p class='ocr_par' dir='ltr' id='par_1_36' title="bbox 504 2031 2081 2103">
     <span class='ocr_line' id='line_1_36' title="bbox 504 2031 2081 2103; baseline 0 -18"><span class='ocrx_word' id='word_1_221' title='bbox 504 2031 649 2099; x_wconf 88' lang='lat' dir='ltr'><strong>quod</strong></span> <span class='ocrx_word' id='word_1_222' title='bbox 695 2040 782 2085; x_wconf 90' lang='lat' dir='ltr'><strong>est</strong></span> <span class='ocrx_word' id='word_1_223' title='bbox 820 2041 1221 2087; x_wconf 80' lang='lat' dir='ltr'><strong>consecuturus</strong></span> <span class='ocrx_word' id='word_1_224' title='bbox 1259 2033 1490 2098; x_wconf 91' lang='lat' dir='ltr'><strong>bonum,</strong></span> <span class='ocrx_word' id='word_1_225' title='bbox 1549 2041 1737 2103; x_wconf 87' lang='lat' dir='ltr'><strong>utpote</strong></span> <span class='ocrx_word' id='word_1_226' title='bbox 1784 2034 1880 2087; x_wconf 93' lang='lat' dir='ltr'><strong>illo</strong></span> <span class='ocrx_word' id='word_1_227' title='bbox 1932 2031 2081 2101; x_wconf 88' lang='lat' dir='ltr'><strong>quod</strong></span> 
     </span>
    </p>
   </div>
   <div class='ocr_carea' id='block_1_37' title="bbox 504 2121 2079 2193">
    <p class='ocr_par' dir='ltr' id='par_1_37' title="bbox 504 2121 2079 2193">
     <span class='ocr_line' id='line_1_37' title="bbox 504 2121 2079 2193; baseline -0.002 -17"><span class='ocrx_word' id='word_1_228' title='bbox 504 2122 761 2176; x_wconf 85' lang='lat' dir='ltr'><strong>tenebras</strong></span> <span class='ocrx_word' id='word_1_229' title='bbox 792 2122 1111 2178; x_wconf 76' lang='lat' dir='ltr'><strong>effundebat</strong></span> <span class='ocrx_word' id='word_1_230' title='bbox 1148 2135 1471 2193; x_wconf 77' lang='lat' dir='ltr'><strong>expurgatu,</strong></span> <span class='ocrx_word' id='word_1_231' title='bbox 1503 2124 1620 2178; x_wconf 91' lang='lat' dir='ltr'><strong>sive</strong></span> <span class='ocrx_word' id='word_1_232' title='bbox 1669 2123 1875 2192; x_wconf 90' lang='lat' dir='ltr'><strong>posito,</strong></span> <span class='ocrx_word' id='word_1_233' title='bbox 1911 2124 1997 2175; x_wconf 91' lang='lat' dir='ltr'><strong>vel</strong></span> <span class='ocrx_word' id='word_1_234' title='bbox 2033 2121 2079 2176; x_wconf 91' lang='lat' dir='ltr'><strong>si</strong></span> 
     </span>
    </p>
   </div>
   <div class='ocr_carea' id='block_1_38' title="bbox 505 2211 2081 2283">
    <p class='ocr_par' dir='ltr' id='par_1_38' title="bbox 505 2211 2081 2283">
     <span class='ocr_line' id='line_1_38' title="bbox 505 2211 2081 2283; baseline 0.003 -19"><span class='ocrx_word' id='word_1_235' title='bbox 505 2211 636 2281; x_wconf 87' lang='lat' dir='ltr'><strong>quid</strong></span> <span class='ocrx_word' id='word_1_236' title='bbox 661 2212 810 2266; x_wconf 86' lang='lat' dir='ltr'><strong>aliud</strong></span> <span class='ocrx_word' id='word_1_237' title='bbox 834 2212 1129 2268; x_wconf 89' lang='lat' dir='ltr'><strong>dicendum</strong></span> <span class='ocrx_word' id='word_1_238' title='bbox 1158 2222 1262 2279; x_wconf 92' lang='lat' dir='ltr'><strong>est,</strong></span> <span class='ocrx_word' id='word_1_239' title='bbox 1285 2215 1517 2268; x_wconf 81' lang='lat' dir='ltr'><strong>miriﬁca</strong></span> <span class='ocrx_word' id='word_1_240' title='bbox 1540 2214 1775 2283; x_wconf 91' lang='lat' dir='ltr'><strong>quadam</strong></span> <span class='ocrx_word' id='word_1_241' title='bbox 1796 2214 2081 2282; x_wconf 87' lang='lat' dir='ltr'><strong>voluptate</strong></span> 
     </span>
    </p>
   </div>
   <div class='ocr_carea' id='block_1_39' title="bbox 503 2303 2076 2373">
    <p class='ocr_par' dir='ltr' id='par_1_39' title="bbox 503 2303 2076 2373">
     <span class='ocr_line' id='line_1_39' title="bbox 503 2303 2076 2373; baseline 0.002 -19"><span class='ocrx_word' id='word_1_242' title='bbox 503 2303 779 2357; x_wconf 85' lang='lat' dir='ltr'><strong>mulcetur</strong></span> <span class='ocrx_word' id='word_1_243' title='bbox 800 2311 855 2357; x_wconf 93' lang='lat' dir='ltr'><strong>ct</strong></span> <span class='ocrx_word' id='word_1_244' title='bbox 876 2306 1132 2368; x_wconf 80' lang='lat' dir='ltr'><strong>exsultat,</strong></span> <span class='ocrx_word' id='word_1_245' title='bbox 1156 2314 1212 2359; x_wconf 89' lang='lat' dir='ltr'><strong>et</strong></span> <span class='ocrx_word' id='word_1_246' title='bbox 1232 2303 1482 2373; x_wconf 89' lang='lat' dir='ltr'><strong>placidus</strong></span> <span class='ocrx_word' id='word_1_247' title='bbox 1506 2305 1574 2358; x_wconf 90' lang='lat' dir='ltr'><strong>ad</strong></span> <span class='ocrx_word' id='word_1_248' title='bbox 1601 2303 1891 2357; x_wconf 91' lang='lat' dir='ltr'><strong>Dominum</strong></span> <span class='ocrx_word' id='word_1_249' title='bbox 1917 2318 2076 2357; x_wconf 92' lang='lat' dir='ltr'><strong>suum</strong></span> 
     </span>
    </p>
   </div>
   <div class='ocr_carea' id='block_1_40' title="bbox 506 2392 2082 2464">
    <p class='ocr_par' dir='ltr' id='par_1_40' title="bbox 506 2392 2082 2464">
     <span class='ocr_line' id='line_1_40' title="bbox 506 2392 2082 2464; baseline 0.001 -19"><span class='ocrx_word' id='word_1_250' title='bbox 506 2392 910 2462; x_wconf 82' lang='lat' dir='ltr'><strong>proficiscitur;</strong></span> <span class='ocrx_word' id='word_1_251' title='bbox 944 2404 1265 2463; x_wconf 63' lang='lat' dir='ltr'><strong>praesentem</strong></span> <span class='ocrx_word' id='word_1_252' title='bbox 1296 2396 1465 2448; x_wconf 89' lang='lat' dir='ltr'><strong>vitam</strong></span> <span class='ocrx_word' id='word_1_253' title='bbox 1498 2395 1644 2449; x_wconf 89' lang='lat' dir='ltr'><strong>haud</strong></span> <span class='ocrx_word' id='word_1_254' title='bbox 1678 2409 1837 2449; x_wconf 87' lang='lat' dir='ltr'><strong>secus</strong></span> <span class='ocrx_word' id='word_1_255' title='bbox 1869 2409 1932 2449; x_wconf 89' lang='lat' dir='ltr'><strong>ac</strong></span> <span class='ocrx_word' id='word_1_256' title='bbox 1961 2410 2082 2464; x_wconf 86' lang='lat' dir='ltr'><strong>gra-</strong></span> 
     </span>
    </p>
   </div>
   <div class='ocr_carea' id='block_1_41' title="bbox 504 2485 2081 2557">
    <p class='ocr_par' dir='ltr' id='par_1_41' title="bbox 504 2485 2081 2557">
     <span class='ocr_line' id='line_1_41' title="bbox 504 2485 2081 2557; baseline 0.002 -21"><span class='ocrx_word' id='word_1_257' title='bbox 504 2497 631 2537; x_wconf 85' lang='lat' dir='ltr'><strong>vem</strong></span> <span class='ocrx_word' id='word_1_258' title='bbox 666 2485 963 2553; x_wconf 84' lang='lat' dir='ltr'><strong>quemdam</strong></span> <span class='ocrx_word' id='word_1_259' title='bbox 999 2501 1274 2540; x_wconf 90' lang='lat' dir='ltr'><strong>carcerem</strong></span> <span class='ocrx_word' id='word_1_260' title='bbox 1309 2486 1629 2557; x_wconf 88' lang='lat' dir='ltr'><strong>defugiens,</strong></span> <span class='ocrx_word' id='word_1_261' title='bbox 1654 2494 1711 2541; x_wconf 92' lang='lat' dir='ltr'><strong>et</strong></span> <span class='ocrx_word' id='word_1_262' title='bbox 1742 2485 1940 2555; x_wconf 84' lang='lat' dir='ltr'><strong>injecta</strong></span> <span class='ocrx_word' id='word_1_263' title='bbox 1973 2485 2081 2539; x_wconf 91' lang='lat' dir='ltr'><strong>sibi</strong></span> 
     </span>
    </p>
   </div>
   <div class='ocr_carea' id='block_1_42' title="bbox 506 2574 2081 2645">
    <p class='ocr_par' dir='ltr' id='par_1_42' title="bbox 506 2574 2081 2645">
     <span class='ocr_line' id='line_1_42' title="bbox 506 2574 2081 2645; baseline 0.001 -17"><span class='ocrx_word' id='word_1_264' title='bbox 506 2574 755 2641; x_wconf 90' lang='lat' dir='ltr'><strong>vincula,</strong></span> <span class='ocrx_word' id='word_1_265' title='bbox 788 2591 819 2631; x_wconf 88' lang='lat' dir='ltr'><strong>a</strong></span> <span class='ocrx_word' id='word_1_266' title='bbox 858 2576 1060 2645; x_wconf 88' lang='lat' dir='ltr'><strong>quibus</strong></span> <span class='ocrx_word' id='word_1_267' title='bbox 1101 2577 1303 2631; x_wconf 89' lang='lat' dir='ltr'><strong>mentis</strong></span> <span class='ocrx_word' id='word_1_268' title='bbox 1341 2578 1425 2631; x_wconf 89' lang='lat' dir='ltr'><strong>ala</strong></span> <span class='ocrx_word' id='word_1_269' title='bbox 1463 2578 1882 2639; x_wconf 87' lang='lat' dir='ltr'><strong>detrahebatur.</strong></span> <span class='ocrx_word' id='word_1_270' title='bbox 1912 2592 2081 2631; x_wconf 81' lang='lat' dir='ltr'><strong>excu-</strong></span> 
     </span>
    </p>
   </div>
   <div class='ocr_carea' id='block_1_43' title="bbox 508 2666 2082 2737">
    <p class='ocr_par' dir='ltr' id='par_1_43' title="bbox 508 2666 2082 2737">
     <span class='ocr_line' id='line_1_43' title="bbox 508 2666 2082 2737; baseline 0 -18"><span class='ocrx_word' id='word_1_271' title='bbox 508 2666 976 2736; x_wconf 48' lang='lat' dir='ltr'><strong>tiens;‘velutque</strong></span> <span class='ocrx_word' id='word_1_272' title='bbox 1004 2669 1115 2737; x_wconf 83' lang='lat' dir='ltr'><strong>jam</strong></span> <span class='ocrx_word' id='word_1_273' title='bbox 1145 2667 1494 2737; x_wconf 82' lang='lat' dir='ltr'><strong>cogitationis</strong></span> <span class='ocrx_word' id='word_1_274' title='bbox 1523 2667 1815 2736; x_wconf 65' lang='lat' dir='ltr'><strong>praesentia</strong></span> <span class='ocrx_word' id='word_1_275' title='bbox 1850 2666 2082 2736; x_wconf 89' lang='lat' dir='ltr'><strong>ipsoque</strong></span> 
     </span>
    </p>
   </div>
   <div class='ocr_carea' id='block_1_44' title="bbox 507 2752 1542 2826">
    <p class='ocr_par' dir='ltr' id='par_1_44' title="bbox 507 2752 1542 2826">
     <span class='ocr_line' id='line_1_44' title="bbox 507 2752 1542 2826; baseline 0.001 -17"><span class='ocrx_word' id='word_1_276' title='bbox 507 2752 706 2810; x_wconf 84' lang='lat' dir='ltr'><strong>obtutu</strong></span> <span class='ocrx_word' id='word_1_277' title='bbox 741 2756 947 2811; x_wconf 78' lang='lat' dir='ltr'><strong>fruitur</strong></span> <span class='ocrx_word' id='word_1_278' title='bbox 978 2756 1244 2811; x_wconf 83' lang='lat' dir='ltr'><strong>felicitate</strong></span> <span class='ocrx_word' id='word_1_279' title='bbox 1278 2757 1542 2826; x_wconf 88' lang='lat' dir='ltr'><strong>reposita.</strong></span> 
     </span>
    </p>
   </div>
   <div class='ocr_carea' id='block_1_45' title="bbox 579 2942 2084 3016">
    <p class='ocr_par' dir='ltr' id='par_1_45' title="bbox 579 2942 2084 3016">
     <span class='ocr_line' id='line_1_45' title="bbox 579 2942 2084 3016; baseline 0 -16"><span class='ocrx_word' id='word_1_280' title='bbox 579 2942 746 3014; x_wconf 78' lang='lat'><strong>656</strong></span> <span class='ocrx_word' id='word_1_281' title='bbox 779 2943 1043 3013; x_wconf 81' lang='lat' dir='ltr'><strong>Chrysost.</strong></span> <span class='ocrx_word' id='word_1_282' title='bbox 1069 2976 1140 2985; x_wconf 97' lang='lat'><strong>—</strong></span> <span class='ocrx_word' id='word_1_283' title='bbox 1171 2947 1421 3016; x_wconf 82' lang='lat' dir='ltr'><strong>Duplicia</strong></span> <span class='ocrx_word' id='word_1_284' title='bbox 1455 2948 1639 3001; x_wconf 87' lang='lat' dir='ltr'><strong>omnia</strong></span> <span class='ocrx_word' id='word_1_285' title='bbox 1673 2947 1907 3001; x_wconf 91' lang='lat' dir='ltr'><strong>contulit</strong></span> <span class='ocrx_word' id='word_1_286' title='bbox 1940 2946 2084 3001; x_wconf 88' lang='lat' dir='ltr'><strong>Deus</strong></span> 
     </span>
    </p>
   </div>
   <div class='ocr_carea' id='block_1_46' title="bbox 2182 1827 3753 1913">
    <p class='ocr_par' dir='ltr' id='par_1_46' title="bbox 2182 1827 3753 1913">
     <span class='ocr_line' id='line_1_46' title="bbox 2182 1827 3753 1913; baseline -0.013 -13"><span class='ocrx_word' id='word_1_287' title='bbox 2182 1847 2276 1901; x_wconf 74' lang='grc' dir='ltr'>καὶ</span> <span class='ocrx_word' id='word_1_288' title='bbox 2329 1844 2603 1913; x_wconf 73' lang='grc' dir='ltr'>θεοςριλὴς,</span> <span class='ocrx_word' id='word_1_289' title='bbox 2665 1840 2886 1895; x_wconf 76' lang='grc' dir='ltr'>ἐπειδὰν</span> <span class='ocrx_word' id='word_1_290' title='bbox 2929 1837 3024 1890; x_wconf 76' lang='grc' dir='ltr'>τοῦ</span> <span class='ocrx_word' id='word_1_291' title='bbox 3087 1832 3472 1902; x_wconf 82' lang='grc' dir='ltr'>συνδεδεμένου</span> <span class='ocrx_word' id='word_1_292' title='bbox 3525 1827 3753 1883; x_wconf 77' lang='grc' dir='ltr'><strong>λυθεῖσα</strong></span> 
     </span>
    </p>
   </div>
   <div class='ocr_carea' id='block_1_47' title="bbox 2184 1924 3751 2007">
    <p class='ocr_par' dir='ltr' id='par_1_47' title="bbox 2184 1924 3751 2007">
     <span class='ocr_line' id='line_1_47' title="bbox 2184 1924 3751 2007; baseline -0.012 -17"><span class='ocrx_word' id='word_1_293' title='bbox 2184 1938 2435 2007; x_wconf 82' lang='grc' dir='ltr'>σώματος</span> <span class='ocrx_word' id='word_1_294' title='bbox 2480 1933 2690 1988; x_wconf 73' lang='grc' dir='ltr'><strong>ἐνθένδε</strong></span> <span class='ocrx_word' id='word_1_295' title='bbox 2742 1931 3050 1998; x_wconf 73' lang='grc' dir='ltr'><strong>ἀπαλλαγῇ,</strong></span> <span class='ocrx_word' id='word_1_296' title='bbox 3105 1926 3267 1987; x_wconf 75' lang='grc' dir='ltr'>εὐθὺς</span> <span class='ocrx_word' id='word_1_297' title='bbox 3308 1925 3407 1992; x_wconf 74' lang='grc' dir='ltr'><strong>μὲν</strong></span> <span class='ocrx_word' id='word_1_298' title='bbox 3458 1924 3517 1975; x_wconf 77' lang='grc' dir='ltr'><strong>ὲν</strong></span> <span class='ocrx_word' id='word_1_299' title='bbox 3565 1936 3751 1975; x_wconf 85' lang='grc' dir='ltr'>συναι-</span> 
     </span>
    </p>
   </div>
   <div class='ocr_carea' id='block_1_48' title="bbox 2183 2010 3752 2099">
    <p class='ocr_par' dir='ltr' id='par_1_48' title="bbox 2183 2010 3752 2099">
     <span class='ocr_line' id='line_1_48' title="bbox 2183 2010 3752 2099; baseline -0.014 -16"><span class='ocrx_word' id='word_1_300' title='bbox 2183 2030 2374 2099; x_wconf 86' lang='grc' dir='ltr'>σθήσει</span> <span class='ocrx_word' id='word_1_301' title='bbox 2403 2029 2460 2080; x_wconf 82' lang='grc' dir='ltr'><strong>ὲν</strong></span> <span class='ocrx_word' id='word_1_302' title='bbox 2484 2025 2689 2096; x_wconf 82' lang='grc' dir='ltr'>θεωρίᾳ</span> <span class='ocrx_word' id='word_1_303' title='bbox 2732 2023 2824 2075; x_wconf 80' lang='grc' dir='ltr'>τοῦ</span> <span class='ocrx_word' id='word_1_304' title='bbox 2856 2020 3142 2092; x_wconf 85' lang='grc' dir='ltr'>μέλλοντος</span> <span class='ocrx_word' id='word_1_305' title='bbox 3194 2017 3333 2084; x_wconf 77' lang='grc' dir='ltr'>αὐτῇ</span> <span class='ocrx_word' id='word_1_306' title='bbox 3380 2010 3549 2066; x_wconf 79' lang='grc' dir='ltr'>καλοῦ</span> <span class='ocrx_word' id='word_1_307' title='bbox 3595 2027 3752 2079; x_wconf 87' lang='grc' dir='ltr'>γενο-</span> 
     </span>
    </p>
   </div>
   <div class='ocr_carea' id='block_1_49' title="bbox 2184 2101 3749 2192">
    <p class='ocr_par' dir='ltr' id='par_1_49' title="bbox 2184 2101 3749 2192">
     <span class='ocr_line' id='line_1_49' title="bbox 2184 2101 3749 2192; baseline -0.012 -18"><span class='ocrx_word' id='word_1_308' title='bbox 2184 2121 2317 2192; x_wconf 83' lang='grc' dir='ltr'><strong>μένη</strong></span> <span class='ocrx_word' id='word_1_309' title='bbox 2341 2158 2356 2183; x_wconf 93' lang='grc'><strong>,</strong></span> <span class='ocrx_word' id='word_1_310' title='bbox 2420 2117 2516 2171; x_wconf 83' lang='grc' dir='ltr'><strong>ἀτε</strong></span> <span class='ocrx_word' id='word_1_311' title='bbox 2566 2113 2663 2169; x_wconf 82' lang='grc' dir='ltr'>τοῦ</span> <span class='ocrx_word' id='word_1_312' title='bbox 2714 2110 3129 2173; x_wconf 80' lang='grc' dir='ltr'>ὲπισκοτοῦντος</span> <span class='ocrx_word' id='word_1_313' title='bbox 3179 2104 3672 2173; x_wconf 78' lang='grc' dir='ltr'><strong>ἀνακαθαρθέντος,</strong></span> <span class='ocrx_word' id='word_1_314' title='bbox 3714 2101 3749 2170; x_wconf 76' lang='grc' dir='ltr'>ἢ</span> 
     </span>
    </p>
   </div>
   <div class='ocr_carea' id='block_1_50' title="bbox 2179 2194 3751 2278">
    <p class='ocr_par' dir='ltr' id='par_1_50' title="bbox 2179 2194 3751 2278">
     <span class='ocr_line' id='line_1_50' title="bbox 2179 2194 3751 2278; baseline -0.013 -13"><span class='ocrx_word' id='word_1_315' title='bbox 2179 2209 2554 2274; x_wconf 83' lang='grc' dir='ltr'>ἀποτεθέντος,</span> <span class='ocrx_word' id='word_1_316' title='bbox 2579 2208 2612 2278; x_wconf 82' lang='grc' dir='ltr'>ἢ</span> <span class='ocrx_word' id='word_1_317' title='bbox 2644 2206 2744 2260; x_wconf 79' lang='grc' dir='ltr'>οὐκ</span> <span class='ocrx_word' id='word_1_318' title='bbox 2774 2201 2871 2257; x_wconf 72' lang='grc' dir='ltr'>οἶδ’</span> <span class='ocrx_word' id='word_1_319' title='bbox 2902 2205 2929 2257; x_wconf 88' lang='grc' dir='ltr'><strong>ὃ</strong></span> <span class='ocrx_word' id='word_1_320' title='bbox 2960 2220 3013 2255; x_wconf 86' lang='grc' dir='ltr'><strong>τι</strong></span> <span class='ocrx_word' id='word_1_321' title='bbox 3059 2201 3154 2254; x_wconf 70' lang='grc' dir='ltr'><strong>καὶ</strong></span> <span class='ocrx_word' id='word_1_322' title='bbox 3177 2198 3359 2267; x_wconf 82' lang='grc' dir='ltr'>λέγειν</span> <span class='ocrx_word' id='word_1_323' title='bbox 3385 2195 3514 2267; x_wconf 79' lang='grc' dir='ltr'><strong>χρὴ,</strong></span> <span class='ocrx_word' id='word_1_324' title='bbox 3539 2194 3751 2262; x_wconf 81' lang='grc' dir='ltr'>θαυμαο</span> 
     </span>
    </p>
   </div>
   <div class='ocr_carea' id='block_1_51' title="bbox 2182 2286 3749 2371">
    <p class='ocr_par' dir='ltr' id='par_1_51' title="bbox 2182 2286 3749 2371">
     <span class='ocr_line' id='line_1_51' title="bbox 2182 2286 3749 2371; baseline -0.013 -14"><span class='ocrx_word' id='word_1_325' title='bbox 2182 2304 2303 2358; x_wconf 90' lang='grc' dir='ltr'>σίαν</span> <span class='ocrx_word' id='word_1_326' title='bbox 2349 2302 2474 2356; x_wconf 88' lang='grc' dir='ltr'><strong>τινά</strong></span> <span class='ocrx_word' id='word_1_327' title='bbox 2529 2299 2718 2371; x_wconf 78' lang='grc' dir='ltr'>ἡδονὴν</span> <span class='ocrx_word' id='word_1_328' title='bbox 2760 2298 2947 2368; x_wconf 78' lang='grc' dir='ltr'>ἥδεται</span> <span class='ocrx_word' id='word_1_329' title='bbox 2983 2297 3078 2347; x_wconf 75' lang='grc' dir='ltr'><strong>καὶ</strong></span> <span class='ocrx_word' id='word_1_330' title='bbox 3120 2291 3434 2360; x_wconf 80' lang='grc' dir='ltr'><strong>ἀγάλλεται,</strong></span> <span class='ocrx_word' id='word_1_331' title='bbox 3470 2286 3566 2341; x_wconf 58' lang='grc' dir='ltr'><strong>καὶ¹</strong></span> <span class='ocrx_word' id='word_1_332' title='bbox 3594 2286 3749 2347; x_wconf 80' lang='grc' dir='ltr'>ἵλεως</span> 
     </span>
    </p>
   </div>
   <div class='ocr_carea' id='block_1_52' title="bbox 2181 2378 3750 2469">
    <p class='ocr_par' dir='ltr' id='par_1_52' title="bbox 2181 2378 3750 2469">
     <span class='ocr_line' id='line_1_52' title="bbox 2181 2378 3750 2469; baseline -0.013 -19"><span class='ocrx_word' id='word_1_333' title='bbox 2181 2398 2348 2469; x_wconf 81' lang='grc' dir='ltr'>χωρεῖ</span> <span class='ocrx_word' id='word_1_334' title='bbox 2371 2394 2508 2463; x_wconf 70' lang='grc' dir='ltr'>πρὸς</span> <span class='ocrx_word' id='word_1_335' title='bbox 2554 2391 2648 2445; x_wconf 82' lang='grc' dir='ltr'>τὸν</span> <span class='ocrx_word' id='word_1_336' title='bbox 2690 2385 2891 2455; x_wconf 73' lang='grc' dir='ltr'>ἑαυτῆς</span> <span class='ocrx_word' id='word_1_337' title='bbox 2947 2384 3222 2453; x_wconf 76' lang='grc' dir='ltr'>Δεσπότην</span> <span class='ocrx_word' id='word_1_338' title='bbox 3255 2398 3270 2411; x_wconf 75' lang='grc'><strong><em>⁸</em></strong></span> <span class='ocrx_word' id='word_1_339' title='bbox 3322 2383 3511 2451; x_wconf 81' lang='grc' dir='ltr'>ὥσπερ</span> <span class='ocrx_word' id='word_1_340' title='bbox 3559 2396 3612 2432; x_wconf 91' lang='grc' dir='ltr'><strong>τι</strong></span> <span class='ocrx_word' id='word_1_341' title='bbox 3663 2378 3750 2430; x_wconf 82' lang='grc' dir='ltr'><strong>δε-</strong></span> 
     </span>
    </p>
   </div>
   <div class='ocr_carea' id='block_1_53' title="bbox 2182 2469 3744 2559">
    <p class='ocr_par' dir='ltr' id='par_1_53' title="bbox 2182 2469 3744 2559">
     <span class='ocr_line' id='line_1_53' title="bbox 2182 2469 3744 2559; baseline -0.013 -18"><span class='ocrx_word' id='word_1_342' title='bbox 2182 2488 2494 2559; x_wconf 83' lang='grc' dir='ltr'>σμωτήριον</span> <span class='ocrx_word' id='word_1_343' title='bbox 2542 2480 2777 2553; x_wconf 76' lang='grc' dir='ltr'>χαλεπὸν</span> <span class='ocrx_word' id='word_1_344' title='bbox 2829 2479 2920 2532; x_wconf 69' lang='grc' dir='ltr'>τὸν</span> <span class='ocrx_word' id='word_1_345' title='bbox 2943 2476 3194 2531; x_wconf 76' lang='grc' dir='ltr'>ἐντεῦθεν</span> <span class='ocrx_word' id='word_1_346' title='bbox 3226 2474 3339 2543; x_wconf 87' lang='grc' dir='ltr'>βίον</span> <span class='ocrx_word' id='word_1_347' title='bbox 3371 2469 3744 2559; x_wconf 47' lang='grc' dir='ltr'>ἀποφυγοῦσα,</span> 
     </span>
    </p>
   </div>
   <div class='ocr_carea' id='block_1_54' title="bbox 2181 2553 3740 2642">
    <p class='ocr_par' dir='ltr' id='par_1_54' title="bbox 2181 2553 3740 2642">
     <span class='ocr_line' id='line_1_54' title="bbox 2181 2553 3740 2642; baseline -0.014 -12"><span class='ocrx_word' id='word_1_348' title='bbox 2181 2553 2274 2630; x_wconf 75' lang='grc' dir='ltr'>καὶ</span> <span class='ocrx_word' id='word_1_349' title='bbox 2325 2553 2422 2637; x_wconf 68' lang='grc' dir='ltr'><strong>τάς</strong></span> <span class='ocrx_word' id='word_1_350' title='bbox 2479 2570 2871 2642; x_wconf 82' lang='grc' dir='ltr'><strong>περικειμένας</strong></span> <span class='ocrx_word' id='word_1_351' title='bbox 2895 2563 3300 2635; x_wconf 85' lang='grc' dir='ltr'>ἀποσεισαμένη</span> <span class='ocrx_word' id='word_1_352' title='bbox 3333 2563 3511 2623; x_wconf 84' lang='grc' dir='ltr'>πέδας,</span> <span class='ocrx_word' id='word_1_353' title='bbox 3544 2560 3636 2626; x_wconf 83' lang='grc' dir='ltr'><strong>ὑφ’</strong></span> <span class='ocrx_word' id='word_1_354' title='bbox 3664 2553 3740 2609; x_wconf 80' lang='grc' dir='ltr'>ὧν</span> 
     </span>
    </p>
   </div>
   <div class='ocr_carea' id='block_1_55' title="bbox 2180 2643 3738 2737">
    <p class='ocr_par' dir='ltr' id='par_1_55' title="bbox 2180 2643 3738 2737">
     <span class='ocr_line' id='line_1_55' title="bbox 2180 2643 3738 2737; baseline -0.016 -15"><span class='ocrx_word' id='word_1_355' title='bbox 2180 2667 2365 2737; x_wconf 76' lang='grc' dir='ltr'>τὸτῆς</span> <span class='ocrx_word' id='word_1_356' title='bbox 2414 2664 2652 2725; x_wconf 78' lang='grc' dir='ltr'>διανοίας</span> <span class='ocrx_word' id='word_1_357' title='bbox 2704 2658 2904 2728; x_wconf 75' lang='grc' dir='ltr'>πτερὸν</span> <span class='ocrx_word' id='word_1_358' title='bbox 2951 2657 3307 2711; x_wconf 78' lang='grc' dir='ltr'>καθείλκετοο</span> <span class='ocrx_word' id='word_1_359' title='bbox 3354 2651 3444 2703; x_wconf 83' lang='grc' dir='ltr'>καὶ</span> <span class='ocrx_word' id='word_1_360' title='bbox 3479 2643 3589 2701; x_wconf 77' lang='grc' dir='ltr'>οἷον</span> <span class='ocrx_word' id='word_1_361' title='bbox 3638 2646 3738 2715; x_wconf 73' lang='grc' dir='ltr'><strong>ήδη</strong></span> 
     </span>
    </p>
   </div>
   <div class='ocr_carea' id='block_1_56' title="bbox 2179 2743 3745 2830">
    <p class='ocr_par' dir='ltr' id='par_1_56' title="bbox 2179 2743 3745 2830">
     <span class='ocr_line' id='line_1_56' title="bbox 2179 2743 3745 2830; baseline -0.015 -16"><span class='ocrx_word' id='word_1_362' title='bbox 2179 2763 2245 2830; x_wconf 80' lang='grc' dir='ltr'>τῇ</span> <span class='ocrx_word' id='word_1_363' title='bbox 2307 2756 2575 2827; x_wconf 79' lang='grc' dir='ltr'>φαντασίᾳ</span> <span class='ocrx_word' id='word_1_364' title='bbox 2632 2751 2936 2824; x_wconf 71' lang='grc' dir='ltr'>καρποῦται</span> <span class='ocrx_word' id='word_1_365' title='bbox 2994 2749 3094 2821; x_wconf 83' lang='grc' dir='ltr'>τὴν</span> <span class='ocrx_word' id='word_1_366' title='bbox 3141 2743 3501 2815; x_wconf 74' lang='grc' dir='ltr'><strong>ἀποκειμένην</strong></span> <span class='ocrx_word' id='word_1_367' title='bbox 3566 2755 3745 2810; x_wconf 81' lang='grc' dir='ltr'>μακα-</span> 
     </span>
    </p>
   </div>
   <div class='ocr_carea' id='block_1_57' title="bbox 2186 2852 2430 2924">
    <p class='ocr_par' dir='ltr' id='par_1_57' title="bbox 2186 2852 2430 2924">
     <span class='ocr_line' id='line_1_57' title="bbox 2186 2852 2430 2924; baseline -0.008 -19"><span class='ocrx_word' id='word_1_368' title='bbox 2186 2852 2430 2924; x_wconf 85' lang='grc' dir='ltr'>ριότητα.</span> 
     </span>
    </p>
   </div>
   <div class='ocr_carea' id='block_1_58' title="bbox 2256 2916 3753 3024">
    <p class='ocr_par' dir='ltr' id='par_1_58' title="bbox 2256 2916 3753 3024">
     <span class='ocr_line' id='line_1_58' title="bbox 2256 2916 3753 3024; baseline -0.016 -13"><span class='ocrx_word' id='word_1_369' title='bbox 2256 2916 2550 3024; x_wconf 65' lang='grc' dir='ltr'>Χρυσοστ.</span> <span class='ocrx_word' id='word_1_370' title='bbox 2583 2980 2652 2992; x_wconf 89' lang='grc'><strong><em>-</em></strong></span> <span class='ocrx_word' id='word_1_371' title='bbox 2678 2950 2864 3004; x_wconf 84' lang='grc' dir='ltr'>Πάντα</span> <span class='ocrx_word' id='word_1_372' title='bbox 2885 2916 3049 3000; x_wconf 73' lang='grc' dir='ltr'><strong>ἑιπλᾱ</strong></span> <span class='ocrx_word' id='word_1_373' title='bbox 3078 2944 3310 2998; x_wconf 81' lang='grc' dir='ltr'>δέδωκεν</span> <span class='ocrx_word' id='word_1_374' title='bbox 3341 2940 3499 3011; x_wconf 79' lang='grc' dir='ltr'><strong>ἡμῶν</strong></span> <span class='ocrx_word' id='word_1_375' title='bbox 3544 2937 3573 2990; x_wconf 73' lang='grc' dir='ltr'>δ</span> <span class='ocrx_word' id='word_1_376' title='bbox 3624 2934 3753 2997; x_wconf 83' lang='grc' dir='ltr'>Θεδς</span> 
     </span>
    </p>
   </div>
   <div class='ocr_carea' id='block_1_59' title="bbox 511 3028 2086 3126">
    <p class='ocr_par' dir='ltr' id='par_1_59' title="bbox 511 3032 2085 3106">
     <span class='ocr_line' id='line_1_59' title="bbox 511 3032 2085 3106; baseline 0.001 -17"><span class='ocrx_word' id='word_1_377' title='bbox 511 3032 765 3089; x_wconf 62' lang='lat' dir='ltr'><strong>humanae</strong></span> <span class='ocrx_word' id='word_1_378' title='bbox 807 3044 1045 3100; x_wconf 58' lang='lat' dir='ltr'><strong>naturae;</strong></span> <span class='ocrx_word' id='word_1_379' title='bbox 1084 3036 1246 3090; x_wconf 91' lang='lat' dir='ltr'><strong>binos</strong></span> <span class='ocrx_word' id='word_1_380' title='bbox 1284 3038 1493 3100; x_wconf 90' lang='lat' dir='ltr'><strong>oculos,</strong></span> <span class='ocrx_word' id='word_1_381' title='bbox 1528 3038 1775 3106; x_wconf 85' lang='lat' dir='ltr'><strong>geminas</strong></span> <span class='ocrx_word' id='word_1_382' title='bbox 1811 3054 1994 3101; x_wconf 88' lang='lat' dir='ltr'><strong>aures,</strong></span> <span class='ocrx_word' id='word_1_383' title='bbox 2029 3045 2085 3092; x_wconf 88' lang='lat' dir='ltr'><strong>et</strong></span> 
     </span>
    </p>
   </div>
   <div class='ocr_carea' id='block_1_60' title="bbox 2188 3028 3746 3126">
    <p class='ocr_par' dir='ltr' id='par_1_60' title="bbox 2188 3028 3746 3126">
     <span class='ocr_line' id='line_1_60' title="bbox 2188 3028 3746 3126; baseline -0.015 -24"><span class='ocrx_word' id='word_1_384' title='bbox 2188 3053 2250 3117; x_wconf 72' lang='grc' dir='ltr'>τῇ</span> <span class='ocrx_word' id='word_1_385' title='bbox 2300 3047 2479 3115; x_wconf 75' lang='grc' dir='ltr'>φύσει,</span> <span class='ocrx_word' id='word_1_386' title='bbox 2533 3043 2626 3098; x_wconf 86' lang='grc' dir='ltr'><strong>δύο</strong></span> <span class='ocrx_word' id='word_1_387' title='bbox 2679 3040 3013 3109; x_wconf 78' lang='grc' dir='ltr'>ὀφθαλμοὺς,</span> <span class='ocrx_word' id='word_1_388' title='bbox 3063 3035 3157 3088; x_wconf 79' lang='grc' dir='ltr'>δύο</span> <span class='ocrx_word' id='word_1_389' title='bbox 3203 3028 3340 3094; x_wconf 79' lang='grc' dir='ltr'>ὦτα,</span> <span class='ocrx_word' id='word_1_390' title='bbox 3395 3032 3490 3084; x_wconf 85' lang='grc' dir='ltr'><strong>δύο</strong></span> <span class='ocrx_word' id='word_1_391' title='bbox 3536 3032 3746 3126; x_wconf 67' lang='grc' dir='ltr'><strong>χεῖραςΣ</strong></span> 
     </span>
    </p>
   </div>
   <div class='ocr_carea' id='block_1_61' title="bbox 513 3118 2086 3199">
    <p class='ocr_par' dir='ltr' id='par_1_61' title="bbox 513 3122 2086 3193">
     <span class='ocr_line' id='line_1_61' title="bbox 513 3122 2086 3193; baseline 0.002 -13"><span class='ocrx_word' id='word_1_392' title='bbox 513 3122 731 3189; x_wconf 81' lang='lat' dir='ltr'><strong>manus,</strong></span> <span class='ocrx_word' id='word_1_393' title='bbox 749 3134 804 3179; x_wconf 92' lang='lat' dir='ltr'><strong>et</strong></span> <span class='ocrx_word' id='word_1_394' title='bbox 824 3125 1027 3193; x_wconf 87' lang='lat' dir='ltr'><strong>pedes;</strong></span> <span class='ocrx_word' id='word_1_395' title='bbox 1064 3135 1122 3180; x_wconf 92' lang='lat' dir='ltr'><strong>ut</strong></span> <span class='ocrx_word' id='word_1_396' title='bbox 1148 3127 1193 3180; x_wconf 87' lang='lat' dir='ltr'><strong>si</strong></span> <span class='ocrx_word' id='word_1_397' title='bbox 1222 3128 1456 3181; x_wconf 90' lang='lat' dir='ltr'><strong>alterum</strong></span> <span class='ocrx_word' id='word_1_398' title='bbox 1488 3128 1727 3182; x_wconf 91' lang='lat' dir='ltr'><strong>duorum</strong></span> <span class='ocrx_word' id='word_1_399' title='bbox 1755 3130 1942 3183; x_wconf 66' lang='lat' dir='ltr'><strong>ltesum</strong></span> <span class='ocrx_word' id='word_1_400' title='bbox 1974 3128 2086 3183; x_wconf 88' lang='lat' dir='ltr'><strong>fue-</strong></span> 
     </span>
    </p>
   </div>
   <div class='ocr_carea' id='block_1_62' title="bbox 2188 3118 3756 3199">
    <p class='ocr_par' dir='ltr' id='par_1_62' title="bbox 2188 3119 3756 3199">
     <span class='ocr_line' id='line_1_62' title="bbox 2188 3119 3756 3199; baseline -0.015 -6"><span class='ocrx_word' id='word_1_401' title='bbox 2188 3141 2279 3193; x_wconf 82' lang='grc' dir='ltr'><strong>ὅὺο</strong></span> <span class='ocrx_word' id='word_1_402' title='bbox 2312 3138 2480 3199; x_wconf 84' lang='grc' dir='ltr'>πόδας</span> <span class='ocrx_word' id='word_1_403' title='bbox 2509 3150 2524 3166; x_wconf 73' lang='grc'><strong><em>⁸</em></strong></span> <span class='ocrx_word' id='word_1_404' title='bbox 2565 3134 2661 3187; x_wconf 75' lang='grc' dir='ltr'><strong>ἐὰν</strong></span> <span class='ocrx_word' id='word_1_405' title='bbox 2711 3131 2968 3195; x_wconf 82' lang='grc' dir='ltr'>ὁπότερον</span> <span class='ocrx_word' id='word_1_406' title='bbox 3015 3127 3219 3180; x_wconf 87' lang='grc' dir='ltr'>τούτων</span> <span class='ocrx_word' id='word_1_407' title='bbox 3269 3123 3464 3193; x_wconf 76' lang='grc' dir='ltr'><strong>βλαϐᾖ.</strong></span> <span class='ocrx_word' id='word_1_408' title='bbox 3526 3121 3617 3173; x_wconf 73' lang='grc' dir='ltr'>διὰ</span> <span class='ocrx_word' id='word_1_409' title='bbox 3669 3119 3756 3172; x_wconf 71' lang='grc' dir='ltr'><strong>τοῦ</strong></span> 
     </span>
    </p>
   </div>
   <div class='ocr_carea' id='block_1_63' title="bbox 512 3213 2088 3287">
    <p class='ocr_par' dir='ltr' id='par_1_63' title="bbox 512 3213 2088 3287">
     <span class='ocr_line' id='line_1_63' title="bbox 512 3213 2088 3287; baseline 0.003 -20"><span class='ocrx_word' id='word_1_410' title='bbox 512 3213 615 3275; x_wconf 87' lang='lat' dir='ltr'><strong>rit,</strong></span> <span class='ocrx_word' id='word_1_411' title='bbox 657 3213 888 3268; x_wconf 85' lang='lat' dir='ltr'><strong>alterius</strong></span> <span class='ocrx_word' id='word_1_412' title='bbox 931 3230 1099 3283; x_wconf 84' lang='lat' dir='ltr'><strong>opera</strong></span> <span class='ocrx_word' id='word_1_413' title='bbox 1140 3217 1514 3271; x_wconf 86' lang='lat' dir='ltr'><strong>necessarium</strong></span> <span class='ocrx_word' id='word_1_414' title='bbox 1555 3233 1715 3271; x_wconf 91' lang='lat' dir='ltr'><strong>usum</strong></span> <span class='ocrx_word' id='word_1_415' title='bbox 1750 3218 1832 3272; x_wconf 85' lang='lat' dir='ltr'><strong>vel</strong></span> <span class='ocrx_word' id='word_1_416' title='bbox 1877 3227 2088 3287; x_wconf 89' lang='lat' dir='ltr'><strong>partem</strong></span> 
     </span>
    </p>
   </div>
   <div class='ocr_carea' id='block_1_64' title="bbox 514 3305 2089 3377">
    <p class='ocr_par' dir='ltr' id='par_1_64' title="bbox 514 3305 2089 3377">
     <span class='ocr_line' id='line_1_64' title="bbox 514 3305 2089 3377; baseline 0.003 -18"><span class='ocrx_word' id='word_1_417' title='bbox 514 3305 871 3373; x_wconf 81' lang='lat' dir='ltr'><strong>impleamus;</strong></span> <span class='ocrx_word' id='word_1_418' title='bbox 909 3306 1147 3360; x_wconf 89' lang='lat' dir='ltr'><strong>animam</strong></span> <span class='ocrx_word' id='word_1_419' title='bbox 1182 3323 1316 3362; x_wconf 84' lang='lat' dir='ltr'><strong>vero</strong></span> <span class='ocrx_word' id='word_1_420' title='bbox 1351 3309 1569 3363; x_wconf 89' lang='lat' dir='ltr'><strong>unicam</strong></span> <span class='ocrx_word' id='word_1_421' title='bbox 1605 3308 1758 3363; x_wconf 87' lang='lat' dir='ltr'><strong>dedit</strong></span> <span class='ocrx_word' id='word_1_422' title='bbox 1790 3326 1804 3362; x_wconf 91' lang='lat'>:</span> <span class='ocrx_word' id='word_1_423' title='bbox 1843 3324 2007 3377; x_wconf 88' lang='lat' dir='ltr'><strong>quam</strong></span> <span class='ocrx_word' id='word_1_424' title='bbox 2045 3310 2089 3363; x_wconf 89' lang='lat' dir='ltr'><strong>si</strong></span> 
     </span>
    </p>
   </div>
   <div class='ocr_carea' id='block_1_65' title="bbox 512 3393 2090 3464">
    <p class='ocr_par' dir='ltr' id='par_1_65' title="bbox 512 3393 2090 3464">
     <span class='ocr_line' id='line_1_65' title="bbox 512 3393 2090 3464; baseline 0.001 -17"><span class='ocrx_word' id='word_1_425' title='bbox 512 3393 954 3463; x_wconf 86' lang='lat' dir='ltr'><strong>perdiderimus,</strong></span> <span class='ocrx_word' id='word_1_426' title='bbox 988 3408 1114 3448; x_wconf 92' lang='lat' dir='ltr'><strong>cum</strong></span> <span class='ocrx_word' id='word_1_427' title='bbox 1160 3410 1273 3464; x_wconf 91' lang='lat' dir='ltr'><strong>quo</strong></span> <span class='ocrx_word' id='word_1_428' title='bbox 1323 3395 1547 3449; x_wconf 85' lang='lat' dir='ltr'><strong>tandem</strong></span> <span class='ocrx_word' id='word_1_429' title='bbox 1590 3395 1760 3448; x_wconf 86' lang='lat' dir='ltr'><strong>vitam</strong></span> <span class='ocrx_word' id='word_1_430' title='bbox 1811 3403 2090 3450; x_wconf 83' lang='lat' dir='ltr'><strong>sustenta-</strong></span> 
     </span>
    </p>
   </div>
   <div class='ocr_carea' id='block_1_66' title="bbox 518 3480 741 3535">
    <p class='ocr_par' dir='ltr' id='par_1_66' title="bbox 518 3480 741 3535">
     <span class='ocr_line' id='line_1_66' title="bbox 518 3480 741 3535; baseline 0.004 -1"><span class='ocrx_word' id='word_1_431' title='bbox 518 3480 741 3535; x_wconf 87' lang='lat' dir='ltr'><strong>bimus?</strong></span> 
     </span>
    </p>
   </div>
   <div class='ocr_carea' id='block_1_67' title="bbox 585 3570 2095 3643">
    <p class='ocr_par' dir='ltr' id='par_1_67' title="bbox 585 3570 2095 3643">
     <span class='ocr_line' id='line_1_67' title="bbox 585 3570 2095 3643; baseline 0.003 -20"><span class='ocrx_word' id='word_1_432' title='bbox 585 3571 781 3623; x_wconf 74' lang='lat' dir='ltr'><strong>Anima</strong></span> <span class='ocrx_word' id='word_1_433' title='bbox 802 3570 1116 3626; x_wconf 88' lang='lat' dir='ltr'><strong>substantia</strong></span> <span class='ocrx_word' id='word_1_434' title='bbox 1140 3572 1391 3643; x_wconf 69' lang='lat' dir='ltr'><strong>quaedam</strong></span> <span class='ocrx_word' id='word_1_435' title='bbox 1421 3581 1508 3627; x_wconf 90' lang='lat' dir='ltr'><strong>est</strong></span> <span class='ocrx_word' id='word_1_436' title='bbox 1534 3572 1862 3642; x_wconf 90' lang='lat' dir='ltr'><strong>incorporea</strong></span> <span class='ocrx_word' id='word_1_437' title='bbox 1891 3582 1947 3627; x_wconf 92' lang='lat' dir='ltr'><strong>et</strong></span> <span class='ocrx_word' id='word_1_438' title='bbox 1991 3574 2095 3627; x_wconf 92' lang='lat' dir='ltr'><strong>im-</strong></span> 
     </span>
    </p>
   </div>
   <div class='ocr_carea' id='block_1_68' title="bbox 518 3657 788 3711">
    <p class='ocr_par' dir='ltr' id='par_1_68' title="bbox 518 3657 788 3711">
     <span class='ocr_line' id='line_1_68' title="bbox 518 3657 788 3711; baseline -0.007 0"><span class='ocrx_word' id='word_1_439' title='bbox 518 3657 788 3711; x_wconf 84' lang='lat' dir='ltr'><strong>mortalis.</strong></span> 
     </span>
    </p>
   </div>
   <div class='ocr_carea' id='block_1_69' title="bbox 591 3747 2095 3821">
    <p class='ocr_par' dir='ltr' id='par_1_69' title="bbox 591 3747 2095 3821">
     <span class='ocr_line' id='line_1_69' title="bbox 591 3747 2095 3821; baseline 0.006 -22"><span class='ocrx_word' id='word_1_440' title='bbox 591 3747 790 3800; x_wconf 84' lang='lat' dir='ltr'><strong>Anima</strong></span> <span class='ocrx_word' id='word_1_441' title='bbox 831 3758 917 3802; x_wconf 90' lang='lat' dir='ltr'><strong>est</strong></span> <span class='ocrx_word' id='word_1_442' title='bbox 972 3751 1281 3806; x_wconf 84' lang='lat' dir='ltr'><strong>substantia</strong></span> <span class='ocrx_word' id='word_1_443' title='bbox 1316 3753 1526 3821; x_wconf 84' lang='lat' dir='ltr'><strong>genita:</strong></span> <span class='ocrx_word' id='word_1_444' title='bbox 1564 3752 1871 3806; x_wconf 86' lang='lat' dir='ltr'><strong>substantia</strong></span> <span class='ocrx_word' id='word_1_445' title='bbox 1904 3752 2095 3808; x_wconf 82' lang='lat' dir='ltr'><strong>vivens</strong></span> 
     </span>
    </p>
   </div>
   <div class='ocr_carea' id='block_1_70' title="bbox 520 3836 1438 3911">
    <p class='ocr_par' dir='ltr' id='par_1_70' title="bbox 520 3836 1438 3911">
     <span class='ocr_line' id='line_1_70' title="bbox 520 3836 1438 3911; baseline 0.004 -22"><span class='ocrx_word' id='word_1_446' title='bbox 520 3836 865 3906; x_wconf 80' lang='lat' dir='ltr'><strong>intelligendi</strong></span> <span class='ocrx_word' id='word_1_447' title='bbox 898 3839 1154 3896; x_wconf 84' lang='lat' dir='ltr'><strong>facultate</strong></span> <span class='ocrx_word' id='word_1_448' title='bbox 1188 3841 1438 3911; x_wconf 64' lang='lat' dir='ltr'><strong>praedita.</strong></span> 
     </span>
    </p>
   </div>
   <div class='ocr_carea' id='block_1_71' title="bbox 591 3924 2095 3987">
    <p class='ocr_par' dir='ltr' id='par_1_71' title="bbox 591 3924 2095 3987">
     <span class='ocr_line' id='line_1_71' title="bbox 591 3924 2095 3987; baseline 0.003 -7"><span class='ocrx_word' id='word_1_449' title='bbox 591 3924 889 3981; x_wconf 80' lang='lat' dir='ltr'><strong>Clementis.</strong></span> <span class='ocrx_word' id='word_1_450' title='bbox 921 3961 989 3970; x_wconf 89' lang='lat'><strong><em>—</em></strong></span> <span class='ocrx_word' id='word_1_451' title='bbox 1021 3931 1185 3986; x_wconf 88' lang='lat' dir='ltr'><strong>Curis</strong></span> <span class='ocrx_word' id='word_1_452' title='bbox 1217 3933 1474 3987; x_wconf 88' lang='lat' dir='ltr'><strong>omnibus</strong></span> <span class='ocrx_word' id='word_1_453' title='bbox 1504 3948 1567 3987; x_wconf 94' lang='lat' dir='ltr'><strong>ac</strong></span> <span class='ocrx_word' id='word_1_454' title='bbox 1594 3932 1879 3986; x_wconf 87' lang='lat' dir='ltr'><strong>laboribus</strong></span> <span class='ocrx_word' id='word_1_455' title='bbox 1904 3931 2095 3985; x_wconf 71' lang='lat' dir='ltr'><strong>solutae</strong></span> 
     </span>
    </p>
   </div>
   <div class='ocr_carea' id='block_1_72' title="bbox 520 4016 2095 4092">
    <p class='ocr_par' dir='ltr' id='par_1_72' title="bbox 520 4016 2095 4092">
     <span class='ocr_line' id='line_1_72' title="bbox 520 4016 2095 4092; baseline 0.003 -24"><span class='ocrx_word' id='word_1_456' title='bbox 520 4016 735 4079; x_wconf 69' lang='lat' dir='ltr'><strong>animae,</strong></span> <span class='ocrx_word' id='word_1_457' title='bbox 764 4019 932 4073; x_wconf 89' lang='lat' dir='ltr'><strong>vitam</strong></span> <span class='ocrx_word' id='word_1_458' title='bbox 969 4021 1198 4087; x_wconf 86' lang='lat' dir='ltr'><strong>habent,</strong></span> <span class='ocrx_word' id='word_1_459' title='bbox 1231 4023 1449 4077; x_wconf 88' lang='lat' dir='ltr'><strong>tametsi</strong></span> <span class='ocrx_word' id='word_1_460' title='bbox 1489 4031 1753 4092; x_wconf 73' lang='lat' dir='ltr'><strong>separata:</strong></span> <span class='ocrx_word' id='word_1_461' title='bbox 1793 4037 1823 4076; x_wconf 89' lang='lat' dir='ltr'><strong>a</strong></span> <span class='ocrx_word' id='word_1_462' title='bbox 1866 4035 2095 4089; x_wconf 90' lang='lat' dir='ltr'><strong>corpore</strong></span> 
     </span>
    </p>
   </div>
   <div class='ocr_carea' id='block_1_73' title="bbox 520 4109 2094 4183">
    <p class='ocr_par' dir='ltr' id='par_1_73' title="bbox 520 4109 2094 4183">
     <span class='ocr_line' id='line_1_73' title="bbox 520 4109 2094 4183; baseline 0.001 -21"><span class='ocrx_word' id='word_1_463' title='bbox 520 4109 821 4177; x_wconf 84' lang='lat' dir='ltr'><strong>exsistant,</strong></span> <span class='ocrx_word' id='word_1_464' title='bbox 858 4113 1025 4183; x_wconf 91' lang='lat' dir='ltr'><strong>inque</strong></span> <span class='ocrx_word' id='word_1_465' title='bbox 1071 4114 1205 4168; x_wconf 93' lang='lat' dir='ltr'><strong>illud</strong></span> <span class='ocrx_word' id='word_1_466' title='bbox 1250 4114 1532 4169; x_wconf 90' lang='lat' dir='ltr'><strong>desiderio</strong></span> <span class='ocrx_word' id='word_1_467' title='bbox 1573 4113 1782 4167; x_wconf 67' lang='lat' dir='ltr'><strong>affectae</strong></span> <span class='ocrx_word' id='word_1_468' title='bbox 1830 4130 1843 4166; x_wconf 88' lang='lat'><strong>:</strong></span> <span class='ocrx_word' id='word_1_469' title='bbox 1894 4113 1950 4165; x_wconf 92' lang='lat' dir='ltr'><strong>in</strong></span> <span class='ocrx_word' id='word_1_470' title='bbox 1998 4110 2094 4165; x_wconf 91' lang='lat' dir='ltr'><strong>Dei</strong></span> 
     </span>
    </p>
   </div>
   <div class='ocr_carea' id='block_1_74' title="bbox 522 4196 2096 4268">
    <p class='ocr_par' dir='ltr' id='par_1_74' title="bbox 522 4196 2096 4268">
     <span class='ocr_line' id='line_1_74' title="bbox 522 4196 2096 4268; baseline 0.003 -19"><span class='ocrx_word' id='word_1_471' title='bbox 522 4196 701 4250; x_wconf 59' lang='lat' dir='ltr'><strong>sinum</strong></span> <span class='ocrx_word' id='word_1_472' title='bbox 724 4203 1017 4255; x_wconf 81' lang='lat' dir='ltr'><strong>convniant</strong></span> <span class='ocrx_word' id='word_1_473' title='bbox 1041 4202 1406 4268; x_wconf 86' lang='lat' dir='ltr'><strong>immortales;</strong></span> <span class='ocrx_word' id='word_1_474' title='bbox 1428 4202 1574 4256; x_wconf 88' lang='lat' dir='ltr'><strong>haud</strong></span> <span class='ocrx_word' id='word_1_475' title='bbox 1598 4218 1760 4256; x_wconf 89' lang='lat' dir='ltr'><strong>secus</strong></span> <span class='ocrx_word' id='word_1_476' title='bbox 1782 4216 1845 4254; x_wconf 90' lang='lat' dir='ltr'><strong>ac</strong></span> <span class='ocrx_word' id='word_1_477' title='bbox 1866 4201 2096 4254; x_wconf 85' lang='lat' dir='ltr'><strong>hiberna</strong></span> 
     </span>
    </p>
   </div>
   <div class='ocr_carea' id='block_1_75' title="bbox 523 4290 2094 4361">
    <p class='ocr_par' dir='ltr' id='par_1_75' title="bbox 523 4290 2094 4361">
     <span class='ocr_line' id='line_1_75' title="bbox 523 4290 2094 4361; baseline 0.002 -21"><span class='ocrx_word' id='word_1_478' title='bbox 523 4295 843 4357; x_wconf 87' lang='lat' dir='ltr'><strong>tempestate</strong></span> <span class='ocrx_word' id='word_1_479' title='bbox 876 4292 1082 4346; x_wconf 90' lang='lat' dir='ltr'><strong>terreni</strong></span> <span class='ocrx_word' id='word_1_480' title='bbox 1119 4306 1352 4361; x_wconf 84' lang='lat' dir='ltr'><strong>vapores</strong></span> <span class='ocrx_word' id='word_1_481' title='bbox 1391 4293 1524 4347; x_wconf 90' lang='lat' dir='ltr'><strong>solis</strong></span> <span class='ocrx_word' id='word_1_482' title='bbox 1562 4292 1733 4346; x_wconf 90' lang='lat' dir='ltr'><strong>radiis</strong></span> <span class='ocrx_word' id='word_1_483' title='bbox 1777 4291 2001 4346; x_wconf 88' lang='lat' dir='ltr'><strong>attracti</strong></span> <span class='ocrx_word' id='word_1_484' title='bbox 2040 4290 2094 4343; x_wconf 91' lang='lat' dir='ltr'><strong>in</strong></span> 
     </span>
    </p>
   </div>
   <div class='ocr_carea' id='block_1_76' title="bbox 521 4374 961 4431">
    <p class='ocr_par' dir='ltr' id='par_1_76' title="bbox 521 4374 961 4431">
     <span class='ocr_line' id='line_1_76' title="bbox 521 4374 961 4431; baseline 0.005 -3"><span class='ocrx_word' id='word_1_485' title='bbox 521 4389 645 4429; x_wconf 77' lang='lat' dir='ltr'><strong>eum</strong></span> <span class='ocrx_word' id='word_1_486' title='bbox 683 4374 961 4431; x_wconf 86' lang='lat' dir='ltr'><strong>feruntur.</strong></span> 
     </span>
    </p>
   </div>
   <div class='ocr_carea' id='block_1_77' title="bbox 590 4463 2091 4538">
    <p class='ocr_par' dir='ltr' id='par_1_77' title="bbox 590 4463 2091 4538">
     <span class='ocr_line' id='line_1_77' title="bbox 590 4463 2091 4538; baseline 0.004 -23"><span class='ocrx_word' id='word_1_487' title='bbox 590 4463 929 4520; x_wconf 86' lang='lat' dir='ltr'><strong>[mmortales</strong></span> <span class='ocrx_word' id='word_1_488' title='bbox 958 4476 1086 4523; x_wconf 87' lang='lat' dir='ltr'><strong>sunt</strong></span> <span class='ocrx_word' id='word_1_489' title='bbox 1108 4486 1303 4526; x_wconf 88' lang='lat' dir='ltr'><strong>omnes</strong></span> <span class='ocrx_word' id='word_1_490' title='bbox 1333 4470 1552 4533; x_wconf 69' lang='lat' dir='ltr'><strong>animte,</strong></span> <span class='ocrx_word' id='word_1_491' title='bbox 1576 4471 1741 4524; x_wconf 88' lang='lat' dir='ltr'><strong>etiam</strong></span> <span class='ocrx_word' id='word_1_492' title='bbox 1774 4468 2091 4538; x_wconf 86' lang='lat' dir='ltr'><strong>impiorum,</strong></span> 
     </span>
    </p>
   </div>
   <div class='ocr_carea' id='block_1_78' title="bbox 520 4553 2093 4624">
    <p class='ocr_par' dir='ltr' id='par_1_78' title="bbox 520 4553 2093 4624">
     <span class='ocr_line' id='line_1_78' title="bbox 520 4553 2093 4624; baseline 0.004 -19"><span class='ocrx_word' id='word_1_493' title='bbox 520 4553 723 4620; x_wconf 84' lang='lat' dir='ltr'><strong>quibus</strong></span> <span class='ocrx_word' id='word_1_494' title='bbox 757 4567 1040 4624; x_wconf 66' lang='lat' dir='ltr'><strong>priestaret</strong></span> <span class='ocrx_word' id='word_1_495' title='bbox 1070 4577 1181 4615; x_wconf 91' lang='lat' dir='ltr'><strong>non</strong></span> <span class='ocrx_word' id='word_1_496' title='bbox 1215 4577 1338 4617; x_wconf 91' lang='lat' dir='ltr'><strong>esse</strong></span> <span class='ocrx_word' id='word_1_497' title='bbox 1373 4562 1735 4616; x_wconf 90' lang='lat' dir='ltr'><strong>immortales.</strong></span> <span class='ocrx_word' id='word_1_498' title='bbox 1767 4561 1907 4614; x_wconf 88' lang='lat' dir='ltr'><strong>Dum</strong></span> <span class='ocrx_word' id='word_1_499' title='bbox 1944 4560 2093 4614; x_wconf 91' lang='lat' dir='ltr'><strong>enim</strong></span> 
     </span>
    </p>
   </div>
   <div class='ocr_carea' id='block_1_79' title="bbox 523 4642 2091 4723">
    <p class='ocr_par' dir='ltr' id='par_1_79' title="bbox 523 4642 2091 4723">
     <span class='ocr_line' id='line_1_79' title="bbox 523 4642 2091 4723; baseline 0.006 -27"><span class='ocrx_word' id='word_1_500' title='bbox 523 4642 667 4714; x_wconf 78' lang='lat' dir='ltr'><strong>ignis</strong></span> <span class='ocrx_word' id='word_1_501' title='bbox 684 4646 1150 4719; x_wconf 83' lang='lat' dir='ltr'><strong>inexstingnibilis</strong></span> <span class='ocrx_word' id='word_1_502' title='bbox 1168 4662 1435 4723; x_wconf 89' lang='lat' dir='ltr'><strong>perpetuo</strong></span> <span class='ocrx_word' id='word_1_503' title='bbox 1456 4661 1783 4721; x_wconf 88' lang='lat' dir='ltr'><strong>torquentur</strong></span> <span class='ocrx_word' id='word_1_504' title='bbox 1802 4652 2091 4721; x_wconf 88' lang='lat' dir='ltr'><strong>supplicio,</strong></span> 
     </span>
    </p>
   </div>
   <div class='ocr_carea' id='block_1_80' title="bbox 524 4743 2091 4811">
    <p class='ocr_par' dir='ltr' id='par_1_80' title="bbox 524 4743 2091 4811">
     <span class='ocr_line' id='line_1_80' title="bbox 524 4743 2091 4811; baseline 0.006 -24"><span class='ocrx_word' id='word_1_505' title='bbox 524 4750 627 4789; x_wconf 75' lang='lat' dir='ltr'><strong>nec</strong></span> <span class='ocrx_word' id='word_1_506' title='bbox 674 4754 912 4806; x_wconf 69' lang='lat' dir='ltr'><strong>unquam</strong></span> <span class='ocrx_word' id='word_1_507' title='bbox 960 4743 1297 4811; x_wconf 87' lang='lat' dir='ltr'><strong>moriuntur,</strong></span> <span class='ocrx_word' id='word_1_508' title='bbox 1331 4744 1545 4798; x_wconf 89' lang='lat' dir='ltr'><strong>nullum</strong></span> <span class='ocrx_word' id='word_1_509' title='bbox 1594 4745 1738 4797; x_wconf 90' lang='lat' dir='ltr'><strong>malo</strong></span> <span class='ocrx_word' id='word_1_510' title='bbox 1785 4758 1887 4796; x_wconf 82' lang='lat' dir='ltr'><strong>suo</strong></span> <span class='ocrx_word' id='word_1_511' title='bbox 1931 4743 2091 4797; x_wconf 80' lang='lat' dir='ltr'><strong>linem</strong></span> 
     </span>
    </p>
   </div>
   <div class='ocr_carea' id='block_1_81' title="bbox 523 4827 1051 4898">
    <p class='ocr_par' dir='ltr' id='par_1_81' title="bbox 523 4827 1051 4898">
     <span class='ocr_line' id='line_1_81' title="bbox 523 4827 1051 4898; baseline 0.015 -20"><span class='ocrx_word' id='word_1_512' title='bbox 523 4827 770 4882; x_wconf 81' lang='lat' dir='ltr'><strong>nancisci</strong></span> <span class='ocrx_word' id='word_1_513' title='bbox 805 4841 1051 4898; x_wconf 83' lang='lat' dir='ltr'><strong>possunt.</strong></span> 
     </span>
    </p>
   </div>
   <div class='ocr_carea' id='block_1_82' title="bbox 2190 3209 3761 3298">
    <p class='ocr_par' dir='ltr' id='par_1_82' title="bbox 2190 3209 3761 3298">
     <span class='ocr_line' id='line_1_82' title="bbox 2190 3209 3761 3298; baseline -0.015 -16"><span class='ocrx_word' id='word_1_514' title='bbox 2190 3230 2376 3298; x_wconf 78' lang='grc' dir='ltr'>ἑτέρου</span> <span class='ocrx_word' id='word_1_515' title='bbox 2430 3225 2529 3295; x_wconf 84' lang='grc' dir='ltr'>τὴν</span> <span class='ocrx_word' id='word_1_516' title='bbox 2567 3223 2756 3294; x_wconf 80' lang='grc' dir='ltr'>χρείαν</span> <span class='ocrx_word' id='word_1_517' title='bbox 2784 3215 3261 3290; x_wconf 80' lang='grc' dir='ltr'>παραμυθούμεθα</span> <span class='ocrx_word' id='word_1_518' title='bbox 3289 3229 3304 3242; x_wconf 87' lang='grc'><strong>·</strong></span> <span class='ocrx_word' id='word_1_519' title='bbox 3341 3211 3522 3282; x_wconf 67' lang='grc' dir='ltr'>ψυχὴν</span> <span class='ocrx_word' id='word_1_520' title='bbox 3546 3211 3602 3262; x_wconf 79' lang='grc' dir='ltr'><strong>δὲ</strong></span> <span class='ocrx_word' id='word_1_521' title='bbox 3637 3209 3761 3277; x_wconf 85' lang='grc' dir='ltr'>μίαν</span> 
     </span>
    </p>
   </div>
   <div class='ocr_carea' id='block_1_83' title="bbox 2188 3299 3762 3383">
    <p class='ocr_par' dir='ltr' id='par_1_83' title="bbox 2188 3299 3762 3383">
     <span class='ocr_line' id='line_1_83' title="bbox 2188 3299 3762 3383; baseline -0.014 -13"><span class='ocrx_word' id='word_1_522' title='bbox 2188 3319 2419 3371; x_wconf 83' lang='grc' dir='ltr'>δέδωκεν</span> <span class='ocrx_word' id='word_1_523' title='bbox 2479 3315 2616 3383; x_wconf 79' lang='grc' dir='ltr'><strong>ἡμῖν</strong></span> <span class='ocrx_word' id='word_1_524' title='bbox 2649 3330 2663 3344; x_wconf 70' lang='grc'><strong>⁸</strong></span> <span class='ocrx_word' id='word_1_525' title='bbox 2705 3309 2772 3364; x_wconf 84' lang='grc' dir='ltr'>ἂν</span> <span class='ocrx_word' id='word_1_526' title='bbox 2812 3308 3015 3377; x_wconf 77' lang='grc' dir='ltr'>ταύτην</span> <span class='ocrx_word' id='word_1_527' title='bbox 3043 3299 3594 3374; x_wconf 70' lang='grc' dir='ltr'>ἀπολέσωμεν,μετά</span> <span class='ocrx_word' id='word_1_528' title='bbox 3621 3300 3762 3360; x_wconf 82' lang='grc' dir='ltr'>τίνος</span> 
     </span>
    </p>
   </div>
   <div class='ocr_carea' id='block_1_84' title="bbox 2189 3405 2651 3478">
    <p class='ocr_par' dir='ltr' id='par_1_84' title="bbox 2189 3405 2651 3478">
     <span class='ocr_line' id='line_1_84' title="bbox 2189 3405 2651 3478; baseline -0.024 -17"><span class='ocrx_word' id='word_1_529' title='bbox 2189 3405 2612 3478; x_wconf 79' lang='grc' dir='ltr'>ὲμὸιοτεύσομεν</span> <span class='ocrx_word' id='word_1_530' title='bbox 2634 3413 2651 3464; x_wconf 88' lang='lat'><strong>;</strong></span> 
     </span>
    </p>
   </div>
   <div class='ocr_carea' id='block_1_85' title="bbox 2261 3572 3762 3654">
    <p class='ocr_par' dir='ltr' id='par_1_85' title="bbox 2261 3572 3762 3654">
     <span class='ocr_line' id='line_1_85' title="bbox 2261 3572 3762 3654; baseline -0.01 -16"><span class='ocrx_word' id='word_1_531' title='bbox 2261 3584 2424 3654; x_wconf 81' lang='grc' dir='ltr'>Ψυχὴ</span> <span class='ocrx_word' id='word_1_532' title='bbox 2457 3583 2605 3636; x_wconf 79' lang='grc' dir='ltr'>ἐστιν</span> <span class='ocrx_word' id='word_1_533' title='bbox 2651 3580 2807 3635; x_wconf 76' lang='grc' dir='ltr'>οὐσία</span> <span class='ocrx_word' id='word_1_534' title='bbox 2857 3596 2944 3642; x_wconf 85' lang='grc' dir='ltr'><strong>τις</strong></span> <span class='ocrx_word' id='word_1_535' title='bbox 2994 3576 3284 3647; x_wconf 84' lang='grc' dir='ltr'>ἀσώματος</span> <span class='ocrx_word' id='word_1_536' title='bbox 3331 3575 3427 3628; x_wconf 63' lang='grc' dir='ltr'><strong>καὶ⁵</strong></span> <span class='ocrx_word' id='word_1_537' title='bbox 3474 3572 3762 3633; x_wconf 84' lang='grc' dir='ltr'>ἀθάνατος.</span> 
     </span>
    </p>
   </div>
   <div class='ocr_carea' id='block_1_86' title="bbox 2262 3748 3767 3828">
    <p class='ocr_par' dir='ltr' id='par_1_86' title="bbox 2262 3748 3767 3828">
     <span class='ocr_line' id='line_1_86' title="bbox 2262 3748 3767 3828; baseline -0.005 -17"><span class='ocrx_word' id='word_1_538' title='bbox 2262 3758 2422 3828; x_wconf 80' lang='grc' dir='ltr'>Ψυχή</span> <span class='ocrx_word' id='word_1_539' title='bbox 2454 3758 2600 3810; x_wconf 78' lang='grc' dir='ltr'>ἐστιν</span> <span class='ocrx_word' id='word_1_540' title='bbox 2651 3756 2807 3810; x_wconf 77' lang='grc' dir='ltr'>οὐσία</span> <span class='ocrx_word' id='word_1_541' title='bbox 2849 3752 3105 3824; x_wconf 77' lang='grc' dir='ltr'><strong>γεννητὴ,</strong></span> <span class='ocrx_word' id='word_1_542' title='bbox 3165 3750 3323 3804; x_wconf 81' lang='grc' dir='ltr'>οὐσία</span> <span class='ocrx_word' id='word_1_543' title='bbox 3381 3748 3534 3815; x_wconf 83' lang='grc' dir='ltr'>ζῶσα</span> <span class='ocrx_word' id='word_1_544' title='bbox 3586 3748 3767 3819; x_wconf 76' lang='grc' dir='ltr'>γοερά.</span> 
     </span>
    </p>
   </div>
   <div class='ocr_carea' id='block_1_87' title="bbox 2266 3925 3764 3999">
    <p class='ocr_par' dir='ltr' id='par_1_87' title="bbox 2266 3925 3764 3999">
     <span class='ocr_line' id='line_1_87' title="bbox 2266 3925 3764 3999; baseline -0.007 -12"><span class='ocrx_word' id='word_1_545' title='bbox 2266 3932 2556 3999; x_wconf 66' lang='grc' dir='ltr'><strong>Κιήμεντ.</strong></span> <span class='ocrx_word' id='word_1_546' title='bbox 2589 3961 2657 3971; x_wconf 91' lang='lat'><strong>——</strong></span> <span class='ocrx_word' id='word_1_547' title='bbox 2683 3930 2904 3983; x_wconf 80' lang='grc' dir='ltr'><strong>Πάντων</strong></span> <span class='ocrx_word' id='word_1_548' title='bbox 2938 3927 3302 3981; x_wconf 84' lang='grc' dir='ltr'>ἀναπνέουσαι</span> <span class='ocrx_word' id='word_1_549' title='bbox 3343 3927 3417 3997; x_wconf 84' lang='lat' dir='ltr'><strong>(g)</strong></span> <span class='ocrx_word' id='word_1_550' title='bbox 3473 3928 3530 3978; x_wconf 80' lang='lat' dir='ltr'><strong>ai</strong></span> <span class='ocrx_word' id='word_1_551' title='bbox 3577 3925 3764 3994; x_wconf 73' lang='grc' dir='ltr'>ψυχαὶ,</span> 
     </span>
    </p>
   </div>
   <div class='ocr_carea' id='block_1_88' title="bbox 2193 4015 3769 4093">
    <p class='ocr_par' dir='ltr' id='par_1_88' title="bbox 2193 4015 3769 4093">
     <span class='ocr_line' id='line_1_88' title="bbox 2193 4015 3769 4093; baseline -0.004 -19"><span class='ocrx_word' id='word_1_552' title='bbox 2193 4023 2254 4093; x_wconf 54' lang='lat' dir='ltr'><strong>te</strong></span> <span class='ocrx_word' id='word_1_553' title='bbox 2290 4022 2388 4092; x_wconf 78' lang='grc' dir='ltr'>ζῇν</span> <span class='ocrx_word' id='word_1_554' title='bbox 2436 4021 2641 4089; x_wconf 80' lang='grc' dir='ltr'>ἔχουσι,</span> <span class='ocrx_word' id='word_1_555' title='bbox 2698 4019 2801 4072; x_wconf 79' lang='grc' dir='ltr'>κᾶν</span> <span class='ocrx_word' id='word_1_556' title='bbox 2849 4017 3158 4089; x_wconf 83' lang='grc' dir='ltr'>χωρισθῶσι</span> <span class='ocrx_word' id='word_1_557' title='bbox 3199 4016 3291 4069; x_wconf 78' lang='grc' dir='ltr'><strong>τοῦ</strong></span> <span class='ocrx_word' id='word_1_558' title='bbox 3345 4016 3620 4085; x_wconf 83' lang='grc' dir='ltr'>σώματος,</span> <span class='ocrx_word' id='word_1_559' title='bbox 3678 4015 3769 4069; x_wconf 78' lang='grc' dir='ltr'>καὶ</span> 
     </span>
    </p>
   </div>
   <div class='ocr_carea' id='block_1_89' title="bbox 2194 4104 3766 4178">
    <p class='ocr_par' dir='ltr' id='par_1_89' title="bbox 2194 4104 3766 4178">
     <span class='ocr_line' id='line_1_89' title="bbox 2194 4104 3766 4178; baseline -0.006 -14"><span class='ocrx_word' id='word_1_560' title='bbox 2194 4113 2286 4165; x_wconf 79' lang='grc' dir='ltr'>τὸν</span> <span class='ocrx_word' id='word_1_561' title='bbox 2316 4114 2394 4173; x_wconf 82' lang='grc' dir='ltr'><strong>εἰς</strong></span> <span class='ocrx_word' id='word_1_562' title='bbox 2428 4111 2558 4163; x_wconf 79' lang='grc' dir='ltr'>αὐτὸ</span> <span class='ocrx_word' id='word_1_563' title='bbox 2587 4108 2852 4178; x_wconf 82' lang='grc' dir='ltr'>εὐρεθῶσι</span> <span class='ocrx_word' id='word_1_564' title='bbox 2916 4107 3079 4160; x_wconf 82' lang='grc' dir='ltr'>πόθον</span> <span class='ocrx_word' id='word_1_565' title='bbox 3119 4106 3360 4175; x_wconf 76' lang='grc' dir='ltr'>ἔχουσαι,</span> <span class='ocrx_word' id='word_1_566' title='bbox 3414 4106 3496 4167; x_wconf 83' lang='grc' dir='ltr'><strong>είς</strong></span> <span class='ocrx_word' id='word_1_567' title='bbox 3544 4106 3636 4157; x_wconf 81' lang='grc' dir='ltr'>τὸν</span> <span class='ocrx_word' id='word_1_568' title='bbox 3678 4104 3766 4156; x_wconf 74' lang='grc' dir='ltr'>τοῦ</span> 
     </span>
    </p>
   </div>
   <div class='ocr_carea' id='block_1_90' title="bbox 2196 4192 3769 4265">
    <p class='ocr_par' dir='ltr' id='par_1_90' title="bbox 2196 4192 3769 4265">
     <span class='ocr_line' id='line_1_90' title="bbox 2196 4192 3769 4265; baseline -0.008 -12"><span class='ocrx_word' id='word_1_569' title='bbox 2196 4198 2331 4253; x_wconf 80' lang='grc' dir='ltr'>Θεοῦ</span> <span class='ocrx_word' id='word_1_570' title='bbox 2367 4198 2566 4251; x_wconf 79' lang='grc' dir='ltr'>κόλπον</span> <span class='ocrx_word' id='word_1_571' title='bbox 2600 4196 2857 4265; x_wconf 85' lang='grc' dir='ltr'>φέρονται</span> <span class='ocrx_word' id='word_1_572' title='bbox 2907 4194 3164 4247; x_wconf 81' lang='grc' dir='ltr'>ἀθάνατοι</span> <span class='ocrx_word' id='word_1_573' title='bbox 3204 4209 3219 4223; x_wconf 84' lang='lat'><strong><em>°</em></strong></span> <span class='ocrx_word' id='word_1_574' title='bbox 3267 4192 3343 4255; x_wconf 85' lang='grc' dir='ltr'>ὡς</span> <span class='ocrx_word' id='word_1_575' title='bbox 3391 4194 3451 4243; x_wconf 85' lang='grc' dir='ltr'><strong>ὲν</strong></span> <span class='ocrx_word' id='word_1_576' title='bbox 3502 4192 3769 4261; x_wconf 80' lang='grc' dir='ltr'>χειμῶνος</span> 
     </span>
    </p>
   </div>
   <div class='ocr_carea' id='block_1_91' title="bbox 2199 4282 3768 4360">
    <p class='ocr_par' dir='ltr' id='par_1_91' title="bbox 2199 4282 3768 4360">
     <span class='ocr_line' id='line_1_91' title="bbox 2199 4282 3768 4360; baseline -0.007 -16"><span class='ocrx_word' id='word_1_577' title='bbox 2199 4290 2317 4360; x_wconf 67' lang='grc' dir='ltr'><strong>ὥρᾳ.</strong></span> <span class='ocrx_word' id='word_1_578' title='bbox 2350 4290 2400 4342; x_wconf 81' lang='grc' dir='ltr'><strong>οἱ</strong></span> <span class='ocrx_word' id='word_1_579' title='bbox 2439 4288 2604 4357; x_wconf 75' lang='grc' dir='ltr'>ἀτμοὶ</span> <span class='ocrx_word' id='word_1_580' title='bbox 2643 4287 2742 4354; x_wconf 75' lang='grc' dir='ltr'>τῆς</span> <span class='ocrx_word' id='word_1_581' title='bbox 2800 4286 2905 4354; x_wconf 72' lang='grc' dir='ltr'><strong>γῆς</strong></span> <span class='ocrx_word' id='word_1_582' title='bbox 2940 4285 3045 4338; x_wconf 83' lang='grc' dir='ltr'><strong>ὑπὸ</strong></span> <span class='ocrx_word' id='word_1_583' title='bbox 3076 4283 3185 4336; x_wconf 80' lang='grc' dir='ltr'>τῶν</span> <span class='ocrx_word' id='word_1_584' title='bbox 3219 4282 3315 4336; x_wconf 79' lang='grc' dir='ltr'>τοῦ</span> <span class='ocrx_word' id='word_1_585' title='bbox 3347 4283 3502 4352; x_wconf 77' lang='grc' dir='ltr'>ἡλίου</span> <span class='ocrx_word' id='word_1_586' title='bbox 3536 4284 3768 4336; x_wconf 84' lang='grc' dir='ltr'>ἀκτίνων</span> 
     </span>
    </p>
   </div>
   <div class='ocr_carea' id='block_1_92' title="bbox 2130 4374 3213 4459">
    <p class='ocr_par' dir='ltr' id='par_1_92' title="bbox 2130 4374 3213 4459">
     <span class='ocr_line' id='line_1_92' title="bbox 2130 4374 3213 4459; baseline -0.006 -25"><span class='ocrx_word' id='word_1_587' title='bbox 2130 4405 2174 4459; x_wconf 77' lang='lat' dir='ltr'><strong>D</strong></span> <span class='ocrx_word' id='word_1_588' title='bbox 2199 4379 2551 4449; x_wconf 80' lang='grc' dir='ltr'>ἐφελκόμενοι</span> <span class='ocrx_word' id='word_1_589' title='bbox 2574 4378 2830 4446; x_wconf 83' lang='grc' dir='ltr'>φέρονται</span> <span class='ocrx_word' id='word_1_590' title='bbox 2859 4375 2993 4444; x_wconf 73' lang='grc' dir='ltr'>πρὸς</span> <span class='ocrx_word' id='word_1_591' title='bbox 3031 4374 3213 4428; x_wconf 84' lang='grc' dir='ltr'>αὐτόν.</span> 
     </span>
    </p>
   </div>
   <div class='ocr_carea' id='block_1_93' title="bbox 2281 4457 3766 4533">
    <p class='ocr_par' dir='ltr' id='par_1_93' title="bbox 2281 4457 3766 4533">
     <span class='ocr_line' id='line_1_93' title="bbox 2281 4457 3766 4533; baseline -0.005 -13"><span class='ocrx_word' id='word_1_592' title='bbox 2281 4468 2563 4520; x_wconf 76' lang='grc' dir='ltr'>Ἀθάνατοι</span> <span class='ocrx_word' id='word_1_593' title='bbox 2585 4469 2755 4519; x_wconf 81' lang='grc' dir='ltr'>πᾶσαι</span> <span class='ocrx_word' id='word_1_594' title='bbox 2786 4465 2842 4517; x_wconf 78' lang='grc' dir='ltr'>αἱ</span> <span class='ocrx_word' id='word_1_595' title='bbox 2881 4463 3074 4533; x_wconf 67' lang='grc' dir='ltr'>ψυχαὶ,</span> <span class='ocrx_word' id='word_1_596' title='bbox 3104 4463 3198 4516; x_wconf 73' lang='grc' dir='ltr'><strong>καὶ</strong></span> <span class='ocrx_word' id='word_1_597' title='bbox 3244 4461 3356 4516; x_wconf 83' lang='grc' dir='ltr'><strong>τῶν</strong></span> <span class='ocrx_word' id='word_1_598' title='bbox 3390 4462 3627 4527; x_wconf 74' lang='grc' dir='ltr'>ἀσεϐῶν,</span> <span class='ocrx_word' id='word_1_599' title='bbox 3682 4457 3766 4524; x_wconf 74' lang='grc' dir='ltr'>αἷς</span> 
     </span>
    </p>
   </div>
   <div class='ocr_carea' id='block_1_94' title="bbox 2198 4546 3768 4628">
    <p class='ocr_par' dir='ltr' id='par_1_94' title="bbox 2198 4546 3768 4628">
     <span class='ocr_line' id='line_1_94' title="bbox 2198 4546 3768 4628; baseline -0.007 -16"><span class='ocrx_word' id='word_1_600' title='bbox 2198 4558 2421 4628; x_wconf 82' lang='grc' dir='ltr'>ἄμεινον</span> <span class='ocrx_word' id='word_1_601' title='bbox 2474 4552 2540 4627; x_wconf 80' lang='grc' dir='ltr'>ἦν</span> <span class='ocrx_word' id='word_1_602' title='bbox 2577 4555 2652 4625; x_wconf 82' lang='grc' dir='ltr'><strong>μὴ</strong></span> <span class='ocrx_word' id='word_1_603' title='bbox 2706 4551 3013 4620; x_wconf 81' lang='grc' dir='ltr'>ἀφθάρτους</span> <span class='ocrx_word' id='word_1_604' title='bbox 3056 4546 3218 4603; x_wconf 79' lang='grc' dir='ltr'>εἶναι.</span> <span class='ocrx_word' id='word_1_605' title='bbox 3254 4550 3636 4620; x_wconf 82' lang='grc' dir='ltr'>Κολαζόμεναι</span> <span class='ocrx_word' id='word_1_606' title='bbox 3664 4550 3768 4616; x_wconf 77' lang='grc' dir='ltr'><strong>γάρ</strong></span> 
     </span>
    </p>
   </div>
   <div class='ocr_carea' id='block_1_95' title="bbox 2159 4634 3770 4713">
    <p class='ocr_par' dir='ltr' id='par_1_95' title="bbox 2159 4634 3770 4713">
     <span class='ocr_line' id='line_1_95' title="bbox 2159 4634 3770 4713; baseline -0.009 -10"><span class='ocrx_word' id='word_1_607' title='bbox 2159 4634 2303 4703; x_wconf 10' lang='grc' dir='ltr'>Ῡύπὸ</span> <span class='ocrx_word' id='word_1_608' title='bbox 2353 4646 2446 4702; x_wconf 78' lang='grc' dir='ltr'>τοῦ</span> <span class='ocrx_word' id='word_1_609' title='bbox 2505 4646 2767 4700; x_wconf 77' lang='grc' dir='ltr'>ἀσϐέστου</span> <span class='ocrx_word' id='word_1_610' title='bbox 2824 4642 2995 4713; x_wconf 75' lang='grc' dir='ltr'>πυρδς</span> <span class='ocrx_word' id='word_1_611' title='bbox 3036 4641 3329 4712; x_wconf 76' lang='grc' dir='ltr'>ἀπεράντῳ</span> <span class='ocrx_word' id='word_1_612' title='bbox 3380 4642 3627 4710; x_wconf 64' lang='grc' dir='ltr'>τιμωρίᾳ</span> <span class='ocrx_word' id='word_1_613' title='bbox 3679 4638 3770 4691; x_wconf 78' lang='grc' dir='ltr'>καὶ</span> 
     </span>
    </p>
   </div>
   <div class='ocr_carea' id='block_1_96' title="bbox 2201 4729 3770 4808">
    <p class='ocr_par' dir='ltr' id='par_1_96' title="bbox 2201 4729 3770 4808">
     <span class='ocr_line' id='line_1_96' title="bbox 2201 4729 3770 4808; baseline -0.011 -15"><span class='ocrx_word' id='word_1_614' title='bbox 2201 4738 2276 4808; x_wconf 81' lang='grc' dir='ltr'><strong>μὴ</strong></span> <span class='ocrx_word' id='word_1_615' title='bbox 2322 4736 2668 4807; x_wconf 80' lang='grc' dir='ltr'>θνήσκουσαι,</span> <span class='ocrx_word' id='word_1_616' title='bbox 2720 4734 2811 4786; x_wconf 77' lang='grc' dir='ltr'><strong>ἐπὶ</strong></span> <span class='ocrx_word' id='word_1_617' title='bbox 2861 4732 3018 4803; x_wconf 83' lang='grc' dir='ltr'>κακῷ</span> <span class='ocrx_word' id='word_1_618' title='bbox 3063 4732 3138 4802; x_wconf 82' lang='grc' dir='ltr'>τῷ</span> <span class='ocrx_word' id='word_1_619' title='bbox 3163 4731 3373 4784; x_wconf 82' lang='grc' dir='ltr'>ἑαυτῶν</span> <span class='ocrx_word' id='word_1_620' title='bbox 3400 4730 3556 4793; x_wconf 80' lang='grc' dir='ltr'>τέλος</span> <span class='ocrx_word' id='word_1_621' title='bbox 3589 4729 3770 4783; x_wconf 78' lang='grc' dir='ltr'>λαϐεῖν</span> 
     </span>
    </p>
   </div>
   <div class='ocr_carea' id='block_1_97' title="bbox 2196 4828 2558 4898">
    <p class='ocr_par' dir='ltr' id='par_1_97' title="bbox 2196 4828 2558 4898">
     <span class='ocr_line' id='line_1_97' title="bbox 2196 4828 2558 4898; baseline -0.006 -15"><span class='ocrx_word' id='word_1_622' title='bbox 2196 4832 2295 4883; x_wconf 81' lang='grc' dir='ltr'>οὐκ</span> <span class='ocrx_word' id='word_1_623' title='bbox 2327 4828 2558 4898; x_wconf 78' lang='grc' dir='ltr'>ἔχουσιν.</span> 
     </span>
    </p>
   </div>
   <div class='ocr_carea' id='block_1_98' title="bbox 2028 4961 2254 5017">
    <p class='ocr_par' dir='ltr' id='par_1_98' title="bbox 2028 4961 2254 5017">
     <span class='ocr_line' id='line_1_98' title="bbox 2028 4961 2254 5017; baseline -0.009 0"><span class='ocrx_word' id='word_1_624' title='bbox 2028 4961 2254 5017; x_wconf 64' lang='lat' dir='ltr'><strong>NOTAE.</strong></span> 
     </span>
    </p>
   </div>
   <div class='ocr_carea' id='block_1_99' title="bbox 528 5071 2089 5140">
    <p class='ocr_par' dir='ltr' id='par_1_99' title="bbox 528 5071 2089 5140">
     <span class='ocr_line' id='line_1_99' title="bbox 528 5071 2089 5140; baseline 0.006 -18"><span class='ocrx_word' id='word_1_625' title='bbox 528 5071 690 5140; x_wconf 63' lang='lat' dir='ltr'><strong>?rov.</strong></span> <span class='ocrx_word' id='word_1_626' title='bbox 720 5082 1022 5140; x_wconf 82' lang='lat' dir='ltr'><strong>sumptum.</strong></span> <span class='ocrx_word' id='word_1_627' title='bbox 1046 5074 1181 5129; x_wconf 80' lang='lat' dir='ltr'><strong>Male</strong></span> <span class='ocrx_word' id='word_1_628' title='bbox 1200 5076 1363 5130; x_wconf 88' lang='lat' dir='ltr'><strong>Gesn.</strong></span> <span class='ocrx_word' id='word_1_629' title='bbox 1405 5082 1850 5133; x_wconf 80' lang='lat' dir='ltr'><strong>conversationem</strong></span> <span class='ocrx_word' id='word_1_630' title='bbox 1888 5079 2089 5132; x_wconf 83' lang='lat' dir='ltr'><strong>reddit.</strong></span> 
     </span>
    </p>
   </div>
   <div class='ocr_carea' id='block_1_100' title="bbox 527 5138 2095 5220">
    <p class='ocr_par' dir='ltr' id='par_1_100' title="bbox 527 5138 2095 5220">
     <span class='ocr_line' id='line_1_100' title="bbox 527 5138 2095 5220; baseline 0.003 -25"><span class='ocrx_word' id='word_1_631' title='bbox 527 5138 648 5198; x_wconf 87' lang='lat' dir='ltr'><strong>Est.</strong></span> <span class='ocrx_word' id='word_1_632' title='bbox 683 5138 968 5220; x_wconf 60' lang='lat' dir='ltr'><strong>sabuci-aio,</strong></span> <span class='ocrx_word' id='word_1_633' title='bbox 997 5144 1264 5220; x_wconf 78' lang='lat' dir='ltr'><strong>interitus,</strong></span> <span class='ocrx_word' id='word_1_634' title='bbox 1310 5146 1501 5220; x_wconf 42' lang='lat' dir='ltr'><strong>quina,</strong></span> <span class='ocrx_word' id='word_1_635' title='bbox 1536 5157 1593 5200; x_wconf 89' lang='lat' dir='ltr'><strong>et</strong></span> <span class='ocrx_word' id='word_1_636' title='bbox 1627 5149 1671 5202; x_wconf 92' lang='lat' dir='ltr'><strong>si</strong></span> <span class='ocrx_word' id='word_1_637' title='bbox 1695 5150 1827 5220; x_wconf 86' lang='lat' dir='ltr'><strong>quid</strong></span> <span class='ocrx_word' id='word_1_638' title='bbox 1856 5157 1942 5202; x_wconf 90' lang='lat' dir='ltr'><strong>est</strong></span> <span class='ocrx_word' id='word_1_639' title='bbox 1976 5150 2095 5217; x_wconf 88' lang='lat' dir='ltr'><strong>ejus</strong></span> 
     </span>
    </p>
   </div>
   <div class='ocr_carea' id='block_1_101' title="bbox 529 5212 2092 5290">
    <p class='ocr_par' dir='ltr' id='par_1_101' title="bbox 529 5212 2092 5290">
     <span class='ocr_line' id='line_1_101' title="bbox 529 5212 2092 5290; baseline 0.005 -30"><span class='ocrx_word' id='word_1_640' title='bbox 529 5212 767 5290; x_wconf 75' lang='lat' dir='ltr'><strong>generis,</strong></span> <span class='ocrx_word' id='word_1_641' title='bbox 792 5212 866 5290; x_wconf 38' lang='lat' dir='ltr'><strong>iis.</strong></span> <span class='ocrx_word' id='word_1_642' title='bbox 889 5212 1214 5290; x_wconf 51' lang='lat' dir='ltr'><strong>repositum,</strong></span> <span class='ocrx_word' id='word_1_643' title='bbox 1245 5215 1341 5290; x_wconf 79' lang='lat' dir='ltr'><strong>qui</strong></span> <span class='ocrx_word' id='word_1_644' title='bbox 1376 5216 1655 5284; x_wconf 77' lang='lat' dir='ltr'><strong>impietate</strong></span> <span class='ocrx_word' id='word_1_645' title='bbox 1685 5212 1919 5290; x_wconf 72' lang='lat' dir='ltr'><strong>animam</strong></span> <span class='ocrx_word' id='word_1_646' title='bbox 1939 5212 2092 5290; x_wconf 66' lang='lat' dir='ltr'><strong>suam</strong></span> 
     </span>
    </p>
   </div>
   <div class='ocr_carea' id='block_1_102' title="bbox 531 5278 2094 5355">
    <p class='ocr_par' dir='ltr' id='par_1_102' title="bbox 531 5278 2094 5355">
     <span class='ocr_line' id='line_1_102' title="bbox 531 5278 2094 5355; baseline 0.004 -26"><span class='ocrx_word' id='word_1_647' title='bbox 531 5278 793 5355; x_wconf 59' lang='lat' dir='ltr'><strong>perdunt.</strong></span> <span class='ocrx_word' id='word_1_648' title='bbox 825 5280 936 5333; x_wconf 85' lang='lat' dir='ltr'><strong>Nec</strong></span> <span class='ocrx_word' id='word_1_649' title='bbox 954 5278 1109 5334; x_wconf 86' lang='lat' dir='ltr'><strong>istud</strong></span> <span class='ocrx_word' id='word_1_650' title='bbox 1137 5278 1286 5355; x_wconf 84' lang='lat' dir='ltr'><strong>aliud</strong></span> <span class='ocrx_word' id='word_1_651' title='bbox 1303 5293 1408 5349; x_wconf 89' lang='lat' dir='ltr'><strong>est,</strong></span> <span class='ocrx_word' id='word_1_652' title='bbox 1437 5278 1599 5353; x_wconf 82' lang='lat' dir='ltr'><strong>quam</strong></span> <span class='ocrx_word' id='word_1_653' title='bbox 1622 5287 1770 5355; x_wconf 91' lang='lat' dir='ltr'><strong>quod</strong></span> <span class='ocrx_word' id='word_1_654' title='bbox 1800 5288 1877 5341; x_wconf 86' lang='lat' dir='ltr'><strong>ait</strong></span> <span class='ocrx_word' id='word_1_655' title='bbox 1900 5287 2094 5355; x_wconf 88' lang='lat' dir='ltr'><strong>psalm.</strong></span> 
     </span>
    </p>
   </div>
   <div class='ocr_carea' id='block_1_103' title="bbox 532 5343 1321 5417">
    <p class='ocr_par' dir='ltr' id='par_1_103' title="bbox 532 5343 1321 5417">
     <span class='ocr_line' id='line_1_103' title="bbox 532 5343 1321 5417; baseline 0.011 -21"><span class='ocrx_word' id='word_1_656' title='bbox 532 5343 677 5417; x_wconf 69' lang='lat' dir='ltr'><strong>Mors</strong></span> <span class='ocrx_word' id='word_1_657' title='bbox 706 5356 1039 5417; x_wconf 75' lang='lat' dir='ltr'><strong>peccatorum</strong></span> <span class='ocrx_word' id='word_1_658' title='bbox 1072 5353 1321 5417; x_wconf 76' lang='lat' dir='ltr'><strong>pessima.</strong></span> 
     </span>
    </p>
   </div>
   <div class='ocr_carea' id='block_1_104' title="bbox 602 5413 2101 5496">
    <p class='ocr_par' dir='ltr' id='par_1_104' title="bbox 602 5413 2101 5496">
     <span class='ocr_line' id='line_1_104' title="bbox 602 5413 2101 5496; baseline 0.003 -27"><span class='ocrx_word' id='word_1_659' title='bbox 602 5413 684 5492; x_wconf 48' lang='lat' dir='ltr'><strong>.(g)</strong></span> <span class='ocrx_word' id='word_1_660' title='bbox 711 5414 959 5496; x_wconf 70' lang='grc' dir='ltr'>ῌοὶντων</span> <span class='ocrx_word' id='word_1_661' title='bbox 984 5413 1418 5496; x_wconf 27' lang='grc' dir='ltr'>ἁνᾲξτνέουσαμι.</span> <span class='ocrx_word' id='word_1_662' title='bbox 1452 5422 1614 5496; x_wconf 75' lang='lat' dir='ltr'><strong>Quasi</strong></span> <span class='ocrx_word' id='word_1_663' title='bbox 1649 5424 1711 5476; x_wconf 87' lang='lat' dir='ltr'><strong>ab</strong></span> <span class='ocrx_word' id='word_1_664' title='bbox 1752 5422 1985 5496; x_wconf 73' lang='lat' dir='ltr'><strong>omnibus</strong></span> <span class='ocrx_word' id='word_1_665' title='bbox 2018 5438 2101 5496; x_wconf 68' lang='lat' dir='ltr'><strong>reo</strong></span> 
     </span>
    </p>
   </div>
   <div class='ocr_carea' id='block_1_105' title="bbox 533 5486 2095 5561">
    <p class='ocr_par' dir='ltr' id='par_1_105' title="bbox 533 5486 2095 5561">
     <span class='ocr_line' id='line_1_105' title="bbox 533 5486 2095 5561; baseline 0.008 -30"><span class='ocrx_word' id='word_1_666' title='bbox 533 5486 834 5561; x_wconf 52' lang='lat' dir='ltr'><strong>{piranteu</strong></span> <span class='ocrx_word' id='word_1_667' title='bbox 861 5486 928 5537; x_wconf 89' lang='lat' dir='ltr'><strong>ab</strong></span> <span class='ocrx_word' id='word_1_668' title='bbox 950 5486 1205 5561; x_wconf 80' lang='lat' dir='ltr'><strong>omnibus</strong></span> <span class='ocrx_word' id='word_1_669' title='bbox 1235 5486 1491 5561; x_wconf 77' lang='lat' dir='ltr'><strong>requiem</strong></span> <span class='ocrx_word' id='word_1_670' title='bbox 1513 5492 1756 5559; x_wconf 54' lang='lat' dir='ltr'><strong>adeptam</strong></span> <span class='ocrx_word' id='word_1_671' title='bbox 1799 5493 1915 5545; x_wconf 74' lang='lat' dir='ltr'><strong>haec</strong></span> <span class='ocrx_word' id='word_1_672' title='bbox 1949 5492 2095 5561; x_wconf 86' lang='lat' dir='ltr'><strong>enim</strong></span> 
     </span>
    </p>
   </div>
   <div class='ocr_carea' id='block_1_106' title="bbox 537 5556 2100 5629">
    <p class='ocr_par' dir='ltr' id='par_1_106' title="bbox 537 5556 2100 5629">
     <span class='ocr_line' id='line_1_106' title="bbox 537 5556 2100 5629; baseline 0 -20"><span class='ocrx_word' id='word_1_673' title='bbox 537 5556 1279 5629; x_wconf 35' lang='lat' dir='ltr'><strong>nllquﬁlis-constructionis,</strong></span> <span class='ocrx_word' id='word_1_674' title='bbox 1304 5556 1356 5611; x_wconf 81' lang='lat' dir='ltr'><strong>in</strong></span> <span class='ocrx_word' id='word_1_675' title='bbox 1383 5575 1489 5627; x_wconf 87' lang='lat' dir='ltr'><strong>qua</strong></span> <span class='ocrx_word' id='word_1_676' title='bbox 1519 5556 1952 5629; x_wconf 79' lang='lat' dir='ltr'><strong>propositionem</strong></span> <span class='ocrx_word' id='word_1_677' title='bbox 1994 5560 2100 5629; x_wconf 73' lang='grc' dir='ltr'>ἀπὸ</span> 
     </span>
    </p>
   </div>
   <div class='ocr_carea' id='block_1_107' title="bbox 543 5616 2100 5695">
    <p class='ocr_par' dir='ltr' id='par_1_107' title="bbox 543 5616 2100 5695">
     <span class='ocr_line' id='line_1_107' title="bbox 543 5616 2100 5695; baseline 0.008 -27"><span class='ocrx_word' id='word_1_678' title='bbox 543 5616 878 5688; x_wconf 81' lang='lat' dir='ltr'><strong>subintelligi</strong></span> <span class='ocrx_word' id='word_1_679' title='bbox 927 5621 1147 5687; x_wconf 86' lang='lat' dir='ltr'><strong>quidam</strong></span> <span class='ocrx_word' id='word_1_680' title='bbox 1186 5616 1695 5682; x_wconf 44' lang='lat' dir='ltr'><strong>volunt.‘Describit</strong></span> <span class='ocrx_word' id='word_1_681' title='bbox 1732 5631 1982 5684; x_wconf 79' lang='lat' dir='ltr'><strong>Clemens</strong></span> <span class='ocrx_word' id='word_1_682' title='bbox 2015 5627 2100 5695; x_wconf 85' lang='lat' dir='ltr'><strong>ip-</strong></span> 
     </span>
    </p>
   </div>
   <div class='ocr_carea' id='block_1_108' title="bbox 687 5854 709 5887">
    <p class='ocr_par' dir='ltr' id='par_1_108' title="bbox 687 5854 709 5887">
     <span class='ocr_line' id='line_1_108' title="bbox 687 5854 709 5887; baseline 0 0"><span class='ocrx_word' id='word_1_683' title='bbox 687 5854 709 5887; x_wconf 67' lang='grc' dir='ltr'><em>Ρ</em></span> 
     </span>
    </p>
   </div>
   <div class='ocr_carea' id='block_1_109' title="bbox 2198 5065 3773 5140">
    <p class='ocr_par' dir='ltr' id='par_1_109' title="bbox 2198 5065 3773 5140">
     <span class='ocr_line' id='line_1_109' title="bbox 2198 5065 3773 5140; baseline -0.006 -10"><span class='ocrx_word' id='word_1_684' title='bbox 2198 5091 2318 5130; x_wconf 83' lang='lat' dir='ltr'><strong>sum</strong></span> <span class='ocrx_word' id='word_1_685' title='bbox 2353 5074 2457 5127; x_wconf 86' lang='lat' dir='ltr'><strong>hoc</strong></span> <span class='ocrx_word' id='word_1_686' title='bbox 2478 5070 2626 5140; x_wconf 88' lang='lat' dir='ltr'><strong>quod</strong></span> <span class='ocrx_word' id='word_1_687' title='bbox 2662 5071 2818 5126; x_wconf 86' lang='lat' dir='ltr'><strong>Joan.</strong></span> <span class='ocrx_word' id='word_1_688' title='bbox 2862 5070 2915 5140; x_wconf 78' lang='lat' dir='ltr'><strong>in</strong></span> <span class='ocrx_word' id='word_1_689' title='bbox 2946 5067 3294 5140; x_wconf 78' lang='lat' dir='ltr'><strong>Apocalypsi,</strong></span> <span class='ocrx_word' id='word_1_690' title='bbox 3340 5065 3773 5140; x_wconf 40' lang='lat' dir='ltr'><strong>animornmure-</strong></span> 
     </span>
    </p>
   </div>
   <div class='ocr_carea' id='block_1_110' title="bbox 2198 5136 3773 5212">
    <p class='ocr_par' dir='ltr' id='par_1_110' title="bbox 2198 5136 3773 5212">
     <span class='ocr_line' id='line_1_110' title="bbox 2198 5136 3773 5212; baseline -0.005 -16"><span class='ocrx_word' id='word_1_691' title='bbox 2198 5146 2383 5212; x_wconf 87' lang='lat' dir='ltr'><strong>quiem</strong></span> <span class='ocrx_word' id='word_1_692' title='bbox 2415 5159 2444 5195; x_wconf 93' lang='lat' dir='ltr'><strong>a</strong></span> <span class='ocrx_word' id='word_1_693' title='bbox 2474 5136 2773 5212; x_wconf 80' lang='lat' dir='ltr'><strong>laboribus,</strong></span> <span class='ocrx_word' id='word_1_694' title='bbox 2799 5138 3004 5212; x_wconf 84' lang='lat' dir='ltr'><strong>quibus</strong></span> <span class='ocrx_word' id='word_1_695' title='bbox 3034 5136 3248 5212; x_wconf 62' lang='lat' dir='ltr'><strong>solutae,</strong></span> <span class='ocrx_word' id='word_1_696' title='bbox 3296 5144 3352 5189; x_wconf 89' lang='lat' dir='ltr'><strong>et</strong></span> <span class='ocrx_word' id='word_1_697' title='bbox 3376 5152 3407 5189; x_wconf 87' lang='lat' dir='ltr'><strong>a</strong></span> <span class='ocrx_word' id='word_1_698' title='bbox 3443 5136 3773 5212; x_wconf 74' lang='lat' dir='ltr'><strong>corporibus</strong></span> 
     </span>
    </p>
   </div>
   <div class='ocr_carea' id='block_1_111' title="bbox 2201 5203 3801 5273">
    <p class='ocr_par' dir='ltr' id='par_1_111' title="bbox 2201 5203 3801 5273">
     <span class='ocr_line' id='line_1_111' title="bbox 2201 5203 3801 5273; baseline -0.007 -7"><span class='ocrx_word' id='word_1_699' title='bbox 2201 5203 2487 5273; x_wconf 65' lang='lat' dir='ltr'><strong>absolutae,</strong></span> <span class='ocrx_word' id='word_1_700' title='bbox 2538 5210 2642 5265; x_wconf 91' lang='lat' dir='ltr'><strong>etsi</strong></span> <span class='ocrx_word' id='word_1_701' title='bbox 2666 5224 2775 5262; x_wconf 90' lang='lat' dir='ltr'><strong>non</strong></span> <span class='ocrx_word' id='word_1_702' title='bbox 2806 5203 3006 5261; x_wconf 77' lang='lat' dir='ltr'><strong>amissa</strong></span> <span class='ocrx_word' id='word_1_703' title='bbox 3049 5205 3117 5257; x_wconf 92' lang='lat' dir='ltr'><strong>ad</strong></span> <span class='ocrx_word' id='word_1_704' title='bbox 3159 5220 3225 5259; x_wconf 90' lang='lat' dir='ltr'><strong>ea</strong></span> <span class='ocrx_word' id='word_1_705' title='bbox 3247 5203 3687 5273; x_wconf 67' lang='lat' dir='ltr'><strong>necessitudine,</strong></span> <span class='ocrx_word' id='word_1_706' title='bbox 3720 5204 3801 5256; x_wconf 26' lang='lat' dir='ltr'><strong>in.</strong></span> 
     </span>
    </p>
   </div>
   <div class='ocr_carea' id='block_1_112' title="bbox 2201 5271 3772 5346">
    <p class='ocr_par' dir='ltr' id='par_1_112' title="bbox 2201 5271 3772 5346">
     <span class='ocr_line' id='line_1_112' title="bbox 2201 5271 3772 5346; baseline -0.006 -11"><span class='ocrx_word' id='word_1_707' title='bbox 2201 5281 2297 5335; x_wconf 86' lang='lat' dir='ltr'><strong>Dei</strong></span> <span class='ocrx_word' id='word_1_708' title='bbox 2329 5271 2507 5333; x_wconf 87' lang='lat' dir='ltr'><strong>sinum</strong></span> <span class='ocrx_word' id='word_1_709' title='bbox 2561 5278 2874 5332; x_wconf 85' lang='lat' dir='ltr'><strong>convolant.</strong></span> <span class='ocrx_word' id='word_1_710' title='bbox 2918 5273 3350 5346; x_wconf 62' lang='lat' dir='ltr'><strong>inscite_(}_e.sr_._</strong></span> <span class='ocrx_word' id='word_1_711' title='bbox 3371 5271 3631 5346; x_wconf 61' lang='lat' dir='ltr'><strong>Omnium</strong></span> <span class='ocrx_word' id='word_1_712' title='bbox 3664 5273 3772 5346; x_wconf 66' lang='lat' dir='ltr'><strong>spi-</strong></span> 
     </span>
    </p>
   </div>
   <div class='ocr_carea' id='block_1_113' title="bbox 2204 5341 3772 5412">
    <p class='ocr_par' dir='ltr' id='par_1_113' title="bbox 2204 5341 3772 5412">
     <span class='ocr_line' id='line_1_113' title="bbox 2204 5341 3772 5412; baseline -0.006 -10"><span class='ocrx_word' id='word_1_713' title='bbox 2204 5358 2383 5402; x_wconf 83' lang='lat' dir='ltr'><strong>rantes</strong></span> <span class='ocrx_word' id='word_1_714' title='bbox 2435 5349 2628 5401; x_wconf 75' lang='lat' dir='ltr'><strong>am&#39;ma:</strong></span> <span class='ocrx_word' id='word_1_715' title='bbox 2654 5364 2672 5401; x_wconf 90' lang='lat'><strong><em>:</em></strong></span> <span class='ocrx_word' id='word_1_716' title='bbox 2704 5355 2763 5399; x_wconf 88' lang='lat' dir='ltr'><strong>ut</strong></span> <span class='ocrx_word' id='word_1_717' title='bbox 2797 5355 2855 5399; x_wconf 92' lang='lat' dir='ltr'><strong>et</strong></span> <span class='ocrx_word' id='word_1_718' title='bbox 2887 5342 3034 5412; x_wconf 90' lang='lat' dir='ltr'><strong>quod</strong></span> <span class='ocrx_word' id='word_1_719' title='bbox 3068 5342 3243 5412; x_wconf 66' lang='lat' dir='ltr'><strong>pusio:</strong></span> <span class='ocrx_word' id='word_1_720' title='bbox 3271 5341 3436 5412; x_wconf 63' lang='lat' dir='ltr'><strong>(alca.</strong></span> <span class='ocrx_word' id='word_1_721' title='bbox 3480 5341 3668 5410; x_wconf 79' lang='grc' dir='ltr'>νοερὰ,</span> <span class='ocrx_word' id='word_1_722' title='bbox 3704 5341 3772 5412; x_wconf 16' lang='lat' dir='ltr'><strong>Ain</strong></span> 
     </span>
    </p>
   </div>
   <div class='ocr_carea' id='block_1_114' title="bbox 2203 5410 3774 5488">
    <p class='ocr_par' dir='ltr' id='par_1_114' title="bbox 2203 5410 3774 5488">
     <span class='ocr_line' id='line_1_114' title="bbox 2203 5410 3774 5488; baseline -0.005 -16"><span class='ocrx_word' id='word_1_723' title='bbox 2203 5417 2578 5488; x_wconf 83' lang='lat' dir='ltr'><strong>Chrysostom.</strong></span> <span class='ocrx_word' id='word_1_724' title='bbox 2607 5410 2928 5488; x_wconf 72' lang='lat' dir='ltr'><strong>deﬁnitione</strong></span> <span class='ocrx_word' id='word_1_725' title='bbox 2948 5410 3132 5488; x_wconf 59' lang='lat' dir='ltr'><strong>reddit</strong></span> <span class='ocrx_word' id='word_1_726' title='bbox 3153 5452 3167 5475; x_wconf 91' lang='lat'><strong>,</strong></span> <span class='ocrx_word' id='word_1_727' title='bbox 3195 5411 3497 5488; x_wconf 70' lang='lat' dir='ltr'><strong>substantia</strong></span> <span class='ocrx_word' id='word_1_728' title='bbox 3531 5413 3651 5488; x_wconf 63' lang='lat' dir='ltr'><strong>uiua</strong></span> 
     </span>
    </p>
   </div>
   <div class='ocr_carea' id='block_1_115' title="bbox 2204 5476 3775 5610">
    <p class='ocr_par' dir='ltr' id='par_1_115' title="bbox 2204 5476 3775 5610">
     <span class='ocr_line' id='line_1_115' title="bbox 2204 5476 3775 5610; baseline -0.003 -75"><span class='ocrx_word' id='word_1_729' title='bbox 2204 5476 2525 5610; x_wconf 55' lang='grc' dir='ltr'>ιςιιξρἱὸἓῖῇίςς</span> <span class='ocrx_word' id='word_1_730' title='bbox 2551 5501 2661 5540; x_wconf 88' lang='lat' dir='ltr'><strong>non</strong></span> <span class='ocrx_word' id='word_1_731' title='bbox 2699 5483 2871 5553; x_wconf 87' lang='lat' dir='ltr'><strong>magis</strong></span> <span class='ocrx_word' id='word_1_732' title='bbox 2913 5480 3267 5551; x_wconf 57' lang='lat' dir='ltr'><strong>intelligens,</strong></span> <span class='ocrx_word' id='word_1_733' title='bbox 3298 5495 3399 5538; x_wconf 81' lang='lat' dir='ltr'><strong>seu</strong></span> <span class='ocrx_word' id='word_1_734' title='bbox 3428 5476 3775 5551; x_wconf 80' lang='lat' dir='ltr'><strong>intelligendi</strong></span> 
     </span>
     <span class='ocr_line' id='line_1_116' title="bbox 2204 5570 2534 5610; baseline 0.012 -4"><span class='ocrx_word' id='word_1_735' title='bbox 2204 5571 2255 5608; x_wconf 73' lang='grc' dir='ltr'>γι</span> <span class='ocrx_word' id='word_1_736' title='bbox 2291 5571 2397 5610; x_wconf 70' lang='lat' dir='ltr'><strong>orte</strong></span> <span class='ocrx_word' id='word_1_737' title='bbox 2441 5572 2454 5609; x_wconf 86' lang='grc' dir='ltr'><strong>ι</strong></span> <span class='ocrx_word' id='word_1_738' title='bbox 2484 5570 2534 5610; x_wconf 91' lang='lat' dir='ltr'><strong>a.</strong></span> 
     </span>
    </p>
   </div>
   <div class='ocr_carea' id='block_1_116' title="bbox 2204 5555 2534 5625">
    <p class='ocr_par' dir='ltr' id='par_1_116' title="bbox 2204 5555 2534 5625">
     <span class='ocr_line' id='line_1_117' title="bbox 2204 5555 2534 5625; baseline 0.012 -19"><span class='ocrx_word' id='word_1_739' title='bbox 2204 5556 2255 5608; x_wconf 78' lang='lat' dir='ltr'><strong>vi</strong></span> <span class='ocrx_word' id='word_1_740' title='bbox 2290 5555 2534 5625; x_wconf 65' lang='lat' dir='ltr'><strong>praedita.</strong></span> 
     </span>
    </p>
   </div>
  </div>
