4066 6146
251 378 263 390 .
321 329 426 398 95⁵1
809 364 818 371 -
1628 329 1797 392 Ι.οεῖ
1835 332 1857 392 (

1966 334 2269 395 lMUNES.
3325 309 3330 313 ’
3466 335 3572 402 958

395 437 766 509 Μοσχίωνος.
794 469 865 479 -
887 437 1056 510 Ripa?»
1099 438 1277 494 πάντα
1316 438 1385 492 τὰ
1412 438 1583 509 θνητὰ
1607 439 1702 492 καὶ
1735 440 1896 510 γήϊνα
1928 449 1970 502 Α

2069 441 2402 496 Most-(donis.
2444 471 2514 481 -
2563 439 2791 496 Cunctis
2840 441 3169 498 mortalibus
3223 457 3290 497 ac
3341 443 3581 497 terrenis

323 531 623 596 ἀπολέσας,
655 530 756 584 ἕνα
805 529 1078 586 ἀθάνατον
1126 531 1226 585 καὶ
1273 529 1526 601 οὐράνιον
1569 531 1894 602 κτήσασθαι.

1999 533 2236 597 amissis,
2260 547 2432 587 unum
2461 531 2828 587 immortalem
2855 547 2918 586 ac
2941 533 3226 588 caelestem
3251 547 3579 603 comparare

1999 632 2212 692 optato.

393 709 706 778 Δημοκρίτ.
732 735 802 749 -—
841 705 1188 779 Ἀνθρώπους
1220 705 1482 778 ἁρμόδιον
1533 705 1716 778 ψυχῆς
1758 707 1898 778 μᾶλ-

2022 748 2030 756 .
2069 709 2372 764 Democriti.
2391 739 2460 750 --
2481 710 2652 766 Decet
2676 711 2960 766 hominem
2987 708 3158 766 animi
3185 711 3394 782 potius,
3413 727 3579 782 quam

322 791 416 852 λον
467 797 502 868 ἢ
561 795 814 866 σώματος
833 796 994 865 λόγον
1027 795 1325 850 ποιεῖσθαι.
1356 795 1518 869 Ψυχὴ
1548 797 1652 866 μὲν
1677 797 1788 868 γὰρ
1813 813 1903 851 τε-

1999 798 2250 867 corporis
2285 813 2477 854 curam
2515 815 2732 870 gerere.
2765 799 2902 854 Nam
2940 801 3034 870 qui
3083 815 3354 855 summam
3393 799 3579 868 perfe-

323 888 576 957 λειοτάτη
606 888 832 960 σκήνεος
862 885 1167 956 μοχθηρεην
1191 884 1364 958 ὀρθοῖο
1399 887 1630 956 σκήνεος
1653 887 1714 940 δὲ
1747 887 1901 958 ἰσχὺς

2001 889 2200 944 ctionis
2227 905 2409 944 arcem
2443 890 2704 959 arripuit,
2733 889 2972 954 animus,
3004 889 3350 944 tabernaculi
3381 889 3579 944 vitium

323 981 454 1034 ἄνευ
481 975 744 1048 λογισμοῦ
772 975 952 1047 ψυχὴν
987 975 1142 1029 οὐδέν
1169 993 1223 1029 τι
1250 975 1460 1046 ἀμείνω
1487 977 1722 1050 τίθησιν.

2001 981 2258 1050 corrigit;
2303 981 2649 1036 tabernaculi
2689 995 2826 1034 vero
2870 981 3068 1047 robur,
3112 981 3158 1035 si
3205 980 3353 1035 desit
3401 979 3576 1042 ratio,

1999 1071 2246 1124 animum
2277 1069 2416 1124 nihil
2445 1069 2728 1124 meliorem
2759 1071 2964 1125 reddit.
3357 1139 3364 1144 _

326 1148 332 1155 ’
389 1151 763 1222 Κλειτάρχου.
793 1181 864 1193 -
883 1153 996 1223 Τῆς
1022 1151 1205 1224 ψυχῆς
1229 1152 1306 1218 ὥς
1331 1155 1598 1226 ἡγεμόνος
1616 1155 1902 1226 ἐπιμελοῦο

2071 1161 2342 1216 Clitarclii.
2363 1191 2431 1200 ——
2451 1159 2638 1215 Animi
2669 1169 2928 1230 tanquam
2959 1159 3119 1214 ducis
3142 1175 3207 1214 ac
3231 1156 3581 1228 imperatoris

322 1245 417 1301 τοῦ
445 1245 503 1298 δὲ
529 1243 779 1313 σώματος
803 1241 880 1301 ὡς
913 1242 1248 1314 στρατιώτου
1272 1245 1515 1315 προνόει.

2001 1267 2188 1306 curam
2213 1251 2387 1316 habe;
2420 1251 2642 1320 corpori
2671 1259 2855 1305 autem
2886 1259 2949 1304 ut
2970 1250 3133 1304 militi
3161 1249 3470 1320 providcto.

395 1330 1008 1402 Φιλιστίων.-Ψυχὴ
1030 1329 1195 1400 σοφοῦ
1231 1332 1531 1403 ἁρμόζεται
1568 1333 1708 1402 πρὸς
1747 1331 1900 1386 Θεόν.

2069 1341 2420 1408 Philistionis,
2445 1371 2516 1381 —
2537 1340 2736 1394 Anima
2762 1341 3032 1409 sapientis
3059 1341 3174 1394 Deo
3198 1339 3579 1411 coniungitur.

324 1417 520 1492 Ψυχὴν
545 1419 776 1482 θάνατος
799 1419 901 1472 οὐκ
927 1419 1244 1483 ἀπόλλυσιν,
1277 1421 1413 1476 ἀλλὰ
1435 1421 1604 1484 διακὺς
1625 1421 1759 1492 βίος.

1663 1422 1759 1484 ίοςο
2000 1431 2248 1487 Animam
2281 1447 2393 1485 non
2421 1445 2590 1494 mors,
2619 1429 2717 1486 sed
2749 1431 2890 1484 mala
2919 1431 3032 1484 vita
3063 1430 3269 1498 perdit.

395 1513 815 1568 Ζαλεύκουοι-
835 1509 1110 1564 Ἕκαστον
1141 1507 1236 1564 οὖν
1257 1509 1400 1581 ἔχειν
1423 1513 1518 1566 καὶ
1547 1513 1903 1581 παρασκευά-

2070 1519 2306 1575 Zaleuci.
2331 1548 2402 1559 ——
2429 1517 2676 1587 Quisque
2703 1517 2875 1588 igitur
2903 1516 3147 1569 animam
3175 1529 3330 1568 suam
3359 1510 3593 1574 habeat;

327 1601 444 1668 ζειν
482 1601 566 1654 δεῖ
584 1601 685 1672 τὴν
718 1597 914 1652 ἑαυτοῦ
943 1599 1123 1670 ψυχὴν
1155 1599 1375 1654 πάντων
1401 1600 1647 1668 καθαρὰν
1671 1601 1780 1655 τῶν
1804 1619 1902 1654 κα-

2003 1627 2068 1667 ac
2114 1619 2340 1682 praestet
2389 1609 2459 1663 ab
2507 1607 2767 1663 omnibus
2813 1605 2978 1660 malis
3025 1619 3241 1675 puram.
3277 1603 3391 1658 Nec
3435 1603 3583 1658 enim

327 1693 463 1748 κῶν.
483 1693 595 1754 ΔὯς
616 1690 728 1762 γὰρ
755 1691 816 1744 οὐ
835 1693 1064 1761 τιμᾶται
1085 1689 1218 1755 Θεὸς
1241 1690 1334 1744 ὑπ’
1354 1691 1646 1761 ἁνθρώπωυ
1670 1693 1901 1761 φαύλου.

1975 1762 1978 1767 _
2004 1705 2152 1759 Deus
2183 1703 2254 1758 ab
2285 1702 2511 1756 homine
2544 1699 2696 1756 malo
2733 1697 2958 1763 colitur,
2989 1709 3085 1752 aut
3115 1696 3432 1767 sumptibus
3460 1696 3581 1766 pla-

325 1781 449 1836 οὺδέ
500 1755 868 1854 θεραπεύεται
895 1755 1202 1846 δαπάναις,
1250 1781 1371 1836 οὐδὲ
1423 1755 1752 1853 τραγῳδίαις
1795 1782 1906 1836 τῶν

1977 1763 2188 1860 :catur,
2222 1796 2308 1850 vel
2353 1795 2742 1849 damnatorum
2787 1795 3012 1864 planctu
3059 1809 3123 1848 ac
3168 1790 3450 1854 lamentis,
3486 1787 3583 1844 sed

325 1874 700 1945 ἁλισκομένων
739 1873 840 1944 (It),
867 1871 984 1928 ἀλλ’
1029 1873 1213 1944 ἀγαθῇ
1241 1873 1562 1945 προαιρέσει
1587 1872 1699 1928 τῶν
1726 1873 1908 1927 καλῶν

324 1963 503 2018 εογων
531 1962 626 2018 καὶ
651 1963 893 2018 δικαίων.

1869 1890 1908 1927 ’ν
2005 1888 2174 1952 bona,
2197 1887 2474 1940 bonorum
2499 1900 2564 1938 ac
2585 1885 2863 1956 iustorum
2891 1897 3144 1954 operum,
3169 1883 3475 1937 voluntate.

354 1981 503 2037 ργων
531 1979 626 2019 και
651 1979 893 2018 οικαιων.
3275 1979 3281 1984 ·

408 2057 788 2127 Ἐπικτήτου.
818 2089 886 2100 -
917 2057 1113 2129 Ψυχὴν
1171 2057 1426 2129 σώματος
1481 2057 1907 2128 ἀναγκαιότερον

2075 2065 2324 2136 Epicteti.
2351 2093 2422 2103 —
2447 2063 2622 2134 Major
2647 2061 2844 2127 animi,
2869 2075 3034 2130 quam
3067 2056 3322 2128 corporis
3351 2055 3583 2112 sanandi

329 2147 514 2203 ἰᾶσθαι
541 2165 557 2181 ·
591 2148 686 2204 τοῦ
716 2149 828 2222 γάρ
859 2149 1046 2214 κακῶς
1077 2150 1178 2221 ζῇν
1212 2150 1277 2204 τὸ
1322 2149 1580 2205 τεθνάναι
1628 2151 1903 2220 κρεῖσσον.

2005 2156 2310 2213 necessitas
2359 2165 2474 2210 est:
2527 2153 2673 2208 mori
2723 2153 2875 2208 enim
2923 2157 3176 2222 prastat,
3219 2163 3386 2220 quam
3436 2147 3583 2205 male

2005 2263 2216 2304 vivere.

769 2336 775 2341 ’
883 2353 1103 2407 ΛΟΓΟΣ
1133 2351 1238 2408 NA'
1273 2353 1338 2408 η.

2589 2354 2821 2413 SERMO
2856 2353 2991 2410 LIV.

887 2466 1029 2536 Περι
1081 2469 1334 2538 φθόνου.

2629 2465 2708 2522 De
2738 2465 2959 2519 invidia.

395 2575 582 2628 Maro.
622 2576 698 2626 κ’.
726 2599 803 2611 —
832 2569 1116 2633 Ἕλθόντες
1156 2569 1216 2622 δὲ
1245 2570 1343 2624 καὶ
1377 2571 1426 2624 οἱ
1457 2571 1688 2642 πρῶτοι,
1721 2572 1904 2641 ἐνόμι-

2072 2577 2264 2632 Matth.
2283 2591 2372 2640 xx,
2393 2574 2572 2630 10.--
2596 2571 2896 2626 Venientes
2926 2575 3110 2623 autem
3138 2575 3192 2623 et
3223 2565 3412 2638 primi,
3439 2564 3585 2620 arbi-

327 2680 427 2716 σαν
465 2663 551 2716 δτι
587 2660 809 2714 πλείονα
867 2659 1159 2730 λήψονται,
1214 2663 1312 2716 xci.
1370 2660 1561 2716 ἔλαϐον
1611 2663 1710 2715 καὶ
1747 2663 1901 2716 αὐτοὶ

2005 2668 2132 2723 trati
2165 2676 2298 2723 sunt
2325 2663 2472 2736 quod
2509 2663 2635 2734 plus
2667 2669 2848 2717 essent
2880 2661 3163 2730 accepturi
3200 2678 3213 2712 :
3248 2663 3583 2728 acceperunt

323 2754 431 2808 ἀνὰ
462 2751 740 2826 δηνάριον.
762 2750 1039 2816 Λαϐόντες
1061 2751 1125 2806 δὲ
1147 2751 1470 2823 ἐγόγγυζον,
1503 2771 1560 2808 κ.
1589 2771 1642 2806 τ.
1708 2753 1758 2808 ὲ.

2001 2767 2188 2813 autem
2217 2768 2277 2812 et
2303 2757 2408 2826 ipsi
2435 2755 2683 2826 singulos
2709 2751 2870 2824 657
2901 2751 3183 2806 denarios.
3209 2750 3280 2805 Et
3309 2748 3586 2818 accipien-

2001 2854 2087 2902 tes
2115 2845 2557 2908 murmurabant,
2585 2850 2696 2898 ctc.
3515 2844 3522 2853 '

410 2925 556 2978 Ἴωνι.
601 2929 673 2994 τ’.
707 2954 780 2965 -
803 2924 979 2978 Ὅπου
1011 2921 1178 2995 ζῆλος
1209 2926 1309 2980 καὶ
1336 2927 1570 2999 ὲριθεῑα,
1610 2927 1730 2981 ἐκεῖ
1755 2927 1896 2982 ἀκα-

2067 2939 2188 2994 Jac.
2225 2953 2305 3000 ιιι,
2343 2936 2430 2991 16.
2463 2966 2534 2975 --
2576 2933 2682 2989 Ubi
2732 2932 3018 2987 :emulatio
3063 2937 3119 2986 et
3162 2928 3472 2993 contentio,
3507 2926 3583 2981 ibi

323 3017 591 3070 ταστασια
627 3016 723 3070 καὶ
745 3017 856 3070 πᾶν
879 3015 1084 3086 φαῦλον
1109 3019 1363 3087 πρᾶγμα.

1931 3078 1968 3094 Α
2001 3028 2372 3086 inconstantia
2405 3035 2462 3081 et
2495 3041 2660 3080 omne
2693 3040 2838 3094 opus
2873 3023 3103 3076 malum.

397 3110 642 3176 Παροιμ.
679 3113 791 3177 κγ’.
825 3078 904 3148 -ί
943 3107 1037 3180 Μὴ
1075 3078 1383 3162 συνδειπνει
1431 3109 1590 3180 ἀνδρὶ
1619 3108 1898 3182 βασκάνῳ,
1926 3078 1970 3137 c

2073 3121 2232 3175 Prov.
2260 3134 2411 3182 nm,
2439 3117 2492 3172 6.
2519 3147 2592 3156 —
2614 3116 2694 3171 Ne
2722 3129 2912 3170 ccenes
2934 3127 3060 3167 cum
3091 3111 3214 3166 viro
3245 3111 3454 3175 invido,
3479 3122 3585 3165 nec

329 3197 466 3269 μηδὲ
491 3197 838 3270 ἐπιθυμήσῃς
873 3197 984 3254 τῶν
1012 3199 1332 3270 ἐδεσμάτων
1355 3199 1544 3256 αὐτοῦ.

1015 3199 1332 3270 ἐδεσμάτων
1355 3199 1544 3256 αὐτοῦ.
2001 3213 2154 3268 illius
2185 3225 2342 3266 escas
2372 3215 2621 3278 appetas.

395 3287 595 3350 Φθόνος
629 3289 733 3342 οὐκ
767 3284 878 3342 οἶδε
910 3291 1186 3360 προτιμᾷν
1220 3289 1283 3342 τὸ
1315 3291 1616 3361 συμφέρον.

2067 3303 2258 3360 Nescit
2291 3301 2526 3363 invidia,
2557 3300 2704 3370 quod
2743 3299 2880 3354 utile
2918 3305 3008 3353 est
3037 3295 3267 3364 eligere.

396 3380 581 3448 Σιρὰχ
631 3377 745 3440 λζ’.
797 3411 870 3424 --
921 3380 1016 3452 Μὴ
1063 3380 1436 3451 συμϐουλεύου
1489 3381 1630 3452 μετὰ
1666 3383 1899 3436 ὑποϐλε-

2070 3395 2236 3448 Ecdi.
2272 3408 2472 3454 xxxv",
2497 3393 2550 3444 7.
2586 3421 2656 3430 --
2699 3390 2822 3444 Noli
2869 3385 3154 3442 consiliari
3195 3397 3318 3438 cum
3361 3396 3451 3442 eo,
3486 3381 3581 3450 qui

324 3471 569 3540 πομένου
598 3487 696 3523 σου
713 3487 731 3504 ο
751 3470 862 3524 ἀπὸ
885 3470 998 3524 τῶν
1023 3471 1329 3542 ζηλούντων
1357 3489 1418 3525 σε
1465 3471 1674 3544 κρύψον
1705 3473 1900 3545 βουλήν

2001 3489 2056 3534 te
2098 3486 2418 3548 suspectum
2460 3476 2629 3530 habet
2677 3493 2690 3529 :
2733 3475 3088 3528 aemulatores
3130 3473 3250 3526 cela
3287 3468 3581 3524 consilium

325 3577 448 3616 σου·
2001 3581 2182 3624 tuum.

395 3581 448 3616 υ.

395 3653 614 3706 Βασιλ.
651 3681 724 3690 -
759 3651 876 3722 Οὐχ
911 3653 1046 3734 όρᾲςς
1081 3651 1272 3721 ἡλίκον
1317 3654 1468 3708 ἐστὶν
1497 3654 1531 3724 ἡ
1576 3654 1898 3726 ὑπόκρισιςς

2001 3581 2283 3716 ωὲῗείιὶἱ.
2313 3689 2384 3698 —
2407 3658 2576 3714 Vides
2608 3657 2774 3726 qurlc
2807 3656 3014 3710 malum
3048 3655 3122 3710 sit
3149 3653 3489 3726 hypocrisis?
3515 3653 3585 3708 Et

324 3743 437 3796 Καὶ
467 3741 606 3812 αὕτη
635 3741 850 3814 καρπός
890 3743 1008 3796 ἐστι
1053 3743 1147 3796 τοῦ
1182 3742 1404 3812 φθόνου.
1437 3745 1513 3797 Τὸ
1541 3744 1652 3815 γὰρ
1678 3745 1902 3798 διπλοῦν

1998 3755 2118 3810 haec
2167 3751 2391 3806 invidiae
2438 3751 2622 3819 proles
2670 3757 2774 3803 est.
2813 3747 2970 3813 Quod
3012 3749 3162 3802 enim
3209 3747 3335 3818 quis
3373 3746 3581 3817 duplici

321 3828 422 3884 τοῦ
449 3829 637 3900 ἤθους,
685 3832 753 3884 ὲκ
803 3829 1001 3899 φθόνου
1036 3819 1278 3902 μάλιστα
1327 3834 1440 3896 τοῖς
1469 3831 1778 3904 ἀνθρώποις
1809 3835 1900 3902 γί-

1553 3831 1778 3904 ὶρὼποις
1809 3835 1900 3902 τί·
1999 3845 2188 3901 animo
2223 3842 2318 3908 sit,
2348 3839 2588 3895 maxime
2621 3854 2691 3894 ex
2724 3838 2934 3894 invidia
2969 3839 3159 3894 habet.

324 3937 454 3976 νετα
463 3937 501 3974 ι.

399 4011 467 4063 Τί
496 4008 800 4076 στενάζεις,
824 4009 1088 4081 φθονερὲ;
1119 4009 1182 4063 τὸ
1211 4009 1343 4064 ῐδιον
1377 4011 1570 4077 κακὸν,
1600 4011 1718 4082 ῆτὸ
1746 4011 1902 4065 ἁλλό-

2067 4022 2230 4090 Quid,
2264 4019 2472 4083 invide,
2501 4001 2972 4090 gemis?’tuumnc
3002 4019 3230 4084 malum,
3255 4033 3324 4071 an
3351 4015 3581 4072 alterius

322 4117 476 4172 τριον
509 4100 711 4168 ἀγαθόν
731 4117 748 4164 ;

641 4101 711 4153 ⁵6ν
731 4117 748 4164 ;
1998 4113 2247 4171 bonum?

396 4194 597 4246 Φθόνου
629 4192 738 4262 γὰρ
766 4191 939 4255 πάθος
970 4191 1127 4244 οὐδὲν
1147 4191 1539 4264 ὀλεθριώτερον
1575 4191 1773 4264 ψυχαῖς
1800 4193 1893 4248 άν-

2067 4206 2288 4260 Nullum
2347 4199 2558 4256 invidia
2610 4199 2984 4269 perniciosius
3033 4197 3324 4255 hominum
3379 4195 3581 4252 animis

326 4283 563 4355 θρώπων
591 4283 885 4354 ἐμφύεται.

1999 4296 2256 4352 inolescit
2288 4295 2512 4350 vitium.

395 4377 611 4447 Ὥσπερ
632 4375 740 4447 γὰρ
773 4376 852 4439 ἰὸς
897 4375 990 4430 τὸν
1018 4374 1262 4446 σίδηρον,
1313 4375 1485 4439 οὕτως
1513 4378 1542 4430 ὁ
1580 4375 1774 4447 φθόνος
1797 4375 1896 4446 τὴν
1929 4398 1974 4454 ο

2067 4388 2141 4444 Ut
2182 4401 2369 4455 atrugo
2409 4384 2652 4446 ferrum,
2693 4383 2776 4437 sic
2824 4382 3067 4448 invidia,
3113 4396 3180 4436 ea
3233 4379 3580 4434 laborantem

325 4467 560 4536 ἔχουσαν
581 4466 744 4519 αὐτὸν
771 4466 946 4538 ψυχὴν
968 4467 1332 4533 ἐξαναλίσκει.

2003 4477 2283 4533 consumit
2313 4477 2582 4531 animum.
2631 4525 2644 4538 ,
3166 4481 3173 4487 ’

395 4556 460 4610 υε
493 4554 656 4618 κύνες
680 4557 1007 4626 τρεφόμενοι
1053 4556 1409 4628 ἡμεροῦνται,
1451 4557 1546 4610 καὶ
1592 4558 1643 4610 οἱ
1687 4559 1901 4624 λέοντες

2072 4569 2250 4625 Canes
2299 4569 2676 4628 nutricatione
2725 4555 3076 4630 cicurantur,
3117 4563 3311 4618 leones
3359 4575 3583 4631 quoque

327 4645 636 4721 χειροήθεις
662 4646 1096 4718 θεραπευόμενοι
1133 4649 1375 4716 γίνονται
1399 4669 1413 4682 ο
1441 4654 1492 4706 οἱ
1538 4653 1595 4706 δὲ
1635 4654 1899 4725 βάσκανοι

2003 4663 2156 4716 cultu
2187 4669 2604 4728 mansuescunt;
2643 4659 2817 4716 invidi
2847 4673 2980 4714 vero
3009 4656 3078 4711 ad
3108 4652 3374 4722 obsequia
3409 4650 3583 4721 magis

329 4745 445 4804 ταῖς
483 4741 808 4812 θεραπείαις
838 4741 1004 4796 πλέον
1051 4742 1512 4815 ἐξαγριαίνονται.

723 4757 808 4806 αις
838 4741 1004 4796 πλέον
1051 4742 1512 4815 ἐξαγριαίνονται.
1936 4759 1941 4764 ’
2003 4751 2329 4807 ell‘erantur.

401 4833 562 4894 Ἕθος
581 4831 651 4902 τῇ
680 4829 720 4882 Γ
724 4833 871 4903 ραφῇ
904 4832 1172 4904 πολλαχοῦ
1201 4835 1342 4905 μετὰ
1367 4837 1462 4891 τοῦ
1491 4839 1654 4910 φόνου
1680 4841 1902 4894 τάσσειν

2077 4841 2360 4910 Scriptura
2397 4842 2586 4896 multis
2623 4843 2780 4907 locis,
2811 4840 3016 4897 credent
3061 4853 3126 4892 ac
3162 4834 3428 4892 invidiam
3473 4848 3581 4889 una

323 4923 417 4976 τὸν
453 4920 664 4990 φθόνον.

1997 4931 2233 5003 iungere
2267 4933 2577 4988 consuevit.

391 5013 602 5082 Ὥσπερ
632 5015 667 5082 ἠ
708 5012 933 5084 ἑρυσίὁη
965 5013 1098 5068 ῐδιόν
1135 5015 1252 5069 ἐστι
1311 5015 1408 5070 τοῦ
1456 5020 1608 5072 σίτου
1643 5019 1858 5091 νόσημα
1879 5035 1894 5050 ⁸

2097 5021 2548 5088 ὶυριιιοώιιοόιιιη
2592 5024 2789 5096 rubigo
2831 5023 3118 5094 proprium
3167 5019 3337 5078 tritici
3385 5017 3581 5074 vitium
3687 5053 3703 5059 -

327 5095 498 5160 οὕτως
529 5100 558 5151 ὁ
592 5099 784 5166 φθόνος
809 5099 993 5167 φιλίας
1036 5101 1186 5154 ἐστὶν
1217 5100 1578 5173 ἀρρώστημα.
1751 5122 1764 5131 ·

1751 5122 1764 5131 “
2004 5123 2120 5177 est,
2145 5114 2228 5169 sic
2259 5114 2468 5169 invidia
2502 5117 2760 5172 amicitize
2795 5119 2946 5172 labes
2979 5116 3219 5171 exsistit.

399 5190 464 5240 OE
497 5189 780 5258 μισόκαλοι
832 5191 1108 5262 δαίμονες,
1165 5191 1388 5246 ἐπειδὰν
1433 5195 1640 5259 οἰκείας
1685 5197 1898 5263 ἑαυτοῖς

2077 5203 2301 5259 Honesti
2327 5206 2457 5259 odio
2488 5206 2864 5278 implacabiles
2889 5209 3188 5272 dmmones,
3217 5204 3310 5260 ubi
3339 5200 3592 5259 necessic

328 5275 534 5348 εὕρωσι
565 5281 938 5350 προαιρέσεις,
963 5283 1231 5347 παντοίως
1263 5283 1455 5349 αὑταῖς
1485 5287 1896 5360 ἁποκέχρηνται

2004 5295 2198 5350 tudine
2241 5275 2583 5368 conjunctas
2608 5314 2672 5354 ac
2709 5300 2818 5354 sibi
2865 5313 3142 5369 congruas
3175 5294 3326 5352 nacti
3369 5289 3585 5349 fuerint

404 5415 450 5448 ut
481 5415 541 5470 ιη
565 5415 730 5472 Gesn.
773 5417 929 5474 Stob.
977 5419 1096 5474 MO.
1817 5494 2032 5554 κοτε

510 5621 1528 5712 ρςρξξῖῃτεςιῖηξδίαιςρλιονκομένωιπ.Ι
1547 5627 1901 5712 δαυλοθειρας
2005 5656 2013 5687 ι

2005 5634 2290 5712 ejutalilms
2313 5637 2708 5712 damnatorum.
2761 5641 2891 5696 Male
2907 5639 3071 5698 Gesn.
3105 5657 3270 5712 neque
3308 5641 3578 5712 tragrrdiis

333 5691 700 5745 πεύεταιυλτοη
727 5691 1486 5763 delinitur,placaturreorum
1509 5691 1907 5772 [amentiam-itis
2002 5691 2245 5776 capitur;
2281 5721 2346 5762 ac
2372 5706 2416 5764 si
2459 5691 2760 5765 ἁλίσκεται.
