4066 6146
504 318 611 388 959

1658 322 1701 377 δ
1764 317 2049 378 ΜΑΧῙΜΙ
2094 316 2599 381 CONFESSORIS

3650 324 3765 388 960

500 434 841 497 voluntates,
866 428 1046 485 modis
1076 427 1334 483 omnibus
1366 428 1432 482 ad
1467 443 1621 483 suam
1654 428 1939 483 libidinem
1972 429 2081 483 illis

2183 430 2319 509 πρὸς
2340 430 2401 483 τδ
2426 430 2555 484 τδιον
2582 432 2850 502 βούλημα,
2878 432 3018 493 ὥστε
3048 433 3141 487 καὶ
3164 435 3275 499 τοῖς
3304 434 3617 506 ὀφθαλμοῖς
3646 436 3765 488 τῶν

507 521 835 583 abutuntur,
863 527 924 571 ut
950 526 1008 571 et
1037 517 1348 571 invidorum
1380 517 1560 573 oculis
1584 517 1859 587 explenda
1884 519 2080 573 volun-

508 610 639 664 tatis
672 623 783 662 suae
814 607 1077 676 obsequio
1112 614 1356 661 utantur.

578 699 1053 767 Quemadmodum
1078 699 1226 753 bono
1248 713 1434 753 comes
1455 708 1541 753 est
1566 698 1845 753 affluentia
1870 708 1921 753 et
1943 698 2080 755 libe-

506 790 699 843 ralitas
720 802 917 843 carens
941 786 1169 852 invidia,
1193 788 1274 842 sic
1296 787 1516 842 diabolo
1540 804 1725 844 comes
1752 789 1895 843 livor
1917 798 2002 845 est
2024 798 2080 844 et

506 878 834 933 invidentia.

578 970 667 1026 Uti
709 971 961 1024 vultures
1002 969 1069 1024 ad
1108 968 1459 1023 malcolentia
1498 984 1725 1038 corpora
1763 971 2077 1036 convolant,

508 1058 795 1126 multaque
844 1065 999 1126 prata
1045 1056 1263 1124 aliaque
1312 1056 1434 1109 loca
1483 1070 1693 1109 amiena
1742 1070 1807 1109 ac
1852 1055 2081 1109 ﬂoribus

506 1148 765 1211 odorata,
808 1162 1001 1202 eorum
1054 1146 1356 1214 cupiditate
1398 1145 1766 1208 transvolant;
1814 1152 1976 1214 atque
2020 1154 2082 1200 ut

510 1251 733 1298 muscae,
755 1235 977 1290 omissis
996 1235 1309 1290 sanioribus
1330 1233 1618 1293 membris.
1641 1233 1705 1286 ad
1725 1233 1907 1286 ulcera
1930 1232 2083 1287 festi-

508 1336 675 1394 nant;
716 1328 796 1382 sic
836 1326 1032 1391 invidi,
1066 1327 1217 1382 clara
1256 1325 1383 1381 vitae
1423 1325 1643 1383 decora.
1675 1338 1981 1394 magnaque
2017 1338 2083 1378 ac

509 1418 675 1472 laude
703 1417 865 1487 digna
894 1416 1252 1478 facinora,‘ne
1268 1414 1546 1483 aspiciunt
1567 1411 1794 1481 quidem
1829 1427 1842 1464 :
1876 1412 1920 1466 si
1945 1412 2079 1481 quid

509 1524 647 1563 vero
671 1508 792 1562 vitii
822 1508 1013 1572 haaret,
1040 1520 1102 1561 ac
1126 1513 1286 1576 putre
1312 1506 1590 1568 videatur,
1618 1504 1889 1573 ingruunt
1915 1512 2081 1573 atque

515 1599 843 1756 inﬁmiin.
864 1715 935 1726 —
955 1685 1098 1741 Cave
1126 1684 1203 1739 illi
1231 1684 1500 1747 invideas,
1524 1682 1615 1737 cui
1642 1697 1907 1752 prospere
1932 1682 2081 1736 cedit

2178 521 2468 591 βασκάνων
2499 524 2579 587 είς
2613 523 2920 595 ὑπηρεσίαν
2950 523 3258 596 χρήσασθαι
3286 524 3380 578 τοῦ
3401 512 3548 578 ’ἰδίου
3592 524 3764 596 θελή-

2223 628 2369 665 ατος.

2179 629 2218 682 μ
2251 648 2461 772 Ὠσπερ
2493 702 2685 755 ἕπεται
2714 700 2793 771 τῷ
2845 700 3034 771 ἀγαθῷ
3081 703 3116 773 ἡ
3167 701 3400 771 ἀφθονία
3455 702 3541 775 (ἰ),
3575 702 3762 767 οὕτως

2178 791 2465 846 ἀκολουθεῖ
2491 793 2569 863 τῷ
2596 791 2830 863 διαϐόλῳ
2859 793 2893 863 ἡ
2923 791 3209 863 βασκανία.

2204 1028 2215 1047 ,
2251 966 2463 1037 Ὥσπερ
2512 964 2569 1017 δὲ
2600 966 2654 1018 οἱ
2696 963 2873 1033 γῦπες
2906 965 3044 1036 πρὸς
3090 964 3160 1018 τά
3196 964 3407 1035 δυσώδη
3463 965 3757 1036 φέρονται,

2180 1056 2407 1119 πολλοὺς
2433 1056 2533 1125 μὲν
2562 1055 2856 1123 λειμῶνας,
2889 1055 3118 1117 πολλοὺς
3144 1054 3202 1107 δὲ
3224 1054 3372 1123 ἡδεῖς
3403 1056 3499 1108 καὶ
3529 1055 3766 1122 εὐώδεις

2178 1146 2377 1208 τόπους
2414 1145 2845 1215 ύπεριπτάμενοι
2870 1162 2883 1175 ·
2932 1145 3027 1197 καὶ
3061 1146 3118 1196 αί
3153 1147 3328 1213 μυῖαι.
3359 1145 3421 1198 τὸ
3446 1146 3544 1214 μὲν
3569 1148 3758 1213 ὑγιαῖ-

2179 1252 2267 1289 νον
2302 1236 2724 1306 παρατρέχουσι,
2756 1235 2893 1306 πρὸς
2928 1236 2986 1287 δὲ
3010 1233 3070 1287 τὸ
3101 1234 3257 1296 ἕλκος
3281 1235 3598 1302 ἐπείγονται
3622 1254 3636 1265 ·
3669 1236 3760 1288 οὔ·

2179 1343 2287 1389 τως
2325 1327 2376 1380 οί
2426 1325 2708 1397 βάσκανοι,
2744 1327 2845 1390 τάς
2881 1326 2980 1397 μὲν
3032 1324 3128 1379 τοῦ
3179 1324 3295 1395 βίου
3349 1326 3758 1397 λαμπρότητας

2180 1419 2273 1472 καὶ
2300 1418 2369 1472 τὰ
2402 1418 2607 1488 μεγέθη
2652 1417 2760 1472 τῶν
2808 1415 3260 1487 κατορθουμένων
3310 1416 3434 1473 οὐδὲ
3481 1418 3758 1489 προσϐλέ-

2181 1525 2364 1574 πουσι,
2390 1512 2505 1573 τοῖς
2530 1509 2587 1562 δὲ
2624 1508 2844 1580 σαθροῖς
2872 1508 3225 1565 ἐπιτίθενται.

2257 1686 2426 1739 980.1.
2453 1714 2526 1725 —
2552 1685 2643 1754 Μὴ
2670 1684 2959 1755 φθονήσεις
2992 1684 3070 1753 τῷ
3097 1684 3453 1756 κατορθοῦντι
3507 1684 3584 1748 ὡς
3624 1684 3758 1753 φθο-

513 1791 580 1830 ac
624 1775 721 1845 qui
768 1782 918 1830 recte
967 1776 1106 1845 agit,
1149 1783 1408 1841 tanquam
1460 1773 1551 1827 ille
1596 1772 1751 1841 prior
1792 1770 2080 1835 inviderit,

2184 1775 2389 1847 νηθεὶς,
2421 1777 2516 1830 καὶ
2544 1774 2858 1845 φθονεῖσθαι
2886 1775 3149 1843 πεισθεὶς,
3178 1776 3273 1831 καὶ
3296 1776 3384 1830 διά
3413 1775 3576 1829 τοῦτο
3623 1793 3757 1830 κατ-

517 1876 682 1935 teque
720 1866 771 1921 ei
813 1865 1148 1922 invidiosum
1192 1874 1367 1931 ratus,
1400 1878 1465 1918 ac
1507 1863 1603 1933 qui
1642 1878 1708 1917 ea
1745 1862 1963 1917 ratione
2002 1862 2081 1916 illi

515 1957 757 2013 offensus
788 1958 885 2012 sis.

586 2050 779 2105 Peneat
809 2049 1019 2104 utinam
1052 2064 1119 2102 ex
1150 2047 1474 2101 hominibus
1509 2045 1713 2100 invidia
1750 2059 1945 2099 eorum
1982 2044 2078 2113 qui

513 2154 582 2198 ea
616 2142 896 2197 laborant!
940 2142 1057 2211 ipsa
1100 2140 1377 2210 pernicies
1413 2154 1608 2193 eorum
1641 2139 1738 2209 qui
1772 2139 2079 2207 patiuntur,

513 2246 699 2303 aerugo
736 2247 801 2287 ac
832 2231 1015 2296 virus;
1060 2231 1205 2284 inter
1235 2230 1367 2284 vitia
1406 2229 1781 2299 aequissimum
1819 2228 1983 2284 simul
2022 2243 2086 2283 ac

515 2322 953 2392 iniquissimum;
992 2322 1228 2375 alterum
1261 2319 1511 2390 quidem,
1541 2318 1687 2390 quod
1718 2319 1879 2373 bonis
1907 2317 2086 2372 omni-

513 2408 621 2465 bus
648 2410 937 2475 obtundit;
965 2409 1199 2466 alterum
1225 2423 1380 2474 vero,
1404 2409 1554 2480 quod
1585 2409 1708 2464 illos
1731 2408 1883 2477 ipsos
1910 2406 2081 2472 laedit,

514 2500 610 2569 qui
639 2516 761 2554 eam
792 2500 1022 2555 habent.

582 2587 750 2658 658
786 2586 969 2659 Chrys.
999 2619 1071 2629 -—
1105 2586 1151 2643 Ο
1195 2586 1404 2641 invidia
1444 2585 1637 2641 mortis
1680 2584 1856 2649 radix,
1894 2584 2084 2639 multi-

513 2676 640 2747 plex
668 2678 958 2749 agritudo,
991 2679 1175 2734 cordis
1209 2678 1523 2732 acutissime
1559 2679 1735 2732 clave!
1770 2677 1904 2743 Quis
1934 2679 2082 2731 enim

514 2769 653 2823 adeo
686 2778 881 2823 acutus
915 2769 1125 2833 clavus,
1154 2770 1249 2839 qui
1283 2769 1366 2823 sic
1397 2778 1625 2839 pungat,
1655 2784 1718 2824 ac
1747 2768 1956 2823 invidia
1988 2783 2085 2821 cor

513 2874 579 2913 ea
613 2860 869 2914 laborans
899 2860 1142 2914 sauciat?

584 2948 799 3003 Invidet
843 2950 1067 3019 quidem
1110 2949 1357 3016 daemon,
1401 2950 1496 3005 sed
1546 2948 1898 3015 hominibus;
1944 2949 2082 3003 nulli

511 3051 646 3090 vero
675 3037 986 3092 daemonum
1015 3054 1029 3091 :
1061 3046 1118 3093 tu
1149 3053 1280 3093 vero
1309 3053 1436 3092 cum
1464 3038 1540 3093 sis
1567 3036 1733 3092 homo
1766 3037 2082 3093 hominibus

513 3126 758 3194 invides;
790 3144 1149 3201 ecquamnam
1177 3129 1397 3184 veniam
1424 3128 1736 3183 obtinebis?

584 3218 737 3289 Greg.
768 3219 924 3291 Nysa.
953 3251 1023 3261 ——
1051 3220 1296 3284 Invidiae,
1322 3219 1688 3274 infortunium
1720 3229 1805 3274 est
1831 3235 1941 3274 non
1971 3237 2086 3274 ma-

510 3308 623 3363 lum
669 3314 983 3380 proprium,
1021 3310 1116 3364 sed
1157 3309 1364 3365 bonum
1410 3310 1653 3363 alienum
1699 3327 1713 3363 :
1755 3325 2084 3379 rursumque

509 3400 784 3466 felicitas,
845 3418 957 3474 non
1020 3402 1227 3458 bonum
1294 3401 1622 3473 praprium,
1680 3402 1786 3458 sed
1846 3403 2083 3473 proximi

512 3491 737 3544 malum.
906 3546 913 3551 ,

580 3590 834 3653 Narrant,
866 3592 1134 3656 vultures,
1158 3592 1486 3648 cadaverum
1520 3610 1688 3649 vorax
1720 3595 1953 3661 animal,
1979 3613 2085 3650 un-

510 3690 717 3751 guento
766 3682 1017 3737 interire.
1055 3683 1129 3738 Ea
1179 3684 1326 3738 enim
1379 3693 1512 3740 sunt
1555 3686 1768 3752 indole,
1804 3697 1865 3742 ut
1910 3687 2087 3744 fetore

513 3770 750 3840 taboque
782 3772 1111 3827 cadaverum
1156 3784 1321 3845 atque
1363 3776 1518 3830 sanie
1555 3775 1869 3833 foveantur.
1902 3778 1994 3834 Sic
2029 3788 2088 3834 et

513 3860 607 3929 qui
633 3860 737 3915 hoc
759 3862 953 3917 morbo
979 3871 1258 3937 tenentur,
1282 3866 1587 3921 amicorum
1615 3867 1873 3923 secundis
1897 3869 2084 3935 rebus,

512 3952 664 4006 velut
698 3952 925 4008 admoto
968 3955 1205 4023 quodam
1254 3970 1557 4027 unguento,
1590 3958 1957 4014 emoriuntur.
1991 3960 2087 4016 Sin

509 4050 695 4098 autem
727 4044 941 4110 adversi
974 4046 1184 4116 aliquid
1212 4064 1372 4102 casus
1402 4049 1640 4119 malique
1673 4052 2084 4120 conspexerint,

510 4143 710 4203 praesto
737 4134 1013 4198 advolant,
1041 4151 1212 4205 osque
1245 4137 1525 4190 aduncum
1558 4138 1869 4208 infigentcs,
1896 4142 2087 4194 occul-

515 4232 623 4277 tam
655 4226 953 4279 extrahunt
980 4228 1351 4296 evulgantque
1377 4227 1682 4281 miseriam.

581 4313 841 4370 Philonis.
870 4346 942 4355 --
963 4315 1095 4381 Quae
1123 4317 1356 4372 honesta
1388 4327 1538 4381 sunt,
1571 4333 1885 4387 quanquam
1909 4335 1976 4373 ex
2007 4319 2088 4372 in-

2180 1867 2440 1937 ενεχθείς.

2267 2041 2357 2104 Ὦς
2387 2041 2640 2098 ἀπόλοιτο
2693 2042 2755 2109 ἐξ
2804 2042 3109 2115 ἀνθρώπων
3153 2044 3183 2098 6
3227 2042 3442 2113 φθόνος,
3470 2044 3505 2116 ἡ
3534 2045 3751 2116 δαπάνη

2183 2131 2291 2186 τῶν
2320 2132 2574 2205 ἑχόντων,
2607 2136 2636 2188 6
2663 2135 2772 2188 τῶν
2820 2134 3138 2205 πασχόντων
3163 2133 3240 2199 ίός
3263 2149 3281 2167 ⁶
3336 2134 3400 2188 τὸ
3442 2134 3608 2205 μόνον
3643 2135 3754 2189 τῶν

2182 2224 2370 2278 παθῶν
2407 2222 2736 2279 ἀδικώτατόν
2766 2241 2826 2278 τε
2855 2225 2971 2295 ἃμα
3004 2226 3099 2279 καὶ
3121 2225 3497 2280 δικαιότατον·
3531 2227 3592 2279 τὸ
3625 2228 3747 2296 μὲν,

2181 2316 2264 2368 ὅτι
2287 2317 2422 2370 πᾶσι
2458 2316 2656 2387 διοχλεϊ
2683 2316 2870 2380 καλοῖς
2895 2355 2911 2382 ,
2939 2316 3000 2370 τὺ
3027 2316 3108 2382 δὲ,
3138 2318 3219 2372 ὅτι
3249 2316 3426 2370 ἀδικεῖ
3444 2317 3571 2383 τοὺς
3604 2318 3749 2389 ἔχον-

2181 2422 2301 2468 τας.

2259 2579 2561 2648 Χρυσοστ.
2596 2609 2664 2621 -
2685 2578 2750 2632 Ὦ
2781 2578 2947 2647 φθόνε
2977 2577 3103 2652 ῥίζα
3127 2579 3375 2644 θανάτου,
3401 2582 3432 2649 ἡ
3464 2579 3734 2633 πολύπλο-

2182 2687 2279 2732 κος
2319 2670 2493 2737 νόσος,
2532 2670 2759 2742 καρδίας
2810 2670 3041 2735 ὀξύτατε
3096 2666 3225 2744 ἦλεί
3279 2671 3429 2734 Uolo;
3464 2671 3572 2739 γὰρ
3598 2666 3734 2743 ἧλος

2182 2759 2441 2824 ὀξύτατος
2481 2758 2654 2822 οὕτως
2706 2760 2892 2829 κεντᾷ,
2932 2759 3009 2823 ὡς
3035 2761 3064 2813 6
3101 2760 3294 2829 φθόνος
3344 2759 3439 2830 τὴν
3500 2760 3738 2830 Εχουσαν

2182 2850 2346 2905 αὑτὸν
2372 2850 2600 2918 καρδίαν
2625 2849 2915 2920 τιτρώσκει
2938 2866 2955 2917 ;

2266 2940 2324 2993 Ὀ
2357 2940 2567 3009 δαίμων
2608 2939 2791 3009 φθονεῖ
2823 2940 2943 3010 μὲν,
2976 2938 3285 3011 ἀνθρώποις
3316 2940 3374 2994 δέ
3395 2956 3408 2971 °
3440 2940 3656 3008 δαίμονι
3689 2941 3747 2995 δὲ

2187 3028 2384 3082 οὐδενί.
2414 3029 2485 3082 Σὺ
2511 3028 2565 3082 δὲ
2596 3028 2879 3099 ἄνθρωπος
2903 3026 2999 3096 ὢν,
3031 3028 3339 3099 ἀνθρώποις
3374 3028 3588 3099 φθονεῖς
3608 3046 3622 3061 ο
3656 3030 3749 3084 καὶ

2190 3120 2347 3182 ποίας
2379 3118 2539 3189 τεύξῃ
2579 3120 2942 3190 συγγνώμηςς
3032 3131 3039 3136 ·

2254 3212 2435 3277 Γρηγ.
2477 3210 2629 3263 Νὐσ.
2655 3239 2725 3248 -
2749 3207 2932 3279 Φθόνῳ
2965 3209 3008 3243 ¹⁹
3037 3208 3295 3281 ἀτύχημα
3330 3211 3429 3280 μέν
3491 3211 3644 3267 ἐστιν
3690 3212 3749 3265 οὐ

2182 3300 2243 3353 τὸ
2268 3300 2397 3354 ἴδιον
2427 3300 2619 3363 κακὸν,
2672 3296 2808 3354 ἀλλά
2842 3299 2902 3353 τὸ
2935 3298 3215 3369 ἀλλότριον
3250 3300 3458 3368 ἀγαθόν
3483 3319 3498 3333 ο
3553 3303 3749 3373 κατόρ-

2183 3390 2346 3462 θωμα
2366 3391 2421 3444 δὲ
2448 3390 2629 3457 πάλιν,
2658 3391 2717 3445 ού
2741 3392 2802 3443 τὸ
2829 3392 3027 3445 οἰκεῖον
3055 3391 3417 3459 καλὸν,.ἀλλά
3438 3393 3501 3447 τὸ
3530 3393 3627 3447 τοῦ
3659 3394 3752 3446 πέ-

2182 3481 2282 3546 λας
2313 3483 2498 3535 κακόν.

2253 3581 2575 3653 Φθείρεσθαι
2602 3580 2728 3644 τοὺς
2752 3578 3114 3652 νεκροὸόρους
3149 3580 3337 3649 γῦπας
3364 3582 3443 3654 τῷ
3486 3582 3647 3654 μύρῳ
3671 3583 3756 3637 λέ-

2183 3689 2361 3742 γουσι.
2392 3671 2534 3743 Πρὸς
2566 3670 2670 3741 γὰρ
2705 3668 2766 3723 τὸ
2800 3669 3031 3734 δυσῶδες
3062 3673 3158 3725 καὶ
3185 3671 3473 3744 διεφθορὸς
3508 3675 3690 3727 αὐτῶν
3721 3676 3755 3744 ἡ

2186 3762 2347 3832 φύσις
2376 3759 2665 3831 ᾡκείωται.
2689 3760 2801 3812 Kal.
2826 3760 2854 3811 6
2886 3762 2951 3829 τῇ
2982 3760 3121 3829 νόσῳ
3152 3761 3327 3831 ταύτῃ
3358 3763 3754 3833 κρατούμενος,

2182 3855 2249 3923 τῇ
2284 3852 2382 3922 μὲν
2405 3848 2675 3920 εὐημερίᾳ
2703 3849 2812 3901 τῶν
2845 3847 3032 3918 φίλων,
3062 3845 3173 3903 οἶόν
3201 3868 3351 3914 τινος
3383 3851 3565 3921 μύρου
3598 3870 3759 3924 προσ-

2185 3944 2313 4014 ϐολῇ
2373 3942 2820 4012 καταφθείρεται.
2882 3942 2944 3995 El
3001 3941 3057 3995 δέ
3114 3957 3167 3993 τι
3219 3940 3396 4004 πάθος
3439 3944 3507 3995 ἐκ
3543 3959 3754 4011 συμφο-

2187 4032 2296 4103 ρῶν
2335 4033 2379 4064 ¹⁰
2410 4031 2529 4097 ίδοι,
2569 4032 2704 4103 πρὸς
2733 4031 2891 4085 τοῦτο
2919 4030 3271 4094 καθίπταται,
3314 4031 3493 4084 καὶτὸ
3525 4032 3756 4100 ἀγκύλον

2185 4125 2380 4192 ἐπάγει
2410 4123 2607 4193 στόμα,
2654 4123 2724 4177 τά
2775 4122 3135 4194 κεκρυμμένα
3165 4121 3407 4187 ἐξέλκων
3434 4123 3531 4177 τοῦ
3563 4125 3755 4178 δυστυ-

2336 4232 2447 4268 τος.

2336 4232 2396 4268 το
2432 4252 2447 4267 .

2185 4216 2543 4374 χήὲῗλιιῗνος.
2594 4338 2660 4347 -
2709 4305 2791 4358 Ta
2821 4304 2980 4365 καλὰ,
3014 4302 3115 4356 κᾶν
3148 4302 3333 4374 φθόνῳ
3386 4303 3528 4374 πρὸς
3583 4305 3760 4373 ὀλίγον

511 4405 657 4461 vidia
688 4406 753 4461 ad
781 4407 953 4462 breve
988 4416 1203 4474 tempus
1232 4408 1529 4462 obscurata
1558 4408 1788 4471 fuerint,
1811 4425 1909 4478 per
1930 4424 2083 4464 occa-

2189 4398 2518 4466 ὲπισκιασθῇ
2555 4398 2761 4468 χρόνον,
2794 4396 2885 4448 ἐπὶ
2931 4394 3109 4464 καιρῷ
3141 4394 3400 4459 λυθέντα,
3431 4395 3593 4459 αὖθις
3628 4398 3761 4449 ἁνα-

512 4494 725 4551 sionem
762 4511 828 4551 ac
861 4504 1175 4565 opportune
1206 4496 1408 4562 soluta,
1448 4511 1641 4551 rursus
1675 4497 2084 4566 splendescunt.

585 4585 878 4639 Plutarchi.
922 4615 992 4626 —
1040 4584 1120 4639 Ad
1179 4586 1351 4639 solem
1408 4585 1845 4650 ambulantibus,
1893 4587 2088 4641 umbra

2190 4487 2417 4541 λάμπει.

2262 4536 2669 4647 ᾖιῖουτάρχου.
2699 4607 2772 4615 -
2802 4576 2928 4637 Τοῖς
2957 4573 3057 4642 μὲν
3095 4573 3186 4627 διὰ
3223 4575 3319 4627 τοῦ
3346 4575 3503 4645 ἡλίου
3535 4593 3761 4648 πορευοσ

414 4744 419 4747 τ
513 4677 831 4730 necessario
857 4691 1042 4730 comes
1067 4683 1181 4741 est;
1216 4676 1394 4745 iisque
1421 4677 1515 4745 qui
1548 4677 1853 4732 honoribus
1885 4693 1950 4732 ac
1979 4677 2083 4731 vita

2193 4668 2373 4737 μένοις
2401 4667 2594 4720 ἕπεται
2631 4664 2749 4718 κατ’
2780 4663 3025 4733 ἀνάγκην
3055 4663 3183 4716 σκιά
3210 4679 3224 4693 ·
3285 4667 3402 4729 τοῖς
3445 4665 3506 4719 δὲ
3550 4665 3642 4720 διὰ
3668 4666 3763 4735 τῆς

512 4766 649 4819 clari
680 4767 977 4831 habentur,
1004 4767 1248 4836 proclive
1282 4766 1491 4820 invidia
1518 4767 1705 4822 haeret.

583 4883 655 4892 —
674 4854 958 4908 Claritatis
982 4853 1172 4918 decor,
1197 4854 1347 4909 velut
1373 4855 1564 4908 morbo
1593 4853 1854 4923 quodam,
1883 4853 2095 4908 invidia

517 4942 629 4999 cito
659 4944 1057 5012 corrumpitur.

2188 4758 2346 4826 δόξης
2380 4756 2684 4826 βαδίζουσιν
2708 4753 2990 4808 ἀκολουθεῖ
3017 4752 3232 4822 φθόνος.

2259 4848 2333 4898 Τὸ
2358 4849 2454 4915 τῆς
2485 4843 2643 4915 δόξης
2679 4843 2873 4907 κάλλος
2916 4841 3106 4913 ὥσπερ
3164 4841 3271 4896 ὑπὸ
3303 4843 3468 4898 νόσου
3500 4844 3599 4899 τοῦ
3634 4844 3762 4916 φθόο

2193 4954 2286 4991 νου
2325 4938 2464 5006 ταχὺ
2490 4935 2941 5006 καταφθείρεται.

1785 5076 2022 5131 VM!le
2064 5072 2474 5134 LECTIONES.

547 5138 551 5141 l
588 5170 633 5202 "
660 5168 722 5223 Β.
748 5168 962 5238 φθόνος.
1040 5170 1084 5201 ³ο
1106 5168 1165 5222 Β.
1191 5170 1495 5241 συμφορᾶς.

2018 5252 2256 5310 ΝΟΤΑΕ.

597 5374 960 5444 (ἢἝπεται
1006 5373 1086 5438 τῷ
1122 5374 1382 5443 ἀγαθίῖνὴ
1410 5374 1686 5441 ἀφθονία.
1738 5374 1916 5444 Nimi_s
1948 5372 2089 5444 forte
2196 5370 2283 5444 sui
2320 5369 2744 5444 ‘diﬂusioncuet
2764 5367 2884 5422 sine
2940 5365 3166 5444 invidia.
3214 5366 3502 5444 _Diabolus
3558 5381 3770 5444 semper

527 5441 817 5513 restringit
850 5442 985 5497 Bud.
1021 5458 1141 5497 eam
1172 5441 1387 5513 vocem,
1408 5444 1556 5513 idum
1592 5444 1794 5513 reddit,
1839 5441 2089 5513 ᾼῑᾳιιὶμιε

533 5511 700 5563 animi
725 5510 909 5565 carens
932 5513 1075 5565 omni
1099 5514 1316 5565 invidia.
1375 5511 1556 5565 Malim
1606 5511 1668 5566 τὸ
1724 5510 1946 5577 ἀγαθὸν,
2000 5510 2090 5563 hic

533 5577 759 5660 pasilio,
796 5579 971 5660 ipsum
996 5581 1331 5660 Deumpesse,
1370 5588 1427 5660 et
1454 5580 1656 5660 opponi
1689 5578 2086 5660 diabo.lo,qnod

539 5646 834 5701 Deusvere
860 5647 1087 5715 ἄφθονος
1120 5649 1209 5712 sit,
1238 5648 1353 5718 ipsa
1386 5646 1790 5714 boni—ratione,
1847 5646 2090 5701 liberalis

2238 5439 2783 5511 Oovspb;,__niali1ue
2841 5443 3034 5511 auctor
3079 5434 3409 5489 hominibus
3481 5434 3771 5511 exsistens.

2238 5456 2476 5511 uovapo;,
2543 5456 2783 5506 malque
2841 5456 3034 5490 aucwr
3079 5456 3409 5489 uouuumus
3481 5456 3771 5491 eXSIsu'ns.

2195 5456 2352 5573 διιοά
2383 5507 2564 5562 reddit
2585 5507 2749 5561 Gesn.
2774 5514 2836 5560 ut
2858 5506 2941 5558 vir
2964 5505 3083 5557 viro
3109 5514 3455 5572 opponatur,
3495 5505 3680 5561 bonus
3712 5517 3773 5558 ac

2196 5577 2402 5645 probus
2438 5573 2847 5641 calumniatori,
2876 5574 3012 5628 nihil
3044 5573 3324 5645 approbo.
