4066 6146
256 247 354 314 961

1566 235 1734 298 LOCI
1773 229 2214 323 COMMUNESL

3402 233 3510 297 962

335 355 718 426 Ἀνάχαρσις.
742 380 815 393 -
855 350 1180 421 Ἀνάχαρσις
1205 349 1234 401 6
1264 319 1481 416 Σκύθης
1509 345 1830 416 ἐρωτηθεὶς,

2005 319 2347 400 ΛηοιΙιανείε.
2384 374 2452 386 -
2481 344 2816 400 Anacharsis
2857 343 3056 416 Scytha
3083 351 3327 413 rogatus,
3375 343 3512 413 quid

256 449 352 502 Διὰ
385 447 504 501 τίνα
552 443 730 499 αἰτίαν
756 444 1036 511 ἄνθρωποι
1069 436 1377 492 λυποῦντας
1398 436 1671 500 πάντοτε;
1700 435 1824 506 ἔφη,

257 540 379 592 Ὀτι
401 537 464 590 οὐ
499 537 660 607 μόνον
691 534 892 596 αὐτοὺς
920 533 990 586 τὰ
1018 531 1127 585 ῐδια
1165 526 1313 582 κακὰ
1348 525 1529 594 λυπεῖ,
1570 525 1707 579 ἀλλὰ
1735 527 1830 580 καὶ

254 628 323 684 τὰ
349 627 609 697 ἀλλότρια
635 624 840 694 ἀγαθά.

339 720 636 787 Ἀριστοτ.
684 747 756 760 -—
796 713 1016 779 Φθόνος,
1047 711 1236 782 φησιν,
1275 710 1684 781 ἀνταγωνιστής
1715 709 1831 762 ἐστι

254 809 363 862 τῶν
393 809 782 878 εὐτυχούντων.

323 901 640 968 Δημοκρίτ.
676 929 749 938 -
797 898 864 952 Ἦ
890 895 1000 951 τῶν
1047 893 1268 963 ἀγαθῶν
1318 894 1438 964 ἔρις
1489 891 1694 947 ὠφελεῖ
1741 893 1831 947 τὸν

164 1012 165 1015 η
255 991 542 1062 ζηλοῦντα,
588 991 662 1062 μὴ
697 990 1010 1061 βλάπτουσα
1038 987 1130 1041 τὸν
1156 984 1510 1056 ζηλούμενον·

325 1084 438 1136 Οὐκ
478 1082 547 1136 ἂν
579 1081 821 1136 ἐκώλυον
850 1081 900 1133 oi
930 1079 1085 1150 νόμοι
1127 1078 1227 1148 ζῇν
1276 1076 1510 1130 ἕκαστον
1543 1077 1665 1132 κατ’
1696 1075 1832 1129 ἰδίαν

254 1172 526 1239 ἐξουσίαν,
584 1173 634 1224 εἰ
684 1171 760 1242 μὴ
795 1171 983 1240 ἕτερος
1034 1170 1221 1238 ἓτερον
1267 1169 1833 1239 ἐλυμαίνετο.Φθόνος

253 1265 359 1336 γὰρ
389 1265 605 1326 στάσιος
634 1265 808 1334 ἀρχὴν
831 1263 1231 1330 ἀπεργάζεται.

338 1355 394 1407 '0
424 1352 584 1416 αὐτὸς
637 1351 728 1406 τὸν
776 1351 970 1420 φθόνον
1006 1348 1160 1402 εἶπεν
1201 1348 1358 1412 ἕλκος
1401 1345 1544 1403 εἶναι
1572 1349 1672 1420 τῆς
1698 1348 1831 1418 ἀλη-

189 1472 192 1474 ·
257 1443 427 1507 θείας.

327 1533 696 1603 Κλειτάρχου
727 1533 796 1586 ³⁸.
838 1560 911 1570 -
939 1530 1150 1600 Ὥσπερ
1180 1527 1284 1582 ὐπὸ
1304 1527 1400 1581 τοῦ
1435 1528 1515 1582 ἰοῦ
1549 1528 1643 1582 τὸν
1678 1528 1832 1600 σίδη-

265 1641 378 1695 ρον,
406 1623 550 1676 οὕτω
575 1622 703 1684 τούς
728 1619 1022 1691 φθονεροὺς
1054 1618 1161 1671 ὐπὸ
1188 1616 1284 1670 τοῦ
1335 1617 1468 1671 ἰδίου
1508 1617 1670 1688 ἤθους
1701 1635 1830 1671 κατι

1937 451 2116 490 causa:
2138 445 2285 491 esset
2313 452 2412 491 cur
2450 437 2706 491 homines
2747 452 2969 505 semper
3009 435 3234 490 doleant
3268 451 3282 487 :
3327 433 3509 500 Quod,

1938 526 2141 595 inquit,
2170 541 2283 580 non
2313 528 2491 582 solum
2521 543 2619 582 sua
2647 528 2790 582 mala
2829 527 3073 592 doleant,
3114 524 3211 581 sed
3239 532 3297 579 et
3333 525 3514 579 aliena

1937 616 2104 673 bona.

2011 709 2283 764 Aristotel.
2311 740 2382 749 —
2413 709 2624 764 Invidia
2657 709 2876 764 illorum
2908 705 3260 761 adversarius
3288 714 3392 773 est,
3422 707 3517 776 qui

1939 802 2108 856 rebus
2135 801 2400 856 secundis
2428 809 2682 855 utuntur.

2011 888 2288 942 Bonorum
2321 889 2607 942 contentio
2637 889 2793 958 juvat
2818 886 3191 952 aemulantem,
3219 900 3324 940 nec
3348 884 3399 940 ei
3429 885 3519 939 cui

1937 979 2238 1042 azmuleris,
2264 979 2475 1047 aliquid
2503 987 2685 1032 nocet.

2010 1067 2293 1122 Democrit.
2322 1099 2393 1108 —
2431 1068 2724 1138 Nunquam
2760 1069 2909 1138 leges
2950 1082 3051 1122 suo
3087 1082 3362 1138 quemque
3394 1067 3520 1136 jure

1939 1174 2003 1212 ac
2053 1159 2327 1213 arbitratu
2374 1159 2564 1214 vivere
2609 1167 2892 1220 vetarent,
2939 1159 3047 1213 nisi
3093 1159 3234 1212 alter
3284 1158 3520 1212 alterum

1940 1250 2168 1304 laaderet
2203 1268 2214 1302 :
2257 1250 2462 1303 invidia
2498 1251 2676 1315 enim,
2712 1250 3008 1304 seditionis
3041 1249 3194 1318 origo
3227 1255 3330 1302 est.

2011 1341 2186 1408 Idem,
2222 1339 2489 1394 invidiam
2525 1340 2687 1395 ulcus
2718 1354 2838 1394 esse
2865 1339 3118 1393 veritatis
3147 1339 3369 1392 dicebat
3394 1355 3414 1388 -.

2011 1518 2282 1574 Clitarchi.
2309 1547 2380 1557 —
2403 1517 2476 1574 Ut
2502 1515 2783 1588 ferrugine
2805 1514 3037 1582 ferrum,
3066 1513 3147 1569 sic
3176 1511 3395 1567 invidos
3425 1528 3522 1567 sua

1942 1609 2091 1681 ipsos
2119 1609 2302 1664 indole
2331 1607 2606 1664 consumi.

259 1713 562 1767 εσθίεσθαι.
1871 1701 1913 1755 Β

325 1803 662 1874 Σωκράτης.
709 1833 780 1843 -—
835 1803 1032 1856 Πολλοὶ
1085 1800 1350 1863 θανόντας
1401 1798 1693 1869 ἀμείϐουσι
1723 1798 1836 1860 τοῖς

257 1896 472 1966 τάφοις,
510 1894 605 1960 οὒς
632 1894 710 1967 τῷ
733 1893 914 1966 φθόνῳ
941 1893 1208 1966 πρότερον
1239 1892 1479 1977 ἣλγυναν
1508 1889 1739 1954 ζῶντας.

2009 1779 2276 1835 Socrates.
2318 1811 2389 1820 —
2428 1779 2586 1834 Multi
2633 1779 2789 1848 quasi
2839 1780 2977 1851 grati
3027 1780 3198 1834 animi
3246 1779 3523 1850 signiﬁca-

1941 1874 2112 1938 tione,
2146 1872 2422 1928 defunctis
2455 1881 2810 1926 mouumenta
2845 1880 3078 1940 ponunt,
3110 1887 3249 1940 quos
3281 1872 3436 1942 prius
3467 1875 3526 1926 in

1939 1964 2083 2018 vivis
2109 1973 2334 2034 agentes
2362 1978 2600 2018 [ποποῖ-θ
2634 1963 3010 2017 confecerant.

2010 2052 2160 2106 Idem
2190 2052 2372 2106 aiebat
2399 2052 2664 2105 invidiam
2695 2053 2862 2106 animi
2912 2068 3034 2108 esse
3062 2069 3296 2107 serram.

2009 2143 2306 2212 Leucippis.
2331 2173 2400 2181 —
2423 2142 2720 2196 Emulatio
2749 2144 2895 2196 enim
2929 2159 3054 2198 cum
3082 2144 3330 2198 animum
3355 2146 3525 2200 semel

1943 2234 2228 2297 invaserit,
2252 2249 2394 2302 aegre
2427 2243 2612 2304 potest
2641 2235 2872 2289 aboleri.

2013 2324 2310 2380 Cleobulus.
2337 2357 2407 2365 —
2428 2326 2729 2382 Cleobulus
2757 2327 3009 2392 Lindius,
3036 2342 3161 2381 cum
3193 2343 3260 2383 ex
3282 2343 3349 2384 eo
3377 2345 3529 2398 qua:-

259 2433 372 2485 ὐπό
402 2449 569 2499 τινος,
607 2431 743 2485 Τίνα
797 2432 879 2485 δεῖ
936 2433 1172 2502 μάλιστα
1219 2429 1632 2500 φυλάττεσθαι;
1666 2423 1838 2493 εἶπεν,

1960 2421 2159 2468 'eretur
2196 2431 2208 2466 :
2241 2413 2407 2484 659
2437 2415 2566 2480 Quae
2599 2417 2836 2469 maxime
2860 2414 3085 2468 vitanda
3114 2423 3360 2484 putaret;
3383 2414 3531 2471 Ami-

256 2521 384 2572 Τῶν
421 2521 521 2589 μὲν
574 2520 743 2588 φίλων
795 2521 886 2575 τὸν
958 2521 1185 2590 φθόνον,
1235 2519 1345 2572 τῶν
1390 2519 1446 2572 δὲ
1496 2517 1710 2588 ἐχθρῶν
1743 2519 1843 2588 τὴν

1960 2519 2154 2570 :orum,
2177 2506 2378 2576 inquit,
2401 2506 2687 2571 invidiam,
2712 2516 2768 2561 et
2791 2505 3144 2561 inimicorum
3170 2506 3418 2562 insidias.

257 2610 583 2682 ἐπιϐουλήν.
1162 2601 1172 2612 ’

335 2700 584 2766 Βίωνος.
611 2732 684 2742 —
721 2701 864 2754 Βίων
891 2703 918 2754 6
955 2701 1240 2772 σοφιστὴς,
1277 2699 1400 2754 ἰδών
1428 2717 1552 2754 τινα
1582 2698 1844 2770 φθονερὸν

256 2789 472 2860 σφόδρα
505 2791 800 2859 κεκυφότα,
838 2788 1014 2854 εἶπεν,
1049 2793 1120 2844 Ἦ
1142 2792 1318 2862 τούτῳ
1352 2793 1494 2862 μέγα
1516 2791 1684 2844 κακὸν
1717 2806 1848 2859 συμ-

254 2881 521 2950 ϐέϐηκεν,
562 2881 596 2952 ἢ
629 2883 776 2953 ἄλλῳ
809 2883 954 2953 μέγα
985 2881 1212 2951 ἀγαθόν.

339 2072 400 2123 ’0
429 2073 589 2136 αὐτὸς
633 2073 724 2126 τὸν
752 2073 946 2142 φθόνον
983 2071 1086 2142 ἔφη
1114 2070 1216 2140 τῆς
1241 2069 1421 2140 ψυχῆς
1445 2064 1584 2121 εἶναι
1615 2067 1837 2137 πρίονα.

350 2163 599 2216 Λευκίπ.
645 2191 718 2201 —
781 2160 1096 2228 Ζηλοτυπία
1134 2159 1242 2229 γὰρ
1312 2157 1458 2223 ἅπαξ
1520 2156 1841 2228 ἐμπεσοῦσα

259 2251 431 2322 ψυχῇ,
456 2251 845 2304 δυσέκλειπτον
875 2249 1011 2304 ἐστί.

335 2344 662 2396 Κλεόϐουλ.
695 2372 768 2380 -
826 2341 1160 2405 Κλεόϐουλος
1193 2343 1223 2395 6
1272 2339 1507 2404 Λίνδιος,
1542 2336 1843 2410 ἐρωτηθεὶς

2014 2703 2218 2758 Bionis.
2245 2734 2313 2743 ——
2353 2705 2486 2757 Bion
2529 2704 2806 2774 sophista,
2839 2720 2964 2758 cum
3001 2705 3240 2774 aliquem
3276 2706 3524 2763 invidum

1949 2795 2090 2849 tristi
2122 2795 2280 2849 valde
2315 2811 2380 2848 ac
2409 2796 2650 2850 demisso
2683 2797 2840 2849 vultu
2878 2796 3226 2850 incedentem
3257 2798 3520 2853 vidisset:

1945 2885 2075 2950 Aut,
2098 2886 2302 2953 inquit,
2328 2887 2460 2940 huic
2489 2886 2684 2956 ingens
2717 2887 2922 2940 malum
2957 2885 3172 2950 accidit,
3238 2896 3334 2942 aut
3363 2889 3524 2944 alteri

1947 2976 2140 3047 ingens
2172 2976 2401 3030 bonum.

891 3076 1235 3146 Ἀγάθωνος.
1868 3024 1911 3082 C

408 3165 632 3256 ρενκῆν
661 3167 738 3256 ir
773 3166 1180 3256 ἐνρράισξοέίῖξν
1207 3168 1286 3256 ἐξ
1304 3168 1424 3232 βίω
1443 3171 1699 3256 ,φθόνοςι

399 3241 474 3292 El
504 3236 729 3303 πάντες
764 3237 918 3306 ἦμεν
945 3236 1013 3300 ἐξ
1042 3238 1183 3291 ἴσου
1218 3236 1577 3306 πεφυκότες.

2577 3087 2886 3155 Agathonis.

1945 3175 2138 3229 Nullus
2173 3177 2224 3228 in
2258 3177 2364 3228 vita
2399 3175 2530 3228 livor
2563 3184 2694 3228 esset
2731 3174 3066 3238 mortalibus,

1945 3245 2103 3299 Nobis
2131 3247 2207 3298 ita
2238 3248 2581 3316 comparatis,
2609 3254 2666 3297 ut
2700 3261 2877 3297 omnes
2909 3243 3140 3313 wquales
3173 3260 3418 3298 essemus.

327 3331 673 3400 Θεόφραστ.
711 3360 783 3368 -
830 3328 1179 3398 Θεόφραστος
1242 3324 1400 3393 εἷπε,
1448 3332 1574 3394 τούς
1641 3331 1846 3403 μοχθη-

2020 3336 2359 3406 Theophrast.
2376 3365 2444 3377 —
2468 3336 2835 3404 The0pbrasti
2865 3336 3143 3389 sententia
3169 3345 3288 3390 erat
3315 3354 3328 3388 :
3355 3338 3526 3393 Malos

245 3426 392 3498 ρούς
425 3424 537 3478 τῶν
573 3423 899 3493 ἀνθρώπων,
953 3423 1053 3493 οὐχ
1098 3422 1273 3485 οὕτως
1315 3422 1541 3493 ἥδεσθαι
1595 3424 1690 3476 ἐπὶ
1733 3427 1844 3488 τοῖς

1960 3429 2201 3484 homines
2250 3444 2314 3482 ac
2362 3441 2632 3488 morosos,
2674 3433 2782 3480 non
2831 3434 2939 3480 tam
2985 3426 3102 3481 suis
3145 3427 3326 3493 bonis,
3363 3444 3526 3499 quam

244 3515 415 3575 ἰδίοις
439 3511 689 3579 ἀγαθοῖς,
720 3512 796 3575 ὡς
834 3510 927 3564 ἐπὶ
959 3514 1074 3573 τοῖς
1104 3509 1410 3580 ἀλλοτρίοις
1434 3514 1652 3574 κακοῖς.

312 3603 703 3658 Πλάτων.-
735 3601 964 3670 Ἀγαθὺς
990 3599 1092 3672 ἦν·
1153 3602 1344 3672 ἀγαθῷ
1393 3603 1450 3656 δὲ
1500 3601 1674 3666 οὐδεὶς
1721 3606 1849 3675 περὶ

237 3695 479 3757 οὐδενὸς
513 3694 772 3746 οὐδέποτε
796 3693 1011 3761 γίνεται
1041 3693 1257 3762 φθόνος.

333 3784 829 3854 Ἀριστωνύμ-
865 3782 923 3836 '0
959 3781 1172 3852 φθόνος,
1216 3781 1408 3854 ὥσπερ
1437 3783 1640 3850 φαῦλος
1672 3784 1849 3855 δημα-

235 3878 466 3948 γωγὸς,
514 3877 636 3940 ταῖς
668 3875 863 3938 καλαῖς
894 3875 1364 3929 ἁντιπολιτεύεται
1399 3875 1685 3947 πράξεσιν.

299 3966 718 4022 Θουκυδίδου.
749 3997 819 4007 -
845 3965 1043 4031 Φθόνος
1071 3969 1184 4030 τοῖς
1214 3966 1346 4031 ζῶσι
1377 3967 1513 4037 πρὸς
1539 3967 1601 4019 τὸ
1632 3966 1852 4020 ἀντίπα-

230 4062 333 4115 λον
351 4077 368 4091 ο
403 4059 475 4112 τὸ
516 4058 575 4112 δὲ
606 4055 682 4129 μὴ
711 4057 986 4130 ἐμποδὼν,
1009 4058 1474 4129 ἀνανταγωνίστῳ
1503 4057 1688 4129 εὐνοίᾳ
1708 4057 1851 4112 τετί-

239 4170 696 4310 μηῖῗέθεῖξιμέν.
748 4271 820 4281 -
843 4239 1002 4293 Ὅσοι
1035 4239 1143 4313 γὰρ
1181 4239 1250 4294 τὰ
1282 4239 1466 4304 καλῶς
1521 4239 1758 4311 ρηθέντα
1811 4239 1845 4309 ἢ

1947 3520 2146 3575 alienis
2178 3520 2338 3575 malis
2368 3517 2653 3572 delectari.

2018 3609 2197 3663 Plato.
2229 3638 2298 3647 —
2328 3607 2514 3661 Bonus
2553 3615 2675 3661 erat
2708 3623 2721 3658 :
2762 3605 2815 3660 ei
2858 3613 3039 3660 autem
3079 3605 3175 3676 qui
3214 3605 3394 3665 bonus
3432 3611 3524 3676 sit,

1949 3699 2101 3753 nulla
2136 3713 2201 3752 ex
2240 3712 2404 3752 causa
2441 3697 2586 3750 ullus
2614 3695 2898 3750 suboritur
2926 3695 3089 3750 livor.

2019 3789 2364 3858 Aristonymi.
2393 3817 2462 3825 -—
2492 3786 2723 3849 Invidia,
2753 3786 2898 3840 sicut
2923 3787 3103 3841 malus
3134 3787 3323 3843 orator
3348 3805 3528 3861 popu-

1949 3875 2102 3945 lique
2131 3877 2348 3940 ductor,
2377 3875 2625 3929 honestis
2657 3876 2870 3929 aclibus
2902 3875 3245 3929 adversatur.

2022 3965 2334 4035 Theucydid.
2359 3996 2430 4003 —
2463 3964 2732 4019 Invidiam
2773 3965 3034 4018 mortales
3070 3974 3348 4031 exercent,
3378 3966 3435 4020 in
3471 3967 3530 4022 id

1952 4057 2101 4126 quod
2145 4057 2468 4112 adversatur
2515 4075 2527 4110 :
2571 4057 2721 4126 quod
2757 4072 2890 4110 vero
2926 4057 3062 4111 nulli
3102 4057 3386 4114 obstaculo
3421 4068 3528 4128 est,

1941 4149 2086 4202 nihil
2125 4148 2294 4201 invita
2330 4148 2717 4203 benevolentia
2748 4149 2954 4202 colunt.

2022 4239 2340 4293 Anaximen.
2371 4267 2440 4278 ——
2478 4239 2582 4305 Qui
2628 4255 2728 4308 per
2772 4239 3036 4293 invidiam
3076 4251 3198 4307 quae
3239 4239 3344 4292 rite
3385 4239 3528 4295 dicta.

229 4336 592 4411 πραχθέντα
617 4333 705 4387 διὰ
737 4336 930 4403 φθόνον
959 4335 1060 4388 οὐκ
1097 4333 1406 4401 ἐπαινοῦσι,
1441 4331 1561 4397 πῶς
1607 4326 1754 4386 οὗτοι
1782 4332 1844 4386 ἂν

1960 4339 2051 4386 aut
2079 4341 2230 4401 gesta
2265 4331 2376 4385 sint
2405 4346 2516 4384 non
2549 4331 2806 4397 laudant;
2841 4330 2931 4396 hi,
2962 4345 3076 4401 quo
3110 4329 3331 4384 tandem
3366 4331 3529 4388 modo

225 4433 356 4492 ιιὈῖς
386 4427 599 4499 ἔργοις
624 4425 967 4495 ὠφελήσειαν
987 4441 1002 4491 ;

1960 4423 2075 4493 ipsa
2107 4439 2166 4476 re
2190 4423 2464 4492 juverint?

307 4520 643 4580 Κάτωνος.
674 4547 745 4556 ——
769 4517 1011 4570 Ἷίκιστα
1072 4516 1387 4586 φθονεῖσθαι
1442 4517 1594 4587 ἔλεγε
1623 4518 1751 4582 τούς
1780 4521 1844 4589 τῇ

2028 4512 2264 4567 Catonis.
2289 4544 2360 4553 —
2390 4513 2548 4568 Haud
2579 4529 2710 4569 sane
2745 4511 2965 4567 invidia:
2994 4511 3261 4566 obnoxios
3294 4526 3414 4566 esse
3445 4511 3528 4567 di-

222 4612 385 4685 τύχῃ
447 4607 785 4680 χρωμένους
837 4608 1096 4672 ἐπιεικῶς
1134 4609 1229 4661 καὶ
1293 4607 1546 4679 μετρίως.
1605 4609 1680 4662 Οὐ
1737 4609 1844 4679 γὰρ

1960 4602 2139 4668 cebat,
2165 4604 2256 4671 qui
2292 4603 2539 4658 modeste
2577 4619 2642 4659 ac
2682 4611 2984 4672 temperate
3022 4604 3242 4656 fortuna
3283 4609 3531 4658 utantur.

224 4705 399 4774 ἡμῖν,
438 4697 600 4753 ἀλλὰ
635 4698 748 4761 τοῖς
781 4697 910 4768 περὶ
947 4699 1094 4770 ἡμᾶς
1124 4696 1434 4766 φθονοῦσιν,

1960 4694 2078 4748 Non
2109 4693 2255 4747 enim
2289 4709 2392 4748 nos
2425 4694 2688 4749 invidiam
2725 4701 2934 4763 petere,
2966 4692 3064 4746 sed
3097 4706 3189 4747 res
3221 4700 3438 4749 nostras
3469 4709 3533 4750 ac

1959 4798 2082 4854 quae
2115 4783 2262 4837 circa
2296 4798 2400 4837 nos
2429 4783 2718 4838 exsistant.

2029 4874 2243 4928 Incerti.
2283 4903 2353 4913 —-
2392 4875 2565 4930 Nemo
2614 4875 3035 4946 prosequendos
3081 4873 3282 4929 invidia
3333 4889 3347 4925 :
3399 4871 3602 4954 boni“

1959 4963 2128 5028 enim,
2158 4964 2306 5033 digni
2343 4974 2470 5018 sunt
2501 4966 2593 5034 qui
2627 4966 2796 5020 rebus
2823 4964 3080 5020 secundis
3107 4972 3332 5018 utantur
3361 4978 3374 5014 :
3406 4957 3567 5045 maliéf
3590 4984 3609 5045 ρ

1960 5055 2006 5108 si
2039 5063 2288 5117 utuntur,
2316 5055 2454 5108 male
2478 5056 2694 5109 vivunt.
3541 5035 3597 5066 Ἴ

317 4873 716 4942 Ἀνωνύμου.
749 4901 823 4911 --
875 4873 1066 4925 υύδενὶ
1120 4874 1452 4943 φθονητέον’
1507 4833 1704 4942 ἀγαθοὶ
1753 4873 1852 4943 μὲν

222 4971 346 5042 γὰρ
390 4967 557 5033 ἄξιοι
581 4981 597 4996 ’
641 4965 802 5019 κακοὶ
839 4964 884 5017 δ’
923 4965 990 5018 ἂν
1019 4951 1342 5034 εὐτυχῶσιν,
1375 4966 1562 5028 κακῶς
1591 4966 1777 5029 ζῶσιν.

302 5137 728 5215 Θεμιστοκλῆς
787 5138 1069 5209 μειράκιον
1101 5135 1198 5203 ὢν,
1243 5137 1396 5189 οὐδὲν
1442 5135 1545 5206 ἔφη
1590 5137 1854 5208 πράττειν

215 5231 513 5306 λαμπρόν
539 5244 554 5257 ’
594 5225 756 5281 οὔπω
791 5227 899 5296 γὰρ
949 5225 1285 5293 φθονεῖσθαι.
1327 5225 1593 5297 Καθάπερ
1643 5227 1750 5298 γὰρ
1793 5229 1851 5280 αἱ

213 5323 592 5396 κανθαρίδες
630 5318 934 5388 ἐμφύονται
977 5317 1214 5387 μάλιστα
1251 5315 1331 5387 τῷ
1361 5317 1666 5387 ἀκμάζοντι
1697 5318 1848 5388 σίτῳ,

215 5421 323 5476 καὶ
355 5417 490 5478 τοῖς
551 5407 824 5463 εὐθαλέσι
873 5409 1076 5478 ῥόδοις·
1137 5403 1282 5458 οὕτω
1314 5409 1341 5459 6
1387 5405 1580 5476 φθόνος
1618 5407 1849 5462 ἅπτεται

2033 5142 2432 5196 Themistocles
2475 5143 2657 5198 adhuc
2701 5142 3102 5198 adolescentior
3134 5177 3148 5204 ,
3224 5140 3357 5194 nihil
3403 5140 3534 5197 dum
3581 5194 3586 5201 ,

1957 5251 2017 5291 se
2064 5236 2412 5306 splendidum
2455 5252 2616 5305 agere
2656 5235 2902 5300 dicebat;
2948 5234 3150 5303 quippe
3192 5233 3287 5304 qui
3329 5232 3536 5287 invidia

1957 5324 2184 5378 minime
2227 5333 2530 5394 peteretur.
2566 5326 2702 5378 Nam
2747 5325 2890 5378 sicut
2929 5323 3177 5377 canthari
3228 5322 3539 5394 (scarab'eos

1956 5414 2176 5484 vocant)
2231 5417 2459 5470 robusto
2512 5417 2744 5470 maxime
2798 5416 3160 5469 innascuntur
3212 5414 3429 5479 tritico,
3470 5429 3537 5470 ac

1554 5522 1782 5578 VARI/13
1822 5525 2223 5582 LECTIONI‘ZS.

291 5607 343 5640 ιι
379 5599 521 5658 ἀλλ.
571 5589 952 5659 Πλουτάρχου.
3085 5650 3108 5689 Ἰ
