4066 6146
287 252 379 318 9σ5
405 214 438 246 ’⁷
1581 243 1751 305 LOCI
1791 244 1870 304 co

1965 241 2227 301 liUNES.
3418 230 3524 295 966

336 361 549 428 Ὠσπερ
584 354 662 427 τῷ
708 354 957 427 στρουθῷ
1009 352 1120 407 τῶν
1171 352 1389 425 πτερῶν
1444 352 1636 422 ὕφελος
1673 354 1846 419 οὐδὲν,

2019 352 2090 408 Ut
2137 348 2451 420 passerculo
2493 347 2632 402 nihil
2674 345 2898 417 prodest
2934 343 3080 414 quod
3125 341 3227 397 alis
3268 341 3527 411 praeditus

283 449 379 503 ὑπὸ
408 449 508 519 τῆς
538 447 767 516 παγίδος
800 446 1003 511 ἁλόντι,
1035 444 1152 498 ἀλλ’
1187 446 1310 515 είκῆ
1353 445 1448 498 καὶ
1493 445 1670 516 μάτην
1714 462 1848 498 πτε-

1965 449 2057 507 est,
2089 441 2135 495 si
2171 441 2367 509 laqueo
2401 440 2650 494 irretitus
2676 445 2966 502 teneatur;
2998 434 3096 491 sed
3120 434 3325 488 frustra
3348 433 3527 487 nullo-

286 541 580 613 ρύσσεται·
628 536 773 592 οὕτω
803 537 899 591 καὶ
944 537 1030 590 σοὶ
1072 535 1181 590 τῶν
1219 534 1498 606 λογισμῶν
1532 534 1684 588 οὐδὲν
1719 534 1847 603 ὄφε-

1965 546 2063 602 quc
2104 531 2396 586 commodo
2432 528 2679 585 concutit
2717 528 2860 594 alas;
2900 529 2980 582 sic
3017 534 3074 580 et
3115 525 3215 581 tibi
3252 525 3529 578 rationum

282 629 387 694 λος,
417 629 515 682 ὲάν
564 626 912 698 κατακράτος
953 624 1060 678 ὑπὸ
1105 624 1207 694 τῆς
1259 625 1503 694 πονηρᾶς
1556 622 1851 691 ἐπιθυμίας

1965 622 2155 677 mentis
2204 622 2355 676 nulla
2401 621 2589 675 futura
2625 620 2857 685 utilitas,
2906 618 2953 672 si
2995 631 3160 687 prava
3231 614 3531 685 cupiditate

283 716 442 787 ἁλῷς.

1965 716 2188 769 omnino
2230 722 2426 783 captus
2459 711 2716 768 tenearis.
3058 774 3061 779 γ

345 805 689 862 Διονυσίου.
722 834 794 845 -
825 803 940 858 Οὐκ
984 802 1411 883 ὴναγκασμέγην
1459 800 1603 872 ζωὴν
1654 801 1850 871 ἔχομεν

2021 806 2281 877 Dionysii.
2319 836 2390 845 —
2434 804 2555 860 Non
2598 819 2661 858 ea
2705 811 2895 858 nostra
2937 801 3224 855 hominum
3269 798 3380 853 vita
3424 806 3529 861 est,

280 897 326 950 οἱ
353 895 656 966 ἂνθρωποι.
708 891 846 946 Οὔτε
879 892 989 962 γὰρ
1019 892 1110 945 διὰ
1154 891 1255 961 τὴν
1294 880 1403 942 τῶν
1435 890 1852 960 προνοουμένων

1965 909 2076 964 qua:
2104 893 2430 948 necessitate
2460 880 2670 962 agatur.
2696 891 2816 944 Non
2848 889 2994 943 enim
3027 888 3234 941 idcirco
3257 885 3406 955 quod
3437 883 3530 953 qui

279 984 732 1056 αὐτεξουσιότητα
762 983 832 1037 τά
871 983 992 1037 θεῖα
1021 982 1177 1051 φῶτα
1231 983 1334 1051 τῆς
1372 983 1739 1053 προνοητικῆς
1766 983 1853 1035 ἐλ-

1965 985 2302 1055 providentia
2326 990 2610 1052 reguntur,
2628 980 2882 1035 libertate
2904 979 3121 1034 arbitrii
3144 977 3355 1048 praediti
3382 983 3531 1040 sunt,

279 1077 533 1149 λάμψεως
563 1074 1000 1146 ἀπαμϐλύνεται.

1965 1075 2140 1131 divina
2169 1075 2377 1129 lumina
2405 1072 2735 1127 illustrantis
2760 1070 3120 1140 providentia:
3143 1069 3531 1124 obscurantur.

284 1158 289 1163 ’
343 1166 623 1234 Διδύμου.
670 1195 741 1204 -
786 1164 868 1216 Τά
902 1163 1005 1233 μὲν
1053 1161 1287 1217 ἀκούσια
1336 1165 1712 1235 ἁμαρτήματα
1759 1163 1853 1216 καὶ

2020 1166 2254 1236 Didymi.
2281 1194 2349 1206 -—
2379 1165 2608 1217 Peccata
2640 1176 2747 1215 non
2779 1177 2848 1214 ex
2870 1160 3175 1224 voluntate,
3200 1166 3256 1213 et
3285 1159 3371 1211 lex
3402 1172 3535 1211 con-

281 1259 440 1327 νόμος
475 1258 774 1328 συγχωρεῖ,
815 1255 912 1308 καὶ
939 1254 1072 1317 Θεὸς
1098 1257 1317 1327 παρορᾲ
1344 1256 1726 1329 φιλάνθρωπος
1753 1255 1848 1322 ὢν,

1965 1256 2144 1317 donat,
2169 1262 2224 1308 ct
2255 1255 2400 1308 Deus
2430 1267 2569 1322 pcue
2598 1251 2851 1319 despicit,
2883 1259 2942 1303 ut
2966 1251 3059 1319 qui
3094 1250 3166 1304 sit
3196 1251 3439 1303 clemens
3470 1262 3535 1303 ac

281 1350 373 1404 καὶ
395 1350 498 1405 οὐκ
521 1349 738 1419 ἀπηνὴς
764 1347 858 1400 καὶ
881 1346 992 1399 τῶν
1017 1346 1304 1400 ἑκουσίων.

1965 1344 2293 1409 misericors,
2318 1358 2419 1397 nec
2444 1343 2529 1395 vel
2554 1356 2747 1395 eorum
2774 1356 2896 1409 quae
2922 1340 3230 1393 voluntaria
3259 1345 3408 1403 sunt,
3435 1337 3536 1391 im-

1956 1436 2106 1490 mitis
2131 1436 2277 1490 ultor
2298 1434 2548 1489 exsistat.

346 1528 563 1581 Φίλων.
589 1555 663 1565 -
685 1525 800 1593 Οὐχ
826 1523 903 1586 ὡς
932 1523 994 1576 τὸ
1027 1514 1291 1586 ἑκουσίως
1317 1524 1661 1596 ἁμαρτάνειν
1706 1525 1855 1580 ἐστὶν

2031 1526 2283 1581 Philonis.
2313 1556 2385 1565 —
2414 1525 2535 1580 Non
2570 1533 2631 1580 ut
2660 1522 2973 1579 voluntarie
3008 1536 3239 1592 peccare
3272 1520 3536 1590 iniustum

279 1617 461 1672 ἄδικον
479 1655 495 1679 ,
531 1613 674 1667 οὕτω
697 1613 793 1666 καὶ
820 1611 1095 1674 ἀκουσίως
1124 1613 1219 1664 καὶ
1240 1614 1384 1667 κατὰ
1405 1615 1655 1683 ἄγνοιαν,
1686 1615 1856 1679 εὐθὺς

1965 1626 2064 1683 est,
2088 1618 2169 1672 sic
2198 1633 2311 1671 non
2339 1616 2652 1671 voluntarie
2685 1625 2742 1670 et
2771 1631 2873 1685 per
2903 1611 3349 1683 imprudentiam,
3374 1611 3533 1681 661

279 1676 520 1757 δίκαιον*
561 1698 699 1753 ἀλλὰ
738 1699 884 1768 τάχα
935 1716 1039 1753 που
1069 1698 1322 1771 μεθόριον
1373 1676 1601 1771 ἀμφοῖν,
1638 1676 1851 1757 δικαίου

1965 1709 2227 1764 continuo
2261 1709 2503 1778 justum;
2543 1707 2641 1762 sed
2680 1706 2821 1761 forte
2861 1706 3148 1759 amborum
3186 1703 3404 1758 contine
3440 1703 3542 1755 ali-

280 1795 376 1850 καὶ
420 1795 634 1859 ἀδίκου,
677 1792 737 1846 τὸ
785 1792 891 1847 ὑπό
942 1809 1104 1847 τινων
1155 1792 1492 1864 καλούμενον
1541 1795 1851 1868 ἀδιάφορον.

1965 1802 2094 1871 quid
2120 1800 2269 1871 (justi
2300 1799 2514 1854 scilicet
2538 1814 2603 1854 ac
2633 1797 2844 1869 injusti)
2869 1796 3017 1866 quod
3041 1794 3316 1859 nonnulli,
3339 1794 3540 1849 horum

291 1885 624 1959 ’Δμάρτημα
654 1882 765 1957 γὰρ
796 1884 954 1939 οὐδὲν
983 1884 1148 1957 ἔργον
1178 1884 1551 1957 δικαιοσύνης.

1965 1890 2208 1945 medium
2254 1904 2319 1943 ac
2365 1887 2689 1943 indilierens
2726 1896 2945 1942 vocant.
2981 1887 3185 1941 Eorum
3229 1885 3377 1940 enim
3420 1898 3544 1952 qua

1965 1991 2096 2037 sunt
2128 1989 2413 2051 peccatum
2446 1994 2510 2034 ac
2542 1994 2730 2044 error,
2763 1979 2978 2033 nullum
3006 1977 3236 2049 iustitia:
3267 1990 3408 2047 opus
3442 1975 3571 2039 ιλιι-ι,

2038 2081 2183 2129 atur.

350 2156 720 2227 Κλήμεντος.
749 2187 819 2198 -
838 2157 1090 2211 Μάλιστα
1126 2157 1346 2211 πάντων
1376 2159 1727 2227 Χριστιανοῖς
1757 2160 1859 2214 οὐκ

2138 2090 2183 2127 ι·.

1965 2074 2342 2221 betalllgmentis.
2366 2195 2438 2204 —
2463 2163 2602 2219 Cum
2633 2163 2830 2234 primis
2864 2162 3016 2218 haud
3042 2163 3176 2218 licet
3208 2158 3543 2216 Christianis

285 2247 493 2317 ἐφίεται
525 2246 586 2299 τὸ
614 2246 750 2319 πρὸς
777 2246 898 2316 βίαν
933 2247 1273 2318 ἐπανορθοῦν
1295 2247 1365 2301 τὰ
1384 2248 1492 2302 τῶν
1524 2250 1858 2321 ἁμαρτημά-

1965 2274 2066 2329 per
2088 2257 2202 2312 vim
2228 2256 2526 2312 emendare
2550 2296 2565 2322 ,
2596 2256 2642 2312 si
2668 2257 2802 2327 quid
2833 2262 3228 2327 peccaverunt.
3252 2253 3374 2307 Non
3393 2250 3545 2306 enim

283 2350 389 2385 των
432 2333 775 2402 πταίσματα.
815 2334 891 2386 Οὐ
934 2334 1042 2404 γάρ
1078 2336 1214 2415 ,τοὺς
1268 2336 1483 2409 ἀνάγκη
1523 2338 1624 2407 τῆς
1659 2341 1859 2404 κακίας

1966 2351 2063 2420 qui
2094 2350 2429 2405 necessitate
2470 2365 2502 2404 a
2526 2349 2671 2403 malo
2700 2364 2759 2403 se
2786 2348 3091 2411 abstinent,
3117 2346 3263 2401 Deus
3287 2351 3542 2407 coronat.

283 2421 676 2492 ἀπεχομένους,
717 2421 855 2475 ἀλλά
879 2423 1009 2485 τοὺς
1041 2424 1364 2494 προαιρέσει
1383 2430 1638 2496 στεφανοί
1656 2428 1683 2479 ό
1701 2428 1854 2490 Θεός.

1968 2440 2065 2496 sed
2089 2440 2186 2510 qui
2225 2441 2428 2495 mentis
2462 2440 2749 2510 proposito
2781 2448 2838 2494 et
2867 2439 3168 2494 voluntate.

353 2514 427 2566 οὐ
455 2511 681 2566 δυνατόν
705 2529 827 2566 τινα
858 2512 1062 2580 ἀγαθὸν
1090 2509 1229 2568 εἶναι
1260 2514 1517 2584 βεόαίως,
1542 2519 1591 2570 εί
1615 2518 1690 2589 μὴ
1719 2523 1862 2573 κατά

2037 2509 2185 2587 Fieri
2223 2548 2338 2587 non
2376 2509 2653 2602 potestut
2676 2531 2801 2601 quis
2846 2531 3009 2585 aliter
3045 2529 3205 2583 ﬁrma
3228 2525 3547 2583 constantia

202 2685 207 2688 Ι
282 2604 604 2693 προαίρεσιν
634 2603 862 2693 οἰκείαν.
888 2605 961 2693 ᾲὉ
983 2604 1093 2693 γὰρ
1116 2606 1206 2674 ὑφ’
1238 2606 1430 2679 ἑτέρου
1455 2609 1700 2682 ἀνάγκης
1729 2613 1857 2681 ἀγαι

1966 2623 2149 2678 bonus
2165 2627 2237 2682 sit
2260 2664 2274 2688 ,
2310 2639 2476 2693 quam
2503 2638 2603 2677 sua
2640 2622 2759 2692 ipse
2783 2622 3090 2677 voluntate.
3136 2620 3276 2675 Nam
3306 2619 3404 2688 qui
3431 2618 3545 2673 alio

285 2692 375 2756 θὸς
399 2692 706 2761 γινόμενος,
743 2692 844 2744 οὑκ
875 2691 1080 2760 ἀγαθός
1105 2710 1119 2724 ο
1158 2694 1242 2747 ὃτι
1287 2697 1364 2767 μὴ
1400 2696 1507 2768 ἰδίᾳ.
1539 2702 1862 2771 προαιρέσει

1966 2725 2198 2785 cogente
2229 2691 2407 2768 bonus
2440 2691 2712 2779 redditur,
2753 2711 2933 2766 bonus
2955 2726 3067 2766 non
3091 2721 3179 2766 est
3203 2729 3218 2778 ;
3239 2713 3389 2781 quod
3422 2724 3534 2765 non

284 2784 434 2837 ἐστὶν
471 2783 501 2836 ὃ
538 2781 707 2837 ἐστιν.
738 2782 814 2835 Τὸ
846 2783 956 2854 γάρ
991 2785 1222 2839 ἑκάστου
1261 2786 1569 2860 ἐλεύθερον,
1611 2792 1863 2845 ἀποτελεῖ

1966 2781 2187 2876 propria
2218 2806 2504 2860 voluntate
2529 2806 2621 2871 sit,
2650 2804 2704 2858 id
2731 2803 2882 2874 quod
2911 2813 3019 2858 est.
3066 2803 3184 2870 Qua
3209 2805 3360 2858 enim
3393 2802 3548 2872 quis-

285 2876 346 2928 τὸ
396 2875 567 2938 ὅντως
619 2873 848 2942 ἀγαθὸν,
895 2876 992 2929 καὶ
1049 2877 1286 2932 δεικνύει
1340 2881 1404 2933 τὸ
1455 2881 1624 2946 ὅντως
1672 2885 1858 2938 κακόν.

1966 2873 2086 2968 que
2109 2897 2281 2967 pollet
2305 2896 2587 2959 libertate,
2618 2895 2673 2949 id
2700 2873 2946 2964 prmstat,
2977 2895 3300 2964 (πυρά-νοτε
3336 2895 3547 2949 bonum

287 2965 451 3019 Ὅθεν
493 2964 583 3018 διά
632 2965 743 3018 τῶν
794 2965 1109 3020 ὑποθέσεων
1150 2968 1353 3024 τούτων
1401 2972 1789 3045 ἐμηχανήσατο
1833 2975 1862 3027 ὁ

287 3052 416 3081 13-1-
447 3054 758 3081 ....-.--.‘,.-_.
788 3056 889 3081 -s..-
930 3057 1155 3081 ειμι-.-μ
1199 3060 1399 3081 e.z_n__.

1967 2964 2073 3054 est,
2110 2964 2420 3058 proditque
2469 2987 2620 3057 quod
2674 3002 2806 3042 vere
2850 2987 3056 3042 malum
3103 2994 3209 3041 est.
3276 2985 3548 3052 Quocirca

285 3052 416 3119 Θεδς
447 3054 761 3129 φανερῶσαι
787 3056 889 3125 τὴν
927 3057 1160 3113 ἑκάστου
1193 3060 1457 3116 διάθεσιν.

1966 3052 2249 3149 sapienter
2296 3052 2576 3148 disposuit
2644 3078 2793 3132 Deus
2837 3088 2899 3132 ut
2933 3078 3021 3133 his
3065 3077 3408 3148 argumentis
3437 3091 3551 3147 quo

1966 3171 2199 3240 quisque
2239 3169 2425 3223 animo
2450 3168 2540 3233 sit,
2574 3178 2994 3224 monstraretur.

356 3248 654 3317 Xopmlov.
676 3278 749 3291 —
779 3250 853 3304 Τὸ
906 3253 971 3305 ὲκ
1022 3252 1236 3321 φύσεως
1266 3255 1450 3323 καλὸν,
1486 3258 1775 3329 ἀδόκιμον·
1807 3259 1867 3312 τὸ

2039 3262 2286 3316 Choricii.
2315 3292 2385 3299 —
2408 3259 2565 3326 Quod
2588 3276 2655 3314 ex
2686 3269 2885 3314 natura
2906 3260 3114 3314 bonum
3139 3265 3245 3321 est,
3278 3272 3391 3311 non
3414 3273 3546 3327 pro-

286 3340 343 3394 δὲ
367 3342 431 3393 ὲκ
469 3340 863 3411 προαιρέσεως,
894 3344 1205 3397 ἐπαινετόν.

1967 3351 2165 3415 batur;
2211 3349 2359 3418 quod
2410 3357 2596 3402 autem
2641 3363 2710 3400 ex
2749 3348 3036 3401 voluntate
3094 3347 3379 3416 animique
3424 3360 3552 3416 pro-

1967 3434 2171 3505 posito,
2197 3417 2251 3487 id
2282 3450 2415 3488 vero
2438 3435 2668 3503 dignum
2689 3434 2854 3488 laude
2877 3417 3132 3488 habetur.

372 3520 919 3587 Ἐπικτήτου.--Εἰ
971 3520 1149 3592 βούλει
1198 3524 1490 3595 ἀταράχως
1530 3528 1625 3580 καὶ
1672 3528 1867 3599 εὐαρέ-

2041 3525 2288 3594 Epicteti.
2315 3554 2386 3564 —-
2418 3524 2474 3579 Si
2514 3525 2597 3578 vis
2632 3525 2751 3578 sine
2782 3525 3206 3594 perturbatione
3243 3540 3306 3580 ac
3332 3523 3552 3595 placide

292 3627 431 3671 στως
476 3611 597 3683 ζῇν,
631 3610 808 3682 πειρῶ
844 3613 972 3676 τοὺς
997 3612 1400 3678 ’συνοικοῦντας
1440 3633 1522 3669 σοι
1547 3617 1870 3688 σύμπαντας

1967 3615 2180 3677 vivere,
2216 3614 2324 3667 hoc
2373 3612 2556 3676 stude,
2602 3619 2661 3665 ut
2694 3626 2836 3680 quos
2870 3611 3210 3666 domesticos
3243 3626 3554 3680 vernasque

288 3701 529 3770 ἀγαθοὺς
564 3702 731 3773 ἔχειν.
758 3701 943 3768 Ἕξεις
972 3703 1030 3755 δὲ
1058 3703 1319 3771 ἀγαθοὺς,
1351 3707 1400 3758 εί
1443 3709 1569 3770 τοὺς
1613 3707 1690 3780 μὴ
1720 3711 1868 3764 ἐκόν-

1970 3703 2316 3765 adhibueris,
2352 3716 2546 3754 omnes
2582 3700 2711 3754 boni
2748 3700 2879 3754 sint.
2924 3700 2984 3754 1d
3014 3710 3200 3757 autem
3234 3699 3550 3770 contigerit,

286 3809 387 3854 τας
430 3791 727 3859 παιδεύεις,
773 3793 901 3856 τοὺς
927 3792 985 3845 δὲ
1025 3791 1259 3858 ἄκοντας
1293 3794 1504 3867 [ἔπειτα
1537 3800 1870 3871 κεχειρωμέ-

1969 3794 2016 3849 si
2047 3808 2145 3848 eos
2174 3792 2268 3862 qui
2304 3790 2509 3854 velint,
2548 3790 2809 3855 erudias;
2859 3805 2957 3844 eos
2988 3799 3173 3845 autem
3231 3791 3327 3860 qui
3370 3791 3554 3846 nolint

289 3899 414 3946 νους
441 3880 551 3954 (Ιί)]
577 3883 857 3946 ἀπολύεις.
893 3882 1273 3952 Συμφεύξεται
1297 3887 1406 3959 γάρ
1432 3890 1545 3950 τοῖς
1575 3888 1868 3958 φεύγουσιν

1970 3899 2036 3939 ac
2084 3883 2425 3937 reluctantes
2471 3879 2589 3950 (ubi
2648 3879 2851 3934 deinde
2901 3879 3237 3950 edomueris)
3280 3881 3549 3936 dimittas.

285 3974 324 4043 η
362 3971 632 4043 μοχθηρία
667 3973 787 4043 ἅμα
819 3973 914 4027 καὶ
943 3974 977 4044 ή
1028 3973 1277 4029 δουλείαο
1312 3979 1868 4051 συναπολειφθήσεται

1969 3975 2089 4030 Una
2124 3973 2275 4029 enim
2315 3988 2444 4028 cum
2497 3972 2609 4026 illis
2667 3971 3014 4041 fugientibus
3067 3972 3398 4041 improbitas
3435 3973 3550 4041 ipsa

285 4061 347 4117 δὲ
370 4065 483 4127 τοῖς
511 4063 869 4135 συμϐαίνουσι
909 4080 992 4117 σοι
1043 4065 1077 4136 ή
1108 4067 1413 4138 χρηστότης
1458 4071 1552 4122 καὶ
1585 4071 1619 4142 ἠ
1649 4071 1868 4125 ἐλευθε-

1972 4067 2407 4136 aufugietatque
2454 4065 2730 4130 servitus;
2771 4080 2992 4134 unaque
3042 4080 3168 4119 cum
3198 4064 3312 4118 illis
3343 4065 3554 4133 quibus

293 4153 408 4222 ρία.
1902 4175 1946 4232 ι)
1975 4166 2160 4212 tecum
2198 4157 2485 4222 convenit,
2512 4156 2762 4227 probitas
2788 4165 2953 4227 atque
3003 4157 3236 4212 libertas
3284 4158 3385 4211 tibi
3432 4174 3552 4212 ma-

1978 4249 2153 4303 nebit.

363 4332 627 4401 Σωκράτ.
661 4363 735 4374 —
792 4335 853 4388 Ὀ
897 4335 996 4407 μὲν
1042 4336 1308 4399 ἑκουσίως
1347 4336 1738 4408 ταλαιπωρῶν,
1783 4337 1870 4390 ἐπ’

2049 4336 2257 4393 Socrat.
2289 4368 2357 4378 —
2378 4337 2485 4404 Qui
2534 4347 2733 4406 Sponte
2771 4337 2825 4391 in
2856 4336 3122 4391 :erumnis
3155 4345 3410 4391 versatur
3444 4352 3554 4407 qua

289 4419 471 4491 ἀγαθῇ
497 4419 672 4474 ἐλπίδι
702 4422 881 4475 πονῶν
909 4423 1259 4495 εὐφραίνεται
1285 4439 1300 4456 ⁶
1327 4425 1383 4478 al
1422 4425 1480 4478 δὲ
1525 4425 1870 4497 ῥᾳδιουργίαι

1978 4444 2075 4499 spe
2098 4429 2243 4483 bona
2286 4427 2537 4492 fulcitur,
2590 4427 2646 4481 in
2699 4427 2988 4481 laboribus
3010 4426 3245 4481 laetatur.
3293 4426 3416 4480 Otia
3453 4442 3556 4481 au-

289 4512 387 4564 καὶ
420 4511 484 4563 ἐκ
534 4508 630 4564 τοῦ
673 4513 1018 4585 παραχρῆμα
1055 4513 1261 4585 ἡδοναὶ,
1315 4513 1439 4568 οὔτε
1492 4513 1743 4586 σώματος
1783 4517 1870 4567 εύ-

1970 4514 2093 4569 ’ῑοηι
2129 4522 2186 4568 et
2227 4513 2606 4569 tumultuariae
2642 4514 2957 4582 voluptates
3004 4527 3069 4566 ac
3116 4510 3399 4577 libidines,
3452 4527 3555 4568 nec

289 4599 444 4666 εξίαν
488 4600 671 4655 ἱκαναί
700 4603 839 4655 εἰσιν
878 4603 1229 4674 ἐργάξεσθαι,
1263 4602 1389 4658 οὔτε
1429 4604 1609 4676 ψυχῆς
1644 4605 1870 4677 ὲπιστήο

1982 4607 2187 4662 bonam
2238 4606 2491 4675 corporis
2548 4605 2932 4659 habitudinem
2992 4614 3256 4675 praestare
3301 4618 3552 4674 possunt,

293 4708 408 4762 μην
430 4689 713 4760 ἀξιόλογον
743 4691 1003 4762 οὐδεμίαν
1032 4694 1380 4763 ἐμποιοῦσιν.

1981 4714 2087 4751 nec
2118 4695 2288 4750 animi
2318 4695 2608 4750 scientiam
2649 4695 2818 4749 ullam
2848 4695 3194 4765 ingenerant,
3226 4710 3349 4765 qua:
3377 4695 3556 4750 alicu-

1976 4789 2069 4859 jus
2099 4787 2265 4858 pretii
2297 4786 2575 4840 videatur.

366 4871 629 4943 Θεαγοῧς
658 4874 1090 4942 Πυθαγορείου.
1125 4903 1196 4913 —
1223 4873 1298 4926 Τὸ
1333 4875 1431 4944 μὲν
1462 4875 1740 4940 ἀκούσιον,
1774 4877 1870 4930 οὐκ

2058 4879 2274 4948 Theagis
2303 4878 2642 4948 Pythagorei.
2663 4876 2901 4944 ——Quod
2929 4877 3382 4941 involuntarium,
3408 4874 3553 4930 haud

288 4963 424 5018 ἄνευ
446 4959 625 5035 λύπης
640 4964 736 5017 καὶ
756 4963 944 5032 φόϐον
967 4963 1027 5017 τὸ
1052 4963 1108 5018 δὲ
1127 4964 1397 5028 ἑκούσιον,
1419 4965 1521 5018 οὐκ
1537 4965 1663 5019 ἄνευ
1683 4967 1870 5037 ἡδονῆς

1982 4968 2174 5028 dolore
2203 4978 2467 5037 metuque
2512 4976 2701 5033 caret;
2758 4969 2905 5038 quod
2936 4980 3118 5023 autem
3155 4968 3553 5033 voluntarium,

289 5055 391 5108 καὶ
422 5053 848 5125 φιλοφροσύνης.
1514 5104 1535 5116 ,

1985 5062 2324 5131 voluptatem
2354 5075 2418 5114 ac
2448 5060 2694 5115 laetitiam
2718 5062 2977 5116 comitem
3017 5062 3206 5116 habet.

1836 5168 2068 5226 NOTE.

369 5256 444 5328 (Β)
491 5257 736 5342 Tnario
797 5257 1517 5342 κεχειρωμένους.υηωεξι
1565 5261 1658 5342 hic
1691 5278 1864 5342 "aqua

1974 5267 2204 5342 mueris,
2251 5283 2315 5342 ac
2372 5268 2666 5342 tantispeu
2697 5269 3007 5342 delinieris,
3064 5278 3197 5342 tunc
3244 5268 3460 5339 placide
3487 5284 3555 5342 ao

285 5326 459 5409 Gesn.
498 5341 603 5409 nec
628 5327 789 5381 aliter
810 5326 1055 5409 espedit.
1080 5343 1246 5409 quam
1289 5327 1549 5392 dicendo,
1580 5332 1636 5409 in
1683 5326 1864 5387 Graeco
1972 5336 2091 5391 sine
2117 5326 2351 5409 strepitu
2377 5326 2737 5409 dimitiendos
2766 5355 2908 5394 esse.
2936 5326 3014 5393 Eo
3037 5339 3184 5391 enim
3241 5326 3450 5406 spectat
3473 5340 3553 5402 τὸ,

289 5397 533 5479 additur,
561 5396 754 5479 ἔπειτα
781 5397 876 5450 καὶ
904 5396 1297 5479 χειρωμένους·
1348 5414 1452 5453 nos
1485 5400 1650 5468 paulo
1671 5416 1864 5479 emen-

1976 5396 2434 5479 κεχειρωμένους.
2473 5407 2589 5479 Hoc
2614 5424 2747 5465 sane
2799 5409 3210 5479 philosophum,
3237 5396 3297 5461 ιιί
3343 5424 3449 5479 nec
3499 5396 3553 5464 in

286 5466 478 5549 ἀεξίυε
509 5481 600 5549 εξ,
627 5465 766 5549 lia“:
828 5465 1266 5549 Ξίεκέιρωμένους
1312 5465 1666 5549 ῐξθειέθῃξυε
1729 5472 1883 5549 adco.
1980 5465 2689 5549 ips'o‘discessu'gravioris
2719 5465 2930 5549 aliquid
2965 5465 3233 5533 tu'multus
3255 5490 3351 5533 aut
3375 5478 3554 5533 oﬂ‘eu-

286 5535 525 5606 arduus.
558 5535 689 5590 Vult
710 5535 999 5606 nimirum,
1028 5551 1172 5606 quos
1223 5537 1306 5591 sic
1341 5537 1397 5590 in
1428 5536 1691 5591 familiam
1725 5542 1868 5594 asci-
1979 5535 2151 5601 sionis
2183 5545 2328 5600 domi
2361 5535 2596 5601 acvcidai,

286 5605 445 5659 veris
470 5605 691 5674 sintque
724 5604 849 5659 duri
881 5620 945 5660 ac
973 5604 1277 5675 pervicacis
1322 5606 1549 5678 ingenii,
1588 5610 1680 5663 ubi
1735 5610 1870 5664 cdo-
