4066 6150
395 226 505 291 975

1526 220 1587 280 S.
1632 218 1919 278 ΜΑΧΙΜΙ
1960 217 2467 278 CONFESSORIS

3543 226 3656 286 976

465 337 673 393 Basilii.
709 335 934 390 --—Cum
992 334 1148 387 bruta
1196 342 1458 403 mutaque
1505 334 1802 387 animantia
1856 347 1959 385 suae

2142 336 2356 388 Βασιλ.
2389 364 2459 374 -
2488 335 2550 388 El
2584 335 2650 389 τὰ
2681 336 2849 404 ἄλογα
2872 337 3196 405 ὲπινοητικὰ
3216 339 3310 392 καὶ
3330 340 3654 408 φυλακτικὰ

392 430 686 485 consulant
714 424 877 481 saluti
908 423 1123 492 sibique
1156 425 1379 478 solertia
1408 432 1746 489 caveant,ac
1771 422 1959 491 piscis,

394 519 530 590 quid
560 517 666 574 sibi
698 513 1143 586 prosequendum
1171 553 1186 577 ,
1248 514 1452 583 quidve
1497 513 1818 583 fugiendum
1851 511 1961 577 sit,

393 626 506 667 non
534 610 771 674 nesciat;
819 606 953 676 quid
987 621 1088 660 nos
1114 605 1319 660 dicturi
1356 620 1567 670 sumus,
1618 604 1712 673 qui
1754 603 1962 658 doctri-

392 702 481 755 nis
516 698 741 760 exculti,
799 696 1014 767 legibus
1064 695 1346 759 instituti,
1398 694 1687 765 promissis
1722 694 1960 759 invitati,

393 784 604 860 Spiritu
628 786 832 852 edocti,
867 788 1034 841 mutis
1069 794 1251 840 tamen
1275 784 1518 853 piscibus
1544 798 1574 835 a
1600 782 1813 836 ratione
1848 797 1965 836 ser-

391 879 684 948 monisque
722 878 875 932 cultu
902 878 1099 947 [magis
1140 874 1331 939 alieni,
1388 874 1497 945 legi
1550 873 1751 928 cedere
1805 889 1963 927 recu-

390 978 577 1025 Samus
602 965 630 1020 Ἰ

465 1054 611 1109 Fieri
641 1068 753 1107 non
793 1061 978 1123 potest
1003 1060 1065 1107 ut
1088 1054 1135 1108 is
1156 1053 1391 1106 salutem
1435 1058 1811 1121 consequatur
1865 1050 1960 1120 qui

391 1144 489 1201 Dei
504 1144 760 1199 mandata
789 1159 898 1198 non
922 1143 1259 1209 servaverit;
1286 1159 1388 1197 nec
1408 1144 1851 1213 vacatpericulo.
1875 1142 1962 1196 vel

390 1250 562 1317 unum
586 1237 720 1308 quid
743 1251 935 1291 eorum
966 1251 1088 1305 qua:
1113 1235 1274 1289 nobis
1294 1234 1405 1288 sint
1424 1240 1696 1303 praecepta
1717 1232 1962 1303 neglige-

391 1345 470 1385 re.
488 1327 683 1383 Gravis
702 1328 849 1381 enim
871 1326 1037 1381 elatio
1058 1332 1163 1389 est,
1180 1330 1242 1378 ut
1261 1324 1379 1394 ejus
1402 1323 1498 1392 qui
1514 1324 1691 1392 legem
1716 1322 1841 1375 tulit
1858 1320 1959 1389 ipsi

372 1419 601 1489 ‘judices
616 1417 924 1481 sedeamus,
938 1416 1151 1484 aliaque
1167 1415 1287 1485 ejus
1301 1413 1437 1467 scita
1450 1413 1836 1482 approbemus,
1855 1412 1960 1464 alia

391 1508 767 1578 improbemus
786 1522 850 1560 ac
868 1505 1205 1575 rejiciamus.
1234 1503 1371 1558 Cum
1404 1503 1553 1556 enim
1586 1510 1837 1571 oporteat
1861 1500 1959 1555 Dei

389 1598 667 1652 hominem
689 1595 992 1666 perfectum
1013 1608 1155 1658 esse,
1180 1593 1407 1681 omni/no
1427 1606 1653 1647 necesse
1678 1601 1761 1646 est
1779 1595 1833 1643 ιιι
1860 1606 1958 1660 per

2074 425 2174 495 τῆς
2205 427 2385 481 αὐτῶν
2411 428 2685 498 σωτηρίας
2714 430 2841 490 εἰσὶ,
2875 430 2968 483 καί
2999 424 3107 482 οἶδε
3136 431 3197 484 τὸ
3224 430 3443 501 αἱρετὸν
3476 432 3651 486 αὑτοῦ

2072 519 2169 571 καὶ
2209 520 2270 572 τὸ
2318 521 2551 588 φευκτὸν
2599 521 2752 591 ίχθύς
2779 537 2793 551 ο
2822 522 2877 574 τί
2913 522 3149 593 ἐροῦμεν
3194 526 3354 594 ἡμεῖς
3383 526 3435 578 οἱ
3461 526 3652 592 λόγοις

2069 612 2440 679 τετιμημένοι.
2479 612 2573 665 καὶ
2601 613 2787 682 νόμοις
2816 613 3258 683 πεπαιδευμένοι,
3288 615 3653 684 ἐπαγγελίαις

2071 700 2478 770 προτραπέντες
2504 742 2518 765 ,
2581 701 2862 770 Πνεύματι
2913 702 3303 771 σοφισθέντες·
3354 700 3476 757 εἶτα
3533 706 3651 757 τῶν

2071 790 2279 858 ἀλόγων
2312 790 2510 860 ἰχθύων
2536 791 2875 860 ἀλογώτερον
2908 792 2976 845 τὰ
3009 793 3131 845 καθ’
3156 792 3381 857 ἑαυτοὺς
3409 793 3651 849 διατιθέ-

2073 896 2245 950 μενοι,
2283 882 2360 952 μὴ
2388 882 2697 950 πειθόμενοι
2724 882 2800 953 τῷ
2825 883 2977 954 νόμῳ
3002 883 3251 937 ὑπείκειν
3276 892 3293 950 ;

2142 1031 2216 1084 Οὐ
2246 1031 2473 1085 δυνατὸν
2503 1032 2741 1101 σωθῆναι
2775 1032 2849 1102 μὴ
2881 1031 3141 1085 ποιοῦντα
3166 1031 3238 1084 τὰ
3269 1014 3399 1085 κατδ
3420 1032 3647 1102 ἐντολὴν

2066 1121 2338 1175 τοῦ-Θεοῦ
2383 1122 2520 1191 ἔργα
2557 1138 2569 1152 ·
2596 1121 2721 1175 οὔτε
2762 1122 2824 1174 τδ
2863 1121 3112 1191 παριδεῖν
3156 1138 3209 1173 τι
3247 1121 3356 1174 τῶν
3402 1139 3644 1193 προστε-

2069 1214 2356 1284 ταγμένων
2400 1214 2701 1269 άκξνδυνον.
2731 1212 2888 1283 Δεινὴ
2936 1213 3046 1283 γὰρ
3082 1214 3116 1282 ἡ
3159 1212 3411 1284 ἔπαρσις,
3447 1213 3646 1284 κριτὰς

2069 1304 2217 1374 ἡμᾶς
2246 1301 2341 1356 τοῦ
2384 1302 2671 1373 νομοθέτου
2712 1300 3061 1364 καθέζεσθαι,
3105 1299 3201 1352 καὶ
3243 1300 3372 1363 τοὺς
3405 1301 3504 1371 μὲν
3544 1302 3643 1367 ὲγ-

2069 1393 2277 1463 κρίνειν
2309 1391 2418 1446 τῶν
2449 1392 2648 1462 νόμων,
2679 1392 2806 1453 τοὺς
2831 1391 2888 1443 δὲ
2913 1388 3406 1459 παραπέμπεσθαι.
3432 1391 3495 1442 Et
3529 1392 3642 1461 γὰρ

2068 1484 2150 1536 δεῖ
2192 1482 2400 1536 τέλειον
2431 1478 2573 1535 εἶναι
2610 1480 2701 1533 τὸν
2751 1479 2846 1535 τοῦ
2890 1479 3026 1532 Θεοῦ
3082 1479 3392 1547 ἄνθρωπον,
3422 1481 3639 1549 ἀνάγκη

2071 1576 2223 1629 πᾶσα
2258 1573 2346 1627 διά
2380 1572 2562 1642 πάσης
2587 1569 2811 1639 ἐντολῆς
2845 1569 3294 1640 καταρτισθῑψαι,
3323 1571 3405 1633 είς
3437 1570 3641 1640 μέτρον

390 1701 552 1742 omne
580 1685 1013 1751 mandatum,'in
1035 1657 1346 1739 mensuram
1367 1693 1589 1738 staturae
1606 1683 1959 1753 plenitudinis

2069 1662 2284 1733 ἡλικίας
2324 1661 2418 1715 τοῦ
2470 1659 2842 1731 πληρώματος
2876 1657 2970 1711 τοῦ
2989 1658 3258 1753 ,Χριστοῦ
3290 1674 3306 1690 ·
3340 1660 3463 1712 ἐπεὶ
3496 1660 3640 1713 κατὰ

387 1775 594 1832 Christi
638 1774 853 1847 (Ephes.
916 1791 991 1838 tv,
1038 1775 1104 1827 15
1130 1772 1174 1843 ),
1214 1773 1585 1843 perﬁciatur:
1626 1770 1848 1841 quando
1895 1786 1963 1824 ex

390 1864 576 1919 divina
600 1864 740 1933 lege,
795 1878 1109 1932 quanquam
1144 1861 1412 1916 mundum
1440 1871 1526 1916 est
1559 1860 1707 1931 quod
1760 1861 1963 1915 immo-

390 1957 534 2010 latur
565 1953 695 2026 [nisi
729 1954 1037 2023 perfectum
1069 1968 1133 2007 ac
1194 1950 1496 2023 integrum]
1538 1958 1824 2020 acceptum
1850 1950 1964 2004 Deo

391 2048 448 2103 in
473 2044 806 2101 sacrificium
832 2058 941 2098 non
973 2044 1245 2098 habeatur
1282 2042 1469 2113 (Leuit.
1512 2056 1641 2107 χιιι,
1672 2041 1786 2112 29).

464 2132 723 2204 Theologi.
755 2163 826 2172 —
850 2132 908 2187 Si
932 2132 1081 2202 quod
1113 2144 1356 2197 eramus,
1412 2145 1925 2200 persevaressemus
1945 2169 1960 2195 ,

390 2234 555 2295 atque
584 2223 902 2279 mandatum
927 2237 1322 2288 servassemus,
1352 2221 1405 2276 id
1428 2220 1575 2291 quod
1611 2235 1721 2275 non
1743 2235 1964 2275 eramus

393 2315 579 2384 utique
612 2314 948 2369 exstitissem
958 2327 1040 2368 us.

443 2404 688 2459 Dulcius
715 2404 869 2478 quid.
893 2413 978 2458 est
1012 2402 1200 2458 doceri
1247 2402 1316 2458 de
1346 2401 1481 2467 Deo,
1532 2417 1698 2472 quam
1735 2401 1959 2457 docere.

462 2587 658 2643 Verbis
700 2587 924 2657 quidem
965 2602 1148 2657 parce,
1204 2585 1466 2655 operibus
1515 2594 1700 2639 autem
1742 2583 1963 2638 abunde

388 2679 650 2749 pietatem
667 2677 964 2747 prodentes
988 2694 1002 2741 ;
1033 2678 1327 2747 legumque
1344 2675 1529 2744 potius
1552 2676 1961 2741 observatione,

390 2784 559 2839 quam
609 2766 758 2837 quod
806 2767 1177 2835 legislatorem
1231 2764 1612 2830 admiremur,
1662 2766 1870 2819 amoris
1906 2766 1962 2818 in

388 2875 519 2916 eum
545 2858 801 2913 all‘ectum
829 2856 1207 2910 ostendamus.

461 2949 702 3020 Legibus
750 2946 1030 3016 subjectus
1077 2961 1139 2999 es
1168 2961 1232 3000 ac
1276 2946 1579 3000 Dominicis
1613 2946 1841 3016 regulis,
1894 2964 1963 3002 ex

2062 1753 2155 1806 τὸν
2202 1750 2349 1805 θετον
2390 1750 2554 1820 νόμον
2593 1748 2698 1802 κᾶν
2723 1742 3019 1820 καθαρὸνῇ
3046 1745 3139 1799 τὸν
3165 1746 3514 1816 τελούμενον,
3548 1747 3639 1819 [ἂν

2067 1843 2143 1915 μὴ
2164 1844 2365 1897 τέλειον
2390 1841 2484 1896 καὶ
2504 1838 2695 1910 όλόκλη
2704 1836 2843 1911 ρον,]
2856 1836 3221 1907 άπρόσδεκτον
3245 1837 3322 1907 (q)
3348 1838 3428 1902 είς
3444 1837 3640 1893 θυσίαν

2062 1932 2140 2003 τῷ
2168 1933 2306 2003 Θεῷ.
2568 1948 2569 1951 ‘

2136 2101 2450 2169 Θεολόγου.
2482 2129 2551 2142 -—
2579 2099 2643 2153 Εί
2678 2098 2778 2169 μὲν
2808 2095 2904 2151 οὖν
2936 2095 3233 2168 ἐμείναμεν
3280 2098 3421 2168 ὅπερ
3468 2091 3635 2168 ἦμεν,

2064 2193 2159 2247 καὶ
2186 2193 2286 2264 τὴν
2317 2190 2537 2262 ἐντολὴν
2562 2189 2928 2260 ἑφυλάξαμεν,
2951 2187 3254 2257 ἐγενόμεθα
3274 2186 3342 2241 ἂν
3366 2189 3504 2259 ὅπερ
3535 2190 3636 2261 οἴῃς

2148 2303 2225 2340 εν.

2148 2303 2173 2339 ε
2213 2326 2225 2339 .

2062 2282 2231 2439 ἦμῖἶς
2294 2375 2444 2447 ἥδιόν
2510 2393 2563 2429 τι
2635 2375 2933 2446 μανθάνειν
2965 2416 2982 2442 ,
3045 2370 3080 2446 ἢ
3146 2374 3425 2431 διδάσκειν
3500 2376 3632 2446 περὶ

2063 2466 2222 2521 Θεοῦ.
3156 2472 3169 2490 ⁸

2133 2559 2293 2629 Λόγῳ
2345 2555 2447 2630 μὲν
2509 2557 2860 2621 εύσεδοῦντες
2918 2556 3096 2625 ὀλίγα,
3130 2556 3280 2629 ἔργῳ
3329 2558 3384 2611 δὲ
3437 2558 3619 2610 πλείο-

2064 2670 2131 2706 να
2159 2668 2172 2683 ·
2244 2654 2340 2707 καὶ
2392 2654 2460 2722 τῇ
2520 2651 2753 2722 τηρήσει
2805 2649 2913 2703 τῶν
2964 2650 3146 2720 νόμων
3210 2650 3423 2720 μᾶλλον,
3456 2649 3490 2719 ἢ
3542 2649 3623 2719 τῷ

2065 2743 2367 2813 θαυμάζειν
2413 2743 2504 2796 τὸν
2556 2741 2874 2811 νομοθέτην,
2894 2740 2954 2793 τὸ
2998 2742 3126 2811 περὶ
3177 2742 3340 2794 αὑτὸν
3395 2740 3616 2810 φίλτρον

2064 2832 2336 2888 ὲπιδεικνύ
2343 2849 2518 2903 μενοι.

2133 2925 2340 2995 Νόμοις
2398 2923 2689 2976 ύπόκεισαι
2734 2920 2829 2975 καὶ
2875 2921 3067 2975 κανόσι
3102 2920 3473 2986 Δεσποτικοῖς,
3510 2920 3633 2975 καθ’

388 3059 626 3115 quarum
653 3056 846 3095 norma
881 3039 1047 3093 vitam
1091 3047 1141 3092 te
1168 3052 1498 3108 componere
1545 3040 1822 3093 convenit.
1862 3042 1959 3095 At-

2067 3016 2160 3081 ούς
2213 3032 2273 3069 σε
2311 3016 2576 3087 προσήκει
2618 3012 2737 3085 ζῇν.
2766 3013 2880 3067 Καὶ
2912 3012 3070 3067 τοῦτο
3106 3012 3214 3066 ἀπὸ
3243 3013 3446 3068 σαυτοῦ
3479 3015 3632 3084 πρῶ-

391 3149 503 3205 que
541 3133 594 3188 id
629 3131 868 3201 primum
893 3145 962 3184 ex
993 3129 1170 3199 teipso
1197 3129 1508 3194 considera,
1538 3130 1716 3198 ipsum
1743 3146 1961 3200 quoque

393 3225 637 3279 animum
672 3232 827 3276 tuum
860 3220 1410 3290 virtutis’praaceptis
1441 3220 1685 3289 undique
1709 3237 1829 3276 esse
1860 3222 1961 3276 ob-

392 3311 639 3368 noxium.
671 3309 884 3380 Corpus
910 3309 1076 3364 etiam
1134 3310 1254 3379 ejus
1283 3310 1376 3379 qui
1410 3310 1677 3374 condidit,
1708 3326 1940 3366 munere

391 3399 671 3470 accepisti,
711 3400 955 3468 quinque
986 3398 1243 3453 sensibus
1293 3398 1362 3452 ad
1414 3400 1539 3453 vita:
1580 3400 1770 3454 munia
1807 3415 1961 3455 com-

392 3491 688 3545 munitum.
725 3491 802 3544 Ac
827 3506 896 3545 ne
917 3490 955 3544 ii
994 3490 1219 3560 quidem
1255 3490 1418 3544 liberi
1445 3498 1598 3556 sunt,
1631 3491 1830 3560 suique
1862 3507 1961 3561 pe-

390 3581 541 3635 nitus
561 3580 723 3651 juris,
754 3580 851 3634 sed
877 3580 1078 3650 singuli
1117 3580 1336 3651 legibus
1366 3582 1683 3650 mancipati.
1713 3582 1963 3637 Primus-

389 3686 497 3740 que
527 3671 584 3725 in
605 3671 686 3725 eis
706 3670 860 3724 audit
891 3671 1085 3725 oculus
1113 3689 1126 3723 ε
1163 3671 1317 3737 Vide,
1349 3672 1550 3741 inquit,
1597 3680 1654 3727 et
1692 3680 1961 3727 eontuere

391 3778 513 3831 quae
540 3761 657 3816 \isu
681 3762 911 3816 honesta
936 3762 1075 3827 sint;
1100 3772 1359 3830 praestare
1382 3762 1513 3817 item
1542 3763 1720 3832 ipsum
1738 3778 1958 3829 eruere,

392 3853 485 3907 ubi
519 3853 808 3907 inhoneste
831 3861 888 3906 et
916 3868 1039 3921 qua:
1071 3854 1235 3907 noxia
1264 3854 1400 3918 sint,
1435 3855 1716 3923 aspexerit
1748 3854 1959 3923 (Matth.

389 3957 538 4008 xvm,
558 3942 635 4012 9).
678 3940 844 3996 Auris
881 3956 1102 4011 quoque
1145 3942 1201 3996 in
1243 3941 1521 3995 mandatis
1564 3942 1763 4008 habet;
1794 3942 1963 3997 habet

386 4040 445 4088 et
468 4032 631 4104 667
663 4033 852 4101 lingua
885 4048 950 4087 ac
972 4032 1229 4087 similiter
1251 4047 1450 4087 sensus
1481 4031 1703 4101 reliqui.

342 4168 349 4175 .
454 4122 568 4179 Nec
583 4124 901 4193 navigantes
920 4130 1100 4175 tutum
1117 4130 1202 4176 est
1232 4132 1386 4176 extra
1413 4129 1633 4189 portum
1661 4121 1958 4190 appellere,

386 4228 490 4269 nec
562 4225 712 4269 caret
767 4213 1036 4283 periculo,
1070 4211 1164 4281 qui
1194 4214 1401 4277 vivant,
1433 4220 1585 4265 extra
1613 4212 1961 4282 disciplinam

385 4322 592 4362 vivere.

458 4397 618 4467 Leges
646 4395 945 4467 obseruans,
978 4398 1173 4467 metum
1200 4390 1347 4467 fore:
1388 4392 1583 4467 mittes;

454 4459 553 4522 Ab-
580 4482 639 4519 eo
659 4467 797 4518 enim
820 4463 1067 4517 immunis
1100 4459 1207 4525 est,
1225 4460 1460 4531 quisquis
1490 4459 1626 4529 leges
1656 4469 1847 4515 servat.

456 4580 577 4635 Duo
600 4587 730 4633 sunt
772 4552 976 4647 qu‘ibus
1019 4576 1280 4644 regimur,
1321 4582 1517 4628 natura
1541 4581 1596 4628 et
1622 4574 1743 4638 lex;
1785 4575 1957 4632 vincit

387 4681 572 4729 autem
603 4674 781 4744 legem
814 4682 1033 4728 natura.

455 4763 642 4836 Chrys.
661 4795 733 4805 —
752 4764 981 4820 Peecata
1009 4777 1078 4817 ex
1108 4761 1438 4817 necessitate
1461 4761 1757 4816 commissa
1786 4760 1956 4816 etiam

386 4856 537 4927 leges
560 4857 740 4912 solent
774 4855 1129 4931 condonare.‘

456 4948 663 5018 Legum
694 4963 867 5017 genus
893 4947 1114 5016 triplex:
1161 4946 1249 4999 lex
1308 4954 1538 5009 naturae,
1603 4945 1690 4999 lex
1736 4946 1955 5015 scripta

389 5039 557 5109 Moysi
586 5038 807 5103 tradita,
839 5046 894 5093 et
914 5024 1001 5091 les
1036 5036 1242 5107 gratim.

2061 3125 2154 3163 τον
2217 3108 2578 3177 κατανόησον,
2611 3108 2694 3161 δτι
2749 3105 2844 3159 καὶ
2896 3106 2930 3175 ἡ
2975 3105 3119 3175 ψυχή
3152 3122 3245 3157 σου
3293 3106 3636 3175 πανταχόθεν

2062 3204 2170 3264 τοῖς
2202 3201 2303 3271 τῆς
2338 3199 2541 3270 ἀρετῆς
2567 3198 2850 3251 ὑπόκειται
2892 3194 3367 3265 παραγγέλμασιν.
3400 3196 3636 3261 Ἔλαδες

2063 3293 2157 3344 κα)⁵
2186 3291 2348 3359 σῶμα
2374 3294 2527 3360 παρὰ
2547 3287 2640 3341 τοῦ
2668 3278 2986 3351 κτίσαντος,
3012 3285 3173 3338 πέντε
3200 3285 3524 3357 αἰσθήσεσιν
3554 3289 3638 3351 είς

2062 3381 2161 3445 τὰς
2206 3381 2306 3450 τῆς
2360 3381 2505 3450 ζωῆς
2545 3378 2731 3450 χρείας
2757 3376 3231 3447 οίκονομούμενον.
3270 3377 3394 3429 Εἰσὶ
3418 3378 3477 3430 δὲ
3504 3378 3634 3432 οὐδὲ

2063 3469 2231 3527 αὗται
2279 3471 2556 3543 ἐλεύθεροι
2600 3473 2695 3526 καὶ
2726 3473 3013 3541 αὐτόνομοι
3037 3486 3052 3501 ’
3086 3471 3201 3525 ἀλλ’
3234 3472 3437 3542 ἑκάστη
3471 3472 3638 3543 δούλη

2062 3567 2243 3635 νόμων
2268 3564 2405 3619 ἐστί.
2441 3565 2552 3619 Καὶ
2580 3563 2796 3639 πρῶτος
2829 3562 3019 3617 ἀκούει
3047 3564 3075 3616 ὁ
3103 3562 3407 3632 ὀφθαλμός.
3433 3563 3638 3628 Βλέπε,

2065 3658 2250 3728 φησὶν,
2284 3657 2379 3710 καὶ
2427 3655 2625 3727 θεώρει
2666 3655 2702 3709 ἃ
2763 3654 2982 3724 βλέπειν
3027 3652 3193 3705 καλόν
3225 3669 3238 3681 ⁸
3274 3654 3390 3716 καὶ,
3419 3652 3640 3721 βέλτιον

2064 3749 2353 3802 ἐκκόπτειν
2382 3746 2566 3810 αὑτὸν,
2598 3746 2726 3799 ὅταν
2748 3742 2959 3798 ἄτακτα
2996 3743 3167 3814 βλέπῃ
3191 3742 3287 3796 καὶ
3332 3741 3636 3814 ἐπιζήμια.
3716 3810 3721 3813 τ

2070 3838 2222 3907 Ἔχει
2253 3837 2348 3891 καὶ
2371 3837 2405 3907 ἠ
2429 3835 2567 3907 ἀκοὴ
2598 3834 2994 3906 παράγγελμα,
3023 3833 3119 3887 καὶ
3144 3834 3178 3903 ή
3203 3832 3425 3901 γλῶσσα
3456 3835 3552 3887 καὶ
3579 3837 3641 3887 αἱ

2063 3929 2250 3983 λοιπαὶ
2271 3928 2498 4000 ὁμοίως.

2134 4110 2272 4164 Οῠτε
2317 4109 2579 4171 πλέοντας
2611 4106 2763 4179 παρὰ
2807 4106 2972 4160 τόπον
2997 4104 3188 4175 όρμεῖν
3224 4102 3487 4173 ἀσφαλὲς,
3510 4102 3643 4157 οὔτε

2065 4203 2272 4269 ζῶντας
2293 4201 2445 4273 παρὰ
2471 4200 2636 4271 νόμον
2666 4198 2816 4271 βιοῦν
2845 4196 3145 4251 ἀκίνδυνον.
3222 4269 3232 4287 ι

2142 4375 2378 4441 Νόμους
2404 4368 2741 4441 φυλάττωῖ,
2768 4366 3153 4441 τοὺς-φόβους
3172 4361 3566 4441 ἕεςιζβειλείς*

2144 4431 2336 4499 Φάδου
2356 4431 2468 4511 ῖγᾶρ
2487 4439 2603 4503 ἔξω
2624 4431 2742 4503 πᾶς
2762 4439 2796 4490 ό
2826 4431 2945 4489 τοῦ*
2961 4434 3150 4502 νόμου
3179 4431 3382 4500 φύλαξ
3386 4476 3404 4493 ,

2135 4556 2238 4610 Δύο
2277 4555 2374 4626 μὲν
2423 4553 2491 4606 τὰ
2528 4551 2782 4618 διάγοντα
2810 4547 2959 4618 ἡμᾶς
2989 4545 3104 4598 ἐστι
3133 4560 3145 4572 ·
3193 4541 3355 4611 φύσις
3389 4544 3487 4596 καὶ
3548 4540 3645 4597 νό-

2068 4665 2166 4718 μσς
2201 4661 2214 4675 '
2244 4645 2438 4715 κρατεῖ
2462 4642 2519 4695 δὲ
2545 4640 2640 4693 τοῦ
2669 4637 2836 4709 νόμου
2866 4638 2899 4706 ἡ
2932 4635 3112 4704 φύσις.

2138 4741 2436 4806 Χρυσοστ.
2473 4762 2542 4772 -
2578 4732 2755 4784 Ἴσασι
2783 4727 2873 4781 καὶ
2906 4724 2955 4778 οί
3001 4724 3153 4794 νόμοι
3197 4723 3267 4775 τὰ
3294 4722 3355 4786 ἐξ
3397 4722 3650 4796 ἀνάγκης

1994 4874 1997 4879 .
2071 4820 2464 4890 συγγινώσκειν
2490 4817 2711 4889 άμαρτή
2722 4831 2886 4886 ματα.

2137 4926 2266 4997 Εῐδη
2297 4926 2402 4978 τῶν
2430 4924 2606 4993 νόμων
2630 4922 2776 4992 τρία·
2806 4918 2967 4989 νόμος
2991 4919 3020 4970 ό
3043 4916 3139 4985 τῆς
3164 4914 3400 4984 φύσεως,
3428 4914 3596 4985 νόμος
3619 4916 3652 4967 ὁ

2069 5018 2163 5072 τοῦ
2214 5017 2560 5087 γράμματος,
2584 5016 2612 5068 ὀ
2653 5013 2732 5083 τῷ
2775 5011 2999 5071 Μωῦσεῖ
3042 5007 3219 5070 δοθεὶς
3244 5046 3258 5072 ,
3287 5008 3450 5076 νόμος
3480 5007 3508 5059 ὀ
3546 5005 3651 5076 τῆς

2070 5113 2314 5182 χάριτος.

1896 5244 2125 5301 NOTAE.

462 5369 538 5437 (q)
588 5369 712 5423 Κᾶν
736 5369 1017 5435 καθαρὸν,
1071 5365 1504 5433 ἁπρόσδεκιέον.
1559 5364 1725 5437 Quod
1748 5365 1837 5437 vel
1862 5364 1959 5418 de-

391 5435 684 5503 uideretur,
741 5440 829 5492 vel
881 5438 1219 5491 insinuatum
1267 5437 1469 5491 Basilio
1526 5436 1616 5499 sit,
1666 5435 1863 5505 adjeci,
1893 5450 1956 5487 ac

391 5509 640 5575 clausum
704 5516 1057 5575 repraesento;
1127 5507 1311 5560 Palam
1372 5507 1519 5559 enim
1571 5515 1689 5571 est,
1747 5505 1954 5575 referre

394 5573 574 5633 Levit.
605 5589 734 5639 χχιι,
766 5573 855 5639 ‘25,
892 5575 984 5628 ubi
1020 5576 1302 5645 integritas
1347 5576 1525 5640 vituli,
1564 5586 1623 5631 ut
1651 5577 1725 5631 sit
1771 5574 1953 5628 hostia

1688 5866 1734 5893 ο

2067 5332 2312 5431 accepta,
2339 5358 2937 5434 deserib_itur,_prreter
2962 5354 3087 5434 ejus.
3108 5351 3360 5434 ἄμωμον,
3387 5348 3649 5434 quodest

2062 5426 2295 5500 puriias.
2338 5431 2518 5498 thue
2559 5431 2614 5483 in
2673 5426 2921 5484 vietima,
2968 5426 3129 5500 sic_in
3162 5430 3372 5500 nostra
3399 5426 3646 5500 justitia,

2063 5488 2287 5622 iipcesse
2313 5510 2372 5554 ut
2392 5488 2556 5571 plena
2590 5500 2682 5563 sit,
2717 5505 3023 5563 cunctaque
3049 5490 3297 5560 impleat,
3320 5497 3381 5544 ut
3401 5488 3541 5575 ’ἰξεο
3569 5489 3650 5542 sit

2063 5587 2095 5625 ι)
2123 5579 2285 5625 acuta.

2062 5587 2285 5640 piacula.
