4066 6150
469 319 568 384 ΩΤ]

1760 312 1928 374 ῙὶΟεΙ
1968 310 2410 372 COMMUNES.‘

3597 297 3704 363 9'33

536 431 862 484 Ζαλεύκου.
898 460 966 472 -ι-
989 427 1254 490 Ζάλευκος
1285 427 1314 478 δ
1345 427 1453 480 τῶν
1485 425 1708 496 Λοκρῶν
1739 424 2041 495 νομοθέτης,

2131 468 2136 482 .
2221 425 2507 480 ‘Zaleucus.
2539 456 2608 466 —
2666 426 2932 480 Zaleuens
2981 418 3335 474 Locrensium
3403 413 3705 482 legislator,

463 521 591 584 τοὺς
609 519 806 590 νόμους
817 521 926 582 τοῖς
942 518 1216 589 ἀραχνίοις
1232 513 1382 570 εἴπεν
1399 516 1616 592 ὁμοίους
1629 511 1788 570 εἶναι.
1808 515 1917 569 Καὶ
1931 513 2040 586 γὰρ

466 611 547 675 είς
569 611 752 664 ἐκεῖνα
783 609 880 664 ἐὰν
896 609 1109 680 ἐμπέσῃ
1144 607 1322 678 μυῖαῆ
1346 605 1567 676 κώνωψ,
1593 605 1882 675 κατέχεται
1907 618 1920 632 ·
1946 600 2041 655 ἐὰν
2084 674 2098 684 κ

467 701 526 755 δὲ
559 699 757 771 σφὴξῆ
788 699 1042 770 μέλισσα,
1073 696 1414 768 διαρῤήξασα
1448 695 1762 765 ἀφίσταται.
1812 693 1901 746 Ἐν
1925 693 2040 754 τοῖς

465 793 654 862 νόμοις
715 791 809 846 ἐὰν
873 790 1092 866 ἐμπέσῃ
1155 788 1326 858 πένης
1355 826 1372 852 ,
1437 785 1761 856 συνέχεται*
1831 783 1929 838 ἐὰν
1982 783 2039 836 δὲ

467 881 734 946 πλούσιος
785 881 822 950 ἢ
879 880 1102 944 δυνατὸς
1158 879 1339 948 λέγειν
1367 921 1384 946 ,
1441 875 1742 948 διαρρήξας
1804 873 2038 945 ἀποτρέ-

499 987 572 1027 ει.

499 988 572 1027 ει.
1575 988 1580 990 ·

465 988 500 1042 χ
535 1059 1014 1116 Σόλων.-Σόλων
1036 1058 1335 1131 ἐρωτηθεὶς
1361 1058 1466 1112 ὑπό
1491 1073 1655 1120 τινος,
1692 1055 1814 1118 πῶς
1840 1054 2038 1124 ἄριστα

465 1151 524 1206 αί
571 1150 755 1212 πόλεις
801 1148 1114 1212 οἰκοῦνται,
1173 1148 1314 1220 ἔφη·
1381 1147 1508 1201 Ἐὰν
1566 1147 1665 1216 μὲν
1717 1145 1768 1197 oi
1823 1144 2036 1196 πολῖται

466 1241 582 1303 τοῖς
642 1239 871 1310 ἄρχουσι
925 1237 1221 1298 πείθωνται
1251 1277 1266 1303 ,
1324 1238 1375 1292 oi
1418 1237 1474 1295 δὲ
1527 1235 1928 1307 ἄρχοντεςτοῖς
1952 1233 2038 1286 νό-

471 1348 614 1400 μοις.

535 1419 864 1487 Δημάδους.
884 1421 1090 1485 -Τοϊς
1121 1419 1220 1490 μὲν
1250 1417 1478 1483 δούλοις,
1509 1419 1544 1489 ἡ
1563 1415 1781 1486 ἀνάγκη
1816 1413 1982 1484 νόμος
2018 1429 2031 1442 δ

469 1512 582 1574 τοῖς
607 1510 664 1563 δὲ
686 1509 1010 1581 ἐλευθέροις,
1035 1513 1064 1563 ὁ
1084 1509 1247 1580 νόμος
1267 1509 1503 1577 ἀνάγκη.

551 1599 931 1668 Ἐπικτήτου.
965 1629 1032 1647 σ-
1055 1601 1240 1668 Nouo;
1294 1597 1545 1670 βούλεται
1582 1597 1681 1667 μὲν
1722 1595 2033 1664 εὐεργετεῖν

469 1688 582 1758 βίον
621 1689 926 1761 ἀνθρώπων
962 1709 976 1723 ⁸
1011 1691 1071 1744 οὐ
1098 1690 1324 1744 δύναται
1349 1688 1406 1742 δὲ
1429 1689 1558 1742 ὅταν
1581 1687 1735 1740 αὐτοὶ
1764 1684 2021 1761 sane»-

465 1798 556 1835 ται
587 1759 814 1854 πάσχειν
839 1781 932 1856 (r).
968 1784 1056 1837 Ἐν
1085 1783 1336 1854 γὰρ-τοῖς
1378 1780 1724 1852 πειθομένοις
1764 1759 2036 1832 ’ἐνδείκνυ-

465 1887 556 1924 ται
585 1871 684 1940 τὴν
715 1873 854 1928 ῑδίαν
875 1874 1099 1946 ἀρετήν.

539 1963 750 2039 Ὥσπερ
795 1967 909 2029 τοῖς
959 1963 1208 2020 νοσοῦσιν
1242 1963 1420 2036 ίατροὶ
1460 1963 1726 2035 σωτῆρες,
1756 1963 1904 2017 οὕτω
1941 1964 2036 2018 κού⁸

467 2055 578 2118 τοῖς
604 2054 980 2124 ἀδικουμένοις
1006 2057 1056 2109 οί
1079 2056 1256 2126 νόμοι.

536 2145 712 2216 Νόμοι
738 2145 1168 2218 ἀληθέστατοι.οἰ
1195 2147 1568 2201 δικαιότατοι.

540 2321 712 2391 Νόμῳ
739 2321 852 2378 καὶς
872 2322 1097 2393 ἄρχοντι
1137 2321 1234 2376 καὶ
1277 2319 1356 2392 τῷ
1401 2321 1694 2392 σοφωτέρῳ
1726 2323 1894 2378 εἴκειν
1942 2325 2035 2378 κό-

472 2428 664 2467 σμιον..
1817 2431 1838 2446 ⁹

551 2429 664 2467 ιον..
1817 2431 1838 2446 ο

509 2429 622 2555 μΤόι
667 2501 818 2574 παρὰ
859 2503 1022 2574 νόμον
1053 2502 1338 2574 γινόμενα,
1365 2503 1488 2558 ἀντὶ
1513 2503 1588 2573 μὴ
1621 2504 1922 2574 γινομένων
1956 2506 2036 2558 εί-

375 2609 394 2626 ·
470 2591 576 2646 σίν.

547 2682 807 2752 Δημοσθ.
848 2711 916 2725 —-
961 2683 1312 2755 Δημοσθένης
1348 2684 1377 2736 ὁ
1415 2683 1619 2754 ῥήτωρ·
1655 2683 1782 2756 ἔφη,
1829 2685 2038 2748 πόλεως

468 2769 607 2829 εἶναι
635 2774 735 2844 τὴν
749 2774 948 2846 ψυχὴν,
973 2777 1098 2839 τοὺς
1125 2775 1562 2847 νόμους.Ὥσπερ
1590 2777 1698 2848 γὰρ
1728 2777 1889 2848 σῶμα
1917 2795 2036 2831 στε-

471 2857 634 2932 meto
655 2862 835 2932 ψυχῆς
854 2863 1064 2932 πίπτει,
1085 2862 1226 2918 οὕτω
1249 2865 1342 2918 καὶ
1366 2864 1541 2932 πόλις,
1570 2865 1646 2936 μὴ
1667 2867 1835 2920 ὄντων
1857 2867 2036 2938 νόμων

469 2953 820 3010 καταλύεται.
1707 2969 1724 2978 ’

2141 517 2292 586 leges
2323 515 2500 571 aiebat
2522 530 2848 570 aranearum
2874 512 2999 568 telis
3019 510 3227 565 similes
3253 521 3396 561 esse.
3421 503 3536 558 lllis
3556 504 3706 557 enim

2142 609 2206 662 si.
2231 623 2418 662 musca
2457 607 2542 661 vel
2568 607 2728 662 culex
2761 603 3044 664 inciderit,
3080 599 3396 660 detinetur;
3429 594 3514 648 sin
3543 607 3707 661 vespa

2140 707 2236 754 aut
2259 699 2395 768 apis,
2419 699 2622 752 lacerat
2651 695 2814 750 telam
2829 701 2884 748 et
2909 692 3107 746 avolat.
3137 689 3204 743 Et
3227 686 3284 740 in
3311 685 3479 764 leges,
3503 681 3547 736 si
3577 696 3710 751 pau—

2140 805 2240 860 per
2268 787 2560 854 inciderit,
2591 787 2894 850 detinetur;
2919 783 3007 838 s'm
3030 781 3185 837 dives
3205 777 3480 848 quispiam
3501 781 3598 829 aut
3616 770 3712 828 di-

2139 889 2342 947 sertus,
2378 893 2762 950 perrumpens.
2785 875 2992 932 evadit.
3018 923 3022 926 .

2227 1057 2411 1114 Soton.
2445 1085 2516 1097 --
2547 1055 2738 1119 Solon,
2767 1055 3142 1121 interrogante
3170 1044 3430 1116 quodam,
3465 1038 3710 1106 Quorum

2138 1147 2219 1204 do
2265 1147 2522 1202 civitates
2559 1144 2768 1214 optime
2814 1141 3222 1214 habitarentur,
3255 1133 3436 1190 dixit:
3471 1129 3528 1184 Si
3561 1126 3711 1206 cives

2135 1237 2569 1309 magistratibus,
2602 1235 2958 1306 magistratus
2985 1244 3118 1284 vero
3145 1224 3361 1297 legibus
3399 1221 3711 1288 obsequan-

2139 1335 2257 1381 tur.-

2204 1417 2551 1471 Demadia.—
2579 1413 2764 1470 Servis
2785 1411 3009 1482 quidem
3035 1408 3340 1464 necessitas
3367 1406 3454 1460 lex
3487 1413 3570 1458 est
3593 1419 3606 1466 ;
3644 1401 3714 1456 li-

2135 1507 2286 1563 beris
2325 1514 2537 1569 autem,
2561 1505 2648 1558 lex
2703 1502 3003 1557 necessitas
3029 1499 3266 1554 exsistit.

2203 1597 2534 1668 Epicteti.——
2565 1594 2730 1664 Legis
2750 1607 2954 1663 scopus
2981 1598 3089 1654 est,
3115 1597 3177 1647 ut
3199 1588 3270 1643 de
3307 1585 3596 1641 hominum
3617 1582 3702 1635 vi-

2125 1699 2192 1763 ta
2221 1689 2365 1744 bene
2396 1693 2703 1751 mereatur;
2731 1699 2835 1739 nec
2875 1691 3060 1739 tamen
3099 1685 3305 1752 potest,
3339 1691 3466 1732 cum
3496 1672 3576 1730 illi
3607 1671 3708 1742 ipsi

2138 1778 2280 1838 male
2311 1777 2514 1833 habere
2545 1776 2738 1832 velint.
2763 1774 2904 1840 Quid
2934 1773 3080 1828 enim
3101 1770 3281 1825 valeat
3299 1767 3420 1839 ejus
3437 1765 3617 1819 virtus
3650 1760 3706 1818 in

2137 1871 2246 1926 illis
2275 1867 2546 1932 ostendit,
2571 1865 2665 1936 qui
2693 1866 2745 1920 ei
2773 1878 2985 1918 morem
3012 1868 3230 1932 gerunt.

2205 1957 2679 2028 Quemadmodum
2737 1955 2899 2026 aegris
2964 1951 3161 2007 medici
3226 1956 3554 2023 servatores,
3629 1942 3712 1998 sic

2135 2064 2193 2108 et
2229 2053 2300 2106 iis
2330 2051 2426 2121 qui
2460 2048 2668 2120 injuria
2697 2045 3036 2109 afﬁciuntur,
3062 2043 3262 2112 leges..
3301 2083 3307 2090 .

2206 2144 2382 2215 Leges
2440 2139 2741 2196 verissimae
2791 2145 2944 2202 sunt,
3003 2150 3126 2205 qua:
3191 2146 3404 2188 summa
3455 2121 3712 2186 nituntur

2135 2235 2416 2303 aequitate.

2206 2321 2338 2393 Legi
2375 2329 2432 2376 et
2479 2319 2740 2393 principi,
2767 2333 2831 2372 ac
2851 2317 2902 2372 ei
2943 2316 3036 2386 qui
3059 2313 3346 2384 sapientia:
3380 2309 3545 2364 laude
3572 2324 3709 2379 pra:-

2135 2415 2325 2487 pollet,
2343 2411 2562 2477 cedere,
2589 2409 2860 2464 modestia
2899 2416 2957 2462 et
2985 2408 3248 2461 honestas
3283 2401 3535 2458 suadent.

2205 2505 2336 2572 Quae
2362 2503 2502 2558 fiunt
2523 2509 2724 2572 printer
2752 2501 2949 2571 legem,
2994 2509 3254 2568 tanquam
3281 2511 3390 2549 non
3416 2493 3560 2551 facta
3608 2491 3716 2548 ha-

2136 2595 2318 2650 benda
2351 2602 2500 2649 sunt.

2213 2685 2559 2742 Denwsth.—
2585 2683 2984 2738 Demosthenes
3028 2685 3236 2741 orator,
3297 2673 3560 2730 civitatis.
3595 2670 3712 2725 ani-

2139 2791 2285 2831 mam
2336 2775 2486 2844 leges
2523 2788 2646 2828 esse
2683 2771 2922 2826 dicebat.
2981 2768 3052 2824 Ut
3088 2765 3232 2820 enim
3292 2777 3515 2832 corpus,
3563 2758 3709 2828 quod

2137 2867 2320 2923 anima
2345 2873 2552 2930 careat,
2573 2864 2843 2920 emoritur
2865 2903 2879 2927 ,
2921 2861 3002 2916 sie
3040 2867 3102 2922 et,
3133 2857 3328 2912 civitas
3364 2853 3536 2914 nullis
3563 2866 3714 2906 eom-

2139 2958 2352 3014 munita
2377 2957 2592 3028 legibus
2614 2955 2956 3010 dissolvitur.

539 3045 855 3112 Κύρου.--
893 3044 954 3101 '0
1015 3047 1178 3111 αὐτὸς
1231 3045 1552 3118 ἐρωτηθεὶς,
1607 3046 1772 3110 Τίνας
1816 3047 2036 3110 ἀδίκους

2212 3047 2356 3120 Cyri.
2384 3078 2453 3088 ——
2478 3047 2628 3102 Idem
2649 3045 3044 3115 interrogatus,
3078 3041 3356 3108 Quasnam
3409 3037 3710 3092 arbitrare-

466 3131 706 3267 1ειέμίζεις
752 3128 938 3197 εῖναις
988 3135 1122 3200 Τοὺς
1196 3135 1270 3208 μὴ
1326 3135 1672 3207 χρωμένους,
1731 3129 1854 3188 εἶπε
1883 3178 1898 3202 ,
1955 3134 2032 3206 τῷ

469 3233 498 3267 ν
535 3234 638 3267 um.
1248 3242 1251 3246 -

469 3233 638 3271 νομω.
1248 3242 1251 3246 ‘

533 3234 870 3377 ιὲἒοφράστ.
901 3339 966 3353 -
1005 3311 1232 3380 ὐλίγων
1263 3315 1313 3364 oi
1342 3313 1538 3382 (Ξιγαθοὶ⁸
1560 3313 1741 3384 νόμων
1767 3315 1980 3370 δέονται
2013 3335 2025 3350 υ

469 3395 530 3456 ct}
559 3397 668 3468 γὰρ
699 3398 768 3452 τὰ
789 3399 1090 3470 πράγματα
1139 3401 1274 3472 πρὸς
1301 3403 1426 3466 τοὺς
1453 3403 1675 3472 νόμους,
1703 3405 1819 3457 ἀλλ’
1849 3408 1896 3458 oi
1946 3407 2034 3460 νό-

474 3502 566 3554 μοι
596 3488 732 3560 πρὸς
752 3489 821 3542 τὰ
851 3491 1152 3565 πράγματα
1179 3490 1443 3554 τίθενται,

552 3577 906 3648 Ἆνωνύμου.
966 3611 1038 3623 -
1081 3582 1395 3654 Κρατίστην
1441 3579 1579 3641 εἶναι
1635 3586 2033 3660 δημοκρατίαν,

471 3666 530 3718 ὲν
671 3670 722 3722 oi
779 3671 980 3737 πάντες
1030 3673 1107 3738 ὡς
1155 3673 1418 3746 τύραννον
1460 3675 1750 3744 φοϐοῦνται
1806 3679 1898 3733 τὸν
1949 3681 2035 3736 νό-

475 3774 594 3826 μον.

553 3851 951 3926 Ἀρκεσίλαος.
1007 3888 1078 3900 -—
1151 3861 1500 3932 Ἀρκεσίλαος
1553 3864 1742 3930 ἔλεγεν
1775 3879 1788 3894 ·
1825 3865 2036 3935 Ὥσπερ

475 3937 606 3991 ὅπου
642 3942 909 4012 φάρμακα
957 3946 1128 4001 πολλὰ
1184 3951 1279 4002 καὶ
1327 3951 1501 4022 ἰατροὶ
1548 3951 1756 4016 πολλοὶ,
1806 3950 2038 4005 ἐνταῦθα

475 4029 616 4083 νόσοι
670 4032 918 4088 πλεῖσται
949 4052 963 4066 ο
1002 4037 1142 4090 οὕτω
1177 4038 1240 4110 δὴ
1278 4042 1372 4094 καὶ
1412 4041 1545 4095 ὅπου
1574 4041 1729 4112 νόμοι
1762 4040 2000 4102 πλεῖστοι
2021 4080 2036 4106 ,

475 4116 591 4172 ἐκεῖ
615 4115 754 4174 εἶναι
783 4124 878 4182 καὶ
903 4123 1116 4180 ἀδικίαν
1144 4131 1426 4200 μεγίστην.

1039 4261 1256 4314 ΛΟΓΟΣ
1279 4261 1384 4316 ΝΘ¹
1423 4265 1487 4318 ⁸⁷.

821 4347 962 4416 Περὶ
989 4349 1234 4418 λογικοῦ
1255 4354 1352 4406 καί
1376 4354 1690 4424 λογισμοῦ.

547 4455 726 4510 Δουκ.
758 4455 828 4521 ς’.
855 4488 928 4502 —-
961 4459 1023 4512 '0
1050 4461 1254 4530 ἀγαθὸς
1272 4464 1581 4536 ἄνθρωπος,
1609 4469 1674 4520 ἐκ
1706 4441 1803 4522 τοῦ
1835 4471 2043 4540 ἀγαθοῦ

479 4538 750 4614 θησαυροῦ
785 4549 883 4618 τῆς
907 4551 1132 4622 καρδίας
1158 4553 1414 4610 ἐκϐάλλει
1459 4557 1642 4626 ἀγαθὰ
1666 4573 1680 4588 ·
1719 4561 1814 4613 καὶ
1862 4538 1895 4615 ὁ.
1945 4579 2046 4617 ποι·

477 4635 636 4704 νηρὺς
663 4635 952 4708 ἄνθρωπος
992 4643 1057 4696 ὲκ
1085 4643 1178 4698 τοῦ
1217 4647 1452 4716 πονηροῦ
1481 4649 1760 4721 θησαυροῦ
1791 4653 2042 4710 ἐκϐάλλει

476 4741 612 4794 πονη
621 4729 708 4798 pa’.
1196 4762 1222 4778 ρ

547 4820 866 4888 ΠΚορινθ.
911 4829 1061 4878 ι’.-
1092 4823 1174 4878 Τὰ
1225 4826 1334 4897 γὰρ
1395 4828 1534 4881 ὅπλα
1586 4831 1686 4900 τῆς
1753 4836 2040 4904 στρατείας
2107 4853 2114 4862 ’

478 4908 635 4978 ἡμῶν
665 4911 726 4964 οὐ
757 4915 1018 4984 σαρκικὰ,
1046 4915 1185 4973 ἀλλὰ
1209 4917 1414 4976 δυνατὰ
1440 4919 1516 4990 τῷ
1537 4921 1658 4992 Θεῷ
1687 4925 1822 4996 πρὸς
1842 4927 2036 4984 meat-

547 5067 591 5098 ’⁷
613 5067 674 5123 In
703 5067 870 5129 Gesn.
892 5073 1109 5134 Stobaeo
1137 5079 1226 5133 26.

557 5271 627 5352 (τ)
651 5274 838 5330 ’Ὅταν
862 5279 1032 5332 αὐτοὶ
1047 5279 1400 5352 ..ϐούλωνται
1431 5282 1714 5352 πάσχειν.
1733 5285 1888 5341 Clara
1912 5303 2042 5342 sen—

485 5349 651 5424 tentia
672 5361 694 5424 A;
728 5361 838 5398 non
868 5361 1028 5415 posse
1047 5349 1244 5418 legem,
1271 5349 1824 5424 _quam__pro‘positam
1852 5356 2038 5421 habet,

486 5411 774 5489 utilitatem
801 5411 1078 5482 praestare,
1101 5411 1241 5472 'eum
1267 5411 1328 5485 ii‘,
1373 5411 1738 5489 quiljuS'lata,
1786 5427 1926 5480 male
1946 5411 2041 5481 ha:

487 5480 856 5567 Pefeirvolunt
884 5494 941 5538 et
971 5480 1284 5567 ,ωδε-ομπος
1315 5480 1497 5558 eoque
1551 5490 1670 5567 ejus
1704 5480 2039 5567 medicinam

488 5559 773 5634 respuunt,
816 5569 937 5634 qua:
970 5557 1023 5608 in
1077 5557 1209 5634 illis
1243 5557 1512 5613 duntaxat
1543 5557 1664 5634 vim
1704 5562 1886 5634 habet,
1943 5567 2038 5634 qui

491 5626 913 5696 suntmorigehri,
938 5639 1102 5696 seque
1133 5626 1212 5679 illi
1239 5637 1432 5696 sponte
1460 5629 1733 5685 curandos
1773 5626 2036 5689 subdunt.

491 5684 803 5755 Nihilaptc'
827 5684 1146 5746 GesnfNon
1208 5684 1370 5766 potest
1431 5698 1591 5749 cuivis
1643 5684 2038 5769 boiipﬁi-‘di‘éL-‘iéé

2131 3148 2222 3193 tur
2249 3137 2481 3208 iniustos
2509 3150 2662 3203 esse;
2687 3137 2816 3202 Eos,
2843 3132 3148 3204 respondit,
3190 3131 3285 3201 qui
3337 3141 3450 3184 non
3479 3136 3710 3186 utantur

2133 3225 2312 3299 lege.‘

2207 3315 2758 3390 Theophrast.—Qni
2809 3313 2940 3370 boni
2991 3327 3056 3368 ac
3111 3309 3302 3380 probi.
3337 3317 3491 3371 sunt,
3523 3306 3716 3376 paucis

2133 3417 2298 3482 egent
2325 3409 2567 3479 legibus;
2608 3421 2718 3464 non
2756 3405 2902 3460 enim
2935 3403 3152 3473 negotia
3191 3415 3288 3470 pro
3337 3399 3517 3468 legum
3548 3397 3718 3456 ratio-

2041 3547 2050 3556 .
2134 3516 2228 3564 ne,
2253 3499 2349 3554 sed
2377 3505 2541 3568 prout
2568 3495 2787 3564 negotia
2819 3493 3064 3562 exigunt,
3090 3487 3358 3560 ponendae
3391 3494 3519 3540 sunt
3547 3486 3714 3556 leges.

2209 3590 2428 3645 Incerti.
2459 3618 2530 3628 —-
2552 3584 3075 3646 Praestantissimum
3110 3597 3232 3638 esse
3270 3580 3590 3652 popularem
3609 3587 3719 3633 sta-

2137 3692 2276 3746 tum,
2341 3681 2398 3735 in
2458 3693 2570 3749 quo
2602 3692 2794 3733 omnes
2828 3676 3004 3748 legem
3062 3673 3216 3730 velut
3255 3684 3546 3746 tyrannum
3598 3687 3739 3729 τηεσε

2136 3780 2322 3830 tuunt.

2207 3864 2374 3936 668
2399 3859 2718 3918 Arcesilam.
2751 3889 2819 3901 -—
2846 3858 3042 3937 Aiebat
3063 3857 3411 3915 Arcesilaus:
3441 3855 3606 3913 Sicut.
3623 3853 3718 3908 ubi

2141 3957 2667 4012 medicamentorum
2711 3966 2774 4006 ac
2814 3951 3154 4007 medicorum
3209 3949 3369 4018 copia
3395 3955 3500 4012 est,
3527 3947 3604 4001 ibi
3663 3953 3721 4006 et

2141 4049 2460 4104 morborum
2483 4046 2720 4116 plurima
2736 4044 2924 4109 labes;
2960 4043 3041 4098 sic
3074 4053 3130 4096 et
3154 4043 3249 4096 ubi
3275 4040 3528 4112 plurimae
3545 4040 3716 4110 leges,

2144 4141 2257 4198 illic
2284 4141 2576 4196 maximam
2603 4137 2792 4210 vigere
2824 4135 3210 4206 iniquitatem-

2728 4269 2964 4326 SERMO
2995 4268 3134 4323 LIX.

2073 4378 2122 4433 ι)
2147 4364 2224 4421 De
2255 4371 2407 4436 parte
2436 4364 2654 4418 rationis
2681 4363 2950 4433 animique
2975 4359 3266 4415 rationibus
3295 4373 3358 4412 ac
3385 4356 3718 4427 cogitatione.

2212 4475 2337 4531 Luc.
2371 4491 2446 4540 vn,
2477 4474 2836 4530 45.—Bonus
2865 4473 3032 4528 homo
3059 4471 3128 4527 de
3147 4471 3294 4526 bono
3311 4469 3574 4526 thesauro
3598 4483 3720 4524 eor-

2143 4567 2230 4622 dis
2266 4565 2474 4636 profert
2501 4565 2676 4632 bona;
2709 4572 2766 4620 et
2795 4566 2974 4621 malus
3002 4565 3168 4621 homo
3189 4564 3260 4621 de
3281 4563 3428 4620 male
3454 4562 3720 4618 thesauro

2139 4655 2353 4726 profert
2375 4655 2535 4711 mala.

2220 4833 2267 4890 ιι
2289 4832 2412 4888 Cor.
2455 4854 2484 4892 χ
2513 4872 2528 4895 ,
2555 4833 2608 4885 ι.
2634 4860 2704 4870 -
2729 4830 2894 4886 Arma
2930 4831 3078 4886 enim
3119 4831 3332 4887 militiae
3377 4838 3580 4886 nostra:
3605 4803 3720 4889 non

2152 4922 2390 4978 carnalia
2431 4927 2578 4986 sunt,
2619 4919 2723 4978 sed.
2753 4921 2998 4989 petentia
3029 4921 3160 4988 Deo,
3185 4919 3253 4976 ad
3297 4920 3716 4977 demolitionem

1979 5152 2212 5210 NOTAS.

2148 5307 2266 5344 cum
2284 5300 2331 5342 et
2361 5288 2666 5357 beneficium
2693 5291 2930 5360 accipere
2959 5287 3203 5360 voluerit.
3231 5287 3389 5360 Quod
3413 5297 3470 5344 et
3497 5287 3720 5356 falsum,

2149 5361 2757 5434 nihi_lque_argutum._
2791 5359 2903 5413 Lex
2958 5359 3124 5434 enim
3175 5375 3315 5434 quae
3364 5359 3418 5413 in
3471 5373 3723 5434 commu-

2149 5429 2272 5500 nem
2308 5427 2602 5500 utilitatem
2629 5429 3018 5500 institutaisit,
3048 5427 3242 5500 omnes
3299 5430 3454 5500 juvat
3482 5427 3576 5500 qui
3619 5445 3717 5484 ve-

2147 5498 2270 5564 lint,
2304 5498 2554 5567 nihilque
2583 5499 2686 5568 ipsi
2735 5499 3058 5568 impediant.
3104 5495 3450 5555 Cmterumo'
3491 5495 3718 5568 πάσχων

2082 5618 2089 5627 ,
2148 5569 2406 5637 llippocr.
2437 5582 2541 5640 pro
2587 5578 2818 5638 mgroto,
2879 5569 3104 5640 haecque
3145 5585 3253 5624 una
3290 5569 3380 5625 hic
3427 5578 3556 5640 apta
3596 5571 3718 5638 ejus

2146 5639 2616 5764 ὖοςιὶδῆᾶξοίξοριὶυε
2653 5656 2759 5693 non
2817 5639 2964 5708 quod
3006 5639 3140 5696 alias
3181 5638 3494 5710 exponitur,
3543 5638 3714 5694 bene"
3753 5664 3760 5676 ι

2183 5723 2268 5763 e10
2295 5745 2308 5761 ι
2365 5723 2452 5762 iet.

2183 5723 2268 5763 ('10
2291 5723 2452 5762 RlllCl.
