4066 6150
410 330 413 337 ³
448 306 546 371 981

1744 298 1915 361 LOCI
1951 296 2386 361 COMMUNES.‘

530 422 626 475 Ἐκ
656 420 755 492 μὲν
783 418 878 475 τοῦ
914 420 1068 484 ποδὸς
1095 421 1193 492 τὴν
1222 419 1467 475 ἄκανθαν
1486 457 1502 482 ,
1525 417 1588 470 ὲκ
1613 417 1669 469 δὲ
1689 417 1786 485 τῆς
1815 410 2009 482 ἀλόγου

2182 413 2311 469 Pedi
2368 412 2605 483 spinam,
2642 410 2839 465 animae
2866 423 2896 462 a
2942 405 3158 460 ratione
3181 415 3397 458 aversae
3420 398 3678 469 ignoraui-
3708 430 3713 435 ι

447 511 645 581 ψυχῆς,
676 510 775 582 τὴν
806 511 1029 579 ἄγνοιαν
1056 510 1415 576 ὑπεξελέσθαι
1440 509 1537 562 δεῖ.

520 602 857 673 Φιλήμονος
887 607 954 657 ²⁹.
1000 634 1072 647 -
1116 603 1175 657 Ὀ
1205 597 1300 671 ⁴τῷ
1352 598 1600 670 λογισμῷ
1658 599 1836 653 πάντα
1882 598 2012 668 παρ’

453 693 630 764 ἑαυτῷ
668 694 908 761 σκοπῶν,
944 694 1005 749 τδ
1033 693 1202 748 κακὸν
1236 694 1482 763 ἀφαιρεῖ,
1513 691 1751 759 τάγαθὸν
1785 689 1841 742 δὲ
1871 689 2012 759 λαμ·

453 782 627 836 ὁάνει.

541 873 913 943 Ἰσοκράτους
931 875 992 927 ³⁸.
1019 904 1089 915 -—-
1125 873 1195 926 Ἀ
1235 871 1311 925 ἄν.
1342 886 1425 924 σοι
1472 867 1810 941 λογιζομένῳ
1828 870 2006 941 βέλτι-

459 980 580 1030 στα,
602 963 775 1018 ταῦτα
804 966 913 1028 τοῖς
944 964 1126 1034 ἔργοις
1157 961 1418 1015 ὲπιτὲλει.
1918 1020 1931 1033 Ι

524 1055 616 1108 Δεῖ
660 1054 851 1125 ὥσπερ
898 1051 958 1118 ἐξ
1008 1053 1415 1123 εὐνομουμένης
1443 1052 1652 1118 πόλεως
1700 1054 2018 1123 φυγαδεύειν

458 1145 787 1214 στασιαστὴν
844 1143 1131 1213 ἄνθρωπον
1164 1182 1179 1207 ,
1213 1141 1389 1205 οὕτως
1435 1145 1502 1196 ὲκ
1550 1144 1648 1215 τῆς
1696 1144 1876 1215 ψυχῆς
1926 1143 2019 1198 τὸν

454 1233 592 1302 πρὸς
620 1233 689 1286 τά
720 1231 901 1302 φαῦλα
925 1232 1216 1285 κεκλικότα
1238 1231 1521 1302 λογισμόν.

521 1324 616 1394 ’τῷ
657 1323 765 1395 γὰρ
811 1322 973 1378 πάθει
1018 1322 1112 1376 τοῦ
1147 1322 1435 1393 σώματος,
1479 1323 1574 1377 καὶ
1605 1323 1667 1376 τὸ
1696 1321 1879 1393 νοερὸν
1922 1323 2020 1393 τῆς

452 1414 631 1485 ψυχῆς
664 1414 1051 1484 συνομολογεῖν
1084 1414 1358 1483 ἀνέχεται.

538 1503 915 1571 Ἐπικτήτου.
942 1534 1011 1545 --
1038 1504 1105 1557 Ἀ
1133 1503 1320 1575 μὴδεῖ
1360 1505 1551 1571 ποιεῖν,
1600 1503 1736 1575 μηδὲ
1794 1503 2022 1557 ὑπονοοῦ

457 1597 650 1648 ποιεῖν.

530 1686 905 1755 Πυθαγόρου.
936 1714 1007 1725 —
1033 1684 1272 1756 Αίσχρδν
1319 1687 1431 1749 τοῖς
1462 1685 1571 1739 τῶν
1619 1686 1882 1754 μελιττῶν
1920 1686 2023 1739 δω-

461 1777 668 1846 ρήμασι
718 1777 1056 1845 γλυκάζοντα
1100 1778 1201 1848 τὴν
1256 1778 1579 1843 κατάποσιν,
1628 1776 1690 1831 τὺ
1736 1768 1835 1831 ’τοῦ
1887 1776 2023 1831 Θεοῦ

457 1866 627 1937 δῶρον
660 1868 971 1938 πικράζειν,
998 1869 1091 1923 τὸν
1117 1869 1296 1939 λόγον,
1324 1872 1390 1940 τῇ
1427 1871 1617 1941 κακίᾳ.

532 2040 812 2110 Θεάγους.
841 2073 912 2082 -
949 2044 1023 2097 Τὸ
1064 2043 1174 2114 γὰρ
1204 2044 1449 2116 ἀντέχειν
1498 2047 1575 2118 μὴ
1615 2047 1875 2102 δύνασθαι
1913 2051 2029 2114 τοῖς

463 2131 677 2199 πόνοις,
719 2135 1036 2205 ἐπικρατεῖν
1076 2135 1133 2188 δὲ
1164 2137 1264 2206 τὴν
1298 2136 1525 2207 ἡδονὴν,
1561 2138 1757 2191 οἰκεῖόν
1807 2141 1923 2192 ἐστι
1954 2139 2030 2209 τῷ

462 2222 641 2291 ἀλόγῳ
668 2223 832 2299 μέρει
860 2225 958 2287 τᾶς
984 2224 1161 2295 ψυχᾶς
1180 2242 1194 2256 ·
1248 2224 1284 2276 ἁ
1310 2226 1366 2279 δὲ
1410 2226 1728 2296 προαίρεσις
1764 2230 1821 2281 ὲν
1850 2230 2030 2300 ἀμφο-

462 2311 645 2381 τέροις
691 2311 875 2376 αὐτοῖς
924 2313 1174 2381 γίνεται,
1219 2317 1313 2369 καὶ
1342 2314 1419 2386 τῷ
1459 2316 1616 2385 λόγον
1663 2317 1840 2388 ἔχοντι
1876 2320 2031 2391 μέρει

464 2404 562 2466 τᾶς
585 2403 784 2475 ψυχᾶς,
814 2406 906 2460 καὶ
933 2405 1011 2478 τῷ
1042 2406 1244 2478 ἀλόγῳ.
1555 2404 1559 2408 ’

1034 2543 1253 2597 ΛΟΓΟΣ
1290 2542 1345 2597 Ξ¹
1370 2544 1438 2599 ³⁸.

466 2646 604 2717 Περὶ
630 2649 1295 2778 ἀφροσύνηὲἒέἕέἳοέᾖ
1316 2656 1723 2795 Ἐριὲἓοήτου,
1748 2659 1844 2714 καὶ
1862 2661 2034 2715 ἀπαι-

530 2832 717 2884 Ματθ.
766 2830 838 2892 ζ’.
881 2862 953 2873 -
980 2834 1097 2898 Πᾶς
1142 2836 1172 2887 ὁ
1216 2835 1428 2890 ἀκούων
1474 2855 1576 2907 μου
1623 2840 1748 2903 τοὺς
1796 2839 2028 2908 λόγους,

465 2918 560 2971 καὶ
594 2918 670 2990 μὴ
699 2920 868 2975 ποιῶν
897 2922 1128 2988 αὐτοὺς,
1161 2924 1557 2995 ὁμοιωθήσεται
1582 2926 1736 2997 ἀνδρὶ
1766 2927 1955 2998 μωρῷ.

535 3006 599 3109 fl"
641 3012 780 3109 K-op.
822 3009 912 3109 (6".
944 3042 1015 3051 —
1153 3015 1351 3109 arcuata
1400 3015 1616 3084 γίνεσθε
1649 3019 1765 3081 ταῖς
1813 3020 2025 3089 φρεσὶν,
2058 3051 2101 3109 c

2084 500 2087 503 ’
2114 505 2245 560 tiam
2277 504 2521 559 eximere
2555 507 2795 573 oportet.

2183 593 2706 661 Philemonis.-—Qui
2741 591 2927 656 omnia
2955 603 3141 645 secum
3176 584 3392 640 ratione
3434 579 3685 636 considc-
3750 598 3755 603 ί

2115 686 2469 755 rat,'malum
2514 694 2785 750 removet,
2839 683 3047 739 bonum
3086 687 3270 735 autem
3324 673 3523 744 carpit.

2185 872 2457 926 Isocratis.
2479 900 2543 911 -
2564 869 2696 935 Quae
2726 865 2825 920 tibi
2860 860 3123 935 cogitanti
3155 856 3365 928 Optima
3401 851 3682 916 videntur,

2117 963 2235 1018 haec
2260 962 2425 1018 rebus
2453 960 2591 1031 ipsis
2622 958 2844 1029 perfice.

2187 1050 2779 1124 Quemadmodum-ex
2815 1044 3040 1102 civitate
3073 1041 3234 1097 bonis
3279 1036 3494 1107 legibus
3528 1032 3687 1089 iusti-'-

2120 1152 2259 1208 tuta,
2286 1141 2568 1196 hominem
2594 1137 2950 1200 seditiosum;
2995 1132 3076 1187 sic
3108 1146 3177 1185 ex
3209 1128 3393 1184 animo
3417 1126 3693 1181 rationem

2119 1234 2187 1287 ad
2221 1233 2362 1287 mala
2399 1239 2718 1302 vergentem
2752 1226 3044 1298 proﬂigare
3088 1236 3317 1277 necesse
3349 1227 3453 1275 est.

2191 1322 2456 1392 Corporis
2479 1334 2718 1390 namque
2745 1316 2965 1372 atl‘ectui
2994 1329 3059 1369 ac
3075 1310 3316 1375 libidini,
3344 1309 3508 1365 etiam
3537 1320 3692 1362 mens

2123 1411 2437 1467 consentire
2485 1409 2742 1464 sustinet.
2965 1457 2968 1461 ,

2194 1500 2439 1572 Epicteti.
2459 1528 2526 1539 —
2548 1496 2679 1567 Quae
2704 1495 2886 1551 facere
2909 1508 3020 1547 non
3038 1491 3188 1554 licet,
3215 1505 3279 1544 ea
3301 1504 3369 1543 ne
3398 1486 3580 1542 facere
3603 1500 3719 1540 co-a

2125 1591 2406 1664 gitaveris.
2553 1579 2560 1584 ’

2197 1686 2487 1755 Pythagor.
2508 1710 2572 1723 --
2594 1680 2776 1749 Turpe
2819 1685 2904 1732 est
2937 1690 3102 1746 apum
3150 1686 3382 1728 munere
3414 1669 3692 1739 potionem

2129 1773 2349 1828 dulcem
2396 1769 2658 1835 reddere;
2695 1783 2759 1821 ac
2799 1765 2897 1820 Dei
2926 1764 3132 1819 donum
3162 1761 3452 1832 (rationem
3483 1758 3715 1813 scilicet

2127 1875 2292 1936 atque
2339 1860 2671 1930 sermonem)
2726 1857 2930 1913 malitia
2977 1864 3141 1924 atque
3199 1853 3337 1907 vitio
3383 1851 3438 1905 in
3493 1849 3695 1904 amari-

2128 1956 2378 2011 tudinem
2421 1962 2660 2009 vertere.
2680 2003 2685 2007 .
2904 1942 2912 1951 ’

2200 2047 2435 2116 Theagis.
2453 2074 2520 2085 —
2545 2041 2852 2098 Laboribus
2882 2054 2992 2094 non
3017 2050 3177 2108 posse
3204 2034 3483 2097 resistere,
3512 2046 3576 2086 ac
3602 2047 3696 2085 vo-

2129 2138 2355 2210 luptatis
2391 2135 2565 2206 premi
2594 2132 2904 2205 tyrannide,
2942 2128 3229 2200 proprium
3263 2131 3348 2179 est
3377 2122 3552 2193 partis
3578 2122 3698 2175 ani-

2130 2247 2232 2286 mae
2259 2246 2290 2283 a
2328 2227 2542 2283 ratione
2590 2240 2828 2287 aversae;
2881 2219 3135 2292 eligentis
3154 2226 3335 2271 autem
3380 2212 3547 2268 animi
3570 2227 3699 2282 pro-

2131 2323 2394 2393 positum,
2446 2318 2664 2388 utrique
2712 2314 2877 2386 parti,
2923 2321 3037 2366 tum
3084 2324 3206 2379 quae
3252 2306 3467 2360 ratione
3500 2303 3693 2366 utitur,

2134 2421 2249 2469 tum
2289 2427 2409 2483 quae
2455 2420 2538 2465 est
2592 2407 2741 2462 illius
2792 2418 3010 2473 expers,
3057 2413 3347 2455 commune
3400 2404 3501 2450 est.

2718 2539 2950 2597 SERMO
3000 2537 3114 2591 LX».

2134 2662 2213 2717 De
2252 2659 2578 2729 insipientia,
2624 2656 2995 2729 insipiente‘et
3033 2650 3225 2704 stolido
3266 2655 3333 2699 -ρι
3374 2644 3619 2715 imperito
3653 2650 3727 2695 ct.

2831 2722 3013 2776 stulto.

2134 2895 2145 2903 ,
2201 2840 2391 2895 Matth.
2427 2855 2521 2903 vu,
2554 2837 2644 2892 26.
2672 2832 2949 2889 -—0mnis
2981 2833 3075 2901 qui
3135 2830 3291 2884 audit
3338 2827 3508 2884 verba
3559 2839 3703 2893 mea,

2132 2940 2189 2987 et
2229 2945 2342 2986 non
2390 2930 2523 2985 facit
2569 2942 2656 2992 ea,
2710 2923 2907 2981 similis
2942 2922 3051 2977 erit
3084 2922 3205 2975 viro
3235 2920 3424 2975 stulto.

2202 3021 2233 3076 Ι
2265 3020 2388 3077 Cor.
2417 3019 2522 3085 xlv,
2546 3020 2637 3075 20.
2660 3048 2727 3061 -—-
2746 3016 2927 3072 Nolite
2962 3014 3117 3084 pueri
3145 3012 3284 3067 effici
3309 3010 3581 3072 sensibus,
3611 3007 3707 3062 sed

465 3098 602 3205 ἀξλά
619 3103 712 3243 θτῇ
766 3103 934 3175 κακίᾳ
975 3104 1298 3175 νηπιάζετε·
1350 3109 1471 3172 ταῖς
1498 3108 1555 3162 δὲ
1600 3110 1796 3181 φρεσὶ,
1836 3110 2032 3166 τέλειοι

465 3205 617 3257 γινεσ
652 3207 699 3246 ε.

2147 3113 2347 3169 malitia
2390 3112 2608 3183 parvuli
2659 3116 2872 3175 estote;
2932 3105 3189 3162 sensibus
3244 3112 3428 3158 autem
3475 3099 3729 3172 perfecti.

2147 3212 2336 3257 estote.

494 3212 699 3261 ςινεσῠε.
2096 3259 2105 3271 ι
2137 3212 2336 3261 estote.

536 3280 752 3350 Καρδία
784 3281 1040 3353 ἄφρονος,
1071 3283 1231 3354 ὀδύνη
1261 3284 1338 3355 τῷ
1368 3288 1700 3360 κτησαμένῳ
1726 3291 1915 3362 αὐτήν.

2205 3295 2315 3351 Cor
2344 3293 2677 3364 insipientis,
2712 3292 2870 3347 dolor
2900 3290 2949 3344 ei
2985 3289 3079 3359 qui
3115 3289 3296 3357 ipsum
3342 3283 3531 3338 habet.
3576 3274 3579 3277 ’

537 3372 755 3440 Σολομ.
790 3379 840 3425 ι’.
875 3400 944 3413 --
972 3373 1139 3444 Χείλη
1170 3374 1402 3445 ἄφρονος
1444 3381 1899 3436 καταποντιοῦσιν
1937 3383 2035 3436 αὐ-

2207 3385 2382 3441 Eccle.
2424 3384 2882 3450 x,12.—-Labia
2932 3378 3246 3449 insipientis
3292 3373 3715 3446 praecipitabunt

468 3462 581 3515 τόν.
619 3463 788 3534 Ἀρχὴ
825 3465 1000 3533 λόγων
1051 3467 1317 3536 στόματος
1358 3468 1545 3536 αὑτοῦ,
1595 3472 1903 3544 ἀφροσύνη,
1945 3474 2035 3528 καὶ

2147 3492 2285 3531 eum.
2335 3475 2560 3531 Initium
2592 3488 2908 3529 sermonum
2954 3471 3068 3526 oris
3095 3470 3238 3539 ejus,
3279 3465 3629 3537 insipientia;
3658 3472 3714 3519 et

470 3554 672 3627 ἐσχάτη
705 3555 972 3627 στόματος
1004 3557 1176 3614 αὑτοῦ
1206 3561 1537 3634 περιφέρεια
1563 3566 1795 3634 πονηρά.

538 3647 786 3714 Παροιμ.
840 3654 937 3711 ις’.
991 3679 1062 3690 -
1118 3650 1287 3722 Ἀνὴρ
1333 3651 1525 3724 ἄφρων
1585 3653 1805 3726 ὀρύσσει
1859 3654 2040 3727 ἑαυτῷ

469 3734 649 3788 κακά·
683 3736 775 3788 ἐπὶ
816 3736 876 3789 δὲ
915 3736 1024 3790 τῶν
1052 3738 1244 3792 ἑαυτοῦ
1277 3742 1499 3810 χειλέων
1541 3743 1861 3814 θησαυρίζει
1905 3746 2035 3818 πῦρ.

538 3830 927 3926 napum-.1372
971 3859 1043 3926 -—-
1088 3831 1163 3926 0ῄύ
1208 3833 1397 3903 χρείαν
1444 3833 1557 3904 ἕχει
1616 3837 1806 3905 σοφίας
1855 3838 2041 3911 ἐνδεὴς

472 3918 714 3984 φρενῶν·
746 3918 951 3985 μᾶλλον
972 3919 1081 3988 γὰρ
1112 3918 1307 3989 ἄγεται
1339 3922 1642 3995 ἀφροσύνῃ.

538 4011 726 4082 Σιρὰχ
767 4014 884 4077 κβί.
950 4045 1017 4056 -
1057 4015 1215 4069 Μετά
1258 4017 1495 4087 ἄφρονος
1529 4021 1603 4089 μὴ
1634 4020 1912 4095 πληθύνῃς
1959 4023 2044 4077 λό-

469 4113 619 4166 γους,
649 4102 745 4155 καὶ
774 4102 912 4172 πρὸς
941 4103 1201 4158 ἀσύνετον
1227 4105 1302 4177 μὴ
1330 4107 1584 4178 πορεύου.

541 4194 724 4263 Σῳὰχ
756 4196 877 4259 xﬁ'.
910 4223 981 4235 -—
1025 4196 1149 4249 Ἐπὶ
1179 4197 1358 4269 νεκρῷ
1396 4181 1652 4268 κλαῦσον,
1688 4201 1904 4267 ἐξέλιπε
1932 4204 2040 4274 γὰρ

471 4283 619 4352 φῶςο
650 4287 745 4340 καὶ
775 4287 868 4341 ἐπὶ
898 4287 1064 4361 μωρῷ
1090 4288 1346 4356 κλαύσον,
1393 4289 1608 4357 ἐξέλιπε
1663 4294 1771 4364 γὰρ
1803 4294 2038 4360 σύνεσις.

540 4461 723 4534 Σιρὰχ
778 4464 894 4531 φιβ’.
926 4495 996 4505 ——
1031 4464 1249 4538 Ἀμμον
1283 4468 1379 4522 καὶ
1411 4469 1544 4533 ἃλας
1568 4470 1663 4522 καὶ
1688 4468 1856 4539 βῶλον
1893 4472 2039 4543 σιδη-

474 4551 623 4622 ροῦν,
653 4554 1003 4626 ἀκοπώτερον
1038 4558 1359 4629 ὑπενεγκεῖν
1379 4600 1395 4627 ,
1423 4559 1457 4630 ἢ
1491 4559 1776 4632 ἄνθρωπον
1806 4561 2037 4633 ἄφρονα.

538 4733 720 4877 Σὲρὰχ
744 4735 813 4788 δ’.
839 4767 909 4776 -
935 4737 1029 4808 Μὴ
1061 4737 1420 4812 ὑποστρὼσῃς
1447 4739 1720 4813 ἀνθρώπῳ
1753 4741 1921 4815 μωρῷ
1947 4759 2039 4801 σε-

538 4840 571 4876 ιτ
605 4841 652 4877 ν.

475 4840 652 4880 αυτον.

543 4918 724 4987 Σιρὰχ
761 4924 834 4987 η’.
867 4950 935 4961 ——
955 4921 1110 4974 Μετὰ
1142 4922 1326 4993 μωροῦ
1356 4923 1431 4994 μὴ
1467 4925 1860 4994 συμϐουλεύου.

540 5011 722 5079 Σιρὰχ
762 5011 875 5075 φιβ’.
902 5042 971 5051 -
1002 5013 1320 5081 Συγκολλῶν
1362 5015 1652 5086 ὄστρακον,
1702 5020 1729 5071 ὁ
1773 5019 2041 5079 διδάσκων

479 5103 679 5175 μωρόν.

543 5190 739 5264 Λῖσχος
769 5196 956 5267 νόμιζε
980 5196 1079 5266 τὴν
1107 5198 1319 5268 φρενῶν
1349 5200 1645 5270 ἀκοσμίαν.

543 5286 885 5342 Βασίλειον.
924 5317 992 5328 -
1020 5288 1230 5362 Ὥσπερ
1261 5292 1311 5344 οἱ
1340 5291 1698 5361 ἀσθενοῦντες
1744 5297 2047 5368 χρῄζουσιν.

478 5377 743 5448 ιατρικῆς,
778 5377 919 5433 οὕτω
951 5381 1140 5447 σοφίας
1172 5381 1410 5463 ἄφρονε.
1433 5384 1757 5442 ὲπιδέονται.

2138 3566 2605 3636 extremmoris
2637 3565 2776 3636 ejus,
2811 3576 2971 3618 error
3013 3561 3309 3631 pessimus.

2211 3658 2368 3725 Prov,
2413 3674 2524 3724 xvr,
2558 3655 2844 3711 27.—Vir
2878 3653 3200 3723 imprudens
3231 3649 3369 3704 fodit
3401 3648 3505 3704 sibi
3550 3649 3712 3714 mala,

2141 3760 2199 3806 et
2240 3750 2297 3804 in
2340 3750 2504 3806 labiis
2542 3749 2658 3805 suis
2694 3748 2877 3818 ignem
2909 3744 3119 3801 condit.
3188 3748 3196 3756 ’

2212 3841 2369 3896 Prov.
2403 3855 2557 3905 mu,
2590 3839 2644 3897 ἰ.
2671 3838 2875 3892 -Νοιι
2918 3851 3057 3906 opus
3104 3835 3272 3891 habet
3317 3831 3587 3904 sapientia
3636 3831 3726 3884 in-

2144 3934 2337 4004 digens
2375 3932 2575 3997 corde;
2625 3930 2799 4000 magis
2852 3929 3001 3983 enim
3053 3927 3276 3982 ducitur
3320 3922 3714 3994 imprudentia.

2213 4024 2381 4092 Eccli.
2412 4039 2544 4089 xxn,
2595 4019 2927 4077 M.——Cum
2954 4018 3126 4074 stulto
3154 4033 3223 4071 ne
3253 4015 3588 4083 multiplices
3611 4028 3719 4068 ser-

2145 4132 2358 4182 mones,
2403 4124 2460 4169 et
2510 4113 2579 4167 ad
2618 4112 2958 4168 insensatum
3004 4121 3116 4163 non
3162 4121 3276 4163 eas.

2214 4204 2380 4276 670
2402 4201 2568 4257 Eccli.
2616 4216 2749 4267 xxu,
2798 4198 2886 4254 10.
2920 4226 2991 4241 -—
3029 4196 3206 4266 Super
3227 4201 3508 4248 mortuum
3545 4192 3719 4262 plora,

2150 4294 2356 4351 defecit
2398 4292 2547 4349 enim
2581 4292 2677 4347 lux
2704 4307 2719 4344 :
2751 4298 2808 4345 et
2835 4303 3002 4362 super
3039 4287 3272 4341 stultum
3303 4284 3484 4355 plora,
3520 4281 3724 4338 defecit

2074 4391 2124 4452 D
2150 4386 2300 4442 enim
2338 4383 2654 4455 prudentia.

2219 4474 2387 4529 Eccli.
2434 4489 2562 4538 χχιι,
2605 4471 3039 4528 l8.—Arenam
3082 4476 3138 4523 et
3172 4468 3340 4523 salem
3388 4472 3445 4519 et
3491 4477 3722 4517 massam

2147 4565 2279 4620 ferri
2313 4564 2530 4621 facilius
2569 4571 2657 4621 est
2698 4563 2995 4629 sustinere,
3039 4576 3206 4632 quam
3248 4558 3432 4615 virum
3457 4555 3724 4626 insipienv

2149 4666 2282 4714 tem.

2219 4750 2386 4807 Eccli.
2438 4766 2509 4815 tv,
2543 4747 2819 4804 '51.--Ne
2869 4744 3129 4816 subjicias
3162 4752 3215 4800 te
3257 4739 3472 4799 homini
3500 4737 3692 4795 stulto.

2216 4930 2383 4986 Eccli.
2417 4944 2528 4993 vui,
2555 4928 2732 4982 ‘20.—
2754 4925 2891 4981 Cum
2922 4923 3092 4978 stulto
3131 4935 3200 4976 nc
3221 4917 3517 4974 consilium
3551 4915 3724 4971 ineas.

2216 5023 2386 5079 Eccli.
2416 5038 2546 5084 χχιι,
2576 5015 2627 5076 7.
2648 5015 3137 5087 —Conglutinans
3189 5020 3408 5076 testam,
3438 5009 3533 5081 qui
3566 5007 3747 5064 docet.

2148 5116 2402 5173 stultum.

2219 5205 2491 5262 Prohrum
2520 5202 2752 5267 aestima,
2807 5199 3010 5255 mentis
3053 5196 3388 5266 neglectum.

2217 5295 2515 5350 Basilii.-—-
2538 5293 2694 5349 Sicut
2740 5289 2943 5345 inﬁmi
2998 5294 3163 5357 egent
3204 5281 3504 5347 medicina,
3536 5270 3617 5335 sic
3649 5275 3733 5335 iur

2146 5391 2412 5460 sipientes
2450 5402 2587 5457 opus
2629 5384 2837 5440 habent
2870 5378 3162 5452 sapientia.

1026 5594 1045 5607 κ
1740 5516 1974 5597 mum;
2018 5541 2434 5599 LECTIONES.

546 5654 590 5687 "
625 5656 789 5711 Ἀλλ.
822 5654 1023 5707 Φιλιστ.
1100 5653 1145 5685 ³⁸
1181 5659 1343 5712 Ἀλλ.
1369 5660 1597 5731 Χαρικλ.
1656 5646 1716 5694 ’³³
1752 5664 1810 5717 In
1835 5665 2000 5718 Gesn.
2039 5664 2190 5720 Stob.
2226 5666 2315 5720 55.
