4066 6150
561 281 663 344 987
1020 305 1035 312 ·
1680 284 1738 342 8⁴
1780 284 2069 343 MAXIM!
2102 285 2611 354 CONFESSORIS
3690 294 3785 359 988

628 386 900 442 i‘mtarcli.
924 417 932 426 ο
952 415 991 425 -
1012 382 1445 439 Luxuriosorum
1474 386 1677 457 vlctus,
1695 385 1852 454 quasi
1881 386 2129 456 quotidie
2159 397 2204 451 Α

2176 397 2204 451 ι
2306 398 2647 467 Πλουτάρχ.
2672 428 2743 440 -
2775 398 2832 453 '0
2865 400 2972 453 τῶν
3002 398 3225 453 ἀσώτων
3268 397 3416 467 βίος,
3458 384 3782 473 ὣσπερᾍιαθ¹

556 481 797 537 moriens
831 476 1083 531 eﬂ‘ertur.

2230 484 2447 554 ἡμέραν
2479 486 2842 559 ἀποθνήσκων
2870 489 3184 561 ἐκφέρεται.

627 570 870 645 Βῑνὶιοιιι
899 567 1193 638 prodigum
1233 566 1517 622 contuitus
1554 567 1727 622 olivas
1758 567 2017 623 edentem
2064 579 2124 625 et

2302 574 2562 629 Πλούσιον
2602 577 2660 631 δὲ
2696 578 2905 633 ἄσωτον
2945 579 3279 650 θεασάμενος
3326 581 3513 645 ὲλαὶας
3560 579 3786 636 ἐσθίοντα

554 676 752 730 aquam
799 659 1106 714 bibentem.
1158 658 1216 712 Si
1262 659 1364 723 sic,
1418 657 1620 729 inquit,
1672 674 1909 727 pransus
1956 675 2131 725 esses,

2233 663 2326 717 καὶ
2346 663 2500 736 ὕδωρ
2545 666 2790 736 πίνοντα,
2822 667 2925 738 ἔφη
2952 684 2966 698 ·
2997 669 3061 722 Et
3104 668 3281 734 οὕτως
3308 669 3565 742 ἠρίστας,
3600 672 3697 725 οὐκ
3729 672 3786 726 ἂν

551 764 663 803 non
693 749 775 803 sic
811 763 1082 803 caenares.

2233 753 2408 819 οὕτως
2432 757 2719 822 ἐδείπνεις.

623 836 876 908 Cypselli.
892 866 963 877 -—
979 836 1209 890 Parcum
1235 842 1457 904 praestat
1476 834 1640 900 mori,
1666 850 1830 905 quam
1856 844 1918 890 ut
1941 835 2140 891 vivens

2306 844 2657 913 Κυψέλλου.
2681 876 2750 886 —
2776 846 3103 917 Φειδόμενον
3141 846 3393 917 κρεῖττον
3424 846 3728 911 ἀποθανεῖν,
3756 848 3785 920 ἢ

551 936 797 999 egestate
842 928 1132 998 premaris.

2233 934 2414 1001 ζῶντα
2443 938 2735 993 ἐνδεῖσθαι.
3330 1000 3332 1003 ι

623 1018 892 1072 Plato.-——
913 1017 1066 1071 Plato
1114 1014 1352 1086 sapiens,
1387 1015 1640 1085 ingenuis
1678 1015 2007 1099 parentibus
2036 1032 2132 1071 or-

2301 1023 2575 1080 Πλάτων.
2601 1038 2671 1069 -—'
2693 1027 2919 1082 Πλάτων
2950 1028 2979 1080 ὁ
3004 1028 3167 1097 σοφὸς
3191 1069 3207 1095 ,
3245 1027 3370 1081 ίδὼν
3401 1029 3682 1099 μειράκιον
3709 1029 3790 1084 εὐ»

554 1119 670 1163 tum
709 1108 1135 1170 adolescentem,
1186 1104 1518 1175 patrimonio
1562 1096 1847 1159 luxuriose
1878 1119 2137 1160 consum-

2233 1113 2388 1180 γενὲς
2416 1115 2640 1181 ἀσώτως
2678 1120 2776 1188 τὴν
2813 1116 3042 1189 γονικὴν
3077 1118 3264 1172 οὐσίαν
3292 1096 3664 1180 ἀναλώσαντα,
3708 1120 3788 1171 καὶ

551 1211 670 1272 pto,
717 1200 783 1255 ad
829 1200 1128 1270 pandochii
1179 1199 1348 1261 fores,
1402 1213 1602 1269 panem
1639 1199 2019 1255 comedentem
2064 1200 2135 1256 si-

2234 1203 2328 1257 ἐπὶ
2353 1203 2545 1278 θύραις
2574 1207 2891 1279 πανδοκείου
2927 1191 3383 1279 άρτονέσθίοντα
3424 1208 3520 1262 καὶ
3544 1206 3682 1278 ὕδωρ
3717 1210 3788 1261 πί-

551 1291 762 1360 timque
780 1305 922 1360 aqua
935 1289 1374 1359 exstinguentem
1395 1288 1622 1343 videns:
1647 1284 1794 1345 Heus
1812 1298 1870 1344 tu
1893 1291 1907 1344 ι
1933 1290 2132 1360 inquit,

2236 1312 2415 1362 νοντα,
2451 1298 2586 1368 πρὸς
2613 1299 2775 1354 αὑτὸν
2806 1300 2954 1370 ἐφηῖο
2984 1300 3047 1353 El
3069 1298 3245 1363 οὕτως
3268 1299 3412 1357 κατά
3444 1298 3667 1370 γνώμην
3689 1299 3789 1369 ἡρί-

553 1383 599 1437 si
636 1382 717 1437 sic
746 1382 863 1451 ipse
898 1388 1094 1451 sponte
1121 1396 1356 1452 pransus
1384 1395 1556 1445 esses,
1594 1396 1705 1434 non
1736 1380 1817 1436 sic
1863 1394 2132 1436 ccenares.

1528 1396 1556 1445 ι,
1594 1396 1705 1434 ιιοιι
1736 1380 1817 1436 sic
1863 1394 2132 1436 ρωποι-εδ.
2238 1402 2393 1453 στας,
2424 1388 2525 1441 οὐκ
2552 1387 2619 1442 ἂν
2643 1384 3134 1453 οὕτως’ὲδείπνεις.

620 1470 1063 1543 Diogenes.—ls
1103 1471 1249 1526 idem
1278 1471 1347 1526 ad
1383 1470 1795 1525 adolescentem
1842 1470 2136 1540 quemdam

2305 1477 2605 1547 Διογένης.
2638 1481 2782 1534 -Ὀ
2815 1481 2979 1544 αὐτὸς
3011 1480 3327 1551 προσελθών
3357 1482 3468 1535 τινὶ
3507 1481 3783 1552 μειρακίῳ.

554 1562 841 1628 accedens,
877 1562 1110 1618 decocto
1151 1561 1506 1631 patrimonio,
1545 1560 1740 1614 decem
1787 1559 1858 1613 ab
1907 1574 1975 1614 eo
2006 1559 2137 1613 dra-

2238 1567 2682 1639 καταϐεϐρωκότι
2726 1568 2796 1623 τὰ
2844 1569 3093 1641 πατρῷα,
3123 1569 3241 1642 ᾔτει
3285 1570 3447 1623 αὐτὸν
3505 1570 3637 1623 δέκα
3673 1570 3788 1641 δρας

554 1655 746 1709 chmas
811 1654 1055 1723 petebat,
1109 1668 1285 1723 eoque
1324 1667 1547 1706 causam
1584 1657 1945 1720 percontante
1981 1649 2137 1704 :Cur

2238 1656 2405 1725 χμάς.
2440 1657 2548 1711 Τοῦ
2577 1659 2635 1712 δὲ
2662 1659 2760 1730 τὴν
2792 1660 2973 1714 αἰτίαν
2998 1661 3282 1732 ἐρομένου,
3318 1661 3386 1713 δι’
3420 1662 3488 1732 ἣν
3525 1661 3674 1731 παρά
3700 1663 3788 1730 μὲν

556 1745 649 1814 qui
676 1744 744 1797 ab
770 1744 892 1797 aliis
923 1742 1145 1797 obolum
1169 1742 1473 1811 acciperet,
1488 1741 1680 1796 decem
1706 1739 1775 1793 ab
1812 1739 1907 1794 illo
1935 1739 2135 1795 drach-

2183 1735 2207 1789 3
2233 1748 2342 1801 τῶν
2369 1748 2544 1803 ἄλλων
2570 1749 2755 1803 ὀϐολὸν
2781 1749 3070 1820 λαμϐάνει,
3102 1750 3255 1823 παρά
3282 1751 3341 1803 δὲ
3362 1751 3530 1804 αὐτοῦ
3557 1751 3789 1822 δραχμὰς

554 1849 674 1890 mas
713 1843 949 1905 peteret,
1012 1833 1333 1903 respondit:
1368 1831 1525 1899 Quod
1556 1832 1625 1887 ab
1667 1830 1794 1886 aliis
1851 1846 1995 1900 saepe
2047 1846 2134 1885 me

2236 1837 2367 1892 δέκα
2395 1841 2556 1906 αίτεί,
2589 1835 2765 1906 εἷπεν,
2795 1842 2879 1894 ὅτι
2908 1843 3068 1912 Παρά
3106 1843 3205 1911 μὲν
3234 1842 3341 1896 τῶν
3376 1842 3554 1897 ἄλλων
3601 1840 3790 1908 ἐλπίζω

556 1937 913 1997 accepturum
936 1941 1176 1997 sperem,
1213 1941 1245 1979 a
1277 1933 1331 1980 te
1360 1934 1543 1979 autem
1570 1923 1801 1993 posthac
1825 1937 2147 1993 nunquam.

1845 1937 2147 1993 umquam.
2234 1928 2502 1998 λήψεσθαι
2524 1930 2823 1995 πολλάκις⁸
2853 1933 3007 2003 παρά
3038 1931 3132 1986 σοῦ
3161 1932 3218 1986 δὲ
3242 1932 3451 1989 οὐκέτι.

633 2018 1194 2090 Xenophont.—-Non
1234 2017 1380 2072 enim
1414 2016 1556 2071 bona
1605 2027 1715 2069 non
1750 2023 1971 2069 nactum
2015 2025 2134 2070 esse

2303 2019 2638 2091 Ξενοφῶν-τ.
2666 2051 2740 2066 -—
2768 2024 2842 2075 Οὐ
2871 2023 2978 2094 γὰρ
3006 2023 3080 2095 μὴ
3108 2022 3294 2076 λαϐεῖν
3336 2022 3406 2076 τά
3445 2022 3628 2092 ἀγαθά
3659 2021 3790 2077 οὕτω

556 2111 957 2191 sic_molestum
989 2119 1096 2177 est,
1130 2121 1191 2165 ut
1231 2124 1355 2164 cum
1393 2115 1592 2169 nactus
1635 2121 1786 2161 esses
1826 2105 1894 2161 iis
1914 2121 2127 2162 carere.

1713 2121 1786 2161 ses
1826 2105 1894 2161 iis
1914 2121 2127 2162 carere.
2235 2109 2487 2180 χαλεπὸν,
2515 2112 2594 2176 ὡς
2613 2112 2676 2166 τὸ
2704 2112 2939 2169 λαϐόντα
2968 2113 3319 2186 στερηθῆναι.

1228 2197 1448 2270 Diphili.

2884 2203 3152 2270 Διφίλου.

557 2288 778 2359 Difﬁcile
819 2290 923 2342 vim
949 2295 1157 2342 tantam
1179 2288 1413 2357 pecunia:
1452 2287 1603 2356 longe
1634 2292 1864 2354 tempore
1895 2283 2137 2363 cu'mula-

2056 2283 2137 2363 l_a-
2239 2294 2458 2363 Ἔργον
2480 2291 2851 2363 συναγαγεῖν
2879 2291 3078 2363 σωρὸν
3106 2291 3415 2363 ἐν-πολλῷ
3445 2294 3660 2363 χρόνῳ.

560 2426 829 2493 Quantam
857 2443 961 2481 uno
994 2427 1076 2481 die
1102 2425 1255 2497 facile
1275 2426 1593 2498 prodegeris.
1951 2354 2132 2425 [κη’

1951 2354 2132 2425 [veris,
2247 2354 2567 2430 ’ὧι-’ἡμέρᾳ
2592 2354 2665 2415 δέ
2690 2354 3055 2432 δὶαφορῆὸαι
3083 2360 3317 2431 ῥᾴδιον.

630 2518 1055 2573 lenm—Zeno
1102 2517 1497 2573 excusantibus
1552 2533 1706 2573 suam
1754 2514 2028 2572 luxuriam
2070 2530 2136 2569 ac

2260 2542 2263 2545 -
2307 2516 2543 2585 Ζήνων.
2596 2549 2665 2560 -
2712 2517 2894 2590 Ζήνων
2945 2517 3084 2588 πρὸς
3133 2518 3263 2582 τοὺς
3329 2519 3798 2588 ἀπολογουμένους

557 2608 892 2675 dicentibus,
936 2625 995 2664 se
1040 2618 1296 2678 sumptus
1324 2606 1509 2662 facere
1534 2622 1603 2661 ex
1651 2608 1924 2678 locuplete
1959 2619 2133 2673 penu,

2236 2605 2376 2677 ὑπὲρ
2423 2608 2524 2677 τῆς
2552 2607 2732 2662 αὐτῶν
2778 2607 3041 2672 ἀσωτίας,
3077 2607 3172 2660 καὶ
3200 2608 3469 2675 λέγοντας,
3499 2608 3563 2657 ἐκ
3598 2605 3798 2657 πολλοῦ

558 2702 831 2766 Etiamne,
859 2702 1059 2771 inquit,
1083 2702 1279 2772 dignos
1302 2701 1463 2754 venia
1490 2697 2014 2770 coquOshabebitis,
2040 2696 2136 2766 qui

2238 2698 2518 2767 περιόντος
2546 2698 2883 2763 ἀναλίσκειν,
2937 2696 3125 2765 ἔλεγεν
3147 2709 3164 2726 ⁸
3197 2696 3264 2750 Εἴ
3289 2714 3388 2749 που
3420 2695 3514 2747 καὶ
3536 2695 3648 2757 τοῖς
3694 2712 3802 2763 μα-

559 2806 669 2859 ριιε
716 2791 844 2845 salis
888 2791 1068 2859 c0pia,
1105 2806 1213 2860 qua
1259 2790 1563 2857 abundant,
1625 2790 1766 2845 salsa
1799 2804 1856 2843 se
1904 2786 2135 2842 obsonia

2234 2788 2440 2857 γείροις
2472 2789 2861 2862 συγγνώσεσθε,
2883 2788 2978 2842 ἐὰν
3007 2787 3231 2857 ἁλμυρά
3272 2787 3470 2854 λέγωσι
3500 2786 3801 2854 πεποιηκέ-

556 2880 754 2938 !ecisse
798 2882 1082 2937 dixerint?

2238 2895 2328 2932 ναι
2359 2879 2427 2934 τά
2453 2882 2578 2951 tea,
2614 2883 2698 2935 ὅτι
2724 2880 2929 2951 πλῆθος
2951 2880 3094 2936 ἀλῶν
3124 2880 3308 2944 αὐτοῖς
3339 2878 3598 2947 ὑπάρχει.

1132 3099 1363 3157 SERMO
1404 3100 1564 3156 LXII.
2159 3085 2204 3142 C

2159 3085 2204 3142 ϐ
2790 3102 3005 3156 ΛΟΓΟΣ
3041 3100 3141 3155 313'
3166 3099 3234 3154 ιι.

939 3213 1016 3268 De
1053 3213 1429 3269 consuetudine
1470 3229 1533 3266 ac
1587 3227 1748 3266 more.
2026 3236 2031 3241 ι

1900 3176 1915 3184 ⁴
2026 3236 2031 3241 ι
2555 3253 2564 3261 .
2595 3214 2732 3285 Περὶ
2767 3213 3096 3281 συνηθείας
3129 3211 3230 3276 καί
3260 3212 3460 3279 ἔθους.

627 3325 775 3381 Rom.
819 3342 910 3392 vn,
938 3293 1499 3381 22.—Condelector
1535 3323 1643 3394 legi
1681 3321 1781 3377 Dei
1831 3321 2136 3378 secundum

2317 3327 2490 3395 Ῥωμ.
2523 3324 2596 3387 ζ’.
2641 3356 2707 3366 -
2750 3326 3056 3395 Συνήδομαι
3095 3325 3172 3395 τῷ
3203 3327 3358 3397 νόμῳ
3385 3325 3481 3380 τοῦ
3508 3323 3645 3379 Θεοῦ
3675 3325 3808 3380 κατά

560 3416 880 3487 interiorem
908 3416 1212 3471 hominem.
1262 3415 1436 3472 Video
1469 3423 1655 3468 autem
1676 3413 1838 3485 673
1861 3414 2024 3467 aliam
2058 3414 2135 3468 le-

2238 3419 2331 3472 τδν
2358 3418 2466 3472 ἔσω
2507 3416 2790 3488 ἄνθρωπον
2813 3433 2825 3444 ’
2873 3416 3054 3486 βλέπω
3083 3416 3141 3469 δὲ
3178 3417 3368 3487 ἕτερον
3413 3418 3580 3487 νόμον
3612 3420 3671 3471 ἐν
3705 3420 3810 3481 τοῖς

554 3523 674 3577 gem
725 3506 1090 3575 inmembris
1120 3522 1278 3577 mets,
1335 3514 1735 3575 repugnantem
1778 3504 1888 3574 legi
1935 3504 2137 3558 mentis

2246 3509 2429 3580 μέλεσι
2481 3525 2602 3578 μου,
2650 3508 3204 3577 ἀντιστρατευόμενον
3241 3505 3322 3577 τῷ
3371 3506 3527 3577 νόμῳ
3569 3506 3666 3560 τοῦ
3696 3507 3810 3569 νοός

556 3615 710 3663 tuear,
746 3608 802 3653 et
849 3600 1217 3669 captivantem
1258 3613 1344 3654 me
1371 3597 1425 3651 in
1466 3597 1584 3667 lege
1616 3595 1852 3666 peccati,
1906 3610 2029 3665 qua:
2051 3601 2137 3650 est

2244 3616 2367 3669 μου,
2395 3599 2489 3652 καὶ
2512 3597 2986 3668 αἰχμαλωτίζοντά
3029 3615 3097 3668 με
3128 3600 3187 3651 ὲν
3220 3596 3300 3669 τῷ
3322 3598 3476 3669 νόμῳ
3505 3598 3608 3668 τῆς
3637 3599 3806 3669 ἀμαρο

556 3690 611 3744 in
654 3691 918 3744 membris
959 3690 1115 3745 meis.
1544 3754 1549 3765 I

2237 3691 2379 3754 τίας,
2412 3689 2490 3759 τῷ
2516 3690 2631 3742 ὄντι
2661 3690 2718 3742 ἐν
2744 3691 2855 3752 τοῖς
2886 3689 3076 3759 μέλεσι
3110 3706 3237 3760 μου.

627 3778 755 3850 Sap.
779 3797 887 3845 xxv,
919 3780 1004 3836 16.
1027 3812 1091 3822 -
1115 3780 1385 3851 Tempore
1413 3779 1761 3836 invalescens
1790 3776 1962 3847 impia
1992 3790 2132 3832 con-

2305 3783 2518 3849 Σολομ.
2556 3779 2646 3832 ιδ’.
2677 3810 2746 3819 -
2793 3780 2988 3851 Χρόνῳ
3014 3779 3323 3851 κρατυνθὲν
3355 3780 3420 3833 τδ
3447 3780 3649 3844 ἀσεϐὲς
3679 3779 3816 3847 ἔθος,

559 3872 821 3936 suetudo,
850 3873 1005 3942 quasi
1038 3873 1125 3928 lex
1166 3873 1458 3928 observata
1487 3882 1593 3929 est.
2069 3881 2076 3889 ’

1284 3882 1458 3928 arvata
1487 3882 1593 3929 est.
2069 3881 2076 3889 '
2232 3870 2306 3934 ὡς
2338 3871 2500 3939 νόμος
2533 3869 2890 3941 διεφυλάχθη.

626 3962 796 4016 Eccli.
827 3979 977 4027 χχιιι,
1006 3962 1096 4017 20.
1133 3992 1201 4002 —
1222 3962 1397 4017 llomo
1438 3971 1695 4018 assuetus
1726 3958 1917 4015 verbis
1939 3957 2132 4013 eonvi-

2304 3962 2485 4031 Σιρὰχ
2532 3962 3022 4033 ιδ’.--⁹Ανθρωπος
3045 3960 3457 4033 συνεθιζόμενος
3483 3962 3667 4031 λόγοις
3693 3962 3824 4015 ὀνει-

559 4056 642 4122 ιίἰ,
671 4056 727 4110 in
755 4066 1026 4111 aaternum
1061 4071 1175 4110 non
1213 4054 1624 4110 emendabitur.

2232 4054 2448 4126 δισμοῦ,
2483 4056 2562 4119 είς
2586 4055 2680 4108 τὴν
2712 4055 2893 4110 αίῶνα
2924 4056 3002 4127 (a)
3030 4057 3092 4109 ού
3123 4055 3197 4127 μὴ
3228 4055 3522 4125 παιδευθῇ.

625 4145 839 4202 Basilii.
864 4147 1140 4216 -Neque
1171 4154 1234 4201 ut
1255 4147 1312 4200 in
1347 4162 1474 4200 cera
1532 4146 1745 4201 scribas
1779 4144 1899 4200 ﬁeri
1927 4151 2129 4215 potest,

2304 4149 2519 4201 Βασιλ.
2572 4176 2641 4187 -ε-
2692 4146 2828 4200 Οὔτε
2864 4148 2922 4200 ὲν
2967 4146 3122 4217 κηρῷ
3181 4145 3394 4216 γράψαι
3438 4145 3700 4211 δυνατὸν,
3754 4143 3827 4214 μὴ

554 4236 690 4307 quin
723 4238 879 4308 prius
908 4237 989 4292 illi
1017 4237 1355 4291 inhaerentes
1404 4246 1565 4289 notas
1592 4234 1904 4299 deleveris;
1938 4248 2044 4288 nec
2071 4241 2133 4287 ut

2234 4235 2760 4307 προκαταλεάναντα
2804 4237 2929 4301 τοὺς
2949 4238 3205 4291 ὲναποκει
3213 4235 3406 4305 μένους
3429 4236 3793 4306 χαρακτῆρας
3813 4250 3825 4264 ·

555 4329 740 4383 animo
760 4329 947 4382 divina
976 4328 1309 4393 committas,
1331 4326 1439 4381 nisi
1474 4341 1614 4397 quas
1655 4325 1866 4381 invexit
1899 4339 2132 4381 consue-

2232 4326 2356 4379 οὔτε
2385 4327 2531 4398 ψυχῇ
2559 4328 2681 4381 θεῖα
2720 4326 3084 4400 παραθέσθαι,
3130 4328 3206 4400 μὴ
3250 4327 3351 4389 τὰς
3399 4328 3465 4382 ἐκ
3523 4328 3623 4380 τοῦ
3674 4328 3834 4390 ἔθους

556 4421 691 4476 tudo
723 4426 1022 4491 occupatas
1046 4419 1336 4489 opiniones
1357 4406 1681 4474 abstuleris.
2160 4414 2162 4419 ⁴

1220 4435 1336 4475 mes
1357 4406 1681 4474 abstuleris.
2160 4412 2206 4467 D
2235 4419 2530 4490 προλήψεις
2555 4420 2826 4484 ἐξελόντα.

623 4511 776 4567 Nihil
805 4520 891 4567 est
929 4519 1039 4581 tam
1066 4508 1460 4573 desiderabile,
1479 4506 1626 4578 quod
1651 4505 1739 4561 sui
1772 4504 1995 4560 fruendi
2013 4504 2130 4576 jugi

2299 4509 2465 4563 Οὐδὲν
2494 4508 2666 4573 οὕτως
2697 4509 3054 4580 ἐπιθυμητὸν,
3087 4510 3164 4574 ὡς
3197 4510 3272 4581 μὴ
3326 4512 3394 4582 τῇ
3429 4510 3699 4580 συνεχείᾳ
3729 4508 3836 4577 τῆς

558 4604 878 4659 assiduitate
910 4603 964 4657 in
996 4608 1376 4671 contemptum
1405 4615 1516 4654 non
1552 4598 1757 4654 veniat.
1793 4596 1926 4663 Quae
1946 4603 2130 4651 autem

2234 4599 2588 4663 ἀπολαύσεως
2612 4598 3085 4672 εὐκαταφρόνητον
3118 4601 3372 4670 γίνεσθαι
3398 4618 3411 4629 ο
3468 4593 3546 4654 ὧν
3580 4601 3642 4653 δὲ
3692 4616 3839 4652 σπα-

559 4695 740 4750 rarius
769 4694 1171 4759 nanciscimur,
1230 4693 1430 4747 borum
1472 4689 1694 4745 charior
1738 4703 1873 4743 usus
1907 4703 1971 4742 ac
2003 4702 2130 4756 pcr—

1969 4711 1971 4734 ι
2003 4702 2130 4756 pcr—
2239 4692 2327 4747 νία
2358 4693 2390 4761 ἡ
2421 4693 2631 4762 κτῆσις,
2668 4690 3135 4762 περισπούδαστος
3167 4695 3200 4763 ή
3241 4692 3575 4756 ἀπόλαυσις.

558 4784 745 4854 ceptio
769 4785 1030 4839 habetur.
2480 4802 2483 4803 ν

632 4877 952 4931 Veteratum
982 4875 1206 4939 vulnus,
1233 4874 1473 4944 malique
1524 4870 1769 4926 studium
1816 4869 1966 4940 longi
2002 4877 2139 4923 lem-

2311 4869 2765 4940 Παλαιωθὲψγάρ
2794 4869 3012 4941 τραῦμα
3047 4868 3249 4939 ψυχῆς,
3290 4870 3389 4924 καὶ
3418 4868 3603 4924 κακοῦ
3639 4869 3846 4940 μελέτη

559 4968 711 5037 poris
744 4983 847 5023 usu
870 4966 1327 5037 ﬁrmatum,a:gre
1350 4962 1675 5029 admodum,
1701 4972 1796 5019 aut
1824 4978 1891 5018 ne
1915 4960 2139 5032 quidem

2245 4963 2422 5039 χρόνῳ
2450 4960 2829 5030 βεϐαιωθεῖσα,
2859 4959 3107 5026 δυσίατός
3136 4963 3309 5027 ἐστιν,
3346 4959 3382 5033 ἢ
3417 4962 3517 5014 καὶ
3552 4958 3850 5018 παντελῶς

631 5122 676 5155 ³⁸
714 5123 775 5178 1η
804 5122 970 5178 Gesn.
1003 5120 1156 5178 Stob.
1192 5122 1313 5176 144.

2058 5208 2196 5265 ΝΟΤ

2058 5210 2288 5267 NOTAE.

571 5310 737 5384 Posse
764 5308 988 5384 divitias
1004 5307 1167 5384 _nulla_
1191 5309 1351 5384 culpa
1379 5308 1574 5363 deesse
1600 5324 1613 5360 :
1644 5322 1771 5384 cum
1794 5304 2004 5384 adsint,
2029 5320 2142 5384 no_n_
2248 5375 2260 5384 _
2314 5303 2390 5375 (a)
2411 5304 2524 5384 ⁸Εἰς
2550 5301 2655 5357 τὸν
2678 5302 2885 5384 altera:
2915 5302 3021 5357 Alii
3044 5310 3389 5384 constanter,
3419 5304 3628 5384 eodem
3650 5318 3854 5384 sepse.

571 5372 729 5455 posse
751 5377 1055 5455 guisnmale
1092 5372 1344 5455 uti,q_uin
1370 5394 1428 5433 se
1465 5393 1616 5455 _eum
1648 5377 1761 5455 illis
1816 5374 2046 5444 perdat:
2092 5374 2146 5455 id

2247 5372 2560 5455 ἔν’πάσάις
2615 5374 2734 5455 ταῖς
2769 5372 3005 5452 ἡμέραις
3053 5373 3241 5427 αὑτοῦ.
3271 5374 3393 5455 yec
3447 5376 3647 5455 ali_ter_
3674 5374 3853 5455 yulg:

570 5440 720 5502 ianim
748 5440 861 5516 β’ίος
884 5444 1092 5510 Grmce,
1128 5440 1187 5501 et
1212 5440 1320 5501 vita
1352 5448 1593 5501 etvirtus
1619 5440 1862 5516 {sicque
1882 5444 2147 5516 sequenti
2244 5443 2307 5516 In
2367 5441 2607 5516 omnibus
2630 5440 2939 5516 diebussziis
2995 5459 3098 5516 nou
3150 5444 3450 5499 erudiatur.
3514 5440 3855 5516 Desiderari

574 5510 843 5572 sententia
900 5515 1092 5568 eodem
1139 5519 1414 5573 acumine.
1457 5510 1848 5584 dilapidatio'nc
1881 5510 2146 5584 bonorum
2246 5514 2337 5567 hic
2367 5512 2701 5584 sententiam
2726 5526 2793 5584 ex
2828 5512 3145 5584 Evangelia,
3173 5523 3373 5584 notant
3426 5515 3656 5570 Maximi
3695 5510 3859 5567 codi-

576 5587 1039 5663 quasimortuus
1090 5586 1275 5638 Victus
1344 5581 1583 5651 vitaque
1633 5585 1787 5655 (βίω)
1855 5582 2147 5637 cl‘fcrridi-
2250 5596 2360 5659 ces.
2428 5582 2659 5650 Reliqua
2718 5581 2879 5634 etiam
2933 5581 2986 5633 in
3035 5582 3277 5637 Ballesd.
3346 5585 3475 5640 cod.
3543 5585 3737 5639 oblita
3805 5586 3861 5633 el

582 5664 750 5706 Ωιιυτ.
2252 5666 2473 5703 01111583.
