4066 6150
261 303 374 370 989

1564 319 1731 383 LOCI
1770 323 2204 386 COMMUNES.

3399 328 3505 397 990

266 415 510 482 ἀνίατος,
541 417 618 484 ὡς
646 419 716 474 τὰ
745 421 915 478 πολλὰ
942 422 1038 494 τῆς
1067 423 1233 490 ἕξεως
1262 425 1343 491 εἰς
1379 444 1541 496 φυσιν
1571 431 1823 500 μεθιστα-

1939 437 2188 500 omnino,
2221 436 2405 492 curari
2429 436 2700 508 possunt;
2733 449 2795 496 ut
2848 441 3000 511 quod
3046 444 3370 514 plerumque
3401 445 3500 500 ha-

271 503 465 574 μένηςο

342 597 544 662 Ἔθους
597 601 892 672 χωρισμὸς,
939 605 1034 658 καὶ
1078 605 1198 671 τοῖς,
1240 607 1456 676 ἀλόγοις
1483 611 1599 666 ἐστὶ
1635 613 1832 682 δυσφο-

269 686 532 760 ρώτατος.
565 691 672 743 Καί
720 709 851 747 ποτε
882 689 1018 748 εῐδον
1047 697 1158 765 ἐγὼ
1201 697 1327 767 βοῦν
1361 701 1454 752 ἐπὶ
1503 701 1710 774 φάτνης
1736 704 1830 759 δαο

265 775 526 846 κρύοντα,
549 778 640 832 τοῦ
659 783 918 856 συννόμου
948 785 1113 840 αὐτοῦ
1151 789 1244 842 καὶ
1271 787 1541 860 ὁμοζύγου
1579 793 1834 868 τελευτή-

268 883 484 932 σαντος,

337 957 658 1028 Θεολόγου.
684 991 756 1001 -
781 961 939 1034 Ῥᾷον
975 965 1084 1036 γὰρ
1124 966 1220 1019 ἀπ’
1266 967 1442 1041 ἀρχῆς
1477 972 1551 1042 μὴ
1583 973 1825 1030 ἐνδοῦναι

263 1047 446 1120 κακίᾳ.
477 1050 574 1105 καὶ
617 1055 948 1123 προσιοῦσαν
995 1057 1298 1128 διαφυγεῖν,
1343 1061 1376 1132 ἢ
1427 1064 1826 1136 προϐαίνουσαν

263 1137 530 1208 ἀνακόψαι
561 1140 658 1194 καὶ
689 1143 921 1214 φανῆναι
954 1146 1154 1216 ταύτης
1187 1147 1477 1222 ἀνώτερος.

329 1229 541 1301 Δικτύῳ
580 1233 827 1302 κομίζειν
852 1235 994 1306 ὕδωρ
1023 1239 1118 1292 καὶ
1164 1239 1382 1294 πλίνθον
1415 1243 1635 1298 πλύνειν
1661 1246 1825 1300 εὐπε-

261 1319 372 1384 τὲς,
414 1320 448 1387 ἦ
479 1323 678 1376 κακίαν
707 1324 1060 1402 φυτευθεῖσαν
1089 1329 1266 1402 χρόνῳ
1299 1333 1478 1404 πολλῷ
1507 1335 1566 1388 ἐν
1607 1333 1822 1407 ἀνθρώ-

263 1425 367 1461 που
395 1409 538 1482 ψυχῇ
568 1411 770 1477 ἐξελεῖν
797 1415 1042 1472 δυνατόν.

333 1499 630 1566 Χρυσοστ.
660 1531 732 1542 —
763 1503 928 1558 Οὐδὲν
958 1503 1130 1570 οὕτως
1177 1508 1394 1580 ἰσχυρὸν
1423 1510 1574 1582 παρά
1619 1511 1831 1586 ἀνθρώ-

264 1602 408 1654 ποις,
439 1589 516 1652 ὡς
549 1593 838 1662 συνηθείας
867 1594 1106 1659 παλαιᾶς
1137 1598 1413 1669 τυραννίς.

332 1679 490 1742 Τινὲς
525 1679 635 1736 τῶν
678 1681 898 1750 ἔξωθεν,
927 1685 1190 1760 δευτέραν
1219 1687 1384 1758 φύσιν
1409 1689 1509 1760 τὴν
1537 1691 1825 1762 συνήθειαν

262 1767 546 1825 ἐκάλεσαν.

327 1863 564 1934 Δεινὸνή
597 1863 852 1935 συνήθεια
874 1868 1172 1937 κατασχεῖν
1207 1867 1343 1940 πρὸς
1367 1867 1586 1940 ἑαυτήν,
1620 1870 1715 1922 καὶ
1751 1869 1827 1941 μὴ

263 1953 616 2024 συγχωρῆσαι
638 1953 799 2010 πάλιν
823 1955 1176 2028 διαναστῆναι
1209 1959 1304 2013 ἐπὶ
1334 1958 1438 2030 τὴν
1463 1957 1688 2031 πρώτην
1711 1958 1826 2024 ἕξιν

258 2043 362 2115 τῆς
395 2044 618 2115 ἀρετῆς.

335 2136 491 2208 Toxil
516 2135 664 2204 ἅπαξ
695 2137 942 2210 ἁμαρτίᾳ
967 2139 1352 2210 ’σπεισαμένη,
1387 2140 1483 2194 καὶ
1508 2141 1828 2214 ἀναλγήτως

257 2227 592 2295 διατεθεῖσα,
625 2229 828 2300 πολλὴν
855 2230 1082 2302 παρέχει
1110 2231 1190 2304 τῷ
1225 2235 1493 2304 νοσήματι
1532 2233 1630 2306 τὴν
1660 2251 1828 2305 προσ-

260 2317 456 2390 θήκην.

331 2409 598 2476 Πολλάκις
624 2411 726 2484 τήν
754 2413 931 2484 φλόγα
958 2415 1088 2486 περὶ
1115 2415 1216 2487 τὴν
1243 2415 1418 2486 ἀρχὴν
1448 2415 1522 2487 μὴ
1570 2415 1824 2470 σϐεννύν-

257 2515 371 2564 τες,
401 2501 482 2563 είς
513 2500 656 2571 μέγα
684 2505 942 2572 ναυάγιον
968 2505 1333 2575 κατήντησαν.
1364 2507 1456 2576 Μὴ
1485 2505 1684 2576 ἔχουσα
1716 2505 1826 2577 γὰρ

258 2589 504 2660 ἁμαρτία
544 2590 635 2644 τὸν
670 2593 752 2656 είς
795 2595 981 2665 πρόσω
1031 2595 1302 2668 προϐῆναι
1347 2596 1647 2662 κωλύοντα,
1675 2597 1826 2668 ἵππῳ

259 2680 402 2734 ἔοικε
454 2683 544 2735 τὸν
575 2683 790 2752 χαλινὸν
837 2685 1200 2758 ἀπορῤίψαντι
1253 2686 1347 2740 καὶ
1389 2686 1482 2741 τὸν
1549 2686 1827 2758 ἀναϐάτην

258 2786 365 2840 κρη
375 2771 636 2840 μνίζοντι.

329 2858 676 2928 Κλήμεντος
708 2861 956 2932 Ῥώμης.
985 2891 1058 2904 -—
1091 2863 1158 2918 Ὀ
1195 2863 1302 2934 γὰρ
1336 2863 1488 2944 μισεῖ
1509 2880 1592 2927 τις
1615 2863 1703 2917 διὰ
1727 2862 1826 2936 τὴν

135 3012 149 3020 _
255 2949 519 3005 ἐπιοῦσαν
556 2955 622 3024 τῇ
659 2953 846 3024 ήλικίᾳ
897 2953 1132 3019 σύνεσιν,
1180 2953 1338 3012 τοῦτο
1377 2954 1468 3010 διὰ
1524 2953 1620 3026 τὴν
1659 2956 1825 3010 πολυ-

256 3043 470 3114 χρόνιον
523 3043 631 3100 τῶν
679 3046 866 3100 κακῶν
892 3047 1192 3119 συνήθειαν
1240 3040 1506 3120 πράττειν
1551 3061 1821 3119 συναναγ-

259 3133 508 3202 κάζεται,
559 3136 738 3209 δεινὴν
791 3138 1036 3196 σύνοικον
1081 3139 1184 3212 τήν
1231 3140 1506 3212 ἁμαρτίαν
1555 3141 1822 3214 παρειλη-

257 3242 394 3294 φως.

329 3317 578 3374 Βοιωτῶν
609 3318 742 3374 ἔνιοι
769 3320 896 3383 τοὺς
931 3319 1213 3392 χρεώστας
1236 3321 1338 3376 οὐκ
1368 3322 1715 3387 ἀποδιδόντας
1752 3323 1820 3390 ³⁸,

256 3407 336 3470 εἰς
363 3408 568 3480 ἀγορὰν
588 3409 1188 3484 ἀγοντες,⁹καθῆσ[θ]αι
1221 3411 1558 3465 κελεύουσιψ
1582 3408 1702 3466 εἶτα
1734 3414 1824 3468 κό-

256 3513 408 3567 φινον
431 3500 812 3556 ἐπιϐάλλουσιν
837 3501 987 3574 αὐτῷ
1006 3519 1020 3534 ο
1049 3502 1108 3566 ὃς
1131 3501 1177 3557 δ’
1200 3503 1267 3558 ἀν
1296 3503 1594 3572 κοφινωθῇ,
1629 3503 1822 3574 ἄτιμος

255 3590 485 3659 γίνεται.
527 3595 686 3648 Δοκεῖ
711 3593 768 3648 δὲ
797 3592 958 3649 τοῦτο
989 3593 1316 3652 πεπονθέναι
1348 3595 1442 3649 καὶ
1466 3595 1494 3647 ὁ
1519 3595 1820 3668 Εὐριπίδου

256 3679 440 3750 πατὴρ
469 3679 702 3746 Βοιωτὸς
731 3681 807 3736 ὢν
834 3683 895 3735 τὸ
935 3681 1111 3751 γένος.

321 3768 560 3839 Πέρσαις
591 3769 621 3824 ὃ
667 3771 744 3842 μή
777 3772 950 3826 ποιεῖν
977 3770 1208 3838 ἔξεστιν,
1235 3769 1356 3825 οὐδὲ
1385 3769 1659 3839 λέγουσιν.
1697 3771 1822 3828 Ἐὰν

252 3859 309 3914 δέ
333 3877 418 3923 τις
449 3861 661 3934 πατέρα
683 3863 890 3936 κτείνῃ,
917 3863 1065 3917 λιτὸν
1091 3859 1252 3916 αὐτὸν
1274 3861 1480 3917 οἴονται
1507 3861 1602 3934 (b)°
1637 3861 1733 3916 ἐὰν
1765 3860 1823 3916 δέ

251 3967 374 4006 τινα
417 3947 698 4024 προστάξῃ
726 3952 980 4022 βασιλεὺς
1009 3951 1380 4022 μαστιγῶσαι,
1411 3951 1725 4023 εὐχαριστεῖ
1745 3951 1824 4016 ὡς

253 4041 459 4110 ἀγαθοῦ
489 4042 688 4115 τυχὼν,
719 4044 801 4098 ὃτι
829 4041 994 4097 αὐτοῦ
1021 4042 1269 4116 ἐμνήσθη
1295 4043 1324 4096 ὁ
1353 4040 1626 4112 βασιλεύς.
1645 4037 1824 4096 τΑθλα

255 4133 312 4186 δὲ
337 4133 680 4204 λαμϐάνουσι
711 4135 864 4206 παρά
899 4134 1160 4206 βασιλέως
1215 4134 1574 4197 πολυτεκνίας
1599 4148 1613 4162 ⁶
1666 4134 1716 4186 oi
1764 4133 1821 4188 δὲ

252 4223 444 4285 παῖδες
473 4224 604 4295 παρ’
639 4223 824 4290 αὐτοῖς
868 4223 1058 4297 ὥσπερ
1101 4223 1397 4295 μαθήματα
1426 4222 1487 4276 τὸ
1534 4221 1821 4292 ἀληθεύειν

250 4313 612 4372 διδάσκονται.

1937 525 2088 580 bitus
2114 526 2172 580 in
2196 536 2450 582 naturam
2477 537 2744 585 mutetur.

2004 615 2090 670 Ab
2117 619 2356 673 assuetis
2384 617 2645 690 disjungi,
2705 615 2870 676 etiam
2920 621 3088 676 mutis
3127 618 3500 694 animantibus

1933 705 2391 762 molestissimum
2447 717 2554 766 est.
2611 709 2838 765 Memini
2891 710 3222 781 quandoque
3259 707 3327 762 ad
3361 723 3502 777 prae-

1932 809 2063 865 sepe
2095 795 2292 852 bovem
2323 797 2551 865 vidisse,
2581 802 2676 870 qui
2707 815 3096 870 compascuum
3126 815 3192 854 ac
3231 799 3486 870 coniuga-

1930 885 2041 940 lem
2071 885 2271 942 bovem
2293 889 2626 945 exstinctum
2660 890 2908 946 deﬁeret.

2003 974 2608 1046 Theologi.—Facilius
2641 984 2726 1032 est
2759 993 2790 1032 a
2835 977 3108 1051 principio
3141 991 3254 1035 non
3281 990 3339 1031 se
3360 973 3499 1030 vitio

1931 1063 2158 1130 dedere,
2177 1081 2559 1138 enascensque
2589 1067 2854 1138 effugere,
2881 1084 3047 1138 quam
3098 1076 3321 1124 auctum
3349 1065 3498 1120 inhi-

1931 1154 2087 1218 bere,
2114 1169 2291 1224 eoque
2324 1157 2667 1225 superiorem
2697 1157 2955 1212 evadere.

2004 1243 2258 1298 Reticulo
2281 1260 2480 1314 aquam
2511 1245 2658 1299 ferre
2687 1253 2746 1299 et
2781 1245 3012 1300 laterem
3056 1245 3242 1300 lavare
3277 1243 3497 1298 facilius

1931 1343 2038 1399 est,
2069 1349 2235 1404 quam
2264 1333 2415 1404 longi
2449 1335 2716 1404 temporis
2737 1350 2842 1388 usu
2869 1335 2976 1388 alta
3010 1334 3196 1389 radice
3223 1333 3278 1388 in
3319 1333 3498 1390 homi-

1931 1423 2020 1485 nis
2051 1425 2239 1478 animo
2264 1423 2505 1481 deﬁxum
2536 1425 2699 1479 liceat
2721 1425 2916 1480 vitium
2946 1425 3215 1480 eximere.

1991 1513 2349 1585 Chrysost.—
2369 1514 2521 1569 Nihil
2550 1515 2632 1569 sic
2663 1515 2883 1570 ﬁrmum
2933 1514 3082 1570 inter
3127 1514 3403 1580 homines,
3435 1529 3499 1570 ac

1931 1605 2140 1661 veteris
2165 1605 2587 1660 consuetudinis
2614 1605 2721 1660 vis.

2002 1695 2230 1750 Externi
2249 1695 2473 1766 quidam
2502 1696 2962 1752 consuetudinem
2987 1697 3218 1753 alteram
3245 1704 3499 1751 naturam

1859 1768 1901 1824 Β
1930 1783 2211 1843 dixerunt.

1998 1876 2136 1931 Mira
2161 1875 2248 1930 vis
2271 1874 2693 1934 consuetudinis
2720 1885 2781 1932 ut
2823 1878 2892 1932 ad
2913 1893 2974 1933 se
3001 1877 3267 1942 detineat,
3299 1893 3404 1933 nec
3429 1877 3499 1932 ad

1927 1967 2171 2036 priorem
2203 1983 2396 2023 rursus
2421 1968 2652 2025 virtutis
2699 1967 2950 2024 habitum
3001 1983 3292 2039 assurgere
3333 1968 3496 2024 sinat.

1993 2142 2227 2198 Animus
2256 2142 2368 2199 icto
2391 2145 2564 2199 semel
2615 2160 2739 2200 cum
2787 2150 3016 2214 peccato
3057 2144 3288 2208 fmdere,
3331 2143 3497 2198 amis-

1927 2247 2100 2303 soquc
2156 2233 2368 2289 doloris
2427 2249 2594 2290 sensu
2672 2249 2850 2306 eoque
2913 2237 3169 2304 attonita,
3222 2236 3500 2307 ingentem

1925 2325 2120 2381 morbo
2141 2326 2512 2380 accessionem
2543 2327 2673 2382 facit

1997 2412 2097 2480 Qui
2129 2412 2400 2468 ﬁammam
2425 2415 2496 2469 ab
2524 2415 2682 2472 initio
2713 2433 2826 2472 non
2847 2417 3224 2488 exstinguunt,
3274 2417 3314 2472 ii
3357 2431 3498 2486 saepe

1927 2504 1983 2559 in
2010 2520 2266 2576 maguum
2301 2506 2558 2568 incidunt
2609 2509 2953 2564 incendium.
3007 2510 3304 2564 Peccatum
3351 2507 3498 2562 enim

1925 2595 2081 2650 nullo
2141 2597 2262 2667 ejus
2309 2599 2546 2655 ulterius
2594 2600 2888 2656 inhibente
2928 2615 3304 2671 progressum,
3355 2614 3501 2669 equo
3543 2643 3550 2648 .

1927 2688 2108 2744 simile
2138 2697 2244 2758 est,
2273 2691 2369 2761 qui
2396 2691 2555 2748 freno
2606 2694 2824 2765 abjccto
2877 2709 3150 2751 sessorem
3181 2693 3238 2747 in
3258 2705 3503 2764 praeceps

1923 2779 2057 2850 agit.

1997 2869 2280 2926 Clementis
2311 2871 2554 2929 Romani.
2580 2905 2648 2916 —
2667 2867 2823 2940 Quod
2845 2877 2970 2946 quis
2995 2875 3132 2942 odit,
3163 2891 3265 2946 pro
3285 2891 3349 2931 ea
3368 2890 3502 2946 pru~

1926 2961 2114 3016 dentia
2153 2977 2320 3032 quam
2371 2971 2504 3021 tetas
2567 2966 2838 3022 maturior
2876 2967 3128 3033 invexit,
3187 2967 3240 3022 id
3267 2979 3396 3022 vero
3429 2965 3502 3021 ob

1925 3048 2074 3120 longi
2110 3051 2380 3120 temporis
2413 3051 2664 3108 inolitam
2695 3054 3157 3110 consuetudinem
3189 3055 3372 3110 facere
3404 3069 3502 3110 co-

1929 3137 2098 3209 gitur,
2143 3151 2434 3211 peccatum
2483 3158 2708 3214 gravem
2763 3151 2964 3200 nactus
3021 3145 3500 3202 contubernalem.

1997 3317 2162 3389 675.
2183 3317 2500 3374 Bmotorum
2535 3316 2757 3386 quidam
2784 3333 2905 3385 eos,
2921 3317 3017 3388 qui
3039 3333 3114 3372 aes
3129 3318 3369 3372 alienum
3391 3334 3500 3374 non

1927 3407 2168 3468 solvunt.
2196 3406 2252 3460 in
2291 3406 2470 3462 forum
2509 3407 2796 3470 adductos,
2829 3407 3020 3462 sedere
3037 3407 3264 3478 jubent;
3300 3406 3502 3461 deinde

1927 3495 2228 3566 cophinum
2277 3495 2492 3550 sedenti
2551 3495 2826 3566 injiciunt.
2883 3496 2989 3562 Qui
3034 3505 3220 3551 autem
3260 3497 3501 3565 cophino
3593 3506 3597 3510 ‘
3663 3500 3672 3509 '

1928 3584 2176 3638 intectus
2194 3582 2384 3648 fuerit,
2409 3581 2628 3638 infamis
2650 3584 2922 3639 habetur:
2955 3585 3100 3654 quod
3142 3597 3198 3639 et
3223 3584 3365 3656 patri
3392 3585 3501 3638 Eu-

1931 3674 2156 3744 ripidis,
2191 3673 2383 3729 Bmoto
2407 3673 2642 3738 homini,
2671 3675 2939 3730 accidisse
2964 3676 3106 3732 fama
3137 3685 3240 3732 est.

1999 3763 2204 3828 Persa,
2231 3761 2382 3832 quod
2412 3761 2595 3816 facere
2623 3777 2732 3816 non
2763 3763 2912 3831 licet,
2944 3780 3014 3818 ne
3049 3765 3344 3820 dicendum
3371 3765 3500 3835 qui-

1927 3841 2053 3908 dem
2080 3860 2299 3922 putant.
2325 3851 2484 3918 Quod
2515 3852 2561 3908 si
2584 3861 2797 3924 patrem
2822 3853 3341 3926 aliquis-occiderit,
3369 3855 3501 3910 sub-

1927 3943 2173 4000 dititium
2202 3958 2329 3998 eum
2355 3952 2570 4014 putant.
2599 3944 2656 4000 Si
2691 3960 2856 4014 quem
2905 3961 3001 4000 rex
3033 3949 3289 4016 vapulare
3319 3947 3503 4018 jusse-

1927 4033 2022 4098 rit,
2054 4034 2260 4104 gratias
2283 4033 2414 4104 agit,
2438 4036 2596 4105 quasi
2623 4035 2870 4090 muneris
2893 4035 3103 4106 aliquid
3143 4041 3496 4100 consecutus,

1927 4125 2078 4196 quod
2105 4141 2202 4180 rex
2231 4125 2383 4180 illius
2415 4126 2754 4181 meminerit.
2781 4126 2940 4192 Quod
2961 4127 3162 4181 multas
3197 4126 3500 4194 suscipiant

1926 4217 2134 4296 proles,
2165 4218 2390 4288 praemia
2411 4235 2443 4273 a
2475 4235 2601 4290 rege
2641 4219 2958 4274 constituta.
3013 4218 3198 4274 Liberi
3231 4217 3376 4288 apud
3401 4231 3499 4272 eos

1928 4319 2191 4380 tanquam
2219 4309 2542 4381 disciplinas
2567 4311 2792 4366 discunt
2824 4327 3016 4366 verum
3045 4311 3252 4366 dicere.

317 4408 538 4462 Φίλων.
589 4437 662 4448 --
705 4406 1048 4478 Ἐγχρονίζον
1085 4402 1216 4475 ἦθος
1247 4405 1460 4474 φύσεως
1505 4404 1823 4478 κραταιότε-

1997 4401 2260 4458 Philonis.
2286 4433 2342 4444 —
2378 4403 2651 4466 Diuturna
2685 4404 3054 4471 consuetudo,
3080 4411 3274 4458 natura
3291 4401 3498 4457 fortior

254 4495 347 4566 ρόν
385 4498 502 4548 ἐστι
525 4513 540 4528 ·
603 4497 698 4549 καὶ
733 4498 906 4568 μικρά
953 4497 1027 4567 μή
1061 4497 1378 4566 κωλυόμενα
1427 4496 1818 4568 ἁμαρτήματα,

253 4587 454 4661 φύεται
519 4588 614 4641 καὶ
665 4589 963 4652 ὲπιδίδοται
1035 4589 1173 4660 πρὸς
1250 4587 1478 4660 μέγεθος
1553 4585 1824 4654 συναυξάς

255 4695 408 4732 νοντα
417 4719 430 4734 ο

322 4767 608 4838 Μηδαμῶς
637 4767 735 4839 τὴν
763 4767 924 4838 φύσιν
943 4767 1248 4837 αἰτιώμεθα
1272 4784 1286 4798 ·
1339 4769 1516 4824 πάντα
1565 4767 1671 4840 γὰρ
1705 4765 1818 4838 βίον

255 4860 382 4933 ιιδὺν
409 4858 444 4930 ἢ
471 4859 613 4930 ἀηδῆ
648 4861 682 4930 ὴ
710 4861 966 4931 συνήθεια
994 4863 1156 4921 ποιεῖ.

318 5039 564 5110 Χαρικλ.
595 5065 666 5076 —
689 5038 870 5102 Πάθος
899 5037 1008 5111 γὰρ
1034 5039 1199 5103 ἅπαν,
1227 5037 1288 5092 τὸ
1319 5037 1418 5108 μὲν
1450 5035 1616 5102 ὀξέως
1659 5051 1816 5118 γινωφ

322 5217 368 5250 ⁸⁵
394 5213 632 5276 Alterius
654 5215 771 5272 haec
797 5229 962 5286 quam
1009 5211 1309 5278 Clementis
1357 5210 1516 5282 Bom.

1925 4503 2046 4560 est;
2076 4493 2330 4564 levisque
2374 4505 2626 4565 peccata,
2661 4496 2768 4551 nisi
2810 4497 3094 4560 cohibeas,
3135 4493 3369 4550 subinde
3397 4510 3500 4548 na-

1924 4593 2181 4650 scuntur,
2225 4592 2464 4654 nataque
2501 4600 2761 4658 magnum
2806 4585 3033 4656 capiunt
3069 4584 3495 4640 incrementum.

1995 4761 2436 4831 Haudquaquam
2461 4761 2766 4820 incusanda
2811 4768 3042 4816 natura:
3087 4773 3304 4814 omnem
3347 4757 3498 4812 cnim

1927 4853 2099 4909 vitam
2130 4839 2475 4911 consuetudo
2502 4861 2598 4908 aut
2647 4852 2952 4924 jucundam
2993 4858 3089 4908 aut
3141 4847 3498 4922 injucundam

1925 4952 2170 5016 praestat.
2513 5003 2518 5012 ,

1997 5033 2272 5094 Chariclis.
2288 5034 2568 5108 Quidquid
2587 5035 2706 5092 vitii
2723 5051 2787 5095 ac
2803 5035 2981 5092 morbi
2999 5035 3110 5092 cito
3127 5031 3400 5097 noscitur,
3419 5030 3497 5088 fa-

1754 5301 2011 5360 NOTIE.‘

325 5421 411 5494 (ιι)Δ
450 5420 633 5494 Λιτόν
701 5419 885 5474 αὑτὸν
941 5419 1188 5494 οῑοντᾳ-ιη.
1243 5416 1545 5494 Proba_tius_
1587 5415 1814 5494 videtur

1927 5419 2066 5494 cium
2091 5417 2348 5494 edoctum
2382 5427 2562 5494 sonet,
2591 5435 2705 5494 non
2731 5419 2813 5478 sic
2844 5423 3052 5480 crimen
3081 5422 3324 5494 depellit,
3352 5429 3408 5478 et
3436 5426 3498 5483 ut

253 5485 584 5559 ὕπὸϐλητδν,
615 5496 674 5543 ιιι
699 5498 899 5559 negent
919 5505 1051 5546 vere
1103 5488 1300 5550 ﬁlium,
1330 5488 1424 5559 sed
1463 5485 1812 5559 subdititium

249 5571 309 5618 et
331 5576 434 5630 sup
453 5555 699 5623 ’ositum,
749 5555 844 5628 q'ui
933 5559 1108 5614 arenti
1134 5573 1326 5614 manus
1377 5555 1625 5610 intulerit
1649 5572 1664 5619 ;
1714 5571 1816 5610 nec

252 5576 488 5681 mimi;
507 5641 636 5680 reus
665 5575 946 5681 parricidii
967 5629 1058 5681 sit.
1083 5628 1176 5681 sed
1195 5627 1372 5681 solum
1403 5619 1813 5681 homicidii.Tb.

291 5619 488 5686 roinde
507 5641 636 5680 reus
665 5619 946 5695 parricidii
967 5629 1058 5692 sit,
1083 5628 1176 5683 sed
1195 5627 1372 5681 solum
1403 5619 1813 5695 homicidiiJ},

263 5693 420 5772 λιτὸν,
449 5696 595 5767 quod
627 5693 948 5765 simplicem,
982 5713 1083 5753 nec
1121 5697 1391 5752 urbanum
1417 5695 1550 5750 satis
1579 5702 1671 5764 aut
1699 5693 1816 5747 olli-

1921 5489 2196 5564 parricida
2227 5504 2338 5544 non
2355 5490 2564 5556 audiat,
2577 5491 2761 5564 quiea
2786 5495 2942 5564 quasi
2960 5489 3262 5550 stoliditate
3285 5500 3496 5564 patrem

1925 5559 2204 5613 necaverit
2233 5576 2246 5612 :
2276 5574 2402 5614 cum
2441 5559 2750 5628 pmsértim
2779 5559 2943 5628 λιτὸς,
2970 5579 3082 5618 non
3118 5572 3228 5618 tam
3261 5559 3494 5629 stolidus

1927 5629 2016 5695 sit,
2047 5645 2208 5698 quam
2240 5629 2422 5685 tenuis
2453 5629 2706 5698 fortunae,
2742 5649 2864 5688 cum
2919 5633 2986 5690 dc
3019 5633 3238 5690 homine
3270 5632 3488 5702 dicitur.
