4066 6150
565 298 666 363 931

1731 306 1790 363 s.
1835 286 2119 365 ΜΑΧῖΜῖ
2160 303 2665 369 CONFESSORIS

3710 298 3824 362 992

564 408 669 464 cile
704 408 893 475 curari
948 416 1160 477 potest;
1198 408 1347 478 quod
1393 418 1577 465 autem
1639 410 1915 476 diﬂ'ertur,
1966 426 2135 481 prope

2246 412 2527 481 σκόμενον,
2560 411 2919 483 εὐϐοήθητον·
2961 409 3024 464 τὸ
3044 409 3100 463 δὲ
3140 408 3314 479 χρόνῳ
3355 405 3820 477 παραπεμπόμε-

566 498 870 551 Insanabile
902 497 1176 552 redditur.

631 588 876 643 Clioricii.
914 590 1229 656 —-Natura,
1287 604 1448 647 nacta
1502 594 1672 649 semel
1707 594 1937 648 delicias
1966 609 2031 647 ac
2061 593 2131 646 li-

563 678 832 743 bidinem,
867 680 961 733 vix
985 682 1289 749 acquiescit
1323 682 1390 735 ad
1424 683 1644 738 labores
1675 683 1879 737 redire.

633 770 978 825 Socratis.-—
1002 773 1149 826 Nihil
1183 774 1345 841 plane
1372 783 1568 827 natura
1588 774 1894 845 jucundum
1926 781 2021 827 aut
2047 774 2132 827 in~

562 862 905 933 jucundum;
967 864 1063 918 sed
1110 875 1309 918 cuncta
1359 866 1762 920 consuetudine
1804 866 2132 920 alterutrum

564 955 824 1009 induunt.

637 1045 816 1100 Vitam
845 1046 985 1116 elige
1040 1034 1263 1116 cptimis
1308 1049 1561 1103 moribus
1610 1048 1959 1103 institutam:
1991 1048 2134 1101 hanc

565 1135 713 1190 enim
763 1139 1109 1193 consuetudo
1158 1140 1443 1208 praestabit
1480 1140 1801 1211 jucundam.

1196 1271 1497 1331 Menandri.

1623 1380 1737 1434 Non
1774 1390 1942 1450 potest

641 1449 818 1519 Longa
843 1450 1184 1512 consuetudo,
1221 1451 1364 1504 brevi
1392 1448 1601 1503 dissolvi
1635 1448 1885 1518 tempore.
1948 1499 1953 1504 .

641 1518 792 1583 Quod
821 1521 960 1573 enim
977 1537 1039 1573 ea
1068 1519 1314 1573 inolitum
1338 1529 1436 1586 est,
1461 1536 1565 1572 non
1592 1519 1899 1589 negligitur.

636 1654 894 1725 Polymni.
946 1684 1014 1696 -—
1039 1654 1396 1709 Consuetudo
1427 1670 1494 1709 ex
1521 1654 1930 1724 parvis‘trahit
1969 1654 2140 1724 origi-

567 1763 729 1812 nem;
764 1747 1011 1816 neglecta
1044 1755 1251 1811 autem,
1285 1747 1396 1800 vim
1427 1761 1679 1817 magnam
1711 1745 1934 1815 accipit.

640 1838 991 1892 Tlieocriti.—
1009 1839 1313 1893 Insidiosos
1348 1853 1554 1903 mores,
1590 1847 1646 1893 et
1670 1837 1881 1907 aliquid
1917 1852 2136 1907 semper

569 1931 721 1995 mali,
760 1940 1066 2000 contraque
1102 1946 1297 1986 omnes
1326 1940 1521 2001 argute
1553 1931 1757 1995 moliri,
1791 1930 1844 1983 id
1884 1945 1986 2000 ego
2020 1944 2133 1983 non

568 2021 827 2087 solertiae,
862 2030 923 2077 ut
942 2022 1196 2076 nonnulli
1229 2022 1566 2087 existimant,
1596 2021 1692 2076 sed
1719 2020 1971 2091 pessima:
1991 2020 2133 2091 parti

566 2110 864 2180 ascriptum
894 2111 1081 2166 velim.

637 2201 879 2254 Pronum
930 2210 1017 2257 est
1054 2201 1302 2268 laudare,
1344 2216 1467 2270 qua:
1496 2215 1608 2255 non
1647 2200 1828 2263 decet,
1885 2215 1950 2254 ac
1986 2200 2133 2254 vitu-

568 2306 793 2360 perare;
821 2300 1122 2362 utrumque
1148 2307 1279 2346 vero
1308 2293 1461 2361 pravi
1483 2290 1649 2346 animi
1675 2306 1740 2345 ac
1760 2290 1963 2345 indolis
1993 2298 2098 2343 est.

640 2381 724 2436 Ea:
747 2381 930 2437 Sereni
951 2385 1183 2454 scriptis.
1217 2415 1289 2423 —
1320 2383 1611 2438 Persarum
1651 2397 1809 2453 reges
1843 2395 2135 2450 antequam

569 2472 925 2540 sacriﬁcent,
978 2474 1047 2528 de
1119 2474 1384 2544 religione
1436 2473 1774 2543 disputant;
1842 2480 2136 2540 antequam

570 2564 783 2626 bibant,
813 2565 881 2619 de
911 2565 1212 2621 sobrietate
1237 2582 1252 2633 ;
1275 2573 1403 2621 ante
1430 2566 1636 2621 bellum
1671 2548 1736 2622 ac
1764 2563 2035 2633 praelium,
2070 2562 2138 2617 de

565 2652 916 2710 fortitudine.

639 2763 893 2817 Herodot.
940 2795 1012 2805 ——
1047 2766 1339 2838 Agathyrsi
1370 2767 1682 2820 mollissimi
1728 2772 1877 2829 sunt,
1930 2752 2143 2818 auratis

571 2851 897 2921 plerumque
930 2854 1110 2908 induti
1137 2857 1409 2911 vestibus.
1460 2855 1739 2910 Uxoribus
1773 2855 2141 2908 communiter

571 2948 829 3007 utuntur,
864 2952 925 2998 ut
945 2944 1040 2997 alii
1074 2947 1199 2999 aliis
1227 2947 1428 3000 fratres
1454 2948 1566 3001 sint
1594 2961 1659 3001 ac
1683 2944 1898 3015 cognati
1925 2960 2137 3009 omnes,

573 3046 749 3101 eaque
785 3035 999 3090 ratione
1025 3037 1167 3091 nihil
1222 3038 1278 3091 in
1308 3038 1388 3092 eis
1418 3037 1633 3103 livoris,
1686 3037 1876 3093 nullus
1907 3036 2019 3091 odii
2060 3035 2142 3089 fo-

572 3135 690 3177 mes
724 3122 817 3179 sit.

1017 3329 1179 3401 675
1225 3329 1458 3386 SERMO
1487 3330 1673 3385 LXIII.

870 3464 881 3477 ,
946 3417 1024 3472 De
1057 3418 1329 3473 nobilitate
1356 3429 1405 3473 et
1439 3420 1788 3491 ignobilitate.

639 3508 798 3565 Joan.
827 3503 904 3575 ui,
936 3510 1252 3577 6.—Quod
1299 3520 1489 3566 natum
1546 3520 1631 3567 est
1682 3529 1747 3567 ex
1797 3527 1982 3575 carne,
2012 3528 2145 3567 caro

570 3608 692 3665 cst;
726 3609 782 3655 et
803 3602 949 3670 quod
978 3608 1169 3654 natum
1205 3613 1290 3656 est
1321 3617 1389 3657 ex
1422 3602 1647 3673 spiritu,
1672 3600 1901 3671 spiritus
1933 3609 2036 3656 est.

644 3778 796 3833 Rom.
829 3796 902 3845 lx,
941 3782 994 3836 8.
1019 3784 1220 3838 —Nou
1260 3784 1356 3854 qui
1395 3784 1492 3838 lilii
1532 3784 1738 3847 carnis,
1780 3784 1839 3839 hi
1874 3784 1971 3838 ﬁlii
2009 3784 2141 3852 Dei‘,

573 3871 668 3925 sed
701 3871 795 3941 qui
841 3872 938 3927 lilii
995 3883 1125 3929 sunt
1164 3876 1568 3946 promissionis,
1605 3875 1951 3929 aestimantur
1984 3875 2037 3928 in
2061 3891 2147 3930 se-

577 3978 746 4018 nime.

643 4055 774 4129 Sap.
801 4074 859 4113 ιιι
884 4099 898 4125 ,
932 4060 1016 4114 19.
1042 4089 1107 4101 —-
1129 4058 1520 4117 Generationis
1564 4059 1783 4129 injustae
1809 4059 1994 4114 acerbi
2018 4067 2146 4113 sunt

464 4136 467 4139 ἰ
573 4146 776 4201 exitus.

643 4238 831 4295 Liberi
863 4242 919 4294 in
959 4249 1279 4311 contemptu
1307 4251 1363 4297 et
1388 4243 1669 4314 imperitia
1700 4242 2021 4313 gloriantes,
2055 4255 2147 4295 co-

572 4332 848 4405 gnationis
872 4348 984 4387 suae
1014 4333 1411 4403 ingenuitatem
1457 4336 1858 4390 contaminant.

530 4482 537 4489 ο
641 4415 826 4471 Liberi
855 4419 1144 4474 honestam
1178 4421 1346 4475 vitam
1394 4435 1639 4493 agentes,
1679 4430 1972 4493 parentum
2013 4437 2145 4479 suo-

576 4522 695 4559 rum
728 4508 1133 4577 ignobilitatem
1162 4517 1368 4579 tegent.

640 4593 851 4648 Basilii.
876 4625 943 4635 —
967 4597 1088 4650 Non
1122 4584 1225 4651 est
1252 4613 1353 4652 cur
1382 4606 1645 4668 parentes
1670 4616 1733 4655 ac
1757 4600 1993 4670 majores
2015 4601 2145 4655 illu-

2235 517 2343 565 νον,
2373 502 2538 570 ἐγγὺς
2568 503 2808 555 ἀνιάτου.

2305 593 2601 661 Χορικίου.
2629 590 2995 660 -Λαϐομένη
3023 587 3171 652 ama
3201 585 3539 658 ἡδυπαθείας
3563 587 3598 657 ἠ
3627 584 3816 655 φύσις,

2239 684 2392 752 μόλις
2422 684 2596 737 ἐθέλει
2623 683 2757 754 πρὸς
2793 682 2988 744 πόνους
3022 682 3240 749 χωρεῖν.

2306 776 2566 845 Σωκράτ.
2619 776 2665 808 ³⁸
2719 805 2790 817 --
2845 773 3011 825 Οὐδὲν
3066 771 3236 833 ὅντως
3286 771 3383 841 ἡδὺ
3446 771 3479 841 ἢ
3534 766 3707 838 ἀηδὲς
3749 767 3815 836 τῇ

2237 865 2398 934 φύσει
2430 867 2736 936 ὑφέστηκεν
2757 882 2770 896 ο
2800 863 2982 917 πάντα
3011 862 3069 915 δὲ
3102 865 3170 931 τῇ
3211 860 3472 930 συνηθείᾳ
3503 859 3746 927 γίνεται.

2307 1046 2429 1097 Βίον
2465 1044 2621 1116 αἱροῦ
2653 1044 2745 1098 τὸν
2786 1045 3008 1116 ἄριστον
3029 1060 3044 1075 ·
3080 1041 3267 1099 τοῦτον
3297 1039 3406 1113 γὰρ
3447 1039 3580 1111 ἡδὺν
3611 1039 3647 1108 ἡ
3694 1053 3819 1091 συν·

2237 1136 2398 1207 ήθεια
2442 1137 2681 1207 ποιήσει.
3286 1119 3317 1160 ⁸

2881 1279 2935 1329 Μ
2938 1278 3175 1347 ενὰνδρ.

2312 1428 2914 1527 transmisi;
2943 1429 3013 1511 ιν
3035 1388 3465 1527 iamiam
3501 1457 3727 1525 χρόνῳ.

2316 1530 2387 1584 Τὸ
2420 1525 2528 1598 γὰρ
2555 1529 2819 1596 σύνηθες
2850 1526 3116 1597 οὐδαμοῦ
3147 1525 3506 1595 παροπτέον.

2315 1661 2675 1716 Πολυαίνου.
2705 1690 2777 1700 -
2808 1660 2972 1724 Ἐθος
3001 1659 3229 1730 ἄρχεται
3273 1658 3373 1728 μὲν
3415 1658 3524 1711 ἀπὸ
3558 1657 3772 1728 μικρῶν
3792 1678 3806 1689 -

2172 1743 2215 1798 Β
2244 1748 2615 1819 ἀμελούμενον
2640 1748 2718 1811 δὲ,
2747 1747 2844 1818 τὴν
2874 1749 3026 1817 ἰσχὺν
3062 1746 3284 1815 μείζονα
3311 1746 3579 1815 λαμϐάνει
3602 1789 3619 1803 .

2307 1840 2573 1905 Θεοκρίτ.
2605 1868 2677 1881 -ε-
2701 1837 3030 1891 ’Ἑπίϐουλον
3059 1833 3188 1909 ἦθος
3217 1838 3312 1890 καὶ
3337 1835 3811 1906 κακομηχανώτω

2238 1947 2329 1982 τον
2351 1928 2643 1992 διαπαντὸς
2670 1928 2814 1998 ἔχειν
2844 1928 2937 1983 xui.
2967 1929 3112 1995 κατὰ
3153 1929 3394 1989 πάντων.
3440 1928 3562 1997 οὐχὶ
3606 1929 3675 1997 τῇ
3720 1926 3813 1979 τοῦ

2239 2020 2514 2089 ἀγχινόου,
2548 2019 2622 2082 ὥς
2653 2036 2797 2082 τινες
2837 2018 3039 2073 οἴονται
3061 2061 3075 2086 ,
3112 2022 3178 2091 τῇ
3211 2020 3267 2073 δὲ
3300 2018 3394 2072 τοῦ
3443 2018 3812 2089 πονηροτάτου

2244 2110 2425 2181 μερίδι
2458 2109 2813 2181 προστίθημι.

2324 2201 2533 2272 Ῥᾴδιον
2561 2201 2659 2271 μὲν
2683 2201 2947 2267 ἐπαινεῖν,
2977 2200 3013 2256 ἃ
3038 2200 3112 2270 μὴ
3141 2199 3270 2270 χρὴ,
3303 2198 3399 2254 καὶ
3422 2198 3613 2270 ψέγειν
3635 2216 3648 2228 ·
3683 2198 3815 2252 ἐκά-

2240 2308 2397 2362 τερον
2425 2291 2502 2353 δὲ,
2542 2292 2782 2364 πονηροῦ
2821 2310 2965 2355 τινος
2992 2292 3176 2363 ῆθους.

2322 2384 2422 2437 Ἐκ
2452 2382 2571 2435 τῶν
2611 2377 2893 2450 Ζερήνου.
2943 2414 3015 2423 —
3063 2384 3125 2436 Οἱ
3155 2383 3381 2453 Περσῶν
3414 2381 3671 2453 βασιλεῖς,
3709 2381 3818 2451 πρὸ

2247 2472 2343 2544 μὲν
2374 2471 2480 2526 τῶν
2508 2472 2741 2539 θυσιῶν,·
2764 2475 2895 2544 περὶ
2940 2473 3224 2537 εὐσεϐείας
3267 2474 3599 2542 διαλέγονται
3625 2491 3639 2504 ·
3705 2473 3820 2541 πρὸ

2241 2564 2299 2617 δὲ
2322 2563 2416 2616 τοῦ
2451 2563 2649 2631 πίνειν,
2702 2565 2832 2637 περὶ
2880 2565 3232 2636 σωφροσύνης
3254 2580 3268 2593 ⁸
3307 2565 3556 2633 πολεμεῖν
3584 2564 3639 2616 δὲ
3675 2563 3823 2633 μέλ-

2242 2652 2446 2718 λοντες,
2478 2653 2607 2723 περὶ
2642 2653 2915 2724 ἀνδρείας.

2327 2764 2589 2832 Ἡροδότ.
2611 2795 2682 2804 -
2712 2765 3037 2838 Ἀγάθυρσοι
3070 2767 3136 2828 ³⁷,
3165 2766 3445 2837 ἁϐρότατοι
3474 2764 3669 2837 ἄνδρες
3703 2765 3819 2817 εἰσὶ

2246 2859 2340 2910 καὶ
2371 2857 2702 2927 χρυσοφόροι
2729 2857 2797 2909 τὰ
2825 2858 3077 2928 μάλιστα.
3114 2858 3416 2911 Ἐπίκοινον
3445 2857 3500 2909 δὲ
3530 2857 3817 2925 γυναικῶν

2243 2946 2339 3017 τὴν
2383 2944 2526 3015 μίξιν
2578 2944 2875 3010 ποιοῦνται,
2939 2946 3024 3001 ἵνα
3085 2947 3407 3017 κασίγνητοί
3461 2963 3522 2998 τε
3569 2946 3823 3015 ἀλλήλων

2244 3037 2396 3101 ἐῶσι,
2433 3038 2525 3089 καὶ
2551 3038 2742 3089 οἰκεῖοι
2774 3036 2975 3101 ἐόντες,
3032 3039 3167 3109 μήτε
3216 3038 3418 3108 φθόνῳ,
3475 3038 3611 3109 μήτε
3667 3036 3825 3107 ἔχθει

2249 3125 2517 3196 χρέωνται
2550 3127 2609 3189 ἐς
2638 3125 2923 3197 ἀλλήλους.

2802 3330 3020 3383 ΛΟΓΟΣ
3056 3329 3151 3381 EI"
3190 3330 3277 3381 ⁸⁸.-

2530 3419 2667 3487 Περὶ
2705 3421 3010 3489 εὐγενείας
3041 3420 3140 3473 καὶ
3180 3419 3567 3489 δυσγενείας.

2328 3515 2515 3567 'Iwar.
2549 3509 2617 3581 γ’.
2669 3541 2743 3551 -
2783 3511 2856 3563 Τὸ
2884 3512 3287 3580 γεγεννημένον
3334 3513 3400 3564 ἐκ
3447 3511 3552 3580 τῆς
3594 3511 3812 3583 σαρκδς,

2248 3605 2381 3673 σάρξ
2412 3606 2526 3655 ἐστι
2548 3619 2561 3633 ο
2598 3602 2692 3656 καὶ
2727 3602 2788 3655 τὸ
2817 3602 3213 3674 γεγεννημένον
3254 3603 3321 3656 ὲκ
3349 3601 3446 3655 τοῦ
3483 3602 3812 3674 πνεύματος,

2261 3693 2476 3761 πνεῦμά
2503 3693 2670 3760 ἐστιν.
3477 3691 3486 3698 ’

2312 3807 2320 3814 ·
2343 3788 2493 3852 Ρωμ.
2528 3787 2596 3836 θ’.
2614 3812 2685 3822 -—-
2702 3784 2775 3837 Οὐ
2793 3784 2861 3837 τὰ
2883 3784 3049 3838 τέκνα
3068 3783 3167 3853 τῆς
3195 3785 3433 3855 σαρκὸς,
3458 3785 3637 3839 ταῦτα
3663 3785 3817 3840 τέκνα

2243 3874 2377 3927 Θεοῦ
2403 3896 2413 3905 ·
2464 3873 2598 3927 ἀλλὰ
2624 3873 2694 3926 τὰ
2716 3875 2881 3929 τέκνα
2911 3874 3012 3944 τῆς
3044 3875 3401 3943 ἐπαγγελίας,
3435 3877 3713 3945 λογίζεται
3737 3878 3811 3941 εἰς

2250 3963 2492 4034 σπέρμα.

2316 4060 2457 4111 Σολ.
2491 4064 2558 4127 τ’.
2600 4087 2670 4096 ——
2698 4056 2894 4120 Γενεᾶς
2927 4056 3112 4110 ἀδίκου
3151 4054 3241 4128 (c),
3273 4057 3495 4127 χαλεπὰ
3523 4059 3593 4112 τὰ
3624 4058 3767 4126 τέλη.

2312 4236 2490 4289 Τέκνα
2521 4236 2578 4289 ἐν
2629 4237 3029 4306 καταφρονήσει
3080 4235 3174 4289 καὶ
3206 4236 3542 4309 ἀπαιδευσίᾳ
3577 4236 3812 4308 γαυριώη

2251 4344 2409 4399 μενα,
2447 4326 2768 4394 συγγενείας
2793 4326 3003 4379 ἑαυτῶν
3035 4326 3322 4396 μολύνουσι
3352 4327 3453 4399 τὴν
3484 4328 3785 4396 εὐγένειαν.

2320 4419 2497 4472 Τέκνα
2523 4419 2579 4470 ὲν
2607 4419 2784 4488 ἀγαθῇ
2814 4418 2922 4488 ζωῇ
2961 4417 3060 4489 τὴν
3092 4419 3444 4489 ἀναστροφὴν
3471 4419 3687 4489 ἔχοντα,
3720 4418 3819 4471 τῶν

2254 4510 2402 4565 ἰδίων
2429 4508 2768 4578 γεννητόρων
2796 4507 3066 4579 κρύψουσι
3093 4508 3433 4576 δυσγένειαν.

2320 4599 2665 4653 Βασιλείου.
2711 4628 2784 4636 —
2829 4599 2943 4652 Οὐκ
2989 4598 3186 4667 ἔχομεν
3239 4598 3495 4671 πατέρας
3524 4599 3709 4667 λέγειν
3736 4598 3822 4651 καὶ

573 4693 713 4739 strcs
745 4687 1136 4757 producamus.
1170 4689 1433 4743 Veritatis
1464 4706 1702 4760 namque
1744 4692 1852 4755 lex,
1892 4692 2139 4762 proprias

2253 4690 2553 4762 προγόνους
2578 4691 2921 4760 περιφανεῖς.
2961 4689 3019 4742 '0
3067 4688 3176 4759 γὰρ
3221 4689 3323 4756 τῆς
3349 4689 3615 4757 ἀληθείας
3648 4690 3818 4760 νόμος,

573 4777 839 4848 cujusque
868 4780 1107 4850 requirit
1135 4781 1349 4842 Iaudes.
1400 4782 1512 4835 Nec
1546 4782 1696 4835 enim
1734 4782 1940 4837 idcirco
1966 4799 2143 4852 equus

573 4876 659 4919 est
691 4869 863 4934 celer,
896 4870 1043 4939 quod
1075 4886 1142 4925 ex
1174 4872 1482 4925 celerrimis
1530 4883 1687 4928 ortus
1719 4873 1810 4927 sit.
1845 4873 1971 4940 Sed,
2005 4874 2153 4929 sicut

572 4957 843 5026 cujusque
880 4959 1219 5029 reliquorum
1256 4960 1581 5014 animalium
1606 4962 1786 5017 virtus
1818 4962 1873 5016 in
1924 4979 1991 5018 eo
2022 4979 2149 5032 spe-

575 5055 794 5113 ctatur;
827 5048 907 5103 sic
943 5034 1012 5103 et
1048 5050 1152 5103 viri
1188 5051 1308 5104 laus
1352 5066 1415 5105 ea
1464 5060 1568 5114 est,
1605 5068 1769 5121 quam
1817 5055 1942 5125 ejus
1974 5054 2150 5124 ipsius

576 5138 795 5209 propria
819 5148 1145 5196 ornamenta
1168 5157 1233 5196 ac
1267 5141 1503 5228 virtutes
1531 5151 1825 5198 testantur.

2253 4782 2359 4835 ἴδια
2387 4780 2620 4834 ἑκάστου
2659 4780 2887 4833 ἀπαιτεῖ
2929 4778 2995 4832 τὰ
3034 4778 3311 4849 ἐγκώμια.
3350 4781 3491 4854 Οὐδὲ
3523 4778 3821 4854 γὰρ-ἵππον

2249 4873 2418 4941 ταχὺν
2465 4873 2612 4924 ποιεῖ
2658 4870 2722 4924 τδ
2771 4872 2836 4923 ὲκ
2884 4870 3205 4939 ταχυτάτων
3233 4850 3424 4938 φῦναι.
3466 4850 3821 4936 Ἀλλ”ὧσπερ

2249 4963 2358 5017 τῶν
2389 4963 2563 5017 ἄλλων
2611 4961 2765 5027 ζώων
2798 4963 2832 5032 ὴ
2882 4962 3050 5033 ἀρετὴ
3084 4963 3144 5015 ὲν
3169 4962 3350 5031 ἑαυτῷ
3376 4962 3674 5032 θεωρεῖται
3707 4958 3821 5013 ἑκὰ-

2249 5072 2397 5119 στου,
2432 5053 2574 5107 οὕτω
2603 5052 2696 5106 καὶ
2738 5053 2928 5123 ἀνδρὸς
2960 5051 3202 5117 ἔπαινος,
3246 5053 3276 5105 ὁ
3310 5053 3376 5105 ὲκ
3412 5053 3527 5106 τῶν
3558 5052 3821 5124 ὑπαρχόν-

2251 5162 2358 5199 των
2400 5145 2550 5215 αὺτῷ
2582 5143 3027 5215 κατορθωμάτων
3062 5144 3612 5216 ὲκμαρτυρούμενος.

1849 5278 1934 5332 VA
1945 5278 2084 5333 [ιιιεΕ
2118 5279 2521 5337 LECTIONES.

648 5362 695 5399 ³⁸
748 5366 1021 5421 ”Αλ.ζ.Ἕκ
1052 5370 1158 5421 τῶν
1203 5371 1522 5442 Ἐπικτήτου
1554 5373 1648 5427 καὶ
1692 5373 1959 5444 Ίσοκράτ.
2039 5375 2080 5432 ετ
2113 5376 2139 5430 ll

2246 5376 2363 5430 uiuit
2413 5385 2469 5431 et
2508 5376 2729 5432 Suidas.
2809 5375 2852 5407 ³⁸
2883 5375 2980 5433 Est
3010 5374 3066 5427 in
3094 5364 3266 5429 Gesn.
3300 5374 3462 5430 Stob.
3500 5378 3634 5437 217.

2071 5507 2294 5563 NOTAE.

650 5591 722 5674 fc)
755 5593 975 5674 Γειςτῖᾶς
1004 5597 1239 5652 ἀδίκου.
1273 5600 1427 5669 Vulg.
1468 5602 1544 5657 sic
1577 5604 1868 5674 expressit,
1908 5604 2148 5659 Nationis

592 5656 799 5728 iniquat,
843 5656 967 5716 dira;
1017 5676 1136 5719 sunt
1182 5656 1969 5742 constturniationcs'.‘I'ltrque
2000 5656 2151 5727 [ecus

2258 5618 2493 5671 sequens
2523 5618 2631 5654 non
2665 5600 2924 5665 occurrit,
2974 5599 3076 5654 etsi
3127 5598 3293 5653 Gesn.
3345 5602 3591 5658 ascribit
3634 5595 3822 5662 Sinchi

2262 5690 2417 5731 XXXIV
2446 5681 2501 5727 et
2525 5687 2648 5725 xxx.
