  <div class='ocr_page' id='page_1' title='image "/cluster/home/n/w/nwhite01/storage/ocr_20150623/91/mdp.39015022223195/498.png"; bbox 0 0 4066 6150; ppageno 0'>
   <div class='ocr_carea' id='block_1_1' title="bbox 227 310 328 377">
    <p class='ocr_par' dir='ltr' id='par_1_1' title="bbox 227 310 328 377">
     <span class='ocr_line' id='line_1_1' title="bbox 227 310 328 377; baseline -0.04 -2"><span class='ocrx_word' id='word_1_1' title='bbox 227 310 328 377; x_wconf 73' lang='lat'><strong>903</strong></span> 
     </span>
    </p>
   </div>
   <div class='ocr_carea' id='block_1_2' title="bbox 889 425 1128 493">
    <p class='ocr_par' dir='ltr' id='par_1_2' title="bbox 889 425 1128 493">
     <span class='ocr_line' id='line_1_2' title="bbox 889 425 1128 493; baseline 0 -17"><span class='ocrx_word' id='word_1_2' title='bbox 889 425 1128 493; x_wconf 72' lang='grc' dir='ltr'><strong>Θεολόγ.</strong></span> 
     </span>
    </p>
   </div>
   <div class='ocr_carea' id='block_1_3' title="bbox 327 507 1680 579">
    <p class='ocr_par' dir='ltr' id='par_1_3' title="bbox 327 507 1680 579">
     <span class='ocr_line' id='line_1_3' title="bbox 327 507 1680 579; baseline -0.006 -12"><span class='ocrx_word' id='word_1_3' title='bbox 327 511 523 578; x_wconf 70' lang='grc' dir='ltr'>Καόιύς</span> <span class='ocrx_word' id='word_1_4' title='bbox 555 511 608 564; x_wconf 80' lang='grc' dir='ltr'>δ’</span> <span class='ocrx_word' id='word_1_5' title='bbox 633 511 868 566; x_wconf 78' lang='grc' dir='ltr'>ἀκούων</span> <span class='ocrx_word' id='word_1_6' title='bbox 897 511 1216 579; x_wconf 83' lang='grc' dir='ltr'>αἱσχύνου,</span> <span class='ocrx_word' id='word_1_7' title='bbox 1241 507 1328 577; x_wconf 81' lang='grc' dir='ltr'>μὴ</span> <span class='ocrx_word' id='word_1_8' title='bbox 1355 507 1680 579; x_wconf 74' lang='grc' dir='ltr'>δυσγενής.</span> 
     </span>
    </p>
   </div>
   <div class='ocr_carea' id='block_1_4' title="bbox 329 577 1577 650">
    <p class='ocr_par' dir='ltr' id='par_1_4' title="bbox 329 577 1577 650">
     <span class='ocr_line' id='line_1_4' title="bbox 329 577 1577 650; baseline -0.008 -12"><span class='ocrx_word' id='word_1_9' title='bbox 329 577 520 648; x_wconf 64' lang='lat' dir='ltr'><strong>rem</strong></span> <span class='ocrx_word' id='word_1_10' title='bbox 551 581 661 650; x_wconf 76' lang='grc' dir='ltr'><strong>γάρ</strong></span> <span class='ocrx_word' id='word_1_11' title='bbox 707 583 882 650; x_wconf 65' lang='lat' dir='ltr'><strong>slew,</strong></span> <span class='ocrx_word' id='word_1_12' title='bbox 913 577 1179 650; x_wconf 46' lang='lat' dir='ltr'><strong>clamat</strong></span> <span class='ocrx_word' id='word_1_13' title='bbox 1212 577 1577 650; x_wconf 69' lang='grc' dir='ltr'>σεσηπότες.</span> 
     </span>
    </p>
   </div>
   <div class='ocr_carea' id='block_1_5' title="bbox 332 647 1577 718">
    <p class='ocr_par' dir='ltr' id='par_1_5' title="bbox 332 647 1577 718">
     <span class='ocr_line' id='line_1_5' title="bbox 332 647 1577 718; baseline -0.006 -13"><span class='ocrx_word' id='word_1_14' title='bbox 332 647 568 716; x_wconf 63' lang='grc' dir='ltr'>Γέγοὺς(</span> <span class='ocrx_word' id='word_1_15' title='bbox 591 647 932 718; x_wconf 65' lang='grc' dir='ltr'>εἰροᾴρχειν,</span> <span class='ocrx_word' id='word_1_16' title='bbox 961 647 999 714; x_wconf 78' lang='grc' dir='ltr'><strong>ἢ</strong></span> <span class='ocrx_word' id='word_1_17' title='bbox 1025 647 1394 718; x_wconf 33' lang='grc' dir='ltr'><strong>λύεινλτένος</strong></span> <span class='ocrx_word' id='word_1_18' title='bbox 1420 649 1577 718; x_wconf 58' lang='grc' dir='ltr'>θέλε,</span> 
     </span>
    </p>
   </div>
   <div class='ocr_carea' id='block_1_6' title="bbox 337 715 1645 786">
    <p class='ocr_par' dir='ltr' id='par_1_6' title="bbox 337 715 1645 786">
     <span class='ocr_line' id='line_1_6' title="bbox 337 715 1645 786; baseline -0.006 -12"><span class='ocrx_word' id='word_1_19' title='bbox 337 721 433 786; x_wconf 85' lang='grc' dir='ltr'>Ὡς</span> <span class='ocrx_word' id='word_1_20' title='bbox 455 715 648 774; x_wconf 63' lang='lat' dir='ltr'><strong>mw</strong></span> <span class='ocrx_word' id='word_1_21' title='bbox 676 715 830 772; x_wconf 52' lang='grc' dir='ltr'>εῖάαι</span> <span class='ocrx_word' id='word_1_22' title='bbox 858 719 939 782; x_wconf 82' lang='grc' dir='ltr'>σ“,</span> <span class='ocrx_word' id='word_1_23' title='bbox 974 718 1013 784; x_wconf 80' lang='grc' dir='ltr'><strong><em>ἣ</em></strong></span> <span class='ocrx_word' id='word_1_24' title='bbox 1061 715 1268 770; x_wconf 77' lang='grc' dir='ltr'><em>καλῶν</em></span> <span class='ocrx_word' id='word_1_25' title='bbox 1295 715 1645 782; x_wconf 67' lang='grc' dir='ltr'>πεφυκέναιε</span> 
     </span>
    </p>
   </div>
   <div class='ocr_carea' id='block_1_7' title="bbox 295 823 1789 900">
    <p class='ocr_par' dir='ltr' id='par_1_7' title="bbox 295 823 1789 900">
     <span class='ocr_line' id='line_1_7' title="bbox 295 823 1789 900; baseline -0.008 -13"><span class='ocrx_word' id='word_1_26' title='bbox 295 833 482 900; x_wconf 76' lang='grc' dir='ltr'>Γρηγ.</span> <span class='ocrx_word' id='word_1_27' title='bbox 512 831 711 884; x_wconf 84' lang='grc' dir='ltr'>Νύσσ.</span> <span class='ocrx_word' id='word_1_28' title='bbox 739 859 811 869; x_wconf 91' lang='grc'><strong>-</strong></span> <span class='ocrx_word' id='word_1_29' title='bbox 840 829 907 881; x_wconf 88' lang='grc' dir='ltr'><strong><em>Ἦ</em></strong></span> <span class='ocrx_word' id='word_1_30' title='bbox 940 827 1187 895; x_wconf 83' lang='grc' dir='ltr'>εὐγένεια</span> <span class='ocrx_word' id='word_1_31' title='bbox 1211 825 1306 879; x_wconf 71' lang='grc' dir='ltr'><strong>καὶ</strong></span> <span class='ocrx_word' id='word_1_32' title='bbox 1333 827 1368 895; x_wconf 78' lang='grc' dir='ltr'>ἡ</span> <span class='ocrx_word' id='word_1_33' title='bbox 1403 825 1668 894; x_wconf 81' lang='grc' dir='ltr'><strong>σεμνότης</strong></span> <span class='ocrx_word' id='word_1_34' title='bbox 1695 823 1789 876; x_wconf 78' lang='grc' dir='ltr'>τοῦ</span> 
     </span>
    </p>
   </div>
   <div class='ocr_carea' id='block_1_8' title="bbox 231 915 1682 993">
    <p class='ocr_par' dir='ltr' id='par_1_8' title="bbox 231 915 1682 993">
     <span class='ocr_line' id='line_1_8' title="bbox 231 915 1682 993; baseline -0.008 -15"><span class='ocrx_word' id='word_1_35' title='bbox 231 922 586 993; x_wconf 80' lang='grc' dir='ltr'><strong>ὑπερηφάνου</strong></span> <span class='ocrx_word' id='word_1_36' title='bbox 627 919 689 973; x_wconf 81' lang='grc' dir='ltr'>τὸ</span> <span class='ocrx_word' id='word_1_37' title='bbox 723 919 982 987; x_wconf 83' lang='grc' dir='ltr'>συγγενὲς</span> <span class='ocrx_word' id='word_1_38' title='bbox 1017 917 1153 989; x_wconf 74' lang='grc' dir='ltr'>πρὸς</span> <span class='ocrx_word' id='word_1_39' title='bbox 1173 917 1274 987; x_wconf 79' lang='grc' dir='ltr'><strong>τὴν</strong></span> <span class='ocrx_word' id='word_1_40' title='bbox 1307 915 1526 969; x_wconf 78' lang='grc' dir='ltr'>πλίνθον</span> <span class='ocrx_word' id='word_1_41' title='bbox 1549 915 1682 985; x_wconf 76' lang='grc' dir='ltr'>ἔχει.</span> 
     </span>
    </p>
   </div>
   <div class='ocr_carea' id='block_1_9' title="bbox 295 1007 1794 1081">
    <p class='ocr_par' dir='ltr' id='par_1_9' title="bbox 295 1007 1794 1081">
     <span class='ocr_line' id='line_1_9' title="bbox 295 1007 1794 1081; baseline -0.007 -14"><span class='ocrx_word' id='word_1_42' title='bbox 295 1015 595 1081; x_wconf 80' lang='grc' dir='ltr'>Χρυσοστ.</span> <span class='ocrx_word' id='word_1_43' title='bbox 621 1037 696 1051; x_wconf 84' lang='lat'><em>--</em></span> <span class='ocrx_word' id='word_1_44' title='bbox 739 1008 1006 1078; x_wconf 84' lang='grc' dir='ltr'>Λαμπρὸν</span> <span class='ocrx_word' id='word_1_45' title='bbox 1056 1007 1151 1060; x_wconf 75' lang='grc' dir='ltr'><strong>καὶ</strong></span> <span class='ocrx_word' id='word_1_46' title='bbox 1205 1008 1492 1078; x_wconf 74' lang='grc' dir='ltr'>ἐπίσημον,</span> <span class='ocrx_word' id='word_1_47' title='bbox 1529 1007 1591 1059; x_wconf 87' lang='grc' dir='ltr'>οὐ</span> <span class='ocrx_word' id='word_1_48' title='bbox 1633 1021 1794 1076; x_wconf 85' lang='grc' dir='ltr'>περι-</span> 
     </span>
    </p>
   </div>
   <div class='ocr_carea' id='block_1_10' title="bbox 227 1094 1716 1172">
    <p class='ocr_par' dir='ltr' id='par_1_10' title="bbox 227 1094 1716 1172">
     <span class='ocr_line' id='line_1_10' title="bbox 227 1094 1716 1172; baseline -0.007 -15"><span class='ocrx_word' id='word_1_49' title='bbox 227 1103 421 1168; x_wconf 81' lang='grc' dir='ltr'>φάνεια</span> <span class='ocrx_word' id='word_1_50' title='bbox 453 1100 754 1172; x_wconf 84' lang='grc' dir='ltr'>προγόνων,</span> <span class='ocrx_word' id='word_1_51' title='bbox 779 1098 916 1154; x_wconf 85' lang='grc' dir='ltr'>ἀλλὰ</span> <span class='ocrx_word' id='word_1_52' title='bbox 939 1098 1118 1168; x_wconf 81' lang='grc' dir='ltr'>ψυχῆς</span> <span class='ocrx_word' id='word_1_53' title='bbox 1139 1096 1316 1168; x_wconf 82' lang='grc' dir='ltr'>ἀρετὴ</span> <span class='ocrx_word' id='word_1_54' title='bbox 1345 1099 1500 1151; x_wconf 81' lang='grc' dir='ltr'>ποεῖν</span> <span class='ocrx_word' id='word_1_55' title='bbox 1523 1094 1716 1150; x_wconf 79' lang='grc' dir='ltr'>εἴωθε.</span> 
     </span>
    </p>
   </div>
   <div class='ocr_carea' id='block_1_11' title="bbox 869 1209 1142 1280">
    <p class='ocr_par' dir='ltr' id='par_1_11' title="bbox 869 1209 1142 1280">
     <span class='ocr_line' id='line_1_11' title="bbox 869 1209 1142 1280; baseline 0.011 -17"><span class='ocrx_word' id='word_1_56' title='bbox 869 1209 1142 1280; x_wconf 79' lang='grc' dir='ltr'>Εὐριπίδ.</span> 
     </span>
    </p>
   </div>
   <div class='ocr_carea' id='block_1_12' title="bbox 301 1305 1478 1379">
    <p class='ocr_par' dir='ltr' id='par_1_12' title="bbox 301 1305 1478 1379">
     <span class='ocr_line' id='line_1_12' title="bbox 301 1305 1478 1379; baseline -0.005 -12"><span class='ocrx_word' id='word_1_57' title='bbox 301 1309 490 1367; x_wconf 75' lang='grc' dir='ltr'><strong>οὐδὲν</strong></span> <span class='ocrx_word' id='word_1_58' title='bbox 521 1309 561 1379; x_wconf 76' lang='grc' dir='ltr'><strong><em>ὴ</em></strong></span> <span class='ocrx_word' id='word_1_59' title='bbox 595 1305 866 1379; x_wconf 72' lang='grc' dir='ltr'>εὐγένεια</span> <span class='ocrx_word' id='word_1_60' title='bbox 901 1309 1060 1379; x_wconf 29' lang='grc' dir='ltr'>πρὸς,</span> <span class='ocrx_word' id='word_1_61' title='bbox 1083 1311 1156 1362; x_wconf 86' lang='grc' dir='ltr'>τὰ</span> <span class='ocrx_word' id='word_1_62' title='bbox 1182 1307 1478 1379; x_wconf 73' lang='grc' dir='ltr'>χρήματα.</span> 
     </span>
    </p>
   </div>
   <div class='ocr_carea' id='block_1_13' title="bbox 300 1373 1786 1448">
    <p class='ocr_par' dir='ltr' id='par_1_13' title="bbox 300 1373 1786 1448">
     <span class='ocr_line' id='line_1_13' title="bbox 300 1373 1786 1448; baseline -0.007 -12"><span class='ocrx_word' id='word_1_63' title='bbox 300 1381 419 1436; x_wconf 75' lang='grc' dir='ltr'><strong>Τὸν</strong></span> <span class='ocrx_word' id='word_1_64' title='bbox 451 1373 560 1448; x_wconf 77' lang='grc' dir='ltr'><em>τὰρ</em></span> <span class='ocrx_word' id='word_1_65' title='bbox 592 1373 886 1432; x_wconf 55' lang='grc' dir='ltr'>κᾶπιστον</span> <span class='ocrx_word' id='word_1_66' title='bbox 906 1373 1315 1448; x_wconf 46' lang='lat' dir='ltr'><strong>dammam;</strong></span> <span class='ocrx_word' id='word_1_67' title='bbox 1337 1375 1602 1448; x_wconf 70' lang='grc' dir='ltr'>πρώτους</span> <span class='ocrx_word' id='word_1_68' title='bbox 1639 1373 1786 1445; x_wconf 76' lang='grc' dir='ltr'>ἄγει.</span> 
     </span>
    </p>
   </div>
   <div class='ocr_carea' id='block_1_14' title="bbox 301 1445 1554 1516">
    <p class='ocr_par' dir='ltr' id='par_1_14' title="bbox 301 1445 1554 1516">
     <span class='ocr_line' id='line_1_14' title="bbox 301 1445 1554 1516; baseline -0.003 -13"><span class='ocrx_word' id='word_1_69' title='bbox 301 1445 478 1516; x_wconf 74' lang='grc' dir='ltr'><strong><em>Ὅταύ</em></strong></span> <span class='ocrx_word' id='word_1_70' title='bbox 502 1445 571 1502; x_wconf 75' lang='grc' dir='ltr'>δὲ</span> <span class='ocrx_word' id='word_1_71' title='bbox 608 1449 826 1516; x_wconf 76' lang='grc' dir='ltr'>κρηπίς</span> <span class='ocrx_word' id='word_1_72' title='bbox 845 1446 933 1516; x_wconf 80' lang='grc' dir='ltr'>μὴ</span> <span class='ocrx_word' id='word_1_73' title='bbox 969 1445 1316 1516; x_wconf 69' lang='grc' dir='ltr'>καταϐληθῇ</span> <span class='ocrx_word' id='word_1_74' title='bbox 1340 1447 1554 1516; x_wconf 78' lang='grc' dir='ltr'><strong>γένους</strong></span> 
     </span>
    </p>
   </div>
   <div class='ocr_carea' id='block_1_15' title="bbox 310 1465 1682 1584">
    <p class='ocr_par' dir='ltr' id='par_1_15' title="bbox 310 1465 1682 1584">
     <span class='ocr_line' id='line_1_15' title="bbox 310 1465 1554 1568; baseline -0.003 -65"><span class='ocrx_word' id='word_1_75' title='bbox 310 1465 478 1526; x_wconf 61' lang='lat' dir='ltr'><strong>Utar:</strong></span> <span class='ocrx_word' id='word_1_76' title='bbox 502 1465 571 1502; x_wconf 82' lang='grc' dir='ltr'><strong>σε</strong></span> <span class='ocrx_word' id='word_1_77' title='bbox 608 1465 826 1532; x_wconf 74' lang='grc' dir='ltr'>κρῃπις</span> <span class='ocrx_word' id='word_1_78' title='bbox 842 1465 933 1568; x_wconf 57' lang='grc' dir='ltr'>ἔτι</span> <span class='ocrx_word' id='word_1_79' title='bbox 969 1465 1314 1526; x_wconf 63' lang='grc' dir='ltr'>καταρλησῃ</span> <span class='ocrx_word' id='word_1_80' title='bbox 1340 1465 1554 1527; x_wconf 69' lang='grc' dir='ltr'>τεν-ους</span> 
     </span>
     <span class='ocr_line' id='line_1_16' title="bbox 310 1516 1682 1584; baseline -0.002 -13"><span class='ocrx_word' id='word_1_81' title='bbox 310 1519 541 1584; x_wconf 84' lang='grc' dir='ltr'>Ὀρθως,</span> <span class='ocrx_word' id='word_1_82' title='bbox 585 1517 814 1583; x_wconf 61' lang='lat' dir='ltr'><strong>ararim</strong></span> <span class='ocrx_word' id='word_1_83' title='bbox 880 1529 1171 1584; x_wconf 63' lang='grc' dir='ltr'>υστιυίειν</span> <span class='ocrx_word' id='word_1_84' title='bbox 1200 1516 1336 1580; x_wconf 83' lang='grc' dir='ltr'>τοὺς</span> <span class='ocrx_word' id='word_1_85' title='bbox 1373 1519 1682 1584; x_wconf 62' lang='grc' dir='ltr'>εξιγόνους.</span> 
     </span>
    </p>
   </div>
   <div class='ocr_carea' id='block_1_16' title="bbox 299 1583 1650 1652">
    <p class='ocr_par' dir='ltr' id='par_1_16' title="bbox 299 1583 1650 1652">
     <span class='ocr_line' id='line_1_17' title="bbox 299 1583 1650 1652; baseline -0.004 -12"><span class='ocrx_word' id='word_1_86' title='bbox 299 1583 437 1648; x_wconf 59' lang='lat' dir='ltr'><strong>nec,</strong></span> <span class='ocrx_word' id='word_1_87' title='bbox 477 1585 610 1652; x_wconf 76' lang='grc' dir='ltr'><strong>φεῦ,</strong></span> <span class='ocrx_word' id='word_1_88' title='bbox 667 1583 924 1650; x_wconf 68' lang='grc' dir='ltr'>παλαιὸς</span> <span class='ocrx_word' id='word_1_89' title='bbox 973 1583 1142 1649; x_wconf 76' lang='grc' dir='ltr'>αἶνος</span> <span class='ocrx_word' id='word_1_90' title='bbox 1171 1586 1244 1636; x_wconf 82' lang='grc' dir='ltr'><strong>οὐ</strong></span> <span class='ocrx_word' id='word_1_91' title='bbox 1274 1583 1470 1649; x_wconf 68' lang='grc' dir='ltr'>καλῶς</span> <span class='ocrx_word' id='word_1_92' title='bbox 1506 1583 1650 1652; x_wconf 77' lang='grc' dir='ltr'>ἔχει,</span> 
     </span>
    </p>
   </div>
   <div class='ocr_carea' id='block_1_17' title="bbox 302 1651 1744 1722">
    <p class='ocr_par' dir='ltr' id='par_1_17' title="bbox 302 1651 1744 1722">
     <span class='ocr_line' id='line_1_18' title="bbox 302 1651 1744 1722; baseline -0.004 -12"><span class='ocrx_word' id='word_1_93' title='bbox 302 1657 423 1710; x_wconf 82' lang='grc' dir='ltr'><strong>οὐκ</strong></span> <span class='ocrx_word' id='word_1_94' title='bbox 457 1651 534 1708; x_wconf 78' lang='grc' dir='ltr'><strong>ἂν</strong></span> <span class='ocrx_word' id='word_1_95' title='bbox 577 1651 804 1722; x_wconf 75' lang='grc' dir='ltr'>γένοιτο</span> <span class='ocrx_word' id='word_1_96' title='bbox 842 1653 1106 1722; x_wconf 79' lang='grc' dir='ltr'>χρηστὸς</span> <span class='ocrx_word' id='word_1_97' title='bbox 1139 1653 1210 1706; x_wconf 84' lang='grc' dir='ltr'><em>ἐκ</em></span> <span class='ocrx_word' id='word_1_98' title='bbox 1245 1652 1434 1706; x_wconf 82' lang='grc' dir='ltr'>κακοῦ</span> <span class='ocrx_word' id='word_1_99' title='bbox 1473 1651 1744 1719; x_wconf 62' lang='lat' dir='ltr'><strong>mude</strong></span> 
     </span>
    </p>
   </div>
   <div class='ocr_carea' id='block_1_18' title="bbox 1523 282 2166 363">
    <p class='ocr_par' dir='ltr' id='par_1_18' title="bbox 1523 282 2166 363">
     <span class='ocr_line' id='line_1_19' title="bbox 1523 282 2166 363; baseline -0.017 0"><span class='ocrx_word' id='word_1_100' title='bbox 1523 294 1692 363; x_wconf 81' lang='lat' dir='ltr'><strong>LOCI</strong></span> <span class='ocrx_word' id='word_1_101' title='bbox 1731 282 2166 360; x_wconf 83' lang='lat' dir='ltr'><strong>COMMUNES.</strong></span> 
     </span>
    </p>
   </div>
   <div class='ocr_carea' id='block_1_19' title="bbox 1817 419 2066 484">
    <p class='ocr_par' dir='ltr' id='par_1_19' title="bbox 1817 419 2066 484">
     <span class='ocr_line' id='line_1_20' title="bbox 1817 419 2066 484; baseline 0 -50"><span class='ocrx_word' id='word_1_102' title='bbox 1817 427 1866 484; x_wconf 56' lang='grc' dir='ltr'><strong>Α</strong></span> <span class='ocrx_word' id='word_1_103' title='bbox 2041 419 2066 434; x_wconf 85' lang='lat'><strong><em>,</em></strong></span> 
     </span>
    </p>
   </div>
   <div class='ocr_carea' id='block_1_20' title="bbox 3353 275 3454 347">
    <p class='ocr_par' dir='ltr' id='par_1_20' title="bbox 3353 275 3454 347">
     <span class='ocr_line' id='line_1_21' title="bbox 3353 275 3454 347; baseline -0.03 0"><span class='ocrx_word' id='word_1_104' title='bbox 3353 275 3454 347; x_wconf 64' lang='lat'><strong>994</strong></span> 
     </span>
    </p>
   </div>
   <div class='ocr_carea' id='block_1_21' title="bbox 2549 393 2809 474">
    <p class='ocr_par' dir='ltr' id='par_1_21' title="bbox 2549 393 2809 474">
     <span class='ocr_line' id='line_1_22' title="bbox 2549 393 2809 474; baseline 0 -18"><span class='ocrx_word' id='word_1_105' title='bbox 2549 393 2809 474; x_wconf 71' lang='lat' dir='ltr'><strong>Tltcologi.</strong></span> 
     </span>
    </p>
   </div>
   <div class='ocr_carea' id='block_1_22' title="bbox 1891 495 3102 567">
    <p class='ocr_par' dir='ltr' id='par_1_22' title="bbox 1891 495 3102 567">
     <span class='ocr_line' id='line_1_23' title="bbox 1891 495 3102 567; baseline -0.011 -11"><span class='ocrx_word' id='word_1_106' title='bbox 1891 500 2050 556; x_wconf 69' lang='lat' dir='ltr'><strong>Mala!</strong></span> <span class='ocrx_word' id='word_1_107' title='bbox 2075 499 2235 567; x_wconf 66' lang='lat' dir='ltr'><strong>[amna</strong></span> <span class='ocrx_word' id='word_1_108' title='bbox 2261 495 2490 567; x_wconf 81' lang='lat' dir='ltr'><strong>pudeat;</strong></span> <span class='ocrx_word' id='word_1_109' title='bbox 2515 495 2712 567; x_wconf 78' lang='lat' dir='ltr'><strong>humile</strong></span> <span class='ocrx_word' id='word_1_110' title='bbox 2733 510 2837 546; x_wconf 81' lang='lat' dir='ltr'><strong>non</strong></span> <span class='ocrx_word' id='word_1_111' title='bbox 2863 500 2913 546; x_wconf 88' lang='lat' dir='ltr'><strong>te</strong></span> <span class='ocrx_word' id='word_1_112' title='bbox 2943 507 3102 562; x_wconf 82' lang='lat' dir='ltr'><strong>genus</strong></span> 
     </span>
    </p>
   </div>
   <div class='ocr_carea' id='block_1_23' title="bbox 1889 564 3140 636">
    <p class='ocr_par' dir='ltr' id='par_1_23' title="bbox 1889 564 3140 636">
     <span class='ocr_line' id='line_1_24' title="bbox 1889 564 3140 636; baseline -0.01 -11"><span class='ocrx_word' id='word_1_113' title='bbox 1889 564 2116 625; x_wconf 77' lang='lat' dir='ltr'><strong>Movent.</strong></span> <span class='ocrx_word' id='word_1_114' title='bbox 2136 564 2308 623; x_wconf 80' lang='lat' dir='ltr'><strong>Genus</strong></span> <span class='ocrx_word' id='word_1_115' title='bbox 2337 575 2461 620; x_wconf 82' lang='lat' dir='ltr'><strong>sunt</strong></span> <span class='ocrx_word' id='word_1_116' title='bbox 2489 566 2579 636; x_wconf 85' lang='lat' dir='ltr'><strong>qui</strong></span> <span class='ocrx_word' id='word_1_117' title='bbox 2601 564 2726 616; x_wconf 88' lang='lat' dir='ltr'><strong>olim</strong></span> <span class='ocrx_word' id='word_1_118' title='bbox 2747 571 3140 636; x_wconf 75' lang='lat' dir='ltr'><strong>computruere.</strong></span> 
     </span>
    </p>
   </div>
   <div class='ocr_carea' id='block_1_24' title="bbox 1889 631 3006 708">
    <p class='ocr_par' dir='ltr' id='par_1_24' title="bbox 1889 631 3006 708">
     <span class='ocr_line' id='line_1_25' title="bbox 1889 631 3006 708; baseline -0.011 -14"><span class='ocrx_word' id='word_1_119' title='bbox 1889 639 2048 694; x_wconf 79' lang='lat' dir='ltr'><strong>Malis</strong></span> <span class='ocrx_word' id='word_1_120' title='bbox 2084 654 2246 708; x_wconf 80' lang='lat' dir='ltr'><strong>genus</strong></span> <span class='ocrx_word' id='word_1_121' title='bbox 2271 631 2556 705; x_wconf 68' lang='lat' dir='ltr'><strong>auspicari,</strong></span> <span class='ocrx_word' id='word_1_122' title='bbox 2595 631 3006 708; x_wconf 75' lang='lat' dir='ltr'><strong>quam_solvere;</strong></span> 
     </span>
    </p>
   </div>
   <div class='ocr_carea' id='block_1_25' title="bbox 1896 699 3341 776">
    <p class='ocr_par' dir='ltr' id='par_1_25' title="bbox 1896 699 3341 776">
     <span class='ocr_line' id='line_1_26' title="bbox 1896 699 3341 776; baseline -0.006 -13"><span class='ocrx_word' id='word_1_123' title='bbox 1896 709 1982 763; x_wconf 89' lang='lat' dir='ltr'><strong>Uti</strong></span> <span class='ocrx_word' id='word_1_124' title='bbox 2011 699 2176 760; x_wconf 70' lang='lat' dir='ltr'><strong>bonus</strong></span> <span class='ocrx_word' id='word_1_125' title='bbox 2206 722 2337 770; x_wconf 79' lang='lat' dir='ltr'><strong>esse,</strong></span> <span class='ocrx_word' id='word_1_126' title='bbox 2368 699 2529 776; x_wconf 71' lang='lat' dir='ltr'><strong>quam</strong></span> <span class='ocrx_word' id='word_1_127' title='bbox 2557 699 2619 756; x_wconf 67' lang='lat' dir='ltr'><strong>eai</strong></span> <span class='ocrx_word' id='word_1_128' title='bbox 2647 702 2794 756; x_wconf 83' lang='lat' dir='ltr'><strong>bonis</strong></span> <span class='ocrx_word' id='word_1_129' title='bbox 2826 701 3080 770; x_wconf 78' lang='lat' dir='ltr'><strong>originem</strong></span> <span class='ocrx_word' id='word_1_130' title='bbox 3111 699 3341 754; x_wconf 83' lang='lat' dir='ltr'><strong>trahere.</strong></span> 
     </span>
    </p>
   </div>
   <div class='ocr_carea' id='block_1_26' title="bbox 1965 810 3439 887">
    <p class='ocr_par' dir='ltr' id='par_1_26' title="bbox 1965 810 3439 887">
     <span class='ocr_line' id='line_1_27' title="bbox 1965 810 3439 887; baseline -0.007 -15"><span class='ocrx_word' id='word_1_131' title='bbox 1965 817 2118 887; x_wconf 82' lang='lat' dir='ltr'><strong>Greg.</strong></span> <span class='ocrx_word' id='word_1_132' title='bbox 2174 816 2330 886; x_wconf 72' lang='lat' dir='ltr'><strong>Nysa.</strong></span> <span class='ocrx_word' id='word_1_133' title='bbox 2373 843 2439 854; x_wconf 89' lang='lat'>—</span> <span class='ocrx_word' id='word_1_134' title='bbox 2475 813 2714 883; x_wconf 86' lang='lat' dir='ltr'><strong>Superbi</strong></span> <span class='ocrx_word' id='word_1_135' title='bbox 2753 810 3018 865; x_wconf 76' lang='lat' dir='ltr'><strong>nobilitas</strong></span> <span class='ocrx_word' id='word_1_136' title='bbox 3069 824 3134 864; x_wconf 88' lang='lat' dir='ltr'><strong>ac</strong></span> <span class='ocrx_word' id='word_1_137' title='bbox 3185 810 3439 880; x_wconf 69' lang='lat' dir='ltr'><strong>maiestas</strong></span> 
     </span>
    </p>
   </div>
   <div class='ocr_carea' id='block_1_27' title="bbox 1893 902 2901 978">
    <p class='ocr_par' dir='ltr' id='par_1_27' title="bbox 1893 902 2901 978">
     <span class='ocr_line' id='line_1_28' title="bbox 1893 902 2901 978; baseline -0.008 -15"><span class='ocrx_word' id='word_1_138' title='bbox 1893 907 2049 978; x_wconf 87' lang='lat' dir='ltr'><strong>operi</strong></span> <span class='ocrx_word' id='word_1_139' title='bbox 2084 907 2270 977; x_wconf 82' lang='lat' dir='ltr'><strong>ﬁglino</strong></span> <span class='ocrx_word' id='word_1_140' title='bbox 2299 921 2363 960; x_wconf 90' lang='lat' dir='ltr'><strong>ac</strong></span> <span class='ocrx_word' id='word_1_141' title='bbox 2387 905 2550 960; x_wconf 79' lang='lat' dir='ltr'><strong>lateri</strong></span> <span class='ocrx_word' id='word_1_142' title='bbox 2588 902 2766 957; x_wconf 77' lang='lat' dir='ltr'><strong>amnis</strong></span> <span class='ocrx_word' id='word_1_143' title='bbox 2795 909 2901 956; x_wconf 89' lang='lat' dir='ltr'><strong>est.</strong></span> 
     </span>
    </p>
   </div>
   <div class='ocr_carea' id='block_1_28' title="bbox 1963 989 3462 1071">
    <p class='ocr_par' dir='ltr' id='par_1_28' title="bbox 1963 989 3462 1071">
     <span class='ocr_line' id='line_1_29' title="bbox 1963 989 3462 1071; baseline -0.008 -16"><span class='ocrx_word' id='word_1_144' title='bbox 1963 999 2230 1071; x_wconf 74' lang='lat' dir='ltr'><strong>Chrys.—-</strong></span> <span class='ocrx_word' id='word_1_145' title='bbox 2250 997 2370 1052; x_wconf 87' lang='lat' dir='ltr'><strong>Non</strong></span> <span class='ocrx_word' id='word_1_146' title='bbox 2390 997 2663 1067; x_wconf 85' lang='lat' dir='ltr'><strong>majorum</strong></span> <span class='ocrx_word' id='word_1_147' title='bbox 2689 993 2972 1057; x_wconf 77' lang='lat' dir='ltr'><strong>nobilitas,</strong></span> <span class='ocrx_word' id='word_1_148' title='bbox 3011 989 3108 1046; x_wconf 90' lang='lat' dir='ltr'><strong>sed</strong></span> <span class='ocrx_word' id='word_1_149' title='bbox 3147 990 3318 1044; x_wconf 87' lang='lat' dir='ltr'><strong>animi</strong></span> <span class='ocrx_word' id='word_1_150' title='bbox 3345 989 3462 1044; x_wconf 81' lang='lat' dir='ltr'><strong>vir-</strong></span> 
     </span>
    </p>
   </div>
   <div class='ocr_carea' id='block_1_29' title="bbox 1893 1082 3251 1158">
    <p class='ocr_par' dir='ltr' id='par_1_29' title="bbox 1893 1082 3251 1158">
     <span class='ocr_line' id='line_1_30' title="bbox 1893 1082 3251 1158; baseline -0.007 -15"><span class='ocrx_word' id='word_1_151' title='bbox 1893 1097 2003 1154; x_wconf 88' lang='lat' dir='ltr'><strong>tus,</strong></span> <span class='ocrx_word' id='word_1_152' title='bbox 2029 1087 2384 1158; x_wconf 85' lang='lat' dir='ltr'><strong>splendidum</strong></span> <span class='ocrx_word' id='word_1_153' title='bbox 2411 1101 2476 1140; x_wconf 88' lang='lat' dir='ltr'><strong>ae</strong></span> <span class='ocrx_word' id='word_1_154' title='bbox 2506 1083 2752 1139; x_wconf 86' lang='lat' dir='ltr'><strong>nobilem</strong></span> <span class='ocrx_word' id='word_1_155' title='bbox 2783 1082 2950 1137; x_wconf 83' lang='lat' dir='ltr'><strong>habet</strong></span> <span class='ocrx_word' id='word_1_156' title='bbox 2967 1088 3251 1151; x_wconf 81' lang='lat' dir='ltr'><strong>praestare.</strong></span> 
     </span>
    </p>
   </div>
   <div class='ocr_carea' id='block_1_30' title="bbox 2550 1196 2799 1266">
    <p class='ocr_par' dir='ltr' id='par_1_30' title="bbox 2550 1196 2799 1266">
     <span class='ocr_line' id='line_1_31' title="bbox 2550 1196 2799 1266; baseline -0.008 -16"><span class='ocrx_word' id='word_1_157' title='bbox 2550 1196 2799 1266; x_wconf 79' lang='lat' dir='ltr'><strong>Euripid.</strong></span> 
     </span>
    </p>
   </div>
   <div class='ocr_carea' id='block_1_31' title="bbox 1890 1308 2950 1383">
    <p class='ocr_par' dir='ltr' id='par_1_31' title="bbox 1890 1308 2950 1383">
     <span class='ocr_line' id='line_1_32' title="bbox 1890 1308 2950 1383; baseline -0.005 -16"><span class='ocrx_word' id='word_1_158' title='bbox 1890 1308 2040 1383; x_wconf 71' lang='lat' dir='ltr'><strong>Nihil</strong></span> <span class='ocrx_word' id='word_1_159' title='bbox 2069 1327 2221 1383; x_wconf 67' lang='lat' dir='ltr'><strong>gener</strong></span> <span class='ocrx_word' id='word_1_160' title='bbox 2251 1327 2275 1364; x_wconf 75' lang='grc' dir='ltr'>ε</span> <span class='ocrx_word' id='word_1_161' title='bbox 2306 1308 2556 1383; x_wconf 60' lang='lat' dir='ltr'><strong>gracilitas</strong></span> <span class='ocrx_word' id='word_1_162' title='bbox 2581 1309 2651 1383; x_wconf 66' lang='lat' dir='ltr'><strong>ad</strong></span> <span class='ocrx_word' id='word_1_163' title='bbox 2679 1310 2950 1383; x_wconf 77' lang='lat' dir='ltr'><strong>pecunias.</strong></span> 
     </span>
    </p>
   </div>
   <div class='ocr_carea' id='block_1_32' title="bbox 1889 1372 3460 1450">
    <p class='ocr_par' dir='ltr' id='par_1_32' title="bbox 1889 1372 3460 1450">
     <span class='ocr_line' id='line_1_33' title="bbox 1889 1372 3460 1450; baseline -0.004 -13"><span class='ocrx_word' id='word_1_164' title='bbox 1889 1378 2034 1438; x_wconf 89' lang='lat' dir='ltr'><strong>Nam</strong></span> <span class='ocrx_word' id='word_1_165' title='bbox 2069 1372 2152 1434; x_wconf 61' lang='lat' dir='ltr'><strong>uel</strong></span> <span class='ocrx_word' id='word_1_166' title='bbox 2181 1380 2466 1450; x_wconf 78' lang='lat' dir='ltr'><strong>pessimum</strong></span> <span class='ocrx_word' id='word_1_167' title='bbox 2509 1372 2796 1450; x_wconf 69' lang='lat' dir='ltr'><strong>opulentia</strong></span> <span class='ocrx_word' id='word_1_168' title='bbox 2810 1379 2948 1450; x_wconf 70' lang='lat' dir='ltr'><strong>inter</strong></span> <span class='ocrx_word' id='word_1_169' title='bbox 2974 1375 3174 1445; x_wconf 77' lang='lat' dir='ltr'><strong>primos</strong></span> <span class='ocrx_word' id='word_1_170' title='bbox 3217 1374 3460 1430; x_wconf 75' lang='lat' dir='ltr'><strong>collocat.</strong></span> 
     </span>
    </p>
   </div>
   <div class='ocr_carea' id='block_1_33' title="bbox 1891 1446 3503 1520">
    <p class='ocr_par' dir='ltr' id='par_1_33' title="bbox 1891 1446 3503 1520">
     <span class='ocr_line' id='line_1_34' title="bbox 1891 1446 3503 1520; baseline -0.008 -15"><span class='ocrx_word' id='word_1_171' title='bbox 1891 1450 1960 1520; x_wconf 78' lang='grc' dir='ltr'>ᾼι</span> <span class='ocrx_word' id='word_1_172' title='bbox 1984 1453 2031 1504; x_wconf 81' lang='lat' dir='ltr'><strong>si</strong></span> <span class='ocrx_word' id='word_1_173' title='bbox 2053 1446 2262 1520; x_wconf 80' lang='lat' dir='ltr'><strong>generis</strong></span> <span class='ocrx_word' id='word_1_174' title='bbox 2295 1446 2610 1520; x_wconf 12' lang='lat' dir='ltr'><strong>origoirecta</strong></span> <span class='ocrx_word' id='word_1_175' title='bbox 2634 1462 2738 1499; x_wconf 85' lang='lat' dir='ltr'><strong>non</strong></span> <span class='ocrx_word' id='word_1_176' title='bbox 2769 1446 2948 1520; x_wconf 75' lang='lat' dir='ltr'><strong>fuerit,</strong></span> <span class='ocrx_word' id='word_1_177' title='bbox 3489 1457 3503 1464; x_wconf 83' lang='grc'><strong>-</strong></span> 
     </span>
    </p>
   </div>
   <div class='ocr_carea' id='block_1_34' title="bbox 1892 1517 3152 1574">
    <p class='ocr_par' dir='ltr' id='par_1_34' title="bbox 1892 1517 3152 1574">
     <span class='ocr_line' id='line_1_35' title="bbox 1892 1517 3152 1574; baseline -0.006 0"><span class='ocrx_word' id='word_1_178' title='bbox 1892 1517 2140 1574; x_wconf 68' lang='lat' dir='ltr'><strong>Posteros</strong></span> <span class='ocrx_word' id='word_1_179' title='bbox 2173 1519 2231 1572; x_wconf 81' lang='lat' dir='ltr'><strong>in</strong></span> <span class='ocrx_word' id='word_1_180' title='bbox 2263 1517 2572 1571; x_wconf 75' lang='lat' dir='ltr'><strong>calamitate</strong></span> <span class='ocrx_word' id='word_1_181' title='bbox 2603 1517 2810 1570; x_wconf 82' lang='lat' dir='ltr'><strong>uersari</strong></span> <span class='ocrx_word' id='word_1_182' title='bbox 2826 1531 3030 1568; x_wconf 81' lang='lat' dir='ltr'><strong>necesse</strong></span> <span class='ocrx_word' id='word_1_183' title='bbox 3053 1527 3152 1568; x_wconf 77' lang='lat' dir='ltr'><strong>est.</strong></span> 
     </span>
    </p>
   </div>
   <div class='ocr_carea' id='block_1_35' title="bbox 1891 1585 3042 1648">
    <p class='ocr_par' dir='ltr' id='par_1_35' title="bbox 1891 1585 3042 1648">
     <span class='ocr_line' id='line_1_36' title="bbox 1891 1585 3042 1648; baseline -0.006 -5"><span class='ocrx_word' id='word_1_184' title='bbox 1891 1588 2012 1642; x_wconf 88' lang='lat' dir='ltr'><strong>Non</strong></span> <span class='ocrx_word' id='word_1_185' title='bbox 2036 1597 2172 1642; x_wconf 82' lang='lat' dir='ltr'><strong>recte</strong></span> <span class='ocrx_word' id='word_1_186' title='bbox 2195 1603 2251 1641; x_wconf 80' lang='lat' dir='ltr'><strong>se</strong></span> <span class='ocrx_word' id='word_1_187' title='bbox 2272 1587 2425 1640; x_wconf 83' lang='lat' dir='ltr'><strong><em>habet</em></strong></span> <span class='ocrx_word' id='word_1_188' title='bbox 2452 1595 2598 1639; x_wconf 79' lang='lat' dir='ltr'><strong>vetus</strong></span> <span class='ocrx_word' id='word_1_189' title='bbox 2627 1586 2736 1638; x_wconf 74' lang='lat' dir='ltr'><strong>hwc</strong></span> <span class='ocrx_word' id='word_1_190' title='bbox 2758 1585 3042 1648; x_wconf 83' lang='lat' dir='ltr'><strong><em>sententia,</em></strong></span> 
     </span>
    </p>
   </div>
   <div class='ocr_carea' id='block_1_36' title="bbox 1892 1653 3102 1726">
    <p class='ocr_par' dir='ltr' id='par_1_36' title="bbox 1892 1653 3102 1726">
     <span class='ocr_line' id='line_1_37' title="bbox 1892 1653 3102 1726; baseline -0.003 -15"><span class='ocrx_word' id='word_1_191' title='bbox 1892 1657 1979 1711; x_wconf 77' lang='lat' dir='ltr'><strong>Ea:</strong></span> <span class='ocrx_word' id='word_1_192' title='bbox 2008 1656 2150 1711; x_wconf 88' lang='lat' dir='ltr'><strong>malo</strong></span> <span class='ocrx_word' id='word_1_193' title='bbox 2176 1667 2329 1726; x_wconf 81' lang='lat' dir='ltr'><strong><em>patre</em></strong></span> <span class='ocrx_word' id='word_1_194' title='bbox 2353 1657 2629 1725; x_wconf 69' lang='lat' dir='ltr'><strong>nunquam</strong></span> <span class='ocrx_word' id='word_1_195' title='bbox 2655 1663 2900 1708; x_wconf 80' lang='lat' dir='ltr'><strong>nascetur</strong></span> <span class='ocrx_word' id='word_1_196' title='bbox 2920 1653 3102 1708; x_wconf 79' lang='lat' dir='ltr'><strong>bonus.</strong></span> 
     </span>
    </p>
   </div>
   <div class='ocr_carea' id='block_1_37' title="bbox 304 1756 1805 1850">
    <p class='ocr_par' dir='ltr' id='par_1_37' title="bbox 304 1775 1790 1850">
     <span class='ocr_line' id='line_1_38' title="bbox 304 1775 1790 1850; baseline -0.005 -16"><span class='ocrx_word' id='word_1_197' title='bbox 304 1781 596 1849; x_wconf 75' lang='grc' dir='ltr'>Θεοπόμπ.</span> <span class='ocrx_word' id='word_1_198' title='bbox 630 1808 704 1820; x_wconf 91' lang='grc'><strong>-</strong></span> <span class='ocrx_word' id='word_1_199' title='bbox 741 1779 1001 1848; x_wconf 82' lang='grc' dir='ltr'>Εὑγενεῖς</span> <span class='ocrx_word' id='word_1_200' title='bbox 1043 1775 1182 1833; x_wconf 74' lang='grc' dir='ltr'>εἶναι</span> <span class='ocrx_word' id='word_1_201' title='bbox 1212 1776 1426 1850; x_wconf 82' lang='grc' dir='ltr'>νόμιζε,</span> <span class='ocrx_word' id='word_1_202' title='bbox 1463 1777 1538 1848; x_wconf 81' lang='grc' dir='ltr'>μὴ</span> <span class='ocrx_word' id='word_1_203' title='bbox 1571 1775 1699 1838; x_wconf 79' lang='grc' dir='ltr'>τοὺς</span> <span class='ocrx_word' id='word_1_204' title='bbox 1727 1775 1790 1827; x_wconf 80' lang='grc' dir='ltr'><strong>ὲκ</strong></span> 
     </span>
    </p>
   </div>
   <div class='ocr_carea' id='block_1_38' title="bbox 1903 1756 3464 1850">
    <p class='ocr_par' dir='ltr' id='par_1_38' title="bbox 1967 1766 3464 1842">
     <span class='ocr_line' id='line_1_39' title="bbox 1967 1766 3464 1842; baseline -0.005 -16"><span class='ocrx_word' id='word_1_205' title='bbox 1967 1770 2303 1842; x_wconf 80' lang='lat' dir='ltr'><strong>Theopompi.</strong></span> <span class='ocrx_word' id='word_1_206' title='bbox 2345 1797 2416 1808; x_wconf 90' lang='lat'><strong>-—-</strong></span> <span class='ocrx_word' id='word_1_207' title='bbox 2452 1767 2679 1824; x_wconf 90' lang='lat' dir='ltr'><strong>Nobiles</strong></span> <span class='ocrx_word' id='word_1_208' title='bbox 2713 1767 3030 1821; x_wconf 82' lang='lat' dir='ltr'><strong>existimato</strong></span> <span class='ocrx_word' id='word_1_209' title='bbox 3060 1782 3124 1822; x_wconf 91' lang='lat' dir='ltr'><strong>ac</strong></span> <span class='ocrx_word' id='word_1_210' title='bbox 3171 1766 3464 1838; x_wconf 80' lang='lat' dir='ltr'><strong>ingenuos,</strong></span> 
     </span>
    </p>
   </div>
   <div class='ocr_carea' id='block_1_39' title="bbox 231 1865 1792 1940">
    <p class='ocr_par' dir='ltr' id='par_1_39' title="bbox 231 1865 1792 1940">
     <span class='ocr_line' id='line_1_40' title="bbox 231 1865 1792 1940; baseline -0.004 -16"><span class='ocrx_word' id='word_1_211' title='bbox 231 1871 338 1924; x_wconf 88' lang='grc' dir='ltr'>τῶν</span> <span class='ocrx_word' id='word_1_212' title='bbox 370 1871 548 1924; x_wconf 82' lang='grc' dir='ltr'>καλῶν</span> <span class='ocrx_word' id='word_1_213' title='bbox 592 1870 686 1924; x_wconf 79' lang='grc' dir='ltr'><strong>καὶ</strong></span> <span class='ocrx_word' id='word_1_214' title='bbox 722 1869 942 1938; x_wconf 82' lang='grc' dir='ltr'><strong>ἀγαθῶν</strong></span> <span class='ocrx_word' id='word_1_215' title='bbox 993 1869 1392 1940; x_wconf 75' lang='grc' dir='ltr'><strong>γεγενημένους</strong></span> <span class='ocrx_word' id='word_1_216' title='bbox 1417 1884 1432 1900; x_wconf 88' lang='grc'><strong>·</strong></span> <span class='ocrx_word' id='word_1_217' title='bbox 1494 1865 1632 1922; x_wconf 86' lang='grc' dir='ltr'><strong>ἀλλά</strong></span> <span class='ocrx_word' id='word_1_218' title='bbox 1665 1865 1792 1928; x_wconf 85' lang='grc' dir='ltr'>τοὺς</span> 
     </span>
    </p>
   </div>
   <div class='ocr_carea' id='block_1_40' title="bbox 231 1955 1244 2032">
    <p class='ocr_par' dir='ltr' id='par_1_40' title="bbox 231 1955 1244 2032">
     <span class='ocr_line' id='line_1_41' title="bbox 231 1955 1244 2032; baseline 0.002 -20"><span class='ocrx_word' id='word_1_219' title='bbox 231 1959 374 2014; x_wconf 86' lang='grc' dir='ltr'>καλά</span> <span class='ocrx_word' id='word_1_220' title='bbox 404 1960 501 2014; x_wconf 84' lang='grc' dir='ltr'><strong>καὶ</strong></span> <span class='ocrx_word' id='word_1_221' title='bbox 539 1955 720 2028; x_wconf 84' lang='grc' dir='ltr'>ἀγαθά</span> <span class='ocrx_word' id='word_1_222' title='bbox 749 1959 1244 2032; x_wconf 76' lang='grc' dir='ltr'><strong>προαιρουμένους.</strong></span> 
     </span>
    </p>
   </div>
   <div class='ocr_carea' id='block_1_41' title="bbox 305 2124 1795 2203">
    <p class='ocr_par' dir='ltr' id='par_1_41' title="bbox 305 2124 1795 2203">
     <span class='ocr_line' id='line_1_42' title="bbox 305 2124 1795 2203; baseline -0.005 -14"><span class='ocrx_word' id='word_1_223' title='bbox 305 2135 626 2188; x_wconf 80' lang='grc' dir='ltr'>Θεσπίδου.</span> <span class='ocrx_word' id='word_1_224' title='bbox 678 2163 748 2174; x_wconf 93' lang='grc'><strong><em>-</em></strong></span> <span class='ocrx_word' id='word_1_225' title='bbox 793 2129 918 2186; x_wconf 79' lang='grc' dir='ltr'>Ἐπὶ</span> <span class='ocrx_word' id='word_1_226' title='bbox 975 2132 1254 2203; x_wconf 83' lang='grc' dir='ltr'>προγόνων</span> <span class='ocrx_word' id='word_1_227' title='bbox 1299 2124 1552 2200; x_wconf 71' lang='grc' dir='ltr'>εὐγενείᾳ</span> <span class='ocrx_word' id='word_1_228' title='bbox 1605 2129 1795 2200; x_wconf 72' lang='grc' dir='ltr'>μηδεὶς</span> 
     </span>
    </p>
   </div>
   <div class='ocr_carea' id='block_1_42' title="bbox 231 2219 1796 2295">
    <p class='ocr_par' dir='ltr' id='par_1_42' title="bbox 231 2219 1796 2295">
     <span class='ocr_line' id='line_1_43' title="bbox 231 2219 1796 2295; baseline -0.005 -16"><span class='ocrx_word' id='word_1_229' title='bbox 231 2224 595 2295; x_wconf 76' lang='grc' dir='ltr'>ὲγκαυχάσθω</span> <span class='ocrx_word' id='word_1_230' title='bbox 617 2241 632 2255; x_wconf 88' lang='grc'><strong>·</strong></span> <span class='ocrx_word' id='word_1_231' title='bbox 683 2222 852 2292; x_wconf 75' lang='grc' dir='ltr'>πηλὸν</span> <span class='ocrx_word' id='word_1_232' title='bbox 881 2221 990 2293; x_wconf 87' lang='grc' dir='ltr'><strong>γάρ</strong></span> <span class='ocrx_word' id='word_1_233' title='bbox 1023 2221 1208 2291; x_wconf 71' lang='grc' dir='ltr'>ἔχουσι</span> <span class='ocrx_word' id='word_1_234' title='bbox 1245 2221 1448 2284; x_wconf 85' lang='grc' dir='ltr'>πάντες</span> <span class='ocrx_word' id='word_1_235' title='bbox 1475 2219 1570 2274; x_wconf 80' lang='grc' dir='ltr'><strong>τοῦ</strong></span> <span class='ocrx_word' id='word_1_236' title='bbox 1603 2220 1796 2289; x_wconf 82' lang='grc' dir='ltr'><strong>γένους</strong></span> 
     </span>
    </p>
   </div>
   <div class='ocr_carea' id='block_1_43' title="bbox 232 2311 1800 2386">
    <p class='ocr_par' dir='ltr' id='par_1_43' title="bbox 232 2311 1800 2386">
     <span class='ocr_line' id='line_1_44' title="bbox 232 2311 1800 2386; baseline -0.003 -17"><span class='ocrx_word' id='word_1_237' title='bbox 232 2316 575 2386; x_wconf 79' lang='grc' dir='ltr'>προπάτορα,</span> <span class='ocrx_word' id='word_1_238' title='bbox 609 2314 704 2367; x_wconf 75' lang='grc' dir='ltr'><strong>καὶ</strong></span> <span class='ocrx_word' id='word_1_239' title='bbox 735 2314 784 2366; x_wconf 79' lang='grc' dir='ltr'><strong>οἱ</strong></span> <span class='ocrx_word' id='word_1_240' title='bbox 816 2313 874 2366; x_wconf 80' lang='grc' dir='ltr'><strong>ὲν</strong></span> <span class='ocrx_word' id='word_1_241' title='bbox 899 2312 1162 2382; x_wconf 62' lang='grc' dir='ltr'>πορφύρᾳ</span> <span class='ocrx_word' id='word_1_242' title='bbox 1193 2313 1287 2365; x_wconf 84' lang='grc' dir='ltr'><strong>καὶ</strong></span> <span class='ocrx_word' id='word_1_243' title='bbox 1312 2311 1498 2383; x_wconf 81' lang='grc' dir='ltr'>βύσσῳ</span> <span class='ocrx_word' id='word_1_244' title='bbox 1526 2311 1800 2382; x_wconf 81' lang='grc' dir='ltr'>τρεφόμε-</span> 
     </span>
    </p>
   </div>
   <div class='ocr_carea' id='block_1_44' title="bbox 231 2401 1486 2474">
    <p class='ocr_par' dir='ltr' id='par_1_44' title="bbox 231 2401 1486 2474">
     <span class='ocr_line' id='line_1_45' title="bbox 231 2401 1486 2474; baseline 0.002 -16"><span class='ocrx_word' id='word_1_245' title='bbox 231 2419 332 2471; x_wconf 90' lang='grc' dir='ltr'>νοι,</span> <span class='ocrx_word' id='word_1_246' title='bbox 365 2405 458 2458; x_wconf 76' lang='grc' dir='ltr'><strong>καὶ</strong></span> <span class='ocrx_word' id='word_1_247' title='bbox 483 2404 532 2457; x_wconf 88' lang='grc' dir='ltr'>οί</span> <span class='ocrx_word' id='word_1_248' title='bbox 554 2403 614 2456; x_wconf 84' lang='grc' dir='ltr'>ὲν</span> <span class='ocrx_word' id='word_1_249' title='bbox 646 2401 808 2473; x_wconf 79' lang='grc' dir='ltr'>πενίᾳ</span> <span class='ocrx_word' id='word_1_250' title='bbox 834 2402 1058 2473; x_wconf 76' lang='grc' dir='ltr'>ἀϐύσσῳ</span> <span class='ocrx_word' id='word_1_251' title='bbox 1085 2403 1486 2474; x_wconf 80' lang='grc' dir='ltr'><strong>δαπανώμενοι.</strong></span> 
     </span>
    </p>
   </div>
   <div class='ocr_carea' id='block_1_45' title="bbox 847 2513 1166 2582">
    <p class='ocr_par' dir='ltr' id='par_1_45' title="bbox 847 2513 1166 2582">
     <span class='ocr_line' id='line_1_46' title="bbox 847 2513 1166 2582; baseline 0.006 -16"><span class='ocrx_word' id='word_1_252' title='bbox 847 2513 1166 2582; x_wconf 71' lang='grc' dir='ltr'>Σκληρίου.</span> 
     </span>
    </p>
   </div>
   <div class='ocr_carea' id='block_1_46' title="bbox 334 2621 1576 2694">
    <p class='ocr_par' dir='ltr' id='par_1_46' title="bbox 334 2621 1576 2694">
     <span class='ocr_line' id='line_1_47' title="bbox 334 2621 1576 2694; baseline 0.002 -17"><span class='ocrx_word' id='word_1_253' title='bbox 334 2621 614 2694; x_wconf 67' lang='grc' dir='ltr'>Πολλοῖς,</span> <span class='ocrx_word' id='word_1_254' title='bbox 639 2621 886 2694; x_wconf 30' lang='grc' dir='ltr'><strong>’θνητῶν</strong></span> <span class='ocrx_word' id='word_1_255' title='bbox 911 2625 950 2694; x_wconf 70' lang='grc' dir='ltr'><em>ἡ</em></span> <span class='ocrx_word' id='word_1_256' title='bbox 972 2624 1088 2694; x_wconf 61' lang='grc' dir='ltr'><strong>μὲν</strong></span> <span class='ocrx_word' id='word_1_257' title='bbox 1110 2624 1252 2694; x_wconf 80' lang='grc' dir='ltr'>ὄψις</span> <span class='ocrx_word' id='word_1_258' title='bbox 1282 2625 1538 2694; x_wconf 77' lang='grc' dir='ltr'><strong>εὐγενής</strong></span> <span class='ocrx_word' id='word_1_259' title='bbox 1561 2641 1576 2658; x_wconf 89' lang='grc'><strong>·</strong></span> 
     </span>
    </p>
   </div>
   <div class='ocr_carea' id='block_1_47' title="bbox 346 2691 1686 2762">
    <p class='ocr_par' dir='ltr' id='par_1_47' title="bbox 346 2691 1686 2762">
     <span class='ocr_line' id='line_1_48' title="bbox 346 2691 1686 2762; baseline 0.003 -16"><span class='ocrx_word' id='word_1_260' title='bbox 346 2691 412 2746; x_wconf 86' lang='lat'><strong>&#39;0</strong></span> <span class='ocrx_word' id='word_1_261' title='bbox 448 2691 592 2758; x_wconf 80' lang='grc' dir='ltr'>νοῦς</span> <span class='ocrx_word' id='word_1_262' title='bbox 627 2691 680 2744; x_wconf 82' lang='grc' dir='ltr'>δ’</span> <span class='ocrx_word' id='word_1_263' title='bbox 704 2693 775 2746; x_wconf 79' lang='grc' dir='ltr'>ἐν</span> <span class='ocrx_word' id='word_1_264' title='bbox 808 2693 960 2760; x_wconf 73' lang='grc' dir='ltr'>αὐτῇ</span> <span class='ocrx_word' id='word_1_265' title='bbox 991 2691 1296 2762; x_wconf 78' lang='grc' dir='ltr'>δυσγενὴς</span> <span class='ocrx_word' id='word_1_266' title='bbox 1324 2691 1686 2762; x_wconf 62' lang='grc' dir='ltr'>εὑρίσκεται.</span> 
     </span>
    </p>
   </div>
   <div class='ocr_carea' id='block_1_48' title="bbox 270 2805 1798 2887">
    <p class='ocr_par' dir='ltr' id='par_1_48' title="bbox 270 2805 1798 2887">
     <span class='ocr_line' id='line_1_49' title="bbox 270 2805 1798 2887; baseline 0.001 -27"><span class='ocrx_word' id='word_1_267' title='bbox 270 2805 668 2887; x_wconf 62' lang='grc' dir='ltr'>βΣώστρα-ι-ος.</span> <span class='ocrx_word' id='word_1_268' title='bbox 701 2835 773 2846; x_wconf 92' lang='lat'>—</span> <span class='ocrx_word' id='word_1_269' title='bbox 801 2805 1119 2878; x_wconf 81' lang='grc' dir='ltr'><strong>Σώστρατος</strong></span> <span class='ocrx_word' id='word_1_270' title='bbox 1151 2807 1179 2860; x_wconf 88' lang='grc' dir='ltr'>ὁ</span> <span class='ocrx_word' id='word_1_271' title='bbox 1208 2805 1448 2878; x_wconf 82' lang='grc' dir='ltr'>αὐλητὴς</span> <span class='ocrx_word' id='word_1_272' title='bbox 1472 2807 1798 2878; x_wconf 71' lang='grc' dir='ltr'>ὀνειδιζόμε-</span> 
     </span>
    </p>
   </div>
   <div class='ocr_carea' id='block_1_49' title="bbox 233 2888 1792 2966">
    <p class='ocr_par' dir='ltr' id='par_1_49' title="bbox 233 2888 1792 2966">
     <span class='ocr_line' id='line_1_50' title="bbox 233 2888 1792 2966; baseline -0.001 -16"><span class='ocrx_word' id='word_1_273' title='bbox 233 2911 320 2959; x_wconf 89' lang='grc' dir='ltr'><strong>νος</strong></span> <span class='ocrx_word' id='word_1_274' title='bbox 351 2895 454 2948; x_wconf 84' lang='grc' dir='ltr'>ὑπό</span> <span class='ocrx_word' id='word_1_275' title='bbox 481 2911 625 2958; x_wconf 83' lang='grc' dir='ltr'>τινος</span> <span class='ocrx_word' id='word_1_276' title='bbox 655 2895 750 2948; x_wconf 74' lang='grc' dir='ltr'><strong>ἐπὶ</strong></span> <span class='ocrx_word' id='word_1_277' title='bbox 782 2888 866 2966; x_wconf 78' lang='grc' dir='ltr'><strong>’τῷ</strong></span> <span class='ocrx_word' id='word_1_278' title='bbox 917 2895 1120 2964; x_wconf 79' lang='grc' dir='ltr'>γονέων</span> <span class='ocrx_word' id='word_1_279' title='bbox 1146 2896 1374 2965; x_wconf 83' lang='grc' dir='ltr'><strong>ἀσήμων</strong></span> <span class='ocrx_word' id='word_1_280' title='bbox 1403 2893 1566 2962; x_wconf 71' lang='grc' dir='ltr'>εἶναι,</span> <span class='ocrx_word' id='word_1_281' title='bbox 1603 2891 1725 2950; x_wconf 82' lang='grc' dir='ltr'>εἶπε</span> <span class='ocrx_word' id='word_1_282' title='bbox 1777 2913 1792 2928; x_wconf 78' lang='grc' dir='ltr'><strong>ο</strong></span> 
     </span>
    </p>
   </div>
   <div class='ocr_carea' id='block_1_50' title="bbox 1896 1855 3466 1929">
    <p class='ocr_par' dir='ltr' id='par_1_50' title="bbox 1896 1855 3466 1929">
     <span class='ocr_line' id='line_1_51' title="bbox 1896 1855 3466 1929; baseline -0.003 -14"><span class='ocrx_word' id='word_1_283' title='bbox 1896 1875 2010 1915; x_wconf 89' lang='lat' dir='ltr'><strong>non</strong></span> <span class='ocrx_word' id='word_1_284' title='bbox 2049 1859 2148 1929; x_wconf 89' lang='lat' dir='ltr'><strong>qui</strong></span> <span class='ocrx_word' id='word_1_285' title='bbox 2216 1873 2284 1912; x_wconf 83' lang='lat' dir='ltr'><strong>ex</strong></span> <span class='ocrx_word' id='word_1_286' title='bbox 2344 1856 2596 1911; x_wconf 78' lang='lat' dir='ltr'><strong>honestis</strong></span> <span class='ocrx_word' id='word_1_287' title='bbox 2633 1855 2940 1924; x_wconf 87' lang='lat' dir='ltr'><strong>probisque</strong></span> <span class='ocrx_word' id='word_1_288' title='bbox 2986 1855 3312 1925; x_wconf 79' lang='lat' dir='ltr'><strong>parentibus</strong></span> <span class='ocrx_word' id='word_1_289' title='bbox 3356 1855 3466 1910; x_wconf 84' lang='lat' dir='ltr'><strong>orti</strong></span> 
     </span>
    </p>
   </div>
   <div class='ocr_carea' id='block_1_51' title="bbox 1897 1945 3466 2018">
    <p class='ocr_par' dir='ltr' id='par_1_51' title="bbox 1897 1945 3466 2018">
     <span class='ocr_line' id='line_1_52' title="bbox 1897 1945 3466 2018; baseline -0.005 -12"><span class='ocrx_word' id='word_1_290' title='bbox 1897 1958 2050 2017; x_wconf 88' lang='lat' dir='ltr'><strong>sunt,</strong></span> <span class='ocrx_word' id='word_1_291' title='bbox 2074 1948 2171 2005; x_wconf 88' lang='lat' dir='ltr'><strong>sed</strong></span> <span class='ocrx_word' id='word_1_292' title='bbox 2203 1948 2299 2018; x_wconf 88' lang='lat' dir='ltr'><strong>qui</strong></span> <span class='ocrx_word' id='word_1_293' title='bbox 2335 1945 2601 2002; x_wconf 87' lang='lat' dir='ltr'><strong>honestos</strong></span> <span class='ocrx_word' id='word_1_294' title='bbox 2627 1945 2946 2016; x_wconf 85' lang='lat' dir='ltr'><strong>probosque</strong></span> <span class='ocrx_word' id='word_1_295' title='bbox 2979 1959 3164 2000; x_wconf 88' lang='lat' dir='ltr'><strong>mores</strong></span> <span class='ocrx_word' id='word_1_296' title='bbox 3198 1945 3466 2015; x_wconf 80' lang='lat' dir='ltr'><strong>proﬁten-</strong></span> 
     </span>
    </p>
   </div>
   <div class='ocr_carea' id='block_1_52' title="bbox 1900 2050 2014 2095">
    <p class='ocr_par' dir='ltr' id='par_1_52' title="bbox 1900 2050 2014 2095">
     <span class='ocr_line' id='line_1_53' title="bbox 1900 2050 2014 2095; baseline -0.009 0"><span class='ocrx_word' id='word_1_297' title='bbox 1900 2050 2014 2095; x_wconf 89' lang='lat' dir='ltr'><strong>tur.</strong></span> 
     </span>
    </p>
   </div>
   <div class='ocr_carea' id='block_1_53' title="bbox 1970 2123 3500 2200">
    <p class='ocr_par' dir='ltr' id='par_1_53' title="bbox 1970 2123 3500 2200">
     <span class='ocr_line' id='line_1_54' title="bbox 1970 2123 3500 2200; baseline -0.003 -16"><span class='ocrx_word' id='word_1_298' title='bbox 1970 2123 2260 2200; x_wconf 79' lang='lat' dir='ltr'><strong>Thespidis.</strong></span> <span class='ocrx_word' id='word_1_299' title='bbox 2315 2157 2382 2171; x_wconf 70' lang='grc' dir='ltr'><strong>-ι</strong></span> <span class='ocrx_word' id='word_1_300' title='bbox 2403 2126 2669 2199; x_wconf 78' lang='lat' dir='ltr'><strong>Major-um</strong></span> <span class='ocrx_word' id='word_1_301' title='bbox 2692 2127 2984 2183; x_wconf 78' lang='lat' dir='ltr'><strong>nobilitate</strong></span> <span class='ocrx_word' id='word_1_302' title='bbox 3030 2141 3196 2184; x_wconf 89' lang='lat' dir='ltr'><strong>nemo</strong></span> <span class='ocrx_word' id='word_1_303' title='bbox 3239 2126 3466 2196; x_wconf 87' lang='lat' dir='ltr'><strong>gloriari</strong></span> <span class='ocrx_word' id='word_1_304' title='bbox 3495 2135 3500 2139; x_wconf 76' lang='lat'><strong>‘</strong></span> 
     </span>
    </p>
   </div>
   <div class='ocr_carea' id='block_1_54' title="bbox 1897 2220 3464 2291">
    <p class='ocr_par' dir='ltr' id='par_1_54' title="bbox 1897 2220 3464 2291">
     <span class='ocr_line' id='line_1_55' title="bbox 1897 2220 3464 2291; baseline -0.002 -14"><span class='ocrx_word' id='word_1_305' title='bbox 1897 2221 2084 2278; x_wconf 86' lang='lat' dir='ltr'><strong>debet.</strong></span> <span class='ocrx_word' id='word_1_306' title='bbox 2123 2221 2352 2276; x_wconf 87' lang='lat' dir='ltr'><strong>Cunctis</strong></span> <span class='ocrx_word' id='word_1_307' title='bbox 2385 2221 2534 2276; x_wconf 89' lang='lat' dir='ltr'><strong>enim</strong></span> <span class='ocrx_word' id='word_1_308' title='bbox 2561 2221 2780 2291; x_wconf 79' lang='lat' dir='ltr'><strong>generis</strong></span> <span class='ocrx_word' id='word_1_309' title='bbox 2809 2220 2965 2289; x_wconf 88' lang='lat' dir='ltr'><strong>origo</strong></span> <span class='ocrx_word' id='word_1_310' title='bbox 2998 2220 3177 2275; x_wconf 92' lang='lat' dir='ltr'><strong>lutum</strong></span> <span class='ocrx_word' id='word_1_311' title='bbox 3203 2229 3308 2286; x_wconf 88' lang='lat' dir='ltr'><strong>est,</strong></span> <span class='ocrx_word' id='word_1_312' title='bbox 3347 2229 3464 2274; x_wconf 88' lang='lat' dir='ltr'><strong>tum</strong></span> 
     </span>
    </p>
   </div>
   <div class='ocr_carea' id='block_1_55' title="bbox 1899 2307 3464 2382">
    <p class='ocr_par' dir='ltr' id='par_1_55' title="bbox 1899 2307 3464 2382">
     <span class='ocr_line' id='line_1_56' title="bbox 1899 2307 3464 2382; baseline -0.002 -16"><span class='ocrx_word' id='word_1_313' title='bbox 1899 2307 1990 2378; x_wconf 85' lang='lat' dir='ltr'><strong>iis,</strong></span> <span class='ocrx_word' id='word_1_314' title='bbox 2025 2311 2120 2382; x_wconf 88' lang='lat' dir='ltr'><strong>qui</strong></span> <span class='ocrx_word' id='word_1_315' title='bbox 2149 2311 2206 2365; x_wconf 91' lang='lat' dir='ltr'><strong>in</strong></span> <span class='ocrx_word' id='word_1_316' title='bbox 2230 2327 2478 2381; x_wconf 86' lang='lat' dir='ltr'><strong>purpura</strong></span> <span class='ocrx_word' id='word_1_317' title='bbox 2499 2319 2554 2365; x_wconf 88' lang='lat' dir='ltr'><strong>et</strong></span> <span class='ocrx_word' id='word_1_318' title='bbox 2581 2311 2744 2381; x_wconf 87' lang='lat' dir='ltr'><strong>b‘ysso</strong></span> <span class='ocrx_word' id='word_1_319' title='bbox 2787 2311 3135 2377; x_wconf 85' lang='lat' dir='ltr'><strong>nutriuntur,</strong></span> <span class='ocrx_word' id='word_1_320' title='bbox 3156 2311 3322 2382; x_wconf 75' lang='lat'><strong>676</strong></span> <span class='ocrx_word' id='word_1_321' title='bbox 3348 2319 3464 2366; x_wconf 84' lang='lat' dir='ltr'><strong>tum</strong></span> 
     </span>
    </p>
   </div>
   <div class='ocr_carea' id='block_1_56' title="bbox 1898 2401 3080 2472">
    <p class='ocr_par' dir='ltr' id='par_1_56' title="bbox 1898 2401 3080 2472">
     <span class='ocr_line' id='line_1_57' title="bbox 1898 2401 3080 2472; baseline -0.002 -16"><span class='ocrx_word' id='word_1_322' title='bbox 1898 2403 1992 2472; x_wconf 89' lang='lat' dir='ltr'><strong>qui</strong></span> <span class='ocrx_word' id='word_1_323' title='bbox 2024 2401 2082 2456; x_wconf 87' lang='lat' dir='ltr'><strong>in</strong></span> <span class='ocrx_word' id='word_1_324' title='bbox 2107 2401 2374 2456; x_wconf 89' lang='lat' dir='ltr'><strong>altissima</strong></span> <span class='ocrx_word' id='word_1_325' title='bbox 2413 2409 2740 2470; x_wconf 84' lang='lat' dir='ltr'><strong>paupertate</strong></span> <span class='ocrx_word' id='word_1_326' title='bbox 2769 2401 3080 2456; x_wconf 88' lang='lat' dir='ltr'><strong>tabescunt.</strong></span> 
     </span>
    </p>
   </div>
   <div class='ocr_carea' id='block_1_57' title="bbox 2568 2511 2805 2568">
    <p class='ocr_par' dir='ltr' id='par_1_57' title="bbox 2568 2511 2805 2568">
     <span class='ocr_line' id='line_1_58' title="bbox 2568 2511 2805 2568; baseline 0.008 -2"><span class='ocrx_word' id='word_1_327' title='bbox 2568 2511 2805 2568; x_wconf 70' lang='lat' dir='ltr'><strong>Scleriaa.</strong></span> 
     </span>
    </p>
   </div>
   <div class='ocr_carea' id='block_1_58' title="bbox 1901 2621 2904 2692">
    <p class='ocr_par' dir='ltr' id='par_1_58' title="bbox 1901 2621 2904 2692">
     <span class='ocr_line' id='line_1_59' title="bbox 1901 2621 2904 2692; baseline 0.002 -16"><span class='ocrx_word' id='word_1_328' title='bbox 1901 2623 2080 2692; x_wconf 75' lang='lat' dir='ltr'><strong>Multis</strong></span> <span class='ocrx_word' id='word_1_329' title='bbox 2102 2621 2412 2678; x_wconf 77' lang='lat' dir='ltr'><strong>mortalium</strong></span> <span class='ocrx_word' id='word_1_330' title='bbox 2445 2625 2674 2692; x_wconf 84' lang='lat' dir='ltr'><strong>ingenua</strong></span> <span class='ocrx_word' id='word_1_331' title='bbox 2707 2624 2904 2692; x_wconf 80' lang='lat' dir='ltr'><strong>facies;</strong></span> 
     </span>
    </p>
   </div>
   <div class='ocr_carea' id='block_1_59' title="bbox 1897 2691 3041 2764">
    <p class='ocr_par' dir='ltr' id='par_1_59' title="bbox 1897 2691 3041 2764">
     <span class='ocr_line' id='line_1_60' title="bbox 1897 2691 3041 2764; baseline -0.001 -16"><span class='ocrx_word' id='word_1_332' title='bbox 1897 2691 2003 2748; x_wconf 85' lang='lat' dir='ltr'><strong>Sub</strong></span> <span class='ocrx_word' id='word_1_333' title='bbox 2033 2709 2097 2748; x_wconf 88' lang='lat' dir='ltr'><strong><em>ea</em></strong></span> <span class='ocrx_word' id='word_1_334' title='bbox 2124 2710 2246 2747; x_wconf 85' lang='lat' dir='ltr'><strong>vero</strong></span> <span class='ocrx_word' id='word_1_335' title='bbox 2277 2709 2421 2747; x_wconf 79' lang='lat' dir='ltr'><strong>mens</strong></span> <span class='ocrx_word' id='word_1_336' title='bbox 2448 2691 2724 2747; x_wconf 74' lang='lat' dir='ltr'><strong>illiberalis</strong></span> <span class='ocrx_word' id='word_1_337' title='bbox 2761 2693 3041 2764; x_wconf 87' lang='lat' dir='ltr'><strong>obtegitur.</strong></span> 
     </span>
    </p>
   </div>
   <div class='ocr_carea' id='block_1_60' title="bbox 1969 2803 3464 2877">
    <p class='ocr_par' dir='ltr' id='par_1_60' title="bbox 1969 2803 3464 2877">
     <span class='ocr_line' id='line_1_61' title="bbox 1969 2803 3464 2877; baseline 0.003 -17"><span class='ocrx_word' id='word_1_338' title='bbox 1969 2803 2264 2860; x_wconf 77' lang='lat' dir='ltr'><strong>Sostratus.</strong></span> <span class='ocrx_word' id='word_1_339' title='bbox 2287 2837 2356 2846; x_wconf 96' lang='lat'><strong>—</strong></span> <span class='ocrx_word' id='word_1_340' title='bbox 2393 2804 2677 2860; x_wconf 86' lang='lat' dir='ltr'><strong>Sostratus</strong></span> <span class='ocrx_word' id='word_1_341' title='bbox 2702 2804 2925 2870; x_wconf 88' lang='lat' dir='ltr'><strong>tibicen,</strong></span> <span class='ocrx_word' id='word_1_342' title='bbox 2949 2821 3074 2860; x_wconf 89' lang='lat' dir='ltr'><strong>eum</strong></span> <span class='ocrx_word' id='word_1_343' title='bbox 3109 2806 3332 2877; x_wconf 89' lang='lat' dir='ltr'><strong>quidam</strong></span> <span class='ocrx_word' id='word_1_344' title='bbox 3361 2809 3464 2864; x_wconf 91' lang='lat' dir='ltr'><strong>ob-</strong></span> 
     </span>
    </p>
   </div>
   <div class='ocr_carea' id='block_1_61' title="bbox 1891 2895 3466 2969">
    <p class='ocr_par' dir='ltr' id='par_1_61' title="bbox 1891 2895 3466 2969">
     <span class='ocr_line' id='line_1_62' title="bbox 1891 2895 3466 2969; baseline 0.003 -19"><span class='ocrx_word' id='word_1_345' title='bbox 1891 2897 2147 2968; x_wconf 89' lang='lat' dir='ltr'><strong>jectaret,</strong></span> <span class='ocrx_word' id='word_1_346' title='bbox 2198 2896 2346 2966; x_wconf 92' lang='lat' dir='ltr'><strong>quod</strong></span> <span class='ocrx_word' id='word_1_347' title='bbox 2395 2911 2462 2950; x_wconf 81' lang='lat' dir='ltr'><strong>ex</strong></span> <span class='ocrx_word' id='word_1_348' title='bbox 2492 2895 2746 2950; x_wconf 88' lang='lat' dir='ltr'><strong>obscuris</strong></span> <span class='ocrx_word' id='word_1_349' title='bbox 2793 2897 3117 2966; x_wconf 87' lang='lat' dir='ltr'><strong>parentibus</strong></span> <span class='ocrx_word' id='word_1_350' title='bbox 3163 2909 3466 2969; x_wconf 79' lang='lat' dir='ltr'><strong>prognatus</strong></span> 
     </span>
    </p>
   </div>
   <div class='ocr_carea' id='block_1_62' title="bbox 231 2985 1805 3060">
    <p class='ocr_par' dir='ltr' id='par_1_62' title="bbox 231 2985 1792 3058">
     <span class='ocr_line' id='line_1_63' title="bbox 231 2985 1792 3058; baseline 0.001 -17"><span class='ocrx_word' id='word_1_351' title='bbox 231 2989 342 3041; x_wconf 82' lang='lat' dir='ltr'><strong>Kal.</strong></span> <span class='ocrx_word' id='word_1_352' title='bbox 381 2987 455 3058; x_wconf 81' lang='grc' dir='ltr'>μὴ</span> <span class='ocrx_word' id='word_1_353' title='bbox 478 2987 566 3040; x_wconf 80' lang='grc' dir='ltr'><strong>διά</strong></span> <span class='ocrx_word' id='word_1_354' title='bbox 592 2986 756 3040; x_wconf 81' lang='grc' dir='ltr'>τοῦτο</span> <span class='ocrx_word' id='word_1_355' title='bbox 782 2986 981 3058; x_wconf 79' lang='grc' dir='ltr'>μᾶλλον</span> <span class='ocrx_word' id='word_1_356' title='bbox 1011 2985 1241 3055; x_wconf 77' lang='grc' dir='ltr'>ὤφειλον</span> <span class='ocrx_word' id='word_1_357' title='bbox 1268 2985 1670 3058; x_wconf 80' lang='grc' dir='ltr'>θαυμάζεσθαι,</span> <span class='ocrx_word' id='word_1_358' title='bbox 1708 2987 1792 3042; x_wconf 82' lang='grc' dir='ltr'>ὅτι</span> 
     </span>
    </p>
   </div>
   <div class='ocr_carea' id='block_1_63' title="bbox 1903 2985 3466 3060">
    <p class='ocr_par' dir='ltr' id='par_1_63' title="bbox 1903 2985 3466 3060">
     <span class='ocr_line' id='line_1_64' title="bbox 1903 2985 3466 3060; baseline 0.002 -18"><span class='ocrx_word' id='word_1_359' title='bbox 1903 2996 2046 3042; x_wconf 86' lang='lat' dir='ltr'><strong>esset</strong></span> <span class='ocrx_word' id='word_1_360' title='bbox 2073 3005 2084 3040; x_wconf 95' lang='lat'><strong>:</strong></span> <span class='ocrx_word' id='word_1_361' title='bbox 2109 2987 2300 3057; x_wconf 85' lang='lat' dir='ltr'><strong>Atqui,</strong></span> <span class='ocrx_word' id='word_1_362' title='bbox 2331 2985 2534 3056; x_wconf 88' lang='lat' dir='ltr'><strong>inquit,</strong></span> <span class='ocrx_word' id='word_1_363' title='bbox 2560 2987 2633 3041; x_wconf 91' lang='lat' dir='ltr'><strong>ob</strong></span> <span class='ocrx_word' id='word_1_364' title='bbox 2658 2987 2712 3042; x_wconf 91' lang='lat' dir='ltr'><strong>id</strong></span> <span class='ocrx_word' id='word_1_365' title='bbox 2753 2987 2932 3056; x_wconf 89' lang='lat' dir='ltr'><strong>ipsum</strong></span> <span class='ocrx_word' id='word_1_366' title='bbox 2960 2988 3126 3042; x_wconf 90' lang='lat' dir='ltr'><strong>debui</strong></span> <span class='ocrx_word' id='word_1_367' title='bbox 3159 2991 3330 3060; x_wconf 85' lang='lat' dir='ltr'><strong>magis</strong></span> <span class='ocrx_word' id='word_1_368' title='bbox 3349 2991 3466 3046; x_wconf 88' lang='lat' dir='ltr'><strong>lau-</strong></span> 
     </span>
    </p>
   </div>
   <div class='ocr_carea' id='block_1_64' title="bbox 233 3075 1805 3158">
    <p class='ocr_par' dir='ltr' id='par_1_64' title="bbox 233 3077 958 3148">
     <span class='ocr_line' id='line_1_65' title="bbox 233 3077 958 3148; baseline -0.004 -15"><span class='ocrx_word' id='word_1_369' title='bbox 233 3080 329 3134; x_wconf 84' lang='grc' dir='ltr'><strong>ἀπ’</strong></span> <span class='ocrx_word' id='word_1_370' title='bbox 360 3077 496 3146; x_wconf 74' lang='grc' dir='ltr'><strong>ἐμοῦ</strong></span> <span class='ocrx_word' id='word_1_371' title='bbox 529 3077 686 3146; x_wconf 85' lang='grc' dir='ltr'>γένος</span> <span class='ocrx_word' id='word_1_372' title='bbox 711 3077 958 3148; x_wconf 74' lang='grc' dir='ltr'>ἄρχεται.</span> 
     </span>
    </p>
   </div>
   <div class='ocr_carea' id='block_1_65' title="bbox 1903 3075 3141 3158">
    <p class='ocr_par' dir='ltr' id='par_1_65' title="bbox 1903 3075 3141 3146">
     <span class='ocr_line' id='line_1_66' title="bbox 1903 3075 3141 3146; baseline -0.001 -15"><span class='ocrx_word' id='word_1_373' title='bbox 1903 3076 2039 3142; x_wconf 86' lang='lat' dir='ltr'><strong>dari,</strong></span> <span class='ocrx_word' id='word_1_374' title='bbox 2075 3077 2224 3146; x_wconf 85' lang='lat' dir='ltr'><strong>quod</strong></span> <span class='ocrx_word' id='word_1_375' title='bbox 2257 3091 2288 3130; x_wconf 89' lang='lat' dir='ltr'><strong>a</strong></span> <span class='ocrx_word' id='word_1_376' title='bbox 2327 3091 2414 3131; x_wconf 88' lang='lat' dir='ltr'><strong>me</strong></span> <span class='ocrx_word' id='word_1_377' title='bbox 2439 3091 2614 3146; x_wconf 87' lang='lat' dir='ltr'><strong>genus</strong></span> <span class='ocrx_word' id='word_1_378' title='bbox 2647 3075 2867 3130; x_wconf 89' lang='lat' dir='ltr'><strong>initium</strong></span> <span class='ocrx_word' id='word_1_379' title='bbox 2901 3076 3141 3131; x_wconf 82' lang='lat' dir='ltr'><strong>duxerit.</strong></span> 
     </span>
    </p>
   </div>
   <div class='ocr_carea' id='block_1_66' title="bbox 307 3166 1805 3241">
    <p class='ocr_par' dir='ltr' id='par_1_66' title="bbox 307 3167 1795 3241">
     <span class='ocr_line' id='line_1_67' title="bbox 307 3167 1795 3241; baseline -0.001 -19"><span class='ocrx_word' id='word_1_380' title='bbox 307 3168 663 3237; x_wconf 76' lang='grc' dir='ltr'><strong>Φαλάριδος.</strong></span> <span class='ocrx_word' id='word_1_381' title='bbox 688 3197 760 3210; x_wconf 91' lang='lat'><strong>—-</strong></span> <span class='ocrx_word' id='word_1_382' title='bbox 782 3167 1150 3240; x_wconf 84' lang='grc' dir='ltr'>Σεμνύνεσθαι</span> <span class='ocrx_word' id='word_1_383' title='bbox 1177 3169 1276 3239; x_wconf 68' lang='grc' dir='ltr'><strong>μὲν</strong></span> <span class='ocrx_word' id='word_1_384' title='bbox 1303 3168 1492 3241; x_wconf 82' lang='grc' dir='ltr'>ὥσπερ</span> <span class='ocrx_word' id='word_1_385' title='bbox 1520 3169 1664 3240; x_wconf 76' lang='grc' dir='ltr'>ἄλλῳ</span> <span class='ocrx_word' id='word_1_386' title='bbox 1689 3167 1795 3222; x_wconf 75' lang='grc' dir='ltr'>τινὶ</span> 
     </span>
    </p>
   </div>
   <div class='ocr_carea' id='block_1_67' title="bbox 1903 3166 3464 3241">
    <p class='ocr_par' dir='ltr' id='par_1_67' title="bbox 1968 3166 3464 3237">
     <span class='ocr_line' id='line_1_68' title="bbox 1968 3166 3464 3237; baseline 0.001 -15"><span class='ocrx_word' id='word_1_387' title='bbox 1968 3166 2699 3223; x_wconf 81' lang='lat' dir='ltr'><strong>Phalaridis.—Nobilitate</strong></span> <span class='ocrx_word' id='word_1_388' title='bbox 2733 3166 2956 3237; x_wconf 79' lang='lat' dir='ltr'><strong>generis</strong></span> <span class='ocrx_word' id='word_1_389' title='bbox 2996 3169 3464 3236; x_wconf 85' lang='lat' dir='ltr'><strong>quemadmodum</strong></span> 
     </span>
    </p>
   </div>
   <div class='ocr_carea' id='block_1_68' title="bbox 237 3257 1805 3330">
    <p class='ocr_par' dir='ltr' id='par_1_68' title="bbox 237 3258 1798 3330">
     <span class='ocr_line' id='line_1_69' title="bbox 237 3258 1798 3330; baseline -0.001 -17"><span class='ocrx_word' id='word_1_390' title='bbox 237 3259 352 3314; x_wconf 86' lang='grc' dir='ltr'><strong>τῶν</strong></span> <span class='ocrx_word' id='word_1_391' title='bbox 391 3258 571 3313; x_wconf 85' lang='grc' dir='ltr'>καλῶν</span> <span class='ocrx_word' id='word_1_392' title='bbox 594 3259 682 3312; x_wconf 73' lang='grc' dir='ltr'><strong>ἐπ’</strong></span> <span class='ocrx_word' id='word_1_393' title='bbox 713 3258 985 3330; x_wconf 74' lang='grc' dir='ltr'>εὐγενείᾳ,</span> <span class='ocrx_word' id='word_1_394' title='bbox 1024 3259 1126 3312; x_wconf 82' lang='grc' dir='ltr'>οὐκ</span> <span class='ocrx_word' id='word_1_395' title='bbox 1169 3260 1399 3322; x_wconf 81' lang='grc' dir='ltr'>ἀπεικός</span> <span class='ocrx_word' id='word_1_396' title='bbox 1443 3261 1610 3314; x_wconf 77' lang='grc' dir='ltr'>ἐστιν.</span> <span class='ocrx_word' id='word_1_397' title='bbox 1657 3259 1798 3328; x_wconf 85' lang='grc' dir='ltr'><strong>Ἐγὼ</strong></span> 
     </span>
    </p>
   </div>
   <div class='ocr_carea' id='block_1_69' title="bbox 1903 3257 3462 3330">
    <p class='ocr_par' dir='ltr' id='par_1_69' title="bbox 1903 3257 3462 3328">
     <span class='ocr_line' id='line_1_70' title="bbox 1903 3257 3462 3328; baseline 0.001 -16"><span class='ocrx_word' id='word_1_398' title='bbox 1903 3258 2080 3328; x_wconf 87' lang='lat' dir='ltr'><strong>aliqua</strong></span> <span class='ocrx_word' id='word_1_399' title='bbox 2109 3273 2166 3312; x_wconf 91' lang='lat' dir='ltr'><strong>re</strong></span> <span class='ocrx_word' id='word_1_400' title='bbox 2197 3257 2307 3312; x_wconf 90' lang='lat' dir='ltr'><strong>alia</strong></span> <span class='ocrx_word' id='word_1_401' title='bbox 2333 3258 2565 3313; x_wconf 84' lang='lat' dir='ltr'><strong>honesta</strong></span> <span class='ocrx_word' id='word_1_402' title='bbox 2586 3257 2832 3328; x_wconf 88' lang='lat' dir='ltr'><strong>gloriari,</strong></span> <span class='ocrx_word' id='word_1_403' title='bbox 2867 3273 2978 3311; x_wconf 91' lang='lat' dir='ltr'><strong>non</strong></span> <span class='ocrx_word' id='word_1_404' title='bbox 3010 3257 3332 3314; x_wconf 85' lang='lat' dir='ltr'><strong>indecorum</strong></span> <span class='ocrx_word' id='word_1_405' title='bbox 3357 3272 3462 3316; x_wconf 90' lang='lat' dir='ltr'><strong>est.</strong></span> 
     </span>
    </p>
   </div>
   <div class='ocr_carea' id='block_1_70' title="bbox 235 3343 1805 3422">
    <p class='ocr_par' dir='ltr' id='par_1_70' title="bbox 235 3343 1800 3422">
     <span class='ocr_line' id='line_1_71' title="bbox 235 3343 1800 3422; baseline -0.001 -18"><span class='ocrx_word' id='word_1_406' title='bbox 235 3349 291 3404; x_wconf 78' lang='grc' dir='ltr'>δὲ</span> <span class='ocrx_word' id='word_1_407' title='bbox 327 3347 453 3419; x_wconf 87' lang='grc' dir='ltr'>μίαν</span> <span class='ocrx_word' id='word_1_408' title='bbox 485 3349 684 3422; x_wconf 83' lang='grc' dir='ltr'>ἀρετὴν</span> <span class='ocrx_word' id='word_1_409' title='bbox 709 3343 848 3414; x_wconf 79' lang='grc' dir='ltr'>οῖδα,</span> <span class='ocrx_word' id='word_1_410' title='bbox 896 3349 967 3402; x_wconf 84' lang='grc' dir='ltr'>τὰ</span> <span class='ocrx_word' id='word_1_411' title='bbox 990 3350 1034 3402; x_wconf 85' lang='grc' dir='ltr'>δ’</span> <span class='ocrx_word' id='word_1_412' title='bbox 1078 3349 1214 3403; x_wconf 80' lang='grc' dir='ltr'>ἄλλα</span> <span class='ocrx_word' id='word_1_413' title='bbox 1258 3350 1436 3403; x_wconf 80' lang='grc' dir='ltr'>πάντα</span> <span class='ocrx_word' id='word_1_414' title='bbox 1464 3350 1654 3421; x_wconf 82' lang='grc' dir='ltr'>τύχην.</span> <span class='ocrx_word' id='word_1_415' title='bbox 1688 3349 1800 3402; x_wconf 80' lang='lat' dir='ltr'><strong>Kal.</strong></span> 
     </span>
    </p>
   </div>
   <div class='ocr_carea' id='block_1_71' title="bbox 1903 3343 3470 3422">
    <p class='ocr_par' dir='ltr' id='par_1_71' title="bbox 1903 3347 3470 3420">
     <span class='ocr_line' id='line_1_72' title="bbox 1903 3347 3470 3420; baseline 0.002 -18"><span class='ocrx_word' id='word_1_416' title='bbox 1903 3347 1980 3403; x_wconf 83' lang='lat' dir='ltr'><strong>Ad</strong></span> <span class='ocrx_word' id='word_1_417' title='bbox 2017 3363 2104 3402; x_wconf 90' lang='lat' dir='ltr'><strong>me</strong></span> <span class='ocrx_word' id='word_1_418' title='bbox 2136 3348 2286 3417; x_wconf 83' lang='lat' dir='ltr'><strong>qtiod</strong></span> <span class='ocrx_word' id='word_1_419' title='bbox 2319 3349 2538 3413; x_wconf 83' lang='lat' dir='ltr'><strong>attinet,</strong></span> <span class='ocrx_word' id='word_1_420' title='bbox 2564 3363 2730 3402; x_wconf 90' lang='lat' dir='ltr'><strong>unam</strong></span> <span class='ocrx_word' id='word_1_421' title='bbox 2749 3347 3012 3402; x_wconf 83' lang='lat' dir='ltr'><strong>virtutem</strong></span> <span class='ocrx_word' id='word_1_422' title='bbox 3058 3349 3222 3415; x_wconf 81' lang='lat' dir='ltr'><strong>novi;</strong></span> <span class='ocrx_word' id='word_1_423' title='bbox 3253 3351 3470 3420; x_wconf 79' lang='lat' dir='ltr'><strong>reliqua</strong></span> 
     </span>
    </p>
   </div>
   <div class='ocr_carea' id='block_1_72' title="bbox 235 3435 1805 3510">
    <p class='ocr_par' dir='ltr' id='par_1_72' title="bbox 235 3438 1801 3510">
     <span class='ocr_line' id='line_1_73' title="bbox 235 3438 1801 3510; baseline 0.001 -17"><span class='ocrx_word' id='word_1_424' title='bbox 235 3438 434 3508; x_wconf 80' lang='grc' dir='ltr'>γένοιτ’</span> <span class='ocrx_word' id='word_1_425' title='bbox 462 3439 550 3505; x_wconf 84' lang='grc' dir='ltr'><strong>ἀν,</strong></span> <span class='ocrx_word' id='word_1_426' title='bbox 577 3441 606 3493; x_wconf 81' lang='grc' dir='ltr'>ὁ</span> <span class='ocrx_word' id='word_1_427' title='bbox 631 3439 729 3509; x_wconf 80' lang='grc' dir='ltr'><strong>μὲν</strong></span> <span class='ocrx_word' id='word_1_428' title='bbox 759 3441 825 3493; x_wconf 81' lang='grc' dir='ltr'><strong>ὲκ</strong></span> <span class='ocrx_word' id='word_1_429' title='bbox 869 3439 1086 3508; x_wconf 84' lang='grc' dir='ltr'>φαύλων</span> <span class='ocrx_word' id='word_1_430' title='bbox 1131 3439 1352 3508; x_wconf 85' lang='grc' dir='ltr'>ἀγαθὸς,</span> <span class='ocrx_word' id='word_1_431' title='bbox 1397 3440 1490 3494; x_wconf 76' lang='grc' dir='ltr'><strong>καὶ</strong></span> <span class='ocrx_word' id='word_1_432' title='bbox 1531 3439 1801 3510; x_wconf 80' lang='grc' dir='ltr'>βασιλέων</span> 
     </span>
    </p>
   </div>
   <div class='ocr_carea' id='block_1_73' title="bbox 1903 3435 3467 3510">
    <p class='ocr_par' dir='ltr' id='par_1_73' title="bbox 1903 3435 3467 3507">
     <span class='ocr_line' id='line_1_74' title="bbox 1903 3435 3467 3507; baseline 0.002 -16"><span class='ocrx_word' id='word_1_433' title='bbox 1903 3437 2080 3492; x_wconf 88' lang='lat' dir='ltr'><strong>omnia</strong></span> <span class='ocrx_word' id='word_1_434' title='bbox 2098 3435 2398 3490; x_wconf 77' lang='lat' dir='ltr'><strong>fortunam.</strong></span> <span class='ocrx_word' id='word_1_435' title='bbox 2429 3437 2501 3490; x_wconf 87' lang='lat' dir='ltr'><strong>Et</strong></span> <span class='ocrx_word' id='word_1_436' title='bbox 2520 3437 2639 3490; x_wconf 81' lang='lat' dir='ltr'><strong>ﬁeri</strong></span> <span class='ocrx_word' id='word_1_437' title='bbox 2670 3445 2872 3505; x_wconf 87' lang='lat' dir='ltr'><strong>potest,</strong></span> <span class='ocrx_word' id='word_1_438' title='bbox 2901 3444 2960 3489; x_wconf 89' lang='lat' dir='ltr'><strong>ut</strong></span> <span class='ocrx_word' id='word_1_439' title='bbox 2984 3435 3080 3506; x_wconf 89' lang='lat' dir='ltr'><strong>qui</strong></span> <span class='ocrx_word' id='word_1_440' title='bbox 3107 3452 3176 3491; x_wconf 82' lang='lat' dir='ltr'><strong>ex</strong></span> <span class='ocrx_word' id='word_1_441' title='bbox 3199 3438 3467 3507; x_wconf 86' lang='lat' dir='ltr'><strong>improbis</strong></span> 
     </span>
    </p>
   </div>
   <div class='ocr_carea' id='block_1_74' title="bbox 237 3525 1805 3608">
    <p class='ocr_par' dir='ltr' id='par_1_74' title="bbox 237 3529 1799 3604">
     <span class='ocr_line' id='line_1_75' title="bbox 237 3529 1799 3604; baseline -0.001 -22"><span class='ocrx_word' id='word_1_442' title='bbox 237 3529 334 3583; x_wconf 76' lang='grc' dir='ltr'><strong>καὶ</strong></span> <span class='ocrx_word' id='word_1_443' title='bbox 367 3530 582 3604; x_wconf 78' lang='grc' dir='ltr'>πάντων</span> <span class='ocrx_word' id='word_1_444' title='bbox 610 3529 998 3598; x_wconf 77' lang='grc' dir='ltr'>εὐγενέστατος</span> <span class='ocrx_word' id='word_1_445' title='bbox 1023 3547 1040 3565; x_wconf 79' lang='grc' dir='ltr'><strong>ο</strong></span> <span class='ocrx_word' id='word_1_446' title='bbox 1087 3531 1116 3583; x_wconf 83' lang='grc' dir='ltr'><strong>ὁ</strong></span> <span class='ocrx_word' id='word_1_447' title='bbox 1149 3530 1206 3584; x_wconf 84' lang='grc' dir='ltr'>δὲ</span> <span class='ocrx_word' id='word_1_448' title='bbox 1235 3531 1295 3597; x_wconf 77' lang='grc' dir='ltr'><strong>ἐξ</strong></span> <span class='ocrx_word' id='word_1_449' title='bbox 1325 3529 1545 3598; x_wconf 84' lang='grc' dir='ltr'>ἀγαθῶν</span> <span class='ocrx_word' id='word_1_450' title='bbox 1577 3530 1799 3599; x_wconf 81' lang='grc' dir='ltr'>φαῦλος,</span> 
     </span>
    </p>
   </div>
   <div class='ocr_carea' id='block_1_75' title="bbox 1903 3525 3472 3608">
    <p class='ocr_par' dir='ltr' id='par_1_75' title="bbox 1903 3525 3472 3608">
     <span class='ocr_line' id='line_1_76' title="bbox 1903 3525 3472 3608; baseline 0.001 -26"><span class='ocrx_word' id='word_1_451' title='bbox 1903 3535 2006 3592; x_wconf 80' lang='grc' dir='ltr'>εει,</span> <span class='ocrx_word' id='word_1_452' title='bbox 2029 3525 2148 3608; x_wconf 80' lang='lat' dir='ltr'><strong>ipse</strong></span> <span class='ocrx_word' id='word_1_453' title='bbox 2180 3526 2388 3596; x_wconf 87' lang='lat' dir='ltr'><strong>probus</strong></span> <span class='ocrx_word' id='word_1_454' title='bbox 2409 3525 2660 3590; x_wconf 80' lang='lat' dir='ltr'><strong>exsistat,</strong></span> <span class='ocrx_word' id='word_1_455' title='bbox 2685 3541 2986 3596; x_wconf 85' lang='lat' dir='ltr'><strong>regumque</strong></span> <span class='ocrx_word' id='word_1_456' title='bbox 3006 3534 3064 3580; x_wconf 93' lang='lat' dir='ltr'><strong>et</strong></span> <span class='ocrx_word' id='word_1_457' title='bbox 3085 3528 3333 3582; x_wconf 91' lang='lat' dir='ltr'><strong>omnium</strong></span> <span class='ocrx_word' id='word_1_458' title='bbox 3363 3545 3472 3584; x_wconf 92' lang='lat' dir='ltr'><strong>no-</strong></span> 
     </span>
    </p>
   </div>
   <div class='ocr_carea' id='block_1_76' title="bbox 237 3615 1805 3691">
    <p class='ocr_par' dir='ltr' id='par_1_76' title="bbox 237 3619 1797 3691">
     <span class='ocr_line' id='line_1_77' title="bbox 237 3619 1797 3691; baseline 0.001 -19"><span class='ocrx_word' id='word_1_459' title='bbox 237 3621 399 3684; x_wconf 81' lang='grc' dir='ltr'>αὐτδς</span> <span class='ocrx_word' id='word_1_460' title='bbox 433 3619 598 3674; x_wconf 84' lang='grc' dir='ltr'>αὐτοῦ</span> <span class='ocrx_word' id='word_1_461' title='bbox 630 3623 725 3674; x_wconf 77' lang='grc' dir='ltr'><strong>καὶ</strong></span> <span class='ocrx_word' id='word_1_462' title='bbox 755 3621 866 3676; x_wconf 83' lang='grc' dir='ltr'><strong>τῶν</strong></span> <span class='ocrx_word' id='word_1_463' title='bbox 909 3623 1310 3678; x_wconf 81' lang='grc' dir='ltr'><strong>ταπεινοτάτων</strong></span> <span class='ocrx_word' id='word_1_464' title='bbox 1353 3622 1797 3691; x_wconf 86' lang='grc' dir='ltr'>δυσγενέστατος.</span> 
     </span>
    </p>
   </div>
   <div class='ocr_carea' id='block_1_77' title="bbox 1903 3615 3466 3691">
    <p class='ocr_par' dir='ltr' id='par_1_77' title="bbox 1903 3615 3466 3688">
     <span class='ocr_line' id='line_1_78' title="bbox 1903 3615 3466 3688; baseline 0.001 -16"><span class='ocrx_word' id='word_1_465' title='bbox 1903 3617 2206 3672; x_wconf 91' lang='lat' dir='ltr'><strong>bilissimus</strong></span> <span class='ocrx_word' id='word_1_466' title='bbox 2237 3616 2482 3686; x_wconf 78' lang='lat' dir='ltr'><strong>fulgeat;</strong></span> <span class='ocrx_word' id='word_1_467' title='bbox 2513 3615 2608 3685; x_wconf 90' lang='lat' dir='ltr'><strong>qui</strong></span> <span class='ocrx_word' id='word_1_468' title='bbox 2635 3623 2821 3671; x_wconf 89' lang='lat' dir='ltr'><strong>autem</strong></span> <span class='ocrx_word' id='word_1_469' title='bbox 2842 3617 3033 3686; x_wconf 87' lang='lat' dir='ltr'><strong>probis</strong></span> <span class='ocrx_word' id='word_1_470' title='bbox 3069 3629 3234 3674; x_wconf 89' lang='lat' dir='ltr'><strong>natus</strong></span> <span class='ocrx_word' id='word_1_471' title='bbox 3260 3634 3466 3688; x_wconf 87' lang='lat' dir='ltr'><strong>paren-</strong></span> 
     </span>
    </p>
   </div>
   <div class='ocr_carea' id='block_1_78' title="bbox 241 3701 1805 3785">
    <p class='ocr_par' dir='ltr' id='par_1_78' title="bbox 241 3710 1804 3785">
     <span class='ocr_line' id='line_1_79' title="bbox 241 3710 1804 3785; baseline 0 -21"><span class='ocrx_word' id='word_1_472' title='bbox 241 3711 402 3764; x_wconf 79' lang='grc' dir='ltr'>Ὥστε</span> <span class='ocrx_word' id='word_1_473' title='bbox 425 3710 604 3782; x_wconf 78' lang='grc' dir='ltr'>ψυχῆς</span> <span class='ocrx_word' id='word_1_474' title='bbox 629 3712 850 3766; x_wconf 74' lang='grc' dir='ltr'>ἔπαινον</span> <span class='ocrx_word' id='word_1_475' title='bbox 875 3711 1053 3784; x_wconf 80' lang='grc' dir='ltr'>αὔχει,</span> <span class='ocrx_word' id='word_1_476' title='bbox 1077 3712 1154 3784; x_wconf 79' lang='grc' dir='ltr'>μὴ</span> <span class='ocrx_word' id='word_1_477' title='bbox 1172 3713 1452 3785; x_wconf 85' lang='grc' dir='ltr'>προγόνων</span> <span class='ocrx_word' id='word_1_478' title='bbox 1477 3711 1804 3784; x_wconf 79' lang='grc' dir='ltr'>τεθνηκυῖαν</span> 
     </span>
    </p>
   </div>
   <div class='ocr_carea' id='block_1_79' title="bbox 1903 3701 3469 3785">
    <p class='ocr_par' dir='ltr' id='par_1_79' title="bbox 1903 3701 3469 3780">
     <span class='ocr_line' id='line_1_80' title="bbox 1903 3701 3469 3780; baseline 0.002 -17"><span class='ocrx_word' id='word_1_479' title='bbox 1903 3709 2215 3774; x_wconf 76' lang='lat' dir='ltr'><strong>tibus&#39;est,</strong></span> <span class='ocrx_word' id='word_1_480' title='bbox 2263 3707 2551 3776; x_wconf 85' lang='lat' dir='ltr'><strong>improbus</strong></span> <span class='ocrx_word' id='word_1_481' title='bbox 2609 3701 2831 3774; x_wconf 79' lang='lat' dir='ltr'><strong>audiat,</strong></span> <span class='ocrx_word' id='word_1_482' title='bbox 2889 3708 3118 3778; x_wconf 89' lang='lat' dir='ltr'><strong>ipseque</strong></span> <span class='ocrx_word' id='word_1_483' title='bbox 3171 3710 3351 3780; x_wconf 85' lang='lat' dir='ltr'><strong>seipso</strong></span> <span class='ocrx_word' id='word_1_484' title='bbox 3402 3725 3469 3766; x_wconf 83' lang='lat' dir='ltr'><strong>ac</strong></span> 
     </span>
    </p>
   </div>
   <div class='ocr_carea' id='block_1_80' title="bbox 239 3799 1053 3878">
    <p class='ocr_par' dir='ltr' id='par_1_80' title="bbox 239 3799 1053 3878">
     <span class='ocr_line' id='line_1_81' title="bbox 239 3799 1053 3878; baseline 0.007 -25"><span class='ocrx_word' id='word_1_485' title='bbox 239 3801 320 3863; x_wconf 81' lang='grc' dir='ltr'>είς</span> <span class='ocrx_word' id='word_1_486' title='bbox 349 3799 694 3872; x_wconf 79' lang='grc' dir='ltr'>ἀδοξοτέρους</span> <span class='ocrx_word' id='word_1_487' title='bbox 715 3801 1020 3872; x_wconf 68' lang='grc' dir='ltr'>εὐγένειαν.</span> <span class='ocrx_word' id='word_1_488' title='bbox 1045 3869 1053 3878; x_wconf 38' lang='grc' dir='ltr'><strong>ο</strong></span> 
     </span>
    </p>
   </div>
   <div class='ocr_carea' id='block_1_81' title="bbox 316 4055 1787 4156">
    <p class='ocr_par' dir='ltr' id='par_1_81' title="bbox 316 4055 1787 4156">
     <span class='ocr_line' id='line_1_82' title="bbox 316 4055 1787 4156; baseline 0.003 -39"><span class='ocrx_word' id='word_1_489' title='bbox 316 4059 383 4118; x_wconf 76' lang='lat'><strong>&#39;0</strong></span> <span class='ocrx_word' id='word_1_490' title='bbox 419 4064 478 4132; x_wconf 75' lang='grc' dir='ltr'><strong>ἐξ</strong></span> <span class='ocrx_word' id='word_1_491' title='bbox 510 4063 710 4138; x_wconf 80' lang='grc' dir='ltr'>ἀρετῆς</span> <span class='ocrx_word' id='word_1_492' title='bbox 752 4062 1052 4139; x_wconf 80' lang='grc' dir='ltr'>γεννηθεὶς,</span> <span class='ocrx_word' id='word_1_493' title='bbox 1086 4055 1292 4133; x_wconf 58' lang='grc' dir='ltr'>ἐκεῖνος</span> <span class='ocrx_word' id='word_1_494' title='bbox 1325 4067 1566 4156; x_wconf 44' lang='grc' dir='ltr'>,εὐγενὴς</span> <span class='ocrx_word' id='word_1_495' title='bbox 1604 4067 1787 4156; x_wconf 61' lang='grc' dir='ltr'>εἰκονί-</span> 
     </span>
    </p>
   </div>
   <div class='ocr_carea' id='block_1_82' title="bbox 273 4175 414 4212">
    <p class='ocr_par' dir='ltr' id='par_1_82' title="bbox 273 4175 414 4212">
     <span class='ocr_line' id='line_1_83' title="bbox 273 4175 414 4212; baseline 0 0"><span class='ocrx_word' id='word_1_496' title='bbox 273 4175 414 4212; x_wconf 86' lang='grc' dir='ltr'>εται.</span> 
     </span>
    </p>
   </div>
   <div class='ocr_carea' id='block_1_83' title="bbox 235 4157 1801 4321">
    <p class='ocr_par' dir='ltr' id='par_1_83' title="bbox 235 4157 1801 4321">
     <span class='ocr_line' id='line_1_84' title="bbox 273 4175 414 4212; baseline 0 0"><span class='ocrx_word' id='word_1_497' title='bbox 273 4175 414 4212; x_wconf 87' lang='grc' dir='ltr'>εται.</span> 
     </span>
     <span class='ocr_line' id='line_1_85' title="bbox 235 4157 1801 4321; baseline 0.001 -18"><span class='ocrx_word' id='word_1_498' title='bbox 235 4157 271 4223; x_wconf 62' lang='grc' dir='ltr'>ζ</span> <span class='ocrx_word' id='word_1_499' title='bbox 311 4249 574 4318; x_wconf 84' lang='grc' dir='ltr'>Δημοσθ.</span> <span class='ocrx_word' id='word_1_500' title='bbox 599 4277 670 4288; x_wconf 93' lang='lat'><strong>—-</strong></span> <span class='ocrx_word' id='word_1_501' title='bbox 695 4246 834 4302; x_wconf 76' lang='grc' dir='ltr'>Οὔτε</span> <span class='ocrx_word' id='word_1_502' title='bbox 865 4250 1011 4304; x_wconf 88' lang='grc' dir='ltr'>σῖτον</span> <span class='ocrx_word' id='word_1_503' title='bbox 1037 4250 1261 4321; x_wconf 81' lang='grc' dir='ltr'>ἄριστον</span> <span class='ocrx_word' id='word_1_504' title='bbox 1293 4249 1358 4304; x_wconf 83' lang='grc' dir='ltr'><strong>ὲκ</strong></span> <span class='ocrx_word' id='word_1_505' title='bbox 1380 4250 1475 4304; x_wconf 81' lang='grc' dir='ltr'><strong>τοῦ</strong></span> <span class='ocrx_word' id='word_1_506' title='bbox 1515 4249 1801 4305; x_wconf 82' lang='grc' dir='ltr'>καλλίστου</span> 
     </span>
    </p>
   </div>
   <div class='ocr_carea' id='block_1_84' title="bbox 237 4338 1801 4414">
    <p class='ocr_par' dir='ltr' id='par_1_84' title="bbox 237 4338 1801 4414">
     <span class='ocr_line' id='line_1_86' title="bbox 237 4338 1801 4414; baseline 0.002 -20"><span class='ocrx_word' id='word_1_507' title='bbox 237 4339 424 4394; x_wconf 86' lang='grc' dir='ltr'>πεδίου</span> <span class='ocrx_word' id='word_1_508' title='bbox 460 4338 742 4411; x_wconf 83' lang='grc' dir='ltr'>κρίνομεν,</span> <span class='ocrx_word' id='word_1_509' title='bbox 790 4340 929 4394; x_wconf 84' lang='grc' dir='ltr'>ἀλλὰ</span> <span class='ocrx_word' id='word_1_510' title='bbox 973 4341 1064 4396; x_wconf 70' lang='grc' dir='ltr'>τὸν</span> <span class='ocrx_word' id='word_1_511' title='bbox 1104 4340 1324 4397; x_wconf 77' lang='grc' dir='ltr'>εὔθετον</span> <span class='ocrx_word' id='word_1_512' title='bbox 1373 4342 1511 4414; x_wconf 78' lang='grc' dir='ltr'>πρὸς</span> <span class='ocrx_word' id='word_1_513' title='bbox 1556 4345 1801 4414; x_wconf 72' lang='grc' dir='ltr'>τροφήν*</span> 
     </span>
    </p>
   </div>
   <div class='ocr_carea' id='block_1_85' title="bbox 235 4417 1878 4502">
    <p class='ocr_par' dir='ltr' id='par_1_85' title="bbox 235 4417 1878 4502">
     <span class='ocr_line' id='line_1_87' title="bbox 235 4417 1878 4502; baseline 0.002 -19"><span class='ocrx_word' id='word_1_514' title='bbox 235 4424 362 4484; x_wconf 75' lang='grc' dir='ltr'>οὔτε</span> <span class='ocrx_word' id='word_1_515' title='bbox 391 4428 560 4500; x_wconf 79' lang='grc' dir='ltr'>ἄνδρα</span> <span class='ocrx_word' id='word_1_516' title='bbox 590 4429 872 4484; x_wconf 86' lang='grc' dir='ltr'>σπουδαῖον</span> <span class='ocrx_word' id='word_1_517' title='bbox 897 4430 928 4500; x_wconf 79' lang='grc' dir='ltr'>ἢ</span> <span class='ocrx_word' id='word_1_518' title='bbox 959 4431 1112 4500; x_wconf 80' lang='grc' dir='ltr'>φίλον</span> <span class='ocrx_word' id='word_1_519' title='bbox 1135 4430 1344 4498; x_wconf 74' lang='grc' dir='ltr'>εὔνουν,</span> <span class='ocrx_word' id='word_1_520' title='bbox 1375 4432 1466 4486; x_wconf 82' lang='grc' dir='ltr'>τὸν</span> <span class='ocrx_word' id='word_1_521' title='bbox 1509 4433 1570 4498; x_wconf 76' lang='grc' dir='ltr'><strong>ἐξ</strong></span> <span class='ocrx_word' id='word_1_522' title='bbox 1605 4437 1803 4502; x_wconf 84' lang='grc' dir='ltr'>ὲπιφα-</span> <span class='ocrx_word' id='word_1_523' title='bbox 1832 4417 1878 4472; x_wconf 78' lang='grc' dir='ltr'>Ῑ)</span> 
     </span>
    </p>
   </div>
   <div class='ocr_carea' id='block_1_86' title="bbox 236 4513 1806 4598">
    <p class='ocr_par' dir='ltr' id='par_1_86' title="bbox 236 4513 1806 4598">
     <span class='ocr_line' id='line_1_88' title="bbox 236 4513 1806 4598; baseline 0.004 -24"><span class='ocrx_word' id='word_1_524' title='bbox 236 4517 364 4581; x_wconf 80' lang='grc' dir='ltr'>νοῦς</span> <span class='ocrx_word' id='word_1_525' title='bbox 412 4513 544 4573; x_wconf 72' lang='grc' dir='ltr'>ὄντα</span> <span class='ocrx_word' id='word_1_526' title='bbox 594 4519 806 4588; x_wconf 88' lang='grc' dir='ltr'>γένους,</span> <span class='ocrx_word' id='word_1_527' title='bbox 839 4521 974 4575; x_wconf 88' lang='grc' dir='ltr'><strong>ἀλλά</strong></span> <span class='ocrx_word' id='word_1_528' title='bbox 1013 4521 1106 4576; x_wconf 81' lang='grc' dir='ltr'><strong>τὸν</strong></span> <span class='ocrx_word' id='word_1_529' title='bbox 1134 4523 1450 4596; x_wconf 81' lang='grc' dir='ltr'>ὑπάρχοντα</span> <span class='ocrx_word' id='word_1_530' title='bbox 1499 4525 1578 4597; x_wconf 84' lang='grc' dir='ltr'>τῷ</span> <span class='ocrx_word' id='word_1_531' title='bbox 1610 4525 1806 4598; x_wconf 82' lang='grc' dir='ltr'>τρόπῳ</span> 
     </span>
    </p>
   </div>
   <div class='ocr_carea' id='block_1_87' title="bbox 235 4611 540 4681">
    <p class='ocr_par' dir='ltr' id='par_1_87' title="bbox 235 4611 540 4681">
     <span class='ocr_line' id='line_1_89' title="bbox 235 4611 540 4681; baseline 0.013 -17"><span class='ocrx_word' id='word_1_532' title='bbox 235 4611 540 4681; x_wconf 85' lang='grc' dir='ltr'>κρείττονα.</span> 
     </span>
    </p>
   </div>
   <div class='ocr_carea' id='block_1_88' title="bbox 310 4719 1806 4797">
    <p class='ocr_par' dir='ltr' id='par_1_88' title="bbox 310 4719 1806 4797">
     <span class='ocr_line' id='line_1_90' title="bbox 310 4719 1806 4797; baseline 0.007 -25"><span class='ocrx_word' id='word_1_533' title='bbox 310 4719 436 4784; x_wconf 86' lang='grc' dir='ltr'>Τοῖς</span> <span class='ocrx_word' id='word_1_534' title='bbox 455 4721 703 4790; x_wconf 74' lang='grc' dir='ltr'>εὐγενέσι</span> <span class='ocrx_word' id='word_1_535' title='bbox 726 4725 819 4778; x_wconf 71' lang='grc' dir='ltr'>καὶ</span> <span class='ocrx_word' id='word_1_536' title='bbox 843 4725 1028 4790; x_wconf 85' lang='grc' dir='ltr'>καλοῖς</span> <span class='ocrx_word' id='word_1_537' title='bbox 1049 4725 1283 4797; x_wconf 74' lang='grc' dir='ltr'>μάλιστα</span> <span class='ocrx_word' id='word_1_538' title='bbox 1307 4725 1648 4796; x_wconf 79' lang='grc' dir='ltr'>κατεπείγει,</span> <span class='ocrx_word' id='word_1_539' title='bbox 1675 4727 1806 4782; x_wconf 65' lang='grc' dir='ltr'><strong>κάλ-ί</strong></span> 
     </span>
    </p>
   </div>
   <div class='ocr_carea' id='block_1_89' title="bbox 235 4809 1806 4890">
    <p class='ocr_par' dir='ltr' id='par_1_89' title="bbox 235 4809 1806 4890">
     <span class='ocr_line' id='line_1_91' title="bbox 235 4809 1806 4890; baseline 0.005 -26"><span class='ocrx_word' id='word_1_540' title='bbox 235 4809 330 4874; x_wconf 87' lang='grc' dir='ltr'><strong>λος</strong></span> <span class='ocrx_word' id='word_1_541' title='bbox 359 4811 460 4882; x_wconf 82' lang='grc' dir='ltr'><strong>μὲν</strong></span> <span class='ocrx_word' id='word_1_542' title='bbox 493 4814 585 4868; x_wconf 72' lang='grc' dir='ltr'><strong>ἐπὶ</strong></span> <span class='ocrx_word' id='word_1_543' title='bbox 612 4815 712 4885; x_wconf 79' lang='grc' dir='ltr'>τῆς</span> <span class='ocrx_word' id='word_1_544' title='bbox 760 4815 958 4885; x_wconf 75' lang='grc' dir='ltr'>ὅψεως,</span> <span class='ocrx_word' id='word_1_545' title='bbox 985 4817 1340 4890; x_wconf 72' lang='grc' dir='ltr'><strong>σωφροσύνην</strong></span> <span class='ocrx_word' id='word_1_546' title='bbox 1371 4817 1429 4870; x_wconf 86' lang='grc' dir='ltr'>δὲ</span> <span class='ocrx_word' id='word_1_547' title='bbox 1459 4818 1554 4872; x_wconf 69' lang='grc' dir='ltr'><strong>ἐπὶ</strong></span> <span class='ocrx_word' id='word_1_548' title='bbox 1579 4819 1680 4889; x_wconf 86' lang='grc' dir='ltr'><strong>τῆς</strong></span> <span class='ocrx_word' id='word_1_549' title='bbox 1701 4821 1806 4890; x_wconf 78' lang='grc' dir='ltr'>ψυ-</span> 
     </span>
    </p>
   </div>
   <div class='ocr_carea' id='block_1_90' title="bbox 236 4901 1803 4982">
    <p class='ocr_par' dir='ltr' id='par_1_90' title="bbox 236 4901 1803 4982">
     <span class='ocr_line' id='line_1_92' title="bbox 236 4901 1803 4982; baseline 0.004 -24"><span class='ocrx_word' id='word_1_550' title='bbox 236 4901 363 4973; x_wconf 81' lang='grc' dir='ltr'><strong>χῆς,</strong></span> <span class='ocrx_word' id='word_1_551' title='bbox 397 4903 651 4974; x_wconf 79' lang='grc' dir='ltr'>ἀνδρείαν</span> <span class='ocrx_word' id='word_1_552' title='bbox 681 4905 742 4960; x_wconf 76' lang='grc' dir='ltr'>δὲ</span> <span class='ocrx_word' id='word_1_553' title='bbox 788 4907 876 4961; x_wconf 75' lang='grc' dir='ltr'><strong>ἐπ’</strong></span> <span class='ocrx_word' id='word_1_554' title='bbox 905 4908 1232 4982; x_wconf 81' lang='grc' dir='ltr'>ἀμφοτέρων</span> <span class='ocrx_word' id='word_1_555' title='bbox 1263 4909 1470 4964; x_wconf 85' lang='grc' dir='ltr'>τούτων</span> <span class='ocrx_word' id='word_1_556' title='bbox 1489 4924 1504 4940; x_wconf 87' lang='grc'><strong>·</strong></span> <span class='ocrx_word' id='word_1_557' title='bbox 1542 4909 1702 4982; x_wconf 81' lang='grc' dir='ltr'>χάριν</span> <span class='ocrx_word' id='word_1_558' title='bbox 1747 4911 1803 4964; x_wconf 81' lang='grc' dir='ltr'>δὲ</span> 
     </span>
    </p>
   </div>
   <div class='ocr_carea' id='block_1_91' title="bbox 234 4993 1170 5070">
    <p class='ocr_par' dir='ltr' id='par_1_91' title="bbox 234 4993 1170 5070">
     <span class='ocr_line' id='line_1_93' title="bbox 234 4993 1170 5070; baseline 0.01 -24"><span class='ocrx_word' id='word_1_559' title='bbox 234 4993 330 5047; x_wconf 65' lang='grc' dir='ltr'><strong>ἐπὶ</strong></span> <span class='ocrx_word' id='word_1_560' title='bbox 357 4993 465 5050; x_wconf 67' lang='grc' dir='ltr'><strong>τῶν</strong></span> <span class='ocrx_word' id='word_1_561' title='bbox 483 4994 656 5064; x_wconf 82' lang='grc' dir='ltr'>λόγων</span> <span class='ocrx_word' id='word_1_562' title='bbox 682 4997 943 5052; x_wconf 84' lang='grc' dir='ltr'>διατελεῖν</span> <span class='ocrx_word' id='word_1_563' title='bbox 966 4999 1170 5070; x_wconf 75' lang='grc' dir='ltr'>ἔχουσι.</span> 
     </span>
    </p>
   </div>
   <div class='ocr_carea' id='block_1_92' title="bbox 305 5084 1804 5158">
    <p class='ocr_par' dir='ltr' id='par_1_92' title="bbox 305 5084 1804 5158">
     <span class='ocr_line' id='line_1_94' title="bbox 305 5084 1804 5158; baseline 0.008 -21"><span class='ocrx_word' id='word_1_564' title='bbox 305 5084 608 5153; x_wconf 74' lang='grc' dir='ltr'>Διογένης.</span> <span class='ocrx_word' id='word_1_565' title='bbox 645 5116 718 5126; x_wconf 90' lang='lat'><strong>——</strong></span> <span class='ocrx_word' id='word_1_566' title='bbox 749 5087 1162 5158; x_wconf 88' lang='grc' dir='ltr'>Πυνθανομένου</span> <span class='ocrx_word' id='word_1_567' title='bbox 1188 5090 1334 5154; x_wconf 82' lang='grc' dir='ltr'>τινὸς</span> <span class='ocrx_word' id='word_1_568' title='bbox 1351 5129 1365 5154; x_wconf 92' lang='grc'>,</span> <span class='ocrx_word' id='word_1_569' title='bbox 1395 5091 1553 5155; x_wconf 88' lang='grc' dir='ltr'>Τίνες</span> <span class='ocrx_word' id='word_1_570' title='bbox 1579 5091 1686 5148; x_wconf 86' lang='grc' dir='ltr'><strong>τῶν</strong></span> <span class='ocrx_word' id='word_1_571' title='bbox 1711 5095 1804 5149; x_wconf 88' lang='grc' dir='ltr'>ἀν-</span> 
     </span>
    </p>
   </div>
   <div class='ocr_carea' id='block_1_93' title="bbox 237 5173 1800 5252">
    <p class='ocr_par' dir='ltr' id='par_1_93' title="bbox 237 5173 1800 5252">
     <span class='ocr_line' id='line_1_95' title="bbox 237 5173 1800 5252; baseline 0.007 -24"><span class='ocrx_word' id='word_1_572' title='bbox 237 5173 472 5246; x_wconf 82' lang='grc' dir='ltr'>θρώπων</span> <span class='ocrx_word' id='word_1_573' title='bbox 521 5175 946 5246; x_wconf 55' lang='lat' dir='ltr'><strong>convictum;</strong></span> <span class='ocrx_word' id='word_1_574' title='bbox 1005 5181 1069 5233; x_wconf 87' lang='grc' dir='ltr'>Οί</span> <span class='ocrx_word' id='word_1_575' title='bbox 1116 5180 1603 5252; x_wconf 80' lang='grc' dir='ltr'>καταφρονοῦντες,</span> <span class='ocrx_word' id='word_1_576' title='bbox 1661 5180 1800 5252; x_wconf 79' lang='grc' dir='ltr'>εἷπε,</span> 
     </span>
    </p>
   </div>
   <div class='ocr_carea' id='block_1_94' title="bbox 235 5259 1804 5338">
    <p class='ocr_par' dir='ltr' id='par_1_94' title="bbox 235 5259 1804 5338">
     <span class='ocr_line' id='line_1_96' title="bbox 235 5259 1804 5338; baseline 0.006 -22"><span class='ocrx_word' id='word_1_577' title='bbox 235 5262 495 5330; x_wconf 86' lang='grc' dir='ltr'>πλούτου,</span> <span class='ocrx_word' id='word_1_578' title='bbox 548 5259 728 5335; x_wconf 80' lang='grc' dir='ltr'>δόξης,</span> <span class='ocrx_word' id='word_1_579' title='bbox 779 5266 994 5338; x_wconf 77' lang='grc' dir='ltr'>ἡδονῆς,</span> <span class='ocrx_word' id='word_1_580' title='bbox 1049 5268 1193 5338; x_wconf 79' lang='grc' dir='ltr'>ζωῆς</span> <span class='ocrx_word' id='word_1_581' title='bbox 1215 5283 1230 5300; x_wconf 73' lang='grc' dir='ltr'><strong>ο</strong></span> <span class='ocrx_word' id='word_1_582' title='bbox 1289 5269 1396 5323; x_wconf 85' lang='grc' dir='ltr'><strong>τῶν</strong></span> <span class='ocrx_word' id='word_1_583' title='bbox 1439 5270 1498 5324; x_wconf 80' lang='grc' dir='ltr'>δὲ</span> <span class='ocrx_word' id='word_1_584' title='bbox 1547 5272 1804 5328; x_wconf 77' lang='grc' dir='ltr'>ἐναντίων</span> 
     </span>
    </p>
   </div>
   <div class='ocr_carea' id='block_1_95' title="bbox 241 5351 1722 5428">
    <p class='ocr_par' dir='ltr' id='par_1_95' title="bbox 241 5351 1722 5428">
     <span class='ocr_line' id='line_1_97' title="bbox 241 5351 1722 5428; baseline 0.005 -20"><span class='ocrx_word' id='word_1_585' title='bbox 241 5351 496 5424; x_wconf 59' lang='grc' dir='ltr'>βπεράνω</span> <span class='ocrx_word' id='word_1_586' title='bbox 522 5352 697 5420; x_wconf 73' lang='grc' dir='ltr'>ὄντες,</span> <span class='ocrx_word' id='word_1_587' title='bbox 725 5357 938 5422; x_wconf 86' lang='grc' dir='ltr'>πενίας,</span> <span class='ocrx_word' id='word_1_588' title='bbox 969 5356 1203 5424; x_wconf 82' lang='grc' dir='ltr'>ἀδοξίας,</span> <span class='ocrx_word' id='word_1_589' title='bbox 1230 5359 1416 5428; x_wconf 87' lang='grc' dir='ltr'>πόνου,</span> <span class='ocrx_word' id='word_1_590' title='bbox 1441 5359 1695 5415; x_wconf 87' lang='grc' dir='ltr'>θανάτου.</span> <span class='ocrx_word' id='word_1_591' title='bbox 1720 5399 1722 5401; x_wconf 63' lang='grc'><strong>›</strong></span> 
     </span>
    </p>
   </div>
   <div class='ocr_carea' id='block_1_96' title="bbox 305 5624 1802 5702">
    <p class='ocr_par' dir='ltr' id='par_1_96' title="bbox 305 5624 1802 5702">
     <span class='ocr_line' id='line_1_98' title="bbox 305 5624 1802 5702; baseline 0.001 -17"><span class='ocrx_word' id='word_1_592' title='bbox 305 5625 538 5694; x_wconf 71' lang='grc' dir='ltr'><strong>Ζήνωνι</strong></span> <span class='ocrx_word' id='word_1_593' title='bbox 586 5653 658 5666; x_wconf 92' lang='grc'><strong>--</strong></span> <span class='ocrx_word' id='word_1_594' title='bbox 715 5624 757 5677; x_wconf 87' lang='grc'>0</span> <span class='ocrx_word' id='word_1_595' title='bbox 790 5624 952 5690; x_wconf 70' lang='grc' dir='ltr'>αὐτὸς</span> <span class='ocrx_word' id='word_1_596' title='bbox 996 5624 1123 5698; x_wconf 71' lang='grc' dir='ltr'>ἔφη,</span> <span class='ocrx_word' id='word_1_597' title='bbox 1183 5630 1258 5702; x_wconf 82' lang='grc' dir='ltr'>μὴ</span> <span class='ocrx_word' id='word_1_598' title='bbox 1304 5631 1414 5685; x_wconf 84' lang='grc' dir='ltr'>δεῖν</span> <span class='ocrx_word' id='word_1_599' title='bbox 1445 5631 1628 5702; x_wconf 80' lang='grc' dir='ltr'>ζητεῖν</span> <span class='ocrx_word' id='word_1_600' title='bbox 1677 5633 1802 5697; x_wconf 77' lang='grc' dir='ltr'>τοὶ-ς</span> 
     </span>
    </p>
   </div>
   <div class='ocr_carea' id='block_1_97' title="bbox 1903 3793 3470 3867">
    <p class='ocr_par' dir='ltr' id='par_1_97' title="bbox 1903 3793 3470 3867">
     <span class='ocr_line' id='line_1_99' title="bbox 1903 3793 3470 3867; baseline 0.003 -15"><span class='ocrx_word' id='word_1_601' title='bbox 1903 3797 2115 3852; x_wconf 87' lang='lat' dir='ltr'><strong>cunctis</strong></span> <span class='ocrx_word' id='word_1_602' title='bbox 2140 3793 2526 3867; x_wconf 85' lang='lat' dir='ltr'><strong>abjectissimis</strong></span> <span class='ocrx_word' id='word_1_603' title='bbox 2556 3796 3126 3866; x_wconf 49' lang='lat' dir='ltr'><strong>ignobilior-mordeat.</strong></span> <span class='ocrx_word' id='word_1_604' title='bbox 3159 3799 3337 3866; x_wconf 85' lang='lat' dir='ltr'><strong>Quare</strong></span> <span class='ocrx_word' id='word_1_605' title='bbox 3352 3802 3470 3856; x_wconf 86' lang='lat' dir='ltr'><strong>lau-</strong></span> 
     </span>
    </p>
   </div>
   <div class='ocr_carea' id='block_1_98' title="bbox 1901 3885 3466 3957">
    <p class='ocr_par' dir='ltr' id='par_1_98' title="bbox 1901 3885 3466 3957">
     <span class='ocr_line' id='line_1_100' title="bbox 1901 3885 3466 3957; baseline 0.003 -14"><span class='ocrx_word' id='word_1_606' title='bbox 1901 3887 2028 3944; x_wconf 85' lang='lat' dir='ltr'><strong>dem</strong></span> <span class='ocrx_word' id='word_1_607' title='bbox 2078 3887 2248 3942; x_wconf 90' lang='lat' dir='ltr'><strong>animi</strong></span> <span class='ocrx_word' id='word_1_608' title='bbox 2297 3885 2532 3957; x_wconf 80' lang='lat' dir='ltr'><strong>gloriOse</strong></span> <span class='ocrx_word' id='word_1_609' title='bbox 2560 3885 2730 3954; x_wconf 78' lang='lat' dir='ltr'><strong>iacta,</strong></span> <span class='ocrx_word' id='word_1_610' title='bbox 2777 3902 2891 3942; x_wconf 90' lang='lat' dir='ltr'><strong>non</strong></span> <span class='ocrx_word' id='word_1_611' title='bbox 2931 3887 2992 3942; x_wconf 87' lang='lat' dir='ltr'><strong>in</strong></span> <span class='ocrx_word' id='word_1_612' title='bbox 3040 3889 3466 3947; x_wconf 86' lang='lat' dir='ltr'><strong>obscurioribus</strong></span> 
     </span>
    </p>
   </div>
   <div class='ocr_carea' id='block_1_99' title="bbox 1901 3978 3194 4049">
    <p class='ocr_par' dir='ltr' id='par_1_99' title="bbox 1901 3978 3194 4049">
     <span class='ocr_line' id='line_1_101' title="bbox 1901 3978 3194 4049; baseline 0.002 -17"><span class='ocrx_word' id='word_1_613' title='bbox 1901 3979 2142 4048; x_wconf 88' lang='lat' dir='ltr'><strong>posteris</strong></span> <span class='ocrx_word' id='word_1_614' title='bbox 2163 3978 2492 4034; x_wconf 79' lang='lat' dir='ltr'><strong>exstinctam</strong></span> <span class='ocrx_word' id='word_1_615' title='bbox 2520 3979 2796 4049; x_wconf 84' lang='lat' dir='ltr'><strong>majorum</strong></span> <span class='ocrx_word' id='word_1_616' title='bbox 2826 3979 3194 4034; x_wconf 87' lang='lat' dir='ltr'><strong>nobilitatem.</strong></span> 
     </span>
    </p>
   </div>
   <div class='ocr_carea' id='block_1_100' title="bbox 1973 4068 3468 4141">
    <p class='ocr_par' dir='ltr' id='par_1_100' title="bbox 1973 4068 3468 4141">
     <span class='ocr_line' id='line_1_102' title="bbox 1973 4068 3468 4141; baseline -0.001 -15"><span class='ocrx_word' id='word_1_617' title='bbox 1973 4070 2078 4137; x_wconf 82' lang='lat' dir='ltr'><strong>Qui</strong></span> <span class='ocrx_word' id='word_1_618' title='bbox 2111 4087 2178 4126; x_wconf 79' lang='lat' dir='ltr'><strong>ex</strong></span> <span class='ocrx_word' id='word_1_619' title='bbox 2202 4070 2406 4125; x_wconf 85' lang='lat' dir='ltr'><strong>virtute</strong></span> <span class='ocrx_word' id='word_1_620' title='bbox 2463 4077 2630 4124; x_wconf 89' lang='lat' dir='ltr'><strong>natus</strong></span> <span class='ocrx_word' id='word_1_621' title='bbox 2671 4077 2774 4133; x_wconf 89' lang='lat' dir='ltr'><strong>est,</strong></span> <span class='ocrx_word' id='word_1_622' title='bbox 2811 4069 2858 4123; x_wconf 88' lang='lat' dir='ltr'><strong>is</strong></span> <span class='ocrx_word' id='word_1_623' title='bbox 2914 4083 3216 4139; x_wconf 89' lang='lat' dir='ltr'><strong>generosus</strong></span> <span class='ocrx_word' id='word_1_624' title='bbox 3255 4068 3468 4141; x_wconf 73' lang='lat' dir='ltr'><strong>emugi-</strong></span> 
     </span>
    </p>
   </div>
   <div class='ocr_carea' id='block_1_101' title="bbox 1906 4170 2017 4216">
    <p class='ocr_par' dir='ltr' id='par_1_101' title="bbox 1906 4170 2017 4216">
     <span class='ocr_line' id='line_1_103' title="bbox 1906 4170 2017 4216; baseline 0 0"><span class='ocrx_word' id='word_1_625' title='bbox 1906 4170 2017 4216; x_wconf 89' lang='lat' dir='ltr'><strong>tur.</strong></span> 
     </span>
    </p>
   </div>
   <div class='ocr_carea' id='block_1_102' title="bbox 1973 4249 3470 4320">
    <p class='ocr_par' dir='ltr' id='par_1_102' title="bbox 1973 4249 3470 4320">
     <span class='ocr_line' id='line_1_104' title="bbox 1973 4249 3470 4320; baseline 0.001 -16"><span class='ocrx_word' id='word_1_626' title='bbox 1973 4249 2636 4320; x_wconf 81' lang='lat' dir='ltr'><strong>Demosth.—Optimum</strong></span> <span class='ocrx_word' id='word_1_627' title='bbox 2688 4249 2933 4305; x_wconf 89' lang='lat' dir='ltr'><strong>triticum</strong></span> <span class='ocrx_word' id='word_1_628' title='bbox 2974 4264 3085 4304; x_wconf 89' lang='lat' dir='ltr'><strong>non</strong></span> <span class='ocrx_word' id='word_1_629' title='bbox 3138 4265 3207 4304; x_wconf 80' lang='lat' dir='ltr'><strong>ex</strong></span> <span class='ocrx_word' id='word_1_630' title='bbox 3259 4251 3470 4320; x_wconf 89' lang='lat' dir='ltr'><strong>optimo</strong></span> 
     </span>
    </p>
   </div>
   <div class='ocr_carea' id='block_1_103' title="bbox 1906 4339 3468 4413">
    <p class='ocr_par' dir='ltr' id='par_1_103' title="bbox 1906 4339 3468 4413">
     <span class='ocr_line' id='line_1_105' title="bbox 1906 4339 3468 4413; baseline -0.001 -16"><span class='ocrx_word' id='word_1_631' title='bbox 1906 4357 2038 4413; x_wconf 88' lang='lat' dir='ltr'><strong>agro</strong></span> <span class='ocrx_word' id='word_1_632' title='bbox 2077 4343 2441 4408; x_wconf 83' lang='lat' dir='ltr'><strong>aestimamus,</strong></span> <span class='ocrx_word' id='word_1_633' title='bbox 2471 4341 2568 4398; x_wconf 88' lang='lat' dir='ltr'><strong>sed</strong></span> <span class='ocrx_word' id='word_1_634' title='bbox 2599 4357 2668 4397; x_wconf 81' lang='lat' dir='ltr'><strong>ex</strong></span> <span class='ocrx_word' id='word_1_635' title='bbox 2691 4355 2760 4396; x_wconf 91' lang='lat' dir='ltr'><strong>eo</strong></span> <span class='ocrx_word' id='word_1_636' title='bbox 2789 4339 2939 4411; x_wconf 88' lang='lat' dir='ltr'><strong>quod</strong></span> <span class='ocrx_word' id='word_1_637' title='bbox 2967 4340 3152 4395; x_wconf 90' lang='lat' dir='ltr'><strong>cibum</strong></span> <span class='ocrx_word' id='word_1_638' title='bbox 3201 4341 3468 4411; x_wconf 88' lang='lat' dir='ltr'><strong>optimum</strong></span> 
     </span>
    </p>
   </div>
   <div class='ocr_carea' id='block_1_104' title="bbox 1905 4431 3471 4504">
    <p class='ocr_par' dir='ltr' id='par_1_104' title="bbox 1905 4431 3471 4504">
     <span class='ocr_line' id='line_1_106' title="bbox 1905 4431 3471 4504; baseline 0 -16"><span class='ocrx_word' id='word_1_639' title='bbox 1905 4433 2151 4504; x_wconf 77' lang='lat' dir='ltr'><strong>praebeat</strong></span> <span class='ocrx_word' id='word_1_640' title='bbox 2185 4450 2200 4487; x_wconf 91' lang='lat'><strong>:</strong></span> <span class='ocrx_word' id='word_1_641' title='bbox 2234 4448 2341 4488; x_wconf 89' lang='lat' dir='ltr'><strong>nec</strong></span> <span class='ocrx_word' id='word_1_642' title='bbox 2377 4433 2561 4488; x_wconf 84' lang='lat' dir='ltr'><strong>virum</strong></span> <span class='ocrx_word' id='word_1_643' title='bbox 2586 4433 2794 4487; x_wconf 91' lang='lat' dir='ltr'><strong>bonum</strong></span> <span class='ocrx_word' id='word_1_644' title='bbox 2821 4439 2920 4486; x_wconf 87' lang='lat' dir='ltr'><strong>aut</strong></span> <span class='ocrx_word' id='word_1_645' title='bbox 2958 4431 3198 4487; x_wconf 87' lang='lat' dir='ltr'><strong>amicum</strong></span> <span class='ocrx_word' id='word_1_646' title='bbox 3226 4433 3471 4488; x_wconf 83' lang='lat' dir='ltr'><strong>benevo-</strong></span> 
     </span>
    </p>
   </div>
   <div class='ocr_carea' id='block_1_105' title="bbox 1903 4523 3470 4594">
    <p class='ocr_par' dir='ltr' id='par_1_105' title="bbox 1903 4523 3470 4594">
     <span class='ocr_line' id='line_1_107' title="bbox 1903 4523 3470 4594; baseline 0.001 -16"><span class='ocrx_word' id='word_1_647' title='bbox 1903 4524 2042 4590; x_wconf 91' lang='lat' dir='ltr'><strong>lum,</strong></span> <span class='ocrx_word' id='word_1_648' title='bbox 2062 4523 2159 4593; x_wconf 89' lang='lat' dir='ltr'><strong>qui</strong></span> <span class='ocrx_word' id='word_1_649' title='bbox 2187 4539 2257 4578; x_wconf 83' lang='lat' dir='ltr'><strong>ex</strong></span> <span class='ocrx_word' id='word_1_650' title='bbox 2321 4523 2528 4578; x_wconf 90' lang='lat' dir='ltr'><strong>illustri</strong></span> <span class='ocrx_word' id='word_1_651' title='bbox 2559 4532 2863 4594; x_wconf 82' lang='lat' dir='ltr'><strong>prognatus</strong></span> <span class='ocrx_word' id='word_1_652' title='bbox 2895 4537 3096 4594; x_wconf 87' lang='lat' dir='ltr'><strong>genere</strong></span> <span class='ocrx_word' id='word_1_653' title='bbox 3119 4523 3212 4590; x_wconf 88' lang='lat' dir='ltr'><strong>sit,</strong></span> <span class='ocrx_word' id='word_1_654' title='bbox 3243 4523 3341 4580; x_wconf 86' lang='lat' dir='ltr'><strong>sed</strong></span> <span class='ocrx_word' id='word_1_655' title='bbox 3373 4525 3470 4594; x_wconf 88' lang='lat' dir='ltr'><strong>qui</strong></span> 
     </span>
    </p>
   </div>
   <div class='ocr_carea' id='block_1_106' title="bbox 1903 4615 2780 4688">
    <p class='ocr_par' dir='ltr' id='par_1_106' title="bbox 1903 4615 2780 4688">
     <span class='ocr_line' id='line_1_108' title="bbox 1903 4615 2780 4688; baseline -0.001 -17"><span class='ocrx_word' id='word_1_656' title='bbox 1903 4615 2128 4688; x_wconf 89' lang='lat' dir='ltr'><strong>optimis</strong></span> <span class='ocrx_word' id='word_1_657' title='bbox 2156 4615 2412 4671; x_wconf 90' lang='lat' dir='ltr'><strong>moribus</strong></span> <span class='ocrx_word' id='word_1_658' title='bbox 2435 4615 2553 4686; x_wconf 89' lang='lat' dir='ltr'><strong>ipse</strong></span> <span class='ocrx_word' id='word_1_659' title='bbox 2581 4616 2780 4671; x_wconf 88' lang='lat' dir='ltr'><strong>niteat.</strong></span> 
     </span>
    </p>
   </div>
   <div class='ocr_carea' id='block_1_107' title="bbox 1971 4725 3472 4803">
    <p class='ocr_par' dir='ltr' id='par_1_107' title="bbox 1971 4725 3472 4803">
     <span class='ocr_line' id='line_1_109' title="bbox 1971 4725 3472 4803; baseline 0.003 -23"><span class='ocrx_word' id='word_1_660' title='bbox 1971 4725 2234 4798; x_wconf 87' lang='lat' dir='ltr'><strong>Ingenuis</strong></span> <span class='ocrx_word' id='word_1_661' title='bbox 2265 4726 2563 4796; x_wconf 89' lang='lat' dir='ltr'><strong>probisque</strong></span> <span class='ocrx_word' id='word_1_662' title='bbox 2585 4727 2822 4803; x_wconf 82' lang='lat' dir='ltr'><strong>maxime</strong></span> <span class='ocrx_word' id='word_1_663' title='bbox 2851 4725 3147 4793; x_wconf 89' lang='lat' dir='ltr'><strong>incumbit,</strong></span> <span class='ocrx_word' id='word_1_664' title='bbox 3170 4735 3235 4782; x_wconf 90' lang='lat' dir='ltr'><strong>ut</strong></span> <span class='ocrx_word' id='word_1_665' title='bbox 3255 4727 3314 4782; x_wconf 90' lang='lat' dir='ltr'><strong>in</strong></span> <span class='ocrx_word' id='word_1_666' title='bbox 3331 4727 3472 4784; x_wconf 82' lang='lat' dir='ltr'><strong>facie</strong></span> 
     </span>
    </p>
   </div>
   <div class='ocr_carea' id='block_1_108' title="bbox 1904 4816 3472 4890">
    <p class='ocr_par' dir='ltr' id='par_1_108' title="bbox 1904 4816 3472 4890">
     <span class='ocr_line' id='line_1_110' title="bbox 1904 4816 3472 4890; baseline 0.002 -18"><span class='ocrx_word' id='word_1_667' title='bbox 1904 4816 2182 4884; x_wconf 87' lang='lat' dir='ltr'><strong>decorem,</strong></span> <span class='ocrx_word' id='word_1_668' title='bbox 2209 4817 2268 4872; x_wconf 90' lang='lat' dir='ltr'><strong>in</strong></span> <span class='ocrx_word' id='word_1_669' title='bbox 2293 4818 2479 4874; x_wconf 89' lang='lat' dir='ltr'><strong>animo</strong></span> <span class='ocrx_word' id='word_1_670' title='bbox 2513 4817 2872 4875; x_wconf 86' lang='lat' dir='ltr'><strong>sobrietatem</strong></span> <span class='ocrx_word' id='word_1_671' title='bbox 2906 4827 2964 4874; x_wconf 89' lang='lat' dir='ltr'><strong>et</strong></span> <span class='ocrx_word' id='word_1_672' title='bbox 3011 4819 3388 4890; x_wconf 90' lang='lat' dir='ltr'><strong>prudentiam,</strong></span> <span class='ocrx_word' id='word_1_673' title='bbox 3414 4819 3472 4876; x_wconf 91' lang='lat' dir='ltr'><strong>in</strong></span> 
     </span>
    </p>
   </div>
   <div class='ocr_carea' id='block_1_109' title="bbox 1901 4896 3472 4983">
    <p class='ocr_par' dir='ltr' id='par_1_109' title="bbox 1901 4896 3472 4983">
     <span class='ocr_line' id='line_1_111' title="bbox 1901 4896 3472 4983; baseline 0.002 -20"><span class='ocrx_word' id='word_1_674' title='bbox 1901 4909 2174 4966; x_wconf 88' lang='lat' dir='ltr'><strong>ambobus</strong></span> <span class='ocrx_word' id='word_1_675' title='bbox 2233 4908 2642 4976; x_wconf 82' lang='lat' dir='ltr'><strong>fortitudinem,</strong></span> <span class='ocrx_word' id='word_1_676' title='bbox 2695 4910 2753 4965; x_wconf 91' lang='lat' dir='ltr'><strong>in</strong></span> <span class='ocrx_word' id='word_1_677' title='bbox 2793 4896 3052 4967; x_wconf 85' lang='lat' dir='ltr'><strong>sermone</strong></span> <span class='ocrx_word' id='word_1_678' title='bbox 3098 4913 3331 4983; x_wconf 88' lang='lat' dir='ltr'><strong>gratiam</strong></span> <span class='ocrx_word' id='word_1_679' title='bbox 3373 4913 3472 4966; x_wconf 55' lang='lat' dir='ltr'><strong>ha.</strong></span> 
     </span>
    </p>
   </div>
   <div class='ocr_carea' id='block_1_110' title="bbox 1903 4999 3188 5057">
    <p class='ocr_par' dir='ltr' id='par_1_110' title="bbox 1903 4999 3188 5057">
     <span class='ocr_line' id='line_1_112' title="bbox 1903 4999 3188 5057; baseline 0.002 -3"><span class='ocrx_word' id='word_1_680' title='bbox 1903 4999 2091 5055; x_wconf 89' lang='lat' dir='ltr'><strong>beant.</strong></span> <span class='ocrx_word' id='word_1_681' title='bbox 3185 5055 3188 5057; x_wconf 32' lang='grc' dir='ltr'><strong>λ</strong></span> 
     </span>
    </p>
   </div>
   <div class='ocr_carea' id='block_1_111' title="bbox 1971 5089 3470 5165">
    <p class='ocr_par' dir='ltr' id='par_1_111' title="bbox 1971 5089 3470 5165">
     <span class='ocr_line' id='line_1_113' title="bbox 1971 5089 3470 5165; baseline 0.005 -22"><span class='ocrx_word' id='word_1_682' title='bbox 1971 5089 2248 5161; x_wconf 74' lang='lat' dir='ltr'><strong>Diogenes.</strong></span> <span class='ocrx_word' id='word_1_683' title='bbox 2275 5117 2303 5134; x_wconf 71' lang='grc' dir='ltr'><strong>ι</strong></span> <span class='ocrx_word' id='word_1_684' title='bbox 2337 5091 2630 5163; x_wconf 84' lang='lat' dir='ltr'><strong>Diogenes,</strong></span> <span class='ocrx_word' id='word_1_685' title='bbox 2660 5091 2899 5165; x_wconf 81' lang='lat' dir='ltr'><strong>quodam</strong></span> <span class='ocrx_word' id='word_1_686' title='bbox 2920 5107 2989 5148; x_wconf 81' lang='lat' dir='ltr'><strong>ex</strong></span> <span class='ocrx_word' id='word_1_687' title='bbox 3013 5093 3112 5148; x_wconf 92' lang='lat' dir='ltr'><strong>illo</strong></span> <span class='ocrx_word' id='word_1_688' title='bbox 3133 5093 3470 5162; x_wconf 86' lang='lat' dir='ltr'><strong>sciscitante,</strong></span> 
     </span>
    </p>
   </div>
   <div class='ocr_carea' id='block_1_112' title="bbox 1901 5179 3472 5258">
    <p class='ocr_par' dir='ltr' id='par_1_112' title="bbox 1901 5179 3472 5258">
     <span class='ocr_line' id='line_1_114' title="bbox 1901 5179 3472 5258; baseline 0.006 -23"><span class='ocrx_word' id='word_1_689' title='bbox 1901 5179 2136 5247; x_wconf 84' lang='lat' dir='ltr'><strong>Quinam</strong></span> <span class='ocrx_word' id='word_1_690' title='bbox 2188 5181 2509 5247; x_wconf 90' lang='lat' dir='ltr'><strong>bominum_</strong></span> <span class='ocrx_word' id='word_1_691' title='bbox 2543 5182 2878 5240; x_wconf 88' lang='lat' dir='ltr'><strong>nobilissimi</strong></span> <span class='ocrx_word' id='word_1_692' title='bbox 2919 5191 3109 5242; x_wconf 90' lang='lat' dir='ltr'><strong>essent</strong></span> <span class='ocrx_word' id='word_1_693' title='bbox 3147 5201 3472 5258; x_wconf 86' lang='lat' dir='ltr'><strong>summeque</strong></span> 
     </span>
    </p>
   </div>
   <div class='ocr_carea' id='block_1_113' title="bbox 1903 5273 3475 5350">
    <p class='ocr_par' dir='ltr' id='par_1_113' title="bbox 1903 5273 3475 5350">
     <span class='ocr_line' id='line_1_115' title="bbox 1903 5273 3475 5350; baseline 0.004 -22"><span class='ocrx_word' id='word_1_694' title='bbox 1903 5273 2130 5344; x_wconf 87' lang='lat' dir='ltr'><strong>ingenui</strong></span> <span class='ocrx_word' id='word_1_695' title='bbox 2163 5291 2176 5326; x_wconf 90' lang='lat'><strong>:</strong></span> <span class='ocrx_word' id='word_1_696' title='bbox 2213 5273 2278 5334; x_wconf 88' lang='lat' dir='ltr'><strong>Ii,</strong></span> <span class='ocrx_word' id='word_1_697' title='bbox 2319 5273 2520 5344; x_wconf 89' lang='lat' dir='ltr'><strong>inquit,</strong></span> <span class='ocrx_word' id='word_1_698' title='bbox 2573 5275 2670 5345; x_wconf 89' lang='lat' dir='ltr'><strong>qui</strong></span> <span class='ocrx_word' id='word_1_699' title='bbox 2701 5276 2944 5344; x_wconf 85' lang='lat' dir='ltr'><strong>divitias,</strong></span> <span class='ocrx_word' id='word_1_700' title='bbox 2989 5279 3258 5350; x_wconf 86' lang='lat' dir='ltr'><strong>gloriam,</strong></span> <span class='ocrx_word' id='word_1_701' title='bbox 3311 5280 3475 5334; x_wconf 81' lang='lat' dir='ltr'><strong>volu-</strong></span> 
     </span>
    </p>
   </div>
   <div class='ocr_carea' id='block_1_114' title="bbox 1902 5362 3471 5440">
    <p class='ocr_par' dir='ltr' id='par_1_114' title="bbox 1902 5362 3471 5440">
     <span class='ocr_line' id='line_1_116' title="bbox 1902 5362 3471 5440; baseline 0.006 -23"><span class='ocrx_word' id='word_1_702' title='bbox 1902 5362 2132 5434; x_wconf 82' lang='lat' dir='ltr'><strong>ptatem,</strong></span> <span class='ocrx_word' id='word_1_703' title='bbox 2169 5365 2336 5420; x_wconf 85' lang='lat' dir='ltr'><strong>vitam</strong></span> <span class='ocrx_word' id='word_1_704' title='bbox 2362 5374 2766 5436; x_wconf 88' lang='lat' dir='ltr'><strong>contemnunt;</strong></span> <span class='ocrx_word' id='word_1_705' title='bbox 2817 5377 2984 5440; x_wconf 91' lang='lat' dir='ltr'><strong>atque</strong></span> <span class='ocrx_word' id='word_1_706' title='bbox 3016 5370 3105 5424; x_wconf 88' lang='lat' dir='ltr'><strong>his</strong></span> <span class='ocrx_word' id='word_1_707' title='bbox 3150 5372 3471 5436; x_wconf 86' lang='lat' dir='ltr'><strong>contrariis,</strong></span> 
     </span>
    </p>
   </div>
   <div class='ocr_carea' id='block_1_115' title="bbox 1901 5461 3512 5533">
    <p class='ocr_par' dir='ltr' id='par_1_115' title="bbox 1901 5461 3512 5533">
     <span class='ocr_line' id='line_1_117' title="bbox 1901 5461 3512 5533; baseline 0.005 -23"><span class='ocrx_word' id='word_1_708' title='bbox 1901 5465 2248 5526; x_wconf 86' lang='lat' dir='ltr'><strong>paupertate,</strong></span> <span class='ocrx_word' id='word_1_709' title='bbox 2273 5466 2630 5531; x_wconf 80' lang='lat' dir='ltr'><strong>contemptu,</strong></span> <span class='ocrx_word' id='word_1_710' title='bbox 2663 5461 2876 5530; x_wconf 88' lang='lat' dir='ltr'><strong>labore,</strong></span> <span class='ocrx_word' id='word_1_711' title='bbox 2928 5471 3106 5518; x_wconf 87' lang='lat' dir='ltr'><strong>morte</strong></span> <span class='ocrx_word' id='word_1_712' title='bbox 3155 5462 3474 5533; x_wconf 83' lang='lat' dir='ltr'><strong>superiores</strong></span> <span class='ocrx_word' id='word_1_713' title='bbox 3505 5478 3512 5486; x_wconf 92' lang='grc'><strong>·</strong></span> 
     </span>
    </p>
   </div>
   <div class='ocr_carea' id='block_1_116' title="bbox 1905 5545 2198 5606">
    <p class='ocr_par' dir='ltr' id='par_1_116' title="bbox 1905 5545 2198 5606">
     <span class='ocr_line' id='line_1_118' title="bbox 1905 5545 2198 5606; baseline 0 -6"><span class='ocrx_word' id='word_1_714' title='bbox 1905 5545 2198 5606; x_wconf 77' lang='lat' dir='ltr'><strong>exsistunt.</strong></span> 
     </span>
    </p>
   </div>
   <div class='ocr_carea' id='block_1_117' title="bbox 1978 5635 3474 5711">
    <p class='ocr_par' dir='ltr' id='par_1_117' title="bbox 1978 5635 3474 5711">
     <span class='ocr_line' id='line_1_119' title="bbox 1978 5635 3474 5711; baseline 0.006 -22"><span class='ocrx_word' id='word_1_715' title='bbox 1978 5635 2302 5694; x_wconf 86' lang='lat' dir='ltr'><strong>Zenon.-—-—ls</strong></span> <span class='ocrx_word' id='word_1_716' title='bbox 2338 5639 2560 5696; x_wconf 87' lang='lat' dir='ltr'><strong>dicebat</strong></span> <span class='ocrx_word' id='word_1_717' title='bbox 2589 5657 2602 5695; x_wconf 90' lang='lat'><strong>:</strong></span> <span class='ocrx_word' id='word_1_718' title='bbox 2642 5639 3010 5708; x_wconf 65' lang='lat' dir='ltr'><strong>Quaerendum</strong></span> <span class='ocrx_word' id='word_1_719' title='bbox 3037 5658 3150 5700; x_wconf 91' lang='lat' dir='ltr'><strong>non</strong></span> <span class='ocrx_word' id='word_1_720' title='bbox 3171 5642 3474 5711; x_wconf 79' lang='lat' dir='ltr'><strong>esse,sint-</strong></span> 
     </span>
    </p>
   </div>
  </div>
