4066 6150
584 319 689 387 995

1740 320 1799 376 s.
1844 308 2128 378 MAXlMl
2169 309 2676 382 CONFESSORIS

3746 326 3859 397 996

586 449 653 492 ne
683 420 936 485 homines
959 444 1023 481 ex
1056 441 1249 497 magna
1274 425 1519 492 civitate,
1551 426 1647 481 sed
1690 443 1759 480 an
1789 428 1941 497 digni
1966 444 2148 498 magna

2264 430 2608 501 ἀνθρώπους,
2642 434 2694 485 εἴ
2724 449 2862 495 τινες
2898 433 2961 486 ἐκ
2999 433 3246 503 μεγάλων
3273 437 3481 495 πόλεών
3527 443 3696 513 εἰσιν,
3729 441 3863 502 ἀλλ’

582 522 806 574 civitate
842 517 969 571 sint.

1206 626 1536 696 Epicharmi.

583 739 880 809 lEgerrime
909 739 1041 809 fero,
1073 753 1193 789 cum
1219 739 1337 809 quis
1367 738 1598 792 detrahit
1629 741 1910 801 nobilitati.

585 807 682 876 Qui
710 809 823 877 ipse
855 807 1085 860 moribus
1106 807 1349 877 ignobilis
1371 824 1435 860 ac
1464 809 1619 862 homo
1650 810 1804 865 nihili
1836 812 1927 865 sit.

578 878 716 942 Quid
742 877 881 930 enim
911 878 985 929 rei
1015 893 1147 930 cwco
1179 893 1295 930 cum
1319 877 1534 947 speculo
1560 880 1805 933 exsistit?

645 989 953 1046 Chariclew.
979 1018 1047 1030 --
1071 990 1383 1050 Nobilitatis
1413 993 1561 1048 enim
1591 995 1889 1065 conspicua
1904 999 2150 1068 vis,pul-

577 1080 912 1135 chritudinis
934 1089 1215 1149 aspectus,
1243 1097 1427 1137 mores
1453 1084 1673 1139 siccarii
1697 1085 1868 1151 ;nihil
1893 1088 2152 1159 subigere

578 1187 641 1226 ac
670 1171 896 1225 domare
926 1178 1131 1239 potest,
1157 1172 1244 1227 vel
1277 1189 1475 1228 eorum
1515 1190 1638 1244 quae
1673 1190 1886 1231 summe
1912 1179 2149 1233 misera-

578 1260 708 1314 bilia
734 1269 885 1314 sunt.

646 1350 915 1406 Socrates.
942 1383 1011 1391 —
1033 1353 1294 1408 Socrates
1326 1353 1714 1425 philosophus,
1764 1373 1936 1412 unum
1968 1367 2034 1414 ex
2068 1358 2151 1413 di-

575 1444 807 1513 scipulis
824 1444 1272 1498 animadvertens
1299 1446 1414 1515 agri
1439 1446 1655 1501 cultura
1682 1448 1965 1512 solertem,
1983 1450 2148 1519 677

576 1534 822 1587 moribus
849 1541 1035 1587 autem
1070 1533 1321 1589 colendis
1353 1536 1748 1606 negligentem,
1771 1538 1920 1593 Heus
1944 1541 2035 1593 tul
2069 1540 2152 1593 in-

574 1625 716 1694 quit,
741 1623 891 1691 vide,
917 1640 986 1679 ne
1009 1625 1142 1680 dum
1181 1641 1379 1697 agrum
1411 1627 1600 1682 colere
1639 1628 1866 1700 satagis,
1904 1629 2025 1701 ipse
2051 1630 2152 1684 sil-

576 1726 787 1768 vescas.

2261 524 2308 574 εί
2345 524 2599 593 μεγάλων
2630 524 2838 578 πόλεων
2868 524 3027 590 ἄξιοι.

2857 634 3241 705 Ἐπιχάρμου.

2363 748 2608 824 ΠΥΙγομ*
2648 749 2799 824 ὅταν·Δ
2826 750 3137 824 surdi-star
3161 751 3343 824 οὐδὲν
3488 754 3700 824 κακῶς

2363 818 2555 893 geret
2581 834 2693 884 τις,
2733 821 2917 893 αὐτὸς
2949 820 3367 893 δυσγενὴς-μῶν
3393 823 3474 887 τῷ
3494 818 3725 893 nodum.

2367 887 2463 952 Τίς
2494 888 2606 957 γὰρ
2633 891 2945 957 κατόπτρῳ
2971 887 3300 959 καὶτυφλῷ
3332 887 3620 949 Minui-la
3637 913 3660 960 ;

2330 1001 2708 1068 Χαρικλείου.
2742 1030 2812 1041 ——
2838 1001 3135 1069 Εὐγενείας
3163 1001 3272 1072 γὰρ
3295 1002 3536 1073 ἔμφασις
3585 1007 3687 1061 καὶ
3708 1006 3846 1064 κᾶλ-

2257 1093 2384 1156 λους
2430 1093 2526 1145 καὶ
2573 1092 2716 1161 ὄψις,
2766 1092 3062 1162 λῃστρικὸν
3098 1088 3266 1162 ἦθος·
3317 1096 3473 1150 οὐδὲν
3508 1098 3844 1157 ὑποτάττειν

2263 1180 2357 1234 καὶ
2385 1182 2609 1250 κρατεῖν
2651 1182 2749 1250 (d),
2785 1181 2880 1233 καὶ
2905 1180 3013 1235 τῶν
3045 1181 3502 1252 αὐχμηροτάτων,
3528 1186 3779 1245 δύναταιέ

2325 1348 2586 1417 Σωκράτ.
2636 1380 2706 1389 -
2749 1348 3045 1421 Σωκράτης
3076 1350 3106 1404 6
3157 1348 3465 1421 φιλόσοφος,
3492 1352 3835 1428 θεασάμενός

2256 1455 2381 1492 τινα
2429 1440 2540 1493 τῶν
2573 1438 2852 1510 μαθητῶν,
2889 1440 2982 1494 τοῦ
3037 1440 3137 1510 μὲν
3165 1441 3340 1511 ἀγροῦ
3370 1445 3830 1518 ἐπιμελούμενον,

2253 1529 2355 1599 τῆς
2389 1530 2448 1583 δὲ
2482 1531 2735 1601 πράξεως
2758 1530 3086 1601 ἀμελοῦντα,
3111 1531 3272 1602 Ὅρα,
3304 1526 3350 1586 ὦ
3381 1527 3558 1600 οὗτος,
3597 1537 3728 1609 ἔφη,
3757 1541 3831 1611 μὴ

2254 1622 2349 1676 τὸν
2423 1622 2595 1694 ἀγρὸν
2666 1622 3017 1694 ἐξημερῶσαι
3090 1622 3435 1694 βουλόμενος,
3488 1629 3591 1699 τὴν
3653 1630 3829 1704 ψυχὴν

2259 1711 2533 1785 ἀγριώσῃ.

652 1795 1200 1871 Plutarchi.—Quid
1246 1805 1395 1860 enim
1440 1806 1587 1861 aliud
1622 1808 1971 1864 nobilitatem
2026 1824 2148 1866 esse

2311 1776 2664 1873 ᾖλοιλάρχ.
2686 1831 2756 1847 -—
2779 1802 2845 1856 Τί
2880 1803 2989 1875 γὰρ
3038 1804 3165 1859 ἀλλο
3190 1806 3486 1877 νομίζομεν
3534 1803 3677 1866 εἶναι
3731 1814 3829 1884 τὴν

573 1896 975 1961 existimamus,
1009 1911 1173 1966 quam
1206 1906 1430 1953 veteres
1476 1899 1719 1967 divitias,
1769 1910 1865 1956 aut
1901 1909 2148 1957 veterem

574 1988 929 2042 claritatem?
960 2003 1083 2042 cum
1114 1996 1377 2042 neutrum
1406 1989 1605 2044 borum
1642 2000 1851 2047 nostra:
1871 1993 1945 2047 sit
1976 1993 2150 2048 facul-

574 2080 726 2145 tatis,
770 2079 865 2133 sed
923 2080 1032 2133 alia
1067 2080 1122 2135 in
1154 2069 1384 2135 incertae
1433 2081 1671 2136 fortuna:
1707 2084 1937 2139 arbitrio
1969 2086 2148 2154 posita

574 2171 705 2237 sint,
740 2172 845 2227 alia
878 2171 946 2226 ad
969 2172 1158 2225 luxum
1181 2178 1436 2240 spectent
1452 2174 1579 2228 vitae
1607 2174 1883 2230 humanas.
1916 2177 1993 2231 Ex
2012 2177 2150 2232 duo-

575 2263 680 2318 bus
726 2264 914 2334 ilaque
946 2262 1147 2317 alienis
1178 2262 1387 2332 pendet
1414 2261 1662 2318 inﬂatum
1698 2266 1805 2320 hoc
1849 2282 2053 2320 nomen
2085 2283 2150 2322 ac

461 2418 467 2422 _
576 2357 790 2421 titulus,
822 2354 1089 2410 nobilitas.
1121 2354 1391 2411 Caeterum
1419 2357 1706 2425 opulentia
1750 2373 1860 2412 non
1886 2358 1971 2413 sui
1992 2358 2147 2413 simi—

574 2447 656 2501 les
678 2447 825 2516 parit
867 2446 1114 2512 liberos;
1159 2447 1254 2514 qui
1280 2460 1413 2499 vero
1460 2462 1527 2501 ex
1578 2447 1788 2502 virtute
1828 2448 2150 2518 progenitus

572 2548 679 2604 est,
712 2539 759 2594 is
787 2538 1035 2609 parentis
1074 2536 1425 2592 nobilitatem
1463 2536 1612 2593 illius
1659 2538 1718 2593 in
1748 2554 1806 2594 se
1854 2538 2149 2594 simulacro

574 2626 778 2684 reddit.
1422 2620 1435 2629 ’

1122 2761 1356 2816 8ΕΒΜΟ
1405 2761 1589 2816 LXIV.

1234 2873 1311 2926 De
1358 2875 1487 2927 risu.
1580 2932 1593 2941 ,

642 2986 770 3039 Luc.
800 3001 875 3050 VI,
909 2985 1001 3039 25.
1021 2984 1199 3038 -—Vae
1226 2984 1387 3038 vobis
1416 2985 1512 3053 qui
1541 2983 1755 3051 ridetis,
1780 2986 1909 3054 quia
1937 2984 2149 3058 lugebi-

578 3078 648 3133 tis
676 3085 732 3131 et
751 3075 977 3131 flebitis.

643 3173 839 3242 Ephes.
878 3187 933 3236 ν,
958 3171 1013 3224 4.
1038 3199 1108 3208 -
1145 3168 1456 3239 Turpitudo
1485 3177 1582 3223 aut
1609 3168 2010 3239 stultiloquium
2053 3181 2149 3226 aut

573 3264 903 3328 scurrilitas,
926 3268 983 3317 et
1011 3272 1134 3332 qua:
1156 3277 1266 3315 non
1298 3260 1520 3325 decent,
1550 3276 1657 3315 nec
1686 3260 2043 3317 nominentur
2067 3262 2154 3317 in-

579 3366 664 3412 ter
688 3370 819 3420 vos;
851 3352 949 3407 sed
971 3351 1146 3422 magis
1173 3350 1481 3422 gratiarum
1517 3351 1691 3406 actio.
1872 3362 1875 3363 '

644 3445 821 3502 Eccle.
856 3460 953 3509 vn,
982 3444 1032 3497 7.
1054 3470 1127 3486 --
1154 3442 1313 3498 Sicut
1335 3457 1441 3498 vox
1470 3442 1762 3513 spinarum
1786 3444 1890 3499 sub
1915 3442 2045 3508 olla,
2074 3441 2150 3497 ita

571 3534 721 3589 risus
750 3531 1070 3587 stultorum.

640 3623 808 3678 Ecc‘ti.
842 3638 955 3685 xxi,
983 3620 1074 3675 25.
1096 3649 1167 3661 -—
1186 3619 1396 3675 Fatuus
1453 3619 1512 3687 in
1541 3620 1657 3675 risu
1717 3621 1926 3676 exaltat
1954 3635 2150 3675 vocem

571 3724 768 3779 suam;
800 3713 885 3767 vir
914 3720 1097 3766 autem
1144 3712 1389 3782 sapiens,
1447 3713 1541 3768 vix
1589 3712 1759 3769 tacite
1807 3713 2152 3782 subridebit,

639 3888 806 3944 Eccli.
854 3902 1021 3953 xxv",
1046 3886 1133 3941 ut
1188 3915 1259 3928 ο-
1304 3886 1560 3941 Narratio
1590 3886 1897 3942 stultorum
1928 3888 2146 3956 odiosa,

571 3986 628 4035 et
660 3978 809 4033 risus
841 3991 1037 4032 eorum
1070 3976 1128 4031 in
1158 3976 1382 4032 luxuria
1412 3976 1658 4047 peccati.

640 4089 849 4144 Basilii.
872 4088 1030 4142 —Ad
1065 4088 1249 4143 lenem
1279 4101 1457 4155 usque
1487 4086 1664 4141 risum
1699 4085 1868 4140 animi
1895 4087 2145 4142 hilarita-

570 4184 682 4236 tem
713 4179 1150 4242 submonstrare,
1176 4176 1326 4230 baud
1344 4175 1610 4230 dedeceat
1637 4192 1650 4227 :
1678 4175 1950 4230 hactenus
1969 4177 2148 4231 solum

570 4278 633 4326 tit
661 4270 949 4341 prodatur,
1007 4267 1159 4338 quod
1217 4266 1488 4335 scriptum
1533 4272 1663 4320 est:
1716 4264 1885 4319 Corde
1911 4266 2143 4334 lwtante,

569 4364 721 4435 ﬂoret
750 4362 909 4431 facies
936 4359 1117 4425 (Prov.
1139 4372 1230 4423 xv,
1251 4354 1339 4426 15)
1366 4371 1381 4421 ;
1411 4354 1735 4410 cachinnari
1776 4364 1961 4409 autem
1990 4371 2144 4423 voce,

2255 1888 2558 1957 εὐγένειαν,
2590 1891 2639 1943 εί
2670 1891 2745 1961 μὴ
2775 1891 3006 1947 παλαιὸν
3032 1892 3279 1961 πλοῦτον,
3310 1894 3344 1967 ἦ
3370 1897 3608 1953 παλαιὰν
3633 1899 3826 1966 δόξανξ

2257 1980 2538 2051 οὐδέτερον
2577 1983 2663 2050 ἐφ’
2692 1983 2825 2053 ἡμῖν
2852 1982 2912 2037 ὃν
2934 2025 2949 2051 ,
2984 1984 3119 2039 ἀλλά
3144 1985 3212 2039 τὰ
3263 1988 3363 2056 μὲν
3401 1989 3573 2060 τύχης
3604 1991 3826 2063 ἀδήλου,

2254 2069 2323 2122 τὰ
2354 2070 2410 2121 δὲ
2458 2070 2733 2140 ἀκρασίας
2781 2073 2939 2144 χάριν
2987 2073 3351 2148 ἀνθρωπίνης.
3393 2078 3555 2133 Ὥστε
3586 2081 3651 2134 ὲκ
3678 2082 3823 2135 δυοῖν

2254 2156 2553 2227 ἀλλοτρίων
2577 2160 2847 2231 κρέμαται
2872 2161 2933 2215 τὸ
2961 2164 3354 2234 πεφυσωμένον
3374 2166 3563 2239 ὄνομα,
3606 2172 3641 2241 ή
3679 2173 3827 2240 εὐγέ-

2254 2263 2392 2303 νεια.
2426 2249 2535 2316 Καὶ
2557 2251 2585 2304 6
2607 2249 2834 2314 πλοῦτος
2863 2252 2981 2322 μὲν,
3013 2254 3111 2325 οὐχ
3128 2255 3347 2325 ὁμοίους
3377 2257 3526 2329 αὑτῷ
3552 2261 3682 2324 τοὺς
3702 2277 3827 2329 γενέ-

2254 2338 2516 2409 νηθέντας
2550 2343 2723 2394 ποιεῖ’
2751 2341 2868 2395 ἀλλ’
2904 2346 2933 2397 6
2969 2343 3030 2409 ἐξ
3054 2345 3257 2417 ἀρετῆς
3282 2347 3588 2418 γεννηθεὶς,
3621 2351 3828 2417 ἐκεῖνος

2255 2431 2479 2503 εὐγενὴς
2500 2431 2847 2499 είκονίζεται.

2816 2750 3036 2810 ΛΟΓΟΣ
3079 2742 3173 2810 ΞΑσ
3197 2759 3260 2813 ι’.

2814 2867 2957 2937 Περὶ
2987 2869 3265 2939 γέλωτος.

2324 2976 2509 3030 Λουκ.
2535 2977 2840 3043 (εκ-Οὐαὶ
2868 2979 3023 3050 ὑμῖν,
3047 2981 3098 3033 οί
3115 2974 3404 3051 γελῶντες,
3435 2978 3825 3061 ὄτιπενθήσετὲ

2254 3068 2350 3123 καὶ
2368 3067 2654 3123 κλαύσετε.

2339 3162 2468 3231 Ἑρ.
2502 3159 2566 3216 8’.
2599 3192 2667 3204 -—
2687 3163 2992 3235 Δίσχρότης
3026 3166 3119 3219 καὶ
3151 3159 3463 3238 μωρολογία
3493 3172 3589 3225 καὶ
3630 3172 3823 3245 stirpe.

2251 3253 2436 3318 πελία,
2471 3254 2566 3308 καὶ
2602 3254 2672 3309 τὰ
2698 3256 2799 3309 οὐκ
2841 3257 3142 3327 ἀνήκοντα,
3199 3259 3338 3332 μηδὲ
3378 3260 3731 3332 ὀνομαζέσθω
3764 3269 3822 3320 ὲν

2252 3345 2410 3415 ὑμῖνο
2453 3343 2589 3400 ἀλλά
2615 3346 2814 3417 μᾶλλον
2840 3349 3182 3420 εὐχαριστία.

2320 3440 2537 3508 Σολομ.
2581 3436 2644 3499 ζ’.
2678 3469 2750 3481 -
2769 3440 2978 3512 Ὠσπερ
3007 3444 3153 3517 φωνὴ
3202 3442 3455 3498 ἀκανθῶν
3486 3446 3593 3500 ὑπὸ
3611 3447 3700 3502 τὸν
3734 3447 3820 3505 λέ-

2250 3524 2411 3595 6ητα,
2435 3525 2609 3591 οὕτως
2640 3529 2670 3580 6
2700 3528 2873 3597 γέλως
2899 3529 3008 3591 τῶν
3033 3531 3301 3602 ἀφρόνων.

2249 3796 2445 3851 διάσει.

2319 3884 2501 3956 Σιρὰχ
2537 3885 2640 3947 κζ’.
2681 3904 2751 3927 —‘—
2778 3879 3040 3960 Διήγησις
3064 3891 3264 3962 μωρῶν
3285 3892 3688 3966 προσόχθισμα,
3719 3896 3807 3948 καὶ

2252 3977 2282 4029 6
2309 3977 2481 4045 γέλως
2512 3977 2692 4031 αὐτῶν
2726 3980 2783 4030 ὲν
2818 3979 3073 4053 σπατάλῃ
3103 3982 3397 4051 ἁμαρτίας.

2321 4090 2575 4144 Βασιλεῖ
2583 4106 2677 4143 ου.
2710 4119 2778 4132 --
2814 4090 2976 4162 Ἄχρι
3010 4091 3110 4162 μὲν
3142 4092 3250 4164 γὰρ
3292 4096 3655 4170 μειδιάματος
3702 4118 3819 4171 φαι-

2251 4177 2379 4248 δροῦ
2403 4176 2502 4248 τὴν
2533 4177 2778 4231 διάθεσιν
2804 4180 2901 4249 τῆς
2929 4180 3109 4251 ψυχῆς
3134 4182 3479 4252 ὑποφαίνειν,
3518 4190 3624 4241 οὐκ
3659 4192 3820 4261 ἀπρε-

2250 4269 2372 4336 πὲς,
2418 4270 2542 4323 ὅσον
2579 4269 2750 4334 δεῖξαι
2812 4271 2972 4342 μόνον
3003 4273 3063 4326 τὸ
3107 4277 3516 4346 γεγραμμένον,
3570 4280 3817 4349 Καρδίας

2259 4360 2755 4429 εὐφραινομένης,
2800 4362 3126 4434 πρόσωπον
3163 4365 3392 4420 θάλλει.
3433 4368 3817 4440 Ἑκκαχλάζειν

569 4465 627 4510 et
651 4468 888 4523 corpore
916 4448 1140 4506 concuti
1191 4462 1257 4503 ac
1285 4447 1483 4517 agitari
1512 4446 1668 4501 velut
1705 4445 1824 4501 fere
1863 4448 2148 4506 bullientis

2253 4452 2307 4506 δὲ
2329 4453 2578 4523 τῇφωνῇ
2603 4452 2669 4514 ιθ.
2691 4452 2785 4505 καὶ
2815 4451 3251 4523 ἀνασράσσεσθαι
3269 4453 3315 4487 δί
3335 4457 3398 4509 τὸ
3432 4457 3617 4528 σῶμα,
3646 4460 3709 4513 οὐ
3732 4459 3815 4512 τοῦ

449 4558 453 4563 ’
569 4538 626 4600 in
660 4559 896 4609 morem,
931 4558 1044 4597 non
1089 4539 1336 4595 hominis
1395 4537 1582 4593 animo
1639 4541 1935 4609 compositi
1965 4551 2053 4597 est
2084 4557 2149 4598 ac

570 4637 827 4703 modesti,
862 4637 950 4691 vel
979 4636 1101 4707 ejus
1123 4633 1219 4704 qui
1253 4632 1372 4702 ipse
1418 4631 1505 4686 sui
1533 4645 1764 4701 compos
1793 4634 1885 4688 sit.
1930 4633 2145 4690 Conﬁr-

570 4736 685 4783 mat
712 4729 864 4784 enim
889 4726 1037 4798 quod
1092 4725 1174 4780 sic
1209 4724 1451 4779 dicimus
1508 4721 1957 4792 sapientissimus
1993 4726 2146 4783 Salo-

570 4826 722 4884 mon,
758 4820 888 4875 dum
923 4818 1033 4873 ait:
1072 4815 1272 4871 Fatuus
1295 4816 1352 4869 in
1380 4810 1490 4868 risu
1534 4813 1737 4869 exultat
1764 4833 1938 4900 vocent
1960 4835 2144 4885 suam;

570 4914 651 4966 vir
670 4919 848 4966 autem
874 4910 1106 4979 sapiens,
1136 4907 1223 4963 via:
1250 4907 1407 4968 tacite
1434 4905 1569 4960 ridet
1594 4904 1782 4976 (Eccli.
1816 4923 1924 4977 nl,
1957 4909 2069 4981 25).

2253 4544 2689 4615 κατεσταλμένου
2736 4543 2835 4615 τὴν
2889 4545 3093 4616 ψυχὴν,
3157 4546 3278 4600 οὐδὲ
3330 4550 3427 4601 τοῦ
3475 4551 3815 4621 περικρατῶς

2250 4630 2468 4702 ἔχοντος
2502 4629 2720 4685 ἑαυτοῦ.
2747 4629 2963 4686 Βεσαιοῖ
2989 4632 3099 4704 γὰρ
3119 4634 3211 4688 τὸν
3254 4635 3414 4704 λόγον
3454 4639 3485 4689 6
3517 4638 3814 4707 σοφώτατος

2249 4719 2523 4790 Σολομὼν,
2553 4720 2636 4774 ὅτι
2678 4720 2741 4775 '0
2771 4721 2971 4791 μωρὸς
2993 4722 3064 4777 ἐν
3088 4724 3325 4792 γέλωτι,
3352 4725 3590 4796 ἀνυψοῖ
3619 4726 3815 4798 φωνὴν

2248 4809 2436 4866 αὐτοῦ
2454 4826 2471 4844 ο
2498 4811 2653 4882 ἀνὴρ
2671 4811 2741 4867 δὲ
2768 4812 2962 4899 σοφὸς
2980 4813 3162 4882 μόλις
3187 4812 3400 4885 ἠσυχῆ
3417 4817 3722 4887 perimant

1880 5041 2012 5095 νΑιι
2025 5041 2113 5097 ΙᾹΞ
2155 5040 2563 5100 LECTIONES.

643 5155 687 5187 ”
718 5155 776 5210 In
804 5154 1132 5211 Gesn.Stob.
1161 5155 1257 5211 9L
1326 5154 1372 5186 ⁸ο
1414 5156 1577 5210 Ἀλλι
1606 5156 1809 5226 φωνήν.
1885 5155 1925 5187 ⁸³
1965 5126 2128 5212 Ἀλλ.
2176 5160 2603 5232 ἁναϐράζεσθαι.

2086 5295 2321 5353 NOTAE.

646 5403 727 5475 (di
776 5402 967 5455 Οὐδὲν·
993 5404 1348 5459 ὑποτάττειν
1378 5407 1477 5461 καὶ
1524 5404 1785 5473 κρατεῖν.
1824 5404 1988 5461 Gesn.
2025 5423 2151 5462 cor-

575 5474 795 5546 ruptam
817 5475 1145 5546 sententiam
1167 5474 1381 5546 credit;
1404 5491 1506 5546 ego
1527 5477 1644 5530 sola
1668 5475 1945 5546 brevitate
1955 5477 2150 5532 obscu-

576 5544 804 5612 riorem.
845 5541 1051 5612 Nempe
1097 5544 1229 5596 velit
1272 5541 1482 5607 auctor,
1540 5560 1666 5598 eum
1719 5544 1815 5612 qui
1858 5544 2147 5603 nobilitate

578 5611 880 5679 formaeque
933 5611 1131 5664 decore
1178 5621 1475 5679 praestans,
1526 5613 1708 5667 sicarii
1740 5611 2019 5669 ’moribus
2072 5617 2146 5671 sit

578 5675 883 5749 (pra-feroci
913 5679 1119 5731 scilicet
1151 5675 1331 5733 animo
1375 5690 1430 5734 et
1464 5675 1724 5751 Superbo)
1768 5683 1917 5736 nulla
1961 5699 2018 5738 re
2055 5702 2143 5751 stt-

2226 5453 2229 5455 .
2258 5400 2392 5532 biFi,
2423 5411 2575 5465 nulla
2604 5410 2807 5480 pietate
2835 5412 3099 5477 emoveri,
3133 5417 3230 5468 aut
3260 5415 3572 5489 quidquam
3602 5423 3814 5481 misera.

2255 5479 2313 5534 bi
2338 5482 2449 5534 ium
2476 5495 2835 5534 personarum
2863 5493 3087 5534 asnectu
3112 5482 3274 5534 allici.
3299 5484 3418 5534 Hoc
3440 5492 3592 5534 enim
3617 5501 3699 5534 ρςι
3742 5496 3811 5534 τι.-

2360 5495 2449 5560 um
2476 5495 2835 5564 personarum
2863 5493 3087 5564 aspectu
3112 5482 3592 5564 allici.'lloc'enim
3617 5501 3720 5556 est,
3742 5496 3811 5552 τὺ.

2254 5550 2349 5601 καὶ
2374 5550 2481 5600 τῶν
2508 5550 2962 5644 ᾖὺχμηροτάἷων,
2984 5552 3089 5626 situ
3117 5560 3170 5644 ﬁt
3200 5555 3456 5637 squalore
3475 5550 3810 5644 deformium;

2251 5633 2362 5672 non
2406 5618 2553 5685 quod
2592 5628 2797 5673 temere
2840 5617 3301 5691 Gesn.‘nullaque
3340 5617 3670 5697 interpretis
3702 5617 3812 5696 ﬁdo,

2251 5687 2612 5741 robustissima
2646 5702 2881 5758 quisque.
