  <div class='ocr_page' id='page_1' title='image "/cluster/home/n/w/nwhite01/storage/ocr_20150623/91/mdp.39015022223195/500.png"; bbox 0 0 4066 6150; ppageno 0'>
   <div class='ocr_carea' id='block_1_1' title="bbox 313 290 1919 397">
    <p class='ocr_par' dir='ltr' id='par_1_1' title="bbox 313 290 1919 363">
     <span class='ocr_line' id='line_1_1' title="bbox 313 290 1919 363; baseline -0.009 0"><span class='ocrx_word' id='word_1_1' title='bbox 313 296 417 363; x_wconf 78' lang='grc'><strong>997</strong></span> <span class='ocrx_word' id='word_1_2' title='bbox 1607 291 1775 352; x_wconf 83' lang='lat' dir='ltr'><strong>LOCI</strong></span> <span class='ocrx_word' id='word_1_3' title='bbox 1814 290 1919 350; x_wconf 60' lang='grc' dir='ltr'><strong>ΕΟ]</strong></span> 
     </span>
    </p>
   </div>
   <div class='ocr_carea' id='block_1_2' title="bbox 1939 290 3545 397">
    <p class='ocr_par' dir='ltr' id='par_1_2' title="bbox 1939 290 3545 357">
     <span class='ocr_line' id='line_1_2' title="bbox 1939 290 3545 357; baseline 0.005 -8"><span class='ocrx_word' id='word_1_4' title='bbox 1939 290 2132 351; x_wconf 81' lang='lat' dir='ltr'><strong>IMUN</strong></span> <span class='ocrx_word' id='word_1_5' title='bbox 2137 292 2244 351; x_wconf 89' lang='lat' dir='ltr'><strong>ES.</strong></span> <span class='ocrx_word' id='word_1_6' title='bbox 3442 296 3545 357; x_wconf 61' lang='lat'><strong>998</strong></span> 
     </span>
    </p>
   </div>
   <div class='ocr_carea' id='block_1_3' title="bbox 1014 406 2620 477">
    <p class='ocr_par' dir='ltr' id='par_1_3' title="bbox 1014 408 2620 462">
     <span class='ocr_line' id='line_1_3' title="bbox 1014 408 2620 462; baseline -0.002 -4"><span class='ocrx_word' id='word_1_7' title='bbox 1014 408 1183 458; x_wconf 78' lang='grc' dir='ltr'>Θεολ.</span> <span class='ocrx_word' id='word_1_8' title='bbox 1915 408 1961 462; x_wconf 77' lang='grc' dir='ltr'><strong>Α</strong></span> <span class='ocrx_word' id='word_1_9' title='bbox 2604 442 2620 455; x_wconf 54' lang='grc' dir='ltr'>ς</span> 
     </span>
    </p>
   </div>
   <div class='ocr_carea' id='block_1_4' title="bbox 1300 406 2906 477">
    <p class='ocr_par' dir='ltr' id='par_1_4' title="bbox 1915 406 2906 477">
     <span class='ocr_line' id='line_1_4' title="bbox 1915 406 2906 477; baseline -0.003 -15"><span class='ocrx_word' id='word_1_10' title='bbox 1915 408 1961 462; x_wconf 77' lang='grc' dir='ltr'><strong>Α</strong></span> <span class='ocrx_word' id='word_1_11' title='bbox 2604 442 2628 457; x_wconf 58' lang='grc' dir='ltr'><strong>κ</strong></span> <span class='ocrx_word' id='word_1_12' title='bbox 2646 406 2906 477; x_wconf 73' lang='lat' dir='ltr'><strong>T/zeologi.</strong></span> 
     </span>
    </p>
   </div>
   <div class='ocr_carea' id='block_1_5' title="bbox 372 492 1978 569">
    <p class='ocr_par' dir='ltr' id='par_1_5' title="bbox 372 492 1738 569">
     <span class='ocr_line' id='line_1_5' title="bbox 372 492 1738 569; baseline 0.003 -4"><span class='ocrx_word' id='word_1_13' title='bbox 372 504 575 566; x_wconf 73' lang='grc' dir='ltr'>Γέλως</span> <span class='ocrx_word' id='word_1_14' title='bbox 605 500 863 569; x_wconf 71' lang='grc' dir='ltr'>γέλωτος</span> <span class='ocrx_word' id='word_1_15' title='bbox 886 492 958 569; x_wconf 59' lang='grc' dir='ltr'>εὖ</span> <span class='ocrx_word' id='word_1_16' title='bbox 997 495 1328 569; x_wconf 58' lang='grc' dir='ltr'><strong>φρονοῦσιν</strong></span> <span class='ocrx_word' id='word_1_17' title='bbox 1350 494 1558 569; x_wconf 58' lang='grc' dir='ltr'><strong>ἕξεως,</strong></span> <span class='ocrx_word' id='word_1_18' title='bbox 1661 562 1667 567; x_wconf 89' lang='grc'><strong>.</strong></span> <span class='ocrx_word' id='word_1_19' title='bbox 1727 561 1738 569; x_wconf 95' lang='grc'><strong>.</strong></span> 
     </span>
    </p>
   </div>
   <div class='ocr_carea' id='block_1_6' title="bbox 1364 492 2970 569">
    <p class='ocr_par' dir='ltr' id='par_1_6' title="bbox 1364 494 2970 569">
     <span class='ocr_line' id='line_1_6' title="bbox 1364 494 2970 569; baseline 0 -23"><span class='ocrx_word' id='word_1_20' title='bbox 1364 494 1524 569; x_wconf 60' lang='grc' dir='ltr'>ᾇξιος</span> <span class='ocrx_word' id='word_1_21' title='bbox 1544 535 1558 558; x_wconf 92' lang='grc'><strong>,</strong></span> <span class='ocrx_word' id='word_1_22' title='bbox 1661 562 1667 567; x_wconf 84' lang='lat'>_</span> <span class='ocrx_word' id='word_1_23' title='bbox 1727 561 1738 569; x_wconf 86' lang='lat'>_</span> <span class='ocrx_word' id='word_1_24' title='bbox 2053 494 2205 569; x_wconf 45' lang='lat' dir='ltr'><strong>{fisus</strong></span> <span class='ocrx_word' id='word_1_25' title='bbox 2231 496 2357 569; x_wconf 74' lang='lat' dir='ltr'><strong>bene</strong></span> <span class='ocrx_word' id='word_1_26' title='bbox 2379 497 2525 549; x_wconf 76' lang='lat' dir='ltr'><strong>sanis</strong></span> <span class='ocrx_word' id='word_1_27' title='bbox 2558 496 2689 569; x_wconf 73' lang='lat' dir='ltr'><strong>risui</strong></span> <span class='ocrx_word' id='word_1_28' title='bbox 2718 496 2970 569; x_wconf 76' lang='lat' dir='ltr'><strong>habetur;</strong></span> 
     </span>
    </p>
   </div>
   <div class='ocr_carea' id='block_1_7' title="bbox 376 561 1982 637">
    <p class='ocr_par' dir='ltr' id='par_1_7' title="bbox 376 561 1793 637">
     <span class='ocr_line' id='line_1_7' title="bbox 376 561 1793 637; baseline -0.007 -11"><span class='ocrx_word' id='word_1_29' title='bbox 376 561 655 626; x_wconf 75' lang='grc' dir='ltr'><strong>Μάλιὰτᾶ</strong></span> <span class='ocrx_word' id='word_1_30' title='bbox 684 567 801 637; x_wconf 83' lang='grc' dir='ltr'>μὲν</span> <span class='ocrx_word' id='word_1_31' title='bbox 828 561 945 632; x_wconf 68' lang='grc' dir='ltr'>ἐτᾶς</span> <span class='ocrx_word' id='word_1_32' title='bbox 971 561 1314 637; x_wconf 32' lang='grc' dir='ltr'><strong>,τὸ-πλέονΔ</strong></span> <span class='ocrx_word' id='word_1_33' title='bbox 1339 563 1391 637; x_wconf 71' lang='grc' dir='ltr'>δ’</span> <span class='ocrx_word' id='word_1_34' title='bbox 1409 566 1457 637; x_wconf 31' lang='grc' dir='ltr'>’ό</span> <span class='ocrx_word' id='word_1_35' title='bbox 1491 561 1793 629; x_wconf 77' lang='grc' dir='ltr'>πορνίκός.</span> 
     </span>
    </p>
   </div>
   <div class='ocr_carea' id='block_1_8' title="bbox 1686 561 3292 637">
    <p class='ocr_par' dir='ltr' id='par_1_8' title="bbox 1686 561 3292 637">
     <span class='ocr_line' id='line_1_8' title="bbox 1686 561 3292 637; baseline 0.002 -22"><span class='ocrx_word' id='word_1_36' title='bbox 1686 561 1793 627; x_wconf 78' lang='grc' dir='ltr'>ιός.</span> <span class='ocrx_word' id='word_1_37' title='bbox 2052 563 2203 637; x_wconf 58' lang='lat' dir='ltr'><strong>Risus</strong></span> <span class='ocrx_word' id='word_1_38' title='bbox 2231 566 2443 637; x_wconf 65' lang='lat' dir='ltr'><strong>quidem</strong></span> <span class='ocrx_word' id='word_1_39' title='bbox 2478 567 2667 637; x_wconf 78' lang='lat' dir='ltr'><strong>omnis,</strong></span> <span class='ocrx_word' id='word_1_40' title='bbox 2700 566 2928 637; x_wconf 53' lang='lat' dir='ltr'><strong>maaime</strong></span> <span class='ocrx_word' id='word_1_41' title='bbox 2950 565 3292 637; x_wconf 69' lang='lat' dir='ltr'><strong>meretricius.</strong></span> 
     </span>
    </p>
   </div>
   <div class='ocr_carea' id='block_1_9' title="bbox 373 630 1979 704">
    <p class='ocr_par' dir='ltr' id='par_1_9' title="bbox 373 630 1628 704">
     <span class='ocr_line' id='line_1_9' title="bbox 373 630 1628 704; baseline -0.008 -10"><span class='ocrx_word' id='word_1_42' title='bbox 373 639 579 704; x_wconf 77' lang='grc' dir='ltr'>Γέλως</span> <span class='ocrx_word' id='word_1_43' title='bbox 611 630 885 703; x_wconf 70' lang='grc' dir='ltr'>ἄτακτος,</span> <span class='ocrx_word' id='word_1_44' title='bbox 909 630 1193 703; x_wconf 72' lang='grc' dir='ltr'>ὰυλλέτει</span> <span class='ocrx_word' id='word_1_45' title='bbox 1223 632 1320 686; x_wconf 79' lang='grc' dir='ltr'><strong>καὶ</strong></span> <span class='ocrx_word' id='word_1_46' title='bbox 1347 630 1628 699; x_wconf 74' lang='grc' dir='ltr'>δάκρυον.</span> 
     </span>
    </p>
   </div>
   <div class='ocr_carea' id='block_1_10' title="bbox 1534 630 3140 704">
    <p class='ocr_par' dir='ltr' id='par_1_10' title="bbox 1539 630 3140 704">
     <span class='ocr_line' id='line_1_10' title="bbox 1539 630 3140 704; baseline 0.001 -19"><span class='ocrx_word' id='word_1_47' title='bbox 1539 648 1628 685; x_wconf 74' lang='grc' dir='ltr'>ον.</span> <span class='ocrx_word' id='word_1_48' title='bbox 2050 632 2203 687; x_wconf 79' lang='lat' dir='ltr'><strong>Risus</strong></span> <span class='ocrx_word' id='word_1_49' title='bbox 2228 630 2559 699; x_wconf 73' lang='lat' dir='ltr'><strong>immodicus,</strong></span> <span class='ocrx_word' id='word_1_50' title='bbox 2579 636 2739 686; x_wconf 80' lang='lat' dir='ltr'><strong>etiam</strong></span> <span class='ocrx_word' id='word_1_51' title='bbox 2769 636 2950 704; x_wconf 78' lang='lat' dir='ltr'><strong>ﬂetum</strong></span> <span class='ocrx_word' id='word_1_52' title='bbox 2980 634 3140 704; x_wconf 83' lang='lat' dir='ltr'><strong>parit.</strong></span> 
     </span>
    </p>
   </div>
   <div class='ocr_carea' id='block_1_11' title="bbox 375 763 1981 839">
    <p class='ocr_par' dir='ltr' id='par_1_11' title="bbox 375 763 1876 839">
     <span class='ocr_line' id='line_1_11' title="bbox 375 763 1876 839; baseline -0.006 -16"><span class='ocrx_word' id='word_1_53' title='bbox 375 770 618 832; x_wconf 80' lang='grc' dir='ltr'><strong>Γέλωτος</strong></span> <span class='ocrx_word' id='word_1_54' title='bbox 654 768 825 839; x_wconf 86' lang='grc' dir='ltr'>θυμὸς</span> <span class='ocrx_word' id='word_1_55' title='bbox 869 767 1093 838; x_wconf 74' lang='grc' dir='ltr'>ἔμφρων</span> <span class='ocrx_word' id='word_1_56' title='bbox 1149 763 1590 835; x_wconf 86' lang='grc' dir='ltr'>προτιμὼτερος·</span> <span class='ocrx_word' id='word_1_57' title='bbox 1627 763 1876 834; x_wconf 77' lang='grc' dir='ltr'>αὐστηρᾷ</span> 
     </span>
    </p>
   </div>
   <div class='ocr_carea' id='block_1_12' title="bbox 1937 763 3543 839">
    <p class='ocr_par' dir='ltr' id='par_1_12' title="bbox 2052 765 3543 837">
     <span class='ocr_line' id='line_1_12' title="bbox 2052 765 3543 837; baseline 0 -16"><span class='ocrx_word' id='word_1_58' title='bbox 2052 767 2134 821; x_wconf 87' lang='lat' dir='ltr'><strong>Ira</strong></span> <span class='ocrx_word' id='word_1_59' title='bbox 2158 768 2404 837; x_wconf 87' lang='lat' dir='ltr'><strong>prudens</strong></span> <span class='ocrx_word' id='word_1_60' title='bbox 2442 768 2559 822; x_wconf 92' lang='lat' dir='ltr'><strong>risu</strong></span> <span class='ocrx_word' id='word_1_61' title='bbox 2615 768 2839 837; x_wconf 90' lang='lat' dir='ltr'><strong>potior;</strong></span> <span class='ocrx_word' id='word_1_62' title='bbox 2888 773 3112 821; x_wconf 87' lang='lat' dir='ltr'><strong>austera</strong></span> <span class='ocrx_word' id='word_1_63' title='bbox 3160 766 3308 821; x_wconf 90' lang='lat' dir='ltr'><strong>enim</strong></span> <span class='ocrx_word' id='word_1_64' title='bbox 3357 765 3543 822; x_wconf 89' lang='lat' dir='ltr'><strong>vultus</strong></span> 
     </span>
    </p>
   </div>
   <div class='ocr_carea' id='block_1_13' title="bbox 303 852 1909 931">
    <p class='ocr_par' dir='ltr' id='par_1_13' title="bbox 303 852 1633 931">
     <span class='ocr_line' id='line_1_13' title="bbox 303 852 1633 931; baseline -0.007 -17"><span class='ocrx_word' id='word_1_65' title='bbox 303 858 416 931; x_wconf 76' lang='grc' dir='ltr'>γὰρ</span> <span class='ocrx_word' id='word_1_66' title='bbox 443 860 684 914; x_wconf 79' lang='grc' dir='ltr'><strong>διαθέσει</strong></span> <span class='ocrx_word' id='word_1_67' title='bbox 711 857 1028 927; x_wconf 85' lang='grc' dir='ltr'><strong>προσώπου,</strong></span> <span class='ocrx_word' id='word_1_68' title='bbox 1069 852 1432 925; x_wconf 76' lang='grc' dir='ltr'>κατορθοῦται</span> <span class='ocrx_word' id='word_1_69' title='bbox 1467 852 1633 923; x_wconf 81' lang='grc' dir='ltr'>ψυχή.</span> 
     </span>
    </p>
   </div>
   <div class='ocr_carea' id='block_1_14' title="bbox 1992 852 3598 931">
    <p class='ocr_par' dir='ltr' id='par_1_14' title="bbox 1992 858 3598 928">
     <span class='ocr_line' id='line_1_14' title="bbox 1992 858 3598 928; baseline -0.002 -15"><span class='ocrx_word' id='word_1_70' title='bbox 1992 859 2385 927; x_wconf 72' lang='lat' dir='ltr'><strong>compositione</strong></span> <span class='ocrx_word' id='word_1_71' title='bbox 2411 858 2627 912; x_wconf 89' lang='lat' dir='ltr'><strong>animus</strong></span> <span class='ocrx_word' id='word_1_72' title='bbox 2653 859 2757 913; x_wconf 89' lang='lat' dir='ltr'><strong>rite</strong></span> <span class='ocrx_word' id='word_1_73' title='bbox 2784 858 3155 928; x_wconf 76' lang='lat' dir='ltr'><strong>componitur.</strong></span> <span class='ocrx_word' id='word_1_74' title='bbox 3590 858 3598 867; x_wconf 87' lang='grc'><em>“</em></span> 
     </span>
    </p>
   </div>
   <div class='ocr_carea' id='block_1_15' title="bbox 369 935 1975 1021">
    <p class='ocr_par' dir='ltr' id='par_1_15' title="bbox 369 944 1873 1021">
     <span class='ocr_line' id='line_1_15' title="bbox 369 944 1873 1021; baseline -0.006 -17"><span class='ocrx_word' id='word_1_75' title='bbox 369 952 441 1004; x_wconf 73' lang='lat' dir='ltr'><strong>At</strong></span> <span class='ocrx_word' id='word_1_76' title='bbox 482 949 581 1021; x_wconf 80' lang='grc' dir='ltr'>μὲν</span> <span class='ocrx_word' id='word_1_77' title='bbox 612 948 792 1003; x_wconf 81' lang='grc' dir='ltr'>τοίνυν</span> <span class='ocrx_word' id='word_1_78' title='bbox 829 948 940 1001; x_wconf 84' lang='grc' dir='ltr'>τῶν</span> <span class='ocrx_word' id='word_1_79' title='bbox 992 945 1171 1014; x_wconf 80' lang='grc' dir='ltr'>σοφῶν</span> <span class='ocrx_word' id='word_1_80' title='bbox 1202 944 1373 1015; x_wconf 69' lang='grc' dir='ltr'>ψυχαὶ</span> <span class='ocrx_word' id='word_1_81' title='bbox 1422 944 1873 1014; x_wconf 78' lang='grc' dir='ltr'>σκυθρωπάζουσι</span> 
     </span>
    </p>
   </div>
   <div class='ocr_carea' id='block_1_16' title="bbox 1939 935 3545 1021">
    <p class='ocr_par' dir='ltr' id='par_1_16' title="bbox 2053 935 3545 1017">
     <span class='ocr_line' id='line_1_16' title="bbox 2053 935 3545 1017; baseline -0.002 -16"><span class='ocrx_word' id='word_1_82' title='bbox 2053 935 2400 1017; x_wconf 67' lang='grc' dir='ltr'>δθρὶοηῖἰυιι]</span> <span class='ocrx_word' id='word_1_83' title='bbox 2428 949 2624 1003; x_wconf 73' lang='lat' dir='ltr'><strong>animae</strong></span> <span class='ocrx_word' id='word_1_84' title='bbox 2657 956 2868 1003; x_wconf 68' lang='lat' dir='ltr'><strong>incestae</strong></span> <span class='ocrx_word' id='word_1_85' title='bbox 2894 948 3159 1002; x_wconf 86' lang='lat' dir='ltr'><strong>incedunt</strong></span> <span class='ocrx_word' id='word_1_86' title='bbox 3186 962 3253 1001; x_wconf 91' lang='lat' dir='ltr'><strong>ac</strong></span> <span class='ocrx_word' id='word_1_87' title='bbox 3277 945 3545 1001; x_wconf 72' lang='lat' dir='ltr'><strong>modestia</strong></span> 
     </span>
    </p>
   </div>
   <div class='ocr_carea' id='block_1_17' title="bbox 303 1035 1909 1106">
    <p class='ocr_par' dir='ltr' id='par_1_17' title="bbox 303 1035 1873 1106">
     <span class='ocr_line' id='line_1_17' title="bbox 303 1035 1873 1106; baseline -0.004 -12"><span class='ocrx_word' id='word_1_88' title='bbox 303 1043 397 1094; x_wconf 75' lang='grc' dir='ltr'><strong>καὶ</strong></span> <span class='ocrx_word' id='word_1_89' title='bbox 438 1042 853 1095; x_wconf 83' lang='grc' dir='ltr'><strong>συστέλλονται·</strong></span> <span class='ocrx_word' id='word_1_90' title='bbox 886 1037 944 1090; x_wconf 86' lang='grc' dir='ltr'><strong>αί</strong></span> <span class='ocrx_word' id='word_1_91' title='bbox 984 1036 1042 1089; x_wconf 83' lang='grc' dir='ltr'>δὲ</span> <span class='ocrx_word' id='word_1_92' title='bbox 1080 1035 1189 1090; x_wconf 86' lang='grc' dir='ltr'>τῶν</span> <span class='ocrx_word' id='word_1_93' title='bbox 1217 1035 1469 1105; x_wconf 80' lang='grc' dir='ltr'><strong>ἀφρόνων</strong></span> <span class='ocrx_word' id='word_1_94' title='bbox 1511 1035 1873 1106; x_wconf 78' lang='grc' dir='ltr'><strong>ἐπαιρόμεναι</strong></span> 
     </span>
    </p>
   </div>
   <div class='ocr_carea' id='block_1_18' title="bbox 1942 1035 3548 1106">
    <p class='ocr_par' dir='ltr' id='par_1_18' title="bbox 1978 1036 3548 1105">
     <span class='ocr_line' id='line_1_18' title="bbox 1978 1036 3548 1105; baseline -0.001 -14"><span class='ocrx_word' id='word_1_95' title='bbox 1978 1047 2442 1105; x_wconf 87' lang='lat' dir='ltr'><strong>componuntur;</strong></span> <span class='ocrx_word' id='word_1_96' title='bbox 2525 1038 2822 1092; x_wconf 74' lang='lat' dir='ltr'><strong>stultorum</strong></span> <span class='ocrx_word' id='word_1_97' title='bbox 2882 1052 3014 1091; x_wconf 85' lang='lat' dir='ltr'><strong>vero</strong></span> <span class='ocrx_word' id='word_1_98' title='bbox 3070 1051 3190 1092; x_wconf 90' lang='lat' dir='ltr'><strong>sese</strong></span> <span class='ocrx_word' id='word_1_99' title='bbox 3254 1036 3548 1091; x_wconf 78' lang='lat' dir='ltr'><strong>eﬂcrentcs</strong></span> 
     </span>
    </p>
   </div>
   <div class='ocr_carea' id='block_1_19' title="bbox 302 1119 1908 1203">
    <p class='ocr_par' dir='ltr' id='par_1_19' title="bbox 302 1132 624 1203">
     <span class='ocr_line' id='line_1_19' title="bbox 302 1132 624 1203; baseline -0.006 -18"><span class='ocrx_word' id='word_1_100' title='bbox 302 1132 624 1203; x_wconf 77' lang='grc' dir='ltr'><strong>διαχέονται.</strong></span> 
     </span>
    </p>
   </div>
   <div class='ocr_carea' id='block_1_20' title="bbox 654 1119 2260 1203">
    <p class='ocr_par' dir='ltr' id='par_1_20' title="bbox 1979 1119 2260 1174">
     <span class='ocr_line' id='line_1_20' title="bbox 1979 1119 2260 1174; baseline 0 0"><span class='ocrx_word' id='word_1_101' title='bbox 1979 1119 2260 1174; x_wconf 80' lang='lat' dir='ltr'><strong>diﬁluunt.</strong></span> 
     </span>
    </p>
   </div>
   <div class='ocr_carea' id='block_1_21' title="bbox 369 1210 1975 1291">
    <p class='ocr_par' dir='ltr' id='par_1_21' title="bbox 369 1215 1871 1291">
     <span class='ocr_line' id='line_1_21' title="bbox 369 1215 1871 1291; baseline -0.006 -14"><span class='ocrx_word' id='word_1_102' title='bbox 369 1226 682 1291; x_wconf 82' lang='grc' dir='ltr'>Χρυσοστ.</span> <span class='ocrx_word' id='word_1_103' title='bbox 709 1245 779 1261; x_wconf 87' lang='lat'><strong>—</strong></span> <span class='ocrx_word' id='word_1_104' title='bbox 803 1220 866 1274; x_wconf 88' lang='grc' dir='ltr'>Εἰ</span> <span class='ocrx_word' id='word_1_105' title='bbox 892 1219 1070 1290; x_wconf 83' lang='grc' dir='ltr'>βούλει</span> <span class='ocrx_word' id='word_1_106' title='bbox 1093 1215 1261 1282; x_wconf 80' lang='grc' dir='ltr'>δεῖξαι</span> <span class='ocrx_word' id='word_1_107' title='bbox 1292 1215 1479 1286; x_wconf 82' lang='grc' dir='ltr'>σαφῶς</span> <span class='ocrx_word' id='word_1_108' title='bbox 1505 1217 1658 1287; x_wconf 82' lang='grc' dir='ltr'>ἡμῖν,</span> <span class='ocrx_word' id='word_1_109' title='bbox 1690 1217 1771 1269; x_wconf 83' lang='grc' dir='ltr'>ὅτι</span> <span class='ocrx_word' id='word_1_110' title='bbox 1808 1216 1871 1268; x_wconf 87' lang='grc' dir='ltr'><strong>ού</strong></span> 
     </span>
    </p>
   </div>
   <div class='ocr_carea' id='block_1_22' title="bbox 1941 1210 3547 1291">
    <p class='ocr_par' dir='ltr' id='par_1_22' title="bbox 2018 1210 3547 1283">
     <span class='ocr_line' id='line_1_22' title="bbox 2018 1210 3547 1283; baseline 0.003 -18"><span class='ocrx_word' id='word_1_111' title='bbox 2018 1252 2019 1255; x_wconf 58' lang='grc' dir='ltr'><strong>η</strong></span> <span class='ocrx_word' id='word_1_112' title='bbox 2048 1210 2235 1281; x_wconf 79' lang='lat' dir='ltr'><strong>Chrys.</strong></span> <span class='ocrx_word' id='word_1_113' title='bbox 2261 1242 2322 1252; x_wconf 89' lang='lat'><strong><em>—</em></strong></span> <span class='ocrx_word' id='word_1_114' title='bbox 2351 1210 2408 1266; x_wconf 93' lang='lat' dir='ltr'><strong>Si</strong></span> <span class='ocrx_word' id='word_1_115' title='bbox 2438 1212 2584 1267; x_wconf 90' lang='lat' dir='ltr'><strong>clare</strong></span> <span class='ocrx_word' id='word_1_116' title='bbox 2616 1214 2777 1271; x_wconf 86' lang='lat' dir='ltr'><strong>nobis</strong></span> <span class='ocrx_word' id='word_1_117' title='bbox 2801 1215 3035 1283; x_wconf 85' lang='lat' dir='ltr'><strong>probare</strong></span> <span class='ocrx_word' id='word_1_118' title='bbox 3060 1217 3164 1279; x_wconf 88' lang='lat' dir='ltr'><strong>vis,</strong></span> <span class='ocrx_word' id='word_1_119' title='bbox 3209 1223 3263 1269; x_wconf 85' lang='lat' dir='ltr'><strong>te</strong></span> <span class='ocrx_word' id='word_1_120' title='bbox 3292 1230 3400 1269; x_wconf 90' lang='lat' dir='ltr'><strong>non</strong></span> <span class='ocrx_word' id='word_1_121' title='bbox 3448 1213 3547 1270; x_wconf 81' lang='lat' dir='ltr'><strong>de-</strong></span> 
     </span>
    </p>
   </div>
   <div class='ocr_carea' id='block_1_23' title="bbox 304 1293 1910 1388">
    <p class='ocr_par' dir='ltr' id='par_1_23' title="bbox 304 1307 1867 1388">
     <span class='ocr_line' id='line_1_23' title="bbox 304 1307 1867 1388; baseline -0.005 -20"><span class='ocrx_word' id='word_1_122' title='bbox 304 1314 513 1388; x_wconf 83' lang='grc' dir='ltr'>χαίρεις</span> <span class='ocrx_word' id='word_1_123' title='bbox 545 1311 746 1384; x_wconf 84' lang='grc' dir='ltr'>αἰσχρά</span> <span class='ocrx_word' id='word_1_124' title='bbox 795 1311 1183 1381; x_wconf 81' lang='grc' dir='ltr'><strong>φθεγγόμενος,</strong></span> <span class='ocrx_word' id='word_1_125' title='bbox 1230 1308 1363 1380; x_wconf 80' lang='grc' dir='ltr'>μηδὲ</span> <span class='ocrx_word' id='word_1_126' title='bbox 1396 1307 1616 1363; x_wconf 83' lang='grc' dir='ltr'>ἀκούειν</span> <span class='ocrx_word' id='word_1_127' title='bbox 1651 1307 1867 1376; x_wconf 86' lang='grc' dir='ltr'>ἀνέχου.</span> 
     </span>
    </p>
   </div>
   <div class='ocr_carea' id='block_1_24' title="bbox 1941 1293 3547 1388">
    <p class='ocr_par' dir='ltr' id='par_1_24' title="bbox 1976 1293 3547 1373">
     <span class='ocr_line' id='line_1_24' title="bbox 1976 1293 3547 1373; baseline 0.002 -19"><span class='ocrx_word' id='word_1_128' title='bbox 1976 1300 2168 1355; x_wconf 86' lang='lat' dir='ltr'><strong>lectari</strong></span> <span class='ocrx_word' id='word_1_129' title='bbox 2187 1298 2354 1371; x_wconf 76' lang='lat'><strong>678</strong></span> <span class='ocrx_word' id='word_1_130' title='bbox 2377 1302 2718 1357; x_wconf 85' lang='lat' dir='ltr'><strong>obscenitate</strong></span> <span class='ocrx_word' id='word_1_131' title='bbox 2752 1303 3071 1367; x_wconf 88' lang='lat' dir='ltr'><strong>verborum,</strong></span> <span class='ocrx_word' id='word_1_132' title='bbox 3098 1320 3167 1358; x_wconf 89' lang='lat' dir='ltr'><strong>ne</strong></span> <span class='ocrx_word' id='word_1_133' title='bbox 3201 1293 3401 1357; x_wconf 26' lang='lat' dir='ltr'><strong>audire.</strong></span> <span class='ocrx_word' id='word_1_134' title='bbox 3422 1305 3547 1373; x_wconf 89' lang='lat' dir='ltr'><strong>qui-</strong></span> 
     </span>
    </p>
   </div>
   <div class='ocr_carea' id='block_1_25' title="bbox 301 1389 1907 1473">
    <p class='ocr_par' dir='ltr' id='par_1_25' title="bbox 301 1397 1871 1473">
     <span class='ocr_line' id='line_1_25' title="bbox 301 1397 1871 1473; baseline -0.005 -14"><span class='ocrx_word' id='word_1_135' title='bbox 301 1405 418 1461; x_wconf 85' lang='grc' dir='ltr'><strong>Νῦν</strong></span> <span class='ocrx_word' id='word_1_136' title='bbox 446 1404 504 1457; x_wconf 80' lang='grc' dir='ltr'>δὲ</span> <span class='ocrx_word' id='word_1_137' title='bbox 549 1403 680 1455; x_wconf 83' lang='grc' dir='ltr'>πότε</span> <span class='ocrx_word' id='word_1_138' title='bbox 729 1402 937 1473; x_wconf 80' lang='grc' dir='ltr'>δυνήσῃ</span> <span class='ocrx_word' id='word_1_139' title='bbox 977 1401 1105 1463; x_wconf 77' lang='grc' dir='ltr'>τοὺς</span> <span class='ocrx_word' id='word_1_140' title='bbox 1164 1400 1301 1473; x_wconf 80' lang='grc' dir='ltr'>ὑπὲρ</span> <span class='ocrx_word' id='word_1_141' title='bbox 1364 1401 1467 1469; x_wconf 83' lang='grc' dir='ltr'>τῆς</span> <span class='ocrx_word' id='word_1_142' title='bbox 1516 1397 1871 1470; x_wconf 82' lang='grc' dir='ltr'>σωφροσύνης</span> 
     </span>
    </p>
   </div>
   <div class='ocr_carea' id='block_1_26' title="bbox 1938 1389 3544 1473">
    <p class='ocr_par' dir='ltr' id='par_1_26' title="bbox 1978 1389 3544 1460">
     <span class='ocr_line' id='line_1_26' title="bbox 1978 1389 3544 1460; baseline 0 -14"><span class='ocrx_word' id='word_1_143' title='bbox 1978 1391 2103 1446; x_wconf 90' lang='lat' dir='ltr'><strong>dem</strong></span> <span class='ocrx_word' id='word_1_144' title='bbox 2132 1392 2431 1446; x_wconf 84' lang='lat' dir='ltr'><strong>sustineas.</strong></span> <span class='ocrx_word' id='word_1_145' title='bbox 2463 1389 2621 1444; x_wconf 88' lang='lat' dir='ltr'><strong>Nunc</strong></span> <span class='ocrx_word' id='word_1_146' title='bbox 2652 1406 2784 1445; x_wconf 88' lang='lat' dir='ltr'><strong>vero</strong></span> <span class='ocrx_word' id='word_1_147' title='bbox 2810 1392 3031 1460; x_wconf 86' lang='lat' dir='ltr'><strong>quando</strong></span> <span class='ocrx_word' id='word_1_148' title='bbox 3069 1393 3290 1446; x_wconf 83' lang='lat' dir='ltr'><strong>labores</strong></span> <span class='ocrx_word' id='word_1_149' title='bbox 3315 1394 3544 1446; x_wconf 86' lang='lat' dir='ltr'><strong>castita-</strong></span> 
     </span>
    </p>
   </div>
   <div class='ocr_carea' id='block_1_27' title="bbox 307 1481 1913 1568">
    <p class='ocr_par' dir='ltr' id='par_1_27' title="bbox 307 1488 1870 1568">
     <span class='ocr_line' id='line_1_27' title="bbox 307 1488 1870 1568; baseline -0.005 -18"><span class='ocrx_word' id='word_1_150' title='bbox 307 1494 539 1568; x_wconf 81' lang='grc' dir='ltr'>ιδρῶτας</span> <span class='ocrx_word' id='word_1_151' title='bbox 579 1494 844 1561; x_wconf 69' lang='grc' dir='ltr'>ἐνεγκεῖν,</span> <span class='ocrx_word' id='word_1_152' title='bbox 874 1488 1016 1545; x_wconf 85' lang='grc' dir='ltr'><strong>κατά</strong></span> <span class='ocrx_word' id='word_1_153' title='bbox 1071 1491 1268 1561; x_wconf 79' lang='grc' dir='ltr'>μικρὸν</span> <span class='ocrx_word' id='word_1_154' title='bbox 1317 1490 1601 1561; x_wconf 74' lang='grc' dir='ltr'>ὑπορρέων</span> <span class='ocrx_word' id='word_1_155' title='bbox 1639 1490 1743 1544; x_wconf 81' lang='grc' dir='ltr'>ὑπὸ</span> <span class='ocrx_word' id='word_1_156' title='bbox 1774 1489 1870 1543; x_wconf 85' lang='grc' dir='ltr'>τοῦ</span> 
     </span>
    </p>
   </div>
   <div class='ocr_carea' id='block_1_28' title="bbox 1940 1481 3546 1568">
    <p class='ocr_par' dir='ltr' id='par_1_28' title="bbox 1978 1481 3546 1551">
     <span class='ocr_line' id='line_1_28' title="bbox 1978 1481 3546 1551; baseline 0.001 -16"><span class='ocrx_word' id='word_1_157' title='bbox 1978 1483 2051 1537; x_wconf 90' lang='lat' dir='ltr'><strong>tis</strong></span> <span class='ocrx_word' id='word_1_158' title='bbox 2074 1497 2241 1537; x_wconf 84' lang='lat' dir='ltr'><strong>causa</strong></span> <span class='ocrx_word' id='word_1_159' title='bbox 2293 1481 2650 1539; x_wconf 86' lang='lat' dir='ltr'><strong>desudandos</strong></span> <span class='ocrx_word' id='word_1_160' title='bbox 2694 1482 2847 1537; x_wconf 80' lang='lat' dir='ltr'><strong>ferre</strong></span> <span class='ocrx_word' id='word_1_161' title='bbox 2895 1483 3128 1551; x_wconf 90' lang='lat' dir='ltr'><strong>poteris,</strong></span> <span class='ocrx_word' id='word_1_162' title='bbox 3166 1483 3262 1551; x_wconf 85' lang='lat' dir='ltr'><strong>qui</strong></span> <span class='ocrx_word' id='word_1_163' title='bbox 3309 1483 3546 1536; x_wconf 84' lang='lat' dir='ltr'><strong>subindo</strong></span> 
     </span>
    </p>
   </div>
   <div class='ocr_carea' id='block_1_29' title="bbox 303 1571 1909 1656">
    <p class='ocr_par' dir='ltr' id='par_1_29' title="bbox 303 1580 1871 1656">
     <span class='ocr_line' id='line_1_29' title="bbox 303 1580 1871 1656; baseline -0.003 -17"><span class='ocrx_word' id='word_1_164' title='bbox 303 1587 562 1656; x_wconf 81' lang='grc' dir='ltr'><strong>γέλωτος,</strong></span> <span class='ocrx_word' id='word_1_165' title='bbox 624 1584 719 1637; x_wconf 80' lang='grc' dir='ltr'>καὶ</span> <span class='ocrx_word' id='word_1_166' title='bbox 766 1582 874 1636; x_wconf 86' lang='grc' dir='ltr'>τῶν</span> <span class='ocrx_word' id='word_1_167' title='bbox 922 1580 1163 1652; x_wconf 76' lang='grc' dir='ltr'><strong>αἰσχρῶν</strong></span> <span class='ocrx_word' id='word_1_168' title='bbox 1189 1580 1394 1635; x_wconf 89' lang='grc' dir='ltr'>τούτων</span> <span class='ocrx_word' id='word_1_169' title='bbox 1429 1582 1723 1652; x_wconf 84' lang='grc' dir='ltr'>ρημάτων;</span> <span class='ocrx_word' id='word_1_170' title='bbox 1775 1583 1871 1635; x_wconf 76' lang='grc' dir='ltr'>καὶ</span> 
     </span>
    </p>
   </div>
   <div class='ocr_carea' id='block_1_30' title="bbox 1936 1571 3542 1656">
    <p class='ocr_par' dir='ltr' id='par_1_30' title="bbox 1977 1571 3542 1643">
     <span class='ocr_line' id='line_1_30' title="bbox 1977 1571 3542 1643; baseline 0 -17"><span class='ocrx_word' id='word_1_171' title='bbox 1977 1572 2096 1628; x_wconf 89' lang='lat' dir='ltr'><strong>risu</strong></span> <span class='ocrx_word' id='word_1_172' title='bbox 2127 1572 2426 1642; x_wconf 85' lang='lat' dir='ltr'><strong>verbisque</strong></span> <span class='ocrx_word' id='word_1_173' title='bbox 2455 1571 2796 1643; x_wconf 79' lang='lat' dir='ltr'><strong>eiuscemodi</strong></span> <span class='ocrx_word' id='word_1_174' title='bbox 2839 1571 3095 1626; x_wconf 85' lang='lat' dir='ltr'><strong>obscenis</strong></span> <span class='ocrx_word' id='word_1_175' title='bbox 3116 1571 3365 1627; x_wconf 83' lang='lat' dir='ltr'><strong>diﬂluas?</strong></span> <span class='ocrx_word' id='word_1_176' title='bbox 3396 1571 3542 1626; x_wconf 84' lang='lat' dir='ltr'><strong>Bono</strong></span> 
     </span>
    </p>
   </div>
   <div class='ocr_carea' id='block_1_31' title="bbox 304 1663 1910 1744">
    <p class='ocr_par' dir='ltr' id='par_1_31' title="bbox 304 1670 1869 1744">
     <span class='ocr_line' id='line_1_31' title="bbox 304 1670 1869 1744; baseline -0.003 -13"><span class='ocrx_word' id='word_1_177' title='bbox 304 1674 608 1744; x_wconf 84' lang='grc' dir='ltr'>ἀγαπητὸν,</span> <span class='ocrx_word' id='word_1_178' title='bbox 665 1674 921 1728; x_wconf 84' lang='grc' dir='ltr'>ἁπάντων</span> <span class='ocrx_word' id='word_1_179' title='bbox 968 1673 1175 1726; x_wconf 78' lang='grc' dir='ltr'>τούτων</span> <span class='ocrx_word' id='word_1_180' title='bbox 1225 1670 1643 1739; x_wconf 88' lang='grc' dir='ltr'>καθαρεύουσαν</span> <span class='ocrx_word' id='word_1_181' title='bbox 1690 1672 1869 1744; x_wconf 78' lang='grc' dir='ltr'>ψυχήν</span> 
     </span>
    </p>
   </div>
   <div class='ocr_carea' id='block_1_32' title="bbox 1941 1663 3547 1744">
    <p class='ocr_par' dir='ltr' id='par_1_32' title="bbox 1975 1663 3547 1734">
     <span class='ocr_line' id='line_1_32' title="bbox 1975 1663 3547 1734; baseline 0 -16"><span class='ocrx_word' id='word_1_182' title='bbox 1975 1679 2219 1733; x_wconf 85' lang='lat' dir='ltr'><strong>namque</strong></span> <span class='ocrx_word' id='word_1_183' title='bbox 2274 1672 2469 1734; x_wconf 77' lang='lat' dir='ltr'><strong>agatur</strong></span> <span class='ocrx_word' id='word_1_184' title='bbox 2500 1679 2872 1734; x_wconf 83' lang='lat' dir='ltr'><strong>magnumque</strong></span> <span class='ocrx_word' id='word_1_185' title='bbox 2903 1664 2998 1727; x_wconf 90' lang='lat' dir='ltr'><strong>sit,</strong></span> <span class='ocrx_word' id='word_1_186' title='bbox 3026 1670 3089 1717; x_wconf 89' lang='lat' dir='ltr'><strong>ut</strong></span> <span class='ocrx_word' id='word_1_187' title='bbox 3141 1663 3229 1718; x_wconf 86' lang='lat' dir='ltr'><strong>his</strong></span> <span class='ocrx_word' id='word_1_188' title='bbox 3286 1663 3547 1718; x_wconf 90' lang='lat' dir='ltr'><strong>omnibus</strong></span> 
     </span>
    </p>
   </div>
   <div class='ocr_carea' id='block_1_33' title="bbox 303 1753 1909 1834">
    <p class='ocr_par' dir='ltr' id='par_1_33' title="bbox 303 1755 1909 1834">
     <span class='ocr_line' id='line_1_33' title="bbox 303 1755 1909 1834; baseline -0.006 -15"><span class='ocrx_word' id='word_1_189' title='bbox 303 1764 596 1834; x_wconf 81' lang='grc' dir='ltr'>δυνηθῆναι</span> <span class='ocrx_word' id='word_1_190' title='bbox 624 1761 878 1831; x_wconf 84' lang='grc' dir='ltr'>γενέσθαι</span> <span class='ocrx_word' id='word_1_191' title='bbox 902 1761 1104 1832; x_wconf 86' lang='grc' dir='ltr'>σεμνὴν</span> <span class='ocrx_word' id='word_1_192' title='bbox 1127 1760 1222 1814; x_wconf 73' lang='grc' dir='ltr'>καὶ</span> <span class='ocrx_word' id='word_1_193' title='bbox 1255 1760 1529 1830; x_wconf 84' lang='grc' dir='ltr'>σώφρονα.</span> <span class='ocrx_word' id='word_1_194' title='bbox 1900 1755 1909 1809; x_wconf 88' lang='grc'>]</span> 
     </span>
    </p>
   </div>
   <div class='ocr_carea' id='block_1_34' title="bbox 1877 1753 3483 1834">
    <p class='ocr_par' dir='ltr' id='par_1_34' title="bbox 1900 1753 3483 1824">
     <span class='ocr_line' id='line_1_34' title="bbox 1900 1753 3483 1824; baseline -0.001 -15"><span class='ocrx_word' id='word_1_195' title='bbox 1900 1754 1945 1809; x_wconf 90' lang='grc' dir='ltr'><strong>Β</strong></span> <span class='ocrx_word' id='word_1_196' title='bbox 1973 1754 2218 1809; x_wconf 91' lang='lat' dir='ltr'><strong>mundus</strong></span> <span class='ocrx_word' id='word_1_197' title='bbox 2241 1754 2483 1818; x_wconf 89' lang='lat' dir='ltr'><strong>animus,</strong></span> <span class='ocrx_word' id='word_1_198' title='bbox 2510 1754 2783 1809; x_wconf 84' lang='lat' dir='ltr'><strong>honestus</strong></span> <span class='ocrx_word' id='word_1_199' title='bbox 2807 1769 2872 1808; x_wconf 89' lang='lat' dir='ltr'><strong>ac</strong></span> <span class='ocrx_word' id='word_1_200' title='bbox 2900 1763 3088 1808; x_wconf 88' lang='lat' dir='ltr'><strong>castus</strong></span> <span class='ocrx_word' id='word_1_201' title='bbox 3120 1753 3258 1809; x_wconf 84' lang='lat' dir='ltr'><strong>ellici</strong></span> <span class='ocrx_word' id='word_1_202' title='bbox 3292 1753 3483 1824; x_wconf 89' lang='lat' dir='ltr'><strong>possit.</strong></span> 
     </span>
    </p>
   </div>
   <div class='ocr_carea' id='block_1_35' title="bbox 374 1844 1980 1923">
    <p class='ocr_par' dir='ltr' id='par_1_35' title="bbox 374 1847 1870 1923">
     <span class='ocr_line' id='line_1_35' title="bbox 374 1847 1870 1923; baseline -0.003 -15"><span class='ocrx_word' id='word_1_203' title='bbox 374 1854 447 1909; x_wconf 82' lang='grc' dir='ltr'><strong>Οὐ</strong></span> <span class='ocrx_word' id='word_1_204' title='bbox 487 1853 568 1906; x_wconf 85' lang='grc' dir='ltr'>δεῖ</span> <span class='ocrx_word' id='word_1_205' title='bbox 614 1852 956 1923; x_wconf 84' lang='grc' dir='ltr'>φιλογέλωτα</span> <span class='ocrx_word' id='word_1_206' title='bbox 1011 1847 1172 1904; x_wconf 77' lang='grc' dir='ltr'>εἶναι.</span> <span class='ocrx_word' id='word_1_207' title='bbox 1213 1849 1407 1920; x_wconf 76' lang='grc' dir='ltr'>Σχεδὸν</span> <span class='ocrx_word' id='word_1_208' title='bbox 1456 1849 1564 1920; x_wconf 85' lang='grc' dir='ltr'>γὰρ</span> <span class='ocrx_word' id='word_1_209' title='bbox 1611 1850 1738 1903; x_wconf 84' lang='grc' dir='ltr'>ὅταν</span> <span class='ocrx_word' id='word_1_210' title='bbox 1787 1868 1870 1915; x_wconf 90' lang='grc' dir='ltr'><strong>τις</strong></span> 
     </span>
    </p>
   </div>
   <div class='ocr_carea' id='block_1_36' title="bbox 1943 1844 3549 1923">
    <p class='ocr_par' dir='ltr' id='par_1_36' title="bbox 2042 1844 3549 1915">
     <span class='ocr_line' id='line_1_36' title="bbox 2042 1844 3549 1915; baseline -0.001 -15"><span class='ocrx_word' id='word_1_211' title='bbox 2042 1845 2365 1900; x_wconf 86' lang='lat' dir='ltr'><strong>Cavendum</strong></span> <span class='ocrx_word' id='word_1_212' title='bbox 2392 1861 2461 1900; x_wconf 92' lang='lat' dir='ltr'><strong>ne</strong></span> <span class='ocrx_word' id='word_1_213' title='bbox 2492 1845 2643 1900; x_wconf 87' lang='lat' dir='ltr'><strong>risus</strong></span> <span class='ocrx_word' id='word_1_214' title='bbox 2670 1852 2920 1900; x_wconf 83' lang='lat' dir='ltr'><strong>amantes</strong></span> <span class='ocrx_word' id='word_1_215' title='bbox 2948 1845 3151 1913; x_wconf 86' lang='lat' dir='ltr'><strong>illoque</strong></span> <span class='ocrx_word' id='word_1_216' title='bbox 3176 1844 3549 1915; x_wconf 79' lang='lat' dir='ltr'><strong>indulgentio-</strong></span> 
     </span>
    </p>
   </div>
   <div class='ocr_carea' id='block_1_37' title="bbox 305 1926 1911 2013">
    <p class='ocr_par' dir='ltr' id='par_1_37' title="bbox 305 1926 1867 2013">
     <span class='ocr_line' id='line_1_37' title="bbox 305 1926 1867 2013; baseline -0.003 -16"><span class='ocrx_word' id='word_1_217' title='bbox 305 1943 626 2013; x_wconf 70' lang='grc' dir='ltr'>ἔφηδυνθείη</span> <span class='ocrx_word' id='word_1_218' title='bbox 656 1941 734 2013; x_wconf 85' lang='grc' dir='ltr'>τῷ</span> <span class='ocrx_word' id='word_1_219' title='bbox 769 1941 951 2012; x_wconf 84' lang='grc' dir='ltr'>πολλῷ</span> <span class='ocrx_word' id='word_1_220' title='bbox 974 1940 1215 2012; x_wconf 31' lang='grc' dir='ltr'>ξγνέλωτι,</span> <span class='ocrx_word' id='word_1_221' title='bbox 1262 1938 1488 2011; x_wconf 83' lang='grc' dir='ltr'>ἰσχυρὰν</span> <span class='ocrx_word' id='word_1_222' title='bbox 1510 1926 1608 1992; x_wconf 68' lang='grc' dir='ltr'>καῖ</span> <span class='ocrx_word' id='word_1_223' title='bbox 1635 1938 1867 2008; x_wconf 76' lang='grc' dir='ltr'>μεταδο-</span> 
     </span>
    </p>
   </div>
   <div class='ocr_carea' id='block_1_38' title="bbox 1942 1926 3548 2013">
    <p class='ocr_par' dir='ltr' id='par_1_38' title="bbox 1976 1935 3548 2004">
     <span class='ocr_line' id='line_1_38' title="bbox 1976 1935 3548 2004; baseline 0 -14"><span class='ocrx_word' id='word_1_224' title='bbox 1976 1951 2067 1991; x_wconf 89' lang='lat' dir='ltr'><strong>res</strong></span> <span class='ocrx_word' id='word_1_225' title='bbox 2097 1936 2292 1989; x_wconf 91' lang='lat' dir='ltr'><strong>simus.</strong></span> <span class='ocrx_word' id='word_1_226' title='bbox 2325 1935 2418 1989; x_wconf 90' lang='lat' dir='ltr'><strong>Sic</strong></span> <span class='ocrx_word' id='word_1_227' title='bbox 2453 1936 2602 1989; x_wconf 88' lang='lat' dir='ltr'><strong>enim</strong></span> <span class='ocrx_word' id='word_1_228' title='bbox 2630 1935 2747 1989; x_wconf 83' lang='lat' dir='ltr'><strong>fere</strong></span> <span class='ocrx_word' id='word_1_229' title='bbox 2788 1943 3185 2003; x_wconf 87' lang='lat' dir='ltr'><strong>comparatum,</strong></span> <span class='ocrx_word' id='word_1_230' title='bbox 3236 1942 3298 1988; x_wconf 92' lang='lat' dir='ltr'><strong>ut</strong></span> <span class='ocrx_word' id='word_1_231' title='bbox 3326 1936 3421 2004; x_wconf 90' lang='lat' dir='ltr'><strong>qui</strong></span> <span class='ocrx_word' id='word_1_232' title='bbox 3454 1951 3548 1990; x_wconf 85' lang='lat' dir='ltr'><strong>vc-</strong></span> 
     </span>
    </p>
   </div>
   <div class='ocr_carea' id='block_1_39' title="bbox 309 2023 1915 2105">
    <p class='ocr_par' dir='ltr' id='par_1_39' title="bbox 309 2031 819 2105">
     <span class='ocr_line' id='line_1_39' title="bbox 309 2031 819 2105; baseline 0.002 -19"><span class='ocrx_word' id='word_1_233' title='bbox 309 2034 407 2105; x_wconf 81' lang='grc' dir='ltr'><strong>λὴν</strong></span> <span class='ocrx_word' id='word_1_234' title='bbox 433 2033 524 2086; x_wconf 80' lang='grc' dir='ltr'>τὸν</span> <span class='ocrx_word' id='word_1_235' title='bbox 558 2031 819 2087; x_wconf 83' lang='grc' dir='ltr'>τοιοῦτον.</span> 
     </span>
    </p>
   </div>
   <div class='ocr_carea' id='block_1_40' title="bbox 1951 2023 3557 2105">
    <p class='ocr_par' dir='ltr' id='par_1_40' title="bbox 1970 2023 3557 2095">
     <span class='ocr_line' id='line_1_40' title="bbox 1970 2023 3557 2095; baseline 0 -16"><span class='ocrx_word' id='word_1_236' title='bbox 1970 2024 2312 2094; x_wconf 88' lang='lat' dir='ltr'><strong>bementiori</strong></span> <span class='ocrx_word' id='word_1_237' title='bbox 2342 2026 2457 2078; x_wconf 88' lang='lat' dir='ltr'><strong>risu</strong></span> <span class='ocrx_word' id='word_1_238' title='bbox 2503 2024 2839 2090; x_wconf 78' lang='lat' dir='ltr'><strong>delectatur,</strong></span> <span class='ocrx_word' id='word_1_239' title='bbox 2887 2023 3293 2079; x_wconf 83' lang='lat' dir='ltr'><strong>vehementiori</strong></span> <span class='ocrx_word' id='word_1_240' title='bbox 3327 2039 3557 2095; x_wconf 37' lang='lat' dir='ltr'><strong>quoque.</strong></span> 
     </span>
    </p>
   </div>
   <div class='ocr_carea' id='block_1_41' title="bbox 1972 2115 2890 2173">
    <p class='ocr_par' dir='ltr' id='par_1_41' title="bbox 1972 2115 2890 2173">
     <span class='ocr_line' id='line_1_41' title="bbox 1972 2115 2890 2173; baseline -0.002 -2"><span class='ocrx_word' id='word_1_241' title='bbox 1972 2116 2246 2173; x_wconf 84' lang='lat' dir='ltr'><strong>obnoxius</strong></span> <span class='ocrx_word' id='word_1_242' title='bbox 2282 2115 2577 2171; x_wconf 90' lang='lat' dir='ltr'><strong>mutationi</strong></span> <span class='ocrx_word' id='word_1_243' title='bbox 2602 2116 2890 2170; x_wconf 85' lang='lat' dir='ltr'><strong>reddatur.</strong></span> 
     </span>
    </p>
   </div>
   <div class='ocr_carea' id='block_1_42' title="bbox 387 2200 1993 2278">
    <p class='ocr_par' dir='ltr' id='par_1_42' title="bbox 387 2200 1872 2275">
     <span class='ocr_line' id='line_1_42' title="bbox 387 2200 1872 2275; baseline -0.007 -9"><span class='ocrx_word' id='word_1_244' title='bbox 387 2211 490 2267; x_wconf 80' lang='grc' dir='ltr'>Ἐκ</span> <span class='ocrx_word' id='word_1_245' title='bbox 536 2206 656 2265; x_wconf 81' lang='grc' dir='ltr'><strong>τῶν</strong></span> <span class='ocrx_word' id='word_1_246' title='bbox 692 2209 1069 2275; x_wconf 76' lang='grc' dir='ltr'><strong>Ἐπικτήτου.</strong></span> <span class='ocrx_word' id='word_1_247' title='bbox 1099 2234 1164 2249; x_wconf 89' lang='grc'><strong>-</strong></span> <span class='ocrx_word' id='word_1_248' title='bbox 1204 2204 1288 2260; x_wconf 81' lang='grc' dir='ltr'><strong>Τὰ</strong></span> <span class='ocrx_word' id='word_1_249' title='bbox 1328 2204 1498 2258; x_wconf 81' lang='grc' dir='ltr'>πολλὰ</span> <span class='ocrx_word' id='word_1_250' title='bbox 1521 2203 1577 2257; x_wconf 81' lang='grc' dir='ltr'>δὲ</span> <span class='ocrx_word' id='word_1_251' title='bbox 1602 2201 1664 2255; x_wconf 81' lang='grc' dir='ltr'><strong>τὸ</strong></span> <span class='ocrx_word' id='word_1_252' title='bbox 1706 2200 1872 2272; x_wconf 82' lang='grc' dir='ltr'>γελᾷν</span> 
     </span>
    </p>
   </div>
   <div class='ocr_carea' id='block_1_43' title="bbox 1938 2200 3544 2278">
    <p class='ocr_par' dir='ltr' id='par_1_43' title="bbox 2041 2205 3544 2278">
     <span class='ocr_line' id='line_1_43' title="bbox 2041 2205 3544 2278; baseline -0.001 -17"><span class='ocrx_word' id='word_1_253' title='bbox 2041 2207 2127 2261; x_wconf 76' lang='lat' dir='ltr'><strong>Ex</strong></span> <span class='ocrx_word' id='word_1_254' title='bbox 2150 2208 2377 2278; x_wconf 81' lang='lat' dir='ltr'><strong>Epictet.</strong></span> <span class='ocrx_word' id='word_1_255' title='bbox 2404 2206 3105 2276; x_wconf 74' lang='lat' dir='ltr'><strong>sententiis.—Plerumque</strong></span> <span class='ocrx_word' id='word_1_256' title='bbox 3132 2205 3365 2261; x_wconf 82' lang='lat' dir='ltr'><strong>facessat</strong></span> <span class='ocrx_word' id='word_1_257' title='bbox 3382 2207 3544 2271; x_wconf 87' lang='lat' dir='ltr'><strong>risus,</strong></span> 
     </span>
    </p>
   </div>
   <div class='ocr_carea' id='block_1_44' title="bbox 305 2291 1911 2367">
    <p class='ocr_par' dir='ltr' id='par_1_44' title="bbox 305 2291 1873 2367">
     <span class='ocr_line' id='line_1_44' title="bbox 305 2291 1873 2367; baseline -0.008 -11"><span class='ocrx_word' id='word_1_258' title='bbox 305 2300 527 2356; x_wconf 84' lang='grc' dir='ltr'>ἀπέστω</span> <span class='ocrx_word' id='word_1_259' title='bbox 579 2299 676 2352; x_wconf 61' lang='grc' dir='ltr'><strong>καλ⁵</strong></span> <span class='ocrx_word' id='word_1_260' title='bbox 718 2298 781 2352; x_wconf 81' lang='grc' dir='ltr'><strong>τὸ</strong></span> <span class='ocrx_word' id='word_1_261' title='bbox 825 2298 1036 2367; x_wconf 89' lang='grc' dir='ltr'>γέλωτα</span> <span class='ocrx_word' id='word_1_262' title='bbox 1086 2298 1276 2351; x_wconf 84' lang='grc' dir='ltr'><strong>κινεῖν.</strong></span> <span class='ocrx_word' id='word_1_263' title='bbox 1318 2293 1632 2364; x_wconf 81' lang='grc' dir='ltr'>Ὀλισθηρὸς</span> <span class='ocrx_word' id='word_1_264' title='bbox 1700 2291 1808 2364; x_wconf 82' lang='grc' dir='ltr'>γὰρ</span> <span class='ocrx_word' id='word_1_265' title='bbox 1844 2292 1873 2344; x_wconf 99' lang='lat'><strong>6</strong></span> 
     </span>
    </p>
   </div>
   <div class='ocr_carea' id='block_1_45' title="bbox 1943 2291 3549 2367">
    <p class='ocr_par' dir='ltr' id='par_1_45' title="bbox 1971 2293 3549 2349">
     <span class='ocr_line' id='line_1_45' title="bbox 1971 2293 3549 2349; baseline 0.001 -2"><span class='ocrx_word' id='word_1_266' title='bbox 1971 2308 2077 2349; x_wconf 91' lang='lat' dir='ltr'><strong>nec</strong></span> <span class='ocrx_word' id='word_1_267' title='bbox 2103 2294 2261 2349; x_wconf 86' lang='lat' dir='ltr'><strong>facile</strong></span> <span class='ocrx_word' id='word_1_268' title='bbox 2291 2294 2465 2348; x_wconf 89' lang='lat' dir='ltr'><strong>risum</strong></span> <span class='ocrx_word' id='word_1_269' title='bbox 2496 2307 2720 2348; x_wconf 87' lang='lat' dir='ltr'><strong>movere</strong></span> <span class='ocrx_word' id='word_1_270' title='bbox 2763 2294 2923 2348; x_wconf 86' lang='lat' dir='ltr'><strong>velis.</strong></span> <span class='ocrx_word' id='word_1_271' title='bbox 2977 2293 3076 2347; x_wconf 87' lang='lat' dir='ltr'><strong>Est</strong></span> <span class='ocrx_word' id='word_1_272' title='bbox 3124 2294 3270 2347; x_wconf 90' lang='lat' dir='ltr'><strong>enim</strong></span> <span class='ocrx_word' id='word_1_273' title='bbox 3296 2294 3549 2348; x_wconf 81' lang='lat' dir='ltr'><strong>lubricus</strong></span> 
     </span>
    </p>
   </div>
   <div class='ocr_carea' id='block_1_46' title="bbox 304 2383 1910 2458">
    <p class='ocr_par' dir='ltr' id='par_1_46' title="bbox 304 2387 959 2458">
     <span class='ocr_line' id='line_1_46' title="bbox 304 2387 959 2458; baseline -0.003 -14"><span class='ocrx_word' id='word_1_274' title='bbox 304 2391 468 2452; x_wconf 82' lang='grc' dir='ltr'>τόπος</span> <span class='ocrx_word' id='word_1_275' title='bbox 510 2391 591 2452; x_wconf 86' lang='grc' dir='ltr'><strong>εἰς</strong></span> <span class='ocrx_word' id='word_1_276' title='bbox 629 2387 959 2458; x_wconf 77' lang='grc' dir='ltr'>ἰδιωτισμόν.</span> 
     </span>
    </p>
   </div>
   <div class='ocr_carea' id='block_1_47' title="bbox 1833 2383 3439 2458">
    <p class='ocr_par' dir='ltr' id='par_1_47' title="bbox 1972 2383 3439 2455">
     <span class='ocr_line' id='line_1_47' title="bbox 1972 2383 3439 2455; baseline -0.001 -16"><span class='ocrx_word' id='word_1_277' title='bbox 1972 2384 2154 2449; x_wconf 88' lang='lat' dir='ltr'><strong>locus,</strong></span> <span class='ocrx_word' id='word_1_278' title='bbox 2187 2393 2250 2438; x_wconf 90' lang='lat' dir='ltr'><strong>ut</strong></span> <span class='ocrx_word' id='word_1_279' title='bbox 2275 2385 2344 2438; x_wconf 88' lang='lat' dir='ltr'><strong>ad</strong></span> <span class='ocrx_word' id='word_1_280' title='bbox 2372 2386 2629 2455; x_wconf 80' lang='lat' dir='ltr'><strong>vulgares</strong></span> <span class='ocrx_word' id='word_1_281' title='bbox 2660 2384 2898 2452; x_wconf 89' lang='lat' dir='ltr'><strong>ineptias</strong></span> <span class='ocrx_word' id='word_1_282' title='bbox 2921 2383 3142 2437; x_wconf 89' lang='lat' dir='ltr'><strong>animus</strong></span> <span class='ocrx_word' id='word_1_283' title='bbox 3171 2391 3439 2438; x_wconf 86' lang='lat' dir='ltr'><strong>vertatur.</strong></span> 
     </span>
    </p>
   </div>
   <div class='ocr_carea' id='block_1_48' title="bbox 390 2467 1996 2548">
    <p class='ocr_par' dir='ltr' id='par_1_48' title="bbox 390 2467 1872 2548">
     <span class='ocr_line' id='line_1_48' title="bbox 390 2467 1872 2548; baseline -0.009 -15"><span class='ocrx_word' id='word_1_284' title='bbox 390 2476 451 2533; x_wconf 83' lang='lat'><strong>&#39;0</strong></span> <span class='ocrx_word' id='word_1_285' title='bbox 473 2478 644 2547; x_wconf 84' lang='grc' dir='ltr'>γέλως</span> <span class='ocrx_word' id='word_1_286' title='bbox 694 2478 767 2548; x_wconf 80' lang='grc' dir='ltr'><strong>μὴ</strong></span> <span class='ocrx_word' id='word_1_287' title='bbox 797 2477 965 2540; x_wconf 79' lang='grc' dir='ltr'>πολὺς</span> <span class='ocrx_word' id='word_1_288' title='bbox 1003 2476 1162 2539; x_wconf 72' lang='grc' dir='ltr'>ἔστω,</span> <span class='ocrx_word' id='word_1_289' title='bbox 1195 2473 1331 2545; x_wconf 76' lang='grc' dir='ltr'>μηδὲ</span> <span class='ocrx_word' id='word_1_290' title='bbox 1366 2472 1458 2527; x_wconf 75' lang='grc' dir='ltr'>ἐπὶ</span> <span class='ocrx_word' id='word_1_291' title='bbox 1485 2471 1720 2535; x_wconf 84' lang='grc' dir='ltr'>πολλοῖς.</span> <span class='ocrx_word' id='word_1_292' title='bbox 1751 2467 1872 2523; x_wconf 85' lang='grc' dir='ltr'>Δεί-</span> 
     </span>
    </p>
   </div>
   <div class='ocr_carea' id='block_1_49' title="bbox 1939 2467 3545 2548">
    <p class='ocr_par' dir='ltr' id='par_1_49' title="bbox 2043 2474 3545 2544">
     <span class='ocr_line' id='line_1_49' title="bbox 2043 2474 3545 2544; baseline -0.001 -15"><span class='ocrx_word' id='word_1_293' title='bbox 2043 2474 2179 2529; x_wconf 81' lang='lat' dir='ltr'><strong>Risu</strong></span> <span class='ocrx_word' id='word_1_294' title='bbox 2203 2475 2515 2543; x_wconf 83' lang='lat' dir='ltr'><strong>profusiore</strong></span> <span class='ocrx_word' id='word_1_295' title='bbox 2539 2490 2608 2529; x_wconf 89' lang='lat' dir='ltr'><strong>ne</strong></span> <span class='ocrx_word' id='word_1_296' title='bbox 2640 2475 2834 2538; x_wconf 87' lang='lat' dir='ltr'><strong>utitor,</strong></span> <span class='ocrx_word' id='word_1_297' title='bbox 2860 2489 2965 2528; x_wconf 89' lang='lat' dir='ltr'><strong>nec</strong></span> <span class='ocrx_word' id='word_1_298' title='bbox 2990 2475 3307 2544; x_wconf 84' lang='lat' dir='ltr'><strong>promiscuo</strong></span> <span class='ocrx_word' id='word_1_299' title='bbox 3337 2479 3402 2529; x_wconf 86' lang='lat' dir='ltr'><strong>a&#39;c</strong></span> <span class='ocrx_word' id='word_1_300' title='bbox 3422 2490 3545 2529; x_wconf 86' lang='lat' dir='ltr'><strong>cum</strong></span> 
     </span>
    </p>
   </div>
   <div class='ocr_carea' id='block_1_50' title="bbox 305 2560 1911 2637">
    <p class='ocr_par' dir='ltr' id='par_1_50' title="bbox 305 2560 1875 2637">
     <span class='ocr_line' id='line_1_50' title="bbox 305 2560 1875 2637; baseline -0.005 -14"><span class='ocrx_word' id='word_1_301' title='bbox 305 2586 463 2637; x_wconf 85' lang='grc' dir='ltr'>πνοις</span> <span class='ocrx_word' id='word_1_302' title='bbox 489 2571 609 2632; x_wconf 79' lang='grc' dir='ltr'>τοῖς</span> <span class='ocrx_word' id='word_1_303' title='bbox 634 2568 743 2637; x_wconf 65' lang='grc' dir='ltr'>ἔξω</span> <span class='ocrx_word' id='word_1_304' title='bbox 773 2569 866 2621; x_wconf 79' lang='grc' dir='ltr'><strong>καί</strong></span> <span class='ocrx_word' id='word_1_305' title='bbox 895 2568 1186 2629; x_wconf 79' lang='grc' dir='ltr'>ἰδιωτικοῖς</span> <span class='ocrx_word' id='word_1_306' title='bbox 1213 2567 1274 2619; x_wconf 82' lang='grc' dir='ltr'><strong>τὸ</strong></span> <span class='ocrx_word' id='word_1_307' title='bbox 1308 2566 1440 2618; x_wconf 83' lang='grc' dir='ltr'>πολὺ</span> <span class='ocrx_word' id='word_1_308' title='bbox 1467 2562 1732 2628; x_wconf 82' lang='grc' dir='ltr'>ἀπόταξαι</span> <span class='ocrx_word' id='word_1_309' title='bbox 1757 2579 1773 2596; x_wconf 78' lang='grc' dir='ltr'><strong><em>ο</em></strong></span> <span class='ocrx_word' id='word_1_310' title='bbox 1808 2560 1875 2616; x_wconf 84' lang='grc' dir='ltr'>ἂν</span> 
     </span>
    </p>
   </div>
   <div class='ocr_carea' id='block_1_51' title="bbox 1941 2560 3547 2637">
    <p class='ocr_par' dir='ltr' id='par_1_51' title="bbox 1974 2564 3547 2636">
     <span class='ocr_line' id='line_1_51' title="bbox 1974 2564 3547 2636; baseline 0.002 -18"><span class='ocrx_word' id='word_1_311' title='bbox 1974 2564 2123 2634; x_wconf 82' lang='lat' dir='ltr'><strong>vulgi</strong></span> <span class='ocrx_word' id='word_1_312' title='bbox 2187 2565 2529 2620; x_wconf 87' lang='lat' dir='ltr'><strong>hominibus.</strong></span> <span class='ocrx_word' id='word_1_313' title='bbox 2581 2564 2782 2620; x_wconf 79' lang='lat' dir='ltr'><strong>Cumas</strong></span> <span class='ocrx_word' id='word_1_314' title='bbox 2835 2575 3128 2620; x_wconf 82' lang='lat' dir='ltr'><strong>extraneas</strong></span> <span class='ocrx_word' id='word_1_315' title='bbox 3161 2580 3227 2619; x_wconf 89' lang='lat' dir='ltr'><strong>ac</strong></span> <span class='ocrx_word' id='word_1_316' title='bbox 3291 2567 3547 2636; x_wconf 77' lang='lat' dir='ltr'><strong>vulgares</strong></span> 
     </span>
    </p>
   </div>
   <div class='ocr_carea' id='block_1_52' title="bbox 309 2652 1915 2741">
    <p class='ocr_par' dir='ltr' id='par_1_52' title="bbox 309 2652 1875 2741">
     <span class='ocr_line' id='line_1_52' title="bbox 309 2652 1875 2741; baseline -0.006 -27"><span class='ocrx_word' id='word_1_317' title='bbox 309 2660 369 2714; x_wconf 69' lang='grc' dir='ltr'>δὲ</span> <span class='ocrx_word' id='word_1_318' title='bbox 425 2660 651 2731; x_wconf 85' lang='grc' dir='ltr'>γένηται</span> <span class='ocrx_word' id='word_1_319' title='bbox 700 2659 927 2730; x_wconf 78' lang='grc' dir='ltr'>καιρὸς,</span> <span class='ocrx_word' id='word_1_320' title='bbox 976 2658 1274 2727; x_wconf 77' lang='grc' dir='ltr'>φυλάσσου.</span> <span class='ocrx_word' id='word_1_321' title='bbox 1313 2656 1452 2708; x_wconf 86' lang='grc' dir='ltr'>Ἴσθι</span> <span class='ocrx_word' id='word_1_322' title='bbox 1510 2656 1617 2741; x_wconf 85' lang='grc' dir='ltr'>γὰρ</span> <span class='ocrx_word' id='word_1_323' title='bbox 1670 2655 1754 2707; x_wconf 78' lang='grc' dir='ltr'>ὅτι</span> <span class='ocrx_word' id='word_1_324' title='bbox 1808 2652 1875 2706; x_wconf 83' lang='grc' dir='ltr'>ἂν</span> 
     </span>
    </p>
   </div>
   <div class='ocr_carea' id='block_1_53' title="bbox 1954 2652 3560 2741">
    <p class='ocr_par' dir='ltr' id='par_1_53' title="bbox 1973 2653 3560 2725">
     <span class='ocr_line' id='line_1_53' title="bbox 1973 2653 3560 2725; baseline 0.003 -16"><span class='ocrx_word' id='word_1_325' title='bbox 1973 2653 2090 2709; x_wconf 78' lang='lat' dir='ltr'><strong>fere</strong></span> <span class='ocrx_word' id='word_1_326' title='bbox 2126 2670 2368 2725; x_wconf 88' lang='lat' dir='ltr'><strong>respue;</strong></span> <span class='ocrx_word' id='word_1_327' title='bbox 2400 2657 2486 2711; x_wconf 90' lang='lat' dir='ltr'><strong>sin</strong></span> <span class='ocrx_word' id='word_1_328' title='bbox 2534 2666 2717 2711; x_wconf 89' lang='lat' dir='ltr'><strong>tamen</strong></span> <span class='ocrx_word' id='word_1_329' title='bbox 2772 2656 2842 2711; x_wconf 90' lang='lat' dir='ltr'><strong>iis</strong></span> <span class='ocrx_word' id='word_1_330' title='bbox 2883 2657 3155 2711; x_wconf 84' lang='lat' dir='ltr'><strong>interesse</strong></span> <span class='ocrx_word' id='word_1_331' title='bbox 3181 2657 3399 2711; x_wconf 89' lang='lat' dir='ltr'><strong>occasio</strong></span> <span class='ocrx_word' id='word_1_332' title='bbox 3430 2656 3560 2713; x_wconf 83' lang='lat' dir='ltr'><strong>fue-</strong></span> 
     </span>
    </p>
   </div>
   <div class='ocr_carea' id='block_1_54' title="bbox 303 2738 1909 2824">
    <p class='ocr_par' dir='ltr' id='par_1_54' title="bbox 303 2740 1876 2824">
     <span class='ocr_line' id='line_1_54' title="bbox 303 2740 1876 2824; baseline -0.006 -19"><span class='ocrx_word' id='word_1_333' title='bbox 303 2751 489 2821; x_wconf 73' lang='grc' dir='ltr'>ἒτερος</span> <span class='ocrx_word' id='word_1_334' title='bbox 572 2748 998 2820; x_wconf 81' lang='grc' dir='ltr'>μεμολυσμένος,</span> <span class='ocrx_word' id='word_1_335' title='bbox 1025 2747 1120 2802; x_wconf 75' lang='grc' dir='ltr'>καὶ</span> <span class='ocrx_word' id='word_1_336' title='bbox 1146 2745 1238 2801; x_wconf 75' lang='grc' dir='ltr'><strong>τὸν</strong></span> <span class='ocrx_word' id='word_1_337' title='bbox 1274 2745 1460 2817; x_wconf 68' lang='grc' dir='ltr'>ἕτερον</span> <span class='ocrx_word' id='word_1_338' title='bbox 1495 2740 1876 2815; x_wconf 66' lang='grc' dir='ltr'>ἐμπλησθῆναι</span> 
     </span>
    </p>
   </div>
   <div class='ocr_carea' id='block_1_55' title="bbox 1946 2738 3552 2824">
    <p class='ocr_par' dir='ltr' id='par_1_55' title="bbox 1976 2738 3552 2815">
     <span class='ocr_line' id='line_1_55' title="bbox 1976 2738 3552 2815; baseline 0.004 -19"><span class='ocrx_word' id='word_1_339' title='bbox 1976 2743 2072 2809; x_wconf 89' lang='lat' dir='ltr'><strong>rit,</strong></span> <span class='ocrx_word' id='word_1_340' title='bbox 2110 2743 2229 2813; x_wconf 91' lang='lat' dir='ltr'><strong>ipsc</strong></span> <span class='ocrx_word' id='word_1_341' title='bbox 2281 2755 2479 2801; x_wconf 89' lang='lat' dir='ltr'><strong>cautus</strong></span> <span class='ocrx_word' id='word_1_342' title='bbox 2522 2754 2666 2801; x_wconf 88' lang='lat' dir='ltr'><strong>esto.</strong></span> <span class='ocrx_word' id='word_1_343' title='bbox 2723 2745 2875 2801; x_wconf 90' lang='lat' dir='ltr'><strong>Scito</strong></span> <span class='ocrx_word' id='word_1_344' title='bbox 2896 2747 3066 2812; x_wconf 88' lang='lat' dir='ltr'><strong>enim,</strong></span> <span class='ocrx_word' id='word_1_345' title='bbox 3125 2738 3275 2815; x_wconf 84' lang='lat' dir='ltr'><strong>quod</strong></span> <span class='ocrx_word' id='word_1_346' title='bbox 3329 2747 3375 2801; x_wconf 90' lang='lat' dir='ltr'><strong>si</strong></span> <span class='ocrx_word' id='word_1_347' title='bbox 3409 2747 3552 2802; x_wconf 88' lang='lat' dir='ltr'><strong>alter</strong></span> 
     </span>
    </p>
   </div>
   <div class='ocr_carea' id='block_1_56' title="bbox 305 2831 3626 2915">
    <p class='ocr_par' dir='ltr' id='par_1_56' title="bbox 305 2831 3626 2915">
     <span class='ocr_line' id='line_1_56' title="bbox 305 2831 3626 2915; baseline -0.001 -20"><span class='ocrx_word' id='word_1_348' title='bbox 305 2842 544 2911; x_wconf 77' lang='grc' dir='ltr'><strong>ἀνάγκη.</strong></span> <span class='ocrx_word' id='word_1_349' title='bbox 1094 2908 1097 2915; x_wconf 19' lang='grc' dir='ltr'>ί</span> <span class='ocrx_word' id='word_1_350' title='bbox 1770 2878 1781 2887; x_wconf 93' lang='grc'><strong>.</strong></span> <span class='ocrx_word' id='word_1_351' title='bbox 1975 2831 2145 2888; x_wconf 82' lang='lat' dir='ltr'><strong>fuerit</strong></span> <span class='ocrx_word' id='word_1_352' title='bbox 2170 2836 2437 2903; x_wconf 89' lang='lat' dir='ltr'><strong>pollutus,</strong></span> <span class='ocrx_word' id='word_1_353' title='bbox 2458 2836 2697 2890; x_wconf 89' lang='lat' dir='ltr'><strong>alterum</strong></span> <span class='ocrx_word' id='word_1_354' title='bbox 2716 2852 2939 2906; x_wconf 86' lang='lat' dir='ltr'><strong>quoque</strong></span> <span class='ocrx_word' id='word_1_355' title='bbox 2961 2836 3180 2906; x_wconf 90' lang='lat' dir='ltr'><strong>impleri</strong></span> <span class='ocrx_word' id='word_1_356' title='bbox 3198 2850 3425 2891; x_wconf 88' lang='lat' dir='ltr'><strong>necesse</strong></span> <span class='ocrx_word' id='word_1_357' title='bbox 3443 2846 3547 2891; x_wconf 84' lang='lat' dir='ltr'><strong>est.</strong></span> <span class='ocrx_word' id='word_1_358' title='bbox 3622 2905 3626 2909; x_wconf 25' lang='lat'><strong><em>.</em></strong></span> 
     </span>
    </p>
   </div>
   <div class='ocr_carea' id='block_1_57' title="bbox 391 2921 1997 3001">
    <p class='ocr_par' dir='ltr' id='par_1_57' title="bbox 391 2923 1877 3001">
     <span class='ocr_line' id='line_1_57' title="bbox 391 2923 1877 3001; baseline -0.007 -15"><span class='ocrx_word' id='word_1_359' title='bbox 391 2930 674 3000; x_wconf 81' lang='grc' dir='ltr'>Ἰσοκράτ.</span> <span class='ocrx_word' id='word_1_360' title='bbox 702 2958 775 2972; x_wconf 89' lang='lat'><strong>--</strong></span> <span class='ocrx_word' id='word_1_361' title='bbox 803 2929 896 3001; x_wconf 80' lang='grc' dir='ltr'><strong>Μὴ</strong></span> <span class='ocrx_word' id='word_1_362' title='bbox 949 2929 1102 3000; x_wconf 85' lang='grc' dir='ltr'><strong>παρά</strong></span> <span class='ocrx_word' id='word_1_363' title='bbox 1154 2928 1338 2996; x_wconf 87' lang='grc' dir='ltr'>γέλοια</span> <span class='ocrx_word' id='word_1_364' title='bbox 1386 2924 1692 2991; x_wconf 83' lang='grc' dir='ltr'>σπούδαζε,</span> <span class='ocrx_word' id='word_1_365' title='bbox 1738 2923 1877 2994; x_wconf 78' lang='grc' dir='ltr'>μηδὲ</span> 
     </span>
    </p>
   </div>
   <div class='ocr_carea' id='block_1_58' title="bbox 1946 2921 3552 3001">
    <p class='ocr_par' dir='ltr' id='par_1_58' title="bbox 2048 2921 3552 2995">
     <span class='ocr_line' id='line_1_58' title="bbox 2048 2921 3552 2995; baseline 0.003 -20"><span class='ocrx_word' id='word_1_366' title='bbox 2048 2921 2273 2976; x_wconf 81' lang='lat' dir='ltr'><strong>Isocrat.</strong></span> <span class='ocrx_word' id='word_1_367' title='bbox 2295 2954 2362 2964; x_wconf 92' lang='lat'><strong>—</strong></span> <span class='ocrx_word' id='word_1_368' title='bbox 2380 2924 2503 2978; x_wconf 84' lang='lat' dir='ltr'><strong>Noli</strong></span> <span class='ocrx_word' id='word_1_369' title='bbox 2532 2925 2711 2979; x_wconf 91' lang='lat' dir='ltr'><strong>serius</strong></span> <span class='ocrx_word' id='word_1_370' title='bbox 2741 2940 2862 2979; x_wconf 89' lang='lat' dir='ltr'><strong>esse</strong></span> <span class='ocrx_word' id='word_1_371' title='bbox 2889 2925 2948 2978; x_wconf 90' lang='lat' dir='ltr'><strong>in</strong></span> <span class='ocrx_word' id='word_1_372' title='bbox 2974 2926 3145 2979; x_wconf 85' lang='lat' dir='ltr'><strong>rebus</strong></span> <span class='ocrx_word' id='word_1_373' title='bbox 3167 2925 3393 2995; x_wconf 88' lang='lat' dir='ltr'><strong>jocosis,</strong></span> <span class='ocrx_word' id='word_1_374' title='bbox 3447 2934 3552 2980; x_wconf 76' lang='lat' dir='ltr'><strong>nec“</strong></span> 
     </span>
    </p>
   </div>
   <div class='ocr_carea' id='block_1_59' title="bbox 305 3010 1911 3093">
    <p class='ocr_par' dir='ltr' id='par_1_59' title="bbox 305 3014 1911 3093">
     <span class='ocr_line' id='line_1_59' title="bbox 305 3014 1911 3093; baseline -0.005 -18"><span class='ocrx_word' id='word_1_375' title='bbox 305 3021 457 3093; x_wconf 85' lang='grc' dir='ltr'><strong>παρά</strong></span> <span class='ocrx_word' id='word_1_376' title='bbox 488 3021 557 3076; x_wconf 86' lang='grc' dir='ltr'><strong>τά</strong></span> <span class='ocrx_word' id='word_1_377' title='bbox 588 3022 851 3074; x_wconf 81' lang='grc' dir='ltr'>σπουδαῖα</span> <span class='ocrx_word' id='word_1_378' title='bbox 876 3022 988 3083; x_wconf 80' lang='grc' dir='ltr'>τοῖς</span> <span class='ocrx_word' id='word_1_379' title='bbox 1008 3019 1235 3088; x_wconf 78' lang='grc' dir='ltr'>γελοίοις</span> <span class='ocrx_word' id='word_1_380' title='bbox 1270 3018 1449 3089; x_wconf 86' lang='grc' dir='ltr'>χαῖρε.</span> <span class='ocrx_word' id='word_1_381' title='bbox 1483 3015 1555 3070; x_wconf 86' lang='lat' dir='ltr'><em>T6</em></span> <span class='ocrx_word' id='word_1_382' title='bbox 1585 3015 1694 3085; x_wconf 81' lang='grc' dir='ltr'>γὰρ</span> <span class='ocrx_word' id='word_1_383' title='bbox 1715 3014 1875 3068; x_wconf 83' lang='grc' dir='ltr'>ἀκαι-</span> <span class='ocrx_word' id='word_1_384' title='bbox 1907 3086 1911 3093; x_wconf 24' lang='grc' dir='ltr'><em>Α</em></span> 
     </span>
    </p>
   </div>
   <div class='ocr_carea' id='block_1_60' title="bbox 1945 3010 3551 3093">
    <p class='ocr_par' dir='ltr' id='par_1_60' title="bbox 1945 3010 3551 3093">
     <span class='ocr_line' id='line_1_60' title="bbox 1945 3010 3551 3093; baseline 0.003 -28"><span class='ocrx_word' id='word_1_385' title='bbox 1945 3010 2130 3093; x_wconf 40' lang='lat' dir='ltr'><strong>linter</strong></span> <span class='ocrx_word' id='word_1_386' title='bbox 2173 3015 2320 3068; x_wconf 85' lang='lat' dir='ltr'><strong>seria</strong></span> <span class='ocrx_word' id='word_1_387' title='bbox 2381 3015 2637 3091; x_wconf 79' lang='lat' dir='ltr'><strong>ridiculis</strong></span> <span class='ocrx_word' id='word_1_388' title='bbox 2683 3016 2883 3086; x_wconf 77' lang='lat' dir='ltr'><strong>gaude.</strong></span> <span class='ocrx_word' id='word_1_389' title='bbox 2937 3016 3073 3072; x_wconf 82' lang='lat' dir='ltr'><strong>Nam</strong></span> <span class='ocrx_word' id='word_1_390' title='bbox 3100 3016 3256 3086; x_wconf 86' lang='lat' dir='ltr'><strong>quod</strong></span> <span class='ocrx_word' id='word_1_391' title='bbox 3281 3016 3551 3086; x_wconf 77' lang='lat' dir='ltr'><strong>intempe-</strong></span> 
     </span>
    </p>
   </div>
   <div class='ocr_carea' id='block_1_61' title="bbox 310 3075 1916 3183">
    <p class='ocr_par' dir='ltr' id='par_1_61' title="bbox 310 3075 1916 3183">
     <span class='ocr_line' id='line_1_61' title="bbox 310 3075 1916 3183; baseline -0.001 -18"><span class='ocrx_word' id='word_1_392' title='bbox 310 3075 1031 3183; x_wconf 32' lang='grc' dir='ltr'>ρόν,πανταχοῦδλυπηρόν.ι</span> <span class='ocrx_word' id='word_1_393' title='bbox 1216 3075 1230 3082; x_wconf 35' lang='grc'>⁷</span> <span class='ocrx_word' id='word_1_394' title='bbox 1271 3075 1304 3089; x_wconf 55' lang='lat' dir='ltr'><strong>u</strong></span> <span class='ocrx_word' id='word_1_395' title='bbox 1368 3075 1382 3089; x_wconf 53' lang='lat'>.</span> <span class='ocrx_word' id='word_1_396' title='bbox 1596 3075 1610 3085; x_wconf 49' lang='lat'><strong>&#39;</strong></span> <span class='ocrx_word' id='word_1_397' title='bbox 1664 3075 1677 3085; x_wconf 50' lang='lat'><em>-</em></span> <span class='ocrx_word' id='word_1_398' title='bbox 1903 3082 1916 3135; x_wconf 49' lang='grc' dir='ltr'><strong>ί</strong></span> 
     </span>
    </p>
   </div>
   <div class='ocr_carea' id='block_1_62' title="bbox 1414 3075 3020 3183">
    <p class='ocr_par' dir='ltr' id='par_1_62' title="bbox 1596 3075 3020 3175">
     <span class='ocr_line' id='line_1_62' title="bbox 1596 3075 3020 3175; baseline 0.011 -28"><span class='ocrx_word' id='word_1_399' title='bbox 1596 3075 1610 3085; x_wconf 71' lang='grc'><em>’</em></span> <span class='ocrx_word' id='word_1_400' title='bbox 1664 3075 1677 3085; x_wconf 68' lang='grc'><em>’</em></span> <span class='ocrx_word' id='word_1_401' title='bbox 1903 3075 1950 3139; x_wconf 75' lang='lat' dir='ltr'>c</span> <span class='ocrx_word' id='word_1_402' title='bbox 1980 3102 2184 3157; x_wconf 91' lang='lat' dir='ltr'><strong>stivum</strong></span> <span class='ocrx_word' id='word_1_403' title='bbox 2214 3112 2322 3168; x_wconf 90' lang='lat' dir='ltr'><strong>est,</strong></span> <span class='ocrx_word' id='word_1_404' title='bbox 2354 3075 2882 3175; x_wconf 57' lang='lat' dir='ltr'><strong>ubique’mofestum</strong></span> <span class='ocrx_word' id='word_1_405' title='bbox 2916 3116 3020 3162; x_wconf 89' lang='lat' dir='ltr'><strong>est.</strong></span> 
     </span>
    </p>
   </div>
   <div class='ocr_carea' id='block_1_63' title="bbox 375 3194 1981 3276">
    <p class='ocr_par' dir='ltr' id='par_1_63' title="bbox 375 3197 1870 3271">
     <span class='ocr_line' id='line_1_63' title="bbox 375 3197 1870 3271; baseline -0.003 -17"><span class='ocrx_word' id='word_1_406' title='bbox 375 3201 748 3268; x_wconf 76' lang='grc' dir='ltr'>Μοσχίωνος.</span> <span class='ocrx_word' id='word_1_407' title='bbox 787 3229 859 3242; x_wconf 89' lang='grc'><strong>--</strong></span> <span class='ocrx_word' id='word_1_408' title='bbox 894 3197 1067 3269; x_wconf 77' lang='grc' dir='ltr'>Γελᾷν</span> <span class='ocrx_word' id='word_1_409' title='bbox 1092 3201 1119 3252; x_wconf 85' lang='grc' dir='ltr'>ὀ</span> <span class='ocrx_word' id='word_1_410' title='bbox 1146 3197 1314 3252; x_wconf 83' lang='grc' dir='ltr'>θέλων</span> <span class='ocrx_word' id='word_1_411' title='bbox 1364 3197 1502 3269; x_wconf 86' lang='grc' dir='ltr'>μετᾶ</span> <span class='ocrx_word' id='word_1_412' title='bbox 1563 3197 1870 3271; x_wconf 77' lang='grc' dir='ltr'>μειρακίου,</span> 
     </span>
    </p>
   </div>
   <div class='ocr_carea' id='block_1_64' title="bbox 1944 3194 3550 3276">
    <p class='ocr_par' dir='ltr' id='par_1_64' title="bbox 2013 3194 3550 3276">
     <span class='ocr_line' id='line_1_64' title="bbox 2013 3194 3550 3276; baseline 0.004 -27"><span class='ocrx_word' id='word_1_413' title='bbox 2013 3273 2017 3276; x_wconf 4' lang='grc' dir='ltr'><strong>η</strong></span> <span class='ocrx_word' id='word_1_414' title='bbox 2046 3194 2375 3250; x_wconf 74' lang='lat' dir='ltr'><strong>Maschiania.</strong></span> <span class='ocrx_word' id='word_1_415' title='bbox 2400 3228 2472 3237; x_wconf 90' lang='lat'>—</span> <span class='ocrx_word' id='word_1_416' title='bbox 2509 3196 2615 3265; x_wconf 82' lang='lat' dir='ltr'><strong>Qui</strong></span> <span class='ocrx_word' id='word_1_417' title='bbox 2660 3214 2785 3255; x_wconf 87' lang='lat' dir='ltr'><strong>cum</strong></span> <span class='ocrx_word' id='word_1_418' title='bbox 2818 3197 3171 3254; x_wconf 89' lang='lat' dir='ltr'><strong>adolescente</strong></span> <span class='ocrx_word' id='word_1_419' title='bbox 3194 3199 3380 3255; x_wconf 88' lang='lat' dir='ltr'><strong>ridere</strong></span> <span class='ocrx_word' id='word_1_420' title='bbox 3408 3200 3550 3267; x_wconf 88' lang='lat' dir='ltr'><strong>vult,-</strong></span> 
     </span>
    </p>
   </div>
   <div class='ocr_carea' id='block_1_65' title="bbox 305 3287 1911 3361">
    <p class='ocr_par' dir='ltr' id='par_1_65' title="bbox 305 3287 1419 3360">
     <span class='ocr_line' id='line_1_65' title="bbox 305 3287 1419 3360; baseline -0.002 -18"><span class='ocrx_word' id='word_1_421' title='bbox 305 3290 536 3359; x_wconf 82' lang='grc' dir='ltr'>αἰσχρὰς</span> <span class='ocrx_word' id='word_1_422' title='bbox 562 3287 748 3360; x_wconf 73' lang='grc' dir='ltr'>ὕϐρεις</span> <span class='ocrx_word' id='word_1_423' title='bbox 768 3287 1020 3360; x_wconf 83' lang='grc' dir='ltr'>κερδήσει</span> <span class='ocrx_word' id='word_1_424' title='bbox 1070 3287 1162 3340; x_wconf 72' lang='grc' dir='ltr'>καὶ</span> <span class='ocrx_word' id='word_1_425' title='bbox 1192 3287 1419 3356; x_wconf 76' lang='grc' dir='ltr'>μέμψιν.</span> 
     </span>
    </p>
   </div>
   <div class='ocr_carea' id='block_1_66' title="bbox 1789 3287 3395 3361">
    <p class='ocr_par' dir='ltr' id='par_1_66' title="bbox 1975 3288 3395 3361">
     <span class='ocr_line' id='line_1_66' title="bbox 1975 3288 3395 3361; baseline 0.006 -23"><span class='ocrx_word' id='word_1_426' title='bbox 1975 3291 2167 3354; x_wconf 89' lang='lat' dir='ltr'><strong>turpes</strong></span> <span class='ocrx_word' id='word_1_427' title='bbox 2194 3288 2559 3343; x_wconf 90' lang='lat' dir='ltr'><strong>contumelias</strong></span> <span class='ocrx_word' id='word_1_428' title='bbox 2584 3289 3036 3361; x_wconf 87' lang='lat' dir='ltr'><strong>vituperiumque</strong></span> <span class='ocrx_word' id='word_1_429' title='bbox 3066 3288 3395 3347; x_wconf 82' lang='lat' dir='ltr'><strong>lucrabitur.</strong></span> 
     </span>
    </p>
   </div>
   <div class='ocr_carea' id='block_1_67' title="bbox 377 3373 1983 3444">
    <p class='ocr_par' dir='ltr' id='par_1_67' title="bbox 377 3374 1874 3444">
     <span class='ocr_line' id='line_1_67' title="bbox 377 3374 1874 3444; baseline -0.003 -11"><span class='ocrx_word' id='word_1_430' title='bbox 377 3378 674 3444; x_wconf 70' lang='grc' dir='ltr'>Κάτωνος.</span> <span class='ocrx_word' id='word_1_431' title='bbox 700 3407 773 3420; x_wconf 89' lang='grc'><strong><em>-</em></strong></span> <span class='ocrx_word' id='word_1_432' title='bbox 795 3379 857 3432; x_wconf 89' lang='grc' dir='ltr'>οι</span> <span class='ocrx_word' id='word_1_433' title='bbox 884 3376 1277 3440; x_wconf 77' lang='grc' dir='ltr'>σπουδάζοντες</span> <span class='ocrx_word' id='word_1_434' title='bbox 1308 3376 1366 3429; x_wconf 76' lang='grc' dir='ltr'><strong>ἐν</strong></span> <span class='ocrx_word' id='word_1_435' title='bbox 1395 3376 1508 3438; x_wconf 86' lang='grc' dir='ltr'>τοῖς</span> <span class='ocrx_word' id='word_1_436' title='bbox 1537 3374 1785 3444; x_wconf 85' lang='grc' dir='ltr'>γελοίοις,</span> <span class='ocrx_word' id='word_1_437' title='bbox 1815 3375 1874 3429; x_wconf 71' lang='grc' dir='ltr'>έν</span> 
     </span>
    </p>
   </div>
   <div class='ocr_carea' id='block_1_68' title="bbox 1942 3373 3548 3444">
    <p class='ocr_par' dir='ltr' id='par_1_68' title="bbox 2044 3373 3548 3444">
     <span class='ocr_line' id='line_1_68' title="bbox 2044 3373 3548 3444; baseline 0.003 -15"><span class='ocrx_word' id='word_1_438' title='bbox 2044 3373 2589 3432; x_wconf 79' lang='lat' dir='ltr'><strong>Catonis.—Aiebat</strong></span> <span class='ocrx_word' id='word_1_439' title='bbox 2641 3379 2776 3433; x_wconf 90' lang='lat' dir='ltr'><strong>Cato</strong></span> <span class='ocrx_word' id='word_1_440' title='bbox 2812 3398 2825 3431; x_wconf 89' lang='lat'>:</span> <span class='ocrx_word' id='word_1_441' title='bbox 2867 3380 2970 3444; x_wconf 85' lang='lat' dir='ltr'><strong>Qui</strong></span> <span class='ocrx_word' id='word_1_442' title='bbox 3028 3379 3085 3433; x_wconf 91' lang='lat' dir='ltr'><strong>in</strong></span> <span class='ocrx_word' id='word_1_443' title='bbox 3134 3379 3385 3435; x_wconf 88' lang='lat' dir='ltr'><strong>ridiculis</strong></span> <span class='ocrx_word' id='word_1_444' title='bbox 3416 3381 3548 3434; x_wconf 79' lang='lat' dir='ltr'><strong>serii</strong></span> 
     </span>
    </p>
   </div>
   <div class='ocr_carea' id='block_1_69' title="bbox 305 3455 1911 3537">
    <p class='ocr_par' dir='ltr' id='par_1_69' title="bbox 305 3465 1464 3537">
     <span class='ocr_line' id='line_1_69' title="bbox 305 3465 1464 3537; baseline -0.003 -15"><span class='ocrx_word' id='word_1_445' title='bbox 305 3470 418 3532; x_wconf 84' lang='grc' dir='ltr'><strong>τοίς</strong></span> <span class='ocrx_word' id='word_1_446' title='bbox 444 3468 749 3532; x_wconf 82' lang='grc' dir='ltr'>σπουδαίοις</span> <span class='ocrx_word' id='word_1_447' title='bbox 777 3467 1014 3537; x_wconf 84' lang='grc' dir='ltr'>γίνονται</span> <span class='ocrx_word' id='word_1_448' title='bbox 1048 3465 1464 3534; x_wconf 85' lang='grc' dir='ltr'>καταγέλαστοι.</span> 
     </span>
    </p>
   </div>
   <div class='ocr_carea' id='block_1_70' title="bbox 1970 3455 3576 3537">
    <p class='ocr_par' dir='ltr' id='par_1_70' title="bbox 1973 3455 3576 3529">
     <span class='ocr_line' id='line_1_70' title="bbox 1973 3455 3576 3529; baseline 0.006 -11"><span class='ocrx_word' id='word_1_449' title='bbox 1973 3463 2108 3529; x_wconf 85' lang='lat' dir='ltr'><strong>sint,</strong></span> <span class='ocrx_word' id='word_1_450' title='bbox 2148 3464 2203 3518; x_wconf 92' lang='lat' dir='ltr'><strong>in</strong></span> <span class='ocrx_word' id='word_1_451' title='bbox 2236 3466 2405 3521; x_wconf 90' lang='lat' dir='ltr'><strong>rebus</strong></span> <span class='ocrx_word' id='word_1_452' title='bbox 2437 3468 2601 3522; x_wconf 90' lang='lat' dir='ltr'><strong>seriis</strong></span> <span class='ocrx_word' id='word_1_453' title='bbox 2628 3468 2749 3523; x_wconf 82' lang='lat' dir='ltr'><strong>ﬁeri</strong></span> <span class='ocrx_word' id='word_1_454' title='bbox 2778 3468 3061 3525; x_wconf 89' lang='lat' dir='ltr'><strong>ridiculos.</strong></span> <span class='ocrx_word' id='word_1_455' title='bbox 3574 3455 3576 3457; x_wconf 10' lang='lat'><strong><em>1</em></strong></span> 
     </span>
    </p>
   </div>
   <div class='ocr_carea' id='block_1_71' title="bbox 382 3550 1988 3629">
    <p class='ocr_par' dir='ltr' id='par_1_71' title="bbox 382 3553 1875 3628">
     <span class='ocr_line' id='line_1_71' title="bbox 382 3553 1875 3628; baseline -0.003 -16"><span class='ocrx_word' id='word_1_456' title='bbox 382 3560 722 3627; x_wconf 82' lang='grc' dir='ltr'>Στρατόνικ.</span> <span class='ocrx_word' id='word_1_457' title='bbox 759 3556 1207 3628; x_wconf 83' lang='grc' dir='ltr'>-Στρατόνικος</span> <span class='ocrx_word' id='word_1_458' title='bbox 1249 3557 1278 3609; x_wconf 89' lang='lat'><strong>6</strong></span> <span class='ocrx_word' id='word_1_459' title='bbox 1314 3553 1638 3625; x_wconf 79' lang='grc' dir='ltr'>κιθαριστὴς</span> <span class='ocrx_word' id='word_1_460' title='bbox 1680 3553 1875 3608; x_wconf 85' lang='grc' dir='ltr'>θεασά-</span> 
     </span>
    </p>
   </div>
   <div class='ocr_carea' id='block_1_72' title="bbox 1942 3550 3548 3629">
    <p class='ocr_par' dir='ltr' id='par_1_72' title="bbox 2042 3550 3548 3629">
     <span class='ocr_line' id='line_1_72' title="bbox 2042 3550 3548 3629; baseline 0.004 -22"><span class='ocrx_word' id='word_1_461' title='bbox 2042 3550 2792 3612; x_wconf 84' lang='lat' dir='ltr'><strong>Stratonic.—Stratonicus</strong></span> <span class='ocrx_word' id='word_1_462' title='bbox 2839 3557 3201 3625; x_wconf 76' lang='lat' dir='ltr'><strong>citharmdus,</strong></span> <span class='ocrx_word' id='word_1_463' title='bbox 3251 3559 3374 3615; x_wconf 86' lang='lat' dir='ltr'><strong>viso</strong></span> <span class='ocrx_word' id='word_1_464' title='bbox 3411 3574 3548 3629; x_wconf 82' lang='lat' dir='ltr'><strong>quo-</strong></span> 
     </span>
    </p>
   </div>
   <div class='ocr_carea' id='block_1_73' title="bbox 315 3640 1921 3717">
    <p class='ocr_par' dir='ltr' id='par_1_73' title="bbox 315 3643 1876 3717">
     <span class='ocr_line' id='line_1_73' title="bbox 315 3643 1876 3717; baseline -0.001 -18"><span class='ocrx_word' id='word_1_465' title='bbox 315 3647 473 3716; x_wconf 84' lang='grc' dir='ltr'>μενός</span> <span class='ocrx_word' id='word_1_466' title='bbox 524 3663 645 3701; x_wconf 89' lang='grc' dir='ltr'>τινα</span> <span class='ocrx_word' id='word_1_467' title='bbox 676 3647 864 3717; x_wconf 85' lang='grc' dir='ltr'>ἀφυῶς</span> <span class='ocrx_word' id='word_1_468' title='bbox 900 3645 1226 3713; x_wconf 80' lang='grc' dir='ltr'>τοξεύοντα,</span> <span class='ocrx_word' id='word_1_469' title='bbox 1278 3643 1528 3699; x_wconf 84' lang='grc' dir='ltr'>ἀπελθὼν</span> <span class='ocrx_word' id='word_1_470' title='bbox 1563 3643 1876 3715; x_wconf 43' lang='grc' dir='ltr'>έστημπαρά</span> 
     </span>
    </p>
   </div>
   <div class='ocr_carea' id='block_1_74' title="bbox 1944 3640 3550 3717">
    <p class='ocr_par' dir='ltr' id='par_1_74' title="bbox 1974 3640 3550 3717">
     <span class='ocr_line' id='line_1_74' title="bbox 1974 3640 3550 3717; baseline 0.005 -20"><span class='ocrx_word' id='word_1_471' title='bbox 1974 3640 2100 3698; x_wconf 79' lang='lat' dir='ltr'><strong>dam</strong></span> <span class='ocrx_word' id='word_1_472' title='bbox 2124 3643 2380 3713; x_wconf 88' lang='lat' dir='ltr'><strong>imperite</strong></span> <span class='ocrx_word' id='word_1_473' title='bbox 2404 3646 2707 3715; x_wconf 88' lang='lat' dir='ltr'><strong>jaculante,</strong></span> <span class='ocrx_word' id='word_1_474' title='bbox 2768 3647 2839 3701; x_wconf 88' lang='lat' dir='ltr'><strong>ad</strong></span> <span class='ocrx_word' id='word_1_475' title='bbox 2893 3648 3074 3717; x_wconf 89' lang='lat' dir='ltr'><strong>ipsum</strong></span> <span class='ocrx_word' id='word_1_476' title='bbox 3124 3664 3352 3710; x_wconf 82' lang='lat' dir='ltr'><strong>scopum</strong></span> <span class='ocrx_word' id='word_1_477' title='bbox 3386 3664 3550 3705; x_wconf 59' lang='lat' dir='ltr'><strong>acce«r</strong></span> 
     </span>
    </p>
   </div>
   <div class='ocr_carea' id='block_1_75' title="bbox 311 3731 1917 3809">
    <p class='ocr_par' dir='ltr' id='par_1_75' title="bbox 311 3735 1874 3809">
     <span class='ocr_line' id='line_1_75' title="bbox 311 3735 1874 3809; baseline 0.001 -21"><span class='ocrx_word' id='word_1_478' title='bbox 311 3736 402 3790; x_wconf 85' lang='grc' dir='ltr'>τὸν</span> <span class='ocrx_word' id='word_1_479' title='bbox 417 3738 634 3790; x_wconf 88' lang='grc' dir='ltr'>σκοπόν.</span> <span class='ocrx_word' id='word_1_480' title='bbox 652 3738 1064 3809; x_wconf 85' lang='grc' dir='ltr'>Πυνθανομένου</span> <span class='ocrx_word' id='word_1_481' title='bbox 1085 3736 1141 3790; x_wconf 87' lang='grc' dir='ltr'><strong>δέ</strong></span> <span class='ocrx_word' id='word_1_482' title='bbox 1153 3752 1299 3801; x_wconf 88' lang='grc' dir='ltr'>τινος</span> <span class='ocrx_word' id='word_1_483' title='bbox 1322 3736 1424 3807; x_wconf 84' lang='grc' dir='ltr'>τὴν</span> <span class='ocrx_word' id='word_1_484' title='bbox 1440 3735 1640 3804; x_wconf 80' lang='grc' dir='ltr'>αἰτίαν,</span> <span class='ocrx_word' id='word_1_485' title='bbox 1661 3735 1874 3802; x_wconf 80' lang='grc' dir='ltr'>Ὅπως,</span> 
     </span>
    </p>
   </div>
   <div class='ocr_carea' id='block_1_76' title="bbox 1940 3731 3546 3809">
    <p class='ocr_par' dir='ltr' id='par_1_76' title="bbox 1974 3731 3546 3808">
     <span class='ocr_line' id='line_1_76' title="bbox 1974 3731 3546 3808; baseline 0.005 -22"><span class='ocrx_word' id='word_1_486' title='bbox 1974 3731 2134 3798; x_wconf 89' lang='lat' dir='ltr'><strong>dens,</strong></span> <span class='ocrx_word' id='word_1_487' title='bbox 2191 3734 2370 3789; x_wconf 86' lang='lat' dir='ltr'><strong>stetit.</strong></span> <span class='ocrx_word' id='word_1_488' title='bbox 2411 3734 2644 3792; x_wconf 85' lang='lat' dir='ltr'><strong>Causam</strong></span> <span class='ocrx_word' id='word_1_489' title='bbox 2702 3739 2917 3808; x_wconf 74' lang='lat' dir='ltr'><strong>roganti</strong></span> <span class='ocrx_word' id='word_1_490' title='bbox 2973 3738 3213 3807; x_wconf 85' lang='lat' dir='ltr'><strong>cuidam,</strong></span> <span class='ocrx_word' id='word_1_491' title='bbox 3247 3741 3326 3796; x_wconf 86' lang='lat' dir='ltr'><strong>Ne</strong></span> <span class='ocrx_word' id='word_1_492' title='bbox 3354 3740 3546 3808; x_wconf 72' lang='lat' dir='ltr'><strong>feriar,</strong></span> 
     </span>
    </p>
   </div>
   <div class='ocr_carea' id='block_1_77' title="bbox 312 3823 2071 3898">
    <p class='ocr_par' dir='ltr' id='par_1_77' title="bbox 312 3823 2071 3898">
     <span class='ocr_line' id='line_1_77' title="bbox 312 3823 2071 3898; baseline 0.001 -21"><span class='ocrx_word' id='word_1_493' title='bbox 312 3824 437 3897; x_wconf 74' lang='grc' dir='ltr'>εφη,</span> <span class='ocrx_word' id='word_1_494' title='bbox 462 3826 536 3898; x_wconf 79' lang='grc' dir='ltr'><strong>μή</strong></span> <span class='ocrx_word' id='word_1_495' title='bbox 563 3826 775 3898; x_wconf 80' lang='grc' dir='ltr'>πληγῶ.</span> <span class='ocrx_word' id='word_1_496' title='bbox 1976 3823 2071 3878; x_wconf 83' lang='lat' dir='ltr'><strong>ait.</strong></span> 
     </span>
    </p>
   </div>
   <div class='ocr_carea' id='block_1_78' title="bbox 867 3953 2473 4018">
    <p class='ocr_par' dir='ltr' id='par_1_78' title="bbox 867 3953 1305 4014">
     <span class='ocr_line' id='line_1_78' title="bbox 867 3953 1305 4014; baseline -0.005 0"><span class='ocrx_word' id='word_1_497' title='bbox 867 3959 1089 4014; x_wconf 88' lang='grc' dir='ltr'><strong>ΛΟΓΟΣ</strong></span> <span class='ocrx_word' id='word_1_498' title='bbox 1113 3953 1210 4012; x_wconf 66' lang='lat' dir='ltr'><strong>EE’</strong></span> <span class='ocrx_word' id='word_1_499' title='bbox 1241 3957 1305 4013; x_wconf 66' lang='grc' dir='ltr'><strong>δ’.</strong></span> 
     </span>
    </p>
   </div>
   <div class='ocr_carea' id='block_1_79' title="bbox 1352 3953 2958 4018">
    <p class='ocr_par' dir='ltr' id='par_1_79' title="bbox 2545 3960 2958 4018">
     <span class='ocr_line' id='line_1_79' title="bbox 2545 3960 2958 4018; baseline 0 -1"><span class='ocrx_word' id='word_1_500' title='bbox 2545 3961 2773 4018; x_wconf 81' lang='lat' dir='ltr'><strong>SERMO</strong></span> <span class='ocrx_word' id='word_1_501' title='bbox 2797 3960 2958 4018; x_wconf 78' lang='lat' dir='ltr'><strong>LXV.</strong></span> 
     </span>
    </p>
   </div>
   <div class='ocr_carea' id='block_1_80' title="bbox 828 4066 2434 4135">
    <p class='ocr_par' dir='ltr' id='par_1_80' title="bbox 828 4066 1344 4135">
     <span class='ocr_line' id='line_1_80' title="bbox 828 4066 1344 4135; baseline 0 -15"><span class='ocrx_word' id='word_1_502' title='bbox 828 4066 969 4135; x_wconf 82' lang='grc' dir='ltr'>Περί</span> <span class='ocrx_word' id='word_1_503' title='bbox 1023 4066 1344 4121; x_wconf 68' lang='grc' dir='ltr'>ἐνυπνίων.</span> 
     </span>
    </p>
   </div>
   <div class='ocr_carea' id='block_1_81' title="bbox 1316 4066 2922 4135">
    <p class='ocr_par' dir='ltr' id='par_1_81' title="bbox 1316 4071 2922 4130">
     <span class='ocr_line' id='line_1_81' title="bbox 1316 4071 2922 4130; baseline 0.004 -10"><span class='ocrx_word' id='word_1_504' title='bbox 1316 4081 1344 4120; x_wconf 90' lang='grc'>·.</span> <span class='ocrx_word' id='word_1_505' title='bbox 2586 4071 2664 4127; x_wconf 84' lang='lat' dir='ltr'><strong>De</strong></span> <span class='ocrx_word' id='word_1_506' title='bbox 2682 4074 2922 4130; x_wconf 74' lang='lat' dir='ltr'><strong>somniis.</strong></span> 
     </span>
    </p>
   </div>
   <div class='ocr_carea' id='block_1_82' title="bbox 376 4189 1982 4272">
    <p class='ocr_par' dir='ltr' id='par_1_82' title="bbox 376 4189 1873 4270">
     <span class='ocr_line' id='line_1_82' title="bbox 376 4189 1873 4270; baseline 0.001 -20"><span class='ocrx_word' id='word_1_507' title='bbox 376 4192 564 4252; x_wconf 72' lang='grc' dir='ltr'>Ματθ.</span> <span class='ocrx_word' id='word_1_508' title='bbox 626 4189 726 4253; x_wconf 79' lang='grc' dir='ltr'>κζ’.</span> <span class='ocrx_word' id='word_1_509' title='bbox 764 4225 832 4238; x_wconf 90' lang='grc'><strong><em>-</em></strong></span> <span class='ocrx_word' id='word_1_510' title='bbox 863 4194 1046 4266; x_wconf 78' lang='grc' dir='ltr'>Μηδὲν</span> <span class='ocrx_word' id='word_1_511' title='bbox 1079 4195 1163 4249; x_wconf 73' lang='grc' dir='ltr'>σοὶ</span> <span class='ocrx_word' id='word_1_512' title='bbox 1186 4196 1282 4249; x_wconf 80' lang='grc' dir='ltr'>καὶ</span> <span class='ocrx_word' id='word_1_513' title='bbox 1314 4193 1392 4267; x_wconf 82' lang='grc' dir='ltr'>τῷ</span> <span class='ocrx_word' id='word_1_514' title='bbox 1422 4195 1617 4269; x_wconf 85' lang='grc' dir='ltr'>δικαίῳ</span> <span class='ocrx_word' id='word_1_515' title='bbox 1648 4196 1873 4270; x_wconf 67' lang='grc' dir='ltr'>έκείνῳτ</span> 
     </span>
    </p>
   </div>
   <div class='ocr_carea' id='block_1_83' title="bbox 1935 4189 3541 4272">
    <p class='ocr_par' dir='ltr' id='par_1_83' title="bbox 2041 4198 3541 4272">
     <span class='ocr_line' id='line_1_83' title="bbox 2041 4198 3541 4272; baseline 0.005 -15"><span class='ocrx_word' id='word_1_516' title='bbox 2041 4198 2236 4257; x_wconf 76' lang='lat' dir='ltr'><strong>Matth.</strong></span> <span class='ocrx_word' id='word_1_517' title='bbox 2261 4217 2429 4268; x_wconf 80' lang='lat' dir='ltr'><strong>xxvu,</strong></span> <span class='ocrx_word' id='word_1_518' title='bbox 2459 4200 2620 4256; x_wconf 79' lang='lat' dir='ltr'><strong>i9.—</strong></span> <span class='ocrx_word' id='word_1_519' title='bbox 2640 4202 2792 4258; x_wconf 86' lang='lat' dir='ltr'><strong>Nihil</strong></span> <span class='ocrx_word' id='word_1_520' title='bbox 2819 4203 2942 4272; x_wconf 89' lang='lat' dir='ltr'><strong>tibi,</strong></span> <span class='ocrx_word' id='word_1_521' title='bbox 2960 4211 3018 4259; x_wconf 88' lang='lat' dir='ltr'><strong>et</strong></span> <span class='ocrx_word' id='word_1_522' title='bbox 3039 4203 3197 4261; x_wconf 83' lang='lat' dir='ltr'><strong>Justo</strong></span> <span class='ocrx_word' id='word_1_523' title='bbox 3222 4204 3300 4259; x_wconf 89' lang='lat' dir='ltr'><strong>illi</strong></span> <span class='ocrx_word' id='word_1_524' title='bbox 3327 4222 3341 4260; x_wconf 91' lang='lat'><strong>:</strong></span> <span class='ocrx_word' id='word_1_525' title='bbox 3364 4207 3541 4265; x_wconf 81' lang='lat' dir='ltr'><strong>multa</strong></span> 
     </span>
    </p>
   </div>
   <div class='ocr_carea' id='block_1_84' title="bbox 306 4280 1912 4366">
    <p class='ocr_par' dir='ltr' id='par_1_84' title="bbox 306 4280 1759 4357">
     <span class='ocr_line' id='line_1_84' title="bbox 306 4280 1759 4357; baseline 0.003 -22"><span class='ocrx_word' id='word_1_526' title='bbox 306 4280 477 4335; x_wconf 83' lang='grc' dir='ltr'>πολλά</span> <span class='ocrx_word' id='word_1_527' title='bbox 533 4280 642 4352; x_wconf 83' lang='grc' dir='ltr'>γὰρ</span> <span class='ocrx_word' id='word_1_528' title='bbox 668 4281 867 4337; x_wconf 75' lang='grc' dir='ltr'>ἔπαθον</span> <span class='ocrx_word' id='word_1_529' title='bbox 896 4284 1132 4354; x_wconf 88' lang='grc' dir='ltr'>σήμερον</span> <span class='ocrx_word' id='word_1_530' title='bbox 1156 4283 1284 4351; x_wconf 29' lang='grc' dir='ltr'>κατ’.</span> <span class='ocrx_word' id='word_1_531' title='bbox 1305 4283 1439 4357; x_wconf 83' lang='grc' dir='ltr'>δναρ</span> <span class='ocrx_word' id='word_1_532' title='bbox 1475 4284 1544 4339; x_wconf 84' lang='grc' dir='ltr'><strong>δι’</strong></span> <span class='ocrx_word' id='word_1_533' title='bbox 1578 4286 1759 4341; x_wconf 83' lang='grc' dir='ltr'>αὐτόν.</span> 
     </span>
    </p>
   </div>
   <div class='ocr_carea' id='block_1_85' title="bbox 1833 4280 3439 4366">
    <p class='ocr_par' dir='ltr' id='par_1_85' title="bbox 1988 4293 3439 4366">
     <span class='ocr_line' id='line_1_85' title="bbox 1988 4293 3439 4366; baseline 0.001 -16"><span class='ocrx_word' id='word_1_534' title='bbox 1988 4293 2135 4351; x_wconf 86' lang='lat' dir='ltr'><strong>enim</strong></span> <span class='ocrx_word' id='word_1_535' title='bbox 2163 4308 2323 4364; x_wconf 89' lang='lat' dir='ltr'><strong>passa</strong></span> <span class='ocrx_word' id='word_1_536' title='bbox 2350 4308 2472 4348; x_wconf 90' lang='lat' dir='ltr'><strong>sum</strong></span> <span class='ocrx_word' id='word_1_537' title='bbox 2495 4293 2664 4348; x_wconf 89' lang='lat' dir='ltr'><strong>hodie</strong></span> <span class='ocrx_word' id='word_1_538' title='bbox 2690 4309 2790 4365; x_wconf 88' lang='lat' dir='ltr'><strong>per</strong></span> <span class='ocrx_word' id='word_1_539' title='bbox 2820 4294 3001 4351; x_wconf 89' lang='lat' dir='ltr'><strong>visum</strong></span> <span class='ocrx_word' id='word_1_540' title='bbox 3032 4305 3260 4366; x_wconf 90' lang='lat' dir='ltr'><strong>propter</strong></span> <span class='ocrx_word' id='word_1_541' title='bbox 3291 4311 3439 4352; x_wconf 89' lang='lat' dir='ltr'><strong>eum.</strong></span> 
     </span>
    </p>
   </div>
   <div class='ocr_carea' id='block_1_86' title="bbox 374 4367 1980 4457">
    <p class='ocr_par' dir='ltr' id='par_1_86' title="bbox 374 4368 1948 4457">
     <span class='ocr_line' id='line_1_86' title="bbox 374 4368 1948 4457; baseline 0.015 -31"><span class='ocrx_word' id='word_1_542' title='bbox 374 4372 561 4444; x_wconf 79' lang='grc' dir='ltr'>Πράξ.</span> <span class='ocrx_word' id='word_1_543' title='bbox 602 4373 671 4427; x_wconf 84' lang='grc' dir='ltr'>θ’.</span> <span class='ocrx_word' id='word_1_544' title='bbox 718 4402 789 4414; x_wconf 89' lang='lat'><strong>——</strong></span> <span class='ocrx_word' id='word_1_545' title='bbox 815 4368 926 4428; x_wconf 69' lang='grc' dir='ltr'><strong>Ἠν</strong></span> <span class='ocrx_word' id='word_1_546' title='bbox 970 4375 1027 4428; x_wconf 87' lang='grc' dir='ltr'><strong>δέ</strong></span> <span class='ocrx_word' id='word_1_547' title='bbox 1069 4392 1153 4440; x_wconf 89' lang='grc' dir='ltr'><strong>τις</strong></span> <span class='ocrx_word' id='word_1_548' title='bbox 1194 4376 1443 4448; x_wconf 83' lang='grc' dir='ltr'>μαθητὴς</span> <span class='ocrx_word' id='word_1_549' title='bbox 1476 4378 1534 4430; x_wconf 65' lang='grc' dir='ltr'><strong>ἐν</strong></span> <span class='ocrx_word' id='word_1_550' title='bbox 1570 4377 1868 4450; x_wconf 69' lang='grc' dir='ltr'>Δαμασκῷ,</span> <span class='ocrx_word' id='word_1_551' title='bbox 1901 4399 1948 4457; x_wconf 84' lang='lat' dir='ltr'><strong>D</strong></span> 
     </span>
    </p>
   </div>
   <div class='ocr_carea' id='block_1_87' title="bbox 2026 4367 3632 4457">
    <p class='ocr_par' dir='ltr' id='par_1_87' title="bbox 2049 4367 3632 4455">
     <span class='ocr_line' id='line_1_87' title="bbox 2049 4367 3632 4455; baseline 0.003 -18"><span class='ocrx_word' id='word_1_552' title='bbox 2049 4381 2268 4448; x_wconf 69' lang='lat' dir='ltr'><strong>Acth,</strong></span> <span class='ocrx_word' id='word_1_553' title='bbox 2300 4381 2388 4436; x_wconf 82' lang='grc'><strong>10.</strong></span> <span class='ocrx_word' id='word_1_554' title='bbox 2425 4412 2495 4422; x_wconf 91' lang='lat'>—</span> <span class='ocrx_word' id='word_1_555' title='bbox 2540 4382 2673 4437; x_wconf 87' lang='lat' dir='ltr'><strong>Erat</strong></span> <span class='ocrx_word' id='word_1_556' title='bbox 2736 4390 2921 4437; x_wconf 85' lang='lat' dir='ltr'><strong>autem</strong></span> <span class='ocrx_word' id='word_1_557' title='bbox 2968 4383 3193 4452; x_wconf 89' lang='lat' dir='ltr'><strong>quidam</strong></span> <span class='ocrx_word' id='word_1_558' title='bbox 3240 4367 3553 4455; x_wconf 82' lang='lat' dir='ltr'><strong>discipulus</strong></span> <span class='ocrx_word' id='word_1_559' title='bbox 3621 4420 3632 4430; x_wconf 67' lang='grc' dir='ltr'><strong>ς</strong></span> 
     </span>
    </p>
   </div>
   <div class='ocr_carea' id='block_1_88' title="bbox 303 4459 1909 4539">
    <p class='ocr_par' dir='ltr' id='par_1_88' title="bbox 303 4459 1872 4539">
     <span class='ocr_line' id='line_1_88' title="bbox 303 4459 1872 4539; baseline 0.004 -21"><span class='ocrx_word' id='word_1_560' title='bbox 303 4463 528 4534; x_wconf 76' lang='grc' dir='ltr'>ὀνόματι</span> <span class='ocrx_word' id='word_1_561' title='bbox 577 4463 843 4529; x_wconf 83' lang='grc' dir='ltr'>Ἀνανίας,</span> <span class='ocrx_word' id='word_1_562' title='bbox 879 4464 974 4518; x_wconf 81' lang='grc' dir='ltr'><strong>καὶ</strong></span> <span class='ocrx_word' id='word_1_563' title='bbox 1002 4459 1126 4519; x_wconf 80' lang='grc' dir='ltr'>εἰπε</span> <span class='ocrx_word' id='word_1_564' title='bbox 1156 4466 1292 4537; x_wconf 82' lang='grc' dir='ltr'>πρὸς</span> <span class='ocrx_word' id='word_1_565' title='bbox 1330 4467 1494 4521; x_wconf 79' lang='grc' dir='ltr'>αὑτὸν</span> <span class='ocrx_word' id='word_1_566' title='bbox 1522 4468 1550 4519; x_wconf 93' lang='lat'><strong>6</strong></span> <span class='ocrx_word' id='word_1_567' title='bbox 1580 4468 1783 4539; x_wconf 84' lang='grc' dir='ltr'>Κύριος</span> <span class='ocrx_word' id='word_1_568' title='bbox 1812 4471 1872 4525; x_wconf 83' lang='grc' dir='ltr'><strong>ὲν</strong></span> 
     </span>
    </p>
   </div>
   <div class='ocr_carea' id='block_1_89' title="bbox 1944 4459 3550 4539">
    <p class='ocr_par' dir='ltr' id='par_1_89' title="bbox 1981 4471 3550 4539">
     <span class='ocr_line' id='line_1_89' title="bbox 1981 4471 3550 4539; baseline 0.003 -13"><span class='ocrx_word' id='word_1_569' title='bbox 1981 4472 2256 4539; x_wconf 86' lang='lat' dir='ltr'><strong>Damasci,</strong></span> <span class='ocrx_word' id='word_1_570' title='bbox 2284 4472 2509 4527; x_wconf 89' lang='lat' dir='ltr'><strong>nomine</strong></span> <span class='ocrx_word' id='word_1_571' title='bbox 2531 4471 2803 4539; x_wconf 77' lang='lat' dir='ltr'><strong>Anauias;</strong></span> <span class='ocrx_word' id='word_1_572' title='bbox 2837 4480 2894 4527; x_wconf 90' lang='lat' dir='ltr'><strong>et</strong></span> <span class='ocrx_word' id='word_1_573' title='bbox 2915 4472 3055 4528; x_wconf 85' lang='lat' dir='ltr'><strong>dixit</strong></span> <span class='ocrx_word' id='word_1_574' title='bbox 3084 4474 3165 4528; x_wconf 82' lang='lat' dir='ltr'><strong>illi</strong></span> <span class='ocrx_word' id='word_1_575' title='bbox 3192 4475 3456 4531; x_wconf 85' lang='lat' dir='ltr'><strong>Dominus</strong></span> <span class='ocrx_word' id='word_1_576' title='bbox 3488 4478 3550 4530; x_wconf 78' lang='lat' dir='ltr'><strong>in</strong></span> 
     </span>
    </p>
   </div>
   <div class='ocr_carea' id='block_1_90' title="bbox 302 4548 1908 4635">
    <p class='ocr_par' dir='ltr' id='par_1_90' title="bbox 302 4549 1867 4630">
     <span class='ocr_line' id='line_1_90' title="bbox 302 4549 1867 4630; baseline 0.003 -23"><span class='ocrx_word' id='word_1_577' title='bbox 302 4554 544 4626; x_wconf 71' lang='grc' dir='ltr'>ὁράματι</span> <span class='ocrx_word' id='word_1_578' title='bbox 566 4571 581 4587; x_wconf 79' lang='grc' dir='ltr'><strong><em>ο</em></strong></span> <span class='ocrx_word' id='word_1_579' title='bbox 628 4553 865 4609; x_wconf 87' lang='grc' dir='ltr'>Ἀνανία.</span> <span class='ocrx_word' id='word_1_580' title='bbox 913 4555 973 4607; x_wconf 91' lang='lat'><strong>&#39;0</strong></span> <span class='ocrx_word' id='word_1_581' title='bbox 1009 4554 1067 4609; x_wconf 75' lang='grc' dir='ltr'>δὲ</span> <span class='ocrx_word' id='word_1_582' title='bbox 1097 4549 1273 4610; x_wconf 74' lang='grc' dir='ltr'>εἷπεν·</span> <span class='ocrx_word' id='word_1_583' title='bbox 1297 4555 1454 4624; x_wconf 79' lang='grc' dir='ltr'>ιίδοὺ</span> <span class='ocrx_word' id='word_1_584' title='bbox 1502 4555 1635 4625; x_wconf 76' lang='grc' dir='ltr'>ἐγὼ,</span> <span class='ocrx_word' id='word_1_585' title='bbox 1672 4557 1867 4630; x_wconf 84' lang='grc' dir='ltr'>Κύριε.</span> 
     </span>
    </p>
   </div>
   <div class='ocr_carea' id='block_1_91' title="bbox 1943 4548 3549 4635">
    <p class='ocr_par' dir='ltr' id='par_1_91' title="bbox 1970 4548 3549 4635">
     <span class='ocr_line' id='line_1_91' title="bbox 1970 4548 3549 4635; baseline 0.002 -17"><span class='ocrx_word' id='word_1_586' title='bbox 1970 4548 2104 4618; x_wconf 73' lang='lat' dir='ltr'><strong>visu</strong></span> <span class='ocrx_word' id='word_1_587' title='bbox 2136 4579 2150 4616; x_wconf 89' lang='lat'><strong>:</strong></span> <span class='ocrx_word' id='word_1_588' title='bbox 2182 4561 2419 4617; x_wconf 82' lang='lat' dir='ltr'><strong>Anania.</strong></span> <span class='ocrx_word' id='word_1_589' title='bbox 2453 4562 2525 4617; x_wconf 86' lang='lat' dir='ltr'><strong>At</strong></span> <span class='ocrx_word' id='word_1_590' title='bbox 2558 4562 2651 4617; x_wconf 88' lang='lat' dir='ltr'><strong>ille</strong></span> <span class='ocrx_word' id='word_1_591' title='bbox 2688 4563 2805 4618; x_wconf 90' lang='lat' dir='ltr'><strong>ait:</strong></span> <span class='ocrx_word' id='word_1_592' title='bbox 2859 4564 3002 4619; x_wconf 89' lang='lat' dir='ltr'><strong>Ecce</strong></span> <span class='ocrx_word' id='word_1_593' title='bbox 3041 4578 3164 4635; x_wconf 78' lang='lat' dir='ltr'><strong>ego,</strong></span> <span class='ocrx_word' id='word_1_594' title='bbox 3203 4564 3453 4620; x_wconf 89' lang='lat' dir='ltr'><strong>Domine.</strong></span> <span class='ocrx_word' id='word_1_595' title='bbox 3478 4567 3549 4621; x_wconf 70' lang='lat' dir='ltr'><strong>Et</strong></span> 
     </span>
    </p>
   </div>
   <div class='ocr_carea' id='block_1_92' title="bbox 314 4640 1920 4727">
    <p class='ocr_par' dir='ltr' id='par_1_92' title="bbox 314 4640 1871 4719">
     <span class='ocr_line' id='line_1_92' title="bbox 314 4640 1871 4719; baseline 0.003 -20"><span class='ocrx_word' id='word_1_596' title='bbox 314 4640 377 4699; x_wconf 86' lang='grc' dir='ltr'>Ὃ</span> <span class='ocrx_word' id='word_1_597' title='bbox 406 4646 462 4699; x_wconf 82' lang='grc' dir='ltr'>δὲ</span> <span class='ocrx_word' id='word_1_598' title='bbox 503 4645 708 4716; x_wconf 88' lang='grc' dir='ltr'>Κύριος</span> <span class='ocrx_word' id='word_1_599' title='bbox 734 4644 872 4716; x_wconf 82' lang='grc' dir='ltr'>πρὸς</span> <span class='ocrx_word' id='word_1_600' title='bbox 913 4646 1096 4702; x_wconf 79' lang='grc' dir='ltr'>αὐτόν’</span> <span class='ocrx_word' id='word_1_601' title='bbox 1140 4645 1404 4711; x_wconf 81' lang='grc' dir='ltr'><strong>’Δναστάς</strong></span> <span class='ocrx_word' id='word_1_602' title='bbox 1429 4647 1727 4719; x_wconf 84' lang='grc' dir='ltr'>πορεύθητι</span> <span class='ocrx_word' id='word_1_603' title='bbox 1778 4648 1871 4703; x_wconf 77' lang='grc' dir='ltr'>ἐπὶ</span> 
     </span>
    </p>
   </div>
   <div class='ocr_carea' id='block_1_93' title="bbox 1943 4640 3549 4727">
    <p class='ocr_par' dir='ltr' id='par_1_93' title="bbox 1978 4653 3549 4727">
     <span class='ocr_line' id='line_1_93' title="bbox 1978 4653 3549 4727; baseline 0.001 -18"><span class='ocrx_word' id='word_1_604' title='bbox 1978 4653 2247 4709; x_wconf 90' lang='lat' dir='ltr'><strong>Dominus</strong></span> <span class='ocrx_word' id='word_1_605' title='bbox 2279 4653 2351 4708; x_wconf 93' lang='lat' dir='ltr'><strong>ad</strong></span> <span class='ocrx_word' id='word_1_606' title='bbox 2386 4668 2555 4708; x_wconf 89' lang='lat' dir='ltr'><strong>eum:</strong></span> <span class='ocrx_word' id='word_1_607' title='bbox 2612 4654 2807 4724; x_wconf 85' lang='lat' dir='ltr'><strong>Surge,</strong></span> <span class='ocrx_word' id='word_1_608' title='bbox 2838 4663 2896 4710; x_wconf 89' lang='lat' dir='ltr'><strong>et</strong></span> <span class='ocrx_word' id='word_1_609' title='bbox 2941 4654 3080 4710; x_wconf 88' lang='lat' dir='ltr'><strong>vade</strong></span> <span class='ocrx_word' id='word_1_610' title='bbox 3119 4656 3172 4709; x_wconf 92' lang='lat' dir='ltr'><strong>in</strong></span> <span class='ocrx_word' id='word_1_611' title='bbox 3215 4656 3420 4721; x_wconf 88' lang='lat' dir='ltr'><strong>vicum,</strong></span> <span class='ocrx_word' id='word_1_612' title='bbox 3448 4658 3549 4727; x_wconf 76' lang='lat' dir='ltr'><strong>qui</strong></span> 
     </span>
    </p>
   </div>
   <div class='ocr_carea' id='block_1_94' title="bbox 301 4734 1907 4817">
    <p class='ocr_par' dir='ltr' id='par_1_94' title="bbox 301 4735 1871 4809">
     <span class='ocr_line' id='line_1_94' title="bbox 301 4735 1871 4809; baseline 0.001 -19"><span class='ocrx_word' id='word_1_613' title='bbox 301 4736 402 4806; x_wconf 82' lang='grc' dir='ltr'><strong>τὴν</strong></span> <span class='ocrx_word' id='word_1_614' title='bbox 433 4735 612 4807; x_wconf 77' lang='grc' dir='ltr'>ῥύμην</span> <span class='ocrx_word' id='word_1_615' title='bbox 645 4735 745 4808; x_wconf 80' lang='grc' dir='ltr'>τὴν</span> <span class='ocrx_word' id='word_1_616' title='bbox 771 4735 1112 4808; x_wconf 81' lang='grc' dir='ltr'>καλουμένην</span> <span class='ocrx_word' id='word_1_617' title='bbox 1135 4735 1386 4802; x_wconf 81' lang='grc' dir='ltr'>Εὐθεῖαν,</span> <span class='ocrx_word' id='word_1_618' title='bbox 1424 4738 1518 4790; x_wconf 79' lang='grc' dir='ltr'>καὶ</span> <span class='ocrx_word' id='word_1_619' title='bbox 1545 4739 1782 4809; x_wconf 78' lang='grc' dir='ltr'>ζήτησον</span> <span class='ocrx_word' id='word_1_620' title='bbox 1813 4740 1871 4792; x_wconf 86' lang='grc' dir='ltr'><strong>ὲν</strong></span> 
     </span>
    </p>
   </div>
   <div class='ocr_carea' id='block_1_95' title="bbox 1941 4734 3547 4817">
    <p class='ocr_par' dir='ltr' id='par_1_95' title="bbox 1979 4734 3547 4817">
     <span class='ocr_line' id='line_1_95' title="bbox 1979 4734 3547 4817; baseline 0.001 -17"><span class='ocrx_word' id='word_1_621' title='bbox 1979 4738 2213 4801; x_wconf 87' lang='lat' dir='ltr'><strong>vocatur</strong></span> <span class='ocrx_word' id='word_1_622' title='bbox 2241 4734 2481 4812; x_wconf 82' lang='lat' dir='ltr'><strong>Rectus;</strong></span> <span class='ocrx_word' id='word_1_623' title='bbox 2535 4753 2593 4801; x_wconf 90' lang='lat' dir='ltr'><strong>et</strong></span> <span class='ocrx_word' id='word_1_624' title='bbox 2624 4761 2808 4817; x_wconf 85' lang='lat' dir='ltr'><strong>quaere</strong></span> <span class='ocrx_word' id='word_1_625' title='bbox 2835 4747 2893 4800; x_wconf 92' lang='lat' dir='ltr'><strong>in</strong></span> <span class='ocrx_word' id='word_1_626' title='bbox 2926 4747 3089 4802; x_wconf 91' lang='lat' dir='ltr'><strong>domo</strong></span> <span class='ocrx_word' id='word_1_627' title='bbox 3114 4747 3287 4812; x_wconf 75' lang='lat' dir='ltr'><strong>Iudae,</strong></span> <span class='ocrx_word' id='word_1_628' title='bbox 3316 4745 3547 4802; x_wconf 87' lang='lat' dir='ltr'><strong>Saulum</strong></span> 
     </span>
    </p>
   </div>
   <div class='ocr_carea' id='block_1_96' title="bbox 303 4825 1909 4905">
    <p class='ocr_par' dir='ltr' id='par_1_96' title="bbox 303 4825 1874 4905">
     <span class='ocr_line' id='line_1_96' title="bbox 303 4825 1874 4905; baseline 0.003 -26"><span class='ocrx_word' id='word_1_629' title='bbox 303 4825 449 4897; x_wconf 79' lang='grc' dir='ltr'>οἰκίᾳ</span> <span class='ocrx_word' id='word_1_630' title='bbox 525 4825 716 4894; x_wconf 82' lang='grc' dir='ltr'>Ἰούδα,</span> <span class='ocrx_word' id='word_1_631' title='bbox 782 4827 987 4881; x_wconf 80' lang='grc' dir='ltr'>Σαῦλον</span> <span class='ocrx_word' id='word_1_632' title='bbox 1025 4828 1253 4897; x_wconf 86' lang='grc' dir='ltr'>ὀνόματι</span> <span class='ocrx_word' id='word_1_633' title='bbox 1300 4827 1541 4899; x_wconf 80' lang='grc' dir='ltr'>Ταρσέα.</span> <span class='ocrx_word' id='word_1_634' title='bbox 1588 4828 1717 4905; x_wconf 80' lang='grc' dir='ltr'>Ἰδοὺ</span> <span class='ocrx_word' id='word_1_635' title='bbox 1763 4829 1874 4901; x_wconf 81' lang='grc' dir='ltr'>γὰρ</span> 
     </span>
    </p>
   </div>
   <div class='ocr_carea' id='block_1_97' title="bbox 1938 4825 3544 4905">
    <p class='ocr_par' dir='ltr' id='par_1_97' title="bbox 1975 4834 3544 4892">
     <span class='ocr_line' id='line_1_97' title="bbox 1975 4834 3544 4892; baseline 0.001 -3"><span class='ocrx_word' id='word_1_636' title='bbox 1975 4835 2203 4890; x_wconf 90' lang='lat' dir='ltr'><strong>nomine</strong></span> <span class='ocrx_word' id='word_1_637' title='bbox 2224 4834 2587 4892; x_wconf 89' lang='lat' dir='ltr'><strong>Tarsensem:</strong></span> <span class='ocrx_word' id='word_1_638' title='bbox 2623 4851 2755 4891; x_wconf 89' lang='lat' dir='ltr'><strong>ecce</strong></span> <span class='ocrx_word' id='word_1_639' title='bbox 2781 4837 2930 4891; x_wconf 90' lang='lat' dir='ltr'><strong>enim</strong></span> <span class='ocrx_word' id='word_1_640' title='bbox 2954 4846 3095 4892; x_wconf 88' lang='lat' dir='ltr'><strong>orat.</strong></span> <span class='ocrx_word' id='word_1_641' title='bbox 3121 4837 3189 4891; x_wconf 84' lang='lat' dir='ltr'><strong>Et</strong></span> <span class='ocrx_word' id='word_1_642' title='bbox 3210 4836 3544 4892; x_wconf 89' lang='lat' dir='ltr'><strong>viditvirum</strong></span> 
     </span>
    </p>
   </div>
   <div class='ocr_carea' id='block_1_98' title="bbox 303 4910 1909 4997">
    <p class='ocr_par' dir='ltr' id='par_1_98' title="bbox 303 4910 1874 4987">
     <span class='ocr_line' id='line_1_98' title="bbox 303 4910 1874 4987; baseline 0.004 -22"><span class='ocrx_word' id='word_1_643' title='bbox 303 4913 688 4985; x_wconf 86' lang='grc' dir='ltr'>προσεύχεται,</span> <span class='ocrx_word' id='word_1_644' title='bbox 721 4916 817 4968; x_wconf 77' lang='grc' dir='ltr'>καὶ</span> <span class='ocrx_word' id='word_1_645' title='bbox 853 4910 996 4969; x_wconf 79' lang='grc' dir='ltr'>εἶδεν</span> <span class='ocrx_word' id='word_1_646' title='bbox 1045 4917 1106 4970; x_wconf 80' lang='grc' dir='ltr'><strong>ὲν</strong></span> <span class='ocrx_word' id='word_1_647' title='bbox 1145 4915 1384 4987; x_wconf 81' lang='grc' dir='ltr'>ὁράματι</span> <span class='ocrx_word' id='word_1_648' title='bbox 1430 4917 1599 4987; x_wconf 80' lang='grc' dir='ltr'>ἄνδρα</span> <span class='ocrx_word' id='word_1_649' title='bbox 1649 4918 1874 4986; x_wconf 85' lang='grc' dir='ltr'>ὀνόματι</span> 
     </span>
    </p>
   </div>
   <div class='ocr_carea' id='block_1_99' title="bbox 1940 4910 3546 4997">
    <p class='ocr_par' dir='ltr' id='par_1_99' title="bbox 1975 4925 3546 4997">
     <span class='ocr_line' id='line_1_99' title="bbox 1975 4925 3546 4997; baseline 0.001 -16"><span class='ocrx_word' id='word_1_650' title='bbox 1975 4926 2246 4981; x_wconf 85' lang='lat' dir='ltr'><strong>Ananiam</strong></span> <span class='ocrx_word' id='word_1_651' title='bbox 2278 4925 2506 4981; x_wconf 89' lang='lat' dir='ltr'><strong>nomine</strong></span> <span class='ocrx_word' id='word_1_652' title='bbox 2534 4925 2934 4994; x_wconf 88' lang='lat' dir='ltr'><strong>introeuntem,</strong></span> <span class='ocrx_word' id='word_1_653' title='bbox 2960 4936 3018 4983; x_wconf 89' lang='lat' dir='ltr'><strong>et</strong></span> <span class='ocrx_word' id='word_1_654' title='bbox 3044 4928 3417 4997; x_wconf 87' lang='lat' dir='ltr'><strong>imponentem</strong></span> <span class='ocrx_word' id='word_1_655' title='bbox 3436 4929 3546 4984; x_wconf 81' lang='lat' dir='ltr'><strong>sibi</strong></span> 
     </span>
    </p>
   </div>
   <div class='ocr_carea' id='block_1_100' title="bbox 316 5004 1922 5088">
    <p class='ocr_par' dir='ltr' id='par_1_100' title="bbox 316 5004 1870 5082">
     <span class='ocr_line' id='line_1_100' title="bbox 316 5004 1870 5082; baseline 0.004 -25"><span class='ocrx_word' id='word_1_656' title='bbox 316 5005 570 5059; x_wconf 79' lang='grc' dir='ltr'>Ἀνανίαν</span> <span class='ocrx_word' id='word_1_657' title='bbox 598 5004 929 5073; x_wconf 84' lang='grc' dir='ltr'>εἰσελθόντα,</span> <span class='ocrx_word' id='word_1_658' title='bbox 975 5006 1070 5061; x_wconf 75' lang='grc' dir='ltr'>καὶ</span> <span class='ocrx_word' id='word_1_659' title='bbox 1095 5006 1354 5061; x_wconf 65' lang='grc' dir='ltr'>ἐπιθέντα</span> <span class='ocrx_word' id='word_1_660' title='bbox 1377 5006 1526 5078; x_wconf 81' lang='grc' dir='ltr'>αὐτῷ</span> <span class='ocrx_word' id='word_1_661' title='bbox 1553 5008 1655 5072; x_wconf 89' lang='grc' dir='ltr'><strong>τάς</strong></span> <span class='ocrx_word' id='word_1_662' title='bbox 1684 5012 1870 5082; x_wconf 81' lang='grc' dir='ltr'>χεῖρας</span> 
     </span>
    </p>
   </div>
   <div class='ocr_carea' id='block_1_101' title="bbox 1183 5004 2789 5088">
    <p class='ocr_par' dir='ltr' id='par_1_101' title="bbox 1183 5006 2789 5088">
     <span class='ocr_line' id='line_1_101' title="bbox 1183 5006 2789 5088; baseline 0.001 -19"><span class='ocrx_word' id='word_1_663' title='bbox 1183 5006 1354 5061; x_wconf 74' lang='grc' dir='ltr'>ιθέντα</span> <span class='ocrx_word' id='word_1_664' title='bbox 1377 5006 1526 5078; x_wconf 75' lang='grc' dir='ltr'>αὐτῷ</span> <span class='ocrx_word' id='word_1_665' title='bbox 1553 5008 1655 5072; x_wconf 75' lang='grc' dir='ltr'>τὰς</span> <span class='ocrx_word' id='word_1_666' title='bbox 1684 5012 1870 5082; x_wconf 81' lang='grc' dir='ltr'>χεῖρας</span> <span class='ocrx_word' id='word_1_667' title='bbox 1977 5032 2195 5083; x_wconf 88' lang='lat' dir='ltr'><strong>manus,</strong></span> <span class='ocrx_word' id='word_1_668' title='bbox 2229 5025 2293 5072; x_wconf 87' lang='lat' dir='ltr'><strong>ut</strong></span> <span class='ocrx_word' id='word_1_669' title='bbox 2328 5018 2510 5071; x_wconf 84' lang='lat' dir='ltr'><strong>visum</strong></span> <span class='ocrx_word' id='word_1_670' title='bbox 2536 5016 2789 5088; x_wconf 84' lang='lat' dir='ltr'><strong>recipiat.</strong></span> 
     </span>
    </p>
   </div>
   <div class='ocr_carea' id='block_1_102' title="bbox 303 5092 779 5165">
    <p class='ocr_par' dir='ltr' id='par_1_102' title="bbox 303 5092 779 5165">
     <span class='ocr_line' id='line_1_102' title="bbox 303 5092 779 5165; baseline 0.002 -19"><span class='ocrx_word' id='word_1_671' title='bbox 303 5092 450 5156; x_wconf 79' lang='grc' dir='ltr'>ὅπως</span> <span class='ocrx_word' id='word_1_672' title='bbox 483 5093 779 5165; x_wconf 77' lang='grc' dir='ltr'>ἀναϐλέψῃ.</span> 
     </span>
    </p>
   </div>
   <div class='ocr_carea' id='block_1_103' title="bbox 372 5184 1978 5259">
    <p class='ocr_par' dir='ltr' id='par_1_103' title="bbox 372 5184 1870 5259">
     <span class='ocr_line' id='line_1_103' title="bbox 372 5184 1870 5259; baseline 0.005 -23"><span class='ocrx_word' id='word_1_673' title='bbox 372 5187 588 5253; x_wconf 77' lang='grc' dir='ltr'>Σολομ.</span> <span class='ocrx_word' id='word_1_674' title='bbox 620 5184 732 5239; x_wconf 63' lang='lat'><strong>416&#39;.</strong></span> <span class='ocrx_word' id='word_1_675' title='bbox 761 5184 1131 5254; x_wconf 63' lang='grc' dir='ltr'>Παμγίνεται</span> <span class='ocrx_word' id='word_1_676' title='bbox 1164 5186 1417 5244; x_wconf 69' lang='grc' dir='ltr'>ἐνύπνιον</span> <span class='ocrx_word' id='word_1_677' title='bbox 1447 5189 1506 5243; x_wconf 80' lang='grc' dir='ltr'><strong>ὲν</strong></span> <span class='ocrx_word' id='word_1_678' title='bbox 1531 5187 1726 5259; x_wconf 81' lang='grc' dir='ltr'>πλήθει</span> <span class='ocrx_word' id='word_1_679' title='bbox 1748 5206 1870 5244; x_wconf 87' lang='grc' dir='ltr'>πει-</span> 
     </span>
    </p>
   </div>
   <div class='ocr_carea' id='block_1_104' title="bbox 1941 5184 3547 5259">
    <p class='ocr_par' dir='ltr' id='par_1_104' title="bbox 2047 5187 3547 5257">
     <span class='ocr_line' id='line_1_104' title="bbox 2047 5187 3547 5257; baseline 0.005 -10"><span class='ocrx_word' id='word_1_680' title='bbox 2047 5192 2214 5247; x_wconf 80' lang='lat' dir='ltr'><strong>Eccli.</strong></span> <span class='ocrx_word' id='word_1_681' title='bbox 2243 5207 2427 5257; x_wconf 78' lang='lat' dir='ltr'><strong>mw,</strong></span> <span class='ocrx_word' id='word_1_682' title='bbox 2454 5187 2516 5246; x_wconf 81' lang='grc'>1.</span> <span class='ocrx_word' id='word_1_683' title='bbox 2535 5220 2606 5230; x_wconf 93' lang='grc'><strong><em>-</em></strong></span> <span class='ocrx_word' id='word_1_684' title='bbox 2629 5190 2792 5246; x_wconf 74' lang='lat' dir='ltr'><strong>Venit</strong></span> <span class='ocrx_word' id='word_1_685' title='bbox 2819 5192 3160 5249; x_wconf 87' lang='lat' dir='ltr'><strong>insomnium</strong></span> <span class='ocrx_word' id='word_1_686' title='bbox 3207 5196 3263 5251; x_wconf 90' lang='lat' dir='ltr'><strong>in</strong></span> <span class='ocrx_word' id='word_1_687' title='bbox 3286 5198 3547 5254; x_wconf 54' lang='lat' dir='ltr'><strong>multitu-s</strong></span> 
     </span>
    </p>
   </div>
   <div class='ocr_carea' id='block_1_105' title="bbox 305 5272 1911 5357">
    <p class='ocr_par' dir='ltr' id='par_1_105' title="bbox 305 5272 651 5357">
     <span class='ocr_line' id='line_1_105' title="bbox 305 5272 651 5357; baseline 0.006 -33"><span class='ocrx_word' id='word_1_688' title='bbox 305 5272 543 5343; x_wconf 85' lang='grc' dir='ltr'>ρασμοῦ.</span> <span class='ocrx_word' id='word_1_689' title='bbox 642 5356 651 5357; x_wconf 16' lang='lat'><em>7</em></span> 
     </span>
    </p>
   </div>
   <div class='ocr_carea' id='block_1_106' title="bbox 1816 5272 3422 5357">
    <p class='ocr_par' dir='ltr' id='par_1_106' title="bbox 1968 5283 3422 5357">
     <span class='ocr_line' id='line_1_106' title="bbox 1968 5283 3422 5357; baseline -0.001 -19"><span class='ocrx_word' id='word_1_690' title='bbox 1968 5283 2107 5357; x_wconf 82' lang='lat' dir='ltr'><strong>dine</strong></span> <span class='ocrx_word' id='word_1_691' title='bbox 2140 5283 2478 5340; x_wconf 85' lang='lat' dir='ltr'><strong>tentationis.</strong></span> <span class='ocrx_word' id='word_1_692' title='bbox 2526 5303 2534 5308; x_wconf 92' lang='grc'><strong>·</strong></span> <span class='ocrx_word' id='word_1_693' title='bbox 3420 5334 3422 5337; x_wconf 86' lang='grc'><strong>.</strong></span> 
     </span>
    </p>
   </div>
   <div class='ocr_carea' id='block_1_107' title="bbox 352 5356 1958 5446">
    <p class='ocr_par' dir='ltr' id='par_1_107' title="bbox 352 5356 1872 5435">
     <span class='ocr_line' id='line_1_107' title="bbox 352 5356 1872 5435; baseline 0.006 -20"><span class='ocrx_word' id='word_1_694' title='bbox 352 5362 555 5434; x_wconf 38' lang='grc' dir='ltr'>,Σιρὰχ</span> <span class='ocrx_word' id='word_1_695' title='bbox 585 5356 770 5415; x_wconf 51' lang='lat'><strong>«16&#39;.—</strong></span> <span class='ocrx_word' id='word_1_696' title='bbox 789 5362 878 5427; x_wconf 83' lang='grc' dir='ltr'>Ὠς</span> <span class='ocrx_word' id='word_1_697' title='bbox 902 5364 932 5416; x_wconf 90' lang='lat'><strong>6</strong></span> <span class='ocrx_word' id='word_1_698' title='bbox 961 5364 1325 5435; x_wconf 85' lang='grc' dir='ltr'>δρασσόμενος</span> <span class='ocrx_word' id='word_1_699' title='bbox 1361 5368 1518 5430; x_wconf 78' lang='grc' dir='ltr'>σκιᾶς</span> <span class='ocrx_word' id='word_1_700' title='bbox 1545 5367 1636 5421; x_wconf 74' lang='grc' dir='ltr'>καὶ</span> <span class='ocrx_word' id='word_1_701' title='bbox 1662 5366 1872 5424; x_wconf 82' lang='grc' dir='ltr'>διώκων</span> 
     </span>
    </p>
   </div>
   <div class='ocr_carea' id='block_1_108' title="bbox 1939 5356 3545 5446">
    <p class='ocr_par' dir='ltr' id='par_1_108' title="bbox 1970 5356 3545 5446">
     <span class='ocr_line' id='line_1_108' title="bbox 1970 5356 3545 5446; baseline -0.001 -18"><span class='ocrx_word' id='word_1_702' title='bbox 1970 5356 1973 5357; x_wconf 14' lang='grc' dir='ltr'><em>ν</em></span> <span class='ocrx_word' id='word_1_703' title='bbox 2004 5372 2169 5442; x_wconf 84' lang='lat'><strong>679</strong></span> <span class='ocrx_word' id='word_1_704' title='bbox 2185 5370 2533 5438; x_wconf 78' lang='lat' dir='ltr'><strong>Eccli.xxxtv,</strong></span> <span class='ocrx_word' id='word_1_705' title='bbox 2558 5372 2614 5427; x_wconf 69' lang='grc'>2.</span> <span class='ocrx_word' id='word_1_706' title='bbox 2632 5400 2699 5412; x_wconf 88' lang='grc'><strong><em>-</em></strong></span> <span class='ocrx_word' id='word_1_707' title='bbox 2719 5371 2887 5439; x_wconf 82' lang='lat' dir='ltr'><strong>Quasi</strong></span> <span class='ocrx_word' id='word_1_708' title='bbox 2910 5375 3006 5444; x_wconf 89' lang='lat' dir='ltr'><strong>qui</strong></span> <span class='ocrx_word' id='word_1_709' title='bbox 3031 5378 3396 5446; x_wconf 75' lang='lat' dir='ltr'><strong>apprehendit</strong></span> <span class='ocrx_word' id='word_1_710' title='bbox 3419 5397 3545 5435; x_wconf 56' lang='lat' dir='ltr'><strong>um.‘</strong></span> 
     </span>
    </p>
   </div>
   <div class='ocr_carea' id='block_1_109' title="bbox 302 5448 1908 5536">
    <p class='ocr_par' dir='ltr' id='par_1_109' title="bbox 302 5448 1481 5526">
     <span class='ocr_line' id='line_1_109' title="bbox 302 5448 1481 5526; baseline 0.005 -21"><span class='ocrx_word' id='word_1_711' title='bbox 302 5448 557 5522; x_wconf 78' lang='grc' dir='ltr'>ἀνέμους,</span> <span class='ocrx_word' id='word_1_712' title='bbox 592 5450 764 5517; x_wconf 78' lang='grc' dir='ltr'>οὕτως</span> <span class='ocrx_word' id='word_1_713' title='bbox 801 5454 830 5506; x_wconf 90' lang='lat'><strong>6</strong></span> <span class='ocrx_word' id='word_1_714' title='bbox 862 5453 1147 5526; x_wconf 87' lang='grc' dir='ltr'>προσέχων</span> <span class='ocrx_word' id='word_1_715' title='bbox 1187 5455 1481 5521; x_wconf 80' lang='grc' dir='ltr'>ἐνυπνίοις.</span> 
     </span>
    </p>
   </div>
   <div class='ocr_carea' id='block_1_110' title="bbox 1936 5448 3542 5536">
    <p class='ocr_par' dir='ltr' id='par_1_110' title="bbox 1978 5464 3542 5536">
     <span class='ocr_line' id='line_1_110' title="bbox 1978 5464 3542 5536; baseline 0.008 -19"><span class='ocrx_word' id='word_1_716' title='bbox 1978 5464 2134 5519; x_wconf 88' lang='lat' dir='ltr'><strong>bram</strong></span> <span class='ocrx_word' id='word_1_717' title='bbox 2151 5474 2207 5520; x_wconf 89' lang='lat' dir='ltr'><strong>et</strong></span> <span class='ocrx_word' id='word_1_718' title='bbox 2218 5464 2570 5536; x_wconf 86' lang='lat' dir='ltr'><strong>persequitur</strong></span> <span class='ocrx_word' id='word_1_719' title='bbox 2581 5464 2917 5532; x_wconf 90' lang='lat' dir='ltr'><strong>ventum,sic</strong></span> <span class='ocrx_word' id='word_1_720' title='bbox 2935 5467 3033 5536; x_wconf 84' lang='lat' dir='ltr'><strong>qui</strong></span> <span class='ocrx_word' id='word_1_721' title='bbox 3046 5468 3276 5524; x_wconf 83' lang='lat' dir='ltr'><strong>attendit</strong></span> <span class='ocrx_word' id='word_1_722' title='bbox 3290 5472 3542 5531; x_wconf 80' lang='lat' dir='ltr'><strong>somniis.</strong></span> 
     </span>
    </p>
   </div>
   <div class='ocr_carea' id='block_1_111' title="bbox 373 5626 1055 5704">
    <p class='ocr_par' dir='ltr' id='par_1_111' title="bbox 373 5626 1055 5704">
     <span class='ocr_line' id='line_1_111' title="bbox 373 5626 1055 5704; baseline 0.003 -21"><span class='ocrx_word' id='word_1_723' title='bbox 373 5628 419 5660; x_wconf 71' lang='grc' dir='ltr'><strong>δ’</strong></span> <span class='ocrx_word' id='word_1_724' title='bbox 446 5627 508 5683; x_wconf 80' lang='lat' dir='ltr'><strong>In</strong></span> <span class='ocrx_word' id='word_1_725' title='bbox 533 5626 699 5683; x_wconf 82' lang='lat' dir='ltr'><strong>Gesn.</strong></span> <span class='ocrx_word' id='word_1_726' title='bbox 728 5628 883 5685; x_wconf 77' lang='lat' dir='ltr'><strong>Stob.</strong></span> <span class='ocrx_word' id='word_1_727' title='bbox 914 5631 1024 5704; x_wconf 39' lang='lat'><strong>90.,</strong></span> <span class='ocrx_word' id='word_1_728' title='bbox 1050 5638 1055 5643; x_wconf 84' lang='lat'><strong>&#39;</strong></span> 
     </span>
    </p>
   </div>
  </div>
