4066 6150
514 248 617 311 m
1678 249 1738 307 s.
1780 243 2065 305 MAXIMI
2105 235 2607 301 CONFESSORIS
3506 280 3509 283 ι
3638 215 3797 301 ioco

586 354 796 409 Basilii.
829 385 871 393 -
926 352 1257 421 Plerumque
1288 354 1436 407 enim
1485 365 1754 410 nocturna
1797 357 1851 409 in
1881 354 2091 410 somnis
2121 360 2163 413 Δ

2268 349 2609 403 Βασιλείου.
2640 374 2710 386 -
2749 345 2835 408 Ὠς
2871 346 2976 413 γὰρ
3008 342 3097 396 ἐπὶ
3129 342 3279 409 πολὺ,
3335 344 3403 398 τὰ
3437 344 3565 398 καθ’
3603 345 3790 401 ὕπνον

518 448 658 511 visa,
722 444 937 499 residua
996 444 1243 503 quadam
1306 455 1437 501 sunt
1497 446 1823 501 diurnarum
1880 446 2090 516 cogita-

2195 440 2574 510 φαντάσματα,
2612 436 2718 488 τῶν
2776 432 3157 505 μεθημερινῶν
3203 433 3426 487 ἐννοιῶν
3480 435 3628 487 εἰσιν
3670 436 3790 489 ἀπ-

521 538 752 592 tionum.

2193 531 2470 601 ηκήματα-

588 626 780 679 Solent
805 624 952 676 enim
989 623 1125 688 fere,
1154 632 1275 694 qum
1311 627 1367 680 in
1414 627 1622 681 sbmnis
1648 626 1910 682 accidunt
1949 628 2090 691 visa,

2266 621 2549 689 Πεφύκασι
2572 618 2679 688 γάρ
2706 634 2821 680 πως
2860 618 2914 669 αἱ
2952 614 3076 669 καθ’
3132 614 3300 670 ὕπνον
3338 615 3663 685 φαντασίαι,
3702 615 3790 678 ὡς

518 718 842 769 diurnarum
875 730 1132 768 curarum
1166 716 1413 784 qum-dam
1444 718 1739 772 simulacra
1773 734 1915 772 esse.
1946 716 2094 783 Qua-

2196 714 2265 767 τὰ
2289 712 2482 775 πολλὰ,
2513 710 2855 780 ἀπηχήματα
2880 704 3028 761 ἐἶναι
3057 707 3166 761 τῶν
3204 707 3593 778 μεθημερινῶν
3621 722 3792 777 φρον-

518 808 589 861 lia
619 807 768 859 enim
795 815 923 859 sunt
953 816 1143 860 nostra
1190 806 1244 860 in
1303 808 1415 861 vita
1448 808 1655 873 studia,
1684 809 1814 863 talia
1866 822 2097 862 necesse

2196 805 2376 858 τίδων.
2435 802 2627 854 Ὀποῖα
2675 800 2785 868 γάρ
2830 798 2897 852 ἂν
3022 798 3091 851 τὰ
3141 799 3282 852 κατὰ
3306 799 3398 852 τὸν
3453 798 3570 868 βίον
3622 799 3790 868 ἡμῶν

518 907 742 952 estesse
769 906 825 950 et
862 896 1160 949 insomnia.

2200 892 2627 962 ἐπιτηδεύματα,
2645 890 2873 944 τοιαῦτα
2898 889 3112 960 ἀνάγκη
3141 885 3396 943 εἶναικαὶ
3424 890 3495 943 τὰ
3521 889 3784 943 ἐνύπνια.

589 983 901 1053 Assumptis
925 991 1119 1036 noctes
1143 982 1361 1037 diurnis
1386 984 1557 1048 curis,
1588 1000 1688 1054 per
1716 999 1907 1039 earum
1942 996 2102 1053 spec-

2271 988 2335 1038 Ai
2370 984 2563 1046 νύκτες
2604 984 2703 1042 τάς
2761 982 3136 1052 μεθημερινὰς
3190 980 3481 1052 φροντίδας
3527 981 3780 1051 παραλα-

519 1076 618 1133 tati
648 1090 713 1129 ac
742 1074 859 1128 visa
879 1074 1049 1128 menti
1086 1074 1344 1128 illudunt.

2201 1077 2414 1153 ϐοῆσαι,
2467 1077 2524 1128 ἐν
2552 1076 2672 1137 ταῖς
2715 1072 2895 1127 αὐτῶν
2944 1072 3267 1141 φαντασίαις
3322 1069 3642 1145 ἐξαπατῶσι
3689 1071 3784 1124 τδτ

2202 1184 2348 1221 νουν.
3098 1178 3099 1181 Ἰ

592 1249 748 1316 Quod
788 1250 913 1317 quis
953 1249 1010 1302 in
1065 1249 1295 1315 somnis,
1342 1264 1578 1319 quorum
1623 1248 1903 1304 desiderio
1949 1255 2104 1304 tenes

2258 1260 2348 1313 -Τὸ
2379 1260 2497 1312 κατ’
2524 1259 2656 1331 ὄναρ
2689 1259 2815 1312 ἰδεῖν
2843 1257 2912 1312 τὰ
2933 1255 3262 1326 ποθούμενα,
3292 1255 3449 1326 φέρει
3485 1259 3600 1319 τοῖς
3637 1255 3786 1323 ἀγα-

524 1355 637 1408 tur,
662 1343 864 1397 videat.
901 1342 1108 1395 amoris
1157 1342 1418 1396 solatium
1443 1340 1679 1395 exsistit.

1157 1342 1418 1396 solatium
1443 1340 1679 1395 exsistit.
2210 1352 2357 1405 πῶσι
2379 1350 2749 1421 παραμυθίαν.

595 1433 815 1488 Ebriosi
848 1432 1101 1486 homines
1125 1447 1188 1485 ac
1221 1431 1420 1501 gulosi,
1444 1446 1625 1499 neque
1663 1430 1962 1500 genuinum
1990 1430 2106 1483 sin-

2277 1442 2341 1493 Οί
2375 1440 2517 1512 μέθῃ
2562 1442 2655 1493 καὶ
2682 1440 2957 1510 ἀδηφαγία
2997 1436 3403 1504 δεδουλωμένοι,
3442 1437 3568 1490 οὔτε
3617 1434 3784 1489 ὕπνον

525 1539 825 1601 cerumque
867 1538 1120 1577 somnum
1166 1524 1411 1592 capiunt,
1455 1538 1559 1577 nec
1590 1522 1659 1576 ab
1711 1520 2108 1575 insomniorum

2215 1528 2486 1598 αἱροῦνται
2547 1530 2767 1599 γνήσιον
2834 1528 2929 1580 καὶ
2969 1527 3264 1598 εἰλικρινῆ,
3327 1527 3451 1580 οὔτε
3488 1526 3821 1596 ὀνειράτωνι

527 1614 835 1670 terroribus
868 1614 1141 1667 immunes
1177 1613 1473 1667 exsistunt.

1329 1620 1473 1666 iuni.
2210 1621 2638 1677 ἀπαλλάττονται
2665 1620 2929 1691 φοϐερῶν.

1186 1728 1451 1798 Theologi.
2139 1712 2183 1767 Β

2139 1712 2183 1767 Β
2827 1707 3143 1801 Θεονίόγου.

599 1819 677 1893 l_V_e
704 1821 1027 1893 somniorum
1061 1820 1275 1874 ludicris
1310 1822 1604 1893 adllatreas,
1688 1835 1723 1893 '_

2315 1825 2409 1893 Μὴ
2444 1824 2656 1893 σφόδρ’
2682 1824 2929 1877 ἕπεσθαι
2956 1820 3251 1893 παιγνίοις
3286 1821 3612 1891 ἐνυπνίων,

600 1889 704 1961 Nec
738 1889 892 1958 facile
915 1894 1263 1961 consterneris
1288 1892 1467 1943 animo
1490 1891 1559 1942 ad
1582 1890 1793 1952 omnia;

2314 1889 2461 1961 Mnd‘
2487 1889 2826 1961 ἓύσέτόητον
2847 1897 2935 1959 εἰς
2953 1889 3164 1947 ἅπαντ’
3180 1892 3343 1960 ἔχειν
3368 1894 3579 1961 φρένα,

601 1954 706 2031 Νει-
734 1954 841 2031 uisa
873 1968 923 2026 te
954 1960 1144 2031 tollant
1164 1977 1280 2029 qua:
1310 1960 1435 2013 bene
1464 1961 1701 2031 ominata
1730 1967 1871 2031 sunt.

2323 1954 2489 2029 Μὴδὲ
2523 1954 2740 2031 πτεροῦ
2758 1981 2859 2031 μοι
2888 1954 3106 2027 δεξιοῖς
3133 1954 3522 2030 φαὶλτάσξιιὶισι
3545 1976 3561 1992 ·

605 2026 891 2102 Quodlsz
926 2030 1057 2082 mali
1084 2026 1290 2102 insidia:
1322 2031 1431 2097 fere
1464 2031 1569 2083 sint
1599 2030 1872 2083 dazmonis.

2317 2026 2512 2102 Λόχος
2534 2026 2661 2085 τάδ’
2684 2026 2814 2085 ἐστὶ
2847 2026 3272 2102 amusing-'20?)
3293 2026 3657 2102 δυὶῖμενοῦς.

602 2097 766 2169 Stulti
784 2101 1058 2152 insomniis
1080 2100 1293 2152 ditiores
1320 2107 1464 2162 sunt,

2314 2097 2660 2169 Πλῦυτοῦσι
2683 2102 2863 2169 μωροὶ
2891 2101 3013 2166 τοῖς
3038 2101 3304 2167 ὀνείρασι
3337 2097 3548 2164 πλέον,

605 2167 782 2233 Quam
808 2170 897 2238 qui
924 2169 1172 2239 abyssum
1199 2170 1463 2238 possident
1496 2169 1824 2223 divitiarum.

2326 2168 2401 2225 ’Ἢ
2429 2167 2750 2240 χρημάτων
2770 2167 3057 2224 ἄϐυσσον
3084 2174 3137 2224 ol
3162 2171 3533 2239 κεκτημένοι.

606 2278 873 2353 Chrysost.
907 2310 978 2320 --
1016 2280 1259 2336 Somniis
1298 2280 1551 2347 credens,
1589 2281 1658 2335 ad
1708 2280 1893 2337 omnia
1953 2279 2112 2350 inep-

2284 2284 2592 2352 Χρυσοστ.
2629 2312 2700 2322 -
2732 2281 2792 2335 '0
2818 2285 2931 2347 τοῖς
2958 2282 3184 2354 ὀνείροις
3205 2283 3513 2356 προσέχων,
3540 2285 3621 2347 εἰς
3644 2284 3795 2338 ἀπαν

538 2381 628 2428 tus
657 2381 762 2426 est.
1646 2400 1656 2408 ~

1646 2400 1656 2408 ~
2218 2376 2497 2449 ἀδόκιμος.

606 2463 768 2517 Joan.
818 2464 977 2519 Clim.
1031 2494 1102 2506 —
1144 2463 1296 2520 Solet
1346 2468 1490 2524 Deus
1550 2467 1869 2523 hominibus
1934 2467 2117 2523 futura

2265 2459 2448 2520 Ἰωαν.
2476 2465 2654 2536 Κλίμ.
2672 2494 2742 2504 -
2761 2464 2910 2518 Φιλεϊ
2930 2463 3036 2536 γάρ
3056 2465 3116 2518 τὸ
3138 2452 3412 2536 δαιμόνιον
3437 2466 3503 2534 (e)
3526 2463 3800 2526 πολλάκις

538 2564 707 2611 noctu
737 2572 1034 2625 exponere,
1064 2573 1172 2611 non
1199 2566 1258 2611 ut
1293 2574 1414 2628 quae
1449 2567 1715 2613 eventura
1758 2568 1907 2624 sunt,
1942 2559 2120 2614 vitent

2221 2554 2532 2628 ἀνθρώποις
2553 2557 2615 2609 τὸ
2657 2556 2848 2639 μέλλον
2872 2554 3087 2626 νύκτωρ
3131 2554 3326 2620 λαλεῖν,
3366 2557 3460 2625 οὐχ
3490 2555 3574 2608 ἴνα
3614 2555 3797 2622 φυλὰ·

542 2646 676 2717 (non
709 2648 860 2700 enim
907 2647 1077 2701 fatum
1112 2663 1373 2717 superare
1408 2650 1681 2719 possunt),
1725 2649 1820 2703 sed
1854 2657 1916 2703 ut
1945 2648 2121 2703 levius

2224 2647 2420 2714 ξωνται
2446 2646 2522 2719 μὴ
2551 2646 2744 2700 παθεῖν
2779 2646 2983 2731 (οὐγὰρ
3015 2648 3341 2731 εἱμαρμένης
3369 2646 3620 2699 δύνανται
3649 2661 3805 2717 κραο

541 2735 724 2790 ferant
757 2752 820 2790 ea
850 2752 972 2805 quae
1005 2740 1220 2807 passuri
1251 2748 1399 2794 sunt.

2221 2739 2377 2808 τείν),
2394 2732 2507 2791 ait)?
2534 2736 2619 2791 ἵνα
2648 2736 2977 2807 κουφότερον
2999 2739 3295 2807 πάσχοντες
3318 2738 3577 2808 φέρωσιν.

618 2831 748 2883 Nili.
781 2860 851 2868 --
874 2829 977 2895 Qui
1019 2830 1282 2884 observat
1316 2832 1608 2897 insomnia,
1647 2833 1843 2887 similis
1883 2840 1968 2887 est
2000 2846 2125 2886 um-

2293 2831 2532 2885 Νείλου.
2569 2859 2637 2871 -
2674 2829 2733 2881 '0
2768 2831 2881 2892 τοῖς
2911 2828 3140 2901 ὀνείροις
3166 2830 3451 2900 προσέχων
3479 2869 3495 2895 ,
3543 2828 3686 2884 ἔοικε
3723 2830 3804 2901 τῷ

544 2921 702 2976 bram
739 2935 894 2972 suam
941 2920 1317 2988 perscqucnti.
2012 2935 2016 2939 ‘

2012 2935 2016 2939 ‘
2153 2971 2193 2993 Α
2228 2921 2327 2993 τὴν
2359 2921 2516 2974 σκιὰν
2545 2920 2708 2975 αὑτοῦ
2737 2920 3148 2975 καταδιώκοντι.

618 3009 848 3076 Quando
875 3010 929 3063 in
965 3010 1175 3065 somnis
1222 3011 1565 3068 daemonibus
1618 3015 1848 3071 obedire
1885 3017 2122 3088 cmperi-
2151 3009 2196 3030 “'

2312 3013 2542 3068 Ὀπόταν
2577 3015 2635 3067 iw
2651 3014 2763 3078 τοῖς
2796 3012 2985 3076 ὕπνοις
3012 3014 3125 3076 τοῖς
3149 3011 3371 3081 δαίμοσι
3402 3010 3684 3065 πείθεσθαι
3711 3012 3810 3081 ἀρα

552 3118 692 3167 nms,
718 3109 849 3155 tunc
875 3101 1137 3170 deinceps
1163 3111 1217 3155 et
1258 3101 1615 3172 vigilantibus
1652 3106 1910 3162 illudunt.

2231 3103 2471 3175 ξώμεθα,
2496 3105 2617 3158 τότε
2642 3104 2826 3158 λοιπὸν
2853 3104 2947 3158 καὶ
2973 3104 3349 3175 ἐγρηγορότας
3377 3103 3761 3173 ἐμπαίζουσιν.

617 3192 899 3248 ᾹίδεΙιίηίε.
934 3223 1006 3231 -
1035 3193 1163 3247 Plus
1190 3209 1352 3262 quam
1396 3196 1555 3251 decet
1594 3196 1858 3263 dormire,
1894 3197 2128 3253 mortuis

2299 3194 2538 3265 Αίσχίν.
2569 3223 2640 3235 -
2680 3188 2753 3248 Τὸ
2792 3195 2939 3265 πέρα
2990 3194 3278 3249 καθεύδειν
3338 3188 3435 3246 τοῦ
3488 3192 3811 3262 πρέποντος,

550 3283 723 3356 magis
750 3284 1030 3347 convenit,
1060 3298 1222 3354 quam
1258 3285 1419 3341 vivis.

2229 3287 2344 3349 τοῖς
2367 3286 2655 3356 τεθνηκόσι
2680 3285 2881 3356 μᾶλλ.ον
2912 3283 3057 3356 ἥπερ
3080 3286 3193 3348 τοῖς
3225 3282 3395 3348 ζῶσιν
3424 3285 3707 3356 ἁρμόδιον.

1108 3462 1340 3519 SERMO
1379 3465 1564 3521 LXVI.

2790 3463 3010 3518 ΛΟΓΟΣ
3042 3460 3154 3529 Ξςι
3177 3463 3244 3521 ⁸⁸.

548 3550 629 3609 De
653 3554 956 3608 innocentia
986 3561 1034 3606 et
1063 3556 1420 3624 simplicitate,
1463 3558 1627 3628 deque
1659 3560 1988 3630 injuriarum
2017 3580 2126 3618 me-

1925 3574 1988 3617 :m
2017 3580 2126 3618 me—
2508 3555 2649 3624 Περὶ
2669 3540 2924 3622 ἀκακίας
2952 3555 3052 3609 καί
3092 3555 3531 3624 μνησικακίας.

1044 3648 1213 3699 moria
1255 3656 1302 3700 et
1345 3649 1636 3704 simultate.

623 3736 816 3790 Matth.
852 3752 1002 3799 xvnt,
1034 3738 1086 3790 5.
1118 3768 1188 3775 -
1226 3738 1422 3803 Amen,
1466 3755 1627 3794 amen
1662 3741 1787 3797 dico
1813 3742 1989 3808 vobis,
2021 3743 2129 3800 nisi

2297 3731 2872 3803 Ματθ.ιη’.-’Δμὴν,
2900 3720 3044 3803 ἀμὴν
3064 3732 3209 3800 λέγω
3227 3731 3379 3803 ὑμῖν,
3406 3733 3506 3786 ἐὰν
3545 3732 3624 3802 μὴ
3656 3748 3818 3803 στραέ

553 3826 809 3881 conversi
841 3825 1081 3889 fueritis,
1106 3834 1161 3880 et
1209 3827 1526 3883 emciamini
1556 3831 1701 3885 sicut
1734 3833 1971 3902 parvuli,
2017 3850 2131 3889 non

2236 3826 2372 3897 φῆτε
2426 3826 2522 3879 καὶ
2565 3825 2797 3894 γένησθε
2842 3824 2920 3885 ὡς
2951 3826 3019 3876 τά
3048 3823 3258 3891 παιδία,
3299 3824 3363 3877 οὐ
3413 3824 3493 3894 μὴ
3541 3824 3818 3895 εἰσέλθητε

554 3916 838 3971 intrabitis
870 3917 923 3969 in
957 3933 1182 3987 regnum
1206 3919 1497 3974 cmlorum.
1810 3914 1813 3919 ’

1810 3914 1813 3919 ’
2236 3918 2318 3980 είς
2351 3918 2451 3986 τὴν
2487 3916 2766 3987 βασιλείαν
2800 3913 2909 3968 τῶν
2944 3913 3210 3984 οὐρανῶν.

623 4010 813 4064 Matth.
847 4027 899 4075 ν,
926 4010 1015 4063 25.
1062 4040 1133 4049 —
1165 4010 1220 4064 Si
1274 4011 1543 4065 obtuleris
1602 4027 1804 4068 munus
1846 4022 2004 4069 tuum
2063 4015 2132 4070 ad

2309 4011 2494 4061 Ματθ.
2520 4007 2585 4060 ε’.
2648 4005 2774 4059 Ἐἀν
2799 4005 3175 4074 προσενέγκῃς
3221 4002 3283 4056 τὸ
3323 4003 3506 4075 δῶρόν
3533 4022 3632 4058 σου
3662 4006 3744 4068 εἰς
3765 4005 3820 4057 τδ

553 4101 747 4165 altare,
786 4110 842 4154 et
888 4099 962 4153 ibi
1010 4100 1335 4154 recordatus
1383 4101 1555 4156 fueris
1603 4104 1735 4172 quia
1780 4104 1950 4160 frater
2004 4113 2135 4161 tuus

2237 4100 2645 4169 θυσιαστήριον,
2694 4097 2855 4150 κάκεῖ
2887 4095 3135 4167 μνησθῇς
3169 4096 3253 4148 ὅτι
3300 4094 3419 4165 ἔχει
3454 4113 3512 4148 τι
3540 4097 3570 4148 ὁ
3598 4095 3820 4163 ἀδελφός

555 4189 723 4245 habet
761 4189 968 4259 aliquid
995 4190 1286 4243 achrsum
1319 4199 1404 4257 te;
1436 4191 1687 4260 relinque
1718 4209 1920 4248 munus
1953 4203 2131 4264 tuum,

2239 4208 2330 4245 σου
2354 4190 2496 4243 κατὰ
2535 4188 2653 4253 σοῦ,
2681 4189 2815 4256 ἄφες
2842 4188 2903 4240 τὸ
2928 4183 3099 4258 δῶρόν
3129 4203 3249 4251 σου,
3278 4187 3378 4239 καὶ
3409 4186 3595 4256 ὕπαγε
3615 4187 3822 4257 πρῶτον

555 4288 613 4335 et
650 4281 810 4345 vade,
843 4281 1000 4350 prius
1026 4282 1383 4336 reconciliare
1408 4281 1564 4335 fratri
1604 4289 1719 4348 tuo,
1762 4293 1817 4338 et
1850 4293 1982 4341 tunc
2001 4288 2135 4344 οπε-

2240 4278 2562 4350 διαλλάγηθι
2597 4276 2676 4347 τῷ
2701 4275 2920 4346 ἀδελφῷ
2948 4291 3065 4343 σου,
3099 4275 3194 4329 καὶ
3227 4275 3355 4328 τότε
3392 4277 3723 4350 προσφέρῃς
3767 4276 3823 4329 τὺ

559 4388 647 4428 res
669 4388 874 4427 munus
909 4383 1087 4427 ιιιιιιῐι.
1736 4410 1761 4420 -

2236 4372 2410 4445 δῶρόν
2443 4386 2587 4425 σουυ
3548 4385 3557 4393 ·

624 4465 795 4534 680
830 4464 856 4518 I
907 4459 1082 4517 Thess.
1114 4480 1167 4527 ν,
1202 4464 1287 4517 15.
1316 4464 1593 4520 —Videte
1640 4481 1710 4520 ne
1761 4470 1886 4537 quis
1934 4471 2137 4525 malum

2310 4463 2371 4518 A'
2402 4464 2585 4515 Θεσσ.
2616 4465 2681 4513 ε’.
2707 4488 2777 4499 -
2820 4458 3015 4529 Ὁρᾶτε
3049 4458 3124 4528 μή
3170 4473 3257 4520 τις
3291 4458 3471 4513 κακὸν
3505 4460 3631 4514 ἀντὶ
3661 4458 3825 4515 κακοῦ

559 4569 659 4623 pro
690 4555 835 4609 malo
870 4554 1038 4609 alicui
1090 4555 1317 4621 reddat;
1363 4556 1459 4611 sed
1501 4572 1720 4627 semper
1752 4559 1900 4629 quod
1933 4559 2140 4615 bonum

2013 4577 2140 4615 num
2243 4552 2427 4623 ἀποδῷ
2456 4568 2587 4615 τινι,
2611 4549 2748 4604 ἀλλὰ
2774 4550 3007 4603 πάντοτε
3033 4547 3331 4602 τὸδίκαιον
3365 4548 3619 4604 διώκετε.

560 4655 648 4700 est
681 4644 993 4699 sectamini.

636 4732 828 4802 Ephes.
865 4749 937 4798 ιν,
971 4733 1060 4788 26.
1097 4764 1167 4774 —
1195 4733 1287 4789 Sol
1316 4750 1426 4789 non
1460 4734 1678 4790 occidat
1729 4748 1896 4806 super
1927 4737 2161 4793 iracun-

2333 4734 2457 4803 Ἐςο.
2479 4733 2552 4787 δ’.
2580 4762 2652 4774 -—
2697 4732 2755 4786 '0
2776 4729 2930 4801 ἥλιος
2976 4728 3051 4801 μὴ
3074 4727 3347 4782 ἐπιδυέτω
3383 4727 3487 4781 ἐπὶ
3515 4728 3596 4799 τῷ
3632 4747 3831 4801 παρορ-

564 4821 655 4877 dia
684 4830 885 4877 vestra.
1840 4854 1855 4867 .

1840 4854 1855 4867 -
2248 4826 2429 4897 γισμῷ
2456 4822 2630 4893 ὑμῶν.

639 4911 820 4968 Galat.
849 4930 903 4979 v,
938 4912 1021 4967 15.
1062 4943 1133 4953 —
1163 4911 1323 4978 Quod
1362 4914 1408 4968 si
1445 4913 1540 4968 alii
1585 4915 1724 4969 alios
1770 4916 2039 4972 mordetis
2091 4920 2149 4972 et

2319 4917 2469 4969 Γαλ.
2492 4920 2557 4967 ε’.
2592 4943 2657 4956 ——
2692 4914 2755 4967 El
2792 4910 3060 4981 ἀλλήλους
3086 4908 3315 4963 δάκνετε
3361 4909 3468 4964 καὶ
3498 4909 3834 4974 κατεσθίετε,

567 5003 879 5067 comeditis,
913 5002 1098 5057 videte
1128 5018 1199 5057 ne
1227 5003 1319 5057 alii
1356 5004 1424 5059 ab
1454 5002 1579 5059 aliis
1616 5005 2035 5060 consumamini.

1751 5005 2035 5060 umamini.
2252 5005 2477 5077 βλέπετε
2506 5006 2582 5076 μὴ
2614 5004 2705 5057 ὑπ’
2737 5002 2985 5073 ἀλλήλων
3014 4999 3356 5070 ἀναλωθῆτε.

637 5156 683 5186 ⁸³
712 5156 769 5210 in
799 5156 963 5211 Gesn.
998 5157 1152 5213 Stob.
1187 5158 1241 5213 9.

2085 5247 2315 5304 NOTAE.

640 5338 711 5409 (ε)
729 5338 898 5411 φιλεῖ
917 5340 1026 5411 γὰρ
1041 5342 1105 5394 τὸ
1125 5341 1454 5411 δαιμόνιον.
1478 5343 1616 5396 Tum
1630 5343 1862 5408 scilicet,
1882 5356 2008 5397 cum
2028 5350 2148 5395 rato

2257 5340 2397 5411 quid
2456 5341 2582 5395 inde
2639 5341 2806 5396 liceat
2861 5341 3135 5397 conferre.
3180 5338 3341 5409 Quod
3379 5346 3475 5402 ubi
3532 5351 3613 5405 ita
3661 5348 3842 5410 habet.

572 5409 717 5463 Deus
748 5409 991 5463 decrevit
1023 5409 1286 5477 consilio;
1317 5422 1379 5467 ut
1424 5426 1550 5467 cum
1587 5413 1778 5468 Davidi
1813 5414 2149 5467 moriturum
2256 5409 2402 5464 haud
2443 5411 2670 5465 dubium
2698 5427 2728 5465 a
2750 5413 2863 5467 Deo
2897 5412 3167 5467 insomnia
3200 5424 3351 5469 esset
3384 5432 3453 5472 ac
3480 5419 3737 5476 beneﬁca
3760 5409 3847 5474 na?

576 5490 805 5544 puerum
830 5479 1100 5555 praedixit,
1124 5496 1196 5555 ex
1232 5481 1507 5555 adulterio
1537 5491 1897 5555 susceptum;
1930 5497 1994 5535 ac
2035 5480 2150 5549 ple-
2256 5486 2407 5555 tura;
2439 5496 2613 5555 quam
2653 5481 2828 5555 ipsam
2880 5481 3216 5555 daemonium
3263 5498 3498 5555 vocare,
3548 5505 3668 5546 non
3723 5489 3848 5546 satis

578 5559 808 5621 [ιιιιιψιρ
841 5547 920 5621 sic
940 5548 1055 5602 visa
1087 5550 1335 5606 videmus
1360 5552 1632 5611 accidere,
1662 5547 1724 5604 ut
1755 5554 1810 5607 in
1839 5547 2146 5621 Pharaone,
2254 5547 2692 5605 ecclesiasticum
2720 5551 2897 5607 videri
2924 5559 3127 5621 potest.

581 5611 1138 5683 Nabuchodonosore,
1162 5629 1267 5674 etc.
1297 5621 1501 5689 quibus
1534 5627 1718 5675 tamen
1751 5620 2028 5678 leniendis
2048 5619 2147 5673 ali-
