4066 6150
393 240 524 306 1001

1685 262 1852 324 LOCI
1891 264 2325 330 COMMUNES.

3502 289 3634 362 1,002

457 365 705 433 Παροιμ.
738 365 846 420 κδ’.
873 397 943 409 -
981 367 1106 423 Ἐἀν
1137 347 1278 444 πέσῃ
1306 373 1334 426 ὁ
1361 373 1552 446 ἐχθρός
1579 393 1691 442 σου,
1731 380 1804 450 μὴ
1840 381 1928 434 ἐπι

2029 427 2034 440 .
2134 383 2291 440 Prov.
2324 403 2465 454 xxiv,
2503 387 2586 444 17.
2614 422 2682 430 —
2717 391 2772 446 Si
2806 393 3070 450 ceciderit
3097 397 3354 456 inimicus
3396 411 3542 469 tuus,
3565 421 3635 460 ne

387 456 562 525 χαρῇς
612 455 793 528 αὐτῷ’
841 459 900 512 ὲν
935 459 992 513 δὲ
1032 459 1110 530 τῷ
1159 462 1590 536 ὕποσκελίσματι
1644 469 1829 535 αὑτοῦ,
1885 473 1960 544 μὴ

385 543 637 616 ἑπαίρου,
689 547 772 600 ὅτι
801 547 998 619 ὄψεται
1025 549 1254 624 Κύριος,
1285 553 1392 606 καῖ
1417 557 1517 608 οὐκ
1547 557 1736 627 ἀρέσει
1775 543 1956 632 αὐτῷ,

385 635 483 686 καὶ
508 636 842 708 ἀποστρέψει
881 641 974 694 τὸν
1005 641 1174 713 θυμὸν
1205 644 1372 698 αὐτοῦ
1400 645 1720 704 ἀπ’,αὐτοῢτ

452 718 701 797 Παροιμ.
738 729 837 792 ιβ’.
867 758 939 769 -—
982 729 1124 786 ὐδοὶ
1155 735 1511 804 μνησικάκων
1539 738 1621 802 είς
1649 738 1901 794 θάνατον.

453 908 701 976 Παροιμ.
727 915 837 963 κη’.
871 909 1014 964 -Ὁ
1050 915 1430 984 μνησικακῶν,
1462 917 1802 989 παράνομος.

446 1076 696 1144 Παροιμ.
724 1075 817 1131 ιδ’.
846 1109 918 1118 -
947 1081 1010 1135 '0
1047 1083 1255 1149 ἄκακος
1289 1089 1536 1144 πιστεύει
1555 1093 1718 1147 παντὶ
1743 1094 1905 1166 λόγῳ.

446 1166 694 1232 Παροιμ.
719 1172 794 1220 α’.
834 1196 906 1208 —
933 1167 1100 1224 Ὅσον
1121 1176 1314 1245 χρόνον
1365 1179 1582 1251 ἔχονται
1610 1184 1809 1240 ἄκακοι
1854 1183 1955 1257 τῆς

373 1253 744 1325 δικαιοσύνης,
783 1255 884 1309 οὐκ
912 1259 1391 1332 αἰσχυνθήσονται.

443 1343 626 1412 Σιρὰχ
661 1351 776 1413 κη’.
805 1374 877 1388 -
911 1347 1086 1417 Ἀφες
1138 1351 1386 1426 ἀδίκημα
1440 1358 1519 1429 τῷ
1566 1361 1800 1432 πλησίον
1833 1381 1950 1426 σου.

373 1436 468 1486 καὶ
519 1435 640 1488 τότε
689 1434 972 1508 δεηθέντος
1011 1455 1126 1508 σου,
1181 1444 1238 1496 αἱ
1300 1445 1570 1518 ἁμαρτίαι
1642 1468 1735 1504 σου
1786 1452 1954 1524 λυθήο

375 1541 584 1580 σονται.

445 1619 663 1673 Βασιλ.
689 1650 759 1662 σ-
787 1622 863 1675 Οὐ
894 1621 976 1676 δεῖ
1012 1625 1105 1678 ἐπὶ
1139 1631 1508 1702 παροργισμῷ
1533 1633 1762 1704 ἀδελφοῦ
1795 1637 1950 1692 δῦναι
1981 1714 2018 1722 Δ
2053 1619 2155 1717 tri;
2169 1619 2429 1722 "gé‘éjdat

370 1706 462 1760 τὸν
496 1707 670 1778 ἥλιον,
713 1714 926 1783 μήποτε
961 1717 996 1784 ἡ
1020 1717 1116 1784 νὺξ
1141 1722 1460 1795 μεταστήσῃ
1483 1725 1687 1794 μεταξὺ
1711 1728 1949 1799 ἀμφοτέ-
1978 1714 2025 1774 Β

373 1815 505 1868 ρων,
525 1801 618 1854 καὶ
639 1803 916 1876 καταλίπῃ
948 1805 1005 1857 ἐν
1027 1807 1211 1880 ἡμέρᾳ
1233 1811 1469 1882 κρίσεως
1487 1814 1742 1887 ἔγκλημα
1761 1820 1944 1892 ἀπαρ-

365 1889 608 1962 αίτητον.
731 1906 753 1919 δ

438 1983 678 2040 Ἦκιστα
707 1990 907 2046 κακίαν
933 1991 1035 2064 οὐχ
1063 1993 1328 2066 ὑφορᾶται
1351 1997 1436 2070 (f),
1477 2001 1537 2053 τὸ
1572 2003 1769 2068 κακίας
1797 2006 1940 2060 ἐλεύ-

367 2072 550 2143 θερον.

437 2167 754 2240 Θεολόγου.
787 2201 858 2212 -
896 2173 954 2227 '0
975 2154 1077 2244 μὲν
1100 2176 1212 2248 γὰρ
1235 2179 1407 2242 κακὸς
1423 2180 1655 2252 τάχιστα
1683 2184 1749 2237 ἂν
1776 2203 1946 2241 κατα-

371 2257 528 2326 γνοίη
560 2260 655 2312 καὶ
686 2260 781 2314 τοῦ
809 2264 1016 2332 ἀγαθοῦ
1043 2282 1056 2297 ·
1093 2268 1121 2319 ὁ
1147 2267 1352 2337 ἀγαθὸς
1373 2271 1451 2336 δὲ,
1481 2273 1602 2326 οὐδὲ
1641 2274 1735 2328 τοῦ
1768 2278 1941 2332 κακοῦ

373 2347 597 2416 ῥᾳδίως.
651 2351 723 2404 Τὸ
759 2353 868 2425 γὰρ
915 2357 996 2420 είς
1027 2359 1226 2412 κακίαν
1273 2361 1369 2430 οὐχ
1399 2361 1642 2433 ἕτοιμον,
1691 2366 1802 2418 οὐδ’
1862 2371 1940 2433 είς

373 2439 631 2494 ὑπόνοιαν
656 2443 900 2516 εὐχερές.

431 2528 618 2594 Οὐδεὶς
634 2521 788 2605 κακῷ
816 2537 986 2591 κακὸν
1015 2541 1181 2607 ίᾶται,
1201 2543 1315 2597 ἀλλ’
1329 2543 1520 2616 ἀγαθῷ
1551 2547 1612 2601 τὺ
1642 2551 1830 2606 κακόν.

427 2621 732 2686 Χρυσοστ.
767 2656 838 2667 -
873 2628 1042 2685 Ὅταν
1080 2633 1424 2707 ἐννοήσωμεν
1479 2637 1624 2714 ἅπερ
1663 2643 1938 2716 ἐπάθομεν

359 2709 510 2778 παρὰ
532 2710 641 2764 τῶν
675 2715 996 2785 συνδούλων,
1021 2719 1370 2794 λογισώμεθα
1401 2728 1493 2781 καὶ
1518 2709 1663 2802 ἅπερ
1683 2709 1939 2808 ἐποιήσα-

360 2817 461 2868 μεν
512 2801 592 2864 είς
631 2804 722 2858 τὸν
760 2808 1060 2880 Δεσπότην,
1097 2815 1193 2867 καὶ
1243 2816 1322 2886 τῷ
1371 2819 1520 2891 φόϐῳ
1571 2801 1688 2876 τῶν-
1717 2801 1936 2884 οἰκείων

361 2893 803 2968 ἁμαρτημάτων,
843 2905 936 2957 τδν
975 2905 1146 2976 θυμὸν
1187 2907 1281 2962 τὸν
1331 2896 1427 2965 ἐπὶ
1477 2917 1590 2979 τοῖς
1636 2918 1934 2992 ἀλλοτρίοις

355 2987 795 3062 πλημμελήμασι
821 2995 1034 3065 ταχέως
1067 2999 1395 3058 ἀπώσασθαι
1430 3005 1789 3081 δυνησόμεθα.

423 3081 485 3132 Εί
512 3081 621 3152 γὰρ
654 3083 735 3137 δεῖ
763 3089 1074 3158 μεμνῆσθαι
1094 3091 1536 3166 ἁμαρτημάτων,
1569 3103 1682 3157 τῶν
1713 3107 1930 3163 οίκείων

353 3168 436 3221 δεῖ
477 3171 791 3242 μεμνῆσθαι
827 3176 1116 3246 μόνον.“Δν
1151 3182 1260 3236 τῶν
1292 3185 1509 3245 οἰκείων
1542 3196 1934 3261 μνημονεύσω-

355 3276 456 3329 μεν
485 3299 501 3326 ,
542 3261 799 3317 οὐδέποτε
836 3266 905 3320 τὰ
940 3269 1201 3344 ἀλλότρια
1253 3273 1602 3348 λογιούμεθα.

429 3439 525 3494 Ἂν
571 3440 747 3511 ἀφῆτε
785 3446 898 3509 τοῖς
931 3446 1160 3519 ἐχθροῖς,
1185 3451 1362 3522 ὑμῶν,
1419 3457 1750 3531 ἀφεθήσεται
1781 3467 1925 3537 ὑμῖν.

355 3529 522 3598 Ἄφες
553 3532 774 3587 δουλικὰ
805 3537 1200 3611 ἁμαρτήματα,
1246 3545 1333 3599 ἵνα
1364 3547 1538 3622 λάόῃς
1581 3529 1929 3628 συγχώρησιν

349 3617 678 3692 δεσποτικὴν
725 3625 1170 3698 ἁμαρτημάτων.
1211 3633 1276 3686 El
1307 3635 1364 3688 δὲ
1393 3617 1617 3708 μεγάλα
1641 3617 1924 3716 -ηδίκησεν,

347 3710 566 3784 ὅσῳπερ
591 3715 657 3768 ἂν
692 3717 916 3786 μείζονα
939 3721 1106 3792 ἀφῇς,
1131 3726 1371 3796 τοσούτῳ
1409 3729 1630 3799 μείζονα
1646 3710 1808 3808 λήψῃ’
1829 3710 1926 3808 τὴν

349 3801 714 3873 συγχώρησιν.
736 3807 834 3862 Διά
853 3809 962 3879 γὰρ
980 3811 1136 3864 τοῦτο
1151 3813 1404 3887 ἐδιδάχθη
1412 3835 1513 3888 μεν
1530 3801 1736 3890 λέγειν,
1744 3801 1809 3880 ’λ
1816 3801 1924 3895 φές

341 3889 485 3956 ἡμῖν
502 3894 697 3960 καθὼς
712 3895 964 3966 ἀφίεμεν
985 3916 999 3930 ·
1035 3900 1122 3956 ἵνα
1133 3903 1421 3975 μάθωμεν,
1440 3909 1521 3962 ὅτι
1535 3889 1924 3988 τὺμὲτρονττῆς

340 3980 587 4049 ἀφέσεως
605 3987 735 4055 παρ’
752 3988 909 4058 ἡμῶν
925 3991 1142 4061 πρῶτον
1157 3993 1426 4066 λαμϐάνει
1441 4000 1540 4071 τὴν
1555 3980 1749 4074 ἀρχήν.
1760 4007 1824 4059 Ὤ
1834 3980 1921 4062 στε

337 4073 518 4142 ὃσῳπε
525 4092 558 4146 ρ
580 4074 652 4130 ἂν
672 4079 700 4131 ὁ
725 4079 918 4151 ἐχθρὸς
948 4085 1273 4158 ἐργάζηται,
1293 4093 1386 4145 καὶ
1399 4073 1640 4168 τοσούτω
1658 4101 1920 4170 μειζόνως

338 4165 637 4234 εὐεργετεῖ.
671 4170 995 4244 Σπεύδωμεν
1019 4177 1199 4232 τοίνυν
1230 4183 1325 4236 καὶ
1348 4165 1700 4258 ἐπειγώμεθα
1721 4165 1920 4249 καταλξ

337 4253 626 4310 λάττεσθαι
643 4259 780 4329 πρὸς
804 4263 929 4326 τοὺς
944 4263 1339 4340 λελυπηκότας,
1363 4274 1430 4328 ἀν
1445 4253 1505 4329 τε
1531 4253 1753 4344 δικαίως
1775 4281 1840 4336 ἄν
1855 4300 1915 4336 τε

2063 475 2305 546 gaudeas
2333 495 2500 550 super
2529 498 2689 537 eum:
2727 495 2782 540 et
2823 486 2877 539 in
2923 489 3370 558 supplantatione
3415 495 3537 566 ejus
3566 513 3635 552 ne

2061 569 2366 635 extollaris,
2396 575 2658 643 quoniam
2693 575 2906 631 videbit
2934 577 3200 635 Dominus
3229 590 3285 636 et
3319 598 3430 638 non
3457 585 3637 655 place-

2060 657 2141 713 bit
2162 659 2236 726 ei,
2268 671 2323 716 et
2343 671 2557 720 avertet
2590 665 2727 720 iram
2765 682 2922 722 suam
2953 668 3022 723 ab
3047 685 3134 725 eo.

2130 751 2290 806 Prov.
2332 771 2426 820 xu,
2453 757 2542 812 29.
2579 789 2648 799 —
2685 758 2798 815 Via:
2818 773 3033 828 eorum,
3071 762 3166 832 qui
3197 778 3474 822 memores
3506 778 3636 824 sunt

2058 838 2404 910 injuriarum,
2441 845 2495 900 in
2539 857 2794 904 mortem.

2128 932 2286 988 Prov.
2323 952 2431 1003 xxi,
2465 938 2555 994 24.
2603 971 2673 980 —
2719 941 2823 1008 Qui
2872 944 3202 1016 injuriarum
3262 961 3477 1002 memor
3526 956 3632 1013 est,

2057 1021 2284 1094 iniquus
2309 1037 2412 1083 est.

2124 1117 2284 1174 Prov.
2316 1137 2426 1185 xiv,
2471 1122 2556 1178 15.
2587 1155 2654 1164 -
2676 1125 2920 1196 Simplex
2947 1130 3126 1185 credit
3160 1135 3311 1188 omni
3334 1135 3526 1190 verbo.

2125 1207 2285 1263 Prov.
2323 1227 2361 1275 ι,
2389 1209 2480 1266 22.
2511 1242 2580 1251 —
2614 1213 2831 1280 Quanto
2859 1225 3110 1289 tempore
3150 1221 3428 1293 simplices
3459 1224 3634 1281 inhal-

2059 1307 2184 1355 rent
2214 1302 2467 1371 justitiw,
2510 1320 2622 1360 non
2670 1307 3099 1366 confundentur.
3373 1338 3378 1339 ί

2113 1388 2282 1446 Εεείὶ.
2309 1409 2491 1460 xxviii,
2522 1396 2576 1449 2.
2600 1426 2670 1435 —-
2694 1397 2920 1454 Dimitte
2951 1399 3208 1472 injuriam
3234 1405 3487 1473 proximo
3515 1417 3630 1474 tuo;

2051 1487 2106 1532 et
2147 1488 2280 1535 tunc
2309 1488 2538 1553 rogante
2571 1492 2644 1550 te,
2679 1494 2903 1555 peccata
2934 1497 3025 1544 tua
3057 1491 3364 1546 solventur.

2119 1569 2329 1627 Basilii.
2361 1603 2432 1613 ——
2458 1574 2579 1629 Non
2601 1574 2761 1631 decet
2800 1587 2859 1632 ut
2890 1578 2969 1634 sol
2999 1595 3166 1651 super
3207 1582 3494 1640 iracundia
3517 1587 3629 1643 fra-

2479 1667 2694 1738 (Ephes.
2742 1687 2815 1736 ιν,
2854 1671 2967 1743 26),
3014 1689 3085 1729 ne
3147 1674 3292 1750 forte
3335 1693 3441 1732 nox
3487 1680 3632 1734 inter

2054 1762 2353 1824 utrumque
2386 1762 2650 1825 transeat,
2677 1775 2739 1814 ac
2769 1761 2980 1816 crimen
3019 1764 3172 1819 nulla
3211 1765 3440 1838 dignum
3471 1769 3631 1824 venia

2049 1843 2105 1896 in
2136 1843 2223 1898 die
2241 1845 2437 1915 judicii
2472 1849 2767 1920 relinquat.
2954 1849 2958 1852 ’

2119 2019 2457 2090 Simplicitas
2479 2038 2543 2078 ac
2569 2027 2717 2094 quod
2759 2037 2915 2084 vacat
2948 2031 3181 2098 malitia,
3218 2033 3446 2091 minimc
3501 2053 3624 2093 om-

2045 2109 2199 2163 nium
2225 2110 2498 2167 malorum
2530 2116 2788 2185 suspicax
2823 2119 3062 2175 exsistit.

2115 2200 2377 2272 Theologi.
2403 2235 2470 2242 —
2489 2202 2592 2271 Qui
2639 2208 2816 2264 malus
2839 2221 2946 2277 est,
2979 2213 3140 2270 facile
3173 2217 3542 2292 reprehendat
3569 2230 3626 2276 et

2044 2291 2432 2360 quod‘bonum
2478 2304 2600 2364 est;
2650 2297 2830 2356 bonus
2875 2307 3080 2370 autem,
3135 2322 3204 2362 ne
3256 2291 3462 2365 malum
3496 2314 3624 2384 qui-

2043 2379 2186 2443 dem.
2211 2381 2368 2449 Quod
2400 2386 2550 2440 enim
2571 2387 2638 2443 ad
2661 2391 2940 2464 malitiam
2968 2410 3206 2464 pronum
3243 2415 3353 2455 non
3382 2411 3486 2468 est,
3518 2421 3624 2460 nec

2042 2471 2109 2526 ad
2135 2475 2529 2544 suspicandum
2552 2478 2712 2536 facile
2755 2491 2854 2540 est.

2110 2563 2281 2621 Nem‘o
2310 2569 2513 2624 malum
2541 2572 2686 2627 malo
2705 2563 2882 2642 sanat,
2917 2578 3015 2633 sed
3047 2580 3192 2636 bono
3221 2583 3448 2639 malum.

2111 2655 2375 2728 Chrysost.
2398 2691 2466 2700 -—
2490 2661 2626 2717 Cum
2655 2666 2710 2719 in
2739 2676 2979 2724 mentem
3008 2674 3242 2738 venerit,
3269 2690 3461 2730 eorum
3496 2692 3619 2748 quae
3676 2675 3680 2678 ’

2038 2763 2068 2801 a
2116 2753 2398 2807 conservis
2455 2755 2602 2824 passi
2657 2770 2846 2813 sumus
2883 2777 2894 2812 :
2929 2763 3236 2831 cogitemus
3279 2769 3447 2822 etiam
3494 2785 3616 2840 qua:

2037 2841 2145 2910 ipsi
2178 2842 2230 2897 in
2261 2843 2558 2900 Dominum
2585 2851 3062 2921 commiserimus;
3097 2868 3358 2928 metuque
3393 2871 3611 2916 nostro-

2036 2948 2159 2986 rum
2200 2934 2552 3002 delictorum,
2595 2939 2732 2993 iram
2766 2955 2832 2994 ex
2894 2943 3091 2998 alienis
3139 2949 3382 3015 peccatis
3424 2965 3618 3006 susce—

1959 3048 2001 3107 ο
2034 3030 2182 3092 ptam
2210 3024 2319 3080 cito
2351 3028 2629 3098 depellere
2650 3031 2976 3100 poterimus.

2107 3114 2163 3170 Si
2193 3117 2414 3188 quidem
2439 3130 2793 3189 peccatorum
2815 3123 2946 3180 licet
2991 3128 3328 3198 meminisse,
3388 3142 3612 3193 nostro-

2035 3224 2156 3262 rum
2212 3210 2480 3267 duntaxat
2525 3214 2845 3271 meminisse
2897 3216 3183 3275 debemus.
3219 3221 3374 3288 Quod
3408 3226 3453 3280 si
3511 3242 3610 3281 no-

2033 3303 2578 3357 strorum‘memores
2609 3305 2840 3371 erimus,
2869 3322 3149 3378 nunquam
3182 3311 3362 3366 aliena
3397 3330 3606 3386 suppu-

2033 3388 2294 3444 tabimus.

2114 3479 2134 3549 (
2161 3481 2342 3536 Matth.
2375 3500 2446 3549 vr,
2485 3484 2610 3551 14.)
2641 3484 2698 3538 Si
2740 3486 3064 3544 dimiseritis
3096 3491 3333 3548 inimicis
3382 3497 3601 3562 vestris,

2029 3566 2338 3623 dimittetur
2363 3572 2540 3627 vobis.
2597 3575 2822 3646 Ignosce
2863 3593 3149 3636 servorum
3195 3586 3418 3654 erratis,
3461 3598 3522 3644 ut
3571 3607 3601 3646 a

2027 3659 2259 3714 Domino
2288 3672 2637 3730 peccatorum
2659 3669 2874 3723 veniam
2919 3677 3298 3753 consequaris.
3356 3678 3514 3746 Quod
3553 3683 3631 3753 εἰκ

2025 3765 2246 3819 gravem
2275 3753 2533 3824 injuriam
2583 3757 2734 3824 fecit,
2787 3749 2996 3830 quanto
3043 3752 3600 3838 majora'remiseris,

2026 3849 2177 3895 tanto
2208 3844 2470 3913 majorem
2516 3847 2731 3902 veniam
2784 3850 3130 3920 impetrabis.
3166 3856 3384 3914 Idcirco
3429 3863 3598 3918 etiam

2024 3931 2169 3986 docti
2221 3949 2412 3989 sumus
2449 3937 2667 3993 dicere:
2717 3939 2938 3996 Dimitte
2990 3947 3159 4012 nobis,
3194 3951 3329 4004 sicut
3369 3953 3596 4009 dimitti-

2023 4024 2387 4099 mus(ib.,12),
2412 4038 2467 4083 ut
2490 4031 2810 4088 noverimus
2849 4035 3192 4095 dimissionis
3222 4051 3386 4112 atque
3423 4046 3596 4102 venite

2019 4116 2303 4172 moduma
2355 4121 2515 4176 nobis
2540 4124 2782 4192 primum
2837 4126 3108 4185 inchoari.
3158 4133 3375 4199 Quanto
3426 4138 3596 4209 igitur

2019 4207 2279 4265 inimicus
2306 4213 2480 4283 magis
2513 4215 2736 4284 laeserit,
2775 4226 2926 4275 tanto
2962 4222 3127 4276 etiam
3160 4227 3370 4298 majore
3422 4229 3590 4285 bene-

2019 4295 2142 4352 ﬁcio
2159 4297 2342 4354 allicit.
2375 4302 2723 4362 Festinemus
2746 4307 2914 4378 igitur
2942 4313 3200 4383 omnique
3229 4295 3390 4388 681
3421 4334 3590 4389 opera

336 4345 536 4409 ἀδίκως
557 4347 904 4418 ὁργίζωνται.
924 4356 1020 4408 Ἂν
1037 4358 1137 4427 μὲν
1165 4359 1273 4432 γὰρ
1295 4363 1528 4420 ἐνταῦθα
1541 4371 1909 4445 καταλλαγῆς,

336 4435 658 4471 Amnis...”
684 4440 784 4471 με-
813 4445 1204 4471 ι..-τ.--ι--η--
1233 4452 1256 4471 1|
1323 4454 1362 4471 μ.
1553 4459 1596 4471 ..
1783 4463 1796 4471 .

2029 4345 2139 4352 --ν-ν
2159 4345 2342 4354 .....ν.-.
2376 4345 2396 4355 -
2420 4345 2723 4362 mnu-vuum
2747 4345 2904 4378 ιδιιυι
2942 4345 3200 4383 uuunquc
3229 4345 3390 4388 uel
3421 4345 3586 4389 (ψειτῆ

2029 4401 2299 4454 :onemur,
2330 4397 2392 4443 ut
2433 4391 2522 4446 his
2551 4393 2646 4463 qui
2692 4395 2946 4466 injuriam
3001 4398 3274 4471 fecerunt,
3330 4409 3586 4462 reconci-

334 4435 658 4509 ἀπηλλάγης
684 4440 784 4510 τῆς
812 4445 928 4500 ἐκεῖ
940 4447 1204 4518 κρίσεως·
1229 4452 1294 4508 ἂν
1319 4454 1375 4508 δὲ
1405 4459 1610 4527 μεταξὺ
1637 4435 1912 4534 μενουσητς-

333 4526 433 4597 τῆς
461 4528 683 4625 ἔχθρας,
717 4533 941 4602 θάνατος
974 4541 1200 4608 ὲπιστάς
1223 4526 1414 4620 ἀπάγῃ
1431 4590 1445 4612 ,
1473 4549 1571 4621 τὴν
1603 4526 1906 4625 ἀπέχθειαν

336 4617 733 4692 μεσολαϐήσας,
763 4627 845 4690 είς
869 4627 931 4681 τὸ
945 4629 1290 4704 δικαστήριον
1313 4617 1501 4693 λοιπὸν
1526 4617 1792 4698 ῂὲκεϊνοῖτὸ
1810 4663 1905 4715 φο-

332 4707 391 4760 6s
403 4708 493 4778 ρδν
525 4711 848 4786 είσαχθῆναι
875 4720 974 4790 τὴν
1018 4721 1174 4794 δίκην
1197 4725 1448 4800 ἀνάγκηο
1484 4732 1579 4786 καὶ
1607 4734 1704 4805 τὴν
1733 4707 1900 4808 ἐσία-

328 4816 430 4871 την
448 4801 654 4867 πδώσεις
685 4805 845 4877 δίκην
873 4810 968 4863 ἐπὶ
996 4815 1060 4884 τῇ
1092 4812 1258 4888 ψήφῳ
1289 4819 1383 4873 τοῦ
1409 4801 1672 4879 δικαστοῖι
1684 4801 1904 4885 πάντων

328 4890 551 4946 ἐκείνων
566 4909 580 4921 ·
606 4893 703 4947 καὶ
723 4896 1025 4971 ἀμφότεροι
1040 4905 1309 4976 τιμωρίαν
1325 4908 1696 4982 ὑποστήσεσθε
1719 4918 1902 4991 ἀπαρ-

327 4983 571 5053 αίτητον,
623 4988 653 5039 ὁ
704 4991 803 5059 μὲν
830 4992 1036 5057 ἀδίκως
1064 4995 1446 5069 ὀργιζόμενος,
1497 5005 1584 5059 διὰ
1621 5009 1780 5064 τοῦτο
1817 4983 1903 5068 ὅτι

325 5073 547 5143 ἀδίκως,
587 5079 616 5130 ὁ
669 5079 726 5132 δὲ
755 5082 984 5148 δικαίως
1011 5125 1025 5151 ,
1077 5087 1165 5140 διὰ
1195 5089 1352 5144 τοῦτο
1380 5095 1530 5162 αὐτὸ,
1564 5098 1646 5150 ὅτι
1674 5101 1899 5168 δικαίως

323 5168 790 5246 ἐμνησικάκησεν.

2013 4478 2235 4545 liemur,
2277 4481 2396 4538 sive
2442 4484 2520 4538 illi
2562 4486 2704 4556 jure,
2745 4488 2862 4544 sive
2895 4492 3100 4563 injuria
3143 4495 3476 4553 irascantur.
3528 4500 3582 4556 Si

2011 4572 2158 4625 enim
2191 4573 2300 4626 vita
2331 4575 2435 4630 hac
2461 4578 2678 4632 mortali
2711 4583 3100 4640 reconciliatus
3130 4587 3320 4654 fueris,
3347 4591 3587 4648 afuturo

2011 4659 2151 4716 li'ber
2173 4662 2384 4732 judicio
2410 4666 2684 4733 evaseris;
2713 4669 2799 4722 sin
2828 4680 3014 4726 autem
3061 4676 3283 4732 interim
3324 4693 3584 4740 manente

2012 4754 2318 4820 inimicitia,
2346 4772 2497 4813 mors
2525 4759 2826 4818 adveniens
2860 4765 3170 4836 abduxerit,
3220 4773 3440 4844 vigente
3467 4779 3585 4832 ani-

2011 4843 2114 4898 mis
2153 4843 2452 4913 simultate,
2487 4847 2553 4903 ad
2583 4853 2926 4909 tremendum
2981 4858 3115 4913 illud
3171 4843 3434 4936 deinceps
3481 4871 3580 4925 tri-

2005 4933 2172 4989 bunal
2224 4951 2445 4992 causam
2501 4939 2706 4996 deferri
2769 4960 3000 5003 necesse
3064 4959 3169 5018 est,
3223 4966 3582 5032 extremoque

2003 5023 2276 5093 supplicio
2317 5025 2612 5092 addiceris,
2667 5029 2815 5087 illius
2860 5038 3154 5106 sententia,
3203 5044 3297 5113 qui
3352 5023 3576 5105 illorum

2003 5115 2247 5169 omnium
2282 5117 2452 5187 judex
2481 5119 2735 5188 exsistit;
2783 5125 3058 5197 amboque
3107 5130 3577 5204 indeprecabilem

1825 5508 2056 5570 NOT/E.
2231 5573 2234 5575 _

389 5574 739 5697 ([ὶδἭκιοίτα
789 5581 1008 5661 κακίαν
1054 5586 1164 5654 οὐχ
1211 5589 1520 5658 ὑφορᾶται.
1577 5596 1675 5653 llic
1720 5596 1862 5659 idem
1901 5603 1928 5677 ἦ

389 5659 406 5697 3
483 5643 750 5701 havorino
779 5664 1084 5706 exoosntus.

2029 5627 2119 5679 τα,
2152 5616 2298 5684 quod
2342 5619 2601 5696 μάλιστα,
2631 5623 2725 5695 qui
2760 5641 2892 5684 usus
2921 5629 3072 5685 vocis
3133 5647 3379 5702 pervius,
3428 5633 3570 5706 opti-

317 5656 406 5697 me
438 5643 750 5701 Phavorino
779 5651 1084 5718 expositus.

684 5737 954 5798 PATROL.
1002 5741 1110 5802 Gn.
1169 5747 1312 5808 XCI.

3153 5789 3228 5852 32
