4066 6150
343 209 479 275 1007

1510 221 1568 277 S.
1605 218 1890 278 MAXIM!
1932 215 2441 276 CONFESSORIS

3471 211 3490 275 1
3504 214 3619 276 008

405 321 680 392 Prospere
715 324 1043 380 cedentibus
1096 323 1197 379 tibi
1230 325 1512 391 omnibus,
1550 327 1916 382 mutationem

2103 325 2329 380 Πάντων
2395 343 2490 379 σου
2535 325 2646 379 τῶν
2705 324 3049 398 πραγμάτων
3107 324 3618 396 κατευοδουμένων,

336 425 632 484 exspecta;
690 417 1037 488 vicissimque
1130 418 1434 488 inopinatis
1492 419 1651 473 malis
1703 419 1923 472 cinctus

337 507 585 579 undique
616 525 681 564 ac
710 509 1028 576 obvolutus,
1055 526 1180 582 quae
1213 511 1394 567 fausta
1415 511 1530 567 sint
1573 527 1636 567 ac
1680 510 1924 566 secunda

335 618 518 672 spera.

393 693 542 748 Vita:
569 694 736 765 hujus
768 695 1058 765 splendida
1084 711 1148 752 ac
1173 697 1484 768 magniﬁca,
1523 697 1757 754 mortuis
1789 698 1923 768 ipsis

335 786 664 856 corporibus
697 787 884 842 minus
925 789 1102 844 utilia.

406 902 465 956 ln
498 902 626 957 vita:
654 917 853 960 sereno
882 904 1242 971 constitutus,
1281 920 1467 960 rerum
1491 919 1714 976 quoque
1747 903 1924 958 turbi-

332 1009 461 1050 nem
494 994 830 1064 quandoque
859 1005 1138 1066 exspecta.

404 1106 594 1162 Rebus
631 1107 688 1161 in
739 1118 1025 1178 aspectum
1072 1109 1404 1166 cadentibus
1444 1110 1788 1182 diligentiam
1824 1109 1924 1164 ha-

331 1203 488 1268 bere,
525 1201 747 1256 illorum
783 1201 1070 1272 proprium
1097 1211 1200 1268 est,
1229 1203 1327 1272 qui
1360 1203 1461 1266 δένί
1491 1202 1665 1256 futuri
1711 1201 1922 1256 nullam

331 1296 518 1349 animo
552 1301 806 1348 statuunt
834 1309 1011 1364 spem.

417 1396 556 1451 Nili.
586 1429 657 1440 —
684 1397 762 1452 Ne
790 1399 948 1454 nobis
976 1401 1028 1454 in
1067 1402 1266 1456 saeculo
1301 1405 1400 1458 hoc
1429 1403 1602 1461 fraudi
1645 1405 1773 1474 sint,
1801 1424 1921 1478 quae

341 1490 740 1560 praemagnillca
783 1505 870 1546 ac
932 1493 1216 1563 splendida
1275 1502 1424 1550 sunt.
1484 1496 1720 1555 Prorsus
1772 1501 1916 1556 enim

338 1588 652 1646 transeunt,
692 1597 792 1637 nec
823 1583 1117 1652 quidquam
1162 1585 1357 1641 stabile
1391 1597 1497 1653 est,
1547 1603 1764 1654 eorum,
1797 1605 1917 1659 quae

337 1671 392 1729 In
425 1688 648 1731 sensum
677 1675 900 1731 cadunt.

403 1790 630 1847 Cunctis
683 1791 775 1848 tibi
860 1792 1022 1849 rebus
1083 1794 1335 1852 secundis

329 1885 601 1955 iacturam
640 1898 917 1958 exspecta.
1363 1901 1387 1957 β

1407 1795 1557 1852 auris
1614 1795 1911 1856 liuentibus

398 1997 584 2054 Dionis
606 1997 859 2055 Romani.
885 2031 956 2040 —
977 2000 1135 2056 Multi
1159 2009 1310 2064 sunt,
1335 2001 1430 2071 qui
1473 2002 1739 2058 secundis
1753 2003 1920 2060 rebus

328 2090 572 2153 doleant,
624 2091 783 2146 multi
807 2106 942 2146 vero
974 2093 1142 2147 etiam
1174 2093 1268 2163 qui
1311 2093 1366 2148 in
1418 2095 1582 2150 tualis
1623 2097 1916 2167 gaudeant.

327 2180 501 2247 Quam
535 2180 694 2235 multi
722 2181 889 2236 etiam
923 2182 1125 2251 opibus
1143 2183 1456 2248 allluentes,
1490 2184 1679 2239 animo
1704 2200 1919 2256 angun-

329 2276 458 2328 tur!
492 2290 657 2344 quam
680 2274 841 2328 multi
867 2290 1002 2329 vero
1035 2283 1362 2344 paupertate
1414 2277 1612 2345 pressi,
1651 2277 1757 2331 sibi
1784 2277 1922 2332 deli-

326 2366 442 2421 cias
474 2366 716 2420 ducunt!
756 2365 898 2421 Sunt
920 2364 1123 2436 quibus
1149 2365 1318 2419 decor
1351 2381 1416 2420 ac
1439 2365 1616 2420 forma
1638 2367 1918 2436 roburque

327 2457 590 2512 damnum
627 2457 847 2524 attulit;
890 2467 1022 2512 sunt
1063 2457 1271 2527 quibus
1303 2457 1512 2526 -turpis
1548 2458 1666 2528 ipsa
1705 2459 1920 2529 species

325 2566 390 2607 ac
420 2551 717 2607 inﬁrmitas
748 2551 902 2606 utilis
929 2549 1054 2604 luit.
1095 2550 1362 2606 Nonnulli
1403 2566 1597 2621 pacem
1630 2567 1745 2621 prae
1770 2552 1918 2608 bello

324 2643 553 2709 colunt;
597 2644 688 2697 alii
723 2643 929 2697 bellum
983 2658 1148 2712 quam
1195 2658 1387 2712 pacem
1440 2644 1672 2699 malum.
1722 2646 1918 2702 Nonne

325 2735 552 2805 quidam
581 2736 819 2790 aliorum
849 2751 1069 2804 semper
1094 2735 1221 2790 fulti
1248 2736 1486 2806 imperio
1519 2753 1583 2792 ac
1607 2737 1914 2807 dominatu,

326 2828 449 2881 dire
470 2827 786 2897 ejulantur?
811 2825 889 2880 Ac
910 2826 1080 2895 (quod
1111 2828 1436 2898 maximum)
1466 2843 1596 2898 pars
1627 2828 1916 2883 hominum

324 2919 590 2988 plurima,
643 2917 793 2986 quod
848 2917 1045 2970 vivunt
1095 2917 1398 2988 injucunde
1464 2919 1706 2988 habent;
1755 2920 1916 2991 longe

326 3007 577 3079 plurimi,
623 3007 860 3061 dulciter
889 3006 1228 3061 moriuntur.

397 3099 664 3154 Socrates.
721 3129 790 3138 ——
840 3098 991 3153 Idem
1058 3106 1142 3153 est
1207 3099 1374 3155 rebus
1429 3101 1689 3156 secundis
1739 3101 1911 3156 altum

324 3207 541 3262 sapere,
568 3190 736 3263 684
765 3199 821 3245 et
845 3191 933 3244 via
963 3191 1176 3247 lubrica
1209 3193 1448 3248 stadium
1482 3210 1731 3249 currere.

395 3285 744 3356 Aristonymi.
774 3313 841 3324 -—-
874 3284 994 3341 Vita
1058 3285 1274 3340 theatro
1296 3285 1493 3340 similis
1527 3297 1629 3341 est.
1663 3285 1911 3357 Hineque

323 3377 463 3432 adeo
493 3385 598 3443 est,
631 3387 693 3433 ut
718 3378 866 3432 haud
900 3394 1049 3442 raro,
1077 3378 1172 3448 qui
1204 3378 1428 3448 pessimi
1455 3388 1607 3448 sunt,
1641 3379 1696 3434 in
1717 3381 1911 3436 huma-

324 3470 410 3523 nis
434 3470 704 3538 optimum
734 3470 918 3524 locum
951 3478 1197 3524 teneant.

396 3560 686 3614 Democrit.
718 3590 787 3600 —
813 3561 1150 3630 Tetnporum
1190 3560 1691 3629 vicissitudinibus,
1722 3563 1815 3633 qui
1853 3571 1910 3618 et

324 3652 481 3706 valde
507 3660 766 3722 potentes
788 3661 936 3718 sunt,
963 3653 1012 3706 in
1024 3652 1326 3708 lirmiorum
1356 3656 1724 3710 necessariam
1748 3669 1908 3725 opem

323 3750 652 3813 agnoscunt.

385 3835 818 3907 Hippothountis.
860 3866 929 3875 —
979 3833 1152 3890 Homo
1197 3852 1321 3891 cum
1378 3837 1475 3903 sis,
1527 3850 1740 3891 memor
1789 3845 1908 3891 eSto

327 3927 637 3984 communis
661 3928 895 3982 fortuna;
927 3945 993 3984 ac
1029 3929 1214 3984 sortis.

393 4017 609 4072 Isidori.
634 4043 698 4056 —-
729 4017 973 4072 Mortalis
1013 4033 1138 4071 cum
1191 4019 1285 4081 sis,
1343 4032 1545 4071 conare
1595 4024 1656 4070 ut
1697 4015 1892 4070 videas

322 4127 444 4182 quae
483 4117 637 4164 retro
663 4115 810 4161 sunt.

998 4220 1242 4290 Euripid.

389 4330 533 4386 Nihil
562 4332 616 4385 in
649 4329 864 4384 mortali
900 4329 1114 4398 ﬁrmum
1156 4345 1345 4400 genere
1381 4331 1655 4394 consistit;

392 4402 498 4454 Nec
518 4403 656 4455 enim
687 4403 778 4472 qui
803 4403 941 4455 vivat
963 4399 1282 4470 aliquisiest,
1308 4415 1409 4472 quo
1439 4401 1592 4454 modo
1619 4401 1730 4472 ipse
1755 4399 1900 4453 velit.

390 4510 604 4563 Incerti.
639 4539 706 4550 --
741 4509 920 4565 Nemo
961 4519 1048 4566 est
1109 4511 1202 4581 qui
1245 4511 1298 4564 in
1349 4510 1609 4566 omnibus
1642 4511 1904 4582 przeclare

322 4610 376 4654 et
405 4617 472 4655 ex
507 4605 712 4658 virtute
738 4610 891 4674 agat:

394 4695 499 4750 Sed
528 4705 586 4750 et
613 4703 665 4749 te
708 4711 881 4749 unum
922 4694 1217 4766 quemdam
1255 4710 1285 4750 e
1327 4696 1489 4768 vulgo
1535 4712 1655 4752 esse
1705 4697 1901 4753 existi-

326 4795 490 4840 lﬂﬂlO.

394 4878 670 4950 Diogenes.
695 4909 762 4920 -ο
785 4879 828 4934 0
857 4883 1086 4936 mortale
1123 4897 1186 4936 ac
1205 4897 1578 4938 aerumnosum
1607 4883 1898 4939 hominum

327 4983 518 5035 genus.

391 5061 566 5127 Quam
597 5062 736 5117 nihil
766 5067 988 5119 sumus!
1021 5080 1185 5134 quam
1224 5065 1373 5136 quod
1407 5066 1619 5120 umbris
1668 5066 1898 5133 similes,

393 5152 616 5208 Pondus
639 5162 798 5209 terra:
828 5156 1024 5210 inutile
1055 5157 1418 5213 oberramusl

392 5242 626 5313 Apelles.
665 5274 734 5284 —-
771 5245 988 5315 Apelles
1020 5249 1220 5316 pictor,
1257 5263 1394 5301 cum
1422 5264 1488 5302 ex
1529 5262 1596 5301 eo
1620 5263 1904 5318 quaerere-

326 5339 434 5398 tur,
474 5333 606 5403 quid
633 5350 811 5390 causa:
843 5348 988 5392 esset
1022 5353 1122 5392 cur
1149 5339 1428 5394 fortunam
1461 5340 1744 5394 sedentem
1776 5341 1901 5410 pin-

324 5433 503 5492 geret;
532 5423 651 5478 Non
676 5427 845 5492 enim,
876 5428 973 5493 ait,
997 5437 1124 5484 stat.

396 5542 548 5598 Bias.
573 5575 645 5584 ——
681 5544 875 5601 Aiebat
915 5546 1081 5610 idem,
1107 5546 1187 5600 sic
1234 5545 1402 5599 vitam
1435 5543 1794 5610 metiendam,
1843 5553 1904 5598 ut

329 5634 496 5701 quiet
535 5632 770 5686 multum
798 5636 1086 5704 temporis,
1116 5641 1171 5688 ct
1210 5633 1472 5704 pusillum
1511 5634 1758 5689 victurus
1799 5633 1912 5716 εἰς.

2028 415 2252 486 ἐκδέχου
2289 417 2596 489 μεταϐολήν
2626 435 2641 451 ⁸
2681 418 2781 472 καὶ
2821 418 2986 474 πάλιν
3037 417 3144 471 ὑπὸ
3199 418 3306 472 τῶν
3347 421 3622 491 ἀπροσδο-

2027 509 2212 578 κήτων
2245 509 2545 583 συμφορῶν
2595 510 2985 582 κυκλούμενος,
3039 511 3226 582 ἔλπιζε
3278 511 3347 566 τὰ
3397 509 3624 584 χρηστὰ.

2026 600 2122 652 καὶ
2143 591 2453 672 κρείττονα.
2835 630 2842 635 -

2098 691 2330 763 Νεκρῶν
2396 693 2776 765 ἀχρηστότερα
2836 693 2907 747 τὰ
2959 693 3190 764 λαμπρά
3252 693 3348 748 τοῦ
3405 693 3625 764 παρόν-

2023 801 2115 847 τος
2145 783 2284 853 βίου.

2109 889 2198 945 Ἐν
2250 894 2317 963 τῇ
2373 892 2527 964 εὐδίᾳ
2575 892 2650 946 ὢν
2674 893 2768 947 τοῦ
2785 893 2941 964 βίου,
2969 893 3193 963 ἐκδέχου
3218 892 3351 946 ποτὲ
3379 892 3474 947 καὶ
3499 911 3625 964 χει-

2027 982 2186 1052 μῶνα
2206 985 2569 1055 πραγμάτων.

2096 1096 2171 1149 Τὸ
2199 1097 2329 1167 περὶ
2363 1097 2431 1152 τὰ
2481 1097 2786 1170 φαινόμενα
2837 1099 2938 1170 τὴν
2991 1099 3226 1170 σπουδὴν
3270 1098 3438 1170 ἔχειν,
3482 1101 3621 1155 ῖδιὸν

2025 1187 2176 1240 ἔστιν
2220 1189 2334 1252 τοῖς
2379 1189 2652 1260 μηδεμίαν
2701 1190 2794 1244 τοῦ
2851 1189 3138 1260 μέλλοντος
3169 1192 3363 1257 αἰῶνος
3399 1193 3622 1256 ἑαυτοῖς

2025 1279 2443 1350 ὑποτιθεμένοις
2473 1281 2685 1337 ἐλπίδα.

2095 1392 2340 1450 Νείλου.
2388 1425 2460 1435 -
2506 1397 2598 1468 Μὴ
2665 1395 2924 1463 ἐξαπάτω
2977 1398 3126 1470 ἡμᾶς
3187 1397 3246 1451 ἐν
3301 1397 3379 1469 τῷ
3422 1398 3618 1470 κόσμῳ

2023 1482 2201 1556 τούτῳ
2231 1481 2507 1560 περιφανῆ
2551 1489 2646 1542 καὶ
2673 1489 2905 1560 λαμπρά
2931 1489 3260 1560 δεικνύμενα
3286 1491 3614 1561 πράγματα.

2027 1573 2371 1646 Παρέρχεται
2405 1578 2516 1650 γὰρ
2551 1579 2794 1650 πάντως,
2825 1583 2919 1635 καὶ
2950 1581 3102 1635 οὐδὲν
3123 1581 3234 1635 τῶν
3271 1582 3616 1653 φαινομένων

1954 1669 1997 1726 Β
2025 1667 2307 1738 στάσιμον.

2094 1779 2324 1836 Πάντων
2383 1801 2480 1838 σου
2539 1786 2652 1841 τῶν
2699 1787 3044 1858 πραγμάτων
3111 1789 3609 1864 κατευοδουμένων,

2022 1872 2245 1944 ὲκδέχου
2277 1871 2508 1947 ζημίαν.

2093 1987 2313 2054 Δίωνος
2358 1989 2670 2060 Ῥωμαίου.
2702 2023 2772 2032 ——
2799 1994 2993 2048 Πολλοὶ
3035 1995 3133 2066 μὲν
3171 1996 3265 2049 ἐπὶ
3297 1999 3413 2059 τοῖς
3447 1995 3609 2066 ἀμεῖ-

2023 2093 2172 2130 νοσιν
2195 2078 2448 2148 ἀλγοῦσι,
2476 2081 2662 2137 πολλοὶ
2685 2083 2742 2137 δὲ
2777 2084 2874 2137 καὶ
2921 2086 3014 2138 ἐπὶ
3059 2088 3175 2150 τοῖς
3225 2085 3435 2157 χείροσι
3489 2085 3613 2156 χαί-

2026 2187 2198 2240 ρουσι.
2250 2172 2414 2226 Πόσοι
2449 2173 2547 2244 μὲν
2581 2175 2692 2248 γὰρ
2724 2177 3082 2242 πλουτοῦντες
3113 2179 3411 2250 ἀχθονταιῒ
3444 2179 3611 2234 Πόσοι

2019 2265 2078 2319 δὲ
2116 2267 2408 2338 πενόμενοι
2439 2269 2660 2340 ἥδονται
2697 2271 2712 2324 l
2768 2273 2998 2338 ’Ἄλλους
3044 2274 3240 2338 κάλλος
3296 2275 3394 2328 καὶ
3457 2273 3610 2343 ἰσχὺς

2021 2357 2290 2428 ἔϐλαψεν,
2341 2360 2538 2426 ἄλλους
2589 2358 2778 2434 αἶσχος
2837 2365 2932 2417 καὶ
2995 2364 3248 2418 ἀσθένεια
3301 2365 3604 2436 ὠφέλησεν.

2024 2449 2241 2522 Ἕτεροι
2311 2451 2411 2524 τὴν
2467 2455 2694 2526 εἰρήνην
2742 2455 2850 2527 πρὸ
2905 2455 3000 2510 τοῦ
3057 2456 3296 2528 πολέμου
3346 2457 3602 2526 τιμῶσιν.

2020 2541 2198 2614 ἕτεροι
2253 2543 2510 2616 πολεμεῖν
2567 2545 2769 2616 μᾶλλον
2825 2547 2858 2619 ἢ
2921 2549 3148 2620 εἰρήνην
3210 2549 3473 2602 ἐθέλουσι.
3532 2550 3600 2602 Ti

2019 2632 2065 2686 δ’
2109 2635 2210 2687 οὐκ
2263 2637 2353 2689 ἀεὶ
2398 2638 2792 2707 Ιτυραννοῦντές
2848 2656 2992 2704 τινες
3037 2641 3427 2712 ὀλοφύρονταις
3484 2642 3598 2694 Καὶ

2019 2727 2079 2780 τὸ
2135 2729 2411 2798 μέγιστον,
2458 2731 2702 2785 πλεῖστοι
2733 2733 2830 2804 μὲν
2863 2734 2978 2787 ὅσοι
3003 2734 3178 2806 ἀηδῶς
3199 2734 3362 2798 ζῶσιν
3396 2749 3408 2762 ·
3446 2731 3599 2786 πλεῖ-

2020 2837 2135 2875 στοι
2167 2822 2224 2876 δὲ
2255 2824 2425 2895 ἡδέως
2445 2825 2902 2897 ἀποθνήσκουσιν.

2096 3088 2432 3157 Σωκράτης.
2462 3119 2534 3131 -—
2565 3091 2774 3146 Ταυτόν
2828 3093 2975 3147 ἐστιν
3033 3093 3125 3146 ἐπὶ
3185 3095 3415 3168 εὐτυχίᾳ
3463 3095 3611 3166 μέγα

2015 3183 2252 3251 φρονεῖν,
2284 3183 2379 3234 καὶ
2405 3181 2499 3235 ἐπὶ
2529 3183 2822 3254 ὀλισθηρᾶς
2851 3183 2970 3238 ὁδοῦ
2997 3185 3430 3256 σταδιοδρομεῖν.

2095 3275 2480 3343 Ἀριστωνύμ.
2505 3305 2574 3315 —
2601 3277 2816 3329 Ἔοικεν
2853 3279 2881 3329 ὁ
2911 3277 3025 3346 βίος
3053 3277 3289 3348 θεάτρῳ.
3333 3280 3427 3332 Διδ
3477 3282 3613 3335 πολ-

2011 3365 2170 3428 λάκις
2204 3366 2466 3436 χείριστοι
2499 3367 2596 3421 τὸν
2626 3367 2913 3422 κάλλιστον
2943 3370 3002 3422 ἐν
3035 3370 3256 3425 ἑαυτοῖς
3305 3359 3612 3444 κατέχουσι

2008 3456 2194 3511 τόπον.
2455 3453 2460 3458 ’

2080 3550 2392 3619 Δημοκρίτ.
2423 3583 2494 3591 -
2521 3551 2658 3618 Ταῖς
2686 3552 2794 3606 τῶν
2824 3553 3034 3625 καιρῶν
3096 3554 3454 3624 μεταϐολαῖς,
3508 3560 3611 3613 καὶ

2009 3643 2058 3694 οἱ
2094 3642 2299 3713 σφόδρα
2347 3643 2563 3696 δυνατοὶ
2621 3645 2730 3698 τῶν
2791 3646 3202 3718 ἀσθενεστέρων
3255 3649 3466 3714 ἐνδεεῖς
3521 3655 3616 3722 γί-

2010 3750 2214 3786 νονται.

2093 3827 2592 3882 Ἰπποθοούνι-
2611 3829 2931 3902 Ἀνθρωπος
2955 3830 3051 3896 ὣν,
3083 3830 3334 3904 μέμνησο
3363 3835 3469 3906 τῆς
3503 3854 3624 3892 itot-

2009 3917 2107 3988 νῆς
2132 3917 2322 3988 τύχης.

2090 4010 2413 4080 ’Ῑσιδώρου.
2444 4043 2518 4056 -
2544 4014 2749 4086 Θνητὸς
2788 4017 3070 4087 πεφυκὼς,
3110 4018 3178 4072 τὰ
3211 4020 3400 4074 ὀπίσω
3430 4026 3626 4096 πειρῶ

2009 4100 2244 4170 βλέπειν.

2625 4219 2972 4286 Εὐριπίδου.

2081 4327 2333 4404 βέϐαιον
2364 4328 2546 4404 obden-
2575 4329 2748 4404 ἐστιν
2771 4332 2842 4386 ἐν
2875 4333 3070 4404 θνητῷ
3104 4332 3284 4404 γένει,

2083 4395 2213 4450 Βιοῖ
2235 4397 2346 4467 τὰρ
2379 4399 2578 4464 οὐδεὶς
2606 4400 2678 4454 ὃν
2703 4395 3067 4471 προαιρεῖται
3101 4395 3352 4472 τρόπον.

2630 4511 2983 4584 Ἆνωνύμου.

2007 4602 2128 4655 Οὐκ
2157 4601 2330 4656 ἔστιν
2359 4601 2530 4669 ὅστις
2553 4602 2726 4657 πάντ’
2753 4604 2910 4673 ἀνὴρ
2938 4605 3260 4675 εὐδοκιμεῖ.

1999 4690 2168 4748 Εἶναι
2194 4693 2248 4746 δ’
2280 4695 2550 4749 ὑπόλαϐε
2579 4695 2678 4750 καὶ
2710 4695 2787 4750 σὲ
2817 4696 2939 4751 τῶν
2970 4696 3222 4752 πολλῶν
3244 4699 3388 4757 ἕνα.

2637 4791 2936 4842 Διογένης.

2637 4791 2736 4842 Διο
2923 4829 2936 4842 .

2005 4881 2076 4934 '0
2107 4877 2330 4945 θνητὸν
2359 4877 2600 4947 ἀνδρῶν
2624 4879 2723 4933 καὶ
2739 4787 3132 4947 ζῗληιὲπωρον
3155 4881 3362 4951 γένος,

2013 4969 2111 5032 Ὠς
2139 4969 2320 5023 οὐδέν
2345 4969 2536 5050 ἐσμεν
2559 4969 2728 5037 πλὴν
2753 4971 2956 5037 σκιαῖς
2978 4971 3266 5038 ἐοικότες,

2003 5059 2192 5127 Βάρος
2230 5061 2527 5128 περισσὸν
2554 5059 2662 5132 γῆς
2688 5062 3213 5132 ἁναστροφώμενοι
3232 5070 3252 5122 !

2085 5259 2143 5310 .0
2189 5255 2452 5327 Ἀπελλῆς
2493 5259 2521 5311 ὁ
2551 5249 2859 5326 ’ζωγράφος
2912 5255 3229 5328 ἐρωτηθεὶς,
3300 5257 3463 5317 amt
3527 5271 3641 5340 τὴν

2004 5350 2186 5422 Τύχην
2239 5348 2554 5420 καθημένην
2606 5347 2867 5419 ἔγραψεν,
2900 5344 3072 5410 εἶπεν,
3098 5346 3211 5416 Οὐχ
3234 5345 3462 5424 ἕστηκε
3489 5358 3641 5432 γάρ,

2077 5541 2242 5606 Βιάς.
2274 5569 2344 5580 -—
2384 5539 2442 5594 ι0
2473 5541 2634 5604 αὐτὸς
2657 5539 2830 5608 ἔλεγε,
2865 5539 2955 5592 τὸν
2981 5537 3092 5607 βίον
3146 5535 3300 5595 οὕτω
3360 5557 3651 5624 μετρεῖν,

2009 5632 2084 5696 ὡς
2117 5631 2212 5685 καὶ
2249 5631 2438 5699 πολὺν,
2473 5631 2567 5686 καὶ
2594 5632 2772 5700 ὀλίγον
2801 5630 2987 5701 χρόνον
3017 5629 3390 5702 βιωσόμενος,
3447 5675 3456 5681 .
