4066 6150
322 296 449 360 ΝΗ

1469 307 1528 368 S.
1570 305 1855 365 MAXIMI
1896 305 2406 367 CONFESSORIS

3436 305 3586 372 1012

387 415 808 472 Philanis.—-Si
843 425 1098 485 utrmque
1149 417 1376 484 clarere,
1434 432 1498 472 ac
1542 416 1722 472 oﬂlcio
1760 432 1892 486 prae-

2070 417 2354 484 Φίλωνος.
2377 447 2445 457 -
2463 419 2523 472 Ei
2556 418 2737 490 βούλει
2761 417 2954 481 διττῶς
2975 417 3298 488 εὐδοκιμεῖν,
3331 420 3425 472 καὶ
3449 424 3588 485 τοὺς

317 510 464 562 clare
511 507 730 578 defungi
785 507 940 571 libet,
990 523 1086 562 eos
1132 508 1226 577 qui
1279 525 1336 563 se
1375 510 1579 579 optime
1615 519 1809 580 gerant
1843 510 1892 564 in

2000 507 2262 562 κάλλιστα
2291 509 2579 573 ποιοῦντας
2627 508 2888 582 προτίμα,
2942 509 3034 562 καὶ
3072 511 3196 572 τοὺς
3242 510 3311 563 τὰ
3355 512 3584 582 χείρονα

325 599 518 668 primis
546 598 773 664 honora,
811 615 874 654 ac
907 599 1002 668 qui
1035 600 1168 654 vitio
1204 599 1542 671 indulgeant,
1581 601 1801 670 increpa
1835 615 1892 654 ac

1999 603 2338 673 πράττοντας
2371 602 2516 656 ἑπιτί
2523 621 2618 674 μα.

321 692 546 761 castiga.

383 783 646 838 Socrates.
670 785 1134 855 —lnterrogatus
1187 786 1439 841 Socrates
1472 801 1723 856 quaenam
1757 786 1894 840 civi-

315 887 398 931 tas
429 877 634 947 optime
669 876 1031 940 habitaretur,
1065 879 1163 942 Ea,
1188 877 1386 948 inquit,
1417 894 1540 947 quae
1564 877 1781 948 legibus
1812 893 1897 932 re-

311 972 482 1043 gitur,
513 988 577 1027 ac
611 986 713 1028 eos
747 971 843 1042 qui
879 971 1080 1042 injuria
1110 971 1338 1036 lazdunt,
1376 972 1681 1028 ulciscitur.

873 1084 1104 1140 SERMO
1142 1085 1330 1140 LXIX.

626 1178 705 1232 De
735 1195 869 1233 caeco
902 1181 984 1232 sui
1023 1195 1204 1232 amore
1245 1195 1306 1232 ac
1339 1179 1574 1248 proprio.

378 1272 538 1327 Jaan.
576 1288 670 1336 xu,
703 1271 792 1326 25.
817 1302 885 1310 —
906 1271 1008 1338 Qui
1042 1278 1187 1326 amat
1218 1270 1457 1324 animam
1497 1285 1671 1334 suam,
1701 1269 1896 1339 perdet

309 1373 465 1430 eam;
495 1373 552 1418 et
596 1363 691 1433 qui
728 1363 846 1418 odit
877 1363 1117 1416 animam
1153 1377 1307 1417 suam
1339 1362 1394 1416 in
1433 1362 1540 1417 hoc
1575 1361 1803 1428 mundo,
1837 1361 1892 1414 in

309 1458 478 1512 vitam
503 1463 763 1510 aeternam
793 1453 1038 1508 custodit
1063 1469 1202 1507 eam.

360 1546 411 1605 Η
446 1547 569 1604 Cor.
623 1564 678 1613 ι,
728 1547 1049 1602 18.-Νοιι
1084 1548 1179 1618 qui
1231 1547 1473 1618 seipsum
1523 1546 1889 1611 commendat,

311 1639 403 1695 ille
437 1641 702 1710 probatus
732 1640 900 1710 686
930 1649 1034 1704 est,
1055 1640 1149 1694 sed
1171 1656 1333 1709 quem
1357 1641 1500 1694 Deus
1520 1641 1889 1694 commendat.

2072 779 2498 847 Σωκράτης.--
2533 777 2860 850 Ἐρωτηθεὶς
2941 779 3070 832 ποία
3139 779 3292 843 πόλις
3377 780 3582 849 ἄριστα

1997 871 2249 932 οἰκεῖται,
2278 868 2486 937 ἑφη,Ἦ
2511 869 2650 939 μετὰ
2673 869 2838 939 νόμου
2879 865 3051 934 ζῶσα,
3086 871 3181 922 καὶ
3217 871 3328 932 τοῖς
3357 867 3581 922 ἀδικοῦ-

2000 978 2082 1013 σιν
2108 959 2418 1025 ἑπεξιοῦσα.

2565 1075 2784 1128 ΛΟΓΟΣ
2808 1075 2907 1130 ΞΘ’
2944 1075 3012 1128 ⁸⁸.

2522 1165 2663 1232 Περὶ
2708 1167 3050 1234 φιλαυτίας.

2079 1255 2262 1311 Ἰωάν.
2320 1257 2508 1320 ιβ’.-
2533 1257 2591 1310 '0
2623 1255 2791 1325 φιλῶν
2846 1257 2945 1325 τὴν
2989 1253 3168 1324 ψυχὴν
3199 1255 3388 1319 αὐτοῦ,
3437 1259 3578 1311 ἀπο·

1994 1347 2140 1401 λὲσει
2168 1349 2338 1418 αὐτήν
2359 1365 2373 1380 ·
2404 1349 2497 1400 καὶ
2516 1346 2544 1400 6
2566 1346 2742 1418 μισῶν
2763 1345 2934 1416 αὐτὴν
2965 1349 3023 1399 ἑν
3051 1345 3131 1416 τῷ
3160 1347 3351 1417 κόσμῳ
3376 1348 3575 1420 τούτῳ,

1995 1439 2076 1503 είς
2107 1439 2249 1510 ζωὴν
2277 1439 2495 1492 αἰώνιον
2522 1438 2750 1508 φυλάξει
2784 1439 2974 1509 αὐτήν.

2106 1528 2145 1603 β’
2199 1535 2435 1600 Κορινθ.
2482 1531 2751 1600 ι’.-υὺχ
2782 1533 2809 1584 6
2839 1530 3028 1583 ἑαυτὸν
3060 1529 3341 1596 συνιστῶν,
3368 1531 3577 1594 ἐκεῖνός

1995 1624 2113 1676 ἑστι
2141 1624 2382 1694 δόκιμος,
2412 1624 2526 1676 ἀλλ’
2556 1623 2616 1676 6v
2649 1624 2678 1675 6
2705 1621 2907 1689 Κύριος
2933 1622 3267 1692 συνίστησιν.

378 1732 614 1803 Philipp.
636 1749 694 1798 ιι,
723 1733 816 1788 2|.
848 1763 918 1772 —
943 1731 1150 1787 Omnes
1179 1748 1300 1802 qua:
1335 1747 1431 1786 sua
1467 1740 1744 1802 quaerunt,
1782 1747 1892 1786 non

2067 1742 2310 1794 Φιλιππ.
2357 1739 2440 1803 β’.
2461 1768 2532 1778 -
2553 1738 2620 1791 Οἱ
2645 1737 2842 1803 πάντες
2875 1738 2944 1793 τὰ
2973 1738 3180 1791 ἑαυτῶν
3209 1738 3482 1808 ζητοῦσιν,
3515 1739 3578 1792 οὐ

309 1840 431 1896 quae
456 1825 584 1881 Jcsu
611 1825 840 1880 Christi.

378 1916 544 1972 Eccli.
585 1933 786 1981 xxxv",
824 1916 912 1970 50.
936 1917 1155 1982 —Fili,
1189 1917 1242 1970 in
1291 1917 1404 1970 vita
1439 1925 1531 1971 tua
1582 1923 1729 1971 tenta
1774 1916 1894 1970 eni-

309 2024 453 2063 mam
486 2017 656 2074 tuam,
685 2018 740 2066 et
779 2009 904 2064 vide
934 2009 1068 2082 quid
1096 2010 1299 2064 malum
1329 2010 1403 2064 sit
1429 2009 1502 2072 ei,
1533 2018 1588 2063 et
1625 2023 1694 2062 ne
1721 2007 1892 2063 dede-

316 2112 388 2156 ns
417 2100 492 2154 illi
525 2120 537 2153 :
569 2116 678 2154 non
714 2101 862 2155 enim
894 2102 1076 2155 omnia
1122 2101 1380 2156 omnibus
1409 2099 1746 2155 conducunt.

379 2189 536 2244 Prov.
575 2208 694 2256 ut,
730 2191 784 2245 2.
809 2191 1091 2258 -Οιηιιὶε
1133 2192 1221 2245 vir
1262 2191 1482 2246 videtur
1528 2191 1633 2245 sibi
1679 2191 1892 2260 justus;

311 2285 569 2354 appendit
600 2302 731 2340 vero
765 2284 932 2340 corda
968 2284 1252 2340 Dominus.
1725 2294 1730 2298 ‘

373 2376 534 2434 Prw.
587 2395 731 2432 xxvn
754 2419 768 2441 ,
820 2377 874 2431 2.
899 2376 1202 2432 --Laudet
1250 2386 1304 2430 te
1339 2377 1655 2447 proximus,
1692 2387 1749 2432 et
1783 2393 1892 2432 non

304 2486 368 2527 os
390 2479 572 2538 tuum;
601 2471 803 2536 aliena,
839 2480 897 2525 et
930 2487 1042 2526 non
1078 2480 1167 2527 tua
1197 2471 1360 2527 labia.

376 2564 583 2622 Basilii.
602 2597 673 2607 —
693 2565 966 2622 Probrum
987 2577 1072 2622 est
1095 2567 1234 2631 viro,
1259 2568 1352 2638 qui
1384 2567 1487 2623 hac
1527 2584 1656 2624 vere
1695 2569 1897 2640 dignus

305 2657 377 2709 sit
401 2658 789 2726 appellatione,
819 2658 1086 2728 supera-ui
1114 2661 1298 2715 cultus
1327 2678 1389 2716 ac
1422 2662 1744 2716 deliciarum
1774 2678 1898 2717 cor-

1996 1832 2064 1886 τὰ
2090 1831 2183 1885 τοῦ
2214 1829 2476 1902 Χριστοῦ.
3517 1863 3525 1869 -

2066 1923 2249 1993 Σιρὰχ
2287 1921 2737 1985 λζ’.-Τὲκνον,
2787 1923 2844 1975 ἑν
2889 1925 2958 1992 τῇ
3009 1921 3121 1992 ζωῇ
3173 1937 3266 1973 σου
3319 1921 3580 1990 πείρασον

1994 2015 2091 2087 τὴν
2115 2015 2294 2086 ψυχήν
2319 2032 2433 2080 σου,
2469 2016 2563 2068 καὶ
2592 2015 2670 2068 ῑδε
2699 2013 2751 2066 τί
2782 2014 3016 2085 πονηρὸν
3050 2014 3210 2084 αὐτῇ,
3242 2013 3338 2066 καὶ
3365 2013 3439 2084 μὴ
3472 2013 3580 2084 δῷς

1993 2111 2130 2178 αὐτῇ
2152 2127 2165 2139 ο
2193 2109 2254 2162 οὐ
2275 2108 2384 2177 γὰρ
2409 2108 2587 2161 πάντα
2625 2109 2758 2161 πᾶσι
2788 2104 3082 2176 συμφέρει.

2064 2203 2311 2268 Παροιμ.
2340 2201 2673 2263 κα’.--Πᾶς
2703 2199 2842 2268 ἀνὴρ
2875 2197 3122 2266 φαίνεται
3154 2195 3335 2266 ἑαυτῴ
3350 2194 3576 2260 δίκαιοςο

1995 2291 2315 2346 κατευθύνει
2347 2291 2404 2344 δὲ
2435 2290 2664 2361 καρδίας
2703 2288 2926 2360 Κύριος.

2066 2389 2312 2453 Παροιμ.
2352 2383 2548 2444 κζ’.-
2576 2381 3002 2452 Ἐγκωμιαζὲτω
3054 2398 3114 2433 σε
3157 2380 3188 2432 6
3241 2379 3436 2444 πέλας,
3483 2380 3578 2434 καὶ

1999 2477 2075 2549 μὴ
2110 2477 2170 2530 τὺ
2199 2477 2289 2529 σὸν
2325 2477 2500 2544 στόμα
2520 2492 2532 2504 ·
2565 2474 2840 2544 ἀλλότρια,
2869 2473 2965 2526 καὶ
2995 2472 3071 2543 μὴ
3109 2473 3176 2525 τὰ
3198 2472 3266 2524 σὰ
3295 2472 3465 2544 χείλη.

2066 2564 2627 2630 Βασιλ.--Ὅνειδος
2660 2566 2768 2636 γὰρ
2803 2566 2978 2634 ἀνδρὶ,
3029 2564 3108 2634 τῷ
3138 2582 3201 2633 γε
3247 2565 3319 2627 ὡς
3357 2562 3566 2632 άληθῶς

1994 2662 2097 2732 τῆς
2157 2659 2535 2732 προσηγορίας
2583 2659 2786 2727 ταύτης
2841 2655 2997 2726 ἀξίῳ,
3055 2657 3426 2724 καλλωπιστὴν
3470 2653 3567 2706 καὶ

305 2747 456 2816 poris
496 2746 932 2815 appetentiorem
977 2763 1120 2812 esse,
1152 2750 1267 2803 sive
1301 2750 1476 2804 cuivis
1508 2752 1600 2805 alii
1636 2752 1892 2821 degeneri

1998 2753 2378 2823 φιλοσώματον
2411 2748 2571 2815 εἶναι,
2599 2750 2632 2820 ἢ
2673 2749 2808 2819 πρὸς
2838 2748 2966 2801 ἄλλο
2989 2765 3041 2801 τι
3070 2748 3178 2800 τῶν
3207 2746 3386 2800 παθῶν
3413 2748 3574 2814 ἁγενο

304 2837 510 2902 animo,
547 2837 765 2900 libidini
803 2838 1047 2893 studere.
1080 2837 1309 2893 Omnem
1359 2841 1507 2894 enim
1555 2842 1892 2912 diligentiam

1999 2849 2105 2907 νῶς
2128 2846 2457 2914 διακεῖσθαι.
2495 2847 2568 2899 Τὸ
2601 2844 2712 2914 γὰρ
2759 2844 2858 2913 τὴν
2894 2844 3077 2896 πᾶσαν
3121 2840 3358 2911 σπουδὴν
3391 2839 3578 2909 εἰσφέ-

306 2927 558 2982 conferre
590 2929 669 2980 uti
708 2943 766 2981 se
807 2943 1008 2997 corpus
1055 2930 1358 2984 lautissime
1405 2932 1623 2995 habeat,
1661 2935 1782 3003 ejus
1824 2935 1892 2989 sit

2003 2938 2212 3008 ρεσθαι,
2243 2937 2390 2998 ὅπως
2433 2935 2508 2997 ὡς
2555 2934 2820 2987 κάλλιστα
2865 2932 3030 2985 αὐτοῦ
3060 2932 3123 2984 τὸ
3152 2931 3314 3000 σῶμα
3348 2931 3480 2994 ἕξοι,
3514 2929 3575 2982 οὐ

305 3018 400 3087 qui
434 3007 824 3086 ipse'seipsum
868 3011 977 3073 non
1007 3031 1321 3089 cognoscat,
1358 3039 1459 3077 nec
1491 3025 1637 3092 quod
1685 3026 1761 3080 ita
1803 3042 1892 3080 sa-

307 3110 523 3179 pienter
564 3109 872 3179 injunctum
903 3118 1008 3176 est,
1040 3111 1327 3183 intelligat.

377 3200 932 3272 Chrysost.—Nemo
987 3205 1220 3269 amicus,
1269 3223 1434 3261 nemo
1483 3207 1670 3263 frater.
1710 3210 1892 3266 Unus-

305 3291 540 3360 quisque
589 3307 679 3346 res
731 3301 950 3348 nostras
997 3294 1430 3349 consideremus.
1469 3297 1544 3350 Ea
1599 3298 1741 3351 ratio
1784 3309 1890 3363 est,

309 3399 410 3437 cur
456 3393 512 3438 et
562 3393 749 3439 nostra
795 3385 1147 3448 accidamus,
1191 3387 1628 3458 imbecillesque,
1675 3405 1738 3444 ac
1776 3399 1890 3444 tum

308 3475 648 3554 hominibus,
701 3486 816 3530 tum
853 3477 1073 3532 diabolo
1126 3477 1315 3534 faciles
1358 3467 1671 3550 expugnatu
1696 3481 1890 3547 simus,

306 3567 464 3636 quod
487 3584 594 3622 una
623 3569 780 3637 quasi
812 3572 1282 3625 contcsseratione
1329 3573 1474 3627 inter
1519 3589 1620 3628 nos
1664 3575 1892 3631 minime

308 3659 690 3712 convenimus.
737 3659 871 3716 Nam
901 3670 958 3714 et
1004 3661 1058 3714 in
1104 3663 1290 3731 praelio
1339 3664 1720 3734 instructaque
1749 3668 1890 3730 acie,

309 3749 560 3818 quisquis
595 3749 756 3804 miles
785 3750 892 3805 hoc
932 3767 1099 3806 unum
1145 3764 1376 3823 spectat,
1413 3766 1474 3811 ut
1502 3757 1627 3827 fuga
1657 3760 1890 3814 salutem

309 3840 587 3909 expediat,
623 3855 732 3894 una
764 3856 952 3896 secum
988 3845 1168 3912 perdit
1214 3855 1270 3901 et
1315 3849 1599 3918 reliquos:
1634 3851 1713 3904 uti
1760 3867 1892 3906 vero

311 3929 405 3996 qui
434 3937 694 3984 strenuus
724 3941 828 3996 est,
855 3947 921 3986 ac
949 3949 1049 4002 pro
1075 3935 1200 3990 aliis
1227 3952 1381 3991 arma
1407 3938 1595 4002 sumit,
1624 3939 1731 3994 sibi
1753 3940 1892 3995 adeo

311 4037 434 4074 cum
468 4021 697 4091 reliquis
727 4035 920 4079 auctor
955 4026 1148 4081 salutis
1186 4037 1290 4082 est.

379 4111 482 4178 Qui
518 4128 626 4166 non
661 4114 914 4184 suscipit,
951 4130 1115 4183 quam
1151 4115 1254 4184 ipsi
1288 4117 1458 4172 frater
1485 4117 1704 4172 adhibet
1731 4133 1892 4174 cura-

321 4206 538 4270 tionem,
572 4205 688 4273 ipse
716 4221 746 4259 a
778 4223 836 4262 se
866 4222 1088 4277 quoque
1123 4208 1402 4266 dissentit.
1447 4281 1450 4284 γ

1997 3029 2449 3096 διαγινώσκοντος
2505 3027 2698 3079 ἑαυτόν
2747 3028 2915 3090 ἑστιν,
2995 3023 3116 3077 οὐδὲ
3170 3023 3445 3085 συνιέντος
3485 3020 3578 3074 τοῦ

1919 3099 1962 3156 C
1998 3121 2163 3192 σοφοῦ
2207 3120 2689 3190 παραγγέλματος.

2067 3212 2662 3282 Χρυσοστ.-οὐὂεὶς
2705 3209 2875 3279 φίλος,
2939 3208 3114 3270 οὐδεὶς
3177 3206 3427 3274 ἀδελφός.
3497 3205 3582 3257 τὰ

1996 3308 2206 3360 ἑαυτῶν
2231 3305 2539 3373 σκοποῦμεν
2569 3305 2819 3364 ἕκαστος.
2851 3300 2950 3353 Διὰ
2978 3299 3135 3354 τοῦτο
3156 3300 3250 3352 καὶ
3272 3297 3342 3352 τὰ
3369 3296 3580 3353 ἑαυτῶν

1997 3396 2348 3467 κολοϐοῦμεν,
2408 3395 2501 3446 καὶ
2544 3391 2790 3452 ἀσθενεῖς
2838 3390 2929 3444 καὶ
2977 3387 3443 3455 εὐκαταγώνιστοι
3485 3386 3581 3437 καὶ

1995 3487 2306 3559 ἀνθρώποις
2327 3485 2422 3538 καὶ
2439 3482 2671 3552 διαϐόλῳ
2694 3481 2880 3550 ἑσμὲν,
2907 3481 2972 3531 ἑκ
2993 3478 3088 3531 τοῦ
3119 3477 3192 3548 μὴ
3225 3473 3582 3538 συνασπίζειν

1997 3581 2279 3651 ἀλλήλους.
2334 3578 2442 3631 Καὶ
2483 3575 2592 3645 γάρ
2630 3577 2686 3628 ὲν
2746 3573 2991 3640 πολέμῳ·
3020 3570 3113 3625 καὶ
3170 3567 3505 3636 παρατάξει,
3551 3566 3584 3618 6

1997 3671 2133 3741 πρὸς
2170 3669 2333 3720 τοῦτο
2387 3666 2548 3736 μόνον
2593 3662 2736 3735 ὁρῶν
2776 3657 3135 3731 στρατιώτης,
3188 3657 3340 3717 ὅπως
3386 3652 3584 3706 ἑαυτὸν

1995 3757 2237 3830 διασώσῃ
2271 3756 2480 3825 φυγὼν,
2519 3757 2616 3808 καὶ
2657 3755 2782 3814 τοὺς
2830 3751 3022 3812 ἄλλους
3054 3747 3172 3819 μεθ’
3206 3746 3404 3800 ἑαυτοῦ
3452 3760 3585 3796 συν-

1994 3853 2325 3908 απόλλυσινο
2370 3848 2559 3918 ὥσπερ
2597 3845 2690 3900 οὖν
2728 3849 2756 3899 6
2808 3843 3077 3912 γενναῖος,
3133 3841 3229 3894 καὶ
3286 3837 3430 3908 ὑπὲρ
3467 3834 3584 3888 τῶν

1996 3948 2172 4001 ἄλλων
2203 3944 2273 3998 τὰ
2309 3943 2449 3996 ὅπλα
2472 3942 2774 4012 τιθέμενος,
2803 3937 2942 4009 μετὰ
2969 3937 3076 3990 τῶν
3109 3935 3287 3989 ἄλλων
3315 3934 3412 3987 καὶ
3449 3935 3584 3984 ἑαυ-

1993 4039 2086 4091 τὸν
2109 4033 2386 4099 διασώζει.

2075 4129 2136 4181 '0
2194 4126 2268 4198 μὴ
2333 4124 2760 4194 καταδεχόμενος
2832 4120 2931 4192 τὴν
2985 4119 3136 4188 παρὰ
3193 4116 3287 4170 τοῦ
3344 4111 3581 4182 ἀδελφοῦ

1995 4219 2294 4292 θεραπείαν
2327 4215 2744 4289 προσαγομένην
2769 4212 2938 4282 αὐτῷ,
2977 4208 3306 4281 ἀσύμφωνός
3333 4207 3451 4259 ἐστι
3483 4207 3585 4260 καὶ

1995 4316 2155 4376 αὐτὸς
2183 4311 2379 4382 ἑαυτῷ.

379 4385 866 4456 Theologi.—Uno
913 4387 1019 4440 hoc
1069 4388 1247 4456 capite
1295 4403 1486 4442 omnes
1534 4389 1609 4459 pii
1661 4403 1886 4457 sumus,

2068 4369 2693 4474 Oe-oldroir.—Hdvrs;
2745 4399 2844 4470 μὲν
2905 4395 3150 4458 εὐσεϐεῖς
3203 4393 3263 4458 ἔξ
3314 4369 3433 4454 ἑνδς
3480 4389 3582 4491 τοῦ

312 4477 458 4546 quod
503 4479 746 4549 reliquos
780 4479 1080 4548 impietatis
1121 4480 1548 4538 insimulamus:
1586 4482 1687 4551 ipsi
1732 4483 1892 4539 nobis

1995 4497 2430 4568 καταγινώσκειν
2483 4492 2728 4563 ἀλλήλων
2784 4489 3075 4543 ἀσέϐειανο
3115 4485 3222 4538 τῶν
3281 4483 3380 4552 μὲν
3427 4480 3586 4534 ’ἰδίων

313 4569 464 4624 lenes
511 4570 766 4641 judiccs,
832 4571 1176 4642 aliorumque
1231 4571 1362 4628 duri
1415 4574 1701 4643 exactique
1759 4590 1898 4630 cen-.

313 4677 485 4717 sores.

383 4754 532 4809 Inter
563 4769 664 4809 nos
697 4756 1017 4826 spiritaliter
1045 4773 1332 4813 versemur
1365 4777 1378 4812 :
1410 4759 1640 4815 fratrum
1689 4763 1892 4832 potius,

316 4863 477 4914 quam
508 4847 611 4917 ipsi
640 4849 818 4904 nostri
853 4851 1186 4906 amantiores
1215 4854 1410 4907 simus.

387 4936 859 5006 Philonis—Qui
893 4941 949 4996 in
990 4942 1073 4996 sui
1123 4942 1388 4998 duntaxat
1435 4945 1664 5014 gratiam
1699 4959 1897 5002 cuncta

316 5039 502 5098 agunt,
533 5046 678 5086 caeco
704 5033 788 5086 sui
820 5035 1012 5097 amori,
1039 5036 1278 5105 pessimo
1313 5037 1449 5091 vitio
1485 5039 1732 5092 studium
1765 5056 1897 5110 ope—

318 5135 543 5190 ramque
568 5133 803 5192 ponunt.

387 5209 558 5265 Critii.
580 5213 858 5267 --Dirum
886 5230 1040 5278 vero,
1077 5230 1201 5269 cum
1235 5217 1360 5285 quis
1399 5219 1547 5274 sanis
1591 5221 1896 5276 rationibus

319 5319 440 5360 esse
470 5305 578 5360 sibi
606 5306 875 5373 videatur,
906 5325 1009 5364 nec
1037 5318 1216 5365 tamen
1244 5313 1333 5366 sit.

393 5399 558 5453 Probi
592 5415 785 5456 sumus
833 5410 996 5471 atque
1035 5404 1178 5458 acuti
1227 5414 1289 5458 ut
1337 5407 1619 5464 videamus
1664 5411 1896 5466 aliorum

323 5491 546 5545 malum.

395 5583 507 5638 Nos
531 5599 661 5637 vero
695 5583 794 5654 ipsi
839 5601 965 5641 cum
995 5588 1245 5656 facimus,
1279 5590 1574 5646 nescimus.

397 5703 443 5734 “
476 5701 536 5758 ιιι
560 5697 724 5753 Gesn.
758 5698 912 5754 Stob.
957 5701 1074 5754 105.

1996 4594 2160 4664 πρᾶοι
2184 4589 2392 4661 κριταὶ,
2414 4587 2522 4640 τῶν
2555 4585 2610 4638 δὲ
2641 4583 2936 4653 ἀλλοτρίων
2980 4577 3229 4649 ἀκριϐεῖς
3263 4572 3580 4642 ἐξετασταί.

2068 4767 2325 4837 Συνῶμεν
2357 4763 2608 4833 ἀλλήλοις
2654 4754 3074 4826 πνευματικῶς*
3111 4749 3402 4822 γενώμεθα
3452 4749 3590 4818 φιλ-

1995 4861 2213 4929 άδελφοι
2239 4857 2438 4929 μᾶλλον
2467 4854 2500 4924 ἢ
2531 4853 2795 4922 φίλαυτοι.

2067 4953 2285 5007 Φίλων.
2307 4979 2372 4990 -—-
2391 4948 2457 5000 Ui.
2482 4942 2691 4999 ἑαυτῶν
2718 4940 2877 5011 μόνον
2897 4936 3061 4989 ἓνεκα
3100 4933 3277 4986 πάντα
3307 4930 3589 4999 πράττον-

1996 5063 2108 5109 τες,
2148 5042 2433 5113 φιλαυτίας
2467 5038 2725 5108 μέγιστον
2753 5031 2922 5085 κακὸν
2949 5025 3379 5098 ἐπιτηδεύουσιν.

2661 5210 2912 5280 Ιιζοιτίου.

1999 5315 2207 5374 Δεινὸν
2241 5313 2294 5366 δ’
2332 5313 2478 5365 ὅταν
2507 5327 2592 5374 τις
2637 5307 2723 5375 μὴ
2764 5300 3002 5373 φρονῶν
3042 5295 3193 5364 δοκῇ
3232 5292 3510 5364 φρονεῖν-ς

2013 5407 2245 5480 Ἀγαθοὶ
2282 5406 2349 5460 δὲ
2387 5404 2452 5459 τὸ
2477 5404 2665 5456 κακόν
2689 5401 2876 5468 ἐσμεν
2906 5395 2997 5462 ἐφ’
3031 5389 3244 5459 ἐτέρων
3273 5387 3428 5441 ἰδεῖν
3454 5403 3469 5418 ·

1997 5589 2178 5650 Αὐτοὶ
2210 5588 2259 5642 δ’
2288 5587 2432 5641 ὅταν
2452 5581 2730 5651 ποιῶμεν,
2761 5579 2832 5632 οὐ
2871 5573 3255 5644 γινώσκομεν.
