4066 6150
379 307 517 374 1015

1549 315 1610 374 S-
1648 317 1934 378 ΜΑΧΙΜΙ
1975 317 2484 380 CONFESSORIS

3515 313 3665 379 1016

372 423 520 478 lume
546 439 790 480 scrvare.
833 424 1043 495 Saepius
1065 424 1214 480 enim
1247 426 1393 496 quod
1428 426 1699 483 industria
1725 427 1948 498 conqui-

2063 428 2222 493 λάκις
2280 431 2390 501 γάρ
2461 428 2490 482 ὃ
2561 429 2685 501 μὲν,
2731 431 2936 502 σπουδὴ
3024 428 3325 502 προσέλαϐε
3402 428 3663 500 ῥᾳθυμία

371 513 522 580 sivit,
554 515 888 585 negligentia
919 514 1191 585 perdidit;
1220 525 1276 571 et
1306 517 1454 588 quod
1490 517 1702 589 ignavia
1731 534 1965 589 pessun-

371 602 545 668 dedit,
582 603 870 675 diligentia
919 606 1288 676 recuperavit.

443 696 683 752 Facilius
711 703 798 752 est
839 697 978 754 vitio
1028 698 1226 766 imbui,
1259 715 1424 770 quam
1455 700 1719 756 virtutem
1753 700 1961 773 impar-

371 785 484 839 tiri.

438 877 559 932 Non
598 878 762 934 facile
807 878 1046 935 humana
1092 887 1288 935 natura
1337 880 1546 936 bonum
1580 881 1842 952 concipit,
1879 882 1960 938 uti

368 983 472 1022 nec
501 969 705 1040 ignem,
725 987 848 1041 quae
872 971 1103 1027 materia
1123 973 1406 1028 humidior
1426 974 1642 1030 exsistit
1664 992 1678 1041 ;
1709 975 1960 1047 plerique

367 1075 500 1113 vero
527 1061 594 1115 ad
627 1061 831 1116 malum
868 1065 1198 1133 patrandum
1226 1066 1387 1136 proni
1417 1074 1473 1120 et
1501 1065 1711 1121 idonei.

438 1152 590 1222 Ejus,
621 1153 717 1223 qui
750 1153 974 1211 deditus
1017 1157 1155 1212 vitio
1188 1157 1279 1222 sit,
1327 1158 1572 1223 claritas,
1621 1158 1826 1215 multos
1869 1158 1956 1213 lu-

261 1263 270 1271 -
365 1242 524 1300 brico
552 1246 722 1300 trahit
749 1247 953 1314 animo,
986 1259 1045 1304 ut
1075 1265 1132 1305 se
1163 1251 1394 1322 perinde
1422 1253 1776 1308 amulentur.

437 1338 746 1394 Proclivius
805 1342 1058 1412 improba
1117 1344 1331 1400 indoles
1387 1354 1653 1416 sequatur
1712 1345 1953 1412 malum,

363 1445 529 1499 quam
563 1438 626 1485 ut
654 1431 877 1488 virtutis
902 1434 1239 1490 adminiculo
1270 1436 1604 1492 inhibeatur.
1789 1439 1792 1442 ’

435 1522 676 1580 Facilius
703 1534 788 1579 est
816 1525 886 1580 ab
920 1526 1080 1581 initio
1111 1543 1221 1582 non
1247 1529 1448 1584 cadere
1479 1529 1700 1585 malitiae
1729 1545 1794 1585 ac
1824 1545 1956 1586 ena-

363 1621 608 1668 scentem
656 1614 854 1681 vitare,
903 1632 1069 1686 quam
1118 1619 1239 1688 ejus
1284 1634 1636 1689 progressum
1672 1620 1950 1685 inhibere,

363 1707 565 1776 illaque
609 1710 956 1778 superiorem
990 1712 1261 1778 evadere;
1289 1713 1756 1782 quemadmodum
1778 1722 1834 1769 et
1871 1715 1951 1770 la-

2065 521 2408 594 διέφθειρεν’
2442 523 2472 576 ὃ
2499 523 2556 577 δὲ
2583 523 2740 588 ὄκνος
2777 524 3077 591 ἀπώλεσεν,
3111 522 3480 578 ἀνεκαλέσατο
3525 523 3662 575 ἔπι-

2067 616 2284 687 μέλεια.
3366 641 3370 646 ί

2135 710 2348 774 Κακίας
2400 711 2531 783 ῥᾷον
2561 710 2903 781 μεταλαϐεῖν,
2939 709 3195 782 ῆάρετῆς
3225 703 3580 779 μεταδοῦναι.

2137 802 2454 875 Δύσληπτον
2517 805 2615 874 μὲν
2657 803 2720 856 τὸ
2759 801 3061 888 “aeger;
3096 800 3414 873 ἀνθρωπίνῃ
3460 798 3654 869 φύσει,

2062 895 2255 966 ὥσπερ
2304 897 2401 950 καὶ⁵
2439 895 2502 949 τὸ
2541 895 2653 966 πῦρ
2704 894 2804 966 ὕλῃ
2852 899 2918 966 τῇ
2963 893 3269 965 ὑγροτέρᾳ·
3333 893 3542 962 ἕτοιμοι
3593 891 3658 944 δὲ

2061 989 2199 1060 πρὸς
2227 989 2327 1060 τὴν
2357 987 2455 1042 τοῦ
2488 987 2664 1043 κακοῦ
2688 989 2952 1060 ἐργασίαν
2979 989 3030 1041 οί
3057 987 3301 1040 πλεῖστοι
3329 985 3423 1040 καὶ
3452 986 3656 1057 ἐπιτή-

2058 1080 2212 1134 δειοι.
3078 1108 3080 1111 -

2131 1174 2205 1226 Τδ
2228 1173 2288 1226 ὲν
2309 1173 2480 1246 κακίᾳ
2495 1173 2855 1246 περίϐλεπτον
2885 1171 2968 1244 (ἱ),
2994 1170 3224 1235 πολλοὺς
3247 1173 3325 1236 είς
3345 1170 3438 1226 τὸν
3459 1171 3653 1241 ὅμοιον

2059 1264 2222 1336 ζῆλον
2255 1264 2364 1319 τῶν
2391 1264 2754 1337 εὐολισθήτων
2781 1265 3095 1334 ἐφέλκεται.

2131 1356 2494 1429 Πρόχειρονή.
2515 1357 2753 1430 πονηρία
2783 1356 2862 1426 τῷ
2893 1355 3048 1427 κακῷ
3079 1355 3279 1430 μᾶλλον
3304 1354 3648 1422 ἀκολουθεῖν,

2054 1447 2088 1520 ἢ
2118 1447 2223 1500 ὐπὸ
2244 1428 2676 1518 τοῢνκρείττονος
2702 1445 3130 1501 ἀνακόπτεσθαι.
3261 1428 3278 1444 ’

2045 1581 2052 1585 -
2137 1540 2296 1612 Ῥᾷον
2350 1540 2462 1610 γάρ
2505 1541 2599 1594 ἀπ’
2645 1540 2823 1611 ἀρχῆς
2879 1539 2956 1610 μὴ
3010 1538 3256 1592 ἐνδοῦναι
3317 1537 3488 1608 κακία
3550 1536 3644 1590 καὶ

2055 1633 2352 1704 προϊοῦσαν
2376 1632 2678 1702 διαφυγεῖν,
2719 1632 2752 1703 ἢ
2793 1631 3198 1703 προϐαίνουσαν
3227 1629 3499 1698 ἀνακόψαι
3549 1630 3646 1682 καὶ

2055 1729 2292 1798 φανῆναι
2313 1725 2522 1796 ταύτης
2560 1725 2867 1796 ἀνώτερον
2925 1723 3119 1794 ὥσπερ
3161 1723 3256 1777 καὶ
3285 1722 3490 1792 πέτραν
3545 1721 3646 1774 ἀπ’

363 1797 544 1864 pidem
590 1799 661 1853 ab
709 1800 867 1864 initio
917 1818 1114 1873 capere
1165 1820 1230 1860 ac
1277 1813 1489 1872 tenere,
1527 1822 1691 1876 quam
1744 1807 1948 1878 impetu

2055 1793 2231 1893 ἀρχῆς
2283 1793 2513 1894 αἱρῆσαι
2543 1821 2637 1876 καὶ
2669 1793 2985 1892 κατασχεῖν,
3017 1821 3052 1891 ἢ
3077 1820 3389 1892 φερομένην
3428 1819 3645 1874 ἀνώσα.⁹

363 1898 616 1945 ruentem
667 1894 960 1963 repellere.

430 1981 662 2037 Multum
699 1984 959 2039 lenocinii
990 2002 1054 2042 ac
1087 1988 1388 2059 voluptatis
1417 1990 1574 2056 vitio,
1604 1992 1951 2064 multumque

357 2071 566 2128 laboris
606 2084 772 2145 atque
816 2076 1037 2134 sudoris
1067 2079 1260 2134 virtuti
1295 2083 1651 2153 conjunctum
1680 2094 1786 2139 est.
1815 2085 1950 2139 Nam

357 2165 563 2237 alioqui
604 2184 726 2238 qua:
757 2169 856 2224 tibi
886 2171 1063 2241 gratia
1106 2172 1430 2238 deberetur,
1463 2190 1698 2244 quamve
1742 2191 1952 2231 merce-

359 2259 482 2313 dem
504 2261 802 2332 acciperes,
834 2264 940 2320 nisi
968 2281 1058 2320 res
1083 2267 1330 2322 laborem
1357 2269 1620 2324 haberet?
1638 2270 1773 2324 Nam
1805 2272 1950 2325 mul-

361 2361 447 2407 tos
497 2353 700 2409 aﬂ’erre
752 2356 904 2422 licet,
939 2358 1036 2428 qui
1085 2367 1284 2414 natura
1332 2358 1550 2416 mulieri
1603 2363 1950 2418 commisceri

358 2445 599 2502 oderint.
634 2447 746 2504 Hos
775 2465 909 2521 ergo
939 2459 1123 2506 castos
1155 2452 1423 2517 dicemus,
1455 2462 1550 2508 aut
1582 2468 1681 2510 eos
1714 2469 1950 2510 corona-

360 2537 577 2594 bimus?
628 2540 1086 2613 Haudquaquam.
1132 2543 1372 2601 Castitas
1413 2546 1564 2602 enim
1607 2548 1950 2604 continentia

357 2643 462 2696 est,
490 2648 806 2704 pugnaque,
843 2636 1139 2692 libidinum
1173 2637 1441 2694 victorem
1477 2639 1732 2695 evadere.

431 2724 585 2796 Greg.
623 2726 780 2798 Nysa.
802 2758 873 2767 —
893 2729 1086 2800 Magna
1114 2730 1182 2784 ad
1215 2731 1410 2788 vitium
1442 2731 1678 2788 facilitas
1715 2741 1820 2798 est,
1853 2749 1949 2789 na-

361 2825 592 2888 turaque
622 2820 679 2874 in
725 2819 778 2874 id
825 2823 972 2890 quod
1017 2821 1264 2878 deterius
1295 2835 1400 2890 est,
1431 2825 1696 2895 proclivis
1736 2825 1948 2881 delabi-

359 2918 471 2963 tur.

429 2999 591 3053 Joan.
634 3000 792 3055 Ctim.
817 3033 886 3042 —
908 3003 1124 3060 Labore
1153 3007 1330 3060 multo
1365 3015 1529 3077 atque
1569 3007 1770 3064 sudore
1799 3010 1947 3066 mitis

2057 1910 2203 1966 σθαι.

2126 2003 2436 2075 Πολλὴμὲν
2481 2003 2650 2074 ἡδονὴ
2687 2005 2752 2074 τῇ
2781 2002 2973 2074 κακίᾳ,
3020 2003 3189 2065 πολὺς
3242 2001 3300 2055 δὲ
3350 2003 3417 2070 τῇ
3467 2001 3640 2073 ἀρετῇ

2055 2093 2592 2160 συνέζευκταιπόνος
2608 2097 2704 2149 καλ¹
2736 2094 2920 2165 ἱδρώς.
2948 2093 3059 2149 Καὶ
3080 2094 3208 2147 ποία
3241 2111 3322 2147 σοι
3348 2095 3503 2165 χάρις
3532 2090 3637 2164 ἦν;

2053 2189 2191 2242 Τίνα
2212 2188 2256 2241 δ’
2287 2187 2354 2241 ἂν
2381 2187 2574 2250 ἔλαϐες
2600 2185 2816 2257 μισθὸν,
2849 2187 2897 2240 εἰ
2934 2186 3008 2256 μὴ
3035 2185 3293 2239 ἐπίπονον
3319 2185 3381 2238 τὸ
3406 2186 3642 2256 πρᾶγμα

2051 2278 2154 2354 ἦν;
2194 2279 2308 2334 Καὶ
2335 2280 2445 2350 γὰρ
2498 2279 2726 2343 πολλοὺς
2759 2279 2868 2350 ἔχω
2901 2278 3094 2344 δεῖξαι,
3146 2277 3308 2348 φύσει
3347 2277 3408 2330 τδ
3450 2278 3640 2347 μίγνυ-

2055 2373 2179 2428 σθαι
2228 2372 2446 2442 γυναικὶ
2513 2371 2826 2442 μισοῦντας.
2901 2371 3138 2434 Τούτους
3183 2371 3280 2425 οὖν
3354 2371 3638 2441 σώφρονας

2051 2465 2358 2535 καλέσομεν
2397 2463 2433 2535 ἢ
2483 2463 2935 2534 στεφανώσομεν;
2971 2461 3260 2532 Οὐδαμῶς.
3299 2462 3629 2533 Σωφροσύνη

2052 2557 2160 2629 γάρ
2191 2561 2339 2612 ἔστιν
2373 2555 2693 2627 ἐγκράτεια,
2727 2557 2820 2612 καὶ
2845 2556 2905 2610 τὸ
2923 2555 3230 2628 μαχόμενον
3249 2554 3628 2627 περιγενέσθαι

2051 2649 2161 2703 τῶν
2189 2650 2414 2721 ἡδονῶν.

2123 2744 2310 2812 Γρητ.
2337 2739 2826 2808 bluam—[Ioni]
2865 2738 3005 2810 πρὸς
3054 2739 3152 2807 τὴν
3179 2736 3372 2790 κακίαν
3422 2735 3568 2788 ἔστὶν
3593 2736 3632 2806 ἡ

2051 2835 2296 2902 εὐκολία,
2323 2837 2420 2890 καὶ
2452 2833 2758 2907 ὀξύρροπος
2789 2834 2884 2886 ἐπὶ
2905 2831 2964 2885 τὸ
2997 2832 3180 2902 χεῖρον
3208 2831 3241 2900 ἡ
3273 2829 3456 2898 φύσις.
3543 2856 3546 2859 -

2134 3017 2244 3071 Ἰω.
2270 3016 2445 3086 Κλίμ.
2468 3017 2727 3086 -Κόπῳ
2758 3011 2937 3084 πολλῷ
2975 3011 3068 3066 καὶ
3106 3010 3292 3082 μόχθῳ
3325 3009 3420 3063 καὶ
3451 3007 3638 3080 ἱδρῶτι

359 3091 413 3144 in
442 3090 604 3146 nobis
631 3107 695 3147 ac
719 3092 859 3148 bene
888 3096 1194 3166 composita
1226 3097 1438 3153 indoles
1472 3100 1693 3169 vitaque
1723 3110 1948 3170 praesta-

2053 3109 2409 3182 κατορθοῦται
2444 3108 2504 3162 ὲν
2545 3109 2682 3178 ἡμῖν
2732 3103 2865 3178 ἦθος
2894 3104 3130 3196 χρηστὸν
3173 3105 3265 3158 καὶ
3299 3102 3641 3196 εὐκατάστα-

357 3193 478 3250 tur;
506 3185 791 3256 multoque
823 3187 1012 3243 labore
1043 3199 1216 3259 partae
1240 3190 1496 3259 virtutes,
1531 3193 1650 3248 fieri
1679 3202 1860 3264 potest
1886 3205 1946 3251 ut

2053 3220 2139 3258 τον
2165 3220 2178 3234 ·
2210 3203 2303 3256 καὶ
2338 3201 2405 3255 τὰ
2424 3198 2606 3270 πολλῷ
2639 3198 2826 3270 μόχθῳ
2859 3195 3298 3268 κατορθούμενα,
3323 3193 3546 3248 δυνατὸν
3581 3195 3640 3246 ὲν

359 3292 470 3331 uno
516 3278 784 3348 temporis
813 3290 1096 3337 momento
1123 3284 1444 3352 perdantur.

422 3363 1007 3435 Diogen.—Lucerna
1054 3371 1295 3428 interdiu
1341 3390 1572 3431 accensa
1614 3377 1940 3445 oberrabat;

355 3456 679 3525 rogantibus
719 3467 904 3515 autem
934 3462 1265 3533 quibusdam
1310 3467 1442 3537 quid
1473 3477 1679 3540 ageret,
1717 3484 1946 3540 respon-

355 3549 450 3604 dit-
486 3566 546 3606 se
574 3551 856 3610 hominem
897 3573 1163 3627 quaerere.
1339 3559 1342 3563 ’

919 3693 1150 3752 SERMO
1187 3696 1377 3753 LXXI.

459 3803 579 3857 Non
623 3820 830 3875 semper
872 3807 1130 3877 majorem
1172 3817 1380 3879 partem
1412 3826 1521 3865 esse
1559 3811 1834 3882 optimam.

425 3919 554 3974 Luc.
588 3937 700 3987 xm,
736 3921 786 3976 1.
808 3923 1228 3995 -Re5piciens
1259 3935 1441 3982 autem
1475 3927 1658 3992 Jesus,
1685 3927 1825 3983 vidit
1849 3943 1946 3984 eos

354 4014 448 4083 qui
480 4013 776 4070 mittebant
808 4031 1038 4072 munera
1068 4035 1166 4074 sua
1209 4018 1264 4073 in
1296 4020 1768 4091 gazophylacium,
1804 4021 1947 4076 divi-

357 4115 456 4158 tes.
491 4103 640 4159 Vidit
661 4113 847 4162 autem
879 4115 936 4163 et
962 4109 1255 4178 quamdam
1279 4111 1500 4164 viduam
1528 4112 1941 4180 pauperculam,

355 4198 663 4254 mittentem
707 4200 877 4271 689
918 4217 1026 4255 aera
1070 4202 1282 4256 minuta
1331 4201 1462 4256 duo.
1494 4201 1564 4256 Et
1593 4201 1730 4257 dixit
1763 4201 1946 4258 :Vere

353 4290 479 4345 dico
521 4290 701 4358 vobis,
750 4291 917 4346 vidua
965 4292 1083 4346 haec
1130 4307 1361 4362 pauper,
1411 4292 1706 4363 plusquam
1753 4307 1946 4348 omnes

353 4381 524 4438 misit.
556 4381 710 4438 Nam
733 4397 928 4439 omnes
972 4383 1030 4438 hi
1065 4399 1130 4438 ex
1176 4400 1244 4439 eo
1287 4383 1433 4454 quod
1473 4385 1610 4454 ipsis
1653 4384 1942 4450 exuberat,

353 4473 626 4528 miserunt
668 4473 725 4528 in
771 4490 1000 4530 munera
1031 4475 1126 4530 Dei
1157 4494 1170 4530 :
1197 4476 1314 4532 inec
1357 4485 1564 4542 autem,
1609 4492 1677 4533 ex
1711 4479 1945 4546 penuria

351 4579 470 4628 sua,
507 4579 729 4620 omnem
760 4565 967 4622 victum
994 4580 1179 4632 suum,
1210 4581 1377 4636 quem
1413 4567 1626 4633 habuit,
1660 4567 1829 4623 misit.

420 4743 449 4796 Ι
477 4742 599 4800 Cor.
636 4759 746 4811 xlv,
783 4745 864 4800 19.
891 4777 962 4788 —-
983 4746 1042 4802 In
1074 4748 1319 4805 Ecclesia
1348 4751 1474 4804 volo
1500 4749 1746 4820 quinque
1777 4750 1945 4805 verba

352 4850 514 4891 sensu
555 4853 679 4894 meo
707 4838 882 4910 loqui,
912 4856 1077 4911 quam
1116 4841 1308 4897 decem
1336 4841 1509 4898 millia
1548 4842 1845 4897 verborum
1887 4841 1946 4896 in

352 4927 559 5001 Mngua.

425 5073 468 5105 ⁸³
495 5073 555 5128 In
583 5073 752 5131 Gesn.
786 5073 943 5131 Stob.
977 5075 1062 5130 15.

2051 3296 2153 3366 μιᾷ
2186 3292 2380 3366 καιροῦ
2400 3295 2539 3364 ῥοπῇ
2567 3291 2852 3346 ἀπολέσαι.

2117 3387 2507 3458 Διογένης.-
2543 3385 2790 3456 Ἡμέρας
2823 3381 2954 3435 ποτὲ
2982 3381 3178 3451 λύχνον
3215 3381 3360 3444 ἅψας
3398 3377 3636 3449 περιῄειο

2047 3480 2468 3549 πυνθανομένων
2497 3477 2554 3533 δέ
2594 3495 2754 3532 τινων
2788 3474 2925 3547 πρὸς
2978 3474 3031 3528 τί
3082 3473 3274 3540 τοῦτο,
3303 3472 3491 3542 ἔλεγεν
3543 3470 3639 3526 ἄν·

2048 3574 2266 3643 θρωπον
2299 3572 2504 3646 ζητεῖν.

2594 3706 2814 3760 ΛΟΓΟΣ
2867 3706 2967 3760 ΟΛ¹
3017 3706 3086 3758 δ’.

2115 3823 2258 3894 Περὶ
2295 3821 2424 3888 τοῦ,
2467 3821 2557 3876 ὅτι
2589 3822 2703 3876 οὐκ
2734 3821 2827 3877 ἀεὶ
2861 3819 2929 3874 τὸ
2971 3817 3263 3873 πλεῖστον
3293 3815 3567 3885 ἄριστον.

2117 3921 2300 3991 Aoum.
2343 3941 2454 3990 κα.
2475 3963 2550 3976 -
2571 3932 2905 4003 Ἀναϐλέψας
2924 3933 2982 3986 δὲ
3010 3932 3038 3983 ό
3077 3929 3308 4001 Ἰησοῦς,
3338 3924 3483 3983 εἶδεν
3512 3927 3642 3992 τούς

2049 4022 2340 4094 βάλλοντας
2400 4023 2470 4077 τά
2527 4021 2680 4094 δῶρα
2738 4021 2921 4076 αὐτῶν
2974 4023 3055 4085 εἰς
3122 4020 3183 4073 τὸ
3234 4017 3643 4088 γαζοφυλάκιον

2047 4113 2358 4178 πλουσίους.
2415 4109 2542 4168 Εἵδε
2577 4112 2634 4166 δὲ
2669 4112 2767 4167 καί
2815 4128 2941 4165 τινα
2984 4111 3162 4181 χήραν
3197 4108 3486 4178 πενιχρὰν,
3542 4107 3643 4188 βαι

2045 4205 2246 4261 λοῦσαν
2301 4207 2420 4260 ἐκεῖ
2472 4206 2567 4260 δύο
2613 4202 2809 4269 λεπτὰ,
2848 4203 2945 4256 καὶ
2987 4198 3160 4265 εἶπεν,
3195 4199 3437 4269 Ἀληθῶς
3494 4199 3646 4268 λέγω

2049 4300 2200 4370 ύμῖν,
2229 4301 2263 4371 ή
2297 4300 2446 4371 χήρα
2470 4299 2503 4369 ή
2528 4298 2722 4368 πτωχὴ
2760 4295 2904 4365 αὕτη
2943 4293 3117 4348 πλείω
3158 4293 3376 4347 πάντων
3421 4290 3640 4346 ἔϐαλεν.

2051 4391 2336 4455 ’Ἀπαντες
2377 4390 2488 4461 γὰρ
2525 4384 2675 4444 οὗτοι
2717 4389 2784 4441 ἐκ
2831 4383 2927 4440 τοῦ
2984 4382 3402 4456 περισσεύοντος
3455 4383 3645 4444 αὐτοῖς

2049 4481 2242 4534 ἔϐαλον
2292 4483 2374 4544 είς
2426 4481 2498 4536 τά
2550 4480 2702 4552 δῶρα
2741 4476 2834 4532 τοῦ
2888 4476 3062 4531 Θεοῖν
3119 4474 3258 4544 αὕτη
3305 4473 3363 4526 δὲ
3421 4475 3486 4526 ἔκ
3543 4472 3644 4525 τοῦ

1975 4539 2018 4594 D
2049 4539 2438 4647 ὑστερήματος
2491 4539 2664 4639 αὐτῆς
2724 4571 2941 4626 ἅπαντα
2995 4568 3088 4623 τὸν
3143 4539 3286 4639 βίον,
3361 4565 3421 4619 ὃν
3469 4562 3642 4636 εἶχεν,

2010 4713 2012 4715 .
2047 4666 2202 4720 ἔϐαλε
2210 4685 2257 4722 ν.

2109 4763 2156 4810 α’
2209 4757 2625 4827 Κορ.ιδ’.-·-Ἐν
2643 4755 2943 4827 Ἐκκλησία
2972 4754 3112 4809 θέλω
3141 4752 3302 4807 πέντε
3327 4749 3523 4818 λόγους
3549 4749 3644 4802 διὰ

2047 4849 2142 4903 τοῦ
2171 4851 2294 4914 νοός
2323 4866 2426 4921 μου
2458 4849 2726 4921 λαλῆσαι,
2759 4849 2792 4920 ἦ
2827 4848 3054 4919 μυρίους
3078 4846 3270 4915 λόγους
3303 4844 3361 4897 ἔν
3390 4840 3642 4913 γλώσσῃ.

1867 5165 2102 5221 NOTAE.

428 5290 489 5360 (ἰ)
540 5289 612 5344 Τὸ
651 5289 717 5342 ἐν
757 5285 937 5360 κακίᾳ
994 5285 1411 5360 aediﬁcet/tate.
1463 5284 1755 5360 Sententia
1801 5284 1949 5338 clara

354 5353 480 5427 est;
531 5373 738 5436 nempe
791 5357 1044 5436 fortunas
1084 5363 1145 5436 _et
1199 5354 1554 5436 splendorem
1601 5353 1946 5436 perditorum

297 5455 304 5463 -
357 5424 643 5486 hominum
665 5424 988 5500 'plurimum
1048 5424 1245 5481 obesse
1279 5426 1409 5500 illis,
1433 5426 1766 5500 quiiminus
1805 5424 1945 5479 ﬁrmi

357 5504 490 5565 sint,
518 5495 721 5571 vixque
747 5514 860 5553 non
891 5513 1111 5566 cogere,
1148 5508 1210 5551 ut
1243 5505 1299 5577 et
1329 5496 1446 5577 _ip_si
1483 5495 1678 5577 relicta
1699 5496 1946 5577 virtute,

353 5571 547 5627 eadem
579 5565 883 5640 sequantur
914 5587 934 5640 :7
966 5565 1128 5640 quam
1161 5567 1341 5640 etsibi
1380 5565 1650 5640 incidisse
1691 5567 1952 5640 teut-alio-

355 5658 504 5708 ncm,
533 5636 760 5697 sanctus
781 5636 1047 5708 propheta
1077 5638 1245 5692 David
1270 5639 1550 5708 professus
1576 5645 1694 5690 est:
1721 5636 1825 5708 Me}
1849 5654 1948 5689 au-

357 5722 461 5768 tem
493 5729 624 5784 pene
656 5707 794 5784 moti:
815 5715 939 5784 sunt
961 5709 1158 5784 .p‘edes.
1200 5707 1448 5784 el.c.-_Sed
1484 5707 1943 5784 obscurathGlesn.

357 5775 597 5843 \lum'ita
637 5779 839 5850 reddit,
881 5777 1164 5834 Celcbt'itas
1201 5778 1419 5834 malitiw
1461 5775 1651 5832 multos
1683 5776 1847 5831 allicit
1882 5779 1949 5831 ad

2051 5283 2277 5339 similem
2306 5299 2482 5337 rerum
2511 5281 2832 5336 lubricat-um
2867 5281 3208 5351 affectionem.
3241 5281 3376 5343 lmo.
3409 5278 3646 5343 πολλοὺς

2048 5354 2157 5406 τῶν
2214 5354 2602 5424 εὐολισθήιων.
2643 5351 2856 5424 multos
2895 5351 2977 5424 sic
3001 5352 3282 5424 lubricos,
3319 5354 3647 5424 inconstan'

2052 5433 2138 5479 tes
2169 5441 2273 5479 nec
2307 5421 2613 5478 ﬁrmi'satis
2635 5421 2930 5491 propositi,
2966 5422 3157 5488 allicit,
3192 5423 3366 5476 trahit
3400 5421 3496 5475 illa
3523 5421 3644 5474 cla-

2051 5495 2186 5548 ritas
2229 5496 2522 5550 malorum.
2557 5491 2900 5561 εὐολίσθητος
2941 5491 3086 5546 idem
3137 5508 3200 5547 ac
3231 5492 3510 5554 εὐόλισοος
3534 5531 3549 5552 ,
3585 5496 3645 5561 et

2052 5566 2359 5636 ὀλισθηρός.
2397 5565 2544 5634 quod
2574 5559 2805 5632 exponit
2844 5562 3003 5636 _Suid.
3045 5562 3284 5632 εὐχερῶς
3331 5559 3646 5636 μεταγινὼο

2055 5631 2790 5696 σκων.”Ροι”ι.“Ιηεοηειαηδ,
2831 5631 2986 5702 facile
3027 5631 3237 5688 mutuus
3289 5631 3641 5687 sententiam.

2053 5707 2288 5760 Pusillos
2331 5714 2489 5761 vocat
2531 5705 2813 5766 Dominus,
2865 5705 2961 5772 qui
3004 5703 3109 5757 levi
3145 5705 3440 5762 occasione
3477 5712 3646 5759 scan~

2056 5777 2383 5845 dalizenlur,
2422 5787 2474 5832 ct
2501 5776 2558 5831 in
2590 5775 2806 5831 ruinam
2844 5775 3155 5830 trahantur.
