4066 6150
358 337 495 402 1017

1676 333 1846 395 LOCI
1887 333 2207 398 COMMUN
2214 335 2324 395 ES.

3493 318 3636 382 1018

432 452 650 518 Σολομ.
675 446 746 502 δ’.
789 475 860 485 -
899 444 1130 515 Ἀγαθὸν
1165 446 1437 518 πλήρωμα
1464 441 1666 516 δρακὸς
1694 441 1943 497 ἀναπαύ-
1974 447 2022 501 Α

2101 439 2261 494 Prov.
2279 452 2416 502 xvn,
2437 437 2773 494 l.—Melior
2809 445 2895 492 est
2921 433 3238 505 manipulus
3273 444 3416 484 unus
3447 429 3643 498 plenus

359 554 521 603 σεως,
555 535 694 605 ὑπὲρ
729 531 1099 605 πληρώματος
1127 533 1220 587 δύο
1249 530 1470 603 δρακῶν
1502 532 1560 584 ὲν
1595 529 1801 601 μόχθῳ.

429 628 612 698 Σιρὰχ
640 633 814 693 ις’.-
832 628 1105 696 Κρεῖσσον
1137 620 1220 689 εἷς
1241 626 1471 690 δίκαιος,
1502 622 1536 694 ἢ
1565 622 1753 694 μύριοι
1776 621 1958 693 παρά-

358 737 546 792 νομοι·
586 721 684 775 καὶ
713 720 1010 774 ἀποθανεῖν
1043 719 1294 786 ἄτεκνον,
1328 717 1361 788 ἢ
1391 715 1564 787 ἀσεϐῆ
1589 717 1758 772 τέκνα
1784 715 1952 785 ἔχειν.

442 897 574 952 Ἀπὸ
603 896 722 962 ἐνὸς
751 895 975 951 συνετοῦ
1005 893 1484 965 συνοικισθήσεται
1517 893 1695 957 πόλιςο
1728 892 1874 964 φυλὴ
1895 891 1954 946 δὲ

360 991 582 1061 ἀνόμων
617 988 1048 1062 ἐρημωθήσεται
1079 988 1138 1039 ὲν
1167 985 1346 1055 τάχει.

432 1083 778 1137 Βασιλείου.
797 1113 866 1125 ——
883 1081 1153 1144 Πολλάκις
1177 1079 1288 1150 γὰρ
1317 1081 1346 1132 ὁ
1377 1079 1435 1131 ὲν
1462 1078 1542 1150 τῷ
1574 1080 1728 1151 μέσῳ
1756 1077 1954 1148 μικρόν

359 1194 412 1228 τι
455 1173 816 1246 κατορθώσας
837 1214 852 1240 ,
908 1173 1112 1244 μείζων
1140 1172 1256 1225 ἐστὶ
1283 1169 1380 1224 τοῦ
1408 1170 1468 1224 ὲν
1491 1169 1727 1241 ἀφθονίᾳ
1753 1169 1815 1223 τὸ
1845 1169 1954 1221 πᾶν

358 1265 834 1334 κατορθώσαντος.

431 1357 585 1424 ψαλ.
603 1353 738 1424 ,ρινκ
763 1383 832 1398 --
867 1354 1053 1421 Είγάρ
1076 1353 1238 1422 ἄρτος
1259 1349 1357 1420 τὴν
1373 1346 1606 1418 καρδίαν
1632 1339 1931 1412 ἀνθρώπου

362 1445 624 1516 στηρίξει,
679 1446 740 1500 οὐ
773 1446 856 1499 δεῖ
885 1443 1049 1497 πλέον
1101 1441 1196 1496 τοῦ
1231 1439 1536 1509 ἀναγκαίου
1569 1436 1670 1506 τῆς
1719 1432 1930 1504 τροφῆς

357 1541 418 1592 τὸ
459 1537 794 1607 ποοσνῖψημα
824 1536 1034 1602 ἀλόγως
1069 1531 1504 1604 προσφέρεσθαι.

435 1628 756 1697 Θεολόγου.
808 1655 880 1668 —-
927 1626 1218 1697 Κρείσσων
1277 1626 1644 1694 ὀλιγοχρόνιος
1702 1622 1952 1694 βασιλεία

363 1721 584 1790 μακρᾶς
606 1719 966 1800 τυραννίδος,
1023 1719 1121 1772 καὶ
1151 1718 1308 1788 ὀλίγη
1342 1719 1502 1788 μερὶς
1531 1717 1712 1787 τιμία,
1748 1716 1952 1786 πολλῆς

2061 537 2445 607 requietionis,
2475 549 2640 604 quam
2669 531 2820 602 pleni
2847 530 2958 585 duo
2981 523 3249 596 manipuli
3282 523 3337 576 in
3362 521 3568 582 labore.

2095 627 2297 684 -Eccli.
2343 643 2461 694 va,
2513 623 2876 681 5.—-Melior
2907 629 2993 676 est
3041 631 3186 674 unus
3223 617 3430 687 justus,
3480 627 3646 682 quam

2057 720 2252 776 decem
2298 718 2474 774 millia
2540 717 2892 785 iniquorum;
2944 716 3282 782 praestatque
3333 705 3478 760 mori
3528 704 3648 758 sine

2057 812 2268 878 liberis,
2293 826 2460 882 quam
2490 809 2698 862 habere
2725 805 2870 860 ﬁlios
2898 802 3116 872 impios.
3485 847 3489 852 .

2127 903 2295 960 Eccli.
2347 920 2455 969 xvr,
2502 899 2754 957 5.—Ab
2800 913 2914 952 uno
2964 901 3185 950 sensato
3239 887 3652 946 cohabitabitur

2056 997 2283 1060 civitas;
2320 1009 2453 1066 gens
2486 1001 2670 1047 autem
2727 989 3043 1059 iniquorum
3090 982 3248 1040 brevi
3284 979 3647 1035 desolabitur.

2126 1086 2334 1142 Basilii.
2358 1117 2429 1126 -—
2452 1085 2610 1140 Haud
2660 1097 2787 1137 raro
2833 1079 3004 1142 enim,
3041 1077 3136 1147 qui
3173 1075 3228 1130 in
3267 1070 3650 1128 mediocritate

2053 1179 2316 1249 exiguum
2348 1175 2566 1245 aliquid
2612 1191 2680 1230 ex
2725 1173 2933 1227 virtute
2965 1168 3154 1240 gessit,
3187 1181 3256 1221 eo
3305 1163 3501 1220 melior
3541 1170 3646 1226 εει,

2054 1269 2151 1340 qui
2183 1269 2238 1322 in
2262 1265 2601 1322 abundantia
2659 1262 2844 1318 omnia
2881 1259 3150 1328 implevit.

2124 1352 2276 1407 Psal.
2303 1367 2414 1414 om,
2443 1351 2527 1406 16.
2551 1381 2622 1389 —
2645 1350 2778 1404 Nam
2806 1348 2851 1402 si
2879 1346 3038 1417 panis
3064 1360 3162 1400 cor
3190 1343 3436 1398 hominis
3463 1355 3652 1397 corro-

2054 1445 2236 1510 borat,
2265 1443 2399 1515 quid
2443 1458 2672 1499 necesse
2715 1455 2884 1510 supra
2932 1435 3308 1494 necessarium
3347 1434 3535 1491 cibum
3564 1440 3649 1487 te-

2054 1552 2206 1593 mere
2234 1537 2528 1591 obsonium
2560 1534 2799 1589 inferre?

2127 1626 2391 1697 Tlteologi.
2413 1657 2484 1665 —
2503 1625 2676 1681 Breve
2723 1637 2978 1694 regnum,
3023 1620 3222 1675 melius
3253 1623 3340 1672 est
3371 1615 3533 1684 longa
3562 1621 3649 1684 ty-

2055 1717 2326 1781 rannide;
2355 1730 2637 1786 parvaque
2665 1713 2851 1784 portio
2881 1727 3007 1766 cum
3052 1711 3288 1771 honore,
3319 1703 3498 1774 ampla
3529 1700 3650 1755 sine

360 1797 611 1882 κτήσεωξ
639 1810 839 1882 ἀτίμου
859 1811 970 1865 ’καὶ
996 1809 1277 1881 σφαλερᾶς
1297 1849 1312 1875 ,
1372 1808 1466 1862 καί
1493 1807 1690 1862 πολλοῦ
1724 1807 1953 1872 σκότους
1989 1822 2029 1878 Β
2055 1812 2061 1866 ]

2073 1825 2266 1866 tonore
2300 1807 2597 1876 fallacique
2629 1803 2941 1860 substantia
2968 1819 2982 1856 :
3005 1800 3195 1856 multis
3232 1797 3472 1866 denique
3499 1803 3653 1849 tene-

364 1904 548 1972 ὀλίγον
577 1905 716 1972 φῶς.

431 1999 734 2066 Χρυσοστ.
782 2027 854 2036 --
905 1996 982 2050 Οὐ
1014 1994 1094 2066 τῷ
1125 1995 1311 2066 μέτρῳ
1345 1993 1453 2048 τῶν
1476 1993 1774 2066 διδομένων
1799 1992 1954 2062 ἐλεη-

363 2087 568 2158 μοσύνη
598 2087 867 2159 κρίνεται,
900 2084 1037 2140 ἀλλά
1063 2086 1130 2156 τῇ
1157 2083 1408 2155 δαψιλείᾳ
1436 2085 1537 2154 τῆς
1562 2081 1810 2154 γνώμης.

442 2271 531 2324 Ἐν
580 2269 841 2340 ἁμίλλαις
897 2270 1165 2341 πονηραῖς
1219 2265 1550 2336 ἀθλιώτερος
1602 2265 1632 2318 ὁ
1682 2263 1950 2332 νικήσας,

359 2364 494 2417 διότι
525 2363 831 2434 ἀπέρχεται
863 2362 925 2416 τὸ
954 2362 1118 2415 πλέον
1145 2360 1286 2430 ἔχων
1321 2361 1424 2429 τῆς
1450 2355 1749 2428 ἁμαρτίας.

431 2455 774 2520 Πλάτωνος.
799 2485 869 2496 -
896 2454 1005 2507 Τοῦ
1037 2452 1282 2515 πλείονος
1310 2451 1428 2522 βίου
1464 2450 1560 2503 καὶ
1589 2446 1950 2516 φαυλοτέρου,

359 2549 451 2603 τὸν
480 2549 698 2604 ἐλάσσω·
725 2548 820 2601 καὶ
845 2545 1110 2618 ἀμείνονα
1137 2545 1268 2599 ὄντα
1304 2541 1468 2595 παντὶ
1500 2540 1720 2602 πάντως
1753 2553 1953 2606 προαι-

365 2640 568 2713 ρετέον.

441 2731 738 2800 Ἰσοκρὰτ.
763 2760 834 2773 -
864 2727 1231 2800 Προαιρετέον
1261 2726 1483 2797 μέτριον
1518 2723 1658 2794 μετά
1685 2719 1955 2775 δικαιοσύ-

362 2845 460 2898 νης
498 2826 720 2896 μᾶλλον,
756 2823 790 2895 ἢ
829 2822 1005 2894 μέγαν
1034 2819 1269 2874 πλοῦτον
1307 2819 1424 2890 μετ’
1451 2819 1688 2879 ἀδικίας.

431 2918 696 2985 Δημοσθ.
735 2944 806 2956 ——
839 2905 1010 2974 υῦτος
1060 2910 1397 2979 θεασάμενός
1449 2927 1572 2963 τινα
1622 2907 1954 2980 δημαγωγὸν

363 3009 512 3080 ἀφυῆ
549 3008 692 3078 μέγα
723 3006 954 3076 βοῶντα,
989 3002 1117 3073 ἔφη,
1158 3001 1301 3057 Ἀλλ’
1322 3002 1383 3055 οὐ
1416 3001 1478 3055 τὸ
1509 3003 1674 3072 μέγα,
1711 3000 1773 3055 εῦ
1799 3002 1914 3053 εστι
1936 3015 1950 3030 ο

362 3106 422 3156 τὸ
451 3102 506 3155 δὲ
534 3097 617 3168 εὖ,
650 3099 814 3172 μέγα.

441 3276 797 3346 Ἐπικτήτου
813 3278 966 3332 ⁵⁰.-
988 3274 1110 3328 Τῶν
1137 3271 1309 3345 ἡδέων
1337 3272 1408 3326 τά
1435 3269 1786 3326 σπανιώτατα
1816 3270 1955 3342 γινό-

372 3391 508 3444 μενα
541 3374 777 3446 μάλιστα
805 3372 1021 3443 τέρπει.

449 3464 796 3533 Ἀλέξανδρ.
839 3493 911 3504 --
943 3462 1296 3532 Ἀλέξανδρος
1338 3457 1581 3518 ἀκούσας
1619 3455 1702 3508 ὅτι
1730 3455 1956 3522 Δαρεῖος

2053 1902 2193 1965 bris,
2226 1901 2322 1954 lux
2349 1898 2570 1969 exigua.

2123 1994 2393 2064 Chrysost.
2415 2023 2486 2031 —
2503 1991 2884 2058 Eleemosyna,
2908 1999 3019 2040 non
3047 1999 3116 2038 ex
3145 1995 3360 2044 eorum,
3379 1993 3501 2048 quae
3519 1991 3647 2031 ero-

2055 2097 2280 2157 gantur,
2310 2083 2476 2138 modo
2502 2079 2823 2137 aestimanda
2857 2085 2970 2142 est,
2999 2074 3099 2131 sed
3127 2089 3195 2129 ex
3232 2072 3382 2142 larga
3414 2084 3648 2139 erogan-

2056 2178 2196 2232 tium
2229 2176 2540 2230 voluntate.

2123 2263 2192 2324 In
2234 2267 2392 2322 malis
2439 2263 2840 2321 certaminibus
2871 2259 3127 2315 miserior
3158 2266 3243 2313 est
3274 2255 3370 2326 qui
3411 2250 3646 2308 victoria

2053 2358 2284 2431 potitur,
2316 2357 2465 2428 quod
2496 2356 2705 2426 primas
2732 2352 2944 2424 peccati
2975 2350 3159 2406 ferens
3186 2347 3466 2404 abscedat.

2097 2448 2299 2504 Ῥίαεο.
2322 2479 2394 2488 -
2413 2446 2728 2518 Copiosiori
2754 2446 2882 2500 vita:
2910 2459 2975 2498 ac
3003 2440 3284 2512 nequiori,
3314 2453 3437 2508 quae
3465 2437 3649 2492 minor

2054 2541 2129 2598 sit
2164 2550 2332 2612 atque
2360 2539 2578 2608 melior,
2607 2536 2824 2594 cunctis
2848 2534 3077 2591 omnino
3107 2529 3354 2602 praaponi
3388 2528 3573 2582 debet.

2125 2726 2396 2782 Isocratis.
2419 2724 2738 2780 -—'Praestat
2781 2717 3079 2776 mediocris
3111 2729 3296 2772 rerum
3331 2712 3490 2782 copia
3518 2725 3644 2768 cum

2051 2818 2288 2890 justitia,
2327 2831 2492 2886 quam
2526 2815 2781 2884 ingentes
2816 2810 3023 2866 divitiae
3052 2822 3177 2863 cum
3208 2804 3503 2874 iniustitia.

2125 2909 2398 2963 Demosth.
2418 2937 2490 2946 -η
2510 2905 2563 2960 ls
2592 2903 2950 2973 conspicatus
3000 2899 3286 2954 tribunum
3333 2895 3514 2964 plebis
3546 2893 3647 2947 he-

2055 3001 2260 3063 betem,
2289 2999 2399 3053 alte
2421 2996 2842 3054 vociferantem,
2865 2989 2948 3057 At,
2979 2989 3182 3059 inquit,
3213 3001 3326 3040 non
3355 2984 3503 3056 quod
3535 2998 3653 3037 ma-

2057 3106 2224 3162 gnum
2269 3097 2376 3157 est,
2421 3087 2566 3142 bene
2598 3094 2716 3151 est;
2752 3082 2848 3139 scd
2894 3080 3042 3152 quod
3075 3079 3216 3134 bene
3249 3082 3353 3142 est,
3388 3086 3645 3142 magnum

1984 3177 2027 3234 C
2059 3192 2163 3239 est.

2130 3267 2806 3345 Epicteti.—Rarissim:e
2851 3266 3164 3336 voluptates
3205 3258 3445 3314 maxime
3493 3254 3646 3310 dele—

2061 3371 2226 3419 ctam.

2135 3446 2886 3510 Alexanaer.—Alexander
2935 3442 3168 3499 audiens
3235 3435 3460 3493 Darium
3529 3443 3648 3486 tre-

369 3521 666 3631 τριάκοντα
719 3521 986 3628 μυριάδας
1038 3521 1120 3618 είς
1169 3521 1477 3625 παράταξιν
1503 3548 1648 3617 ἄγει,
1676 3521 1824 3618 ἐφη-ί
1861 3540 1956 3610 Εἷς

2073 3552 2225 3601 senta
2250 3542 2422 3596 millia
2455 3541 2509 3595 in
2541 3537 2956 3609 expeditionem
2981 3533 3242 3594 educere,
3267 3540 3412 3582 unus
3444 3521 3646 3586 lanius,

379 3654 640 3722 μάγειρος
674 3650 735 3702 οὑ
768 3649 1021 3719 φοϐεῖται
1053 3645 1226 3700 πολλά
1259 3643 1531 3715 πρόϐατα.

455 3743 516 3796 '0
546 3743 748 3809 αὐτὸς,
803 3739 1156 3794 κατασκόπου
1211 3736 1464 3805 λέγοντος
1511 3731 1694 3803 αὐτῷ,
1743 3729 1959 3794 πλείους

2065 3635 2264 3706 inquit,
2297 3648 2410 3687 non
2443 3631 2597 3685 timet
2628 3629 2830 3683 multas
2861 3640 3012 3681 oves.

2134 3729 2322 3792 Idem,
2365 3740 2490 3780 cum
2535 3723 2851 3791 explorator
2894 3713 3267 3776 renuntiaret,
3306 3709 3495 3780 plures
3525 3717 3648 3759 esse

376 3831 512 3890 εἶναι
555 3800 704 3901 τοὺς-
727 3800 976 3905 Ᾰαρεῖου,
1013 3831 1118 3902 ἔφη
1147 3847 1161 3862 ο
1220 3800 1333 3883 κει
1362 3827 1432 3880 τά
1461 3800 1708 3898 πρόϐατα
1741 3823 1961 3877 πλείονα

2073 3821 2218 3878 Darii
2243 3816 2551 3883 milites,Et
2579 3828 2731 3878 oves,
2765 3810 2966 3882 inquit,
2995 3805 3406 3864 numerosiores
3436 3800 3505 3855 ab
3537 3810 3648 3853 uno

375 3931 522 3995 ὄντα,
559 3929 675 3993 ένὸς
704 3929 738 4000 ἢ
769 3928 1030 3998 δευτέρου
1062 3924 1231 3977 λύκου
1263 3918 1596 3994 χειροῦνται.

452 4049 498 4080 ⁸⁸
531 4049 656 4103 Ἀλ.
697 4045 1040 4114 Ἀνωνύμου.

2068 3920 2166 3968 aut
2192 3909 2366 3965 altero
2399 3905 2530 3976 lupo
2555 3904 2907 3976 subiguntur.

479 4178 3629 4235 __________________________——:~_.—=«

1782 4369 2260 4463 ΕΚΘΕΣΙΣ.

1220 4567 1358 4620 ΤΗΣ
1397 4562 1793 4621 ΟΜΟΛΟΓΙΑΣ
1831 4560 1968 4614 ΤΗΣ
2005 4554 2300 4611 ΠΙΣΤΕΩΣ
2339 4549 2474 4605 ΤΩΝ
2513 4542 2840 4610 ΛΑΤΙΝΩΝ,

456 4709 872 4780 Συγγραφεῖσα
904 4707 1002 4763 καί
1025 4707 1447 4763 ἀποσταλεῖσα
1500 4704 1663 4780 «apag
1699 4673 2038 4780 Γρηγοριω
2090 4699 2267 4751 [Idam
2304 4691 2547 4780 Ῥώμης,
2577 4685 2730 4757 πρὸς
2773 4679 3090 4754 Γερμανὸν
3117 4675 3228 4733 τὸν
3256 4669 3586 4744 ἁγιώτατον

1449 4766 1824 4845 πατριάρχῖηκ
1840 4766 1850 4771 ⁷
1866 4766 2593 4827 Κωνσταντινουπόλεως.

1345 5246 1911 5313 CONFESSIONIS
1951 5244 2173 5307 FIDEI
2221 5240 2724 5314 LATINORUM,

563 5402 804 5481 Scripta
870 5398 1194 5477 missaque
1259 5411 1293 5458 ε
1349 5389 1683 5481 Gregorio‘
1731 5391 2041 5481 Romano
2077 5387 2503 5481 pontificead
2563 5381 3040 5448 sanctissimum
3104 5378 3485 5441 Germanum

1394 5466 1813 5551 patriarcham
1855 5466 2663 5546 Constantinnpolitannm.

473 5686 664 5760 Πατὴρ
700 5686 813 5740 ἐστὶ
842 5685 1059 5756 πλήρης
1088 5683 1216 5746 Θεὸς
1249 5683 1304 5735 ὲν
1335 5677 1514 5749 ἑαυτῷ
1539 5695 1552 5709 ⁸
1600 5679 1627 5731 ὁ
1660 5678 1804 5743 Υἱὸς,
1842 5678 1979 5749 πλήη

2156 5677 2322 5750 690
2353 5677 2533 5739 Pater,
2565 5673 2710 5729 Deus
2758 5671 2957 5742 plenus
3005 5677 3090 5725 cst
3139 5669 3193 5723 in
3225 5667 3437 5736 seipse;
3476 5661 3656 5718 Filius.

405 5797 506 5853 ρης
551 5781 702 5850 Θεὸς,
753 5778 860 5839 ἀπὸ
912 5776 1003 5832 τοῦ
1047 5775 1258 5846 Πατρὸς
1304 5772 1603 5846 γεννητὸς·
1669 5769 1727 5823 τὸ
1757 5771 1982 5842 Πνεῦμα

2089 5773 2234 5828 Deus
2275 5769 2472 5841 plenus
2518 5783 2584 5822 cx
2628 5767 2788 5823 Patre
2838 5763 3087 5836 genitus;
3131 5761 3368 5834 Spiritus
3418 5761 3657 5816 sanctus,
