  <div class='ocr_page' id='page_1' title='image "/cluster/home/n/w/nwhite01/storage/ocr_20150623/91/mdp.39015022223195/511.png"; bbox 0 0 4066 6150; ppageno 0'>
   <div class='ocr_carea' id='block_1_1' title="bbox 447 303 2026 368">
    <p class='ocr_par' dir='ltr' id='par_1_1' title="bbox 447 303 2025 368">
     <span class='ocr_line' id='line_1_1' title="bbox 447 303 2025 368; baseline 0.001 -3"><span class='ocrx_word' id='word_1_1' title='bbox 447 303 586 368; x_wconf 73' lang='grc'><strong>1319</strong></span> <span class='ocrx_word' id='word_1_2' title='bbox 1768 304 2025 367; x_wconf 77' lang='lat' dir='ltr'><strong>GREGO</strong></span> 
     </span>
    </p>
   </div>
   <div class='ocr_carea' id='block_1_2' title="bbox 2125 303 3718 368">
    <p class='ocr_par' dir='ltr' id='par_1_2' title="bbox 2125 303 3718 368">
     <span class='ocr_line' id='line_1_2' title="bbox 2125 303 3718 368; baseline 0.002 -4"><span class='ocrx_word' id='word_1_3' title='bbox 2125 303 2145 364; x_wconf 93' lang='grc'><strong>[</strong></span> <span class='ocrx_word' id='word_1_4' title='bbox 2180 304 2390 367; x_wconf 70' lang='grc' dir='ltr'><strong>ΡΛΡΛΕ</strong></span> <span class='ocrx_word' id='word_1_5' title='bbox 3559 303 3718 368; x_wconf 78' lang='grc' dir='ltr'><strong>10Ξο</strong></span> 
     </span>
    </p>
   </div>
   <div class='ocr_carea' id='block_1_3' title="bbox 450 503 2024 575">
    <p class='ocr_par' dir='ltr' id='par_1_3' title="bbox 450 503 2024 575">
     <span class='ocr_line' id='line_1_3' title="bbox 450 503 2024 575; baseline 0 -16"><span class='ocrx_word' id='word_1_6' title='bbox 450 506 594 561; x_wconf 85' lang='lat' dir='ltr'><strong>ritus</strong></span> <span class='ocrx_word' id='word_1_7' title='bbox 632 503 856 575; x_wconf 78' lang='lat' dir='ltr'><strong>quidem</strong></span> <span class='ocrx_word' id='word_1_8' title='bbox 884 503 1199 560; x_wconf 89' lang='lat' dir='ltr'><strong>immediate</strong></span> <span class='ocrx_word' id='word_1_9' title='bbox 1229 504 1480 574; x_wconf 74' lang='lat' dir='ltr'><strong>procedit</strong></span> <span class='ocrx_word' id='word_1_10' title='bbox 1506 521 1538 560; x_wconf 88' lang='lat' dir='ltr'><strong>a</strong></span> <span class='ocrx_word' id='word_1_11' title='bbox 1581 504 1752 571; x_wconf 86' lang='lat' dir='ltr'><strong>Filio;</strong></span> <span class='ocrx_word' id='word_1_12' title='bbox 1788 521 1820 560; x_wconf 92' lang='lat' dir='ltr'><strong>a</strong></span> <span class='ocrx_word' id='word_1_13' title='bbox 1861 504 2024 559; x_wconf 90' lang='lat' dir='ltr'><strong>Patre</strong></span> 
     </span>
    </p>
   </div>
   <div class='ocr_carea' id='block_1_4' title="bbox 448 594 2026 664">
    <p class='ocr_par' dir='ltr' id='par_1_4' title="bbox 448 594 2026 664">
     <span class='ocr_line' id='line_1_4' title="bbox 448 594 2026 664; baseline 0 -15"><span class='ocrx_word' id='word_1_14' title='bbox 448 611 606 660; x_wconf 80' lang='lat' dir='ltr'><strong>vero,</strong></span> <span class='ocrx_word' id='word_1_15' title='bbox 630 594 907 650; x_wconf 86' lang='lat' dir='ltr'><strong>mediante</strong></span> <span class='ocrx_word' id='word_1_16' title='bbox 936 594 1094 650; x_wconf 83' lang='lat' dir='ltr'><strong>Filio.</strong></span> <span class='ocrx_word' id='word_1_17' title='bbox 1118 594 1275 662; x_wconf 86' lang='lat' dir='ltr'><strong>Quod</strong></span> <span class='ocrx_word' id='word_1_18' title='bbox 1308 603 1494 650; x_wconf 89' lang='lat' dir='ltr'><strong>autem</strong></span> <span class='ocrx_word' id='word_1_19' title='bbox 1536 594 1775 664; x_wconf 76' lang='lat' dir='ltr'><strong>Spiritus</strong></span> <span class='ocrx_word' id='word_1_20' title='bbox 1802 602 2026 650; x_wconf 88' lang='lat' dir='ltr'><strong>sanctus</strong></span> 
     </span>
    </p>
   </div>
   <div class='ocr_carea' id='block_1_5' title="bbox 446 684 2023 757">
    <p class='ocr_par' dir='ltr' id='par_1_5' title="bbox 446 684 2023 757">
     <span class='ocr_line' id='line_1_5' title="bbox 446 684 2023 757; baseline -0.001 -16"><span class='ocrx_word' id='word_1_21' title='bbox 446 685 713 757; x_wconf 77' lang='lat' dir='ltr'><strong>procedat</strong></span> <span class='ocrx_word' id='word_1_22' title='bbox 750 700 783 740; x_wconf 88' lang='lat' dir='ltr'><strong>a</strong></span> <span class='ocrx_word' id='word_1_23' title='bbox 817 684 981 751; x_wconf 87' lang='lat' dir='ltr'><strong>Filio,</strong></span> <span class='ocrx_word' id='word_1_24' title='bbox 1012 686 1118 747; x_wconf 80' lang='lat' dir='ltr'><strong>hoc</strong></span> <span class='ocrx_word' id='word_1_25' title='bbox 1149 685 1316 740; x_wconf 80' lang='lat' dir='ltr'><strong>habet</strong></span> <span class='ocrx_word' id='word_1_26' title='bbox 1343 686 1516 755; x_wconf 82' lang='lat' dir='ltr'><strong>Filius</strong></span> <span class='ocrx_word' id='word_1_27' title='bbox 1540 701 1573 741; x_wconf 89' lang='lat' dir='ltr'><strong>a</strong></span> <span class='ocrx_word' id='word_1_28' title='bbox 1598 686 1778 741; x_wconf 86' lang='lat' dir='ltr'><strong>Patre.</strong></span> <span class='ocrx_word' id='word_1_29' title='bbox 1818 685 2023 752; x_wconf 88' lang='lat' dir='ltr'><strong>Quam-</strong></span> 
     </span>
    </p>
   </div>
   <div class='ocr_carea' id='block_1_6' title="bbox 448 777 2024 848">
    <p class='ocr_par' dir='ltr' id='par_1_6' title="bbox 448 777 2024 848">
     <span class='ocr_line' id='line_1_6' title="bbox 448 777 2024 848; baseline -0.001 -15"><span class='ocrx_word' id='word_1_30' title='bbox 448 778 664 843; x_wconf 88' lang='lat' dir='ltr'><strong>obrem,</strong></span> <span class='ocrx_word' id='word_1_31' title='bbox 694 777 789 847; x_wconf 87' lang='lat' dir='ltr'><strong>qui</strong></span> <span class='ocrx_word' id='word_1_32' title='bbox 812 793 924 832; x_wconf 90' lang='lat' dir='ltr'><strong>non</strong></span> <span class='ocrx_word' id='word_1_33' title='bbox 958 777 1137 833; x_wconf 86' lang='lat' dir='ltr'><strong>credit</strong></span> <span class='ocrx_word' id='word_1_34' title='bbox 1157 778 1306 847; x_wconf 90' lang='lat' dir='ltr'><strong>quod</strong></span> <span class='ocrx_word' id='word_1_35' title='bbox 1326 777 1568 848; x_wconf 85' lang='lat' dir='ltr'><strong>Spiritus</strong></span> <span class='ocrx_word' id='word_1_36' title='bbox 1585 785 1809 833; x_wconf 86' lang='lat' dir='ltr'><strong>sanctus</strong></span> <span class='ocrx_word' id='word_1_37' title='bbox 1826 792 2024 847; x_wconf 88' lang='lat' dir='ltr'><strong>proce-</strong></span> 
     </span>
    </p>
   </div>
   <div class='ocr_carea' id='block_1_7' title="bbox 448 868 2026 938">
    <p class='ocr_par' dir='ltr' id='par_1_7' title="bbox 448 868 2026 938">
     <span class='ocr_line' id='line_1_7' title="bbox 448 868 2026 938; baseline -0.001 -15"><span class='ocrx_word' id='word_1_38' title='bbox 448 868 535 924; x_wconf 89' lang='lat' dir='ltr'><strong>dit</strong></span> <span class='ocrx_word' id='word_1_39' title='bbox 574 884 606 923; x_wconf 87' lang='lat' dir='ltr'><strong>a</strong></span> <span class='ocrx_word' id='word_1_40' title='bbox 650 868 808 934; x_wconf 84' lang='lat' dir='ltr'><strong>Filio,</strong></span> <span class='ocrx_word' id='word_1_41' title='bbox 846 868 904 923; x_wconf 93' lang='lat' dir='ltr'><strong>in</strong></span> <span class='ocrx_word' id='word_1_42' title='bbox 945 868 1036 923; x_wconf 80' lang='lat' dir='ltr'><strong>via</strong></span> <span class='ocrx_word' id='word_1_43' title='bbox 1076 876 1161 925; x_wconf 80' lang='lat' dir='ltr'><strong>est</strong></span> <span class='ocrx_word' id='word_1_44' title='bbox 1205 868 1554 938; x_wconf 69' lang='lat' dir='ltr'><strong>perditionis.</strong></span> <span class='ocrx_word' id='word_1_45' title='bbox 1594 868 1750 924; x_wconf 85' lang='lat' dir='ltr'><strong>Unde</strong></span> <span class='ocrx_word' id='word_1_46' title='bbox 1801 876 2026 923; x_wconf 89' lang='lat' dir='ltr'><strong>sanctus</strong></span> 
     </span>
    </p>
   </div>
   <div class='ocr_carea' id='block_1_8' title="bbox 449 957 2022 1029">
    <p class='ocr_par' dir='ltr' id='par_1_8' title="bbox 449 957 2022 1029">
     <span class='ocr_line' id='line_1_8' title="bbox 449 957 2022 1029; baseline -0.001 -15"><span class='ocrx_word' id='word_1_47' title='bbox 449 959 803 1025; x_wconf 81' lang='lat' dir='ltr'><strong>Athanasius,</strong></span> <span class='ocrx_word' id='word_1_48' title='bbox 835 974 961 1014; x_wconf 91' lang='lat' dir='ltr'><strong>cum</strong></span> <span class='ocrx_word' id='word_1_49' title='bbox 996 958 1053 1013; x_wconf 90' lang='lat' dir='ltr'><strong>in</strong></span> <span class='ocrx_word' id='word_1_50' title='bbox 1088 957 1407 1016; x_wconf 86' lang='lat' dir='ltr'><strong>Occidentis</strong></span> <span class='ocrx_word' id='word_1_51' title='bbox 1450 959 1699 1029; x_wconf 86' lang='lat' dir='ltr'><strong>partibus</strong></span> <span class='ocrx_word' id='word_1_52' title='bbox 1727 960 2022 1024; x_wconf 78' lang='lat' dir='ltr'><strong>exsularet,</strong></span> 
     </span>
    </p>
   </div>
   <div class='ocr_carea' id='block_1_9' title="bbox 451 1044 2023 1118">
    <p class='ocr_par' dir='ltr' id='par_1_9' title="bbox 451 1044 2023 1118">
     <span class='ocr_line' id='line_1_9' title="bbox 451 1044 2023 1118; baseline 0.001 -19"><span class='ocrx_word' id='word_1_53' title='bbox 451 1045 508 1100; x_wconf 95' lang='lat' dir='ltr'><strong>in</strong></span> <span class='ocrx_word' id='word_1_54' title='bbox 535 1045 779 1103; x_wconf 73' lang='lat' dir='ltr'><strong>editione</strong></span> <span class='ocrx_word' id='word_1_55' title='bbox 809 1044 960 1111; x_wconf 72' lang='lat' dir='ltr'><strong>ﬁdei,</strong></span> <span class='ocrx_word' id='word_1_56' title='bbox 993 1061 1160 1115; x_wconf 90' lang='lat' dir='ltr'><strong>quam</strong></span> <span class='ocrx_word' id='word_1_57' title='bbox 1189 1046 1401 1102; x_wconf 91' lang='lat' dir='ltr'><strong>Latinis</strong></span> <span class='ocrx_word' id='word_1_58' title='bbox 1434 1046 1512 1118; x_wconf 90' lang='lat' dir='ltr'><strong>(a)</strong></span> <span class='ocrx_word' id='word_1_59' title='bbox 1539 1047 1724 1103; x_wconf 81' lang='lat' dir='ltr'><strong>verbis</strong></span> <span class='ocrx_word' id='word_1_60' title='bbox 1749 1048 2023 1116; x_wconf 80' lang='lat' dir='ltr'><strong>exposuit,</strong></span> 
     </span>
    </p>
   </div>
   <div class='ocr_carea' id='block_1_10' title="bbox 451 1134 2028 1207">
    <p class='ocr_par' dir='ltr' id='par_1_10' title="bbox 451 1134 2028 1207">
     <span class='ocr_line' id='line_1_10' title="bbox 451 1134 2028 1207; baseline -0.001 -14"><span class='ocrx_word' id='word_1_61' title='bbox 451 1138 533 1193; x_wconf 85' lang='lat' dir='ltr'><strong>sic</strong></span> <span class='ocrx_word' id='word_1_62' title='bbox 564 1137 643 1194; x_wconf 87' lang='lat' dir='ltr'><strong>ait</strong></span> <span class='ocrx_word' id='word_1_63' title='bbox 688 1154 703 1191; x_wconf 88' lang='lat'><strong>:</strong></span> <span class='ocrx_word' id='word_1_64' title='bbox 744 1136 908 1191; x_wconf 74' lang='lat' dir='ltr'><strong>Pater</strong></span> <span class='ocrx_word' id='word_1_65' title='bbox 942 1153 970 1191; x_wconf 93' lang='lat' dir='ltr'><strong>e</strong></span> <span class='ocrx_word' id='word_1_66' title='bbox 1007 1134 1156 1190; x_wconf 84' lang='lat' dir='ltr'><strong>nullo</strong></span> <span class='ocrx_word' id='word_1_67' title='bbox 1189 1144 1265 1191; x_wconf 87' lang='lat' dir='ltr'><strong>est</strong></span> <span class='ocrx_word' id='word_1_68' title='bbox 1298 1137 1487 1207; x_wconf 74' lang='lat' dir='ltr'><strong>factus,</strong></span> <span class='ocrx_word' id='word_1_69' title='bbox 1522 1154 1615 1191; x_wconf 80' lang='lat' dir='ltr'><strong>nec</strong></span> <span class='ocrx_word' id='word_1_70' title='bbox 1654 1146 1882 1202; x_wconf 82' lang='lat' dir='ltr'><strong>creatus,</strong></span> <span class='ocrx_word' id='word_1_71' title='bbox 1934 1154 2028 1191; x_wconf 87' lang='lat' dir='ltr'><strong>nec</strong></span> 
     </span>
    </p>
   </div>
   <div class='ocr_carea' id='block_1_11' title="bbox 450 1226 2030 1299">
    <p class='ocr_par' dir='ltr' id='par_1_11' title="bbox 450 1226 2030 1299">
     <span class='ocr_line' id='line_1_11' title="bbox 450 1226 2030 1299; baseline 0.001 -18"><span class='ocrx_word' id='word_1_72' title='bbox 450 1229 693 1299; x_wconf 85' lang='lat' dir='ltr'><strong>genitus;</strong></span> <span class='ocrx_word' id='word_1_73' title='bbox 722 1226 889 1281; x_wconf 80' lang='lat' dir='ltr'><strong>Filius</strong></span> <span class='ocrx_word' id='word_1_74' title='bbox 917 1245 950 1281; x_wconf 89' lang='lat' dir='ltr'><strong>a</strong></span> <span class='ocrx_word' id='word_1_75' title='bbox 978 1228 1142 1282; x_wconf 90' lang='lat' dir='ltr'><strong>Patre</strong></span> <span class='ocrx_word' id='word_1_76' title='bbox 1165 1227 1276 1282; x_wconf 82' lang='lat' dir='ltr'><strong>solo</strong></span> <span class='ocrx_word' id='word_1_77' title='bbox 1294 1236 1394 1294; x_wconf 87' lang='lat' dir='ltr'><strong>est,</strong></span> <span class='ocrx_word' id='word_1_78' title='bbox 1419 1244 1521 1281; x_wconf 88' lang='lat' dir='ltr'><strong>non</strong></span> <span class='ocrx_word' id='word_1_79' title='bbox 1546 1228 1747 1298; x_wconf 79' lang='lat' dir='ltr'><strong>factus,</strong></span> <span class='ocrx_word' id='word_1_80' title='bbox 1768 1245 1861 1282; x_wconf 86' lang='lat' dir='ltr'><strong>nec</strong></span> <span class='ocrx_word' id='word_1_81' title='bbox 1881 1245 2030 1282; x_wconf 87' lang='lat' dir='ltr'><strong>crea-</strong></span> 
     </span>
    </p>
   </div>
   <div class='ocr_carea' id='block_1_12' title="bbox 452 1317 2024 1390">
    <p class='ocr_par' dir='ltr' id='par_1_12' title="bbox 452 1317 2024 1390">
     <span class='ocr_line' id='line_1_12' title="bbox 452 1317 2024 1390; baseline 0.001 -17"><span class='ocrx_word' id='word_1_82' title='bbox 452 1324 557 1385; x_wconf 78' lang='lat' dir='ltr'><strong>tus,</strong></span> <span class='ocrx_word' id='word_1_83' title='bbox 588 1318 683 1374; x_wconf 83' lang='lat' dir='ltr'><strong>sed</strong></span> <span class='ocrx_word' id='word_1_84' title='bbox 727 1319 961 1389; x_wconf 80' lang='lat' dir='ltr'><strong>genitus;</strong></span> <span class='ocrx_word' id='word_1_85' title='bbox 991 1317 1221 1390; x_wconf 74' lang='lat' dir='ltr'><strong>Spiritus</strong></span> <span class='ocrx_word' id='word_1_86' title='bbox 1248 1328 1465 1374; x_wconf 82' lang='lat' dir='ltr'><strong>sanctus</strong></span> <span class='ocrx_word' id='word_1_87' title='bbox 1507 1337 1540 1374; x_wconf 90' lang='lat' dir='ltr'><strong>a</strong></span> <span class='ocrx_word' id='word_1_88' title='bbox 1582 1319 1747 1374; x_wconf 79' lang='lat' dir='ltr'><strong>Patre</strong></span> <span class='ocrx_word' id='word_1_89' title='bbox 1787 1329 1836 1385; x_wconf 83' lang='lat' dir='ltr'><strong>et</strong></span> <span class='ocrx_word' id='word_1_90' title='bbox 1867 1321 2024 1386; x_wconf 68' lang='lat' dir='ltr'><strong>Pilio,</strong></span> 
     </span>
    </p>
   </div>
   <div class='ocr_carea' id='block_1_13' title="bbox 454 1409 2026 1483">
    <p class='ocr_par' dir='ltr' id='par_1_13' title="bbox 454 1409 2026 1483">
     <span class='ocr_line' id='line_1_13' title="bbox 454 1409 2026 1483; baseline 0.004 -20"><span class='ocrx_word' id='word_1_91' title='bbox 454 1424 560 1463; x_wconf 74' lang='lat' dir='ltr'><strong>non</strong></span> <span class='ocrx_word' id='word_1_92' title='bbox 606 1409 798 1479; x_wconf 75' lang='lat' dir='ltr'><strong>factus,</strong></span> <span class='ocrx_word' id='word_1_93' title='bbox 824 1426 923 1464; x_wconf 77' lang='lat' dir='ltr'><strong>nec</strong></span> <span class='ocrx_word' id='word_1_94' title='bbox 954 1419 1181 1477; x_wconf 87' lang='lat' dir='ltr'><strong>creatus,</strong></span> <span class='ocrx_word' id='word_1_95' title='bbox 1216 1428 1311 1465; x_wconf 84' lang='lat' dir='ltr'><strong>nec</strong></span> <span class='ocrx_word' id='word_1_96' title='bbox 1342 1414 1569 1482; x_wconf 79' lang='lat' dir='ltr'><strong>genitus,</strong></span> <span class='ocrx_word' id='word_1_97' title='bbox 1606 1413 1698 1466; x_wconf 86' lang='lat' dir='ltr'><strong>sed</strong></span> <span class='ocrx_word' id='word_1_98' title='bbox 1722 1413 2026 1483; x_wconf 79' lang='lat' dir='ltr'><strong>procedens.</strong></span> 
     </span>
    </p>
   </div>
   <div class='ocr_carea' id='block_1_14' title="bbox 453 1498 2028 1573">
    <p class='ocr_par' dir='ltr' id='par_1_14' title="bbox 453 1498 2028 1573">
     <span class='ocr_line' id='line_1_14' title="bbox 453 1498 2028 1573; baseline 0.004 -21"><span class='ocrx_word' id='word_1_99' title='bbox 453 1498 712 1569; x_wconf 84' lang='lat' dir='ltr'><strong>Idemque</strong></span> <span class='ocrx_word' id='word_1_100' title='bbox 735 1509 959 1554; x_wconf 89' lang='lat' dir='ltr'><strong>sanctus</strong></span> <span class='ocrx_word' id='word_1_101' title='bbox 980 1500 1333 1563; x_wconf 86' lang='lat' dir='ltr'><strong>Athanasius,</strong></span> <span class='ocrx_word' id='word_1_102' title='bbox 1362 1501 1419 1554; x_wconf 91' lang='lat' dir='ltr'><strong>in</strong></span> <span class='ocrx_word' id='word_1_103' title='bbox 1441 1501 1686 1556; x_wconf 84' lang='lat' dir='ltr'><strong>editione</strong></span> <span class='ocrx_word' id='word_1_104' title='bbox 1713 1501 1841 1557; x_wconf 81' lang='lat' dir='ltr'><strong>ﬁdei</strong></span> <span class='ocrx_word' id='word_1_105' title='bbox 1863 1519 2028 1573; x_wconf 88' lang='lat' dir='ltr'><strong>quam</strong></span> 
     </span>
    </p>
   </div>
   <div class='ocr_carea' id='block_1_15' title="bbox 453 1590 2028 1668">
    <p class='ocr_par' dir='ltr' id='par_1_15' title="bbox 453 1590 2028 1668">
     <span class='ocr_line' id='line_1_15' title="bbox 453 1590 2028 1668; baseline 0.005 -23"><span class='ocrx_word' id='word_1_106' title='bbox 453 1591 639 1647; x_wconf 80' lang='lat' dir='ltr'><strong>verbis</strong></span> <span class='ocrx_word' id='word_1_107' title='bbox 668 1590 880 1649; x_wconf 68' lang='lat' dir='ltr'><strong>Graecis</strong></span> <span class='ocrx_word' id='word_1_108' title='bbox 924 1594 1213 1664; x_wconf 77' lang='lat' dir='ltr'><strong>exposuit,</strong></span> <span class='ocrx_word' id='word_1_109' title='bbox 1261 1594 1331 1650; x_wconf 86' lang='lat' dir='ltr'><strong>ad</strong></span> <span class='ocrx_word' id='word_1_110' title='bbox 1375 1595 1606 1651; x_wconf 82' lang='lat' dir='ltr'><strong>verbum</strong></span> <span class='ocrx_word' id='word_1_111' title='bbox 1653 1595 2028 1668; x_wconf 82' lang='lat' dir='ltr'><strong>ait:Spiritus</strong></span> 
     </span>
    </p>
   </div>
   <div class='ocr_carea' id='block_1_16' title="bbox 454 1684 2029 1755">
    <p class='ocr_par' dir='ltr' id='par_1_16' title="bbox 454 1684 2029 1755">
     <span class='ocr_line' id='line_1_16' title="bbox 454 1684 2029 1755; baseline 0.005 -19"><span class='ocrx_word' id='word_1_112' title='bbox 454 1691 670 1737; x_wconf 81' lang='lat' dir='ltr'><strong>sanctus</strong></span> <span class='ocrx_word' id='word_1_113' title='bbox 717 1690 927 1749; x_wconf 76' lang='lat' dir='ltr'><strong>autem,</strong></span> <span class='ocrx_word' id='word_1_114' title='bbox 980 1684 1160 1739; x_wconf 76' lang='lat' dir='ltr'><strong>Patris</strong></span> <span class='ocrx_word' id='word_1_115' title='bbox 1189 1687 1448 1755; x_wconf 73' lang='lat' dir='ltr'><strong>processio</strong></span> <span class='ocrx_word' id='word_1_116' title='bbox 1497 1692 1603 1749; x_wconf 87' lang='lat' dir='ltr'><strong>est,</strong></span> <span class='ocrx_word' id='word_1_117' title='bbox 1644 1686 1861 1754; x_wconf 76' lang='lat' dir='ltr'><strong>ferentis</strong></span> <span class='ocrx_word' id='word_1_118' title='bbox 1908 1704 2029 1743; x_wconf 80' lang='lat' dir='ltr'><strong>eum</strong></span> 
     </span>
    </p>
   </div>
   <div class='ocr_carea' id='block_1_17' title="bbox 456 1772 2029 1847">
    <p class='ocr_par' dir='ltr' id='par_1_17' title="bbox 456 1772 2029 1847">
     <span class='ocr_line' id='line_1_17' title="bbox 456 1772 2029 1847; baseline 0.004 -17"><span class='ocrx_word' id='word_1_119' title='bbox 456 1772 601 1837; x_wconf 82' lang='lat' dir='ltr'><strong>Filii,</strong></span> <span class='ocrx_word' id='word_1_120' title='bbox 632 1791 724 1845; x_wconf 82' lang='lat' dir='ltr'><strong>per</strong></span> <span class='ocrx_word' id='word_1_121' title='bbox 766 1790 920 1846; x_wconf 82' lang='lat' dir='ltr'><strong>quem</strong></span> <span class='ocrx_word' id='word_1_122' title='bbox 951 1775 1255 1847; x_wconf 80' lang='lat' dir='ltr'><strong>adimpleoit</strong></span> <span class='ocrx_word' id='word_1_123' title='bbox 1298 1778 1499 1833; x_wconf 84' lang='lat' dir='ltr'><strong>omnia.</strong></span> <span class='ocrx_word' id='word_1_124' title='bbox 1545 1777 1701 1835; x_wconf 90' lang='lat' dir='ltr'><strong>Unde</strong></span> <span class='ocrx_word' id='word_1_125' title='bbox 1730 1787 1789 1834; x_wconf 92' lang='lat' dir='ltr'><strong>et</strong></span> <span class='ocrx_word' id='word_1_126' title='bbox 1834 1780 2029 1837; x_wconf 83' lang='lat' dir='ltr'><strong>beatus</strong></span> 
     </span>
    </p>
   </div>
   <div class='ocr_carea' id='block_1_18' title="bbox 456 1862 2028 1939">
    <p class='ocr_par' dir='ltr' id='par_1_18' title="bbox 456 1862 2028 1939">
     <span class='ocr_line' id='line_1_18' title="bbox 456 1862 2028 1939; baseline 0.004 -20"><span class='ocrx_word' id='word_1_127' title='bbox 456 1862 775 1934; x_wconf 76' lang='lat' dir='ltr'><strong>Gregorius,</strong></span> <span class='ocrx_word' id='word_1_128' title='bbox 810 1865 900 1920; x_wconf 93' lang='lat' dir='ltr'><strong>cui</strong></span> <span class='ocrx_word' id='word_1_129' title='bbox 935 1867 1133 1921; x_wconf 90' lang='lat' dir='ltr'><strong>merito</strong></span> <span class='ocrx_word' id='word_1_130' title='bbox 1164 1867 1558 1939; x_wconf 74' lang='lat' dir='ltr'><strong>Thaumaturgi</strong></span> <span class='ocrx_word' id='word_1_131' title='bbox 1603 1884 1804 1924; x_wconf 88' lang='lat' dir='ltr'><strong>nomen</strong></span> <span class='ocrx_word' id='word_1_132' title='bbox 1846 1869 2028 1925; x_wconf 85' lang='lat' dir='ltr'><strong>tribu-</strong></span> 
     </span>
    </p>
   </div>
   <div class='ocr_carea' id='block_1_19' title="bbox 457 1952 2026 2027">
    <p class='ocr_par' dir='ltr' id='par_1_19' title="bbox 457 1952 2026 2027">
     <span class='ocr_line' id='line_1_19' title="bbox 457 1952 2026 2027; baseline 0.005 -20"><span class='ocrx_word' id='word_1_133' title='bbox 457 1962 574 2008; x_wconf 88' lang='lat' dir='ltr'><strong>tum</strong></span> <span class='ocrx_word' id='word_1_134' title='bbox 605 1963 710 2018; x_wconf 88' lang='lat' dir='ltr'><strong>est,</strong></span> <span class='ocrx_word' id='word_1_135' title='bbox 740 1952 1109 2010; x_wconf 65' lang='lat' dir='ltr'><strong>Neocaesareae</strong></span> <span class='ocrx_word' id='word_1_136' title='bbox 1147 1956 1460 2027; x_wconf 86' lang='lat' dir='ltr'><strong>episcopus,</strong></span> <span class='ocrx_word' id='word_1_137' title='bbox 1488 1958 1549 2012; x_wconf 88' lang='lat' dir='ltr'><strong>in</strong></span> <span class='ocrx_word' id='word_1_138' title='bbox 1589 1957 1835 2015; x_wconf 87' lang='lat' dir='ltr'><strong>editione</strong></span> <span class='ocrx_word' id='word_1_139' title='bbox 1877 1959 2026 2025; x_wconf 78' lang='lat' dir='ltr'><strong>ﬁdei,</strong></span> 
     </span>
    </p>
   </div>
   <div class='ocr_carea' id='block_1_20' title="bbox 450 2043 2030 2120">
    <p class='ocr_par' dir='ltr' id='par_1_20' title="bbox 450 2043 2030 2120">
     <span class='ocr_line' id='line_1_20' title="bbox 450 2043 2030 2120; baseline 0.005 -22"><span class='ocrx_word' id='word_1_140' title='bbox 450 2058 620 2112; x_wconf 87' lang='lat' dir='ltr'><strong>quam</strong></span> <span class='ocrx_word' id='word_1_141' title='bbox 648 2058 748 2113; x_wconf 90' lang='lat' dir='ltr'><strong>per</strong></span> <span class='ocrx_word' id='word_1_142' title='bbox 776 2043 1170 2100; x_wconf 82' lang='lat' dir='ltr'><strong>revelationem</strong></span> <span class='ocrx_word' id='word_1_143' title='bbox 1200 2061 1231 2100; x_wconf 90' lang='lat' dir='ltr'><strong>a</strong></span> <span class='ocrx_word' id='word_1_144' title='bbox 1269 2047 1431 2102; x_wconf 88' lang='lat' dir='ltr'><strong>beato</strong></span> <span class='ocrx_word' id='word_1_145' title='bbox 1454 2048 1662 2103; x_wconf 81' lang='lat' dir='ltr'><strong>Joanne</strong></span> <span class='ocrx_word' id='word_1_146' title='bbox 1690 2051 2030 2120; x_wconf 79' lang='lat' dir='ltr'><strong>evangelista</strong></span> 
     </span>
    </p>
   </div>
   <div class='ocr_carea' id='block_1_21' title="bbox 448 2133 2029 2203">
    <p class='ocr_par' dir='ltr' id='par_1_21' title="bbox 448 2133 2029 2203">
     <span class='ocr_line' id='line_1_21' title="bbox 448 2133 2029 2203; baseline 0.006 -15"><span class='ocrx_word' id='word_1_147' title='bbox 448 2133 834 2189; x_wconf 76' lang='lat' dir='ltr'><strong>intercedente</strong></span> <span class='ocrx_word' id='word_1_148' title='bbox 866 2134 963 2189; x_wconf 89' lang='lat' dir='ltr'><strong>Dei</strong></span> <span class='ocrx_word' id='word_1_149' title='bbox 997 2135 1277 2193; x_wconf 89' lang='lat' dir='ltr'><strong>Genitrice</strong></span> <span class='ocrx_word' id='word_1_150' title='bbox 1306 2138 1521 2203; x_wconf 86' lang='lat' dir='ltr'><strong>habuit,</strong></span> <span class='ocrx_word' id='word_1_151' title='bbox 1556 2140 1635 2195; x_wconf 90' lang='lat' dir='ltr'><strong>sic</strong></span> <span class='ocrx_word' id='word_1_152' title='bbox 1674 2139 1882 2196; x_wconf 89' lang='lat' dir='ltr'><strong>diserte</strong></span> <span class='ocrx_word' id='word_1_153' title='bbox 1914 2143 2029 2197; x_wconf 88' lang='lat' dir='ltr'><strong>cla-</strong></span> 
     </span>
    </p>
   </div>
   <div class='ocr_carea' id='block_1_22' title="bbox 443 2224 2032 2297">
    <p class='ocr_par' dir='ltr' id='par_1_22' title="bbox 443 2224 2032 2297">
     <span class='ocr_line' id='line_1_22' title="bbox 443 2224 2032 2297; baseline 0.005 -18"><span class='ocrx_word' id='word_1_154' title='bbox 443 2224 644 2288; x_wconf 74' lang='lat' dir='ltr'><strong>mavit,</strong></span> <span class='ocrx_word' id='word_1_155' title='bbox 677 2224 868 2280; x_wconf 87' lang='lat' dir='ltr'><strong>dicens</strong></span> <span class='ocrx_word' id='word_1_156' title='bbox 894 2242 908 2279; x_wconf 90' lang='lat'><strong>:</strong></span> <span class='ocrx_word' id='word_1_157' title='bbox 943 2242 1078 2281; x_wconf 79' lang='lat' dir='ltr'><strong>unus</strong></span> <span class='ocrx_word' id='word_1_158' title='bbox 1108 2226 1249 2282; x_wconf 87' lang='lat' dir='ltr'><strong>Deus</strong></span> <span class='ocrx_word' id='word_1_159' title='bbox 1279 2228 1441 2283; x_wconf 85' lang='lat' dir='ltr'><strong>Pater</strong></span> <span class='ocrx_word' id='word_1_160' title='bbox 1467 2229 1615 2284; x_wconf 82' lang='lat' dir='ltr'><strong>Verbi</strong></span> <span class='ocrx_word' id='word_1_161' title='bbox 1643 2233 1881 2297; x_wconf 79' lang='lat' dir='ltr'><strong>uiuentis,</strong></span> <span class='ocrx_word' id='word_1_162' title='bbox 1913 2250 2032 2287; x_wconf 83' lang='lat' dir='ltr'><strong>vere</strong></span> 
     </span>
    </p>
   </div>
   <div class='ocr_carea' id='block_1_23' title="bbox 455 2314 2029 2396">
    <p class='ocr_par' dir='ltr' id='par_1_23' title="bbox 455 2314 2029 2396">
     <span class='ocr_line' id='line_1_23' title="bbox 455 2314 2029 2396; baseline 0.006 -27"><span class='ocrx_word' id='word_1_163' title='bbox 455 2318 751 2372; x_wconf 65' lang='lat' dir='ltr'><strong>essistentis</strong></span> <span class='ocrx_word' id='word_1_164' title='bbox 777 2314 1066 2389; x_wconf 69' lang='lat' dir='ltr'><strong>Sapientiae</strong></span> <span class='ocrx_word' id='word_1_165' title='bbox 1090 2328 1139 2374; x_wconf 84' lang='lat' dir='ltr'><strong>et</strong></span> <span class='ocrx_word' id='word_1_166' title='bbox 1170 2320 1407 2386; x_wconf 73' lang='lat' dir='ltr'><strong>Virtutis,</strong></span> <span class='ocrx_word' id='word_1_167' title='bbox 1436 2331 1486 2376; x_wconf 87' lang='lat' dir='ltr'><strong>et</strong></span> <span class='ocrx_word' id='word_1_168' title='bbox 1510 2324 1844 2392; x_wconf 75' lang='lat' dir='ltr'><strong>sempiterna:</strong></span> <span class='ocrx_word' id='word_1_169' title='bbox 1867 2324 2029 2396; x_wconf 83' lang='lat' dir='ltr'><strong>Figu-</strong></span> 
     </span>
    </p>
   </div>
   <div class='ocr_carea' id='block_1_24' title="bbox 455 2407 2027 2487">
    <p class='ocr_par' dir='ltr' id='par_1_24' title="bbox 455 2407 2027 2487">
     <span class='ocr_line' id='line_1_24' title="bbox 455 2407 2027 2487; baseline 0.008 -28"><span class='ocrx_word' id='word_1_170' title='bbox 455 2420 561 2471; x_wconf 67' lang='lat' dir='ltr'><strong>ra;</strong></span> <span class='ocrx_word' id='word_1_171' title='bbox 590 2407 846 2477; x_wconf 78' lang='lat' dir='ltr'><strong>perfectus</strong></span> <span class='ocrx_word' id='word_1_172' title='bbox 877 2410 1091 2479; x_wconf 78' lang='lat' dir='ltr'><strong>perfecti</strong></span> <span class='ocrx_word' id='word_1_173' title='bbox 1135 2428 1362 2481; x_wconf 87' lang='lat' dir='ltr'><strong>parens;</strong></span> <span class='ocrx_word' id='word_1_174' title='bbox 1396 2412 1559 2468; x_wconf 87' lang='lat' dir='ltr'><strong>Pater</strong></span> <span class='ocrx_word' id='word_1_175' title='bbox 1595 2414 1721 2469; x_wconf 81' lang='lat' dir='ltr'><strong>Filii</strong></span> <span class='ocrx_word' id='word_1_176' title='bbox 1753 2418 2027 2487; x_wconf 81' lang='lat' dir='ltr'><strong>unigeniti.</strong></span> 
     </span>
    </p>
   </div>
   <div class='ocr_carea' id='block_1_25' title="bbox 460 2494 2031 2578">
    <p class='ocr_par' dir='ltr' id='par_1_25' title="bbox 460 2494 2031 2578">
     <span class='ocr_line' id='line_1_25' title="bbox 460 2494 2031 2578; baseline 0.009 -29"><span class='ocrx_word' id='word_1_177' title='bbox 460 2494 605 2550; x_wconf 87' lang='lat' dir='ltr'><strong>Unus</strong></span> <span class='ocrx_word' id='word_1_178' title='bbox 644 2495 925 2563; x_wconf 86' lang='lat' dir='ltr'><strong>Dominus,</strong></span> <span class='ocrx_word' id='word_1_179' title='bbox 960 2499 1102 2554; x_wconf 89' lang='lat' dir='ltr'><strong>solus</strong></span> <span class='ocrx_word' id='word_1_180' title='bbox 1144 2516 1208 2555; x_wconf 76' lang='lat' dir='ltr'><strong>ea:</strong></span> <span class='ocrx_word' id='word_1_181' title='bbox 1237 2502 1370 2567; x_wconf 90' lang='lat' dir='ltr'><strong>solo,</strong></span> <span class='ocrx_word' id='word_1_182' title='bbox 1398 2503 1538 2558; x_wconf 87' lang='lat' dir='ltr'><strong>Deus</strong></span> <span class='ocrx_word' id='word_1_183' title='bbox 1579 2521 1644 2560; x_wconf 79' lang='lat' dir='ltr'><strong>ea:</strong></span> <span class='ocrx_word' id='word_1_184' title='bbox 1671 2505 1801 2571; x_wconf 88' lang='lat' dir='ltr'><strong>Deo,</strong></span> <span class='ocrx_word' id='word_1_185' title='bbox 1831 2507 2031 2578; x_wconf 77' lang='lat' dir='ltr'><strong>Figura</strong></span> 
     </span>
    </p>
   </div>
   <div class='ocr_carea' id='block_1_26' title="bbox 453 2588 2029 2668">
    <p class='ocr_par' dir='ltr' id='par_1_26' title="bbox 453 2588 2029 2668">
     <span class='ocr_line' id='line_1_26' title="bbox 453 2588 2029 2668; baseline 0.011 -28"><span class='ocrx_word' id='word_1_186' title='bbox 453 2588 612 2658; x_wconf 76' lang='lat'><strong>691</strong></span> <span class='ocrx_word' id='word_1_187' title='bbox 651 2599 701 2642; x_wconf 85' lang='lat' dir='ltr'><strong>et</strong></span> <span class='ocrx_word' id='word_1_188' title='bbox 731 2591 906 2660; x_wconf 85' lang='lat' dir='ltr'><strong>imago</strong></span> <span class='ocrx_word' id='word_1_189' title='bbox 934 2591 1181 2657; x_wconf 86' lang='lat' dir='ltr'><strong>deitatis;</strong></span> <span class='ocrx_word' id='word_1_190' title='bbox 1227 2592 1447 2648; x_wconf 82' lang='lat' dir='ltr'><strong>Verbum</strong></span> <span class='ocrx_word' id='word_1_191' title='bbox 1475 2596 1675 2665; x_wconf 68' lang='lat' dir='ltr'><strong>eﬂicax,</strong></span> <span class='ocrx_word' id='word_1_192' title='bbox 1701 2606 1757 2652; x_wconf 88' lang='lat' dir='ltr'><strong>et</strong></span> <span class='ocrx_word' id='word_1_193' title='bbox 1787 2615 1909 2668; x_wconf 69' lang='lat' dir='ltr'><strong>quae</strong></span> <span class='ocrx_word' id='word_1_194' title='bbox 1939 2617 2029 2657; x_wconf 83' lang='lat' dir='ltr'><strong>se-</strong></span> 
     </span>
    </p>
   </div>
   <div class='ocr_carea' id='block_1_27' title="bbox 456 2681 2031 2758">
    <p class='ocr_par' dir='ltr' id='par_1_27' title="bbox 456 2681 2031 2758">
     <span class='ocr_line' id='line_1_27' title="bbox 456 2681 2031 2758; baseline 0.009 -24"><span class='ocrx_word' id='word_1_195' title='bbox 456 2689 719 2748; x_wconf 87' lang='lat' dir='ltr'><strong>quuntur.</strong></span> <span class='ocrx_word' id='word_1_196' title='bbox 766 2681 923 2747; x_wconf 82' lang='lat' dir='ltr'><strong>Quod</strong></span> <span class='ocrx_word' id='word_1_197' title='bbox 953 2692 1138 2738; x_wconf 87' lang='lat' dir='ltr'><strong>autem</strong></span> <span class='ocrx_word' id='word_1_198' title='bbox 1179 2685 1247 2739; x_wconf 88' lang='lat' dir='ltr'><strong>de</strong></span> <span class='ocrx_word' id='word_1_199' title='bbox 1282 2686 1423 2740; x_wconf 86' lang='lat' dir='ltr'><strong>Filio</strong></span> <span class='ocrx_word' id='word_1_200' title='bbox 1464 2688 1562 2754; x_wconf 89' lang='lat' dir='ltr'><strong>ait,</strong></span> <span class='ocrx_word' id='word_1_201' title='bbox 1610 2690 1750 2758; x_wconf 82' lang='lat' dir='ltr'><strong>quod</strong></span> <span class='ocrx_word' id='word_1_202' title='bbox 1786 2690 1929 2747; x_wconf 85' lang='lat' dir='ltr'><strong>solus</strong></span> <span class='ocrx_word' id='word_1_203' title='bbox 1966 2710 2031 2748; x_wconf 79' lang='lat' dir='ltr'><strong>ea:</strong></span> 
     </span>
    </p>
   </div>
   <div class='ocr_carea' id='block_1_28' title="bbox 453 2770 2031 2852">
    <p class='ocr_par' dir='ltr' id='par_1_28' title="bbox 453 2770 2031 2852">
     <span class='ocr_line' id='line_1_28' title="bbox 453 2770 2031 2852; baseline 0.012 -30"><span class='ocrx_word' id='word_1_204' title='bbox 453 2770 603 2835; x_wconf 89' lang='lat' dir='ltr'><strong>solo;</strong></span> <span class='ocrx_word' id='word_1_205' title='bbox 635 2788 742 2826; x_wconf 87' lang='lat' dir='ltr'><strong>non</strong></span> <span class='ocrx_word' id='word_1_206' title='bbox 789 2773 957 2843; x_wconf 79' lang='lat' dir='ltr'><strong>igitur</strong></span> <span class='ocrx_word' id='word_1_207' title='bbox 981 2772 1223 2843; x_wconf 88' lang='lat' dir='ltr'><strong>Spiritus</strong></span> <span class='ocrx_word' id='word_1_208' title='bbox 1265 2785 1488 2832; x_wconf 89' lang='lat' dir='ltr'><strong>sanctus</strong></span> <span class='ocrx_word' id='word_1_209' title='bbox 1523 2794 1589 2832; x_wconf 76' lang='lat' dir='ltr'><strong>ex</strong></span> <span class='ocrx_word' id='word_1_210' title='bbox 1615 2781 1733 2834; x_wconf 87' lang='lat' dir='ltr'><strong>solo</strong></span> <span class='ocrx_word' id='word_1_211' title='bbox 1762 2798 1776 2834; x_wconf 87' lang='lat'><strong>:</strong></span> <span class='ocrx_word' id='word_1_212' title='bbox 1804 2797 1937 2852; x_wconf 81' lang='lat' dir='ltr'><strong>ergo</strong></span> <span class='ocrx_word' id='word_1_213' title='bbox 1962 2800 2031 2840; x_wconf 80' lang='lat' dir='ltr'><strong>ex</strong></span> 
     </span>
    </p>
   </div>
   <div class='ocr_carea' id='block_1_29' title="bbox 455 2857 2031 2937">
    <p class='ocr_par' dir='ltr' id='par_1_29' title="bbox 455 2857 2031 2937">
     <span class='ocr_line' id='line_1_29' title="bbox 455 2857 2031 2937; baseline 0.011 -26"><span class='ocrx_word' id='word_1_214' title='bbox 455 2857 615 2912; x_wconf 89' lang='lat' dir='ltr'><strong>Patre</strong></span> <span class='ocrx_word' id='word_1_215' title='bbox 638 2861 848 2922; x_wconf 88' lang='lat' dir='ltr'><strong>etalio,</strong></span> <span class='ocrx_word' id='word_1_216' title='bbox 870 2863 1315 2931; x_wconf 80' lang='lat' dir='ltr'><strong>quandoquidem</strong></span> <span class='ocrx_word' id='word_1_217' title='bbox 1349 2875 1435 2919; x_wconf 92' lang='lat' dir='ltr'><strong>est</strong></span> <span class='ocrx_word' id='word_1_218' title='bbox 1464 2881 1530 2920; x_wconf 80' lang='lat' dir='ltr'><strong>ex</strong></span> <span class='ocrx_word' id='word_1_219' title='bbox 1563 2869 1770 2937; x_wconf 82' lang='lat' dir='ltr'><strong>aliquo.</strong></span> <span class='ocrx_word' id='word_1_220' title='bbox 1801 2872 2031 2937; x_wconf 85' lang='lat' dir='ltr'><strong>Quando</strong></span> 
     </span>
    </p>
   </div>
   <div class='ocr_carea' id='block_1_30' title="bbox 453 2946 2032 3020">
    <p class='ocr_par' dir='ltr' id='par_1_30' title="bbox 453 2946 2032 3020">
     <span class='ocr_line' id='line_1_30' title="bbox 453 2946 2032 3020; baseline 0.015 -23"><span class='ocrx_word' id='word_1_221' title='bbox 453 2954 638 2999; x_wconf 88' lang='lat' dir='ltr'><strong>autem</strong></span> <span class='ocrx_word' id='word_1_222' title='bbox 682 2946 939 3009; x_wconf 87' lang='lat' dir='ltr'><strong>dicimus.</strong></span> <span class='ocrx_word' id='word_1_223' title='bbox 975 2966 1039 3003; x_wconf 73' lang='lat' dir='ltr'><strong>ex</strong></span> <span class='ocrx_word' id='word_1_224' title='bbox 1083 2950 1246 3005; x_wconf 87' lang='lat' dir='ltr'><strong>Patre</strong></span> <span class='ocrx_word' id='word_1_225' title='bbox 1285 2962 1334 3005; x_wconf 85' lang='lat' dir='ltr'><strong>et</strong></span> <span class='ocrx_word' id='word_1_226' title='bbox 1364 2954 1493 3019; x_wconf 85' lang='lat' dir='ltr'><strong>alio,</strong></span> <span class='ocrx_word' id='word_1_227' title='bbox 1525 2972 1635 3011; x_wconf 89' lang='lat' dir='ltr'><strong>non</strong></span> <span class='ocrx_word' id='word_1_228' title='bbox 1661 2974 1726 3013; x_wconf 82' lang='lat' dir='ltr'><strong>ex</strong></span> <span class='ocrx_word' id='word_1_229' title='bbox 1755 2961 1863 3015; x_wconf 87' lang='lat' dir='ltr'><strong>alio</strong></span> <span class='ocrx_word' id='word_1_230' title='bbox 1893 2964 2032 3020; x_wconf 90' lang='lat' dir='ltr'><strong>dici-</strong></span> 
     </span>
    </p>
   </div>
   <div class='ocr_carea' id='block_1_31' title="bbox 341 409 2026 487">
    <p class='ocr_par' dir='ltr' id='par_1_31' title="bbox 341 411 2019 484">
     <span class='ocr_line' id='line_1_31' title="bbox 341 411 2019 484; baseline -0.001 -17"><span class='ocrx_word' id='word_1_231' title='bbox 341 436 350 449; x_wconf 37' lang='lat'>,</span> <span class='ocrx_word' id='word_1_232' title='bbox 445 412 594 468; x_wconf 82' lang='lat' dir='ltr'><strong>Deus</strong></span> <span class='ocrx_word' id='word_1_233' title='bbox 623 413 841 483; x_wconf 86' lang='lat' dir='ltr'><strong>plenus,</strong></span> <span class='ocrx_word' id='word_1_234' title='bbox 868 425 935 466; x_wconf 81' lang='lat' dir='ltr'><strong>ex</strong></span> <span class='ocrx_word' id='word_1_235' title='bbox 966 412 1128 469; x_wconf 83' lang='lat' dir='ltr'><strong>Patre</strong></span> <span class='ocrx_word' id='word_1_236' title='bbox 1154 411 1405 484; x_wconf 84' lang='lat' dir='ltr'><strong>Filioque</strong></span> <span class='ocrx_word' id='word_1_237' title='bbox 1437 412 1765 484; x_wconf 85' lang='lat' dir='ltr'><strong>procedens.</strong></span> <span class='ocrx_word' id='word_1_238' title='bbox 1791 413 1873 468; x_wconf 82' lang='lat' dir='ltr'><strong>Ac</strong></span> <span class='ocrx_word' id='word_1_239' title='bbox 1895 412 2019 483; x_wconf 85' lang='lat' dir='ltr'><strong>Spi-</strong></span> 
     </span>
    </p>
   </div>
   <div class='ocr_carea' id='block_1_32' title="bbox 2125 409 3745 487">
    <p class='ocr_par' dir='ltr' id='par_1_32' title="bbox 2125 409 3745 487">
     <span class='ocr_line' id='line_1_32' title="bbox 2125 409 3745 487; baseline 0.01 -23"><span class='ocrx_word' id='word_1_240' title='bbox 2125 409 2185 464; x_wconf 79' lang='grc' dir='ltr'><strong>τδ</strong></span> <span class='ocrx_word' id='word_1_241' title='bbox 2211 412 2386 480; x_wconf 72' lang='grc' dir='ltr'>ἅγιον,</span> <span class='ocrx_word' id='word_1_242' title='bbox 2420 411 2634 483; x_wconf 79' lang='grc' dir='ltr'><strong>πλήρης</strong></span> <span class='ocrx_word' id='word_1_243' title='bbox 2661 410 2816 473; x_wconf 78' lang='grc' dir='ltr'>Θεὸς.</span> <span class='ocrx_word' id='word_1_244' title='bbox 2847 409 2955 487; x_wconf 60' lang='grc' dir='ltr'><strong>ἀπὸ</strong></span> <span class='ocrx_word' id='word_1_245' title='bbox 2981 409 3071 463; x_wconf 75' lang='grc' dir='ltr'>τοῦ</span> <span class='ocrx_word' id='word_1_246' title='bbox 3100 409 3308 478; x_wconf 68' lang='grc' dir='ltr'><strong>[ἰατρὸς</strong></span> <span class='ocrx_word' id='word_1_247' title='bbox 3334 410 3430 462; x_wconf 68' lang='grc' dir='ltr'><strong>καὶ</strong></span> <span class='ocrx_word' id='word_1_248' title='bbox 3452 410 3548 464; x_wconf 75' lang='grc' dir='ltr'>τοῦ</span> <span class='ocrx_word' id='word_1_249' title='bbox 3570 413 3745 487; x_wconf 68' lang='grc' dir='ltr'><strong>Υἱοΰ,</strong></span> 
     </span>
    </p>
   </div>
   <div class='ocr_carea' id='block_1_33' title="bbox 2127 499 3713 576">
    <p class='ocr_par' dir='ltr' id='par_1_33' title="bbox 2127 499 3713 576">
     <span class='ocr_line' id='line_1_33' title="bbox 2127 499 3713 576; baseline 0 -19"><span class='ocrx_word' id='word_1_250' title='bbox 2127 504 2588 576; x_wconf 78' lang='grc' dir='ltr'><strong>ἐκπορευόμενον.</strong></span> <span class='ocrx_word' id='word_1_251' title='bbox 2641 502 2752 555; x_wconf 78' lang='grc' dir='ltr'><strong>Καὶ</strong></span> <span class='ocrx_word' id='word_1_252' title='bbox 2783 501 2843 555; x_wconf 76' lang='grc' dir='ltr'><strong>τὸ</strong></span> <span class='ocrx_word' id='word_1_253' title='bbox 2875 499 3097 571; x_wconf 77' lang='grc' dir='ltr'><strong>Πνεῦμα</strong></span> <span class='ocrx_word' id='word_1_254' title='bbox 3126 500 3225 570; x_wconf 79' lang='grc' dir='ltr'>μὲν</span> <span class='ocrx_word' id='word_1_255' title='bbox 3244 540 3260 562; x_wconf 87' lang='grc'><strong>.</strong></span> <span class='ocrx_word' id='word_1_256' title='bbox 3308 500 3418 553; x_wconf 71' lang='grc' dir='ltr'><strong>ἀπὸ</strong></span> <span class='ocrx_word' id='word_1_257' title='bbox 3445 501 3545 554; x_wconf 78' lang='grc' dir='ltr'>τοῦ</span> <span class='ocrx_word' id='word_1_258' title='bbox 3570 502 3713 557; x_wconf 69' lang='lat' dir='ltr'><strong>mos</strong></span> 
     </span>
    </p>
   </div>
   <div class='ocr_carea' id='block_1_34' title="bbox 2123 590 3714 666">
    <p class='ocr_par' dir='ltr' id='par_1_34' title="bbox 2123 590 3714 666">
     <span class='ocr_line' id='line_1_34' title="bbox 2123 590 3714 666; baseline -0.001 -18"><span class='ocrx_word' id='word_1_259' title='bbox 2123 594 2480 666; x_wconf 72' lang='grc' dir='ltr'>ἐκπορεύεται</span> <span class='ocrx_word' id='word_1_260' title='bbox 2507 593 2728 665; x_wconf 74' lang='grc' dir='ltr'>ἀμέσως</span> <span class='ocrx_word' id='word_1_261' title='bbox 2748 610 2760 623; x_wconf 92' lang='grc'><strong>·</strong></span> <span class='ocrx_word' id='word_1_262' title='bbox 2789 591 2896 645; x_wconf 77' lang='grc' dir='ltr'><strong>ἀπὸ</strong></span> <span class='ocrx_word' id='word_1_263' title='bbox 2921 592 3013 644; x_wconf 87' lang='grc' dir='ltr'>τοῦ</span> <span class='ocrx_word' id='word_1_264' title='bbox 3044 590 3254 661; x_wconf 69' lang='lat' dir='ltr'><strong>Harpe;</strong></span> <span class='ocrx_word' id='word_1_265' title='bbox 3278 590 3356 653; x_wconf 82' lang='grc' dir='ltr'><strong>δὲ,</strong></span> <span class='ocrx_word' id='word_1_266' title='bbox 3385 590 3714 660; x_wconf 81' lang='grc' dir='ltr'>μεσιτεύον-</span> 
     </span>
    </p>
   </div>
   <div class='ocr_carea' id='block_1_35' title="bbox 2122 682 3713 752">
    <p class='ocr_par' dir='ltr' id='par_1_35' title="bbox 2122 682 3713 752">
     <span class='ocr_line' id='line_1_35' title="bbox 2122 682 3713 752; baseline -0.003 -12"><span class='ocrx_word' id='word_1_267' title='bbox 2122 704 2212 751; x_wconf 84' lang='grc' dir='ltr'><em>τος</em></span> <span class='ocrx_word' id='word_1_268' title='bbox 2257 687 2351 740; x_wconf 86' lang='grc' dir='ltr'>τοῦ</span> <span class='ocrx_word' id='word_1_269' title='bbox 2399 685 2554 740; x_wconf 78' lang='grc' dir='ltr'>Υῑοῦ.</span> <span class='ocrx_word' id='word_1_270' title='bbox 2609 686 2683 739; x_wconf 85' lang='grc' dir='ltr'>Τὸ</span> <span class='ocrx_word' id='word_1_271' title='bbox 2734 685 2827 749; x_wconf 75' lang='grc' dir='ltr'><strong>δὲ,</strong></span> <span class='ocrx_word' id='word_1_272' title='bbox 2872 686 2956 737; x_wconf 80' lang='grc' dir='ltr'><strong>ὅτι</strong></span> <span class='ocrx_word' id='word_1_273' title='bbox 2991 683 3051 737; x_wconf 80' lang='grc' dir='ltr'><strong>τὸ</strong></span> <span class='ocrx_word' id='word_1_274' title='bbox 3079 683 3306 752; x_wconf 80' lang='grc' dir='ltr'><strong>Πνεῦμα</strong></span> <span class='ocrx_word' id='word_1_275' title='bbox 3335 682 3399 734; x_wconf 79' lang='grc' dir='ltr'>τὸ</span> <span class='ocrx_word' id='word_1_276' title='bbox 3427 683 3586 751; x_wconf 72' lang='grc' dir='ltr'>ἆγιον</span> <span class='ocrx_word' id='word_1_277' title='bbox 3610 684 3713 737; x_wconf 81' lang='grc' dir='ltr'><strong>ὲκ-</strong></span> 
     </span>
    </p>
   </div>
   <div class='ocr_carea' id='block_1_36' title="bbox 2124 771 3709 845">
    <p class='ocr_par' dir='ltr' id='par_1_36' title="bbox 2124 771 3709 845">
     <span class='ocr_line' id='line_1_36' title="bbox 2124 771 3709 845; baseline -0.003 -16"><span class='ocrx_word' id='word_1_278' title='bbox 2124 775 2417 845; x_wconf 83' lang='grc' dir='ltr'>πορεύεται</span> <span class='ocrx_word' id='word_1_279' title='bbox 2464 776 2573 829; x_wconf 81' lang='grc' dir='ltr'><strong>ἀπὸ</strong></span> <span class='ocrx_word' id='word_1_280' title='bbox 2611 775 2706 828; x_wconf 88' lang='grc' dir='ltr'>τοῦ</span> <span class='ocrx_word' id='word_1_281' title='bbox 2748 774 2900 837; x_wconf 85' lang='grc' dir='ltr'>Υἱοῦ,</span> <span class='ocrx_word' id='word_1_282' title='bbox 2936 774 3096 826; x_wconf 83' lang='grc' dir='ltr'>τοῦτο</span> <span class='ocrx_word' id='word_1_283' title='bbox 3126 771 3239 840; x_wconf 79' lang='grc' dir='ltr'>ἔχει</span> <span class='ocrx_word' id='word_1_284' title='bbox 3267 775 3295 824; x_wconf 88' lang='grc' dir='ltr'>ὁ</span> <span class='ocrx_word' id='word_1_285' title='bbox 3321 771 3448 834; x_wconf 74' lang='grc' dir='ltr'><strong>Υἱὸς</strong></span> <span class='ocrx_word' id='word_1_286' title='bbox 3474 771 3583 825; x_wconf 77' lang='grc' dir='ltr'><strong>ἀπὸ</strong></span> <span class='ocrx_word' id='word_1_287' title='bbox 3607 771 3709 825; x_wconf 82' lang='grc' dir='ltr'>τοῦ</span> 
     </span>
    </p>
   </div>
   <div class='ocr_carea' id='block_1_37' title="bbox 2124 862 3712 937">
    <p class='ocr_par' dir='ltr' id='par_1_37' title="bbox 2124 862 3712 937">
     <span class='ocr_line' id='line_1_37' title="bbox 2124 862 3712 937; baseline -0.004 -15"><span class='ocrx_word' id='word_1_288' title='bbox 2124 868 2358 937; x_wconf 83' lang='grc' dir='ltr'><strong>Πατρός.</strong></span> <span class='ocrx_word' id='word_1_289' title='bbox 2417 867 2517 922; x_wconf 81' lang='grc' dir='ltr'><strong>Διά</strong></span> <span class='ocrx_word' id='word_1_290' title='bbox 2559 865 2742 929; x_wconf 77' lang='grc' dir='ltr'>τοῦτο,</span> <span class='ocrx_word' id='word_1_291' title='bbox 2794 867 2946 928; x_wconf 83' lang='grc' dir='ltr'><em>ὅστις</em></span> <span class='ocrx_word' id='word_1_292' title='bbox 2976 862 3222 918; x_wconf 82' lang='grc' dir='ltr'><strong>πιστεύει</strong></span> <span class='ocrx_word' id='word_1_293' title='bbox 3270 863 3354 916; x_wconf 81' lang='grc' dir='ltr'>ὅτι</span> <span class='ocrx_word' id='word_1_294' title='bbox 3382 862 3443 916; x_wconf 82' lang='grc' dir='ltr'><strong>τὸ</strong></span> <span class='ocrx_word' id='word_1_295' title='bbox 3471 862 3712 934; x_wconf 83' lang='grc' dir='ltr'>Πνεῦμα</span> 
     </span>
    </p>
   </div>
   <div class='ocr_carea' id='block_1_38' title="bbox 2122 954 3712 1028">
    <p class='ocr_par' dir='ltr' id='par_1_38' title="bbox 2122 954 3712 1028">
     <span class='ocr_line' id='line_1_38' title="bbox 2122 954 3712 1028; baseline -0.004 -14"><span class='ocrx_word' id='word_1_296' title='bbox 2122 962 2185 1014; x_wconf 78' lang='grc' dir='ltr'>τὸ</span> <span class='ocrx_word' id='word_1_297' title='bbox 2212 962 2369 1028; x_wconf 70' lang='grc' dir='ltr'>ἅγιον</span> <span class='ocrx_word' id='word_1_298' title='bbox 2399 961 2502 1014; x_wconf 74' lang='grc' dir='ltr'>οὐκ</span> <span class='ocrx_word' id='word_1_299' title='bbox 2528 957 2891 1028; x_wconf 76' lang='grc' dir='ltr'><strong>ἐκπορεύεται</strong></span> <span class='ocrx_word' id='word_1_300' title='bbox 2921 957 3029 1025; x_wconf 72' lang='grc' dir='ltr'><strong>ᾁπὺ</strong></span> <span class='ocrx_word' id='word_1_301' title='bbox 3054 955 3149 1009; x_wconf 84' lang='grc' dir='ltr'>τοῦ</span> <span class='ocrx_word' id='word_1_302' title='bbox 3179 954 3311 1009; x_wconf 78' lang='grc' dir='ltr'>Υἱοῦ</span> <span class='ocrx_word' id='word_1_303' title='bbox 3330 997 3345 1020; x_wconf 89' lang='grc'><strong>,</strong></span> <span class='ocrx_word' id='word_1_304' title='bbox 3377 956 3435 1010; x_wconf 84' lang='grc' dir='ltr'>ὲν</span> <span class='ocrx_word' id='word_1_305' title='bbox 3461 956 3567 1026; x_wconf 81' lang='grc' dir='ltr'><strong>ὁδῷ</strong></span> <span class='ocrx_word' id='word_1_306' title='bbox 3598 957 3712 1009; x_wconf 81' lang='grc' dir='ltr'><strong>ἀπ-</strong></span> 
     </span>
    </p>
   </div>
   <div class='ocr_carea' id='block_1_39' title="bbox 2123 1046 3711 1116">
    <p class='ocr_par' dir='ltr' id='par_1_39' title="bbox 2123 1046 3711 1116">
     <span class='ocr_line' id='line_1_39' title="bbox 2123 1046 3711 1116; baseline -0.005 -10"><span class='ocrx_word' id='word_1_307' title='bbox 2123 1051 2318 1115; x_wconf 80' lang='grc' dir='ltr'>ωλείας</span> <span class='ocrx_word' id='word_1_308' title='bbox 2346 1051 2514 1104; x_wconf 69' lang='grc' dir='ltr'>ἐστίν.</span> <span class='ocrx_word' id='word_1_309' title='bbox 2546 1048 2710 1103; x_wconf 83' lang='grc' dir='ltr'><strong>Ὅθεν</strong></span> <span class='ocrx_word' id='word_1_310' title='bbox 2738 1050 2767 1101; x_wconf 85' lang='grc'>6</span> <span class='ocrx_word' id='word_1_311' title='bbox 2796 1049 2950 1116; x_wconf 75' lang='grc' dir='ltr'>ἅγιος</span> <span class='ocrx_word' id='word_1_312' title='bbox 2982 1046 3318 1112; x_wconf 75' lang='grc' dir='ltr'>’Δθανάσιο;,</span> <span class='ocrx_word' id='word_1_313' title='bbox 3353 1047 3481 1101; x_wconf 85' lang='grc' dir='ltr'>ὅταν</span> <span class='ocrx_word' id='word_1_314' title='bbox 3508 1048 3567 1098; x_wconf 78' lang='grc' dir='ltr'>ὲν</span> <span class='ocrx_word' id='word_1_315' title='bbox 3591 1050 3711 1110; x_wconf 83' lang='grc' dir='ltr'><em>τοῖς</em></span> 
     </span>
    </p>
   </div>
   <div class='ocr_carea' id='block_1_40' title="bbox 2129 1121 3707 1214">
    <p class='ocr_par' dir='ltr' id='par_1_40' title="bbox 2129 1121 3707 1214">
     <span class='ocr_line' id='line_1_40' title="bbox 2129 1121 3707 1214; baseline -0.005 -18"><span class='ocrx_word' id='word_1_316' title='bbox 2129 1144 2322 1214; x_wconf 79' lang='grc' dir='ltr'>μέρεσι</span> <span class='ocrx_word' id='word_1_317' title='bbox 2350 1121 2589 1205; x_wconf 79' lang='grc' dir='ltr'>δυτικοῖς</span> <span class='ocrx_word' id='word_1_318' title='bbox 2616 1142 2893 1211; x_wconf 78' lang='grc' dir='ltr'>ὲξόριστος</span> <span class='ocrx_word' id='word_1_319' title='bbox 2914 1134 3005 1209; x_wconf 79' lang='grc' dir='ltr'><strong>ἦν,</strong></span> <span class='ocrx_word' id='word_1_320' title='bbox 3041 1141 3107 1212; x_wconf 15' lang='grc' dir='ltr'><strong>ὲν.</strong></span> <span class='ocrx_word' id='word_1_321' title='bbox 3130 1141 3196 1209; x_wconf 81' lang='grc' dir='ltr'><strong>τῇ</strong></span> <span class='ocrx_word' id='word_1_322' title='bbox 3229 1137 3449 1195; x_wconf 72' lang='grc' dir='ltr'>ἐκθέσει</span> <span class='ocrx_word' id='word_1_323' title='bbox 3478 1138 3580 1207; x_wconf 80' lang='grc' dir='ltr'><em>τῆς</em></span> <span class='ocrx_word' id='word_1_324' title='bbox 3611 1137 3707 1189; x_wconf 74' lang='grc' dir='ltr'><strong>πί-</strong></span> 
     </span>
    </p>
   </div>
   <div class='ocr_carea' id='block_1_41' title="bbox 2128 1228 3705 1306">
    <p class='ocr_par' dir='ltr' id='par_1_41' title="bbox 2128 1228 3705 1306">
     <span class='ocr_line' id='line_1_41' title="bbox 2128 1228 3705 1306; baseline -0.004 -18"><span class='ocrx_word' id='word_1_325' title='bbox 2128 1253 2328 1299; x_wconf 79' lang='grc' dir='ltr'><em>στεως,</em></span> <span class='ocrx_word' id='word_1_326' title='bbox 2380 1237 2444 1306; x_wconf 75' lang='grc' dir='ltr'>ἢν</span> <span class='ocrx_word' id='word_1_327' title='bbox 2472 1237 2584 1297; x_wconf 84' lang='grc' dir='ltr'><em>τοῖς</em></span> <span class='ocrx_word' id='word_1_328' title='bbox 2612 1235 2920 1296; x_wconf 86' lang='grc' dir='ltr'>Λατινικοῖς</span> <span class='ocrx_word' id='word_1_329' title='bbox 2952 1234 3161 1302; x_wconf 74' lang='grc' dir='ltr'>ῥήμασι</span> <span class='ocrx_word' id='word_1_330' title='bbox 3190 1231 3515 1302; x_wconf 76' lang='grc' dir='ltr'>διεσάφησεν</span> <span class='ocrx_word' id='word_1_331' title='bbox 3535 1270 3551 1293; x_wconf 87' lang='grc'><strong>,</strong></span> <span class='ocrx_word' id='word_1_332' title='bbox 3606 1228 3705 1282; x_wconf 80' lang='grc' dir='ltr'>οῦ-</span> 
     </span>
    </p>
   </div>
   <div class='ocr_carea' id='block_1_42' title="bbox 2125 1319 3702 1397">
    <p class='ocr_par' dir='ltr' id='par_1_42' title="bbox 2125 1319 3702 1397">
     <span class='ocr_line' id='line_1_42' title="bbox 2125 1319 3702 1397; baseline -0.004 -17"><span class='ocrx_word' id='word_1_333' title='bbox 2125 1344 2234 1390; x_wconf 83' lang='grc' dir='ltr'><strong>τως</strong></span> <span class='ocrx_word' id='word_1_334' title='bbox 2284 1327 2410 1397; x_wconf 76' lang='grc' dir='ltr'><strong>ἔφη·</strong></span> <span class='ocrx_word' id='word_1_335' title='bbox 2457 1326 2511 1380; x_wconf 87' lang='lat'><strong><em>&#39;0</em></strong></span> <span class='ocrx_word' id='word_1_336' title='bbox 2560 1325 2767 1394; x_wconf 74' lang='grc' dir='ltr'><em>Πατὴρ</em></span> <span class='ocrx_word' id='word_1_337' title='bbox 2824 1324 2927 1378; x_wconf 74' lang='grc' dir='ltr'><strong>ἀπ’</strong></span> <span class='ocrx_word' id='word_1_338' title='bbox 2947 1322 3200 1387; x_wconf 80' lang='grc' dir='ltr'><em>οὐδενός</em></span> <span class='ocrx_word' id='word_1_339' title='bbox 3248 1322 3381 1377; x_wconf 86' lang='grc' dir='ltr'><strong>ἐστι</strong></span> <span class='ocrx_word' id='word_1_340' title='bbox 3427 1319 3702 1387; x_wconf 80' lang='grc' dir='ltr'><strong>ποιητὸς,</strong></span> 
     </span>
    </p>
   </div>
   <div class='ocr_carea' id='block_1_43' title="bbox 2127 1410 3704 1482">
    <p class='ocr_par' dir='ltr' id='par_1_43' title="bbox 2127 1410 3704 1482">
     <span class='ocr_line' id='line_1_43' title="bbox 2127 1410 3704 1482; baseline -0.004 -10"><span class='ocrx_word' id='word_1_341' title='bbox 2127 1419 2270 1472; x_wconf 80' lang='grc' dir='ltr'>οὔτε</span> <span class='ocrx_word' id='word_1_342' title='bbox 2316 1415 2559 1480; x_wconf 79' lang='grc' dir='ltr'>κτιστός</span> <span class='ocrx_word' id='word_1_343' title='bbox 2582 1454 2601 1480; x_wconf 83' lang='grc'><strong>,</strong></span> <span class='ocrx_word' id='word_1_344' title='bbox 2649 1416 2788 1469; x_wconf 85' lang='grc' dir='ltr'>οὔτε</span> <span class='ocrx_word' id='word_1_345' title='bbox 2831 1414 3140 1482; x_wconf 68' lang='grc' dir='ltr'><strong>τεννητός.</strong></span> <span class='ocrx_word' id='word_1_346' title='bbox 3184 1412 3246 1466; x_wconf 90' lang='grc' dir='ltr'><em>ὀ</em></span> <span class='ocrx_word' id='word_1_347' title='bbox 3282 1413 3416 1479; x_wconf 72' lang='grc' dir='ltr'><strong>Υἱὸς</strong></span> <span class='ocrx_word' id='word_1_348' title='bbox 3444 1410 3563 1465; x_wconf 66' lang='grc' dir='ltr'><strong>ἀπὸ</strong></span> <span class='ocrx_word' id='word_1_349' title='bbox 3592 1410 3704 1466; x_wconf 88' lang='grc' dir='ltr'>τοῦ</span> 
     </span>
    </p>
   </div>
   <div class='ocr_carea' id='block_1_44' title="bbox 2127 1501 3704 1575">
    <p class='ocr_par' dir='ltr' id='par_1_44' title="bbox 2127 1501 3704 1575">
     <span class='ocr_line' id='line_1_44' title="bbox 2127 1501 3704 1575; baseline -0.006 -12"><span class='ocrx_word' id='word_1_350' title='bbox 2127 1507 2358 1575; x_wconf 79' lang='grc' dir='ltr'><strong>Πατρός</strong></span> <span class='ocrx_word' id='word_1_351' title='bbox 2384 1508 2576 1574; x_wconf 80' lang='grc' dir='ltr'><em>μόνου</em></span> <span class='ocrx_word' id='word_1_352' title='bbox 2606 1504 2796 1570; x_wconf 70' lang='grc' dir='ltr'><strong>ἐστιν,</strong></span> <span class='ocrx_word' id='word_1_353' title='bbox 2818 1550 2823 1554; x_wconf 93' lang='grc'>.</span> <span class='ocrx_word' id='word_1_354' title='bbox 2847 1506 2921 1558; x_wconf 83' lang='grc' dir='ltr'><strong>οὺ</strong></span> <span class='ocrx_word' id='word_1_355' title='bbox 2953 1503 3221 1571; x_wconf 77' lang='grc' dir='ltr'><em>ποιητὸς,</em></span> <span class='ocrx_word' id='word_1_356' title='bbox 3268 1501 3413 1556; x_wconf 75' lang='grc' dir='ltr'><strong>οὐδὲ</strong></span> <span class='ocrx_word' id='word_1_357' title='bbox 3436 1501 3704 1567; x_wconf 82' lang='grc' dir='ltr'>κτιστὸς,</span> 
     </span>
    </p>
   </div>
   <div class='ocr_carea' id='block_1_45' title="bbox 2128 1591 3706 1665">
    <p class='ocr_par' dir='ltr' id='par_1_45' title="bbox 2128 1591 3706 1665">
     <span class='ocr_line' id='line_1_45' title="bbox 2128 1591 3706 1665; baseline -0.003 -13"><span class='ocrx_word' id='word_1_358' title='bbox 2128 1596 2292 1652; x_wconf 70' lang='grc' dir='ltr'><strong>ἀλλὰ</strong></span> <span class='ocrx_word' id='word_1_359' title='bbox 2318 1596 2627 1665; x_wconf 77' lang='grc' dir='ltr'><em>τεννητός.</em></span> <span class='ocrx_word' id='word_1_360' title='bbox 2690 1597 2757 1648; x_wconf 75' lang='grc' dir='ltr'><strong>Τὸ</strong></span> <span class='ocrx_word' id='word_1_361' title='bbox 2804 1593 3048 1663; x_wconf 79' lang='grc' dir='ltr'><strong>Πνεῦμα</strong></span> <span class='ocrx_word' id='word_1_362' title='bbox 3092 1594 3160 1647; x_wconf 83' lang='grc' dir='ltr'><strong>τὸ</strong></span> <span class='ocrx_word' id='word_1_363' title='bbox 3202 1593 3395 1663; x_wconf 72' lang='grc' dir='ltr'>ἅγιον,</span> <span class='ocrx_word' id='word_1_364' title='bbox 3443 1591 3562 1646; x_wconf 69' lang='grc' dir='ltr'><strong>ἀπὸ</strong></span> <span class='ocrx_word' id='word_1_365' title='bbox 3589 1591 3706 1647; x_wconf 83' lang='grc' dir='ltr'><strong>τοῦ</strong></span> 
     </span>
    </p>
   </div>
   <div class='ocr_carea' id='block_1_46' title="bbox 2130 1681 3703 1754">
    <p class='ocr_par' dir='ltr' id='par_1_46' title="bbox 2130 1681 3703 1754">
     <span class='ocr_line' id='line_1_46' title="bbox 2130 1681 3703 1754; baseline -0.004 -12"><span class='ocrx_word' id='word_1_366' title='bbox 2130 1686 2362 1754; x_wconf 74' lang='lat' dir='ltr'><strong>Hatpdc</strong></span> <span class='ocrx_word' id='word_1_367' title='bbox 2395 1685 2492 1739; x_wconf 77' lang='grc' dir='ltr'><strong>καὶ</strong></span> <span class='ocrx_word' id='word_1_368' title='bbox 2520 1683 2626 1739; x_wconf 75' lang='grc' dir='ltr'>τοῦ</span> <span class='ocrx_word' id='word_1_369' title='bbox 2662 1684 2820 1746; x_wconf 75' lang='grc' dir='ltr'>Υιοῦ.</span> <span class='ocrx_word' id='word_1_370' title='bbox 2854 1685 2926 1738; x_wconf 82' lang='grc' dir='ltr'><strong>οὐ</strong></span> <span class='ocrx_word' id='word_1_371' title='bbox 2950 1682 3222 1752; x_wconf 76' lang='grc' dir='ltr'><strong>ποιητὸν,</strong></span> <span class='ocrx_word' id='word_1_372' title='bbox 3256 1681 3401 1737; x_wconf 83' lang='grc' dir='ltr'><strong>οὐδὲ</strong></span> <span class='ocrx_word' id='word_1_373' title='bbox 3430 1683 3703 1749; x_wconf 80' lang='grc' dir='ltr'>κτιστὸν,</span> 
     </span>
    </p>
   </div>
   <div class='ocr_carea' id='block_1_47' title="bbox 2061 1748 3706 1850">
    <p class='ocr_par' dir='ltr' id='par_1_47' title="bbox 2061 1748 3706 1850">
     <span class='ocr_line' id='line_1_47' title="bbox 2061 1748 3706 1850; baseline -0.022 9"><span class='ocrx_word' id='word_1_374' title='bbox 2061 1748 2101 1801; x_wconf 69' lang='grc' dir='ltr'><strong><em>Β</em></strong></span> <span class='ocrx_word' id='word_1_375' title='bbox 2324 1748 2663 1848; x_wconf 61' lang='grc' dir='ltr'><strong>1Ὅνν¹1τὸνο1</strong></span> <span class='ocrx_word' id='word_1_376' title='bbox 2714 1775 2851 1830; x_wconf 61' lang='grc' dir='ltr'><strong>ἀλλ’</strong></span> <span class='ocrx_word' id='word_1_377' title='bbox 2875 1748 3263 1842; x_wconf 62' lang='grc' dir='ltr'><strong>ἐκπορέυτόν.</strong></span> <span class='ocrx_word' id='word_1_378' title='bbox 3319 1773 3433 1827; x_wconf 77' lang='grc' dir='ltr'><strong>Καὶ</strong></span> <span class='ocrx_word' id='word_1_379' title='bbox 3472 1774 3503 1826; x_wconf 82' lang='grc' dir='ltr'><strong>ὁ</strong></span> <span class='ocrx_word' id='word_1_380' title='bbox 3541 1748 3706 1837; x_wconf 59' lang='grc' dir='ltr'><em>αὐτὸς</em></span> 
     </span>
    </p>
   </div>
   <div class='ocr_carea' id='block_1_48' title="bbox 2128 1863 3707 1938">
    <p class='ocr_par' dir='ltr' id='par_1_48' title="bbox 2128 1863 3707 1938">
     <span class='ocr_line' id='line_1_48' title="bbox 2128 1863 3707 1938; baseline -0.004 -16"><span class='ocrx_word' id='word_1_381' title='bbox 2128 1868 2283 1938; x_wconf 70' lang='grc' dir='ltr'>ἅγιος</span> <span class='ocrx_word' id='word_1_382' title='bbox 2310 1867 2646 1930; x_wconf 78' lang='grc' dir='ltr'>Ἀθανάσιος,</span> <span class='ocrx_word' id='word_1_383' title='bbox 2676 1867 2735 1918; x_wconf 75' lang='grc' dir='ltr'>ὲν</span> <span class='ocrx_word' id='word_1_384' title='bbox 2762 1867 2828 1936; x_wconf 76' lang='grc' dir='ltr'><strong>τῇ</strong></span> <span class='ocrx_word' id='word_1_385' title='bbox 2857 1863 3072 1918; x_wconf 74' lang='grc' dir='ltr'>ἐκθέσει</span> <span class='ocrx_word' id='word_1_386' title='bbox 3101 1864 3203 1933; x_wconf 80' lang='grc' dir='ltr'><em>τῆς</em></span> <span class='ocrx_word' id='word_1_387' title='bbox 3232 1866 3489 1929; x_wconf 80' lang='grc' dir='ltr'><strong>πίστεως,</strong></span> <span class='ocrx_word' id='word_1_388' title='bbox 3516 1864 3583 1935; x_wconf 76' lang='grc' dir='ltr'>ἢν</span> <span class='ocrx_word' id='word_1_389' title='bbox 3607 1865 3707 1935; x_wconf 77' lang='grc' dir='ltr'><strong>ῥή-</strong></span> 
     </span>
    </p>
   </div>
   <div class='ocr_carea' id='block_1_49' title="bbox 2132 1954 3702 2031">
    <p class='ocr_par' dir='ltr' id='par_1_49' title="bbox 2132 1954 3702 2031">
     <span class='ocr_line' id='line_1_49' title="bbox 2132 1954 3702 2031; baseline -0.004 -17"><span class='ocrx_word' id='word_1_390' title='bbox 2132 1977 2268 2031; x_wconf 87' lang='grc' dir='ltr'>μασι</span> <span class='ocrx_word' id='word_1_391' title='bbox 2313 1960 2571 2031; x_wconf 78' lang='grc' dir='ltr'>Γραικοῖς</span> <span class='ocrx_word' id='word_1_392' title='bbox 2619 1958 2950 2029; x_wconf 60' lang='grc' dir='ltr'><strong>ἐξηγήσατο,</strong></span> <span class='ocrx_word' id='word_1_393' title='bbox 3006 1956 3148 2013; x_wconf 79' lang='grc' dir='ltr'>κατὰ</span> <span class='ocrx_word' id='word_1_394' title='bbox 3181 1957 3334 2027; x_wconf 77' lang='grc' dir='ltr'>ῥῆμα</span> <span class='ocrx_word' id='word_1_395' title='bbox 3364 1956 3538 2019; x_wconf 74' lang='grc' dir='ltr'><em>οὕτως</em></span> <span class='ocrx_word' id='word_1_396' title='bbox 3563 1954 3702 2025; x_wconf 62' lang='grc' dir='ltr'><strong>ἔφη’</strong></span> 
     </span>
    </p>
   </div>
   <div class='ocr_carea' id='block_1_50' title="bbox 2134 2044 3707 2116">
    <p class='ocr_par' dir='ltr' id='par_1_50' title="bbox 2134 2044 3707 2116">
     <span class='ocr_line' id='line_1_50' title="bbox 2134 2044 3707 2116; baseline -0.005 -11"><span class='ocrx_word' id='word_1_397' title='bbox 2134 2050 2203 2105; x_wconf 88' lang='grc' dir='ltr'><strong><em>Τὸ</em></strong></span> <span class='ocrx_word' id='word_1_398' title='bbox 2228 2049 2471 2116; x_wconf 81' lang='grc' dir='ltr'><strong>Πνεῦμα</strong></span> <span class='ocrx_word' id='word_1_399' title='bbox 2495 2046 2564 2102; x_wconf 72' lang='grc' dir='ltr'><strong>δὲ</strong></span> <span class='ocrx_word' id='word_1_400' title='bbox 2592 2048 2655 2102; x_wconf 84' lang='grc' dir='ltr'><strong>τὸ</strong></span> <span class='ocrx_word' id='word_1_401' title='bbox 2680 2046 2851 2115; x_wconf 74' lang='grc' dir='ltr'>ἅγιον</span> <span class='ocrx_word' id='word_1_402' title='bbox 2897 2045 3238 2115; x_wconf 77' lang='grc' dir='ltr'><em>ἐκπόρευμα</em></span> <span class='ocrx_word' id='word_1_403' title='bbox 3255 2044 3329 2098; x_wconf 77' lang='grc' dir='ltr'><strong>ὃν</strong></span> <span class='ocrx_word' id='word_1_404' title='bbox 3348 2045 3454 2099; x_wconf 87' lang='grc' dir='ltr'>τοῦ</span> <span class='ocrx_word' id='word_1_405' title='bbox 3476 2045 3707 2114; x_wconf 81' lang='grc' dir='ltr'><em>Πατρός</em></span> 
     </span>
    </p>
   </div>
   <div class='ocr_carea' id='block_1_51' title="bbox 2129 2132 3702 2210">
    <p class='ocr_par' dir='ltr' id='par_1_51' title="bbox 2129 2132 3702 2210">
     <span class='ocr_line' id='line_1_51' title="bbox 2129 2132 3702 2210; baseline -0.001 -17"><span class='ocrx_word' id='word_1_406' title='bbox 2129 2141 2226 2195; x_wconf 74' lang='grc' dir='ltr'><em>καὶ</em></span> <span class='ocrx_word' id='word_1_407' title='bbox 2252 2140 2359 2195; x_wconf 87' lang='grc' dir='ltr'>τοῦ</span> <span class='ocrx_word' id='word_1_408' title='bbox 2380 2142 2668 2210; x_wconf 74' lang='grc' dir='ltr'><em>φέροντος</em></span> <span class='ocrx_word' id='word_1_409' title='bbox 2682 2138 2844 2201; x_wconf 74' lang='grc' dir='ltr'>Υῖοῦ,</span> <span class='ocrx_word' id='word_1_410' title='bbox 2871 2138 2945 2191; x_wconf 81' lang='grc' dir='ltr'><strong>δι’</strong></span> <span class='ocrx_word' id='word_1_411' title='bbox 2966 2132 3038 2193; x_wconf 82' lang='grc' dir='ltr'><strong>οὗ</strong></span> <span class='ocrx_word' id='word_1_412' title='bbox 3061 2136 3378 2205; x_wconf 72' lang='grc' dir='ltr'><strong>ἐπλήρωσε</strong></span> <span class='ocrx_word' id='word_1_413' title='bbox 3400 2136 3469 2191; x_wconf 84' lang='grc' dir='ltr'><strong>τὰ</strong></span> <span class='ocrx_word' id='word_1_414' title='bbox 3481 2135 3702 2192; x_wconf 78' lang='grc' dir='ltr'><em>πάντα.</em></span> 
     </span>
    </p>
   </div>
   <div class='ocr_carea' id='block_1_52' title="bbox 2133 2219 3707 2302">
    <p class='ocr_par' dir='ltr' id='par_1_52' title="bbox 2133 2219 3707 2302">
     <span class='ocr_line' id='line_1_52' title="bbox 2133 2219 3707 2302; baseline -0.004 -16"><span class='ocrx_word' id='word_1_415' title='bbox 2133 2233 2296 2287; x_wconf 86' lang='grc' dir='ltr'>Ὅθεν</span> <span class='ocrx_word' id='word_1_416' title='bbox 2345 2232 2439 2289; x_wconf 74' lang='grc' dir='ltr'>καὶ</span> <span class='ocrx_word' id='word_1_417' title='bbox 2485 2233 2515 2285; x_wconf 82' lang='grc'>6</span> <span class='ocrx_word' id='word_1_418' title='bbox 2561 2231 2832 2302; x_wconf 83' lang='grc' dir='ltr'>μακάριος</span> <span class='ocrx_word' id='word_1_419' title='bbox 2871 2228 3217 2300; x_wconf 84' lang='grc' dir='ltr'><strong>Γρηγόριος,</strong></span> <span class='ocrx_word' id='word_1_420' title='bbox 3279 2230 3429 2292; x_wconf 79' lang='grc' dir='ltr'>ὅστις</span> <span class='ocrx_word' id='word_1_421' title='bbox 3466 2219 3707 2292; x_wconf 46' lang='grc' dir='ltr'><strong>’δικαίως</strong></span> 
     </span>
    </p>
   </div>
   <div class='ocr_carea' id='block_1_53' title="bbox 2129 2319 3706 2394">
    <p class='ocr_par' dir='ltr' id='par_1_53' title="bbox 2129 2319 3706 2394">
     <span class='ocr_line' id='line_1_53' title="bbox 2129 2319 3706 2394; baseline -0.003 -18"><span class='ocrx_word' id='word_1_422' title='bbox 2129 2322 2556 2394; x_wconf 82' lang='grc' dir='ltr'>Θαυματουργδς</span> <span class='ocrx_word' id='word_1_423' title='bbox 2616 2321 2877 2389; x_wconf 84' lang='grc' dir='ltr'>λέγεται,</span> <span class='ocrx_word' id='word_1_424' title='bbox 2940 2320 3039 2390; x_wconf 80' lang='grc' dir='ltr'><em>τῆς</em></span> <span class='ocrx_word' id='word_1_425' title='bbox 3094 2319 3531 2390; x_wconf 79' lang='grc' dir='ltr'>Νεοκαισαρείας</span> <span class='ocrx_word' id='word_1_426' title='bbox 3586 2319 3706 2372; x_wconf 75' lang='grc' dir='ltr'><strong>ὲκε-</strong></span> 
     </span>
    </p>
   </div>
   <div class='ocr_carea' id='block_1_54' title="bbox 2132 2408 3702 2483">
    <p class='ocr_par' dir='ltr' id='par_1_54' title="bbox 2132 2408 3702 2483">
     <span class='ocr_line' id='line_1_54' title="bbox 2132 2408 3702 2483; baseline -0.003 -16"><span class='ocrx_word' id='word_1_427' title='bbox 2132 2431 2355 2478; x_wconf 74' lang='grc' dir='ltr'>σκοπος,</span> <span class='ocrx_word' id='word_1_428' title='bbox 2389 2414 2446 2465; x_wconf 77' lang='grc' dir='ltr'>ὲν</span> <span class='ocrx_word' id='word_1_429' title='bbox 2472 2415 2539 2483; x_wconf 75' lang='grc' dir='ltr'><strong>τῇ</strong></span> <span class='ocrx_word' id='word_1_430' title='bbox 2568 2411 2783 2466; x_wconf 68' lang='grc' dir='ltr'>ἐκθέσει</span> <span class='ocrx_word' id='word_1_431' title='bbox 2819 2410 2922 2480; x_wconf 84' lang='grc' dir='ltr'><em>τῆς</em></span> <span class='ocrx_word' id='word_1_432' title='bbox 2951 2410 3211 2475; x_wconf 82' lang='grc' dir='ltr'><em>πίστεως,</em></span> <span class='ocrx_word' id='word_1_433' title='bbox 3243 2412 3311 2482; x_wconf 77' lang='grc' dir='ltr'>ἣν</span> <span class='ocrx_word' id='word_1_434' title='bbox 3335 2410 3402 2463; x_wconf 82' lang='grc' dir='ltr'>δι’</span> <span class='ocrx_word' id='word_1_435' title='bbox 3423 2408 3702 2464; x_wconf 77' lang='grc' dir='ltr'>ἀποκαλύ-</span> 
     </span>
    </p>
   </div>
   <div class='ocr_carea' id='block_1_55' title="bbox 2129 2494 3693 2577">
    <p class='ocr_par' dir='ltr' id='par_1_55' title="bbox 2129 2494 3693 2577">
     <span class='ocr_line' id='line_1_55' title="bbox 2129 2494 3693 2577; baseline -0.006 -17"><span class='ocrx_word' id='word_1_436' title='bbox 2129 2506 2278 2577; x_wconf 76' lang='grc' dir='ltr'>ψεως</span> <span class='ocrx_word' id='word_1_437' title='bbox 2306 2505 2457 2575; x_wconf 80' lang='grc' dir='ltr'>παρὰ</span> <span class='ocrx_word' id='word_1_438' title='bbox 2481 2504 2577 2558; x_wconf 81' lang='grc' dir='ltr'>τοῦ</span> <span class='ocrx_word' id='word_1_439' title='bbox 2607 2501 2877 2574; x_wconf 82' lang='grc' dir='ltr'>μακαρίου</span> <span class='ocrx_word' id='word_1_440' title='bbox 2902 2494 3151 2568; x_wconf 79' lang='grc' dir='ltr'>Ἰωᾴννου</span> <span class='ocrx_word' id='word_1_441' title='bbox 3176 2500 3269 2554; x_wconf 81' lang='grc' dir='ltr'>τοῦ</span> <span class='ocrx_word' id='word_1_442' title='bbox 3292 2499 3693 2568; x_wconf 71' lang='grc' dir='ltr'><strong>εὐαγγελιστοῦ,</strong></span> 
     </span>
    </p>
   </div>
   <div class='ocr_carea' id='block_1_56' title="bbox 2132 2588 3693 2670">
    <p class='ocr_par' dir='ltr' id='par_1_56' title="bbox 2132 2588 3693 2670">
     <span class='ocr_line' id='line_1_56' title="bbox 2132 2588 3693 2670; baseline -0.006 -19"><span class='ocrx_word' id='word_1_443' title='bbox 2132 2595 2529 2670; x_wconf 79' lang='grc' dir='ltr'>μεσιτευούσης</span> <span class='ocrx_word' id='word_1_444' title='bbox 2580 2594 2684 2663; x_wconf 81' lang='grc' dir='ltr'><em>τῆς</em></span> <span class='ocrx_word' id='word_1_445' title='bbox 2730 2591 3144 2661; x_wconf 77' lang='grc' dir='ltr'>θεογεννητρίας</span> <span class='ocrx_word' id='word_1_446' title='bbox 3186 2591 3372 2659; x_wconf 76' lang='grc' dir='ltr'>ἔσχεν,</span> <span class='ocrx_word' id='word_1_447' title='bbox 3423 2588 3693 2659; x_wconf 79' lang='grc' dir='ltr'><strong>ἁριδήλως</strong></span> 
     </span>
    </p>
   </div>
   <div class='ocr_carea' id='block_1_57' title="bbox 2128 2676 3696 2756">
    <p class='ocr_par' dir='ltr' id='par_1_57' title="bbox 2128 2676 3696 2756">
     <span class='ocr_line' id='line_1_57' title="bbox 2128 2676 3696 2756; baseline -0.008 -13"><span class='ocrx_word' id='word_1_448' title='bbox 2128 2689 2302 2749; x_wconf 72' lang='grc' dir='ltr'><em>οὕτως</em></span> <span class='ocrx_word' id='word_1_449' title='bbox 2329 2687 2591 2756; x_wconf 78' lang='grc' dir='ltr'><strong>κέκραγε,</strong></span> <span class='ocrx_word' id='word_1_450' title='bbox 2613 2682 2808 2750; x_wconf 83' lang='grc' dir='ltr'>λέγων·</span> <span class='ocrx_word' id='word_1_451' title='bbox 2837 2676 2941 2746; x_wconf 84' lang='grc' dir='ltr'><strong>Εἷς</strong></span> <span class='ocrx_word' id='word_1_452' title='bbox 2967 2680 3126 2746; x_wconf 83' lang='grc' dir='ltr'><strong>Θεὸς,</strong></span> <span class='ocrx_word' id='word_1_453' title='bbox 3152 2678 3348 2745; x_wconf 85' lang='grc' dir='ltr'><em>Πατὴρ</em></span> <span class='ocrx_word' id='word_1_454' title='bbox 3371 2678 3477 2732; x_wconf 83' lang='grc' dir='ltr'>τοῦ</span> <span class='ocrx_word' id='word_1_455' title='bbox 3499 2679 3696 2746; x_wconf 79' lang='grc' dir='ltr'><em>Λόγου</em></span> 
     </span>
    </p>
   </div>
   <div class='ocr_carea' id='block_1_58' title="bbox 2128 2767 3707 2843">
    <p class='ocr_par' dir='ltr' id='par_1_58' title="bbox 2128 2767 3707 2843">
     <span class='ocr_line' id='line_1_58' title="bbox 2128 2767 3707 2843; baseline -0.008 -10"><span class='ocrx_word' id='word_1_456' title='bbox 2128 2780 2237 2833; x_wconf 84' lang='grc' dir='ltr'>τοῦ</span> <span class='ocrx_word' id='word_1_457' title='bbox 2275 2777 2489 2842; x_wconf 80' lang='grc' dir='ltr'><em>ζῶντος</em></span> <span class='ocrx_word' id='word_1_458' title='bbox 2512 2814 2527 2838; x_wconf 92' lang='grc'><strong>,</strong></span> <span class='ocrx_word' id='word_1_459' title='bbox 2583 2775 2807 2843; x_wconf 68' lang='grc' dir='ltr'><em>Σοφίας</em></span> <span class='ocrx_word' id='word_1_460' title='bbox 2854 2771 3211 2840; x_wconf 73' lang='grc' dir='ltr'>ὑφεστώσης</span> <span class='ocrx_word' id='word_1_461' title='bbox 3248 2770 3347 2823; x_wconf 77' lang='grc' dir='ltr'>καὶ</span> <span class='ocrx_word' id='word_1_462' title='bbox 3389 2767 3707 2838; x_wconf 83' lang='grc' dir='ltr'><strong>Δυνάμεως</strong></span> 
     </span>
    </p>
   </div>
   <div class='ocr_carea' id='block_1_59' title="bbox 2130 2860 3699 2935">
    <p class='ocr_par' dir='ltr' id='par_1_59' title="bbox 2130 2860 3699 2935">
     <span class='ocr_line' id='line_1_59' title="bbox 2130 2860 3699 2935; baseline -0.006 -12"><span class='ocrx_word' id='word_1_463' title='bbox 2130 2870 2226 2924; x_wconf 71' lang='grc' dir='ltr'><strong>καὶ</strong></span> <span class='ocrx_word' id='word_1_464' title='bbox 2261 2867 2643 2935; x_wconf 83' lang='grc' dir='ltr'><em>Χαρακτῆρος</em></span> <span class='ocrx_word' id='word_1_465' title='bbox 2672 2864 2935 2919; x_wconf 69' lang='grc' dir='ltr'><em>αἰωνίου·</em></span> <span class='ocrx_word' id='word_1_466' title='bbox 2972 2862 3203 2928; x_wconf 72' lang='grc' dir='ltr'>τέλειος</span> <span class='ocrx_word' id='word_1_467' title='bbox 3232 2862 3465 2914; x_wconf 65' lang='grc' dir='ltr'>τελείου</span> <span class='ocrx_word' id='word_1_468' title='bbox 3490 2860 3699 2930; x_wconf 79' lang='grc' dir='ltr'>γεννή-</span> 
     </span>
    </p>
   </div>
   <div class='ocr_carea' id='block_1_60' title="bbox 2131 2946 3704 3027">
    <p class='ocr_par' dir='ltr' id='par_1_60' title="bbox 2131 2946 3704 3027">
     <span class='ocr_line' id='line_1_60' title="bbox 2131 2946 3704 3027; baseline -0.008 -13"><span class='ocrx_word' id='word_1_469' title='bbox 2131 2976 2264 3027; x_wconf 82' lang='grc' dir='ltr'><strong>τωρ·</strong></span> <span class='ocrx_word' id='word_1_470' title='bbox 2303 2954 2505 3024; x_wconf 79' lang='grc' dir='ltr'><strong>Πατὴρ</strong></span> <span class='ocrx_word' id='word_1_471' title='bbox 2544 2954 2680 3011; x_wconf 82' lang='grc' dir='ltr'><strong>Υἱοῦ</strong></span> <span class='ocrx_word' id='word_1_472' title='bbox 2702 2950 3093 3022; x_wconf 78' lang='grc' dir='ltr'>μονογενοῦς.</span> <span class='ocrx_word' id='word_1_473' title='bbox 3126 2946 3229 3017; x_wconf 82' lang='grc' dir='ltr'><strong>Εἷς</strong></span> <span class='ocrx_word' id='word_1_474' title='bbox 3262 2952 3495 3018; x_wconf 80' lang='grc' dir='ltr'><strong>Κύριος.</strong></span> <span class='ocrx_word' id='word_1_475' title='bbox 3522 2952 3704 3018; x_wconf 84' lang='grc' dir='ltr'><em>μόνος</em></span> 
     </span>
    </p>
   </div>
   <div class='ocr_carea' id='block_1_61' title="bbox 454 3036 2026 3128">
    <p class='ocr_par' dir='ltr' id='par_1_61' title="bbox 454 3036 2026 3123">
     <span class='ocr_line' id='line_1_61' title="bbox 454 3036 2026 3123; baseline 0.015 -37"><span class='ocrx_word' id='word_1_476' title='bbox 454 3048 580 3087; x_wconf 82' lang='lat' dir='ltr'><strong>tuus</strong></span> <span class='ocrx_word' id='word_1_477' title='bbox 624 3036 927 3091; x_wconf 89' lang='lat' dir='ltr'><strong>secundum</strong></span> <span class='ocrx_word' id='word_1_478' title='bbox 975 3040 1336 3096; x_wconf 84' lang='lat' dir='ltr'><strong>substantiam</strong></span> <span class='ocrx_word' id='word_1_479' title='bbox 1392 3043 1511 3111; x_wconf 88' lang='lat' dir='ltr'><strong>(seu</strong></span> <span class='ocrx_word' id='word_1_480' title='bbox 1558 3050 1900 3123; x_wconf 89' lang='lat' dir='ltr'><strong>essentiam),</strong></span> <span class='ocrx_word' id='word_1_481' title='bbox 1930 3057 2026 3110; x_wconf 85' lang='lat' dir='ltr'><strong>sed</strong></span> 
     </span>
    </p>
   </div>
   <div class='ocr_carea' id='block_1_62' title="bbox 2125 3036 3708 3128">
    <p class='ocr_par' dir='ltr' id='par_1_62' title="bbox 2129 3039 3708 3120">
     <span class='ocr_line' id='line_1_62' title="bbox 2129 3039 3708 3120; baseline -0.008 -15"><span class='ocrx_word' id='word_1_482' title='bbox 2129 3053 2197 3104; x_wconf 84' lang='grc' dir='ltr'>ἐκ</span> <span class='ocrx_word' id='word_1_483' title='bbox 2218 3052 2431 3120; x_wconf 85' lang='grc' dir='ltr'><em>μόνου,</em></span> <span class='ocrx_word' id='word_1_484' title='bbox 2470 3047 2616 3112; x_wconf 82' lang='grc' dir='ltr'><em>Θεὸς</em></span> <span class='ocrx_word' id='word_1_485' title='bbox 2643 3045 2711 3099; x_wconf 81' lang='grc' dir='ltr'>ἐκ</span> <span class='ocrx_word' id='word_1_486' title='bbox 2738 3044 2905 3107; x_wconf 83' lang='grc' dir='ltr'>Θεοῦ,</span> <span class='ocrx_word' id='word_1_487' title='bbox 2938 3042 3245 3113; x_wconf 76' lang='grc' dir='ltr'><strong>χαρακτὴρ</strong></span> <span class='ocrx_word' id='word_1_488' title='bbox 3274 3044 3371 3096; x_wconf 73' lang='grc' dir='ltr'><strong>καὶ</strong></span> <span class='ocrx_word' id='word_1_489' title='bbox 3399 3040 3573 3096; x_wconf 73' lang='grc' dir='ltr'>εἰκὼν</span> <span class='ocrx_word' id='word_1_490' title='bbox 3597 3039 3708 3108; x_wconf 82' lang='grc' dir='ltr'><em>τῆς</em></span> 
     </span>
    </p>
   </div>
   <div class='ocr_carea' id='block_1_63' title="bbox 454 3124 1535 3202">
    <p class='ocr_par' dir='ltr' id='par_1_63' title="bbox 454 3124 1535 3202">
     <span class='ocr_line' id='line_1_63' title="bbox 454 3124 1535 3202; baseline 0.014 -27"><span class='ocrx_word' id='word_1_491' title='bbox 454 3124 752 3178; x_wconf 84' lang='lat' dir='ltr'><strong>secundum</strong></span> <span class='ocrx_word' id='word_1_492' title='bbox 782 3126 1098 3196; x_wconf 80' lang='lat' dir='ltr'><strong>bypostasiu</strong></span> <span class='ocrx_word' id='word_1_493' title='bbox 1128 3147 1192 3185; x_wconf 91' lang='lat' dir='ltr'><strong>ac</strong></span> <span class='ocrx_word' id='word_1_494' title='bbox 1226 3148 1535 3202; x_wconf 90' lang='lat' dir='ltr'><strong>personam.</strong></span> 
     </span>
    </p>
   </div>
   <div class='ocr_carea' id='block_1_64' title="bbox 2130 3132 3707 3206">
    <p class='ocr_par' dir='ltr' id='par_1_64' title="bbox 2130 3132 3707 3206">
     <span class='ocr_line' id='line_1_64' title="bbox 2130 3132 3707 3206; baseline -0.008 -10"><span class='ocrx_word' id='word_1_495' title='bbox 2130 3144 2446 3206; x_wconf 84' lang='grc' dir='ltr'><strong>θεότητος,</strong></span> <span class='ocrx_word' id='word_1_496' title='bbox 2501 3138 2691 3206; x_wconf 79' lang='grc' dir='ltr'><em>Λόγος</em></span> <span class='ocrx_word' id='word_1_497' title='bbox 2737 3134 3018 3204; x_wconf 79' lang='grc' dir='ltr'><strong>ἐνεργὴς,</strong></span> <span class='ocrx_word' id='word_1_498' title='bbox 3073 3134 3167 3185; x_wconf 74' lang='grc' dir='ltr'>καὶ</span> <span class='ocrx_word' id='word_1_499' title='bbox 3223 3133 3292 3186; x_wconf 80' lang='grc' dir='ltr'>τὰ</span> <span class='ocrx_word' id='word_1_500' title='bbox 3338 3132 3520 3185; x_wconf 82' lang='grc' dir='ltr'>λοιπά.</span> <span class='ocrx_word' id='word_1_501' title='bbox 3560 3133 3623 3185; x_wconf 83' lang='grc'><strong>⁸0</strong></span> <span class='ocrx_word' id='word_1_502' title='bbox 3650 3132 3707 3184; x_wconf 75' lang='grc' dir='ltr'><strong>δὲ</strong></span> 
     </span>
    </p>
   </div>
   <div class='ocr_carea' id='block_1_65' title="bbox 455 3215 3708 3304">
    <p class='ocr_par' dir='ltr' id='par_1_65' title="bbox 455 3215 3708 3304">
     <span class='ocr_line' id='line_1_65' title="bbox 455 3215 3708 3304; baseline 0.004 -40"><span class='ocrx_word' id='word_1_503' title='bbox 455 3215 582 3282; x_wconf 76' lang='grc' dir='ltr'>περὶ</span> <span class='ocrx_word' id='word_1_504' title='bbox 633 3215 725 3268; x_wconf 87' lang='grc' dir='ltr'>τοῦ</span> <span class='ocrx_word' id='word_1_505' title='bbox 759 3217 887 3270; x_wconf 78' lang='grc' dir='ltr'>Υὶοῦ</span> <span class='ocrx_word' id='word_1_506' title='bbox 932 3219 1106 3273; x_wconf 77' lang='grc' dir='ltr'>λαλῶν</span> <span class='ocrx_word' id='word_1_507' title='bbox 1148 3221 1327 3291; x_wconf 87' lang='grc' dir='ltr'>λέγει,</span> <span class='ocrx_word' id='word_1_508' title='bbox 1387 3228 1468 3279; x_wconf 83' lang='grc' dir='ltr'><strong>ὅτι</strong></span> <span class='ocrx_word' id='word_1_509' title='bbox 1508 3229 1697 3296; x_wconf 80' lang='grc' dir='ltr'><em>μόνος</em></span> <span class='ocrx_word' id='word_1_510' title='bbox 1755 3234 1824 3288; x_wconf 78' lang='grc' dir='ltr'>ἐκ</span> <span class='ocrx_word' id='word_1_511' title='bbox 1850 3237 2064 3304; x_wconf 81' lang='grc' dir='ltr'><em>μόνου,</em></span> <span class='ocrx_word' id='word_1_512' title='bbox 2104 3234 2224 3304; x_wconf 78' lang='grc' dir='ltr'><strong>οὐχὶ</strong></span> <span class='ocrx_word' id='word_1_513' title='bbox 2261 3232 2440 3287; x_wconf 79' lang='grc' dir='ltr'>τοίνυν</span> <span class='ocrx_word' id='word_1_514' title='bbox 2485 3228 2547 3282; x_wconf 79' lang='grc' dir='ltr'><strong>τὸ</strong></span> <span class='ocrx_word' id='word_1_515' title='bbox 2590 3226 2835 3303; x_wconf 77' lang='grc' dir='ltr'><strong>Πνεῦμα⁸</strong></span> <span class='ocrx_word' id='word_1_516' title='bbox 2878 3225 2939 3278; x_wconf 83' lang='grc' dir='ltr'><strong>τδ</strong></span> <span class='ocrx_word' id='word_1_517' title='bbox 2971 3225 3123 3292; x_wconf 76' lang='grc' dir='ltr'>ἅγιον</span> <span class='ocrx_word' id='word_1_518' title='bbox 3167 3226 3232 3277; x_wconf 77' lang='grc' dir='ltr'>ἐκ</span> <span class='ocrx_word' id='word_1_519' title='bbox 3265 3224 3428 3295; x_wconf 84' lang='grc' dir='ltr'><em>μόνου</em></span> <span class='ocrx_word' id='word_1_520' title='bbox 3453 3240 3467 3254; x_wconf 80' lang='grc'><em>’</em></span> <span class='ocrx_word' id='word_1_521' title='bbox 3521 3224 3586 3276; x_wconf 82' lang='grc' dir='ltr'>ὲκ</span> <span class='ocrx_word' id='word_1_522' title='bbox 3611 3221 3708 3276; x_wconf 82' lang='grc' dir='ltr'>τοῦ</span> 
     </span>
    </p>
   </div>
   <div class='ocr_carea' id='block_1_66' title="bbox 453 3302 3710 3392">
    <p class='ocr_par' dir='ltr' id='par_1_66' title="bbox 453 3302 3710 3392">
     <span class='ocr_line' id='line_1_66' title="bbox 453 3302 3710 3392; baseline -0.002 -17"><span class='ocrx_word' id='word_1_523' title='bbox 453 3302 663 3375; x_wconf 54' lang='lat' dir='ltr'><strong>&quot;arpi:</strong></span> <span class='ocrx_word' id='word_1_524' title='bbox 709 3309 903 3362; x_wconf 75' lang='grc' dir='ltr'><strong>οὖκοῦν</strong></span> <span class='ocrx_word' id='word_1_525' title='bbox 953 3312 1043 3363; x_wconf 76' lang='grc' dir='ltr'>καὶ</span> <span class='ocrx_word' id='word_1_526' title='bbox 1084 3313 1243 3366; x_wconf 79' lang='grc' dir='ltr'>ἄλλου</span> <span class='ocrx_word' id='word_1_527' title='bbox 1262 3355 1277 3374; x_wconf 82' lang='grc'><strong>,</strong></span> <span class='ocrx_word' id='word_1_528' title='bbox 1328 3318 1515 3389; x_wconf 75' lang='grc' dir='ltr'>ἐπειδὴ</span> <span class='ocrx_word' id='word_1_529' title='bbox 1549 3321 1695 3376; x_wconf 77' lang='grc' dir='ltr'>ἐστιν</span> <span class='ocrx_word' id='word_1_530' title='bbox 1726 3302 2022 3390; x_wconf 71' lang='grc' dir='ltr'>ἀπότινος.</span> <span class='ocrx_word' id='word_1_531' title='bbox 2065 3302 2234 3380; x_wconf 75' lang='grc' dir='ltr'>Ὅταν</span> <span class='ocrx_word' id='word_1_532' title='bbox 2257 3324 2313 3377; x_wconf 80' lang='grc' dir='ltr'><strong>δὲ</strong></span> <span class='ocrx_word' id='word_1_533' title='bbox 2340 3322 2609 3392; x_wconf 83' lang='grc' dir='ltr'>λέγωμεν,</span> <span class='ocrx_word' id='word_1_534' title='bbox 2637 3321 2706 3372; x_wconf 81' lang='grc' dir='ltr'>ἐκ</span> <span class='ocrx_word' id='word_1_535' title='bbox 2734 3317 2837 3372; x_wconf 90' lang='grc' dir='ltr'><strong>τοῦ</strong></span> <span class='ocrx_word' id='word_1_536' title='bbox 2899 3317 3128 3385; x_wconf 65' lang='lat' dir='ltr'><strong>Har-pec</strong></span> <span class='ocrx_word' id='word_1_537' title='bbox 3154 3315 3253 3369; x_wconf 76' lang='grc' dir='ltr'><strong>καὶ</strong></span> <span class='ocrx_word' id='word_1_538' title='bbox 3308 3314 3522 3380; x_wconf 76' lang='grc' dir='ltr'><em>ἄλλον,</em></span> <span class='ocrx_word' id='word_1_539' title='bbox 3546 3314 3607 3368; x_wconf 82' lang='grc' dir='ltr'><strong>οὒ</strong></span> <span class='ocrx_word' id='word_1_540' title='bbox 3628 3313 3710 3368; x_wconf 81' lang='grc' dir='ltr'>λέ-</span> 
     </span>
    </p>
   </div>
   <div class='ocr_carea' id='block_1_67' title="bbox 452 3399 2229 3489">
    <p class='ocr_par' dir='ltr' id='par_1_67' title="bbox 452 3399 2229 3489">
     <span class='ocr_line' id='line_1_67' title="bbox 452 3399 2229 3489; baseline 0.015 -41"><span class='ocrx_word' id='word_1_541' title='bbox 452 3413 621 3489; x_wconf 82' lang='grc' dir='ltr'>γομεν</span> <span class='ocrx_word' id='word_1_542' title='bbox 654 3399 711 3464; x_wconf 77' lang='grc' dir='ltr'><strong>ἐξ</strong></span> <span class='ocrx_word' id='word_1_543' title='bbox 739 3399 896 3453; x_wconf 76' lang='grc' dir='ltr'>ἄλλου</span> <span class='ocrx_word' id='word_1_544' title='bbox 934 3403 1073 3455; x_wconf 79' lang='grc' dir='ltr'>κατὰ</span> <span class='ocrx_word' id='word_1_545' title='bbox 1099 3405 1195 3475; x_wconf 81' lang='grc' dir='ltr'><strong>τὴν</strong></span> <span class='ocrx_word' id='word_1_546' title='bbox 1222 3407 1433 3474; x_wconf 76' lang='grc' dir='ltr'>οὐσίαν,</span> <span class='ocrx_word' id='word_1_547' title='bbox 1461 3412 1595 3466; x_wconf 78' lang='grc' dir='ltr'><strong>ἀλλὰ</strong></span> <span class='ocrx_word' id='word_1_548' title='bbox 1627 3416 1765 3470; x_wconf 79' lang='grc' dir='ltr'>κατὰ</span> <span class='ocrx_word' id='word_1_549' title='bbox 1791 3420 1885 3489; x_wconf 80' lang='grc' dir='ltr'><strong>τὴν</strong></span> <span class='ocrx_word' id='word_1_550' title='bbox 1908 3421 2229 3475; x_wconf 78' lang='grc' dir='ltr'><strong>ὑπόστασιν.</strong></span> 
     </span>
    </p>
   </div>
   <div class='ocr_carea' id='block_1_68' title="bbox 521 3488 2028 3569">
    <p class='ocr_par' dir='ltr' id='par_1_68' title="bbox 521 3488 2028 3569">
     <span class='ocr_line' id='line_1_68' title="bbox 521 3488 2028 3569; baseline 0.018 -26"><span class='ocrx_word' id='word_1_551' title='bbox 521 3488 675 3556; x_wconf 91' lang='lat' dir='ltr'><strong>Quod</strong></span> <span class='ocrx_word' id='word_1_552' title='bbox 711 3502 892 3549; x_wconf 88' lang='lat' dir='ltr'><strong>autem</strong></span> <span class='ocrx_word' id='word_1_553' title='bbox 928 3495 1167 3566; x_wconf 88' lang='lat' dir='ltr'><strong>Spiritus</strong></span> <span class='ocrx_word' id='word_1_554' title='bbox 1199 3513 1423 3559; x_wconf 89' lang='lat' dir='ltr'><strong>sanctus</strong></span> <span class='ocrx_word' id='word_1_555' title='bbox 1451 3522 1518 3561; x_wconf 80' lang='lat' dir='ltr'><strong>ex</strong></span> <span class='ocrx_word' id='word_1_556' title='bbox 1548 3509 1687 3564; x_wconf 86' lang='lat' dir='ltr'><strong>Filio</strong></span> <span class='ocrx_word' id='word_1_557' title='bbox 1719 3512 1792 3567; x_wconf 88' lang='lat' dir='ltr'><strong>sit</strong></span> <span class='ocrx_word' id='word_1_558' title='bbox 1830 3488 2028 3569; x_wconf 85' lang='lat' dir='ltr'><strong>imme-</strong></span> 
     </span>
    </p>
   </div>
   <div class='ocr_carea' id='block_1_69' title="bbox 373 3577 2031 3659">
    <p class='ocr_par' dir='ltr' id='par_1_69' title="bbox 373 3577 2031 3659">
     <span class='ocr_line' id='line_1_69' title="bbox 373 3577 2031 3659; baseline 0.018 -31"><span class='ocrx_word' id='word_1_559' title='bbox 373 3601 380 3609; x_wconf 84' lang='lat'><strong><em>~</em></strong></span> <span class='ocrx_word' id='word_1_560' title='bbox 451 3577 618 3642; x_wconf 89' lang='lat' dir='ltr'><strong>diate,</strong></span> <span class='ocrx_word' id='word_1_561' title='bbox 641 3595 706 3633; x_wconf 83' lang='lat' dir='ltr'><strong>ex</strong></span> <span class='ocrx_word' id='word_1_562' title='bbox 729 3581 890 3637; x_wconf 86' lang='lat' dir='ltr'><strong>Patre</strong></span> <span class='ocrx_word' id='word_1_563' title='bbox 922 3600 1052 3639; x_wconf 81' lang='lat' dir='ltr'><strong>vero</strong></span> <span class='ocrx_word' id='word_1_564' title='bbox 1079 3589 1355 3647; x_wconf 85' lang='lat' dir='ltr'><strong>mediante</strong></span> <span class='ocrx_word' id='word_1_565' title='bbox 1385 3593 1543 3659; x_wconf 87' lang='lat' dir='ltr'><strong>Filio,</strong></span> <span class='ocrx_word' id='word_1_566' title='bbox 1575 3604 1807 3654; x_wconf 81' lang='lat' dir='ltr'><strong>testatur</strong></span> <span class='ocrx_word' id='word_1_567' title='bbox 1836 3601 2031 3658; x_wconf 87' lang='lat' dir='ltr'><strong>beatus</strong></span> 
     </span>
    </p>
   </div>
   <div class='ocr_carea' id='block_1_70' title="bbox 451 3666 2030 3755">
    <p class='ocr_par' dir='ltr' id='par_1_70' title="bbox 451 3666 2030 3755">
     <span class='ocr_line' id='line_1_70' title="bbox 451 3666 2030 3755; baseline 0.018 -37"><span class='ocrx_word' id='word_1_568' title='bbox 451 3666 747 3736; x_wconf 78' lang='lat' dir='ltr'><strong>Gregorius</strong></span> <span class='ocrx_word' id='word_1_569' title='bbox 773 3671 1070 3740; x_wconf 87' lang='lat' dir='ltr'><strong>Nyssenus,</strong></span> <span class='ocrx_word' id='word_1_570' title='bbox 1109 3678 1182 3732; x_wconf 89' lang='lat' dir='ltr'><strong>ita</strong></span> <span class='ocrx_word' id='word_1_571' title='bbox 1221 3679 1449 3737; x_wconf 88' lang='lat' dir='ltr'><strong>dicens:</strong></span> <span class='ocrx_word' id='word_1_572' title='bbox 1478 3683 1775 3755; x_wconf 80' lang='lat' dir='ltr'><strong>Perfectam</strong></span> <span class='ocrx_word' id='word_1_573' title='bbox 1817 3668 2030 3746; x_wconf 72' lang='lat' dir='ltr'><strong>natura:</strong></span> 
     </span>
    </p>
   </div>
   <div class='ocr_carea' id='block_1_71' title="bbox 452 3756 2029 3845">
    <p class='ocr_par' dir='ltr' id='par_1_71' title="bbox 452 3756 2029 3845">
     <span class='ocr_line' id='line_1_71' title="bbox 452 3756 2029 3845; baseline 0.018 -37"><span class='ocrx_word' id='word_1_574' title='bbox 452 3756 708 3828; x_wconf 83' lang='lat' dir='ltr'><strong>nullaque</strong></span> <span class='ocrx_word' id='word_1_575' title='bbox 744 3765 1066 3820; x_wconf 84' lang='lat' dir='ltr'><strong>evariatione</strong></span> <span class='ocrx_word' id='word_1_576' title='bbox 1109 3770 1506 3827; x_wconf 75' lang='lat' dir='ltr'><strong>similitudinem</strong></span> <span class='ocrx_word' id='word_1_577' title='bbox 1544 3777 1869 3845; x_wconf 79' lang='lat' dir='ltr'><strong>conﬁtentes,</strong></span> <span class='ocrx_word' id='word_1_578' title='bbox 1918 3782 2029 3836; x_wconf 79' lang='lat' dir='ltr'><strong>dis-</strong></span> 
     </span>
    </p>
   </div>
   <div class='ocr_carea' id='block_1_72' title="bbox 452 3846 2027 3937">
    <p class='ocr_par' dir='ltr' id='par_1_72' title="bbox 452 3846 2027 3937">
     <span class='ocr_line' id='line_1_72' title="bbox 452 3846 2027 3937; baseline 0.019 -41"><span class='ocrx_word' id='word_1_579' title='bbox 452 3846 755 3902; x_wconf 82' lang='lat' dir='ltr'><strong>tinctionem</strong></span> <span class='ocrx_word' id='word_1_580' title='bbox 785 3866 899 3916; x_wconf 69' lang='lat' dir='ltr'><strong>qum</strong></span> <span class='ocrx_word' id='word_1_581' title='bbox 934 3861 1009 3907; x_wconf 86' lang='lat' dir='ltr'><strong>est</strong></span> <span class='ocrx_word' id='word_1_582' title='bbox 1035 3872 1192 3925; x_wconf 87' lang='lat' dir='ltr'><strong>penes</strong></span> <span class='ocrx_word' id='word_1_583' title='bbox 1221 3877 1469 3927; x_wconf 82' lang='lat' dir='ltr'><strong>causam,</strong></span> <span class='ocrx_word' id='word_1_584' title='bbox 1514 3874 1563 3918; x_wconf 88' lang='lat' dir='ltr'><strong>et</strong></span> <span class='ocrx_word' id='word_1_585' title='bbox 1597 3868 1736 3937; x_wconf 85' lang='lat' dir='ltr'><strong>quod</strong></span> <span class='ocrx_word' id='word_1_586' title='bbox 1761 3885 1825 3922; x_wconf 77' lang='lat' dir='ltr'><strong>ea:</strong></span> <span class='ocrx_word' id='word_1_587' title='bbox 1862 3887 2027 3937; x_wconf 82' lang='lat' dir='ltr'><strong>causa</strong></span> 
     </span>
    </p>
   </div>
   <div class='ocr_carea' id='block_1_73' title="bbox 451 3940 2026 4027">
    <p class='ocr_par' dir='ltr' id='par_1_73' title="bbox 451 3940 2026 4027">
     <span class='ocr_line' id='line_1_73' title="bbox 451 3940 2026 4027; baseline 0.018 -41"><span class='ocrx_word' id='word_1_588' title='bbox 451 3942 547 4027; x_wconf 77' lang='lat' dir='ltr'><strong>est,</strong></span> <span class='ocrx_word' id='word_1_589' title='bbox 588 3952 692 4027; x_wconf 81' lang='lat' dir='ltr'><strong>non</strong></span> <span class='ocrx_word' id='word_1_590' title='bbox 736 3940 1043 4008; x_wconf 71' lang='lat' dir='ltr'><strong>inﬁtiamur</strong></span> <span class='ocrx_word' id='word_1_591' title='bbox 1068 3962 1086 4000; x_wconf 91' lang='lat'><strong><em>:</em></strong></span> <span class='ocrx_word' id='word_1_592' title='bbox 1115 3949 1171 4001; x_wconf 87' lang='lat' dir='ltr'><strong>in</strong></span> <span class='ocrx_word' id='word_1_593' title='bbox 1203 3966 1305 4019; x_wconf 87' lang='lat' dir='ltr'><strong>quo</strong></span> <span class='ocrx_word' id='word_1_594' title='bbox 1329 3953 1441 4006; x_wconf 85' lang='lat' dir='ltr'><strong>solo</strong></span> <span class='ocrx_word' id='word_1_595' title='bbox 1473 3955 1725 4027; x_wconf 83' lang='lat' dir='ltr'><strong>distingui</strong></span> <span class='ocrx_word' id='word_1_596' title='bbox 1774 3977 1938 4013; x_wconf 85' lang='lat' dir='ltr'><strong>unum</strong></span> <span class='ocrx_word' id='word_1_597' title='bbox 1961 3962 2026 4015; x_wconf 85' lang='lat' dir='ltr'><strong>ab</strong></span> 
     </span>
    </p>
   </div>
   <div class='ocr_carea' id='block_1_74' title="bbox 447 4022 2028 4107">
    <p class='ocr_par' dir='ltr' id='par_1_74' title="bbox 447 4022 2028 4107">
     <span class='ocr_line' id='line_1_74' title="bbox 447 4022 2028 4107; baseline 0.019 -30"><span class='ocrx_word' id='word_1_598' title='bbox 447 4022 561 4078; x_wconf 80' lang='lat' dir='ltr'><strong>alio</strong></span> <span class='ocrx_word' id='word_1_599' title='bbox 586 4024 963 4099; x_wconf 80' lang='lat' dir='ltr'><strong>intelligimus;</strong></span> <span class='ocrx_word' id='word_1_600' title='bbox 990 4039 1130 4105; x_wconf 84' lang='lat' dir='ltr'><strong>quod</strong></span> <span class='ocrx_word' id='word_1_601' title='bbox 1152 4055 1315 4094; x_wconf 88' lang='lat' dir='ltr'><strong>unum</strong></span> <span class='ocrx_word' id='word_1_602' title='bbox 1357 4059 1575 4099; x_wconf 87' lang='lat' dir='ltr'><strong>causam</strong></span> <span class='ocrx_word' id='word_1_603' title='bbox 1607 4048 1880 4104; x_wconf 85' lang='lat' dir='ltr'><strong>credamus</strong></span> <span class='ocrx_word' id='word_1_604' title='bbox 1920 4068 2028 4107; x_wconf 84' lang='lat' dir='ltr'><strong>esse</strong></span> 
     </span>
    </p>
   </div>
   <div class='ocr_carea' id='block_1_75' title="bbox 446 4122 2023 4214">
    <p class='ocr_par' dir='ltr' id='par_1_75' title="bbox 446 4122 2023 4214">
     <span class='ocr_line' id='line_1_75' title="bbox 446 4122 2023 4214; baseline 0.02 -46"><span class='ocrx_word' id='word_1_605' title='bbox 446 4126 571 4214; x_wconf 48' lang='lat' dir='ltr'><strong>ﬁcu</strong></span> <span class='ocrx_word' id='word_1_606' title='bbox 586 4122 911 4192; x_wconf 90' lang='lat' dir='ltr'><strong>auctorem),</strong></span> <span class='ocrx_word' id='word_1_607' title='bbox 931 4125 1160 4181; x_wconf 83' lang='lat' dir='ltr'><strong>alterum</strong></span> <span class='ocrx_word' id='word_1_608' title='bbox 1189 4147 1310 4185; x_wconf 85' lang='lat' dir='ltr'><strong>vero</strong></span> <span class='ocrx_word' id='word_1_609' title='bbox 1341 4150 1406 4188; x_wconf 70' lang='lat' dir='ltr'><strong>ex</strong></span> <span class='ocrx_word' id='word_1_610' title='bbox 1421 4153 1582 4191; x_wconf 84' lang='lat' dir='ltr'><strong>causa</strong></span> <span class='ocrx_word' id='word_1_611' title='bbox 1606 4138 1724 4208; x_wconf 89' lang='lat' dir='ltr'><strong>(seu</strong></span> <span class='ocrx_word' id='word_1_612' title='bbox 1755 4143 2023 4214; x_wconf 89' lang='lat' dir='ltr'><strong>auctore).</strong></span> 
     </span>
    </p>
   </div>
   <div class='ocr_carea' id='block_1_76' title="bbox 446 4207 2022 4300">
    <p class='ocr_par' dir='ltr' id='par_1_76' title="bbox 446 4207 2022 4300">
     <span class='ocr_line' id='line_1_76' title="bbox 446 4207 2022 4300; baseline 0.019 -40"><span class='ocrx_word' id='word_1_613' title='bbox 446 4207 729 4300; x_wconf 76' lang='lat' dir='ltr'><strong>Ejusitem</strong></span> <span class='ocrx_word' id='word_1_614' title='bbox 762 4216 906 4282; x_wconf 91' lang='lat' dir='ltr'><strong>quod</strong></span> <span class='ocrx_word' id='word_1_615' title='bbox 930 4232 998 4271; x_wconf 79' lang='lat' dir='ltr'><strong>ex</strong></span> <span class='ocrx_word' id='word_1_616' title='bbox 1030 4234 1193 4275; x_wconf 88' lang='lat' dir='ltr'><strong>causa</strong></span> <span class='ocrx_word' id='word_1_617' title='bbox 1223 4230 1308 4278; x_wconf 92' lang='lat' dir='ltr'><strong>est</strong></span> <span class='ocrx_word' id='word_1_618' title='bbox 1331 4224 1446 4295; x_wconf 90' lang='lat' dir='ltr'><strong>(seu</strong></span> <span class='ocrx_word' id='word_1_619' title='bbox 1471 4207 1718 4300; x_wconf 82' lang='lat' dir='ltr'><strong>anctere)</strong></span> <span class='ocrx_word' id='word_1_620' title='bbox 1746 4232 1913 4288; x_wconf 87' lang='lat' dir='ltr'><strong>aliam</strong></span> <span class='ocrx_word' id='word_1_621' title='bbox 1936 4207 2022 4289; x_wconf 79' lang='lat' dir='ltr'><strong>in-</strong></span> 
     </span>
    </p>
   </div>
   <div class='ocr_carea' id='block_1_77' title="bbox 2201 3501 3708 3573">
    <p class='ocr_par' dir='ltr' id='par_1_77' title="bbox 2201 3501 3708 3573">
     <span class='ocr_line' id='line_1_77' title="bbox 2201 3501 3708 3573; baseline -0.007 -8"><span class='ocrx_word' id='word_1_622' title='bbox 2201 3512 2324 3565; x_wconf 79' lang='grc' dir='ltr'><strong>Ὄτι</strong></span> <span class='ocrx_word' id='word_1_623' title='bbox 2380 3509 2436 3562; x_wconf 76' lang='grc' dir='ltr'><strong>δὲ</strong></span> <span class='ocrx_word' id='word_1_624' title='bbox 2483 3508 2544 3561; x_wconf 74' lang='grc' dir='ltr'><strong>τὸ</strong></span> <span class='ocrx_word' id='word_1_625' title='bbox 2595 3505 2820 3573; x_wconf 82' lang='grc' dir='ltr'>Πνεῦμα</span> <span class='ocrx_word' id='word_1_626' title='bbox 2869 3502 2928 3556; x_wconf 73' lang='grc' dir='ltr'>τὸ</span> <span class='ocrx_word' id='word_1_627' title='bbox 2972 3501 3128 3570; x_wconf 73' lang='grc' dir='ltr'>ἅγιον</span> <span class='ocrx_word' id='word_1_628' title='bbox 3166 3502 3231 3554; x_wconf 76' lang='grc' dir='ltr'>ὲκ</span> <span class='ocrx_word' id='word_1_629' title='bbox 3269 3501 3363 3554; x_wconf 89' lang='grc' dir='ltr'><strong>τοῦ</strong></span> <span class='ocrx_word' id='word_1_630' title='bbox 3399 3501 3531 3554; x_wconf 80' lang='grc' dir='ltr'>Υἱοῦ</span> <span class='ocrx_word' id='word_1_631' title='bbox 3561 3502 3708 3554; x_wconf 79' lang='grc' dir='ltr'>ἐστιν</span> 
     </span>
    </p>
   </div>
   <div class='ocr_carea' id='block_1_78' title="bbox 2127 3589 3704 3670">
    <p class='ocr_par' dir='ltr' id='par_1_78' title="bbox 2127 3589 3704 3670">
     <span class='ocr_line' id='line_1_78' title="bbox 2127 3589 3704 3670; baseline -0.008 -16"><span class='ocrx_word' id='word_1_632' title='bbox 2127 3602 2371 3670; x_wconf 82' lang='grc' dir='ltr'><strong>ἀμέσως,</strong></span> <span class='ocrx_word' id='word_1_633' title='bbox 2400 3598 2509 3651; x_wconf 70' lang='grc' dir='ltr'><strong>ἀπὸ</strong></span> <span class='ocrx_word' id='word_1_634' title='bbox 2540 3596 2598 3650; x_wconf 77' lang='grc' dir='ltr'><strong>δὲ</strong></span> <span class='ocrx_word' id='word_1_635' title='bbox 2628 3595 2723 3648; x_wconf 82' lang='grc' dir='ltr'>τοῦ</span> <span class='ocrx_word' id='word_1_636' title='bbox 2757 3592 2969 3662; x_wconf 63' lang='lat' dir='ltr'><strong>Harpe;</strong></span> <span class='ocrx_word' id='word_1_637' title='bbox 3002 3589 3385 3662; x_wconf 78' lang='grc' dir='ltr'>μεσιτεύοντος</span> <span class='ocrx_word' id='word_1_638' title='bbox 3421 3590 3516 3644; x_wconf 80' lang='grc' dir='ltr'><strong>τοῦ</strong></span> <span class='ocrx_word' id='word_1_639' title='bbox 3550 3589 3704 3656; x_wconf 58' lang='lat' dir='ltr'><strong>Tios,</strong></span> 
     </span>
    </p>
   </div>
   <div class='ocr_carea' id='block_1_79' title="bbox 2125 3682 3704 3762">
    <p class='ocr_par' dir='ltr' id='par_1_79' title="bbox 2125 3682 3704 3762">
     <span class='ocr_line' id='line_1_79' title="bbox 2125 3682 3704 3762; baseline -0.007 -15"><span class='ocrx_word' id='word_1_640' title='bbox 2125 3690 2561 3762; x_wconf 83' lang='grc' dir='ltr'>διαμαρτύρεται</span> <span class='ocrx_word' id='word_1_641' title='bbox 2597 3690 2624 3741; x_wconf 78' lang='grc' dir='ltr'>ὁ</span> <span class='ocrx_word' id='word_1_642' title='bbox 2662 3686 2931 3758; x_wconf 79' lang='grc' dir='ltr'>μακάριος</span> <span class='ocrx_word' id='word_1_643' title='bbox 2969 3683 3270 3755; x_wconf 72' lang='grc' dir='ltr'><strong>Γρηγόριος</strong></span> <span class='ocrx_word' id='word_1_644' title='bbox 3308 3683 3336 3736; x_wconf 81' lang='grc' dir='ltr'>ὀ</span> <span class='ocrx_word' id='word_1_645' title='bbox 3381 3682 3704 3749; x_wconf 82' lang='grc' dir='ltr'>Νυσσαέων,</span> 
     </span>
    </p>
   </div>
   <div class='ocr_carea' id='block_1_80' title="bbox 2126 3773 3705 3849">
    <p class='ocr_par' dir='ltr' id='par_1_80' title="bbox 2126 3773 3705 3849">
     <span class='ocr_line' id='line_1_80' title="bbox 2126 3773 3705 3849; baseline -0.006 -12"><span class='ocrx_word' id='word_1_646' title='bbox 2126 3782 2270 3837; x_wconf 74' lang='grc' dir='ltr'><strong>οὕτω</strong></span> <span class='ocrx_word' id='word_1_647' title='bbox 2303 3782 2498 3849; x_wconf 75' lang='grc' dir='ltr'>λέγων·</span> <span class='ocrx_word' id='word_1_648' title='bbox 2524 3780 2608 3838; x_wconf 83' lang='grc' dir='ltr'><em>,Τὺ</em></span> <span class='ocrx_word' id='word_1_649' title='bbox 2637 3776 3111 3845; x_wconf 72' lang='grc' dir='ltr'><em>ἀπαράλλακτον</em></span> <span class='ocrx_word' id='word_1_650' title='bbox 3152 3773 3265 3843; x_wconf 83' lang='grc' dir='ltr'><strong>τῆς</strong></span> <span class='ocrx_word' id='word_1_651' title='bbox 3297 3775 3541 3842; x_wconf 72' lang='grc' dir='ltr'><em>φύσεως</em></span> <span class='ocrx_word' id='word_1_652' title='bbox 3569 3776 3705 3842; x_wconf 85' lang='grc' dir='ltr'><strong>ὁμο-</strong></span> 
     </span>
    </p>
   </div>
   <div class='ocr_carea' id='block_1_81' title="bbox 2126 3863 3704 3940">
    <p class='ocr_par' dir='ltr' id='par_1_81' title="bbox 2126 3863 3704 3940">
     <span class='ocr_line' id='line_1_81' title="bbox 2126 3863 3704 3940; baseline -0.007 -14"><span class='ocrx_word' id='word_1_653' title='bbox 2126 3870 2473 3940; x_wconf 73' lang='grc' dir='ltr'>λογοῦντες,</span> <span class='ocrx_word' id='word_1_654' title='bbox 2505 3867 2610 3937; x_wconf 79' lang='grc' dir='ltr'>τὴν</span> <span class='ocrx_word' id='word_1_655' title='bbox 2642 3866 2795 3920; x_wconf 85' lang='grc' dir='ltr'>κατὰ</span> <span class='ocrx_word' id='word_1_656' title='bbox 2823 3864 2888 3918; x_wconf 86' lang='grc' dir='ltr'><strong>τὸ</strong></span> <span class='ocrx_word' id='word_1_657' title='bbox 2923 3864 3118 3918; x_wconf 76' lang='grc' dir='ltr'>αἴτιον</span> <span class='ocrx_word' id='word_1_658' title='bbox 3142 3863 3237 3917; x_wconf 74' lang='grc' dir='ltr'><strong>καὶ</strong></span> <span class='ocrx_word' id='word_1_659' title='bbox 3276 3863 3546 3915; x_wconf 72' lang='grc' dir='ltr'><em>αἰτιατόν</em></span> <span class='ocrx_word' id='word_1_660' title='bbox 3579 3863 3704 3915; x_wconf 81' lang='grc' dir='ltr'><strong>δια-</strong></span> 
     </span>
    </p>
   </div>
   <div class='ocr_carea' id='block_1_82' title="bbox 2125 3951 3705 4034">
    <p class='ocr_par' dir='ltr' id='par_1_82' title="bbox 2125 3951 3705 4034">
     <span class='ocr_line' id='line_1_82' title="bbox 2125 3951 3705 4034; baseline -0.006 -14"><span class='ocrx_word' id='word_1_661' title='bbox 2125 3965 2321 4034; x_wconf 70' lang='grc' dir='ltr'><em>φορὰν</em></span> <span class='ocrx_word' id='word_1_662' title='bbox 2368 3966 2480 4019; x_wconf 84' lang='grc' dir='ltr'><strong>οὐκ</strong></span> <span class='ocrx_word' id='word_1_663' title='bbox 2518 3962 2875 4030; x_wconf 81' lang='grc' dir='ltr'><strong>ἁρνούμεθα’</strong></span> <span class='ocrx_word' id='word_1_664' title='bbox 2903 3959 2972 4012; x_wconf 84' lang='grc' dir='ltr'><strong>ἐν</strong></span> <span class='ocrx_word' id='word_1_665' title='bbox 3014 3951 3062 4025; x_wconf 83' lang='grc' dir='ltr'><strong>ᾧ</strong></span> <span class='ocrx_word' id='word_1_666' title='bbox 3095 3959 3260 4026; x_wconf 85' lang='grc' dir='ltr'><em>μόνῳ</em></span> <span class='ocrx_word' id='word_1_667' title='bbox 3298 3956 3705 4026; x_wconf 76' lang='grc' dir='ltr'>διακρίνεσθαι</span> 
     </span>
    </p>
   </div>
   <div class='ocr_carea' id='block_1_83' title="bbox 2125 4045 3705 4119">
    <p class='ocr_par' dir='ltr' id='par_1_83' title="bbox 2125 4045 3705 4119">
     <span class='ocr_line' id='line_1_83' title="bbox 2125 4045 3705 4119; baseline -0.006 -12"><span class='ocrx_word' id='word_1_668' title='bbox 2125 4053 2193 4107; x_wconf 86' lang='grc' dir='ltr'><strong>τὸ</strong></span> <span class='ocrx_word' id='word_1_669' title='bbox 2236 4052 2443 4119; x_wconf 75' lang='grc' dir='ltr'>ἕτερον</span> <span class='ocrx_word' id='word_1_670' title='bbox 2476 4050 2594 4105; x_wconf 79' lang='grc' dir='ltr'><strong>ἀπὸ</strong></span> <span class='ocrx_word' id='word_1_671' title='bbox 2627 4049 2734 4103; x_wconf 86' lang='grc' dir='ltr'><strong>τοῦ</strong></span> <span class='ocrx_word' id='word_1_672' title='bbox 2779 4046 2985 4114; x_wconf 80' lang='grc' dir='ltr'>ἐτέρου</span> <span class='ocrx_word' id='word_1_673' title='bbox 3029 4046 3590 4115; x_wconf 64' lang='grc' dir='ltr'><strong>καταλαμϐάνομεν*</strong></span> <span class='ocrx_word' id='word_1_674' title='bbox 3639 4045 3705 4098; x_wconf 85' lang='grc' dir='ltr'><strong>τὸ</strong></span> 
     </span>
    </p>
   </div>
   <div class='ocr_carea' id='block_1_84' title="bbox 2118 4133 3710 4214">
    <p class='ocr_par' dir='ltr' id='par_1_84' title="bbox 2118 4133 3710 4214">
     <span class='ocr_line' id='line_1_84' title="bbox 2118 4133 3710 4214; baseline -0.006 -17"><span class='ocrx_word' id='word_1_675' title='bbox 2118 4143 2237 4214; x_wconf 79' lang='grc' dir='ltr'><strong>μὲν</strong></span> <span class='ocrx_word' id='word_1_676' title='bbox 2265 4144 2460 4196; x_wconf 65' lang='lat' dir='ltr'><strong>altior</strong></span> <span class='ocrx_word' id='word_1_677' title='bbox 2499 4140 2812 4211; x_wconf 60' lang='lat' dir='ltr'><strong>moraniur</strong></span> <span class='ocrx_word' id='word_1_678' title='bbox 2838 4133 3009 4191; x_wconf 76' lang='grc' dir='ltr'>εἶναι·</span> <span class='ocrx_word' id='word_1_679' title='bbox 3052 4136 3119 4189; x_wconf 87' lang='grc' dir='ltr'><strong>τὸ</strong></span> <span class='ocrx_word' id='word_1_680' title='bbox 3146 4135 3235 4198; x_wconf 80' lang='grc' dir='ltr'><strong>δὲ,</strong></span> <span class='ocrx_word' id='word_1_681' title='bbox 3266 4136 3337 4199; x_wconf 78' lang='grc' dir='ltr'><strong>ἐξ</strong></span> <span class='ocrx_word' id='word_1_682' title='bbox 3358 4136 3570 4189; x_wconf 75' lang='grc' dir='ltr'><strong>αἰτίου.</strong></span> <span class='ocrx_word' id='word_1_683' title='bbox 3599 4135 3710 4188; x_wconf 83' lang='grc' dir='ltr'><strong>Καὶ</strong></span> 
     </span>
    </p>
   </div>
   <div class='ocr_carea' id='block_1_85' title="bbox 2124 4227 3714 4297">
    <p class='ocr_par' dir='ltr' id='par_1_85' title="bbox 2124 4227 3714 4297">
     <span class='ocr_line' id='line_1_85' title="bbox 2124 4227 3714 4297; baseline -0.003 -11"><span class='ocrx_word' id='word_1_684' title='bbox 2124 4234 2219 4286; x_wconf 63' lang='grc' dir='ltr'>τοῦ</span> <span class='ocrx_word' id='word_1_685' title='bbox 2272 4233 2333 4297; x_wconf 77' lang='grc' dir='ltr'>ἐξ</span> <span class='ocrx_word' id='word_1_686' title='bbox 2385 4232 2565 4295; x_wconf 82' lang='grc' dir='ltr'><em>αἰτίας</em></span> <span class='ocrx_word' id='word_1_687' title='bbox 2612 4230 2765 4291; x_wconf 76' lang='grc' dir='ltr'><em>ὄντος</em></span> <span class='ocrx_word' id='word_1_688' title='bbox 2823 4228 2987 4282; x_wconf 79' lang='grc' dir='ltr'>πάλιν</span> <span class='ocrx_word' id='word_1_689' title='bbox 3028 4228 3231 4296; x_wconf 74' lang='grc' dir='ltr'><em>ἄλλην</em></span> <span class='ocrx_word' id='word_1_690' title='bbox 3280 4227 3575 4296; x_wconf 64' lang='grc' dir='ltr'><strong>διαφορὰν</strong></span> <span class='ocrx_word' id='word_1_691' title='bbox 3614 4227 3714 4281; x_wconf 77' lang='grc' dir='ltr'><strong>ἐν·</strong></span> 
     </span>
    </p>
   </div>
   <div class='ocr_carea' id='block_1_86' title="bbox 444 4297 2026 4394">
    <p class='ocr_par' dir='ltr' id='par_1_86' title="bbox 444 4297 2022 4394">
     <span class='ocr_line' id='line_1_86' title="bbox 444 4297 2022 4394; baseline 0.02 -44"><span class='ocrx_word' id='word_1_692' title='bbox 444 4297 733 4394; x_wconf 74' lang='lat' dir='ltr'><strong>telligimus</strong></span> <span class='ocrx_word' id='word_1_693' title='bbox 777 4305 1168 4377; x_wconf 70' lang='lat' dir='ltr'><strong>dilferentiam,</strong></span> <span class='ocrx_word' id='word_1_694' title='bbox 1232 4315 1378 4383; x_wconf 90' lang='lat' dir='ltr'><strong>quod</strong></span> <span class='ocrx_word' id='word_1_695' title='bbox 1424 4297 1724 4386; x_wconf 74' lang='lat' dir='ltr'><strong>nimirum,</strong></span> <span class='ocrx_word' id='word_1_696' title='bbox 1774 4325 1919 4394; x_wconf 90' lang='lat' dir='ltr'><strong>quod</strong></span> <span class='ocrx_word' id='word_1_697' title='bbox 1954 4342 2022 4381; x_wconf 79' lang='lat' dir='ltr'><strong>ex</strong></span> 
     </span>
    </p>
   </div>
   <div class='ocr_carea' id='block_1_87' title="bbox 2125 4297 3710 4394">
    <p class='ocr_par' dir='ltr' id='par_1_87' title="bbox 2125 4320 3710 4392">
     <span class='ocr_line' id='line_1_87' title="bbox 2125 4320 3710 4392; baseline -0.004 -14"><span class='ocrx_word' id='word_1_698' title='bbox 2125 4324 2418 4392; x_wconf 85' lang='grc' dir='ltr'><em>νοοῦμεν,</em></span> <span class='ocrx_word' id='word_1_699' title='bbox 2454 4322 2536 4375; x_wconf 88' lang='grc' dir='ltr'><strong>ὅτι</strong></span> <span class='ocrx_word' id='word_1_700' title='bbox 2570 4322 2630 4375; x_wconf 83' lang='grc' dir='ltr'><strong>τδ</strong></span> <span class='ocrx_word' id='word_1_701' title='bbox 2673 4321 2793 4392; x_wconf 77' lang='grc' dir='ltr'>μὲν,</span> <span class='ocrx_word' id='word_1_702' title='bbox 2836 4320 3123 4391; x_wconf 81' lang='grc' dir='ltr'>προσεχῶς</span> <span class='ocrx_word' id='word_1_703' title='bbox 3156 4322 3221 4373; x_wconf 81' lang='grc' dir='ltr'>ὲκ</span> <span class='ocrx_word' id='word_1_704' title='bbox 3258 4320 3354 4373; x_wconf 81' lang='grc' dir='ltr'><strong>τοῦ</strong></span> <span class='ocrx_word' id='word_1_705' title='bbox 3386 4320 3630 4389; x_wconf 84' lang='grc' dir='ltr'><em>πρώτου,</em></span> <span class='ocrx_word' id='word_1_706' title='bbox 3675 4320 3710 4390; x_wconf 74' lang='grc' dir='ltr'>ἦ</span> 
     </span>
    </p>
   </div>
   <div class='ocr_carea' id='block_1_88' title="bbox 446 4386 2024 4486">
    <p class='ocr_par' dir='ltr' id='par_1_88' title="bbox 446 4386 2024 4486">
     <span class='ocr_line' id='line_1_88' title="bbox 446 4386 2024 4486; baseline 0.022 -48"><span class='ocrx_word' id='word_1_707' title='bbox 446 4386 628 4455; x_wconf 78' lang='lat' dir='ltr'><strong>primo</strong></span> <span class='ocrx_word' id='word_1_708' title='bbox 658 4390 969 4450; x_wconf 89' lang='lat' dir='ltr'><strong>immediate</strong></span> <span class='ocrx_word' id='word_1_709' title='bbox 993 4408 1097 4461; x_wconf 89' lang='lat' dir='ltr'><strong>est,</strong></span> <span class='ocrx_word' id='word_1_710' title='bbox 1130 4402 1217 4456; x_wconf 87' lang='lat' dir='ltr'><strong>vel</strong></span> <span class='ocrx_word' id='word_1_711' title='bbox 1246 4404 1346 4457; x_wconf 90' lang='lat' dir='ltr'><strong>soli</strong></span> <span class='ocrx_word' id='word_1_712' title='bbox 1371 4405 1530 4472; x_wconf 87' lang='lat' dir='ltr'><strong>Filio,</strong></span> <span class='ocrx_word' id='word_1_713' title='bbox 1556 4410 1640 4464; x_wconf 90' lang='lat' dir='ltr'><strong>vel</strong></span> <span class='ocrx_word' id='word_1_714' title='bbox 1662 4412 1766 4467; x_wconf 88' lang='lat' dir='ltr'><strong>soli</strong></span> <span class='ocrx_word' id='word_1_715' title='bbox 1791 4386 2024 4486; x_wconf 73' lang='lat' dir='ltr'><strong>Spiritui</strong></span> 
     </span>
    </p>
   </div>
   <div class='ocr_carea' id='block_1_89' title="bbox 452 4657 2023 4755">
    <p class='ocr_par' dir='ltr' id='par_1_89' title="bbox 452 4657 2023 4755">
     <span class='ocr_line' id='line_1_89' title="bbox 452 4657 2023 4755; baseline 0.021 -44"><span class='ocrx_word' id='word_1_716' title='bbox 452 4657 622 4729; x_wconf 81' lang='lat' dir='ltr'><strong>igitur</strong></span> <span class='ocrx_word' id='word_1_717' title='bbox 644 4661 818 4721; x_wconf 87' lang='lat' dir='ltr'><strong>Filius</strong></span> <span class='ocrx_word' id='word_1_718' title='bbox 843 4681 912 4720; x_wconf 78' lang='lat' dir='ltr'><strong>ex</strong></span> <span class='ocrx_word' id='word_1_719' title='bbox 938 4667 1097 4725; x_wconf 82' lang='lat' dir='ltr'><strong>Patre</strong></span> <span class='ocrx_word' id='word_1_720' title='bbox 1133 4672 1449 4731; x_wconf 89' lang='lat' dir='ltr'><strong>immediate</strong></span> <span class='ocrx_word' id='word_1_721' title='bbox 1474 4687 1578 4735; x_wconf 90' lang='lat' dir='ltr'><strong>est.</strong></span> <span class='ocrx_word' id='word_1_722' title='bbox 1615 4681 1756 4753; x_wconf 80' lang='lat' dir='ltr'><strong>Ergo</strong></span> <span class='ocrx_word' id='word_1_723' title='bbox 1781 4684 2023 4755; x_wconf 90' lang='lat' dir='ltr'><strong>Spiritus</strong></span> 
     </span>
    </p>
   </div>
   <div class='ocr_carea' id='block_1_90' title="bbox 451 4761 2025 4833">
    <p class='ocr_par' dir='ltr' id='par_1_90' title="bbox 451 4761 2025 4833">
     <span class='ocr_line' id='line_1_90' title="bbox 451 4761 2025 4833; baseline 0.019 -30"><span class='ocrx_word' id='word_1_724' title='bbox 451 4761 678 4809; x_wconf 83' lang='lat' dir='ltr'><strong>sanctus</strong></span> <span class='ocrx_word' id='word_1_725' title='bbox 721 4772 829 4810; x_wconf 89' lang='lat' dir='ltr'><strong>non</strong></span> <span class='ocrx_word' id='word_1_726' title='bbox 861 4768 947 4814; x_wconf 91' lang='lat' dir='ltr'><strong>est</strong></span> <span class='ocrx_word' id='word_1_727' title='bbox 980 4761 1295 4820; x_wconf 89' lang='lat' dir='ltr'><strong>immediate</strong></span> <span class='ocrx_word' id='word_1_728' title='bbox 1342 4784 1409 4822; x_wconf 80' lang='lat' dir='ltr'><strong>ex</strong></span> <span class='ocrx_word' id='word_1_729' title='bbox 1447 4770 1624 4826; x_wconf 88' lang='lat' dir='ltr'><strong>Patre.</strong></span> <span class='ocrx_word' id='word_1_730' title='bbox 1658 4774 1759 4829; x_wconf 78' lang='lat' dir='ltr'><strong>Est</strong></span> <span class='ocrx_word' id='word_1_731' title='bbox 1795 4792 1930 4833; x_wconf 74' lang='lat' dir='ltr'><strong>vero</strong></span> <span class='ocrx_word' id='word_1_732' title='bbox 1968 4786 2025 4833; x_wconf 89' lang='lat' dir='ltr'><strong>et</strong></span> 
     </span>
    </p>
   </div>
   <div class='ocr_carea' id='block_1_91' title="bbox 448 4846 2023 4937">
    <p class='ocr_par' dir='ltr' id='par_1_91' title="bbox 448 4846 2023 4937">
     <span class='ocr_line' id='line_1_91' title="bbox 448 4846 2023 4937; baseline 0.018 -42"><span class='ocrx_word' id='word_1_733' title='bbox 448 4846 762 4901; x_wconf 89' lang='lat' dir='ltr'><strong>communis</strong></span> <span class='ocrx_word' id='word_1_734' title='bbox 810 4848 1171 4921; x_wconf 78' lang='lat' dir='ltr'><strong>intelligentia</strong></span> <span class='ocrx_word' id='word_1_735' title='bbox 1198 4896 1213 4919; x_wconf 91' lang='lat'><strong>,</strong></span> <span class='ocrx_word' id='word_1_736' title='bbox 1258 4858 1406 4926; x_wconf 90' lang='lat' dir='ltr'><strong>quod</strong></span> <span class='ocrx_word' id='word_1_737' title='bbox 1442 4860 1702 4917; x_wconf 90' lang='lat' dir='ltr'><strong>nimirum</strong></span> <span class='ocrx_word' id='word_1_738' title='bbox 1738 4866 1805 4920; x_wconf 90' lang='lat' dir='ltr'><strong>ab</strong></span> <span class='ocrx_word' id='word_1_739' title='bbox 1838 4868 2023 4937; x_wconf 91' lang='lat' dir='ltr'><strong>aliquo</strong></span> 
     </span>
    </p>
   </div>
   <div class='ocr_carea' id='block_1_92' title="bbox 448 4935 2021 5021">
    <p class='ocr_par' dir='ltr' id='par_1_92' title="bbox 448 4935 2021 5021">
     <span class='ocr_line' id='line_1_92' title="bbox 448 4935 2021 5021; baseline 0.018 -35"><span class='ocrx_word' id='word_1_740' title='bbox 448 4942 555 4997; x_wconf 86' lang='lat' dir='ltr'><strong>est,</strong></span> <span class='ocrx_word' id='word_1_741' title='bbox 579 4935 647 4989; x_wconf 88' lang='lat' dir='ltr'><strong>ab</strong></span> <span class='ocrx_word' id='word_1_742' title='bbox 670 4937 856 5007; x_wconf 87' lang='lat' dir='ltr'><strong>aliquo</strong></span> <span class='ocrx_word' id='word_1_743' title='bbox 875 4955 996 4996; x_wconf 88' lang='lat' dir='ltr'><strong>esse</strong></span> <span class='ocrx_word' id='word_1_744' title='bbox 1025 4944 1360 5003; x_wconf 90' lang='lat' dir='ltr'><strong>immediate.</strong></span> <span class='ocrx_word' id='word_1_745' title='bbox 1399 4952 1565 5021; x_wconf 82' lang='lat' dir='ltr'><strong>Atqui</strong></span> <span class='ocrx_word' id='word_1_746' title='bbox 1603 4970 1712 5009; x_wconf 90' lang='lat' dir='ltr'><strong>non</strong></span> <span class='ocrx_word' id='word_1_747' title='bbox 1748 4966 1831 5011; x_wconf 90' lang='lat' dir='ltr'><strong>est</strong></span> <span class='ocrx_word' id='word_1_748' title='bbox 1859 4973 1888 5011; x_wconf 90' lang='lat' dir='ltr'><strong>a</strong></span> <span class='ocrx_word' id='word_1_749' title='bbox 1918 4935 2021 5012; x_wconf 83' lang='lat' dir='ltr'><strong>Pa-</strong></span> 
     </span>
    </p>
   </div>
   <div class='ocr_carea' id='block_1_93' title="bbox 448 5025 2018 5118">
    <p class='ocr_par' dir='ltr' id='par_1_93' title="bbox 448 5025 2018 5118">
     <span class='ocr_line' id='line_1_93' title="bbox 448 5025 2018 5118; baseline 0.018 -42"><span class='ocrx_word' id='word_1_750' title='bbox 582 5025 914 5118; x_wconf 84' lang='lat' dir='ltr'><strong>immediate,</strong></span> <span class='ocrx_word' id='word_1_751' title='bbox 962 5034 1040 5088; x_wconf 92' lang='lat' dir='ltr'><strong>uti</strong></span> <span class='ocrx_word' id='word_1_752' title='bbox 1079 5036 1189 5106; x_wconf 86' lang='lat' dir='ltr'><strong>jam</strong></span> <span class='ocrx_word' id='word_1_753' title='bbox 1227 5040 1514 5108; x_wconf 90' lang='lat' dir='ltr'><strong>probatum</strong></span> <span class='ocrx_word' id='word_1_754' title='bbox 1555 5054 1640 5099; x_wconf 82' lang='lat' dir='ltr'><strong>est</strong></span> <span class='ocrx_word' id='word_1_755' title='bbox 1672 5063 1841 5118; x_wconf 81' lang='lat' dir='ltr'><strong>:ergo</strong></span> <span class='ocrx_word' id='word_1_756' title='bbox 1868 5059 2018 5104; x_wconf 71' lang='lat' dir='ltr'><strong>esta</strong></span> 
     </span>
    </p>
   </div>
   <div class='ocr_carea' id='block_1_94' title="bbox 450 5111 939 5174">
    <p class='ocr_par' dir='ltr' id='par_1_94' title="bbox 450 5111 939 5174">
     <span class='ocr_line' id='line_1_94' title="bbox 450 5111 939 5174; baseline 0.022 -10"><span class='ocrx_word' id='word_1_757' title='bbox 450 5111 589 5168; x_wconf 79' lang='lat' dir='ltr'><strong>Filio</strong></span> <span class='ocrx_word' id='word_1_758' title='bbox 606 5114 939 5174; x_wconf 90' lang='lat' dir='ltr'><strong>immediate.</strong></span> 
     </span>
    </p>
   </div>
   <div class='ocr_carea' id='block_1_95' title="bbox 522 5288 2018 5378">
    <p class='ocr_par' dir='ltr' id='par_1_95' title="bbox 522 5288 2018 5378">
     <span class='ocr_line' id='line_1_95' title="bbox 522 5288 2018 5378; baseline 0.018 -37"><span class='ocrx_word' id='word_1_759' title='bbox 522 5288 633 5345; x_wconf 88' lang='lat' dir='ltr'><strong>llos</strong></span> <span class='ocrx_word' id='word_1_760' title='bbox 661 5290 817 5361; x_wconf 82' lang='lat' dir='ltr'><strong>igitut</strong></span> <span class='ocrx_word' id='word_1_761' title='bbox 854 5299 1226 5358; x_wconf 88' lang='lat' dir='ltr'><strong>sanctissimos</strong></span> <span class='ocrx_word' id='word_1_762' title='bbox 1256 5304 1481 5372; x_wconf 85' lang='lat' dir='ltr'><strong>Patres,</strong></span> <span class='ocrx_word' id='word_1_763' title='bbox 1519 5324 1648 5378; x_wconf 76' lang='lat' dir='ltr'><strong>quin</strong></span> <span class='ocrx_word' id='word_1_764' title='bbox 1687 5321 1743 5366; x_wconf 90' lang='lat' dir='ltr'><strong>et</strong></span> <span class='ocrx_word' id='word_1_765' title='bbox 1796 5312 2018 5367; x_wconf 87' lang='lat' dir='ltr'><strong>beatum</strong></span> 
     </span>
    </p>
   </div>
   <div class='ocr_carea' id='block_1_96' title="bbox 527 5445 2014 5528">
    <p class='ocr_par' dir='ltr' id='par_1_96' title="bbox 527 5445 2014 5528">
     <span class='ocr_line' id='line_1_96' title="bbox 527 5445 2014 5528; baseline 0.017 -26"><span class='ocrx_word' id='word_1_766' title='bbox 527 5445 602 5525; x_wconf 71' lang='lat' dir='ltr'><strong>la)</strong></span> <span class='ocrx_word' id='word_1_767' title='bbox 631 5448 753 5528; x_wconf 45' lang='lat' dir='ltr'><strong>.Sic.</strong></span> <span class='ocrx_word' id='word_1_768' title='bbox 788 5452 876 5508; x_wconf 89' lang='lat' dir='ltr'><strong>his</strong></span> <span class='ocrx_word' id='word_1_769' title='bbox 910 5459 1151 5513; x_wconf 89' lang='lat' dir='ltr'><strong>nondum</strong></span> <span class='ocrx_word' id='word_1_770' title='bbox 1182 5462 1333 5525; x_wconf 85' lang='lat' dir='ltr'><strong>visis,</strong></span> <span class='ocrx_word' id='word_1_771' title='bbox 1376 5465 1442 5520; x_wconf 87' lang='lat' dir='ltr'><strong>ad</strong></span> <span class='ocrx_word' id='word_1_772' title='bbox 1485 5465 1734 5522; x_wconf 87' lang='lat' dir='ltr'><strong>Calecam</strong></span> <span class='ocrx_word' id='word_1_773' title='bbox 1763 5483 2014 5528; x_wconf 85' lang='lat' dir='ltr'><strong>nostrum</strong></span> 
     </span>
    </p>
   </div>
   <div class='ocr_carea' id='block_1_97' title="bbox 450 5518 2020 5607">
    <p class='ocr_par' dir='ltr' id='par_1_97' title="bbox 450 5518 2020 5607">
     <span class='ocr_line' id='line_1_97' title="bbox 450 5518 2020 5607; baseline 0.021 -42"><span class='ocrx_word' id='word_1_774' title='bbox 450 5518 825 5607; x_wconf 46' lang='lat' dir='ltr'><strong>coiigieieban],</strong></span> <span class='ocrx_word' id='word_1_775' title='bbox 865 5528 1169 5607; x_wconf 65' lang='lat' dir='ltr'><strong>symbolum</strong></span> <span class='ocrx_word' id='word_1_776' title='bbox 1229 5518 1359 5586; x_wconf 74' lang='lat' dir='ltr'><strong>illud</strong></span> <span class='ocrx_word' id='word_1_777' title='bbox 1412 5518 2020 5607; x_wconf 58' lang='lat' dir='ltr'><strong>Latine</strong></span> 
     </span>
    </p>
   </div>
   <div class='ocr_carea' id='block_1_98' title="bbox 494 5590 2015 5676">
    <p class='ocr_par' dir='ltr' id='par_1_98' title="bbox 494 5590 2015 5676">
     <span class='ocr_line' id='line_1_98' title="bbox 494 5590 2015 5676; baseline 0.021 -41"><span class='ocrx_word' id='word_1_778' title='bbox 659 5590 802 5676; x_wconf 70' lang='lat' dir='ltr'><strong>quod</strong></span> <span class='ocrx_word' id='word_1_779' title='bbox 823 5590 951 5676; x_wconf 61' lang='lat' dir='ltr'><strong>ejus</strong></span> <span class='ocrx_word' id='word_1_780' title='bbox 982 5596 1180 5676; x_wconf 61' lang='lat' dir='ltr'><strong>Graec-:0</strong></span> <span class='ocrx_word' id='word_1_781' title='bbox 1204 5616 1395 5656; x_wconf 85' lang='lat' dir='ltr'><strong>omnes</strong></span> <span class='ocrx_word' id='word_1_782' title='bbox 1420 5590 2015 5676; x_wconf 15' lang='lat' dir='ltr'><strong>editionersrvvariarc‘nt,</strong></span> 
     </span>
    </p>
   </div>
   <div class='ocr_carea' id='block_1_99' title="bbox 482 5659 2019 5749">
    <p class='ocr_par' dir='ltr' id='par_1_99' title="bbox 482 5659 2019 5749">
     <span class='ocr_line' id='line_1_99' title="bbox 482 5659 2019 5749; baseline 0.022 -45"><span class='ocrx_word' id='word_1_783' title='bbox 482 5659 647 5706; x_wconf 78' lang='lat' dir='ltr'><strong>.atiua</strong></span> <span class='ocrx_word' id='word_1_784' title='bbox 681 5670 784 5711; x_wconf 83' lang='lat' dir='ltr'><strong>una</strong></span> <span class='ocrx_word' id='word_1_785' title='bbox 811 5659 876 5713; x_wconf 78' lang='grc' dir='ltr'>οι</span> <span class='ocrx_word' id='word_1_786' title='bbox 895 5663 1121 5732; x_wconf 74' lang='lat' dir='ltr'><strong>simplex</strong></span> <span class='ocrx_word' id='word_1_787' title='bbox 1154 5679 1299 5725; x_wconf 84' lang='lat' dir='ltr'><strong>esset</strong></span> <span class='ocrx_word' id='word_1_788' title='bbox 1324 5688 1335 5724; x_wconf 90' lang='lat'>:</span> <span class='ocrx_word' id='word_1_789' title='bbox 1365 5682 1420 5727; x_wconf 88' lang='lat' dir='ltr'><strong>at</strong></span> <span class='ocrx_word' id='word_1_790' title='bbox 1447 5674 1591 5729; x_wconf 89' lang='lat' dir='ltr'><strong>unde</strong></span> <span class='ocrx_word' id='word_1_791' title='bbox 1616 5659 2019 5749; x_wconf 58' lang='lat' dir='ltr'><strong>CiegB&#39;éiiif&#39;s&#39;i&#39;é</strong></span> 
     </span>
    </p>
   </div>
   <div class='ocr_carea' id='block_1_100' title="bbox 2128 4411 3714 4486">
    <p class='ocr_par' dir='ltr' id='par_1_100' title="bbox 2128 4411 3714 4486">
     <span class='ocr_line' id='line_1_100' title="bbox 2128 4411 3714 4486; baseline -0.003 -17"><span class='ocrx_word' id='word_1_792' title='bbox 2128 4416 2288 4486; x_wconf 81' lang='grc' dir='ltr'>μόνον</span> <span class='ocrx_word' id='word_1_793' title='bbox 2311 4415 2390 4486; x_wconf 79' lang='grc' dir='ltr'><strong>τῷ</strong></span> <span class='ocrx_word' id='word_1_794' title='bbox 2420 4412 2552 4483; x_wconf 81' lang='grc' dir='ltr'><strong>Υἱῷ,</strong></span> <span class='ocrx_word' id='word_1_795' title='bbox 2590 4413 2623 4483; x_wconf 82' lang='grc' dir='ltr'>ἢ</span> <span class='ocrx_word' id='word_1_796' title='bbox 2678 4414 2838 4484; x_wconf 87' lang='grc' dir='ltr'>μόνον</span> <span class='ocrx_word' id='word_1_797' title='bbox 2886 4411 2964 4482; x_wconf 82' lang='grc' dir='ltr'>τῷ</span> <span class='ocrx_word' id='word_1_798' title='bbox 2995 4411 3278 4481; x_wconf 84' lang='grc' dir='ltr'>Πνεύματι</span> <span class='ocrx_word' id='word_1_799' title='bbox 3327 4411 3409 4482; x_wconf 82' lang='grc' dir='ltr'>τῷ</span> <span class='ocrx_word' id='word_1_800' title='bbox 3439 4411 3580 4481; x_wconf 83' lang='grc' dir='ltr'>ἁγίῳ</span> <span class='ocrx_word' id='word_1_801' title='bbox 3613 4413 3714 4481; x_wconf 67' lang='lat' dir='ltr'><strong>dp-</strong></span> 
     </span>
    </p>
   </div>
   <div class='ocr_carea' id='block_1_101' title="bbox 2004 4502 3710 4577">
    <p class='ocr_par' dir='ltr' id='par_1_101' title="bbox 2004 4502 3710 4577">
     <span class='ocr_line' id='line_1_101' title="bbox 2004 4502 3710 4577; baseline -0.004 -15"><span class='ocrx_word' id='word_1_802' title='bbox 2004 4549 2020 4574; x_wconf 94' lang='lat'><strong>,</strong></span> <span class='ocrx_word' id='word_1_803' title='bbox 2129 4507 2314 4576; x_wconf 76' lang='grc' dir='ltr'>μύζειν</span> <span class='ocrx_word' id='word_1_804' title='bbox 2339 4505 2637 4577; x_wconf 83' lang='grc' dir='ltr'>ἀναγκαῖόν</span> <span class='ocrx_word' id='word_1_805' title='bbox 2656 4507 2791 4558; x_wconf 75' lang='grc' dir='ltr'>ἐστι.</span> <span class='ocrx_word' id='word_1_806' title='bbox 2821 4504 3087 4571; x_wconf 80' lang='grc' dir='ltr'>Λέγουσιν</span> <span class='ocrx_word' id='word_1_807' title='bbox 3109 4504 3157 4556; x_wconf 81' lang='lat' dir='ltr'><strong>oi</strong></span> <span class='ocrx_word' id='word_1_808' title='bbox 3188 4504 3357 4571; x_wconf 76' lang='grc' dir='ltr'>ἅγιοι,</span> <span class='ocrx_word' id='word_1_809' title='bbox 3393 4504 3477 4557; x_wconf 82' lang='grc' dir='ltr'><strong>ὅτι</strong></span> <span class='ocrx_word' id='word_1_810' title='bbox 3502 4502 3710 4572; x_wconf 78' lang='grc' dir='ltr'>μεταξῦ</span> 
     </span>
    </p>
   </div>
   <div class='ocr_carea' id='block_1_102' title="bbox 2124 4591 3713 4666">
    <p class='ocr_par' dir='ltr' id='par_1_102' title="bbox 2124 4591 3713 4666">
     <span class='ocr_line' id='line_1_102' title="bbox 2124 4591 3713 4666; baseline -0.003 -17"><span class='ocrx_word' id='word_1_811' title='bbox 2124 4596 2220 4649; x_wconf 82' lang='grc' dir='ltr'>τοῦ</span> <span class='ocrx_word' id='word_1_812' title='bbox 2266 4594 2482 4666; x_wconf 80' lang='grc' dir='ltr'><strong>Πατρδς</strong></span> <span class='ocrx_word' id='word_1_813' title='bbox 2516 4595 2614 4648; x_wconf 75' lang='grc' dir='ltr'>καὶ</span> <span class='ocrx_word' id='word_1_814' title='bbox 2664 4593 2758 4647; x_wconf 80' lang='grc' dir='ltr'><strong>τοῦ</strong></span> <span class='ocrx_word' id='word_1_815' title='bbox 2790 4591 2945 4654; x_wconf 77' lang='grc' dir='ltr'>Υἱοῦ,</span> <span class='ocrx_word' id='word_1_816' title='bbox 2973 4593 3124 4646; x_wconf 76' lang='grc' dir='ltr'>οὐδέν</span> <span class='ocrx_word' id='word_1_817' title='bbox 3159 4592 3277 4645; x_wconf 79' lang='grc' dir='ltr'>ἐστι</span> <span class='ocrx_word' id='word_1_818' title='bbox 3323 4593 3510 4663; x_wconf 83' lang='grc' dir='ltr'>μέσον·</span> <span class='ocrx_word' id='word_1_819' title='bbox 3548 4592 3713 4662; x_wconf 84' lang='grc' dir='ltr'><em>μόνος</em></span> 
     </span>
    </p>
   </div>
   <div class='ocr_carea' id='block_1_103' title="bbox 2123 4684 3715 4756">
    <p class='ocr_par' dir='ltr' id='par_1_103' title="bbox 2123 4684 3715 4756">
     <span class='ocr_line' id='line_1_103' title="bbox 2123 4684 3715 4756; baseline -0.003 -16"><span class='ocrx_word' id='word_1_820' title='bbox 2123 4689 2322 4743; x_wconf 80' lang='grc' dir='ltr'>οὐκοῦν</span> <span class='ocrx_word' id='word_1_821' title='bbox 2352 4691 2380 4743; x_wconf 82' lang='grc' dir='ltr'><strong>ὁ</strong></span> <span class='ocrx_word' id='word_1_822' title='bbox 2411 4689 2540 4752; x_wconf 56' lang='lat' dir='ltr'><strong>fit;</strong></span> <span class='ocrx_word' id='word_1_823' title='bbox 2568 4689 2633 4741; x_wconf 73' lang='grc' dir='ltr'>ἐκ</span> <span class='ocrx_word' id='word_1_824' title='bbox 2661 4686 2755 4741; x_wconf 84' lang='grc' dir='ltr'><strong>τοῦ</strong></span> <span class='ocrx_word' id='word_1_825' title='bbox 2787 4686 3001 4756; x_wconf 79' lang='grc' dir='ltr'><em>Πατρὸς</em></span> <span class='ocrx_word' id='word_1_826' title='bbox 3033 4684 3325 4755; x_wconf 77' lang='grc' dir='ltr'><strong>προσεχῶς</strong></span> <span class='ocrx_word' id='word_1_827' title='bbox 3354 4685 3529 4737; x_wconf 71' lang='grc' dir='ltr'>ἐστιν.</span> <span class='ocrx_word' id='word_1_828' title='bbox 3571 4685 3715 4737; x_wconf 82' lang='grc' dir='ltr'><strong>Οὐκ-</strong></span> 
     </span>
    </p>
   </div>
   <div class='ocr_carea' id='block_1_104' title="bbox 2125 4764 3710 4843">
    <p class='ocr_par' dir='ltr' id='par_1_104' title="bbox 2125 4764 3710 4843">
     <span class='ocr_line' id='line_1_104' title="bbox 2125 4764 3710 4843; baseline -0.001 -16"><span class='ocrx_word' id='word_1_829' title='bbox 2125 4773 2221 4827; x_wconf 88' lang='grc' dir='ltr'><strong>οῦν</strong></span> <span class='ocrx_word' id='word_1_830' title='bbox 2263 4774 2326 4827; x_wconf 85' lang='grc' dir='ltr'><strong>τδ</strong></span> <span class='ocrx_word' id='word_1_831' title='bbox 2379 4775 2602 4842; x_wconf 82' lang='grc' dir='ltr'>Πνεῦμα</span> <span class='ocrx_word' id='word_1_832' title='bbox 2640 4775 2703 4827; x_wconf 77' lang='grc' dir='ltr'><strong>τὸ</strong></span> <span class='ocrx_word' id='word_1_833' title='bbox 2750 4775 2905 4841; x_wconf 80' lang='grc' dir='ltr'>ἅγιον</span> <span class='ocrx_word' id='word_1_834' title='bbox 2963 4764 3169 4826; x_wconf 71' lang='grc' dir='ltr'>ἔχ’τοῦ</span> <span class='ocrx_word' id='word_1_835' title='bbox 3212 4771 3431 4843; x_wconf 74' lang='grc' dir='ltr'><em>Πατρός</em></span> <span class='ocrx_word' id='word_1_836' title='bbox 3464 4774 3564 4825; x_wconf 68' lang='grc' dir='ltr'>οὐκ</span> <span class='ocrx_word' id='word_1_837' title='bbox 3591 4774 3710 4825; x_wconf 72' lang='grc' dir='ltr'>ἐστι</span> 
     </span>
    </p>
   </div>
   <div class='ocr_carea' id='block_1_105' title="bbox 2126 4864 3712 4938">
    <p class='ocr_par' dir='ltr' id='par_1_105' title="bbox 2126 4864 3712 4938">
     <span class='ocr_line' id='line_1_105' title="bbox 2126 4864 3712 4938; baseline 0.001 -19"><span class='ocrx_word' id='word_1_838' title='bbox 2126 4867 2428 4938; x_wconf 79' lang='grc' dir='ltr'><strong>προσεχῶς.</strong></span> <span class='ocrx_word' id='word_1_839' title='bbox 2465 4870 2623 4922; x_wconf 85' lang='grc' dir='ltr'>Ἔστι</span> <span class='ocrx_word' id='word_1_840' title='bbox 2667 4868 2726 4920; x_wconf 82' lang='grc' dir='ltr'><strong>δὲ</strong></span> <span class='ocrx_word' id='word_1_841' title='bbox 2776 4867 2870 4921; x_wconf 81' lang='grc' dir='ltr'>καὶ</span> <span class='ocrx_word' id='word_1_842' title='bbox 2911 4867 3062 4936; x_wconf 81' lang='grc' dir='ltr'>κοινὴ</span> <span class='ocrx_word' id='word_1_843' title='bbox 3093 4867 3293 4929; x_wconf 79' lang='grc' dir='ltr'>ἔννοια,</span> <span class='ocrx_word' id='word_1_844' title='bbox 3326 4868 3409 4921; x_wconf 83' lang='grc' dir='ltr'><strong>ὅτι</strong></span> <span class='ocrx_word' id='word_1_845' title='bbox 3439 4868 3581 4936; x_wconf 80' lang='grc' dir='ltr'>ὅπερ</span> <span class='ocrx_word' id='word_1_846' title='bbox 3616 4864 3712 4921; x_wconf 77' lang='grc' dir='ltr'>οὖν</span> 
     </span>
    </p>
   </div>
   <div class='ocr_carea' id='block_1_106' title="bbox 2124 4959 3708 5030">
    <p class='ocr_par' dir='ltr' id='par_1_106' title="bbox 2124 4959 3708 5030">
     <span class='ocr_line' id='line_1_106' title="bbox 2124 4959 3708 5030; baseline 0.001 -20"><span class='ocrx_word' id='word_1_847' title='bbox 2124 4960 2272 5012; x_wconf 77' lang='grc' dir='ltr'>ἐστιν</span> <span class='ocrx_word' id='word_1_848' title='bbox 2305 4960 2414 5012; x_wconf 80' lang='grc' dir='ltr'><strong>ἀπό</strong></span> <span class='ocrx_word' id='word_1_849' title='bbox 2460 4977 2625 5023; x_wconf 80' lang='grc' dir='ltr'><em>τινος,</em></span> <span class='ocrx_word' id='word_1_850' title='bbox 2653 4960 2760 5012; x_wconf 82' lang='grc' dir='ltr'><strong>ἀπό</strong></span> <span class='ocrx_word' id='word_1_851' title='bbox 2788 4960 2932 5021; x_wconf 82' lang='grc' dir='ltr'><em>τινός</em></span> <span class='ocrx_word' id='word_1_852' title='bbox 2968 4961 3084 5011; x_wconf 80' lang='grc' dir='ltr'>ἐστι</span> <span class='ocrx_word' id='word_1_853' title='bbox 3134 4959 3441 5027; x_wconf 77' lang='grc' dir='ltr'>προσεχῶς.</span> <span class='ocrx_word' id='word_1_854' title='bbox 3481 4960 3708 5030; x_wconf 79' lang='grc' dir='ltr'>Ἐπειδὴ</span> 
     </span>
    </p>
   </div>
   <div class='ocr_carea' id='block_1_107' title="bbox 2126 5047 3709 5119">
    <p class='ocr_par' dir='ltr' id='par_1_107' title="bbox 2126 5047 3709 5119">
     <span class='ocr_line' id='line_1_107' title="bbox 2126 5047 3709 5119; baseline -0.003 -16"><span class='ocrx_word' id='word_1_855' title='bbox 2126 5049 2219 5103; x_wconf 75' lang='grc' dir='ltr'>οὖν</span> <span class='ocrx_word' id='word_1_856' title='bbox 2251 5049 2313 5101; x_wconf 78' lang='grc' dir='ltr'><strong>τὸ</strong></span> <span class='ocrx_word' id='word_1_857' title='bbox 2344 5049 2571 5118; x_wconf 80' lang='grc' dir='ltr'>Πνεῦμα</span> <span class='ocrx_word' id='word_1_858' title='bbox 2598 5051 2659 5102; x_wconf 75' lang='grc' dir='ltr'>τὸ</span> <span class='ocrx_word' id='word_1_859' title='bbox 2712 5050 2868 5117; x_wconf 74' lang='grc' dir='ltr'>ἅγιον</span> <span class='ocrx_word' id='word_1_860' title='bbox 2894 5048 3002 5103; x_wconf 80' lang='grc' dir='ltr'><strong>ἀπὸ</strong></span> <span class='ocrx_word' id='word_1_861' title='bbox 3030 5047 3176 5111; x_wconf 82' lang='grc' dir='ltr'><em>τινός</em></span> <span class='ocrx_word' id='word_1_862' title='bbox 3225 5048 3343 5100; x_wconf 76' lang='grc' dir='ltr'>ἐστι</span> <span class='ocrx_word' id='word_1_863' title='bbox 3394 5047 3709 5119; x_wconf 53' lang='lat'><strong>#9035117);-</strong></span> 
     </span>
    </p>
   </div>
   <div class='ocr_carea' id='block_1_108' title="bbox 2130 5135 3711 5207">
    <p class='ocr_par' dir='ltr' id='par_1_108' title="bbox 2130 5135 3711 5207">
     <span class='ocr_line' id='line_1_108' title="bbox 2130 5135 3711 5207; baseline 0 -18"><span class='ocrx_word' id='word_1_864' title='bbox 2130 5138 2244 5190; x_wconf 77' lang='grc' dir='ltr'><strong>ἀλλ’</strong></span> <span class='ocrx_word' id='word_1_865' title='bbox 2281 5139 2379 5190; x_wconf 75' lang='grc' dir='ltr'>οὐκ</span> <span class='ocrx_word' id='word_1_866' title='bbox 2433 5138 2580 5190; x_wconf 80' lang='grc' dir='ltr'>ἔστιν</span> <span class='ocrx_word' id='word_1_867' title='bbox 2610 5139 2718 5190; x_wconf 80' lang='grc' dir='ltr'>ἀπὸ</span> <span class='ocrx_word' id='word_1_868' title='bbox 2748 5137 2842 5190; x_wconf 85' lang='grc' dir='ltr'>τοῦ</span> <span class='ocrx_word' id='word_1_869' title='bbox 2896 5137 3110 5207; x_wconf 83' lang='grc' dir='ltr'>Πατρὸς</span> <span class='ocrx_word' id='word_1_870' title='bbox 3139 5135 3448 5206; x_wconf 79' lang='grc' dir='ltr'>προσεχῶς,</span> <span class='ocrx_word' id='word_1_871' title='bbox 3492 5137 3571 5199; x_wconf 80' lang='grc' dir='ltr'><em>ὼς</em></span> <span class='ocrx_word' id='word_1_872' title='bbox 3608 5137 3711 5207; x_wconf 69' lang='grc' dir='ltr'><strong>ἤδη</strong></span> 
     </span>
    </p>
   </div>
   <div class='ocr_carea' id='block_1_109' title="bbox 2127 5227 3344 5297">
    <p class='ocr_par' dir='ltr' id='par_1_109' title="bbox 2127 5227 3344 5297">
     <span class='ocr_line' id='line_1_109' title="bbox 2127 5227 3344 5297; baseline -0.003 -16"><span class='ocrx_word' id='word_1_873' title='bbox 2127 5227 2365 5297; x_wconf 71' lang='grc' dir='ltr'><strong>ἐδείχθη·</strong></span> <span class='ocrx_word' id='word_1_874' title='bbox 2387 5228 2582 5281; x_wconf 83' lang='grc' dir='ltr'>οὐκοῦν</span> <span class='ocrx_word' id='word_1_875' title='bbox 2612 5228 2723 5282; x_wconf 71' lang='grc' dir='ltr'><strong>ἀπὸ</strong></span> <span class='ocrx_word' id='word_1_876' title='bbox 2749 5227 2841 5282; x_wconf 86' lang='grc' dir='ltr'>τοῦ</span> <span class='ocrx_word' id='word_1_877' title='bbox 2873 5227 3002 5279; x_wconf 85' lang='grc' dir='ltr'>Υἱοῦ</span> <span class='ocrx_word' id='word_1_878' title='bbox 3036 5227 3344 5296; x_wconf 81' lang='grc' dir='ltr'>προσεχῶς.</span> 
     </span>
    </p>
   </div>
   <div class='ocr_carea' id='block_1_110' title="bbox 2200 5316 3715 5389">
    <p class='ocr_par' dir='ltr' id='par_1_110' title="bbox 2200 5316 3715 5389">
     <span class='ocr_line' id='line_1_110' title="bbox 2200 5316 3715 5389; baseline -0.001 -19"><span class='ocrx_word' id='word_1_879' title='bbox 2200 5318 2426 5383; x_wconf 79' lang='grc' dir='ltr'>Τούτοις</span> <span class='ocrx_word' id='word_1_880' title='bbox 2461 5320 2639 5373; x_wconf 80' lang='grc' dir='ltr'>τοίνυν</span> <span class='ocrx_word' id='word_1_881' title='bbox 2677 5322 2788 5383; x_wconf 80' lang='grc' dir='ltr'><em>τοῖς</em></span> <span class='ocrx_word' id='word_1_882' title='bbox 2809 5320 2987 5387; x_wconf 83' lang='grc' dir='ltr'>ἁγίοις</span> <span class='ocrx_word' id='word_1_883' title='bbox 3016 5319 3314 5389; x_wconf 67' lang='grc' dir='ltr'>Πατρὰσιν,</span> <span class='ocrx_word' id='word_1_884' title='bbox 3339 5318 3399 5369; x_wconf 77' lang='grc' dir='ltr'><strong>οὐ</strong></span> <span class='ocrx_word' id='word_1_885' title='bbox 3432 5317 3543 5386; x_wconf 82' lang='grc' dir='ltr'>μὴν</span> <span class='ocrx_word' id='word_1_886' title='bbox 3577 5316 3715 5370; x_wconf 70' lang='grc' dir='ltr'><strong>ἀλλὰ</strong></span> 
     </span>
    </p>
   </div>
   <div class='ocr_carea' id='block_1_111' title="bbox 2122 5473 3715 5546">
    <p class='ocr_par' dir='ltr' id='par_1_111' title="bbox 2122 5473 3715 5546">
     <span class='ocr_line' id='line_1_111' title="bbox 2122 5473 3715 5546; baseline -0.002 -14"><span class='ocrx_word' id='word_1_887' title='bbox 2122 5478 2317 5533; x_wconf 84' lang='lat' dir='ltr'><strong>Latine</strong></span> <span class='ocrx_word' id='word_1_888' title='bbox 2346 5479 2702 5534; x_wconf 76' lang='lat' dir='ltr'><strong>Athanasium</strong></span> <span class='ocrx_word' id='word_1_889' title='bbox 2730 5477 3032 5546; x_wconf 86' lang='lat' dir='ltr'><strong>scripsisse,</strong></span> <span class='ocrx_word' id='word_1_890' title='bbox 3058 5483 3114 5530; x_wconf 91' lang='lat' dir='ltr'><strong>et</strong></span> <span class='ocrx_word' id='word_1_891' title='bbox 3139 5473 3463 5546; x_wconf 87' lang='lat' dir='ltr'><strong>Latinorum</strong></span> <span class='ocrx_word' id='word_1_892' title='bbox 3495 5475 3715 5544; x_wconf 80' lang='lat' dir='ltr'><strong>potius,</strong></span> 
     </span>
    </p>
   </div>
   <div class='ocr_carea' id='block_1_112' title="bbox 2121 5545 3717 5653">
    <p class='ocr_par' dir='ltr' id='par_1_112' title="bbox 2121 5545 3717 5653">
     <span class='ocr_line' id='line_1_112' title="bbox 2121 5545 3717 5653; baseline -0.001 -52"><span class='ocrx_word' id='word_1_893' title='bbox 2121 5548 2626 5653; x_wconf 48' lang='lat' dir='ltr'><strong>q_uam?Gr:ccoruln</strong></span> <span class='ocrx_word' id='word_1_894' title='bbox 2672 5549 2780 5605; x_wconf 87' lang='lat' dir='ltr'><strong>ritu</strong></span> <span class='ocrx_word' id='word_1_895' title='bbox 2834 5545 3064 5617; x_wconf 82' lang='lat' dir='ltr'><strong>(suoque</strong></span> <span class='ocrx_word' id='word_1_896' title='bbox 3111 5545 3331 5614; x_wconf 85' lang='lat' dir='ltr'><strong>ipsius),</strong></span> <span class='ocrx_word' id='word_1_897' title='bbox 3379 5561 3445 5600; x_wconf 87' lang='lat' dir='ltr'><strong>ac</strong></span> <span class='ocrx_word' id='word_1_898' title='bbox 3482 5560 3717 5614; x_wconf 73' lang='lat' dir='ltr'><strong>expres-</strong></span> 
     </span>
     <span class='ocr_line' id='line_1_113' title="bbox 2122 5634 2274 5653; baseline 0 0"><span class='ocrx_word' id='word_1_899' title='bbox 2122 5634 2274 5653; x_wconf 60' lang='lat' dir='ltr'><strong>mm...</strong></span> 
     </span>
    </p>
   </div>
   <div class='ocr_carea' id='block_1_113' title="bbox 2122 5634 2307 5673">
    <p class='ocr_par' dir='ltr' id='par_1_113' title="bbox 2122 5634 2307 5673">
     <span class='ocr_line' id='line_1_114' title="bbox 2122 5634 2307 5673; baseline 0 -2"><span class='ocrx_word' id='word_1_900' title='bbox 2122 5634 2274 5673; x_wconf 81' lang='lat' dir='ltr'><strong>SiOllC</strong></span> <span class='ocrx_word' id='word_1_901' title='bbox 2293 5634 2307 5671; x_wconf 66' lang='grc' dir='ltr'>ἶ</span> 
     </span>
    </p>
   </div>
  </div>
