4066 6150
284 283 416 351 1021

1596 283 2010 347 CONFESSI‘)
2045 283 2273 351 FIDEI.

3410 281 3551 349 1022

281 400 378 452 καὶ
423 394 503 469 τῷ
539 394 792 468 μακαρίῳ
850 374 1186 467 ’Δμσροσίῳ,
1234 393 1313 464 τῷ
1356 384 1704 451 Μεδιολάνων
1739 399 1863 453 ἐστι·

1966 399 2322 456 Ambrosium
2363 396 2829 454 Mediolanensem
2853 395 3178 468 episcopum
3197 436 3213 463 ,
3242 406 3300 453 et
3334 395 3557 454 beatum

283 489 495 560 σκόπῳ,
525 489 623 543 καὶ
666 486 746 559 τῷ
798 486 1057 558 μαναρίῳ
1109 485 1455 558 Αὐγουστίνῳ
1480 487 1582 557 τῆς
1608 488 1703 542 τοῦ
1747 492 1861 545 Ἱπ-

281 582 461 644 πῶνος
486 581 699 644 πόλεως
727 579 1035 651 intenditur
1069 577 1150 649 τῷ
1182 578 1473 649 ἁγιωτάτῳ
1514 595 1576 633 τε
1617 578 1864 653 Ἱερωνύ-

286 690 372 744 μῳ
395 671 478 744 τῷ
507 672 848 745 ἰσχυροτάτῳ
878 672 978 743 τῆς
1002 671 1113 727 τῶν
1138 671 1433 744 αίρετικῶν
1467 673 1864 747 στρεϐλότητος

284 766 648 835 καταμαχητῇ
673 802 689 829 ,
728 760 1107 835 ακολουθήσας
1157 764 1186 816 6
1242 760 1516 836 μακάριος
1564 764 1859 838 Κῦριλλος,

285 854 381 911 καὶ
418 856 516 910 σὺν
561 856 713 926 αὐτῷ
747 856 845 926 ὅλη
875 859 908 926 ἡ
934 854 1087 935 ¹ἁγία
1131 856 1485 929 οίκουμενικὴ
1530 859 1694 930 τρίτη
1739 860 1863 914 σύν·

284 945 422 1011 οδος,
479 945 869 1019 γεγραμμένον
914 947 1046 1016 ήμῐν
1098 946 1393 1004 κατέλιπον
1444 951 1707 1022 ἐμφανῶς
1730 993 1748 1019 ,
1801 953 1863 1007 τὸ

284 1036 512 1109 Πνεῦμα
542 1033 685 1092 εῐναι
729 1038 796 1091 ἐκ
821 1035 917 1090 τοῦ
949 1037 1100 1095 Υίοῦ.
1129 1038 1289 1093 Ὅθεν
1327 1041 1425 1095 καὶ
1451 1042 1733 1113 ὀρθόδοξος
1758 1044 1862 1098 οὐκ

282 1128 452 1192 ἔστιν,
482 1128 603 1183 ἀλλ’
640 1128 708 1183 ἐκ
735 1128 838 1198 τῆς
866 1128 1108 1197 πίστεως
1146 1130 1409 1197 ἑξοδεύει,
1441 1133 1604 1198 ὅστις
1627 1136 1745 1198 τοῖς
1773 1137 1865 1206 ῥή-

283 1233 451 1287 μασιν
489 1217 658 1273 αὐτοῦ
698 1222 1106 1293 καταμάχεται.
1134 1222 1301 1292 Λέγει
1336 1222 1446 1294 γὰρ
1477 1225 1860 1296 φανερώτατα,

278 1309 338 1363 ἐν
363 1307 443 1380 τῷ
474 1308 674 1365 ἑαυτοῦ
722 1312 862 1383 πρὸς
904 1314 999 1368 τον
1042 1314 1269 1385 βασιλέα
1299 1314 1580 1370 Θεοδόσιον
1609 1317 1863 1388 περὶτῆς

277 1398 559 1474 ὀρθοδόξου
612 1401 862 1466 πίστεως
895 1404 1394 1474 Προσφωνητικῷ,
1428 1408 1491 1460 τὸ
1538 1407 1764 1480 Πνεῦμα
1794 1406 1866 1465 εἶ-

279 1492 475 1547 ναιιὲκ
516 1492 612 1547 τοῦ
662 1492 816 1579 Υίοῦ,
878 1494 967 1561 διὰ
1015 1493 1220 1549 τούτων
1275 1498 1386 1550 τῶν
1438 1499 1720 1568 ῥημάτων*
1751 1499 1866 1556 Καὶ

275 1585 404 1657 μὴν
425 1584 619 1654 ἄνδρα
653 1585 869 1656 λέγων,
908 1586 1019 1641 τὸν
1065 1585 1216 1643 ὅσον
1247 1588 1416 1642 οὔπω
1447 1591 1869 1660 παρεσόμενον

281 1676 380 1730 καί
411 1676 854 1746 ὀφθησόμενον,
876 1674 1084 1753 ,αὑτὸν
1122 1676 1239 1745 ἔφη
1267 1673 1582 1740 βαπτίζειν
1605 1678 1675 1733 ἐν
1718 1681 1864 1747 πυρί

1968 491 2340 563 AuguStinum
2360 488 2771 560 Hipponensem
2790 488 2923 559 item
2957 489 3300 560 episcopum,
3338 505 3554 545 necnon

1968 584 2380 651 sanctissimum
2403 582 2821 654 Hieronymum,
2844 581 3119 637 haeretica:
3136 580 3428 653 pravitatis
3457 597 3555 635 va-

1968 676 2308 733 lidissimum
2327 676 2792 749 impugnatorem,
2817 684 3044 732 secutus
3065 674 3264 730 beatus
3291 673 3553 746 Cyrillus,

1970 779 2030 827 et
2058 774 2188 825 cum
2209 784 2278 826 eo
2306 772 2569 825 universa
2610 776 2797 823 sancta
2830 766 3170 823 mcumenica
3193 765 3355 821 tertia
3387 779 3526 837 syno
3552 800 3556 805 ς

1968 861 2095 926 dus,
2124 861 2396 932 scriptum
2427 859 2590 915 nobis
2621 858 2917 919 manifeste
2948 858 3207 928 reliquit,
3243 857 3392 928 quod
3433 855 3557 927 Spi-

1968 952 2112 1008 ritus
2140 967 2211 1007 ex
2239 952 2379 1008 Filio
2412 952 2502 1006 sit.
2538 951 2632 1006 Ait
2662 951 2812 1006 enim
2857 950 3205 1021 apertissime
3254 950 3311 1005 in
3354 962 3459 1005 suo
3485 948 3556 1004 ad

1968 1043 2344 1098 Theodosium
2389 1043 2781 1111 imperatorem
2810 1041 2881 1096 de
2909 1040 3018 1095 tide
3044 1039 3350 1095 orthodoxa
3392 1038 3558 1093 Pros-

1966 1133 2243 1203 phonetico
2271 1171 2288 1196 ,
2325 1130 2593 1200 Spiritum
2637 1145 2705 1183 ex
2761 1129 2900 1184 Filio
2931 1143 3054 1184 esse
3077 1168 3094 1193 ,
3136 1128 3290 1184 hisce
3317 1127 3504 1185 verbis
3537 1143 3554 1181 :

1969 1224 2130 1295 Atqui
2149 1238 2270 1277 cum
2300 1221 2565 1276 hominem
2588 1220 2735 1285 dicit,
2763 1222 2854 1291 qui
2873 1221 3112 1291 jamjam
3136 1235 3368 1290 presens
3406 1221 3557 1290 {utu-

1971 1332 2063 1370 rus
2097 1321 2214 1369 erat
2243 1321 2292 1367 et
2311 1311 2476 1367 oculis
2495 1312 2915 1382 conspiciendus,
2933 1314 3107 1381 ipsum
3128 1311 3262 1365 dixit
3284 1312 3558 1382 baptizare

1969 1409 2029 1463 in
2058 1408 2181 1477 igne
2223 1412 2273 1459 et
2308 1402 2513 1475 Spiritu
2552 1411 2735 1458 sancto
2775 1418 2795 1459 .'
2829 1418 2936 1456 non
2977 1403 3070 1472 qui
3106 1401 3344 1455 alienum
3385 1403 3559 1473 bapti-

1970 1497 2157 1552 zandis
2186 1497 2493 1551 immitteret
2516 1492 2779 1565 Spiritum
2802 1533 2819 1559 ,
2848 1492 3028 1548 servili
3057 1507 3203 1547 more
3232 1508 3296 1547 ac
3317 1493 3528 1552 ministe
3556 1524 3560 1529 ρ

1972 1588 2310 1652 riaiiter,sed
2348 1594 2406 1641 ut
2431 1595 2628 1640 natura
2654 1585 2826 1640 Deum
2859 1602 2981 1640 cum
3012 1600 3246 1655 superna
3276 1591 3556 1655 potestate,

1974 1682 2067 1751 qui
2118 1695 2184 1734 ea;
2210 1679 2346 1749 ipso,
2405 1684 2456 1732 et
2490 1678 2606 1748 ejus
2630 1678 2880 1747 proprius
2915 1676 3083 1748 692
3134 1684 3230 1730 est.
3265 1674 3412 1743 Quid
3453 1675 3560 1732 hac

281 1764 380 1820 καί
417 1764 565 1834 ἁγιῳ
599 1765 920 1833 Πνεύματν
967 1765 1079 1833 σὺν
1117 1765 1446 1835 ἀλλότριον
1494 1766 1622 1833 τοῖς
1641 1768 1863 1832 βαπτι-

1966 1771 2294 1828 auctoritate
2334 1768 2725 1825 manifestius?
2764 1768 2867 1823 Hic
2897 1769 3045 1823 enim
3081 1768 3436 1839 apertissime
3488 1768 3557 1823 de

282 1855 547 1926 ζομένοις
571 1855 812 1911 ἀνιέντα
839 1856 1084 1925 Πνεῦμα
1101 1895 1117 1921 ,
1162 1855 1594 1925 dandoementh
1623 1859 1726 1914 καὶ
1751 1863 1867 1915 ὐπ-

282 1948 592 2019 ουργικῶς·
622 1948 758 2003 ἀλλ’
783 1949 865 2015 ὡς
904 1948 1060 2003 Θεὸν
1104 1948 1257 2003 κατὰ
1283 1950 1495 2019 φύσιν,
1522 1951 1656 2020 μετ’
1685 1950 1863 2016 e500-

283 2043 426 2110 σίας
446 2041 554 2110 τῆς
581 2039 882 2104 ἀνωτάτω,
913 2040 982 2096 τὸ
1009 2040 1080 2107 ἐξ
1110 2028 1422 2097 αὐτοῦκαὶ
1456 2041 1616 2097 ἴδιον
1651 2043 1863 2099 αὐτοῦ.

284 2131 350 2186 Τί
386 2130 592 2202 ταύτης
622 2130 726 2201 τῆς
777 2131 1088 2203 μαρτυρίας
1143 2131 1559 2205 φανερώτερονς
1612 2127 1719 2187 ὧδε
1757 2134 1868 2206 γὰρ

285 2222 643 2293 φανερώτατα
670 2223 799 2294 περὶ
826 2222 923 2277 τοῦ
952 2222 1083 2279 Υἱοῦ
1110 2225 1285 2293 λέγει,
1313 2227 1400 2280 ὅτι
1430 2225 1502 2282 Τὸ
1526 2227 1779 2297 Πνεῦμα
1798 2227 1866 2282 τὸ

285 2315 459 2385 ἅγιον
488 2313 616 2381 τοῖς
628 2312 1093 2384 ,βαπτιζομένοις
1109 2315 1336 2384 ἐνίησι,
1356 2316 1424 2373 τὸ
1447 2317 1518 2383 ἐξ
1537 2314 1748 2384 αὐτοῦ,
1767 2317 1869 2373 καὶ

286 2406 444 2460 ἴδιον
477 2405 684 2462 αὐτοῦ.
727 2406 841 2459 Καὶ
870 2406 1031 2461 τοῦτο
1072 2408 1205 2462 αὐτὸ
1227 2405 1307 2479 τῷ
1348 2409 1577 2482 Ἑρμείᾳ
1604 2410 1809 2482 γράφει
1838 2412 1868 2465 6

284 2497 445 2561 αὐτὸς
471 2497 744 2568 μακάριος
771 2496 1063 2567 Κύριλλος,
1085 2499 1147 2551 ἐν
1160 2501 1227 2570 τῇ
1259 2500 1528 2571 ἑρμηνείᾳ
1560 2500 1654 2554 τοῦ
1674 2503 1866 2556 ἐνάτου

158 2594 167 2603 ⁴
282 2586 728 2658 ἀναθεματισμοῦ
761 2585 919 2641 τοῦτο
938 2588 1072 2641 αὐτὸ
1088 2586 1283 2656 λέγων.
1331 2590 1423 2643 Ἐν
1447 2589 1526 2660 τῷ
1553 2591 1730 2663 ἐνάτῳ
1755 2592 1866 2665 γὰρ

283 2680 736 2752 ἀναθεματισμῷ,
769 2678 898 2734 ἴδιον
925 2677 1068 2737 εἶναι
1104 2679 1201 2735 τοῦ
1231 2680 1364 2737 Υεοῦ
1414 2683 1476 2738 τὸ
1523 2682 1749 2757 Πνεῦμα
1792 2686 1868 2740 εί-

285 2772 422 2837 πὼν,
442 2772 534 2826 τὸν
557 2772 720 2828 αὐτὸν
732 2772 922 2827 ἔνατον
938 2773 1381 2846 ἀναθεματισμδν
1393 2776 1741 2847 ἑρμηνεύων,
1759 2777 1865 2832 τίνι

282 2865 463 2937 ἐννοίᾳ
498 2863 629 2919 ίδιον
654 2863 822 2918 αὐτοῦ
857 2861 998 2918 εἶναι
1033 2865 1094 2941 τί)
1123 2864 1346 2936 Πνεῦμα
1390 2867 1616 2938 ἀνέῳξε,
1665 2869 1864 2936 λέγων⁹

286 2951 620 3024 Ἀνθρωπος
636 2955 894 3027 γεγονὼς
915 2958 950 3009 ό
969 2957 1314 3027 Μονογενὴς
1341 2958 1447 3012 τοῦ
1475 2960 1623 3013 Θεοῦ
1649 2961 1860 3028 Λόγος,

281 3047 695 3118 ἀπομεμένηκε
711 3048 809 3102 καὶ
831 3048 988 3102 οὕτω
1015 3049 1181 3113 Θεός·
1209 3047 1406 3103 πάντα
1429 3048 1719 3121 ὑπάρχων
1748 3053 1866 3107 ὅσα

282 3143 378 3198 καί
399 3145 433 3197 d
452 3140 821 3210 Πατήρ,δίχα
833 3141 1029 3210 μόνου
1050 3141 1157 3195 τοῦ
1176 3135 1328 3195 εἶναι
1346 3141 1568 3211 Πατήρο
1585 3144 1683 3198 καί
1706 3144 1865 3199 rem

280 3235 436 3302 ἔχων
454 3232 521 3287 τὸ
551 3232 623 3297 ἐξ
647 3230 834 3286 αὑτοῦ
866 3231 966 3285 καὶ
985 3230 1290 3296 οὐσιωδῶς
1310 3232 1657 3302 ἐμπεφυκὸς
1703 3236 1865 3302 αὐτῷ

280 3326 453 3396 ἄτιον
471 3322 734 3393 Πνεῦμα,
759 3325 855 3377 καὶ
874 3324 943 3376 τὰ
964 3323 1149 3378 λοιπά.
1173 3316 1301 3376 Ὧδε
1323 3324 1488 3377 πάλιν
1506 3325 1865 3397 φανερώτατα

279 3417 341 3469 τὺ
365 3415 590 3487 Πνεῦμα
626 3415 687 3467 τὸ
727 3414 883 3484 ἅγιον
912 3417 977 3469 ἐκ
1007 3413 1100 3469 τοῦ
1129 3413 1262 3468 Υίοῦ
1293 3410 1432 3468 εῖναι
1477 3416 1627 3485 λέγει
1654 3418 1683 3470 6
1711 3418 1866 3486 ἅγιος

282 3510 494 3580 Πατήρ.
530 3508 645 3562 Οὐκ
673 3507 877 3589 ὀφείλει
904 3505 961 3561 δέ
987 3522 1095 3562 τινι
1119 3501 1261 3562 εἶναι
1286 3506 1618 3577 ἀμφίϐολον,
1655 3509 1738 3562 ὅτι
1767 3509 1865 3581 τὴν

282 3602 488 3656 ἔννοιαν
521 3599 756 3671 ἐκείνην,
790 3592 894 3653 ὧδε
928 3597 1173 3669 ἀνέῳξεν
1199 3600 1229 3653 6
1270 3599 1460 3667 ἅγιος,
1488 3599 1681 3670 ἥντινα
1719 3596 1865 3671 εἶχεν

280 3696 370 3749 ὅτε
411 3695 502 3749 τὸν
546 3693 995 3765 ἀναθεματισμὸν
1023 3692 1260 3760 ἐξέθετο.
1291 3692 1397 3750 Τὸν
1420 3693 1864 3765 ἀναθεματισμὸν

278 3787 337 3840 δὲ
369 3787 599 3851 ἐκεῖνον,
640 3786 740 3840 σὺν
792 3786 930 3838 πᾶσι
985 3783 1169 3848 ἄλλοις
1219 3783 1694 3855 ἀναϐεματισμοῖς
1746 3785 1864 3838 ἀδέ-

282 3879 409 3944 ξατο
435 3879 469 3949 ἡ
498 3878 628 3945 ἁγία
644 3878 739 3931 καὶ
765 3876 1124 3948 οἱκουμενικὴ
1151 3874 1199 3945 γ’
1230 3875 1470 3949 φύνοδος,
1495 3878 1553 3930 ὲν
1582 3877 1770 3951 ἐκείνῃ
1795 3880 1862 3949 τῇ

280 3968 482 4041 ἐννοίᾳ,
502 3970 560 4021 ὲν
643 3969 672 4021 6
690 3967 844 4035 ἅγιος
873 3966 1109 4032 ἐξέθετο.
1133 3967 1414 4039 Ἀρίδηλον
1441 3968 1550 4040 γάρ
1576 3969 1714 4033 ἐστι,
1737 3971 1863 4035 τοὺς

279 4060 728 4131 ἁγίουςΠατέρας
744 4054 805 4114 ἐν
828 4061 894 4129 τῇ
920 4060 1055 4132 ἁγίᾳ
1075 4077 1305 4132 προειρη
1314 4060 1453 4132 μένῃ
1476 4062 1862 4131 συναχθέντας,

280 4154 409 4224 ὅλην
447 4153 544 4225 τὴν
566 4154 760 4227 τρίτην
800 4152 895 4230 τοῦ
938 4154 1345 4224 προειρημένου
1377 4154 1592 4225 [ἰατρὸς
1641 4155 1865 4210 ἐπιστοκ

278 4247 377 4318 λὴν
406 4247 542 4318 πρὸς
569 4246 661 4301 τδν
689 4245 864 4316 ἀσεὸἧ
891 4246 1186 4316 Νεστόριον
1217 4245 1311 4298 τὸν
1343 4247 1864 4301 Κωνσταντινουπό-

277 4339 418 4403 λεως
431 4340 731 4393 ἐπίσκοπον
762 4338 1158 4408 γεγραμμένην
1192 4337 1539 4410 χωρίς-τινος
1559 4337 1860 4409 διπαγμοῦ

1970 1865 2110 1921 Filio
2147 1863 2331 1919 dicit:
2362 1844 2671 1917 Imminere.
2707 1859 2967 1931 Spiritum
3002 1868 3281 1923 sanctum,
3314 1861 3428 1924 his,
3466 1861 3559 1931 qui

1968 1956 2330 2027 baptiaantur,
2352 1955 2444 2024 qui
2471 1964 2537 2007 ea:
2561 1953 2676 2023 ipso
2722 1958 2774 2005 et
2810 1950 2926 2020 ejus
2969 1953 3217 2022 proprius
3246 1959 3342 2005 est.
3374 1950 3557 2020 Atque

1964 2046 2076 2101 hoc
2101 2045 2247 2121 idem
2278 2043 2516 2099 Hermia:
2558 2041 2755 2099 scribit
2786 2040 2935 2097 idem
2966 2041 3163 2097 beatus
3200 2039 3462 2113 Cyrillus,
3496 2040 3555 2095 in

1969 2137 2313 2209 expositione
2341 2136 2473 2191 noni
2505 2134 2955 2190 anathematismi
2994 2134 3102 2188 hoc
3136 2134 3316 2203 ipsum
3342 2132 3554 2189 dicens.

1967 2232 2028 2286 In
2052 2243 2200 2285 nono
2230 2229 2377 2284 enim
2404 2224 2896 2291 anathematismo,
2919 2240 3046 2281 cum
3075 2224 3343 2289 dixisset,
3386 2224 3556 2295 Spiri.

1969 2333 2084 2379 tum
2129 2321 2253 2376 Filii
2276 2322 2556 2393 proprium
2583 2334 2715 2386 esse,
2749 2317 3009 2374 eumdem
3033 2316 3554 2372 anathematismum

1967 2430 2290 2487 exponens,
2318 2428 2430 2485 quo
2493 2427 2659 2468 sensu
2708 2411 2953 2482 Spiritus
2985 2411 3108 2481 ejus
3151 2408 3413 2478 proprius
3459 2406 3554 2473 sit,

1967 2506 2206 2579 aperuit,
2239 2505 2430 2561 dicens
2459 2522 2472 2558 :
2505 2503 2672 2558 Homo
2707 2503 2906 2573 factum
2925 2502 3157 2570 unigena
3183 2498 3279 2552 Dei
3306 2497 3552 2564 Verbum,

1966 2601 2042 2655 sic
2063 2614 2268 2671 quoque
2300 2597 2557 2651 remansit
2602 2595 2779 2660 Deus;
2814 2608 2926 2647 cum
2972 2594 3039 2648 sit
3063 2593 3243 2646 omnia
3268 2631 3283 2656 ,
3336 2606 3556 2661 quaque

1966 2699 2046 2746 est
2073 2699 2123 2744 et
2152 2688 2337 2753 Pater,
2353 2704 2460 2742 uno
2491 2689 2586 2741 hoc
2609 2686 3000 2756 dempt0,quod
3033 2699 3140 2737 non
3171 2691 3247 2736 est
3280 2681 3481 2747 Pater;
3504 2692 3556 2736 et

1968 2784 2243 2855 proprium
2278 2781 2489 2845 habeat,
2521 2780 2612 2850 qui
2638 2794 2703 2832 ex
2724 2779 2838 2848 ipso
2857 2782 2954 2840 est,
2988 2783 3040 2830 et
3071 2777 3128 2830 in
3156 2778 3271 2846 ipso
3303 2774 3555 2829 substan-

1969 2872 2168 2927 tiatiter
2183 2877 2381 2925 natura
2409 2871 2565 2932 inest,
2585 2866 2816 2939 Spiritus
2862 2872 3110 2930 sanctus,
3153 2872 3260 2920 etc.
3295 2863 3398 2918 Hic
3421 2878 3544 2917 rur-

1968 2978 2075 3019 sus.
2102 2960 2407 3017 clarissime
2436 3000 2451 3024 ,
2489 2972 2613 3013 esse
2660 2957 2927 3027 Spiritum
2987 2961 3239 3010 sanctum
3287 2968 3356 3006 ex
3389 2950 3551 3014 Filio,

1967 3060 2194 3109 sanctus
2226 3051 2393 3107 Pater
2427 3049 2581 3104 dicit.
2620 3046 2839 3103 Nemini
2873 3053 3059 3101 autem
3101 3043 3405 3114 quidquam
3451 3041 3557 3095 du-

1967 3146 2118 3201 bium
2148 3158 2268 3199 esse
2319 3142 2505 3206 debet,
2538 3140 2791 3196 eamdem
2852 3139 2946 3193 hic
3007 3145 3247 3191 mentem
3300 3142 3554 3189 sanctum

1965 3239 2270 3309 aperuisse,
2300 3249 2464 3305 quam
2497 3232 2758 3287 habuerit
2778 3273 2792 3297 ,
2830 3243 2947 3287 tum
2971 3269 2987 3294 ,
3022 3242 3148 3283 cum
3181 3225 3552 3282 anathemati-

1964 3345 2143 3386 smum
2163 3329 2371 3383 ederet.
2396 3327 2554 3381 Hunc
2573 3338 2739 3394 porro
2760 3320 3281 3376 anath‘ematismum
3308 3332 3432 3371 cum
3459 3330 3553 3372 re-

1965 3421 2133 3492 liquis
2155 3416 2412 3474 omnibus
2438 3413 2911 3471 anathematismis
2942 3411 3151 3481 recepit
3182 3409 3344 3463 tertia
3366 3416 3554 3463 sancta

1963 3522 2020 3568 et
2041 3510 2383 3568 mcumenica
2410 3508 2668 3580 ‘synodus
2689 3546 2705 3570 ,
2755 3520 2868 3575 quo
2901 3519 3069 3559 sensu
3105 3502 3334 3556 sanctus
3360 3498 3554 3555 edide-

1967 3613 2069 3659 rat.
2104 3602 2451 3658 Manifestum
2496 3600 2647 3657 euim
2674 3607 2783 3660 est.
2811 3606 3034 3653 sanctos
3069 3597 3262 3652 Patres
3316 3595 3369 3648 in
3405 3593 3552 3649 dicta

1964 3706 2152 3754 sancta
2172 3695 2392 3768 synodo
2426 3701 2808 3765 congregatos,
2834 3699 3004 3746 totam
3037 3691 3255 3747 tertiam
3286 3687 3420 3744 dicti
3447 3687 3552 3742 Pa-

1966 3789 2066 3844 tris
2100 3787 2389 3859 epistolam
2422 3785 2688 3841 adversus
2710 3784 2945 3853 impium
2981 3781 3298 3838 Nestorium
3335 3781 3552 3849 episco—

1964 3897 2095 3951 pum
2144 3876 2841 3947 Constantinopolitanum,
2874 3873 3135 3943 scriptam
3176 3872 3383 3940 absque
3439 3868 3554 3924 ulla

1966 3971 2373 4029 retractationis
2403 3968 2752 4024 haesitatione
2787 3965 3083 4035 recepisse.
3121 3962 3341 4017 Scimus
3364 3969 3549 4016 autem

1965 4066 2125 4121 dicta)
2153 4064 2399 4135 epistofae
2428 4070 2732 4117 extremam
2758 4065 2970 4128 partem
2996 4095 3012 4121 ,
3041 4054 3222 4110 dictos
3252 4051 3551 4108 duodecim

1964 4154 2447 4210 anathematismos
2477 4149 2784 4207 continere.
2810 4146 2968 4214 Quod
3000 4145 3047 4201 si
3072 4143 3199 4215 quis
3226 4141 3384 4212 quasi
3413 4141 3552 4212 legi-

1966 4238 2097 4304 tima
2130 4247 2273 4302 tueri
2306 4244 2657 4316 aggrediatur
2682 4238 3010 4297 Theodoriti
3036 4235 3163 4309 Cyri
3181 4233 3426 4305 episcopi
3449 4233 3555 4286 im—

1965 4341 2209 4414 piissima
2228 4339 2428 4399 verba.
2463 4353 2585 4408 quae
2624 4336 2670 4390 is
2703 4333 2852 4389 omni
2906 4330 3253 4403 impudentia
3302 4326 3553 4384 evomuit

278 4427 590 4494 ἁναξὰνεως
622 4426 1044 4500 [ἀνεξετάστως]
1075 4425 1342 4498 δεδέχθαι.
1373 4426 1723 4498 Γινώσκομεν
1772 4428 1851 4490 δὲ,

1966 4433 2225 4489 adversus
2264 4428 2396 4484 dicti
2435 4424 2613 4482 Patris
2641 4422 2936 4479 duodecim
2993 4419 3272 4491 capitula,
3332 4417 3554 4472 noverit

277 4524 363 4576 ὅτι
409 4522 509 4592 τῆς
541 4519 955 4593 προειρημένης
990 4519 1286 4590 ἐπιστολῆς
1327 4521 1388 4575 τὸ
1412 4519 1641 4591 ἔσχατον
1671 4522 1860 4591 μέρος,

276 4615 403 4678 τοὺς
422 4611 859 4684 προειρημένους
888 4612 1138 4683 περιέχει
1161 4612 1647 4682 ἀναθεματισμοὺς
1676 4610 1765 4684 ιβ’.
1800 4614 1865 4667 Et

277 4705 335 4759 δέ
362 4722 445 4768 τις
476 4704 726 4776 νομίμως
757 4703 1061 4775 ἐπιχειροίη
1082 4703 1149 4758 τὰ
1166 4702 1259 4759 τοῦ
1278 4705 1613 4774 Θεοδωρίτου
1639 4706 1867 4760 ἐπισκό-

279 4814 382 4850 που
411 4797 596 4868 Κύρου
632 4795 854 4867 ῥήματα
882 4797 950 4849 τὰ
983 4795 1344 4863 ἀσεϐέστατα,
1376 4796 1536 4851 ἅτινα
1594 4798 1737 4851 κατὰ
1765 4798 1863 4852 τοῦ

279 4887 686 4959 προειρημένου
730 4888 946 4959 Πατρὸς
989 4887 1081 4942 διὰ
1135 4889 1202 4959 ιβ’
1230 4889 1547 4967 κεφαλαίων
1591 4889 1864 4961 ἐξήμεσεν

278 4982 525 5051 ἁναίδην,
555 4980 878 5050 γινωσκέτω
915 4980 1016 5050 τὴν
1046 4980 1306 5052 πέμπτην
1354 4981 1518 5050 ἁγίαν
1551 4981 1645 5034 καὶ
1676 4983 1862 5036 οίκου-

280 5074 511 5145 μενικὴν
539 5072 779 5136 σύνοδον,
805 5071 1289 5141 ἁναθεματίσασαν
1318 5072 1443 5136 τοὺς
1471 5071 1565 5126 τοῦ
1598 5091 1862 5147 προειρη-

280 5163 445 5233 μένου
479 5162 812 5233 Θεοδωρίτου
856 5161 1177 5233 βαϐισμούς’
1215 5163 1361 5225 ὅστις
1405 5164 1547 5216 κατὰ
1585 5164 1682 5217 τοῦ
1753 5182 1861 5234 μα-

276 5256 472 5328 καρίου
500 5255 774 5326 Κυρί).λου
804 5246 1050 5326 ῥήματα,
1091 5255 1148 5307 ὲν
1178 5250 1260 5318 οἷς
1293 5255 1388 5308 καὶ
1434 5255 1583 5322 αὐτῷ
1625 5255 1859 5327 ἀπεκρί-

276 5363 430 5411 νατο,
480 5347 641 5418 μόνον
676 5340 785 5400 οἵδε
816 5348 1162 5418 κατηγορεῖν.
1216 5346 1381 5416 Λέγει
1423 5348 1533 5419 γὰρ
1563 5349 1597 5417 ἡ
1630 5349 1858 5420 πέμπτη

277 5437 413 5507 ἁγία
453 5440 550 5493 καὶ
580 5437 844 5507 καθολικὴ
880 5436 1101 5502 σύνοδος
1127 5440 1186 5493 ἐν
1219 5439 1417 5509 πράξει
1447 5440 1630 5512 ὀγδόῃ,
1660 5439 1858 5505 οὕτως·

278 5530 728 5598 Κατακρινομον
784 5532 882 5585 καί
943 5531 1445 5601 ἁναθεματίζομεν
1528 5528 1680 5602 πρὸς
1734 5533 1860 5600 τοῖς

281 5620 498 5685 ἄλλοις
545 5621 778 5678 ἅπασιν
814 5622 1131 5691 αἰρετικοῖς
1163 5623 1286 5689 τοῖς
1317 5626 1727 5693 κατακριοεῖσι
1756 5626 1857 5679 καὶ

281 5711 830 5782 ἀναθεματισθεῖσι,
873 5713 1031 5783 παρὰ
1072 5731 1133 5769 τε
1176 5713 1293 5770 τῶν
1320 5714 1647 5784 εἰρημένων
1675 5717 1860 5780 ἁγίων

1968 4526 2213 4576 sanctam
2254 4516 2502 4586 quintam
2545 4526 2610 4568 ac
2663 4510 3065 4568 mcumcnicsm
3113 4507 3387 4581 synodum
3415 4506 3553 4561 dicti
3590 4538 3596 4543 -

1967 4608 2289 4668 Theodoriti
2350 4621 2527 4678 nugas
2571 4604 2711 4660 diris
2760 4602 3055 4659 devovisse
3098 4620 3112 4656 :
3148 4616 3273 4656 cum
3308 4599 3356 4653 is
3403 4606 3554 4653 totus

1966 4707 2023 4761 in
2058 4720 2125 4760 eo
2165 4703 2258 4769 sit,
2285 4708 2347 4756 ut
2395 4695 2542 4755 beati
2590 4696 2778 4770 Cyrilli
2827 4696 2998 4751 verba
3028 4691 3439 4764 reprehendat,
3494 4692 3556 4749 in

1965 4797 2170 4869 quibus
2216 4794 2385 4851 etiam
2432 4791 2524 4847 ille
2561 4791 2614 4869 ei
2659 4787 2969 4859 respondit.
3030 4786 3123 4842 Ait
3175 4785 3326 4840 enim
3357 4784 3556 4854 quinta

1964 4898 2151 4946 sancta
2190 4896 2246 4943 et
2299 4885 2629 4941 universalis
2675 4879 2919 4952 synodus
2951 4921 2966 4945 ,
3026 4880 3251 4934 actione
3307 4886 3498 4931 octava
3535 4892 3555 4933 :

1964 4982 2298 5036 Dumnamus
2327 4986 2377 5031 et
2399 4975 2941 5041 anathematizamus,
2967 4988 3083 5025 cum
3111 4968 3352 5040 reliquis
3382 4967 3557 5024 omni-

1963 5075 2057 5129 bus
2081 5073 2336 5128 haareticis
2367 5069 2637 5124 damnatis
2651 5068 2773 5137 jam
2812 5073 2864 5118 et
2899 5063 3244 5118 anathemate
3269 5061 3561 5131 percussis,

1964 5185 1996 5220 α
2041 5166 2236 5220 sanctis
2260 5172 2490 5235 quatuor
2519 5160 2671 5214 dictis
2704 5157 2937 5229 synodis,
2984 5164 3034 5209 et
3065 5173 3097 5209 a
3136 5159 3326 5208 sancta
3370 5164 3418 5206 et
3457 5168 3553 5206 ca-

1962 5258 2158 5313 tlzolica
2194 5256 2457 5318 Ecclesia,
2491 5255 2655 5306 etiam
2692 5249 3042 5311 Theodorum,
3082 5247 3174 5317 qui
3218 5242 3553 5320 Mopsuestia:

1961 5355 2232 5425 episcopus
2281 5349 2411 5419 fuit,
2466 5347 2686 5417 ejusque
2733 5342 2901 5413 impia
2964 5346 3344 5403 monumenta;
3390 5334 3552 5406 impie

1960 5449 2086 5501 item
2114 5444 2413 5513 conscripta
2443 5461 2475 5496 a
2498 5440 2830 5499 Theodorito.
2856 5446 3045 5492 contra
3081 5445 3283 5490 rectam
3314 5432 3476 5502 ﬁdem
3502 5435 3551 5483 et

1960 5534 2234 5591 duodecim
2283 5531 2519 5603 capitula
2549 5531 2720 5585 sancti
2759 5527 2923 5599 693
2964 5525 3154 5599 Cyrilli
3179 5540 3258 5600 ac
3306 5528 3555 5577 sanctam

1961 5629 2175 5685 tertiam
2209 5625 2531 5697 Ephesinam
2564 5621 2846 5694 synodum.
2877 5618 3215 5689 Quaecunque
3258 5609 3562 5669 demuntala

1962 5738 2022 5775 eo
2049 5721 2247 5789 scripta
2276 5725 2397 5772 sunt
2422 5731 2516 5785 pro
2550 5713 2852 5783 defensione
2881 5710 3133 5766 Theodori
3153 5717 3203 5763 et
3226 5705 3489 5763 Nestor-ii.
