4066 6150
518 159 3749 218 W

1606 323 1742 376 ΤοΥ
1781 322 1871 374 ΕΝ
1908 320 2136 374 ΑΙΊΟΙΣ
2167 319 2440 374 ΠΑΤΡΟΣ
2466 316 2680 382 HMQN,

885 482 1693 628 ΜΑΞΙΜΟΥ
1769 485 2118 620 ΤΟΥ
2176 469 3410 620 ΟΜΟΛΟΓΗΤΟΥ

1720 719 1875 765 ΠΕΡΙ
1921 717 2248 767 ΔΙΑΦΟΡΩΝ
2281 718 2568 766 ΑΠΟΡΙΩΝ

1014 874 1244 962 ΤΩΝ
1301 812 1637 960 ΑΓΙΩΝ
1712 871 2316 959 ΔΙΟΝΥΣΙοΥ
2381 869 2576 955 ΚΑΙ
2639 867 3260 994 ΓΡΗΓΟΡΙΟΥ

1533 1052 1726 1104 mox
1769 1022 2030 1105 'eaMsz
2085 1049 2224 1102 ἸῸΝ
2249 1049 2746 1106 ΗΠΑΣΜΕΝΟΝ.

731 1395 888 1550 S.
963 1401 1133 1547 P.
1226 1395 1414 1548 Ν.
1484 1390 2203 1564 MAXIMI
2262 1389 3548 1551 CONFESSORIS

1551 1666 1647 1726 DE
1684 1665 1943 1728 VARIIS
1977 1663 2473 1727 DlFFlClLIBUS
2519 1664 2737 1727 LOCIS

990 1850 1236 1962 'SS.
1305 1854 1522 1963 PP.
1595 1850 2250 1967 DIONYSII
2327 1847 2509 1962 ET
2575 1847 3259 1964 GREGORII

1747 2079 1861 2140 AD
1920 2078 2290 2140 THOMAM
2352 2081 2522 2142 κδ.

589 2263 828 2308 LIBRUM
860 2262 943 2305 EX
987 2263 1208 2308 CODICE
1257 2262 1692 2310 MANUSCRIPTO
1741 2263 2020 2310 GUDIANO
2051 2265 2410 2310 DESCRIPSIT
2440 2265 2516 2309 ET
2559 2265 2625 2310 IN
2651 2267 2928 2312 LATINUM
2963 2267 3301 2317 SERMONEM
3337 2268 3686 2317 INTERPRE-

1334 2429 1553 2486 TATUS,
1597 2429 1751 2474 POST
1786 2428 1835 2474 Ι.
1883 2429 2056 2476 SCOTI
2100 2428 2177 2471 ΕΤ
2218 2428 2324 2472 ΤΗ.
2369 2429 2530 2474 ῦΔιΕ
2577 2429 2960 2490 ΤΕΝΤΑΜΙΝΔ,

1734 2591 1860 2626 NUNC
1889 2590 2072 2626 ΡΒΙΠΒΙ
2096 2589 2336 2626 INTEGIUI
2372 2590 2532 2626 BDIDI'I'

1382 2739 2047 2851 PBANG.
2134 2739 2894 2860 OEHLER.

1619 2947 1808 3012 (ﬁalis,
1834 2949 1886 3002 C.
1911 2949 1966 3000 Ε.
1997 2950 2059 3000 Μ.
2086 2950 2288 3004 Pfeﬂ‘er.
2317 2949 2689 3028 MDCCCLVll.)

1814 3277 2493 3371 PIUEFATIO.

604 3613 753 3674 Cum
780 3615 923 3672 ante
950 3605 1073 3668 hos
1103 3605 1322 3670 decem
1343 3606 1476 3669 fere
1507 3607 1938 3670 annos'turbaa
1960 3609 2172 3673 civiles
2206 3627 2320 3692 per
2347 3612 2610 3691 patriam
2647 3609 3066 3689 ﬁnitimasque
3096 3613 3389 3691 regiones
3412 3633 3769 3695 grassaren.

518 3717 647 3782 tur,
687 3716 749 3772 et
780 3709 990 3802 omnia
1026 3709 1215 3787 plena
1247 3714 1460 3770 essent
1484 3706 1719 3770 mroris
1745 3715 1933 3789 atque
1954 3710 2237 3787 insaniae,
2269 3712 2366 3774 his
2382 3713 2618 3774 ferrum
2640 3713 2924 3789 etignem
2951 3719 3012 3773 et
3031 3715 3267 3794 quaevis
3288 3715 3523 3779 ferocia
3551 3725 3766 3798 aperte

519 3813 976 3886 minitantibus,
1016 3811 1142 3872 illis
1170 3828 1286 3892 per
1315 3812 1515 3874 varias
1548 3811 1856 3873 factiones
1879 3811 2362 3893 societatesque,
2410 3830 2673 3892 quarum
2718 3816 2836 3876 sibi
2870 3832 3269 3896 unaquaeque
3322 3835 3532 3880 veram
3585 3819 3763 3880 labo-

513 3919 678 3981 ranti
703 3917 1080 3980 medicinam
1126 3935 1316 3979 nosse
1340 3916 1690 3989 videbatur,
1724 3915 2182 3996 rempublicam
2235 3917 2750 3995 distrahentibus,
2814 3919 2917 3980 vix
2962 3918 3172 3986 dicere
3223 3937 3480 4000 possum
3530 3927 3766 4002 quanto

512 4037 661 4082 cum
693 4019 920 4096 gaudio
963 4036 1039 4079 ex
1060 4017 1281 4080 harum
1306 4035 1514 4079 rerum
1552 4024 1795 4079 terrore
1828 4034 1899 4079 ac
1932 4016 2122 4078 taadio
2147 4017 2223 4080 ad
2254 4035 2360 4079 eas
2382 4034 2482 4078 me
2518 4035 2770 4098 semper
2807 4019 3127 4082 retulerim
3163 4027 3328 4083 artes
3347 4040 3491 4102 quin
3522 4022 3764 4104 pridem

518 4119 700 4182 culta
733 4119 854 4180 illis
889 4118 1238 4198 prtesertim
1273 4116 1668 4196 temporibus
1693 4117 1769 4178 ad
1804 4116 2260 4178 consolandum
2295 4116 2572 4178 animum
2605 4126 2664 4178 et
2684 4135 2760 4180 ex
2788 4121 3108 4182 communi
3137 4123 3420 4184 omnium
3448 4125 3762 4188 bonorum

515 4217 759 4280 tristitia
790 4216 1158 4295 erigendum
1191 4216 1502 4295 imprimis
1526 4221 1688 4293 aptae
1721 4232 1856 4276 esse
1889 4214 2285 4277 videbantur.
2310 4218 2494 4276 Forte
2523 4216 2748 4277 accidit
2767 4225 2834 4278 ut
2857 4235 2894 4279 a
2927 4218 3102 4280 libris
3138 4220 3419 4298 Gregorii
3473 4223 3763 4300 Nysseni,

513 4321 694 4398 cujus
714 4318 922 4379 studio
951 4336 1093 4380 cum
1124 4317 1398 4378 maxime
1433 4318 1713 4389 tenebar,
1746 4317 1824 4378 ad
1879 4317 2169 4396 quaedam
2215 4317 2468 4379 Maximi
2526 4317 2933 4393 Confessoris,
3004 4319 3368 4400 philosophi
3399 4321 3761 4399 gravissimi,

515 4421 746 4500 scripta
769 4420 1072 4494 deferrer,
1106 4420 1286 4499 cujus
1314 4427 1384 4480 ut
1413 4419 1647 4482 ditlicili
1681 4425 1742 4480 et
1768 4417 2075 4498 impedito
2114 4437 2216 4481 me
2246 4436 2477 4496 genere
2510 4417 2674 4480 haud
2699 4436 2837 4480 raro
2857 4419 3259 4498 defatigatum
3297 4439 3434 4483 esse
3483 4439 3614 4484 non
3643 4420 3764 4482 dif-

509 4525 720 4597 ﬁteor,
761 4524 845 4586 ita
881 4530 938 4585 et
974 4524 1424 4585 sententiarum
1459 4518 1845 4585 sublimitate
1875 4528 1936 4583 et
1974 4523 2346 4602 placitorum
2378 4521 2656 4593 veritate,
2689 4537 2725 4582 e
2752 4521 3016 4601 limpido
3053 4523 3142 4602 pii
3170 4540 3244 4584 ac
3286 4523 3518 4586 sinceri
3570 4521 3761 4584 animi

511 4628 691 4688 fonte
722 4633 1094 4706 temperata,
1119 4624 1498 4686 mirabiliter
1533 4631 1811 4685 erectum
1847 4631 2179 4686 etauctum
2219 4611 2493 4684 me'esse
2523 4621 2713 4684 hodie
2742 4622 3042 4700 gratulor.
3083 4623 3260 4696 Quod
3295 4623 3465 4684 enim
3506 4622 3769 4684 Photius

510 4728 792 4805 Myrt'ob.
826 4728 966 4791 cod.
1002 4746 1189 4790 cxcn.
1225 4726 1369 4809 (col.
1421 4726 1528 4787 501
1581 4725 1680 4786 ed.
1720 4725 1998 4804 Hcesch.)
2033 4726 2112 4787 de
2141 4725 2262 4787 alio
2294 4724 2546 4786 Maximi
2570 4741 2765 4804 opere
2797 4725 3012 4798 sensit,
3037 4724 3386 4786 orationem
3411 4723 3548 4802 ejus
3572 4721 3768 4784 refer-

511 4839 639 4892 tam
671 4829 1061 4909 hyperbatis,
1083 4827 1726 4891 circumductionibus
1744 4828 2212 4905 verborumque
2235 4825 3170 4897 translationibuslaborantem,
3190 4822 3358 4884 haud
3381 4838 3523 4884 raro
3548 4821 3771 4883 obscu-

515 4930 764 4989 ritatem
790 4935 852 4988 et
878 4927 1308 4988 difﬁcultatem
1341 4941 1564 5005 parere
1596 4924 1973 5002 legentibus,
2005 4925 2117 4986 sed
2155 4925 2204 4984 si
2243 4923 2344 4986 cui
2374 4929 2614 5002 gratum
2631 4924 2707 4985 sit
2724 4923 3020 5002 anagogis
3047 4930 3106 4985 et
3129 4920 3770 5001 contemplationibus

516 5034 795 5091 mentem
826 5026 1174 5104 implicare,
1205 5042 1528 5104 nunquam
1551 5041 1693 5085 eum
1725 5042 1876 5087 sano
1912 5030 2311 5102 reperturum
2343 5041 2481 5084 esse
2511 5025 2634 5085 illis
2661 5031 2765 5086 aut
2803 5025 2998 5103 magis
3035 5023 3202 5085 varia
3245 5030 3353 5084 aut
3409 5021 3773 5099 diligentius

516 5127 860 5196 elaborata,
891 5128 1206 5208 imprimis
1241 5145 1390 5189 vero
1414 5128 1654 5207 ubique
1677 5127 1927 5190 elucere
1959 5127 2075 5186 viri
2097 5125 2394 5204 pietatem
2415 5133 2476 5188 et
2493 5146 2720 5208 purum
2754 5127 3196 5206 sincerumque
3231 5126 3456 5187 Christi
3518 5122 3772 5185 deside-

521 5227 709 5293 rium.
750 5226 810 5287 id
834 5226 1144 5305 judicium
1171 5227 1248 5286 de
1293 5229 1530 5307 majore
1557 5243 1823 5305 operum
1856 5225 2107 5288 Maximi
2139 5234 2314 5307 parte
2339 5230 2810 5307 pronuntiatum
2846 5233 3050 5307 potest
3103 5226 3320 5287 videri.
3390 5225 3540 5299 Sed,
3580 5232 3648 5286 ut
3694 5221 3774 5284 ad

523 5342 652 5384 rem
681 5333 973 5396 revertar,
1008 5325 1125 5386 sub
1153 5325 1360 5404 ipsum
1395 5325 1548 5388 illud
1599 5330 1850 5406 tempus
1891 5342 1926 5385 a
1981 5323 2514 5399 Schcenemanno,
2558 5324 2955 5388 bibliothecaa
3004 5322 3582 5403 Guelpherbytanze
3625 5329 3775 5384 tunc

522 5422 846 5498 praefecto,
880 5424 1013 5484 viro
1071 5430 1133 5485 et
1154 5427 1502 5502 gratissima
1522 5433 1584 5486 et
1615 5427 1890 5505 piissima
1914 5425 2218 5488 memoria
2242 5443 2496 5507 semper
2525 5428 2816 5501 colend'o,
2837 5427 3066 5490 certior
3105 5442 3243 5487 sum
3271 5425 3476 5489 factus
3505 5425 3584 5488 de
3611 5440 3776 5506 pra:-

521 5523 904 5583 stantissimo
925 5526 1143 5586 codice
1182 5527 1468 5590 Gudiano
1499 5527 1595 5587 39.
1620 5529 1750 5602 Gr.,
1793 5529 1898 5607 qui
1940 5535 2166 5604 prmter
2193 5529 2310 5590 alia
2341 5530 2588 5592 Maximi
2613 5547 2826 5611 opera,
2865 5529 3057 5590 multo
3102 5528 3500 5589 emendatius
3539 5532 3778 5589 servata
