  <div class='ocr_page' id='page_1' title='image "/cluster/home/n/w/nwhite01/storage/ocr_20150623/91/mdp.39015022223195/516.png"; bbox 0 0 4066 6150; ppageno 0'>
   <div class='ocr_carea' id='block_1_1' title="bbox 367 177 3630 278">
    <p class='ocr_par' dir='ltr' id='par_1_1' title="bbox 367 177 3630 278">
     <span class='ocr_line' id='line_1_1' title="bbox 367 177 3630 278; baseline 0.002 -7"><span class='ocrx_word' id='word_1_1' title='bbox 367 205 504 274; x_wconf 75' lang='lat'>1029</span> <span class='ocrx_word' id='word_1_2' title='bbox 635 217 650 224; x_wconf 45' lang='grc' dir='ltr'><strong>κ</strong></span> <span class='ocrx_word' id='word_1_3' title='bbox 1484 206 1749 270; x_wconf 82' lang='lat' dir='ltr'>FRANC.</span> <span class='ocrx_word' id='word_1_4' title='bbox 1789 207 2098 271; x_wconf 79' lang='lat' dir='ltr'>OEHLER</span> <span class='ocrx_word' id='word_1_5' title='bbox 2136 177 2578 273; x_wconf 53' lang='lat' dir='ltr'>marum]</span> <span class='ocrx_word' id='word_1_6' title='bbox 3339 179 3348 187; x_wconf 76' lang='grc'><em>’</em></span> <span class='ocrx_word' id='word_1_7' title='bbox 3482 214 3630 278; x_wconf 74' lang='lat'>1030</span> 
     </span>
    </p>
   </div>
   <div class='ocr_carea' id='block_1_2' title="bbox 366 306 3630 405">
    <p class='ocr_par' dir='ltr' id='par_1_2' title="bbox 366 306 3630 405">
     <span class='ocr_line' id='line_1_2' title="bbox 366 306 3630 405; baseline -0.001 -19"><span class='ocrx_word' id='word_1_8' title='bbox 366 341 556 405; x_wconf 91' lang='lat' dir='ltr'>quam</span> <span class='ocrx_word' id='word_1_9' title='bbox 589 306 801 386; x_wconf 81' lang='lat' dir='ltr'>essent</span> <span class='ocrx_word' id='word_1_10' title='bbox 831 339 866 386; x_wconf 86' lang='lat' dir='ltr'>a</span> <span class='ocrx_word' id='word_1_11' title='bbox 889 320 1272 386; x_wconf 85' lang='lat' dir='ltr'>Combeﬁsio</span> <span class='ocrx_word' id='word_1_12' title='bbox 1304 320 1492 396; x_wconf 82' lang='lat' dir='ltr'>edita,</span> <span class='ocrx_word' id='word_1_13' title='bbox 1519 321 1825 385; x_wconf 86' lang='lat' dir='ltr'>ineditum</span> <span class='ocrx_word' id='word_1_14' title='bbox 1848 341 2108 404; x_wconf 83' lang='lat' dir='ltr'>quoque</span> <span class='ocrx_word' id='word_1_15' title='bbox 2128 322 2388 386; x_wconf 76' lang='lat' dir='ltr'>haberet</span> <span class='ocrx_word' id='word_1_16' title='bbox 2411 319 2563 385; x_wconf 90' lang='lat' dir='ltr'>illud</span> <span class='ocrx_word' id='word_1_17' title='bbox 2609 323 2929 402; x_wconf 88' lang='lat' dir='ltr'>egregium</span> <span class='ocrx_word' id='word_1_18' title='bbox 2992 340 3153 402; x_wconf 85' lang='lat' dir='ltr'>Opus</span> <span class='ocrx_word' id='word_1_19' title='bbox 3184 328 3317 404; x_wconf 77' lang='grc' dir='ltr'>Περὶ</span> <span class='ocrx_word' id='word_1_20' title='bbox 3345 333 3630 404; x_wconf 73' lang='grc' dir='ltr'>διαφόρων-</span> 
     </span>
    </p>
   </div>
   <div class='ocr_carea' id='block_1_3' title="bbox 366 423 1972 508">
    <p class='ocr_par' dir='ltr' id='par_1_3' title="bbox 366 432 1972 508">
     <span class='ocr_line' id='line_1_3' title="bbox 366 432 1972 508; baseline -0.001 -18"><span class='ocrx_word' id='word_1_21' title='bbox 366 435 615 508; x_wconf 78' lang='grc' dir='ltr'>ἁποριῶν</span> <span class='ocrx_word' id='word_1_22' title='bbox 640 435 750 490; x_wconf 84' lang='grc' dir='ltr'>τῶν</span> <span class='ocrx_word' id='word_1_23' title='bbox 772 434 944 504; x_wconf 80' lang='grc' dir='ltr'>ἁγίων</span> <span class='ocrx_word' id='word_1_24' title='bbox 969 434 1248 489; x_wconf 80' lang='grc' dir='ltr'>Διονυσίου</span> <span class='ocrx_word' id='word_1_25' title='bbox 1270 432 1365 487; x_wconf 76' lang='grc' dir='ltr'>καὶ</span> <span class='ocrx_word' id='word_1_26' title='bbox 1391 433 1695 505; x_wconf 82' lang='grc' dir='ltr'>Γρηγορίου</span> <span class='ocrx_word' id='word_1_27' title='bbox 1722 434 1856 507; x_wconf 79' lang='grc' dir='ltr'>πρὸς</span> <span class='ocrx_word' id='word_1_28' title='bbox 1883 433 1972 488; x_wconf 85' lang='grc' dir='ltr'>Θω</span> 
     </span>
    </p>
   </div>
   <div class='ocr_carea' id='block_1_4' title="bbox 2010 423 3616 508">
    <p class='ocr_par' dir='ltr' id='par_1_4' title="bbox 2010 423 3616 506">
     <span class='ocr_line' id='line_1_4' title="bbox 2010 423 3616 506; baseline 0.001 -19"><span class='ocrx_word' id='word_1_29' title='bbox 2010 435 2086 488; x_wconf 77' lang='grc' dir='ltr'>,ἂν</span> <span class='ocrx_word' id='word_1_30' title='bbox 2133 434 2611 506; x_wconf 65' lang='grc' dir='ltr'>τὸν-ἡγιασμένον.</span> <span class='ocrx_word' id='word_1_31' title='bbox 2676 423 2929 505; x_wconf 88' lang='lat' dir='ltr'>Optanti</span> <span class='ocrx_word' id='word_1_32' title='bbox 2977 425 3110 504; x_wconf 89' lang='lat' dir='ltr'>ejus</span> <span class='ocrx_word' id='word_1_33' title='bbox 3172 425 3306 486; x_wconf 82' lang='lat' dir='ltr'>libri</span> <span class='ocrx_word' id='word_1_34' title='bbox 3370 427 3616 506; x_wconf 88' lang='lat' dir='ltr'>c0piam</span> 
     </span>
    </p>
   </div>
   <div class='ocr_carea' id='block_1_5' title="bbox 370 523 3616 608">
    <p class='ocr_par' dir='ltr' id='par_1_5' title="bbox 370 523 3616 608">
     <span class='ocr_line' id='line_1_5' title="bbox 370 523 3616 608; baseline -0 -20"><span class='ocrx_word' id='word_1_35' title='bbox 370 526 603 590; x_wconf 92' lang='lat' dir='ltr'>habere</span> <span class='ocrx_word' id='word_1_36' title='bbox 634 525 992 588; x_wconf 81' lang='lat' dir='ltr'>humaniter</span> <span class='ocrx_word' id='word_1_37' title='bbox 1023 525 1268 599; x_wconf 84' lang='lat' dir='ltr'>annuit,</span> <span class='ocrx_word' id='word_1_38' title='bbox 1295 523 1581 586; x_wconf 78' lang='lat' dir='ltr'>codicem</span> <span class='ocrx_word' id='word_1_39' title='bbox 1617 526 1981 588; x_wconf 82' lang='lat' dir='ltr'>transmisit.</span> <span class='ocrx_word' id='word_1_40' title='bbox 2016 526 2231 586; x_wconf 84' lang='lat' dir='ltr'>Inveni</span> <span class='ocrx_word' id='word_1_41' title='bbox 2265 545 2427 606; x_wconf 87' lang='lat' dir='ltr'>opus</span> <span class='ocrx_word' id='word_1_42' title='bbox 2465 551 2490 581; x_wconf 86' lang='lat'>«</span> <span class='ocrx_word' id='word_1_43' title='bbox 2519 527 2788 606; x_wconf 87' lang='lat' dir='ltr'>spissum</span> <span class='ocrx_word' id='word_1_44' title='bbox 2815 533 3004 606; x_wconf 86' lang='lat' dir='ltr'>atque</span> <span class='ocrx_word' id='word_1_45' title='bbox 3025 527 3314 600; x_wconf 83' lang='lat' dir='ltr'>arduum,</span> <span class='ocrx_word' id='word_1_46' title='bbox 3344 551 3377 582; x_wconf 67' lang='grc' dir='ltr'>τ)</span> <span class='ocrx_word' id='word_1_47' title='bbox 3411 537 3479 589; x_wconf 92' lang='lat' dir='ltr'>ut</span> <span class='ocrx_word' id='word_1_48' title='bbox 3502 548 3616 608; x_wconf 65' lang='lat' dir='ltr'>ap-</span> 
     </span>
    </p>
   </div>
   <div class='ocr_carea' id='block_1_6' title="bbox 374 624 3617 709">
    <p class='ocr_par' dir='ltr' id='par_1_6' title="bbox 374 624 3617 709">
     <span class='ocr_line' id='line_1_6' title="bbox 374 624 3617 709; baseline 0.002 -22"><span class='ocrx_word' id='word_1_49' title='bbox 374 625 1102 707; x_wconf 81' lang='lat' dir='ltr'>pellatMontefalconius</span> <span class='ocrx_word' id='word_1_50' title='bbox 1139 624 1325 688; x_wconf 82' lang='lat' dir='ltr'>Catal.</span> <span class='ocrx_word' id='word_1_51' title='bbox 1360 624 1514 686; x_wconf 87' lang='lat' dir='ltr'>bibl.</span> <span class='ocrx_word' id='word_1_52' title='bbox 1540 625 1752 699; x_wconf 88' lang='lat' dir='ltr'>Cois|.,</span> <span class='ocrx_word' id='word_1_53' title='bbox 1787 645 1848 705; x_wconf 83' lang='lat' dir='ltr'>p.</span> <span class='ocrx_word' id='word_1_54' title='bbox 1881 626 2018 686; x_wconf 83' lang='lat'>311.</span> <span class='ocrx_word' id='word_1_55' title='bbox 2060 629 2187 688; x_wconf 91' lang='lat' dir='ltr'>Nec</span> <span class='ocrx_word' id='word_1_56' title='bbox 2249 646 2508 706; x_wconf 86' lang='lat' dir='ltr'>parvum</span> <span class='ocrx_word' id='word_1_57' title='bbox 2573 635 2703 689; x_wconf 90' lang='lat' dir='ltr'>erat</span> <span class='ocrx_word' id='word_1_58' title='bbox 2758 627 3216 690; x_wconf 86' lang='lat' dir='ltr'>transcribendi</span> <span class='ocrx_word' id='word_1_59' title='bbox 3269 629 3424 709; x_wconf 86' lang='lat' dir='ltr'>ejus,</span> <span class='ocrx_word' id='word_1_60' title='bbox 3499 649 3617 694; x_wconf 88' lang='lat' dir='ltr'>nec</span> 
     </span>
    </p>
   </div>
   <div class='ocr_carea' id='block_1_7' title="bbox 370 724 3614 810">
    <p class='ocr_par' dir='ltr' id='par_1_7' title="bbox 370 724 3614 810">
     <span class='ocr_line' id='line_1_7' title="bbox 370 724 3614 810; baseline 0.001 -22"><span class='ocrx_word' id='word_1_61' title='bbox 370 730 556 791; x_wconf 87' lang='lat' dir='ltr'>taedio</span> <span class='ocrx_word' id='word_1_62' title='bbox 575 747 824 806; x_wconf 90' lang='lat' dir='ltr'>vacans,</span> <span class='ocrx_word' id='word_1_63' title='bbox 853 729 962 792; x_wconf 91' lang='lat' dir='ltr'>sed</span> <span class='ocrx_word' id='word_1_64' title='bbox 994 728 1375 797; x_wconf 87' lang='lat' dir='ltr'>fructuosus,</span> <span class='ocrx_word' id='word_1_65' title='bbox 1401 731 1471 786; x_wconf 89' lang='lat' dir='ltr'>ut</span> <span class='ocrx_word' id='word_1_66' title='bbox 1491 725 1912 797; x_wconf 81' lang='lat' dir='ltr'>confidebam,</span> <span class='ocrx_word' id='word_1_67' title='bbox 1945 724 2142 786; x_wconf 89' lang='lat' dir='ltr'>labor.</span> <span class='ocrx_word' id='word_1_68' title='bbox 2181 726 2367 786; x_wconf 87' lang='lat' dir='ltr'>Multa</span> <span class='ocrx_word' id='word_1_69' title='bbox 2398 726 2639 787; x_wconf 87' lang='lat' dir='ltr'>inerant</span> <span class='ocrx_word' id='word_1_70' title='bbox 2673 744 2974 806; x_wconf 79' lang='lat' dir='ltr'>perquam</span> <span class='ocrx_word' id='word_1_71' title='bbox 3003 728 3308 792; x_wconf 83' lang='lat' dir='ltr'>subtiliter</span> <span class='ocrx_word' id='word_1_72' title='bbox 3335 730 3614 810; x_wconf 88' lang='lat' dir='ltr'>disputa-</span> 
     </span>
    </p>
   </div>
   <div class='ocr_carea' id='block_1_8' title="bbox 371 826 3617 911">
    <p class='ocr_par' dir='ltr' id='par_1_8' title="bbox 371 826 3617 911">
     <span class='ocr_line' id='line_1_8' title="bbox 371 826 3617 911; baseline -0.002 -17"><span class='ocrx_word' id='word_1_73' title='bbox 371 841 452 908; x_wconf 93' lang='lat' dir='ltr'>ta,</span> <span class='ocrx_word' id='word_1_74' title='bbox 487 832 678 894; x_wconf 88' lang='lat' dir='ltr'>multa</span> <span class='ocrx_word' id='word_1_75' title='bbox 709 833 960 910; x_wconf 85' lang='lat' dir='ltr'>egregie</span> <span class='ocrx_word' id='word_1_76' title='bbox 989 834 1386 911; x_wconf 82' lang='lat' dir='ltr'>pertractata,</span> <span class='ocrx_word' id='word_1_77' title='bbox 1418 826 1683 906; x_wconf 87' lang='lat' dir='ltr'>plurima</span> <span class='ocrx_word' id='word_1_78' title='bbox 1726 826 1962 888; x_wconf 86' lang='lat' dir='ltr'>utiliter</span> <span class='ocrx_word' id='word_1_79' title='bbox 2016 827 2322 906; x_wconf 84' lang='lat' dir='ltr'>exposita,</span> <span class='ocrx_word' id='word_1_80' title='bbox 2376 845 2506 888; x_wconf 89' lang='lat' dir='ltr'>non</span> <span class='ocrx_word' id='word_1_81' title='bbox 2550 846 2749 908; x_wconf 85' lang='lat' dir='ltr'>pauca</span> <span class='ocrx_word' id='word_1_82' title='bbox 2801 847 2943 907; x_wconf 84' lang='lat' dir='ltr'>quae</span> <span class='ocrx_word' id='word_1_83' title='bbox 3001 829 3314 909; x_wconf 87' lang='lat' dir='ltr'>abripiant</span> <span class='ocrx_word' id='word_1_84' title='bbox 3374 831 3617 891; x_wconf 90' lang='lat' dir='ltr'>animos</span> 
     </span>
    </p>
   </div>
   <div class='ocr_carea' id='block_1_9' title="bbox 369 929 3613 1014">
    <p class='ocr_par' dir='ltr' id='par_1_9' title="bbox 369 929 3613 1014">
     <span class='ocr_line' id='line_1_9' title="bbox 369 929 3613 1014; baseline 0 -20"><span class='ocrx_word' id='word_1_85' title='bbox 369 933 848 1014; x_wconf 86' lang='lat' dir='ltr'>castissimoque</span> <span class='ocrx_word' id='word_1_86' title='bbox 873 939 933 995; x_wconf 91' lang='lat' dir='ltr'>et</span> <span class='ocrx_word' id='word_1_87' title='bbox 955 931 1285 994; x_wconf 90' lang='lat' dir='ltr'>mitissimo</span> <span class='ocrx_word' id='word_1_88' title='bbox 1320 930 1466 1008; x_wconf 92' lang='lat' dir='ltr'>igne</span> <span class='ocrx_word' id='word_1_89' title='bbox 1495 929 1882 1009; x_wconf 75' lang='lat' dir='ltr'>perfundant</span> <span class='ocrx_word' id='word_1_90' title='bbox 1901 937 1963 991; x_wconf 88' lang='lat' dir='ltr'>et</span> <span class='ocrx_word' id='word_1_91' title='bbox 1993 948 2120 1011; x_wconf 90' lang='lat' dir='ltr'>quo</span> <span class='ocrx_word' id='word_1_92' title='bbox 2148 930 2226 992; x_wconf 89' lang='lat' dir='ltr'>ad-</span> <span class='ocrx_word' id='word_1_93' title='bbox 2248 931 2524 992; x_wconf 84' lang='lat' dir='ltr'>sanctius</span> <span class='ocrx_word' id='word_1_94' title='bbox 2553 932 2704 992; x_wconf 49' lang='lat' dir='ltr'>vita!</span> <span class='ocrx_word' id='word_1_95' title='bbox 2738 949 2938 1009; x_wconf 89' lang='lat' dir='ltr'>genus</span> <span class='ocrx_word' id='word_1_96' title='bbox 2991 933 3444 995; x_wconf 89' lang='lat' dir='ltr'>instituendum</span> <span class='ocrx_word' id='word_1_97' title='bbox 3508 951 3613 996; x_wconf 76' lang='lat' dir='ltr'>ac~</span> 
     </span>
    </p>
   </div>
   <div class='ocr_carea' id='block_1_10' title="bbox 373 1024 3618 1110">
    <p class='ocr_par' dir='ltr' id='par_1_10' title="bbox 373 1024 3618 1110">
     <span class='ocr_line' id='line_1_10' title="bbox 373 1024 3618 1110; baseline -0.002 -13"><span class='ocrx_word' id='word_1_98' title='bbox 373 1035 740 1099; x_wconf 89' lang='lat' dir='ltr'>cendamur.</span> <span class='ocrx_word' id='word_1_99' title='bbox 781 1034 902 1094; x_wconf 92' lang='lat' dir='ltr'>Sed</span> <span class='ocrx_word' id='word_1_100' title='bbox 922 1024 1143 1094; x_wconf 50' lang='lat' dir='ltr'>&quot;tamen</span> <span class='ocrx_word' id='word_1_101' title='bbox 1184 1028 1475 1093; x_wconf 86' lang='lat' dir='ltr'>dolebam</span> <span class='ocrx_word' id='word_1_102' title='bbox 1509 1028 1680 1108; x_wconf 94' lang='lat' dir='ltr'>quod</span> <span class='ocrx_word' id='word_1_103' title='bbox 1715 1045 1877 1108; x_wconf 84' lang='lat' dir='ltr'>Opus</span> <span class='ocrx_word' id='word_1_104' title='bbox 1927 1037 2051 1090; x_wconf 83' lang='lat' dir='ltr'>tam</span> <span class='ocrx_word' id='word_1_105' title='bbox 2142 1028 2381 1089; x_wconf 89' lang='lat' dir='ltr'>varium</span> <span class='ocrx_word' id='word_1_106' title='bbox 2420 1038 2673 1109; x_wconf 84' lang='lat' dir='ltr'>tamque</span> <span class='ocrx_word' id='word_1_107' title='bbox 2713 1031 3066 1110; x_wconf 88' lang='lat' dir='ltr'>c0piosum,</span> <span class='ocrx_word' id='word_1_108' title='bbox 3137 1038 3259 1092; x_wconf 89' lang='lat' dir='ltr'>tam</span> <span class='ocrx_word' id='word_1_109' title='bbox 3326 1033 3618 1110; x_wconf 82' lang='lat' dir='ltr'>gravitate</span> 
     </span>
    </p>
   </div>
   <div class='ocr_carea' id='block_1_11' title="bbox 371 1127 3618 1212">
    <p class='ocr_par' dir='ltr' id='par_1_11' title="bbox 371 1127 3618 1212">
     <span class='ocr_line' id='line_1_11' title="bbox 371 1127 3618 1212; baseline 0.002 -23"><span class='ocrx_word' id='word_1_110' title='bbox 371 1149 557 1210; x_wconf 87' lang='lat' dir='ltr'>quam</span> <span class='ocrx_word' id='word_1_111' title='bbox 590 1131 968 1192; x_wconf 86' lang='lat' dir='ltr'>sublimitate</span> <span class='ocrx_word' id='word_1_112' title='bbox 995 1128 1601 1192; x_wconf 88' lang='lat' dir='ltr'>commentationum</span> <span class='ocrx_word' id='word_1_113' title='bbox 1639 1133 1944 1206; x_wconf 64' lang='lat' dir='ltr'>praestans</span> <span class='ocrx_word' id='word_1_114' title='bbox 1972 1127 2188 1188; x_wconf 90' lang='lat' dir='ltr'>tandiu</span> <span class='ocrx_word' id='word_1_115' title='bbox 2225 1127 2507 1205; x_wconf 89' lang='lat' dir='ltr'>ignotum</span> <span class='ocrx_word' id='word_1_116' title='bbox 2557 1130 2819 1207; x_wconf 90' lang='lat' dir='ltr'>jaceret,</span> <span class='ocrx_word' id='word_1_117' title='bbox 2851 1147 2924 1192; x_wconf 87' lang='lat' dir='ltr'>ac</span> <span class='ocrx_word' id='word_1_118' title='bbox 2978 1133 3208 1207; x_wconf 85' lang='lat' dir='ltr'>statim,</span> <span class='ocrx_word' id='word_1_119' title='bbox 3249 1132 3302 1193; x_wconf 89' lang='lat' dir='ltr'>si</span> <span class='ocrx_word' id='word_1_120' title='bbox 3363 1134 3618 1212; x_wconf 89' lang='lat' dir='ltr'>quando</span> 
     </span>
    </p>
   </div>
   <div class='ocr_carea' id='block_1_12' title="bbox 370 1227 3617 1311">
    <p class='ocr_par' dir='ltr' id='par_1_12' title="bbox 370 1227 3617 1311">
     <span class='ocr_line' id='line_1_12' title="bbox 370 1227 3617 1311; baseline 0.001 -19"><span class='ocrx_word' id='word_1_121' title='bbox 370 1232 564 1293; x_wconf 88' lang='lat' dir='ltr'>otium</span> <span class='ocrx_word' id='word_1_122' title='bbox 599 1229 788 1305; x_wconf 90' lang='lat' dir='ltr'>foret,</span> <span class='ocrx_word' id='word_1_123' title='bbox 814 1229 1003 1292; x_wconf 91' lang='lat' dir='ltr'>edere</span> <span class='ocrx_word' id='word_1_124' title='bbox 1030 1229 1186 1291; x_wconf 92' lang='lat' dir='ltr'>illud</span> <span class='ocrx_word' id='word_1_125' title='bbox 1216 1229 1277 1290; x_wconf 93' lang='lat' dir='ltr'>in</span> <span class='ocrx_word' id='word_1_126' title='bbox 1303 1229 1584 1291; x_wconf 89' lang='lat' dir='ltr'>animum</span> <span class='ocrx_word' id='word_1_127' title='bbox 1611 1228 1857 1289; x_wconf 81' lang='lat' dir='ltr'>induxi.</span> <span class='ocrx_word' id='word_1_128' title='bbox 1889 1229 2019 1290; x_wconf 86' lang='lat' dir='ltr'>Nec</span> <span class='ocrx_word' id='word_1_129' title='bbox 2061 1227 2356 1291; x_wconf 89' lang='lat' dir='ltr'>hesterna</span> <span class='ocrx_word' id='word_1_130' title='bbox 2395 1236 2486 1290; x_wconf 90' lang='lat' dir='ltr'>est</span> <span class='ocrx_word' id='word_1_131' title='bbox 2524 1231 2656 1308; x_wconf 83' lang='lat' dir='ltr'>ejus</span> <span class='ocrx_word' id='word_1_132' title='bbox 2706 1231 2891 1305; x_wconf 85' lang='lat' dir='ltr'>fama,</span> <span class='ocrx_word' id='word_1_133' title='bbox 2947 1231 2998 1292; x_wconf 90' lang='lat' dir='ltr'>si</span> <span class='ocrx_word' id='word_1_134' title='bbox 3055 1231 3313 1311; x_wconf 85' lang='lat' dir='ltr'>quidem</span> <span class='ocrx_word' id='word_1_135' title='bbox 3347 1235 3617 1295; x_wconf 89' lang='lat' dir='ltr'>Joannes</span> 
     </span>
    </p>
   </div>
   <div class='ocr_carea' id='block_1_13' title="bbox 357 1315 3616 1412">
    <p class='ocr_par' dir='ltr' id='par_1_13' title="bbox 357 1315 3616 1412">
     <span class='ocr_line' id='line_1_13' title="bbox 357 1315 3616 1412; baseline 0 -18"><span class='ocrx_word' id='word_1_136' title='bbox 357 1333 487 1411; x_wconf 87' lang='lat' dir='ltr'>jam</span> <span class='ocrx_word' id='word_1_137' title='bbox 517 1333 738 1394; x_wconf 91' lang='lat' dir='ltr'>Scotus</span> <span class='ocrx_word' id='word_1_138' title='bbox 772 1331 952 1412; x_wconf 83' lang='lat' dir='ltr'>jussu</span> <span class='ocrx_word' id='word_1_139' title='bbox 978 1329 1178 1393; x_wconf 88' lang='lat' dir='ltr'>Caroli</span> <span class='ocrx_word' id='word_1_140' title='bbox 1221 1329 1386 1390; x_wconf 89' lang='lat' dir='ltr'>Calvi</span> <span class='ocrx_word' id='word_1_141' title='bbox 1419 1329 1705 1390; x_wconf 88' lang='lat' dir='ltr'>Latinum</span> <span class='ocrx_word' id='word_1_142' title='bbox 1743 1315 1898 1402; x_wconf 82' lang='lat' dir='ltr'>illud</span> <span class='ocrx_word' id='word_1_143' title='bbox 1927 1327 2136 1391; x_wconf 89' lang='lat' dir='ltr'>facere</span> <span class='ocrx_word' id='word_1_144' title='bbox 2174 1329 2326 1390; x_wconf 90' lang='lat' dir='ltr'>olim</span> <span class='ocrx_word' id='word_1_145' title='bbox 2355 1329 2646 1390; x_wconf 78' lang='lat' dir='ltr'>instituit.</span> <span class='ocrx_word' id='word_1_146' title='bbox 2682 1331 2867 1408; x_wconf 88' lang='lat' dir='ltr'>Cujus</span> <span class='ocrx_word' id='word_1_147' title='bbox 2924 1332 3232 1394; x_wconf 83' lang='lat' dir='ltr'>versionis</span> <span class='ocrx_word' id='word_1_148' title='bbox 3264 1351 3299 1394; x_wconf 93' lang='lat' dir='ltr'>e</span> <span class='ocrx_word' id='word_1_149' title='bbox 3363 1333 3616 1396; x_wconf 83' lang='lat' dir='ltr'>Clunia-</span> 
     </span>
    </p>
   </div>
   <div class='ocr_carea' id='block_1_14' title="bbox 373 1425 3619 1510">
    <p class='ocr_par' dir='ltr' id='par_1_14' title="bbox 373 1425 3619 1510">
     <span class='ocr_line' id='line_1_14' title="bbox 373 1425 3619 1510; baseline -0 -14"><span class='ocrx_word' id='word_1_150' title='bbox 373 1433 539 1496; x_wconf 90' lang='lat' dir='ltr'>censi</span> <span class='ocrx_word' id='word_1_151' title='bbox 579 1432 1007 1496; x_wconf 87' lang='lat' dir='ltr'>bibliothe&#39;caa</span> <span class='ocrx_word' id='word_1_152' title='bbox 1034 1434 1276 1495; x_wconf 90' lang='lat' dir='ltr'>Joanne</span> <span class='ocrx_word' id='word_1_153' title='bbox 1317 1430 1613 1494; x_wconf 87' lang='lat' dir='ltr'>Mabillon</span> <span class='ocrx_word' id='word_1_154' title='bbox 1651 1429 1971 1510; x_wconf 91' lang='lat' dir='ltr'>quondam</span> <span class='ocrx_word' id='word_1_155' title='bbox 2027 1439 2299 1510; x_wconf 76' lang='lat' dir='ltr'>receptae</span> <span class='ocrx_word' id='word_1_156' title='bbox 2349 1425 2423 1492; x_wconf 60' lang='lat' dir='ltr'>et&#39;</span> <span class='ocrx_word' id='word_1_157' title='bbox 2476 1449 2617 1492; x_wconf 90' lang='lat' dir='ltr'>cum</span> <span class='ocrx_word' id='word_1_158' title='bbox 2649 1430 2886 1492; x_wconf 87' lang='lat' dir='ltr'>Thoma</span> <span class='ocrx_word' id='word_1_159' title='bbox 2939 1431 3088 1494; x_wconf 92' lang='lat' dir='ltr'>Gale</span> <span class='ocrx_word' id='word_1_160' title='bbox 3144 1433 3619 1496; x_wconf 83' lang='lat' dir='ltr'>communicatae</span> 
     </span>
    </p>
   </div>
   <div class='ocr_carea' id='block_1_15' title="bbox 369 1531 3619 1614">
    <p class='ocr_par' dir='ltr' id='par_1_15' title="bbox 369 1531 3619 1614">
     <span class='ocr_line' id='line_1_15' title="bbox 369 1531 3619 1614; baseline 0 -19"><span class='ocrx_word' id='word_1_161' title='bbox 369 1534 666 1613; x_wconf 87' lang='lat' dir='ltr'>reliquias</span> <span class='ocrx_word' id='word_1_162' title='bbox 700 1535 864 1613; x_wconf 90' lang='lat' dir='ltr'>(nam</span> <span class='ocrx_word' id='word_1_163' title='bbox 895 1533 947 1594; x_wconf 90' lang='lat' dir='ltr'>si</span> <span class='ocrx_word' id='word_1_164' title='bbox 975 1550 1106 1594; x_wconf 92' lang='lat' dir='ltr'>non</span> <span class='ocrx_word' id='word_1_165' title='bbox 1134 1532 1369 1604; x_wconf 87' lang='lat' dir='ltr'>omnia,</span> <span class='ocrx_word' id='word_1_166' title='bbox 1402 1537 1570 1593; x_wconf 92' lang='lat' dir='ltr'>certe</span> <span class='ocrx_word' id='word_1_167' title='bbox 1588 1531 1769 1610; x_wconf 90' lang='lat' dir='ltr'>plura</span> <span class='ocrx_word' id='word_1_168' title='bbox 1789 1531 2376 1593; x_wconf 86' lang='lat' dir='ltr'>vertisseJoannem</span> <span class='ocrx_word' id='word_1_169' title='bbox 2405 1532 2659 1593; x_wconf 85' lang='lat' dir='ltr'>Scotum</span> <span class='ocrx_word' id='word_1_170' title='bbox 2695 1549 2882 1611; x_wconf 89' lang='lat' dir='ltr'>quam</span> <span class='ocrx_word' id='word_1_171' title='bbox 2939 1551 3079 1613; x_wconf 71' lang='lat' dir='ltr'>qum</span> <span class='ocrx_word' id='word_1_172' title='bbox 3113 1540 3473 1594; x_wconf 86' lang='lat' dir='ltr'>manserunt</span> <span class='ocrx_word' id='word_1_173' title='bbox 3503 1551 3619 1614; x_wconf 89' lang='lat' dir='ltr'>ap-</span> 
     </span>
    </p>
   </div>
   <div class='ocr_carea' id='block_1_16' title="bbox 371 1630 3619 1715">
    <p class='ocr_par' dir='ltr' id='par_1_16' title="bbox 371 1630 3619 1715">
     <span class='ocr_line' id='line_1_16' title="bbox 371 1630 3619 1715; baseline -0 -17"><span class='ocrx_word' id='word_1_174' title='bbox 371 1641 546 1715; x_wconf 88' lang='lat' dir='ltr'>paret</span> <span class='ocrx_word' id='word_1_175' title='bbox 582 1641 714 1696; x_wconf 90' lang='lat' dir='ltr'>tum</span> <span class='ocrx_word' id='word_1_176' title='bbox 745 1650 821 1694; x_wconf 92' lang='lat' dir='ltr'>ex</span> <span class='ocrx_word' id='word_1_177' title='bbox 845 1632 1207 1712; x_wconf 72' lang='lat' dir='ltr'>praefatione</span> <span class='ocrx_word' id='word_1_178' title='bbox 1240 1631 1466 1710; x_wconf 89' lang='lat' dir='ltr'>ipsius,</span> <span class='ocrx_word' id='word_1_179' title='bbox 1500 1637 1632 1692; x_wconf 89' lang='lat' dir='ltr'>tum</span> <span class='ocrx_word' id='word_1_180' title='bbox 1655 1649 1732 1692; x_wconf 91' lang='lat' dir='ltr'>ex</span> <span class='ocrx_word' id='word_1_181' title='bbox 1753 1630 1896 1692; x_wconf 90' lang='lat' dir='ltr'>loco</span> <span class='ocrx_word' id='word_1_182' title='bbox 1935 1632 2023 1690; x_wconf 88' lang='lat' dir='ltr'>De</span> <span class='ocrx_word' id='word_1_183' title='bbox 2052 1631 2358 1692; x_wconf 80' lang='lat' dir='ltr'>divisione</span> <span class='ocrx_word' id='word_1_184' title='bbox 2389 1641 2631 1691; x_wconf 72' lang='lat' dir='ltr'>natu-rae</span> <span class='ocrx_word' id='word_1_185' title='bbox 2656 1636 2888 1712; x_wconf 82' lang='lat' dir='ltr'>Operis,</span> <span class='ocrx_word' id='word_1_186' title='bbox 2926 1653 2985 1714; x_wconf 91' lang='lat' dir='ltr'>p.</span> <span class='ocrx_word' id='word_1_187' title='bbox 3016 1633 3128 1695; x_wconf 75' lang='lat'>210</span> <span class='ocrx_word' id='word_1_188' title='bbox 3157 1635 3254 1696; x_wconf 92' lang='lat' dir='ltr'>ed.</span> <span class='ocrx_word' id='word_1_189' title='bbox 3298 1635 3458 1709; x_wconf 91' lang='lat' dir='ltr'>Gal.,</span> <span class='ocrx_word' id='word_1_190' title='bbox 3511 1637 3619 1698; x_wconf 88' lang='lat' dir='ltr'>ubi</span> 
     </span>
    </p>
   </div>
   <div class='ocr_carea' id='block_1_17' title="bbox 371 1717 3620 1816">
    <p class='ocr_par' dir='ltr' id='par_1_17' title="bbox 371 1717 3620 1816">
     <span class='ocr_line' id='line_1_17' title="bbox 371 1717 3620 1816; baseline -0.001 -18"><span class='ocrx_word' id='word_1_191' title='bbox 371 1735 715 1816; x_wconf 82' lang='lat' dir='ltr'>capitulum</span> <span class='ocrx_word' id='word_1_192' title='bbox 747 1731 1294 1813; x_wconf 76' lang='lat' dir='ltr'>quadragesimum</span> <span class='ocrx_word' id='word_1_193' title='bbox 1326 1730 1599 1810; x_wconf 87' lang='lat' dir='ltr'>primum</span> <span class='ocrx_word' id='word_1_194' title='bbox 1646 1717 1723 1791; x_wconf 87' lang='lat' dir='ltr'>de</span> <span class='ocrx_word' id='word_1_195' title='bbox 1747 1728 2060 1805; x_wconf 80' lang='lat' dir='ltr'>ambiguis</span> <span class='ocrx_word' id='word_1_196' title='bbox 2096 1729 2325 1790; x_wconf 82' lang='lat' dir='ltr'>citatin</span> <span class='ocrx_word' id='word_1_197' title='bbox 2375 1730 2724 1791; x_wconf 88' lang='lat' dir='ltr'>orationem</span> <span class='ocrx_word' id='word_1_198' title='bbox 2787 1733 3071 1810; x_wconf 79' lang='lat' dir='ltr'>Gregorii</span> <span class='ocrx_word' id='word_1_199' title='bbox 3127 1733 3496 1795; x_wconf 84' lang='lat' dir='ltr'>Nazianzeni</span> <span class='ocrx_word' id='word_1_200' title='bbox 3541 1735 3620 1796; x_wconf 86' lang='lat' dir='ltr'>de</span> 
     </span>
    </p>
   </div>
   <div class='ocr_carea' id='block_1_18' title="bbox 369 1829 3632 1913">
    <p class='ocr_par' dir='ltr' id='par_1_18' title="bbox 369 1829 3632 1913">
     <span class='ocr_line' id='line_1_18' title="bbox 369 1829 3632 1913; baseline -0.001 -15"><span class='ocrx_word' id='word_1_201' title='bbox 369 1835 690 1907; x_wconf 89' lang='lat' dir='ltr'>Paschate,</span> <span class='ocrx_word' id='word_1_202' title='bbox 730 1840 792 1894; x_wconf 89' lang='lat' dir='ltr'>et</span> <span class='ocrx_word' id='word_1_203' title='bbox 821 1833 1002 1913; x_wconf 90' lang='lat' dir='ltr'>plura</span> <span class='ocrx_word' id='word_1_204' title='bbox 1029 1832 1275 1894; x_wconf 86' lang='lat' dir='ltr'>videtur</span> <span class='ocrx_word' id='word_1_205' title='bbox 1303 1832 1486 1894; x_wconf 87' lang='lat' dir='ltr'>etiam</span> <span class='ocrx_word' id='word_1_206' title='bbox 1514 1829 1924 1892; x_wconf 83' lang='lat' dir='ltr'>Combeﬁsius</span> <span class='ocrx_word' id='word_1_207' title='bbox 1945 1831 2268 1903; x_wconf 85' lang='lat' dir='ltr'>habuisse,</span> <span class='ocrx_word' id='word_1_208' title='bbox 2304 1829 2355 1890; x_wconf 88' lang='lat' dir='ltr'>si</span> <span class='ocrx_word' id='word_1_209' title='bbox 2393 1831 2530 1910; x_wconf 78' lang='lat' dir='ltr'>ejus</span> <span class='ocrx_word' id='word_1_210' title='bbox 2574 1833 2763 1892; x_wconf 84' lang='lat' dir='ltr'>verba</span> <span class='ocrx_word' id='word_1_211' title='bbox 2822 1832 2888 1892; x_wconf 90' lang='lat' dir='ltr'>in</span> <span class='ocrx_word' id='word_1_212' title='bbox 2939 1833 3239 1894; x_wconf 82' lang='lat' dir='ltr'>Biblioth.</span> <span class='ocrx_word' id='word_1_213' title='bbox 3282 1837 3632 1895; x_wconf 53' lang='lat' dir='ltr'>concionar</span> 
     </span>
    </p>
   </div>
   <div class='ocr_carea' id='block_1_19' title="bbox 369 1931 3616 2016">
    <p class='ocr_par' dir='ltr' id='par_1_19' title="bbox 369 1931 3616 2016">
     <span class='ocr_line' id='line_1_19' title="bbox 369 1931 3616 2016; baseline -0.001 -14"><span class='ocrx_word' id='word_1_214' title='bbox 369 1941 532 2002; x_wconf 76' lang='lat' dir='ltr'>toria</span> <span class='ocrx_word' id='word_1_215' title='bbox 562 1943 717 1998; x_wconf 92' lang='lat' dir='ltr'>tom.</span> <span class='ocrx_word' id='word_1_216' title='bbox 745 1936 774 1995; x_wconf 94' lang='grc' dir='ltr'>Ι</span> <span class='ocrx_word' id='word_1_217' title='bbox 802 1934 1028 2015; x_wconf 87' lang='lat' dir='ltr'>posita,</span> <span class='ocrx_word' id='word_1_218' title='bbox 1078 1933 1359 2013; x_wconf 88' lang='lat' dir='ltr'>indeque</span> <span class='ocrx_word' id='word_1_219' title='bbox 1397 1931 1465 1993; x_wconf 89' lang='lat' dir='ltr'>in</span> <span class='ocrx_word' id='word_1_220' title='bbox 1507 1931 1773 1996; x_wconf 85' lang='lat' dir='ltr'>Fabricii</span> <span class='ocrx_word' id='word_1_221' title='bbox 1801 1931 2106 1994; x_wconf 82' lang='lat' dir='ltr'>Biblioth.</span> <span class='ocrx_word' id='word_1_222' title='bbox 2166 1932 2278 1994; x_wconf 86' lang='lat' dir='ltr'>Gr.</span> <span class='ocrx_word' id='word_1_223' title='bbox 2322 1937 2476 1993; x_wconf 91' lang='lat' dir='ltr'>tom.</span> <span class='ocrx_word' id='word_1_224' title='bbox 2504 1933 2609 2006; x_wconf 76' lang='lat' dir='ltr'>IX,</span> <span class='ocrx_word' id='word_1_225' title='bbox 2655 1951 2718 2012; x_wconf 89' lang='lat' dir='ltr'>p.</span> <span class='ocrx_word' id='word_1_226' title='bbox 2771 1933 2908 2004; x_wconf 84' lang='lat'>673,</span> <span class='ocrx_word' id='word_1_227' title='bbox 2951 1935 3052 1996; x_wconf 91' lang='lat' dir='ltr'>ed.</span> <span class='ocrx_word' id='word_1_228' title='bbox 3100 1935 3269 1996; x_wconf 82' lang='lat' dir='ltr'>Harl.</span> <span class='ocrx_word' id='word_1_229' title='bbox 3334 1937 3616 2016; x_wconf 85' lang='lat' dir='ltr'>repetita,</span> 
     </span>
    </p>
   </div>
   <div class='ocr_carea' id='block_1_20' title="bbox 368 2029 3618 2125">
    <p class='ocr_par' dir='ltr' id='par_1_20' title="bbox 368 2029 3618 2125">
     <span class='ocr_line' id='line_1_20' title="bbox 368 2029 3618 2125; baseline -0.001 -18"><span class='ocrx_word' id='word_1_230' title='bbox 368 2062 511 2107; x_wconf 86' lang='lat' dir='ltr'>cum</span> <span class='ocrx_word' id='word_1_231' title='bbox 544 2047 826 2108; x_wconf 90' lang='lat' dir='ltr'>Fabricio</span> <span class='ocrx_word' id='word_1_232' title='bbox 859 2044 1471 2125; x_wconf 88' lang='lat' dir='ltr'>recteinterpretor)</span> <span class='ocrx_word' id='word_1_233' title='bbox 1507 2029 1714 2106; x_wconf 77' lang='lat' dir='ltr'>edidit</span> <span class='ocrx_word' id='word_1_234' title='bbox 1752 2043 1843 2103; x_wconf 91' lang='lat' dir='ltr'>vir</span> <span class='ocrx_word' id='word_1_235' title='bbox 1876 2041 2218 2104; x_wconf 89' lang='lat' dir='ltr'>litterarum</span> <span class='ocrx_word' id='word_1_236' title='bbox 2262 2039 2448 2101; x_wconf 88' lang='lat' dir='ltr'>laude</span> <span class='ocrx_word' id='word_1_237' title='bbox 2481 2039 2961 2102; x_wconf 71' lang='lat' dir='ltr'>florentissimus</span> <span class='ocrx_word' id='word_1_238' title='bbox 3005 2041 3276 2105; x_wconf 89' lang='lat' dir='ltr'>Thomas</span> <span class='ocrx_word' id='word_1_239' title='bbox 3334 2043 3485 2104; x_wconf 87' lang='lat' dir='ltr'>Gale</span> <span class='ocrx_word' id='word_1_240' title='bbox 3540 2043 3618 2104; x_wconf 90' lang='lat' dir='ltr'>ad</span> 
     </span>
    </p>
   </div>
   <div class='ocr_carea' id='block_1_21' title="bbox 367 2139 1973 2227">
    <p class='ocr_par' dir='ltr' id='par_1_21' title="bbox 367 2139 1973 2227">
     <span class='ocr_line' id='line_1_21' title="bbox 367 2139 1973 2227; baseline 0.001 -22"><span class='ocrx_word' id='word_1_241' title='bbox 367 2139 604 2206; x_wconf 88' lang='lat' dir='ltr'>calcem</span> <span class='ocrx_word' id='word_1_242' title='bbox 659 2146 962 2208; x_wconf 91' lang='lat' dir='ltr'>librorum</span> <span class='ocrx_word' id='word_1_243' title='bbox 1009 2147 1291 2227; x_wconf 91' lang='lat' dir='ltr'>quinque</span> <span class='ocrx_word' id='word_1_244' title='bbox 1329 2145 1588 2208; x_wconf 82' lang='lat' dir='ltr'>Joannis</span> <span class='ocrx_word' id='word_1_245' title='bbox 1623 2144 1792 2205; x_wconf 91' lang='lat' dir='ltr'>Scoti</span> <span class='ocrx_word' id='word_1_246' title='bbox 1850 2154 1973 2222; x_wconf 75' lang='grc' dir='ltr'>Περῖ</span> 
     </span>
    </p>
   </div>
   <div class='ocr_carea' id='block_1_22' title="bbox 2029 2139 3635 2227">
    <p class='ocr_par' dir='ltr' id='par_1_22' title="bbox 2029 2141 3635 2224">
     <span class='ocr_line' id='line_1_22' title="bbox 2029 2141 3635 2224; baseline -0.011 -4"><span class='ocrx_word' id='word_1_247' title='bbox 2029 2152 2235 2220; x_wconf 61' lang='grc' dir='ltr'>ἓύσεως</span> <span class='ocrx_word' id='word_1_248' title='bbox 2266 2149 2558 2221; x_wconf 82' lang='grc' dir='ltr'>μερισμοῦ,</span> <span class='ocrx_word' id='word_1_249' title='bbox 2609 2142 2808 2202; x_wconf 88' lang='lat' dir='ltr'>Oxon.</span> <span class='ocrx_word' id='word_1_250' title='bbox 2848 2141 3020 2214; x_wconf 77' lang='lat'>1681,</span> <span class='ocrx_word' id='word_1_251' title='bbox 3079 2161 3142 2223; x_wconf 91' lang='lat' dir='ltr'>p.</span> <span class='ocrx_word' id='word_1_252' title='bbox 3183 2142 3355 2216; x_wconf 79' lang='lat'>1-45,</span> <span class='ocrx_word' id='word_1_253' title='bbox 3389 2143 3635 2224; x_wconf 88' lang='lat' dir='ltr'>quibus-</span> 
     </span>
    </p>
   </div>
   <div class='ocr_carea' id='block_1_23' title="bbox 365 2238 1971 2327">
    <p class='ocr_par' dir='ltr' id='par_1_23' title="bbox 365 2243 1971 2327">
     <span class='ocr_line' id='line_1_23' title="bbox 365 2243 1971 2327; baseline -0.001 -23"><span class='ocrx_word' id='word_1_254' title='bbox 365 2243 621 2306; x_wconf 85' lang='lat' dir='ltr'>alteram</span> <span class='ocrx_word' id='word_1_255' title='bbox 653 2247 869 2326; x_wconf 88' lang='lat' dir='ltr'>Operis</span> <span class='ocrx_word' id='word_1_256' title='bbox 933 2257 1068 2327; x_wconf 83' lang='grc' dir='ltr'>Περὶ</span> <span class='ocrx_word' id='word_1_257' title='bbox 1094 2255 1370 2324; x_wconf 75' lang='grc' dir='ltr'>διαφόρων</span> <span class='ocrx_word' id='word_1_258' title='bbox 1404 2254 1647 2324; x_wconf 80' lang='grc' dir='ltr'>ἀποριῶν</span> <span class='ocrx_word' id='word_1_259' title='bbox 1681 2245 1971 2324; x_wconf 64' lang='lat' dir='ltr'>particula</span> 
     </span>
    </p>
   </div>
   <div class='ocr_carea' id='block_1_24' title="bbox 2011 2238 3617 2327">
    <p class='ocr_par' dir='ltr' id='par_1_24' title="bbox 2011 2238 3617 2323">
     <span class='ocr_line' id='line_1_24' title="bbox 2011 2238 3617 2323; baseline -0.002 -19"><span class='ocrx_word' id='word_1_260' title='bbox 2011 2262 2052 2304; x_wconf 79' lang='grc' dir='ltr'><strong>ι]</strong></span> <span class='ocrx_word' id='word_1_261' title='bbox 2093 2261 2222 2305; x_wconf 87' lang='lat' dir='ltr'>una</span> <span class='ocrx_word' id='word_1_262' title='bbox 2281 2261 2422 2304; x_wconf 91' lang='lat' dir='ltr'>cum</span> <span class='ocrx_word' id='word_1_263' title='bbox 2469 2242 2682 2305; x_wconf 89' lang='lat' dir='ltr'>Latina</span> <span class='ocrx_word' id='word_1_264' title='bbox 2739 2238 3254 2321; x_wconf 84' lang='lat' dir='ltr'>interpretatione</span> <span class='ocrx_word' id='word_1_265' title='bbox 3312 2263 3374 2323; x_wconf 90' lang='lat' dir='ltr'>p.</span> <span class='ocrx_word' id='word_1_266' title='bbox 3428 2243 3617 2303; x_wconf 76' lang='lat'>46-70</span> 
     </span>
    </p>
   </div>
   <div class='ocr_carea' id='block_1_25' title="bbox 364 2333 3618 2428">
    <p class='ocr_par' dir='ltr' id='par_1_25' title="bbox 364 2333 3618 2428">
     <span class='ocr_line' id='line_1_25' title="bbox 364 2333 3618 2428; baseline -0.001 -22"><span class='ocrx_word' id='word_1_267' title='bbox 364 2348 708 2427; x_wconf 87' lang='lat' dir='ltr'>subjunxit.</span> <span class='ocrx_word' id='word_1_268' title='bbox 738 2351 1079 2428; x_wconf 83' lang='lat' dir='ltr'>Postquam</span> <span class='ocrx_word' id='word_1_269' title='bbox 1108 2348 1296 2426; x_wconf 81' lang='lat' dir='ltr'>igitur</span> <span class='ocrx_word' id='word_1_270' title='bbox 1324 2348 1515 2409; x_wconf 90' lang='lat' dir='ltr'>totius</span> <span class='ocrx_word' id='word_1_271' title='bbox 1555 2352 1617 2408; x_wconf 90' lang='lat' dir='ltr'>et</span> <span class='ocrx_word' id='word_1_272' title='bbox 1644 2347 1875 2422; x_wconf 79' lang='lat' dir='ltr'>integri</span> <span class='ocrx_word' id='word_1_273' title='bbox 1913 2353 2198 2423; x_wconf 77' lang='grc' dir='ltr'>Διαφόρων</span> <span class='ocrx_word' id='word_1_274' title='bbox 2233 2350 2493 2425; x_wconf 82' lang='grc' dir='ltr'>Ἀποριῶν</span> <span class='ocrx_word' id='word_1_275' title='bbox 2547 2345 2833 2424; x_wconf 91' lang='lat' dir='ltr'>corporis</span> <span class='ocrx_word' id='word_1_276' title='bbox 2875 2333 2994 2422; x_wconf 86' lang='lat' dir='ltr'>ego</span> <span class='ocrx_word' id='word_1_277' title='bbox 3025 2344 3254 2406; x_wconf 88' lang='lat' dir='ltr'>edendi</span> <span class='ocrx_word' id='word_1_278' title='bbox 3286 2344 3618 2406; x_wconf 89' lang='lat' dir='ltr'>consilium</span> 
     </span>
    </p>
   </div>
   <div class='ocr_carea' id='block_1_26' title="bbox 363 2444 3614 2529">
    <p class='ocr_par' dir='ltr' id='par_1_26' title="bbox 363 2444 3614 2529">
     <span class='ocr_line' id='line_1_26' title="bbox 363 2444 3614 2529; baseline -0.001 -20"><span class='ocrx_word' id='word_1_279' title='bbox 363 2449 530 2527; x_wconf 90' lang='lat' dir='ltr'>cepi,</span> <span class='ocrx_word' id='word_1_280' title='bbox 564 2451 895 2529; x_wconf 87' lang='lat' dir='ltr'>utriusque</span> <span class='ocrx_word' id='word_1_281' title='bbox 931 2449 1068 2523; x_wconf 89' lang='lat' dir='ltr'>viri,</span> <span class='ocrx_word' id='word_1_282' title='bbox 1115 2447 1460 2510; x_wconf 87' lang='lat' dir='ltr'>etJoannis</span> <span class='ocrx_word' id='word_1_283' title='bbox 1501 2447 1670 2508; x_wconf 91' lang='lat' dir='ltr'>Scoti</span> <span class='ocrx_word' id='word_1_284' title='bbox 1701 2454 1763 2508; x_wconf 87' lang='lat' dir='ltr'>et</span> <span class='ocrx_word' id='word_1_285' title='bbox 1797 2446 2056 2506; x_wconf 67' lang='lat' dir='ltr'>Thomaa</span> <span class='ocrx_word' id='word_1_286' title='bbox 2100 2444 2273 2518; x_wconf 86' lang='lat' dir='ltr'>Gale,</span> <span class='ocrx_word' id='word_1_287' title='bbox 2309 2445 2650 2518; x_wconf 90' lang='lat' dir='ltr'>versiones,</span> <span class='ocrx_word' id='word_1_288' title='bbox 2716 2446 2859 2506; x_wconf 87' lang='lat' dir='ltr'>licet</span> <span class='ocrx_word' id='word_1_289' title='bbox 2905 2446 3121 2519; x_wconf 87' lang='lat' dir='ltr'>altera,</span> <span class='ocrx_word' id='word_1_290' title='bbox 3185 2463 3316 2508; x_wconf 79' lang='lat' dir='ltr'>non</span> <span class='ocrx_word' id='word_1_291' title='bbox 3377 2463 3614 2526; x_wconf 60' lang='lat' dir='ltr'>Opera),</span> 
     </span>
    </p>
   </div>
   <div class='ocr_carea' id='block_1_27' title="bbox 364 2541 3618 2626">
    <p class='ocr_par' dir='ltr' id='par_1_27' title="bbox 364 2541 3618 2626">
     <span class='ocr_line' id='line_1_27' title="bbox 364 2541 3618 2626; baseline 0.001 -20"><span class='ocrx_word' id='word_1_292' title='bbox 364 2549 472 2608; x_wconf 91' lang='lat' dir='ltr'>sed</span> <span class='ocrx_word' id='word_1_293' title='bbox 513 2548 787 2608; x_wconf 89' lang='lat' dir='ltr'>auctoris</span> <span class='ocrx_word' id='word_1_294' title='bbox 815 2547 910 2607; x_wconf 90' lang='lat' dir='ltr'>sui</span> <span class='ocrx_word' id='word_1_295' title='bbox 944 2541 1220 2624; x_wconf 85' lang='lat' dir='ltr'>peceatis</span> <span class='ocrx_word' id='word_1_296' title='bbox 1261 2551 1553 2620; x_wconf 89' lang='lat' dir='ltr'>scateret,</span> <span class='ocrx_word' id='word_1_297' title='bbox 1585 2545 1778 2607; x_wconf 91' lang='lat' dir='ltr'>altera</span> <span class='ocrx_word' id='word_1_298' title='bbox 1811 2544 2331 2607; x_wconf 71' lang='lat' dir='ltr'>certe&#39;erroribus</span> <span class='ocrx_word' id='word_1_299' title='bbox 2373 2553 2795 2606; x_wconf 86' lang='lat' dir='ltr'>noncareret.</span> <span class='ocrx_word' id='word_1_300' title='bbox 2829 2553 2957 2606; x_wconf 89' lang='lat' dir='ltr'>tam</span> <span class='ocrx_word' id='word_1_301' title='bbox 3003 2547 3397 2626; x_wconf 82' lang='lat' dir='ltr'>antiquitatis</span> <span class='ocrx_word' id='word_1_302' title='bbox 3429 2565 3618 2626; x_wconf 81' lang='lat' dir='ltr'>quam</span> 
     </span>
    </p>
   </div>
   <div class='ocr_carea' id='block_1_28' title="bbox 359 2646 3617 2730">
    <p class='ocr_par' dir='ltr' id='par_1_28' title="bbox 359 2646 3617 2730">
     <span class='ocr_line' id='line_1_28' title="bbox 359 2646 3617 2730; baseline -0.001 -19"><span class='ocrx_word' id='word_1_303' title='bbox 359 2650 484 2730; x_wconf 65' lang='lat' dir='ltr'>pia)</span> <span class='ocrx_word' id='word_1_304' title='bbox 512 2665 883 2727; x_wconf 88' lang='lat' dir='ltr'>magnorum</span> <span class='ocrx_word' id='word_1_305' title='bbox 917 2648 1244 2708; x_wconf 89' lang='lat' dir='ltr'>nominum</span> <span class='ocrx_word' id='word_1_306' title='bbox 1268 2648 1589 2710; x_wconf 69' lang='lat' dir='ltr'>memoriae</span> <span class='ocrx_word' id='word_1_307' title='bbox 1620 2664 1770 2725; x_wconf 89' lang='lat' dir='ltr'>ergo</span> <span class='ocrx_word' id='word_1_308' title='bbox 1806 2647 2166 2708; x_wconf 90' lang='lat' dir='ltr'>immutatas</span> <span class='ocrx_word' id='word_1_309' title='bbox 2224 2646 2495 2709; x_wconf 86' lang='lat' dir='ltr'>retinere</span> <span class='ocrx_word' id='word_1_310' title='bbox 2562 2665 2690 2709; x_wconf 91' lang='lat' dir='ltr'>non</span> <span class='ocrx_word' id='word_1_311' title='bbox 2730 2648 3030 2722; x_wconf 85' lang='lat' dir='ltr'>dubitavi,</span> <span class='ocrx_word' id='word_1_312' title='bbox 3075 2667 3218 2710; x_wconf 92' lang='lat' dir='ltr'>cum</span> <span class='ocrx_word' id='word_1_313' title='bbox 3269 2651 3617 2728; x_wconf 67' lang='lat' dir='ltr'>praesertim</span> 
     </span>
    </p>
   </div>
   <div class='ocr_carea' id='block_1_29' title="bbox 363 2747 3622 2827">
    <p class='ocr_par' dir='ltr' id='par_1_29' title="bbox 363 2747 3622 2827">
     <span class='ocr_line' id='line_1_29' title="bbox 363 2747 3622 2827; baseline 0.001 -17"><span class='ocrx_word' id='word_1_314' title='bbox 363 2753 640 2812; x_wconf 89' lang='lat' dir='ltr'>Joannes</span> <span class='ocrx_word' id='word_1_315' title='bbox 697 2751 921 2811; x_wconf 91' lang='lat' dir='ltr'>Scotus</span> <span class='ocrx_word' id='word_1_316' title='bbox 975 2748 1203 2825; x_wconf 85' lang='lat' dir='ltr'>corrigi</span> <span class='ocrx_word' id='word_1_317' title='bbox 1242 2765 1370 2810; x_wconf 89' lang='lat' dir='ltr'>non</span> <span class='ocrx_word' id='word_1_318' title='bbox 1405 2748 1830 2827; x_wconf 41' lang='lat' dir='ltr'>possetyquin</span> <span class='ocrx_word' id='word_1_319' title='bbox 1859 2747 1955 2807; x_wconf 89' lang='lat' dir='ltr'>sui</span> <span class='ocrx_word' id='word_1_320' title='bbox 1981 2747 2168 2826; x_wconf 90' lang='lat' dir='ltr'>plane</span> <span class='ocrx_word' id='word_1_321' title='bbox 2231 2747 2554 2808; x_wconf 87' lang='lat' dir='ltr'>dissimilis</span> <span class='ocrx_word' id='word_1_322' title='bbox 2583 2749 2780 2826; x_wconf 81' lang='lat' dir='ltr'>fieret.</span> <span class='ocrx_word' id='word_1_323' title='bbox 2809 2751 3081 2812; x_wconf 85' lang='lat' dir='ltr'>Thomas</span> <span class='ocrx_word' id='word_1_324' title='bbox 3108 2751 3257 2812; x_wconf 90' lang='lat' dir='ltr'>Gale</span> <span class='ocrx_word' id='word_1_325' title='bbox 3300 2753 3364 2813; x_wconf 92' lang='lat' dir='ltr'>in</span> <span class='ocrx_word' id='word_1_326' title='bbox 3396 2754 3622 2814; x_wconf 71' lang='lat' dir='ltr'>Praefa-</span> 
     </span>
    </p>
   </div>
   <div class='ocr_carea' id='block_1_30' title="bbox 355 2851 3618 2934">
    <p class='ocr_par' dir='ltr' id='par_1_30' title="bbox 355 2851 3618 2934">
     <span class='ocr_line' id='line_1_30' title="bbox 355 2851 3618 2934; baseline 0.001 -19"><span class='ocrx_word' id='word_1_327' title='bbox 355 2855 539 2916; x_wconf 68' lang='lat' dir='ltr'>‘tione</span> <span class='ocrx_word' id='word_1_328' title='bbox 575 2853 878 2914; x_wconf 90' lang='lat' dir='ltr'>librorum</span> <span class='ocrx_word' id='word_1_329' title='bbox 909 2853 955 2912; x_wconf 71' lang='grc' dir='ltr'><strong>ν</strong></span> <span class='ocrx_word' id='word_1_330' title='bbox 982 2851 1241 2914; x_wconf 90' lang='lat' dir='ltr'>Joannis</span> <span class='ocrx_word' id='word_1_331' title='bbox 1268 2852 1437 2913; x_wconf 87' lang='lat' dir='ltr'>Scoti</span> <span class='ocrx_word' id='word_1_332' title='bbox 1465 2853 1554 2911; x_wconf 89' lang='lat' dir='ltr'>De</span> <span class='ocrx_word' id='word_1_333' title='bbox 1587 2851 1893 2912; x_wconf 78' lang='lat' dir='ltr'>divisione</span> <span class='ocrx_word' id='word_1_334' title='bbox 1933 2861 2196 2924; x_wconf 74' lang='lat' dir='ltr'>naturae,</span> <span class='ocrx_word' id='word_1_335' title='bbox 2243 2875 2270 2905; x_wconf 78' lang='grc' dir='ltr'>α</span> <span class='ocrx_word' id='word_1_336' title='bbox 2299 2852 2562 2913; x_wconf 87' lang='lat' dir='ltr'>Sanctus</span> <span class='ocrx_word' id='word_1_337' title='bbox 2583 2851 2909 2928; x_wconf 78' lang='lat' dir='ltr'>Maximus,</span> <span class='ocrx_word' id='word_1_338' title='bbox 2945 2853 3172 2932; x_wconf 88' lang='lat' dir='ltr'>inquit,</span> <span class='ocrx_word' id='word_1_339' title='bbox 3215 2855 3463 2934; x_wconf 86' lang='lat' dir='ltr'>scripsit</span> <span class='ocrx_word' id='word_1_340' title='bbox 3506 2874 3618 2918; x_wconf 84' lang='lat' dir='ltr'>ex-</span> 
     </span>
    </p>
   </div>
   <div class='ocr_carea' id='block_1_31' title="bbox 362 2951 3624 3035">
    <p class='ocr_par' dir='ltr' id='par_1_31' title="bbox 362 2951 3624 3035">
     <span class='ocr_line' id='line_1_31' title="bbox 362 2951 3624 3035; baseline 0 -17"><span class='ocrx_word' id='word_1_341' title='bbox 362 2955 740 3035; x_wconf 89' lang='lat' dir='ltr'>positionem</span> <span class='ocrx_word' id='word_1_342' title='bbox 770 2954 1207 3030; x_wconf 80' lang='lat' dir='ltr'>ambiguorum</span> <span class='ocrx_word' id='word_1_343' title='bbox 1239 2951 1478 3032; x_wconf 91' lang='lat' dir='ltr'>aliquot</span> <span class='ocrx_word' id='word_1_344' title='bbox 1519 2952 1800 3014; x_wconf 90' lang='lat' dir='ltr'>locorum</span> <span class='ocrx_word' id='word_1_345' title='bbox 1829 2969 1982 3030; x_wconf 62' lang='lat' dir='ltr'>quas</span> <span class='ocrx_word' id='word_1_346' title='bbox 2006 2953 2072 3012; x_wconf 91' lang='lat' dir='ltr'>in</span> <span class='ocrx_word' id='word_1_347' title='bbox 2103 2954 2163 3012; x_wconf 92' lang='lat' dir='ltr'>S.</span> <span class='ocrx_word' id='word_1_348' title='bbox 2189 2951 2467 3031; x_wconf 82' lang='lat' dir='ltr'>Dionysii</span> <span class='ocrx_word' id='word_1_349' title='bbox 2488 2959 2549 3012; x_wconf 90' lang='lat' dir='ltr'>et</span> <span class='ocrx_word' id='word_1_350' title='bbox 2585 2953 2870 3028; x_wconf 88' lang='lat' dir='ltr'>Gregorii</span> <span class='ocrx_word' id='word_1_351' title='bbox 2902 2954 3272 3015; x_wconf 88' lang='lat' dir='ltr'>Nazianzeni</span> <span class='ocrx_word' id='word_1_352' title='bbox 3310 2955 3484 3017; x_wconf 88' lang='lat' dir='ltr'>libris</span> <span class='ocrx_word' id='word_1_353' title='bbox 3519 2973 3624 3018; x_wconf 82' lang='lat' dir='ltr'>oc-</span> 
     </span>
    </p>
   </div>
   <div class='ocr_carea' id='block_1_32' title="bbox 361 3051 3619 3138">
    <p class='ocr_par' dir='ltr' id='par_1_32' title="bbox 361 3051 3619 3138">
     <span class='ocr_line' id='line_1_32' title="bbox 361 3051 3619 3138; baseline 0 -18"><span class='ocrx_word' id='word_1_354' title='bbox 361 3063 642 3122; x_wconf 86' lang='lat' dir='ltr'>currunt.</span> <span class='ocrx_word' id='word_1_355' title='bbox 707 3057 857 3116; x_wconf 60' lang='lat' dir='ltr'>Haec</span> <span class='ocrx_word' id='word_1_356' title='bbox 886 3053 1188 3131; x_wconf 89' lang='lat' dir='ltr'>Ambigua</span> <span class='ocrx_word' id='word_1_357' title='bbox 1217 3055 1493 3114; x_wconf 88' lang='lat' dir='ltr'>Joannes</span> <span class='ocrx_word' id='word_1_358' title='bbox 1519 3052 1786 3130; x_wconf 88' lang='lat' dir='ltr'>Erigena</span> <span class='ocrx_word' id='word_1_359' title='bbox 1811 3053 1994 3114; x_wconf 78' lang='lat' dir='ltr'>vertit</span> <span class='ocrx_word' id='word_1_360' title='bbox 2020 3052 2255 3113; x_wconf 90' lang='lat' dir='ltr'>Latine.</span> <span class='ocrx_word' id='word_1_361' title='bbox 2289 3052 2516 3114; x_wconf 88' lang='lat' dir='ltr'>Nescio</span> <span class='ocrx_word' id='word_1_362' title='bbox 2547 3069 2627 3112; x_wconf 91' lang='lat' dir='ltr'>an</span> <span class='ocrx_word' id='word_1_363' title='bbox 2659 3059 2860 3114; x_wconf 85' lang='lat' dir='ltr'>totum</span> <span class='ocrx_word' id='word_1_364' title='bbox 2913 3054 3162 3115; x_wconf 78' lang='lat' dir='ltr'>Maximi</span> <span class='ocrx_word' id='word_1_365' title='bbox 3219 3064 3404 3135; x_wconf 81' lang='lat' dir='ltr'>opus,</span> <span class='ocrx_word' id='word_1_366' title='bbox 3454 3051 3619 3138; x_wconf 84' lang='lat' dir='ltr'>quo-</span> 
     </span>
    </p>
   </div>
   <div class='ocr_carea' id='block_1_33' title="bbox 363 3155 3620 3237">
    <p class='ocr_par' dir='ltr' id='par_1_33' title="bbox 363 3155 3620 3237">
     <span class='ocr_line' id='line_1_33' title="bbox 363 3155 3620 3237; baseline -0 -14"><span class='ocrx_word' id='word_1_367' title='bbox 363 3162 526 3224; x_wconf 90' lang='lat' dir='ltr'>niam</span> <span class='ocrx_word' id='word_1_368' title='bbox 570 3161 784 3220; x_wconf 69' lang='lat' dir='ltr'>Graeca</span> <span class='ocrx_word' id='word_1_369' title='bbox 811 3159 872 3219; x_wconf 94' lang='lat' dir='ltr'>S.</span> <span class='ocrx_word' id='word_1_370' title='bbox 911 3157 1158 3218; x_wconf 82' lang='lat' dir='ltr'>Maximi</span> <span class='ocrx_word' id='word_1_371' title='bbox 1193 3157 1434 3233; x_wconf 83' lang='lat' dir='ltr'>integra</span> <span class='ocrx_word' id='word_1_372' title='bbox 1471 3155 1756 3216; x_wconf 92' lang='lat' dir='ltr'>nondum</span> <span class='ocrx_word' id='word_1_373' title='bbox 1787 3161 2010 3216; x_wconf 83' lang='lat' dir='ltr'>nactus</span> <span class='ocrx_word' id='word_1_374' title='bbox 2051 3171 2212 3217; x_wconf 89' lang='lat' dir='ltr'>sum.</span> <span class='ocrx_word' id='word_1_375' title='bbox 2246 3157 2392 3230; x_wconf 70' lang='lat' dir='ltr'>Qum</span> <span class='ocrx_word' id='word_1_376' title='bbox 2426 3155 2528 3216; x_wconf 90' lang='lat' dir='ltr'>hic</span> <span class='ocrx_word' id='word_1_377' title='bbox 2577 3156 2641 3215; x_wconf 89' lang='lat' dir='ltr'>in</span> <span class='ocrx_word' id='word_1_378' title='bbox 2674 3155 2798 3217; x_wconf 81' lang='lat' dir='ltr'>fine</span> <span class='ocrx_word' id='word_1_379' title='bbox 2855 3156 3033 3233; x_wconf 88' lang='lat' dir='ltr'>legis,</span> <span class='ocrx_word' id='word_1_380' title='bbox 3068 3165 3326 3237; x_wconf 89' lang='lat' dir='ltr'>accepta</span> <span class='ocrx_word' id='word_1_381' title='bbox 3373 3177 3620 3222; x_wconf 89' lang='lat' dir='ltr'>mecum</span> 
     </span>
    </p>
   </div>
   <div class='ocr_carea' id='block_1_34' title="bbox 363 3254 3623 3342">
    <p class='ocr_par' dir='ltr' id='par_1_34' title="bbox 363 3254 3623 3342">
     <span class='ocr_line' id='line_1_34' title="bbox 363 3254 3623 3342; baseline -0.001 -16"><span class='ocrx_word' id='word_1_382' title='bbox 363 3263 526 3326; x_wconf 88' lang='lat' dir='ltr'>refer</span> <span class='ocrx_word' id='word_1_383' title='bbox 549 3260 774 3342; x_wconf 88' lang='lat' dir='ltr'>partim</span> <span class='ocrx_word' id='word_1_384' title='bbox 810 3257 1121 3319; x_wconf 81' lang='lat' dir='ltr'>beneficio</span> <span class='ocrx_word' id='word_1_385' title='bbox 1150 3256 1219 3317; x_wconf 91' lang='lat' dir='ltr'>V.</span> <span class='ocrx_word' id='word_1_386' title='bbox 1256 3257 1346 3316; x_wconf 91' lang='lat' dir='ltr'>Cl.</span> <span class='ocrx_word' id='word_1_387' title='bbox 1384 3254 1652 3316; x_wconf 83' lang='lat' dir='ltr'>Emerici</span> <span class='ocrx_word' id='word_1_388' title='bbox 1679 3254 1932 3332; x_wconf 89' lang='lat' dir='ltr'>Bigotii,</span> <span class='ocrx_word' id='word_1_389' title='bbox 1969 3255 2076 3333; x_wconf 92' lang='lat' dir='ltr'>qui</span> <span class='ocrx_word' id='word_1_390' title='bbox 2109 3272 2185 3316; x_wconf 87' lang='lat' dir='ltr'>ex</span> <span class='ocrx_word' id='word_1_391' title='bbox 2216 3254 2600 3317; x_wconf 89' lang='lat' dir='ltr'>bibliotheca</span> <span class='ocrx_word' id='word_1_392' title='bbox 2619 3257 2782 3332; x_wconf 89' lang='lat' dir='ltr'>regis</span> <span class='ocrx_word' id='word_1_393' title='bbox 2819 3257 3154 3318; x_wconf 84' lang='lat' dir='ltr'>Galiiarum</span> <span class='ocrx_word' id='word_1_394' title='bbox 3178 3258 3244 3317; x_wconf 85' lang='lat' dir='ltr'>in</span> <span class='ocrx_word' id='word_1_395' title='bbox 3263 3274 3440 3322; x_wconf 91' lang='lat' dir='ltr'>meos</span> <span class='ocrx_word' id='word_1_396' title='bbox 3471 3279 3623 3325; x_wconf 89' lang='lat' dir='ltr'>usus</span> 
     </span>
    </p>
   </div>
   <div class='ocr_carea' id='block_1_35' title="bbox 360 3353 3620 3439">
    <p class='ocr_par' dir='ltr' id='par_1_35' title="bbox 360 3353 3620 3439">
     <span class='ocr_line' id='line_1_35' title="bbox 360 3353 3620 3439; baseline -0.005 -15"><span class='ocrx_word' id='word_1_397' title='bbox 360 3361 671 3439; x_wconf 89' lang='lat' dir='ltr'>descripta</span> <span class='ocrx_word' id='word_1_398' title='bbox 705 3356 1101 3429; x_wconf 86' lang='lat' dir='ltr'>examinavit,</span> <span class='ocrx_word' id='word_1_399' title='bbox 1140 3354 1366 3435; x_wconf 88' lang='lat' dir='ltr'>partim</span> <span class='ocrx_word' id='word_1_400' title='bbox 1409 3353 1613 3415; x_wconf 86' lang='lat' dir='ltr'>codici</span> <span class='ocrx_word' id='word_1_401' title='bbox 1641 3369 1811 3428; x_wconf 89' lang='lat' dir='ltr'>meo,</span> <span class='ocrx_word' id='word_1_402' title='bbox 1849 3355 1958 3434; x_wconf 87' lang='lat' dir='ltr'>qui</span> <span class='ocrx_word' id='word_1_403' title='bbox 2011 3355 2458 3432; x_wconf 87' lang='lat' dir='ltr'>complurimas</span> <span class='ocrx_word' id='word_1_404' title='bbox 2523 3355 2803 3433; x_wconf 84' lang='lat' dir='ltr'>ejusdem</span> <span class='ocrx_word' id='word_1_405' title='bbox 2857 3356 3105 3417; x_wconf 80' lang='lat' dir='ltr'>Maximi</span> <span class='ocrx_word' id='word_1_406' title='bbox 3155 3357 3620 3423; x_wconf 65' lang='lat' dir='ltr'>lucubrationes</span> 
     </span>
    </p>
   </div>
   <div class='ocr_carea' id='block_1_36' title="bbox 352 3451 3623 3534">
    <p class='ocr_par' dir='ltr' id='par_1_36' title="bbox 352 3451 3623 3534">
     <span class='ocr_line' id='line_1_36' title="bbox 352 3451 3623 3534; baseline -0.001 -11"><span class='ocrx_word' id='word_1_407' title='bbox 352 3460 664 3524; x_wconf 81' lang='lat' dir='ltr'>continet.</span> <span class='ocrx_word' id='word_1_408' title='bbox 703 3458 1004 3517; x_wconf 70' lang='lat' dir='ltr'>Caeterum</span> <span class='ocrx_word' id='word_1_409' title='bbox 1037 3462 1107 3515; x_wconf 91' lang='lat' dir='ltr'>ut</span> <span class='ocrx_word' id='word_1_410' title='bbox 1129 3453 1382 3515; x_wconf 90' lang='lat' dir='ltr'>redeam</span> <span class='ocrx_word' id='word_1_411' title='bbox 1421 3452 1498 3514; x_wconf 91' lang='lat' dir='ltr'>ad</span> <span class='ocrx_word' id='word_1_412' title='bbox 1532 3455 1811 3528; x_wconf 89' lang='lat' dir='ltr'>Scotum,</span> <span class='ocrx_word' id='word_1_413' title='bbox 1851 3454 1988 3533; x_wconf 85' lang='lat' dir='ltr'>ejus</span> <span class='ocrx_word' id='word_1_414' title='bbox 2037 3451 2458 3524; x_wconf 87' lang='lat' dir='ltr'>tralationem,</span> <span class='ocrx_word' id='word_1_415' title='bbox 2501 3469 2686 3534; x_wconf 90' lang='lat' dir='ltr'>quam</span> <span class='ocrx_word' id='word_1_416' title='bbox 2721 3453 2824 3516; x_wconf 88' lang='lat' dir='ltr'>hic</span> <span class='ocrx_word' id='word_1_417' title='bbox 2872 3455 3018 3528; x_wconf 90' lang='lat' dir='ltr'>edo,</span> <span class='ocrx_word' id='word_1_418' title='bbox 3059 3473 3308 3518; x_wconf 88' lang='lat' dir='ltr'>mecum</span> <span class='ocrx_word' id='word_1_419' title='bbox 3342 3474 3623 3520; x_wconf 86' lang='lat' dir='ltr'>commu-</span> 
     </span>
    </p>
   </div>
   <div class='ocr_carea' id='block_1_37' title="bbox 352 3551 3620 3637">
    <p class='ocr_par' dir='ltr' id='par_1_37' title="bbox 352 3551 3620 3637">
     <span class='ocr_line' id='line_1_37' title="bbox 352 3551 3620 3637; baseline 0 -13"><span class='ocrx_word' id='word_1_420' title='bbox 352 3560 590 3624; x_wconf 78' lang='lat' dir='ltr'>nicavit</span> <span class='ocrx_word' id='word_1_421' title='bbox 641 3555 1029 3619; x_wconf 86' lang='lat' dir='ltr'>humanitate</span> <span class='ocrx_word' id='word_1_422' title='bbox 1071 3561 1131 3614; x_wconf 89' lang='lat' dir='ltr'>et</span> <span class='ocrx_word' id='word_1_423' title='bbox 1158 3553 1512 3615; x_wconf 89' lang='lat' dir='ltr'>eruditione</span> <span class='ocrx_word' id='word_1_424' title='bbox 1543 3551 1811 3616; x_wconf 90' lang='lat' dir='ltr'>celebris</span> <span class='ocrx_word' id='word_1_425' title='bbox 1843 3555 1936 3616; x_wconf 88' lang='lat' dir='ltr'>vir</span> <span class='ocrx_word' id='word_1_426' title='bbox 1960 3557 2015 3617; x_wconf 94' lang='lat' dir='ltr'>J.</span> <span class='ocrx_word' id='word_1_427' title='bbox 2048 3553 2365 3629; x_wconf 88' lang='lat' dir='ltr'>Mabillon,</span> <span class='ocrx_word' id='word_1_428' title='bbox 2401 3553 2479 3616; x_wconf 89' lang='lat' dir='ltr'>de</span> <span class='ocrx_word' id='word_1_429' title='bbox 2517 3571 2645 3634; x_wconf 88' lang='lat' dir='ltr'>quo</span> <span class='ocrx_word' id='word_1_430' title='bbox 2691 3572 2880 3637; x_wconf 89' lang='lat' dir='ltr'>supra</span> <span class='ocrx_word' id='word_1_431' title='bbox 2930 3561 3442 3622; x_wconf 70' lang='lat' dir='ltr'>commemoravi.</span> <span class='ocrx_word' id='word_1_432' title='bbox 3473 3563 3620 3625; x_wconf 68' lang='lat' dir='ltr'>Haec</span> 
     </span>
    </p>
   </div>
   <div class='ocr_carea' id='block_1_38' title="bbox 355 3654 3616 3744">
    <p class='ocr_par' dir='ltr' id='par_1_38' title="bbox 355 3654 3616 3744">
     <span class='ocr_line' id='line_1_38' title="bbox 355 3654 3616 3744; baseline 0.002 -24"><span class='ocrx_word' id='word_1_433' title='bbox 355 3658 562 3723; x_wconf 73' lang='lat' dir='ltr'>versio</span> <span class='ocrx_word' id='word_1_434' title='bbox 592 3659 830 3738; x_wconf 88' lang='lat' dir='ltr'>absque</span> <span class='ocrx_word' id='word_1_435' title='bbox 853 3656 931 3718; x_wconf 89' lang='lat' dir='ltr'>iis</span> <span class='ocrx_word' id='word_1_436' title='bbox 965 3672 1106 3735; x_wconf 83' lang='lat' dir='ltr'>quae</span> <span class='ocrx_word' id='word_1_437' title='bbox 1132 3654 1197 3716; x_wconf 92' lang='lat' dir='ltr'>in</span> <span class='ocrx_word' id='word_1_438' title='bbox 1226 3654 1397 3716; x_wconf 90' lang='lat' dir='ltr'>libris</span> <span class='ocrx_word' id='word_1_439' title='bbox 1446 3657 1531 3716; x_wconf 88' lang='lat' dir='ltr'>De</span> <span class='ocrx_word' id='word_1_440' title='bbox 1561 3655 1866 3717; x_wconf 81' lang='lat' dir='ltr'>divisione</span> <span class='ocrx_word' id='word_1_441' title='bbox 1899 3665 2142 3718; x_wconf 72' lang='lat' dir='ltr'>naturae</span> <span class='ocrx_word' id='word_1_442' title='bbox 2181 3655 2366 3718; x_wconf 87' lang='lat' dir='ltr'>facile</span> <span class='ocrx_word' id='word_1_443' title='bbox 2427 3655 2858 3742; x_wconf 86' lang='lat' dir='ltr'>observantur,</span> <span class='ocrx_word' id='word_1_444' title='bbox 2902 3658 3048 3722; x_wconf 90' lang='lat' dir='ltr'>satis</span> <span class='ocrx_word' id='word_1_445' title='bbox 3079 3662 3354 3724; x_wconf 89' lang='lat' dir='ltr'>ostendit</span> <span class='ocrx_word' id='word_1_446' title='bbox 3400 3665 3616 3744; x_wconf 85' lang='lat' dir='ltr'>Erige-</span> 
     </span>
    </p>
   </div>
   <div class='ocr_carea' id='block_1_39' title="bbox 357 3758 1950 3839">
    <p class='ocr_par' dir='ltr' id='par_1_39' title="bbox 357 3758 1950 3839">
     <span class='ocr_line' id='line_1_39' title="bbox 357 3758 1950 3839; baseline -0.006 -13"><span class='ocrx_word' id='word_1_447' title='bbox 357 3781 503 3828; x_wconf 84' lang='lat' dir='ltr'>nam</span> <span class='ocrx_word' id='word_1_448' title='bbox 560 3763 754 3824; x_wconf 82' lang='lat' dir='ltr'>fuisse</span> <span class='ocrx_word' id='word_1_449' title='bbox 775 3761 844 3822; x_wconf 89' lang='lat' dir='ltr'>in</span> <span class='ocrx_word' id='word_1_450' title='bbox 899 3759 1133 3821; x_wconf 73' lang='lat' dir='ltr'>Graecis</span> <span class='ocrx_word' id='word_1_451' title='bbox 1173 3758 1360 3838; x_wconf 88' lang='lat' dir='ltr'>plane</span> <span class='ocrx_word' id='word_1_452' title='bbox 1389 3758 1950 3839; x_wconf 78' lang='lat' dir='ltr'>alphabetarium.»</span> 
     </span>
    </p>
   </div>
   <div class='ocr_carea' id='block_1_40' title="bbox 436 3879 3618 3964">
    <p class='ocr_par' dir='ltr' id='par_1_40' title="bbox 436 3879 3618 3964">
     <span class='ocr_line' id='line_1_40' title="bbox 436 3879 3618 3964; baseline 0.004 -20"><span class='ocrx_word' id='word_1_453' title='bbox 436 3883 646 3946; x_wconf 84' lang='lat' dir='ltr'>Codex</span> <span class='ocrx_word' id='word_1_454' title='bbox 689 3879 1034 3950; x_wconf 86' lang='lat' dir='ltr'>Gudianus,</span> <span class='ocrx_word' id='word_1_455' title='bbox 1077 3894 1207 3957; x_wconf 90' lang='lat' dir='ltr'>quo</span> <span class='ocrx_word' id='word_1_456' title='bbox 1241 3895 1395 3940; x_wconf 91' lang='lat' dir='ltr'>usus</span> <span class='ocrx_word' id='word_1_457' title='bbox 1442 3897 1606 3954; x_wconf 85' lang='lat' dir='ltr'>sum,</span> <span class='ocrx_word' id='word_1_458' title='bbox 1643 3880 1998 3960; x_wconf 87' lang='lat' dir='ltr'>descriptus</span> <span class='ocrx_word' id='word_1_459' title='bbox 2048 3889 2141 3943; x_wconf 84' lang='lat' dir='ltr'>est</span> <span class='ocrx_word' id='word_1_460' title='bbox 2193 3881 2274 3943; x_wconf 85' lang='lat' dir='ltr'>ab</span> <span class='ocrx_word' id='word_1_461' title='bbox 2329 3883 2562 3943; x_wconf 89' lang='lat' dir='ltr'>Eberto</span> <span class='ocrx_word' id='word_1_462' title='bbox 2603 3881 2667 3942; x_wconf 86' lang='lat' dir='ltr'>in</span> <span class='ocrx_word' id='word_1_463' title='bbox 2729 3883 3024 3964; x_wconf 74' lang='lat' dir='ltr'>Catalogo</span> <span class='ocrx_word' id='word_1_464' title='bbox 3066 3886 3369 3951; x_wconf 88' lang='lat' dir='ltr'>librorum</span> <span class='ocrx_word' id='word_1_465' title='bbox 3429 3911 3618 3957; x_wconf 89' lang='lat' dir='ltr'>manu</span> 
     </span>
    </p>
   </div>
   <div class='ocr_carea' id='block_1_41' title="bbox 350 3979 3652 4064">
    <p class='ocr_par' dir='ltr' id='par_1_41' title="bbox 350 3979 3652 4064">
     <span class='ocr_line' id='line_1_41' title="bbox 350 3979 3652 4064; baseline 0.003 -20"><span class='ocrx_word' id='word_1_466' title='bbox 350 3981 734 4064; x_wconf 83' lang='lat' dir='ltr'>scriptorum</span> <span class='ocrx_word' id='word_1_467' title='bbox 757 3979 1162 4043; x_wconf 61' lang='lat' dir='ltr'>bibliotheca</span> <span class='ocrx_word' id='word_1_468' title='bbox 1196 3980 1441 4044; x_wconf 87' lang='lat' dir='ltr'>ducalis</span> <span class='ocrx_word' id='word_1_469' title='bbox 1500 3983 2087 4064; x_wconf 67' lang='lat' dir='ltr'>Guelpberbitanze;</span> <span class='ocrx_word' id='word_1_470' title='bbox 2123 3988 2215 4044; x_wconf 85' lang='lat' dir='ltr'>est</span> <span class='ocrx_word' id='word_1_471' title='bbox 2271 3983 2791 4046; x_wconf 86' lang='lat' dir='ltr'>membranaceus</span> <span class='ocrx_word' id='word_1_472' title='bbox 2827 4002 2972 4048; x_wconf 84' lang='lat' dir='ltr'>saec.</span> <span class='ocrx_word' id='word_1_473' title='bbox 3007 4006 3123 4048; x_wconf 84' lang='lat' dir='ltr'>xm</span> <span class='ocrx_word' id='word_1_474' title='bbox 3162 3993 3493 4056; x_wconf 90' lang='lat' dir='ltr'>continens</span> <span class='ocrx_word' id='word_1_475' title='bbox 3529 3996 3652 4058; x_wconf 81' lang='lat' dir='ltr'>fo-.</span> 
     </span>
    </p>
   </div>
   <div class='ocr_carea' id='block_1_42' title="bbox 359 4084 3620 4172">
    <p class='ocr_par' dir='ltr' id='par_1_42' title="bbox 359 4084 3620 4172">
     <span class='ocr_line' id='line_1_42' title="bbox 359 4084 3620 4172; baseline 0.004 -25"><span class='ocrx_word' id='word_1_476' title='bbox 359 4086 440 4148; x_wconf 78' lang='lat' dir='ltr'>lia</span> <span class='ocrx_word' id='word_1_477' title='bbox 469 4087 535 4147; x_wconf 90' lang='lat' dir='ltr'>in</span> <span class='ocrx_word' id='word_1_478' title='bbox 568 4093 814 4166; x_wconf 89' lang='lat' dir='ltr'>quarto,</span> <span class='ocrx_word' id='word_1_479' title='bbox 844 4086 1250 4166; x_wconf 90' lang='lat' dir='ltr'>quoddicunt</span> <span class='ocrx_word' id='word_1_480' title='bbox 1275 4135 1289 4161; x_wconf 93' lang='lat'>,</span> <span class='ocrx_word' id='word_1_481' title='bbox 1329 4093 1586 4148; x_wconf 90' lang='lat' dir='ltr'>centum</span> <span class='ocrx_word' id='word_1_482' title='bbox 1653 4084 1975 4162; x_wconf 84' lang='lat' dir='ltr'>sexaginta</span> <span class='ocrx_word' id='word_1_483' title='bbox 2031 4091 2328 4162; x_wconf 87' lang='lat' dir='ltr'>quatuor,</span> <span class='ocrx_word' id='word_1_484' title='bbox 2396 4091 2616 4163; x_wconf 89' lang='lat' dir='ltr'>estque</span> <span class='ocrx_word' id='word_1_485' title='bbox 2645 4091 2768 4146; x_wconf 90' lang='lat' dir='ltr'>tam</span> <span class='ocrx_word' id='word_1_486' title='bbox 2801 4085 3391 4172; x_wconf 87' lang='lat' dir='ltr'>elegantertamque</span> <span class='ocrx_word' id='word_1_487' title='bbox 3427 4112 3620 4160; x_wconf 84' lang='lat' dir='ltr'>accu-</span> 
     </span>
    </p>
   </div>
   <div class='ocr_carea' id='block_1_43' title="bbox 360 4185 3623 4276">
    <p class='ocr_par' dir='ltr' id='par_1_43' title="bbox 360 4185 3623 4276">
     <span class='ocr_line' id='line_1_43' title="bbox 360 4185 3623 4276; baseline 0.005 -30"><span class='ocrx_word' id='word_1_488' title='bbox 360 4192 494 4248; x_wconf 88' lang='lat' dir='ltr'>rate</span> <span class='ocrx_word' id='word_1_489' title='bbox 521 4187 918 4265; x_wconf 79' lang='lat' dir='ltr'>conscriptus</span> <span class='ocrx_word' id='word_1_490' title='bbox 946 4194 1016 4248; x_wconf 89' lang='lat' dir='ltr'>ut</span> <span class='ocrx_word' id='word_1_491' title='bbox 1054 4204 1184 4250; x_wconf 93' lang='lat' dir='ltr'>non</span> <span class='ocrx_word' id='word_1_492' title='bbox 1228 4187 1432 4250; x_wconf 93' lang='lat' dir='ltr'>solum</span> <span class='ocrx_word' id='word_1_493' title='bbox 1472 4185 1575 4248; x_wconf 92' lang='lat' dir='ltr'>alii</span> <span class='ocrx_word' id='word_1_494' title='bbox 1607 4186 1755 4248; x_wconf 90' lang='lat' dir='ltr'>inde</span> <span class='ocrx_word' id='word_1_495' title='bbox 1812 4185 1952 4247; x_wconf 89' lang='lat' dir='ltr'>libri</span> <span class='ocrx_word' id='word_1_496' title='bbox 1997 4186 2242 4264; x_wconf 86' lang='lat' dir='ltr'>possint</span> <span class='ocrx_word' id='word_1_497' title='bbox 2287 4189 2539 4265; x_wconf 88' lang='lat' dir='ltr'>egregie</span> <span class='ocrx_word' id='word_1_498' title='bbox 2584 4188 2906 4250; x_wconf 81' lang='lat' dir='ltr'>emendari</span> <span class='ocrx_word' id='word_1_499' title='bbox 2953 4195 3139 4270; x_wconf 84' lang='lat' dir='ltr'>atque</span> <span class='ocrx_word' id='word_1_500' title='bbox 3169 4193 3472 4274; x_wconf 86' lang='lat' dir='ltr'>suppleri,</span> <span class='ocrx_word' id='word_1_501' title='bbox 3499 4201 3623 4276; x_wconf 73' lang='lat' dir='ltr'>sed-</span> 
     </span>
    </p>
   </div>
   <div class='ocr_carea' id='block_1_44' title="bbox 361 4284 3620 4368">
    <p class='ocr_par' dir='ltr' id='par_1_44' title="bbox 361 4284 3620 4368">
     <span class='ocr_line' id='line_1_44' title="bbox 361 4284 3620 4368; baseline 0.006 -24"><span class='ocrx_word' id='word_1_502' title='bbox 361 4284 496 4364; x_wconf 89' lang='lat' dir='ltr'>ipse</span> <span class='ocrx_word' id='word_1_503' title='bbox 522 4286 602 4348; x_wconf 89' lang='lat' dir='ltr'>ad</span> <span class='ocrx_word' id='word_1_504' title='bbox 637 4286 758 4348; x_wconf 89' lang='lat' dir='ltr'>hoc</span> <span class='ocrx_word' id='word_1_505' title='bbox 783 4296 1350 4368; x_wconf 76' lang='grc' dir='ltr'>ΔιαφόρωνἈποριῶν</span> <span class='ocrx_word' id='word_1_506' title='bbox 1383 4305 1544 4368; x_wconf 89' lang='lat' dir='ltr'>Opus</span> <span class='ocrx_word' id='word_1_507' title='bbox 1573 4287 2112 4366; x_wconf 90' lang='lat' dir='ltr'>interpretandum</span> <span class='ocrx_word' id='word_1_508' title='bbox 2157 4287 2415 4349; x_wconf 89' lang='lat' dir='ltr'>alterius</span> <span class='ocrx_word' id='word_1_509' title='bbox 2443 4287 2586 4350; x_wconf 90' lang='lat' dir='ltr'>libri</span> <span class='ocrx_word' id='word_1_510' title='bbox 2645 4289 2946 4352; x_wconf 86' lang='lat' dir='ltr'>auxilium</span> <span class='ocrx_word' id='word_1_511' title='bbox 2991 4309 3120 4354; x_wconf 88' lang='lat' dir='ltr'>non</span> <span class='ocrx_word' id='word_1_512' title='bbox 3166 4295 3620 4364; x_wconf 83' lang='lat' dir='ltr'>desiderarem.</span> 
     </span>
    </p>
   </div>
   <div class='ocr_carea' id='block_1_45' title="bbox 361 4384 3623 4472">
    <p class='ocr_par' dir='ltr' id='par_1_45' title="bbox 361 4384 3623 4472">
     <span class='ocr_line' id='line_1_45' title="bbox 361 4384 3623 4472; baseline 0.006 -27"><span class='ocrx_word' id='word_1_513' title='bbox 361 4384 530 4447; x_wconf 83' lang='lat' dir='ltr'>Alios</span> <span class='ocrx_word' id='word_1_514' title='bbox 593 4388 844 4450; x_wconf 92' lang='lat' dir='ltr'>codices</span> <span class='ocrx_word' id='word_1_515' title='bbox 901 4405 1086 4449; x_wconf 90' lang='lat' dir='ltr'>manu</span> <span class='ocrx_word' id='word_1_516' title='bbox 1147 4395 1435 4450; x_wconf 88' lang='lat' dir='ltr'>exaratos</span> <span class='ocrx_word' id='word_1_517' title='bbox 1495 4391 1950 4448; x_wconf 87' lang='lat' dir='ltr'>commemorat</span> <span class='ocrx_word' id='word_1_518' title='bbox 2002 4385 2347 4462; x_wconf 85' lang='lat' dir='ltr'>Fabricius,</span> <span class='ocrx_word' id='word_1_519' title='bbox 2391 4390 2839 4452; x_wconf 88' lang='lat' dir='ltr'>Taurinensem</span> <span class='ocrx_word' id='word_1_520' title='bbox 2875 4410 3009 4472; x_wconf 88' lang='lat' dir='ltr'>reg.</span> <span class='ocrx_word' id='word_1_521' title='bbox 3059 4396 3272 4471; x_wconf 62' lang='lat' dir='ltr'>XXIV,</span> <span class='ocrx_word' id='word_1_522' title='bbox 3310 4398 3623 4464; x_wconf 84' lang='lat' dir='ltr'>Venetum</span> 
     </span>
    </p>
   </div>
   <div class='ocr_carea' id='block_1_46' title="bbox 361 4485 3630 4572">
    <p class='ocr_par' dir='ltr' id='par_1_46' title="bbox 361 4485 3630 4572">
     <span class='ocr_line' id='line_1_46' title="bbox 361 4485 3630 4572; baseline 0.006 -26"><span class='ocrx_word' id='word_1_523' title='bbox 361 4485 424 4546; x_wconf 92' lang='lat' dir='ltr'>S.</span> <span class='ocrx_word' id='word_1_524' title='bbox 468 4487 654 4549; x_wconf 88' lang='lat' dir='ltr'>Marci</span> <span class='ocrx_word' id='word_1_525' title='bbox 695 4488 1000 4549; x_wconf 85' lang='lat' dir='ltr'>CXXXVI.</span> <span class='ocrx_word' id='word_1_526' title='bbox 1051 4487 1312 4568; x_wconf 90' lang='lat' dir='ltr'>(Morell.</span> <span class='ocrx_word' id='word_1_527' title='bbox 1348 4487 1506 4550; x_wconf 85' lang='lat' dir='ltr'>Bibl.</span> <span class='ocrx_word' id='word_1_528' title='bbox 1539 4490 1685 4548; x_wconf 87' lang='lat' dir='ltr'>Msc.</span> <span class='ocrx_word' id='word_1_529' title='bbox 1717 4488 1821 4547; x_wconf 88' lang='lat' dir='ltr'>Gr.</span> <span class='ocrx_word' id='word_1_530' title='bbox 1855 4493 1915 4547; x_wconf 92' lang='lat' dir='ltr'>et</span> <span class='ocrx_word' id='word_1_531' title='bbox 1943 4489 2074 4547; x_wconf 85' lang='lat' dir='ltr'>Lat.</span> <span class='ocrx_word' id='word_1_532' title='bbox 2101 4489 2150 4560; x_wconf 90' lang='grc' dir='ltr'>Ι,</span> <span class='ocrx_word' id='word_1_533' title='bbox 2185 4506 2250 4567; x_wconf 91' lang='lat' dir='ltr'>p.</span> <span class='ocrx_word' id='word_1_534' title='bbox 2282 4487 2356 4548; x_wconf 77' lang='lat'>8&#39;2</span> <span class='ocrx_word' id='word_1_535' title='bbox 2388 4487 2430 4568; x_wconf 77' lang='lat'>),</span> <span class='ocrx_word' id='word_1_536' title='bbox 2459 4506 2538 4551; x_wconf 85' lang='lat' dir='ltr'>ex</span> <span class='ocrx_word' id='word_1_537' title='bbox 2577 4507 2704 4569; x_wconf 90' lang='lat' dir='ltr'>quo</span> <span class='ocrx_word' id='word_1_538' title='bbox 2749 4492 2952 4571; x_wconf 88' lang='lat' dir='ltr'>capita</span> <span class='ocrx_word' id='word_1_539' title='bbox 2981 4495 3271 4572; x_wconf 69' lang='lat' dir='ltr'>quaedam</span> <span class='ocrx_word' id='word_1_540' title='bbox 3309 4499 3472 4561; x_wconf 87' lang='lat' dir='ltr'>edita</span> <span class='ocrx_word' id='word_1_541' title='bbox 3518 4503 3630 4565; x_wconf 83' lang='lat' dir='ltr'>ba-</span> 
     </span>
    </p>
   </div>
   <div class='ocr_carea' id='block_1_47' title="bbox 361 4585 3622 4668">
    <p class='ocr_par' dir='ltr' id='par_1_47' title="bbox 361 4585 3622 4668">
     <span class='ocr_line' id='line_1_47' title="bbox 361 4585 3622 4668; baseline 0.005 -20"><span class='ocrx_word' id='word_1_542' title='bbox 361 4587 472 4648; x_wconf 90' lang='lat' dir='ltr'>bes</span> <span class='ocrx_word' id='word_1_543' title='bbox 515 4587 578 4650; x_wconf 93' lang='lat' dir='ltr'>in</span> <span class='ocrx_word' id='word_1_544' title='bbox 605 4589 906 4653; x_wconf 89' lang='lat' dir='ltr'>Gallandii</span> <span class='ocrx_word' id='word_1_545' title='bbox 935 4589 1237 4654; x_wconf 76' lang='lat' dir='ltr'>Biblioth.</span> <span class='ocrx_word' id='word_1_546' title='bbox 1269 4591 1534 4652; x_wconf 81' lang='lat' dir='ltr'>Patrum</span> <span class='ocrx_word' id='word_1_547' title='bbox 1574 4586 1962 4666; x_wconf 87' lang='lat' dir='ltr'>Appendice,</span> <span class='ocrx_word' id='word_1_548' title='bbox 2013 4605 2074 4666; x_wconf 91' lang='lat' dir='ltr'>p.</span> <span class='ocrx_word' id='word_1_549' title='bbox 2112 4585 2221 4648; x_wconf 87' lang='lat'>153</span> <span class='ocrx_word' id='word_1_550' title='bbox 2264 4603 2406 4667; x_wconf 89' lang='lat' dir='ltr'>sqq.</span> <span class='ocrx_word' id='word_1_551' title='bbox 2445 4588 2610 4668; x_wconf 61' lang='lat' dir='ltr'>(quae</span> <span class='ocrx_word' id='word_1_552' title='bbox 2633 4589 3040 4654; x_wconf 86' lang='lat' dir='ltr'>inveniuntur</span> <span class='ocrx_word' id='word_1_553' title='bbox 3080 4595 3144 4656; x_wconf 93' lang='lat' dir='ltr'>in</span> <span class='ocrx_word' id='word_1_554' title='bbox 3176 4597 3318 4658; x_wconf 92' lang='lat' dir='ltr'>cod.</span> <span class='ocrx_word' id='word_1_555' title='bbox 3353 4600 3622 4667; x_wconf 85' lang='lat' dir='ltr'>Gudiani</span> 
     </span>
    </p>
   </div>
   <div class='ocr_carea' id='block_1_48' title="bbox 359 4685 3626 4784">
    <p class='ocr_par' dir='ltr' id='par_1_48' title="bbox 359 4685 3626 4784">
     <span class='ocr_line' id='line_1_48' title="bbox 359 4685 3626 4784; baseline 0.006 -39"><span class='ocrx_word' id='word_1_556' title='bbox 359 4685 402 4745; x_wconf 92' lang='lat' dir='ltr'>f.</span> <span class='ocrx_word' id='word_1_557' title='bbox 451 4686 564 4749; x_wconf 74' lang='lat'>229</span> <span class='ocrx_word' id='word_1_558' title='bbox 597 4689 790 4772; x_wconf 87' lang='lat' dir='ltr'>sqq.),</span> <span class='ocrx_word' id='word_1_559' title='bbox 822 4690 1107 4752; x_wconf 88' lang='lat' dir='ltr'>codicem</span> <span class='ocrx_word' id='word_1_560' title='bbox 1149 4688 1302 4752; x_wconf 88' lang='lat' dir='ltr'>bibl.</span> <span class='ocrx_word' id='word_1_561' title='bbox 1349 4687 1612 4751; x_wconf 85' lang='lat' dir='ltr'>Nanian.</span> <span class='ocrx_word' id='word_1_562' title='bbox 1657 4686 1856 4748; x_wconf 78' lang='lat' dir='ltr'>LXIV.</span> <span class='ocrx_word' id='word_1_563' title='bbox 1881 4686 2140 4748; x_wconf 84' lang='lat' dir='ltr'>Codices</span> <span class='ocrx_word' id='word_1_564' title='bbox 2169 4685 2327 4748; x_wconf 90' lang='lat' dir='ltr'>alios</span> <span class='ocrx_word' id='word_1_565' title='bbox 2357 4689 2530 4749; x_wconf 88' lang='lat' dir='ltr'>novit</span> <span class='ocrx_word' id='word_1_566' title='bbox 2559 4688 2746 4749; x_wconf 87' lang='lat' dir='ltr'>etiam</span> <span class='ocrx_word' id='word_1_567' title='bbox 2795 4692 3223 4770; x_wconf 84' lang='lat' dir='ltr'>Combeﬁsius,</span> <span class='ocrx_word' id='word_1_568' title='bbox 3253 4717 3438 4779; x_wconf 89' lang='lat' dir='ltr'>quem</span> <span class='ocrx_word' id='word_1_569' title='bbox 3470 4722 3626 4784; x_wconf 80' lang='lat' dir='ltr'>Ope-</span> 
     </span>
    </p>
   </div>
   <div class='ocr_carea' id='block_1_49' title="bbox 364 4784 3621 4881">
    <p class='ocr_par' dir='ltr' id='par_1_49' title="bbox 364 4784 3621 4881">
     <span class='ocr_line' id='line_1_49' title="bbox 364 4784 3621 4881; baseline 0.005 -32"><span class='ocrx_word' id='word_1_570' title='bbox 364 4805 499 4850; x_wconf 90' lang='lat' dir='ltr'>rum</span> <span class='ocrx_word' id='word_1_571' title='bbox 541 4790 604 4849; x_wconf 92' lang='lat' dir='ltr'>S.</span> <span class='ocrx_word' id='word_1_572' title='bbox 637 4790 886 4851; x_wconf 89' lang='lat' dir='ltr'>Maximi</span> <span class='ocrx_word' id='word_1_573' title='bbox 941 4806 1076 4852; x_wconf 88' lang='lat' dir='ltr'>ase</span> <span class='ocrx_word' id='word_1_574' title='bbox 1111 4789 1424 4850; x_wconf 86' lang='lat' dir='ltr'>editorum</span> <span class='ocrx_word' id='word_1_575' title='bbox 1475 4804 1710 4867; x_wconf 90' lang='lat' dir='ltr'>corpus</span> <span class='ocrx_word' id='word_1_576' title='bbox 1731 4785 1916 4847; x_wconf 88' lang='lat' dir='ltr'>tertio</span> <span class='ocrx_word' id='word_1_577' title='bbox 1953 4784 2271 4846; x_wconf 85' lang='lat' dir='ltr'>volumine</span> <span class='ocrx_word' id='word_1_578' title='bbox 2312 4785 2640 4865; x_wconf 90' lang='lat' dir='ltr'>complere</span> <span class='ocrx_word' id='word_1_579' title='bbox 2660 4787 2928 4850; x_wconf 89' lang='lat' dir='ltr'>voluisse</span> <span class='ocrx_word' id='word_1_580' title='bbox 2979 4801 3245 4868; x_wconf 89' lang='lat' dir='ltr'>constat,</span> <span class='ocrx_word' id='word_1_581' title='bbox 3271 4797 3322 4858; x_wconf 90' lang='lat' dir='ltr'>si</span> <span class='ocrx_word' id='word_1_582' title='bbox 3363 4801 3621 4881; x_wconf 82' lang='lat' dir='ltr'>quidem</span> 
     </span>
    </p>
   </div>
   <div class='ocr_carea' id='block_1_50' title="bbox 361 4888 3621 4980">
    <p class='ocr_par' dir='ltr' id='par_1_50' title="bbox 361 4888 3621 4980">
     <span class='ocr_line' id='line_1_50' title="bbox 361 4888 3621 4980; baseline 0.002 -30"><span class='ocrx_word' id='word_1_583' title='bbox 361 4891 428 4953; x_wconf 87' lang='lat' dir='ltr'>in</span> <span class='ocrx_word' id='word_1_584' title='bbox 451 4891 754 4954; x_wconf 75' lang='lat' dir='ltr'>Biblioth.</span> <span class='ocrx_word' id='word_1_585' title='bbox 786 4892 1281 4965; x_wconf 75' lang='lat' dir='ltr'>concionatoria,</span> <span class='ocrx_word' id='word_1_586' title='bbox 1314 4898 1469 4952; x_wconf 89' lang='lat' dir='ltr'>tom.</span> <span class='ocrx_word' id='word_1_587' title='bbox 1507 4893 1528 4952; x_wconf 86' lang='grc' dir='ltr'><strong><em>ι</em></strong></span> <span class='ocrx_word' id='word_1_588' title='bbox 1559 4889 1662 4969; x_wconf 81' lang='lat' dir='ltr'>(cf.</span> <span class='ocrx_word' id='word_1_589' title='bbox 1686 4889 1954 4951; x_wconf 87' lang='lat' dir='ltr'>Fabricii</span> <span class='ocrx_word' id='word_1_590' title='bbox 1987 4888 2152 4950; x_wconf 83' lang='lat' dir='ltr'>Bibl.</span> <span class='ocrx_word' id='word_1_591' title='bbox 2185 4890 2297 4951; x_wconf 80' lang='lat' dir='ltr'>Gr.</span> <span class='ocrx_word' id='word_1_592' title='bbox 2334 4895 2486 4950; x_wconf 85' lang='lat' dir='ltr'>tom.</span> <span class='ocrx_word' id='word_1_593' title='bbox 2520 4890 2626 4961; x_wconf 83' lang='lat' dir='ltr'>1X,</span> <span class='ocrx_word' id='word_1_594' title='bbox 2676 4910 2738 4970; x_wconf 90' lang='lat' dir='ltr'>p.</span> <span class='ocrx_word' id='word_1_595' title='bbox 2770 4890 2885 4952; x_wconf 87' lang='lat'>673</span> <span class='ocrx_word' id='word_1_596' title='bbox 2918 4894 3017 4955; x_wconf 87' lang='lat' dir='ltr'>ed.</span> <span class='ocrx_word' id='word_1_597' title='bbox 3057 4898 3228 4960; x_wconf 85' lang='lat' dir='ltr'>Harl.</span> <span class='ocrx_word' id='word_1_598' title='bbox 3261 4900 3310 4980; x_wconf 84' lang='lat'>),</span> <span class='ocrx_word' id='word_1_599' title='bbox 3335 4925 3362 4956; x_wconf 88' lang='grc'>‹‹</span> <span class='ocrx_word' id='word_1_600' title='bbox 3397 4905 3459 4964; x_wconf 83' lang='grc'>8.</span> <span class='ocrx_word' id='word_1_601' title='bbox 3489 4907 3621 4969; x_wconf 63' lang='lat' dir='ltr'>Ma-</span> 
     </span>
    </p>
   </div>
   <div class='ocr_carea' id='block_1_51' title="bbox 361 4989 3624 5075">
    <p class='ocr_par' dir='ltr' id='par_1_51' title="bbox 361 4989 3624 5075">
     <span class='ocr_line' id='line_1_51' title="bbox 361 4989 3624 5075; baseline 0.007 -25"><span class='ocrx_word' id='word_1_602' title='bbox 361 4991 586 5065; x_wconf 82' lang='lat' dir='ltr'>ximus,</span> <span class='ocrx_word' id='word_1_603' title='bbox 620 4991 846 5070; x_wconf 92' lang='lat' dir='ltr'>inquit,</span> <span class='ocrx_word' id='word_1_604' title='bbox 913 4990 1090 5052; x_wconf 92' lang='lat' dir='ltr'>locos</span> <span class='ocrx_word' id='word_1_605' title='bbox 1133 4989 1415 5052; x_wconf 73' lang='lat' dir='ltr'>difﬁciles</span> <span class='ocrx_word' id='word_1_606' title='bbox 1453 4990 1726 5070; x_wconf 90' lang='lat' dir='ltr'>plurium</span> <span class='ocrx_word' id='word_1_607' title='bbox 1783 4992 2069 5069; x_wconf 90' lang='lat' dir='ltr'>Gregorii</span> <span class='ocrx_word' id='word_1_608' title='bbox 2120 4993 2476 5054; x_wconf 90' lang='lat' dir='ltr'>orationum</span> <span class='ocrx_word' id='word_1_609' title='bbox 2537 5011 2610 5056; x_wconf 92' lang='lat' dir='ltr'>ac</span> <span class='ocrx_word' id='word_1_610' title='bbox 2643 4998 3060 5075; x_wconf 85' lang='lat' dir='ltr'>quorumdam</span> <span class='ocrx_word' id='word_1_611' title='bbox 3131 5005 3477 5070; x_wconf 88' lang='lat' dir='ltr'>carminum</span> <span class='ocrx_word' id='word_1_612' title='bbox 3544 5027 3624 5072; x_wconf 77' lang='lat' dir='ltr'>ex</span> 
     </span>
    </p>
   </div>
   <div class='ocr_carea' id='block_1_52' title="bbox 365 5089 3626 5172">
    <p class='ocr_par' dir='ltr' id='par_1_52' title="bbox 365 5089 3626 5172">
     <span class='ocr_line' id='line_1_52' title="bbox 365 5089 3626 5172; baseline 0.007 -22"><span class='ocrx_word' id='word_1_613' title='bbox 365 5091 534 5168; x_wconf 82' lang='lat' dir='ltr'>regio</span> <span class='ocrx_word' id='word_1_614' title='bbox 565 5091 786 5153; x_wconf 86' lang='lat' dir='ltr'>codice</span> <span class='ocrx_word' id='word_1_615' title='bbox 818 5092 838 5171; x_wconf 88' lang='lat'><strong>(</strong></span> <span class='ocrx_word' id='word_1_616' title='bbox 869 5089 1294 5150; x_wconf 77' lang='lat' dir='ltr'>DCCCXXXVI</span> <span class='ocrx_word' id='word_1_617' title='bbox 1338 5089 1497 5150; x_wconf 91' lang='lat' dir='ltr'>Bibl.</span> <span class='ocrx_word' id='word_1_618' title='bbox 1539 5091 1698 5167; x_wconf 84' lang='lat' dir='ltr'>Reg.</span> <span class='ocrx_word' id='word_1_619' title='bbox 1765 5089 1952 5152; x_wconf 86' lang='lat' dir='ltr'>Catal.</span> <span class='ocrx_word' id='word_1_620' title='bbox 1987 5109 2052 5170; x_wconf 90' lang='lat' dir='ltr'>p.</span> <span class='ocrx_word' id='word_1_621' title='bbox 2088 5109 2154 5153; x_wconf 80' lang='grc' dir='ltr'>ιι.</span> <span class='ocrx_word' id='word_1_622' title='bbox 2190 5112 2254 5172; x_wconf 90' lang='lat' dir='ltr'>p.</span> <span class='ocrx_word' id='word_1_623' title='bbox 2293 5092 2402 5156; x_wconf 80' lang='lat'>172</span> <span class='ocrx_word' id='word_1_624' title='bbox 2433 5094 2479 5170; x_wconf 93' lang='lat'>),</span> <span class='ocrx_word' id='word_1_625' title='bbox 2526 5093 2756 5158; x_wconf 89' lang='lat' dir='ltr'>collato</span> <span class='ocrx_word' id='word_1_626' title='bbox 2813 5115 2954 5160; x_wconf 90' lang='lat' dir='ltr'>cum</span> <span class='ocrx_word' id='word_1_627' title='bbox 2987 5100 3184 5166; x_wconf 88' lang='lat' dir='ltr'>altero</span> <span class='ocrx_word' id='word_1_628' title='bbox 3217 5124 3341 5168; x_wconf 89' lang='lat' dir='ltr'>rev.</span> <span class='ocrx_word' id='word_1_629' title='bbox 3381 5109 3626 5172; x_wconf 76' lang='lat' dir='ltr'>abbatis</span> 
     </span>
    </p>
   </div>
   <div class='ocr_carea' id='block_1_53' title="bbox 361 5187 3622 5275">
    <p class='ocr_par' dir='ltr' id='par_1_53' title="bbox 361 5187 3622 5275">
     <span class='ocr_line' id='line_1_53' title="bbox 361 5187 3622 5275; baseline 0.007 -24"><span class='ocrx_word' id='word_1_630' title='bbox 361 5191 662 5254; x_wconf 84' lang='lat' dir='ltr'>Gerasimi</span> <span class='ocrx_word' id='word_1_631' title='bbox 689 5188 962 5261; x_wconf 90' lang='lat' dir='ltr'>Blaccbi,</span> <span class='ocrx_word' id='word_1_632' title='bbox 995 5188 1272 5249; x_wconf 81' lang='lat' dir='ltr'>Venetiis</span> <span class='ocrx_word' id='word_1_633' title='bbox 1313 5187 1762 5250; x_wconf 87' lang='lat' dir='ltr'>humanissime</span> <span class='ocrx_word' id='word_1_634' title='bbox 1811 5189 2144 5264; x_wconf 89' lang='lat' dir='ltr'>submisso,</span> <span class='ocrx_word' id='word_1_635' title='bbox 2208 5192 2470 5272; x_wconf 89' lang='lat' dir='ltr'>ipsaque</span> <span class='ocrx_word' id='word_1_636' title='bbox 2499 5192 2756 5254; x_wconf 89' lang='lat' dir='ltr'>Joannis</span> <span class='ocrx_word' id='word_1_637' title='bbox 2785 5195 3070 5275; x_wconf 66' lang='lat' dir='ltr'>Erigena)</span> <span class='ocrx_word' id='word_1_638' title='bbox 3135 5218 3208 5263; x_wconf 90' lang='lat' dir='ltr'>ex</span> <span class='ocrx_word' id='word_1_639' title='bbox 3232 5204 3622 5274; x_wconf 86' lang='lat' dir='ltr'>Cluniacensi</span> 
     </span>
    </p>
   </div>
   <div class='ocr_carea' id='block_1_54' title="bbox 362 5287 3626 5388">
    <p class='ocr_par' dir='ltr' id='par_1_54' title="bbox 362 5287 3626 5388">
     <span class='ocr_line' id='line_1_54' title="bbox 362 5287 3626 5388; baseline 0.007 -34"><span class='ocrx_word' id='word_1_640' title='bbox 362 5292 737 5355; x_wconf 85' lang='lat' dir='ltr'>bibliotheca</span> <span class='ocrx_word' id='word_1_641' title='bbox 769 5290 1079 5353; x_wconf 82' lang='lat' dir='ltr'>versione.</span> <span class='ocrx_word' id='word_1_642' title='bbox 1113 5287 1543 5368; x_wconf 87' lang='lat' dir='ltr'>C010phonem</span> <span class='ocrx_word' id='word_1_643' title='bbox 1568 5288 1737 5352; x_wconf 88' lang='lat' dir='ltr'>dabit</span> <span class='ocrx_word' id='word_1_644' title='bbox 1764 5291 1872 5353; x_wconf 88' lang='lat' dir='ltr'>viri</span> <span class='ocrx_word' id='word_1_645' title='bbox 1902 5291 1980 5354; x_wconf 86' lang='lat' dir='ltr'>cl.</span> <span class='ocrx_word' id='word_1_646' title='bbox 2008 5293 2346 5374; x_wconf 79' lang='lat' dir='ltr'>Rapliaelis</span> <span class='ocrx_word' id='word_1_647' title='bbox 2368 5294 2453 5358; x_wconf 79' lang='lat' dir='ltr'>(iu</span> <span class='ocrx_word' id='word_1_648' title='bbox 2470 5298 2699 5360; x_wconf 88' lang='lat' dir='ltr'>Fresne</span> <span class='ocrx_word' id='word_1_649' title='bbox 2728 5309 2821 5364; x_wconf 80' lang='grc' dir='ltr'>τοῦ</span> <span class='ocrx_word' id='word_1_650' title='bbox 2846 5313 3150 5384; x_wconf 80' lang='grc' dir='ltr'>μακαρίτου</span> <span class='ocrx_word' id='word_1_651' title='bbox 3181 5308 3626 5388; x_wconf 84' lang='lat' dir='ltr'>pulcherrimis</span> 
     </span>
    </p>
   </div>
   <div class='ocr_carea' id='block_1_55' title="bbox 363 5390 3624 5484">
    <p class='ocr_par' dir='ltr' id='par_1_55' title="bbox 363 5390 3624 5484">
     <span class='ocr_line' id='line_1_55' title="bbox 363 5390 3624 5484; baseline 0.005 -31"><span class='ocrx_word' id='word_1_652' title='bbox 363 5393 745 5482; x_wconf 84' lang='lat' dir='ltr'>membranis</span> <span class='ocrx_word' id='word_1_653' title='bbox 781 5390 1204 5471; x_wconf 89' lang='lat' dir='ltr'>pulcherrime</span> <span class='ocrx_word' id='word_1_654' title='bbox 1235 5399 1296 5451; x_wconf 91' lang='lat' dir='ltr'>et</span> <span class='ocrx_word' id='word_1_655' title='bbox 1332 5407 1522 5451; x_wconf 90' lang='lat' dir='ltr'>manu</span> <span class='ocrx_word' id='word_1_656' title='bbox 1571 5393 1814 5455; x_wconf 91' lang='lat' dir='ltr'>erudita</span> <span class='ocrx_word' id='word_1_657' title='bbox 1854 5402 2144 5457; x_wconf 89' lang='lat' dir='ltr'>exaratus</span> <span class='ocrx_word' id='word_1_658' title='bbox 2190 5399 2416 5474; x_wconf 84' lang='lat' dir='ltr'>codex,</span> <span class='ocrx_word' id='word_1_659' title='bbox 2448 5405 2498 5466; x_wconf 82' lang='lat' dir='ltr'>si</span> <span class='ocrx_word' id='word_1_660' title='bbox 2558 5407 2814 5484; x_wconf 89' lang='lat' dir='ltr'>quando</span> <span class='ocrx_word' id='word_1_661' title='bbox 2855 5406 3118 5470; x_wconf 79' lang='lat' dir='ltr'>facultas</span> <span class='ocrx_word' id='word_1_662' title='bbox 3143 5412 3248 5477; x_wconf 80' lang='lat' dir='ltr'>&#39;sit</span> <span class='ocrx_word' id='word_1_663' title='bbox 3311 5422 3372 5476; x_wconf 89' lang='lat' dir='ltr'>et</span> <span class='ocrx_word' id='word_1_664' title='bbox 3423 5419 3624 5484; x_wconf 77' lang='lat' dir='ltr'>otium</span> 
     </span>
    </p>
   </div>
   <div class='ocr_carea' id='block_1_56' title="bbox 361 5491 3622 5595">
    <p class='ocr_par' dir='ltr' id='par_1_56' title="bbox 361 5491 3622 5595">
     <span class='ocr_line' id='line_1_56' title="bbox 361 5491 3622 5595; baseline 0.009 -40"><span class='ocrx_word' id='word_1_665' title='bbox 361 5511 503 5555; x_wconf 89' lang='lat' dir='ltr'>cum</span> <span class='ocrx_word' id='word_1_666' title='bbox 533 5493 645 5556; x_wconf 88' lang='lat' dir='ltr'>illo</span> <span class='ocrx_word' id='word_1_667' title='bbox 695 5491 1085 5595; x_wconf 81' lang='lat' dir='ltr'>conferendi.</span> <span class='ocrx_word' id='word_1_668' title='bbox 1125 5515 1153 5546; x_wconf 82' lang='lat'><strong>»</strong></span> <span class='ocrx_word' id='word_1_669' title='bbox 1179 5491 1451 5595; x_wconf 16' lang='lat' dir='ltr'>AThoma:</span> <span class='ocrx_word' id='word_1_670' title='bbox 1481 5491 1630 5595; x_wconf 76' lang='lat' dir='ltr'>Gate</span> <span class='ocrx_word' id='word_1_671' title='bbox 1680 5492 1893 5568; x_wconf 90' lang='lat' dir='ltr'>libros,</span> <span class='ocrx_word' id='word_1_672' title='bbox 1944 5503 2067 5558; x_wconf 91' lang='lat' dir='ltr'>tam</span> <span class='ocrx_word' id='word_1_673' title='bbox 2107 5501 2218 5579; x_wconf 92' lang='lat' dir='ltr'>qui</span> <span class='ocrx_word' id='word_1_674' title='bbox 2251 5501 2456 5582; x_wconf 90' lang='lat' dir='ltr'>ipsum</span> <span class='ocrx_word' id='word_1_675' title='bbox 2489 5507 2737 5570; x_wconf 86' lang='lat' dir='ltr'>Maximi</span> <span class='ocrx_word' id='word_1_676' title='bbox 2779 5527 2942 5590; x_wconf 80' lang='lat' dir='ltr'>opus</span> <span class='ocrx_word' id='word_1_677' title='bbox 2996 5529 3186 5593; x_wconf 85' lang='lat' dir='ltr'>quam</span> <span class='ocrx_word' id='word_1_678' title='bbox 3235 5517 3342 5595; x_wconf 88' lang='lat' dir='ltr'>qui</span> <span class='ocrx_word' id='word_1_679' title='bbox 3383 5521 3622 5584; x_wconf 86' lang='lat' dir='ltr'>versio-</span> 
     </span>
    </p>
   </div>
   <div class='ocr_carea' id='block_1_57' title="bbox 359 5592 3635 5692">
    <p class='ocr_par' dir='ltr' id='par_1_57' title="bbox 359 5592 3635 5692">
     <span class='ocr_line' id='line_1_57' title="bbox 359 5592 3635 5692; baseline 0.007 -34"><span class='ocrx_word' id='word_1_680' title='bbox 359 5612 509 5659; x_wconf 84' lang='lat' dir='ltr'>nem</span> <span class='ocrx_word' id='word_1_681' title='bbox 533 5594 790 5659; x_wconf 86' lang='lat' dir='ltr'>Joannis</span> <span class='ocrx_word' id='word_1_682' title='bbox 810 5593 978 5656; x_wconf 82' lang='lat' dir='ltr'>Scoti</span> <span class='ocrx_word' id='word_1_683' title='bbox 1023 5593 1371 5670; x_wconf 86' lang='lat' dir='ltr'>continent,</span> <span class='ocrx_word' id='word_1_684' title='bbox 1431 5592 1722 5673; x_wconf 86' lang='lat' dir='ltr'>suspicor</span> <span class='ocrx_word' id='word_1_685' title='bbox 1779 5601 2090 5661; x_wconf 76' lang='lat' dir='ltr'>recenseri</span> <span class='ocrx_word' id='word_1_686' title='bbox 2121 5595 2213 5662; x_wconf 49' lang='lat' dir='ltr'>’in</span> <span class='ocrx_word' id='word_1_687' title='bbox 2263 5604 2558 5686; x_wconf 81' lang='lat' dir='ltr'>Catalogo</span> <span class='ocrx_word' id='word_1_688' title='bbox 2600 5609 2794 5671; x_wconf 86' lang='lat' dir='ltr'>Codd.</span> <span class='ocrx_word' id='word_1_689' title='bbox 2827 5612 2988 5674; x_wconf 81' lang='lat' dir='ltr'>MSS.</span> <span class='ocrx_word' id='word_1_690' title='bbox 3027 5592 3273 5692; x_wconf 63' lang='lat' dir='ltr'>Anglice</span> <span class='ocrx_word' id='word_1_691' title='bbox 3294 5624 3353 5680; x_wconf 89' lang='lat' dir='ltr'>et</span> <span class='ocrx_word' id='word_1_692' title='bbox 3397 5621 3635 5684; x_wconf 73' lang='lat' dir='ltr'>Iliber-</span> 
     </span>
    </p>
   </div>
  </div>
