4066 6150
435 355 570 424 1033

1657 361 2175 424 AMBIGUORUM
2217 365 2467 424 LIBER.

3532 352 3664 416 1034

433 466 640 535 καρίων
684 461 913 534 ἀνδρῶν,
963 461 1060 531 τῆς
1091 462 1259 524 ὅντως
1293 461 1523 529 ἐκλογῆς
1574 464 1683 516 τῶν
1732 465 1996 518 ἀνέκαθεν

2100 467 2217 531 Dei,
2253 468 2500 537 inquam,
2534 467 2783 521 imitatus
2821 480 2881 519 es
2911 478 3022 519 non
3077 462 3376 533 incongrue
3412 459 3664 513 sublimi-

434 556 577 611 κατά
606 554 863 624 πρόθεσιν
891 554 998 606 τῶν
1037 555 1246 606 αἰώνων
1277 553 1388 623 τῷ⁸
1434 553 1552 624 Θεῴ
1585 555 1994 624 προσθεμένων,

433 647 537 699 τῶν
581 649 760 700 πᾶσαν
803 646 877 708 ὡς
923 645 1177 714 ἀληθῶς⁹
1226 645 1322 715 τὴν
1378 645 1609 714 ἐφικτὴν
1658 647 1770 707 τοῖς
1820 643 1997 711 ἁγίοις

432 738 588 804 χύσιν
636 738 734 805 τῆς
790 737 981 805 σοφίας
1029 735 1443 806 είσδεξαμένων,
1487 737 1582 789 καὶ
1623 737 1691 805 τῇ
1739 735 1996 788 ἀποθέσει

435 827 532 895 τῆς
581 827 720 880 κατὰ
767 826 929 895 φύσιν
979 827 1123 896 ζωῆς
1162 827 1340 897 ψυχῆς
1370 827 1557 880 οὐσίαν
1587 826 1994 896 πεποιημένων,

437 918 527 970 καὶ
551 918 641 970 διὰ
669 919 824 971 τοῦτο
865 918 1042 982 ζῶντα
1090 918 1398 988 μονώτατον
1441 917 1534 971 τὸν
1565 919 1800 988 Χριστὸν
1831 920 1998 988 ἐσχη-

433 1010 626 1075 κότων,
659 1011 751 1062 καὶ
780 1011 841 1062 τὸ
885 1011 947 1080 δὴ
995 1011 1179 1080 μεῖζον
1213 1011 1422 1074 εἰπεῖν,
1468 1010 1647 1080 ψυχὴν
1677 1010 1861 1073 αὐτοῖς
1899 1011 1998 1080 τῆς

431 1099 610 1169 ψυχῆς
642 1100 1004 1170 γεγενημένον
1036 1102 1128 1153 καὶ
1169 1100 1258 1153 διά
1283 1102 1500 1154 πάντων
1530 1102 1707 1170 ἔργων
1741 1118 1799 1153 τε
1829 1101 1924 1153 καὶ
1954 1100 1997 1132 ¹⁰

429 1189 603 1256 λόγων
647 1190 740 1241 καὶ
790 1190 1079 1260 νοημάτων
1115 1192 1280 1243 πᾶσιν
1326 1191 1764 1261 ἐμφανιζόμενον
1796 1191 1872 1253 ὡς
1910 1191 1998 1241 έν-

429 1280 616 1332 τεῦθεν
648 1280 871 1333 ἐκείνων
918 1281 1017 1350 μὲν
1050 1283 1150 1334 οὐκ
1180 1280 1322 1334 εἷναι
1356 1282 1649 1336 πεπεῖσθαι
1697 1281 1766 1335 τά
1803 1298 1999 1349 προτε-

431 1368 678 1434 θένταίί,
726 1371 964 1440 Χριστοῦ
1001 1371 1080 1437 δὲ,
1127 1373 1331 1426 κατά¹¹
1373 1374 1534 1444 χάριν
1584 1374 1767 1436 αὐτοῖς
1808 1371 1999 1425 ἐαυτὸν

431 1455 856 1522 ύπαλλάξαντος.
916 1459 1077 1512 Ἀλλά
1124 1460 1243 1523 πῶς
1301 1461 1440 1514 εῐπω
1502 1461 1706 1531 Κύριον
1766 1459 1998 1529 Ἰησοῦν,

434 1548 602 1616 μήπω
653 1548 873 1614 πνεῦμα
917 1549 1098 1603 λαϐὼν
1142 1551 1455 1622 άγιότητοςς
1489 1551 1612 1614 Πῶς
1651 1552 1871 1622 λαλήσω
1903 1551 2002 1613 τὰς

429 1637 751 1700 δυναστείας
775 1636 868 1691 τοῦ
893 1639 1123 1708 Κυρίου,
1154 1642 1181 1692 ὁ
1210 1639 1581 1708 μογίλαλος¹³,
1636 1641 1730 1693 καὶ
1762 1641 1852 1693 τὸν
1877 1640 2002 1692 νοῦν

428 1729 495 1798 τῇ
559 1729 744 1796 σχέσει
817 1729 1176 1801 προσηλώσας
1232 1729 1342 1781 τῶν
1400 1729 1804 1800 φθειρομένων;
1873 1729 1998 1792 Πῶς

2100 567 2265 612 tatem
2298 569 2354 613 et
2379 557 2835 620 humiliationem,
2863 556 2992 609 dum
3018 568 3129 607 non
3167 549 3481 622 dedignaris
3501 549 3668 603 etiam

2098 649 2166 702 ad
2209 665 2295 702 me
2335 648 2693 702 descendere.
2752 646 2962 712 Quaeris
3007 644 3197 712 utique
3225 642 3292 696 dc
3321 657 3407 694 me
3456 655 3519 693 ea
3547 655 3670 709 qua:

2098 736 2440 805 penitissime
2473 736 2798 805 cognovisti,
2827 734 3066 805 capitula
3096 732 3242 796 dico,
3281 746 3402 800 qua:
3449 746 3516 784 ex
3547 729 3671 783 Dio-

2098 828 2256 898 nysio
2285 836 2340 882 et
2368 827 2634 897 Gregorio
2667 828 2952 896 proponis.
2990 825 3100 879 llos
3130 839 3231 894 ego
3264 822 3486 891 quidem
3520 821 3672 873 viros

2099 933 2426 972 enumerare
2456 918 2606 972 soleo
2659 917 2802 970 inter
2833 916 3210 971 sanctissimos
3250 911 3669 966 celeberrimos-

2099 1020 2227 1074 que,
2262 1015 2318 1060 et
2342 1006 2505 1075 longe
2553 1005 2905 1060 beatissimos
2948 1003 3209 1073 praedico.
3244 1003 3355 1056 Hos
3383 1001 3543 1070 plane
3578 1000 3672 1068 ju-
3770 1027 3776 1033 ς

2100 1096 2227 1151 dico
2271 1097 2416 1150 inter
2469 1097 2593 1151 illos
2640 1111 2878 1166 superne
2908 1097 3138 1157 electos,
3190 1110 3330 1163 quos
3363 1095 3510 1147 Deus
3564 1090 3672 1145 sibi

2100 1187 2296 1240 ascivit
2338 1187 2642 1241 secundum
2675 1187 2823 1240 illam
2855 1186 3182 1240 saeculorum
3229 1183 3669 1252 przeﬁnitionem.

2105 1272 2216 1326 Hos
2249 1290 2351 1343 ego
2381 1275 2549 1328 credo
2594 1289 2815 1329 omnem
2857 1276 3172 1344 complexos
3222 1288 3341 1327 esse
3386 1271 3674 1341 sapientiae

2101 1363 2519 1428 abundantiam,
2545 1379 2666 1432 quae
2696 1364 2918 1433 quidem
2947 1365 3004 1418 in
3034 1365 3287 1419 homines
3311 1364 3510 1418 cadere
3544 1377 3678 1431 pos~

2103 1454 2193 1507 sit.
2236 1453 2348 1507 Hos
2391 1454 2649 1509 existimo
2704 1455 2813 1508 vita
2875 1454 2998 1518 ista,
3054 1470 3175 1522 quae
3234 1461 3320 1507 est
3367 1453 3674 1507 secundum

2101 1551 2380 1606 naturam,
2416 1543 2486 1597 ad
2541 1544 2718 1613 ipsam
2754 1544 2952 1598 anima:
3005 1543 3300 1598 essentiam
3359 1543 3674 1612 pertigisse.

2103 1635 2352 1703 adeoque
2401 1634 2682 1690 Christum
2734 1637 2912 1706 ipsum
2946 1635 3221 1690 viventem
3276 1635 3676 1705 propemodum

2104 1735 2296 1780 nactos
2322 1726 2515 1792 fuisse,
2547 1728 2657 1791 vel,
2703 1737 2764 1781 ut
2799 1728 2976 1798 majus
3015 1728 3198 1781 adhuc
3259 1728 3458 1790 dicam,
3511 1727 3677 1781 Chri-

429 1817 700 1880 ἀκουστάς
730 1821 941 1888 ποιήσω
979 1820 1082 1872 κᾶν
1111 1837 1265 1883 τινας
1298 1820 1536 1882 αἰνέσεις
1583 1819 1748 1872 αὐτοῦ
1775 1859 1790 1882 ,
1827 1822 1996 1872 όκω-

2107 1823 2251 1869 stum
2286 1817 2532 1886 ipsorum
2571 1818 2768 1872 animae
2807 1821 3045 1872 animam
3072 1816 3370 1880 exstitisse,
3422 1816 3677 1885 factaque

430 1908 526 1976 φὺς
555 1945 570 1970 ,
599 1908 693 1959 καὶ
719 1907 780 1960 τὸ
803 1909 901 1978 τῆς
925 1909 1105 1979 ψυχῆς
1131 1909 1460 1964 ἀκουστικὸν
1499 1909 1586 1962 διὰ
1632 1909 1728 1979 τὴν
1769 1910 1906 1980 πρὸς
1930 1910 2000 1962 τὰ

429 1998 578 2066 πάθη
607 1998 790 2066 φιλίαν
842 1999 980 2068 έχων
1011 1999 1293 2062 παντελῶς
1345 2000 1808 2070 ἀπεστραμμένον
1829 1998 1873 2030 ⁸⁸
1904 2000 1996 2052 τοῦ

429 2089 586 2158 λόγου
615 2093 716 2162 τὴν
749 2090 1024 2161 μακαρίαν
1052 2092 1270 2160 φωνήν;
1320 2089 1446 2149 Πῶς
1491 2089 1743 2159 ἐμφανὴς
1783 2090 1810 2141 ὁ
1841 2088 2000 2156 λόγος

429 2182 716 2252 γενήσεταί
748 2198 874 2252 μοι,
908 2181 986 2251 τῷ
1015 2181 1304 2251 ἡττημένῳ
1344 2179 1420 2249 τῷ
1451 2182 1641 2250 κόσμῳ
1669 2220 1684 2244 ,
1713 2182 1868 2251 νικᾷν
1909 2182 2001 2234 τὸν

429 2270 653 2340 κόσμον,
682 2269 795 2322 ἀλλ’
826 2270 926 2322 οὐκ
955 2269 1358 2339 ἐμφανίζεσθαι
1395 2267 1472 2338 τῷ
1495 2269 1687 2337 κόσμῳ
1716 2268 1998 2337 πεφυκὼς,

429 2361 587 2432 εἴπερ
621 2360 827 2430 φιλύλῳ
866 2361 1103 2414 διαθέσει
1128 2362 1267 2414 κατὰ
1310 2360 1473 2429 φύσιν
1516 2362 1665 2413 ἐστὶν
1697 2361 2000 2428 ἀνεπίγνω-

436 2468 593 2517 στος;
627 2451 750 2515 Πῶς
789 2453 850 2504 ού
889 2451 1180 2522 τολμηρὸν,
1233 2453 1347 2514 τοῖς
1391 2450 1569 2519 ἁγίοις
1608 2450 1700 2504 τὸν
1744 2453 1912 2521 ἐναγῆ
1933 2451 1999 2518 ’⁸,

433 2543 526 2596 καὶ
566 2544 678 2606 τοῖς
724 2542 984 2612 καθαροῖς
1025 2544 1296 2613 ἐγχειρεῖν
1329 2543 1419 2595 τὸν
1465 2542 1810 2612 ἀκάθαρτονς
1845 2543 2000 2596 Διὸίθ

429 2633 835 2702 παρῃτησάμην
888 2634 954 2686 ἂν
1014 2634 1114 2703 τὴν
1164 2634 1256 2686 ἐπὶ
1316 2636 1428 2696 τοῖς
1490 2634 1998 2705 κεκελευσμένοιςίτ

427 2721 764 2791 ἐγχείρησιν,
812 2721 904 2775 τὸν
959 2723 1152 2792 (105
1181 2725 1250 2792 a)
1311 2725 1412 2794 τῆς
1458 2726 1787 2795 προπετείας
1835 2725 2000 2796 ψόγον

428 2811 794 2882 φοϐούμενος,
825 2815 875 2865 εί
926 2813 1000 2883 μὴ
1043 2814 1207 2868 πλέον
1250 2814 1537 2868 ἐδεδοίκειν
1569 2816 1671 2885 τῆς
1715 2817 1997 2881 ἀπειθείας

425 2909 518 2961 τὸν
548 2910 811 2963 κίνδυνον.
845 2911 1001 2963 Δυοῖν
1034 2905 1127 2962 οὖν
1156 2909 1362 2962 τούτων
1380 2911 1424 2943 ¹⁸
1454 2910 1617 2980 μέσος
1645 2910 1872 2980 ληφθεὶς
1897 2910 2000 2978 τῆς

427 3001 758 3070 προπετείας
810 3001 1068 3072 αἱροῦμαι
1131 3000 1331 3070 μᾶλλον
1393 3001 1487 3054 τὸν
1541 3001 1706 3070 ψόγον
1769 3001 1846 3064 ὡς
1907 3002 1999 3054 άν-

425 3091 712 3161 εκτότερον
733 3091 794 3155 ίθ,
818 3091 1035 3160 φεύγων
1062 3091 1137 3155 ὡς
1171 3091 1558 3160 ἀσύγγνωστον
1587 3095 1684 3160 τῆς
1713 3090 2002 3155 ἀπειθείας·

427 3179 519 3232 τὸν
547 3181 811 3238 κίνδυνον.
855 3184 963 3235 Καὶ
1010 3185 1078 3252 τῇ
1125 3184 1374 3254 μεσιτείᾳ
1403 3183 1510 3236 τῶν
1540 3184 1709 3250 ἁγίων
1743 3186 1838 3237 καὶ
1868 3183 1996 3255 βοησ-

427 3269 549 3342 θείᾳ
597 3271 704 3326 τῶν
753 3273 1038 3342 ὑμετέρων
1073 3274 1270 3342 εὐχῶν,
1319 3272 1560 3342 Χριστοῦ
1604 3273 1697 3326 τοῦ
1753 3275 1993 3344 μεγάλου

425 3364 560 3417 Θεοῦ
591 3367 683 3418 καὶ
708 3366 962 3435 Σωτῆρος
990 3365 1146 3436 ἡμῶν
1179 3366 1541 3435 χορηγοῦντος
1557 3367 1603 3398 ’θ
1636 3365 1698 3418 τὸ
1725 3369 1865 3419 νοεῖν
1901 3367 1992 3418 eb-

429 3455 602 3518 σεϐῶς
641 3458 734 3510 καὶ
776 3457 955 3525 λέγειν
976 3457 1232 3524 δεόντως,
1263 3457 1390 3528 περὶ
1433 3457 1673 3513 ἑκάστου
1690 3457 1992 3525 κεφαλαίου

425 3545 524 3616 τὴν
555 3547 848 3619 ἀπόκρισιν
877 3549 952 3611 ὡς
981 3545 1093 3603 οἷόν
1130 3566 1189 3601 τε
1218 3549 1520 3619 ποιήσομαι
1551 3547 1997 3618 σύντομον(πρδς

427 3635 534 3706 γὰρ
575 3636 893 3690 διδάσκαλον
923 3640 951 3690 ὁ
978 3638 1135 3707 λόγος
1173 3641 1391 3709 μικροῖς
1431 3637 1746 3710 πορίζεσθαι
1788 3638 1998 3706 μεγάλα

427 3723 786 3799 δυνάμενον),
847 3729 1148 3799 ἀρχόμενος
1207 3729 1316 3782 ἀπὸ
1365 3727 1666 3800 Γρηγορίου
1721 3727 1815 3780 τοῦ
1878 3727 1998 3780 θεό-

429 3831 656 3884 φρονος,
723 3817 800 3881 ὡς
858 3820 1060 3890 μᾶλλον
1112 3821 1245 3890 ἡμῖν
1297 3819 1450 3882 ὄντος
1505 3817 1581 3888 τῷ
1621 3819 1796 3888 χρόνῳ
1828 3834 1996 3888 προσ-

428 3906 735 3973 εχεστέρου,

2100 1915 2158 1960 et
2203 1907 2350 1961 dicta
2395 1916 2453 1962 et
2496 1909 2736 1978 cogitata
2786 1925 2983 1963 eorum
3025 1909 3209 1963 omnia
3267 1917 3526 1977 tanquam
3579 1923 3678 1962 sua

2099 2001 2280 2069 palam
2311 1999 2652 2066 exhibuisse,
2679 2009 2742 2054 ut
2767 1999 2898 2071 jam‘
2917 2016 3026 2055 non
3052 2001 3290 2070 amplius
3320 2002 3550 2055 credere
3581 2017 3680 2070 par

2100 2092 2171 2146 sit
2194 2092 2262 2146 ab
2291 2093 2402 2146 illis
2437 2101 2561 2147 orta
2597 2107 2720 2147 esse
2755 2108 2878 2162 quae
2918 2104 3324 2162 preponuntur,
3353 2093 3446 2147 sed
3493 2095 3678 2162 potius

2101 2183 2170 2236 ab
2204 2184 2323 2253 ipso
2359 2181 2728 2253 Christo,‘qui
2760 2199 2859 2254 per
2886 2185 3415 2240 condescensioncm
3445 2185 3502 2238 in
3543 2184 3679 2254 ipsis

2101 2273 2366 2342 loquitur.
2402 2275 2516 2344 Ego
2542 2274 2763 2328 interim
2794 2274 2920 2343 quis
2938 2291 3082 2336 sum,
3119 2276 3216 2344 qui
3241 2291 3339 2330 ore
3366 2290 3490 2329 meo
3515 2290 3680 2329 usur-

2101 2379 2224 2432 pem
2246 2365 2542 2419 Dominum
2569 2364 2779 2427 Iesum,
2813 2381 2937 2420 cum
2980 2366 3215 2420 necdum
3250 2365 3504 2435 spiritum
3551 2380 3678 2420 san-

2102 2453 2455 2510 ctiﬁcationis
2516 2457 2875 2527 acceperim?
2956 2455 3244 2522 Quomodo
3307 2473 3409 2527 ego
3445 2457 3678 2526 eloquar

2100 2543 2320 2598 Domini
2367 2546 2601 2600 virtutes
2657 2546 2753 2616 qui
2805 2540 3006 2616 linguae
3052 2563 3174 2602 sum
3225 2547 3520 2617 impeditae,
3581 2548 3677 2616 qui

2103 2637 2344 2684 mentem
2401 2632 2568 2687 rebus
2613 2634 3076 2703 corruptibilibus
3135 2636 3453 2691 immersam
3507 2637 3679 2708 gero?

2101 2717 2402 2784 Quomodo
2441 2734 2564 2790 ego,
2605 2723 2701 2792 qui
2753 2731 2943 2779 mutus
2971 2739 3114 2790 sum,
3175 2727 3368 2780 laudes
3427 2728 3546 2796 ejus
3589 2727 3676 2782 vel

2101 2807 2359 2863 minimas
2377 2813 2724 2880 personabo?
2743 2815 2836 2883 qui
2866 2831 3030 2870 aures
3047 2816 3243 2870 anima:
3264 2833 3490 2887 prorsus
3511 2817 3676 2872 obtu-

2102 2906 2248 2952 ratas
2299 2899 2499 2965 habeo,
2553 2917 2621 2956 ex
2648 2903 2821 2958 nimio
2867 2920 2996 2976 erga
3039 2906 3271 2962 allectus
3319 2923 3526 2973 amore,
3580 2910 3676 2978 qui

2100 2987 2221 3042 ﬁeri
2256 2991 2430 3059 possit
2465 3000 2526 3045 ut
2580 2992 2797 3048 beatam
2830 2995 2978 3049 illam
3025 3011 3220 3052 vocem
3270 2998 3677 3068 deprardicem?

2099 3096 2202 3142 ego
2233 3090 2290 3134 ut
2322 3084 2590 3138 mundum
2627 3085 2868 3154 vincam,
2905 3089 3002 3157 qui
3046 3090 3262 3160 jamdiu
3294 3102 3474 3148 Victus
3497 3111 3614 3148 sum
3644 3113 3675 3149 a

2103 3171 2347 3225 mundo?
2377 3173 2489 3229 imo
2532 3175 2719 3245 potius
2751 3179 2958 3233 mundo
2996 3180 3248 3237 inveniar
3276 3185 3436 3252 plane
3483 3188 3676 3240 conci-

2101 3262 2312 3328 liatus;
2354 3263 2412 3318 in
2445 3280 2532 3320 me
2561 3267 2710 3320 enim
2744 3269 2886 3324 nihil
2933 3272 3083 3326 aliud
3112 3273 3454 3341 deprehendi
3492 3284 3676 3344 potest

2101 3368 2266 3421 quam
2310 3355 2459 3427 jugis
2509 3356 2577 3429 ad
2612 3359 2902 3415 materiam
2935 3371 2991 3415 et
3021 3371 3275 3417 naturam
3305 3365 3323 3384 ‘
3353 3366 3672 3434 propensio.

2101 3445 2222 3499 Erit
2248 3446 2488 3516 denique
2518 3462 2745 3505 summa:
2767 3451 3033 3515 audaciae,
3066 3453 3112 3506 si
3137 3453 3289 3507 viros
3321 3464 3540 3509 sanctos
3571 3471 3674 3526 ego

2100 3540 2349 3610 impurus
2376 3544 2660 3614 attingam,
2683 3547 2738 3600 si
2773 3547 3171 3604 mundissimos
3219 3550 3540 3606 immundus
3570 3568 3673 3623 ego

2098 3631 2491 3685 contaminem.
2525 3632 2876 3704 Quapropter
2898 3636 3066 3706 jussis
3095 3637 3205 3691 tuis
3229 3637 3461 3693 omnino
3492 3639 3670 3693 'dcne-

2098 3737 2310 3791 gassem
2338 3722 2692 3792 obsequium,
2737 3727 3069 3781 temeritatis
3115 3729 3328 3784 veritus
3370 3730 3672 3800 reprehen-

2097 3814 2332 3879 sionem,
2358 3814 2403 3869 si
2438 3831 2548 3870 non
2579 3818 2753 3888 magis
2785 3818 3202 3874 abhorruissem
3243 3821 3313 3876 ab
3336 3822 3656 3876 inobedien-

2098 3905 2186 3960 tiae
2218 3909 2487 3975 periculo.
2524 3909 2583 3963 In
2623 3910 2806 3965 medio
2845 3911 3044 3966 horum
3105 3911 3340 3968 duorum
3396 3923 3669 3969 constitu-

429 4003 517 4051 tus
571 4005 702 4068 opto
727 3998 914 4070 potius
955 3998 1136 4053 videri
1172 3997 1500 4052 temerarius
1527 3996 1674 4066 {(ista
1726 3995 1873 4050 enim
1938 4010 2068 4066 pars
2107 3997 2430 4066 placabilior
2489 4002 2594 4070 est)
2653 4017 2814 4070 quam
2880 4004 3223 4070 inobediens,
3279 4007 3437 4076 cujus
3495 4007 3671 4075 culpae

425 4087 641 4141 veniam
668 4091 850 4144 minus
880 4105 1080 4145 censeo
1148 4088 1575 4158 impetrabilem.
1622 4087 1819 4143 Fretus
1880 4087 2049 4158 igitur
2087 4097 2405 4144 sanctorum
2432 4093 2677 4145 omnium
2731 4093 3136 4159 benevolentia,
3190 4105 3305 4149 tum
3354 4103 3669 4150 vestrarum

425 4181 737 4234 orationum
765 4182 1061 4252 adjutorio,
1124 4180 1192 4236 de
1223 4193 1556 4252 unoquoque
1589 4179 1830 4251 capitulo
1861 4193 2028 4250 quam
2067 4178 2186 4234 ﬁeri
2222 4190 2402 4250 potest
2463 4182 2706 4237 breviter
2744 4185 3110 4255 respondebo,
3153 4185 3376 4241 Christo
3419 4188 3663 4257 auspice.

427 4271 521 4340 qui
551 4272 692 4326 Deus
722 4289 951 4343 magnus
975 4282 1061 4329 est
1089 4285 1146 4330 et
1185 4263 1443 4330 Servator
1469 4282 1680 4338 noster,
1710 4274 1916 4342 quique
1938 4279 1995 4327 et
2033 4286 2228 4340 sapere
2259 4273 2347 4342 pie
2376 4281 2432 4327 et
2491 4274 2641 4344 loqui
2691 4288 3009 4346 opportune
3029 4279 3312 4348 largietur.
3341 4279 3512 4334 Nobis
3536 4295 3668 4336 sane

427 4375 551 4413 cum
575 4377 640 4415 eo
672 4365 931 4434 magistro
962 4381 1052 4419 res
1115 4372 1202 4418 est
1230 4363 1325 4433 qui
1355 4363 1519 4418 etiam
1559 4364 1806 4433 parvulis
1867 4377 2066 4431 magna
2099 4362 2305 4418 donare
2331 4371 2532 4433 potest.
2575 4363 2774 4421 Ordiar
2807 4369 2973 4438 igitur
3017 4385 3048 4424 a
3075 4370 3420 4426 divinlssimo
3461 4372 3668 4445 Grego-

427 4451 534 4514 rio,
577 4453 704 4522 quia
729 4455 888 4510 nobis
931 4465 1176 4526 tempore
1220 4454 1587 4524 propinquior
1625 4471 1746 4510 esse
1794 4453 2162 4509 existimatur.
2239 4507 2242 4510 .

429 4646 537 4700 Τοῦ
563 4647 734 4715 ἁγίου
758 4651 1088 4720 Γρηγορίπ
1117 4651 1223 4705 τοῦ
1264 4653 1560 4722 Θεολόγου
1580 4691 1594 4715 ,
1623 4653 1691 4706 ἐκ
1715 4655 1822 4709 τοῦ
1855 4657 1988 4724 περὶ

2100 4655 2316 4710 Sanctus
2347 4657 2625 4728 Gregorius
2646 4661 2700 4713 in
2728 4663 2902 4731 prima
2929 4666 3170 4718 oratione
3197 4667 3258 4719 de
3285 4665 3436 4732 Filio,
3476 4688 3492 4718 ι
3527 4667 3665 4733 Quo-

498 4739 632 4791 Υιοῦ
663 4738 896 4806 πρώτου
923 4743 1108 4810 λόγου
1135 4745 1222 4807 εἰς
1255 4743 1322 4795 τό
1350 4759 1363 4772 ·
1392 4762 1410 4794 ι
1438 4743 1541 4796 Διὰ
1583 4743 1759 4798 τοῦτο
1795 4747 1987 4814 μονὰς

2164 4749 2305 4802 circa
2339 4752 2516 4804 unitas
2558 4770 2588 4804 a
2617 4755 2871 4824 principio
2903 4757 2956 4809 in
2987 4757 3253 4813 binarium
3285 4771 3427 4814 mota
3460 4763 3516 4814 in
3547 4763 3663 4815 Tri-

491 4827 592 4880 ἀπ’
626 4829 821 4898 ἀρχῆς
849 4832 950 4914 εὶς.
975 4831 1170 4885 δυάδα
1196 4832 1509 4900 κινηθεῖσα
1531 4833 1708 4902 μέχρι
1743 4835 1986 4902 Τριάδος

2164 4841 2330 4893 nitate
2357 4843 2614 4896 consistit.
2648 4863 2665 4894 ι
2706 4844 2771 4898 Et
2794 4847 2984 4900 iterum
3020 4848 3160 4903 idem
3187 4851 3242 4906 in
3267 4852 3497 4905 secunda
3533 4869 3662 4908 ora-

489 4919 658 4986 ἕστη.
692 4940 710 4971 ι
745 4920 852 4975 Kal
883 4921 1070 4975 πάλιν
1101 4922 1208 4977 τοῦ
1245 4923 1434 4978 αὑτοῦ
1473 4924 1538 4976 ἐκ
1566 4923 1671 4978 τοῦ
1702 4925 1984 4996 δευτέρου

2167 4932 2308 4984 tione
2321 4933 2386 4986 de
2399 4933 2541 4987 Pace
2563 4952 2580 4988 :
2607 4955 2624 4985 ι
2657 4935 2874 4991 L'nitate
2899 4939 3153 4995 nimirum
3176 4943 3238 4996 ob
3266 4943 3474 4998 divitias
3493 4953 3656 5012 mota,

1673 5061 1912 5116 VARUE
1951 5064 2352 5122 LECTIONES.

505 5167 1548 5262 i’fQ’nanljeSjfliggl:_§3l;:Algida
1573 5174 1862 5262 fil.u(ial;‘
1920 5178 1962 5262 1°
1988 5181 2082 5262 καὶ
2104 5197 2212 5262 oni.
2237 5185 2326 5238 ed.
2357 5183 2475 5239 Gal.
2562 5188 2604 5262 “_
2634 5188 2973 5256 προταθέντα
3007 5190 3130 5262 cod.
3159 5189 3439 5262 Gudianus
3467 5207 3543 5245 m.
3569 5207 3656 5262 pr.

420 5237 594 5330 gtnled.
620 5237 1445 5330 ﬁal.urrp‘of‘egéveaemendatio
1469 5251 1555 5330 est
1582 5243 1638 5330 in
1668 5245 1787 5298 cod.
1824 5245 1978 5330 Gud:
2000 5250 2068 5303 ab
2089 5237 2278 5330 eadem
2299 5237 2464 5330 manu
2494 5237 2734 5330 antiqua:
2751 5237 3138 5330 superscripta.
3167 5237 3543 5315 ’ίῖηὲὂῧέἷαζὲὶ

418 5306 536 5393 Ea];
627 5305 1053 5393 "4901’1'9‘110;
1080 5307 1252 5393 7230‘};
1287 5309 1468 5393 Qud.“
1512 5313 1580 5393 ιδ.
1615 5314 2087 5393 ἀπεστραμμένων
2135 5305 2263 5393 cod.
3164 5332 3207 5362 ¹⁶
3242 5305 3375 5384 Δίῖθ
3397 5305 3655 5387 ’ξιί.”(ἰνέίί

421 5378 464 5410 "
511 5375 1018 5444 ὲγκεκελευσμένοις
1069 5377 1156 5430 ed.
1213 5377 1332 5432 Gal.
1426 5379 1469 5411 ³⁸
1493 5380 1702 5446 τούτοις
1733 5375 1823 5439 ed.
1849 5375 1964 5441 Gal.
2050 5389 2092 5422 ¹⁰
2120 5375 2528 5463 ἀνέκτᾱρόὖίεά.
2565 5375 2758 5451 Gal.“
3352 5375 3480 5455 1:51“.

487 5505 1643 5608 zﬂjn‘u‘sﬂb‘ene]dnﬁzusatisrectej
1696 5523 1970 5608 convertit
2077 5542 2192 5608 non.
2216 5543 2336 5608 vero
2364 5529 2436 5608 μά
2472 5531 2842 5608 apparendum
2869 5534 2922 5586 in
2954 5533 3148 5588 swculo
3178 5545 3358 5600 natus,
3394 5538 3654 5608 siquidem

416 5574 1448 5678 jlrnodonmiﬁiLqui
1480 5587 1589 5678 ἔρξε
1609 5589 1971 5678 devictus'sum
2078 5613 2117 5678 ει.
2139 5595 2475 5678 dispositione
2593 5603 2875 5655 materiam
2914 5574 3652 5678 pripensa'b‘é}?ifai°;'$;;$

415 5643 628 5708 seculo,
653 5644 866 5712 pate/iet
903 5644 1106 5711 Sermo,
1156 5649 1226 5702 ad
1269 5643 1970 5725 déuinceridumereculum,

689 5739 962 5797 PATBOL.
1006 5737 1121 5798 GR.
1159 5741 1309 5802 XC].
3112 5766 3189 5827 33
