4066 6150
495 315 535 380 ’Ξ
549 317 653 379 035

1699 323 1759 385 S.
1801 320 1959 383 MAX
1973 321 2083 381 [Ml
2125 316 2632 381 COXFESSORIS

3617 322 3758 387 1036

583 437 791 490 binario
831 442 1002 488 autem
1032 446 1281 507 superato
1319 449 1532 509 propter
1574 444 1853 495 materiam
1884 452 1931 494 et
1972 448 2081 510 for-

2250 439 2574 505 Εἶρηνικοῦ
2603 442 2691 505 εις
2723 440 2792 493 τό
2816 456 2829 469 ·
2872 456 2889 489 ι
2918 437 3187 505 Μονόδος
3217 440 3330 508 μὲν
3357 440 3718 507 κινηθείσης
3738 478 3757 503 ,

580 545 746 589 mam,
782 543 847 580 ex
874 529 1057 597 quibus
1104 546 1327 601 corpora
1374 542 1640 597 constant,
1673 533 1931 586 Trinitate
1962 549 2080 586 vero

581 629 794 691 propter
832 621 1196 689 perfectionem
1222 620 1459 691 deﬁnita.
1495 642 1512 673 ι

581 924 677 978 llis
709 924 765 977 in
797 925 997 989 verbis,
1035 941 1068 978 ο
1095 926 1192 981 Dei
1222 942 1400 993 serve,
1427 928 1736 997 speculanti
1783 926 1884 980 tibi
1910 941 2080 996 appa-

509 1027 594 1071 ret
618 1015 867 1084 quaedam
920 1032 1042 1071 esse
1078 1017 1419 1073 dissonantia
1453 1038 1465 1073 :
1504 1019 1550 1073 si
1588 1035 1722 1074 vero
1763 1018 2083 1089 diligentius

507 1107 829 1176 quaesiveris
853 1122 1053 1162 eorum
1072 1111 1510 1175 consonantiam,
1545 1119 1601 1164 et
1627 1125 1754 1165 vera
1785 1122 1839 1165 et
1873 1108 2085 1177 simpli-

474 1198 729 1252 ~cissima
758 1197 1069 1253 secundum
1110 1202 1446 1254 sententiam
1491 1200 1898 1270 deprehendes.
1929 1200 2078 1254 ldcm

506 1288 657 1342 enim
682 1304 910 1358 prorsus
937 1299 1022 1344 est
1065 1291 1317 1359 superari
1373 1290 1549 1359 dyada
1572 1298 1629 1345 et
1674 1307 1784 1345 non
1831 1299 1975 1344 stare
2026 1290 2080 1343 in

479 1379 705 1451 ~dyade,
745 1388 802 1435 ct
826 1395 1019 1435 rursus
1043 1380 1261 1435 deliniri
1303 1381 1503 1444 triada,
1541 1392 1599 1436 et
1633 1391 1840 1436 motum
1893 1397 2083 1436 mona-

507 1472 594 1525 dis
619 1482 763 1527 stare
789 1472 841 1526 in
893 1472 1090 1537 lriade,
1124 1473 1395 1542 siquidem
1426 1474 1804 1528 monarchiam
1848 1474 2083 1529 colimus

509 1580 616 1617 non
644 1578 865 1633 parcam
893 1570 948 1617 et
978 1562 1031 1615 in
1069 1578 1177 1616 una
1202 1578 1438 1633 persona
1461 1564 1960 1633 circumscriptam,
1986 1571 2081 1618 aut

488 1655 614 1708 alia
645 1671 712 1707 cx
741 1661 898 1723 parte
935 1654 1218 1708 confusam
1256 1664 1313 1708 et
1335 1655 1391 1708 in
1424 1654 1705 1709 inﬁnitum
1744 1670 2078 1725 procurren-

509 1756 640 1809 tem,
675 1746 769 1800 sed
798 1745 1108 1800 istiusmodi
1161 1747 1347 1815 potius
1376 1762 1540 1816 quam
1587 1746 1808 1800 trinitas
1844 1747 2083 1801 essentia

502 1848 564 1893 et
598 1838 807 1893 honore
823 1839 1069 1907 aqualis,
1096 1838 1275 1902 Pater,
1302 1838 1475 1892 Filius
1507 1847 1562 1892 et
1594 1837 1833 1907 Spiritus
1860 1845 2081 1891 sanctus

494 1929 816 1984 constituit.
857 1929 1062 1984 Horum
1102 1928 1311 1984 divitia:
1327 1938 1413 1983 est
1441 1944 1504 1982 ea
1531 1929 1847 1991 consensio,
1879 1943 2077 1981 unum-

498 2037 615 2089 que
657 2029 713 2076 et
759 2021 903 2074 idem
955 2020 1270 2090 splendoris
1312 2019 1612 2082 eradialio,
1669 2020 1743 2073 ita
1789 2026 1847 2072 ut
1901 2032 2080 2088 neque

506 2112 767 2166 divinitas
795 2127 854 2166 se
878 2112 1021 2166 ultra
1048 2111 1163 2165 haec
1182 2110 1450 2173 eli‘undat,
1476 2127 1544 2165 ne
1567 2111 1794 2164 deorum
1818 2109 2078 2180 populum

499 2207 956 2268 introducamus;
1006 2220 1110 2259 nec
1139 2213 1320 2258 tamen
1358 2204 1497 2257 infra
1550 2204 1643 2257 illa
1667 2218 1726 2258 se
1779 2203 2077 2265 contrahit,

508 2310 577 2350 ne
609 2296 850 2365 inopiam
881 2296 935 2349 in
966 2295 1256 2351 divinitate
1286 2294 1713 2349 constituamus.
1763 2293 1889 2349 llazc
1914 2295 2082 2364 igitur

487 2403 615 2441 mon
636 2397 760 2441 sunt
798 2388 1073 2456 :etiologia
1108 2386 1177 2440 ad
1211 2401 1435 2439 causam
1467 2386 1615 2439 illam
1656 2384 2077 2454 explanandam,

500 2492 631 2545 quae
653 2489 843 2530 rermn
883 2476 1131 2530 omnium
1181 2474 1455 2530 cssentias
1501 2473 1938 2544 supergreditur,
1985 2474 2081 2528 sed

496 2568 613 2634 piae
656 2566 939 2636 opinionis
964 2567 1031 2620 de
1063 2582 1126 2620 ea
1157 2575 1368 2620 tantum
1398 2565 1719 2620 declaratio.
1759 2564 1857 2619 Est
1892 2580 2081 2620 revera
2114 2585 2119 2589 ι

492 2655 690 2709 -deitas
710 2669 924 2716 monas,
961 2663 1017 2707 et
1049 2669 1161 2708 non
1188 2655 1323 2724 dyas
1358 2673 1371 2706 :
1403 2664 1487 2708 est
1510 2654 1676 2708 etiam
1717 2653 1954 2719 trinitas,
1987 2655 2082 2708 sed

506 2759 619 2797 non
686 2743 1004 2797 multitudo.
1052 2744 1149 2805 Est
1198 2744 1345 2797 enim
1392 2746 1512 2798 sine
1554 2743 1852 2813 principio,
1889 2759 2083 2812 expers

495 2833 782 2904 corporis,
821 2841 877 2885 et
922 2832 1071 2885 omni
1120 2833 1395 2886 seditione
1435 2848 1628 2887 vacua.
1673 2833 1741 2887 Et
1790 2848 1980 2887 monas
2024 2847 2083 2886 re

506 2924 628 2990 ipsa
663 2936 857 2975 manas
885 2931 969 2975 est
999 2922 1202 2991 (neque
1235 2924 1383 2976 enim
1413 2930 1499 2977 est
1520 2923 1854 2992 principium
1888 2938 2082 2978 eorum

502 3026 636 3080 quae
659 3019 938 3079 suntpost
958 3026 1039 3074 se,
1072 3027 1170 3081 per
1206 3013 1642 3067 contractionem
1669 3012 1980 3079 divisionis,
2017 3028 2081 3068 ac

2256 530 2355 584 διὰ
2398 532 2462 584 τὸ
2485 532 2528 562 ¹¹
2560 533 2885 597 πλούσιον,
2916 530 3138 597 δυάδος
3174 531 3242 584 δὲ
3284 533 3757 599 ὑπερὸαθείσης·

2253 620 2409 688 ὑπὲρ
2458 622 2566 691 γὰρ
2601 621 2716 689 τὴν
2760 622 2920 689 ὓλην
2950 622 3047 674 καὶ
3092 623 3159 674 τὸ
3204 619 3384 687 εἶδος,
3431 623 3499 685 ἐξ
3543 616 3635 675 ὧν
3682 622 3759 674 τὰ

2256 713 2535 780 σώματα,
2583 713 2824 782 Τριόδος
2874 713 2943 765 δὲ
2990 715 3365 782 ὁρισθείσης,
3399 713 3499 768 διὰ
3540 713 3609 767 τὸ
3659 713 3756 767 τέο

2255 805 2424 856 letor
2456 804 2556 873 (1).
2592 822 2610 854 ι

2257 914 2320 968 El
2373 913 2471 985 μὲν
2531 914 2629 983 τὴν
2684 913 2947 967 δοκοῦσαν
3001 910 3139 966 εἶναι
3198 912 3528 982 διαφωνίαν,
3594 909 3757 963 δοῦλε

2183 1003 2351 1070 Θεοῦ,
2382 1004 2657 1075 σκοπήσας
2676 1006 2723 1036 ’³
2749 1007 2847 1076 τὴν
2883 1005 3057 1075 ἀληθῆ
3091 1006 3408 1075 συμφωνίαν
3436 1003 3755 1074 ἠπόρησας,

2182 1099 2282 1151 οὐκ
2310 1097 2424 1149 ἔστι
2444 1097 2490 1128 ⁸³
2518 1097 2639 1151 κατ’
2671 1096 2877 1151 ἔννοιαν
2907 1095 3111 1149 τούτων
3141 1096 3249 1148 τῶν
3275 1095 3467 1163 φωνῶν
3499 1093 3759 1146 ὲνικωτέ-

2184 1205 2285 1259 ραν
2303 1189 2349 1221 ’⁵
2380 1188 2580 1258 εὑρεῖν.
2619 1187 2826 1241 Ταυτδν
2856 1188 2965 1258 γάρ
2997 1190 3144 1240 ἐστιν
3182 1186 3559 1257 ὑπερϐαθῆναι
3588 1183 3759 1237 δυάδα

2182 1278 2278 1331 καὶ
2314 1279 2389 1347 μὴ
2437 1278 2627 1347 στῆναι
2660 1278 2824 1347 μέχρι
2867 1277 3087 1340 δυάδος,
3132 1277 3225 1329 καὶ
3264 1277 3423 1330 πάλιν
3466 1274 3757 1345 ὁρισθῆναι

2182 1368 2385 1437 Τριάδα
2416 1368 2508 1422 καὶ
2541 1369 2703 1439 μέχρι
2747 1367 2974 1437 Τριάδος
3015 1367 3205 1437 στῆναι
3251 1367 3352 1436 τῆς
3398 1366 3625 1436 μονάδος
3654 1352 3757 1436 τήν

2182 1457 2434 1528 κίνησιν,
2496 1460 2654 1529 εἴπερ
2716 1458 3018 1528 μοναρχίαν
3049 1459 3095 1490 ’⁸
3149 1458 3525 1528 πρεσϐεύομεν
3549 1457 3597 1488 ³⁸
3653 1457 3758 1509 οὑκ

2182 1548 2524 1617 ἀφιλότιμον,
2564 1548 2639 1612 ὡς
2688 1549 2768 1601 ἑνὶ
2813 1547 3090 1619 προσώπῳ
3135 1548 3686 1619 περιγεγραμμένην,
3719 1546 3754 1617 ἢ

2183 1640 2348 1692 πάλιν
2377 1641 2633 1702 ἄτακτον,
2679 1640 2755 1703 ὡς
2785 1641 2865 1701 είς
2906 1640 3133 1708 ἄπειρον
3178 1640 3476 1710 χεομένην,
3518 1639 3637 1692 ἀλλ’
3686 1639 3758 1709 ἠν

2185 1731 2385 1801 (105
2418 1731 2484 1802 θ)
2539 1732 2800 1801 ὁμότιμος
2845 1731 3004 1799 φύσει
3048 1730 3216 1801 Τριὰς
3258 1731 3449 1802 Πατὴρ
3486 1730 3580 1783 καὶ
3630 1730 3757 1793 Υἱὸς

2117 1804 2157 1857 Β
2183 1825 2273 1876 καὶ
2320 1824 2547 1894 Πνεῦμα
2594 1824 2913 1895 συνίστησιν
2942 1824 3125 1892 ἆγιον,
3167 1820 3242 1877 ῶν
3275 1824 3505 1886 πλοῦτος
3539 1824 3572 1891 ἡ
3615 1840 3758 1892 συμ-

2184 1916 2316 1981 φυῖα
2334 1914 2378 1944 ⁸⁷
2393 1915 2489 1967 καὶ
2515 1915 2575 1967 τὸ
2605 1916 2663 1967 ἓν
2691 1915 2900 1986 ἔξαλμα
2922 1917 3019 1986 τῆς
3046 1916 3589 1987 λαμπρότητος.οὑτε
3614 1917 3757 1985 ὑπὲρ

2180 2006 2352 2058 ταῦτα
2384 2006 2480 2075 τῆς
2511 2006 2763 2076 θεότητος
2809 2010 3107 2078 χεομένης,
3152 2010 3238 2061 ἵνα
3284 2010 3359 2078 μὴ
3399 2008 3571 2078 δῆμον
3615 2007 3758 2060 θεῶν

2185 2096 2588 2165 εἰσαγάγωμεν,
2619 2096 2742 2149 οὒτε
2774 2099 2926 2161 tm;
2953 2097 3158 2151 τούτων
3187 2098 3533 2168 ὁριζομένης,
3560 2098 3648 2151 ἵνα
3678 2099 3758 2168 μὴ

2185 2188 2376 2240 πενίαν
2405 2186 2658 2257 θεότητος
2688 2190 3112 2260 κατακριθῶμεν
3127 2192 3193 2242 ’⁸.
3225 2192 3339 2244 Οὑκ
3370 2190 3516 2243 ἐστιν
3541 2186 3636 2243 οὖν
3663 2193 3755 2242 αξ-

2182 2278 2426 2346 τιολογία
2466 2278 2627 2331 τοῦτο
2668 2280 2766 2349 τῆς
2812 2281 3140 2344 ὑπερουσίου
3184 2281 3290 2335 τῶν
3331 2282 3500 2335 δντων
3551 2281 3757 2345 αἰτίας,

2181 2372 2298 2424 ἀλλ’
2332 2370 2589 2435 εὑσεσοῦς
2634 2373 2764 2441 περὶ
2811 2372 2983 2442 αὑτῆς
3025 2372 3185 2444 δόξης
3230 2373 3538 2440 ἀπόδειξις,
3595 2374 3759 2442 εἰπερ

2187 2462 2354 2532 μονὰς
2375 2504 2388 2529 ,
2421 2462 2537 2515 ἀλλ’
2565 2464 2624 2516 οὑ
2646 2463 2778 2527 δυὰς
2801 2504 2815 2525 ,
2844 2465 2936 2517 καὶ
2966 2466 3136 2535 Τριὰς
3155 2505 3169 2530 ,
3207 2465 3319 2519 ἀλλ’
3338 2467 3417 2530 ,οὑ
3448 2466 3655 2536 πλῆθος
3673 2505 3689 2529 ,
3722 2470 3755 2535 ὴ

2184 2553 2394 2624 θεότης,
2434 2553 2509 2618 ὡς
2539 2555 2795 2625 ἄναρχος,
2826 2556 3121 2625 ἀσώματός
3154 2575 3214 2610 τε
3245 2560 3339 2611 καὶ
3367 2560 3758 2621 ἀστασίαστος.

2182 2644 2367 2708 Μονὰς
2393 2646 2502 2714 γὰρ
2529 2645 2743 2716 ἀληθῶς
2773 2647 2807 2716 ἡ
2839 2648 3009 2714 μονάς
3033 2665 3044 2676 ·
3079 2648 3141 2699 οὑ
3171 2649 3277 2717 γάρ
3307 2649 3454 2701 ἐστιν
3480 2648 3623 2720 ἁρχὴ
3649 2649 3763 2701 τῶν

2187 2734 2305 2804 μετ’
2336 2736 2529 2806 αὑτὴν,
2570 2737 2711 2789 κατὰ
2737 2736 3030 2808 διαστολῆς
3060 2739 3342 2811 συστολὴν,
3374 2741 3460 2793 ἵνα
3492 2742 3627 2810 χεθῇ
3660 2757 3765 2809 φυ-

2185 2827 2354 2890 σικῶς
2397 2830 2479 2891 είς
2505 2828 2708 2896 πλῆθος
2732 2828 2993 2883 δδεὺουσα
3017 2869 3031 2892 ,
3066 2830 3180 2883 ἀλλ’
3215 2831 3580 2894 ὲνυπόστατος
3607 2832 3761 2883 ὀντό-

2183 2935 2284 2987 της
2311 2920 2600 2988 ὁμοουσιου
2617 2921 2664 2952 ⁸³
2684 2921 2933 2990 Τριάδος.
2951 2924 3059 2975 Καὶ
3081 2922 3252 2993 Τριάς
3275 2922 3488 2994 άληθῶς
3507 2925 3541 2992 ὴ
3563 2921 3758 2994 Τριὲς,

2185 3009 2285 3061 οὑκ
2313 3008 2532 3079 ἀριθμῷ
2555 3010 2801 3081 λυομένῳ
2836 3013 3306 3084 συμπληρουμένη
3337 3015 3419 3084 (οὑ
3444 3015 3553 3083 γάρ
3576 3017 3695 3067 ἐστι
3716 3016 3764 3046 ³⁸

495 3106 556 3159 ~si
579 3103 910 3157 naturaliter
938 3102 1191 3157 tenderet
1237 3112 1294 3158 et
1326 3103 1665 3159 diﬂ'underet
1694 3119 1753 3158 se
1803 3105 1856 3157 in
1889 3105 2080 3159 multi-

2190 3099 2432 3169 μονάδων
2469 3099 2716 3164 σύνθεσις
2746 3142 2760 3165 ,
2795 3103 2880 3155 ἵνα
2912 3103 3060 3175 πάθῃ
3088 3105 3428 3176 διαίρεσιν),
3463 3107 3578 3161 ἀλλ’
3606 3107 3764 3161 Evod-

490 3196 782 3257 .tudinem,
807 3195 900 3250 sed
939 3205 1023 3250 est
1050 3196 1185 3250 illud
1213 3195 1361 3265 quod
1393 3195 1554 3251 unice
1580 3196 1834 3251 subsistit
1889 3196 1944 3250 in
1981 3198 2081 3250 tri-

502 3288 683 3342 nitate
717 3286 1233 3359 consubstantiali):
1273 3297 1330 3341 et
1358 3286 1602 3342 Trinitas
1642 3302 1699 3341 rc
1748 3286 1865 3357 ipsa
1896 3287 2081 3341 Trini-

486 3391 594 3433 .,tas
619 3387 723 3444 est,
748 3394 857 3432 non
884 3379 1109 3448 quidem
1143 3379 1450 3448 composita
1480 3394 1547 3433 ex
1572 3394 1802 3433 numero
1821 3379 2078 3443 discreto,

484 3486 573 3524 -ac
594 3471 642 3525 si
676 3478 826 3541 esset
856 3468 1133 3525 unitatum
1161 3469 1440 3533 collectio,
1476 3484 1599 3539 quae
1643 3468 1903 3524 divisioni
1934 3479 2083 3524 esset

508 3562 770 3624 obnoxia,
818 3561 915 3616 sed
949 3570 1036 3616 est
1068 3562 1512 3617 uni-essentialis
1557 3561 1867 3616 substantia
1897 3561 2081 3615 unita-

486 3651 603 3713 .tis,
636 3650 690 3703 in
718 3666 825 3719 qua
866 3660 989 3705 .tres
1016 3660 1146 3706 sunt
1184 3651 1543 3723 hypostases;
1592 3648 1777 3705 unitas
1804 3650 1951 3703 enim
1998 3659 2083 3703 est

510 3741 780 3805 Trinitas,
815 3743 1075 3811 quoniam
1106 3743 1235 3799 talis
1267 3752 1352 3798 est
1375 3744 1496 3813 ejus
1523 3743 1781 3806 essentia,
1812 3749 1870 3795 et
1895 3740 2080 3794 Trini-

513 3839 596 3885 tas
630 3831 818 3895 etiam,
858 3832 1123 3901 quoniam
1159 3833 1253 3887 tali
1299 3833 1467 3888 modo
1507 3831 1778 3893 subsistit,
1834 3813 2081 3900 quando-

494 3921 732 3990 quidem
775 3922 954 3977 deitas
979 3922 1034 3976 in
1073 3923 1286 3978 unitate
1316 3923 1572 3979 essentiae
1619 3930 1676 3977 et
1721 3923 1776 3975 in
1806 3921 2078 3996 Trinitate

496 4011 882 4068 subsistentia;
903 4029 1014 4067 una
1034 4022 1138 4068 est.
1177 4013 1234 4068 Si
1258 4028 1390 4068 vero
1423 4022 1634 4068 motum
1665 4013 1897 4067 audiens
1919 4013 2085 4065 mira-

487 4116 602 4158 .tus
627 4104 803 4159 fueris
835 4103 930 4174 qui
961 4105 1170 4159 moveri
1191 4105 1368 4173 possit
1400 4104 1601 4168 deitas,
1626 4119 1749 4173 quae
1779 4102 1947 4157 nullis
1972 4110 2084 4155 ter-

496 4192 675 4248 .minis
701 4192 1040 4257 continetur,
1070 4191 1357 4247 sciendum
1401 4200 1489 4246 est
1528 4206 1657 4246 eum
1683 4191 1942 4246 aﬂ‘ectum
1976 4204 2084 4245 non

492 4283 578 4337 ab
603 4284 720 4354 ipsa
760 4298 885 4338 esse
911 4282 1139 4348 deitate,
1188 4281 1290 4337 sed
1326 4298 1358 4337 a
1380 4282 1568 4338 nobis.
1599 4283 1676 4337 Ita
1717 4283 1865 4336 enim
1897 4283 2091 4352 prima:

2191 3206 2304 3253 σιος
2323 3191 2365 3223 ³¹
2413 3189 2646 3260 ὑπαρξις
2687 3195 3120 3261 τρισυποστάτου
3158 3196 3405 3263 μονάδος.
3437 3196 3622 3261 Μονὰς
3654 3200 3765 3267 γὰρ

2182 3281 2399 3351 άληθῶς
2430 3284 2462 3350 ἡ
2490 3283 2662 3353 Τριὰς
2687 3325 2700 3346 ,
2732 3284 2812 3335 ὅτι
2844 3283 3017 3347 οὕτως
3057 3286 3177 3338 ἐστὶ
3192 3288 3259 3352 ³²,
3292 3288 3387 3340 καὶ
3423 3287 3594 3357 Τριὰς
3633 3288 3767 3356 ἀλη-

2185 3372 2293 3437 θῶς
2338 3374 2372 3443 ἡ
2411 3375 2579 3443 μονὰς
2613 3374 2678 3434 ³³,
2721 3376 2806 3428 δτι
2858 3374 3034 3439 οὕτως
3068 3377 3417 3449 ὑφέστηκεν·
3450 3380 3641 3449 ἐπειδὴ
3670 3383 3767 3432 καὶ

2187 3464 2286 3535 μία
2341 3464 2531 3535 θεότης
2584 3461 2720 3519 οὖσά
2781 3484 2841 3519 τε
2892 3468 3223 3537 μοναδικῶς.
3279 3472 3374 3523 καὶ
3421 3460 3766 3541 ὑφισταμένη

2182 3554 2494 3625 τριαδικῶς.
2546 3556 2608 3608 Ei
2652 3556 2710 3608 δὲ
2756 3555 2971 3627 κίνησιν
3006 3557 3245 3623 ἀκούσας
3286 3559 3609 3630 ἐθαύμασας
3643 3564 3765 3623 πῶς

2184 3646 2552 3717 ὑπεράπειρος
2575 3650 2805 3701 κινεῖται
2837 3648 3026 3720 θεότης
3047 3689 3062 3712 ,
3097 3651 3277 3719 ήμῶν,
3306 3652 3409 3705 οὑκ
3435 3652 3655 3723 ἐκείνης
3701 3654 3765 3704 ιδ

2185 3735 2377 3798 πάθος,
2414 3736 2631 3807 πρῶτον
2659 3738 2748 3790 τὸν
2781 3737 2876 3790 τοῦ
2920 3733 3061 3792 εἶναι
3092 3739 3251 3807 λόγον
3285 3740 3458 3812 αὑτῆς
3488 3741 3764 3812 ὲλλαμποο

2189 3827 2386 3895 μένων,
2413 3828 2508 3880 καὶ
2537 3827 2681 3882 οὑτω
2709 3829 2800 3881 τὸν
2829 3828 2921 3881 τοῦ
2954 3830 3070 3893 πῶς
3096 3830 3266 3898 αὑτὴν
3296 3832 3598 3898 ὑφεστάναι
3632 3832 3763 3901 τρό-

2185 3933 2287 3970 πον
2342 3917 2748 3988 φωτιζομένων,
2799 3918 2959 3991 εἴπερ
3013 3919 3074 3972 τὸ
3117 3915 3259 3974 εἶναι
3303 3921 3397 3974 τοῦ
3449 3921 3567 3984 πῶς
3621 3914 3763 3974 εἶναι

2182 4008 2398 4072 πάντως
2445 4013 2870 4079 προεπινοεὶται.
2918 4011 3147 4082 Κίνησις
3196 4010 3287 4066 οὑν
3337 4012 3597 4083 θεότητος
3632 4016 3668 4082 ἡ
3698 4001 3768 4065 δι’

2184 4101 2501 4169 ὲκςράνσεως
2553 4105 2812 4176 γινομένη
2861 4106 2991 4176 περί
3037 4123 3097 4159 τε
3150 4106 3246 4160 τοῦ
3293 4103 3435 4161 εἶναι
3467 4106 3637 4178 αὑτὴν
3672 4107 3765 4159 καὶ

2184 4191 2281 4245 τοῦ
2300 4193 2346 4225 ³⁸
2391 4193 2506 4257 πῶς
2554 4194 2724 4267 αὑτὴν
2770 4186 3070 4264 ὑφεστάναι
3117 4200 3234 4262 τοῖς
3282 4199 3455 4269 αὐτῆς
3494 4199 3766 4262 δεκτικοῖς

2189 4283 2496 4354 καθέστηκε
2527 4285 2750 4354 γνῶσις.

504 4377 766 4431 essentia:
788 4376 910 4447 ejus
948 4374 1090 4430 ratio
1116 4374 1281 4430 nobis
1320 4390 1379 4430 se
1403 4374 1742 4437 manifestat,
1780 4374 1970 4451 itaque
2013 4375 2084 4432 de
2122 4377 2308 4441 modo,
2332 4390 2442 4445 quo
2507 4377 2623 4446 ipsa
2653 4377 2925 4441 subsistit,
2988 4377 3387 4437 illuminamur.
3411 4380 3576 4439 Prius
3592 4381 3769 4455 siqui-

498 4455 636 4521 dem
663 4476 749 4521 est
779 4467 836 4521 in
864 4464 1180 4536 cognitione
1204 4466 1266 4518 τὸ
1289 4480 1411 4521 esse
1433 4479 1598 4535 quam
1626 4463 1729 4517 hoc
1789 4462 1952 4517 modo
1967 4477 2109 4518 esse.
2154 4462 2384 4518 Deitatis
2430 4464 2600 4534 igitur
2673 4475 2856 4521 motus
2884 4477 2969 4523 est
3010 4468 3131 4538 ejus
3167 4466 3436 4538 cognitio,
3470 4485 3575 4539 per
3606 4464 3772 4539 quam

488 4562 583 4616 .iis
611 4561 706 4631 qui
726 4575 958 4631 capaces
990 4569 1123 4615 sunt
1159 4566 1217 4613 et
1247 4573 1369 4614 esse
1397 4559 1517 4630 ejus
1557 4566 1615 4612 et
1662 4556 1861 4612 modus
1885 4553 2233 4612 subsistendi
2264 4557 2595 4614 declaratur.

492 4784 661 4840 Jdem
687 4786 743 4839 in
771 4785 944 4855 prima
988 4787 1228 4839 oratione
1253 4785 1316 4838 de
1352 4783 1485 4838 Filio
1518 4785 1575 4837 in
1615 4783 1691 4846 id,
1730 4802 1747 4834 ι
1783 4783 1846 4839 Ut
1884 4799 1995 4837 rem
2031 4785 2082 4837 in

2197 4781 2306 4836 Τοῦ
2324 4778 2510 4835 αὐτοῦ
2525 4780 2592 4833 ἐκ
2615 4781 2722 4835 τοῦ
2741 4780 2927 4835 αὑτοῦ
2942 4780 3055 4812 ’Μ’
3071 4781 3503 4854 πρώτουαοθ
3519 4786 3576 4854 a)
3588 4785 3782 4854 λόγου

586 4891 760 4946 pauca
783 4877 1113 4941 contraham,
1147 4878 1242 4930 hoc
1280 4875 1371 4929 tibi
1409 4875 1709 4944 faciendum
1735 4883 1832 4940 est,
1869 4874 2082 4928 altiores

2263 4875 2350 4938 εὶς
2382 4874 2470 4926 τό·
2510 4890 2530 4921 ι
2563 4871 2688 4925 Ἑνὶ
2719 4872 2786 4924 δὲ
2821 4872 3147 4940 κεφαλαίῳ,
3176 4873 3248 4927 τὰ
3274 4873 3389 4936 μὲν
3420 4876 3785 4943 ὑψηλότερα

544 4972 732 5018 Hocce:
776 4964 962 5018 deitati
1005 4972 1054 5016 et
1097 4972 1310 5017 natura:
1364 4963 1446 5017 illi
1485 4980 1603 5033 qum
1655 4964 1983 5034 passionibus
2036 4973 2082 5016 et

2265 4964 2533 5031 πρόσαγε
2584 4960 2657 5029 τῇ
2712 4964 2945 5029 θεότητι
2981 4962 3082 5015 καὶ
3128 4962 3205 5030 τῇ
3248 4964 3548 5032 κρείττονι
3589 4967 3779 5033 φύσει

1825 5120 2059 5177 VABIE
2093 5119 2499 5176 LECTIONES.

582 5287 637 5318 ’⁸
683 5285 773 5339 διὰ
824 5284 1058 5356 fovet}.
1101 5284 1220 5356 Gal.
1294 5285 1338 5315 "
1361 5285 1629 5356 pxoniaa;
1676 5283 1935 5356 _ed.;Gal.
1977 5283 2055 5356 J”
2080 5283 2226 5336 ἐστὶν
2253 5282 2343 5356 ed.
2375 5282 2500 5356 Gal:
2544 5282 3053 5356 >“évtottxw'répav
3086 5282 3211 5337 cod.
3486 5283 3534 5315 "
3566 5286 3620 5356 ei
3652 5299 3791 5353 μον-

513 5356 724 5427 καρχίαν
772 5351 890 5410 ed.'
922 5353 1042 5411 Gal.
1130 5354 1176 5386 “
1204 5354 1592 5427 πρεσδεὺωμεν
1613 5353 1713 5427 ed.
1770 5353 1891 5427 Gal.
1966 5353 2014 5384 ’⁷
2038 5353 2313 5427 ξυμφυεία
2338 5352 2427 5427 ed.
2461 5354 2579 5427 Gal.
2683 5353 2729 5427 ’ξ
2756 5351 3175 5427 κατακρίνωμεν
3206 5351 3449 5427 ed._G_al.
3469 5351 3744 5427 _-_—_Ve:rte
3768 5366 3791 5408 :

520 5420 835 5496 «(agitatis
862 5427 1053 5496 inopiae
1081 5420 1507 5496 condemnemur;
1583 5425 1629 5496 ’ξ
1654 5424 2020 5496 ἐνυπόστατον
2038 5420 2187 5496 δνςτὸ
2215 5423 2313 5496 τῇς
2334 5424 2615 5496 δμοουσίου
2649 5422 2739 5496 ed.
2771 5422 2910 5496 Gal._
2940 5420 2996 5496 ‘1
3009 5420 3268 5496 termed:
3285 5420 3405 5496 Gal.
3435 5422 3511 5496 _"
3544 5422 3794 5496 ἑνοὺσιος

527 5493 617 5617 eg.
643 5494 760 5618 (icali
809 5495 853 5526 ³³
879 5490 1023 5549 ἐστιν
1047 5494 1136 5549 ed.
1172 5493 1293 5549 Gal.
1356 5494 1453 5565 ηή
1491 5493 1657 5565 μονὰς
1691 5494 1955 5548 omissum
1976 5499 2061 5546 est
2094 5490 2150 5544 in
2178 5490 2311 5545 edit.
2334 5490 2451 5546 Gal.
2513 5493 2559 5524 “
2585 5491 2679 5546 τοῦ
2705 5506 2815 5546 om.
2844 5490 2934 5545 ed.
2958 5491 3076 5545 Gal.
3145 5492 3263 5524 ³⁸·’τ
3295 5490 3463 5545 αὑτοῦ
3485 5507 3600 5546 non
3622 5491 3796 5547 estin

527 5577 563 5618 ο
606 5603 619 5617 .
713 5580 742 5616 a
769 5603 783 5617 .

516 5577 619 5618 κοῦ.
666 5577 783 5618 υοι.

603 5704 681 5776 (l)
710 5703 934 5773 Gregor.
963 5695 1103 5759 ΝΜ.
1128 5704 1281 5760 Orat.
1314 5705 1336 5757 l
1363 5704 1425 5758 de
1462 5699 1615 5770 Filio,
1648 5719 1765 5775 cap.
1805 5706 1859 5774 ἓ,
1891 5724 1944 5776 p.
1967 5705 2106 5773 5'24;
2142 5707 2281 5775 Opp.
2320 5714 2455 5760 tom.
2492 5706 2513 5761 Ι
2544 5677 2891 5772 οάίΒριιρᾱς
2922 5714 3062 5761 orat.
3087 5706 3119 5759 5
3144 5705 3221 5760 De
3244 5722 3372 5777 pace
3415 5705 3552 5761 ibid.
3575 5720 3610 5775 p
3656 5702 3793 5760 45οο
