4066 6150
383 296 519 364 103⁵1

1622 285 2142 349 AMBIGUORUM
2180 291 2431 352 LIBER.

3501 286 3638 350 1033

458 408 665 466 παθῶν
724 404 825 460 καὶ
886 403 1180 472 σώματος,
1234 400 1308 454 τὰ
1345 399 1415 451 δὲ
1463 400 1849 466 ταπεινότερα
1878 396 1959 463 τῷ

2133 416 2350 471 corpore
2377 398 2657 455 sublimior
2687 408 2762 453 cst
2807 401 3093 466 attribuas,
3126 399 3431 453 humiliores
3461 411 3640 453 autem
3718 448 3723 451 .

455 498 728 562 συγθέτῳ
757 495 854 551 καὶ
884 494 983 548 διὰ
1005 493 1080 546 σὲ
1104 490 1421 545 κενωθέντι
1440 490 1540 543 καὶ
1568 489 1958 558 σαρκωθέντι,

454 586 638 643 οὐδὲν
657 584 727 639 δὲ
751 584 956 654 χεῖρον
973 580 1165 636 εἰπεῖν
1185 570 1294 633 ’καὶ
1326 575 1801 647 ἁνθρωπισθέντι
1827 576 1922 647 (‘2).
1937 594 1956 627 ο

470 783 528 836 '0
562 780 657 834 τοῦ
695 778 833 833 Θεοῦ
870 778 1042 848 Λόγος
1088 777 1208 839 ὅλος
1240 774 1402 829 οὐσία
1432 775 1645 844 πλήρης
1676 772 1963 842 ὑπάρχων,

388 875 522 937 Θεὸς
570 876 702 943 γὰρ,
746 870 844 924 καὶ
890 868 1189 928 ὑπόστασις
1235 864 1357 927 ὅλος
1401 863 1699 935 ἀνελλιπὴς
1736 860 1805 928 ³⁸,
1836 860 1967 923 Υἱὸς

389 966 519 1037 γὰρ,
546 962 806 1021 κενωθεὶς
833 959 933 1029 μὲν
959 957 1138 1035 σπορά
1157 956 1350 1026 γέγονε
1374 955 1474 1025 τῆς
1500 954 1707 1016 οἰκείας
1738 950 1963 1024 σαρκὸς,
2006 1002 2009 1003 ,

391 1054 614 1128 ἀρρήτῳ
645 1052 702 1104 δὲ
736 1048 997 1118 συλλήψει
1020 1046 1296 1108 συντεθεὶς
1335 1045 1507 1114 αὐτῆς
1538 1043 1838 1106 ὑπόστασις
1875 1043 1969 1110 γέ-

391 1164 517 1217 γονε
536 1148 580 1179 ²⁹
614 1145 713 1215 τῆς
744 1140 1190 1212 προσληφθείσης
1236 1137 1460 1208 σαρκός.
1499 1137 1613 1190 Καὶ
1671 1136 1848 1205 τούτῳ
1892 1132 1969 1204 τῷ

391 1239 565 1309 καινῷ
594 1222 879 1308 μυστηρίῳ
895 1233 1017 1287 κατ’
1040 1228 1300 1300 ἀλήθειαν
1338 1225 1623 1298 ἀτρέπτως
1660 1224 1782 1287 ὅλος
1817 1223 1972 1290 γενό-

394 1348 551 1402 μενος
598 1328 907 1400 ἄνθρωπος,
935 1323 1030 1378 δύο
1062 1321 1278 1391 φύσεων
1327 1318 1585 1374 ἀκτίστου
1625 1334 1684 1369 τε
1729 1317 1825 1368 καὶ
1856 1332 1973 1367 κτι-

393 1423 545 1491 στῆς,
577 1419 818 1481 ἀπαθοῦς
862 1434 923 1469 τε
973 1416 1069 1469 κα)⁸
1113 1412 1385 1483 παθητῆς,
1417 1413 1445 1463 ὁ
1472 1409 1634 1473 αὐτὸς
1669 1408 1971 1470 ὑπόστασις

388 1507 481 1583 ἦν,
507 1510 714 1571 πάντας
748 1504 1055 1567 ἀνελλιπῶς
1073 1503 1118 1535 ⁸⁰
1146 1503 1275 1564 τοὺς
1310 1500 1598 1569 φυσικοὺς,
1630 1492 1707 1552 ὧν
1734 1496 1971 1551 ὑπόστα-

394 1617 479 1664 σις
531 1596 823 1669 ἧν,λόγους
847 1596 1255 1665 ἐπιδεχόμενος.
1287 1593 1348 1645 Ei
1371 1592 1428 1644 δὲ
1459 1593 1670 1651 πάντας
1693 1588 1972 1661 οὐσιωὸῶς

392 1685 468 1744 ὧν
502 1690 804 1751 ὑπόστασις
836 1683 905 1759 ἦν
947 1688 1074 1749 τοὺς
1114 1684 1378 1755 φυσικοὺς
1427 1681 1715 1751 ἐπεδέχετο
1752 1680 1968 1748 λόγους,

394 1782 542 1852 αύτῷ
589 1780 832 1849 συνθέτῳ
876 1777 1162 1847 γενομένῳ
1208 1778 1275 1844 τῇ
1315 1770 1679 1843 προσλήψει³¹
1716 1771 1814 1841 τῆς
1847 1787 1978 1840 σαρ-

396 1873 490 1937 κὸς
523 1872 667 1926 κατά
694 1871 794 1940 τὴν
814 1869 1129 1923 ’ὑπόστασιν
1168 1866 1309 1919 πάνῦ
1349 1863 1540 1932 σοφῶς
1572 1865 1600 1916 ό
1635 1861 1978 1925 διδάσκαλος,

397 1967 484 2019 ἴνα
522 1966 598 2036 μὴ
631 1962 765 2033 ψιλά
793 1961 1049 2033 νομισθῇ,
1085 1960 1154 2013 τὰ
1184 1958 1285 2029 τῆς
1312 1956 1523 2020 οἰκείας
1574 1954 1780 2027 σαρκὸς
1826 1952 1976 2022 πάθη

397 2056 784 2129 προσένειμεν.
819 2052 990 2108 αὑτοῦ
1024 2068 1087 2104 τε
1107 2051 1211 2120 τῆς
1253 2047 1458 2119 σαρκὸς
1488 2045 1846 2118 ὑπαρχούσης
1885 2044 1980 2097 καὶ

397 2146 520 2201 κατ’
547 2147 719 2214 αὐτὴν
747 2142 964 2214 ἀληθῶς
988 2141 1103 2194 ὄντι
1126 2139 1245 2210 Θεῷ
1263 2137 1492 2210 παθητῷ
1514 2137 1660 2191 κατά
1681 2136 1780 2207 τῆς
1800 2136 1981 2205 ἁμαρ-

396 2239 538 2299 τίας.
581 2235 785 2299 Οὐσίας
809 2234 1018 2294 τοίνυν,
1055 2230 1179 2285 καθ’
1208 2230 1277 2301 ἢν
1306 2230 1402 2283 καὶ
1436 2226 1742 2299 σαρκωθεὶς
1774 2225 1980 2288 ἁπλοῦς

398 2331 427 2382 ὁ
452 2329 621 2397 Λόγος
642 2326 920 2399 μεμένηκε
943 2326 1013 2389 ³²,
1035 2324 1130 2377 κα)⁵
1159 2322 1533 2386 ὑποστάσεως,
1568 2319 1692 2373 καθ’
1713 2319 1781 2391 ἢν
1810 2334 1981 2387 προσ-

398 2418 564 2489 λήψει
613 2417 815 2488 σαρκὸς
861 2416 1053 2484 γέγονε
1101 2411 1376 2474 σύνθετος,
1410 2411 1507 2464 καὶ
1554 2409 1688 2473 Θεὸς
1735 2407 1982 2478 παθητὸς

396 2508 760 2578 οἰκονομικῶς
809 2508 1172 2576 ἐχρημάτισε,
1224 2502 1438 2564 δεικνὺς
1487 2501 1587 2570 τὴν
1651 2500 1913 2570 διαφορὰν
1953 2501 1982 2551 ὁ

399 2597 715 2658 διδάσκαλος
732 2595 905 2650 ταῦτά
919 2611 1083 2664 φησιν
1105 2610 1118 2624 ο
1142 2593 1292 2660 «Ἵνα
1311 2591 1385 2661 μὴ
1417 2589 1487 2642 τὰ
1513 2589 1612 2658 τῆς
1635 2587 1983 2650 ὑποστάσεως

400 2688 835 2760 κατηγοροῦντες
859 2687 905 2719 ⁸⁸
930 2687 989 2751 ἐξ
1017 2684 1241 2753 ἀγνοίας
1271 2683 1373 2752 τῆς
1397 2682 1614 2749 φύσεως
1634 2679 1680 2711 ³⁸
1719 2678 1974 2748 λάθωμεν

402 2780 544 2833 κατά
561 2780 687 2842 τοὺς
714 2777 1025 2845 Ἀρειανοὺς
1046 2773 1166 2844 Θεῷ
1185 2771 1347 2842 φύσει
1371 2768 1601 2839 παθητῷ
1617 2768 1984 2839 προσκυνοῦν-

403 2886 513 2933 τες.
540 2889 558 2920 ι
576 2898 646 2909 -
666 2879 689 2920 ί
709 2867 874 2922 Οὐδὲν
887 2866 945 2920 δὲ
964 2867 1143 2935 χεῖρον
1164 2864 1337 2915 εἰπεῖν
1360 2861 1454 2913 καὶ
1468 2860 1564 2913 ἀνθ
1573 2856 1922 2930 ρωπισθέντι,
1957 2876 1976 2908 ›

404 2961 766 3033 προσέθηκεν,
790 2960 853 3012 ού
884 2957 1041 3028 μόνον
1072 2955 1160 3008 διὰ
1203 2955 1331 3016 τοὺς
1363 2953 1676 3024 Ἀρειανοὺς
1718 2950 1838 3003 ἀντὶ
1876 2951 1981 3018 ψυ-

403 3055 505 3124 χῆς
752 3049 804 3115 b)
849 3047 950 3118 τὴν
991 3045 1245 3116 θεότητα,
1293 3043 1388 3098 καὶ
1453 3044 1581 3105 τοὺς
1640 3040 1981 3110 ’Δπολιναρι-

407 3142 536 3204 στὰς
563 3141 725 3194 ἄνουν
754 3138 854 3207 τὴν
885 3135 1066 3206 ψυχὴν
1096 3131 1545 3204 δογματίζοντας,
1578 3131 1673 3185 καὶ
1702 3131 1878 3202 τούτῳ
1905 3130 1983 3201 τῷ

405 3231 594 3303 τρόπῳ
625 3231 687 3283 τὸ
707 3228 912 3282 τέλειον
954 3227 1053 3297 τῆς
1087 3224 1211 3278 καθ’
1240 3225 1391 3295 ἡμᾶς
1436 3222 1532 3275 τοῦ
1559 3222 1734 3290 Λόγου
1768 3222 1987 3292 περιτέ-

410 3340 638 3393 μνοντας
674 3321 910 3390 φύσεως,
937 3319 1030 3371 καὶ
1067 3316 1227 3386 φύσει
1267 3314 1521 3385 θεότητος
1543 3313 1785 3383 παθητὸν
1817 3314 1982 3366 αὐτὸν

408 3415 794 3482 ποιουμένους,
836 3409 950 3464 ἀλλ’
983 3410 1070 3461 ἶνα
1094 3409 1189 3461 καὶ
1216 3406 1401 3477 δειχθῇ
1443 3405 1648 3467 τέλειος
1670 3406 1801 3475 ἡμῖν
1838 3420 1990 3472 γεγο-

408 3503 514 3567 νὼς
539 3503 678 3573 κατά
715 3500 975 3571 ἀλήθειαν
990 3500 1039 3532 ⁸⁸
1087 3496 1375 3568 ἄνθρωπος
1421 3498 1450 3549 ὁ
1500 3495 1796 3566 μονογενὴς
1828 3495 1984 3560 Θεὸς,

411 3589 488 3652 ὡς
521 3590 589 3642 δι’
620 3588 878 3659 ἐνεργοῦς
908 3586 1067 3657 φύσει
1102 3585 1305 3655 σαρκὸς
1348 3584 1551 3655 νοερῶς
1597 3601 1657 3636 τε
1698 3586 1792 3637 καὶ
1843 3584 1990 3653 λογι-

412 3679 523 3742 κῶς
561 3679 941 3751 ὲψυχωμένης,
990 3676 1306 3747 αὐτουργῶν
1349 3677 1450 3747 τὴν
1484 3675 1641 3746 ἡμῶν
1688 3676 1986 3747 σωτηρίαν,

411 3769 571 3842 εἴπερ
617 3770 760 3825 κατὰ
801 3769 982 3823 πάντα
1027 3768 1196 3838 χωρὶς
1249 3767 1416 3836 μόνης
1461 3766 1760 3837 ἁμαρτίας,
1797 3761 1866 3836 ἧς
1898 3764 1989 3818 ού-

409 3862 520 3924 δεὶς
548 3863 615 3931 τῇ
654 3862 817 3929 φύσει
849 3859 1130 3923 παντελῶς
1179 3858 1512 3928 ὲνέσπαρται
1549 3856 1726 3925 λόγος,
1771 3856 1884 3911 ἀλλ’
1926 3856 1986 3909 ού

412 3953 580 4024 χωρὶς
629 3953 863 4023 φυσικῆς
899 3951 1202 4021 ἐνεργείας,
1248 3949 1466 4021 ἀληθῶς
1511 3950 1736 4018 γέγονεν
1786 3951 1990 4021 ἄνθρω-

413 4061 535 4108 πος,
560 4039 630 4117 ἧς
657 4046 685 4098 ὁ
705 4044 885 4113 λόγος,
911 4044 1034 4115 ὅρος
1062 4042 1162 4112 τῆς
1188 4042 1376 4105 οὐσίας
1409 4043 1528 4094 ἐστὶ
1547 4042 1618 4108 ³⁸,
1645 4043 1855 4106 πάντας
1883 4060 1985 4113 χα-

422 4134 768 4206 ρακτηρίζων
805 4134 1052 4203 φυσικῶς
1088 4129 1170 4196 οἷς
1202 4132 1320 4188 κατ’
1356 4133 1545 4187 οὐσίαν
1570 4133 1877 4204 ἐμπέφυκε.
1916 4135 1989 4188 Τὸ

411 4225 521 4297 γὰρ
565 4220 759 4289 κοινῶς
800 4243 860 4279 τε
895 4226 993 4279 καὶ
1035 4224 1269 4294 γενικῶς
1314 4242 1477 4279 τινων
1509 4225 1988 4297 κατηγορούμενον

411 4316 539 4385 ὅρος
563 4317 663 4387 τῆς
703 4318 880 4375 αὐτῶν
907 4318 1096 4381 οὐσίας
1122 4318 1294 4381 ὲστὶν,
1326 4311 1387 4372 οὗ
1420 4317 1638 4380 πάντως
1664 4319 1698 4388 ἠ
1730 4318 1988 4390 στέρησις

2137 490 2494 543 accommodes
2527 488 2609 542 illi
2637 491 2727 559 qui
2753 490 2828 542 tui
2874 490 3055 559 gratia
3092 490 3332 554 componi
3372 494 3421 540 et
3452 489 3645 542 exina-

2138 581 2264 646 niri,
2290 581 2571 635 incarnari
2601 590 2651 634 et
2692 579 2841 651 (quid
2879 581 3020 634 enim
3049 588 3191 633 vetat
3210 580 3286 632 sic
3314 578 3457 650 loqui
3484 578 3529 651 ?)
3560 580 3650 633 in-

2139 672 2425 725 humanari
2450 673 2723 727 sustinuit.
2769 692 2786 722 ι

2138 783 2238 839 Dei
2269 785 2519 838 Verbum
2550 794 2730 840 totum
2761 785 2986 855 quidem
3032 792 3152 839 erat
3202 785 3523 854 plenissima
3556 800 3649 839 es-

2068 874 2268 941 sentia,
2303 884 2492 945 utpote
2518 877 2686 941 Deus,
2713 883 2771 930 et
2804 884 2980 930 totum
3011 886 3129 929 erat
3179 875 3430 945 perfecta
3473 870 3648 947 hypo-

2069 964 2254 1030 stasis,
2289 974 2478 1036 utpote
2507 966 2701 1031 Filius,
2733 982 2856 1023 cum
2888 982 2947 1022 se
2974 967 3304 1031 exinaniret,
3355 983 3509 1022 suam
3544 968 3651 1023 sibi

2070 1069 2292 1110 carnem
2342 1059 2663 1125 seminavit;
2712 1060 2982 1114 ineﬂ‘abili
3034 1059 3237 1115 deinde
3287 1060 3653 1129 conceptione

2071 1147 2387 1219 coalescens
2447 1151 2599 1224 carni
2647 1167 2812 1219 quam
2865 1159 3242 1220 assumpserat
3284 1150 3430 1205 idem
3482 1151 3655 1222 hypo-

2073 1236 2245 1290 stasin
2308 1239 2584 1305 praestitit.
2650 1241 2833 1308 Atque
2865 1239 2963 1303 ita,
3015 1255 3161 1293 novo
3212 1240 3320 1294 hoc
3365 1239 3650 1310 mysterio,

2072 1331 2248 1377 totum
2296 1325 2537 1378 Verbum
2587 1327 2706 1379 sine
2755 1328 2862 1380 ulla
2904 1327 3266 1382 conversione
3310 1328 3518 1382 factum
3569 1337 3658 1383 est

2075 1412 2263 1476 homo,
2328 1413 2585 1483 idemque
2639 1414 2953 1486 hypostasis
3015 1416 3251 1470 duarum
3305 1424 3654 1482 naturarum,

2074 1501 2332 1556 increatre
2356 1509 2414 1556 et
2439 1511 2661 1568 creatae,
2708 1502 3067 1573 impassibilis
3100 1513 3157 1559 et
3218 1505 3514 1574 passibilis,
3578 1507 3657 1562 ita

2075 1600 2139 1645 ut
2162 1607 2353 1648 omnes
2386 1594 2611 1648 omnino
2630 1610 2819 1649 earum
2854 1605 3176 1650 naturarum
3203 1596 3449 1652 rationes
3477 1599 3658 1653 susci-

2079 1688 2239 1748 peret
2269 1682 2615 1745 essentiales,
2646 1696 2889 1752 quarum
2917 1694 3041 1739 erat
3085 1687 3416 1756 hypostasis.
3468 1689 3587 1743 Jam
3612 1689 3659 1743 si

2079 1785 2296 1837 omnes,
2332 1779 2393 1825 ut
2423 1773 2557 1838 dixi,
2611 1774 2857 1829 rationes
2905 1784 3253 1843 naturarum,
3299 1793 3535 1847 quarum
3574 1787 3663 1835 est

2067 1859 2411 1932 hypostasis,
2432 1864 2806 1919 essentialiter
2830 1867 3079 1936 suscepit
3106 1868 3161 1920 in
3186 1869 3496 1937 composito
3515 1868 3662 1925 facto

2076 1967 2178 2021 per
2229 1954 2642 2023 susceptionem
2694 1957 2898 2023 carnis,
2959 1959 3265 2013 secundum
3312 1961 3659 2032 hypostasin,

2078 2043 2483 2112 sapientissime
2515 2046 2673 2101 hicce
2704 2049 2991 2118 magister,
3038 2065 3109 2104 ne
3140 2066 3269 2105 cum
3300 2052 3408 2107 illis
3455 2053 3664 2109 faceret

2078 2135 2174 2205 qui
2223 2135 2505 2192 Christum
2556 2140 2769 2193 nudum
2818 2141 3105 2195 hominem
3154 2142 3375 2211 docent,
3424 2147 3664 2215 propriae

2080 2228 2264 2283 carnis
2296 2230 2581 2298 passiones
2604 2232 2881 2298 attribuit,
2929 2233 3188 2302 quoniam
3215 2242 3273 2289 et
3328 2236 3503 2306 ipsius
3543 2247 3665 2294 erat

2081 2332 2233 2398 caro,
2269 2327 2326 2373 et
2364 2334 2464 2388 per
2508 2321 2685 2390 ipsam
2710 2323 2858 2377 Deus
2892 2337 3022 2379 vere
3070 2324 3351 2394 passibilis
3404 2325 3511 2382 fuit
3559 2343 3663 2398 pro

2084 2396 2332 2478 peccato.
2358 2409 2495 2464 Cum
2527 2412 2703 2483 igitur
2738 2414 3003 2484 magister
3051 2416 3197 2471 inter
3225 2419 3662 2487 essentiam,_se-

2082 2503 2327 2556 cundum
2358 2506 2525 2572 quain
2545 2505 2709 2559 etiam
2740 2506 3064 2564 incarnatus
3088 2511 3395 2578 permansit
3428 2512 3663 2583 simplex

2081 2592 2228 2647 Deus
2257 2593 2525 2659 Verbum,
2557 2602 2615 2649 et
2645 2595 2989 2666 hypostasin,
3020 2601 3325 2655 secundum
3354 2617 3516 2670 quam
3544 2618 3664 2656 car-

2083 2683 2169 2738 nis
2197 2685 2575 2754 assumptione
2605 2688 2950 2756 compositus
2974 2689 3155 2744 factus
3185 2698 3271 2745 est
3297 2701 3355 2747 et
3379 2693 3524 2748 Deus
3550 2693 3664 2747 disc

2083 2776 2407 2843 pensatione
2444 2779 2724 2848 passibilis
2744 2780 2942 2845 audiit,
2982 2781 3354 2837 dill‘erentiam
3386 2786 3664 2841 ostendis-

2084 2875 2188 2929 set,
2226 2865 2342 2922 haec
2380 2867 2557 2923 dicit:
2593 2888 2610 2919 ι
2648 2870 2728 2923 Ne
2777 2885 2900 2939 quae
2934 2871 3212 2942 hypostasi
3260 2875 3480 2944 propria
3534 2887 3665 2931 sunt

2083 2952 2419 3009 atiirmantes
2459 2971 2586 3010 cum
2619 2957 2842 3012 Arianis
2871 2960 3044 3013 Deum
3104 2971 3301 3016 natura
3346 2964 3665 3031 passibilem

2010 3075 2052 3132 ε
2087 3044 2407 3113 ignoranter
2455 3048 2729 3102 colamus.
2770 3068 2786 3099 ι
2826 3049 2922 3103 Illa
2967 3058 3151 3105 autem
3193 3052 3361 3108 verba
3414 3055 3657 3111 addidit:

2098 3152 2117 3183 ι
2159 3133 2307 3187 Nihil
2326 3136 2514 3189 obstat
2566 3137 2778 3203 dicere,
2827 3141 2995 3195 etiam
3047 3143 3411 3200 inhumanato
3449 3166 3496 3211 ι,
3553 3162 3666 3201 non

2089 3222 2266 3275 solum
2294 3234 2519 3294 propter
2542 3227 2796 3293 Arian'os,
2828 3233 2922 3300 qui
2951 3233 3218 3288 deitatem
3244 3250 3345 3304 pro
3374 3238 3555 3293 anima
3570 3256 3670 3309 po-

2088 3321 2249 3377 nunt,
2282 3316 2367 3368 vel
2393 3317 2844 3385 Apollinaristas,
2878 3322 2973 3391 qui
2995 3324 3235 3377 animam
3259 3325 3483 3382 Christo
3503 3316 3667 3383 ἄνουν

2089 3404 2397 3461 attribuunt
2441 3407 2574 3479 (quo
2620 3426 2754 3465 sane
2805 3422 2967 3482 pacto
3013 3416 3318 3484 perfectam
3355 3419 3510 3488 juxta
3564 3439 3668 3477 nos

2088 3495 2185 3549 Dei
2219 3497 2372 3551 verbi
2400 3508 2659 3554 naturam
2699 3503 2978 3568 mutilant,
3030 3506 3325 3577 ipsumque
3357 3511 3412 3564 in
3460 3512 3666 3567 deitate

2088 3586 2406 3663 passibilem
2474 3590 2798 3656 coniiciunt,
2855 3603 2913 3648 et
2973 3596 3198 3664 quidem
3270 3602 3662 3667 naturaliter),

2089 3688 2282 3729 verum
2309 3675 2475 3729 etiam
2504 3684 2566 3729 ut
2584 3680 2908 3734 ostendatur
2927 3683 3088 3738 nobis
3117 3686 3460 3757 unigenitum
3488 3692 3661 3746 Deum

2090 3780 2149 3820 re
2170 3760 2300 3836 ipsa
2330 3766 2534 3822 factum
2563 3783 2684 3824 esse
2718 3770 3001 3828 hominem
3026 3775 3357 3845 perfectum,
3391 3790 3666 3837 nostram-

2089 3872 2197 3926 que
2231 3873 2330 3927 per
2363 3874 2422 3914 se
2450 3869 2747 3931 operatum
2779 3879 2901 3919 esse
2940 3868 3173 3923 salutem
3223 3871 3280 3923 in
3309 3887 3498 3938 carne,
3546 3892 3667 3944 quae

2089 3950 2415 4006 naturaliter
2450 3962 2661 4022 ageret,
2691 3965 2747 4007 et
2782 3954 3021 4011 animam
3068 3958 3302 4016 haberet
3345 3964 3545 4021 mentis
3577 3982 3667 4019 ra~

2092 4041 2367 4111 tionisque
2402 4055 2739 4115 compotem.
2794 4046 3252 4119 Quandoquidem
3310 4068 3441 4107 vere
3489 4053 3667 4109 factus

2088 4143 2174 4189 est
2202 4134 2368 4189 homo
2393 4151 2492 4205 per
2520 4138 2727 4201 omnia,
2766 4139 2886 4194 solo
2930 4150 3161 4210 peccato
3198 4153 3451 4214 excepto,
3507 4148 3668 4218 cujus

2090 4224 2242 4280 nulla
2267 4223 2324 4279 in
2344 4235 2542 4281 natura
2555 4226 2825 4282 radicalis
2852 4231 2994 4285 ratio
3017 4233 3315 4300 reperitur,
3343 4249 3454 4289 non
3479 4244 3664 4291 autem

2088 4327 2320 4387 excepta
2341 4319 2669 4388 operatione
2701 4322 2983 4390 naturali;
3034 4340 3164 4379 nam
3204 4340 3303 4395 per
3354 4342 3477 4381 eam
3522 4329 3664 4383 ratio

412 4409 619 4481 φθοράν
661 4410 956 4481 ἐργάζεται
997 4409 1235 4481 φύσεως,
1280 4411 1438 4480 εἴπερ
1486 4409 1638 4464 οὐδὲν
1671 4409 1782 4466 τῶν
1813 4410 1981 4465 ὅντων

2087 4410 2346 4466 θεεθηιίεε
2378 4411 2459 4466 rei
2489 4413 2780 4483 cujusque,
2815 4416 2906 4469 cui
2954 4416 3122 4482 inest,
3168 4420 3500 4475 naturaliter
3532 4420 3668 4475 deﬁ-

410 4498 506 4551 τοῦ
570 4498 728 4568 φύσει
773 4500 1076 4571 πεφυκότος
1126 4501 1485 4571 στερούμενον
1536 4501 1674 4571 ὅπερ
1721 4496 1791 4573 ἦν
1835 4502 1981 4574 μένει

2088 4505 2260 4560 nitur.
2285 4506 2567 4576 Quidquid
2608 4509 2758 4562 enim
2789 4513 3157 4567 communiter
3197 4521 3254 4568 et
3287 4515 3546 4584 generice
3599 4514 3668 4569 de

413 4590 740 4661 σωζόμενον.
2090 4599 2447 4669 quibuslibet
2474 4600 2803 4667 affirmatur,
2829 4618 3023 4659 eorum
3042 4606 3339 4661 essentiam
3364 4607 3585 4672 deﬁnit,
3610 4616 3667 4660 et

414 4682 648 4752 proinde
689 4699 884 4739 eorum
914 4683 1156 4739 essentia
1176 4683 1514 4762 ‘destruitur,
1549 4684 1595 4740 si
1628 4684 1724 4742 illo
1759 4690 1989 4749 omnino
2024 4700 2269 4750 careant.
2300 4692 2449 4747 Nihil
2475 4694 2655 4748 'enim
2714 4694 2830 4749 suis
2865 4695 3143 4765 privatum
3165 4700 3505 4755 naturalibus
3540 4714 3674 4769 per-

414 4776 747 4834 fectionibus
780 4787 991 4850 perstat
1021 4779 1079 4833 id
1112 4794 1234 4834 esse
1264 4779 1411 4850 quod
1436 4787 1575 4836 erat.
2009 4793 2014 4797 ’

420 4959 530 5013 Τοῦ
559 4957 750 5013 αὐτοῦ
780 4957 852 5014 ἐκ
874 4959 984 5014 τοῦ
1015 4959 1202 5015 αὑτοῦ
1225 4961 1413 5032 λόγου
1434 4962 1523 5028 εις
1546 4962 1677 5016 τό⁸¹¹
1701 4978 1715 4993 ⁸
1745 4980 1766 5015 ι
1796 4959 1981 5034 Οὗτος

2097 4966 2348 5039 Ejusdem
2376 4980 2450 5033 ea;
2462 4965 2646 5019 eadem
2663 4968 2906 5021 oratione
2934 4969 2990 5021 in
3025 4969 3081 5022 id
3104 4986 3121 5023 :
3150 4988 3168 5020 ε
3201 4970 3302 5024 Hic
3331 4972 3492 5037 enim,
3514 4989 3686 5044 quem:

483 5050 593 5120 γὰρ
634 5052 668 5104 ό
709 5049 827 5104 νῦν
869 5063 971 5106 σοι
1005 5055 1567 5124 καταφρονούμενος
1602 5051 1683 5125 ἦν
1733 5055 1834 5111 ὅτε
1883 5062 1981 5116 καὶ

2164 5074 2302 5112 nunc
2329 5057 2656 5127 aspernaris,
2678 5059 2945 5123 quondam
2962 5076 3127 5130 supra
3150 5070 3201 5115 te
3227 5072 3342 5118 erat
3366 5081 3383 5120 :
3417 5066 3507 5135 qui
3531 5082 3672 5120 nunc

1682 5214 1917 5272 VARIIE
1956 5214 2362 5274 LECTIONES.

486 5371 532 5443 θ’
588 5367 910 5455 ἀνελλειπὴς
952 5368 1056 5455 ed._
1091 5367 1231 5455 Gal.‘
1311 5370 1612 5455 "Jéyovav
1649 5373 1738 5453 ed;
1770 5373 1889 5429 Gal.
1934 5375 2367 5455 ,η’-ἀνελλειπῶς
2395 5377 2486 5431 ed.
2533 5376 2652 5455 gul.
2711 5377 2779 5455 _"
2808 5379 3079 5455 προλήψει
3131 5382 3220 5455 ed.
3285 5380 3405 5455 Gal.
3489 5383 3667 5455 "pe-

416 5436 655 5559 μένηκεν
706 5441 737 5491 ὁ
790 5436 945 5508 λόγος
990 5440 1078 5494 ed.
1136 5438 1255 5493 Gal.
1365 5436 1410 5472 "
1429 5436 1863 5508 καταγοροῦντες
1883 5444 1972 5499 ed.
2009 5445 2153 5509 Gal.,
2180 5436 2463 5502 mendose.
2532 5448 2578 5478 “
2602 5445 2784 5501 Verba
2804 5436 2869 5513 ἐξ
2893 5436 3116 5518 ἀγνοίας
3139 5436 3236 5520 τῆς
3270 5436 3487 5522 φύσεως
3517 5436 3667 5514 ἀρξέί-

453 5515 677 5559 erantur
702 5507 758 5559 in
782 5508 870 5559 ed.
896 5508 1016 5559 Gal.
1074 5509 1119 5540 ³⁸
1146 5508 1268 5559 κατ’
1307 5509 1564 5559 ἀλήθειαν
1594 5511 1681 5559 ed.
1716 5511 1833 5559 Gal-
1933 5515 1977 5546 ³⁸
1998 5517 2147 5559 ἐστὶν
2175 5516 2263 5559 μή-
2288 5516 2405 5559 Cal.
2487 5516 2532 5548 ³⁷
2556 5517 2637 5559 εἰς
2664 5517 2725 5559 τὸ
2757 5532 2867 5559 nnn
2898 5528 3072 5559 arctat
3098 5520 3153 5559 tn
3180 5522 3282 5559 ρηιι
3332 5522 3454 5559 amt

453 5515 677 5561 erantur
702 5508 758 5561 in
782 5508 870 5563 ed.
896 5508 1016 5563 Gal.
1074 5509 1119 5540 ³⁸
1146 5508 1268 5563 κατ’
1307 5509 1564 5581 ἀληθειαν
1594 5511 1681 5566 ed.
1716 5511 1833 5567 Gal.
1933 5515 1977 5546 “
1998 5508 2147 5569 ἐστὶν
2175 5516 2264 5571 ed.
2288 5516 2408 5572 Gal.
2487 5516 2532 5548 ³⁷
2556 5517 2637 5579 εἰς
2664 5517 2725 5569 τὸ
2757 5508 2868 5573 non
2898 5508 3077 5575 eistat
3095 5508 3155 5577 in
3180 5508 3306 5578 (ΞΜ.
3332 5508 3476 5581 Gud;

493 5658 569 5729 (2)
598 5658 764 5729 Greg.
806 5659 932 5714 Naz.
960 5658 1054 5714 0r.
1090 5660 1262 5715 theol.
1284 5661 1341 5728 3,
1368 5662 1444 5715 De
1473 5660 1630 5730 Filio,
1661 5679 1781 5734 cap.
1816 5665 1903 5731 18,
1937 5682 1992 5736 p.
2034 5668 2168 5735 557;
2198 5678 2331 5724 tom.
2361 5668 2543 5742 lOpp.
2576 5673 2666 5731 ed.
2695 5674 2901 5731 Bened.
