4066 6150
531 339 698 400 ’ῚῦίΊ

627 462 781 508 homo
837 459 933 512 est,
994 451 1386 520 compositionis
1414 465 1598 518 expers
1632 459 1788 503 erat:
1827 452 1972 520 quod
2017 461 2134 502 erat
2167 456 2209 510 Λ

629 541 947 611 permansit,
984 540 1124 608 quod
1161 556 1263 590 non
1300 549 1415 592 erat
1444 542 1768 609 assumpsit:
1804 542 1858 592 iu
1884 541 2145 609 principio

624 633 740 684 sine
799 646 959 681 causa
1021 638 1137 682 erat
1195 631 1351 698 (qute
1407 631 1546 683 enim
1596 629 1694 682 Dei
1753 647 1915 683 causa
1965 631 2145 700 afferri

625 722 843 791 queat?)
885 729 940 774 at
964 729 1147 790 postea
1177 737 1382 791 quoque
1411 729 1556 773 certa
1576 721 1640 772 de
1666 737 1827 774 causa
1857 730 2014 774 natus
2031 730 2142 785 est;

629 809 882 860 nimirum
913 818 968 859 ut
1019 817 1097 871 tu,
1143 807 1541 872 contumeliose,
1569 809 1798 862 salutem
1833 827 2143 879 _consequa-

632 900 726 961 ris,
763 899 853 966 qui
878 898 1129 950 deitatem
1167 899 1364 951 idcirco
1409 901 1720 965 contemnis,
1768 873 1892 970 quia
1945 903 2142 955 crassi-

629 992 754 1042 ticm
795 1000 942 1043 tuam
963 993 1212 1062 suscepit,
1248 1008 1340 1062 per
1363 993 1738 1045 intermedium
1777 1001 2005 1046 mentem
2026 1010 2144 1046 cum

625 1099 787 1134 carne
816 1085 1152 1152 conjunctus,
1195 1092 1356 1154 atque
1389 1085 1612 1153 inferior
1655 1086 1809 1137 homo
1841 1084 1981 1138 Deus
2021 1087 2144 1155 effe—

626 1182 739 1226 ctus
787 1183 1066 1242 postquam
1092 1191 1211 1227 cum
1251 1173 1360 1227 Deo
1404 1174 1623 1238 coaluit,
1682 1177 2147 1244 pra’stantiorique

626 1275 781 1335 parte
831 1273 1120 1334 superante
1156 1282 1295 1318 unus
1339 1265 1511 1334 factus
1570 1276 1668 1330 est,
1701 1276 1757 1319 ut
1801 1268 1912 1329 ipse
1940 1282 2148 1336 quoque

629 1366 843 1410 tantum
875 1356 1012 1410 Deus
1037 1356 1240 1426 efﬁciar
1271 1367 1533 1428 quantum
1564 1358 1656 1411 ille
1679 1361 1852 1414 homo.
1877 1378 1894 1409 ι

627 1469 727 1521 llic
759 1468 932 1531 enim,
969 1468 1176 1536 inquit,
1208 1485 1374 1537 quem
1407 1479 1464 1523 tu
1503 1486 1654 1524 nunc
1685 1469 2148 1539 aspernaris,iuit

557 1559 863 1629 aliquando
893 1575 1060 1628 supra
1104 1572 1188 1623 te;
1240 1561 1458 1614 exstitit
1505 1562 1655 1615 enim
1717 1577 1817 1631 per
1863 1577 1924 1615 se
1985 1561 2148 1629 longe

560 1668 730 1720 supra
765 1665 928 1705 omne
966 1659 1187 1720 tempus
1233 1662 1291 1704 et
1320 1667 1541 1707 onmem
1577 1663 1856 1717 naturam,
1895 1653 2150 1720 quamvis

558 1757 616 1800 ct
653 1760 801 1798 nunc
833 1751 1062 1813 propter
1099 1753 1152 1798 te
1195 1745 1300 1798 sub
1344 1754 1586 1816 utroque
1635 1745 1813 1798 voluit
1859 1744 2146 1798 constitui.

559 1835 663 1899 Qui
694 1850 840 1888 nunc
872 1835 1041 1888 homo
1068 1844 1174 1900 est,
1232 1835 1337 1890 fuit
1366 1852 1567 1907 expers
1611 1836 2057 1906 compositionis,
2093 1844 2149 1890 et

560 1939 759 1982 natura
783 1938 840 1982 et
863 1928 1145 1997 hypostasi
1179 1929 1436 1998 simplex.
1467 1930 1604 1984 Nam
1632 1929 1982 1984 solummodo
2001 1928 2148 1982 Deus

557 2028 698 2083 erat,
726 2018 909 2073 nudus
960 2034 1195 2088 corpore
1226 2027 1284 2072 et
1341 2035 1465 2088 quae
1513 2035 1722 2090 corpus
1769 2020 2145 2084 comitantur;

560 2127 878 2182 quanquam
907 2127 1059 2166 nunc
1083 2113 1423 2167 assumenda
1459 2128 1712 2176 carnem,
1745 2113 1929 2166 anima
1976 2111 2150 2165 ratio-

559 2203 672 2257 nali
702 2202 1016 2272 prazditam,
1045 2203 1225 2272 quoad
1267 2204 1592 2274 hypostasin
1619 2244 1634 2264 ,
1679 2203 2146 2274 compositionem

559 2293 808 2357 admisit,
841 2309 1008 2364 quam
1067 2309 1181 2348 non
1226 2294 1442 2359 habuit,
1480 2294 1664 2364 quoad
1706 2305 1960 2348 naturam
1992 2308 2148 2356 vero,

561 2385 1000 2454 simplicitatem,
1035 2400 1202 2455 quam
1237 2385 1456 2450 habuit,
1496 2402 1607 2440 non
1655 2385 1861 2440 amisit.
1896 2385 2022 2439 Hazc
2051 2399 2150 2437 au-

563 2486 674 2530 tem
711 2476 836 2532 ideo
864 2486 923 2531 ut
947 2478 1231 2532 hominem
1269 2479 1548 2543 salvaret;
1599 2478 1742 2531 hanc
1798 2476 1949 2531 enim
1975 2476 2147 2529 solam

563 2583 788 2623 causam
837 2570 1144 2624 nativitatis
1172 2571 1386 2634 habuit,
1444 2571 1680 2625 salutem
1713 2571 1863 2625 enim
1911 2577 2147 2632 naturae,

563 2663 722 2731 cujus
756 2662 847 2715 ille
879 2662 1302 2731 possibilitatem
1328 2671 1590 2730 tanquam
1613 2661 1926 2716 crassitiem
1951 2660 2146 2723 subiit,

565 2753 846 2806 mediante
874 2762 1059 2806 mente
1091 2768 1218 2807 cum
1270 2768 1438 2806 carne
1489 2753 1846 2823 conjunctus,
1880 2758 1937 2805 et
1967 2750 2151 2804 iactus

563 2853 651 2899 est
683 2845 851 2897 homo
890 2843 1122 2896 inferior
1153 2844 1298 2896 Deus
1319 2883 1332 2906 ,
1372 2843 1482 2897 imo
1516 2844 1700 2897 omnia
1733 2858 1834 2912 pro
1889 2841 2149 2896 omnibus

567 2936 747 2989 factus
783 2942 868 2987 est
895 2949 1018 3002 quae
1049 2933 1274 3002 quidem
1308 2935 1362 2987 in
1394 2934 1556 2988 nobis
1581 2941 1735 3000 sunt,
1783 2942 1985 3003 praeter
2016 2948 2147 3002 pee-

567 3031 776 3078 catum.
813 3037 1038 3091 corpus,
1074 3021 1284 3085 anima,
1326 3038 1503 3087 mens,
1551 3039 1649 3092 per
1699 3038 1823 3091 qua:
1856 3032 2148 3092 peceatum

565 3123 913 3184 pervaserat,
946 3127 1242 3167 commune
1275 3113 1408 3182 quid
1441 3130 1507 3168 ex
1549 3113 1639 3168 his
1675 3114 1863 3179 homo,
1895 3115 2041 3169 Deus
2065 3115 2149 3170 vi-

1726 340 1787 400 S.
1834 332 2121 397 ΜΛΧὶΜΙ
2169 329 2684 395 CONFESSORIS

3685 325 3810 394 toto

2314 444 2463 512 ὑπὲρ
2513 445 2588 494 σὲ
2632 437 2744 510 ἦν·
2780 442 2812 493 ὁ
2855 439 2972 493 νῦν
3019 440 3330 508 ἅνθρωπος
3370 440 3810 508 καὶὰσύιΰετος

2319 531 2399 604 ἦν
2420 553 2433 566 ·
2461 535 2492 586 ὂ
2519 533 2636 602 μὲν
2678 528 2777 600 ἦν,
2852 531 3167 601 διέμεινεν,
3205 533 3233 585 ὃ
3263 532 3329 585 δὲ
3363 535 3476 586 οὐκ
3513 528 3610 602 ἦν,
3642 551 3811 602 προσ-

2319 629 2540 680 έλαϐεν
2569 643 2581 654 ·
2619 625 2690 676 ἐν
2733 623 2891 692 ἀρχῇ
2942 620 3020 692 ἦν
3065 624 3342 690 ἀναιτίως
3377 627 3490 690 (τίς
3536 627 3644 693 τὰρ
3671 628 3811 679 αἰτία

2324 718 2471 771 Θεοῦ
2491 718 2555 786 ;)’
2589 717 2748 770 ἀλλὰ
2779 718 2879 769 καὶ
2904 716 3163 784 ὕστερον
3190 715 3399 785 γέγονε
3430 715 3502 768 δι’
3541 717 3749 768 αἰτίαν·
3774 718 3808 784 ἠ

2314 809 2383 861 δὲ
2433 805 2512 877 ἦν
2569 807 2635 860 τὸ
2688 807 2765 859 σὲ
2821 805 3089 874 σωθῆναι
3143 807 3248 861 τὸν
3295 807 3602 875 ὑϐριστὴν,
3632 808 3698 873 ὃς
3727 808 3811 864 διὰ

2314 901 2491 953 τοῦτο
2521 897 2895 966 περιφρονεῒς
2926 901 3179 966 θεότητα
3208 897 3297 952 ὅτι
3330 899 3444 965 τὴν
3475 900 3598 966 σὴν
3623 903 3811 969 παχύ-

2318 1009 2466 1057 τητα
2522 989 2911 1053 κατεδέξατο,
2968 991 3067 1043 διὰ
3109 989 3306 1059 μέσου
3337 993 3487 1058 νοὸς
3529 995 3810 1061 ὁμιλήσας
3864 994 3873 1002 ’

2318 1083 2496 1149 σαρκί
2542 1083 2640 1135 καὶ
2691 1084 3011 1151 γενόμενος
3059 1084 3370 1151 ἅνθρωπος
3400 1088 3434 1138 o’
3459 1085 3614 1137 κάτω
3656 1088 3808 1152 Θεὸς,

2316 1176 2526 1243 ἐπειδὴ
2577 1175 2998 1244 συνανεκράθη
3031 1175 3154 1240 Θεῷ
3184 1177 3280 1229 καὶ
3308 1176 3564 1246 γέγονεν
3588 1171 3688 1242 εἷς,
3721 1179 3813 1231 τοῦ

2320 1269 2660 1335 κρείττονος
2701 1267 3166 1332 ἐκνικήσαντος,
3196 1268 3296 1320 ἵνα
3329 1267 3583 1337 γένωμαι
3617 1269 3811 1322 τοσοῦ-

2320 1375 2426 1411 τον
2459 1359 2604 1424 Θεὸς
2643 1357 2794 1411 ὅσον
2814 1358 3047 1424 ἐκεῖνος
3069 1358 3380 1426 ἅνθρωπος
3401 1359 3496 1430 (5).
3533 1378 3551 1409 ι

2319 1463 2490 1532 Οὗτος
2529 1469 2641 1539 γὰρ
2675 1471 2704 1522 6
2743 1468 2838 1521 νῦν
2876 1486 2958 1521 σοι
2995 1470 3534 1540 καταφρονούμενος,
3585 1473 3810 1540 metu",

2244 1557 2314 1630 ἦν
2337 1563 2429 1613 ὅτε
2461 1563 2555 1614 καὶ
2585 1560 2726 1630 ὑπὲρ
2759 1561 2814 1612 σὲ
2844 1555 2936 1629 ἦν,
2971 1561 3175 1624 παντὸς
3213 1561 3410 1624 αἰῶνος
3451 1561 3692 1632 δηλονότι
3733 1566 3813 1615 καὶ

2247 1654 2429 1723 πάσης
2469 1652 2537 1704 δι’
2580 1650 2774 1704 ἑαυτὸν
2816 1652 3078 1722 ὑπάρχων
3120 1653 3304 1722 (107
3347 1653 3402 1722 ιι)
3436 1655 3693 1707 ἐπέκεινα
3726 1655 3811 1723 cpti-

2251 1761 2409 1808 σεως,
2445 1743 2550 1797 κᾶν
2581 1743 2674 1797 ὑπ’
2707 1744 2876 1813 ἄμφω
2921 1743 3020 1795 νῦν
3057 1745 3144 1797 διὰ
3186 1745 3247 1796 σὲ
3292 1746 3590 1813 γεγένηται
3641 1746 3811 1800 Θέλων.

2263 1835 2320 1884 '0
2358 1833 2454 1884 νῦν
2506 1831 2797 1902 ἄνθρωπος
2839 1833 2934 1884 καὶ
2972 1833 3266 1898 ἀσύνθετος
3304 1831 3394 1906 ἦν,
3422 1837 3527 1906 τήν
3572 1853 3630 1888 τε
3672 1837 3810 1905 φύσιν

2251 1920 2456 1983 ἁπλοῦς
2495 1922 2592 1975 καὶ
2629 1922 2730 1992 τὴν
2763 1923 3086 1988 ὑπόστασιν,
3120 1924 3215 1977 ἅτε
3243 1926 3308 1994 δὴ
3359 1928 3527 1995 μόνον
3553 1927 3698 1991 Θεὸς,
3728 1945 3810 1994 γυ-

2253 2014 2383 2077 μνὸς
2414 2009 2667 2082 σώματος
2689 2013 2788 2066 καὶ
2834 2013 2943 2067 τῶν
2973 2017 3073 2068 ὅσα
3106 2016 3381 2087 σώματος,
3414 2019 3518 2072 κᾶν
3545 2019 3637 2072 νῦν
3664 2037 3811 2090 προσ-

2250 2103 2412 2172 λήψει
2460 2104 2664 2175 σαρκὸς
2699 2104 2878 2176 ψυχὴν
2922 2106 3152 2178 ἐχούσης
3189 2111 3410 2177 νοερὰν,
3457 2113 3597 2182 ὅπερ
3643 2114 3735 2166 οὐκ
3757 2110 3812 2182 ἦν

2249 2195 2462 2262 γέγονε,
2493 2195 2591 2264 τὴν
2620 2196 2921 2250 ὑπόστασιν
2953 2197 3228 2264 σύνθετος,
3252 2199 3542 2270 διαμείνας
3573 2203 3701 2272 ὅπερ
3732 2197 3809 2272 ἦν,

2248 2285 2347 2356 τὴν
2377 2287 2538 2355 φύσιν
2568 2287 2796 2351 ἁπλοῦς,
2829 2289 2915 2341 ἵνα
2947 2292 3005 2343 σὲ
3040 2290 3191 2364 σώσῃ
3223 2291 3316 2345 τὸν
3345 2293 3655 2364 ἄνθρωπον.
3685 2294 3810 2348 Ταύ-

2247 2396 2350 2448 την
2374 2381 2482 2452 γὰρ
2515 2383 2612 2450 τῆς
2641 2383 2912 2453 σαρκικῆς
2939 2385 3105 2438 αὐτοῦ
3145 2387 3318 2456 μόνην
3356 2388 3544 2440 αἰτίαν
3571 2389 3687 2457 ἔσχε
3707 2404 3808 2454 γεν-

2249 2474 2479 2541 νήσεως.
2540 2473 2637 2543 τὴν
2687 2477 2962 2545 σωτηρίαν
3020 2476 3121 2546 τῆς
3160 2477 3398 2545 φύσεως,
3446 2474 3520 2550 ἧς
3568 2479 3807 2542 ὑπελθὼν,

2249 2565 2502 2636 καθάπερ
2541 2582 2592 2619 τι
2624 2568 2816 2637 πᾶχος,
2851 2569 2912 2621 τὸ
2939 2568 3184 2638 παθητὸν
3220 2568 3310 2622 διὰ
3343 2570 3518 2639 μέσου
3554 2571 3666 2633 νοὸς
3687 2570 3802 2638 ὡμί-

2248 2657 2379 2727 λησε
2397 2659 2441 2690 ³³
2485 2661 2671 2728 σαρκὶ,
2724 2659 3015 2728 γενόμενος
3067 2659 3356 2731 ἄνθρωπος
3400 2664 3429 2714 ό
3490 2663 3644 2716 κάτω
3675 2661 3804 2725 Θεὸς,

2249 2743 2428 2796 πάντα
2457 2744 2602 2814 ὑπὲρ
2641 2745 2861 2798 πάντων
2890 2746 3183 2815 γενόμενος
3208 2749 3309 2802 ὅσα
3342 2751 3530 2819 ἡμεῖς,
3571 2750 3699 2820 πλὴν
3721 2749 3806 2818 τῆς

2247 2834 2546 2905 ἁμαρτίας,
2594 2835 2777 2904 σῶμα,
2813 2837 2983 2906 ψυχὴ,
3034 2836 3181 2901 νοῦς,
3227 2839 3295 2891 δι’
3337 2841 3478 2893 ὅσων
3527 2844 3556 2894 ό
3588 2841 3804 2902 Θάνατος.

2247 2919 2308 2973 τὺ
2346 2922 2526 2975 κοινὸν
2569 2923 2634 2976 ἐκ
2677 2922 2908 2988 τούτων,
2946 2925 3255 2994 ἄνθρωπος,
3291 2927 3420 2991 Θεὸς
3446 2929 3711 3000 ὁρώμενος
3735 2927 3808 2981 διὰ

2247 3011 2310 3062 τὸ
2341 3010 2652 3081 νοούμενον.
2687 3013 2862 3076 Αὐτὸς
2894 3009 2986 3068 οὖν
3016 3014 3142 3084 δίχα
3167 3018 3434 3087 τροπῆς-⁸⁸
3458 3022 3664 3092 κυρίως
3695 3019 3808 3090 πρὸς

2246 3101 2308 3154 τὺ
2342 3101 2464 3155 καθ’
2493 3104 2642 3173 ἡμᾶς
2683 3103 2848 3173 φύσει
2887 3106 3131 3177 παθητὸν
3166 3109 3427 3174 κενωθεὶς
3455 3114 3486 3165 6
3521 3113 3703 3182 Λόγος,
3729 3111 3806 3164 καὶ

565 3208 748 3262 sibilis
771 3221 869 3276 per
903 3206 1269 3260 intellectum.
1301 3205 1632 3276 Deusigitur
1658 3207 1902 3261 Verbum
1926 3207 2150 3277 proprie

2254 3192 2360 3245 ὑπὸ
2386 3192 2488 3263 τὴν
2537 3195 2773 3264 φυσικὴν
2801 3197 3020 3267 ἀληθῶς
3053 3199 3142 3254 διὰ
3176 3201 3515 3271 σαρκώσεως
3546 3205 3804 3273 γενόμενος

561 3301 687 3355 sine
721 3300 1090 3354 conversione
1143 3299 1200 3352 in
1249 3314 1371 3352 eam
1416 3299 1843 3368 possibilitatem
1902 3314 2026 3369 quae
2061 3307 2148 3354 est

565 3402 771 3448 nostrae
795 3399 1008 3446 naturae
1029 3391 1393 3454 exinanitum,
1420 3405 1630 3460 perque
1681 3406 1838 3445 suam
1892 3391 2148 3446 incarna-

568 3485 777 3539 tionem
805 3499 934 3537 vere
971 3482 1076 3537 sub
1123 3497 1348 3537 sensum
1399 3483 1706 3536 naturalem
1753 3482 2006 3549 veniens,
2046 3499 2146 3553 ap-

565 3576 759 3645 pellari
789 3575 957 3644 ccepit
999 3575 1144 3629 Deus
1168 3574 1404 3628 visibilis
1443 3584 1500 3628 et
1549 3573 1782 3628 inferior
1833 3574 1999 3637 Deus,
2051 3590 2150 3644 per

567 3681 791 3720 carnem
821 3675 1019 3719 natura
1047 3666 1367 3734 passibilem
1396 3665 1638 3720 eﬂiciens
1670 3665 1974 3735 potentiam
1993 3681 2148 3720 suam

572 3757 899 3810 immensam
929 3756 1308 3825 conspicuam.
1357 3756 1630 3822 Quoniam
1676 3773 1807 3812 caro
1855 3757 2150 3812 manifesto

547 3861 696 3898 -cum
728 3845 840 3898 Deo
879 3845 1111 3910 coaluit,
1141 3855 1199 3900 et
1241 3862 1384 3900 unus
1411 3847 1593 3902 factus
1641 3856 1746 3911 est,
1772 3847 2148 3917 praestantiori

561 3944 905 4006 superante;
942 3937 1146 4006 quippe
1175 3938 1416 3992 Verbum
1462 3955 1753 3994 assumens
1777 3955 1896 3993 eam
1925 3938 2149 4008 proprie

567 4043 670 4098 per
697 4029 1098 4100 hypostaticam
1134 4030 1484 4085 identitatem
1532 4031 1834 4086 deiﬁcavit.
1868 4030 2023 4086 Unus
2051 4045 2150 4084 au-

566 4126 677 4172 tem
708 4127 764 4172 et
797 4134 908 4172 non
963 4135 1133 4172 unum
1195 4119 1400 4174 factum
1463 4129 1567 4184 est,
1632 4120 1815 4190 inquit
1866 4120 2146 4191 magister,

567 4210 866 4266 ostendere
900 4211 1093 4264 volens
1123 4211 1291 4265 etiam
1328 4212 1383 4264 in
1421 4212 1710 4266 identitate
1761 4213 1925 4266 unius
1978 4212 2151 4284 hypo-

565 4309 782 4356 staseos
813 4301 1140 4356 conservari
1177 4302 1296 4356 sine
1331 4301 1660 4356 confusione
1692 4303 2000 4357 naturalem
2026 4304 2150 4358 uni-

565 4405 752 4446 torum
775 4392 1184 4447 diversitatem.
1217 4393 1314 4447 Est
1360 4393 1508 4448 enim
1542 4393 1904 4464 hypostaseos
1951 4405 2008 4448 et
2044 4411 2148 4450 na-

568 4491 709 4538 tura:
745 4485 891 4539 alius
941 4493 1107 4554 atque
1157 4483 1301 4539 alius
1355 4486 1663 4542 character.
1719 4487 1859 4542 Illud
1921 4498 2146 4542 autem:

573 4596 591 4626 ι
626 4577 696 4632 Ut
736 4575 852 4646 ipse
878 4592 1098 4646 quoque
1136 4585 1396 4647 tanquam
1425 4579 1565 4632 deus
1613 4577 1841 4643 eiliciar,
1880 4589 2150 4649 quantum
2183 4605 2228 4660 υ

567 4667 662 4722 ille
699 4667 887 4731 homo,
926 4687 944 4718 ι
983 4683 1097 4721 non
1129 4675 1214 4722 est
1245 4684 1428 4722 meum
1463 4669 1734 4738 proferre,
1775 4671 1871 4739 qui
1913 4670 2154 4739 peccatis

567 4761 963 4830 coinquinatus
997 4776 1139 4824 sum,
1198 4775 1304 4814 nec
1354 4761 1467 4814 ullo
1509 4762 1672 4830 plane
1713 4762 1966 4831 appetitu
2002 4761 2152 4816 feror

568 4851 636 4903 ad
661 4851 831 4904 vitam
859 4851 1012 4904 illam
1039 4866 1164 4918 qua:
1188 4865 1319 4903 vere
1361 4850 1472 4903 vita
1503 4859 1609 4903 est.
1665 4851 1920 4904 Vestrum
1965 4850 2154 4919 potius

567 4949 672 5005 est,
707 4951 983 5004 vestrum,
1017 4941 1267 5010 inquam,
1296 4940 1393 5008 qui
1418 4949 1633 4993 natura:
1682 4949 1891 4994 tantam
1925 4955 2157 5010 recupe-

569 5033 735 5087 rastis
761 5031 1182 5102 perfectionem,
1238 5039 1300 5084 ut
1353 5030 1468 5084 sola
1501 5029 1556 5083 in
1586 5031 1746 5085 vobis
1777 5031 2153 5099 conspiciatur

567 5125 746 5194 gratia
796 5123 916 5188 Dei,
946 5123 1154 5193 quique
1187 5138 1286 5191 per
1315 5121 1436 5191 ejus
1467 5121 1764 5177 efﬁcaciam
1803 5130 2014 5176 tantum
2070 5123 2154 5175 in-

569 5215 878 5267 clarescere
910 5228 1072 5282 posse
1106 5211 1390 5274 videmini,
1433 5223 1703 5281 quantnm
1756 5213 1902 5266 Deus
1937 5229 2035 5281 per
2062 5213 2151 5266 in-

569 5306 951 5361 carnationem
989 5321 1143 5359 suam
1201 5305 1270 5358 de
1315 5313 1505 5359 nostra
1551 5304 1870 5359 infirmitate
1923 5303 2151 5372 partici-

2256 3284 2532 3354 αἴσθησιν,
2550 3285 2680 3348 Θεὸς
2709 3289 2902 3356 ὁρατὸς
2925 3291 3017 3343 καὶ
3048 3292 3200 3346 κάτω
3227 3293 3359 3358 Θεὸς
3391 3294 3802 3367 προσηγορεύθη,

2254 3375 2344 3429 διὰ
2374 3377 2575 3448 σαρκὸς
2608 3377 2767 3448 φύσει
2799 3381 3050 3452 παθητῆς
3080 3385 3180 3455 τὴν
3215 3387 3589 3460 ὑπεράπειρον
3617 3387 3805 3458 ἐμφανῆ

2259 3468 2631 3538 ποιησάμενος
2659 3469 2910 3542 δύναμιν,
2936 3473 3124 3544 ἐπειδὴ
3152 3478 3531 3550 συνανεκρὰθη
3559 3479 3672 3548 Θεῷ
3693 3495 3804 3546 προ-

2255 3558 2428 3630 δήλως
2455 3561 2488 3629 ἡ
2521 3559 2658 3629 σὰρξ
2694 3562 2790 3614 καὶ
2820 3565 3046 3631 γέγονεν
3074 3561 3177 3631 εἷς,
3223 3567 3318 3620 τοῦ
3349 3570 3658 3637 κρείττονος
3693 3573 3804 3622 tm-

2257 3653 2548 3720 κησαντος,
2583 3653 2920 3726 ὑποστατικῇ
2951 3659 3240 3728 ταυτότητι
3283 3662 3492 3730 κυρίως
3546 3663 3706 3732 αὐτὴν
3729 3656 3804 3710 τοῦ

2257 3742 2659 3812 προσλαϐόντος
2691 3746 2864 3815 Λόγου
2892 3747 3222 3814 -Θεὼσαντος,
3254 3748 3347 3816 Εἷς
3373 3753 3429 3806 δὲ
3457 3756 3692 3822 γέγονεν,
3711 3751 3805 3807 ἀλλ’

2256 3832 2354 3902 οὐχ
2387 3833 2465 3896 ἓν,
2504 3834 2533 3886 6
2565 3834 2886 3899 διδάσκαλος
2913 3832 3092 3900 εἶπεν,
3123 3841 3337 3903 δεικνὺς
3370 3843 3455 3894 ὅτι
3490 3844 3593 3895 κᾶν
3616 3843 3676 3910 τῇ
3701 3856 3805 3891 ταυ-

2255 3924 2444 3994 τότητι
2487 3923 2589 3994 τῆς
2640 3929 2771 3996 μιᾶς
2819 3929 3172 3994 ὑποστάσεως
3220 3931 3805 4004 μεμένηκενήφυσικὴ

2255 4017 2364 4068 τῶν
2405 4018 2705 4088 ἡνωμένων
2747 4022 3007 4090 ἑτερότης
3057 4023 3395 4093 ἀσύγχυτοςο
3433 4027 3597 4097 ειπερ
3642 4025 3695 4076 τὸ
3727 4022 3806 4092 μὲν

2257 4109 2632 4174 ὑποστάσεως,
2681 4111 2743 4164 τὸ
2781 4112 2841 4166 δὲ
2877 4114 3092 4182 φύσεως
3129 4116 3367 4187 ὑπάρχει
3401 4116 3714 4187 δηλωτικόν.
3749 4111 3807 4163 Τὸ

2256 4201 2386 4271 γὰρ,
2433 4221 2452 4253 ι
2479 4201 2595 4256 ἰνα
2630 4203 2878 4274 γένωμαι
2908 4207 3166 4263 τοσοῦτον
3209 4209 3331 4270 θεὸς
3359 4211 3489 4264 ὅσον
3520 4211 3717 4270 ἐκεῖνος
3735 4204 3810 4258 ἄνα

2257 4291 2496 4364 θρωπος,
2530 4313 2548 4344 ι
2594 4295 2697 4348 οὐκ
2737 4297 2871 4367 ἐμὸν
2903 4299 3084 4369 (107
3113 4300 3164 4368 ὁ)
3190 4301 3396 4368 λέγειν,
3429 4300 3530 4354 τοῦ
3565 4296 3810 4369 ρυπωθέν-

2255 4400 2348 4446 τος
2394 4387 2460 4456 τῇ
2509 4385 2754 4458 ἁμαρτίᾳ
2787 4389 2882 4441 καὶ
2927 4389 3148 4454 τελείως
3190 4393 3291 4460 τῆς
3323 4393 3495 4456 ὅντως
3538 4392 3699 4457 οὔσης
3735 4389 3813 4440 ἀν-

2256 4475 2612 4545 ορεκτοῦντος
2652 4477 2820 4549 ζωῆς,
2855 4480 2972 4533 ἀλλ’
3015 4483 3192 4553 ὑμῶν,
3219 4483 3330 4536 τῶν
3362 4484 3633 4554 ἀπολήψει
3661 4478 3812 4552 τελείᾷ

2256 4569 2355 4636 τῆς
2397 4570 2613 4637 φύσεως
2656 4571 2722 4622 ἐκ
2771 4572 2940 4642 μόνης
2975 4575 3394 4646 γνωριζομένων
3443 4577 3548 4647 τῆς
3583 4564 3813 4645 ’χάριτοςι

2255 4659 2351 4711 καὶ
2387 4658 2692 4728 μελλόντων
2728 4662 2794 4714 ἐκ
2832 4663 2933 4732 τῆς
2975 4665 3094 4717 κατ’
3126 4665 3299 4735 αὐτὴν
3335 4667 3594 4719 τοσοῦτον
3642 4661 3815 4716 διαδει-

2254 4749 2447 4818 Χθῆναι
2483 4751 2526 4782 ⁸⁸
2584 4750 2867 4822 δυνάμεως
2918 4755 3042 4808 ὅσον
3082 4759 3112 4810 6
3157 4757 3319 4825 φύσει
3372 4759 3508 4822 Θεὸς
3558 4759 3656 4827 τῆς
3683 4753 3820 4826 ημῶν

2256 4843 2563 4913 σαρκωθεὶς
2621 4845 2907 4906 ἀσθενείας
2965 4849 3313 4918 μετείληφεν,
3385 4843 3809 4919 ὰντιμετρουμὲ·

2256 4935 2464 5005 νηςδν,
2510 4936 2585 5000 ὡς
2630 4934 2774 4990 οἶδεν
2806 4938 2987 5001 αὐτὸς,
3023 4943 3092 5010 τῇ
3121 4940 3286 4994 αὐτοῦ
3326 4940 3580 5003 κενώσει.
3604 4939 3704 5008 τῆς
3727 4935 3820 4988 τῶν

2257 5027 2440 5096 χάριτι
2473 5027 2798 5098 σωζομένων
2835 5029 3106 5094 θεώσεως,
3130 5033 3268 5085 ὅλων
3305 5032 3561 5085 Θεοειδὼν
3595 5031 3686 5084 καὶ
3715 5026 3818 5080 ὅλου

2257 5118 2392 5171 Θεοῦ
2418 5121 2762 5191 χωρητικῶν,
2796 5125 2888 5176 καὶ
2916 5123 3078 5192 μόνου
3105 5125 3501 5196 γενησομένων.
3533 5124 3704 5177 Τοῦτο
3729 5119 3820 5187 γὰρ

2255 5215 2287 5281 ἡ
2318 5212 2597 5275 τελείωσις
2636 5214 2773 5284 πρὸς
2805 5216 2872 5284 ἧν
2919 5215 3245 5268 σπεύδουσιν
3290 5220 3339 5269 οἱ
3378 5216 3586 5287 ταύτην
3625 5210 3820 5283 ἀληθῶς

2258 5304 2478 5358 ἔσεσθαι
2496 5306 2540 5336 δ’
2572 5307 2672 5372 τὴν
2707 5307 3043 5376 ἐπαγγελίαν
3069 5309 3478 5372 πιστεύσαντες.

1863 5438 2093 5492 VARUE
2135 5438 2540 5496 LECTIONES.

642 5557 684 5628 θεέ
712 5559 844 5623 φησὶ
899 5556 988 5609 ed.
1045 5556 1161 5610 Gal.
1230 5557 1279 5628 7”
1309 5557 1606 5628 ὡμίλησεν
1644 5551 1893 5628 ed._Gal:
1958 5550 2390 5628 ‘ixupiwghoixa.
2417 5556 2628 5628 τροπῆς
2684 5555 2773 5628 ed.
2825 5557 2943 5612 Gal.
2979 5627 2990 5628 ί
3022 5557 3251 5628 “Marg.
3297 5557 3420 5612 cod.
3457 5555 3605 5611 Gud.
3647 5553 3818 5628 eadem

571 5619 796 5694 antiqua
828 5642 1018 5678 manus
1045 5619 1508 5681 emendationem'
1535 5624 1785 5692 aseripsit
1815 5619 2153 5690 διδαχθῆναι.
2227 5623 2292 5656 ⁸³·
2323 5619 2463 5678 ’ἀντῖ
2495 5619 2872 5696 μετρουμένης
2925 5627 3016 5684 ed.
3062 5626 3178 5682 Gal.

647 5747 723 5816 (3)
762 5746 911 5799 ldem
947 5747 1080 5799 ibid.
1116 5749 1354 5817 cap.19,
1392 5765 1445 5817 p.
1478 5749 1601 5801 557.

3268 5630 3311 5660 "
3344 5629 3576 5680 ἓπεσίιαι
3597 5625 3686 5680 ed.
3715 5618 3816 5677 Gill-
