4066 6150
515 278 652 345 1343

1658 290 1719 383 s.
1755 288 2044 349 MAXIMI
2081 288 2589 354 CONFESSORIS

3650 289 3793 355 10M

509 396 678 452 simul
733 413 860 454 cum
896 399 1319 455 inﬁrmitatibus
1356 400 1496 457 meis
1541 403 1595 456 in
1633 380 1817 474 seipse
1844 404 2080 471 ferens,i

2206 429 2226 461 ‹
2259 411 2419 467 Ὀλον
2442 414 2501 466 ὲν
2523 410 2703 483 έαυτῷ
2729 411 2828 483 ἐμὲ
2859 410 3040 482 φέρων
3068 410 3205 481 μετὰ
3230 410 3337 462 τῶν
3366 409 3541 481 ἐμῶν,
3578 429 3599 463 ι
3634 427 3791 464 τουτ-

509 490 617 546 hoc
655 501 744 546 est
772 500 943 546 totam
992 491 1290 547 humanam
1349 505 1604 550 naturam
1652 512 1752 565 per
1792 497 2099 569 hypostati-

507 596 629 635 cam
658 580 942 644 unionem,
982 596 1092 635 una
1137 596 1266 635 eum
1308 582 1431 653 ejus
1478 582 1773 637 affectibus
1815 582 2097 654 insepara-

507 671 736 725 bilibus.
765 671 863 726 liis
889 671 962 726 ita
986 673 1181 742 gestis,
1219 681 1277 727 et
1298 688 1365 727 eo
1385 673 1681 743 absumpto
1706 675 1853 744 quod
1893 685 2015 731 erat
2038 678 2094 732 in

505 760 673 817 nobis
698 761 972 824 deterius,
1003 778 1104 832 per
1133 763 1285 832 quod
1325 764 1495 818 etiam
1522 774 1730 821 nostra:
1762 775 1978 820 naturae
2012 765 2095 819 in-

504 853 751 909 sinuavit
776 869 899 910 sese
926 856 985 908 τὸ
1005 856 1270 925 passibile
1324 856 1456 927 (hoc
1508 867 1718 923 autem,
1763 868 1825 912 ut
1872 859 2094 928 planius

505 948 709 1013 dicam,
736 957 859 1003 erat
888 950 1101 1019 peccati
1126 950 1213 1004 lex
1240 959 1297 1004 et
1320 950 2093 1023 transgressionis,qua:vires

504 1042 723 1096 sumita
744 1057 916 1113 prava
949 1050 1152 1097 nostra;
1196 1043 1499 1097 voluntatis
1548 1044 1934 1110 inclinatione,
1968 1059 2091 1114 quas

501 1140 716 1188 natura:
737 1142 935 1202 sponte
964 1148 1062 1187 sua
1108 1133 1358 1202 passibili
1394 1132 1627 1190 aﬂectus
1676 1133 2091 1203 superinfundit

502 1235 657 1276 nunc
681 1221 968 1286 remissos,
991 1238 1141 1277 nunc
1171 1222 1577 1294 vehementes),
1607 1224 1711 1279 sub
1742 1232 1969 1295 peccato
1994 1225 2091 1279 de-

502 1322 691 1367 tentos
721 1328 832 1367 non
864 1321 1083 1368 tantum
1134 1315 1399 1381 servavit,
1446 1331 1641 1371 verum
1674 1317 1842 1371 etiam
1888 1316 2090 1373 divinae

500 1402 729 1459 virtutis
750 1405 1054 1476 participes
1097 1405 1303 1473 effecit,
1352 1407 1591 1476 pretium
1643 1423 1744 1478 pro
1779 1408 1944 1463 nobis
1971 1409 2086 1479 ipse

502 1495 812 1567 deponens.
852 1496 991 1552 Nam
1031 1513 1132 1568 per
1177 1498 1484 1553 voluntatis
1524 1500 1895 1555 constantiam
1938 1500 2086 1555 circa

500 1586 559 1642 id
602 1587 752 1657 quod
794 1588 979 1659 reipsa
1034 1589 1244 1645 bonum
1287 1598 1404 1655 est,‘
1438 1598 1496 1646 et
1525 1592 1725 1646 animae
1763 1591 1994 1647 ﬁrmitas
2030 1601 2086 1648 et

503 1682 757 1751 corporis
813 1682 1207 1739 immortalitas
1252 1684 1564 1739 innascitur
1597 1685 1855 1740 omnibus
1895 1686 1964 1740 iis
1989 1686 2084 1756 qui

501 1780 721 1827 tantum
766 1774 1000 1843 gratiam
1048 1790 1160 1829 non
1202 1774 1327 1830 ﬁcte
1377 1776 1689 1831 excoluisse
1752 1776 2079 1832 allaborant.

499 1863 619 1920 Hoc
650 1865 799 1920 enim
831 1874 917 1920 est
952 1866 1102 1935 quod
1152 1867 1535 1943 sanctissimus
1594 1869 1855 1938 magister
1884 1869 2079 1935 voluit,

501 1971 627 2011 cum
653 1955 901 2012 diceret:
935 1976 952 2007 ι
986 1958 1058 2014 Ut
1081 1958 1229 2029 quod
1257 1960 1509 2015 deterius
1530 1970 1636 2026 est,
1667 1961 1722 2015 in
1758 1977 1815 2016 se
1847 1962 1964 2033 ipse
1987 1963 2085 2016 ab-

498 2057 683 2104 sumat
708 2059 765 2105 et
794 2049 1074 2112 conficiat,
1130 2065 1239 2106 non
1272 2067 1435 2107 secus
1473 2068 1538 2107 ac
1575 2068 1759 2109 ceram
1790 2056 1953 2125 ignis,
1988 2065 2084 2111 aut

501 2149 663 2194 terra:
689 2154 950 2209 vaporem
992 2140 1125 2195 solis
1172 2140 1383 2207 radius,
1415 2151 1584 2212 atque
1623 2143 1742 2213 ipse
1779 2145 1852 2200 ob
1887 2146 2081 2216 hujus-

498 2229 649 2286 modi
721 2231 1171 2303 conjunctionem
1231 2232 1509 2287 bonorum
1593 2233 1741 2290 illius
1806 2236 2082 2305 particeps

498 2318 647 2385 liam,
678 2339 696 2372 ›
724 2320 791 2375 id
818 2330 903 2376 est
928 2337 959 2375 a
993 2321 1350 2392 passionibus
1395 2338 1495 2393 per
1519 2322 1751 2393 gratiam
1785 2323 2083 2379 mundatus

496 2412 549 2466 ei
581 2412 780 2467 similis
809 2411 1035 2467 eﬂiciar.
1068 2414 1166 2468 Est
1198 2430 1365 2484 porro
1412 2422 1470 2469 et
1522 2414 1629 2469 alia
1674 2415 1945 2485 expositio
1978 2416 2080 2471 lio-

497 2518 622 2558 rum
652 2503 975 2559 verborum.
1020 2505 1273 2560 Alienam
1332 2505 1568 2560 formam
1616 2508 1879 2578 suscepit,
1915 2524 2081 2577 quam

495 2611 599 2666 ego
627 2595 799 2652 didici
850 2613 879 2650 a
916 2597 1159 2666 quodam
1207 2605 1399 2652 sancto
1431 2598 1575 2663 viro,
1612 2599 1884 2670 dictisque
1908 2608 1964 2655 et
1997 2600 2079 2654 fa-

496 2687 603 2742 ctis
648 2687 1084 2757 sapientissimo.
1130 2689 1201 2761 .ls
1257 2689 1428 2760 igitur
1486 2707 1517 2744 a
1564 2706 1652 2746 me
1712 2691 2082 2762 interrogatus

495 2778 802 2849 respondit,
828 2780 1010 2835 Verbo
1025 2781 1121 2835 Dei
1146 2796 1246 2850 per
1271 2790 1521 2837 naturam
1548 2783 1941 2849 obedientiam,
1963 2795 2078 2848 tum

496 2869 905 2940 subiectionem
964 2871 1200 2942 alienam
1234 2887 1384 2934 esse,
1417 2873 1561 2928 hanc
1592 2873 1683 2928 ille
1739 2890 1841 2944 pro
1895 2876 2076 2940 nobis,

485 2962 589 3030 qui
629 2971 968 3031 praaceptum
1029 2978 1251 3018 eramus
1313 2967 1658 3036 transgressi,
1688 2968 1966 3042 praestitit,
1995 2978 2079 3023 to-

2201 502 2319 555 έστι
2348 503 2448 574 τὴν
2474 503 2823 573 ἀνθρωπείαν
2855 503 2901 534 ⁵⁵
2935 501 3097 570 φύσιν
3128 501 3442 572 ὁλόκληρον,
3478 501 3677 554 ένώσει
3716 504 3786 572 τῇ

2200 591 2324 645 καθ’
2357 592 2654 645 ὑπόστασιν
2690 590 2832 661 μετὰ
2866 591 2977 643 τῶν
3011 589 3180 659 αὐτῆς
3208 587 3549 658 ἀδιαδλήτων
3565 587 3784 643 παθῶν.

2200 679 2294 745 Οἷς
2324 682 2483 753 ἡμῶν
2515 684 2835 754 δαπανήσας
2862 682 2924 734 τὸ
2960 683 3165 752 χεῖρον,
3191 679 3271 732 διὸ
3295 681 3361 750 τῇ
3402 678 3564 747 φύσει
3591 679 3654 732 τὸ
3680 697 3789 731 πα-

2199 770 2365 841 θητὸν
2402 771 2785 842 έπεισεκρίθη,
2832 769 2980 838 λέγω
3018 770 3075 822 δὲ
3102 768 3195 822 τὸν
3227 769 3291 820 ἐκ
3338 767 3440 836 τῆς
3488 766 3787 837 παρακοῆς

2197 862 2363 931 νόμον
2384 862 2483 931 τῆς
2516 862 2809 932 ἁμαρτίας,
2861 852 2923 913 οὗ
2960 859 3164 930 κράτος
3198 858 3347 910 ἐστὶν
3375 859 3409 929 ἠ
3439 855 3591 926 παρὰ
3613 856 3786 924 φύσιν

2192 952 2295 1022 τῆς
2330 952 2609 1023 ἡμετέρας
2636 951 2865 1021 γνώμης
2896 950 3159 1013 διάθεσις,
3197 949 3503 1019 ὲμπάθειαν
3542 946 3623 1017 τῷ
3667 965 3784 1000 πα·

2195 1040 2343 1112 θητῷ
2378 1040 2475 1111 τῆς
2504 1041 2721 1110 φύσεως
2753 1039 3124 1108 ἐπεισάγουσα
3153 1038 3273 1091 κατ’
3300 1038 3484 1092 άνεσιν
3519 1037 3617 1090 καὶ
3651 1037 3786 1089 ὲπί-

2191 1150 2371 1199 τασιν,
2402 1134 2462 1186 οὐ
2499 1133 2663 1204 μόνον
2698 1133 2941 1206 σέσωκεν
2970 1130 3075 1183 ὑπὸ
3102 1130 3202 1199 τῆς
3234 1129 3511 1199 ἁμαρτίας
3542 1144 3786 1196 κατεχο-

2196 1225 2413 1296 μένους,
2451 1224 2587 1278 ἀλλὰ
2615 1226 2710 1277 καὶ
2745 1223 2896 1286 θείας
2923 1220 3209 1291 δυνάμεως
3238 1221 3427 1291 (108
3456 1220 3507 1290 ὁ)
3551 1219 3787 1291 μεταδέ-

2190 1315 2364 1369 δωκεν
2398 1314 2456 1368 ὲν
2484 1311 2666 1383 ἑαυτῷ
2715 1311 2886 1375 λύσας
2930 1310 3092 1381 ἡμῶν
3142 1310 3205 1363 τὸ
3247 1310 3544 1379 ἐπιτίμιον,
3592 1308 3782 1378 ψυχῆς

2189 1404 2457 1476 ἁτρεψίαν
2488 1404 2582 1458 καὶ
2604 1402 2855 1474 σώματος
2876 1400 3185 1471 ἀφθαρσίαν
3220 1400 3596 1471 ἐργαζομένης
3621 1401 3681 1451 ἐν
3702 1402 3777 1470 τῇ

2191 1494 2323 1565 περὶ
2357 1494 2419 1547 τὸ
2449 1494 2609 1564 φύσει
2654 1493 2818 1547 καλὸν
2860 1493 2959 1563 τῆς
3008 1491 3237 1562 γνώμης
3280 1490 3597 1559 ταυτότητι,
3653 1494 3780 1554 τοῖς

2189 1586 2335 1658 ἔργῳ
2379 1589 2547 1658 τιμᾷν
2576 1587 2675 1658 τὴν
2722 1585 2888 1657 χάριν
2920 1584 3333 1649 σπουδάζουσιν.
3384 1584 3564 1654 Ὅπερ
3611 1578 3778 1653 οἶμαι

2186 1677 2456 1733 διδάσκων
2480 1681 2510 1731 ὀ
2534 1678 2687 1746 άγιός
2719 1694 2907 1747 φησιν·
2937 1674 3083 1730 «Ἵνα
3123 1678 3181 1728 ὲν
3208 1673 3387 1744 ἑαυτῷ
3413 1674 3779 1747 δαπανήσῃ⁸⁸

2189 1772 2249 1825 τὸ
2288 1774 2490 1843 χεῖρον,
2520 1771 2596 1835 ὡς
2627 1771 2801 1843 κηρθιν
2830 1770 2960 1841 πῦρ,
2994 1770 3027 1841 ἢ
3076 1769 3152 1830 ὡς
3183 1768 3383 1839 ἀτμίδα
3436 1771 3539 1838 γῆς
3589 1768 3774 1838 ἥλιος,

2190 1858 2347 1927 κάγὼ
2378 1858 2671 1929 μεταλάϐω
2703 1859 2811 1911 τῶν
2846 1858 3059 1911 ἐκείνου
3114 1856 3203 1911 διὰ
3230 1857 3329 1928 τὴν
3374 1856 3702 1926 σύγκρασιν·
3746 1875 3771 1907 ι

2187 1950 2430 2022 καθαρὸς
2467 1950 2670 2020 δηλαδὴ
2717 1953 2783 2022 τῇ
2821 1951 3015 2021 χάριτι
3047 1949 3258 2012 πάθους
3303 1948 3435 2012 ἴσως
3472 1949 3520 1981 ⁸⁸
3568 1947 3777 2018 ἐκείνῳ

2185 2044 2501 2115 γενόμενος.
2530 2042 2662 2096 υἷδα
2683 2043 2851 2096 δὲκαὶ
2873 2041 3032 2111 λόγον
3060 2042 3144 2095 ἒτε
3154 2059 3245 2111 ρον
3268 2040 3396 2111 περὶ
3416 2038 3533 2102 τοῦ,
3567 2059 3586 2090 ‹
3622 2042 3781 2110 Μορ-

2186 2136 2382 2206 φοῦται
2417 2136 2476 2189 τὸ
2516 2135 2821 2206 ἀλλότριον,
2866 2154 2884 2187 ι
2926 2135 3077 2205 παρά
3102 2151 3248 2197 τινος
3284 2134 3445 2201 ἁγίου
3473 2131 3638 2200 σοφοῦ
3673 2134 3777 2186 καὶ

2185 2229 2342 2299 λόγον
2369 2230 2465 2283 καὶ
2496 2228 2609 2299 βίον
2629 2226 2837 2296 μαθών.
2863 2228 3057 2295 Ἔλεγε
3097 2227 3206 2298 γάρ
3235 2224 3528 2298 ἐρωτηθεὶς
3554 2227 3776 2290 ἐκεῖνος

2183 2320 2465 2393 ἀλλότριον
2494 2317 2634 2374 εἶναι
2674 2319 2768 2373 τοῦ
2804 2319 2979 2388 Λόγου
3008 2319 3168 2389 φύσει
3198 2319 3301 2387 τὴν
3346 2318 3617 2387 ὑπακοὴν,
3650 2316 3773 2370 ὥσ-

2184 2430 2291 2485 περ
2320 2413 2416 2466 καὶ
2441 2412 2540 2483 τὴν
2572 2410 2877 2481 ὑποταγὴν,
2912 2411 2977 2482 ἣν
3010 2411 3153 2480 ὑπὲρ
3185 2409 3343 2480 ἡμῶν
3394 2408 3775 2479 παραϐάντων

2182 2505 2282 2577 τὴν
2312 2503 2534 2574 ἐντολὴν
2565 2503 2788 2567 ἐκτίσας
2820 2503 2949 2574 ὃλην
2982 2503 3279 2574 εἰργάσατο
3307 2500 3402 2554 τοῦ
3436 2501 3626 2569 γένους
3660 2501 3775 2572 τὴν

2185 2596 2482 2668 σωτηρίαν,
2542 2594 2736 2648 ἑαυτοῦ
2816 2595 3144 2664 ποιούμενος
3192 2593 3251 2645 τδ
3323 2594 3612 2662 ἡμέτερον.
3660 2593 3770 2647 Διὰ

2179 2688 2343 2743 τοῦτο
2374 2688 2520 2761 ἔργῳ
2558 2689 2694 2758 τιμᾷ
2723 2686 2821 2755 τὴν
2850 2685 3120 2757 ὑπακοὴν,
3143 2685 3261 2747 νέος
3297 2683 3473 2754 ’Δδὰμ
3494 2683 3631 2753 ὑπὲρ
3659 2684 3762 2737 τοῦ
3852 2760 3859 2766 .

2182 2779 2417 2835 παλαιοῦ
2453 2777 2615 2849 φύσει
2646 2779 2961 2848 γενόμενος,
3006 2778 3103 2832 καὶ
3148 2778 3407 2846 πειρᾶται
3438 2775 3642 2842 ταύτης
3698 2777 3769 2829 ὲκ

2180 2873 2275 2926 τοῦ
2302 2873 2521 2961 παθεῖν,
2555 2870 2643 2924 διὰ
2667 2871 2775 2923 τῶν
2815 2869 2997 2924 αὐτῶν
3031 2869 3297 2931 ἑκουσίως
3343 2869 3475 2938 ἡμῖν
3521 2868 3769 2938 ἐνεχθεὶς

2181 2959 2543 3036 παθημάτων.
2583 2962 2754 3033 Εἴπερ
2788 2961 2934 3015 κατὰ
2961 2960 3150 3014 τοῦτον
3186 2959 3403 3030 άληθῶς
3438 2960 3531 3012 τὸν
3587 2960 3769 3030 μέγαν

492 3058 726 3121 tumque
755 3069 930 3123 genus
961 3064 1213 3109 nostrum
1242 3055 1494 3121 salvavit,
1525 3067 1775 3113 nostrum
1804 3060 2072 3131 quidquid

2182 3042 2530 3120 διδάσκαλον,
2565 3075 2583 3107 ι
2622 3056 2935 3119 Ἐκοπίασε,
2964 3054 3057 3108 καὶ
3087 3053 3362 3115 ὲπείνασε,
3395 3051 3491 3104 καὶ
3514 3050 3766 3121 ἐδίψησε,

489 3151 612 3198 erat
668 3143 723 3199 in
780 3145 1024 3214 seipsum
1097 3146 1499 3202 transferendo.
1559 3150 1789 3220 Propter
1848 3152 1955 3207 hoc
2016 3170 2105 3211 re-

490 3233 666 3303 ipsam
719 3234 1094 3290 obedientiam
1145 3235 1359 3290 honore
1406 3236 1574 3292 allicit
1608 3279 1623 3301 ,
1683 3254 1861 3294 novus
1886 3239 2077 3311 utique

479 3327 667 3382 factus
694 3327 939 3383 Adamus
961 3344 1062 3398 pro
1087 3328 1181 3383 illo
1211 3328 1421 3384 Adamo
1450 3331 1645 3395 veteri,
1678 3347 1778 3401 per
1795 3344 2073 3399 naturam,

484 3433 721 3488 eamque
742 3419 963 3474 dolores
1002 3420 1266 3490 patiendo
1292 3420 1568 3491 degustat,
1599 3422 1731 3477 dum
1763 3438 1822 3479 se
1855 3440 1886 3479 e
1915 3426 2076 3481 nobis

484 3526 659 3564 unum
697 3511 827 3566 facit
855 3527 952 3581 per
984 3512 1270 3583 passiones
1295 3514 1539 3569 easdem.
1574 3514 1717 3581 Quid
1752 3516 1901 3570 enim
1925 3518 2074 3573 aliud

492 3603 657 3658 docet
682 3619 916 3674 magnus
943 3620 1135 3661 revera
1162 3607 1443 3677 magister,
1476 3606 1705 3662 dicens:
1743 3629 1760 3660 ι
1796 3608 2076 3680 Fatigatus

483 3700 591 3758 est,
622 3692 765 3748 fame
796 3694 1030 3750 affectus
1054 3706 1157 3760 est,
1186 3696 1275 3750 siti
1310 3696 1603 3761 laboravit,
1634 3706 1867 3752 mortem
1897 3715 2067 3768 expa-

481 3785 585 3850 vit,
636 3785 905 3857 lacrymas
953 3788 1139 3843 emisit
1171 3789 1281 3842 ﬂ?»
1343 3789 1597 3859 corporis
1636 3790 1899 3845 nimirum
1957 3792 2074 3847 haec

481 3887 644 3931 erant
681 3880 889 3945 omnia,
948 3881 1227 3951 simulque
1289 3882 1439 3937 clara
1499 3881 1899 3937 demonstratio
1958 3894 2071 3938 tum

479 3969 715 4027 allectus
746 3972 972 4029 minime
1014 3974 1229 4038 inertis,
1296 3989 1512 4029 necnon
1560 3974 1827 4028 indicium
1862 3976 2071 4031 conde-

480 4061 789 4118 scensionis
816 4079 945 4136 erga
971 4079 1273 4119 conservos
1298 4073 1353 4118 et
1405 4078 1615 4118 servos.
1648 4063 1917 4119 Dominus
1943 4066 2069 4136 qui-

478 4153 604 4209 dem
643 4162 700 4209 et
726 4164 923 4210 natura
954 4150 1060 4209 fuit
1093 4165 1150 4210 et
1195 4154 1517 4225 permansit,
1565 4154 1661 4208 sed
1704 4162 1929 4223 propter
1961 4171 2067 4220 me,

476 4245 574 4314 qui
606 4255 803 4301 natura
831 4262 1028 4302 servus
1057 4261 1235 4317 eram,
1264 4245 1441 4299 factus
1479 4255 1564 4299 est
1615 4260 1831 4308 servus,
1877 4257 1938 4301 ut
1980 4264 2069 4304 me

474 4333 597 4402 ejus
628 4332 835 4390 faceret
860 4334 1170 4399 dominum,
1205 4333 1298 4403 qui
1339 4349 1439 4403 per
1477 4333 1727 4388 fraudem
1779 4339 2062 4407 tyrannica

476 4423 614 4478 mihi
638 4425 1052 4480 dominabatur.
1083 4426 1316 4495 Propter
1349 4426 1455 4479 hoc
1495 4426 1751 4481 servilem
1782 4428 2058 4485 conditio-
2097 4414 2143 4470 Ῑ)

474 4517 601 4570 dem
634 4518 1064 4583 administravit,
1102 4528 1161 4572 ut
1203 4517 1492 4582 Dominus,
1546 4518 1652 4574 hoc
1703 4530 1789 4575 est
1836 4538 2062 4579 carnem

475 4607 950 4675 exaltavitDeus;
1010 4609 1196 4678 itaque
1240 4607 1544 4677 potentiam
1581 4609 1981 4680 impassibilem
2008 4624 2063 4669 et

476 4697 639 4768 plane
663 4698 946 4754 dominam
978 4700 1143 4755 etiam
1182 4701 1237 4755 in
1279 4717 1443 4756 carne
1496 4701 1916 4770 demonstravit,
1942 4723 2065 4777 quae

476 4804 575 4859 per
606 4791 924 4859 passionem
960 4808 1182 4848 omnem
1205 4793 1457 4848 aboleret
1478 4794 1915 4864 corruptionem,
1935 4815 2068 4868 νει-ο.

475 4894 585 4948 que
625 4891 860 4935 mortem
894 4890 1116 4951 pareret
1143 4882 1533 4936 immortalem.
1564 4884 1778 4939 Rursus
1802 4892 2063 4956 tanquam

475 4985 673 5025 servus
703 4971 926 5026 Domini
986 4980 1175 5042 partes
1217 4973 1648 5040 administravit,
1688 4977 1863 5031 Deum
1913 4996 1973 5035 se
2010 4980 2066 5035 in

475 5073 702 5113 carnem
736 5060 1055 5127 demittens,
1098 5062 1435 5117 ineffabilem
1478 5063 1928 5123 humiliationem
1968 5071 2067 5127 de-

476 5149 727 5215 claravit,
756 5166 854 5221 per
888 5168 1053 5222 quam
1104 5154 1381 5209 deiﬁeavit
1444 5170 1620 5223 genus
1664 5165 1917 5213 nostrum
1944 5166 2069 5221 uni-

475 5254 720 5309 versum,
753 5244 807 5299 in
834 5261 1000 5301 carne
1029 5246 1274 5315 passibili
1300 5287 1314 5311 ,
1344 5247 1492 5316 quod
1520 5262 1615 5317 per
1649 5253 2067 5320 corruptionem

2181 3151 2275 3204 καὶ
2304 3149 2599 3221 ἡγωνίασε,
2624 3149 2719 3201 καὶ
2770 3147 3036 3218 ἐδάκρυσε
3069 3165 3087 3196 ι
3133 3145 3285 3215 νόμῳ
3328 3143 3604 3214 σώματος,
3633 3144 3664 3196 ὃ
3700 3145 3768 3216 δὴ

2181 3241 2354 3312 σαφὴς
2385 3239 2647 3311 ἐνεργοῦς
2678 3242 2827 3293 ἐστιν
2857 3237 3135 3301 ἀπόδειξις
3186 3235 3509 3303 διαθέσεως,
3536 3238 3634 3289 καὶ
3661 3236 3768 3307 τῆς

2179 3335 2317 3406 πρὸς
2346 3333 2473 3398 τοὺς
2502 3329 2828 3404 ὁμοδούλους
2853 3347 2913 3383 τε
2942 3329 3035 3382 καὶ
3066 3328 3284 3391 δούλους
3311 3329 3619 3399 τεκμήριον
3636 3344 3770 3397 συγ-

2178 3425 2553 3489 καταὸάσεως.
2621 3422 2899 3492 Δεσπότης
2942 3419 3052 3490 γάρ
3106 3419 3267 3488 φύσει
3314 3420 3621 3490 μεμένηκε,
3672 3421 3769 3473 καὶ

2177 3518 2364 3581 δοῦλος
2389 3518 2456 3571 δι’
2484 3517 2582 3588 ἐμὲ
2612 3517 2704 3568 τὸν
2736 3514 2899 3582 φύσει
2928 3510 3112 3565 δοῦλον
3138 3512 3460 3580 γενόμενος,
3489 3512 3579 3565 ἴνα
3609 3513 3767 3579 ποιή-

2178 3627 2248 3683 σῃ
2269 3612 2312 3642 ⁵⁷
2348 3608 2617 3680 δεσπότην
2669 3605 2764 3660 τοῦ
2795 3606 2864 3659 δι’
2895 3605 3112 3671 ἀπάτης
3169 3603 3518 3675 τυραννικῶς
3549 3604 3768 3674 κυριεύ-

2178 3720 2391 3765 σαντος,
2421 3700 2510 3753 διὰ
2553 3698 2709 3752 τοῦτο
2734 3697 2804 3751 τὰ
2837 3695 2936 3766 μὲν
2970 3693 3195 3747 δουλικὰ
3231 3693 3578 3755 δεσποτικῶς
3613 3695 3766 3764 ὲνερ-

2175 3797 2311 3864 γῶν,
2347 3793 2598 3847 τουτέστι
2631 3790 2700 3844 τὰ
2749 3789 2992 3860 σαρκικὰ
3046 3785 3271 3850 θεῖκῶς,
3325 3786 3426 3857 τὴν
3460 3785 3648 3854 ἀπαθῆ
3675 3785 3766 3838 καὶ

2176 3886 2335 3955 φύσει
2389 3883 2766 3946 δεσπόζουσαν
2811 3882 2870 3933 έν
2920 3880 3033 3941 τοῖς
3078 3878 3369 3945 σαρκικοῖς
3419 3877 3767 3930 ἐπεδείκνυτο

2173 3976 2424 4044 δύναμιν,
2452 3973 2640 4043 (109
2675 3974 2729 4039 a)
2763 3971 2853 4024 διὰ
2890 3970 3117 4035 πάθους,
3152 3967 3255 4041 τὴν
3308 3967 3528 4041 φθορὰν
3573 3967 3764 4037 ἀφανί-

2174 4069 2395 4134 ζουσαν,
2453 4068 2548 4120 καὶ
2594 4066 2681 4119 διὰ
2714 4064 2943 4117 θανάτου
2996 4063 3140 4130 ζωὴν
3178 4062 3634 4133 δημιουργοῦσαν
3673 4063 3762 4114 ἀν-

2171 4160 2408 4231 ώλεθρον
2424 4158 2492 4220 ³⁸,
2524 4157 2591 4211 τὰ
2609 4155 2904 4209 δεσποτικὰ
2930 4154 2987 4207 δὲ
3016 4153 3278 4223 πράττων
3301 4153 3596 4217 δουλικῶς,
3618 4170 3766 4206 τουτ-

2172 4248 2382 4304 έστιτὰ
2415 4246 2535 4299 θεῖα
2594 4246 2639 4277 ⁵³
2693 4241 2994 4313 σαρκικῶς,
3030 4241 3128 4311 τὴν
3177 4241 3391 4311 ἄφατον
3434 4242 3765 4295 ἐνεδείκνυτο

2171 4343 2429 4402 κένωσιν,
2469 4336 2556 4391 διὰ
2617 4335 2826 4405 σαρκὸς
2872 4332 3125 4402 παθητῆς
3176 4332 3241 4384 τὸ
3291 4334 3459 4399 γένος
3508 4333 3656 4387 ἅπαν
3699 4334 3761 4400 τῇ

2173 4433 2349 4503 φθορᾷ
2377 4429 2584 4499 γεωθὲν
2632 4424 3026 4495 θεουργοῦσαν.
3065 4424 3144 4495 Τῇ
3205 4424 3319 4494 γὰρ
3353 4426 3571 4478 τούτων
3600 4423 3762 4477 ἐπαλ-

2172 4525 2312 4594 λαγῇ
2347 4521 2532 4591 σαφῶς
2568 4518 2858 4572 ὲπιστοῦτο
2885 4517 2983 4579 τάς
3014 4533 3070 4569 τε
3108 4515 3304 4585 φύσεις
3337 4509 3416 4569 ὧν
3443 4517 3611 4579 αὐτὸς
3642 4515 3771 4568 ὑπό-

2175 4632 2361 4678 στασις
2413 4609 2503 4684 ἦν,
2562 4612 2656 4665 καὶ
2718 4611 2816 4674 τὰς
2871 4608 3050 4663 αὐτῶν
3097 4608 3385 4670 οὑσιώδεις
3462 4611 3766 4680 ἐνεργείας,

2173 4709 2340 4779 ἧγουν
2371 4707 2634 4776 κινήσεις,
2667 4699 2742 4756 ὧν
2778 4704 2940 4765 αὐτὸς
2976 4701 3173 4763 ἓνωσις
3200 4696 3269 4771 ἦν
3304 4700 3646 4771 ἁσύγχυτος,
3698 4701 3770 4771 μὴ

2171 4799 2436 4870 δεχομένη
2466 4797 2731 4867 διαίρεσιν
2765 4795 2885 4849 κατ’
2931 4794 3099 4864 ἄμφω
3130 4792 3231 4856 τὰς
3265 4793 3470 4862 φύσεις
3504 4788 3583 4848 ὧν
3612 4795 3773 4856 αὐτὸς

2174 4890 2470 4951 ὑπόστασις
2498 4883 2587 4957 ἦν,
2636 4886 2796 4959 εἴπερ
2849 4884 3024 4954 ἑαυτῷ
3076 4883 3384 4953 προσφυῶς
3445 4885 3774 4955 μοναδικῶς,

2173 4982 2453 5036 τουτέστιν
2494 4978 2744 5042 ένοειδῶς
2774 4977 3014 5048 ἐνεργῶν
3049 4976 3116 5042 ⁶⁰,
3147 4976 3245 5028 καὶ
3292 4976 3362 5028 δι’
3391 4977 3638 5031 ἑκάστου
3667 4975 3778 5030 τῶν

2176 5074 2267 5127 ὑπ’
2298 5070 2464 5125 αὑτοῦ
2504 5069 2805 5139 γινομένων
2839 5070 2906 5139 τῇ
2930 5066 3158 5136 δυνάμει
3192 5065 3298 5136 τῆς
3346 5068 3557 5121 ἑαυτοῦ
3587 5068 3775 5136 θεότη·

2174 5182 2265 5227 τος
2300 5161 2623 5233 ἀχωρίστως
2650 5161 3026 5228 συνεκφαίνων
3054 5157 3154 5226 τῆς
3182 5157 3399 5220 οἰκείας
3434 5160 3648 5229 σαρκὸς
3678 5159 3775 5229 τὴν

2177 5255 2479 5325 ἐνέργειαν.
2515 5250 2692 5305 Αὑτοῦ
2731 5250 2840 5321 γὰρ
2879 5250 2996 5313 ἐνὸς
3022 5248 3177 5311 ὄντος
3220 5249 3383 5302 οὐδὲν
3414 5251 3773 5324 ένικώτερον,

544 5377 747 5436 ‘Joan.
775 5398 848 5448 iv,
873 5383 906 5436 6
940 5400 954 5447 ;
989 5382 1182 5437 Matth.
1219 5400 1293 5449 ιν,
1334 5382 1406 5448 2;
1439 5383 1596 5438 Joan.
1633 5402 1744 5453 xxx,
1772 5387 1873 5453 ‘28;
1894 5392 2032 5457 Luc,
2078 5411 2230 5456 xxiii,
2259 5393 2365 5459 46;
2398 5393 2559 5448 Joan.
2586 5406 2661 5451 x1,
2686 5389 2775 5444 55.

1762 5499 2005 5563 VARUS
2038 5507 2445 5563 LECTIONES.

556 5582 978 5657 ⁵*ζιὶινθριυπίνην
1007 5590 1095 5645 ed.
1127 5592 1247 5647 Gal.

477 5650 568 5706 ed.
596 5650 745 5705 Gulf
805 5657 850 5687 ⁸³³
881 5650 1039 5713 θέῖκὰ
1061 5661 1148 5716 ed.
1177 5662 1293 5717 Gal.

480 5721 699 5791 scripsit
729 5723 987 5795 ἐνεργῶν.

1334 5592 1703 5666 "tingamus:
1727 5598 1817 5653 ed.
1846 5600 1967 5657 Gal.
2045 5604 2093 5636 "
2125 5605 2254 5666 ἴσως
2278 5606 2401 5660 cod.
2457 5605 2599 5661 Gud.

1391 5664 1433 5693 ⁶⁰
1464 5664 1520 5718 In
1546 5664 1667 5721 cod.
1699 5668 1839 5724 Gud.
1874 5676 2143 5745 scriptum
2170 5664 2409 5745 ὲνῇργει,
2461 5676 2554 5731 sed
2588 5674 2779 5729 eadem
2818 5664 3010 5727 manus
3038 5670 3241 5726 litteris
3270 5673 3659 5743 superpositis
3686 5664 3778 5724 rc—

2702 5604 2747 5635 ⁸⁷
2812 5599 3146 5672 ποιήσειρᾶ.
3181 5600 3307 5656 Gal.
3401 5601 3450 5634 ⁵³
3478 5599 3777 5670 ἀνόλεθρον
