  <div class='ocr_page' id='page_1' title='image "/cluster/home/n/w/nwhite01/storage/ocr_20150623/91/mdp.39015022223195/524.png"; bbox 0 0 4066 6150; ppageno 0'>
   <div class='ocr_carea' id='block_1_1' title="bbox 446 200 581 268">
    <p class='ocr_par' dir='ltr' id='par_1_1' title="bbox 446 200 581 268">
     <span class='ocr_line' id='line_1_1' title="bbox 446 200 581 268; baseline 0.007 -1"><span class='ocrx_word' id='word_1_1' title='bbox 446 200 581 268; x_wconf 77' lang='grc'><strong>1045</strong></span> 
     </span>
    </p>
   </div>
   <div class='ocr_carea' id='block_1_2' title="bbox 1672 217 2483 284">
    <p class='ocr_par' dir='ltr' id='par_1_2' title="bbox 1672 217 2483 284">
     <span class='ocr_line' id='line_1_2' title="bbox 1672 217 2483 284; baseline 0.011 -9"><span class='ocrx_word' id='word_1_2' title='bbox 1672 217 2192 281; x_wconf 82' lang='lat' dir='ltr'><strong>AMBIGUORUM</strong></span> <span class='ocrx_word' id='word_1_3' title='bbox 2229 222 2483 284; x_wconf 82' lang='lat' dir='ltr'><strong>LIBER.</strong></span> 
     </span>
    </p>
   </div>
   <div class='ocr_carea' id='block_1_3' title="bbox 3557 234 3720 305">
    <p class='ocr_par' dir='ltr' id='par_1_3' title="bbox 3557 234 3720 305">
     <span class='ocr_line' id='line_1_3' title="bbox 3557 234 3720 305; baseline 0.043 -7"><span class='ocrx_word' id='word_1_4' title='bbox 3557 234 3720 305; x_wconf 58' lang='lat'><strong>1046&quot;</strong></span> 
     </span>
    </p>
   </div>
   <div class='ocr_carea' id='block_1_4' title="bbox 438 311 2023 407">
    <p class='ocr_par' dir='ltr' id='par_1_4' title="bbox 438 311 2020 395">
     <span class='ocr_line' id='line_1_4' title="bbox 438 311 2020 395; baseline 0.007 -28"><span class='ocrx_word' id='word_1_5' title='bbox 438 314 548 367; x_wconf 77' lang='grc' dir='ltr'>οὐδ’</span> <span class='ocrx_word' id='word_1_6' title='bbox 577 311 741 368; x_wconf 78' lang='grc' dir='ltr'>αὑτοῦ</span> <span class='ocrx_word' id='word_1_7' title='bbox 775 313 935 368; x_wconf 79' lang='grc' dir='ltr'>πάλιν</span> <span class='ocrx_word' id='word_1_8' title='bbox 965 313 1072 367; x_wconf 87' lang='grc' dir='ltr'><strong>τῶν</strong></span> <span class='ocrx_word' id='word_1_9' title='bbox 1102 314 1297 372; x_wconf 79' lang='grc' dir='ltr'>ἑαυτοῦ</span> <span class='ocrx_word' id='word_1_10' title='bbox 1327 317 1608 385; x_wconf 67' lang='grc' dir='ltr'>παντελῶς</span> <span class='ocrx_word' id='word_1_11' title='bbox 1635 321 1958 393; x_wconf 76' lang='grc' dir='ltr'>ἑνικώτερον</span> <span class='ocrx_word' id='word_1_12' title='bbox 1987 324 2020 395; x_wconf 84' lang='grc' dir='ltr'>ἢ</span> 
     </span>
    </p>
   </div>
   <div class='ocr_carea' id='block_1_5' title="bbox 2126 311 3697 407">
    <p class='ocr_par' dir='ltr' id='par_1_5' title="bbox 2126 325 3697 407">
     <span class='ocr_line' id='line_1_5' title="bbox 2126 325 3697 407; baseline 0.011 -26"><span class='ocrx_word' id='word_1_13' title='bbox 2126 325 2178 381; x_wconf 91' lang='lat' dir='ltr'><strong>in</strong></span> <span class='ocrx_word' id='word_1_14' title='bbox 2208 336 2455 385; x_wconf 84' lang='lat' dir='ltr'><strong>terrenas</strong></span> <span class='ocrx_word' id='word_1_15' title='bbox 2474 332 2668 388; x_wconf 82' lang='lat' dir='ltr'><strong>sordes</strong></span> <span class='ocrx_word' id='word_1_16' title='bbox 2697 333 2859 403; x_wconf 84' lang='lat' dir='ltr'><strong>plane</strong></span> <span class='ocrx_word' id='word_1_17' title='bbox 2911 333 3362 407; x_wconf 81' lang='lat' dir='ltr'><strong>degeneraverat.</strong></span> <span class='ocrx_word' id='word_1_18' title='bbox 3399 340 3510 396; x_wconf 85' lang='lat' dir='ltr'><strong>llac</strong></span> <span class='ocrx_word' id='word_1_19' title='bbox 3546 345 3697 398; x_wconf 89' lang='lat' dir='ltr'><strong>enim</strong></span> 
     </span>
    </p>
   </div>
   <div class='ocr_carea' id='block_1_6' title="bbox 440 403 2019 484">
    <p class='ocr_par' dir='ltr' id='par_1_6' title="bbox 440 403 2019 484">
     <span class='ocr_line' id='line_1_6' title="bbox 440 403 2019 484; baseline 0.004 -27"><span class='ocrx_word' id='word_1_20' title='bbox 440 403 874 476; x_wconf 85' lang='grc' dir='ltr'>σωστικώτερον.</span> <span class='ocrx_word' id='word_1_21' title='bbox 906 405 1005 458; x_wconf 86' lang='grc' dir='ltr'><strong>Διὰ</strong></span> <span class='ocrx_word' id='word_1_22' title='bbox 1025 404 1186 459; x_wconf 79' lang='grc' dir='ltr'>τοῦτο</span> <span class='ocrx_word' id='word_1_23' title='bbox 1217 406 1315 459; x_wconf 76' lang='grc' dir='ltr'>καὶ</span> <span class='ocrx_word' id='word_1_24' title='bbox 1344 407 1570 477; x_wconf 80' lang='grc' dir='ltr'><strong>πάσχων</strong></span> <span class='ocrx_word' id='word_1_25' title='bbox 1607 409 1741 474; x_wconf 85' lang='grc' dir='ltr'>Θεὸς</span> <span class='ocrx_word' id='word_1_26' title='bbox 1784 407 1852 482; x_wconf 77' lang='grc' dir='ltr'>ἦν</span> <span class='ocrx_word' id='word_1_27' title='bbox 1884 414 2019 484; x_wconf 79' lang='grc' dir='ltr'>ἀλη-</span> 
     </span>
    </p>
   </div>
   <div class='ocr_carea' id='block_1_7' title="bbox 439 495 2022 577">
    <p class='ocr_par' dir='ltr' id='par_1_7' title="bbox 439 495 2022 577">
     <span class='ocr_line' id='line_1_7' title="bbox 439 495 2022 577; baseline 0.006 -27"><span class='ocrx_word' id='word_1_28' title='bbox 439 497 571 561; x_wconf 89' lang='grc' dir='ltr'>θῶς,</span> <span class='ocrx_word' id='word_1_29' title='bbox 607 498 703 551; x_wconf 77' lang='grc' dir='ltr'>καὶ</span> <span class='ocrx_word' id='word_1_30' title='bbox 731 497 1165 568; x_wconf 83' lang='grc' dir='ltr'>θαυματουργῶν</span> <span class='ocrx_word' id='word_1_31' title='bbox 1201 498 1491 568; x_wconf 72' lang='grc' dir='ltr'>ἄνθρωπος</span> <span class='ocrx_word' id='word_1_32' title='bbox 1522 495 1591 571; x_wconf 80' lang='grc' dir='ltr'>ἦν</span> <span class='ocrx_word' id='word_1_33' title='bbox 1620 503 1649 556; x_wconf 87' lang='grc' dir='ltr'>ὀ</span> <span class='ocrx_word' id='word_1_34' title='bbox 1676 504 1842 566; x_wconf 81' lang='grc' dir='ltr'>αὐτὸς</span> <span class='ocrx_word' id='word_1_35' title='bbox 1888 506 2022 577; x_wconf 79' lang='grc' dir='ltr'>ἀλη-</span> 
     </span>
    </p>
   </div>
   <div class='ocr_carea' id='block_1_8' title="bbox 439 588 2021 669">
    <p class='ocr_par' dir='ltr' id='par_1_8' title="bbox 439 588 2021 669">
     <span class='ocr_line' id='line_1_8' title="bbox 439 588 2021 669; baseline 0.007 -28"><span class='ocrx_word' id='word_1_36' title='bbox 439 588 570 653; x_wconf 89' lang='grc' dir='ltr'>θῶς,</span> <span class='ocrx_word' id='word_1_37' title='bbox 602 590 687 642; x_wconf 83' lang='grc' dir='ltr'>ὅτι</span> <span class='ocrx_word' id='word_1_38' title='bbox 730 591 825 643; x_wconf 77' lang='grc' dir='ltr'>καὶ</span> <span class='ocrx_word' id='word_1_39' title='bbox 879 589 1098 658; x_wconf 80' lang='grc' dir='ltr'><strong>φύσεων</strong></span> <span class='ocrx_word' id='word_1_40' title='bbox 1132 590 1350 660; x_wconf 82' lang='grc' dir='ltr'><strong>ἀληθῶν</strong></span> <span class='ocrx_word' id='word_1_41' title='bbox 1381 592 1507 647; x_wconf 81' lang='grc' dir='ltr'>καθ’</span> <span class='ocrx_word' id='word_1_42' title='bbox 1547 593 1746 649; x_wconf 75' lang='grc' dir='ltr'>ἕνωσιν</span> <span class='ocrx_word' id='word_1_43' title='bbox 1781 595 2021 669; x_wconf 79' lang='grc' dir='ltr'>ᾶρῤητον</span> 
     </span>
    </p>
   </div>
   <div class='ocr_carea' id='block_1_9' title="bbox 440 669 2021 760">
    <p class='ocr_par' dir='ltr' id='par_1_9' title="bbox 440 669 2021 760">
     <span class='ocr_line' id='line_1_9' title="bbox 440 669 2021 760; baseline 0.006 -26"><span class='ocrx_word' id='word_1_44' title='bbox 440 682 741 746; x_wconf 78' lang='grc' dir='ltr'><strong>ὑπόστασις</strong></span> <span class='ocrx_word' id='word_1_45' title='bbox 765 678 834 753; x_wconf 79' lang='grc' dir='ltr'>ἦν</span> <span class='ocrx_word' id='word_1_46' title='bbox 866 669 1092 754; x_wconf 78' lang='grc' dir='ltr'>ἀληθής.</span> <span class='ocrx_word' id='word_1_47' title='bbox 1120 678 1220 745; x_wconf 60' lang='lat' dir='ltr'><strong>Ait;</strong></span> <span class='ocrx_word' id='word_1_48' title='bbox 1245 684 1601 756; x_wconf 83' lang='grc' dir='ltr'>καταλλήλως</span> <span class='ocrx_word' id='word_1_49' title='bbox 1628 704 1688 740; x_wconf 88' lang='grc' dir='ltr'><strong>τε</strong></span> <span class='ocrx_word' id='word_1_50' title='bbox 1721 688 1817 740; x_wconf 65' lang='grc' dir='ltr'><strong>καὶ¹</strong></span> <span class='ocrx_word' id='word_1_51' title='bbox 1850 706 2021 760; x_wconf 88' lang='grc' dir='ltr'>προσ-</span> 
     </span>
    </p>
   </div>
   <div class='ocr_carea' id='block_1_10' title="bbox 441 769 2019 849">
    <p class='ocr_par' dir='ltr' id='par_1_10' title="bbox 441 769 2019 849">
     <span class='ocr_line' id='line_1_10' title="bbox 441 769 2019 849; baseline 0.008 -29"><span class='ocrx_word' id='word_1_52' title='bbox 441 769 593 839; x_wconf 88' lang='grc' dir='ltr'>φυῶς</span> <span class='ocrx_word' id='word_1_53' title='bbox 617 770 854 849; x_wconf 69' lang='grc' dir='ltr'>ἐνεργῶν</span> <span class='ocrx_word' id='word_1_54' title='bbox 879 770 1152 825; x_wconf 78' lang='grc' dir='ltr'><strong>ἐδείκνυτο</strong></span> <span class='ocrx_word' id='word_1_55' title='bbox 1185 770 1374 836; x_wconf 76' lang='grc' dir='ltr'>σώζων</span> <span class='ocrx_word' id='word_1_56' title='bbox 1405 773 1576 838; x_wconf 67' lang='grc' dir='ltr'>αὐτὲις</span> <span class='ocrx_word' id='word_1_57' title='bbox 1607 775 1823 847; x_wconf 81' lang='grc' dir='ltr'>ἀληθῶς</span> <span class='ocrx_word' id='word_1_58' title='bbox 1847 779 2019 848; x_wconf 72' lang='grc' dir='ltr'>ἀσυγο</span> 
     </span>
    </p>
   </div>
   <div class='ocr_carea' id='block_1_11' title="bbox 441 859 2019 939">
    <p class='ocr_par' dir='ltr' id='par_1_11' title="bbox 441 859 2019 939">
     <span class='ocr_line' id='line_1_11' title="bbox 441 859 2019 939; baseline 0.008 -27"><span class='ocrx_word' id='word_1_59' title='bbox 441 859 643 929; x_wconf 81' lang='grc' dir='ltr'>κύτους</span> <span class='ocrx_word' id='word_1_60' title='bbox 677 862 721 894; x_wconf 75' lang='grc'>⁸⁸</span> <span class='ocrx_word' id='word_1_61' title='bbox 759 862 1065 933; x_wconf 76' lang='grc' dir='ltr'>σωζόμενος</span> <span class='ocrx_word' id='word_1_62' title='bbox 1094 879 1108 893; x_wconf 91' lang='grc'><strong>·</strong></span> <span class='ocrx_word' id='word_1_63' title='bbox 1160 863 1320 934; x_wconf 74' lang='grc' dir='ltr'>εἴπερ</span> <span class='ocrx_word' id='word_1_64' title='bbox 1348 865 1567 935; x_wconf 82' lang='grc' dir='ltr'>ἀπαθὴς</span> <span class='ocrx_word' id='word_1_65' title='bbox 1601 869 1879 939; x_wconf 86' lang='grc' dir='ltr'>μεμένηκε</span> <span class='ocrx_word' id='word_1_66' title='bbox 1914 869 2019 938; x_wconf 86' lang='grc' dir='ltr'><strong>φύ-</strong></span> 
     </span>
    </p>
   </div>
   <div class='ocr_carea' id='block_1_12' title="bbox 444 953 2020 1032">
    <p class='ocr_par' dir='ltr' id='par_1_12' title="bbox 444 953 2020 1032">
     <span class='ocr_line' id='line_1_12' title="bbox 444 953 2020 1032; baseline 0.008 -28"><span class='ocrx_word' id='word_1_67' title='bbox 444 969 527 1005; x_wconf 90' lang='grc' dir='ltr'><strong>σει</strong></span> <span class='ocrx_word' id='word_1_68' title='bbox 562 953 658 1006; x_wconf 81' lang='grc' dir='ltr'>καὶ</span> <span class='ocrx_word' id='word_1_69' title='bbox 688 954 950 1022; x_wconf 81' lang='grc' dir='ltr'><strong>παθητὸς,</strong></span> <span class='ocrx_word' id='word_1_70' title='bbox 999 954 1266 1020; x_wconf 82' lang='grc' dir='ltr'>ἀθάνατος</span> <span class='ocrx_word' id='word_1_71' title='bbox 1308 956 1404 1010; x_wconf 72' lang='grc' dir='ltr'>καὶ</span> <span class='ocrx_word' id='word_1_72' title='bbox 1437 957 1649 1028; x_wconf 87' lang='grc' dir='ltr'>θνητὸς,</span> <span class='ocrx_word' id='word_1_73' title='bbox 1683 960 1880 1032; x_wconf 84' lang='grc' dir='ltr'>ὁρατὸς</span> <span class='ocrx_word' id='word_1_74' title='bbox 1926 962 2020 1016; x_wconf 80' lang='grc' dir='ltr'>καὶ</span> 
     </span>
    </p>
   </div>
   <div class='ocr_carea' id='block_1_13' title="bbox 443 1043 2023 1122">
    <p class='ocr_par' dir='ltr' id='par_1_13' title="bbox 443 1043 2023 1122">
     <span class='ocr_line' id='line_1_13' title="bbox 443 1043 2023 1122; baseline 0.009 -27"><span class='ocrx_word' id='word_1_75' title='bbox 443 1043 751 1114; x_wconf 78' lang='grc' dir='ltr'>νοούμενος,</span> <span class='ocrx_word' id='word_1_76' title='bbox 779 1046 856 1107; x_wconf 87' lang='grc' dir='ltr'><strong>ὡς</strong></span> <span class='ocrx_word' id='word_1_77' title='bbox 886 1045 1049 1114; x_wconf 81' lang='grc' dir='ltr'>φύσει</span> <span class='ocrx_word' id='word_1_78' title='bbox 1076 1046 1212 1110; x_wconf 83' lang='grc' dir='ltr'><strong>Θεὸς</strong></span> <span class='ocrx_word' id='word_1_79' title='bbox 1245 1048 1340 1102; x_wconf 77' lang='grc' dir='ltr'>καὶ</span> <span class='ocrx_word' id='word_1_80' title='bbox 1367 1048 1527 1118; x_wconf 82' lang='grc' dir='ltr'>φύσει</span> <span class='ocrx_word' id='word_1_81' title='bbox 1551 1051 1838 1122; x_wconf 75' lang='grc' dir='ltr'>ἄνθρωπος</span> <span class='ocrx_word' id='word_1_82' title='bbox 1870 1055 1899 1107; x_wconf 83' lang='grc' dir='ltr'>ὁ</span> <span class='ocrx_word' id='word_1_83' title='bbox 1922 1056 2023 1109; x_wconf 77' lang='grc' dir='ltr'><strong>αὖ·</strong></span> 
     </span>
    </p>
   </div>
   <div class='ocr_carea' id='block_1_14' title="bbox 441 1132 2022 1214">
    <p class='ocr_par' dir='ltr' id='par_1_14' title="bbox 441 1132 2022 1214">
     <span class='ocr_line' id='line_1_14' title="bbox 441 1132 2022 1214; baseline 0.009 -29"><span class='ocrx_word' id='word_1_84' title='bbox 441 1134 553 1195; x_wconf 85' lang='grc' dir='ltr'>τός.</span> <span class='ocrx_word' id='word_1_85' title='bbox 584 1133 740 1187; x_wconf 77' lang='grc' dir='ltr'>Οὕτω</span> <span class='ocrx_word' id='word_1_86' title='bbox 763 1135 807 1167; x_wconf 82' lang='grc'><strong><em>⁶²</em></strong></span> <span class='ocrx_word' id='word_1_87' title='bbox 839 1135 939 1207; x_wconf 77' lang='grc' dir='ltr'>μὲν</span> <span class='ocrx_word' id='word_1_88' title='bbox 967 1132 1080 1200; x_wconf 87' lang='grc' dir='ltr'>οὗν,</span> <span class='ocrx_word' id='word_1_89' title='bbox 1120 1140 1241 1191; x_wconf 81' lang='grc' dir='ltr'>κατ’</span> <span class='ocrx_word' id='word_1_90' title='bbox 1273 1139 1373 1209; x_wconf 78' lang='grc' dir='ltr'><strong>ἐμὲ</strong></span> <span class='ocrx_word' id='word_1_91' title='bbox 1419 1141 1607 1208; x_wconf 80' lang='grc' dir='ltr'>φάναι,</span> <span class='ocrx_word' id='word_1_92' title='bbox 1630 1145 1768 1214; x_wconf 78' lang='grc' dir='ltr'>τιμᾷ</span> <span class='ocrx_word' id='word_1_93' title='bbox 1794 1144 1894 1214; x_wconf 86' lang='grc' dir='ltr'>τὴν</span> <span class='ocrx_word' id='word_1_94' title='bbox 1921 1145 2022 1198; x_wconf 72' lang='grc' dir='ltr'><strong>ὑπ-</strong></span> 
     </span>
    </p>
   </div>
   <div class='ocr_carea' id='block_1_15' title="bbox 441 1225 2019 1305">
    <p class='ocr_par' dir='ltr' id='par_1_15' title="bbox 441 1225 2019 1305">
     <span class='ocr_line' id='line_1_15' title="bbox 441 1225 2019 1305; baseline 0.007 -28"><span class='ocrx_word' id='word_1_95' title='bbox 441 1225 611 1294; x_wconf 75' lang='grc' dir='ltr'>ακοὴν</span> <span class='ocrx_word' id='word_1_96' title='bbox 632 1227 660 1277; x_wconf 88' lang='grc' dir='ltr'>ὁ</span> <span class='ocrx_word' id='word_1_97' title='bbox 690 1225 852 1295; x_wconf 90' lang='grc' dir='ltr'>φύσει</span> <span class='ocrx_word' id='word_1_98' title='bbox 876 1228 1175 1300; x_wconf 77' lang='grc' dir='ltr'>Δεσπότης,</span> <span class='ocrx_word' id='word_1_99' title='bbox 1192 1230 1286 1283; x_wconf 81' lang='grc' dir='ltr'>καὶ</span> <span class='ocrx_word' id='word_1_100' title='bbox 1317 1232 1575 1301; x_wconf 81' lang='grc' dir='ltr'>πειρᾶται</span> <span class='ocrx_word' id='word_1_101' title='bbox 1607 1231 1811 1305; x_wconf 81' lang='grc' dir='ltr'>ταύτης</span> <span class='ocrx_word' id='word_1_102' title='bbox 1832 1234 1898 1288; x_wconf 72' lang='grc' dir='ltr'>ἐκ</span> <span class='ocrx_word' id='word_1_103' title='bbox 1923 1233 2019 1288; x_wconf 81' lang='grc' dir='ltr'>τοῦ</span> 
     </span>
    </p>
   </div>
   <div class='ocr_carea' id='block_1_16' title="bbox 443 1315 2021 1393">
    <p class='ocr_par' dir='ltr' id='par_1_16' title="bbox 443 1315 2021 1393">
     <span class='ocr_line' id='line_1_16' title="bbox 443 1315 2021 1393; baseline 0.008 -26"><span class='ocrx_word' id='word_1_104' title='bbox 443 1315 663 1380; x_wconf 79' lang='grc' dir='ltr'><strong>παθεῖν,</strong></span> <span class='ocrx_word' id='word_1_105' title='bbox 696 1319 794 1386; x_wconf 79' lang='grc' dir='ltr'>οὐχ</span> <span class='ocrx_word' id='word_1_106' title='bbox 822 1318 912 1371; x_wconf 75' lang='grc' dir='ltr'>ἵνα</span> <span class='ocrx_word' id='word_1_107' title='bbox 941 1318 1090 1391; x_wconf 75' lang='grc' dir='ltr'>σώσῃ</span> <span class='ocrx_word' id='word_1_108' title='bbox 1115 1320 1161 1351; x_wconf 81' lang='grc'>⁸³</span> <span class='ocrx_word' id='word_1_109' title='bbox 1195 1321 1357 1391; x_wconf 86' lang='grc' dir='ltr'>μόνον</span> <span class='ocrx_word' id='word_1_110' title='bbox 1389 1324 1504 1385; x_wconf 83' lang='grc' dir='ltr'>τοῖς</span> <span class='ocrx_word' id='word_1_111' title='bbox 1531 1323 1727 1376; x_wconf 80' lang='grc' dir='ltr'>ἑαυτοῦ</span> <span class='ocrx_word' id='word_1_112' title='bbox 1754 1324 1851 1393; x_wconf 85' lang='grc' dir='ltr'>τὴν</span> <span class='ocrx_word' id='word_1_113' title='bbox 1878 1324 2021 1379; x_wconf 68' lang='grc' dir='ltr'>ἄπαέ</span> 
     </span>
    </p>
   </div>
   <div class='ocr_carea' id='block_1_17' title="bbox 446 1407 2021 1487">
    <p class='ocr_par' dir='ltr' id='par_1_17' title="bbox 446 1407 2021 1487">
     <span class='ocr_line' id='line_1_17' title="bbox 446 1407 2021 1487; baseline 0.006 -29"><span class='ocrx_word' id='word_1_114' title='bbox 446 1425 546 1460; x_wconf 87' lang='grc' dir='ltr'><strong>σαν</strong></span> <span class='ocrx_word' id='word_1_115' title='bbox 577 1407 739 1477; x_wconf 80' lang='grc' dir='ltr'>φύσιν</span> <span class='ocrx_word' id='word_1_116' title='bbox 768 1409 1128 1481; x_wconf 80' lang='grc' dir='ltr'>ἀποκαθάρας</span> <span class='ocrx_word' id='word_1_117' title='bbox 1165 1412 1210 1444; x_wconf 68' lang='grc'>⁸⁸</span> <span class='ocrx_word' id='word_1_118' title='bbox 1242 1413 1338 1466; x_wconf 81' lang='grc' dir='ltr'><strong>τοῦ</strong></span> <span class='ocrx_word' id='word_1_119' title='bbox 1372 1414 1638 1487; x_wconf 85' lang='grc' dir='ltr'>χείρονος,</span> <span class='ocrx_word' id='word_1_120' title='bbox 1667 1415 1792 1470; x_wconf 84' lang='grc' dir='ltr'>ἀλλ’·</span> <span class='ocrx_word' id='word_1_121' title='bbox 1813 1416 1899 1470; x_wconf 82' lang='grc' dir='ltr'>ἵνα</span> <span class='ocrx_word' id='word_1_122' title='bbox 1929 1420 2021 1469; x_wconf 77' lang='grc' dir='ltr'>καὶ</span> 
     </span>
    </p>
   </div>
   <div class='ocr_carea' id='block_1_18' title="bbox 443 1498 2021 1580">
    <p class='ocr_par' dir='ltr' id='par_1_18' title="bbox 443 1498 2021 1580">
     <span class='ocr_line' id='line_1_18' title="bbox 443 1498 2021 1580; baseline 0.006 -30"><span class='ocrx_word' id='word_1_123' title='bbox 443 1498 541 1568; x_wconf 87' lang='grc' dir='ltr'>τὴν</span> <span class='ocrx_word' id='word_1_124' title='bbox 563 1500 841 1571; x_wconf 78' lang='grc' dir='ltr'><strong>ἡμετέραν</strong></span> <span class='ocrx_word' id='word_1_125' title='bbox 871 1501 1117 1574; x_wconf 81' lang='grc' dir='ltr'>ὑπακοὴν</span> <span class='ocrx_word' id='word_1_126' title='bbox 1140 1503 1436 1575; x_wconf 79' lang='grc' dir='ltr'><strong>δοκιμάσῃ,</strong></span> <span class='ocrx_word' id='word_1_127' title='bbox 1461 1507 1746 1576; x_wconf 83' lang='grc' dir='ltr'>μανθάνων</span> <span class='ocrx_word' id='word_1_128' title='bbox 1766 1510 1831 1578; x_wconf 81' lang='grc' dir='ltr'><strong>τῇ</strong></span> <span class='ocrx_word' id='word_1_129' title='bbox 1857 1507 2021 1580; x_wconf 85' lang='grc' dir='ltr'>πείρᾳ</span> 
     </span>
    </p>
   </div>
   <div class='ocr_carea' id='block_1_19' title="bbox 444 1588 2020 1669">
    <p class='ocr_par' dir='ltr' id='par_1_19' title="bbox 444 1588 2020 1669">
     <span class='ocr_line' id='line_1_19' title="bbox 444 1588 2020 1669; baseline 0.011 -31"><span class='ocrx_word' id='word_1_130' title='bbox 444 1588 554 1642; x_wconf 84' lang='grc' dir='ltr'><strong>τῶν</strong></span> <span class='ocrx_word' id='word_1_131' title='bbox 587 1589 873 1663; x_wconf 80' lang='grc' dir='ltr'>ἡμετέρων</span> <span class='ocrx_word' id='word_1_132' title='bbox 900 1591 970 1646; x_wconf 85' lang='grc' dir='ltr'><strong>τὰ</strong></span> <span class='ocrx_word' id='word_1_133' title='bbox 1011 1594 1138 1647; x_wconf 86' lang='grc' dir='ltr'>καθ’</span> <span class='ocrx_word' id='word_1_134' title='bbox 1171 1594 1341 1665; x_wconf 82' lang='grc' dir='ltr'>ἡμᾶς,</span> <span class='ocrx_word' id='word_1_135' title='bbox 1382 1598 1411 1650; x_wconf 82' lang='grc' dir='ltr'><strong>ὁ</strong></span> <span class='ocrx_word' id='word_1_136' title='bbox 1439 1599 1620 1652; x_wconf 79' lang='grc' dir='ltr'>πᾶσαν</span> <span class='ocrx_word' id='word_1_137' title='bbox 1647 1598 1850 1667; x_wconf 89' lang='grc' dir='ltr'>γνῶσιν</span> <span class='ocrx_word' id='word_1_138' title='bbox 1878 1601 1945 1669; x_wconf 73' lang='grc' dir='ltr'><strong>τῇ</strong></span> <span class='ocrx_word' id='word_1_139' title='bbox 1975 1599 2020 1630; x_wconf 81' lang='grc'><strong>⁸³</strong></span> 
     </span>
    </p>
   </div>
   <div class='ocr_carea' id='block_1_20' title="bbox 2081 421 3699 505">
    <p class='ocr_par' dir='ltr' id='par_1_20' title="bbox 2081 421 3699 505">
     <span class='ocr_line' id='line_1_20' title="bbox 2081 421 3699 505; baseline 0.012 -34"><span class='ocrx_word' id='word_1_140' title='bbox 2081 447 2085 451; x_wconf 81' lang='lat'><strong><em>~</em></strong></span> <span class='ocrx_word' id='word_1_141' title='bbox 2122 421 2621 478; x_wconf 75' lang='lat' dir='ltr'><strong>communicatione</strong></span> <span class='ocrx_word' id='word_1_142' title='bbox 2644 426 3045 495; x_wconf 75' lang='lat' dir='ltr'><strong>proprietatum</strong></span> <span class='ocrx_word' id='word_1_143' title='bbox 3070 438 3291 485; x_wconf 87' lang='lat' dir='ltr'><strong>constat</strong></span> <span class='ocrx_word' id='word_1_144' title='bbox 3328 449 3454 486; x_wconf 91' lang='lat' dir='ltr'><strong>eum</strong></span> <span class='ocrx_word' id='word_1_145' title='bbox 3493 445 3549 489; x_wconf 88' lang='lat' dir='ltr'><strong>et</strong></span> <span class='ocrx_word' id='word_1_146' title='bbox 3573 451 3699 505; x_wconf 88' lang='lat' dir='ltr'><strong>pos-</strong></span> 
     </span>
    </p>
   </div>
   <div class='ocr_carea' id='block_1_21' title="bbox 2121 509 3699 595">
    <p class='ocr_par' dir='ltr' id='par_1_21' title="bbox 2121 509 3699 595">
     <span class='ocr_line' id='line_1_21' title="bbox 2121 509 3699 595; baseline 0.013 -32"><span class='ocrx_word' id='word_1_147' title='bbox 2121 509 2329 566; x_wconf 84' lang='lat' dir='ltr'><strong>sedisse</strong></span> <span class='ocrx_word' id='word_1_148' title='bbox 2361 520 2610 580; x_wconf 87' lang='lat' dir='ltr'><strong>naturas,</strong></span> <span class='ocrx_word' id='word_1_149' title='bbox 2638 531 2869 585; x_wconf 87' lang='lat' dir='ltr'><strong>quarum</strong></span> <span class='ocrx_word' id='word_1_150' title='bbox 2916 520 3228 591; x_wconf 78' lang='lat' dir='ltr'><strong>hypostasis</strong></span> <span class='ocrx_word' id='word_1_151' title='bbox 3276 532 3395 578; x_wconf 87' lang='lat' dir='ltr'><strong>erat</strong></span> <span class='ocrx_word' id='word_1_152' title='bbox 3447 525 3583 595; x_wconf 87' lang='lat' dir='ltr'><strong>ipse,</strong></span> <span class='ocrx_word' id='word_1_153' title='bbox 3641 537 3699 582; x_wconf 89' lang='lat' dir='ltr'><strong>et</strong></span> 
     </span>
    </p>
   </div>
   <div class='ocr_carea' id='block_1_22' title="bbox 2119 603 3700 687">
    <p class='ocr_par' dir='ltr' id='par_1_22' title="bbox 2119 603 3700 687">
     <span class='ocr_line' id='line_1_22' title="bbox 2119 603 3700 687; baseline 0.011 -32"><span class='ocrx_word' id='word_1_154' title='bbox 2119 603 2438 659; x_wconf 86' lang='lat' dir='ltr'><strong>earumdem</strong></span> <span class='ocrx_word' id='word_1_155' title='bbox 2462 608 2788 663; x_wconf 82' lang='lat' dir='ltr'><strong>essentiales</strong></span> <span class='ocrx_word' id='word_1_156' title='bbox 2833 612 3188 680; x_wconf 88' lang='lat' dir='ltr'><strong>operationes</strong></span> <span class='ocrx_word' id='word_1_157' title='bbox 3218 624 3536 686; x_wconf 87' lang='lat' dir='ltr'><strong>motusque,</strong></span> <span class='ocrx_word' id='word_1_158' title='bbox 3562 634 3700 687; x_wconf 91' lang='lat' dir='ltr'><strong>quo-</strong></span> 
     </span>
    </p>
   </div>
   <div class='ocr_carea' id='block_1_23' title="bbox 2124 694 3707 776">
    <p class='ocr_par' dir='ltr' id='par_1_23' title="bbox 2124 694 3707 776">
     <span class='ocr_line' id='line_1_23' title="bbox 2124 694 3707 776; baseline 0.01 -31"><span class='ocrx_word' id='word_1_159' title='bbox 2124 708 2246 746; x_wconf 92' lang='lat' dir='ltr'><strong>rum</strong></span> <span class='ocrx_word' id='word_1_160' title='bbox 2276 694 2412 763; x_wconf 89' lang='lat' dir='ltr'><strong>ipse,</strong></span> <span class='ocrx_word' id='word_1_161' title='bbox 2442 696 2562 751; x_wconf 83' lang='lat' dir='ltr'><strong>sine</strong></span> <span class='ocrx_word' id='word_1_162' title='bbox 2583 698 2930 764; x_wconf 79' lang='lat' dir='ltr'><strong>confusione,</strong></span> <span class='ocrx_word' id='word_1_163' title='bbox 2973 711 3097 756; x_wconf 90' lang='lat' dir='ltr'><strong>erat</strong></span> <span class='ocrx_word' id='word_1_164' title='bbox 3134 704 3331 769; x_wconf 88' lang='lat' dir='ltr'><strong>nnitio,</strong></span> <span class='ocrx_word' id='word_1_165' title='bbox 3363 714 3418 760; x_wconf 90' lang='lat' dir='ltr'><strong>et</strong></span> <span class='ocrx_word' id='word_1_166' title='bbox 3471 707 3707 776; x_wconf 81' lang='lat' dir='ltr'><strong>quidem</strong></span> 
     </span>
    </p>
   </div>
   <div class='ocr_carea' id='block_1_24' title="bbox 2127 784 3700 867">
    <p class='ocr_par' dir='ltr' id='par_1_24' title="bbox 2127 784 3700 867">
     <span class='ocr_line' id='line_1_24' title="bbox 2127 784 3700 867; baseline 0.008 -29"><span class='ocrx_word' id='word_1_167' title='bbox 2127 784 2251 839; x_wconf 88' lang='lat' dir='ltr'><strong>talis</strong></span> <span class='ocrx_word' id='word_1_168' title='bbox 2291 801 2413 855; x_wconf 64' lang='lat' dir='ltr'><strong>quae</strong></span> <span class='ocrx_word' id='word_1_169' title='bbox 2463 789 2768 843; x_wconf 90' lang='lat' dir='ltr'><strong>secundum</strong></span> <span class='ocrx_word' id='word_1_170' title='bbox 2838 800 3066 847; x_wconf 87' lang='lat' dir='ltr'><strong>naturas</strong></span> <span class='ocrx_word' id='word_1_171' title='bbox 3120 793 3174 848; x_wconf 91' lang='lat' dir='ltr'><strong>in</strong></span> <span class='ocrx_word' id='word_1_172' title='bbox 3232 810 3299 849; x_wconf 89' lang='lat' dir='ltr'><strong>eo</strong></span> <span class='ocrx_word' id='word_1_173' title='bbox 3358 796 3700 867; x_wconf 86' lang='lat' dir='ltr'><strong>hypostaticc</strong></span> 
     </span>
    </p>
   </div>
   <div class='ocr_carea' id='block_1_25' title="bbox 2122 875 3701 956">
    <p class='ocr_par' dir='ltr' id='par_1_25' title="bbox 2122 875 3701 956">
     <span class='ocr_line' id='line_1_25' title="bbox 2122 875 3701 956; baseline 0.008 -28"><span class='ocrx_word' id='word_1_174' title='bbox 2122 875 2452 932; x_wconf 81' lang='lat' dir='ltr'><strong>exsistentes</strong></span> <span class='ocrx_word' id='word_1_175' title='bbox 2475 879 2680 934; x_wconf 90' lang='lat' dir='ltr'><strong>nullam</strong></span> <span class='ocrx_word' id='word_1_176' title='bbox 2716 891 2941 951; x_wconf 75' lang='lat' dir='ltr'><strong>caperet</strong></span> <span class='ocrx_word' id='word_1_177' title='bbox 2989 883 3341 940; x_wconf 85' lang='lat' dir='ltr'><strong>divisionem.</strong></span> <span class='ocrx_word' id='word_1_178' title='bbox 3370 886 3532 942; x_wconf 84' lang='lat' dir='ltr'><strong>Certe</strong></span> <span class='ocrx_word' id='word_1_179' title='bbox 3566 886 3701 956; x_wconf 79' lang='lat' dir='ltr'><strong>ope-</strong></span> 
     </span>
    </p>
   </div>
   <div class='ocr_carea' id='block_1_26' title="bbox 2120 972 3703 1045">
    <p class='ocr_par' dir='ltr' id='par_1_26' title="bbox 2120 972 3703 1045">
     <span class='ocr_line' id='line_1_26' title="bbox 2120 972 3703 1045; baseline 0.007 -24"><span class='ocrx_word' id='word_1_180' title='bbox 2120 975 2273 1023; x_wconf 85' lang='lat' dir='ltr'><strong>ratus</strong></span> <span class='ocrx_word' id='word_1_181' title='bbox 2298 978 2383 1024; x_wconf 89' lang='lat' dir='ltr'><strong>est</strong></span> <span class='ocrx_word' id='word_1_182' title='bbox 2404 981 2775 1040; x_wconf 87' lang='lat' dir='ltr'><strong>congruenter</strong></span> <span class='ocrx_word' id='word_1_183' title='bbox 2804 972 2910 1027; x_wconf 89' lang='lat' dir='ltr'><strong>sibi</strong></span> <span class='ocrx_word' id='word_1_184' title='bbox 2963 975 3089 1045; x_wconf 85' lang='lat' dir='ltr'><strong>ipsi,</strong></span> <span class='ocrx_word' id='word_1_185' title='bbox 3153 993 3261 1032; x_wconf 88' lang='lat' dir='ltr'><strong>una</strong></span> <span class='ocrx_word' id='word_1_186' title='bbox 3293 985 3350 1032; x_wconf 88' lang='lat' dir='ltr'><strong>et</strong></span> <span class='ocrx_word' id='word_1_187' title='bbox 3409 978 3703 1033; x_wconf 74' lang='lat' dir='ltr'><strong>uniformis</strong></span> 
     </span>
    </p>
   </div>
   <div class='ocr_carea' id='block_1_27' title="bbox 2120 1059 3719 1138">
    <p class='ocr_par' dir='ltr' id='par_1_27' title="bbox 2120 1059 3719 1138">
     <span class='ocr_line' id='line_1_27' title="bbox 2120 1059 3719 1138; baseline 0.008 -28"><span class='ocrx_word' id='word_1_188' title='bbox 2120 1064 2240 1111; x_wconf 90' lang='lat' dir='ltr'><strong>erat</strong></span> <span class='ocrx_word' id='word_1_189' title='bbox 2269 1059 2451 1115; x_wconf 90' lang='lat' dir='ltr'><strong>omnis</strong></span> <span class='ocrx_word' id='word_1_190' title='bbox 2474 1060 2595 1130; x_wconf 86' lang='lat' dir='ltr'><strong>ejus</strong></span> <span class='ocrx_word' id='word_1_191' title='bbox 2619 1063 2762 1116; x_wconf 89' lang='lat' dir='ltr'><strong>actio</strong></span> <span class='ocrx_word' id='word_1_192' title='bbox 2785 1079 2799 1128; x_wconf 90' lang='lat'><strong>;</strong></span> <span class='ocrx_word' id='word_1_193' title='bbox 2825 1063 2882 1117; x_wconf 91' lang='lat' dir='ltr'><strong>in</strong></span> <span class='ocrx_word' id='word_1_194' title='bbox 2912 1079 3249 1135; x_wconf 89' lang='lat' dir='ltr'><strong>unoquoque</strong></span> <span class='ocrx_word' id='word_1_195' title='bbox 3269 1083 3366 1136; x_wconf 88' lang='lat' dir='ltr'><strong>per</strong></span> <span class='ocrx_word' id='word_1_196' title='bbox 3386 1084 3512 1123; x_wconf 91' lang='lat' dir='ltr'><strong>eum</strong></span> <span class='ocrx_word' id='word_1_197' title='bbox 3535 1084 3719 1138; x_wconf 80' lang='lat' dir='ltr'><strong>Opere-</strong></span> 
     </span>
    </p>
   </div>
   <div class='ocr_carea' id='block_1_28' title="bbox 2120 1148 3704 1224">
    <p class='ocr_par' dir='ltr' id='par_1_28' title="bbox 2120 1148 3704 1224">
     <span class='ocr_line' id='line_1_28' title="bbox 2120 1148 3704 1224; baseline 0.004 -20"><span class='ocrx_word' id='word_1_198' title='bbox 2120 1148 2271 1205; x_wconf 90' lang='lat' dir='ltr'><strong>edito</strong></span> <span class='ocrx_word' id='word_1_199' title='bbox 2308 1166 2419 1204; x_wconf 87' lang='lat' dir='ltr'><strong>una</strong></span> <span class='ocrx_word' id='word_1_200' title='bbox 2451 1167 2576 1206; x_wconf 90' lang='lat' dir='ltr'><strong>cum</strong></span> <span class='ocrx_word' id='word_1_201' title='bbox 2613 1152 2838 1209; x_wconf 90' lang='lat' dir='ltr'><strong>deitatis</strong></span> <span class='ocrx_word' id='word_1_202' title='bbox 2892 1156 3141 1224; x_wconf 86' lang='lat' dir='ltr'><strong>potentia</strong></span> <span class='ocrx_word' id='word_1_203' title='bbox 3171 1157 3332 1211; x_wconf 88' lang='lat' dir='ltr'><strong>simul</strong></span> <span class='ocrx_word' id='word_1_204' title='bbox 3385 1159 3704 1214; x_wconf 84' lang='lat' dir='ltr'><strong>declarabat</strong></span> 
     </span>
    </p>
   </div>
   <div class='ocr_carea' id='block_1_29' title="bbox 2119 1240 3723 1318">
    <p class='ocr_par' dir='ltr' id='par_1_29' title="bbox 2119 1240 3723 1318">
     <span class='ocr_line' id='line_1_29' title="bbox 2119 1240 3723 1318; baseline 0.007 -26"><span class='ocrx_word' id='word_1_205' title='bbox 2119 1240 2358 1309; x_wconf 65' lang='lat' dir='ltr'><strong>propriae</strong></span> <span class='ocrx_word' id='word_1_206' title='bbox 2381 1241 2564 1296; x_wconf 86' lang='lat' dir='ltr'><strong>carnis</strong></span> <span class='ocrx_word' id='word_1_207' title='bbox 2592 1244 3012 1312; x_wconf 88' lang='lat' dir='ltr'><strong>operationem;</strong></span> <span class='ocrx_word' id='word_1_208' title='bbox 3050 1262 3194 1302; x_wconf 91' lang='lat' dir='ltr'><strong>unus</strong></span> <span class='ocrx_word' id='word_1_209' title='bbox 3215 1249 3424 1318; x_wconf 89' lang='lat' dir='ltr'><strong>quippe</strong></span> <span class='ocrx_word' id='word_1_210' title='bbox 3455 1257 3595 1314; x_wconf 85' lang='lat' dir='ltr'><strong>erat,</strong></span> <span class='ocrx_word' id='word_1_211' title='bbox 3646 1262 3723 1303; x_wconf 67' lang='lat' dir='ltr'><strong>et‘</strong></span> 
     </span>
    </p>
   </div>
   <div class='ocr_carea' id='block_1_30' title="bbox 2121 1331 3717 1404">
    <p class='ocr_par' dir='ltr' id='par_1_30' title="bbox 2121 1331 3717 1404">
     <span class='ocr_line' id='line_1_30' title="bbox 2121 1331 3717 1404; baseline 0.006 -21"><span class='ocrx_word' id='word_1_212' title='bbox 2121 1345 2190 1384; x_wconf 91' lang='lat' dir='ltr'><strong>eo</strong></span> <span class='ocrx_word' id='word_1_213' title='bbox 2216 1345 2326 1384; x_wconf 91' lang='lat' dir='ltr'><strong>uno</strong></span> <span class='ocrx_word' id='word_1_214' title='bbox 2351 1331 2486 1384; x_wconf 87' lang='lat' dir='ltr'><strong>nihil</strong></span> <span class='ocrx_word' id='word_1_215' title='bbox 2523 1334 2703 1401; x_wconf 87' lang='lat' dir='ltr'><strong>potuit</strong></span> <span class='ocrx_word' id='word_1_216' title='bbox 2743 1334 2918 1404; x_wconf 85' lang='lat' dir='ltr'><strong>magis</strong></span> <span class='ocrx_word' id='word_1_217' title='bbox 2946 1350 3067 1390; x_wconf 87' lang='lat' dir='ltr'><strong>esse</strong></span> <span class='ocrx_word' id='word_1_218' title='bbox 3123 1353 3317 1403; x_wconf 87' lang='lat' dir='ltr'><strong>unum,</strong></span> <span class='ocrx_word' id='word_1_219' title='bbox 3374 1354 3477 1393; x_wconf 90' lang='lat' dir='ltr'><strong>nec</strong></span> <span class='ocrx_word' id='word_1_220' title='bbox 3509 1354 3717 1394; x_wconf 74' lang='lat' dir='ltr'><strong>eorum</strong></span> 
     </span>
    </p>
   </div>
   <div class='ocr_carea' id='block_1_31' title="bbox 2121 1421 3713 1495">
    <p class='ocr_par' dir='ltr' id='par_1_31' title="bbox 2121 1421 3713 1495">
     <span class='ocr_line' id='line_1_31' title="bbox 2121 1421 3713 1495; baseline 0.005 -21"><span class='ocrx_word' id='word_1_221' title='bbox 2121 1436 2243 1492; x_wconf 59' lang='lat' dir='ltr'><strong>quae</strong></span> <span class='ocrx_word' id='word_1_222' title='bbox 2268 1421 2338 1475; x_wconf 90' lang='lat' dir='ltr'><strong>ad</strong></span> <span class='ocrx_word' id='word_1_223' title='bbox 2367 1436 2493 1476; x_wconf 89' lang='lat' dir='ltr'><strong>eum</strong></span> <span class='ocrx_word' id='word_1_224' title='bbox 2522 1423 2874 1492; x_wconf 87' lang='lat' dir='ltr'><strong>pertinebant</strong></span> <span class='ocrx_word' id='word_1_225' title='bbox 2903 1426 3077 1495; x_wconf 83' lang='lat' dir='ltr'><strong>magis</strong></span> <span class='ocrx_word' id='word_1_226' title='bbox 3099 1427 3370 1480; x_wconf 90' lang='lat' dir='ltr'><strong>unitivum</strong></span> <span class='ocrx_word' id='word_1_227' title='bbox 3396 1435 3452 1481; x_wconf 86' lang='lat' dir='ltr'><strong>et</strong></span> <span class='ocrx_word' id='word_1_228' title='bbox 3476 1444 3713 1483; x_wconf 74' lang='lat' dir='ltr'><strong>conser-</strong></span> 
     </span>
    </p>
   </div>
   <div class='ocr_carea' id='block_1_32' title="bbox 2120 1513 3719 1586">
    <p class='ocr_par' dir='ltr' id='par_1_32' title="bbox 2120 1513 3719 1586">
     <span class='ocr_line' id='line_1_32' title="bbox 2120 1513 3719 1586; baseline 0.004 -20"><span class='ocrx_word' id='word_1_229' title='bbox 2120 1513 2392 1577; x_wconf 84' lang='lat' dir='ltr'><strong>vativum,</strong></span> <span class='ocrx_word' id='word_1_230' title='bbox 2429 1513 2665 1583; x_wconf 84' lang='lat' dir='ltr'><strong>ideoque</strong></span> <span class='ocrx_word' id='word_1_231' title='bbox 2693 1523 2750 1569; x_wconf 91' lang='lat' dir='ltr'><strong>et</strong></span> <span class='ocrx_word' id='word_1_232' title='bbox 2779 1516 2873 1585; x_wconf 90' lang='lat' dir='ltr'><strong>qni</strong></span> <span class='ocrx_word' id='word_1_233' title='bbox 2921 1517 3237 1586; x_wconf 84' lang='lat' dir='ltr'><strong>patiebatur</strong></span> <span class='ocrx_word' id='word_1_234' title='bbox 3283 1518 3430 1571; x_wconf 88' lang='lat' dir='ltr'><strong>Deus</strong></span> <span class='ocrx_word' id='word_1_235' title='bbox 3458 1528 3577 1572; x_wconf 87' lang='lat' dir='ltr'><strong>erat</strong></span> <span class='ocrx_word' id='word_1_236' title='bbox 3609 1534 3719 1573; x_wconf 51' lang='lat' dir='ltr'><strong>rem</strong></span> 
     </span>
    </p>
   </div>
   <div class='ocr_carea' id='block_1_33' title="bbox 2124 1603 3719 1675">
    <p class='ocr_par' dir='ltr' id='par_1_33' title="bbox 2124 1603 3719 1675">
     <span class='ocr_line' id='line_1_33' title="bbox 2124 1603 3719 1675; baseline 0.005 -20"><span class='ocrx_word' id='word_1_237' title='bbox 2124 1616 2274 1666; x_wconf 86' lang='lat' dir='ltr'><strong>vera,</strong></span> <span class='ocrx_word' id='word_1_238' title='bbox 2301 1611 2358 1657; x_wconf 91' lang='lat' dir='ltr'><strong>et</strong></span> <span class='ocrx_word' id='word_1_239' title='bbox 2394 1603 2491 1672; x_wconf 89' lang='lat' dir='ltr'><strong>qui</strong></span> <span class='ocrx_word' id='word_1_240' title='bbox 2534 1604 2803 1660; x_wconf 88' lang='lat' dir='ltr'><strong>miracula</strong></span> <span class='ocrx_word' id='word_1_241' title='bbox 2854 1606 3108 1675; x_wconf 86' lang='lat' dir='ltr'><strong>patrabat</strong></span> <span class='ocrx_word' id='word_1_242' title='bbox 3161 1623 3271 1661; x_wconf 91' lang='lat' dir='ltr'><strong>non</strong></span> <span class='ocrx_word' id='word_1_243' title='bbox 3332 1608 3517 1662; x_wconf 90' lang='lat' dir='ltr'><strong>minus</strong></span> <span class='ocrx_word' id='word_1_244' title='bbox 3575 1624 3719 1663; x_wconf 53' lang='lat' dir='ltr'><strong>vere&#39;</strong></span> 
     </span>
    </p>
   </div>
   <div class='ocr_carea' id='block_1_34' title="bbox 447 1672 2023 1768">
    <p class='ocr_par' dir='ltr' id='par_1_34' title="bbox 447 1679 2021 1760">
     <span class='ocr_line' id='line_1_34' title="bbox 447 1679 2021 1760; baseline 0.008 -27"><span class='ocrx_word' id='word_1_245' title='bbox 447 1679 609 1749; x_wconf 84' lang='grc' dir='ltr'>φύσει</span> <span class='ocrx_word' id='word_1_246' title='bbox 641 1684 1020 1754; x_wconf 84' lang='grc' dir='ltr'>περιγράφων,</span> <span class='ocrx_word' id='word_1_247' title='bbox 1056 1684 1242 1758; x_wconf 78' lang='lat'><strong>(109</strong></span> <span class='ocrx_word' id='word_1_248' title='bbox 1280 1686 1330 1757; x_wconf 70' lang='grc' dir='ltr'><strong>ὁ)</strong></span> <span class='ocrx_word' id='word_1_249' title='bbox 1387 1688 1555 1742; x_wconf 88' lang='grc' dir='ltr'>πόσον</span> <span class='ocrx_word' id='word_1_250' title='bbox 1606 1690 1706 1760; x_wconf 81' lang='grc' dir='ltr'>μὲν</span> <span class='ocrx_word' id='word_1_251' title='bbox 1761 1691 2021 1746; x_wconf 73' lang='grc' dir='ltr'>ἀπαιτούο</span> 
     </span>
    </p>
   </div>
   <div class='ocr_carea' id='block_1_35' title="bbox 2126 1672 3721 1768">
    <p class='ocr_par' dir='ltr' id='par_1_35' title="bbox 2127 1690 3721 1768">
     <span class='ocr_line' id='line_1_35' title="bbox 2127 1690 3721 1768; baseline 0.004 -23"><span class='ocrx_word' id='word_1_252' title='bbox 2127 1690 2271 1745; x_wconf 89' lang='lat' dir='ltr'><strong>idem</strong></span> <span class='ocrx_word' id='word_1_253' title='bbox 2297 1692 2467 1746; x_wconf 92' lang='lat' dir='ltr'><strong>homo</strong></span> <span class='ocrx_word' id='word_1_254' title='bbox 2491 1693 2618 1759; x_wconf 83' lang='lat' dir='ltr'><strong>fuit,</strong></span> <span class='ocrx_word' id='word_1_255' title='bbox 2654 1695 2916 1764; x_wconf 89' lang='lat' dir='ltr'><strong>quoniam</strong></span> <span class='ocrx_word' id='word_1_256' title='bbox 2967 1697 3024 1751; x_wconf 90' lang='lat' dir='ltr'><strong>in</strong></span> <span class='ocrx_word' id='word_1_257' title='bbox 3070 1712 3138 1751; x_wconf 91' lang='lat' dir='ltr'><strong>eo</strong></span> <span class='ocrx_word' id='word_1_258' title='bbox 3190 1704 3402 1753; x_wconf 60' lang='lat' dir='ltr'><strong>natura</strong></span> <span class='ocrx_word' id='word_1_259' title='bbox 3430 1713 3573 1751; x_wconf 67' lang='lat' dir='ltr'><strong>vera:</strong></span> <span class='ocrx_word' id='word_1_260' title='bbox 3607 1714 3721 1768; x_wconf 71' lang='lat' dir='ltr'><strong>per</strong></span> 
     </span>
    </p>
   </div>
   <div class='ocr_carea' id='block_1_36' title="bbox 450 1772 2023 1851">
    <p class='ocr_par' dir='ltr' id='par_1_36' title="bbox 450 1772 2023 1851">
     <span class='ocr_line' id='line_1_36' title="bbox 450 1772 2023 1851; baseline 0.008 -27"><span class='ocrx_word' id='word_1_261' title='bbox 450 1772 611 1842; x_wconf 88' lang='grc' dir='ltr'>μεθα,</span> <span class='ocrx_word' id='word_1_262' title='bbox 636 1773 801 1826; x_wconf 89' lang='grc' dir='ltr'>πόσον</span> <span class='ocrx_word' id='word_1_263' title='bbox 827 1774 884 1827; x_wconf 79' lang='grc' dir='ltr'>δὲ</span> <span class='ocrx_word' id='word_1_264' title='bbox 913 1776 1351 1849; x_wconf 85' lang='grc' dir='ltr'>συγχωρούμεθα</span> <span class='ocrx_word' id='word_1_265' title='bbox 1376 1779 1512 1850; x_wconf 85' lang='grc' dir='ltr'>πρὸς</span> <span class='ocrx_word' id='word_1_266' title='bbox 1528 1780 1629 1851; x_wconf 80' lang='grc' dir='ltr'>τὴν</span> <span class='ocrx_word' id='word_1_267' title='bbox 1656 1780 1868 1835; x_wconf 86' lang='grc' dir='ltr'>τελείαν</span> <span class='ocrx_word' id='word_1_268' title='bbox 1898 1783 2023 1836; x_wconf 86' lang='grc' dir='ltr'>ὑπο-</span> 
     </span>
    </p>
   </div>
   <div class='ocr_carea' id='block_1_37' title="bbox 446 1862 2022 1944">
    <p class='ocr_par' dir='ltr' id='par_1_37' title="bbox 446 1862 2022 1944">
     <span class='ocr_line' id='line_1_37' title="bbox 446 1862 2022 1944; baseline 0.007 -27"><span class='ocrx_word' id='word_1_269' title='bbox 446 1864 641 1934; x_wconf 78' lang='grc' dir='ltr'>ταγὴν,</span> <span class='ocrx_word' id='word_1_270' title='bbox 681 1866 748 1918; x_wconf 85' lang='grc' dir='ltr'><strong>δι’</strong></span> <span class='ocrx_word' id='word_1_271' title='bbox 779 1862 848 1939; x_wconf 78' lang='grc' dir='ltr'>ἦς</span> <span class='ocrx_word' id='word_1_272' title='bbox 878 1869 1178 1939; x_wconf 82' lang='grc' dir='ltr'>προσάγειν</span> <span class='ocrx_word' id='word_1_273' title='bbox 1213 1870 1427 1938; x_wconf 80' lang='grc' dir='ltr'>πέφυκε</span> <span class='ocrx_word' id='word_1_274' title='bbox 1460 1871 1540 1942; x_wconf 83' lang='grc' dir='ltr'>τῷ</span> <span class='ocrx_word' id='word_1_275' title='bbox 1563 1872 1739 1944; x_wconf 82' lang='grc' dir='ltr'>Πατρὶ</span> <span class='ocrx_word' id='word_1_276' title='bbox 1760 1873 1887 1937; x_wconf 80' lang='grc' dir='ltr'>τοὺς</span> <span class='ocrx_word' id='word_1_277' title='bbox 1918 1891 2022 1928; x_wconf 86' lang='grc' dir='ltr'>σω-</span> 
     </span>
    </p>
   </div>
   <div class='ocr_carea' id='block_1_38' title="bbox 449 1953 2023 2039">
    <p class='ocr_par' dir='ltr' id='par_1_38' title="bbox 449 1953 2023 2039">
     <span class='ocr_line' id='line_1_38' title="bbox 449 1953 2023 2039; baseline 0.008 -32"><span class='ocrx_word' id='word_1_278' title='bbox 449 1953 732 2025; x_wconf 81' lang='grc' dir='ltr'>ζομένους,</span> <span class='ocrx_word' id='word_1_279' title='bbox 761 1958 882 2011; x_wconf 87' lang='grc' dir='ltr'>κατ’</span> <span class='ocrx_word' id='word_1_280' title='bbox 910 1959 1073 2012; x_wconf 86' lang='grc' dir='ltr'>αὑτὸν</span> <span class='ocrx_word' id='word_1_281' title='bbox 1099 1961 1372 2029; x_wconf 81' lang='grc' dir='ltr'>φανέντας</span> <span class='ocrx_word' id='word_1_282' title='bbox 1395 1966 1461 2033; x_wconf 78' lang='grc' dir='ltr'><strong>τῇ</strong></span> <span class='ocrx_word' id='word_1_283' title='bbox 1486 1964 1714 2034; x_wconf 85' lang='grc' dir='ltr'>δυνάμει</span> <span class='ocrx_word' id='word_1_284' title='bbox 1745 1966 1843 2036; x_wconf 81' lang='grc' dir='ltr'>τῆς</span> <span class='ocrx_word' id='word_1_285' title='bbox 1875 1966 2023 2039; x_wconf 84' lang='grc' dir='ltr'>χάρι-</span> 
     </span>
    </p>
   </div>
   <div class='ocr_carea' id='block_1_39' title="bbox 447 2050 2024 2128">
    <p class='ocr_par' dir='ltr' id='par_1_39' title="bbox 447 2050 2024 2128">
     <span class='ocr_line' id='line_1_39' title="bbox 447 2050 2024 2128; baseline 0.004 -28"><span class='ocrx_word' id='word_1_286' title='bbox 447 2064 560 2110; x_wconf 88' lang='grc' dir='ltr'>τος.</span> <span class='ocrx_word' id='word_1_287' title='bbox 593 2050 681 2112; x_wconf 85' lang='grc' dir='ltr'><strong>Ὠς</strong></span> <span class='ocrx_word' id='word_1_288' title='bbox 715 2051 857 2120; x_wconf 85' lang='grc' dir='ltr'>μέγα</span> <span class='ocrx_word' id='word_1_289' title='bbox 897 2052 992 2106; x_wconf 76' lang='grc' dir='ltr'>καὶ</span> <span class='ocrx_word' id='word_1_290' title='bbox 1043 2053 1272 2124; x_wconf 85' lang='grc' dir='ltr'>φρικτὸν</span> <span class='ocrx_word' id='word_1_291' title='bbox 1318 2055 1489 2120; x_wconf 74' lang='grc' dir='ltr'>ὄντως</span> <span class='ocrx_word' id='word_1_292' title='bbox 1512 2054 1576 2109; x_wconf 85' lang='grc' dir='ltr'>τὸ</span> <span class='ocrx_word' id='word_1_293' title='bbox 1605 2057 1705 2126; x_wconf 83' lang='grc' dir='ltr'>τῆς</span> <span class='ocrx_word' id='word_1_294' title='bbox 1733 2057 1889 2128; x_wconf 87' lang='grc' dir='ltr'>ἡμῶν</span> <span class='ocrx_word' id='word_1_295' title='bbox 1918 2076 2024 2112; x_wconf 84' lang='grc' dir='ltr'>σω-</span> 
     </span>
    </p>
   </div>
   <div class='ocr_carea' id='block_1_40' title="bbox 448 2138 2024 2217">
    <p class='ocr_par' dir='ltr' id='par_1_40' title="bbox 448 2138 2024 2217">
     <span class='ocr_line' id='line_1_40' title="bbox 448 2138 2024 2217; baseline 0.01 -28"><span class='ocrx_word' id='word_1_296' title='bbox 448 2138 644 2210; x_wconf 84' lang='grc' dir='ltr'>τηρίας</span> <span class='ocrx_word' id='word_1_297' title='bbox 677 2142 1001 2212; x_wconf 77' lang='grc' dir='ltr'>μυστήριον.</span> <span class='ocrx_word' id='word_1_298' title='bbox 1046 2143 1453 2215; x_wconf 78' lang='grc' dir='ltr'>Ἀπαιτούμεθα</span> <span class='ocrx_word' id='word_1_299' title='bbox 1486 2149 1596 2217; x_wconf 84' lang='grc' dir='ltr'>γὰρ</span> <span class='ocrx_word' id='word_1_300' title='bbox 1647 2149 1769 2202; x_wconf 85' lang='grc' dir='ltr'>ὅσον</span> <span class='ocrx_word' id='word_1_301' title='bbox 1817 2150 2024 2214; x_wconf 74' lang='grc' dir='ltr'>ἐκεῖνος</span> 
     </span>
    </p>
   </div>
   <div class='ocr_carea' id='block_1_41' title="bbox 451 2229 2023 2309">
    <p class='ocr_par' dir='ltr' id='par_1_41' title="bbox 451 2229 2023 2309">
     <span class='ocr_line' id='line_1_41' title="bbox 451 2229 2023 2309; baseline 0.009 -27"><span class='ocrx_word' id='word_1_302' title='bbox 451 2229 611 2299; x_wconf 86' lang='grc' dir='ltr'>φύσει</span> <span class='ocrx_word' id='word_1_303' title='bbox 636 2231 697 2285; x_wconf 86' lang='grc' dir='ltr'>τὸ</span> <span class='ocrx_word' id='word_1_304' title='bbox 719 2233 766 2265; x_wconf 74' lang='grc'>⁸⁸</span> <span class='ocrx_word' id='word_1_305' title='bbox 791 2234 912 2286; x_wconf 88' lang='grc' dir='ltr'>καθ’</span> <span class='ocrx_word' id='word_1_306' title='bbox 940 2235 1106 2305; x_wconf 80' lang='grc' dir='ltr'>ἡμᾶς,</span> <span class='ocrx_word' id='word_1_307' title='bbox 1143 2238 1578 2309; x_wconf 83' lang='grc' dir='ltr'>συγχωρούμεθα</span> <span class='ocrx_word' id='word_1_308' title='bbox 1610 2240 1664 2293; x_wconf 82' lang='grc' dir='ltr'>δὲ</span> <span class='ocrx_word' id='word_1_309' title='bbox 1695 2242 1819 2295; x_wconf 83' lang='grc' dir='ltr'>ὅσον</span> <span class='ocrx_word' id='word_1_310' title='bbox 1860 2242 2023 2308; x_wconf 75' lang='grc' dir='ltr'>αὐτὸς</span> 
     </span>
    </p>
   </div>
   <div class='ocr_carea' id='block_1_42' title="bbox 450 2321 2024 2404">
    <p class='ocr_par' dir='ltr' id='par_1_42' title="bbox 450 2321 2024 2404">
     <span class='ocr_line' id='line_1_42' title="bbox 450 2321 2024 2404; baseline 0.008 -31"><span class='ocrx_word' id='word_1_311' title='bbox 450 2321 592 2393; x_wconf 84' lang='grc' dir='ltr'>ὑπὲρ</span> <span class='ocrx_word' id='word_1_312' title='bbox 616 2324 761 2393; x_wconf 80' lang='grc' dir='ltr'>ἡμᾶς</span> <span class='ocrx_word' id='word_1_313' title='bbox 786 2324 975 2378; x_wconf 80' lang='grc' dir='ltr'>ὲνώσει</span> <span class='ocrx_word' id='word_1_314' title='bbox 999 2326 1060 2379; x_wconf 86' lang='grc' dir='ltr'>τὸ</span> <span class='ocrx_word' id='word_1_315' title='bbox 1085 2327 1206 2380; x_wconf 83' lang='grc' dir='ltr'>καθ’</span> <span class='ocrx_word' id='word_1_316' title='bbox 1238 2330 1385 2398; x_wconf 81' lang='grc' dir='ltr'>ἡμᾶς</span> <span class='ocrx_word' id='word_1_317' title='bbox 1407 2330 1472 2383; x_wconf 73' lang='grc'><strong>⁸⁷.</strong></span> <span class='ocrx_word' id='word_1_318' title='bbox 1501 2331 1564 2403; x_wconf 73' lang='grc' dir='ltr'><strong>Εἰ</strong></span> <span class='ocrx_word' id='word_1_319' title='bbox 1590 2333 1771 2402; x_wconf 85' lang='grc' dir='ltr'>μήπου</span> <span class='ocrx_word' id='word_1_320' title='bbox 1800 2332 2024 2404; x_wconf 77' lang='grc' dir='ltr'>γνώμης</span> 
     </span>
    </p>
   </div>
   <div class='ocr_carea' id='block_1_43' title="bbox 449 2414 2025 2493">
    <p class='ocr_par' dir='ltr' id='par_1_43' title="bbox 449 2414 2025 2493">
     <span class='ocr_line' id='line_1_43' title="bbox 449 2414 2025 2493; baseline 0.008 -28"><span class='ocrx_word' id='word_1_321' title='bbox 449 2414 935 2486; x_wconf 82' lang='grc' dir='ltr'>φιλαμαρτὴμονος</span> <span class='ocrx_word' id='word_1_322' title='bbox 965 2416 1078 2482; x_wconf 77' lang='grc' dir='ltr'>ἕξις</span> <span class='ocrx_word' id='word_1_323' title='bbox 1118 2423 1352 2472; x_wconf 83' lang='grc' dir='ltr'>ποιεῖται</span> <span class='ocrx_word' id='word_1_324' title='bbox 1389 2422 1588 2485; x_wconf 81' lang='grc' dir='ltr'>κακίας</span> <span class='ocrx_word' id='word_1_325' title='bbox 1636 2422 1768 2492; x_wconf 82' lang='grc' dir='ltr'>ὓλην</span> <span class='ocrx_word' id='word_1_326' title='bbox 1796 2424 1893 2492; x_wconf 81' lang='grc' dir='ltr'>τῆς</span> <span class='ocrx_word' id='word_1_327' title='bbox 1924 2425 2025 2493; x_wconf 84' lang='grc' dir='ltr'><strong>φύ-</strong></span> 
     </span>
    </p>
   </div>
   <div class='ocr_carea' id='block_1_44' title="bbox 451 2506 2024 2586">
    <p class='ocr_par' dir='ltr' id='par_1_44' title="bbox 451 2506 2024 2586">
     <span class='ocr_line' id='line_1_44' title="bbox 451 2506 2024 2586; baseline 0.008 -30"><span class='ocrx_word' id='word_1_328' title='bbox 451 2520 588 2568; x_wconf 86' lang='grc' dir='ltr'>σεως</span> <span class='ocrx_word' id='word_1_329' title='bbox 610 2506 710 2575; x_wconf 83' lang='grc' dir='ltr'><strong>τὴν</strong></span> <span class='ocrx_word' id='word_1_330' title='bbox 729 2507 1035 2564; x_wconf 77' lang='grc' dir='ltr'>ἀσθένειαν.</span> <span class='ocrx_word' id='word_1_331' title='bbox 1063 2509 1172 2562; x_wconf 74' lang='grc' dir='ltr'><strong>Καὶ</strong></span> <span class='ocrx_word' id='word_1_332' title='bbox 1197 2509 1357 2580; x_wconf 77' lang='grc' dir='ltr'>δῆλός</span> <span class='ocrx_word' id='word_1_333' title='bbox 1395 2513 1512 2565; x_wconf 82' lang='grc' dir='ltr'>ἐστι</span> <span class='ocrx_word' id='word_1_334' title='bbox 1542 2512 1743 2583; x_wconf 79' lang='grc' dir='ltr'>ταύτης</span> <span class='ocrx_word' id='word_1_335' title='bbox 1764 2513 2024 2586; x_wconf 85' lang='grc' dir='ltr'>ὑπάρχων</span> 
     </span>
    </p>
   </div>
   <div class='ocr_carea' id='block_1_45' title="bbox 446 2591 2022 2673">
    <p class='ocr_par' dir='ltr' id='par_1_45' title="bbox 446 2591 2022 2673">
     <span class='ocr_line' id='line_1_45' title="bbox 446 2591 2022 2673; baseline 0.008 -28"><span class='ocrx_word' id='word_1_336' title='bbox 446 2593 547 2662; x_wconf 80' lang='grc' dir='ltr'>τῆς</span> <span class='ocrx_word' id='word_1_337' title='bbox 576 2594 783 2657; x_wconf 80' lang='grc' dir='ltr'>ἐννοίας</span> <span class='ocrx_word' id='word_1_338' title='bbox 809 2595 836 2647; x_wconf 87' lang='grc' dir='ltr'>ὁ</span> <span class='ocrx_word' id='word_1_339' title='bbox 866 2597 1033 2660; x_wconf 82' lang='grc' dir='ltr'>πολὺς</span> <span class='ocrx_word' id='word_1_340' title='bbox 1064 2591 1220 2662; x_wconf 76' lang='grc' dir='ltr'>οὗτος</span> <span class='ocrx_word' id='word_1_341' title='bbox 1243 2598 1587 2665; x_wconf 82' lang='grc' dir='ltr'>διδάσκαλος,</span> <span class='ocrx_word' id='word_1_342' title='bbox 1619 2604 1732 2665; x_wconf 79' lang='grc' dir='ltr'>τοῖς</span> <span class='ocrx_word' id='word_1_343' title='bbox 1760 2603 1890 2673; x_wconf 79' lang='grc' dir='ltr'><strong>ἑξῆς</strong></span> <span class='ocrx_word' id='word_1_344' title='bbox 1921 2604 2022 2657; x_wconf 84' lang='grc' dir='ltr'><strong>αὐ-</strong></span> 
     </span>
    </p>
   </div>
   <div class='ocr_carea' id='block_1_46' title="bbox 448 2684 2021 2766">
    <p class='ocr_par' dir='ltr' id='par_1_46' title="bbox 448 2684 2021 2766">
     <span class='ocr_line' id='line_1_46' title="bbox 448 2684 2021 2766; baseline 0.008 -30"><span class='ocrx_word' id='word_1_345' title='bbox 448 2684 545 2753; x_wconf 80' lang='grc' dir='ltr'>τὴν</span> <span class='ocrx_word' id='word_1_346' title='bbox 572 2684 829 2754; x_wconf 79' lang='grc' dir='ltr'>βεὸαιῶν.</span> <span class='ocrx_word' id='word_1_347' title='bbox 874 2689 1013 2759; x_wconf 74' lang='grc' dir='ltr'>Φησὶ</span> <span class='ocrx_word' id='word_1_348' title='bbox 1043 2689 1153 2760; x_wconf 85' lang='grc' dir='ltr'>γάρ</span> <span class='ocrx_word' id='word_1_349' title='bbox 1182 2706 1195 2719; x_wconf 86' lang='grc'><strong>·</strong></span> <span class='ocrx_word' id='word_1_350' title='bbox 1233 2709 1251 2742; x_wconf 75' lang='grc' dir='ltr'><strong>ι</strong></span> <span class='ocrx_word' id='word_1_351' title='bbox 1290 2692 1353 2744; x_wconf 80' lang='lat' dir='ltr'><strong>El</strong></span> <span class='ocrx_word' id='word_1_352' title='bbox 1394 2692 1503 2762; x_wconf 80' lang='grc' dir='ltr'>γὰρ</span> <span class='ocrx_word' id='word_1_353' title='bbox 1531 2693 1593 2745; x_wconf 91' lang='grc' dir='ltr'>τὸ</span> <span class='ocrx_word' id='word_1_354' title='bbox 1632 2693 1748 2762; x_wconf 87' lang='grc' dir='ltr'><strong>φῶς</strong></span> <span class='ocrx_word' id='word_1_355' title='bbox 1792 2692 2021 2766; x_wconf 80' lang='grc' dir='ltr'>ἐδιώχθη</span> 
     </span>
    </p>
   </div>
   <div class='ocr_carea' id='block_1_47' title="bbox 360 2775 2023 2856">
    <p class='ocr_par' dir='ltr' id='par_1_47' title="bbox 360 2775 2023 2856">
     <span class='ocr_line' id='line_1_47' title="bbox 360 2775 2023 2856; baseline 0.008 -30"><span class='ocrx_word' id='word_1_356' title='bbox 360 2823 365 2827; x_wconf 79' lang='grc'><strong>,</strong></span> <span class='ocrx_word' id='word_1_357' title='bbox 447 2775 535 2828; x_wconf 83' lang='grc' dir='ltr'>διὰ</span> <span class='ocrx_word' id='word_1_358' title='bbox 559 2776 621 2829; x_wconf 88' lang='grc' dir='ltr'>τὸ</span> <span class='ocrx_word' id='word_1_359' title='bbox 649 2778 964 2849; x_wconf 81' lang='grc' dir='ltr'>πρόϐλημα,</span> <span class='ocrx_word' id='word_1_360' title='bbox 1001 2784 1194 2849; x_wconf 84' lang='grc' dir='ltr'>φαῖνον</span> <span class='ocrx_word' id='word_1_361' title='bbox 1221 2784 1279 2836; x_wconf 83' lang='grc' dir='ltr'>ὲν</span> <span class='ocrx_word' id='word_1_362' title='bbox 1308 2786 1375 2853; x_wconf 82' lang='grc' dir='ltr'>τῇ</span> <span class='ocrx_word' id='word_1_363' title='bbox 1409 2784 1622 2854; x_wconf 79' lang='grc' dir='ltr'>σκοτίᾳ,</span> <span class='ocrx_word' id='word_1_364' title='bbox 1656 2785 1734 2855; x_wconf 83' lang='grc' dir='ltr'>τῷ</span> <span class='ocrx_word' id='word_1_365' title='bbox 1766 2786 1867 2856; x_wconf 77' lang='grc' dir='ltr'>βίῳ</span> <span class='ocrx_word' id='word_1_366' title='bbox 1901 2787 2023 2839; x_wconf 83' lang='grc' dir='ltr'>τού-</span> 
     </span>
    </p>
   </div>
   <div class='ocr_carea' id='block_1_48' title="bbox 446 2869 2025 2947">
    <p class='ocr_par' dir='ltr' id='par_1_48' title="bbox 446 2869 2025 2947">
     <span class='ocr_line' id='line_1_48' title="bbox 446 2869 2025 2947; baseline 0.006 -28"><span class='ocrx_word' id='word_1_367' title='bbox 446 2884 545 2938; x_wconf 84' lang='grc' dir='ltr'><strong>τῳ,</strong></span> <span class='ocrx_word' id='word_1_368' title='bbox 580 2869 685 2922; x_wconf 83' lang='grc' dir='ltr'>ὑπὸ</span> <span class='ocrx_word' id='word_1_369' title='bbox 730 2872 831 2940; x_wconf 83' lang='grc' dir='ltr'>τῆς</span> <span class='ocrx_word' id='word_1_370' title='bbox 865 2871 1032 2943; x_wconf 79' lang='grc' dir='ltr'>ἄλλης</span> <span class='ocrx_word' id='word_1_371' title='bbox 1067 2875 1290 2937; x_wconf 87' lang='grc' dir='ltr'>σκοτίας</span> <span class='ocrx_word' id='word_1_372' title='bbox 1332 2874 1400 2939; x_wconf 77' lang='grc'><strong>⁸⁸,</strong></span> <span class='ocrx_word' id='word_1_373' title='bbox 1452 2873 1547 2926; x_wconf 82' lang='grc' dir='ltr'><strong>τοῦ</strong></span> <span class='ocrx_word' id='word_1_374' title='bbox 1594 2874 1833 2947; x_wconf 82' lang='grc' dir='ltr'>πονηροῦ</span> <span class='ocrx_word' id='word_1_375' title='bbox 1879 2876 2025 2944; x_wconf 82' lang='grc' dir='ltr'>λέγω</span> 
     </span>
    </p>
   </div>
   <div class='ocr_carea' id='block_1_49' title="bbox 2124 1782 3705 1858">
    <p class='ocr_par' dir='ltr' id='par_1_49' title="bbox 2124 1782 3705 1858">
     <span class='ocr_line' id='line_1_49' title="bbox 2124 1782 3705 1858; baseline 0.004 -21"><span class='ocrx_word' id='word_1_376' title='bbox 2124 1782 2385 1838; x_wconf 89' lang='lat' dir='ltr'><strong>unionem</strong></span> <span class='ocrx_word' id='word_1_377' title='bbox 2413 1783 2752 1840; x_wconf 83' lang='lat' dir='ltr'><strong>ineﬁ‘abilem</strong></span> <span class='ocrx_word' id='word_1_378' title='bbox 2778 1787 3184 1858; x_wconf 86' lang='lat' dir='ltr'><strong>hypostaticam</strong></span> <span class='ocrx_word' id='word_1_379' title='bbox 3238 1804 3370 1842; x_wconf 83' lang='lat' dir='ltr'><strong>vere</strong></span> <span class='ocrx_word' id='word_1_380' title='bbox 3432 1789 3705 1843; x_wconf 81' lang='lat' dir='ltr'><strong>unieban-</strong></span> 
     </span>
    </p>
   </div>
   <div class='ocr_carea' id='block_1_50' title="bbox 2123 1874 3708 1949">
    <p class='ocr_par' dir='ltr' id='par_1_50' title="bbox 2123 1874 3708 1949">
     <span class='ocr_line' id='line_1_50' title="bbox 2123 1874 3708 1949; baseline 0.003 -20"><span class='ocrx_word' id='word_1_381' title='bbox 2123 1882 2234 1929; x_wconf 85' lang='lat' dir='ltr'><strong>tur.</strong></span> <span class='ocrx_word' id='word_1_382' title='bbox 2266 1874 2382 1940; x_wconf 81' lang='lat' dir='ltr'><strong>llis,</strong></span> <span class='ocrx_word' id='word_1_383' title='bbox 2411 1875 2661 1945; x_wconf 87' lang='lat' dir='ltr'><strong>inquam,</strong></span> <span class='ocrx_word' id='word_1_384' title='bbox 2705 1879 2954 1947; x_wconf 90' lang='lat' dir='ltr'><strong>apposite</strong></span> <span class='ocrx_word' id='word_1_385' title='bbox 3006 1887 3063 1932; x_wconf 90' lang='lat' dir='ltr'><strong>et</strong></span> <span class='ocrx_word' id='word_1_386' title='bbox 3109 1888 3481 1949; x_wconf 78' lang='lat' dir='ltr'><strong>congruenter</strong></span> <span class='ocrx_word' id='word_1_387' title='bbox 3513 1896 3708 1949; x_wconf 81' lang='lat' dir='ltr'><strong>opera-</strong></span> 
     </span>
    </p>
   </div>
   <div class='ocr_carea' id='block_1_51' title="bbox 2124 1966 3712 2039">
    <p class='ocr_par' dir='ltr' id='par_1_51' title="bbox 2124 1966 3712 2039">
     <span class='ocr_line' id='line_1_51' title="bbox 2124 1966 3712 2039; baseline 0.003 -18"><span class='ocrx_word' id='word_1_388' title='bbox 2124 1974 2213 2022; x_wconf 87' lang='lat' dir='ltr'><strong>tus</strong></span> <span class='ocrx_word' id='word_1_389' title='bbox 2243 1966 2393 2035; x_wconf 87' lang='lat' dir='ltr'><strong>ipsas</strong></span> <span class='ocrx_word' id='word_1_390' title='bbox 2418 1982 2550 2022; x_wconf 90' lang='lat' dir='ltr'><strong>vere</strong></span> <span class='ocrx_word' id='word_1_391' title='bbox 2580 1970 2958 2033; x_wconf 82' lang='lat' dir='ltr'><strong>conservabit,</strong></span> <span class='ocrx_word' id='word_1_392' title='bbox 2987 1970 3104 2039; x_wconf 89' lang='lat' dir='ltr'><strong>ipse</strong></span> <span class='ocrx_word' id='word_1_393' title='bbox 3138 1970 3362 2025; x_wconf 87' lang='lat' dir='ltr'><strong>interim</strong></span> <span class='ocrx_word' id='word_1_394' title='bbox 3410 1971 3531 2025; x_wconf 90' lang='lat' dir='ltr'><strong>sine</strong></span> <span class='ocrx_word' id='word_1_395' title='bbox 3568 1987 3712 2025; x_wconf 77' lang='lat' dir='ltr'><strong>con-</strong></span> 
     </span>
    </p>
   </div>
   <div class='ocr_carea' id='block_1_52' title="bbox 2124 2057 3759 2132">
    <p class='ocr_par' dir='ltr' id='par_1_52' title="bbox 2124 2057 3759 2132">
     <span class='ocr_line' id='line_1_52' title="bbox 2124 2057 3759 2132; baseline 0.003 -21"><span class='ocrx_word' id='word_1_396' title='bbox 2124 2057 2341 2113; x_wconf 80' lang='lat' dir='ltr'><strong>fusione</strong></span> <span class='ocrx_word' id='word_1_397' title='bbox 2375 2074 2729 2128; x_wconf 85' lang='lat' dir='ltr'><strong>permanens.</strong></span> <span class='ocrx_word' id='word_1_398' title='bbox 2760 2060 2893 2114; x_wconf 80' lang='lat' dir='ltr'><strong>Erat</strong></span> <span class='ocrx_word' id='word_1_399' title='bbox 2915 2061 3065 2115; x_wconf 90' lang='lat' dir='ltr'><strong>enim</strong></span> <span class='ocrx_word' id='word_1_400' title='bbox 3114 2071 3171 2116; x_wconf 86' lang='lat' dir='ltr'><strong>et</strong></span> <span class='ocrx_word' id='word_1_401' title='bbox 3220 2070 3415 2115; x_wconf 88' lang='lat' dir='ltr'><strong>natura</strong></span> <span class='ocrx_word' id='word_1_402' title='bbox 3449 2062 3709 2132; x_wconf 83' lang='lat' dir='ltr'><strong>impassi~</strong></span> <span class='ocrx_word' id='word_1_403' title='bbox 3749 2076 3759 2087; x_wconf 82' lang='lat'><strong><em>°</em></strong></span> 
     </span>
    </p>
   </div>
   <div class='ocr_carea' id='block_1_53' title="bbox 2124 2148 3716 2218">
    <p class='ocr_par' dir='ltr' id='par_1_53' title="bbox 2124 2148 3716 2218">
     <span class='ocr_line' id='line_1_53' title="bbox 2124 2148 3716 2218; baseline 0.002 -15"><span class='ocrx_word' id='word_1_404' title='bbox 2124 2148 2255 2203; x_wconf 86' lang='lat' dir='ltr'><strong>bilis</strong></span> <span class='ocrx_word' id='word_1_405' title='bbox 2281 2156 2338 2204; x_wconf 89' lang='lat' dir='ltr'><strong>et</strong></span> <span class='ocrx_word' id='word_1_406' title='bbox 2361 2148 2661 2218; x_wconf 89' lang='lat' dir='ltr'><strong>passibilis,</strong></span> <span class='ocrx_word' id='word_1_407' title='bbox 2701 2150 3036 2206; x_wconf 86' lang='lat' dir='ltr'><strong>immortalis</strong></span> <span class='ocrx_word' id='word_1_408' title='bbox 3064 2159 3117 2206; x_wconf 89' lang='lat' dir='ltr'><strong>et</strong></span> <span class='ocrx_word' id='word_1_409' title='bbox 3167 2152 3439 2218; x_wconf 88' lang='lat' dir='ltr'><strong>mortalis,</strong></span> <span class='ocrx_word' id='word_1_410' title='bbox 3464 2152 3716 2207; x_wconf 77' lang='lat' dir='ltr'><strong>visibilis</strong></span> 
     </span>
    </p>
   </div>
   <div class='ocr_carea' id='block_1_54' title="bbox 2124 2239 3713 2311">
    <p class='ocr_par' dir='ltr' id='par_1_54' title="bbox 2124 2239 3713 2311">
     <span class='ocr_line' id='line_1_54' title="bbox 2124 2239 3713 2311; baseline 0.002 -17"><span class='ocrx_word' id='word_1_411' title='bbox 2124 2247 2181 2294; x_wconf 87' lang='lat' dir='ltr'><strong>et</strong></span> <span class='ocrx_word' id='word_1_412' title='bbox 2220 2239 2607 2311; x_wconf 82' lang='lat' dir='ltr'><strong>intelligibilis,</strong></span> <span class='ocrx_word' id='word_1_413' title='bbox 2637 2249 2834 2296; x_wconf 88' lang='lat' dir='ltr'><strong>natura</strong></span> <span class='ocrx_word' id='word_1_414' title='bbox 2854 2241 3002 2296; x_wconf 88' lang='lat' dir='ltr'><strong>Deus</strong></span> <span class='ocrx_word' id='word_1_415' title='bbox 3032 2249 3087 2296; x_wconf 86' lang='lat' dir='ltr'><strong>et</strong></span> <span class='ocrx_word' id='word_1_416' title='bbox 3106 2242 3251 2297; x_wconf 89' lang='lat' dir='ltr'><strong>idem</strong></span> <span class='ocrx_word' id='word_1_417' title='bbox 3289 2251 3487 2297; x_wconf 87' lang='lat' dir='ltr'><strong>natura</strong></span> <span class='ocrx_word' id='word_1_418' title='bbox 3514 2243 3713 2297; x_wconf 67' lang='lat' dir='ltr'><strong>homo-</strong></span> 
     </span>
    </p>
   </div>
   <div class='ocr_carea' id='block_1_55' title="bbox 2123 2330 3717 2404">
    <p class='ocr_par' dir='ltr' id='par_1_55' title="bbox 2123 2330 3717 2404">
     <span class='ocr_line' id='line_1_55' title="bbox 2123 2330 3717 2404; baseline 0.001 -20"><span class='ocrx_word' id='word_1_419' title='bbox 2123 2330 2242 2385; x_wconf 86' lang='lat' dir='ltr'><strong>lloe</strong></span> <span class='ocrx_word' id='word_1_420' title='bbox 2272 2331 2458 2399; x_wconf 91' lang='lat' dir='ltr'><strong>modo,</strong></span> <span class='ocrx_word' id='word_1_421' title='bbox 2488 2340 2548 2386; x_wconf 86' lang='lat' dir='ltr'><strong>ut</strong></span> <span class='ocrx_word' id='word_1_422' title='bbox 2568 2331 2717 2401; x_wconf 85' lang='lat' dir='ltr'><strong>quod</strong></span> <span class='ocrx_word' id='word_1_423' title='bbox 2750 2347 2852 2404; x_wconf 83' lang='lat' dir='ltr'><strong>ego</strong></span> <span class='ocrx_word' id='word_1_424' title='bbox 2880 2333 3060 2388; x_wconf 88' lang='lat' dir='ltr'><strong>sentio</strong></span> <span class='ocrx_word' id='word_1_425' title='bbox 3084 2333 3299 2404; x_wconf 88' lang='lat' dir='ltr'><strong>loquar,</strong></span> <span class='ocrx_word' id='word_1_426' title='bbox 3329 2333 3717 2389; x_wconf 85' lang='lat' dir='ltr'><strong>obedientiam-</strong></span> 
     </span>
    </p>
   </div>
   <div class='ocr_carea' id='block_1_56' title="bbox 2125 2421 3720 2496">
    <p class='ocr_par' dir='ltr' id='par_1_56' title="bbox 2125 2421 3720 2496">
     <span class='ocr_line' id='line_1_56' title="bbox 2125 2421 3720 2496; baseline 0 -18"><span class='ocrx_word' id='word_1_427' title='bbox 2125 2423 2181 2478; x_wconf 92' lang='lat' dir='ltr'><strong>in</strong></span> <span class='ocrx_word' id='word_1_428' title='bbox 2205 2423 2417 2479; x_wconf 90' lang='lat' dir='ltr'><strong>honore</strong></span> <span class='ocrx_word' id='word_1_429' title='bbox 2450 2421 2618 2477; x_wconf 75' lang='lat' dir='ltr'><strong>allicit</strong></span> <span class='ocrx_word' id='word_1_430' title='bbox 2666 2424 2955 2490; x_wconf 88' lang='lat' dir='ltr'><strong>Dominus,</strong></span> <span class='ocrx_word' id='word_1_431' title='bbox 3012 2434 3070 2479; x_wconf 87' lang='lat' dir='ltr'><strong>et</strong></span> <span class='ocrx_word' id='word_1_432' title='bbox 3118 2427 3240 2496; x_wconf 87' lang='lat' dir='ltr'><strong>ejus</strong></span> <span class='ocrx_word' id='word_1_433' title='bbox 3301 2425 3720 2495; x_wconf 76' lang='lat' dir='ltr'><strong>experientiam</strong></span> 
     </span>
    </p>
   </div>
   <div class='ocr_carea' id='block_1_57' title="bbox 2123 2515 3715 2585">
    <p class='ocr_par' dir='ltr' id='par_1_57' title="bbox 2123 2515 3715 2585">
     <span class='ocr_line' id='line_1_57' title="bbox 2123 2515 3715 2585; baseline -0.003 -15"><span class='ocrx_word' id='word_1_434' title='bbox 2123 2515 2500 2585; x_wconf 88' lang='lat' dir='ltr'><strong>perpetiendis</strong></span> <span class='ocrx_word' id='word_1_435' title='bbox 2524 2516 2684 2571; x_wconf 89' lang='lat' dir='ltr'><strong>malis</strong></span> <span class='ocrx_word' id='word_1_436' title='bbox 2712 2515 2881 2585; x_wconf 86' lang='lat' dir='ltr'><strong>capit,</strong></span> <span class='ocrx_word' id='word_1_437' title='bbox 2918 2531 3029 2570; x_wconf 90' lang='lat' dir='ltr'><strong>non</strong></span> <span class='ocrx_word' id='word_1_438' title='bbox 3056 2526 3269 2572; x_wconf 88' lang='lat' dir='ltr'><strong>tantum</strong></span> <span class='ocrx_word' id='word_1_439' title='bbox 3303 2527 3363 2571; x_wconf 92' lang='lat' dir='ltr'><strong>ut</strong></span> <span class='ocrx_word' id='word_1_440' title='bbox 3392 2517 3715 2579; x_wconf 81' lang='lat' dir='ltr'><strong>salvetnos,.</strong></span> 
     </span>
    </p>
   </div>
   <div class='ocr_carea' id='block_1_58' title="bbox 2126 2606 3722 2677">
    <p class='ocr_par' dir='ltr' id='par_1_58' title="bbox 2126 2606 3722 2677">
     <span class='ocr_line' id='line_1_58' title="bbox 2126 2606 3722 2677; baseline -0.001 -16"><span class='ocrx_word' id='word_1_441' title='bbox 2126 2607 2294 2661; x_wconf 85' lang='lat' dir='ltr'><strong>totam</strong></span> <span class='ocrx_word' id='word_1_442' title='bbox 2329 2622 2361 2663; x_wconf 84' lang='lat' dir='ltr'><strong>a</strong></span> <span class='ocrx_word' id='word_1_443' title='bbox 2387 2606 2521 2661; x_wconf 86' lang='lat' dir='ltr'><strong>vitio</strong></span> <span class='ocrx_word' id='word_1_444' title='bbox 2553 2606 2842 2677; x_wconf 89' lang='lat' dir='ltr'><strong>purgando</strong></span> <span class='ocrx_word' id='word_1_445' title='bbox 2872 2613 3150 2671; x_wconf 89' lang='lat' dir='ltr'><strong>naturam,</strong></span> <span class='ocrx_word' id='word_1_446' title='bbox 3189 2622 3383 2661; x_wconf 84' lang='lat' dir='ltr'><strong>verum</strong></span> <span class='ocrx_word' id='word_1_447' title='bbox 3433 2606 3599 2661; x_wconf 88' lang='lat' dir='ltr'><strong>etiam</strong></span> <span class='ocrx_word' id='word_1_448' title='bbox 3643 2616 3722 2660; x_wconf 80' lang='lat' dir='ltr'><strong>ut-</strong></span> 
     </span>
    </p>
   </div>
   <div class='ocr_carea' id='block_1_59' title="bbox 2125 2688 3716 2759">
    <p class='ocr_par' dir='ltr' id='par_1_59' title="bbox 2125 2688 3716 2759">
     <span class='ocr_line' id='line_1_59' title="bbox 2125 2688 3716 2759; baseline -0.001 -10"><span class='ocrx_word' id='word_1_449' title='bbox 2125 2695 2373 2759; x_wconf 82' lang='lat' dir='ltr'><strong>exploret</strong></span> <span class='ocrx_word' id='word_1_450' title='bbox 2404 2688 2650 2750; x_wconf 80' lang='lat' dir='ltr'><strong>nostram</strong></span> <span class='ocrx_word' id='word_1_451' title='bbox 2677 2693 3075 2759; x_wconf 87' lang='lat' dir='ltr'><strong>obedientiam,</strong></span> <span class='ocrx_word' id='word_1_452' title='bbox 3106 2703 3166 2749; x_wconf 91' lang='lat' dir='ltr'><strong>et</strong></span> <span class='ocrx_word' id='word_1_453' title='bbox 3186 2703 3387 2750; x_wconf 81' lang='lat' dir='ltr'><strong>nostra</strong></span> <span class='ocrx_word' id='word_1_454' title='bbox 3411 2695 3597 2749; x_wconf 89' lang='lat' dir='ltr'><strong>omnia</strong></span> <span class='ocrx_word' id='word_1_455' title='bbox 3615 2694 3716 2747; x_wconf 89' lang='lat' dir='ltr'><strong>in--</strong></span> 
     </span>
    </p>
   </div>
   <div class='ocr_carea' id='block_1_60' title="bbox 2126 2786 3724 2857">
    <p class='ocr_par' dir='ltr' id='par_1_60' title="bbox 2126 2786 3724 2857">
     <span class='ocr_line' id='line_1_60' title="bbox 2126 2786 3724 2857; baseline -0.002 -16"><span class='ocrx_word' id='word_1_456' title='bbox 2126 2787 2335 2857; x_wconf 87' lang='lat' dir='ltr'><strong>telligat</strong></span> <span class='ocrx_word' id='word_1_457' title='bbox 2357 2786 2715 2856; x_wconf 84' lang='lat' dir='ltr'><strong>experiendo,</strong></span> <span class='ocrx_word' id='word_1_458' title='bbox 2750 2787 2845 2855; x_wconf 91' lang='lat' dir='ltr'><strong>qui</strong></span> <span class='ocrx_word' id='word_1_459' title='bbox 2881 2786 3017 2840; x_wconf 87' lang='lat' dir='ltr'><strong>alias</strong></span> <span class='ocrx_word' id='word_1_460' title='bbox 3066 2801 3285 2841; x_wconf 90' lang='lat' dir='ltr'><strong>omnem</strong></span> <span class='ocrx_word' id='word_1_461' title='bbox 3329 2786 3724 2857; x_wconf 61' lang='lat' dir='ltr'><strong>cognitionem»</strong></span> 
     </span>
    </p>
   </div>
   <div class='ocr_carea' id='block_1_61' title="bbox 2124 2876 3715 2948">
    <p class='ocr_par' dir='ltr' id='par_1_61' title="bbox 2124 2876 3715 2948">
     <span class='ocr_line' id='line_1_61' title="bbox 2124 2876 3715 2948; baseline 0 -17"><span class='ocrx_word' id='word_1_462' title='bbox 2124 2891 2223 2946; x_wconf 86' lang='lat' dir='ltr'><strong>sua</strong></span> <span class='ocrx_word' id='word_1_463' title='bbox 2270 2882 2470 2931; x_wconf 88' lang='lat' dir='ltr'><strong>natura</strong></span> <span class='ocrx_word' id='word_1_464' title='bbox 2508 2876 2934 2946; x_wconf 88' lang='lat' dir='ltr'><strong>complectitur;</strong></span> <span class='ocrx_word' id='word_1_465' title='bbox 2972 2877 3050 2931; x_wconf 89' lang='lat' dir='ltr'><strong>ita</strong></span> <span class='ocrx_word' id='word_1_466' title='bbox 3086 2878 3352 2945; x_wconf 85' lang='lat' dir='ltr'><strong>nimirum</strong></span> <span class='ocrx_word' id='word_1_467' title='bbox 3404 2877 3715 2948; x_wconf 70' lang='lat' dir='ltr'><strong>dispiceret</strong></span> 
     </span>
    </p>
   </div>
   <div class='ocr_carea' id='block_1_62' title="bbox 447 2960 2023 3054">
    <p class='ocr_par' dir='ltr' id='par_1_62' title="bbox 447 2960 2023 3043">
     <span class='ocr_line' id='line_1_62' title="bbox 447 2960 2023 3043; baseline 0.005 -31"><span class='ocrx_word' id='word_1_468' title='bbox 447 2960 542 3013; x_wconf 80' lang='grc' dir='ltr'>καὶ</span> <span class='ocrx_word' id='word_1_469' title='bbox 579 2960 673 3014; x_wconf 74' lang='grc' dir='ltr'><strong>τοῦ</strong></span> <span class='ocrx_word' id='word_1_470' title='bbox 700 2964 1023 3034; x_wconf 76' lang='grc' dir='ltr'>πειραστοῦ,</span> <span class='ocrx_word' id='word_1_471' title='bbox 1058 2965 1119 3018; x_wconf 87' lang='grc' dir='ltr'>τὸ</span> <span class='ocrx_word' id='word_1_472' title='bbox 1148 2967 1340 3043; x_wconf 83' lang='grc' dir='ltr'>σκότος</span> <span class='ocrx_word' id='word_1_473' title='bbox 1382 2966 1571 3032; x_wconf 88' lang='grc' dir='ltr'>πόσον,</span> <span class='ocrx_word' id='word_1_474' title='bbox 1596 2966 1673 3030; x_wconf 86' lang='grc' dir='ltr'><strong>ὡς</strong></span> <span class='ocrx_word' id='word_1_475' title='bbox 1702 2967 2023 3020; x_wconf 85' lang='grc' dir='ltr'>ἀσθενέστε-</span> 
     </span>
    </p>
   </div>
   <div class='ocr_carea' id='block_1_63' title="bbox 2126 2960 3720 3054">
    <p class='ocr_par' dir='ltr' id='par_1_63' title="bbox 2126 2966 3720 3039">
     <span class='ocr_line' id='line_1_63' title="bbox 2126 2966 3720 3039; baseline 0 -18"><span class='ocrx_word' id='word_1_476' title='bbox 2126 2975 2393 3038; x_wconf 88' lang='lat' dir='ltr'><strong>quantum</strong></span> <span class='ocrx_word' id='word_1_477' title='bbox 2416 2975 2473 3022; x_wconf 89' lang='lat' dir='ltr'><strong>et</strong></span> <span class='ocrx_word' id='word_1_478' title='bbox 2498 2983 2530 3022; x_wconf 92' lang='lat' dir='ltr'><strong>a</strong></span> <span class='ocrx_word' id='word_1_479' title='bbox 2563 2966 2725 3023; x_wconf 91' lang='lat' dir='ltr'><strong>nobis</strong></span> <span class='ocrx_word' id='word_1_480' title='bbox 2744 2968 2888 3039; x_wconf 82' lang='lat' dir='ltr'><strong>exigi</strong></span> <span class='ocrx_word' id='word_1_481' title='bbox 2925 2984 3147 3038; x_wconf 83' lang='lat' dir='ltr'><strong>aequum</strong></span> <span class='ocrx_word' id='word_1_482' title='bbox 3173 2968 3335 3032; x_wconf 77' lang='lat' dir='ltr'><strong>foret,</strong></span> <span class='ocrx_word' id='word_1_483' title='bbox 3357 2979 3414 3023; x_wconf 89' lang='lat' dir='ltr'><strong>et</strong></span> <span class='ocrx_word' id='word_1_484' title='bbox 3433 2976 3720 3039; x_wconf 79' lang='lat' dir='ltr'><strong>quantum.</strong></span> 
     </span>
    </p>
   </div>
   <div class='ocr_carea' id='block_1_64' title="bbox 450 3057 2023 3130">
    <p class='ocr_par' dir='ltr' id='par_1_64' title="bbox 450 3057 2023 3130">
     <span class='ocr_line' id='line_1_64' title="bbox 450 3057 2023 3130; baseline 0.003 -23"><span class='ocrx_word' id='word_1_485' title='bbox 450 3071 571 3123; x_wconf 83' lang='lat' dir='ltr'><strong>pov;</strong></span> <span class='ocrx_word' id='word_1_486' title='bbox 610 3057 720 3110; x_wconf 76' lang='grc' dir='ltr'><strong>Καὶ</strong></span> <span class='ocrx_word' id='word_1_487' title='bbox 746 3057 799 3109; x_wconf 89' lang='grc' dir='ltr'><strong>τί</strong></span> <span class='ocrx_word' id='word_1_488' title='bbox 827 3057 1162 3130; x_wconf 86' lang='grc' dir='ltr'>θαυμαστὸν,</span> <span class='ocrx_word' id='word_1_489' title='bbox 1190 3060 1240 3112; x_wconf 83' lang='grc' dir='ltr'>εἰ</span> <span class='ocrx_word' id='word_1_490' title='bbox 1268 3059 1480 3114; x_wconf 80' lang='grc' dir='ltr'>ἐκείνου</span> <span class='ocrx_word' id='word_1_491' title='bbox 1510 3061 1866 3129; x_wconf 79' lang='grc' dir='ltr'>διαφυγόντος</span> <span class='ocrx_word' id='word_1_492' title='bbox 1888 3078 2023 3113; x_wconf 76' lang='grc' dir='ltr'>παν·</span> 
     </span>
    </p>
   </div>
   <div class='ocr_carea' id='block_1_65' title="bbox 444 3144 2023 3221">
    <p class='ocr_par' dir='ltr' id='par_1_65' title="bbox 444 3144 2023 3221">
     <span class='ocr_line' id='line_1_65' title="bbox 444 3144 2023 3221; baseline 0.003 -23"><span class='ocrx_word' id='word_1_493' title='bbox 444 3144 684 3201; x_wconf 82' lang='grc' dir='ltr'>τάπασιν</span> <span class='ocrx_word' id='word_1_494' title='bbox 717 3149 879 3219; x_wconf 82' lang='grc' dir='ltr'>ἡμεῖς</span> <span class='ocrx_word' id='word_1_495' title='bbox 927 3150 1107 3213; x_wconf 87' lang='grc' dir='ltr'>ποσῶς</span> <span class='ocrx_word' id='word_1_496' title='bbox 1157 3150 1639 3221; x_wconf 86' lang='grc' dir='ltr'>καταληφθείημεν</span> <span class='ocrx_word' id='word_1_497' title='bbox 1685 3152 1771 3217; x_wconf 81' lang='grc'><strong>⁸⁹;</strong></span> <span class='ocrx_word' id='word_1_498' title='bbox 1819 3149 2023 3212; x_wconf 76' lang='grc' dir='ltr'>Μεῖζον</span> 
     </span>
    </p>
   </div>
   <div class='ocr_carea' id='block_1_66' title="bbox 445 3237 2022 3313">
    <p class='ocr_par' dir='ltr' id='par_1_66' title="bbox 445 3237 2022 3313">
     <span class='ocr_line' id='line_1_66' title="bbox 445 3237 2022 3313; baseline 0.003 -24"><span class='ocrx_word' id='word_1_499' title='bbox 445 3237 555 3308; x_wconf 81' lang='grc' dir='ltr'>γὰρ</span> <span class='ocrx_word' id='word_1_500' title='bbox 583 3238 777 3308; x_wconf 65' lang='grc' dir='ltr'>ἐκείνῳ</span> <span class='ocrx_word' id='word_1_501' title='bbox 801 3240 863 3292; x_wconf 90' lang='grc' dir='ltr'>τὸ</span> <span class='ocrx_word' id='word_1_502' title='bbox 889 3240 1188 3311; x_wconf 83' lang='grc' dir='ltr'>διωχθῆναι</span> <span class='ocrx_word' id='word_1_503' title='bbox 1213 3243 1281 3306; x_wconf 74' lang='grc'><strong>⁷⁸,</strong></span> <span class='ocrx_word' id='word_1_504' title='bbox 1313 3242 1458 3313; x_wconf 87' lang='grc' dir='ltr'>ἡπερ</span> <span class='ocrx_word' id='word_1_505' title='bbox 1489 3243 1621 3312; x_wconf 88' lang='grc' dir='ltr'>ἡμῖν</span> <span class='ocrx_word' id='word_1_506' title='bbox 1670 3241 1734 3294; x_wconf 87' lang='grc' dir='ltr'>τὸ</span> <span class='ocrx_word' id='word_1_507' title='bbox 1776 3241 2022 3310; x_wconf 79' lang='grc' dir='ltr'>καταλη-</span> 
     </span>
    </p>
   </div>
   <div class='ocr_carea' id='block_1_67' title="bbox 445 3328 1872 3404">
    <p class='ocr_par' dir='ltr' id='par_1_67' title="bbox 445 3328 1872 3404">
     <span class='ocr_line' id='line_1_67' title="bbox 445 3328 1872 3404; baseline 0.004 -24"><span class='ocrx_word' id='word_1_508' title='bbox 445 3328 669 3398; x_wconf 85' lang='grc' dir='ltr'>φθῆναι,</span> <span class='ocrx_word' id='word_1_509' title='bbox 705 3331 852 3401; x_wconf 67' lang='grc' dir='ltr'>παρὰ</span> <span class='ocrx_word' id='word_1_510' title='bbox 881 3335 997 3397; x_wconf 88' lang='grc' dir='ltr'>τοῖς</span> <span class='ocrx_word' id='word_1_511' title='bbox 1034 3333 1210 3404; x_wconf 83' lang='grc' dir='ltr'>ὀρθῶς</span> <span class='ocrx_word' id='word_1_512' title='bbox 1242 3334 1419 3388; x_wconf 83' lang='grc' dir='ltr'>ταῦτα</span> <span class='ocrx_word' id='word_1_513' title='bbox 1448 3333 1872 3404; x_wconf 80' lang='grc' dir='ltr'>λογιζομένοις.»</span> 
     </span>
    </p>
   </div>
   <div class='ocr_carea' id='block_1_68' title="bbox 2125 3058 3718 3130">
    <p class='ocr_par' dir='ltr' id='par_1_68' title="bbox 2125 3058 3718 3130">
     <span class='ocr_line' id='line_1_68' title="bbox 2125 3058 3718 3130; baseline 0 -17"><span class='ocrx_word' id='word_1_514' title='bbox 2125 3058 2451 3126; x_wconf 86' lang='lat' dir='ltr'><strong>condonari,</strong></span> <span class='ocrx_word' id='word_1_515' title='bbox 2494 3058 2563 3113; x_wconf 88' lang='lat' dir='ltr'><strong>ad</strong></span> <span class='ocrx_word' id='word_1_516' title='bbox 2608 3058 2910 3129; x_wconf 81' lang='lat' dir='ltr'><strong>perfectam</strong></span> <span class='ocrx_word' id='word_1_517' title='bbox 2960 3060 3377 3126; x_wconf 89' lang='lat' dir='ltr'><strong>obedientiam;</strong></span> <span class='ocrx_word' id='word_1_518' title='bbox 3424 3076 3521 3130; x_wconf 90' lang='lat' dir='ltr'><strong>per</strong></span> <span class='ocrx_word' id='word_1_519' title='bbox 3560 3061 3718 3115; x_wconf 73' lang='lat' dir='ltr'><strong>bane</strong></span> 
     </span>
    </p>
   </div>
   <div class='ocr_carea' id='block_1_69' title="bbox 2125 3150 3704 3222">
    <p class='ocr_par' dir='ltr' id='par_1_69' title="bbox 2125 3150 3704 3222">
     <span class='ocr_line' id='line_1_69' title="bbox 2125 3150 3704 3222; baseline 0 -18"><span class='ocrx_word' id='word_1_520' title='bbox 2125 3151 2273 3205; x_wconf 90' lang='lat' dir='ltr'><strong>enim</strong></span> <span class='ocrx_word' id='word_1_521' title='bbox 2301 3165 2401 3205; x_wconf 88' lang='lat' dir='ltr'><strong>eos</strong></span> <span class='ocrx_word' id='word_1_522' title='bbox 2430 3165 2532 3205; x_wconf 89' lang='lat' dir='ltr'><strong>suo</strong></span> <span class='ocrx_word' id='word_1_523' title='bbox 2569 3150 2716 3205; x_wconf 88' lang='lat' dir='ltr'><strong>Patri</strong></span> <span class='ocrx_word' id='word_1_524' title='bbox 2741 3150 3016 3205; x_wconf 85' lang='lat' dir='ltr'><strong>adducere</strong></span> <span class='ocrx_word' id='word_1_525' title='bbox 3043 3152 3182 3206; x_wconf 89' lang='lat' dir='ltr'><strong>solet</strong></span> <span class='ocrx_word' id='word_1_526' title='bbox 3220 3151 3313 3221; x_wconf 88' lang='lat' dir='ltr'><strong>qui</strong></span> <span class='ocrx_word' id='word_1_527' title='bbox 3348 3152 3525 3205; x_wconf 88' lang='lat' dir='ltr'><strong>salute</strong></span> <span class='ocrx_word' id='word_1_528' title='bbox 3551 3151 3704 3222; x_wconf 77' lang='lat' dir='ltr'><strong>digni</strong></span> 
     </span>
    </p>
   </div>
   <div class='ocr_carea' id='block_1_70' title="bbox 2126 3240 3717 3312">
    <p class='ocr_par' dir='ltr' id='par_1_70' title="bbox 2126 3240 3717 3312">
     <span class='ocr_line' id='line_1_70' title="bbox 2126 3240 3717 3312; baseline 0.001 -19"><span class='ocrx_word' id='word_1_529' title='bbox 2126 3240 2485 3295; x_wconf 88' lang='lat' dir='ltr'><strong>videbantur.</strong></span> <span class='ocrx_word' id='word_1_530' title='bbox 2516 3241 2690 3306; x_wconf 86' lang='lat' dir='ltr'><strong>Quam</strong></span> <span class='ocrx_word' id='word_1_531' title='bbox 2738 3257 3021 3312; x_wconf 87' lang='lat' dir='ltr'><strong>magnum,</strong></span> <span class='ocrx_word' id='word_1_532' title='bbox 3065 3257 3230 3310; x_wconf 87' lang='lat' dir='ltr'><strong>quam</strong></span> <span class='ocrx_word' id='word_1_533' title='bbox 3290 3257 3422 3295; x_wconf 87' lang='lat' dir='ltr'><strong>vere</strong></span> <span class='ocrx_word' id='word_1_534' title='bbox 3457 3250 3717 3297; x_wconf 78' lang='lat' dir='ltr'><strong>tremen-</strong></span> 
     </span>
    </p>
   </div>
   <div class='ocr_carea' id='block_1_71' title="bbox 2128 3331 3719 3404">
    <p class='ocr_par' dir='ltr' id='par_1_71' title="bbox 2128 3331 3719 3404">
     <span class='ocr_line' id='line_1_71' title="bbox 2128 3331 3719 3404; baseline -0.001 -18"><span class='ocrx_word' id='word_1_535' title='bbox 2128 3331 2260 3386; x_wconf 88' lang='lat' dir='ltr'><strong>dum</strong></span> <span class='ocrx_word' id='word_1_536' title='bbox 2297 3339 2384 3386; x_wconf 90' lang='lat' dir='ltr'><strong>est</strong></span> <span class='ocrx_word' id='word_1_537' title='bbox 2410 3340 2614 3387; x_wconf 68' lang='lat' dir='ltr'><strong>nostrae</strong></span> <span class='ocrx_word' id='word_1_538' title='bbox 2666 3332 2860 3387; x_wconf 89' lang='lat' dir='ltr'><strong>salutis</strong></span> <span class='ocrx_word' id='word_1_539' title='bbox 2890 3331 3251 3404; x_wconf 73' lang='lat' dir='ltr'><strong>mysterium!</strong></span> <span class='ocrx_word' id='word_1_540' title='bbox 3286 3332 3523 3387; x_wconf 87' lang='lat' dir='ltr'><strong>Tantum</strong></span> <span class='ocrx_word' id='word_1_541' title='bbox 3554 3347 3584 3384; x_wconf 90' lang='lat' dir='ltr'><strong>a</strong></span> <span class='ocrx_word' id='word_1_542' title='bbox 3606 3348 3719 3385; x_wconf 76' lang='lat' dir='ltr'><strong>no-</strong></span> 
     </span>
    </p>
   </div>
   <div class='ocr_carea' id='block_1_72' title="bbox 447 3418 3704 3496">
    <p class='ocr_par' dir='ltr' id='par_1_72' title="bbox 447 3418 3704 3496">
     <span class='ocr_line' id='line_1_72' title="bbox 447 3418 3704 3496; baseline 0 -21"><span class='ocrx_word' id='word_1_543' title='bbox 447 3422 532 3475; x_wconf 86' lang='lat' dir='ltr'><strong>bis</strong></span> <span class='ocrx_word' id='word_1_544' title='bbox 592 3423 832 3494; x_wconf 77' lang='lat' dir='ltr'><strong>exigitur</strong></span> <span class='ocrx_word' id='word_1_545' title='bbox 893 3435 1161 3494; x_wconf 88' lang='lat' dir='ltr'><strong>quantum</strong></span> <span class='ocrx_word' id='word_1_546' title='bbox 1208 3426 1277 3480; x_wconf 90' lang='lat' dir='ltr'><strong>ab</strong></span> <span class='ocrx_word' id='word_1_547' title='bbox 1326 3426 1444 3496; x_wconf 91' lang='lat' dir='ltr'><strong>ipso</strong></span> <span class='ocrx_word' id='word_1_548' title='bbox 1505 3426 1560 3480; x_wconf 91' lang='lat' dir='ltr'><strong>in</strong></span> <span class='ocrx_word' id='word_1_549' title='bbox 1600 3434 1791 3480; x_wconf 88' lang='lat' dir='ltr'><strong>nostra</strong></span> <span class='ocrx_word' id='word_1_550' title='bbox 1815 3434 2015 3480; x_wconf 91' lang='lat' dir='ltr'><strong>natura</strong></span> <span class='ocrx_word' id='word_1_551' title='bbox 2052 3423 2379 3479; x_wconf 90' lang='lat' dir='ltr'><strong>constituto.</strong></span> <span class='ocrx_word' id='word_1_552' title='bbox 2440 3423 2557 3477; x_wconf 85' lang='lat' dir='ltr'><strong>Nisi</strong></span> <span class='ocrx_word' id='word_1_553' title='bbox 2611 3423 2754 3479; x_wconf 76' lang='lat' dir='ltr'><strong>forte</strong></span> <span class='ocrx_word' id='word_1_554' title='bbox 2791 3424 2888 3480; x_wconf 83' lang='lat' dir='ltr'><strong>ubi</strong></span> <span class='ocrx_word' id='word_1_555' title='bbox 2934 3425 3235 3480; x_wconf 89' lang='lat' dir='ltr'><strong>voluntatis</strong></span> <span class='ocrx_word' id='word_1_556' title='bbox 3296 3424 3364 3479; x_wconf 87' lang='lat' dir='ltr'><strong>ad</strong></span> <span class='ocrx_word' id='word_1_557' title='bbox 3414 3418 3704 3494; x_wconf 82' lang='lat' dir='ltr'><strong>peccatum</strong></span> 
     </span>
    </p>
   </div>
   <div class='ocr_carea' id='block_1_73' title="bbox 449 3513 3719 3587">
    <p class='ocr_par' dir='ltr' id='par_1_73' title="bbox 449 3513 3719 3587">
     <span class='ocr_line' id='line_1_73' title="bbox 449 3513 3719 3587; baseline 0.001 -21"><span class='ocrx_word' id='word_1_558' title='bbox 449 3528 638 3584; x_wconf 73' lang='lat' dir='ltr'><strong>pronae</strong></span> <span class='ocrx_word' id='word_1_559' title='bbox 666 3513 954 3572; x_wconf 88' lang='lat' dir='ltr'><strong>inclinatio</strong></span> <span class='ocrx_word' id='word_1_560' title='bbox 990 3526 1202 3573; x_wconf 61' lang='lat' dir='ltr'><strong>natura;</strong></span> <span class='ocrx_word' id='word_1_561' title='bbox 1247 3516 1626 3573; x_wconf 87' lang='lat' dir='ltr'><strong>imbecillitate</strong></span> <span class='ocrx_word' id='word_1_562' title='bbox 1659 3517 1727 3571; x_wconf 87' lang='lat' dir='ltr'><strong>ad</strong></span> <span class='ocrx_word' id='word_1_563' title='bbox 1783 3517 1914 3572; x_wconf 90' lang='lat' dir='ltr'><strong>mali</strong></span> <span class='ocrx_word' id='word_1_564' title='bbox 1972 3515 2322 3571; x_wconf 88' lang='lat' dir='ltr'><strong>occasionem</strong></span> <span class='ocrx_word' id='word_1_565' title='bbox 2380 3514 2665 3570; x_wconf 87' lang='lat' dir='ltr'><strong>abutatur.</strong></span> <span class='ocrx_word' id='word_1_566' title='bbox 2732 3517 2906 3586; x_wconf 87' lang='lat' dir='ltr'><strong>Hujus</strong></span> <span class='ocrx_word' id='word_1_567' title='bbox 2946 3517 3225 3587; x_wconf 90' lang='lat' dir='ltr'><strong>opinionis</strong></span> <span class='ocrx_word' id='word_1_568' title='bbox 3276 3517 3570 3572; x_wconf 80' lang='lat' dir='ltr'><strong>manifesto</strong></span> <span class='ocrx_word' id='word_1_569' title='bbox 3621 3525 3719 3572; x_wconf 64' lang='lat' dir='ltr'><strong>est:</strong></span> 
     </span>
    </p>
   </div>
   <div class='ocr_carea' id='block_1_74' title="bbox 448 3606 3757 3680">
    <p class='ocr_par' dir='ltr' id='par_1_74' title="bbox 448 3606 3757 3680">
     <span class='ocr_line' id='line_1_74' title="bbox 448 3606 3757 3680; baseline 0.001 -22"><span class='ocrx_word' id='word_1_570' title='bbox 448 3620 679 3678; x_wconf 87' lang='lat' dir='ltr'><strong>magnus</strong></span> <span class='ocrx_word' id='word_1_571' title='bbox 708 3609 801 3664; x_wconf 90' lang='lat' dir='ltr'><strong>hic</strong></span> <span class='ocrx_word' id='word_1_572' title='bbox 830 3609 1114 3680; x_wconf 80' lang='lat' dir='ltr'><strong>magister,</strong></span> <span class='ocrx_word' id='word_1_573' title='bbox 1151 3624 1400 3680; x_wconf 38' lang='lat' dir='ltr'><strong>eamque»</strong></span> <span class='ocrx_word' id='word_1_574' title='bbox 1453 3609 1510 3664; x_wconf 91' lang='lat' dir='ltr'><strong>in</strong></span> <span class='ocrx_word' id='word_1_575' title='bbox 1570 3609 1933 3679; x_wconf 86' lang='lat' dir='ltr'><strong>sequentibus</strong></span> <span class='ocrx_word' id='word_1_576' title='bbox 1969 3606 2280 3662; x_wconf 75' lang='lat' dir='ltr'><strong>confirmat.</strong></span> <span class='ocrx_word' id='word_1_577' title='bbox 2312 3624 2330 3657; x_wconf 77' lang='grc' dir='ltr'><strong>ι</strong></span> <span class='ocrx_word' id='word_1_578' title='bbox 2367 3606 2501 3662; x_wconf 81' lang='lat' dir='ltr'><strong>Nam</strong></span> <span class='ocrx_word' id='word_1_579' title='bbox 2540 3624 2666 3662; x_wconf 91' lang='lat' dir='ltr'><strong>cum</strong></span> <span class='ocrx_word' id='word_1_580' title='bbox 2717 3608 2898 3662; x_wconf 90' lang='lat' dir='ltr'><strong>lucem</strong></span> <span class='ocrx_word' id='word_1_581' title='bbox 2958 3608 3104 3661; x_wconf 85' lang='lat' dir='ltr'><strong>illam</strong></span> <span class='ocrx_word' id='word_1_582' title='bbox 3155 3614 3386 3678; x_wconf 88' lang='lat' dir='ltr'><strong>propter</strong></span> <span class='ocrx_word' id='word_1_583' title='bbox 3454 3608 3721 3678; x_wconf 87' lang='lat' dir='ltr'><strong>corporis.</strong></span> <span class='ocrx_word' id='word_1_584' title='bbox 3754 3614 3757 3615; x_wconf 67' lang='grc'><strong><em>⁷</em></strong></span> 
     </span>
    </p>
   </div>
   <div class='ocr_carea' id='block_1_75' title="bbox 450 3698 3699 3769">
    <p class='ocr_par' dir='ltr' id='par_1_75' title="bbox 450 3698 3699 3769">
     <span class='ocr_line' id='line_1_75' title="bbox 450 3698 3699 3769; baseline 0 -18"><span class='ocrx_word' id='word_1_585' title='bbox 450 3706 828 3769; x_wconf 86' lang='lat' dir='ltr'><strong>tegumentum</strong></span> <span class='ocrx_word' id='word_1_586' title='bbox 862 3702 917 3754; x_wconf 91' lang='lat' dir='ltr'><strong>in</strong></span> <span class='ocrx_word' id='word_1_587' title='bbox 945 3703 1212 3766; x_wconf 88' lang='lat' dir='ltr'><strong>tenebris,</strong></span> <span class='ocrx_word' id='word_1_588' title='bbox 1261 3702 1368 3757; x_wconf 90' lang='lat' dir='ltr'><strong>hoc</strong></span> <span class='ocrx_word' id='word_1_589' title='bbox 1416 3711 1502 3757; x_wconf 89' lang='lat' dir='ltr'><strong>est</strong></span> <span class='ocrx_word' id='word_1_590' title='bbox 1549 3702 1604 3755; x_wconf 92' lang='lat' dir='ltr'><strong>in</strong></span> <span class='ocrx_word' id='word_1_591' title='bbox 1638 3701 1744 3756; x_wconf 86' lang='lat' dir='ltr'><strong>hac</strong></span> <span class='ocrx_word' id='word_1_592' title='bbox 1769 3700 1907 3764; x_wconf 88' lang='lat' dir='ltr'><strong>vita,</strong></span> <span class='ocrx_word' id='word_1_593' title='bbox 1948 3700 2165 3762; x_wconf 90' lang='lat' dir='ltr'><strong>lucens,</strong></span> <span class='ocrx_word' id='word_1_594' title='bbox 2194 3698 2440 3754; x_wconf 72' lang='lat' dir='ltr'><strong>tenebrae</strong></span> <span class='ocrx_word' id='word_1_595' title='bbox 2502 3699 2644 3764; x_wconf 75' lang='lat' dir='ltr'><strong>aliae,</strong></span> <span class='ocrx_word' id='word_1_596' title='bbox 2713 3700 2820 3754; x_wconf 88' lang='lat' dir='ltr'><strong>hoc</strong></span> <span class='ocrx_word' id='word_1_597' title='bbox 2868 3708 2952 3753; x_wconf 85' lang='lat' dir='ltr'><strong>est</strong></span> <span class='ocrx_word' id='word_1_598' title='bbox 3013 3716 3216 3769; x_wconf 88' lang='lat' dir='ltr'><strong>pravus</strong></span> <span class='ocrx_word' id='word_1_599' title='bbox 3245 3700 3337 3754; x_wconf 90' lang='lat' dir='ltr'><strong>ille</strong></span> <span class='ocrx_word' id='word_1_600' title='bbox 3362 3707 3419 3753; x_wconf 83' lang='lat' dir='ltr'><strong>et</strong></span> <span class='ocrx_word' id='word_1_601' title='bbox 3457 3707 3699 3754; x_wconf 83' lang='lat' dir='ltr'><strong>tentalor</strong></span> 
     </span>
    </p>
   </div>
   <div class='ocr_carea' id='block_1_76' title="bbox 451 3788 3713 3864">
    <p class='ocr_par' dir='ltr' id='par_1_76' title="bbox 451 3788 3713 3864">
     <span class='ocr_line' id='line_1_76' title="bbox 451 3788 3713 3864; baseline -0 -18"><span class='ocrx_word' id='word_1_602' title='bbox 451 3791 750 3847; x_wconf 87' lang='lat' dir='ltr'><strong>insectatus</strong></span> <span class='ocrx_word' id='word_1_603' title='bbox 783 3794 877 3858; x_wconf 89' lang='lat' dir='ltr'><strong>sit,</strong></span> <span class='ocrx_word' id='word_1_604' title='bbox 909 3802 1117 3863; x_wconf 89' lang='lat' dir='ltr'><strong>quanto</strong></span> <span class='ocrx_word' id='word_1_605' title='bbox 1155 3794 1329 3864; x_wconf 86' lang='lat' dir='ltr'><strong>magis</strong></span> <span class='ocrx_word' id='word_1_606' title='bbox 1355 3793 1612 3848; x_wconf 87' lang='lat' dir='ltr'><strong>tenebras</strong></span> <span class='ocrx_word' id='word_1_607' title='bbox 1631 3793 1803 3863; x_wconf 86' lang='lat' dir='ltr'><strong>ipsas,</strong></span> <span class='ocrx_word' id='word_1_608' title='bbox 1830 3799 2027 3861; x_wconf 84' lang='lat' dir='ltr'><strong>utpote</strong></span> <span class='ocrx_word' id='word_1_609' title='bbox 2067 3788 2441 3849; x_wconf 82' lang='lat' dir='ltr'><strong>inﬁrmiores?</strong></span> <span class='ocrx_word' id='word_1_610' title='bbox 2504 3790 2571 3844; x_wconf 84' lang='lat' dir='ltr'><strong>Et</strong></span> <span class='ocrx_word' id='word_1_611' title='bbox 2604 3790 2737 3859; x_wconf 90' lang='lat' dir='ltr'><strong>quid</strong></span> <span class='ocrx_word' id='word_1_612' title='bbox 2778 3791 3002 3855; x_wconf 90' lang='lat' dir='ltr'><strong>mirum,</strong></span> <span class='ocrx_word' id='word_1_613' title='bbox 3045 3790 3090 3844; x_wconf 92' lang='lat' dir='ltr'><strong>si</strong></span> <span class='ocrx_word' id='word_1_614' title='bbox 3144 3807 3270 3845; x_wconf 88' lang='lat' dir='ltr'><strong>eum</strong></span> <span class='ocrx_word' id='word_1_615' title='bbox 3324 3791 3414 3845; x_wconf 86' lang='lat' dir='ltr'><strong>ille</strong></span> <span class='ocrx_word' id='word_1_616' title='bbox 3472 3790 3713 3845; x_wconf 72' lang='lat' dir='ltr'><strong>hostiles</strong></span> 
     </span>
    </p>
   </div>
   <div class='ocr_carea' id='block_1_77' title="bbox 451 3883 3719 3960">
    <p class='ocr_par' dir='ltr' id='par_1_77' title="bbox 451 3883 3719 3960">
     <span class='ocr_line' id='line_1_77' title="bbox 451 3883 3719 3960; baseline -0.001 -20"><span class='ocrx_word' id='word_1_617' title='bbox 451 3886 676 3957; x_wconf 88' lang='lat' dir='ltr'><strong>laqueos</strong></span> <span class='ocrx_word' id='word_1_618' title='bbox 707 3888 932 3943; x_wconf 88' lang='lat' dir='ltr'><strong>omnino</strong></span> <span class='ocrx_word' id='word_1_619' title='bbox 961 3887 1238 3960; x_wconf 81' lang='lat' dir='ltr'><strong>eﬂ‘ugerit,</strong></span> <span class='ocrx_word' id='word_1_620' title='bbox 1301 3903 1404 3943; x_wconf 90' lang='lat' dir='ltr'><strong>nos</strong></span> <span class='ocrx_word' id='word_1_621' title='bbox 1436 3888 1843 3958; x_wconf 86' lang='lat' dir='ltr'><strong>quadamtenus</strong></span> <span class='ocrx_word' id='word_1_622' title='bbox 1906 3884 2479 3955; x_wconf 87' lang='lat' dir='ltr'><strong>comprehendamur?</strong></span> <span class='ocrx_word' id='word_1_623' title='bbox 2529 3883 2702 3955; x_wconf 83' lang='lat' dir='ltr'><strong>Majus</strong></span> <span class='ocrx_word' id='word_1_624' title='bbox 2764 3884 2969 3954; x_wconf 88' lang='lat' dir='ltr'><strong>quippe</strong></span> <span class='ocrx_word' id='word_1_625' title='bbox 3014 3884 3092 3937; x_wconf 90' lang='lat' dir='ltr'><strong>illi</strong></span> <span class='ocrx_word' id='word_1_626' title='bbox 3150 3891 3255 3947; x_wconf 85' lang='lat' dir='ltr'><strong>est,</strong></span> <span class='ocrx_word' id='word_1_627' title='bbox 3317 3883 3463 3953; x_wconf 82' lang='lat' dir='ltr'><strong>quod</strong></span> <span class='ocrx_word' id='word_1_628' title='bbox 3531 3884 3719 3939; x_wconf 82' lang='lat' dir='ltr'><strong>hostis.</strong></span> 
     </span>
    </p>
   </div>
   <div class='ocr_carea' id='block_1_78' title="bbox 448 3973 3786 4048">
    <p class='ocr_par' dir='ltr' id='par_1_78' title="bbox 448 3973 3786 4048">
     <span class='ocr_line' id='line_1_78' title="bbox 448 3973 3786 4048; baseline 0 -21"><span class='ocrx_word' id='word_1_629' title='bbox 448 3989 577 4028; x_wconf 88' lang='lat' dir='ltr'><strong>eum</strong></span> <span class='ocrx_word' id='word_1_630' title='bbox 609 3983 935 4045; x_wconf 88' lang='lat' dir='ltr'><strong>persecutus</strong></span> <span class='ocrx_word' id='word_1_631' title='bbox 972 3976 1065 4036; x_wconf 87' lang='lat' dir='ltr'><strong>sit.</strong></span> <span class='ocrx_word' id='word_1_632' title='bbox 1109 3991 1274 4046; x_wconf 90' lang='lat' dir='ltr'><strong>quam</strong></span> <span class='ocrx_word' id='word_1_633' title='bbox 1312 3977 1498 4043; x_wconf 88' lang='lat' dir='ltr'><strong>nobis,</strong></span> <span class='ocrx_word' id='word_1_634' title='bbox 1560 3977 1711 4048; x_wconf 89' lang='lat' dir='ltr'><strong>quod</strong></span> <span class='ocrx_word' id='word_1_635' title='bbox 1744 3991 1846 4031; x_wconf 90' lang='lat' dir='ltr'><strong>nos</strong></span> <span class='ocrx_word' id='word_1_636' title='bbox 1878 3980 2208 4044; x_wconf 88' lang='lat' dir='ltr'><strong>assequatur</strong></span> <span class='ocrx_word' id='word_1_637' title='bbox 2278 3980 2441 4043; x_wconf 90' lang='lat' dir='ltr'><strong>atque</strong></span> <span class='ocrx_word' id='word_1_638' title='bbox 2492 3973 2947 4044; x_wconf 87' lang='lat' dir='ltr'><strong>comprehendat,</strong></span> <span class='ocrx_word' id='word_1_639' title='bbox 2991 3973 3137 4044; x_wconf 89' lang='lat' dir='ltr'><strong>apud</strong></span> <span class='ocrx_word' id='word_1_640' title='bbox 3200 3990 3296 4029; x_wconf 92' lang='lat' dir='ltr'><strong>eos</strong></span> <span class='ocrx_word' id='word_1_641' title='bbox 3353 3974 3546 4044; x_wconf 84' lang='lat' dir='ltr'><strong>utique</strong></span> <span class='ocrx_word' id='word_1_642' title='bbox 3606 3975 3714 4043; x_wconf 84' lang='lat' dir='ltr'><strong>qui.</strong></span> <span class='ocrx_word' id='word_1_643' title='bbox 3774 4010 3786 4019; x_wconf 76' lang='grc'><strong>-</strong></span> 
     </span>
    </p>
   </div>
   <div class='ocr_carea' id='block_1_79' title="bbox 452 4052 1817 4137">
    <p class='ocr_par' dir='ltr' id='par_1_79' title="bbox 452 4052 1817 4137">
     <span class='ocr_line' id='line_1_79' title="bbox 452 4052 1817 4137; baseline 0 -19"><span class='ocrx_word' id='word_1_644' title='bbox 452 4064 569 4119; x_wconf 66' lang='lat' dir='ltr'><strong>lisse</strong></span> <span class='ocrx_word' id='word_1_645' title='bbox 594 4072 741 4120; x_wconf 89' lang='lat' dir='ltr'><strong>recta</strong></span> <span class='ocrx_word' id='word_1_646' title='bbox 770 4065 984 4120; x_wconf 84' lang='lat' dir='ltr'><strong>ratione</strong></span> <span class='ocrx_word' id='word_1_647' title='bbox 1014 4067 1384 4137; x_wconf 89' lang='lat' dir='ltr'><strong>perpendunt.</strong></span> <span class='ocrx_word' id='word_1_648' title='bbox 1418 4086 1435 4118; x_wconf 75' lang='grc' dir='ltr'><strong>ι</strong></span> <span class='ocrx_word' id='word_1_649' title='bbox 1811 4052 1817 4061; x_wconf 82' lang='grc'><em>’</em></span> 
     </span>
    </p>
   </div>
   <div class='ocr_carea' id='block_1_80' title="bbox 452 4201 2023 4313">
    <p class='ocr_par' dir='ltr' id='par_1_80' title="bbox 452 4201 2023 4310">
     <span class='ocr_line' id='line_1_80' title="bbox 452 4201 2023 4310; baseline -0.01 1"><span class='ocrx_word' id='word_1_650' title='bbox 452 4244 558 4308; x_wconf 81' lang='grc' dir='ltr'><strong>Εἰς</strong></span> <span class='ocrx_word' id='word_1_651' title='bbox 587 4240 701 4307; x_wconf 69' lang='grc' dir='ltr'><strong>τὴν</strong></span> <span class='ocrx_word' id='word_1_652' title='bbox 736 4201 898 4310; x_wconf 8' lang='grc' dir='ltr'><strong>πρὸςν</strong></span> <span class='ocrx_word' id='word_1_653' title='bbox 925 4244 974 4295; x_wconf 83' lang='grc' dir='ltr'><em>Γ</em></span> <span class='ocrx_word' id='word_1_654' title='bbox 976 4242 1110 4295; x_wconf 77' lang='grc' dir='ltr'><strong>άῖον</strong></span> <span class='ocrx_word' id='word_1_655' title='bbox 1138 4242 1246 4295; x_wconf 85' lang='grc' dir='ltr'><strong>τὸν</strong></span> <span class='ocrx_word' id='word_1_656' title='bbox 1274 4240 1648 4310; x_wconf 78' lang='grc' dir='ltr'>θεραπευτὴν</span> <span class='ocrx_word' id='word_1_657' title='bbox 1690 4242 2023 4310; x_wconf 78' lang='grc' dir='ltr'>ἐπιστολὴν</span> 
     </span>
    </p>
   </div>
   <div class='ocr_carea' id='block_1_81' title="bbox 2126 4201 3703 4313">
    <p class='ocr_par' dir='ltr' id='par_1_81' title="bbox 2126 4241 3703 4313">
     <span class='ocr_line' id='line_1_81' title="bbox 2126 4241 3703 4313; baseline 0 -16"><span class='ocrx_word' id='word_1_658' title='bbox 2126 4243 2186 4297; x_wconf 86' lang='grc' dir='ltr'><strong>1η</strong></span> <span class='ocrx_word' id='word_1_659' title='bbox 2242 4242 2519 4313; x_wconf 78' lang='lat' dir='ltr'><strong>epistolam</strong></span> <span class='ocrx_word' id='word_1_660' title='bbox 2573 4242 2628 4297; x_wconf 91' lang='lat' dir='ltr'><strong>S.</strong></span> <span class='ocrx_word' id='word_1_661' title='bbox 2693 4242 2931 4312; x_wconf 76' lang='lat' dir='ltr'><strong>Dionysii</strong></span> <span class='ocrx_word' id='word_1_662' title='bbox 2994 4241 3314 4310; x_wconf 74' lang='lat' dir='ltr'><strong>4reopagitce</strong></span> <span class='ocrx_word' id='word_1_663' title='bbox 3373 4241 3703 4297; x_wconf 80' lang='lat' dir='ltr'><strong>Athenarum</strong></span> 
     </span>
    </p>
   </div>
   <div class='ocr_carea' id='block_1_82' title="bbox 522 4331 2024 4401">
    <p class='ocr_par' dir='ltr' id='par_1_82' title="bbox 522 4331 2024 4401">
     <span class='ocr_line' id='line_1_82' title="bbox 522 4331 2024 4401; baseline 0.001 -16"><span class='ocrx_word' id='word_1_664' title='bbox 522 4331 630 4385; x_wconf 85' lang='grc' dir='ltr'>τοῦ</span> <span class='ocrx_word' id='word_1_665' title='bbox 656 4331 701 4363; x_wconf 74' lang='grc'><strong>⁷⁸</strong></span> <span class='ocrx_word' id='word_1_666' title='bbox 742 4333 1061 4387; x_wconf 84' lang='grc' dir='ltr'><strong>Διονυσίου</strong></span> <span class='ocrx_word' id='word_1_667' title='bbox 1082 4332 1186 4386; x_wconf 88' lang='grc' dir='ltr'>τοῦ</span> <span class='ocrx_word' id='word_1_668' title='bbox 1215 4333 1657 4401; x_wconf 75' lang='grc' dir='ltr'>Ἀρεοπαγίτου,</span> <span class='ocrx_word' id='word_1_669' title='bbox 1685 4333 2024 4387; x_wconf 79' lang='grc' dir='ltr'>ἐπισκόπου</span> 
     </span>
    </p>
   </div>
   <div class='ocr_carea' id='block_1_83' title="bbox 536 4422 2069 4492">
    <p class='ocr_par' dir='ltr' id='par_1_83' title="bbox 536 4422 2069 4492">
     <span class='ocr_line' id='line_1_83' title="bbox 536 4422 2069 4492; baseline -0.001 -15"><span class='ocrx_word' id='word_1_670' title='bbox 536 4423 817 4492; x_wconf 69' lang='grc' dir='ltr'><strong>Ἀθηνῶν·⁸</strong></span> <span class='ocrx_word' id='word_1_671' title='bbox 856 4443 875 4476; x_wconf 72' lang='grc' dir='ltr'><strong>ι</strong></span> <span class='ocrx_word' id='word_1_672' title='bbox 923 4422 1073 4489; x_wconf 87' lang='grc' dir='ltr'>Πῶς,</span> <span class='ocrx_word' id='word_1_673' title='bbox 1105 4423 1246 4492; x_wconf 71' lang='grc' dir='ltr'>φὴς,</span> <span class='ocrx_word' id='word_1_674' title='bbox 1283 4423 1536 4491; x_wconf 80' lang='grc' dir='ltr'>Ἰησοῦς,</span> <span class='ocrx_word' id='word_1_675' title='bbox 1577 4428 1611 4478; x_wconf 84' lang='grc' dir='ltr'><em>ὀ</em></span> <span class='ocrx_word' id='word_1_676' title='bbox 1645 4422 1888 4477; x_wconf 80' lang='grc' dir='ltr'>πάντων</span> <span class='ocrx_word' id='word_1_677' title='bbox 1923 4425 2026 4477; x_wconf 79' lang='grc' dir='ltr'><strong>ἐπ·</strong></span> <span class='ocrx_word' id='word_1_678' title='bbox 2062 4432 2069 4437; x_wconf 88' lang='grc'><strong>’</strong></span> 
     </span>
    </p>
   </div>
   <div class='ocr_carea' id='block_1_84' title="bbox 522 4514 2026 4581">
    <p class='ocr_par' dir='ltr' id='par_1_84' title="bbox 522 4514 2026 4581">
     <span class='ocr_line' id='line_1_84' title="bbox 522 4514 2026 4581; baseline 0.001 -14"><span class='ocrx_word' id='word_1_679' title='bbox 522 4514 747 4581; x_wconf 79' lang='grc' dir='ltr'>ἐκεινα,</span> <span class='ocrx_word' id='word_1_680' title='bbox 796 4514 989 4572; x_wconf 78' lang='grc' dir='ltr'><em>πᾶσιν</em></span> <span class='ocrx_word' id='word_1_681' title='bbox 1026 4515 1357 4580; x_wconf 79' lang='grc' dir='ltr'>ἀνθρώποις</span> <span class='ocrx_word' id='word_1_682' title='bbox 1396 4517 1569 4569; x_wconf 77' lang='grc' dir='ltr'><strong>ἐστὶν</strong></span> <span class='ocrx_word' id='word_1_683' title='bbox 1620 4516 1667 4546; x_wconf 76' lang='grc'><strong>’³</strong></span> <span class='ocrx_word' id='word_1_684' title='bbox 1719 4514 2026 4581; x_wconf 83' lang='grc' dir='ltr'>οὑσιωδῶς</span> 
     </span>
    </p>
   </div>
   <div class='ocr_carea' id='block_1_85' title="bbox 523 4606 2025 4677">
    <p class='ocr_par' dir='ltr' id='par_1_85' title="bbox 523 4606 2025 4677">
     <span class='ocr_line' id='line_1_85' title="bbox 523 4606 2025 4677; baseline -0.001 -16"><span class='ocrx_word' id='word_1_685' title='bbox 523 4608 1001 4677; x_wconf 71' lang='grc' dir='ltr'>συντεταγμένος</span> <span class='ocrx_word' id='word_1_686' title='bbox 1017 4625 1036 4672; x_wconf 89' lang='grc'><strong><em>;</em></strong></span> <span class='ocrx_word' id='word_1_687' title='bbox 1090 4607 1243 4662; x_wconf 80' lang='grc' dir='ltr'><strong>Οὐδὲ</strong></span> <span class='ocrx_word' id='word_1_688' title='bbox 1280 4613 1389 4677; x_wconf 74' lang='grc' dir='ltr'>γὰρ</span> <span class='ocrx_word' id='word_1_689' title='bbox 1442 4609 1523 4674; x_wconf 85' lang='grc' dir='ltr'>ὡς</span> <span class='ocrx_word' id='word_1_690' title='bbox 1565 4606 1753 4673; x_wconf 83' lang='grc' dir='ltr'>αἴτιος</span> <span class='ocrx_word' id='word_1_691' title='bbox 1803 4606 2025 4675; x_wconf 77' lang='grc' dir='ltr'><strong>ἀνθρώ-</strong></span> 
     </span>
    </p>
   </div>
   <div class='ocr_carea' id='block_1_86' title="bbox 525 4697 2027 4767">
    <p class='ocr_par' dir='ltr' id='par_1_86' title="bbox 525 4697 2027 4767">
     <span class='ocr_line' id='line_1_86' title="bbox 525 4697 2027 4767; baseline 0 -16"><span class='ocrx_word' id='word_1_692' title='bbox 525 4713 660 4752; x_wconf 62' lang='grc' dir='ltr'><strong>πωκ</strong></span> <span class='ocrx_word' id='word_1_693' title='bbox 682 4698 896 4753; x_wconf 73' lang='grc' dir='ltr'>ἐνθάδε</span> <span class='ocrx_word' id='word_1_694' title='bbox 924 4698 1161 4767; x_wconf 75' lang='grc' dir='ltr'>λέγεται</span> <span class='ocrx_word' id='word_1_695' title='bbox 1198 4698 1529 4765; x_wconf 77' lang='grc' dir='ltr'>ἄνθρωπος,</span> <span class='ocrx_word' id='word_1_696' title='bbox 1561 4697 1701 4751; x_wconf 70' lang='grc' dir='ltr'><em>ἀλλ’</em></span> <span class='ocrx_word' id='word_1_697' title='bbox 1731 4698 1811 4763; x_wconf 83' lang='grc' dir='ltr'><strong>ώς</strong></span> <span class='ocrx_word' id='word_1_698' title='bbox 1845 4698 2027 4764; x_wconf 83' lang='grc' dir='ltr'>αὐτὸς</span> 
     </span>
    </p>
   </div>
   <div class='ocr_carea' id='block_1_87' title="bbox 523 4785 1881 4855">
    <p class='ocr_par' dir='ltr' id='par_1_87' title="bbox 523 4785 1881 4855">
     <span class='ocr_line' id='line_1_87' title="bbox 523 4785 1881 4855; baseline -0.001 -14"><span class='ocrx_word' id='word_1_699' title='bbox 523 4787 653 4841; x_wconf 79' lang='grc' dir='ltr'>κατ’</span> <span class='ocrx_word' id='word_1_700' title='bbox 679 4788 902 4842; x_wconf 79' lang='grc' dir='ltr'>οὐσίαν</span> <span class='ocrx_word' id='word_1_701' title='bbox 921 4787 1077 4853; x_wconf 73' lang='grc' dir='ltr'><strong>ὅλην</strong></span> <span class='ocrx_word' id='word_1_702' title='bbox 1108 4786 1352 4854; x_wconf 81' lang='grc' dir='ltr'>ἀληθῶς</span> <span class='ocrx_word' id='word_1_703' title='bbox 1389 4785 1692 4855; x_wconf 71' lang='grc' dir='ltr'>ἅνθρωπος</span> <span class='ocrx_word' id='word_1_704' title='bbox 1725 4786 1830 4842; x_wconf 76' lang='grc' dir='ltr'><strong>ῶν.</strong></span> <span class='ocrx_word' id='word_1_705' title='bbox 1863 4807 1881 4839; x_wconf 75' lang='grc' dir='ltr'><strong>ι</strong></span> 
     </span>
    </p>
   </div>
   <div class='ocr_carea' id='block_1_88' title="bbox 536 4892 2029 4969">
    <p class='ocr_par' dir='ltr' id='par_1_88' title="bbox 536 4892 2029 4969">
     <span class='ocr_line' id='line_1_88' title="bbox 536 4892 2029 4969; baseline 0.001 -20"><span class='ocrx_word' id='word_1_706' title='bbox 536 4892 751 4968; x_wconf 82' lang='grc' dir='ltr'>Ἐπειδὴ</span> <span class='ocrx_word' id='word_1_707' title='bbox 776 4899 917 4951; x_wconf 83' lang='grc' dir='ltr'>κατὰ</span> <span class='ocrx_word' id='word_1_708' title='bbox 953 4897 1052 4967; x_wconf 81' lang='grc' dir='ltr'>τὴν</span> <span class='ocrx_word' id='word_1_709' title='bbox 1088 4897 1270 4967; x_wconf 82' lang='grc' dir='ltr'>ἁπλῆν</span> <span class='ocrx_word' id='word_1_710' title='bbox 1301 4896 1528 4969; x_wconf 77' lang='grc' dir='ltr'>ἐκδοχὴν</span> <span class='ocrx_word' id='word_1_711' title='bbox 1562 4899 1662 4967; x_wconf 84' lang='grc' dir='ltr'>τῆς</span> <span class='ocrx_word' id='word_1_712' title='bbox 1696 4898 1863 4966; x_wconf 82' lang='grc' dir='ltr'>ἁγίας</span> <span class='ocrx_word' id='word_1_713' title='bbox 1889 4899 2029 4969; x_wconf 86' lang='grc' dir='ltr'>Γρα-</span> 
     </span>
    </p>
   </div>
   <div class='ocr_carea' id='block_1_89' title="bbox 2192 4329 3705 4403">
    <p class='ocr_par' dir='ltr' id='par_1_89' title="bbox 2192 4329 3705 4403">
     <span class='ocr_line' id='line_1_89' title="bbox 2192 4329 3705 4403; baseline 0.001 -18"><span class='ocrx_word' id='word_1_714' title='bbox 2192 4333 2417 4403; x_wconf 82' lang='lat' dir='ltr'><strong>episcopi</strong></span> <span class='ocrx_word' id='word_1_715' title='bbox 2444 4332 2514 4386; x_wconf 87' lang='lat' dir='ltr'><strong>ad</strong></span> <span class='ocrx_word' id='word_1_716' title='bbox 2536 4331 2727 4387; x_wconf 86' lang='lat' dir='ltr'><strong>Caium</strong></span> <span class='ocrx_word' id='word_1_717' title='bbox 2762 4333 3095 4384; x_wconf 84' lang='lat' dir='ltr'><strong>monac/mm.</strong></span> <span class='ocrx_word' id='word_1_718' title='bbox 3130 4349 3149 4381; x_wconf 80' lang='grc' dir='ltr'><strong>ι</strong></span> <span class='ocrx_word' id='word_1_719' title='bbox 3186 4329 3476 4396; x_wconf 81' lang='lat' dir='ltr'><strong>Quomodo,</strong></span> <span class='ocrx_word' id='word_1_720' title='bbox 3507 4332 3705 4403; x_wconf 86' lang='lat' dir='ltr'><strong>inquis,</strong></span> 
     </span>
    </p>
   </div>
   <div class='ocr_carea' id='block_1_90' title="bbox 2191 4423 3720 4496">
    <p class='ocr_par' dir='ltr' id='par_1_90' title="bbox 2191 4423 3720 4496">
     <span class='ocr_line' id='line_1_90' title="bbox 2191 4423 3720 4496; baseline -0.001 -17"><span class='ocrx_word' id='word_1_721' title='bbox 2191 4425 2363 4487; x_wconf 72' lang='lat' dir='ltr'><strong>Iesus,</strong></span> <span class='ocrx_word' id='word_1_722' title='bbox 2394 4427 2483 4496; x_wconf 86' lang='lat' dir='ltr'><strong>qui</strong></span> <span class='ocrx_word' id='word_1_723' title='bbox 2522 4433 2597 4478; x_wconf 85' lang='lat' dir='ltr'><strong>est</strong></span> <span class='ocrx_word' id='word_1_724' title='bbox 2640 4424 2877 4478; x_wconf 86' lang='lat' dir='ltr'><strong>omnibus</strong></span> <span class='ocrx_word' id='word_1_725' title='bbox 2924 4425 3185 4494; x_wconf 84' lang='lat' dir='ltr'><strong>superior,</strong></span> <span class='ocrx_word' id='word_1_726' title='bbox 3220 4424 3277 4476; x_wconf 85' lang='lat' dir='ltr'><strong>in</strong></span> <span class='ocrx_word' id='word_1_727' title='bbox 3322 4423 3557 4478; x_wconf 85' lang='lat' dir='ltr'><strong>eumdem</strong></span> <span class='ocrx_word' id='word_1_728' title='bbox 3588 4441 3720 4478; x_wconf 78' lang='lat' dir='ltr'><strong>cum.</strong></span> 
     </span>
    </p>
   </div>
   <div class='ocr_carea' id='block_1_91' title="bbox 2194 4499 3718 4571">
    <p class='ocr_par' dir='ltr' id='par_1_91' title="bbox 2194 4499 3718 4571">
     <span class='ocr_line' id='line_1_91' title="bbox 2194 4499 3718 4571; baseline 0.001 -2"><span class='ocrx_word' id='word_1_729' title='bbox 2194 4517 2393 4571; x_wconf 64' lang='lat' dir='ltr'><strong>caeteris</strong></span> <span class='ocrx_word' id='word_1_730' title='bbox 2424 4515 2719 4570; x_wconf 81' lang='lat' dir='ltr'><strong>hominibus</strong></span> <span class='ocrx_word' id='word_1_731' title='bbox 2765 4516 3004 4569; x_wconf 73' lang='lat' dir='ltr'><strong>essentia:</strong></span> <span class='ocrx_word' id='word_1_732' title='bbox 3036 4499 3273 4569; x_wconf 83' lang='lat' dir='ltr'><strong>ordinem</strong></span> <span class='ocrx_word' id='word_1_733' title='bbox 3309 4516 3548 4570; x_wconf 84' lang='lat' dir='ltr'><strong>redactus</strong></span> <span class='ocrx_word' id='word_1_734' title='bbox 3583 4525 3665 4570; x_wconf 85' lang='lat' dir='ltr'><strong>est</strong></span> <span class='ocrx_word' id='word_1_735' title='bbox 3682 4517 3718 4571; x_wconf 79' lang='lat'><strong>2.</strong></span> 
     </span>
    </p>
   </div>
   <div class='ocr_carea' id='block_1_92' title="bbox 2194 4604 3719 4677">
    <p class='ocr_par' dir='ltr' id='par_1_92' title="bbox 2194 4604 3719 4677">
     <span class='ocr_line' id='line_1_92' title="bbox 2194 4604 3719 4677; baseline 0.001 -17"><span class='ocrx_word' id='word_1_736' title='bbox 2194 4606 2373 4677; x_wconf 86' lang='lat' dir='ltr'><strong>Neque</strong></span> <span class='ocrx_word' id='word_1_737' title='bbox 2405 4606 2543 4658; x_wconf 84' lang='lat' dir='ltr'><strong>enim</strong></span> <span class='ocrx_word' id='word_1_738' title='bbox 2585 4606 2679 4659; x_wconf 82' lang='lat' dir='ltr'><strong>hoc</strong></span> <span class='ocrx_word' id='word_1_739' title='bbox 2711 4605 2765 4657; x_wconf 88' lang='lat' dir='ltr'><strong>in</strong></span> <span class='ocrx_word' id='word_1_740' title='bbox 2808 4604 2919 4658; x_wconf 87' lang='lat' dir='ltr'><strong>loco</strong></span> <span class='ocrx_word' id='word_1_741' title='bbox 2952 4613 3210 4674; x_wconf 81' lang='lat' dir='ltr'><strong>tanquam</strong></span> <span class='ocrx_word' id='word_1_742' title='bbox 3239 4620 3403 4660; x_wconf 87' lang='lat' dir='ltr'><strong>causa</strong></span> <span class='ocrx_word' id='word_1_743' title='bbox 3436 4606 3719 4662; x_wconf 75' lang='lat' dir='ltr'><strong>hominum</strong></span> 
     </span>
    </p>
   </div>
   <div class='ocr_carea' id='block_1_93' title="bbox 2195 4697 3718 4769">
    <p class='ocr_par' dir='ltr' id='par_1_93' title="bbox 2195 4697 3718 4769">
     <span class='ocr_line' id='line_1_93' title="bbox 2195 4697 3718 4769; baseline 0.002 -18"><span class='ocrx_word' id='word_1_744' title='bbox 2195 4697 2577 4761; x_wconf 82' lang='lat' dir='ltr'><strong>consideratur,</strong></span> <span class='ocrx_word' id='word_1_745' title='bbox 2614 4697 2703 4750; x_wconf 87' lang='lat' dir='ltr'><strong>sed</strong></span> <span class='ocrx_word' id='word_1_746' title='bbox 2745 4703 2803 4749; x_wconf 89' lang='lat' dir='ltr'><strong>ut</strong></span> <span class='ocrx_word' id='word_1_747' title='bbox 2836 4711 2929 4766; x_wconf 86' lang='lat' dir='ltr'><strong>per</strong></span> <span class='ocrx_word' id='word_1_748' title='bbox 2970 4697 3249 4750; x_wconf 85' lang='lat' dir='ltr'><strong>essentiam</strong></span> <span class='ocrx_word' id='word_1_749' title='bbox 3287 4706 3451 4751; x_wconf 81' lang='lat' dir='ltr'><strong>totam</strong></span> <span class='ocrx_word' id='word_1_750' title='bbox 3490 4714 3547 4751; x_wconf 86' lang='lat' dir='ltr'><strong>re</strong></span> <span class='ocrx_word' id='word_1_751' title='bbox 3590 4699 3718 4769; x_wconf 59' lang='lat' dir='ltr'><strong>ipsa.</strong></span> 
     </span>
    </p>
   </div>
   <div class='ocr_carea' id='block_1_94' title="bbox 2191 4794 2418 4846">
    <p class='ocr_par' dir='ltr' id='par_1_94' title="bbox 2191 4794 2418 4846">
     <span class='ocr_line' id='line_1_94' title="bbox 2191 4794 2418 4846; baseline 0 -1"><span class='ocrx_word' id='word_1_752' title='bbox 2191 4794 2366 4846; x_wconf 84' lang='lat' dir='ltr'><strong>homo.</strong></span> <span class='ocrx_word' id='word_1_753' title='bbox 2401 4809 2418 4839; x_wconf 74' lang='grc' dir='ltr'><strong>ι</strong></span> 
     </span>
    </p>
   </div>
   <div class='ocr_carea' id='block_1_95' title="bbox 2195 4900 3718 4972">
    <p class='ocr_par' dir='ltr' id='par_1_95' title="bbox 2195 4900 3718 4972">
     <span class='ocr_line' id='line_1_95' title="bbox 2195 4900 3718 4972; baseline -0.001 -15"><span class='ocrx_word' id='word_1_754' title='bbox 2195 4901 2651 4972; x_wconf 84' lang='lat' dir='ltr'><strong>Quandoquidem</strong></span> <span class='ocrx_word' id='word_1_755' title='bbox 2684 4900 2990 4956; x_wconf 89' lang='lat' dir='ltr'><strong>secundum</strong></span> <span class='ocrx_word' id='word_1_756' title='bbox 3020 4900 3326 4971; x_wconf 88' lang='lat' dir='ltr'><strong>simplicem</strong></span> <span class='ocrx_word' id='word_1_757' title='bbox 3360 4918 3528 4958; x_wconf 81' lang='lat' dir='ltr'><strong>sacrae</strong></span> <span class='ocrx_word' id='word_1_758' title='bbox 3563 4900 3718 4957; x_wconf 69' lang='lat' dir='ltr'><strong>Scri.</strong></span> 
     </span>
    </p>
   </div>
   <div class='ocr_carea' id='block_1_96' title="bbox 455 4986 2023 5063">
    <p class='ocr_par' dir='ltr' id='par_1_96' title="bbox 455 4986 2023 5063">
     <span class='ocr_line' id='line_1_96' title="bbox 455 4986 2023 5063; baseline -0.01 -6"><span class='ocrx_word' id='word_1_759' title='bbox 455 4986 583 5059; x_wconf 79' lang='grc' dir='ltr'><strong>φῆς,</strong></span> <span class='ocrx_word' id='word_1_760' title='bbox 616 4988 691 5052; x_wconf 81' lang='grc' dir='ltr'><strong>ὡς</strong></span> <span class='ocrx_word' id='word_1_761' title='bbox 721 4989 942 5063; x_wconf 70' lang='grc' dir='ltr'>πάντων</span> <span class='ocrx_word' id='word_1_762' title='bbox 965 4989 1138 5053; x_wconf 78' lang='grc' dir='ltr'>αἴτιος</span> <span class='ocrx_word' id='word_1_763' title='bbox 1165 4990 1193 5041; x_wconf 85' lang='grc' dir='ltr'><strong>ὁ</strong></span> <span class='ocrx_word' id='word_1_764' title='bbox 1230 4988 1363 5052; x_wconf 86' lang='grc' dir='ltr'>Θεὸς</span> <span class='ocrx_word' id='word_1_765' title='bbox 1394 4991 1529 5042; x_wconf 83' lang='grc' dir='ltr'>πᾶσι</span> <span class='ocrx_word' id='word_1_766' title='bbox 1557 4990 1885 5060; x_wconf 82' lang='grc' dir='ltr'>σημαίνεται</span> <span class='ocrx_word' id='word_1_767' title='bbox 1914 4994 2023 5056; x_wconf 86' lang='grc' dir='ltr'>τοῖς</span> 
     </span>
    </p>
   </div>
   <div class='ocr_carea' id='block_1_97' title="bbox 2126 4986 3709 5063">
    <p class='ocr_par' dir='ltr' id='par_1_97' title="bbox 2126 4991 3709 5063">
     <span class='ocr_line' id='line_1_97' title="bbox 2126 4991 3709 5063; baseline 0.001 -17"><span class='ocrx_word' id='word_1_768' title='bbox 2126 5001 2301 5063; x_wconf 72' lang='lat' dir='ltr'><strong>pturte</strong></span> <span class='ocrx_word' id='word_1_769' title='bbox 2327 4993 2691 5060; x_wconf 90' lang='lat' dir='ltr'><strong>intellectum,</strong></span> <span class='ocrx_word' id='word_1_770' title='bbox 2711 4993 2859 5049; x_wconf 89' lang='lat' dir='ltr'><strong>Deus</strong></span> <span class='ocrx_word' id='word_1_771' title='bbox 2884 4994 3051 5049; x_wconf 86' lang='lat' dir='ltr'><strong>etiam</strong></span> <span class='ocrx_word' id='word_1_772' title='bbox 3081 4991 3469 5050; x_wconf 85' lang='lat' dir='ltr'><strong>denominatus</strong></span> <span class='ocrx_word' id='word_1_773' title='bbox 3493 4994 3562 5049; x_wconf 90' lang='lat' dir='ltr'><strong>ab</strong></span> <span class='ocrx_word' id='word_1_774' title='bbox 3586 5010 3709 5050; x_wconf 91' lang='lat' dir='ltr'><strong>om-</strong></span> 
     </span>
    </p>
   </div>
   <div class='ocr_carea' id='block_1_98' title="bbox 1718 5145 2389 5205">
    <p class='ocr_par' dir='ltr' id='par_1_98' title="bbox 1718 5145 2389 5205">
     <span class='ocr_line' id='line_1_98' title="bbox 1718 5145 2389 5205; baseline 0.007 -5"><span class='ocrx_word' id='word_1_775' title='bbox 1718 5145 1950 5201; x_wconf 72' lang='lat' dir='ltr'><strong>VARIAS</strong></span> <span class='ocrx_word' id='word_1_776' title='bbox 1989 5147 2389 5205; x_wconf 76' lang='lat' dir='ltr'><strong>LECTIONES.</strong></span> 
     </span>
    </p>
   </div>
   <div class='ocr_carea' id='block_1_99' title="bbox 526 5255 3704 5338">
    <p class='ocr_par' dir='ltr' id='par_1_99' title="bbox 526 5255 3704 5338">
     <span class='ocr_line' id='line_1_99' title="bbox 526 5255 3704 5338; baseline 0.003 -28"><span class='ocrx_word' id='word_1_777' title='bbox 526 5255 570 5338; x_wconf 60' lang='grc' dir='ltr'><strong>ξι</strong></span> <span class='ocrx_word' id='word_1_778' title='bbox 601 5255 905 5338; x_wconf 60' lang='grc' dir='ltr'>ἀσιξγχυτος</span> <span class='ocrx_word' id='word_1_779' title='bbox 923 5257 1013 5338; x_wconf 66' lang='lat' dir='ltr'><strong>ed.</strong></span> <span class='ocrx_word' id='word_1_780' title='bbox 1030 5256 1214 5338; x_wconf 71' lang='lat' dir='ltr'><strong>Gal.__</strong></span> <span class='ocrx_word' id='word_1_781' title='bbox 1249 5257 1509 5338; x_wconf 41' lang='lat' dir='ltr'><strong>‘f&#39;Ob-cw;</strong></span> <span class='ocrx_word' id='word_1_782' title='bbox 1540 5260 1627 5314; x_wconf 94' lang='lat' dir='ltr'><strong>ed.</strong></span> <span class='ocrx_word' id='word_1_783' title='bbox 1659 5260 1786 5338; x_wconf 87' lang='lat' dir='ltr'><strong>Gal._</strong></span> <span class='ocrx_word' id='word_1_784' title='bbox 1855 5261 1899 5338; x_wconf 60' lang='grc' dir='ltr'><strong><em>οξ</em></strong></span> <span class='ocrx_word' id='word_1_785' title='bbox 1933 5260 2081 5333; x_wconf 82' lang='grc' dir='ltr'>σώζῃ</span> <span class='ocrx_word' id='word_1_786' title='bbox 2110 5261 2200 5338; x_wconf 73' lang='lat' dir='ltr'><strong>ed.</strong></span> <span class='ocrx_word' id='word_1_787' title='bbox 2234 5262 2361 5338; x_wconf 64' lang='lat' dir='ltr'><strong>Gal.</strong></span> <span class='ocrx_word' id='word_1_788' title='bbox 2404 5334 2414 5338; x_wconf 91' lang='lat'>_</span> <span class='ocrx_word' id='word_1_789' title='bbox 2446 5262 2508 5338; x_wconf 26' lang='lat' dir='ltr'><strong>“ﬂ</strong></span> <span class='ocrx_word' id='word_1_790' title='bbox 2526 5264 2897 5338; x_wconf 76' lang='grc' dir='ltr'>ἀποκαθείρας</span> <span class='ocrx_word' id='word_1_791' title='bbox 2930 5264 3019 5320; x_wconf 88' lang='lat' dir='ltr'><strong>ed.</strong></span> <span class='ocrx_word' id='word_1_792' title='bbox 3056 5264 3180 5338; x_wconf 64' lang='lat' dir='ltr'><strong>Gal.</strong></span> <span class='ocrx_word' id='word_1_793' title='bbox 3264 5265 3319 5338; x_wconf 81' lang='lat'><strong>&quot;_</strong></span> <span class='ocrx_word' id='word_1_794' title='bbox 3340 5267 3422 5338; x_wconf 48' lang='lat' dir='ltr'><strong>si</strong></span> <span class='ocrx_word' id='word_1_795' title='bbox 3456 5280 3566 5338; x_wconf 84' lang='lat' dir='ltr'><strong>om.</strong></span> <span class='ocrx_word' id='word_1_796' title='bbox 3611 5265 3704 5319; x_wconf 55' lang='lat' dir='ltr'><strong>ed‘.</strong></span> 
     </span>
    </p>
   </div>
   <div class='ocr_carea' id='block_1_100' title="bbox 456 5322 3712 5405">
    <p class='ocr_par' dir='ltr' id='par_1_100' title="bbox 456 5322 3712 5405">
     <span class='ocr_line' id='line_1_100' title="bbox 456 5322 3712 5405; baseline 0.003 -26"><span class='ocrx_word' id='word_1_797' title='bbox 456 5322 575 5405; x_wconf 68' lang='lat' dir='ltr'><strong>Gal.</strong></span> <span class='ocrx_word' id='word_1_798' title='bbox 651 5326 697 5358; x_wconf 81' lang='lat'><strong>“</strong></span> <span class='ocrx_word' id='word_1_799' title='bbox 828 5326 1085 5405; x_wconf 69' lang='lat' dir='ltr'><strong>ed._Gal_._</strong></span> <span class='ocrx_word' id='word_1_800' title='bbox 1169 5327 1214 5360; x_wconf 81' lang='grc'>⁸⁷</span> <span class='ocrx_word' id='word_1_801' title='bbox 1270 5328 1462 5405; x_wconf 68' lang='lat' dir='ltr'><strong>Yerba</strong></span> <span class='ocrx_word' id='word_1_802' title='bbox 1494 5322 1936 5405; x_wconf 57' lang='grc' dir='ltr'>συγχωρορμεθα</span> <span class='ocrx_word' id='word_1_803' title='bbox 1962 5322 2033 5373; x_wconf 65' lang='grc' dir='ltr'><strong>-ζ</strong></span> <span class='ocrx_word' id='word_1_804' title='bbox 2152 5334 2229 5405; x_wconf 39' lang='grc' dir='ltr'><strong>τὸ-</strong></span> <span class='ocrx_word' id='word_1_805' title='bbox 2243 5332 2363 5405; x_wconf 80' lang='grc' dir='ltr'>καθ’</span> <span class='ocrx_word' id='word_1_806' title='bbox 2393 5334 2560 5405; x_wconf 80' lang='grc' dir='ltr'>ἡμᾶς.</span> <span class='ocrx_word' id='word_1_807' title='bbox 2591 5349 2713 5405; x_wconf 63' lang='lat' dir='ltr'><strong>quae</strong></span> <span class='ocrx_word' id='word_1_808' title='bbox 2739 5322 3126 5390; x_wconf 78' lang='lat' dir='ltr'><strong>desiderantur</strong></span> <span class='ocrx_word' id='word_1_809' title='bbox 3169 5335 3219 5389; x_wconf 91' lang='lat' dir='ltr'><strong>in</strong></span> <span class='ocrx_word' id='word_1_810' title='bbox 3256 5335 3344 5405; x_wconf 88' lang='lat' dir='ltr'><strong>ed.</strong></span> <span class='ocrx_word' id='word_1_811' title='bbox 3380 5322 3523 5395; x_wconf 76' lang='lat' dir='ltr'><strong>Gal.,</strong></span> <span class='ocrx_word' id='word_1_812' title='bbox 3552 5350 3712 5405; x_wconf 84' lang='lat' dir='ltr'><strong>repo-</strong></span> 
     </span>
    </p>
   </div>
   <div class='ocr_carea' id='block_1_101' title="bbox 459 5394 3717 5477">
    <p class='ocr_par' dir='ltr' id='par_1_101' title="bbox 459 5394 3717 5477">
     <span class='ocr_line' id='line_1_101' title="bbox 459 5394 3717 5477; baseline 0.003 -30"><span class='ocrx_word' id='word_1_813' title='bbox 459 5394 633 5477; x_wconf 42' lang='grc' dir='ltr'><strong>διῄει</strong></span> <span class='ocrx_word' id='word_1_814' title='bbox 664 5394 792 5477; x_wconf 31' lang='lat' dir='ltr'><strong>(andi;~</strong></span> <span class='ocrx_word' id='word_1_815' title='bbox 822 5394 1014 5477; x_wconf 76' lang='lat' dir='ltr'><strong>Gud._‘_</strong></span> <span class='ocrx_word' id='word_1_816' title='bbox 1042 5398 1086 5477; x_wconf 64' lang='grc' dir='ltr'><strong>ξ’</strong></span> <span class='ocrx_word' id='word_1_817' title='bbox 1116 5397 1486 5477; x_wconf 52' lang='grc' dir='ltr'>σκοτείαςρᾶ.</span> <span class='ocrx_word' id='word_1_818' title='bbox 1534 5394 1710 5477; x_wconf 39' lang='lat' dir='ltr'><strong>Gali;</strong></span> <span class='ocrx_word' id='word_1_819' title='bbox 1751 5394 1912 5477; x_wconf 62' lang='grc' dir='ltr'>ξ⁹’κα“ι</span> <span class='ocrx_word' id='word_1_820' title='bbox 1954 5394 2554 5474; x_wconf 67' lang='grc' dir='ltr'>καταληφθείημεῖεὼ</span> <span class='ocrx_word' id='word_1_821' title='bbox 2600 5394 2718 5459; x_wconf 83' lang='lat' dir='ltr'><strong>Gal.</strong></span> <span class='ocrx_word' id='word_1_822' title='bbox 2802 5406 2846 5436; x_wconf 75' lang='lat'><strong>7°</strong></span> <span class='ocrx_word' id='word_1_823' title='bbox 2881 5404 3135 5477; x_wconf 82' lang='grc' dir='ltr'>δοχθῆναι</span> <span class='ocrx_word' id='word_1_824' title='bbox 3169 5405 3257 5461; x_wconf 86' lang='lat' dir='ltr'><strong>ed.</strong></span> <span class='ocrx_word' id='word_1_825' title='bbox 3288 5404 3405 5461; x_wconf 83' lang='lat' dir='ltr'><strong>Gal.</strong></span> <span class='ocrx_word' id='word_1_826' title='bbox 3478 5394 3521 5438; x_wconf 68' lang='grc' dir='ltr'>τί</span> <span class='ocrx_word' id='word_1_827' title='bbox 3556 5394 3717 5475; x_wconf 61' lang='grc' dir='ltr'>ἁγίου</span> 
     </span>
    </p>
   </div>
   <div class='ocr_carea' id='block_1_102' title="bbox 461 5461 2451 5537">
    <p class='ocr_par' dir='ltr' id='par_1_102' title="bbox 461 5461 2451 5537">
     <span class='ocr_line' id='line_1_102' title="bbox 461 5461 2451 5537; baseline -0.005 -22"><span class='ocrx_word' id='word_1_828' title='bbox 461 5461 613 5518; x_wconf 83' lang='lat' dir='ltr'><strong>addit</strong></span> <span class='ocrx_word' id='word_1_829' title='bbox 634 5465 721 5519; x_wconf 89' lang='lat' dir='ltr'><strong>ed.</strong></span> <span class='ocrx_word' id='word_1_830' title='bbox 754 5465 872 5519; x_wconf 92' lang='lat' dir='ltr'><strong>Gal.</strong></span> <span class='ocrx_word' id='word_1_831' title='bbox 970 5467 1015 5499; x_wconf 80' lang='grc'><strong>⁷³</strong></span> <span class='ocrx_word' id='word_1_832' title='bbox 1047 5467 1194 5520; x_wconf 71' lang='grc' dir='ltr'>ἐστὶν</span> <span class='ocrx_word' id='word_1_833' title='bbox 1223 5467 1529 5537; x_wconf 83' lang='grc' dir='ltr'>ἀνθρώποις</span> <span class='ocrx_word' id='word_1_834' title='bbox 1554 5468 1644 5522; x_wconf 90' lang='lat' dir='ltr'><strong>ed.</strong></span> <span class='ocrx_word' id='word_1_835' title='bbox 1672 5468 1787 5523; x_wconf 88' lang='lat' dir='ltr'><strong>Gal.</strong></span> <span class='ocrx_word' id='word_1_836' title='bbox 2153 5461 2192 5472; x_wconf 89' lang='lat'><strong>&quot;</strong></span> <span class='ocrx_word' id='word_1_837' title='bbox 2317 5461 2350 5474; x_wconf 94' lang='lat'><strong>&quot;</strong></span> <span class='ocrx_word' id='word_1_838' title='bbox 2442 5486 2451 5493; x_wconf 63' lang='grc' dir='ltr'><em>η</em></span> 
     </span>
    </p>
   </div>
   <div class='ocr_carea' id='block_1_103' title="bbox 536 5586 2697 5664">
    <p class='ocr_par' dir='ltr' id='par_1_103' title="bbox 536 5586 2697 5664">
     <span class='ocr_line' id='line_1_103' title="bbox 536 5586 2697 5664; baseline 0.004 -24"><span class='ocrx_word' id='word_1_839' title='bbox 536 5586 611 5659; x_wconf 82' lang='grc'><strong>(5)</strong></span> <span class='ocrx_word' id='word_1_840' title='bbox 643 5587 863 5660; x_wconf 74' lang='lat' dir='ltr'><strong>Dinnys‘.</strong></span> <span class='ocrx_word' id='word_1_841' title='bbox 892 5590 1091 5658; x_wconf 76' lang='lat' dir='ltr'><strong>Areop.</strong></span> <span class='ocrx_word' id='word_1_842' title='bbox 1126 5589 1299 5660; x_wconf 79' lang='lat' dir='ltr'><strong>Epist.</strong></span> <span class='ocrx_word' id='word_1_843' title='bbox 1354 5590 1419 5645; x_wconf 85' lang='lat' dir='ltr'><strong>ad</strong></span> <span class='ocrx_word' id='word_1_844' title='bbox 1446 5590 1663 5656; x_wconf 87' lang='lat' dir='ltr'><strong>Gaium,</strong></span> <span class='ocrx_word' id='word_1_845' title='bbox 1698 5602 1829 5648; x_wconf 90' lang='lat' dir='ltr'><strong>tom.</strong></span> <span class='ocrx_word' id='word_1_846' title='bbox 1870 5594 1910 5659; x_wconf 89' lang='lat' dir='ltr'><strong>l,</strong></span> <span class='ocrx_word' id='word_1_847' title='bbox 1948 5610 2001 5663; x_wconf 84' lang='lat' dir='ltr'><strong>p.</strong></span> <span class='ocrx_word' id='word_1_848' title='bbox 2049 5594 2171 5659; x_wconf 75' lang='lat'><strong>593,</strong></span> <span class='ocrx_word' id='word_1_849' title='bbox 2201 5588 2336 5664; x_wconf 77' lang='lat' dir='ltr'><strong>Opp.</strong></span> <span class='ocrx_word' id='word_1_850' title='bbox 2373 5595 2462 5649; x_wconf 83' lang='lat' dir='ltr'><strong>ed.</strong></span> <span class='ocrx_word' id='word_1_851' title='bbox 2504 5595 2697 5649; x_wconf 79' lang='lat' dir='ltr'><strong>Venet.</strong></span> 
     </span>
    </p>
   </div>
  </div>
