4066 6150
339 151 479 216 lii-17

1480 155 1541 214 S.
1582 153 1868 240 MAXIM!
1908 152 2413 217 CONFESSORIS

3489 158 3637 224 ιοιε

336 269 504 323 nibus
535 266 705 324 rebus
729 283 868 338 quas
895 266 1178 337 produxit,
1211 266 1422 321 idcirco
1446 274 1573 336 post
1600 265 1936 321 incarnatio-

2058 268 2148 322 τῶν
2173 268 2233 332 ἐξ
2252 269 2421 323 αὐτοῦ
2451 272 2819 343 παρηγμένων
2833 273 3116 345 ὑνόμασιν,
3134 278 3409 347 οἰόμενον,
3434 279 3635 350 τυχὸνι

338 375 465 415 ncm
496 361 665 416 etiam
690 361 886 416 eodem
912 358 1079 413 modo
1112 359 1287 413 Deum
1315 358 1528 414 dictum
1560 358 1733 414 fuisse
1757 357 1938 412 homi-

340 469 469 508 nem
492 469 563 508 ne
584 452 726 508 forte
746 451 1092 506 existimaret
1110 449 1278 507 Caius
1295 451 1621 515 monachus,
1642 450 1733 505 his
1750 449 1938 505 verbis

343 562 473 601 eum
495 545 722 600 instruit
746 559 978 615 magnus
1001 544 1316 615 Dionysius.
1340 542 1595 599 Ostendit
1615 543 1764 598 enim
1786 542 1937 613 quod

347 638 738 691 universorum
778 635 925 689 Deus
953 634 1023 689 ab
1055 634 1438 691 incarnatione
1466 649 1580 690 non
1609 634 1941 704 simpliciter

332 719 554 780 'dicitur
576 723 766 789 homo,
796 723 894 780 sed
931 733 1043 780 tota
1068 724 1311 779 essentia
1331 732 1391 780 et
1412 740 1546 781 vere
1575 724 1764 779 homo.
1788 724 1943 779 Hanc

349 815 647 870 essentiam
679 814 818 868 nihil
861 813 1011 869 aliud
1059 828 1191 868 vere
1236 813 1502 880 declarat,
1534 823 1735 885 praeter
1766 814 1940 870 solam

350 908 501 962 illam
548 907 879 977 potentiam,
929 921 1053 975 quae
1098 905 1273 975 ipsius
1319 914 1575 961 naturam
1619 906 1936 974 constituit;

351 1017 473 1057 eam
518 1002 565 1057 si
615 1001 742 1070 quis
786 1000 1092 1055 naturalem
1143 1000 1524 1069 operationem
1572 999 1795 1066 dixerit,
1830 1015 1943 1057 non

352 1095 611 1161 multum,
646 1094 867 1163 opinor,
897 1108 928 1147 a
965 1108 1137 1163 scopo
1164 1092 1507 1149 aberraverit
1533 1111 1546 1147 :
1575 1108 1704 1147 nam
1733 1101 1791 1149 et
1820 1107 1942 1148 eam

353 1187 580 1258 proprie
623 1196 680 1241 et
727 1187 907 1256 primo
943 1184 1159 1249 deﬁnit,
1208 1192 1398 1255 utpote
1432 1185 1554 1256 ejus
1592 1183 1849 1255 speeitlca
1887 1193 1945 1238 et

358 1279 669 1336 communis
713 1279 983 1349 operatio,
1029 1278 1085 1331 in
1138 1293 1247 1348 qua
1285 1279 1469 1332 omnis
1514 1277 1567 1332 ei
1613 1276 1944 1331 naturaliter

358 1380 683 1443 competens
717 1369 1028 1440 proprietas
1058 1367 1569 1438 comprehenditur,
1597 1376 1751 1422 extra
1779 1380 1944 1436 quam

359 1465 500 1520 nihil
534 1471 621 1518 est
646 1470 847 1531 praeter
875 1460 932 1515 id
963 1460 1111 1531 quod
1143 1476 1254 1515 non
1282 1472 1403 1527 est;
1449 1475 1579 1514 nam
1624 1476 1693 1516 ex
1723 1468 1944 1515 senten-

2039 363 2137 415 καὶ
2192 363 2332 431 μετὰ
2371 362 2471 433 τὴν
2498 365 2776 436 σάρκωσιν
2804 367 2978 438 τούτῳ
3029 368 3174 439 μόνῳ
3213 369 3261 401 ⁷⁸
3297 369 3378 440 τῷ
3432 369 3639 442 τρόπῳ

2041 451 2205 507 πάλιν
2252 454 2442 523 (llo
2492 455 2549 525 α)
2601 454 2890 527 ἄνθρωπον
2933 458 3024 512 τὸν
3070 456 3200 511 Θεδν
3249 459 3640 530 ὀνομάζεσθαι

2040 541 2252 607 τούτοις
2282 544 2377 598 τὸν
2403 544 2745 617 θεραπευτὴν
2775 547 2935 600 Γάϊον
2966 548 3366 619 ἐπανορθοῦται
3392 553 3516 613 τοῖς
3539 552 3644 621 ρή-

2044 646 2215 704 μασιν
2239 636 2269 687 ὀ
2295 634 2462 699 πολὺς
2487 634 2786 704 Διονύσιος,
2809 636 3074 691 διδάσκων
3107 638 3185 702 ὡς
3212 638 3313 710 οὐχ
3366 640 3568 703 ἁπλῶς
3604 639 3642 691 6

2040 726 2152 780 τῶν
2185 726 2323 780 ὅλων
2354 725 2487 791 Θεὸς
2535 728 2842 799 σαρκωθεὶς
2884 724 3104 798 λέγεται
3151 730 3469 803 ἄνθρωπος,
3514 729 3639 784 ἀλλ’

2043 821 2121 884 ὡς
2151 820 2284 874 αὐτὸ
2309 823 2431 875 κατ’
2453 820 2641 875 οὐσίαν
2661 820 2791 892 ὅλην
2822 820 3037 892 ἀληθῶς
3074 823 3361 895 ἄνθρωπος
3395 823 3497 878 ῶν.
3524 816 3640 887 Ἦς

2049 911 2187 981 μόνη
2233 928 2294 965 τε
2345 912 2441 965 καὶ
2497 912 2706 982 ἀληθής
2741 915 2887 967 ἐστιν
2927 913 3198 981 ἀπόδειξις
3228 918 3261 985 ή
3290 917 3438 969 κατά
3467 914 3639 984 φύσιν

2045 998 2220 1071 αὐτῆς
2250 1000 2556 1071 συστατικὴ
2578 1001 2830 1071 δύναμις,
2863 1004 2931 1072 ήν
2954 1003 3054 1056 οὐκ
3078 1003 3145 1057 ἀν
3170 1020 3255 1067 τις
3292 1005 3539 1074 ἁμάρτοι
3587 1001 3640 1033 ⁷⁸

2046 1093 2146 1162 τῆς
2178 1092 2437 1162 ἀληθείας
2486 1096 2722 1165 φυσικὴν
2750 1096 2928 1166 φήσας
2954 1094 3258 1166 ἐνέργειαν,
3304 1097 3516 1167 κυρίως
3570 1113 3633 1149 τε

2047 1185 2143 1238 καὶ
2169 1183 2405 1256 πρώτως
2447 1186 2954 1258 χαρακτηριστικὴν
3001 1186 3195 1256 αὐτῆς,
3230 1187 3308 1251 ώς
3358 1187 3635 1241 εἰδοποιδν

2051 1276 2409 1347 ὑπάρχουσαν
2424 1278 2660 1344 κίνησιν,
2678 1276 3050 1346 γενικωτάτην
3070 1278 3249 1345 πάσης
3265 1277 3366 1346 τῆς
3381 1276 3637 1345 φυσικῶς

2052 1368 2192 1441 αὐτῇ
2227 1368 2541 1440 προσούσης
2577 1367 2930 1441 περιεκτικῆς
2947 1367 2995 1400 ’³
3021 1364 3303 1438 ἰδιότητος,
3344 1360 3416 1439 ἦς
3456 1367 3635 1438 χωρῇ

2054 1460 2220 1530 μόνον
2252 1458 2372 1512 ἐστὶ
2400 1459 2462 1513 τὸ
2490 1459 2565 1531 μὴ
2603 1458 2684 1526 δν,
2726 1459 2801 1522 ώς
2836 1459 2999 1530 μόνου
3025 1457 3119 1512 τοῦ
3152 1458 3423 1530 μηδαμῶς
3451 1459 3634 1522 ὄντος,

360 1554 438 1608 tia
462 1552 629 1623 hujus
651 1551 832 1622 magni
860 1549 1107 1621 magistri
1138 1550 1315 1605 solum
1346 1549 1402 1604 id
1429 1550 1578 1620 quod
1605 1550 1759 1605 nullo
1783 1550 1947 1606 modo

2058 1554 2193 1607 κατά
2221 1552 2411 1609 τοῦτον
2429 1554 2521 1608 τὸν
2544 1554 2715 1635 μέγαν
2741 1552 3079 1620 διδάσκαλον,
3104 1552 3228 1607 οὔτε
3252 1554 3469 1623 κίνησιν
3500 1551 3636 1605 οὔτε

361 1650 450 1696 est
488 1656 592 1695 nec
624 1639 1004 1710 operationem
1040 1639 1208 1694 habet
1247 1654 1353 1695 nec
1382 1639 1786 1696 exsistentiam.
1832 1641 1947 1696 Ma-

362 1734 721 1791 nifestissime
771 1734 938 1805 igitur
986 1733 1150 1791 docet
1194 1734 1367 1789 Deum
1414 1733 1759 1789 incarnatum
1807 1734 1950 1789 nihil

365 1827 594 1881 omnino
631 1825 857 1879 humani
891 1841 921 1880 a
966 1841 1028 1880 se
1069 1824 1311 1880 alienum
1354 1824 1719 1889 existimasse,
1751 1834 1952 1895 praeter

366 1929 676 1990 peccatum,
710 1918 858 1988 quod
895 1917 1120 1988 quidem
1154 1917 1221 1972 ad
1268 1926 1526 1973 naturam
1569 1930 1678 1973 non
1708 1920 1953 1989 pertine-

366 2010 491 2076 bat;
520 2025 691 2081 quare
725 2024 829 2065 nec
858 2008 1140 2064 hominem
1176 2008 1502 2079 simpliciter
1532 2009 1690 2076 dixit,
1728 2011 1824 2066 sed
1854 2010 1954 2067 ho-

367 2102 573 2159 minem
601 2100 907 2158 secundum
935 2108 1105 2156 totam
1133 2101 1432 2156 essentiam
1460 2103 1743 2173 conceptis
1768 2101 1953 2158 verbis

369 2195 696 2266 designavit.
725 2193 900 2265 Hujus
922 2194 1091 2264 igitur
1114 2193 1169 2247 in
1195 2193 1558 2263 sequentibus
1575 2201 1633 2250 et
1651 2194 1952 2251 essentiam

369 2287 592 2359 proprie
637 2297 693 2342 et
741 2301 947 2341 nomen
992 2294 1120 2355 post
1165 2285 1679 2341 inhumanationem
1723 2296 1954 2358 pregre-

369 2380 574 2435 diendo
606 2377 845 2449 explicat
874 2395 887 2430 :
924 2395 943 2428 ι
976 2376 1090 2432 Nos
1115 2391 1249 2431 vero
1288 2376 1476 2431 .lesum
1521 2390 1632 2431 non
1658 2376 1957 2433 deﬁnimus

369 2487 470 2542 per
495 2471 793 2526 hominem.
834 2490 853 2522 ι
889 2469 1078 2540 Neque
1111 2469 1260 2524 enim
1284 2482 1500 2524 merum
1528 2470 1808 2525 hominem
1833 2484 1955 2527 esse

370 2562 746 2627 decernimus,
782 2563 857 2617 ita
899 2561 1050 2616 enim
1091 2560 1473 2616 scinderemus
1514 2561 1804 2626 unitatem,
1833 2574 1959 2631 quas

372 2656 713 2715 intellectum
761 2664 1007 2724 superat,
1044 2648 1142 2709 sed
1172 2652 1240 2707 de
1281 2652 1416 2716 Deo,
1461 2654 1556 2723 qui
1596 2666 1727 2708 vere
1756 2668 1956 2709 secun-

372 2743 505 2798 dum
534 2758 637 2798 nos
659 2743 955 2797 essentiam
980 2749 1228 2795 nostram
1255 2743 1577 2811 assumpsit,
1601 2757 1805 2798 nomen
1830 2744 1955 2808 hoc,

373 2838 562 2901 homo,
595 2835 929 2890 amrmemus
973 2834 1362 2898 essentialiter,
1412 2849 1524 2890 non
1570 2844 1754 2890 autem
1803 2848 1869 2890 ac
1910 2836 1958 2890 si

2053 1645 2288 1720 ὕπαρξιν
2300 1647 2535 1718 ἔχοντος.
2551 1646 2595 1699 Τ
2603 1646 2868 1718 ρανότατα
2881 1643 3011 1715 γοῦν
3021 1642 3259 1700 διδάσκει
3276 1646 3443 1716 μηδὲν
3456 1645 3638 1717 ἠρνῆ-

2053 1739 2180 1793 σθαι
2210 1741 2256 1772 ⁷⁸
2291 1739 2612 1792 παντάπασι
2653 1736 2763 1792 τῶν
2810 1736 3096 1809 ἡμετέρων
3129 1735 3221 1791 τδν
3244 1737 3374 1790 Θεὸν
3405 1754 3640 1807 σαρκω-

2051 1831 2236 1897 θέντα,
2268 1830 2415 1902 πλὴν
2460 1829 2563 1900 τῆς
2602 1828 2876 1900 ἁμαρτίας
2897 1870 2912 1894 ,
2950 1829 3073 1881 ἐπεὶ
3103 1829 3240 1899 μηδὲ
3267 1830 3368 1899 τῆς
3406 1828 3639 1898 φύσεως

2049 1918 2142 1994 ἦν,
2170 1923 2270 1992 οὐχ
2295 1920 2483 1984 ἁπλῶς
2509 1918 2817 1989 ἄνθρωπον,
2846 1917 2962 1972 ἀλλ’
2990 1918 3121 1971 αὐτὸ
3153 1919 3273 1971 κατ’
3288 1917 3473 1973 οὐσίαν
3496 1916 3641 1987 ὃλην

2051 2011 2271 2083 ἀληθῶς
2334 2010 2623 2081 ἄνθρωπον
2671 2009 2799 2064 ὄντα
2841 2009 3141 2082 διαρρήδην
3184 2010 3639 2081 ἀποφηνάμενος.

2054 2097 2130 2158 Ob
2163 2102 2373 2173 κυρίως
2404 2097 2543 2155 εἶναι
2576 2099 2665 2154 διὰ
2697 2101 2806 2154 τῶν
2839 2101 3197 2171 ἀπαγομένων
3241 2101 3335 2153 καὶ
3361 2099 3460 2169 τὴν
3489 2098 3643 2168 κλῆ-

2057 2206 2142 2249 σιν
2185 2193 2553 2267 ἀνθρωπικῶς
2591 2192 2948 2256 οὐσιωθέντος
2984 2191 3386 2263 διατεινόμενός
3436 2205 3640 2261 φησιν·

2060 2308 2080 2341 ι
2100 2288 2293 2361 Ἡμεῖς
2310 2288 2370 2342 δὲ
2399 2287 2492 2342 τὸν
2507 2284 2715 2358 Ἰησοῦν
2734 2285 2832 2339 οὐκ
2855 2282 3217 2358 ἀνθρωπικῶς
3235 2284 3597 2355 ἀφορίζομεν.
3612 2304 3638 2339 ι

2067 2381 2223 2437 Ἐπεὶ
2260 2381 2336 2452 μὴ
2364 2381 2409 2412 ’⁷
2439 2378 2597 2452 ψιλὸν
2652 2377 2940 2448 ἄνθρωπον
2982 2378 3145 2432 αὐτὸν
3199 2376 3643 2447 δογματίζομεν,

2055 2476 2348 2547 τέμνοντες
2406 2476 2510 2547 τὴν
2563 2473 2705 2546 ὑπὲρ
2735 2473 2780 2506 ⁷⁸
2827 2473 3033 2526 ἔννοιαν
3079 2469 3293 2524 ἕνωσιν.
3344 2468 3637 2534 Οὺσιωδῶς

2057 2568 2190 2641 γὰρ,
2232 2566 2349 2624 ἀλλ’
2391 2567 2492 2637 οὐχ
2547 2566 2625 2630 ὡς
2651 2562 2958 2637 ἀνθρώπων
3003 2562 3177 2618 αἰτίου
3225 2561 3311 2614 ἐπ’
3342 2560 3503 2615 αὐτοῦ
3533 2559 3632 2615 τοῦ
3720 2586 3723 2589 λ

2060 2657 2221 2726 φύσει
2249 2655 2388 2711 Θεοῦ
2417 2654 2540 2710 καθ’
2563 2655 2709 2726 ἡμᾶς
2732 2648 2944 2723 ἀληθῶς
2965 2650 3317 2714 οὑσιωθέντος
3332 2650 3393 2703 τδ
3414 2650 3643 2718 ἀνθρω-

2060 2764 2177 2817 πος
2207 2749 2381 2821 ὄνομα
2421 2747 2675 2818 λέγομεν.
2702 2744 2838 2799 Οὐδὲ
2873 2745 2983 2814 γάρ
3018 2741 3302 2814 ἄνθρωπος
3332 2741 3527 2812 μόνον,
3552 2741 3642 2794 ὅτι

2061 2841 2158 2898 καὶ
2187 2842 2321 2907 Θεὸς
2342 2844 2371 2895 ὁ
2407 2840 2591 2905 αὐτὸς,
2619 2857 2638 2890 ι
2676 2836 2797 2891 οὐδὲ
2821 2835 3146 2907 ὑπεροὺσιος
3184 2834 3368 2903 μόνον,
3395 2851 3413 2886 ι
3436 2834 3518 2886 ὅτι
3543 2834 3644 2889 καὶ

374 2928 724 2985 solummodo
750 2941 917 2983 causa
941 2927 1228 2982 hominum
1250 2935 1399 2983 esset
1418 2936 1476 2983 et
1495 2927 1744 2983 eﬂ‘ector.
1767 2926 1955 3000 Neque

2061 2932 2349 3007 ἄνθρωπος
2376 2935 2411 3008 ῥ
2445 2932 2606 2995 αὐτὸς
2625 2971 2641 2996 ,
2674 2928 2835 2999 εἴπερ
2864 2928 2940 3000 μὴ
2971 2926 3126 2997 ψιλὸς
3174 2925 3461 2996 ἄνθρωπος
3498 2926 3643 2997 μήτε

374 3022 524 3076 enim
556 3017 901 3074 solummodo
930 3018 1098 3073 homo
1129 3029 1234 3080 est.
1268 3018 1365 3075 sed
1393 3025 1451 3073 et
1480 3018 1627 3074 Deus
1657 3019 1802 3077 idem
1830 3030 1915 3076 est
1941 3041 1953 3076 :

374 3129 556 3183 neque
601 3126 771 3182 super
817 3111 1116 3168 essentiam
1165 3121 1411 3168 nostram
1456 3112 1636 3168 solum
1683 3122 1787 3182 est,
1820 3131 1959 3186 quo-

375 3205 522 3259 niam
553 3204 699 3259 idem
733 3204 903 3258 etiam
935 3203 1105 3259 homo
1129 3211 1245 3270 est;
1274 3217 1377 3259 nec
1401 3203 1551 3259 enim
1582 3219 1772 3261 merus
1796 3207 1961 3263 homo

375 3304 471 3353 aut
514 3297 696 3353 nudus
742 3297 889 3353 Deus
920 3304 1027 3362 est,
1060 3295 1159 3352 sed
1205 3310 1401 3351 revera
1444 3293 1635 3362 homo,
1682 3298 1962 3368 praecipuo

375 3389 614 3460 quodam
643 3402 774 3459 erga
804 3389 1063 3444 homines
1105 3400 1295 3444 amore
1336 3387 1586 3444 affectus.
1632 3389 1739 3445 Per
1780 3387 1965 3445 inﬁni-

376 3493 493 3535 tum
526 3497 653 3552 erga
684 3482 941 3536 homines
969 3492 1216 3536 amorem
1257 3474 1438 3536 factus
1466 3490 1551 3537 est
1589 3479 1725 3537 illud
1757 3482 1960 3552 ipsum,

377 3584 434 3629 et
478 3574 705 3644 quidem
737 3574 1048 3637 verissime,
1080 3573 1228 3643 quod
1275 3575 1515 3638 amabat,
1555 3574 1631 3629 ita
1678 3582 1862 3628 tamen
1904 3583 1966 3629 ut

379 3682 480 3722 sua
514 3666 688 3736 ipsius
713 3664 957 3719 essentia
991 3664 1128 3719 nihil
1170 3666 1451 3720 amitteret
1478 3680 1578 3736 per
1608 3666 1750 3722 hanc
1775 3665 1967 3722 inell‘a-

378 3759 547 3814 bilem
565 3755 1017 3820 exinanitionem,
1036 3772 1140 3812 nec
1165 3764 1361 3811 natura
1391 3757 1633 3812 humana
1663 3758 1965 3828 quidquam

380 3849 607 3906 omnino
637 3848 722 3902 vel
750 3848 1074 3903 mutationis
1101 3848 1188 3903 vel
1212 3842 1601 3904 diminutionis
1625 3864 1724 3919 per
1753 3865 1967 3905 assumo

380 3944 630 4014 ptionem
686 3940 1110 3995 inenarrabilem
1167 3947 1473 4011 pateretur.
1520 3941 1606 3996 Ah
1655 3957 1723 3996 eo
1772 3940 1969 3997 habuit

381 4032 786 4096 deﬁnitionem,
813 4030 884 4085 ab
920 4046 989 4085 eo
1013 4040 1088 4093 et,
1109 4031 1585 4087 constitutionem.
1620 4051 1639 4083 ι
1666 4031 1849 4102 Supra
1874 4048 1967 4088 ca-

381 4136 537 4197 ptum
560 4125 888 4188 humanum,
919 4141 937 4176 ι
959 4123 1089 4193 quia
1110 4122 1228 4177 sine
1248 4121 1490 4176 hominis
1522 4137 1626 4191 ope
1650 4142 1667 4172 ι
1689 4132 1746 4177 et
1766 4138 1968 4177 secun-

382 4216 514 4271 dum
550 4216 869 4280 hominem;
902 4233 920 4265 ›
950 4229 1075 4268 nam
1099 4228 1252 4267 more
1280 4212 1545 4276 humano,
1570 4213 1699 4283 quia
1718 4229 1818 4284 per
1842 4229 1971 4283 par-

2060 3028 2271 3099 γυμνὸς
2327 3026 2564 3097 ὑπάρχει
2626 3021 2759 3085 Θεὸς
2786 3061 2801 3083 ,
2834 3039 2853 3073 ι
2904 3019 3019 3073 ἀλλ’
3076 3016 3363 3089 ἄνθρωπος
3421 3017 3646 3087 ἀληθῶς

2062 3118 2092 3179 ὁ
2123 3120 2494 3189 διαφερόντως
2520 3110 2924 3186 φιλάνθρωπος.
2970 3132 2987 3164 ι
3037 3110 3277 3181 Ἀπείρῳ
3329 3109 3440 3181 γὰρ
3494 3108 3647 3183 πόθῳ

2062 3211 2142 3282 τῷ
2175 3211 2314 3281 πρὸς
2343 3208 2669 3279 ἀνθρώπους
2708 3207 2845 3277 ὅπερ
2871 3203 3021 3257 ἐστὶν
3059 3202 3276 3273 ἀληθῶς
3319 3202 3454 3256 αὐτὸ
3483 3203 3651 3272 φύσει

2063 3305 2126 3358 τὸ
2151 3300 2521 3373 ποθούμενον(
2529 3301 2571 3369 1
2584 3300 2687 3370 ιο
2702 3300 2753 3367 b)
2774 3299 2986 3367 γέγονε,
3011 3298 3150 3368 μήτε
3180 3312 3235 3349 τι
3256 3295 3549 3360 πεπονθὼς
3572 3298 3652 3361 είς

2065 3394 2165 3467 τὴν
2190 3394 2234 3428 ⁷⁸
2267 3395 2404 3451 ἰδίαν
2441 3394 2629 3447 οὐσίαν
2669 3390 2804 3462 πρὸς
2837 3388 2939 3459 τῆς
2983 3387 3294 3457 ἀφθέγκτου
3339 3388 3655 3453 κενώσεως,

2071 3493 2208 3561 μήτε
2234 3504 2289 3542 τι
2321 3486 2424 3558 τῆς
2455 3484 2803 3557 ἀνθρωπίνης
2821 3482 2910 3536 διὰ
2939 3482 3038 3550 τὴν
3066 3479 3383 3551 ἀπόρρητον
3406 3481 3455 3513 ⁸ο
3486 3481 3661 3551 πράσ-

2067 3582 2234 3653 ληψιν
2264 3578 2528 3652 ἀμείψας,
2566 3578 2600 3648 ἢ
2638 3573 2879 3646 μειώσας
2897 3572 2958 3627 τὸ
2993 3571 3214 3627 σύνολον
3243 3570 3494 3640 φύσεως,
3531 3569 3611 3627 ῶν
3634 3574 3663 3626 ὁ

2067 3672 2227 3741 λόγος
2280 3671 2488 3741 κυρίως
2534 3668 2705 3737 αὐτῆς
2761 3665 3069 3735 καθέστηκε
3096 3663 3381 3727 σύστασις.
3421 3683 3441 3715 ι
3489 3664 3667 3735 ’Υπὲρ

2069 3764 2410 3833 ἀνθρώπους,
2442 3780 2460 3813 ι
2499 3760 2581 3814 ὅτι
2613 3758 2811 3821 θεϊκῶς
2848 3752 3042 3826 ἀνδρὸς
3061 3755 3231 3826 χωρὶς
3258 3754 3306 3786 ⁸⁸
3333 3772 3357 3809 ι
3388 3756 3490 3808 καὶ
3521 3756 3670 3811 κατά

2070 3855 2417 3927 ἀνθρώπους,
2451 3873 2472 3906 ι
2537 3848 2903 3923 ἀνθρωπικῶς
2959 3847 3040 3901 ὅτι
3070 3846 3116 3879 ⁸³
3173 3845 3331 3918 νόμῳ
3378 3847 3670 3920 κυήσεως.

2076 3968 2096 4002 ι
2145 3948 2243 4003 Ἐκ
2272 3946 2372 4018 τῆς
2393 3943 2703 4017 ἀνθρώπων
2734 3941 2922 4003 οὐσίας
2956 3939 2985 3992 ὁ
3018 3938 3351 4009 ὑπεροὺσιος
3382 3940 3675 4010 οὐσιωμέ-

2071 4056 2160 4103 νος
2185 4056 2199 4070 ο
2243 4058 2262 4091 ι
2305 4039 2367 4091 οὐ
2392 4038 2501 4108 γὰρ
2524 4035 2687 4107 ψιλὴν
2714 4034 2882 4105 μόνην
2909 4035 3210 4102 ὲφάντασεν
3236 4033 3375 4101 ἡμῖν
3401 4035 3463 4086 ὲν
3485 4035 3675 4105 ἑαυτῷ

2071 4133 2172 4204 τὴν
2210 4133 2268 4185 ὲν
2293 4130 2340 4164 ⁸³
2372 4131 2504 4184 εῐδει
2538 4127 2742 4200 σαρκὸς
2773 4126 3177 4199 διαμόρφωσιν,
3203 4124 3353 4178 κατὰ
3386 4126 3522 4190 τοὺς
3557 4126 3677 4180 τῶν

2072 4221 2395 4293 Μανιχαίων
2419 4220 2619 4292 λήρους
2635 4216 2703 4283 ⁸⁸,
2731 4217 2763 4288 ἢ
2784 4218 2963 4289 σάρκα
2997 4214 3454 4285 συνουσιωμένην
3502 4217 3680 4289 οὐρα.

382 4320 522 4366 tum.
544 4310 626 4364 Ex
649 4307 893 4364 hominis
912 4306 1243 4368 substantia,
1264 4320 1391 4359 cum
1414 4320 1582 4374 super
1603 4320 1665 4360 su
1675 4306 1955 4363 bstantiarx

2074 4314 2229 4368 νόθεν
2266 4312 2444 4383 ἑαυτῷ
2475 4310 2899 4381 συγκατήγαγε,
2929 4307 3069 4363 κατά
3105 4307 3232 4369 τοὺς
3274 4307 3679 4380 Ἀπολιναρὶου

382 4404 733 4465 subsisteret,
766 4398 1131 4456 substantiam
1172 4397 1487 4467 assumpsit.
1520 4397 1639 4452 Non
1685 4399 1855 4463 enim,
1887 4414 1974 4455 se-

384 4496 625 4552 cundum
665 4504 962 4565 nugatorcs
994 4492 1347 4556 Manichatos,
1380 4507 1586 4546 meram
1633 4488 1817 4547 carnis
1858 4508 1973 4549 sua:

384 4591 625 4660 speciem
676 4597 732 4644 et
762 4588 1085 4659 phantasma
1116 4588 1171 4641 in
1200 4585 1384 4657 seipso
1414 4586 1574 4641 nobis
1598 4585 1774 4641 forma
1812 4596 1975 4645 tenus

2080 4402 2307 4476 μύθους,
2335 4400 2451 4456 ἀλλ’
2484 4400 2617 4456 αὐτὸ
2650 4400 2769 4452 κατ’
2801 4399 2990 4451 οὐσίαν
3020 4395 3149 4462 ὅλην
3177 4394 3416 4468 ,ἀληθῶς
3455 4397 3683 4469 ἄνθρω-

2075 4514 2178 4560 πος
2229 4493 2492 4565 γεγονὼς,
2551 4489 2855 4563 προσλήψει
2903 4487 3152 4560 δηλονότι
3204 4487 3414 4559 σαρκὸς
3463 4490 3683 4561 νοερῶς

2078 4585 2460 4659 ὲψυχωμένης,
2498 4582 2795 4651 ὲνωθείσης
2826 4580 2977 4652 αὐτῷ
3000 4567 3132 4633 καθ’
3172 4579 3511 4634 ὑπόστασιν.

386 4682 706 4743 ostentavit,
743 4689 860 4744 aut,
888 4678 1193 4735 secundum
1217 4677 1544 4748 Apollinarii
1590 4677 1826 4743 fabulas,
1859 4692 2083 4736 carnem
2127 4681 2232 4736 sibi
2266 4679 2397 4735 olim
2459 4673 2986 4732 consubstantiatam
3020 4671 3088 4726 de
3146 4669 3288 4726 coelo
3329 4685 3529 4726 secum
3575 4671 3683 4729 de-

385 4775 562 4839 duxit,
594 4773 689 4829 sed
761 4772 1064 4829 secundum
1112 4770 1409 4827 essentiam
1460 4779 1626 4825 totam
1691 4786 1822 4827 vere
1866 4773 2034 4829 homo
2069 4774 2251 4830 factus
2293 4782 2399 4838 est,
2450 4767 2826 4839 assumptione
2869 4764 3082 4822 scilicet
3133 4762 3321 4819 carnis
3374 4764 3574 4821 anima
3621 4774 3686 4824 et

387 4878 569 4923 mente
592 4867 859 4937 praeditas,
890 4868 1169 4936 uniusque
1193 4865 1297 4922 sibi
1322 4879 1423 4935 per
1448 4866 1789 4937 hypostasin.

464 5009 480 5038 ε
519 4989 618 5043 Est
675 4994 855 5043 tamen
920 4986 1283 5042 nihilominus
1336 4985 1970 5058 supersubstantialitate

389 5080 870 5149 superabundans,
897 5087 1089 5148 utpote
1115 5079 1211 5149 qui
1255 5094 1472 5149 semper
1507 5097 1671 5151 supra
1713 5082 1972 5138 substan-

365 5169 523 5229 tiam
564 5169 653 5223 sit.
710 5188 729 5220 ›
780 5169 969 5237 Neque
1003 5169 1152 5224 enim
1196 5186 1322 5227 cum
1361 5171 1516 5238 ﬁeret
1559 5172 1727 5225 homo
1769 5182 1979 5230 natura:

2169 5009 2188 5040 ι
2223 4989 2381 5043 Ἔστι
2406 4988 2462 5041 δὲ
2497 4985 2651 5039 οὐδὲν
2682 4978 2840 5055 ἦττον
2890 4977 3345 5051 ὑπερουσιότητος
3385 4978 3685 5051 ὑπερπλή-

2086 5101 2187 5156 ρης
2215 5085 2242 5135 ὀ
2270 5084 2358 5137 ἀεὶ
2391 5080 2738 5150 ὑπερούσιος.
2783 5093 2801 5124 ι
2834 5073 2909 5126 Οὐ
2932 5071 3039 5141 γὰρ
3069 5068 3382 5139 ὑπεζεύχθη
3415 5072 3486 5141 τῇ
3511 5073 3685 5140 φύσει

2088 5175 2380 5245 γενόμενος
2411 5172 2719 5244 ἄνθρωπος,
2752 5164 3061 5221 τούναντίον
3097 5163 3155 5215 δὲ
3201 5162 3408 5232 μᾶλλον
3456 5181 3675 5219 συνεπ-

1711 5337 1945 5392 νΑιιιΑς
1984 5338 2276 5396 LECTION
2287 5338 2388 5394 ES.

464 5468 515 5501 "
541 5469 701 5533 μόνον
727 5471 815 5525 θά-
851 5469 970 5525 Gal-
1028 5473 1074 5503 ⁷⁸
1112 5472 1334 5543 ἁμάρτῃ
1354 5470 1444 5526 ed.
1476 5472 1594 5527 Gal.
1657 5475 1702 5505 ⁷⁵
1731 5476 2090 5546 περιεκτικὴν
2114 5475 2202 5531 ed.
2229 5475 2349 5532 Gal.
2377 5476 2515 5530 Hinc
2534 5472 2861 5598 corrigenda
2884 5473 3004 5544 ejus
3034 5467 3235 5524 versio.
3294 5466 3343 5497 ⁷⁸
3371 5468 3463 5537 sip

476 5538 641 5593 -G=“-
727 5540 774 5570 '”
807 5540 1055 5598 μηδὲθώ
1079 5540 1199 5594 Gal.
1276 5543 1320 5573 ⁷³
1353 5541 1459 5598 πὲρ
1482 5542 1569 5597 ed.
1595 5542 1716 5596 Gal.
1751 5546 1798 5577 τ’
1824 5547 1923 5598 τὴν
1956 5562 2065 5598 non
2099 5547 2268 5598 habet
2299 5547 2388 5598 ed.
2421 5546 2541 5598 Gal.
2604 5546 2649 5575 ιο
2722 5546 2918 5598 ρὸητον
2945 5541 3034 5597 ed.
3069 5537 3186 5594 Gal.
3270 5536 3313 5568 ει
3347 5537 3461 5598 γὰρ

518 5538 641 5615 ρει-1.
684 5540 774 5615 ﬂ"
800 5540 943 5615 μηδὲ
964 5538 1242 5615 ed-_Ga;l._’
1276 5538 1459 5615 "3&9
1482 5542 1569 5597 ed.
1595 5542 1716 5615 Gal.
1751 5538 1923 5615 ’ξ’τὴν
1956 5538 2065 5600 non
2099 5547 2268 5601 habet
2299 5547 2388 5601 ed.
2421 5546 2541 5601 Gal.
2604 5546 2649 5575 '°

1961 5617 2006 5648 ⁸³
2037 5616 2283 5688 κλήρους
2307 5617 2427 5672 cod.
2467 5616 2608 5672 Gud.

397 5612 487 5670 ed.
512 5608 631 5665 Gal.
683 5608 727 5640 ⁸³
754 5609 858 5677 γὰρ
895 5608 973 5663 ὅτι
1003 5610 1092 5665 ed.
1126 5609 1243 5664 Gal.
1332 5611 1377 5642 ⁸³
1413 5608 1468 5663 ἐν
1492 5627 1598 5665 om.
1635 5612 1721 5667 ed.
1750 5613 1866 5669 Gal.

3469 5468 3688 5537 μῆσθαι

2721 5536 2930 5615 ρῤητωῑ
2945 5541 3034 5597 ed.
3069 5537 3186 5594 Gal.
3270 5536 3313 5568 ⁸³
3347 5536 3481 5608 γὰρ
3503 5539 3690 5611 χωρὶς
