4066 6150
309 239 445 302 1049

1540 263 2060 332 AMBIGUORUM
2098 276 2350 340 LIBER.

3417 289 3554 353 10:30

297 346 432 416 ἦρεν
461 347 506 380 ⁸³
542 349 719 419 ἐαυτῷ
748 350 847 416 τὴν
879 352 1060 421 φύσιν,
1089 357 1276 429 ἕτερον
1304 361 1471 434 αὐτὴν
1507 371 1738 439 ποιήσας
1762 391 1848 444 μυ.

304 441 393 461 ..-.ι
414 455 519 461 ΑΛ-..
588 442 634 461 κη’
659 443 699 461 7‘
727 459 736 461 _
780 443 821 461 ος
859 444 904 461 Ω.
1034 449 1046 461 ι
1367 455 1377 461 .

1969 382 2253 453 subjectus
2282 387 2406 453 fuit,
2433 389 2530 444 sed
2564 391 2748 461 potius
2775 393 2896 447 vice
2921 410 3078 449 versa
3105 396 3171 450 ad
3205 413 3263 453 se
3289 399 3554 457 sublima-

299 441 540 508 στήριον,
579 442 739 505 αὑτὸς
775 443 831 496 δὲ
859 444 906 477 ³⁸
955 449 1148 516 μείνας
1206 455 1556 511 παντάπασιν
1607 441 1870 534 ἄληπτος,

296 531 392 582 καὶ
419 532 519 600 τὴν
543 533 752 587 οἰκείαν
779 537 1056 607 σάρκωσιν
1087 540 1357 612 λαχοῦσαν
1388 548 1605 615 γένεσιν
1631 555 1874 627 ὑπερού-

297 638 411 674 σιον
443 625 742 695 μυστηρίου
771 629 970 693 παντὸς
993 632 1170 697 δείξας
1192 635 1588 711 ἀληπτοτέραν,
1616 647 1872 703 τοσοῦτον

296 712 643 780 καταληπτὸς
664 716 730 770 δι’
758 719 929 790 αὐτὴν
951 724 1186 790 γεγονὼς
1210 727 1333 780 ὅσον
1357 731 1404 761 ³⁷
1429 733 1591 786 πλέον
1621 738 1867 810 ἐγνώσθη

294 802 360 855 δι’
391 805 562 873 αὑτῆς
620 807 1008 882 ἀληπτότερος.
1048 834 1065 865 ι
1136 818 1382 889 Κρύφιος
1443 825 1554 897 γάρ
1616 802 1731 882 ἐστι
1775 802 1870 885 καί

298 894 434 962 μετὰ
467 895 563 964 τὴν
597 897 878 966 ἔκφανσιν,
923 922 941 953 ι
971 909 1135 974 φησιν
1162 911 1189 960 ὁ
1241 894 1586 980 διδάσκαλος,
1628 939 1646 971 ι
1682 921 1740 990 ἢ,
1777 923 1867 976 ἵνα

292 983 356 1035 τὺ
401 985 670 1057 θειότερον
717 990 877 1055 εἴπω,
916 996 1008 1047 καὶ
1038 998 1096 1047 ὲν
1126 1003 1191 1070 τῇ
1235 1003 1519 1073 ὲκφάνσει.
1548 1011 1658 1064 Καὶ
1703 983 1866 1067 τοῦτο

292 1073 402 1173 γάρ
442 1075 615 1144 Ἰησοῦ
650 1079 976 1148 κέκρυπται,
1008 1088 1100 1139 καὶ
1141 1091 1317 1146 οὐδενὶ
1368 1097 1530 1169 λόγῳ,
1567 1103 1686 1155 οὐδὲ
1713 1103 1788 1173 νῷ
1818 1106 1863 1138 ⁸⁸

290 1161 351 1213 τὸ
384 1165 502 1263 κατ’
523 1165 684 1218 αὑτὸν
715 1169 940 1237 ὲξῆκται
975 1180 1296 1249 μυστήριον,
1330 1161 1588 1241 ἀλλά-καὶ
1633 1161 1862 1263 λεγόμε-

289 1267 379 1346 νον
421 1252 663 1323 ἄρρητον
707 1260 858 1326 μένει
884 1301 900 1325 ,
929 1265 1024 1317 καὶ
1068 1270 1377 1341 νοούμενον,
1410 1252 1718 1346 ἄγνωστον..
1740 1252 1778 1334 ι’
1798 1285 1862 1337 Τί

286 1339 476 1439 τούτου
509 1345 643 1439 πρὸς
674 1347 951 1417 ἀπόδειξιν
981 1354 1132 1420 θείας
1156 1339 1612 1437 ὑπερουσιότητος
1660 1372 1860 1439 γένοιτ’

285 1429 353 1484 ἂν
406 1433 952 1511 ἀποδεικτικιὶηερυν,
992 1429 1275 1515 ὲκφάνσει-
1299 1456 1479 1526 (ιιι
1595 1429 1683 1513 Ῠτό
1728 1451 1860 1532 κρύ-

287 1539 412 1623 φιον
463 1529 566 1623 ’καὶ
609 1527 752 1597 λόγῳ
794 1533 894 1602 τὴν
935 1536 1172 1602 ἀφασίαν
1206 1545 1302 1594 καὶ⁵
1347 1545 1421 1614 νῷ
1460 1527 1727 1621 δηλούσης

290 1611 412 1664 καθ’
455 1612 727 1686 ὑπεροχὴν
758 1619 1058 1689 ἀγνωσίαν,
1091 1629 1185 1680 καὶ
1219 1632 1278 1683 τὸ
1310 1632 1374 1703 δὴ
1395 1611 1600 1703 *μεῖξον
1656 1611 1854 1705 εἰπεῖν,

283 1701 614 1768 οὐσιὼσειτὸ
638 1706 964 1777 ὑπερούσιον
987 1730 1002 1778 ;
1029 1733 1047 1766 ι
1071 1717 1287 1786 Ἀμέλει
1315 1701 1380 1793 τῇ
1403 1701 1606 1797 ταύτης
1635 1701 1858 1800 περιουζ
1895 1704 1934 1756 Β

286 1791 376 1859 σίᾳ
398 1792 443 1824 ⁸⁸
469 1795 564 1846 καὶ
587 1798 667 1857 εἰς
696 1799 886 1854 οὐσίαν
912 1803 1128 1874 ἀληθῶς
1161 1807 1332 1864 ὲλθὼν
1356 1791 1500 1886 ὑπὲρ
1545 1791 1738 1873 οὑσίαὲν
1764 1823 1856 1874 οὑ-

285 1882 455 1978 σιῶθη
482 1899 496 1913 ⁸
529 1903 548 1936 ι
580 1889 709 1952 τοὺς
729 1891 926 1961 νόμους
947 1893 1146 1968 δηλαδὴ
1171 1882 1574 1974 καινοτομήσας
1589 1910 1686 1978 τῆς
1712 1913 1856 1967 κατά

283 1972 459 2067 φύσιν-
494 1978 784 2067 γενέσεως,
821 1985 914 2036 καὶ
961 1987 1084 2056 δίχα
1117 1989 1218 2059 τῆς
1270 1993 1328 2058 ἐξ
1372 1972 1569 2067 ἀνδρὸς
1605 1972 1674 2052 ὲν
1724 2003 1853 2054 εἴδει

282 2064 493 2131 σπορᾶς
547 2066 765 2135 ἀληθῶς
826 2074 1116 2143 γενόμενος
1173 2064 1489 2152 ἄνθρωπος(
1539 2088 1649 2140 Καὶ
1698 2089 1853 2159 δηλοῖ

280 2154 554 2221 Παρθένος
589 2161 750 2214 αὐτὸν
781 2164 1081 2235 ὑπερφυῶς
1109 2171 1314 2226 κύουσα
1341 2176 1434 2228 τὸν
1455 2179 1500 2210 ⁹⁰
1529 2180 1852 2250 ὑπερούσιον

277 2245 451 2313 Λόγον
480 2250 650 2320 χωρὶς
679 2253 869 2324 ἀνδρὸς
896 2258 958 2310 ἐκ
981 2258 1091 2310 τῶν
1121 2263 1289 2332 αὐτῆς
1319 2245 1664 2337 παρθενικῶν
1687 2274 1853 2344 αἱμά-

274 2351 384 2389 των
437 2339 819 2412 ἀνθρωπικῶς,
880 2347 1015 2419 ξένῳ
1069 2354 1220 2422 παρά
1274 2356 1373 2425 τὴν
1430 2359 1592 2426 φύσιν
1638 2339 1845 2435 θεσμῷ,

272 2427 750 2502 διαπλαττόμενον.
786 2457 804 2488 ί
855 2439 965 2492 Καὶ
1019 2442 1161 2513 ὑπὲρ
1207 2445 1494 2516 ἄνθρωπον
1551 2427 1771 2524 ἐνήργει
1796 2427 1846 2489 ὐ

271 2518 340 2570 τὰ
361 2520 648 2591 ἀνθρώπου
684 2527 728 2557 ⁹²
750 2544 762 2556 ·
796 2546 815 2577 ι
840 2528 938 2599 τὴν
968 2535 1078 2585 τῶν
1109 2539 1388 2606 στοιχείων
1417 2543 1638 2606 ἀπαθῶς
1668 2564 1847 2602 καινο-

270 2613 521 2682 τομήσας
557 2615 720 2682 φύσιν
742 2623 863 2681 ταῖς
893 2620 1106 2690 βάσεσι.
1148 2629 1258 2679 Καὶ
1289 2630 1440 2699 δηλοί
1475 2636 1663 2704 σαφῶς
1701 2637 1846 2710 ὕδωρ

269 2701 522 2770 ἄστατον,
558 2706 760 2761 ὑλικῶν
794 2712 890 2763 καὶ
916 2715 1132 2784 γεηρῶν
1162 2718 1206 2749 ⁸³
1247 2721 1423 2774 ποδῶν
1461 2701 1652 2796 ἀνέχον
1676 2701 1844 2800 βάρος

269 2793 364 2846 καὶ
408 2795 482 2866 μὴ
529 2798 773 2862 ὑπεῖκον,
815 2802 933 2855 ἀλλ’
984 2805 1256 2876 ὑπερφυεῖ
1307 2793 1846 2888 δυνάμειηπρδςαδ

266 2883 552 2954 ἀδιάχυτον
613 2891 1007 2962 συνιστάμενον
1033 2913 1048 2926 ·
1098 2899 1257 2970 εἴπερ
1308 2883 1523 2972 ἀληθῶς
1585 2883 1843 2980 ἀύρόχοις

265 2975 417 3038 ποσὶ,
452 2980 765 3046 σωματικὸν
801 2981 963 3050 ὄγκον
993 2984 1197 3055 ἔχουσι,
1228 2991 1323 3042 καὶ
1349 2993 1480 3064 ὕλης
1503 2975 1708 3068 βάρος,
1727 2975 1840 3072 ⁷’τὴν
1869 3027 1911 3082 c

265 3066 442 3136 ὑγρὰν
491 3071 587 3121 καὶ
635 3070 869 3128 ἄστατον
917 3077 1105 3130 οὐσίαν
1127 3081 1173 3113 ⁸⁵
1199 3066 1828 3152 μεταϐατικῶς-ἐπεπό-

265 3173 423 3228 ρευτο
449 3160 514 3226 ³⁵,
539 3164 859 3230 περιπατῶν
883 3167 974 3220 ἐπὶ
998 3169 1273 3243 θαλάσσης
1301 3175 1377 3239 ὡς
1399 3176 1484 3230 ἐπ’
1509 3181 1555 3211 ⁹⁶
1584 3183 1837 3254 ἐδάφους,

262 3247 356 3298 καὶ
382 3249 448 3318 τῇ
479 3249 703 3320 δυνάμει
728 3254 829 3323 τῆς
851 3256 1046 3311 ἑαυτοῦ
1082 3260 1340 3332 θεότητος
1383 3247 1707 3340 ἁχωρίστως
1749 3247 1838 3332 διά

260 3337 359 3406 τῆς
381 3338 428 3370 ³⁷
467 3342 820 3408 μεταϐάσεως
863 3353 1240 3418 συνεκφαίνων
1269 3357 1370 3426 τῆς
1393 3337 1596 3424 οἰκείας
1638 3369 1839 3434 σαρκὸς

260 3426 359 3497 τήν
392 3431 532 3483 κατά
573 3431 738 3500 φύσιν
781 3436 1068 3505 ἐνέργειαν
1105 3457 1118 3470 ·
1156 3442 1316 3515 εἴπερ
1351 3447 1514 3514 φύσει
1563 3426 1767 3524 ταύτης

263 3518 599 3593 μεταϐατικὴ
627 3525 936 3597 καθέστηκε
961 3531 1202 3599 κίνησις,
1231 3535 1348 3588 ἀλλ’
1378 3540 1438 3590 οὐ
1478 3542 1578 3610 τῆς
1615 3518 1834 3616 ήνωμέλ

259 3624 356 3678 νης
377 3611 514 3682 αὑτῇ
554 3616 675 3668 καθ’
711 3618 1010 3673 ὑπόστασιν
1040 3624 1416 3699 ὑπεραπείρου
1467 3634 1564 3685 καὶ
1598 3636 1838 3708 ὑπερου-

261 3699 378 3793 σίου
427 3701 697 3793 θεότητος.
733 3709 914 3775 Ἃπαξ
941 3712 1048 3784 γὰρ
1092 3716 1459 3787 ἀνθρωπικῶς
1496 3699 1778 3793 οὑσιωθεὶς
1806 3732 1836 3783 ὁ

260 3789 599 3884 ὑπερούσιοςᾲ
641 3797 814 3866 Λόγος
885 3803 1022 3868 μετὰ
1069 3805 1168 3874 τῆς
1232 3808 1580 3883 ἀνθρωπίνης
1642 3789 1833 3884 οὐσίας

259 3884 530 3953 ἀμείωτον
560 3882 727 3957 εἶχεν,
758 3890 832 3953 ῶς
874 3891 1010 3946 ἰδίαν
1043 3897 1210 3950 αὑτοῦ
1241 3938 1254 3964 ,
1313 3903 1407 3956 καὶ
1441 3882 1620 3976 (ιιι
1655 3910 1704 3980 ἀ)
1735 3882 1832 3982 τὴν

258 3977 488 4041 γενικῶς
521 3977 682 4030 αὑτὸν
722 3981 796 4044 ῶς
842 3981 1134 4054 ἄνθρωπον
1176 3997 1689 4066 χαρακτηρίξουσαν
1732 4005 1832 4072 τῆς

256 4066 444 4129 οὐσίας
490 4068 703 4141 κίνησιν
752 4075 917 4127 πᾶσιν
970 4073 1052 4140 οἷς
1099 4077 1175 4139 ὼς
1220 4081 1507 4154 ἄνθρωπος
1534 4089 1756 4162 ἐνήργει
1783 4066 1830 4127 δέ

257 4159 501 4225 φυσικῶς
549 4163 994 4238 εἰδοποιουμένην
1029 4187 1042 4200 ·
1095 4174 1256 4245 εἴπερ
1311 4177 1528 4249 ἀληθῶς
1595 4159 1822 4252 γέγονεν

255 4250 559 4322 ἄνθρωπος,
585 4256 888 4328 ἀναπνέων,
913 4261 1111 4332 λαλῶν,
1136 4266 1391 4336 βαδίζων,
1424 4250 1617 4344 χεῖρας.
1639 4250 1824 4345 κινῶν,

255 4342 552 4410 προσφυῶς
600 4351 717 4412 ταῖς
769 4352 1056 4422 αἰσθήσεσι
1101 4357 1384 4427 χρώμενος
1427 4342 1824 4439 εἰςνάντίληψιν
1859 4356 1902 4410 D

253 4432 366 4485 τῶν
413 4434 706 4506 αἰσθητῶν,
737 4443 958 4510 πεινῶν,
989 4446 1180 4515 διψῶν,
1213 4451 1431 4520 ἐσθίων,
1483 4456 1688 4526 ὑπνῶν,
1747 4479 1833 4514 κο-

255 4524 416 4586 πιῶν,
443 4527 714 4598 δακρύων,
773 4536 1046 4605 ἀγωνιῶν,
1078 4541 1257 4595 καίτοι
1297 4544 1526 4618 δύναμις
1565 4549 1641 4604 ὣν
1694 4553 1830 4606 αὑθ-

254 4617 574 4687 υπόστατος,
636 4624 732 4676 καὶ
776 4627 847 4680 τὰ
902 4629 1086 4684 λοιπὰ·
1117 4634 1296 4689 πάντα
1325 4631 1405 4700 οἷς
1440 4617 1829 4712 αὐτουργικῶς

251 4705 429 4778 ψυχῆς
456 4711 613 4804 δίκην
643 4717 886 4783 φυσικῶς
912 4720 972 4772 τὸ
1019 4724 1266 4793 συμφυὲς
1323 4727 1486 4797 σῶμα
1545 4705 1825 4804 κινούσης,

251 4800 351 4869 τὴν
389 4803 833 4874 προσληφθεῖσαν
885 4810 1047 4878 φύσιν
1082 4817 1251 4869 κινῶν
1278 4819 1355 4883 ὡς
1395 4822 1565 4898 αὐτού
1607 4826 1702 4877 καὶ
1733 4800 1826 4894 γε·

251 4890 484 4986 νομένην
527 4896 742 4966 ἀληθῶς
783 4901 877 4952 καί¹
923 4902 1303 4979 λεγομένην,ἢ
1361 4891 1568 4984 κυρίως
1618 4890 1820 4986 είπείν,

251 4981 415 5076 αὑτός
467 4985 592 5056 δίχα
640 4990 850 5059 τροπῆς
891 4993 1205 5068 τοῦθ’ὄπερ
1261 5002 1377 5055 ἐστὶ
1418 4981 1825 5076 πραγματικῶς

249 5074 284 5141 ή
309 5073 471 5142 φύσις
491 5079 780 5149 γενόμενος
809 5083 1170 5153 ἀφαντάστως
1195 5092 1238 5124 ⁸⁸
1259 5092 1358 5163 τὴν
1387 5073 1530 5168 ὑπερ
1548 5073 1722 5170 ’ήμῶν
1748 5073 1824 5156 οίὲ

252 5167 508 5236 κονομίαν
535 5171 917 5242 πεπλήρωκεν.
955 5177 1069 5231 Οὑκ
1104 5179 1312 5235 ἀνεῖλεν
1341 5182 1434 5238 οὖν
1477 5189 1574 5257 τὴν
1622 5208 1822 5244 συστα-

1975 475 2056 529 vit
2099 487 2370 544 naturam,
2401 480 2456 534 in
2483 497 2548 536 ea
2586 483 2734 537 aliud
2763 489 3082 555 mysterium
3126 489 3400 556 elliciens;
3435 494 3549 562 ipse

1973 568 2119 621 enim
2147 571 2718 641 incomprehensibilis
2744 580 3062 645 permansit,
3094 589 3149 635 et
3183 598 3334 635 suam
3367 585 3548 640 incar-

1973 670 1996 706 ιι
2014 655 2251 710 ationcm
2275 662 2423 716 omni
2449 658 2709 733 mysterio
2733 667 2902 736 magis
2932 668 3547 738 incomprehensibilem

1972 749 2234 809 ostendit,
2260 767 2360 821 per
2399 758 2807 823 generationem
2843 776 3005 828 supra
3039 778 3257 817 omnem
3289 766 3545 822 substan-

1973 838 2123 904 tiam,
2172 849 2320 896 tanto
2355 844 2576 912 quidem
2612 862 2711 915 per
2750 847 2898 901 illam
2925 850 3102 905 factus
3127 854 3544 921 comprehensi-

1971 928 2118 994 bilis,
2149 943 2355 1000 quanto
2382 951 2479 1003 per
2505 937 2652 991 illam
2697 939 3040 1009 dignoscitur
3079 959 3198 998 esse
3245 945 3416 1014 magis
3457 946 3544 1000 in~

1970 1024 2504 1092 comprehensibilis.
2541 1049 2559 1080 ι
2595 1030 2965 1087 Absconditus
2989 1036 3134 1088 enim
3165 1049 3348 1092 manet
3375 1041 3541 1093 etiam

1967 1121 2090 1179 post
2138 1115 2665 1184 manifestationem,
2718 1141 2736 1170 ›
2789 1131 2852 1176 ut
2899 1123 3034 1177 dicit
3090 1129 3347 1196 magister
3417 1129 3539 1192 ille,

1974 1221 1992 1252 ι
2033 1211 2147 1268 aut,
2193 1215 2253 1258 ut
2293 1206 2536 1262 divinius
2577 1210 2789 1278 loquar,
2823 1213 2877 1266 in
2923 1214 3038 1281 ipsa
3076 1218 3538 1282 manifestatioue,

1963 1295 2168 1348 etenim
2192 1294 2297 1348 hoc
2318 1297 2481 1351 etiam
2513 1300 2686 1368 ipsius
2713 1303 2836 1356 Jesu
2862 1308 3169 1360 occultatur
3193 1311 3535 1379 mysterium,

1962 1399 2066 1438 nec
2106 1383 2219 1437 ullo
2261 1401 2515 1442 sermone
2556 1390 2642 1444 vel
2668 1391 2945 1446 intellectu
2987 1398 3334 1464 exprimitur.
3376 1403 3538 1468 quin-

1962 1473 2075 1528 imo
2103 1475 2234 1529 dum
2267 1477 2562 1546 profertur,
2598 1496 2883 1548 arcanum,
2931 1495 2986 1538 et
3025 1485 3154 1540 dum
3191 1488 3531 1559 intelligitur,

1959 1577 2146 1621 manet
2179 1568 2447 1638 ignotum.
2491 1589 2508 1622 ι
2542 1570 2682 1636 Quid
2726 1581 2811 1628 est
2851 1576 2996 1644 quod
3049 1576 3291 1631 divinam
3335 1596 3530 1648 supcr-

1961 1655 2476 1713 substantialitatem
2525 1661 2740 1728 plenius
2789 1665 2893 1718 hoc
2927 1665 3305 1722 demonstrare
3343 1680 3528 1739 queat,

1960 1745 2080 1812 quae
2107 1762 2205 1816 pcr
2232 1763 2386 1801 suam
2419 1751 2916 1808 manifestationem
2950 1771 3008 1810 se
3048 1760 3306 1824 occultat,
3341 1770 3396 1814 et
3437 1779 3536 1831 per

1957 1851 2265 1891 sermonem
2303 1855 2361 1893 se
2405 1840 2734 1895 inetfabilem
2782 1845 3044 1911 declarat,
3071 1857 3126 1902 et
3167 1865 3266 1918 per
3293 1862 3531 1907 mentem

1956 1927 2389 1983 eminentissime
2441 1945 2500 1984 se
2544 1931 3028 2001 incognoscibilem
3077 1939 3291 2006 probat,
3340 1951 3413 2004 ct,
3473 1953 3533 1997 ut
3609 1975 3612 1978 λ

1955 2019 2131 2087 majus
2153 2019 2357 2087 aliquid
2389 2021 2604 2085 addam,
2634 2038 2730 2091 per
2751 2025 3072 2080 substantia:
3100 2033 3530 2097 assumptionem

1954 2123 2012 2161 se
2039 2125 2157 2163 esse
2198 2126 2362 2179 supra
2394 2129 2611 2167 omnem
2645 2116 3008 2170 substantiam
3045 2121 3322 2174 ostendit?
3352 2143 3368 2171 ι
3401 2125 3531 2177 Pro-

1953 2198 2094 2254 fecto
2145 2201 2309 2271 hujus
2355 2207 2709 2275 praerogativa
2741 2208 2904 2262 etiam
2961 2226 3084 2263 cum
3132 2229 3261 2267 vere
3298 2215 3351 2267 in
3393 2216 3527 2270 sub-

1951 2292 2209 2345 stantiam
2248 2295 2483 2359 veniret,
2521 2311 2686 2363 supra
2725 2299 3090 2355 substantiam
3132 2303 3528 2361 substantiatns

1949 2390 2051 2436 est.
2085 2401 2102 2432 ›
2133 2383 2399 2437 Nimirum
2428 2388 2797 2455 generationis
2823 2392 3088 2446 naturalis
3121 2392 3292 2462 legem
3330 2396 3528 2448 immu-

1949 2473 2103 2536 tavit,
2138 2483 2194 2527 et
2234 2473 2441 2543 absque
2474 2476 2617 2530 virili
2655 2479 2862 2532 semine
2899 2480 2951 2532 in
2991 2483 3172 2549 specie
3201 2484 3364 2538 homo
3396 2502 3526 2539 vcrc

1946 2560 2122 2616 factus
2154 2572 2267 2627 est;
2298 2563 2350 2617 id
2378 2565 2526 2632 quod
2569 2565 2814 2620 declarat
2837 2569 3001 2638 Virgo
3029 2585 3150 2637 qua:
3176 2571 3328 2623 illutn
3363 2573 3526 2631 modo

1946 2654 2348 2720 supernaturali
2391 2655 2538 2724 parit
2577 2656 2819 2711 Verbum
2865 2660 3424 2728 supersubstantiale,
3468 2671 3528 2717 et

1945 2742 2168 2810 quidem
2206 2744 2414 2813 absque
2444 2761 2547 2815 ope
2583 2747 2689 2800 viri
2720 2763 2787 2800 ex
2825 2764 2927 2802 suo
2960 2750 3212 2819 virginali
3258 2755 3523 2822 sanguine

1943 2841 2284 2896 concretum,
2320 2851 2387 2888 eo
2433 2835 2598 2889 modo
2636 2853 2746 2906 quo
2793 2839 2974 2892 etcteri
3027 2840 3284 2895 homines
3315 2844 3523 2910 produ-

1940 3103 2340 3159 elementorum
2389 3106 2536 3176 enim
2584 3116 2838 3162 naturam
2871 3110 3203 3176 immutavit,
3236 3114 3372 3168 nihil
3407 3116 3524 3184 ipse

1941 3194 2260 3252 immutatus
2310 3198 2425 3252 suis
2473 3201 2773 3267 gressibus.
2825 3201 2940 3256 Hoc
2991 3203 3138 3258 clare
3182 3204 3524 3261 demonstrat

1939 3300 2078 3353 aqua
2122 3302 2220 3354 per
2263 3303 2323 3342 se
2370 3289 2665 3354 instabilis,
2705 3307 2827 3360 quae
2858 3293 3061 3362 pedum
3105 3311 3170 3348 ex
3203 3297 3430 3350 materia
3465 3307 3521 3353 ct
3585 3319 3590 3322 -
3627 3289 3632 3292 ’

1938 3384 2083 3431 terra
2108 3386 2494 3431 concrctorum
2517 3381 2838 3449 gravitatem
2858 3382 3114 3448 sustinet,
3132 3399 3310 3452 neque
3335 3393 3516 3440 tamen

1938 3469 2103 3533 cedit,
2136 3469 2232 3524 sed
2261 3471 2465 3524 virtute
2493 3474 2898 3541 supernaturali
2926 3474 3044 3528 sine
3069 3473 3362 3530 ditl‘usione
3389 3477 3518 3531 sub-

1937 3557 2100 3610 sistit.
2129 3559 2268 3612 Vcre
2304 3560 2492 3628 utique
2529 3562 2690 3617 siccis
2731 3564 2988 3632 pedibus,
3016 3565 3180 3630 mole,
3227 3582 3458 3636 corpore
3487 3583 3515 3620 a

1936 3649 2187 3713 materia,
2223 3657 2281 3704 et
2325 3651 2567 3719 pondere
2614 3655 2881 3722 praeditis,
2921 3656 3095 3712 ﬂuxas
3127 3667 3182 3711 et
3234 3658 3519 3716 instabiles

1935 3755 2105 3809 aquas
2133 3743 2508 3810 pertransiens
2531 3745 2942 3812 obambulabat,
2977 3750 3331 3820 calcabatque
3365 3769 3516 3807 more

1936 3837 2194 3898 tanquam
2227 3833 2626 3901 pavimentum,
2660 3836 2824 3890 simul
2859 3853 2984 3892 cum
3018 3842 3264 3908 potentia
3296 3842 3517 3900 deitatis

1935 3936 2047 3977 suae
2073 3922 2520 3992 inseparabiliter
2543 3942 2642 3995 per
2669 3943 2792 3982 eam
2817 3929 3304 3986 inambulationem
3333 3935 3516 3990 carnis

1933 4015 2169 4084 propriae
2211 4017 2590 4084 operationem
2635 4030 3094 4078 commonstrans.
3128 4024 3301 4094 Hujus
3343 4027 3516 4096 siqui-

1933 4104 2056 4160 dem
2093 4108 2274 4162 carnis
2322 4111 2578 4189 preprins
2630 4120 2750 4166 erat
2798 4113 2890 4168 ille
2938 4115 3258 4169 ambulandi
3307 4125 3510 4182 motus,

1933 4211 2282 4267 nequaquam
2327 4207 2512 4255 autem
2551 4203 2834 4258 immensae
2879 4212 2937 4260 et
2967 4207 3514 4275 supersubstantialis

1932 4288 2152 4344 deitatis
2199 4291 2250 4345 ei
2299 4307 2398 4360 per
2439 4293 2758 4363 hyposlasin
2793 4295 3052 4351 adunitaa.
3086 4298 3326 4351 Verbum
3362 4298 3511 4352 enim

1926 4383 2388 4449 superessentialc
2439 4384 2530 4438 ubi
2567 4386 2734 4439 semel
2787 4387 3030 4442 hominis
3079 4389 3374 4442 essentiam
3425 4404 3511 4445 as-

1928 4473 2183 4542 sumpsit,
2216 4475 2378 4528 simul
2409 4491 2533 4530 cum
2563 4493 2626 4531 ea
2660 4477 2854 4531 habuit
2883 4489 2938 4532 et
2969 4487 3176 4533 motum
3207 4481 3388 4549 plene.
3414 4483 3508 4550 qui

1927 4562 2137 4617 homini
2167 4565 2426 4634 proprius
2448 4579 2553 4630 est,
2583 4568 2788 4637 quique
2811 4569 2930 4639 ejus
2953 4571 3258 4625 essentiam
3277 4588 3508 4642 genera—

1925 4652 2054 4707 liter
2100 4655 2517 4719 characterizat,
2573 4659 2739 4728 inque
2777 4660 2844 4714 iis
2885 4663 3142 4717 omnibus
3185 4666 3509 4720 naturaliter

1927 4745 2276 4812 speciticatur
2311 4746 2366 4799 in
2399 4747 2600 4814 quibus
2633 4758 2694 4802 ut
2729 4749 2894 4804 homo
2927 4753 3294 4822 operabatur;
3328 4771 3506 4824 quan-

1924 4833 2220 4904 doquidem
2259 4853 2389 4891 vere
2415 4838 2592 4893 factus
2617 4847 2702 4895 est
2729 4841 2916 4907 homo,
2951 4843 3278 4913 respirabat,
3311 4846 3504 4916 loque-

1924 4927 2108 4993 batur,
2135 4930 2470 4996 ambulabat,
2502 4948 2698 4988 manus
2724 4937 2999 5001 movebat,
3030 4938 3286 4993 sensibus
3314 4939 3506 4994 uteba-

1924 5025 2014 5071 tur
2061 5029 2430 5089 congruenter
2475 5023 2545 5076 ad
2611 5040 2702 5080 res
2747 5026 3040 5082 sensibiles
3084 5029 3498 5098 percipiendas,

1920 5109 2222 5175 esuriebat,
2263 5112 2504 5177 sitiebat,
2531 5113 2754 5180 edebat,
2788 5116 3116 5182 dormiebat,
3148 5119 3498 5190 fatigabatur,

1920 5197 2344 5269 lacrymabatur,
2377 5203 2826 5260 contristabatur.
2861 5206 3122 5273 Quamvis
3151 5209 3372 5266 interim
3411 5228 3497 5267 es-

1513 5324 1739 5381 VARIXE
1775 5329 2183 5389 LECTIONES.

335 5394 382 5424 ⁸⁵
409 5398 726 5462 συνέπειρεν
775 5404 862 5457 ed.
897 5405 1013 5460 Gal.

251 5462 297 5494 ’θ
345 5463 436 5517 τὸν
493 5481 601 5519 om.
654 5471 745 5523 ed.
793 5473 908 5528 Gal.

249 5530 370 5585 Gal.
461 5535 515 5606 "_
561 5537 922 5606 ἐπεπορεύετο
976 5547 1064 5601 ed.

247 5603 554 5668 τασιαστῶς
580 5605 665 5661 ed.
700 5603 816 5663 Gal.

1097 5410 1142 5441 ⁸⁸
1185 5431 1241 5465 τε
1281 5416 1369 5469 ed.
1407 5417 1523 5472 Gal.

1309 5557 1352 5586 ⁹⁶
1395 5558 1485 5610 ἐπὶ
1506 5560 1593 5613 ed.
1628 5561 1745 5616 Gal.

1611 5423 1654 5451 ⁸⁷
1679 5424 1788 5482 ὅσῳ
1816 5427 1903 5480 ed.
1939 5427 2058 5482 Gal.

1759 5477 1770 5492 ο
1948 5477 2057 5482 ------
2220 5477 2365 5485 νγ--.
2403 5477 2420 5486 ι
2471 5477 2559 5490 ν...
2611 5477 2725 5492 υι...
2872 5477 2928 5491 αις
2977 5477 3178 5504 suav-Mn,
3231 5477 3321 5498 cu-
3377 5477 3494 5502 Udi.

991 5479 1411 5577 τ’ἒιένξίργειωιξάἶ
1449 5488 1571 5577 (Pal;
1630 5494 1684 5577 λ’
1711 5494 2029 5577 ἀνθρώπινα
2054 5499 2142 5577 ςηΙἰ
2167 5501 2296 5577 Gal._
2354 5477 2660 5577 “irreteptbv
2681 5509 2770 5562 cd.
2803 5477 3017 5564 Gali”
3047 5512 3235 5565 οὐσίαν
3266 5531 3374 5567 om.
3406 5517 3494 5572 ed.

1838 5567 1880 5598 ⁹⁷
1910 5567 1976 5620 δι’
2008 5570 2178 5638 αὑτῆς
2231 5572 2318 5626 ed.
2378 5567 2492 5628 Gal.
2553 5567 2619 5610 ’³⁸
2645 5579 2879 5651 ἐνείργει
2911 5581 2999 5634 ed.
3041 5582 3155 5635 Gal.
3251 5585 3294 5616 θ’
3324 5567 3498 5655 ἀφάῦἑ

2142 5427 2446 5510 λίοὺδὲν-ᾇ)
2471 5436 2559 5490 cd.
2595 5437 2745 5510 βαι,
2773 5439 2829 5510 δεῖ
2864 5445 3182 5510 περιουσίας
3231 5444 3321 5498 ed.
3377 5445 3496 5502 Gal.

3252 5767 3280 5777 κ
3289 5764 3293 5766 .
