4066 6150
510 236 680 303 .1351

1705 244 1764 302 S.
1807 243 1993 303 ΜΛΧι
2006 243 2094 301 Ml
2134 239 2646 301 CONFESSORIS

3696 241 3845 306 1052

544 366 633 413 set
664 355 911 426 potentia
946 371 1043 426 pe;
1070 370 1128 410 se
1160 355 1487 419 subsistens,
1523 366 1578 411 et
1604 373 1666 411 ea
1696 357 1749 411 in
1782 372 1839 411 se
1875 357 2128 412 contine-

2248 353 2391 426 ἷικὴν
2413 356 2513 425 τῆς
2542 356 2560 386 ί
2594 352 3031 426 προσληφθείσης
3060 353 3246 418 οὐσίας
3276 352 3603 425 ἐνέργειαν,
3637 354 3842 426 ὥσπερ

548 457 632 501 ret
661 447 846 500 omnia
880 461 980 515 per
1014 461 1134 514 qua:
1181 446 1345 499 modo
1380 447 1683 510 liberrimo,
1717 464 1826 502 non
1871 463 2029 502 secus
2061 462 2126 501 ac

549 539 732 593 anima
759 553 961 608 corpus
995 538 1099 592 sibi
1143 537 1403 591 aduatum
1441 540 1768 594 naturaliter
1798 549 2001 603 movet,
2040 555 2130 594 as-

548 640 821 699 sumptam
854 637 1103 682 naturam
1135 629 1367 697 agitans,
1399 638 1458 683 ut
1484 646 1638 684 suam
1669 639 1724 684 et
1760 646 1888 684 vere
1928 631 2129 685 factam

550 728 607 773 et
636 735 767 774 vero
788 720 1014 783 dictam,
1048 720 1158 782 vel,
1207 726 1266 773 ut
1309 722 1532 790 proprie
1584 721 1799 790 loquar,
1847 722 1962 790 ipse
2012 723 2131 777 sine

550 812 852 868 mutatione
880 812 933 866 id
963 813 1142 881 ipsum
1189 813 1365 881 reipsa
1400 812 1575 866 factus
1631 823 1717 866 est
1762 812 1909 883 quod
1938 822 2133 867 natura

551 913 670 958 erat
700 919 800 973 pro
824 904 984 958 nobis
1011 904 1503 973 dispensationem,
1533 920 1638 957 non
1665 913 1845 957 tamen
1877 905 1930 958 in
1962 905 2134 974 phan-

555 1001 805 1056 tasmate,
842 991 1184 1062 adimplevit.
1221 994 1336 1047 Non
1372 993 1539 1063 igitur
1575 993 1815 1047 abolevit
1855 994 2134 1063 operatio-

554 1098 699 1149 nem,
729 1099 850 1153 qute
891 1094 1009 1139 erat
1038 1085 1393 1139 cnnstitutiva
1427 1085 1566 1139 ratio
1610 1095 1903 1155 assumpta
1941 1100 2135 1140 essen-

557 1175 665 1237 tize,
710 1174 1174 1243 quemadmodum
1201 1192 1301 1231 nec
1344 1177 1516 1245 ipsam
1551 1176 1881 1231 sententiam
1915 1178 2138 1231 sustulit

559 1265 816 1333 magister
861 1280 987 1320 cum
1033 1265 1281 1322 diceret:
1318 1285 1337 1316 ‹
1377 1266 1554 1335 Super
1595 1267 1955 1321 substantiam
2003 1269 2138 1323 sub-

561 1353 855 1407 stantiatus
889 1364 1010 1419 est,
1049 1364 1105 1408 et
1154 1371 1318 1424 supra
1367 1356 1740 1411 conditionem
1788 1358 2029 1413 hominis
2074 1375 2136 1414 ea

562 1459 684 1511 qua:
728 1443 967 1498 hominis
1002 1455 1131 1499 sunt
1161 1446 1515 1515 operabatur,
1555 1466 1573 1498 ι
1612 1448 1709 1502 sed
1753 1451 2011 1519 utrinque
2047 1466 2139 1505 os-

563 1531 740 1587 tendit
766 1534 1056 1602 quamdam
1091 1536 1378 1590 modorum
1404 1537 1723 1601 novitatem,
1750 1540 1916 1595 salvis
1946 1540 2137 1595 iisdem

564 1624 872 1679 rationibus
900 1627 1268 1691 naturalibus,
1311 1629 1515 1697 quibus
1554 1630 1752 1685 ablatis
1794 1632 1933 1686 nihil
1964 1642 2049 1687 est
2082 1633 2137 1688 id

563 1715 709 1784 quod
739 1732 861 1771 esse
890 1727 1077 1772 natum
1113 1727 1249 1772 erat.
1283 1719 1338 1773 Si
1373 1736 1506 1774 vero
1545 1721 1846 1776 dixerimus
1874 1725 2021 1793 quod
2051 1740 2141 1779 as-

564 1814 793 1873 sumpta:
840 1807 1158 1862 substantia:
1202 1810 1531 1878 positionem
1580 1812 1820 1883 itemque
1863 1816 2141 1884 operatio-

562 1895 652 1950 nis
682 1911 802 1951 eam
852 1897 1243 1954 constituentis
1290 1900 1619 1955 ablationem
1653 1906 1931 1959 contineat
1979 1906 2034 1960 in
2084 1920 2143 1960 se

563 1986 982 2055 supereminens
1004 1988 1243 2058 negatio,
1258 2005 1369 2058 qua
1394 1990 1612 2044 tandem
1637 1993 1848 2047 ratione
1868 1995 2139 2059 eamdem,

563 2076 785 2146 utrique
819 2078 1105 2146 aequaliter
1142 2080 1486 2143 attributam,
1522 2082 1682 2137 istius
1715 2095 1962 2154 respectu
1996 2088 2140 2142 exsi-

536 2169 839 2231 ‘stentiam,
870 2169 1036 2239 hujus
1073 2185 1205 2224 vero
1239 2171 1603 2227 sublationem
1634 2174 1920 2245 designare
1954 2189 2141 2233 osten-

560 2257 794 2325 demus?
837 2258 892 2313 Si
927 2274 1139 2323 rursus,
1173 2262 1503 2331 quandoque
1533 2279 1641 2317 non
1682 2274 1765 2318 est
1799 2282 1896 2335 per
1924 2284 1982 2322 se
2025 2286 2145 2323 mo-

561 2348 690 2402 bilis
729 2360 1008 2419 assumpta
1052 2359 1272 2414 natura,
1305 2353 1401 2407 sed
1438 2363 1688 2408 movetur
1731 2372 1760 2409 a
1801 2358 2004 2414 deitate
2040 2362 2146 2415 sibi

563 2455 661 2508 per
686 2439 1005 2511 hypostasin
1041 2457 1169 2497 vere
1204 2443 1381 2507 unita,
1414 2452 1622 2498 motum
1651 2447 1742 2516 qui
1780 2464 1900 2503 eam
1940 2453 2146 2506 consti-

565 2532 670 2587 tuit
698 2534 1022 2600 auferimus,
1054 2553 1159 2591 nec
1193 2538 1363 2607 ipsam
1393 2539 1777 2605 substantiam,
1809 2543 1923 2598 sive
1956 2560 2148 2600 essen-

565 2625 717 2690 tiam,
749 2629 1286 2691 eonservaverimus,
1337 2638 1399 2683 ut
1446 2646 1568 2700 qua:
1606 2649 1713 2688 non
1752 2634 1921 2690 fuerit
1964 2653 2061 2707 per
2091 2653 2150 2692 se

564 2716 895 2782 subsistens,
928 2719 1025 2773 sed
1075 2719 1130 2773 in
1174 2720 1355 2775 Verbo
1399 2722 1512 2776 Deo
1554 2739 1682 2778 vere
1708 2725 1757 2778 ei
1784 2727 2151 2781 consubstan-

569 2807 703 2859 t‘ato
753 2822 914 2861 suum
957 2825 1079 2863 esse
1126 2810 1395 2873 obtineat,
1434 2814 1561 2881 quia
1612 2830 1712 2882 par
1758 2824 1843 2869 est
1890 2818 2151 2887 utrinque

568 2897 709 2949 ratio
741 2896 808 2949 ad
857 2899 1278 2965 postulandum,
1323 2903 1489 2955 etiam
1537 2914 1745 2958 motum
1798 2921 1921 2960 cum
1958 2915 2149 2963 natura

569 2985 951 3051 conﬁteamur,
985 2989 1104 3042 sine
1145 3006 1254 3058 qua
1302 3006 1370 3045 ne
1406 3002 1551 3047 stare
1586 2995 1810 3062 quidem
1843 3005 2023 3065 potest
2051 3014 2150 3053 na-
2179 3023 2221 3080 ο

570 3087 717 3142 tura,
750 3079 885 3133 illud
924 3088 1194 3145 tenentes,
1233 3083 1382 3152 quod
1427 3084 1533 3138 alia
1580 3086 1651 3140 sit
1677 3089 1896 3142 essendi
1940 3091 2152 3161 simpli-

569 3169 729 3234 citer,
762 3168 867 3225 alia
895 3178 1076 3225 autem
1107 3173 1212 3228 hoc
1247 3175 1413 3229 modo
1458 3177 1679 3231 essendi
1727 3181 1889 3251 ratio,
1922 3197 2154 3251 quarum

569 3260 648 3314 illi
685 3269 902 3327 natura,
942 3262 1072 3316 huic
1100 3263 1439 3334 dispensatio
1479 3266 1753 3323 innititur.
1779 3269 1979 3323 llarum
2019 3287 2154 3326 con-

570 3366 764 3407 cursus
793 3369 1051 3425 magnum
1088 3355 1223 3410 illud
1250 3356 1379 3412 Jesu
1416 3360 1852 3429 supernaturalis
1875 3362 2157 3433 physiolo-

569 3443 671 3514 εἰσι
694 3446 1016 3516 mysterium
1051 3447 1345 3516 perﬁciens
1380 3450 1437 3505 in
1479 3467 1546 3506 eo
1569 3451 1811 3506 ostendit
1841 3454 2155 3508 conservari

569 3537 953 3605 operationum
975 3538 1385 3596 distinctionem
1413 3544 1575 3598 simul
1598 3551 1654 3597 et
1674 3543 2001 3611 unitionem,
2025 3545 2156 3600 dum

570 3627 688 3682 haec
730 3627 978 3683 cernitur
1023 3629 1300 3685 indivisim
1358 3633 1414 3687 in
1466 3633 1703 3688 naturali
1747 3634 2027 3689 unitorum
2067 3653 2157 3690 ra-

574 3718 744 3780 tione,
784 3720 874 3775 illa
907 3737 1041 3775 vero
1073 3722 1403 3778 inconfusim
1433 3724 1777 3794 dignoscitur
1822 3724 1880 3777 in
1922 3724 2157 3794 simplici

572 3810 952 3876 operationum
984 3814 1170 3868 modo.
1215 3814 1347 3880 Qum
1387 3815 1533 3867 enim
1568 3822 1662 3868 aut
1696 3814 1894 3883 qualis,
1924 3815 2018 3870 ubi
2064 3824 2158 3870 aut

573 3899 850 3966 quomodo
878 3910 1076 3957 natura
1100 3905 1209 3958 erit
1250 3904 1607 3959 constitutiva
1636 3905 1851 3973 privata
1878 3907 2159 3975 potentia?

572 3990 707 4045 Nam
733 3993 881 4061 quod
920 3995 1149 4050 omnino
1183 3996 1391 4049 nullam
1431 3995 1601 4049 habet
1630 3996 1952 4064 potentiam,
1979 4013 2158 4068 neque

574 4086 751 4155 ipsum
783 4098 887 4154 est,
915 4107 1093 4161 neque
1137 4092 1313 4161 ipsius
1342 4091 1453 4145 ulla
1486 4091 1713 4145 omnino
1736 4101 1819 4163 est
1850 4094 2070 4163 positio,
2098 4102 2160 4149 ut

573 4179 650 4235 ait
679 4181 810 4235 alibi
860 4198 1090 4253 magnus
1131 4182 1222 4236 hic
1268 4182 1550 4251 magister.
1602 4183 1719 4237 Jam
1763 4185 1809 4238 si
1851 4185 1968 4239 haec
2008 4187 2158 4242 nullo

574 4271 737 4325 modo
760 4271 877 4326 ﬁeri
910 4271 1147 4341 possint,
1183 4278 1402 4340 oportet
1429 4274 1520 4339 pie
1545 4269 1797 4324 confiteri
1833 4287 1957 4325 cum
1993 4283 2157 4328 natu-

575 4453 853 4508 naturales
877 4453 1248 4523 operationes,
1282 4466 1516 4521 quarum
1543 4465 1671 4505 vera
1702 4451 1817 4521 ipse
1842 4460 1926 4506 est
1952 4455 2154 4519 unitio,

575 4543 878 4597 secundum
922 4551 1217 4612 utramque
1263 4549 1537 4599 naturam.
1584 4542 1630 4596 si
1675 4558 1867 4597 verum
1907 4544 2039 4599 illud
2088 4547 2161 4600 sit

574 4632 723 4699 quod
767 4633 871 4687 sibi
914 4634 1017 4702 ipsi
1063 4640 1450 4702 congruenter,
1498 4633 1824 4703 simpliciter
1857 4642 1914 4687 et
1952 4637 2161 4692 unifor-

576 4723 741 4778 miter
773 4726 1127 4793 operabatur,
1163 4739 1370 4793 perque
1418 4728 1601 4779 omnia
1635 4725 1796 4779 simul
1842 4736 1897 4781 et
1939 4726 2161 4798 insepa-

578 4815 828 4872 rabiliter
852 4817 1250 4871 demonstravit
1286 4831 1394 4870 una
1430 4833 1555 4871 cum
1597 4817 1782 4870 divina
1808 4819 2013 4873 virtute
2049 4836 2161 4876 suae

578 4907 760 4961 carnis
796 4907 1193 4977 operationem.
1239 4906 1343 4973 Qui
1374 4907 1520 4960 enim
1562 4921 1693 4960 vere
1724 4907 1890 4971 Deus,
1939 4916 1997 4962 et
2029 4925 2159 4964 vere

580 4996 745 5051 homo
778 5012 900 5053 esse
928 5006 1132 5066 posset,
1159 4998 1203 5052 si
1234 5006 1452 5051 careret
1479 5014 1546 5053 eo
1573 4998 1719 5066 quod
1750 5008 2041 5069 utramque
2065 5017 2160 5055 na-

582 5095 758 5141 turam
785 5103 914 5142 vere
942 5088 1266 5143 constituit?
1292 5090 1467 5144 Porro
1493 5088 1648 5159 quid,
1682 5104 1888 5158 quaeso,
1918 5098 2012 5143 aut
2035 5091 2162 5161 quis

579 5190 700 5232 esse
747 5179 1187 5245 existimabitur,
1239 5179 1283 5233 si
1337 5193 1437 5248 per
1485 5179 1765 5233 naturales
1813 5180 2161 5249 operationes

2228 447 2338 501 οὐδ’
2363 446 2533 516 αὑτὴν
2560 446 2661 515 τὴν
2695 445 2885 499 οὐσίαν
2908 448 2937 499 ὁ
2963 445 3300 509 διδάσκαλος,
3335 446 3544 499 είτιών·
3577 464 3599 497 ι
3652 446 3842 517 ’Υπὲρ

2229 538 2418 592 οὑσίαν
2449 539 2469 568 ¹
2498 535 2761 607 οὑσιώθη,
2792 537 2891 588 και
2930 537 3073 605 ὑπὲρ
3109 536 3395 606 ἄνθρωπον
3426 538 3673 608 ἐνήργει
3713 537 3839 591 ’.τὰ

2231 629 2520 700 ἀνθρώπου
2548 645 2562 659 ·
2607 647 2625 680 ι
2655 628 2769 682 ἀλλ’
2798 626 3001 694 ἔδειξεν
3030 628 3117 680 ἐπ’
3148 630 3353 698 ἀμφοῖν
3380 630 3489 697 τὴν
3519 629 3841 698 καινότητα

2231 721 2337 772 τῶν
2356 720 2575 790 τρόπων
2607 722 2663 772 ὲν
2686 722 2751 790 τῇ
2779 719 3105 790 μονιμότητι
3135 720 3242 772 τῶν
3278 722 3539 789 φυσικῶν
3568 719 3840 790 σωζομέ-

2238 827 2336 879 νην
2364 809 2558 877 λόγων.
2604 803 2678 862 ὧν
2709 810 2876 880 χωρὶς
2922 808 3075 863 οὐδὲν
3119 809 3226 863 τῶν
3271 811 3443 864 ὄντων
3485 813 3645 865 ἐστὶν
3686 812 3841 881 ὅπερ

2232 901 2398 955 ἐστίν.
2429 902 2488 955 Et
2521 902 2578 955 δὲ
2598 901 2808 970 φῶμεν,
2843 901 2920 964 ὡς
2950 901 3050 971 τῆς
3086 902 3183 972 μὲν
3222 902 3688 972 προσληφθείσης
3744 903 3841 955 οὐ·

2237 993 2355 1056 σίας
2385 993 2551 1057 θέσις,
2576 993 2678 1061 τῆς
2702 993 2756 1046 δὲ
2781 994 3113 1065 συστατικῆς
3142 994 3313 1063 αὐτῆς
3341 995 3637 1064 ἐνεργείας
3660 994 3844 1063 ἀφαί-

2239 1102 2407 1156 ρεσις,
2439 1086 2471 1155 ή
2511 1085 2634 1138 καθ’
2667 1085 2690 1116 ⁵
2709 1085 2985 1156 ὑπεροχήν
3008 1087 3158 1139 ἐστιν
3183 1086 3490 1156 ἀπόφασις,
3518 1087 3633 1139 τίνι
3667 1087 3830 1156 λόγῳ

2234 1177 2333 1248 τὴν
2361 1178 2527 1247 αὑτὴν
2555 1176 2641 1229 ἐπ’
2680 1178 2881 1245 ἀμφοῖν
2913 1179 3046 1240 ίσως
3076 1178 3348 1243 τεθεῖσαν,
3375 1180 3482 1248 τῆς
3517 1180 3621 1249 μὲν
3644 1177 3841 1249 ὓπαρ-

2239 1266 2341 1333 ξιν,
2370 1268 2468 1336 τῆς
2500 1265 2558 1318 δὲ
2580 1266 2800 1328 πάντως
2827 1267 3110 1336 ἀναίρεσιν
3127 1268 3511 1337 σημαίνουσαν
3540 1266 3838 1334 δείξομεν;

2242 1355 2313 1407 ’Ἡ
2343 1354 2503 1407 πάλιν
2533 1354 2767 1424 ἐπείπερ
2790 1354 2892 1406 οὐκ
2924 1354 3281 1425 αὑτοκίνητος
3317 1356 3350 1423 ἡ
3400 1352 3840 1425 προσληφθεῖσα
3900 1365 3907 1370 ·

2241 1445 2400 1514 φύσις
2429 1446 2594 1508 ἐστὶν,
2628 1446 2732 1498 ὑπδ
2765 1445 2865 1516 τῆς
2898 1446 3182 1516 ἡνωμένης
3204 1445 3387 1515 (112
3414 1447 3470 1513 a)
3503 1445 3646 1515 αὐτῇ
3702 1445 3843 1499 καθ’

2242 1532 2536 1585 ὑπόστασιν
2563 1532 2778 1603 ἀληθῶς
2808 1533 3100 1605 κινουμένῃ
3120 1535 3142 1565 ⁸
3173 1533 3447 1603 θεότητος,
3472 1534 3569 1587 καὶ
3600 1535 3709 1603 τὴν
3737 1551 3841 1586 συ-

2244 1623 2505 1692 στατικήν
2557 1623 2728 1692 αὐτῆς
2767 1624 3155 1695 ἀφαιρούμεθα
3199 1624 3434 1695 κίνησιν,
3468 1624 3595 1694 μηδ’
3650 1625 3842 1695 αὐτὴν

2173 1698 2215 1752 Β
2243 1713 2341 1781 τὴν
2364 1715 2551 1767 οὐσίαν
2595 1715 3004 1785 ὁμολογήσομεν
3037 1715 3079 1780 ⁸,
3112 1715 3212 1769 οὑκ
3258 1715 3679 1769 αὑθυπόστατον
3729 1734 3842 1786 φα-

2242 1809 2445 1871 νεῖσαν,
2475 1807 2722 1860 τουτέστι
2753 1806 2877 1861 καθ’
2911 1808 3130 1877 ἑαυτὴν,
3157 1806 3274 1861 ἀλλ’
3308 1808 3367 1859 ὲν
3390 1805 3540 1877 αὑτῷ
3577 1805 3658 1876 τῷ
3706 1809 3840 1861 κατ’

2244 1899 2502 1969 ἀλήθειαν
2527 1899 2697 1970 αὐτὴν
2723 1899 3042 1952 οὑσιωθέντι
3067 1898 3186 1968 Θεῷ
3231 1898 3390 1969 Λόγῳ
3439 1897 3502 1950 τὺ
3546 1893 3699 1953 εἴναι
3744 1898 3845 1953 λα·

2245 1988 2468 2053 δοῦσαν,
2495 1989 2617 2059 ῐσην
2634 1990 2719 2042 ἐπ’
2737 1991 2939 2059 ἀμφοῖν
2961 1989 3062 2057 τὴν
3091 1987 3269 2041 αἰτίαν
3295 1986 3510 2058 ἔχοντες
3537 1988 3645 2058 τῆς
3674 2005 3835 2059 παρ-

2246 2083 2535 2151 αιτήσεως,
2567 2081 2600 2152 ἢ
2629 2081 2648 2111 ⁷
2688 2081 2784 2133 καὶ
2818 2081 2919 2149 τὴν
2949 2080 3163 2151 κίνησιν
3210 2082 3277 2150 τῇ
3321 2080 3480 2148 φύσει
3521 2081 3838 2151 συνομολο-

2246 2175 2510 2245 γήσομεν,
2532 2168 2601 2243 ἦς
2621 2173 2790 2242 χωρὶς
2813 2171 2934 2224 οὐδὲ
2969 2170 3130 2239 φύσις
3159 2170 3298 2236 ἐστὶ,
3333 2170 3708 2237 γινώσκοντες
3760 2171 3836 2233 ὡς

2246 2265 2434 2335 ἔτερος
2458 2262 2558 2332 μὲν
2594 2265 2622 2315 ὁ
2651 2261 2744 2314 τοῦ
2772 2257 2913 2313 εἶναι
2935 2261 3089 2328 λόγος
3127 2261 3298 2326 ἐστὶν,
3334 2260 3524 2329 ἕτερος
3547 2260 3606 2313 δὲ
3655 2262 3685 2313 ὁ
3734 2261 3838 2313 τοῦ

2249 2354 2367 2418 πῶς
2388 2350 2526 2406 εἶναι
2560 2353 2783 2423 τρόπος,
2806 2353 2833 2404 ὁ
2861 2352 2961 2421 μὲν
2985 2349 3085 2419 τὴν
3117 2349 3302 2418 φύσιν,
3329 2351 3359 2403 ὁ
3395 2350 3452 2401 δὲ
3482 2350 3582 2410 τὴν
3615 2352 3838 2403 οίκονο⁶

2252 2448 2379 2518 μίαν
2414 2446 2793 2514 πιστούμενος.
2823 2438 2923 2496 Ὧν
2947 2445 2981 2512 ή
3008 2443 3221 2506 σύνοδος
3244 2445 3306 2496 τὸ
3346 2430 3491 2514 μέγα
3523 2443 3623 2511 τῆς
3654 2444 3840 2514 ὑπερ-

2251 2540 2421 2611 φυοῦς
2472 2538 2650 2610 Ἰησοῦ
2710 2537 3057 2605 φυσιολογίας
3119 2537 3471 2606 ποιησαμένη
3517 2537 3838 2606 μυστήριον

2252 2632 2566 2703 σωζομένην
2600 2630 2801 2694 ἔδειξεν
2828 2630 2886 2684 ὲν
2910 2628 3091 2698 ταυτῷ
3113 2628 3210 2699 τὴν
3241 2629 3505 2700 διαφορὰν
3524 2627 3629 2680 τῶν
3659 2629 3831 2699 ἐνερ-

2250 2723 2415 2788 γειῶν
2458 2723 2553 2775 καὶ
2582 2724 2680 2791 τὴν
2727 2720 2947 2784 ἕνωσιν,
2987 2720 3085 2791 τὴν
3125 2721 3221 2790 μὲν
3267 2719 3584 2790 ἀδιαιρέτως
3628 2721 3688 2770 ὲν
3744 2721 3849 2790 τῷ

2253 2813 2464 2884 φυσικῷ
2520 2812 2904 2883 θεωρουμένην
2953 2811 3101 2881 λόγῳ
3135 2809 3242 2863 τῶν
3287 2808 3609 2879 ήνωμὲνων,
3642 2809 3746 2879 τὴν
3773 2811 3833 2863 δὲ

2252 2905 2572 2974 ἀσυγχύτως
2623 2905 2682 2955 ὲν
2727 2902 2805 2973 τῷ
2855 2901 3126 2973 μοναδικῷ
3169 2900 3585 2970 γνωριζομένην
3639 2900 3831 2971 τρόπῳ

2254 2997 2361 3050 τῶν
2389 2996 2711 3066 γινομένων.
2753 2997 2819 3049 Τί
2848 2995 2958 3065 γὰρ
2988 2996 3081 3049 καί
3108 2994 3214 3058 τίς,
3241 2993 3344 3046 ποῧ
3373 3008 3433 3043 τε
3457 2994 3553 3046 καὶ
3579 2993 3701 3057 πῶς
3731 2995 3834 3063 95‘

2258 3105 2342 3150 σις
2379 3087 2530 3139 ἔσται
2572 3085 2904 3153 συστατικῆς
2944 3084 3152 3155 ἔρημος
3186 3087 3452 3156 γενομένη
3495 3083 3831 3153 δυνάμεωςς

2257 3179 2331 3230 Τὸ
2367 3178 2473 3247 γὰρ
2537 3176 2767 3229 καθόλου
2840 3176 2973 3246 μηδὲ
3050 3176 3181 3246 μίαν
3230 3176 3352 3246 ἔχον
3407 3176 3643 3246 δύναμιν
3712 3174 3835 3228 οὗτε

2259 3265 2403 3319 ἔστιν
2431 3268 2473 3332 ⁸,
2502 3264 2625 3319 ούτε
2653 3266 2706 3317 τί
2733 3267 2879 3316 ἐστιν
2911 3265 2952 3327 ⁸,
2979 3261 3103 3315 οὕτε
3138 3263 3255 3316 ἐστι
3290 3282 3374 3328 τις
3423 3264 3594 3317 αὑτοῦ
3636 3279 3840 3318 παντε-

2235 3357 2363 3420 λῶς
2418 3357 2588 3420 θέσις,
2629 3356 2795 3426 φησὶν
2836 3356 2863 3407 ὁ
2910 3353 3080 3416 πολὺς
3116 3347 3274 3418 οὗτος
3312 3355 3664 3418 διδάσκαλος.
3694 3356 3756 3408 Εί
3781 3357 3838 3407 δε

2257 3448 2460 3502 τούτων
2483 3449 2638 3516 λόγος
2673 3447 2867 3509 οὐδεὶς,
2903 3443 3144 3508 εὐσεϐῶς
3176 3445 3569 3515 ὁμολογεῖσθαι
3599 3446 3710 3517 χρὴ
3739 3445 3837 3508 τάς

2257 3558 2312 3594 τε
2337 3539 2427 3594 τοῦ
2462 3539 2698 3611 Χριστοῦ
2723 3538 2915 3607 φύσεις
2948 3529 3022 3588 ὧν
3064 3536 3225 3600 αὐτὸς
3271 3537 3577 3600 ὑπόστασις
3624 3534 3715 3608 ἦν,
3745 3538 3838 3590 καὶ

2256 3632 2356 3694 τὰς
2402 3630 2568 3684 αὑτοῦ
2624 3628 2863 3697 φυσικὰς
2916 3625 3219 3696 ἐνεργείας,
3251 3619 3326 3679 ὧν
3363 3626 3530 3690 αὑτὸς
3552 3627 3749 3691 ἓνωσις
3772 3623 3837 3696 ἧν

2258 3722 2491 3792 ἀληθὴς,
2525 3724 2644 3774 κατ’
2668 3720 2836 3791 ἄμφω
2860 3718 2960 3782 τὰς
2991 3717 3186 3787 φύσεις
3217 3733 3229 3745 ·
3262 3718 3425 3787 εἰπερ
3455 3717 3645 3788 ἐαυτῷ
3677 3734 3836 3790 προσ-

2259 3814 2433 3882 φυῶς,
2467 3811 2788 3882 μοναδικῶς,
2819 3812 2987 3881 ἤγουν
3028 3808 3299 3870 ἑνοειδῶς,
3337 3809 3606 3879 ἐνεργῶν,
3643 3811 3737 3862 καὶ
3754 3807 3836 3861 διὰ

2259 3903 2478 3958 πάντων
2523 3902 2845 3973 ἁχωρίστως
2894 3903 2960 3970 τῇ
3012 3900 3168 3969 θεῖκῇ
3197 3900 3433 3969 δυνάμει
3469 3900 3837 3969 συνεκφαίνων

2257 3996 2358 4066 τῆς
2406 3995 2614 4057 οἰκείας
2660 3994 2863 4064 σαρκὸς
2902 3993 2999 4064 τὴν
3050 3991 3358 4062 ἐνέργειαν.
3390 3992 3579 4061 (112
3616 3992 3669 4061 b)
3722 3991 3835 4052 Πῶς

2259 4088 2368 4156 γὰρ
2407 4086 2559 4139 ἔσται
2593 4086 2751 4153 φύσει
2776 4084 2934 4149 Θεὸς,
2968 4084 3064 4137 καὶ
3091 4082 3254 4151 φύσει
3289 4082 3459 4136 πάλιν
3496 4083 3785 4154 ἄνθρωπος
3810 4083 3836 4133 ὁ

2258 4178 2440 4242 αὐτὸς,
2469 4176 2568 4229 οὑκ
2621 4176 2760 4246 ἔχων
2806 4175 3110 4236 ἁνελλιπῶς
3140 4174 3184 4205 ¹⁰
3213 4173 3278 4227 τὸ
3313 4174 3479 4243 φύσει
3529 4176 3657 4228 κατ’
3682 4174 3837 4244 ἄμφω

2261 4270 2503 4337 πεφυκός
2538 4285 2554 4333 ;
2593 4268 2657 4321 Τί
2686 4285 2747 4321 τε
2777 4270 2874 4321 καὶ
2902 4269 2987 4331 τίς
3020 4267 3284 4337 ὑπάρχων
3323 4267 3732 4338 γνωσθήσεται,
3769 4264 3835 4334 μὴ

412 4346 421 4351 ’
506 4399 510 4405 .
576 4376 662 4417 ras
688 4361 917 4428 Christi,
950 4377 1182 4432 quarum
1215 4363 1331 4431 ipse
1366 4361 1440 4416 sit
1480 4362 1811 4433 hypostasis,
1841 4370 1956 4415 tum
1988 4365 2149 4419 etiam

2262 4361 2623 4430 πιστούμενος
2683 4354 2766 4423 οἷς
2816 4361 3039 4430 ἐνήργει
3101 4358 3352 4426 φυσικῶς
3408 4360 3551 4430 ὅπερ
3615 4359 3730 4412 ἐστὶ
3769 4356 3838 4427 μὴ

2266 4453 2603 4523 τρεπόμενον
2634 4469 2649 4514 ;
2681 4451 2797 4514 πῶς
2843 4452 2899 4505 δὲ
2951 4449 3286 4504 πιστώσεται
3314 4452 3362 4482 ¹¹
3391 4451 3517 4504 καθ’
3547 4451 3606 4504 ἒν
3652 4451 3761 4505 τῶν
3786 4448 3839 4513 ἐξ

2264 4537 2362 4605 ὧν,
2401 4546 2460 4596 ὲν
2500 4540 2580 4605 οἷς
2625 4559 2684 4595 τε
2725 4543 2821 4595 καὶ
2866 4541 3011 4612 ᾇπερ
3048 4540 3197 4593 ἐστὶν
3226 4541 3496 4613 ἀκίνητος
3534 4542 3711 4613 μένων
3754 4540 3843 4592 καὶ

2263 4634 2621 4706 ἀνενέργητος
2651 4650 2665 4698 ;
2714 4632 2888 4703 ’Υπὲρ
2931 4632 3118 4685 οὐσίαν
3157 4630 3252 4685 οὖν
3282 4632 3556 4702 οὑσιώθη,
3586 4633 3843 4700 γενέσεως

2264 4724 2436 4795 ἀρχὴν
2459 4726 2554 4777 καὶ
2577 4725 2883 4794 γεννήσεως
2906 4722 3097 4793 ἑτέραν
3122 4724 3189 4791 τῇ
3223 4721 3840 4794 φύσειαδημιουργήσας,

2268 4816 2591 4886 συλληφθεὶς
2635 4814 2735 4886 μὲν
2766 4816 2944 4884 σπορᾷ
2979 4816 3079 4884 τῆς
3123 4813 3336 4875 οἰκείας
3384 4814 3615 4883 σαρκὸς,
3640 4811 3843 4881 τεχθεὶς

2265 4906 2321 4960 δὲ
2351 4907 2589 4976 σφραγὶς
2611 4906 2710 4975 τῆς
2739 4904 3039 4976 παρθενίας
3059 4906 3125 4974 τῇ
3145 4903 3386 4975 τεκούσῃ
3410 4906 3732 4975 γενόμενος,
3758 4904 3843 4957 καὶ

2265 4996 2376 5049 τῶν
2435 4998 2683 5067 ἀμίκτων
2732 4997 2818 5048 ἐπ’
2852 4996 3021 5064 αὐτῆς
3062 4995 3106 5026 ¹⁸
3162 4994 3263 5061 τὴν
3320 4996 3622 5064 ἀντίφασιν
3675 4994 3846 5057 δείξας

2270 5086 2764 5157 συναληθεύουσαν.
2796 5086 2863 5139 Ἥ
2883 5086 2992 5154 γὰρ
3017 5084 3155 5155 αὑτὴ
3181 5084 3276 5137 καὶ
3306 5087 3592 5156 παρθένος
3623 5088 3719 5139 καὶ
3749 5086 3847 5155 μῆ⁸

2266 5196 2395 5249 τηρ,
2425 5178 2823 5250 καινοτομοῦσα
2853 5178 2952 5247 τὴν
2986 5176 3146 5245 φύσιν
3194 5177 3262 5246 τῇ
3298 5178 3516 5247 συνόδῳ
3545 5179 3660 5233 τῶν
3709 5179 3850 5231 ἀντι-

1889 5338 2121 5393 VARle
2161 5323 2569 5393 LECTIO‘NES.

655 5465 671 5496 ¹
729 5467 827 5536 τὴν
871 5470 992 5523 eod.
1033 5470 1174 5524 Gud.
1253 5475 1272 5504 ¹
1305 5472 1643 5536 ὑπερουσίαν
1667 5471 1789 5524 cod.
1826 5470 1967 5525 Gud.

2057 5474 2077 5503 ³
2104 5474 2338 5528 ὲνείογει
2382 5473 2472 5528 ed.
2499 5474 2617 5528 Gal.

655 5474 671 5496 '
729 5474 827 5532 τὴν
871 5474 992 5523 eml.
1033 5474 1174 5524 Gud.
1253 5475 1272 5504 ¹
1305 5474 1643 5536 ὑπερουσίαν
1667 5474 1789 5524 cod.
1826 5474 1967 5525 Gud.
2057 5474 2077 5503 ³
2104 5474 2338 5542 ὲνείργει
2382 5474 2472 5528 ed.
2499 5474 2617 5530 Gal.
2698 5476 2718 5505 ‘
2744 5476 2793 5527 τί
2825 5474 2944 5526 καθ’
2981 5474 3066 5528 ed.
3114 5474 3233 5527 Gal.

719 5533 849 5608 Gal.
910 5538 929 5608 ξ
960 5540 1372 5608 ὁμολογήσαιμεν
1393 5540 1483 5593 cd.
1514 5541 1630 5595 Gal.
1688 5541 1707 5569 "
1743 5540 1773 5606 ἢ
1804 5556 1911 5593 om.
1939 5542 2028 5595 ed.
2059 5542 2176 5597 Gal.
2233 5544 2255 5573 "
2280 5541 2402 5593 οὔτε
2428 5542 2574 5595 ἐστιν
2604 5544 2948 5598 desideratur
2978 5543 3029 5595 in
3053 5543 3138 5593 ed.
3169 5544 3287 5598 Gal.

524 5616 530 5622 '
588 5599 678 5654 ed.
713 5600 829 5656 Gal.
909 5606 949 5636 ’θ
977 5599 1306 5672 ἆνελλέι’π‹ἷ›’ς
1339 5608 1428 5662 rd.
1455 5610 1571 5663 Gal.
1651 5610 1686 5639 ”
1721 5599 2057 5678 πιστώσηται
2090 5612 2178 5667 ed.
2215 5611 2331 5666 Gal.

2698 5476 2793 5527 ‘ti
2825 5474 2944 5526 καθ’
2981 5474 3066 5528 9d.
3114 5473 3233 5527 Cal.
3325 5476 3346 5505 ³
3401 5474 3502 5529 καὶ
3562 5475 3844 5542 νινουμένη

3371 5547 3392 5576 ³
3449 5545 3566 5599 οὒτ’
3600 5546 3682 5599 ἔτι
3713 5546 3846 5597 ἐστὶν

2424 5615 2467 5644 ι’
2498 5614 2679 5677 αὐτοῖς
2701 5613 2787 5669 ed.
2820 5611 2936 5665 Gal.
