4066 6150
293 413 306 426 δ
345 333 484 396 1053
608 411 616 417 _
1573 319 2092 382 AMBIGUORUM
2131 317 2382 378 LIBER.
3451 315 3590 383 105.5

339 443 632 515 κειμένων,
649 439 809 512 εἴπερ
831 438 940 493 τῶν
965 437 1354 506 ἀντικειμένων
1381 432 1648 503 παρθενία
1669 433 1764 486 καὶ
1789 431 1913 502 γέν-

2025 445 2144 485 suas
2173 446 2283 484 non
2326 428 2489 482 faciat
2523 427 2684 482 ﬁdem
2719 428 2926 482 nullam
2957 444 3016 484 se
3050 427 3465 484 conversionem
3493 445 3590 484 su-

339 553 516 602 νησις,
553 527 629 588 ὧν
658 535 724 587 ὲκ
751 531 965 602 φύσεως
1005 531 1105 584 οὐκ
1137 529 1202 584 ἄν
1227 545 1309 591 τις
1335 525 1753 596 ὲπινοηθήσεται
1777 523 1916 594 σύμ-

2025 519 2221 575 biisse?
2263 519 2540 589 quomodo
2571 519 2736 572 etiam
2783 517 2946 572 ﬁdem
2978 518 3142 574 faciet
3181 533 3240 572 se
3270 533 3440 572 unum
3470 533 3592 574 esse

339 625 520 688 ϐασις.
553 624 644 677 Διὸ
683 624 778 678 καὶ
823 621 1083 683 Θεοτόκος
1107 617 1320 686 ἀληθῶς
1353 619 1387 686 ἡ
1418 614 1715 685 Παρθένος,
1745 615 1916 685 ὑπερ-

2025 624 2084 664 ex
2125 609 2340 664 duabus
2374 607 2606 671 naturis,
2642 609 2688 662 si
2731 607 2854 662 talis
2894 622 3019 661 cum
3051 607 3142 673 sit,
3174 616 3231 662 et
3257 623 3324 662 ex
3369 607 3589 672 talibus,

340 717 494 784 φυῶς
522 716 678 786 δίκην
718 714 926 784 σπορᾶς
955 707 1294 764 συλλαόοὖσά
1331 724 1391 760 τε
1435 706 1532 760 καὶ
1560 705 1794 758 τεκοῦσα
1823 703 1915 758 τὸν

2025 701 2378 756 nihilominus
2405 710 2463 756 et
2488 700 2606 755 sine
2630 709 2783 755 motu
2808 708 2865 754 et
2887 699 3004 754 sine
3035 699 3354 768 operatione
3379 713 3594 767 perma-

342 806 672 876 ὑπεροόσιον
703 807 877 873 Λόγον
908 819 923 833 ο
959 804 1191 870 ἐπείπερ
1248 795 1343 851 τοῦ
1385 795 1686 868 σπαρέντος
1730 811 1788 849 τε
1818 794 1915 848 καὶ⁵

2025 793 2178 846 neat?
2227 791 2405 861 Super
2437 791 2798 846 substantiam
2847 791 3015 862 igitur
3057 791 3454 846 substantiatus
3484 799 3591 855 est,

345 896 742 967 συλληφθέντος
777 893 980 965 κυρίως
1003 893 1045 961 ’ἠ
1075 889 1334 942 τίκτουσα
1359 886 1563 956 μήτηρ.

2025 883 2291 938 iabricans
2325 883 2378 936 in
2422 891 2619 938 natura
2637 897 2852 954 novum
2895 883 3269 952 generationis
3291 891 3348 936 et
3388 882 3593 936 nativi-

347 991 475 1044 tatis
501 985 854 1058 principium.
887 981 1329 1050 Coneipiebatur,
1363 985 1419 1032 et
1457 991 1569 1032 suae
1601 975 1782 1030 carnis
1829 975 1944 1044 ipse
1982 975 2354 1032 rudimentum
2402 973 2534 1040 fuit;
2592 973 2940 1038 nascebatur,
2983 981 3042 1028 et
3089 972 3329 1042 sigillum
3377 973 3593 1043 parenti

343 1079 523 1134 factus
550 1083 655 1140 est,
683 1071 1031 1141 ostenditque
1065 1085 1130 1125 ea
1161 1069 1326 1123 simul
1348 1083 1479 1122 vera
1502 1081 1624 1122 esse
1653 1082 1777 1136 qure-
1833 1073 2060 1136 propter
2121 1065 2618 1120 contradictionem
2663 1064 2806 1120 inter
2875 1079 2934 1118 se
2976 1063 3129 1118 nullo
3163 1063 3328 1118 modo
3358 1078 3593 1120 concor-

343 1173 475 1227 dare
500 1186 660 1242 posse
685 1167 1034 1223 videbantur.
1065 1165 1142 1220 Ea
1183 1164 1300 1234 ipsa
1331 1172 1388 1218 et
1413 1163 1572 1232 virgo
1601 1162 1704 1216 l’uit
1727 1168 1784 1216 et
1806 1171 2010 1226 mater;
2047 1161 2304 1215 innovata
2336 1169 2456 1215 erat
2482 1168 2700 1223 natura,
2727 1168 2790 1213 ut
2816 1156 3066 1227 opposita
3133 1157 3278 1210 inter
3339 1171 3398 1210 se
3458 1172 3596 1212 con-

342 1263 670 1328 cordarent;
707 1277 834 1315 nam
867 1257 1119 1328 opposita
1161 1263 1290 1312 sunt
1317 1255 1608 1326 virginitas
1633 1263 1690 1309 et
1716 1261 1928 1324 partus,
1970 1251 2026 1306 in
2057 1262 2252 1309 natura
2321 1251 2518 1306 horum
2554 1251 2740 1304 nullus
2769 1257 2952 1319 potest
2995 1248 3222 1318 intelligi
3266 1263 3594 1302 concursus.
3637 1294 3643 1299 .

233 1374 236 1378 '
340 1355 686 1423 Quapropter
727 1351 894 1406 etiam
922 1349 1154 1418 Deipara
1185 1361 1316 1402 vere
1361 1345 1467 1400 fuit
1496 1341 1695 1414 Virgo;
1725 1343 2128 1412 supernaturali
2164 1341 2328 1395 modo
2361 1341 2429 1396 ad
2505 1340 2732 1395 seminis
2755 1339 2923 1393 ritum
2983 1338 3238 1408 concepit
3295 1345 3352 1392 et
3382 1338 3598 1408 peperit

342 1441 808 1515 superessentiale
848 1439 1093 1496 Verbum
1135 1458 1151 1492 :
1199 1453 1327 1492 nam
1369 1451 1492 1508 quae
1525 1435 1742 1516 peperit
1783 1433 1932 1488 haud
1971 1432 2140 1488 dubie
2187 1441 2364 1487 mater
2407 1443 2494 1486 est
2526 1433 2646 1503 ejus
2691 1430 2786 1500 qui
2820 1429 2878 1484 in
2943 1444 3008 1483 ea
3053 1438 3206 1483 satus
3239 1428 3343 1482 fuit
3373 1437 3430 1484 et
3458 1443 3595 1483 con-

343 1547 559 1684 ωξὶιάιξ.
588 1625 729 1697 ὑπὲρ
765 1581 1075 1696 ,ἄνθρωπον
1127 1621 1350 1692 ἐνήργει
1383 1621 1430 1654 ¹³
1479 1620 1548 1672 τὰ
1595 1616 1909 1688 ἀνθρώπου,

2083 1615 2151 1670 Ει
2179 1631 2345 1684 supra
2370 1613 2745 1669 conditionem
2771 1611 3014 1667 hominis
3037 1627 3101 1668 ea
3125 1627 3247 1681 qua:
3271 1620 3400 1666 sunt
3421 1611 3601 1664 homi-

343 1721 461 1776 κατ’
487 1719 663 1789 ἄκραν
701 1717 896 1770 ἕνωσιν
921 1715 1044 1786 δίχα
1077 1713 1283 1784 τροπῆς
1319 1714 1660 1782 συμφυεῑσαν
1703 1709 1920 1771 δεικνὺς

343 1815 414 1885 τῇ
448 1811 602 1882 θεῖκῇ
629 1809 858 1876 δυνάμει
887 1807 986 1877 τὴν
1009 1803 1355 1876 ἀνθρωπίνην
1377 1802 1656 1874 ἐνέργειαν
1685 1817 1700 1830 θ
1729 1797 1920 1870 ἐπειδὴ

344 1905 440 1960 καὶ
467 1905 502 1975 ἡ
553 1905 715 1972 φύσις
766 1899 1089 1970 ἀσυγχύτως
1135 1895 1398 1952 ὲνωοεῖσα
1416 1897 1484 1964 τῇ
1517 1893 1676 1963 φύσει
1699 1889 1770 1946 δι’
1796 1891 1918 1945 ὅλου

345 1992 788 2066 πρικεχὼρηκε,
823 1989 988 2061 μηδὲν
1015 1987 1282 2042 ἀπόλυτον
1312 1983 1663 2038 παντάπασιν
1693 1981 1916 2051 ἔχουσα,

346 2089 444 2143 καὶ
471 2085 572 2156 τῆς
601 2083 887 2156 ¹ιινωμέν-ιις
913 2082 1051 2151 αὐτῇ
1079 2079 1204 2134 καθ’
1231 2075 1534 2156 ὑπόστασιν
1570 2071 1920 2144 κεχωρισμέ-

281 2218 288 2224 -
345 2197 436 2234 νον
479 2155 755 2246 θεότητος.
791 2174 964 2244 Ὑπὲρ
1019 2172 1170 2243 ἡμᾶς
1221 2155 1338 2239 γὰρ’
1360 2165 1578 2236 ἀληθῶς
1627 2163 1726 2234 τὴν
1761 2161 1920 2232 ἡμῶν

345 2271 538 2324 οὐσίαν
563 2265 848 2330 οὐσιωθεὶς
877 2266 905 2318 ὁ
927 2261 1251 2334 ὑπερούσιος
1278 2259 1450 2327 Λόγος
1482 2255 1688 2325 συνῆψε
1715 2255 1779 2324 τῇ
1806 2270 1921 2306 κα-

343 2361 576 2429 ταφάσει
595 2358 696 2426 τῆς
717 2356 930 2426 φύσεως
951 2354 1047 2408 καὶ
1070 2351 1178 2406 τῶν
1197 2350 1367 2420 αὐτῆς
1387 2347 1631 2418 φυσικῶν
1656 2343 1836 2416 (113
1863 2344 1917 2412 α)

348 2451 472 2506 καθ’
493 2448 768 2522 ὑπεροχὴν
816 2446 914 2516 τὴν
955 2445 1254 2513 ἀπόφασιν,
1283 2441 1376 2496 καὶ
1432 2439 1656 2509 γέγονεν
1707 2437 1916 2506 ἄνθρω-

348 2559 468 2609 πος,
497 2542 587 2594 τδν
647 2539 790 2610 ὑπὲρ
853 2537 1014 2607 φύσιν
1060 2535 1156 2588 τοῦ
1209 2533 1328 2597 πῶς
1376 2526 1517 2587 εἶναι
1560 2530 1762 2601 τρόπον
1800 2528 1921 2600 ἕχον

351 2633 695 2704 συνημμένον
905 2627 998 2682 τοῦ
1067 2625 1206 2680 εἶναι
1267 2625 1412 2695 λόγῳ
1493 2609 1595 2693 τῆς
1659 2621 1871 2690 φύσεως
1906 2661 1921 2686 ,

350 2728 438 2780 ἵνα
494 2727 591 2779 καὶ
645 2725 744 2796 τὴν
809 2720 970 2791 φύσιν
1029 2718 1370 2789 πιστώσηται
1417 2717 1485 2786 τῇ
1541 2713 1648 2768 τῶν
1703 2713 1923 2784 τρόπων

351 2819 652 2885 καινότητι,
687 2815 761 2886 μὴ
807 2813 1107 2884 δεχομένην
1135 2811 1275 2864 κατὰ
1303 2809 1394 2862 τὸν
1417 2809 1576 2876 λόγον
1608 2805 1914 2870 ἀλλοίωσιν,

353 2911 448 2965 καὶ
475 2909 624 2980 δείξῃ
651 2907 750 2979 τὴν
775 2905 1144 2976 ὑπεράπειρον
1166 2903 1394 2972 δύναμιν
1423 2901 1686 2962 ὡσαύτως
1721 2898 1826 2950 κάν
1854 2899 1920 2968 τῇ

2019 1706 2106 1760 nis
2144 1706 2492 1776 Operabatur,
2529 1720 2628 1775 per
2665 1703 3068 1760 exactissimam
3114 1701 3442 1768 unitionem,
3479 1701 3599 1758 sine

2019 1795 2168 1850 omni
2209 1795 2600 1860 conversione,
2636 1810 2735 1864 per
2773 1794 3014 1849 divinam
3060 1793 3365 1863 potentiam
3410 1801 3600 1847 osten-

2021 1886 2157 1941 dens
2183 1887 2480 1940 humanam
2511 1887 2908 1956 Operationem.
2932 1883 3392 1954 Quandoquidem
3425 1891 3481 1938 et
3506 1899 3602 1938 na-

2019 1986 2142 2032 tura
2169 1979 2410 2032 humana
2433 1976 2764 2032 inconfusim
2793 1975 2944 2030 unita
2972 1985 3180 2030 natura:
3204 1975 3404 2030 divinae
3431 1982 3600 2030 totam

2021 2073 2490 2137 circumiacessit,
2522 2072 2762 2127 solutum
2809 2070 2947 2124 nihil
2993 2077 3090 2126 aut
3133 2068 3371 2123 divisum
3421 2069 3602 2139 possi-

2020 2166 2160 2221 dens
2199 2182 2230 2220 a
2267 2166 2490 2228 deitate,
2527 2180 2648 2234 quae
2681 2143 2732 2218 ei
2778 2178 2876 2232 per
2919 2159 3240 2237 hyposlasin
3283 2160 3437 2214 unita
3474 2159 3600 2214 fuit.

2019 2258 2155 2314 Nam
2184 2256 2286 2328 p’ro
2317 2257 2476 2311 nobis
2498 2272 2629 2310 vere
2657 2262 3014 2322 nostramque
3041 2253 3406 2308 substantiam
3431 2251 3606 2306 susci-

2021 2348 2182 2418 piens
2213 2347 2452 2403 Verbum
2488 2344 3018 2418 supersubstantiale
3055 2342 3358 2398 connexuit
3383 2357 3447 2396 ea
3483 2359 3604 2411 quae

2023 2439 2092 2495 de
2131 2448 2329 2494 natura
2370 2438 2734 2503 atlirlnantur,
2765 2445 2821 2492 et
2859 2452 2924 2492 ea
2966 2452 3088 2506 quae
3124 2451 3221 2504 per
3248 2435 3602 2522 emine/ptiam

2023 2532 2356 2586 naturalium
2383 2529 2628 2601 ejusdem
2659 2529 3029 2598 potentiarum
3055 2525 3342 2582 continent
3363 2525 3604 2594 negatio-

2023 2638 2172 2677 nem.
2199 2621 2398 2676 Factus
2425 2628 2511 2676 est
2536 2621 2722 2684 homo,
2751 2619 2847 2674 sed
2877 2619 3100 2672 modum
3129 2615 3350 2672 essendi
3383 2615 3601 2676 habuit.

2024 2715 2119 2784 qui
2141 2723 2392 2768 naturam
2415 2711 2881 2782 supereminebat,
2901 2722 3208 2763 connexum
3232 2721 3357 2762 cum
3383 2705 3604 2761 essendi

2024 2805 2251 2860 modum
2304 2803 2607 2859 secundum
2661 2809 2941 2867 naturam;
2997 2807 3055 2852 ut
3106 2805 3161 2852 et
3208 2804 3495 2860 naturam,
3537 2812 3604 2851 ex

2027 2899 2272 2952 novitate
2295 2896 2524 2950 istorum
2552 2880 2994 2956 modorum,non
3021 2888 3308 2944 admisisse
3336 2889 3390 2941 in
3417 2904 3606 2942 essene

487 2963 744 3055 ινᾶὁὲίιὲν
778 2963 992 3068 γενέσει
1024 2963 1438 3066 ’ένωριζομενην
1467 3008 1482 3022 ο
1525 2991 1716 3062 ἀμέλει
1767 2963 1919 3054 ὲξουΙ

2028 2989 2100 3043 tia
2146 2986 2530 3042 alterationem
2577 2983 2930 3041 ostenderet,
2967 2981 3241 3050 simulque
3284 2993 3449 3048 super
3496 2979 3601 3032 im-

353 3097 442 3169 σίᾳ
487 3094 714 3164 γνώμης
764 3091 902 3159 ἔργα
933 3090 975 3168 ίξ
1002 3085 1316 3158 πεποιηκὼς
1355 3085 1426 3138 τὰ
1471 3083 1618 3155 πάθη
1657 3082 1760 3152 τῆς
1815 3080 1920 3150 φό-

353 3165 510 3250 σεως,
553 3185 670 3239 ἀλλ’
717 3184 816 3254 οὐχ
864 3165 958 3244 ὡς
996 3181 1156 3251 ἡμεῖς
1196 3177 1442 3247 ἀνάγκης
1502 3174 1920 3241 ἀποτελέσματα

353 3277 610 3348 φυσικῆς,
641 3275 879 3345 ἔμπαλιν
905 3273 938 3342 ἢ
968 3273 1011 3304 ¹⁵
1043 3269 1127 3338 ἐφ’
1157 3268 1314 3338 ἡμῶν
1365 3267 1502 3336 ἔχει,
1530 3265 1590 3319 τὸ
1625 3263 1747 3316 καθ’
1771 3263 1918 3332 ἡμᾶς

353 3368 514 3438 φύσει
545 3365 789 3434 παθητὸν
814 3361 1113 3432 διεξῆλθεν,
1147 3359 1370 3430 ἐξουσίᾳ
1392 3357 1587 3426 γνώμῃ
1621 3356 1666 3387 η
1699 3353 1922 3424 κινητὸν

351 3459 534 3524 δείξας
558 3458 645 3527 ἐφ’
676 3453 871 3509 ἑαυτοῦ
907 3453 970 3506 τὺ
1012 3449 1254 3520 πεφυκὸς
1285 3448 1370 3518 ἐφ’
1407 3445 1564 3517 ἡμῶν
1611 3439 1750 3497 εἶναι
1782 3443 1926 3510 γνώ-

357 3565 464 3621 μης
515 3547 813 3618 κινητικόν.
837 3541 1018 3611 Ὅπερ
1053 3542 1164 3600 τοῖς
1196 3537 1322 3606 ἑξῆς
1363 3533 1674 3604 σαφηνίζων
1706 3531 1870 3600 φησὶν
1895 3528 1924 3580 ὁ

353 3635 671 3702 διδάσκαλος
693 3654 710 3669 ⁸
751 3655 770 3690 ι
816 3637 883 3690 Ti
920 3636 985 3688 ἄν
1011 3650 1094 3696 τις
1121 3631 1194 3684 τά
1243 3628 1406 3683 λοιπά
1445 3625 1740 3697 πάμπολλα
1795 3623 1924 3678 όντα

352 3729 677 3796 διέλθοιςδι’
715 3725 789 3782 ὧν
817 3729 846 3780 ό
899 3725 1056 3788 θείως
1105 3720 1248 3792 όρῶν
1294 3719 1435 3788 ὑπὲρ
1476 3716 1600 3770 νοῦν
1655 3713 1924 3782 γνώσεται

355 3823 449 3874 καὶ
507 3819 578 3872 τά
629 3817 722 3871 ἐπὶ
779 3818 846 3886 τῇ
915 3808 1296 3882 φιλανθρωπίᾳ
1357 3805 1452 3860 τοῦ
1509 3803 1694 3888 ’Ἰησοῦ
1756 3819 1926 3856 κατα-

356 3912 696 3984 φασκόμενα,
729 3907 958 3976 δύναμιν
1015 3901 1352 3974 ὑπεροχικῆς
1410 3897 1741 3967 ἀποφάσεως
1770 3893 1924 3964 ἕχον-

353 4021 446 4058 τα.
485 4021 504 4054 ι
544 4001 624 4054 Τὰ
652 4001 760 4070 γὰρ
803 3997 904 4065 τῆς
943 3994 1158 4064 φύσεως
1183 3991 1386 4045 ’πάντα
1419 3989 1555 4060 μετά
1585 3988 1683 4056 τῆς
1709 3985 1926 4055 φύσεως

313 4089 317 4094 ’
355 4093 496 4148 κατά
529 4087 787 4162 σύλληψιν
818 4087 1056 4160 ἄρρητον
1085 4081 1284 4144 ὑποδὺς
1333 4079 1362 4131 ὁ
1399 4077 1722 4148 ὐπερούσιος
1757 4075 1928 4144 Λόγος

356 4185 508 4240 οὐδὲν
551 4179 696 4254 εἶχεν
741 4178 1079 4249 ἀνθρώπινον
1128 4171 1346 4244 φυσικῷ
1397 4170 1542 4239 λόγῳ
1585 4165 1928 4234 καταφασκό-

363 4293 543 4350 μενον,
566 4273 594 4327 ὃ
625 4274 700 4344 μὴ
726 4271 821 4326 καὶ
849 4269 992 4321 θεῖον
1011 4263 1103 4338 ἦν,
1129 4265 1317 4336 τρόπῳ
1333 4260 1411 4332 τῷ
1435 4259 1576 4353 ὑπερ
1607 4258 1772 4353 φύσιν
1791 4258 1928 4353 ἀπο·
1957 4297 2003 4353 D

359 4347 722 4438 φασκὸμενον.
752 4355 856 4416 Ὧν
893 4359 1034 4430 ὑπὲρ
1063 4354 1188 4409 νοῦν
1217 4354 1292 4416 ὡς
1321 4349 1713 4411 ἀναπόδεικτος
1750 4347 1927 4416 ὑπῆρ-

358 4437 453 4528 χεν
487 4459 520 4527 ἡ
552 4455 773 4524 γνῶσις,
831 4452 999 4522 μόνην
1028 4443 1334 4514 κατάληψιν
1362 4441 1560 4512 ἔχουσα
1605 4439 1705 4508 τὴν
1746 4437 1931 4527 πίστιν

357 4522 466 4602 τῶν
499 4522 738 4617 θνησίως
783 4543 846 4596 τὸ
873 4541 967 4595 τοῦ
1013 4535 1252 4608 Χριστοῦ
1304 4529 1684 4600 σεϐαζομένων
1725 4522 1932 4617 μυστή-

360 4615 748 4712 ριον.υῦτινος
775 4635 966 4702 ὥσπερ
993 4625 1314 4681 συνοπτικὺν
1343 4623 1436 4676 τὸν
1458 4621 1614 4688 λόγον
1645 4615 1930 4679 ἀποδ.δούς

357 4707 522 4801 φησι⁸
561 4747 580 4780 ι
617 4725 727 4781 Καὶ
747 4723 878 4792 γὰρ,
914 4721 1002 4774 ἵνα
1032 4715 1343 4776 συνελόντες
1385 4711 1650 4782 εἴπωμεν,
1680 4707 1802 4760 οὐδὲ
1831 4707 1928 4760 ἄν·-

359 4800 578 4895 θρωπος
617 4815 707 4888 ἧν,
751 4835 770 4866 ι
804 4815 887 4868 ὅτι
941 4810 1100 4880 φύσει
1147 4809 1246 4877 τῆς
1292 4803 1436 4858 κατὰ
1477 4802 1639 4872 φύσιν
1683 4800 1930 4866 ἀνάγκης

357 4891 543 4974 ἄνετος
577 4911 619 4942 ¹⁷
661 4904 750 4979 ἦν,
789 4903 867 4976 τῷ
897 4903 942 4936 ⁸⁸
972 4899 1094 4955 καθ’
1125 4899 1270 4969 ἡμᾶς
1302 4893 1483 4964 (113
1525 4892 1580 4961 b)
1608 4892 1706 4961 οὐχ
1757 4891 1932 4960 ὑπαχ-

358 5005 470 5068 θεὶς
487 4999 675 5070 θεσμῷ
699 4997 795 5065 τῆς
815 4989 1253 5064 γενέσεως.ιοὑχ
1270 4987 1346 5049 ὡς
1364 4985 1439 5054 μὴ
1460 4982 1555 5038 ἄνθ
1565 4999 1762 5053 ρωπος,
1790 4998 1808 5031 ι
1847 4980 1930 5033 ὅτι

359 5095 481 5148 κατ’
507 5092 694 5146 οὐσίαν
732 5089 860 5157 ὃλην
895 5081 1110 5154 ἀληθῶς
1146 5079 1430 5149 ἄνθρωπος
1476 5070 1568 5144 ἦν,
1614 5073 1775 5142 φύσει
1817 5071 1929 5126 τῶν

359 5185 482 5240 καθ’
501 5184 650 5255 ἡμᾶς
673 5178 918 5250 φυσικῶν
949 5173 1294 5242 ἀνεχόμενος,
1317 5187 1348 5255 *ι
1383 5165 1497 5220 ἀλλ’
1529 5165 1605 5228 ὡς
1625 5165 1684 5230 ἐξ
1716 5163 1924 5235 ἀνθρώ-

360 5290 497 5328 πων
525 5253 562 5324 Vi
589 5273 822 5339 ἐπείπερ
852 5267 982 5336 ἡμῖν
1005 5259 1286 5332 όμοούσιος
1311 5253 1404 5327 ἦν,
1430 5255 1569 5324 ὅπερ
1597 5256 1758 5326 ἡμεῖς
1786 5253 1928 5307 κατὰ

362 5364 525 5435 φύσιν
545 5361 828 5433 ἄνθρωπος
859 5357 955 5418 ὢν,
993 5373 1010 5404 ι
1039 5349 1345 5422 ἀνθρώπων
1375 5345 1653 5407 ἐπέκεινα,
1693 5363 1712 5396 ι
1746 5343 1930 5398 καινό-

2024 3090 2269 3130 mensam
2297 3073 2598 3144 potentiam
2632 3072 2685 3125 in
2719 3069 3123 3125 contrariorum
3155 3067 3444 3122 eﬂ'ectione
3473 3083 3605 3122 eon-

2023 3164 2266 3234 Spicuam
2311 3163 2486 3216 daret.
2527 3159 2741 3228 Quippe
2790 3155 2941 3226 quod
2989 3165 3204 3211 naturae
3251 3155 3605 3210 inﬁrmitates

2024 3271 2136 3310 sua:
2167 3254 2297 3308 fecit
2329 3252 2532 3307 indicia
2570 3249 2880 3320 potestatis,
2913 3263 3022 3301 non
3057 3246 3407 3300 necessitatis
3441 3255 3605 3300 natu-

2023 3346 2176 3410 ralis,
2209 3352 2269 3398 ut
2305 3351 2434 3398 sunt
2472 3357 2596 3411 qua:
2632 3355 2740 3394 non
2787 3339 3050 3410 gerimus,
3081 3336 3299 3399 effecta,
3335 3351 3604 3406 sccusque

2025 3449 2187 3504 quam
2224 3449 2283 3488 se
2316 3433 2482 3486 habet
2516 3431 2572 3484 in
2606 3430 2768 3484 nobis
2802 3437 3014 3482 natura;
3044 3425 3464 3496 passibilitatem
3506 3426 3605 3480 ad-

2025 3523 2380 3579 ministravit.
2411 3521 2568 3588 Quod
2603 3521 2752 3576 enim
2789 3519 2844 3571 in
2879 3518 3042 3572 nobis
3074 3525 3316 3570 nostram
3353 3502 3607 3572 volunta-i

2025 3628 2136 3668 tem
2187 3613 2326 3666 solet
2365 3623 2734 3672 commovere,
2773 3607 2863 3660 ille
2913 3606 2968 3660 in
3015 3619 3074 3660 se
3120 3605 3342 3660 nonnisi
3387 3620 3454 3658 ex
3502 3618 3604 3660 suo

2027 3703 2257 3760 arbitrio
2285 3701 2494 3756 moveri
2525 3699 2736 3754 docuit.
2759 3696 2902 3764 Quid
2928 3697 3076 3751 aliud
3105 3696 3240 3751 dicit
3265 3695 3522 3766 magister
3547 3696 3603 3750 in

2027 3793 2416 3866 sequentibus?
2445 3791 2541 3846 ubi
2575 3791 2680 3846 hoc
2709 3789 2888 3860 ipsum
2918 3779 3174 3858 explanat
3199 3805 3213 3842 ς
3248 3807 3266 3838 ι
3295 3786 3437 3854 Quid
3471 3803 3604 3842 vero

2027 3894 2222 3940 caetera
2251 3899 2374 3954 qua;
2398 3881 2555 3936 valde
2583 3881 2754 3935 multa
2784 3880 2910 3950 quis
2938 3879 3370 3934 commemoret?
3400 3879 3454 3932 in
3481 3894 3604 3948 qua:

2027 3977 2073 4032 si
2114 3975 2338 4030 divinus
2381 3973 2656 4044 quispiam
2703 3971 3013 4035 intueatur,
3048 3985 3216 4039 supra
3263 3969 3602 4024 intellectum

2029 4066 2299 4136 intelliget
2331 4065 2498 4120 etiam
2535 4079 2600 4118 ea
2638 4078 2760 4133 quae
2795 4061 2864 4116 de
2901 4061 3031 4116 Jesu
3073 4060 3418 4114 humanitate
3455 4059 3603 4114 alIir-

2029 4167 2250 4214 mantur
2269 4158 2530 4212 virtutem
2557 4155 2877 4211 excellentis
2903 4153 3212 4224 negationis
3234 4151 3544 4206 continere.
3578 4171 3597 4202 ν

2030 4247 2570 4320 Supersubstantiale
2600 4247 2749 4302 enim
2773 4244 3016 4301 Verbum
3041 4234 3230 4298 omnia
3258 4257 3382 4311 qua
3411 4241 3477 4296 ad
3510 4257 3608 4296 na~

2033 4353 2212 4398 turam
2257 4339 2538 4411 pertinent
2577 4353 2685 4392 una
2729 4351 2855 4391 cum
2899 4341 3096 4388 natura
3141 4332 3198 4386 in
3243 4332 3606 4400 conceptione

2023 4431 2117 4486 illa
2151 4429 2422 4484 ineﬂ'abili
2453 4427 2786 4496 suscipiens,
2813 4423 2953 4477 nihil
2983 4421 3507 4486 habujt'humanum
3539 4421 3606 4496 de

2024 4537 2084 4577 se
2129 4521 2486 4585 afﬁrmatum,
2532 4516 2772 4572 naturali
2819 4514 3063 4579 ratione,
3105 4513 3241 4583 quin
3290 4513 3436 4567 idem
3487 4521 3606 4566 erat

2025 4612 2310 4676 divinum,
2345 4610 2616 4680 modoque
2657 4623 2822 4678 supra
2871 4615 3125 4661 naturam
3169 4605 3357 4674 negari
3401 4605 3602 4674 potuit.

2031 4704 2237 4759 llorum
2264 4703 2510 4756 omnium
2537 4700 2800 4770 cognitio,
2825 4706 3017 4769 utpote
3047 4713 3212 4768 supra
3241 4697 3603 4761 intellectum,

2033 4801 2154 4849 erat
2202 4793 2369 4848 etiam
2419 4808 2584 4862 supra
2636 4790 3198 4855 demonstrationem,
3247 4781 3474 4856 Solaque
3521 4795 3606 4841 est

2034 4884 2410 4956 pereeptibilis
2434 4883 2541 4938 ﬁde
2568 4898 2760 4939 eorum
2787 4881 2882 4952 qui
2904 4879 3106 4936 Christi
3140 4878 3460 4952 mysterium
3495 4878 3608 4932 sin-

2033 4991 2160 5032 cere
2200 4983 2554 5030 venerantur.
2587 4973 2762 5045 llujus
2801 4971 3050 5045 mysterii
3097 4971 3368 5026 rationem
3409 4984 3606 5038 quam-

2035 5068 2160 5124 dam
2192 5075 2529 5122 contractam
2557 5067 2784 5121 exhibet
2807 5063 3126 5134 conspectui
3157 5061 3449 5134 Dionysius
3479 5075 3605 5115 eum

2032 5160 2166 5216 dicit
2195 5177 2208 5213 :
2249 5179 2268 5211 ι
2302 5159 2462 5224 Nam,
2490 5166 2552 5212 ut
2576 5157 2890 5213 summatim
2920 5157 3190 5220 dicamus,
3206 5170 3275 5209 ne
3293 5155 3456 5208 homo
3487 5151 3608 5222 qui-

2033 5251 2156 5307 dem
2188 5261 2306 5306 erat
2339 5271 2356 5303 ι
2397 5251 2658 5321 quoniam
2686 5265 2754 5306 ex
2784 5259 2982 5303 natura
3008 5263 3106 5302 sua
3135 5247 3318 5303 omnis
3339 5245 3610 5300 naturalis

2033 5345 2378 5400 necessitatis
2413 5358 2610 5414 expers
2648 5351 2796 5406 erat,
2826 5348 2883 5396 et
2917 5355 3084 5410 supra
3123 5339 3301 5411 legem
3341 5334 3607 5394 nascendi

1655 5503 1890 5560 VARIE
1921 5505 2325 5562 LECTIONES.

436 5638 478 5669 "
525 5635 760 5702 ὲνεὶργει
808 5631 896 5685 ed.
949 5629 1090 5687 Gzil.,
1131 5641 1251 5702 pro_
1277 5621 1568 5702 more"?
1601 5621 1856 5702 ἐξουσίας.
1899 5620 2153 5702 ἔργαρίιλ
2185 5619 2492 5702 ςοῑκμιιίξο
2543 5618 2866 5702 porrigenda
2897 5617 3016 5702 ejus
3051 5617 3254 5702 veIrsio.

360 5706 504 5764 Gud.
577 5691 842 5771 *θ’γνώμῃ
873 5715 978 5753 non
1014 5691 1188 5752 exstat
1239 5695 1294 5750 in
1342 5693 1430 5750 ed.
1463 5691 1584 5748 Gal.
1663 5695 1704 5724 ³⁷
1731 5691 1969 5754 ἀναίτιος
1991 5691 2081 5745 ed.
2111 5691 2228 5750 Gal.

3353 5613 3452 5685 ⁸υὴ
3480 5610 3606 5668 cod.

2314 5692 2356 5723 ⁸³
2386 5690 2472 5761 mp
2492 5689 2580 5744 cd.
2612 5687 2752 5754 Gal.,
2785 5687 2939 5760 quod
2970 5687 3230 5742 mendum
3256 5693 3358 5742 est.
