4066 6150
384 5830 412 5862 Δ

461 241 601 305 1055

1732 235 2018 297 MAXIMI
2054 233 2561 302 CONFESSORIS

3602 227 3752 292 1056

460 356 548 410 cui
583 370 688 411 nos
718 354 1063 426 subjicimur.
1099 371 1116 403 ι
1147 351 1267 407 Non
1300 352 1447 421 quod
1482 367 1593 407 non
1629 361 1778 407 esset
1800 351 1987 416 homo,
2021 369 2039 403 ι

2148 364 2273 417 τητι
2300 347 2520 418 τρόπων
2542 385 2556 408 ,
2590 346 2729 416 ὅπερ
2762 342 2860 414 οὐχ
2889 344 3071 414 ⁴ἡμεῖς,
3106 342 3204 413 τὴν
3244 342 3412 412 φύσιν
3454 342 3751 412 περιγρά-

460 447 725 516 quoniam
776 445 1080 500 secundum
1134 452 1305 499 totam
1351 445 1649 501 essentiam
1695 459 1826 498 vere
1877 444 2042 498 homo

461 548 611 599 erat,
650 538 825 605 iisque
867 536 1124 591 omnibus
1164 536 1436 592 obnoxius
1471 551 1595 605 quae
1638 542 1893 589 naturam
1940 549 2042 589 no-

463 633 636 679 stram
675 626 1041 692 comitantur;
1082 645 1102 678 α
1146 628 1243 681 sed
1276 627 1424 696 quod
1459 635 1622 680 natus
1654 641 1809 681 more
1844 626 2042 679 huma-

461 730 557 779 no,
598 733 617 766 ι
667 715 942 784 siquidem
983 716 1229 787 ejusdem
1272 717 1562 771 nobiscum
1606 726 1727 772 erat
1765 717 2040 783 essentiae,

462 812 517 858 et
556 804 720 859 homo
759 820 858 874 per
899 815 1176 872 naturam,
1210 821 1310 875 per
1344 822 1509 875 quam
1547 816 1604 861 et
1639 821 1759 861 nos.
1798 826 1817 858 ι
1866 806 2043 877 Supra

465 891 739 956 homines,
771 912 791 944 ι
832 893 996 947 modo
1030 908 1194 958 novo,
1221 894 1366 963 quod
1399 910 1501 949 nos
1528 910 1639 949 non
1669 894 1916 961 facimus,
1948 911 2046 949 na-

465 993 645 1038 turam
688 985 1170 1041 circumscribens.
1222 1004 1241 1037 ι
1287 986 1355 1040 Ει
1394 1001 1561 1056 supra
1591 986 1876 1041 hominem
1914 1002 2044 1043 vere

466 1075 644 1131 factus
691 1076 873 1131 homo.
929 1096 946 1128 ι
1001 1077 1192 1132 Modos
1238 1078 1387 1133 enim
1439 1094 1607 1148 supra
1654 1087 1939 1143 naturam,
1988 1086 2046 1133 et

466 1166 711 1219 rationes
754 1166 1064 1220 secundum
1108 1175 1363 1222 naturam
1409 1167 1647 1223 invicem
1689 1170 1808 1223 sine
1850 1168 2043 1225 fraude

466 1257 786 1311 connexuit.
822 1257 1027 1311 Horum
1071 1273 1375 1313 concursus
1409 1274 1532 1313 cum
1568 1275 1668 1330 per
1698 1275 1756 1315 se
1788 1260 2044 1329 impossi-

464 1344 593 1400 bilis
625 1356 793 1411 esset,
820 1347 934 1411 ille,
968 1348 1057 1402 cui
1096 1348 1233 1402 nihil
1267 1359 1352 1404 est
1380 1350 1739 1419 impossibile,
1769 1365 1866 1405 eos
1897 1352 1953 1405 in
1986 1367 2044 1407 se

463 1451 596 1490 vere
646 1436 859 1501 univit,
908 1448 1162 1493 neutram
1212 1438 1268 1492 in
1321 1449 1532 1509 partem
1580 1440 1804 1496 omnino
1851 1458 2044 1497 eorum

464 1542 702 1596 quorum
741 1536 858 1582 erat
895 1528 1210 1599 hypostasis
1247 1529 1316 1584 ab
1355 1530 1622 1585 alterutro
1666 1531 1721 1586 in
1766 1533 2046 1602 operando

464 1616 782 1681 declinans,
814 1617 924 1671 imo
957 1618 1139 1687 potius
1173 1634 1273 1688 per
1306 1619 1634 1674 alterutrum
1673 1621 2041 1689 conﬁrmans;

464 1706 737 1777 siquidem
769 1716 1065 1779 utrumque
1097 1726 1228 1765 vere
1260 1719 1366 1775 est,
1397 1718 1454 1765 et
1480 1720 1542 1765 ut
1567 1711 1713 1766 Deus
1743 1728 1897 1767 suam
1929 1713 2047 1784 ipse

465 1807 650 1853 movet
685 1799 1104 1865 humanitatem,
1134 1812 1409 1872 quatenus
1449 1813 1633 1858 autem
1673 1804 1859 1870 homo,
1890 1821 2046 1860 suam

465 1888 710 1945 declarat
753 1891 1036 1947 deitatem.
1082 1893 1141 1947 In
1185 1902 1384 1948 natura
1425 1894 1643 1961 divina,
1682 1896 1725 1950 si
1771 1897 1851 1952 sic
1892 1898 2043 1972 loqui
2090 1970 2101 1981 .

464 1980 648 2045 liceat,
686 1997 881 2050 passus
924 1992 1039 2047 est,
1078 1999 1205 2038 nam
1248 1985 1560 2041 voluntarie
1605 2002 1802 2057 passus
1844 1997 1956 2054 est,
1989 1998 2048 2046 et

465 2087 653 2126 merus
681 2073 847 2127 homo
878 2090 988 2128 non
1020 2074 1154 2143 fuit;
1187 2076 1242 2130 in
1274 2085 1473 2132 natura
1507 2078 1747 2133 humana
1782 2079 2048 2138 miracula

464 2164 735 2232 patravit,
781 2180 907 2218 nam
958 2165 1014 2219 in
1062 2181 1227 2221 carne
1274 2167 1411 2233 fuit,
1456 2183 1560 2224 nec
1606 2169 1788 2224 nudus
1833 2172 2049 2229 exstitit

466 2250 632 2306 Deus.
664 2253 744 2307 Ita
774 2254 997 2323 quidem
1029 2255 1311 2325 passiones
1341 2264 1498 2312 erant
1524 2258 1805 2314 mirabiles
1835 2269 1892 2314 et
1918 2263 2047 2327 novi

464 2345 702 2413 generis,
727 2356 951 2415 propter
977 2348 1284 2415 potentiam
1312 2349 1556 2405 divinam
1582 2358 1790 2406 naturae
1811 2354 1932 2423 ejus
1952 2356 2046 2424 qui

465 2448 662 2503 passus
694 2444 798 2498 est,
824 2445 880 2491 et
912 2436 1175 2493 miracula
1209 2446 1371 2494 erant
1403 2440 1549 2494 inter
1580 2443 1886 2510 passiones,
1912 2459 2049 2515 quo-

464 2524 614 2580 niam
646 2534 858 2595 patrata
887 2538 1047 2583 erant
1071 2529 1128 2583 in
1154 2530 1402 2599 passibili
1429 2534 1672 2601 potentia
1703 2536 1904 2603 carnis,
1927 2539 2050 2609 ejus

464 2612 561 2681 qui
609 2627 672 2667 ea
714 2613 946 2669 miriﬁce
992 2616 1295 2672 secundum
1339 2626 1595 2674 naturam
1638 2633 1902 2691 operatus
1940 2635 2045 2680 est.

466 2700 625 2767 Quod
665 2704 940 2759 intellexit
966 2707 1225 2776 magister
1253 2724 1377 2763 cum
1411 2709 1621 2767 diceret
1653 2731 1666 2767 :
1712 2732 1730 2764 ι
1765 2715 2050 2772 Postremo

466 2806 575 2844 non
607 2806 714 2859 qua
741 2792 883 2846 Deus
911 2793 1097 2847 divina
1126 2795 1314 2863 gessit.
1339 2791 1363 2846 ἰ
1397 2796 1520 2850 Non
1554 2804 1767 2852 tantum
1794 2809 1855 2854 ut
1878 2802 2046 2866 Deus,

464 2889 521 2935 ΘΙ.
552 2896 801 2936 seorsum
836 2899 867 2936 a
904 2899 1103 2948 carne,
1136 2897 1316 2954 neque
1349 2887 1498 2940 enim
1538 2897 1750 2942 tantum
1786 2906 2044 2962 superes-

2144 454 2281 505 φων.
2318 455 2337 489 ι
2378 438 2487 491 Καὶ
2515 436 2654 505 ὑπὲρ
2679 435 2964 504 ἄνθρωπον
2994 431 3207 502 άληθῶς
3237 432 3542 504 ἄνθρωπος
3573 447 3751 498 γεγο-

2143 524 2269 591 νὼς,
2307 544 2326 577 ι
2361 526 2487 588 τοῦς
2517 525 2656 594 ὑπὲρ
2684 523 2845 592 φύσιν
2873 522 3103 592 τρόπους
3125 522 3216 574 καἿ⁵
3238 522 3364 584 τοὺς
3392 520 3549 574 κατὰ
3572 518 3751 587 φύσιν

2144 616 2336 684 λόγους
2390 616 2712 686 ἀλυμάντως
2759 615 2898 685 ἔχων
2947 613 3196 684 ἀλλήλοις
3236 614 3279 645 ¹⁹
3310 613 3747 683 συνημμένους,

2144 701 2220 761 ὧν
2251 709 2531 777 ἀμήχανος
2566 709 2598 777 ἡ
2626 706 2897 777 σύμϐασις
2948 701 3045 776 ἦν,
3070 705 3228 768 αὐτὸς
3255 699 3300 773 ᾧ
3328 704 3533 775 ζμηδέν
3585 705 3748 756 ἐστιν

2143 798 2428 867 ἀμήχανον
2478 799 2683 869 ἀληθὴς
2737 797 3030 868 γενόμενος
3067 795 3264 859 ἓνωσις
3312 795 3617 866 μηδετέρῳ
3678 794 3748 847 τὸ

2145 890 2411 959 παράπαν
2456 883 2532 944 ὧν
2567 889 2866 951 ὑπόστασις
2910 882 2977 957 ἧν
3026 887 3258 959 θατέρου
3292 886 3746 957 κεχωρισμένως

2145 980 2408 1050 ἐνεργῶν,
2441 979 2510 1033 δι’
2544 980 2811 1052 ἑκατέρου
2842 979 2900 1031 δὲ
2936 978 3135 1049 μᾶλλον
3169 977 3555 1046 πιστούμενος.
3573 977 3747 1030 θάτε-

2148 1090 2268 1144 ρονο
2306 1073 2463 1144 είπερ
2496 1073 2661 1143 ἄμφω
2682 1072 2806 1126 κατ’
2840 1072 3098 1143 ἀλήθειαν
3125 1069 3199 1124 ὢν
3236 1071 3312 1133 ὡς
3341 1071 3444 1140 μὲν
3468 1069 3608 1132 Θεὸς
3629 1067 3744 1137 τῆς

2148 1163 2286 1226 ίδίας
2331 1158 2401 1233 ἦν
2441 1162 2718 1233 κινητικὸς
2753 1159 3192 1230 άνθρωπότητος.
3228 1159 3303 1221 ὠς
3350 1156 3742 1229 ἄνθρωποςδὲ

2144 1255 2244 1324 τῆς
2310 1253 2519 1316 οἰκείας
2574 1251 2899 1320 ἑκφαντικδς
2949 1251 3159 1321 ὑπῆρχε
3191 1248 3469 1319 θεότητος.
3518 1247 3742 1309 Θεῖκῶς

2149 1346 2268 1416 μὲν,
2301 1344 2369 1397 ἵν’
2394 1342 2568 1408 οὕτως
2600 1343 2761 1407 εῐπω,
2779 1342 2839 1395 τὸ
2864 1341 3094 1410 πάσχειν
3123 1341 3281 1412 έχων,
3309 1337 3568 1391 ἑκούσιον
3594 1337 3736 1408 γάρ,

2145 1437 2268 1489 ἐπεὶ
2297 1436 2372 1505 μὴ
2400 1435 2554 1504 me;
2580 1433 2869 1506 ἄνθρωπος
2886 1429 2977 1504 ἦν,
3008 1429 3375 1501 ἀνθρωπικῶς
3406 1429 3469 1482 δὲ
3496 1429 3564 1481 τὸ
3596 1427 3738 1480 θαυ-

2148 1529 2497 1598 ματουργεῖν,
2517 1525 2605 1580 διὰ
2634 1525 2834 1597 σαρκὸς
2849 1523 2979 1595 γὰρ,
3012 1522 3135 1575 επεὶ
3167 1521 3241 1592 μὴ
3270 1519 3482 1589 γυμνὸς
3507 1519 3739 1598 ὑπῆρχε

2147 1625 2300 1687 Θεός.
2348 1624 2434 1688 Ὠς
2474 1620 2613 1678 εἶναι
2643 1623 2710 1677 τὰ
2770 1623 2871 1694 μὲν
2922 1621 3071 1689 πάθη
3114 1617 3407 1691 θαυμαστά
3451 1617 3524 1687 τῇ
3582 1629 3700 1667 κατ

2148 1715 2309 1784 φύσιν
2340 1715 2494 1786 θεῖκῇ
2534 1717 2763 1786 δυνάμει
2795 1715 2890 1769 τοῦ
2915 1714 3212 1785 πάσχοντος
3242 1709 3630 1777 καινιζόμενα,
3663 1702 3743 1756 τὰ

2147 1807 2205 1862 δὲ
2240 1807 2496 1878 θαύματα
2526 1807 2767 1877 παθητὰ,
2796 1808 2862 1878 τῇ
2900 1806 3042 1859 κατὰ
3070 1803 3232 1873 φύσιν
3275 1800 3370 1855 τοῦ
3413 1797 3560 1853 αὐτὰ
3591 1796 3742 1849 θαυ-

2151 1897 2585 1970 ματουργοῦντος
2639 1897 2914 1968 παθητικῇ
2972 1895 3201 1964 δυνάμει
3249 1889 3742 1964 συμπληρούμενα

2145 1990 2245 2061 τῆς
2276 1989 2497 2060 σαρκός.
2526 1990 2704 2059 Ὅπερ
2748 1986 2902 2049 εἰδὼς
2933 1988 2963 2039 6
2994 1983 3311 2046 διδάσκαλός
3335 1997 3472 2051 φησι
3495 1996 3509 2008 ·
3547 1996 3569 2030 ι
3613 1976 3745 2031 Καὶ

2145 2081 2206 2135 τδ
2236 2081 2420 2134 λοιπὸν
2445 2081 2504 2132 οὐ
2535 2082 2675 2133 κατὰ
2700 2079 2832 2132 Θεὸν
2853 2077 2920 2130 τὰ
2947 2076 3064 2130 θεῖα
3085 2075 3307 2146 δράσας,
3340 2092 3358 2125 ι
3384 2074 3467 2125 ὅτι
3502 2070 3588 2140 μὴ
3625 2069 3740 2138 μό-

2147 2188 2239 2225 νον
2262 2169 2460 2234 θεῖκῶς
2494 2170 2874 2241 κεχωρισμένα
2906 2166 3129 2238 σαρκὸς,
3153 2165 3214 2221 οὐ
3247 2163 3355 2234 γὰρ
3387 2159 3744 2231 ὓπερούσιος

2152 2261 2333 2333 μόνον,
2368 2259 2494 2315 οὔτε
2530 2260 2600 2312 τὰ
2646 2257 2961 2326 ἀνθρώπινα
2999 2255 3139 2308 κατὰ
3177 2252 3483 2323 ἄνθρωπον,
3518 2249 3611 2302 ὃτι
3649 2250 3739 2317 μὴ

2151 2352 2310 2423 μόνον
2343 2351 2620 2422 σαρκικῶς
2651 2347 3031 2419 κεχωρισμένα
3075 2346 3344 2413 θεότητος,
3381 2343 3443 2396 οὐ
3474 2340 3589 2411 γάρ
3626 2340 3739 2395 ἄν·

2149 2445 2368 2515 θρωπος
2415 2443 2596 2513 μόνον,
2635 2440 2818 2512 (114
2856 2438 2910 2510 a)
2951 2457 2969 2489 ι
3022 2437 3136 2491 ἀλλ’
3179 2434 3547 2502 ἀνδρωθέντος
3578 2432 3732 2485 Θεοῦ

2149 2535 2345 2604 καινήν
2374 2551 2496 2587 τινα
2528 2534 2630 2602 τὴν
2674 2550 2692 2582 ι
2727 2528 3050 2602 θεανδρικὴν
3083 2547 3102 2581 ι
3138 2526 3418 2598 ἐνέργειαν
3450 2526 3583 2595 ἡμῖν
3616 2540 3728 2576 πεσ-

2150 2625 2557 2695 πολιτευμένος.
2597 2644 2616 2675 ι
2660 2625 2770 2677 Καὶ
2802 2623 2912 2693 γὰρ
2957 2619 3259 2692 προσλήψει
3291 2617 3492 2688 σαρκὸς
3508 2613 3717 2684 νοερῶς

2152 2717 2510 2789 ὲψυχωμένης
2542 2718 2588 2748 ’⁸
2630 2712 2842 2785 ἀληθῶς
2874 2713 3158 2783 ἄνθρωπος
3188 2708 3450 2777 γεγονὼς,
3473 2708 3502 2759 6
3524 2707 3724 2772 διαφε-

2155 2809 2353 2879 ρόντως
2388 2807 2790 2877 φιλάνθρωπος,
2827 2804 2925 2875 τὴν
2963 2800 3241 2871 δὲ’θεῖκὴν
3283 2800 3564 2870 ἐνέργειαν
3593 2795 3728 2850 καθ’

2150 2900 2346 2953 ἕνωσιν
2384 2901 2622 2971 ἄρρητον
2649 2898 2714 2967 τῇ
2757 2893 3006 2965 συμφυΐᾳ
3038 2893 3081 2924 ¹¹
3110 2891 3210 2959 τῆς
3247 2888 3517 2961 σαρκικῆς
3554 2888 3728 2956 ὲσχη-

467 2973 720 3027 sentialis
758 2981 877 3027 erat
919 2992 931 3026 :
985 2994 1002 3025 ι
1048 2990 1229 3044 neque
1268 2978 1509 3033 humana
1549 2989 1612 3035 ut
1642 2980 1837 3049 homo;
1879 3003 1898 3035 ι
1939 3000 2047 3039 non

2152 2988 2264 3051 κὼς
2302 2988 2695 3060 ἀνδρωθεῖσαν,
2732 2987 2831 3055 τὴν
2877 2983 3017 3055 ὑπὲρ
3066 2982 3227 3052 ἡμῶν
3276 2978 3593 3048 οἰκονομίαν
3628 2994 3731 3028 πε-

466 3062 616 3117 enim
661 3071 872 3118 tantum
911 3074 973 3118 ut
1008 3081 1168 3133 caro,
1202 3070 1495 3138 separatim
1535 3086 1565 3124 a
1600 3070 1832 3139 deitate,
1866 3091 2045 3146 neque

2152 3082 2410 3151 πλήρωκε
2441 3076 2790 3147 θεανδρικῶς,
2828 3077 3003 3146 ἤγουν
3024 3073 3219 3137 θεῖκῶς
3268 3073 3385 3143 ἅμα
3416 3070 3509 3123 καὶ
3541 3069 3731 3138 ἀνδρι-

465 3155 614 3209 enim
642 3156 807 3210 homo
831 3165 1042 3212 tantum
1071 3176 1084 3212 :
1120 3178 1138 3208 ι
1168 3159 1266 3215 sed
1289 3161 1434 3216 Deus
1451 3161 1629 3218 factus
1651 3164 1824 3219 homo
1846 3182 2045 3222 novam

2151 3171 2262 3235 κῶς
2289 3171 2359 3225 τά
2400 3186 2462 3222 τε
2502 3168 2621 3221 θεῖα
2659 3166 2753 3220 καὶ
2782 3166 2852 3218 τὰ
2880 3163 3197 3235 ἀνθρώπινα
3228 3162 3457 3235 δράσας,
3491 3159 3525 3228 ἢ
3560 3158 3732 3226 σαφέ-

468 3243 767 3315 qnamdam
804 3243 1141 3301 dei-virilem
1174 3248 1553 3317 operationem
1587 3250 1875 3305 nobiscum
1909 3267 2045 3307 con-

2152 3275 2344 3329 στερον
2376 3259 2570 3320 εἰπεῖν,
2603 3256 2788 3325 θεϊκὴν
2826 3257 2883 3308 ὲν
2932 3254 3115 3325 ταυτῷ
3152 3254 3249 3306 καὶ
3277 3250 3539 3323 ἀνδρικὴν
3574 3247 3731 3318 ἐνέρ-

465 3336 739 3391 versando
799 3337 1072 3393 exhibuit.
1131 3357 1149 3389 ι
1210 3338 1599 3409 Assumptione
1654 3341 1803 3395 enim
1863 3343 2046 3400 carnis

2151 3366 2307 3419 γειαν
2340 3347 2817 3417 πεπολιτευμένος.

466 3436 651 3482 mente
680 3429 971 3498 animaque
1001 3429 1242 3500 praedita;
1265 3446 1397 3486 vere
1428 3431 1595 3487 homo
1623 3432 1801 3487 factus
1827 3442 1913 3489 est
1942 3435 2034 3493 ille
2072 3454 2237 3510 supra
2273 3440 2500 3495 modum
2531 3428 2661 3509 erga
2728 3436 2980 3492 homines
3011 3432 3309 3503 benignus,
3374 3431 3728 3498 divinamque

466 3519 841 3588 operationem
878 3522 1073 3576 uniens
1138 3521 1492 3576 ineﬂ'abiliter
1556 3522 1830 3589 humana),
1861 3540 1962 3594 per
1989 3531 2172 3585 carnis
2204 3530 2576 3594 coalitionem,
2609 3542 2711 3601 pro
2769 3526 2931 3581 nobis
2964 3522 3290 3592 adimplevit
3361 3518 3729 3591 dispensatio—

465 3621 594 3663 nem
630 3609 980 3679 θεανδρίκῶς,
1014 3611 1119 3665 hoc
1150 3619 1235 3667 est
1267 3619 1324 3667 et
1357 3620 1616 3680 tanquam
1687 3611 1832 3668 Deus
1898 3623 1955 3668 et
2024 3625 2282 3686 tanquam
2326 3618 2512 3681 homo,
2582 3615 2879 3683 divinaque
2921 3619 2977 3667 et
3010 3611 3255 3665 humana
3297 3610 3725 3673 administravit,

465 3699 585 3762 vel,
610 3707 673 3753 ut
702 3700 907 3755 clarius
941 3700 1155 3770 loquar,
1183 3702 1303 3772 ejus
1339 3701 1529 3771 politia
1569 3703 1759 3758 divina
1795 3703 1958 3759 simul
1992 3715 2047 3761 ct
2088 3707 2359 3763 humanas
2388 3706 2738 3777 operationes
2786 3704 3096 3760 exhibebat.

537 3811 677 3866 Cum
701 3811 869 3882 igitur
890 3812 1074 3868 divina
1096 3822 1152 3869 et
1174 3815 1414 3871 humana
1435 3816 1582 3870 inter
1601 3831 1661 3872 se
1683 3816 1857 3872 dividi
1874 3809 2043 3889 'nega-

467 3902 563 3959 bat
595 3902 816 3973 sapiens
850 3904 1133 3975 magister,
1160 3906 1384 3977 quando
1414 3906 1675 3962 unionem
1707 3907 2040 3975 afﬁrmabat,

467 4011 581 4051 non
629 3996 868 4051 nescivit
913 3998 1066 4053 unita
1114 3999 1279 4054 etiam
1328 4000 1473 4054 inter
1514 4014 1572 4054 se
1614 3999 1866 4065 diﬂ'erre;
1913 4001 2046 4056 unio

467 4088 619 4144 enim
653 4089 984 4145 divisionem
1018 4104 1308 4146 removens
1340 4105 1453 4144 non
1487 4090 1672 4145 oﬂ‘ecit
1699 4090 2044 4147 diti‘erentiae.

469 4176 529 4233 Si
561 4186 747 4233 autem
773 4178 1102 4235 diil‘erentia:
1131 4179 1404 4234 rationem
1437 4179 1662 4235 uuionis
1691 4181 1888 4236 modus
1916 4197 2048 4237 con-

469 4275 677 4333 servat,
705 4284 836 4324 sane
869 4268 959 4323 hic
988 4284 1171 4324 sermo
1199 4269 1306 4323 viri
1336 4269 1511 4323 sancti
1547 4268 1886 4338 periphrasis
1917 4272 2045 4339 erit,

424 4356 431 4363 ’
475 4373 570 4429 per
587 4374 751 4427 quam
775 4360 1039 4423 ostendit,
1063 4359 1205 4415 bene
1228 4360 1551 4429 congruenti
1578 4361 1849 4425 oratione,
1871 4361 2048 4432 dupli-

470 4461 590 4502 cem
623 4449 1004 4517 operationem
1038 4450 1095 4504 in
1126 4448 1350 4505 Christo
1372 4448 1509 4504 duas
1534 4456 1761 4505 naturas
1788 4450 2046 4508 habente.

471 4538 741 4604 Quoniam
784 4541 936 4596 nullo
979 4547 1141 4610 pacto
1183 4555 1284 4609 per
1326 4539 1612 4604 unionem,
1644 4539 1760 4595 sive
1798 4550 2050 4597 naturam

473 4637 690 4697 spectes
750 4630 868 4684 sive
925 4629 1284 4699 qualitatem,
1329 4642 1519 4683 eorum
1579 4644 1700 4698 qua:
1755 4631 2050 4699 uniuntur,

470 4721 787 4777 essentialis
842 4722 1063 4777 laeditur
1107 4721 1271 4776 ratio.
1322 4721 1457 4785 Nec,
1497 4728 1558 4776 ut
1604 4720 1799 4776 volunt
1849 4722 2051 4792 aliqui,

470 4821 717 4867 extrema
743 4812 997 4883 negando
1027 4812 1270 4868 medium
1301 4811 1579 4882 quoddam
1613 4810 1875 4878 afﬁrmat;
1917 4813 2054 4867 nihil

2219 3821 2428 3875 Οὐκοῦν
2478 3821 2751 3891 ἀποφάσει
2778 3820 2877 3890 τῆς
2905 3818 3012 3871 τῶν
3035 3815 3197 3870 θείων
3220 3817 3320 3869 καὶ
3362 3815 3723 3886 ἀνθρωπίνων

2149 3912 2284 3982 πρὸς
2312 3911 2515 3981 ἄλληλα
2544 3910 2862 3981 διαιρέσεως
2888 3908 2985 3979 τὴν
3010 3905 3112 3974 τῆς
3134 3902 3392 3970 ένὼσεως
3419 3906 3729 3975 κατάφασιν

2148 4007 2177 4057 6
2219 4004 2380 4072 σοφὸς
2409 4002 2776 4072 ποιησάμενος
2818 4000 2917 4070 τὴν
2971 3996 3207 4067 φυσικὴν
3259 3997 3375 4050 τῶν
3435 3997 3729 4068 ήνωμένων

2149 4093 2409 4163 διαφορὰν
2438 4093 2540 4146 οὐκ
2562 4091 2846 4160 ἠγνόησενο
2878 4091 2911 4159 ὴ
2941 4088 3048 4158 γὰρ
3088 4087 3287 4150 ἓνωσις
3326 4086 3433 4159 τὴν
3471 4087 3730 4156 διαίρεσιν

2152 4182 2490 4253 ἀπωσαμένη
2538 4182 2637 4253 τὴν
2670 4179 2930 4249 διαφοράν
2975 4178 3075 4230 οὐκ
3102 4175 3408 4244 ὲλώὅησεν.
3447 4176 3515 4230 ΕΙ
3547 4176 3605 4230 δὲ
3634 4175 3730 4244 τῆς

2146 4276 2408 4344 διαφορᾶς
2458 4273 2548 4326 τὸν
2592 4272 2749 4340 λόγον
2777 4272 2805 4324 6
2841 4261 2940 4341 τῆς
2966 4267 3211 4331 ἑνὼσεως
3242 4269 3457 4339 τρόπος
3486 4268 3601 4339 ἔχει
3631 4285 3732 4320 σω·

2146 4365 2390 4435 ζόμενον,
2422 4363 2530 4434 ἄρα
2558 4362 2604 4393 ²²
2638 4359 2964 4431 περίφρασίς
3001 4359 3147 4410 ἔστιν
3171 4360 3205 4428 ἡ
3229 4357 3328 4410 τοῦ
3365 4359 3529 4426 ἁγίου
3561 4356 3728 4428 φωνὴ,

2149 4453 2469 4523 καταλλήλῳ
2513 4451 2705 4521 κλήσει
2736 4449 2828 4503 τοῦ
2873 4445 3054 4501 διττοῦ
3083 4446 3129 4478 ⁸³
3162 4446 3263 4516 τὴν
3290 4446 3465 4515 φυσιν
3495 4446 3730 4517 Χριστοῦ

2149 4542 2249 4613 τὴν
2277 4542 2458 4612 διττὴν
2486 4540 2533 4571 ³⁸
2565 4538 3002 4611 παραδηλοῦντος
3034 4535 3346 4607 ἐνέργειανο
3378 4538 3547 4606 εἴπερ
3574 4538 3745 4611 φύσει.

2148 4650 2209 4685 τε
2235 4631 2279 4663 ’⁸
2305 4631 2397 4683 καὶ
2425 4628 2672 4700 ποιότητι
2728 4628 2850 4682 κατ’
2889 4625 3080 4679 οὐδένα
3129 4624 3337 4695 τρόπον
3377 4628 3448 4680 ὲκ
3486 4628 3587 4696 τῆς
3612 4625 3733 4679 ὲνὼ·

2152 4739 2292 4784 σεως
2321 4723 2350 4774 ὁ
2379 4720 2487 4775 τῶν
2522 4717 2820 4792 ἠνωμένων
2876 4715 3140 4784 οὐσιὼδης
3183 4716 3502 4786 μεμείωται
3554 4718 3731 4784 λόγος.

2164 4811 2303 4864 Ἀλλ’
2342 4810 2442 4880 οὐχ
2496 4808 2571 4872 ὥς
2617 4825 2726 4860 τινι
2749 4808 2832 4871 ³⁸,
2874 4804 3146 4873 ἀποφάσει
3189 4804 3301 4856 τῶν
3349 4805 3545 4877 ἄκρων
3592 4804 3736 4866 τινὸς

471 4902 620 4956 enim
648 4909 735 4957 est
761 4903 1005 4959 medium
1028 4905 1177 4973 quod
1206 4904 1275 4959 de
1301 4903 1525 4959 Christo
1557 4918 1658 4972 per
1679 4909 2047 4959 extremorum

2155 4902 2320 4972 μέσου
2352 4901 2672 4971 ποιουμένου
2701 4899 2748 4931 ’⁷
2803 4896 3134 4964 κατάφασιν.
3185 4896 3303 4949 Οὐκ
3358 4897 3480 4952 ἐστι
3530 4899 3641 4968 γάρ
3687 4915 3738 4949 τι

423 5062 429 5071 ι
474 4992 822 5061 negationem
856 4993 1115 5050 allirmari
1147 5003 1349 5065 potest.
1389 5012 1408 5045 ι
1448 4994 1656 5049 Novam
1699 5011 1718 5043 ι
1759 4992 1914 5057 dixit,
1949 4995 2047 5051 hoc

2152 4993 2319 5064 μέσον
2348 4992 2442 5045 ἐπὶ
2471 4992 2515 5024 ⁸⁸
2540 4989 2799 5061 Χριστοῦ,
2831 4991 2896 5058 τῇ
2922 4986 3030 5039 τῶν
3055 4985 3243 5056 ἄκρων
3268 4989 3558 5058 ἀποφάσει
3574 5007 3743 5044 κατα·-

474 5090 563 5135 est
588 5097 789 5138 novum
816 5086 1140 5155 mysterium
1169 5086 1589 5150 eharacterizat,
1614 5086 1773 5157 cujus
1799 5087 1940 5143 ratio
1964 5098 2047 5144 est

2156 5082 2519 5152 φασκόμενον.
2559 5101 2576 5133 ι
2623 5079 2831 5148 Καινὴν
2868 5077 2986 5148 μὲν,
3024 5094 3043 5127 ι
3087 5075 3163 5138 ὡς
3201 5079 3401 5131 καινοῦ
3429 5081 3737 5151 μυστηρίου

478 5158 774 5227 Σηείΐαὺίιὶε
793 5172 990 5228 modus
1013 5172 1280 5228 naturalis
1300 5173 1727 5243 conjunctionis.
1744 5173 1879 5240 Quis
1898 5175 2047 5229 enim

2153 5172 2678 5244 χαρακτηριστικὴν,
2696 5165 2757 5225 οῦ
2785 5170 2939 5237 λόγος
2968 5167 3115 5221 ἐστὶν
3138 5168 3168 5220 6
3191 5169 3521 5240 ἀπόρρητος
3540 5174 3739 5244 τρόπος

1787 5334 2027 5390 vam/13
2068 5318 2467 5389 LECTIONES.

544 5456 587 5487 ”
616 5455 875 5525 duilium;
906 5459 1043 5525 ἔχων
1083 5462 1171 5515 ed.
1221 5462 1339 5517 Gal.

482 5524 571 5577 cd.
602 5523 718 5576 Gal.
751 5523 830 5576 'ln
875 5523 995 5581 cod.
1045 5530 1184 5584 Gud.
1241 5549 1270 5585 a

483 5591 601 5647 Gal.
689 5593 734 5621 ’⁷
785 5598 1101 5647 ποιουμένην
1136 5602 1258 5647 (sim

3481 5468 3528 5499 “
3558 5466 3735 5522 δικτοῦ

3360 5538 3407 5565 ’⁸
3450 5554 3599 5601 τινες
3647 5536 3735 5590 ed.

1429 5465 1474 5495 ¹⁰
1520 5465 1918 5537 ἑμψυχωμένης
1937 5467 2025 5522 ed.
2048 5466 2162 5537 Gal.
2254 5467 2295 5498 "
2324 5466 2601 5537 συμφυείᾳ
2627 5466 2714 5537 ed.
2754 5465 2869 5520 Gal.
2933 5466 2976 5494 "
3009 5458 3114 5537 ἄρα
3138 5463 3233 5537 ed.
3260 5464 3383 5519 Gal.

1316 5548 1402 5604 pr.
1453 5550 1527 5604 ιιι.
1554 5532 1564 5535 ’
1589 5532 1930 5589 οεῐζδιπλοῦ.
2009 5539 2054 5567 ³⁸
2082 5536 2268 5604 δικτὴν
2299 5532 2535 5589 θιιζϐέιι.
2577 5532 2589 5537 ’
2617 5536 2662 5566 ³³
2697 5551 2777 5586 τε.
2828 5549 2935 5587 om.
2988 5532 3075 5586 ed.
3129 5532 3248 5586 Gal.

785 5598 1101 5665 ποιουμένην
1136 5602 1258 5669 (sio)
1306 5598 1425 5655 cod.
1479 5603 1619 5657 Gud.
1657 5604 1975 5675 ποιούμε·.ον
2008 5605 2095 5661 ed.
2130 5598 2249 5658 Cal.
2321 5605 2364 5635 ³⁸
2400 5606 2516 5658 ἐστὶ
2543 5605 2628 5659 ed.
2663 5604 2777 5659 Gal.
2861 5682 2865 5687 '

492 5802 553 5829 *ἥρ
