4066 6150
358 344 376 405 1
391 340 492 408 057

1595 341 2115 402 AMBIGUORUM
2158 341 2407 402 LIBER.

3463 345 3601 413 1058

353 456 454 523 τῆς
477 451 752 522 συμφυΐας
784 451 849 504 ’³.
879 451 974 514 Τίς
998 449 1106 520 γὰρ
1131 450 1268 518 ἔγνω
1304 447 1418 510 πῶς
1452 447 1747 517 σαρκοῦται
1777 448 1924 512 Θεὸς,

2035 448 2190 501 novit
2229 447 2506 516 quomodo
2544 449 2689 502 Deus
2727 448 3064 516 incarnatur,
3099 457 3154 504 et
3193 458 3374 506 tamen
3419 468 3604 510 manet

351 545 451 596 καὶ
477 541 818 612 μένειῆεόςς
855 543 972 606 πῶς
1008 543 1182 611 μένων
1209 541 1343 602 θεὸς
1378 539 1605 610 ἀληθὴς,
1642 538 1926 609 ἄνθρωπός

358 632 648 704 (1141))
712 636 860 686 ἐστιν
911 633 1161 707 amem;
1228 630 1393 699 ἄμφω
1467 629 1681 691 δεικνὺς
1737 628 1927 681 ἑαυτὸν

357 721 575 790 ἀληθῶς
616 721 849 789 ὑπάρξει
891 722 1120 789 φυσικῇ,
1161 719 1253 772 καὶ
1283 719 1348 770 δι’
1383 717 1650 788 ἐκατέρου
1677 716 1926 788 θάτερον,

356 813 453 867 καὶ
489 812 770 883 μηδετέρῳ
812 813 1170 881 τρεπόμενος.
1207 808 1391 862 Ταῦτα
1432 809 1568 878 μόνη
1605 808 1786 869 πίστις
1816 823 1926 876 χω-

359 907 462 975 ρεῖ,
513 907 637 974 σιγῇ
677 903 894 973 τιμῶσα
925 903 1016 955 τὸν
1048 902 1242 968 Λόγον,
1279 895 1488 962 οὗτινος
1519 902 1586 970 τῇ
1629 899 1790 967 φύσει
1819 898 1927 950 τῶν

354 997 522 1049 ὅντων
553 995 843 1065 ἐμπέφυκε
896 995 1053 1061 λόγος
1104 994 1302 1054 οὐδείς.
1337 1011 1355 1043 ι
1393 991 1729 1061 Θεανδρικὴν
1786 1010 1805 1043 ι
1845 991 1924 1053 δὲ,

352 1090 451 1157 οὐχ
477 1087 551 1149 ὡς
591 1086 792 1154 ἁπλῆν,
823 1085 947 1138 οὐδέ
991 1085 1227 1154 πρᾶγμά
1266 1101 1319 1136 τι
1353 1083 1627 1148 σύνθετον,
1654 1083 1748 1134 καὶ
1775 1083 1808 1152 ἢ
1832 1083 1928 1152 μό-

350 1196 447 1248 νης
490 1177 704 1246 γυμνῆς
755 1175 898 1228 κατὰ
941 1176 1102 1244 φύσιν
1149 1175 1440 1244 θεότητος,
1474 1175 1506 1244 ἢ
1558 1175 1724 1244 μόνης
1764 1173 1926 1243 ψιλῆς

351 1270 707 1340 ὑπάρχουσαν
737 1268 1159 1336 ἀνθρωπότητος
1180 1308 1194 1331 ,
1224 1266 1258 1336 ἢ
1296 1265 1536 1335 συνθέτῳ
1569 1265 1729 1333 φύσει
1763 1263 1926 1317 τινῶν

347 1361 530 1431 ἄκρων
581 1360 893 1430 μεταιχμίῳ
949 1359 1334 1428 προσήκουσαν
1360 1397 1375 1421 ,
1429 1356 1545 1409 ἀλλ’
1599 1356 1924 1424 ἀνδρωθέντι

322 1451 487 1519 Θεῷ,
527 1451 777 1503 τουτέστι
810 1449 1034 1512 τελείως
1084 1449 1591 1519 ἐνανθρωπὴσαντι,
1648 1463 1924 1516 προσφυε-

351 1543 572 1610 στάτην,
607 1542 731 1593 Οὐδ’
784 1536 850 1593 αὖ
909 1541 1071 1592 πάλιν
1113 1539 1260 1608 μίαν,
1312 1538 1388 1601 ὡς
1437 1539 1536 1591 οὐκ
1567 1537 1632 1591 ἂν
1666 1537 1709 1569 ³⁰
1751 1537 1924 1599 ἄλλως

349 1635 607 1705 νοηθῆναι
657 1652 675 1685 ι
709 1635 807 1702 τῆς
841 1634 1036 1701 καινῆς
1067 1651 1087 1682 ι
1127 1630 1272 1683 καθά
1302 1646 1444 1681 τισιν
1469 1627 1666 1692 ἔδοξεν,
1695 1628 1724 1685 ἢ
1755 1646 1772 1677 ι
1797 1628 1924 1695 μιᾶς

348 1724 674 1794 δυναμένης’
713 1742 732 1775 ι
763 1724 1050 1792 ποιότητος
1099 1721 1229 1789 γὰρ,
1277 1718 1393 1771 ἀλλ’
1444 1719 1504 1770 οὑ
1550 1717 1844 1786 ποσότητος
1890 1716 1922 1784 ή

353 1834 373 1866 ι
424 1815 707 1884 καινότης·
768 1832 786 1863 ι
843 1813 967 1865 ἐπεὶ
1018 1813 1112 1864 καὶ
1150 1811 1314 1879 φύσιν
1349 1809 1407 1874 ἐξ
1464 1809 1709 1876 ἀνάγκης
1755 1807 1920 1876 ἑαυτῇ

349 1904 653 1968 συνεισάξει
685 1903 942 1973 τοιαύτην
967 1919 982 1934 ⁸
1043 1901 1204 1971 εἰπερ
1237 1900 1417 1967 πάσης
1475 1897 1690 1966 φύσεως
1739 1897 1864 1966 ὅρος
1896 1897 1925 1948 ό

345 1992 445 2063 τῆς
477 1992 770 2053 οὑσιώδους
806 1991 974 2059 αὐτῆς
1000 1988 1280 2057 ἐνεργείας
1313 1985 1619 2052 καθέστηκε
1648 1983 1826 2049 λόγος,
1856 1981 1925 2051 ῆν

346 2081 410 2135 οὐ
438 2080 632 2147 διπλῆν
674 2080 714 2110 ⁸¹
751 2078 895 2131 είποι
950 2078 995 2108 ³¹
1049 2076 1166 2128 ποτ’
1214 2074 1279 2128 ἂν
1327 2073 1689 2144 τραγελάφων
1735 2068 1926 2138 μύθοις

347 2170 819 2240 φιλοτιμούμενος.
889 2166 1015 2229 Πῶς
1074 2166 1128 2218 δέ
1187 2166 1281 2218 καὶ
1336 2163 1527 2216 τούτου
1589 2160 1836 2222 δοθέντος
1896 2161 1925 2212 ὁ

345 2260 506 2313 τοῦτο
549 2257 812 2327 πεφυκὼς
866 2257 997 2326 μίαν
1044 2255 1184 2325 ἔχων
1231 2254 1534 2323 ἐνέργειαν,
1565 2250 1660 2304 καὶ
1716 2248 1924 2319 ταύτην

348 2351 618 2420 φυσικὴν,
665 2349 966 2402 ἐπιτελέσει
1017 2350 1084 2415 τῇ
1129 2345 1266 2415 αὐτῇ
1299 2343 1370 2396 τά
1419 2341 1673 2412 θαύματα
1713 2341 1810 2393 καὶ
1854 2339 1923 2392 τὰ

347 2441 518 2510 πάθη,
550 2441 696 2508 λόγῳ
729 2438 948 2508 φύσεως
987 2436 1231 2506 ἀλλήλων
1262 2434 1610 2504 διαφέροντα,
1638 2431 1761 2501 δίχα
1802 2445 1925 2482 στε-

347 2534 558 2602 ρήσεως
587 2528 1102 2599 ἐπισυμΰαινούσης
1139 2528 1203 2596 τῇ
1232 2524 1555 2593 άπογενέσει
1589 2521 1690 2591 τῆς
1715 2521 1879 2587 ἕξεως
1903 2537 1919 2586 ;

345 2621 511 2676 Οὐδὲν
534 2620 646 2688 γὰρ
689 2619 798 2671 τῶν
825 2618 996 2671 ὄντων
1029 2617 1126 2686 μιᾷ
1157 2616 1252 2669 καὶ
1277 2615 1343 2685 τῇ
1375 2615 1512 2683 αὐτῇ
1546 2613 1798 2681 ἐνεργείᾳ
1825 2612 1922 2663 τά-

344 2712 534 2764 ναντία
565 2710 781 2778 πέφυκε
827 2709 979 2779 δρᾷν,
1013 2709 1126 2777 ὅρῳ
1159 2723 1218 2759 τε
1266 2707 1363 2759 καὶ
1390 2706 1534 2774 λόγῳ
1567 2703 1922 2771 συνεχόμενον

345 2803 580 2869 φύσεως.
627 2803 720 2854 Διὸ
772 2801 902 2870 μίαν
951 2798 1138 2861 ἁπλῶς
1181 2797 1216 2867 ἢ
1261 2795 1496 2865 φυσικὴν
1545 2795 1636 2846 ἐπὶ
1686 2791 1920 2863 Χριστοῦ

345 2896 601 2964 θεότητος
631 2894 727 2946 καὶ⁵
757 2891 961 2964 σαρκὸς
994 2889 1280 2959 ἐνέργειαν
1305 2889 1487 2956 λέγειν
1524 2887 1584 2938 οὐ
1629 2885 1808 2953 θέμις,
1840 2883 1920 2934 εί-

343 3004 450 3058 περ
467 2988 541 3056 μὴ
567 2986 762 3039 ταυτὸν
791 2985 1037 3054 ποιότητι
1057 2983 1260 3050 φυσικῇ
1293 2980 1485 3047 θεότης
1501 2978 1596 3029 καὶ
1621 2976 1777 3046 σὰρξ,
1800 2973 1920 3026 ἐπεὶ

340 3078 438 3132 καὶ
465 3077 646 3144 φύσιν,
677 3077 774 3128 καὶ
798 3077 1088 3168 γενήσεται
1115 3071 1314 3168 τετρὰς
1359 3068 1613 3168 η’(ιιε
1647 3069 1702 3168 a2
1735 3066 1916 3168 τριάςἰ
1945 3111 1988 3168 C

342 3166 480 3221 οὔτε
513 3167 622 3236 γὰρ
644 3166 786 3218 κατὰ
816 3163 998 3232 φύσιν,
1030 3160 1155 3214 οὔτε
1185 3159 1327 3214 κατὰ
1354 3158 1608 3226 δύναμιν,
1643 3155 1766 3210 οὔτε
1796 3156 1916 3208 κατ’

340 3258 646 3329 ἐνέργειαν,
676 3256 871 3323 γέγονε
899 3253 1125 3314 ταυτὸν,
1157 3251 1313 3322 φησὶ,
1339 3253 1406 3319 τῇ
1439 3249 1602 3319 σαρκί
1630 3248 1696 3301 ³⁸.
1733 3247 1920 3300 Οὐδενὶ

341 3347 448 3418 γὰρ
489 3341 532 3414 ᾧ
594 3345 838 3414 πέφυκεν
892 3340 1035 3395 εἶναι
1073 3341 1162 3394 διὰ
1205 3341 1306 3410 τὴν
1360 3341 1490 3408 μίαν
1524 3338 1712 3390 οὐσίαν
1745 3337 1920 3406 Πατρὶ

343 3438 438 3489 καὶ
457 3435 734 3505 Πνεύματι
759 3433 954 3486 ταυτὸν
986 3432 1014 3482 ὁ
1050 3431 1198 3491 Υἱὸς,
1225 3428 1416 3496 γέγονε
1443 3425 1638 3505 ταυτὸν
1664 3427 1730 3494 τῇ
1760 3423 1921 3494 σαρκί⁸

341 3529 429 3583 διὰ
458 3529 556 3599 τὴν
580 3527 800 3589 ἕνωσιν,
836 3523 939 3577 κᾶν
970 3521 1272 3590 πεποίηκεν
1298 3517 1472 3588 αὐτὴν
1491 3515 1756 3580 ζωοποιὸν
1788 3513 1917 3566 ἐνώ-

345 3635 429 3672 σει
455 3623 522 3689 τῇ
555 3617 691 3687 πρὸς
733 3609 917 3678 αὐτὸν,
944 3612 1175 3682 ἔχουσαν
1212 3608 1275 3661 τὸ
1307 3606 1467 3676 φύσει
1506 3606 1722 3676 θνητόν.
1770 3604 1921 3655 Ἐπεὶ

344 3712 439 3763 καὶ
475 3709 718 3780 τρεπτῆς
756 3705 1019 3775 ὑπάρχων
1057 3699 1398 3771 δειχθήσεται
1433 3697 1670 3765 φύσεως,
1705 3695 1798 3748 καὶ
1822 3695 1921 3765 τὴν
1959 3709 1968 3716 ·

343 3800 531 3854 οὐσίαν
568 3799 667 3868 τῆς
712 3796 914 3866 σαρκὸς
955 3795 1036 3857 είς
1079 3793 1218 3862 ὅπερ
1245 3791 1344 3843 οὐκ
1372 3785 1440 3860 ῆν
1469 3786 1790 3850 ἀλλοιώσας,
1825 3786 1921 3838 καὶ

351 3892 548 3944 ταυτὸν
583 3886 902 3956 πεποιηκὼς
955 3888 1022 3956 τῇ
1073 3883 1231 3952 φύσει
1276 3883 1375 3950 τὴν
1420 3879 1637 3932 ἕνωσιν.
1669 3878 1780 3947 Τὴν
1811 3876 1920 3946 γὰρ

347 3977 670 4050 θεανδρικὴν
723 3976 1026 4046 ἐνέργειαν,
1063 3972 1140 4035 ὡς
1189 3969 1427 4039 ἀπεδόθη
1493 3969 1798 4037 νοήσωμεν
1853 3967 1920 4034 ἣν

344 4077 476 4146 ἡμῖν
509 4075 608 4144 οὐχ
642 4071 819 4141 ἐαυτῴ
839 4066 1303 4136 πολιτευσάμενος
1328 4065 1431 4132 ’τὴν
1456 4061 1618 4130 φύσιν
1651 4062 1761 4122 τοῖς
1778 4059 1919 4128 ὑπὲρ

347 4166 511 4236 φύσιν
549 4165 790 4218 ἐκαίνισε
811 4161 878 4216 ³⁵.
917 4159 1168 4214 Πολιτεία
1207 4157 1317 4227 γάρ
1355 4157 1477 4208 ἐστι
1511 4154 1624 4224 βίος
1659 4151 1801 4205 κατὰ
1829 4151 1919 4203 νό-

349 4272 449 4325 μον
511 4254 726 4322 φύσεως
779 4250 1184 4320 διεξαγόμενος.
1255 4245 1490 4307 Διπλοῦς
1539 4245 1594 4296 δὲ
1632 4241 1708 4295 ὢν
1741 4241 1787 4274 ³⁵
1813 4242 1912 4311 τὴν

345 4345 509 4414 φύσιν
535 4345 564 4396 ὁ
592 4343 814 4414 Κύριος,
847 4343 1072 4404 είκότως
1107 4340 1220 4409 βίον
1259 4339 1400 4408 ἔχων
1448 4335 1623 4405 ἐφάνη
1650 4333 1918 4403 κατάλλη-

2030 538 2207 592 Deus?
2229 540 2508 608 quomodo
2534 549 2752 594 maneat
2774 541 2919 596 Deus
2937 557 3122 607 verus,
3142 552 3197 597 et
3221 559 3384 599 verus
3404 545 3599 610 homo,

2029 630 2325 685 ostendens
2351 647 2409 685 se
2435 647 2562 686 vere
2593 647 2713 686 esse
2742 642 3038 703 utrumque
3067 637 3306 689 naturali
3335 638 3603 692 exsisten-

2030 723 2125 786 tia,
2141 731 2199 776 et
2222 737 2318 790 per
2338 723 2662 777 alterutrum
2685 733 2979 794 utrumque
3004 726 3057 778 in
3083 736 3282 780 neutro
3303 729 3604 783 alteratus?

2029 811 2156 865 Haec
2200 812 2336 868 ﬁdes
2382 815 2499 868 sola
2548 815 2720 884 capit,
2760 817 2978 871 silentio
3017 833 3288 872 venerans
3329 819 3599 887 Verbum,

2027 905 2187 972 cujus
2216 915 2425 960 natura:
2455 907 2606 960 nulla
2641 907 2696 960 in
2729 907 2896 961 rebus
2931 909 3132 962 creatis
3164 912 3343 964 oratio
3378 926 3604 980 respon-

2028 993 2140 1047 det.
2167 993 2524 1066 Θεανδρικὴν,
2559 1018 2574 1046 α
2613 998 2974 1063 dei-virilem,
3005 1017 3023 1050 ›
3057 999 3288 1064 addidit,
3314 1017 3426 1054 non
3456 1002 3627 1070 quod

2027 1083 2298 1154 intelligat
2335 1087 2420 1141 vel
2465 1086 2769 1156 simplicem
2827 1089 3234 1157 operationem,
3293 1091 3381 1144 vel
3422 1093 3601 1160 reipsa

2027 1173 2409 1241 compositam,
2439 1191 2542 1229 nec
2581 1175 2763 1230 adhuc
2806 1192 2929 1230 eam
2968 1193 3089 1245 qua:
3129 1179 3299 1234 solius
3333 1181 3604 1248 nudaeque

2024 1269 2172 1315 esset
2204 1261 2453 1327 deitatis,
2482 1273 2577 1318 aut
2610 1265 2780 1318 solius
2813 1274 2869 1319 et
2899 1283 3061 1322 merae
3094 1269 3480 1337 humanitatis,
3509 1280 3606 1324 aut

2025 1360 2304 1420 postremo
2339 1362 2549 1408 natura:
2582 1357 2867 1424 cujusdam
2903 1360 3240 1427 compositae,
3267 1377 3389 1430 quae
3424 1362 3601 1415 media

2023 1452 2170 1495 esset
2206 1442 2350 1496 inter
2380 1444 2493 1497 duo
2531 1455 2775 1499 extrema
2815 1466 2828 1500 :
2864 1450 2959 1502 sed
2998 1464 3117 1502 eam
3152 1467 3278 1520 quae.
3306 1453 3602 1507 naturalis-

2025 1532 2160 1586 sime
2186 1542 2526 1602 competeret
2551 1535 2666 1590 Deo
2697 1536 3075 1602 inhumanato,
3102 1540 3207 1594 hoc
3240 1551 3324 1595 est
3353 1543 3447 1611 qui
3478 1558 3604 1612 per-

2023 1619 2166 1674 fecte
2193 1620 2369 1676 factus
2422 1632 2508 1677 est
2562 1625 2748 1679 homo.
2789 1627 3006 1681 Rursus
3064 1645 3228 1682 unam
3280 1631 3449 1695 dixit,
3491 1647 3603 1684 non

2027 1717 2208 1765 tamen
2243 1713 2314 1766 ita
2344 1729 2407 1768 ac
2433 1714 2477 1767 si
2530 1731 2672 1770 nova
2704 1736 2722 1768 ι
2753 1721 3002 1787 operatio
3027 1736 3133 1774 non
3163 1732 3348 1790 posset
3370 1723 3602 1792 intelligi

1956 1782 2000 1838 Β
2029 1803 2133 1856 nisi
2165 1819 2284 1872 per,
2311 1820 2499 1870 unam,
2535 1825 2552 1857 ι
2585 1815 2646 1860 ιιι
2672 1811 2954 1864 nonnullis
2982 1813 3192 1880 placet;
3226 1829 3351 1867 nam
3379 1814 3445 1868 ad
3470 1829 3604 1885 qua—

2027 1890 2257 1955 litatem,
2283 1909 2394 1947 non
2420 1911 2551 1949 vero
2586 1898 2652 1950 ad
2685 1901 3046 1965 quantitatem
3085 1905 3357 1973 καινότης,
3391 1925 3408 1956 ι
3445 1905 3604 1958 inno-

2025 1981 2205 2045 vatio,
2239 2001 2256 2033 ι
2295 1985 2564 2052 pertinet,
2589 1988 2849 2055 quoniam
2883 2001 3138 2045 naturam
3171 1996 3486 2049 necessario
3518 1995 3601 2049 in-

2025 2071 2180 2127 ducit
2207 2074 2404 2138 talem;
2437 2090 2562 2128 nam
2585 2077 2769 2131 omnis
2799 2087 3007 2134 natura:
3029 2080 3278 2136 deﬁnitio
3303 2085 3509 2152 petitur
3531 2085 3601 2139 ab

2010 2164 2146 2233 ejus
2172 2164 2483 2219 essentialis
2507 2167 2846 2234 operationis
2872 2170 3106 2233 ratione,
3133 2187 3295 2240 quam
3322 2173 3599 2242 duplicem

2021 2267 2145 2306 esse
2176 2269 2246 2308 ne
2281 2253 2327 2307 is
2353 2255 2575 2322 quidem
2609 2257 2809 2311 dixerit
2837 2261 2930 2330 qui
2967 2261 3412 2329 tragelaphorum
3446 2263 3602 2317 fabu-

2024 2343 2105 2398 las
2134 2346 2501 2414 amplectitur.
2531 2347 2664 2409 lmo,
2695 2348 2798 2402 hoc
2824 2349 2975 2415 dato,
3007 2352 3131 2406 talis
3153 2353 3248 2421 qui
3277 2353 3464 2418 fuerit,
3492 2370 3600 2408 una

2027 2443 2237 2489 tantum
2273 2438 2619 2506 operatione,
2650 2454 2824 2508 eaque
2867 2442 3104 2495 naturali
3146 2443 3428 2512 praeditus,
3459 2460 3600 2513 quo-

2024 2525 2189 2579 modo
2231 2541 2331 2595 per
2363 2542 2486 2581 eam
2528 2535 2584 2581 et
2627 2529 2888 2584 miracula
2925 2540 2980 2585 et
3015 2533 3298 2600 passiones
3334 2535 3597 2598 ostendit,

2024 2632 2260 2686 quorum
2287 2619 2430 2672 ratio
2460 2620 2788 2674 naturaliter
2815 2621 3050 2675 multum
3083 2623 3300 2678 diversa
3334 2635 3438 2690 est,
3467 2627 3600 2694 quin

2024 2706 2246 2761 habitus
2291 2707 2702 2776 corruptionem
2747 2709 2982 2777 privatio
3027 2721 3415 2780 consequatur.
3450 2713 3599 2766 Nihil

2023 2797 2170 2850 enim
2203 2807 2288 2852 est
2319 2797 2466 2867 quod
2499 2813 2606 2852 una
2639 2799 2946 2868 eademque
2971 2803 3292 2869 operatione
3323 2805 3600 2858 contraria

2023 2897 2205 2958 potest
2233 2887 2468 2954 efﬁcere,
2503 2890 2548 2943 si
2587 2899 2807 2944 maneat
2836 2891 2978 2944 intra
3017 2907 3129 2946 suae
3165 2903 3373 2950 naturae
3406 2899 3599 2950 termi-

2023 2995 2156 3033 num
2191 2987 2246 3033 et
2272 2979 2561 3033 rationem.
2590 2979 2938 3049 Quapropter
2966 2997 3075 3035 non
3107 2992 3191 3037 est
3220 2983 3303 3039 fas
3329 2984 3598 3041 aﬂirmare

2024 3068 2093 3122 de
2123 3067 2328 3123 Christi
2360 3068 2563 3123 deitate
2593 3077 2649 3122 et
2680 3084 2842 3123 carne
2875 3085 3038 3125 unam
3071 3071 3394 3142 simpliciter
3415 3083 3471 3129 et
3499 3091 3596 3129 na—

2021 3161 2257 3214 turalem
2288 3161 2688 3229 operationem,
2720 3162 2764 3216 si
2802 3161 2966 3215 modo
3003 3163 3144 3218 idem
3181 3181 3289 3218 non
3326 3165 3396 3220 sit
3428 3182 3598 3235 penes

2022 3251 2341 3319 qualitatem
2394 3253 2698 3306 naturalem
2748 3251 2926 3305 deitas
2978 3262 3033 3306 et
3085 3269 3231 3308 caro.
3284 3255 3399 3310 Hoc
3447 3259 3594 3311 enim

2021 3348 2179 3409 pacto
2201 3347 2257 3393 et
2279 3355 2441 3394 unam
2466 3349 2720 3394 naturam
2746 3339 3156 3406 aﬂirmabimus,
3180 3351 3236 3397 et
3260 3344 3480 3398 trinitas
3503 3345 3598 3399 ﬁet

2021 3429 2380 3506 quaternitas.
2407 3429 2576 3483 Filius
2605 3430 2751 3483 enim
2785 3430 2930 3486 idem
2964 3441 3084 3485 erat
3110 3433 3255 3486 Patri
3287 3442 3342 3487 et
3367 3435 3597 3502 Spiritui

2021 3536 2120 3590 per
2145 3521 2411 3574 unitatem
2440 3521 2713 3584 essentia,
2741 3521 2837 3575 sed
2867 3537 2975 3574 non
3008 3522 3112 3576 fuit
3141 3523 3287 3578 idem
3317 3525 3468 3578 carni
3500 3542 3600 3594 per

2021 3611 2303 3676 unionem,
2328 3612 2544 3665 etiamsi
2565 3610 2838 3683 viviticam
2869 3614 3162 3678 eam'fecit,
3189 3631 3313 3669 cum
3344 3632 3463 3670 eam
3489 3618 3596 3671 sibi

2021 3703 2229 3768 uniret;
2267 3703 2459 3756 habuit
2489 3702 2637 3756 enim
2668 3718 2732 3757 ea
2768 3703 2825 3758 in
2860 3720 2917 3759 se
2948 3706 3126 3760 adhuc
3160 3708 3444 3762 mortalem
3480 3723 3599 3762 sor-

2021 3801 2151 3846 tem.
2177 3792 2244 3846 Et
2269 3793 2384 3860 ipse
2414 3791 2671 3847 Christus
2703 3803 2912 3849 natura:
2941 3795 3220 3850 mutabilis
3244 3797 3413 3853 fuisse
3441 3813 3598 3868 repe-

2022 3884 2224 3946 rietur;
2260 3883 2424 3936 etiam
2453 3884 2636 3937 carnis
2665 3885 2962 3938 essentiam
2993 3886 3046 3939 in
3080 3887 3131 3940 id
3164 3888 3309 3956 quod
3340 3905 3447 3942 non
3477 3900 3598 3943 erat

2021 3975 2276 4036 mutavit,
2302 3983 2360 4028 et
2389 3975 2647 4029 unionem
2683 3978 2806 4030 eum
2842 3987 3040 4031 natura
3078 3978 3376 4032 identidem
3415 3980 3599 4034 conci-

2021 4065 2193 4118 liavit.
2216 4065 2646 4120 Consideremus
2668 4067 2815 4121 enim
2841 4066 3170 4121 dei-virilem
3198 4069 3594 4136 operationem,

2021 4154 2199 4223 qualis
2241 4155 2524 4224 apparuit;
2569 4163 2717 4209 certe
2760 4171 2872 4210 non
2915 4155 3031 4220 sui,
3065 4156 3161 4210 sed
3205 4157 3379 4211 nostri
3422 4159 3604 4227 gratia

2021 4244 2111 4298 hic
2148 4252 2404 4299 versatus
2444 4253 2556 4310 est,
2591 4253 2958 4315 naturamque
3009 4246 3074 4299 ad
3125 4248 3597 4315 supernaturalem

2021 4334 2395 4389 conditionem
2429 4335 2630 4390 evexit.
2660 4335 2777 4390 Jam
2817 4335 3006 4404 politia
3041 4346 3124 4390 est
3156 4338 3263 4390 vita
3295 4337 3599 4392 secundum

344 4435 456 4499 λον,
493 4435 643 4504 νόμῳ
672 4451 732 4486 τε
762 4433 890 4503 θείῳ
934 4435 1028 4486 καὶ
1073 4429 1422 4501 ἀνθρωπίνῳ,
1465 4427 1606 4480 κατὰ
1644 4425 1840 4480 ταυτὸν
1871 4425 1917 4457 ³⁸

2022 4435 2234 4482 natura:
2268 4428 2418 4498 leges
2453 4427 2736 4493 traducta;
2773 4436 2830 4482 et
2860 4426 3116 4482 (lu-istus
3150 4437 3345 4481 natura
3379 4435 3462 4482 est
3491 4428 3598 4482 du-

345 4524 666 4594 άσυγχύτως
696 4522 1228 4591 συγκεκροτημένον
1261 4519 1446 4572 καινὸν
1486 4517 1579 4569 καλ⁵
1597 4516 1782 4576 αὑτὸν,
1818 4515 1918 4585 οὐχ

345 4614 421 4676 ὡς
456 4614 618 4684 μόνον
671 4613 819 4678 ξένον
864 4615 976 4675 τοῖς
1028 4612 1121 4663 ἐπὶ
1170 4610 1275 4679 γῆς
1329 4610 1424 4662 καὶ
1458 4606 1782 4678 παράδοξον,
1825 4607 1918 4660 καὶ

345 4699 497 4754 οὔπω
540 4703 604 4771 τῇ
646 4700 804 4768 φύσει
860 4698 967 4751 τῶν
1001 4699 1174 4752 ὄντων
1202 4697 1621 4766 διεγνωσμένον,
1651 4694 1788 4748 ἀλλὰ
1825 4695 1918 4749 καὶ

344 4792 671 4863 χαρακτῆρα
701 4792 891 4861 καινῆς
915 4789 1010 4842 τοῦ
1041 4789 1243 4852 καινῶς
1275 4788 1574 4859 βιώσαντος
1614 4786 1916 4858 ἐνεργείας.

350 4883 454 4936 Ἤν
487 4881 809 4952 θεανδρικὴν
854 4883 1012 4951 τυχὸν
1045 4882 1484 4952 προσηγόρευσεν
1520 4881 1548 4931 ὀ
1600 4878 1676 4948 τῷ
1717 4895 1922 4948 μυστη-

346 4973 448 5045 ρίῳ
483 4973 658 5043 τούτῳ
696 4973 893 5041 κλῆσιν
948 4975 1240 5042 ἐπινοήσας
1293 4971 1574 5042 ἁρμόδιον,
1623 4969 1709 5021 ἴνα
1773 4968 1923 5039 δείξῃ

342 5065 434 5119 τὸν
468 5065 611 5118 κατὰ
635 5064 733 5136 τὴν
755 5064 1067 5136 ἀπόρρητον
1095 5062 1292 5115 ἐνωσιν
1322 5061 1420 5129 τῆς
1446 5060 1769 5122 ἀντιδόσεως
1799 5061 1924 5131 τρό-

343 5174 468 5222 πον,
529 5157 651 5210 κατ’
690 5156 1005 5225 ἐπαλλαγὴν
1052 5155 1122 5208 τὰ
1173 5153 1417 5223 φυσικῶς
1462 5153 1708 5222 ἐκατέρῳ
1768 5152 1924 5220 μέρει

341 5247 438 5301 τοῦ
477 5247 717 5321 Χριστοῦ
768 5247 1040 5318 προσόντα
1071 5247 1284 5315 θατέρῳ
1313 5243 1704 5312 πεποιημένον,
1752 5243 1922 5312 χωρὶς

341 5339 444 5410 τῆς
484 5340 749 5406 ἐκατέρου
783 5337 982 5408 μέρους
1020 5336 1154 5406 πρὸς
1198 5335 1431 5405 θάτερον
1465 5331 1610 5385 κατὰ
1642 5331 1733 5383 τὸν
1760 5331 1920 5399 φύσει

2022 4520 2150 4589 plex
2177 4536 2190 4572 :
2217 4519 2416 4573 merito
2441 4519 2609 4589 igitur
2633 4519 2800 4573 vitam
2825 4535 2978 4574 suam
3007 4519 3246 4574 ostendit
3269 4517 3374 4587 legi
3400 4517 3601 4573 divina:

2025 4619 2081 4665 et
2107 4610 2214 4681 legi
2245 4611 2498 4664 humanae
2527 4619 2942 4681 congruentem,
2973 4620 3029 4665 et
3055 4610 3125 4664 ad
3157 4619 3448 4678 utramque
3481 4610 3599 4664 sine

2027 4701 2352 4755 confusione
2377 4708 2860 4770 contemperatam.
2887 4701 3036 4755 Nova
3059 4702 3169 4754 vita
3197 4700 3320 4757 fuit.
3343 4716 3454 4754 non
3485 4708 3605 4753 tan-

2026 4800 2146 4846 tum
2176 4792 2451 4863 incognita
2477 4800 2533 4846 et
2556 4793 2696 4847 mira
2721 4808 2914 4847 eorum
2945 4801 3198 4862 respectu
3230 4792 3321 4860 qui
3355 4791 3408 4844 in
3441 4790 3602 4846 terris

2029 4893 2161 4937 tunc
2207 4892 2366 4936 erant
2411 4892 2468 4937 et
2513 4883 2697 4938 adhuc
2747 4899 2931 4938 rerum
2978 4891 3178 4936 natura
3229 4881 3600 4950 incomperta,

2024 4987 2221 5026 verum
2257 4973 2421 5027 etiam
2461 4974 2723 5042 quoniam
2761 4975 3047 5028 character
3075 4984 3196 5029 erat
3228 4990 3382 5028 nova:
3414 4975 3600 5044 cujus—

2027 5061 2152 5115 dam
2187 5062 2547 5132 operationis,
2579 5066 2699 5134 ejus
2730 5066 2824 5134 qui
2861 5082 3002 5119 novo
3038 5067 3146 5119 ritu
3178 5066 3418 5119 vivebat.
3453 5065 3603 5119 llanc

2023 5151 2164 5206 forte
2195 5153 2287 5221 qui
2322 5153 2534 5221 primus
2565 5155 2693 5208 huic
2728 5159 2986 5226 mysterio
3020 5157 3438 5226 appellationem
3474 5170 3601 5209 con-

2021 5243 2336 5299 venientem
2357 5246 2703 5316 excogitavit,
2727 5267 2743 5297 ι
2768 5248 3098 5302 dei-virilem
3125 5268 3140 5298 ι
3170 5248 3401 5308 dixit,ut
3419 5254 3604 5300 osten-

2022 5333 2181 5389 deret
2224 5335 2449 5389 modum
2495 5337 2647 5390 illum
2685 5339 3199 5393 communitationis
3245 5338 3298 5390 in
3337 5337 3599 5390 ineﬂ‘abili

1612 5463 1849 5517 VARIIE
1892 5464 2318 5524 LECTlONES.-

413 5562 461 5594 ⁸ο
519 5561 825 5628 συμφυείας
871 5560 961 5613 ed.
1023 5560 1140 5614 Gal.
1200 5559 1288 5615 Uti
1341 5566 1678 5628 constanter.

347 5628 644 5700 codLGud.
694 5630 901 5700 {ﬂetur}
930 5629 1174 5700 ed.-Gal.

349 5699 439 5756 ed.
472 5697 589 5754 Gal.
690 5698 734 5729 ³⁵
754 5699 829 5752 ὢν
861 5697 970 5752 ὁω.
1002 5699 1088 5753 ed.
1121 5698 1239 5753 Gal.

1762 5557 1806 5587 ³⁰
1857 5559 1933 5621 ὡς
1990 5558 2094 5611 κᾶν
2135 5559 2224 5613 ed.
2275 5559 2395 5614 Gal.

1257 5631 1302 5662 ³³
1325 5625 1674 5702 Ϊθτῦξι-Οθτε
1696 5625 1804 5702 γὰρ
1821 5658 1924 5702 -ᾳι

2024 5656 2098 5666 —-
2124 5631 2185 5699 τῇ
2217 5631 2380 5698 σαρκὶ
2414 5646 2524 5685 non
2554 5625 2876 5702 comparent
2907 5632 2960 5686 in
2983 5633 3070 5688 ed.
3098 5632 3214 5687 Gal.
3273 5631 3316 5663 ³³
3346 5625 3602 5698 ἐκαίνησε

1326 5699 1371 5730 ³⁶
1402 5699 1522 5750 κατ’
1554 5695 1717 5746 αὐτὸν
1739 5695 1828 5748 ed.
1873 5696 1993 5752 Gal.

2507 5561 2549 5592 ³¹
2588 5563 2648 5614 οὐ
2677 5563 2872 5632 διπλῆν
2913 5564 3013 5618 ed.‘
3038 5562 3152 5617 Gal.
3186 5561 3306 5632 οὺδέ
3356 5559 3603 5632 πλάστης
