4066 6150
610 281 749 345 1059

1758 280 1818 339 S.
1856 277 2147 339 ΜᾹΧΙΜΙ
2185 274 2694 338 CONFESSORIS

3727 272 3842 337 1060

608 388 835 450 unione,
860 387 954 456 qui
985 386 1115 441 facit
1141 394 1202 439 ut
1223 384 1466 440 vicissim
1491 384 1856 455 proprietates
1879 383 2180 445 naturales,

2295 381 2446 447 λόγον
2479 383 2798 455 μεταϐολῆς
2852 383 2947 436 καὶ
2998 382 3362 453 συμφύρσεως
3403 380 3474 434 ³⁷.
3516 380 3728 451 ’Ὥσπερ
3752 384 3844 453 γὰρ

609 492 733 547 quae
756 478 915 532 alteri
934 476 1141 531 Christi
1166 476 1310 545 parti
1350 475 1714 540 conveniunt,
1741 474 1853 529 sint
1875 475 2183 544 utriusque,

608 567 817 636 absque
854 575 1035 620 tamen
1072 565 1223 620 illius
1253 565 1425 635 partis
1457 581 1583 619 cum
1617 565 1741 631 hac,
1766 578 1937 634 penes
1966 572 2191 618 natura-

607 659 717 713 lem
747 657 1041 722 rationem,
1066 659 1472 727 permutatione
1497 665 1595 711 aut
1620 656 1962 711 confusione.
1988 656 2191 723 Quem-

609 749 906 804 admodum
961 750 1111 803 enim
1161 749 1217 802 in
1267 748 1449 819 gladio
1498 747 1672 819 ignito
1725 746 1950 802 secandi
1999 747 2086 802 vis
2132 746 2193 802 ﬁt

596 826 779 905 lustio,
809 846 864 893 et
894 839 1041 894 ustio
1069 839 1316 894 vicissim
1350 837 1573 893 secandi
1606 837 1691 893 vis
1727 838 1872 907 (nam
1908 839 2051 893 sicut
2079 838 2193 909 gla-

610 930 703 985 dio
731 931 895 1001 ignis,
926 930 1001 984 ita
1030 940 1089 985 et
1112 928 1277 1001 gladii
1304 930 1532 994 actioni,
1559 945 1667 998 qua
1699 938 1870 992 secat,
1898 929 2087 983 unitur
2108 928 2193 982 vis

610 1021 753 1092 ignis
795 1038 919 1091 quae
961 1022 1092 1086 urit,
1124 1037 1334 1092 perque
1382 1021 1648 1076 unionem
1691 1020 1833 1076 hanc
1880 1028 1938 1075 et
1980 1019 2193 1091 gladius

609 1114 950 1168 nanciscitur
1006 1113 1209 1168 urendi
1262 1113 1569 1178 actionem,
1611 1122 1670 1168 et
1715 1113 1858 1182 ignis
1911 1112 2189 1183 secandi).

610 1213 871 1259 neutrum
911 1216 1094 1258 tamen
1130 1219 1197 1258 cx
1229 1204 1335 1258 hac
1367 1203 1573 1258 unione
1606 1211 1663 1258 et
1692 1201 2193 1257 communicatione

612 1296 853 1366 aliquam
910 1297 1117 1366 patitur
1178 1295 1654 1360 immutationem,
1708 1294 1804 1349 sed
1859 1303 2190 1363 utrumque,

611 1388 780 1442 etiam
810 1388 866 1441 in
895 1387 984 1440 illa
1011 1388 1235 1449 unione,
1263 1387 1318 1440 in
1348 1402 1456 1455 qua
1485 1395 1634 1441 certa
1663 1386 1914 1456 quaedam
1941 1395 2025 1441 est
2046 1403 2197 1442 com-

613 1480 782 1549 positi
822 1480 987 1541 ratio,
1019 1478 1326 1533 naturalem
1371 1477 1477 1532 sibi
1514 1485 1699 1532 servat
1738 1478 2132 1547 pr0prietatem
2178 1495 2190 1529 :

615 1570 731 1641 pari
775 1571 989 1625 ratione
1036 1579 1092 1624 et
1137 1570 1195 1624 in
1236 1568 1502 1639 mysterio
1547 1576 1752 1622 sanctae
1797 1565 2196 1622 incarnationis

615 1660 795 1734 deitas
838 1670 894 1715 ct
937 1659 1251 1715 humanitas
1299 1658 1572 1715 uniuntur
1610 1658 1983 1728 hypostatice,
2020 1657 2098 1711 ita
2137 1665 2198 1711 ut

616 1759 812 1806 neutra
835 1752 1049 1805 amittat
1069 1765 1165 1819 per
1186 1749 1446 1803 unionem
1466 1748 1771 1801 naturalem
1796 1746 2195 1816 operationem,

615 1852 671 1896 ct
699 1855 881 1897 tamen
909 1842 1169 1896 distincta
1199 1842 1270 1896 sit
1294 1841 1363 1896 ab
1386 1857 1451 1895 ea
1477 1856 1598 1910 quae
1625 1855 1733 1893 una
1759 1854 1945 1893 secum
1972 1839 2202 1909 conjun-

614 1936 764 2005 gitur
797 1942 851 1988 et
885 1934 1158 1988 consistit.
1191 1932 1232 1985 T
1237 1932 1315 1986 oti
1355 1931 1628 2000 siquidem
1669 1929 1869 1983 divina:
1907 1938 1962 1983 et
1992 1929 2200 1983 efﬁcaci

616 2024 876 2093 potestati
918 2038 1029 2077 suae
1068 2022 1293 2077 deitatis
1329 2021 1562 2076 verbum
1602 2020 1946 2074 incarnatum
1984 2020 2197 2084 nexuit,

616 2131 716 2185 per
743 2115 1166 2184 inseparabilem
1196 2115 1482 2177 unionem,
1508 2111 1868 2167 humanitatis
1893 2127 2007 2165 sua:
2030 2112 2202 2181 passi-

617 2203 784 2258 bilem
817 2202 1222 2267 conditionem,
1256 2202 1421 2255 homo
1454 2201 1601 2255 Deus
1631 2200 1905 2254 exsistcns
1938 2199 2202 2253 miracula

617 2293 899 2363 patrahat,
963 2294 1021 2346 in
1065 2308 1233 2347 carne
1286 2302 1486 2345 natura
1527 2305 1627 2344 sua
1666 2288 1914 2359 passibili
1949 2306 1962 2341 :
2006 2304 2202 2344 rursus

617 2383 765 2438 Deus
796 2383 1068 2438 exsistens
1098 2383 1264 2436 homo
1288 2389 1499 2435 naturae
1530 2380 1819 2450 passiones
1848 2378 2089 2443 subibat,
2124 2378 2200 2432 ita

615 2487 800 2529 tamen
852 2483 911 2528 ut
954 2481 1237 2529 constaret
1284 2488 1378 2527 eas
1432 2488 1532 2542 per
1578 2478 1907 2540 potestatem
1956 2469 2199 2524 divinam

617 2566 772 2620 illum
799 2565 1246 2631 administrasse;
1282 2564 1394 2619 imo
1417 2565 1600 2634 potius
1625 2573 1919 2632 utrumque
1944 2562 2211 2632 praestitit

618 2657 974 2727 θεανδρικῶς,
1004 2658 1150 2712 Deus
1194 2656 1385 2725 utique
1423 2656 1586 2710 simul
1630 2665 1687 2710 et
1725 2656 1892 2709 homo
1929 2662 2064 2708 erat.
2096 2654 2201 2709 Per

618 2747 905 2815 passiones
933 2747 1303 2815 nosmetipsos
1333 2745 1516 2811 nobis,
1541 2745 1732 2814 quales
1765 2759 1986 2798 eramus
2016 2741 2202 2797 reddi-

619 2836 722 2901 dit,
748 2852 849 2906 per
873 2837 1141 2890 miracula
1169 2851 1271 2889 nos
1298 2836 1403 2890 sibi
1438 2835 1685 2898 tradidit,
1714 2834 1759 2888 si
1790 2835 1961 2888 simus
1985 2833 2054 2887 ad
2081 2834 2203 2903 ejus

620 2926 899 2994 exemplar
929 2925 1260 2989 conformes,
1286 2932 1343 2978 et
1374 2940 1474 2994 per
1505 2935 1739 2993 utraque
1770 2922 1932 2977 ﬁdem
1964 2922 2098 2976 fecit
2130 2921 2200 2977 de

2291 469 2385 523 τοῦ
2418 472 2877 543 πυρακτωθέντος
2904 471 3091 542 ξίφους
3121 473 3184 524 τὸ
3226 469 3499 541 τμητικὸν
3526 471 3715 539 γέγονε
3740 488 3852 525 καν-

2294 565 2510 629 στικδν,
2548 567 2645 617 καὶ
2698 565 2758 619 τὸ
2803 564 3100 619 καυστικὸν
3159 563 3428 635 τμητικδν
3489 561 3710 634 (ἡνώθη
3755 565 3840 633 γὰρ

2294 655 2488 728 ὥσπερ
2518 658 2720 728 σιδήρῳ
2756 658 2800 689 ³⁸
2827 658 2890 711 τὸ
2918 657 3073 728 π’ύρ),
3108 656 3252 710 οὕτω
3276 655 3369 710 καὶ
3397 654 3479 725 τῷ
3516 653 3612 707 τοῦ
3654 655 3839 727 σιδήρου

2292 748 2545 820 τμητικῷ
2577 751 2639 803 τὸ
2673 749 2768 804 τοῦ
2802 750 2972 820 πυρὸς
2997 748 3182 818 (115
3219 747 3271 820 b)
3305 741 3630 812 καυστιειὸν,
3661 749 3748 800 καὶ
3766 749 3839 816 γέ.

2293 856 2419 907 γονε
2452 839 2551 910 μὲν
2574 839 2865 903 καυστικὸς
2882 841 2912 892 ό
2933 839 3146 909 σίδηρος
3174 837 3362 894 ἐνώσει
3385 840 3455 907 τῇ
3488 838 3625 907 πρὸς
3645 839 3703 890 τὸ
3729 838 3835 908 πῦρ,

2294 930 2389 982 καὶ
2404 920 2683 1000 ἶτμητικὸν
2712 930 2773 984 τὸ
2815 929 2928 1001 πῦρ
2976 929 3169 983 ὲνώσει
3209 931 3276 1000 τῇ
3318 928 3459 999 πρὸς
3509 928 3601 982 τὸν
3633 928 3833 999 σίδηρονο

2294 1020 2576 1091 οὐδέτερον
2617 1021 2674 1074 δὲ
2732 1022 2931 1092 τρόπον
2971 1021 3014 1053 ³³
3058 1023 3126 1091 τῇ
3184 1019 3307 1073 καθ’
3357 1020 3559 1074 ἕνωσιν
3609 1021 3835 1073 ἁντιδὸσει

2296 1111 2432 1183 πρὸς
2463 1111 2689 1182 θάτερον
2715 1112 2760 1144 ⁸ο
2807 1111 3101 1175 πέπονθεν,
3130 1111 3247 1165 ἀλλ’
3280 1112 3549 1181 ἑκάτερον
3594 1112 3689 1164 κάν
3715 1112 3751 1142 ⁸⁸
3780 1115 3829 1180 τῇ

2295 1202 2390 1253 τοῦ
2421 1203 2781 1273 συγκειμένου
2810 1203 2933 1256 καθ’
2967 1204 3163 1257 ἕνωσιν
3209 1203 3439 1273 ἰδιότητι
3475 1202 3739 1273 μεμένηκε
3756 1203 3831 1271 τῆς

2296 1289 2439 1342 κατὰ
2484 1291 2647 1359 φύσιν
2705 1292 2917 1356 οἰκείας
2965 1293 3344 1347 ἀνέκπτωτον·
3394 1292 3542 1347 οὕτω
3574 1293 3670 1347 κὰν
3709 1294 3830 1363 δ’τῴ

2300 1384 2583 1454 μυστηρίῳ
2624 1384 2725 1455 τῆς
2757 1385 2907 1449 θείας
2951 1384 3284 1458 σαρκώσεως
3313 1385 3510 1457 θεότης
3541 1387 3631 1440 καὶ
3659 1385 3829 1457 ἀνθρο.»⁴

2298 1472 2468 1542 πότης
2496 1473 2679 1545 ἠνώθη
2715 1474 2837 1528 καθ’
2877 1475 3196 1541 ὑπόστασιν,
3240 1476 3549 1548 μηδετέρας
3577 1477 3671 1546 τῆς
3708 1493 3828 1545 φυσι-

2298 1565 2398 1634 κῆς
2429 1566 2700 1635 ὲκστάσης
2733 1565 3015 1635 ἐνεργείας
3044 1565 3132 1618 διὰ
3151 1566 3251 1636 τὴν
3280 1566 3503 1630 ἕνωσιν,
3534 1568 3663 1636 μήτε
3691 1566 3774 1635 μὴν
3794 1565 3826 1595 ⁸³

2298 1658 2527 1728 ἄσχετον
2560 1657 2730 1728 αὐτὴν
2774 1658 3118 1732 κεκτημένης
3165 1658 3304 1729 μετὰ
3364 1658 3469 1729 τὴν
3521 1658 3717 1722 ἕνωσιν,
3760 1657 3826 1711 καὶ

2299 1746 2401 1815 τῆς
2456 1748 2823 1818 συγκειμένης
2866 1750 2962 1802 καὶ
3015 1747 3441 1819 συνυφεστὼσης
3487 1748 3825 1819 διακεκριμμέ-

2302 1853 2399 1906 νην
2428 1836 2652 1909 “.“υλῃ
2684 1840 2796 1911 γὰρ
2843 1843 2913 1910 τῇ
2960 1841 3223 1911 δραστικῇ
3261 1840 3498 1909 δυνάμει
3541 1841 3634 1909 τῆς
3666 1839 3824 1901 οἰκείας

2302 1922 2556 1994 θεότητος
2587 1928 2616 1979 ό
2647 1927 2954 1998 σαρκωθεὶς
2988 1930 3160 1997 Λόγος
3188 1929 3319 1999 ὅλην
3350 1928 3598 1999 ἐσχηκὼς
3624 1930 3823 1998 συμφυεῖ-

2304 2030 2403 2068 σαν
2433 2016 2556 2069 καθ’
2596 2016 2796 2071 ἕνωσιν
2848 2018 3045 2073 ἄλυτον
3088 2020 3189 2091 τὴν
3240 2019 3558 2090 παθητικὴν
3600 2018 3688 2089 τῆς
3724 2017 3823 2077 ἰδίας

2302 2106 2725 2178 ἀνθρωπότητος
2757 2108 2989 2180 δύναμιν
3037 2108 3402 2182 ἀνθρωπίνως
3435 2109 3568 2172 Θεὸς
3604 2109 3672 2164 ὢν
3706 2109 3823 2177 ἑνήρ-

2301 2213 2390 2264 γει
2418 2197 2461 2229 ⁸⁸
2494 2198 2563 2251 τὰ
2599 2198 2877 2270 θαύματα,
2909 2200 2999 2254 διὰ
3027 2201 3231 2271 σαρκὸς
3254 2201 3420 2271 φύσει
3470 2199 3698 2271 παθητῆς
3722 2215 3822 2268 συμ-

2302 2288 2679 2360 πληρούμενα,
2716 2293 2812 2345 κα)⁴
2862 2291 3060 2357 θεῐκῶς
3111 2293 3407 2363 ἄνθρωπος
3460 2292 3534 2345 ὢν
3582 2291 3752 2363 διεξῄει
3773 2288 3821 2341 τὰ

2304 2381 2451 2453 πάθη
2496 2384 2598 2453 τῆς
2650 2383 2886 2452 φύσεως,
2939 2386 3061 2438 κατ’
3110 2382 3367 2448 ἐξουσίαν
3402 2382 3754 2454 ἐπιτελούμενα
3788 2377 3821 2408 ⁸⁸

2303 2474 2511 2544 θεῖκήν·
2549 2475 2722 2544 ἄμφω
2766 2476 2822 2528 δὲ
2851 2475 3052 2545 μᾶλλον
3086 2474 3449 2546 θεανδρικῶς,
3484 2476 3554 2539 ὡς
3583 2474 3696 2537 Θεὸς
3714 2469 3818 2539 6μοῦ

2304 2568 2398 2620 καὶ
2429 2567 2719 2638 ἄνθρωπος
2747 2566 2824 2620 ὣν
2851 2567 2895 2599 ⁸⁵⁷
2935 2570 3046 2630 τοῖς
3102 2567 3201 2636 μὲν
3228 2567 3387 2637 ἡμᾶς
3435 2567 3635 2627 ἑαυτοῖς
3667 2559 3814 2615 ἀποδιο

2300 2658 2446 2723 δοὺς,
2495 2660 2767 2728 φανέντας
2809 2660 2950 2729 ὅπερ
2995 2658 3332 2728 γεγόναμεν,
3382 2661 3494 2721 τοῖς
3532 2658 3584 2711 δὲ
3614 2646 3811 2714 Mein“

2300 2751 2451 2820 ἡμᾶς
2496 2749 2697 2821 ἑαυτῷ,
2744 2749 3077 2819 γενομένους
3127 2750 3267 2817 ὅπερ
3332 2746 3626 2819 παρέδειξε,
3654 2741 3729 2796 καὶ
3767 2739 3818 2791 δι’

2303 2839 2631 2909 ἀμφοτέρων
2669 2840 3037 2911 πιστούμενος
3068 2840 3168 2911 τὴν
3219 2839 3335 2893 τῶν
3390 2841 3451 2905 es
3501 2835 3590 2902 ὧν,
3618 2840 3668 2891 ἐν
3691 2829 3753 2897 oi;
3772 2848 3813 2884 τε

2304 2931 2399 2983 καὶ
2436 2929 2582 3001 ἅπερ
2612 2931 2862 3002 ὑπῆρχεν
2895 2930 3181 3002 ἀλήθειαν,
3213 2930 3293 2995 ὡς
3339 2934 3502 3003 μόνος
3536 2928 3713 2999 ἀληθὴς
3747 2923 3814 2977 καὶ

620 3017 854 3071 veritate
885 3031 1081 3070 eorum
1113 3031 1183 3069 ex
1215 3015 1418 3085 quibus
1451 3031 1510 3069 se
1543 3030 1695 3080 esse,
1730 3023 1786 3068 et
1818 3014 1875 3067 in
1904 3014 2109 3084 quibus
2145 3022 2200 3069 et

2306 3021 2519 3089 πιστὸς,
2552 3024 2646 3074 καὶ
2667 3023 2804 3094 ὅπερ
2838 3024 2957 3076 ἐστὶ
2992 3024 3123 3095 παρ’
3153 3023 3316 3093 ἡμῶν
3346 3020 3696 3094 ὁμολογεῖσθαι
3724 3015 3813 3086 βου-

620 3122 743 3178 qua:
782 3106 1066 3176 professus
1109 3115 1194 3163 est
1237 3125 1254 3159 :
1304 3107 1454 3163 solus
1497 3114 1645 3161 certe
1690 3107 1780 3161 ille
1818 3122 1984 3162 verus
2024 3116 2107 3162 est
2148 3116 2205 3162 et:

623 3198 822 3264 ﬁdelis,
846 3206 904 3253 et
935 3198 987 3253 id
1014 3198 1163 3268 quod
1191 3207 1278 3252 est
1306 3213 1336 3252 a
1364 3198 1527 3252 nobis
1557 3197 1666 3251 dici
1698 3198 2000 3268 haberique
2030 3198 2200 3268 cupit.

621 3287 781 3342 llunc
813 3287 1000 3358 igitur,
1029 3302 1063 3340 ο
1095 3287 1441 3343 sanctissime
1474 3296 1532 3341 et
1561 3287 1734 3341 verbo
1765 3299 1820 3342 et
1851 3303 2041 3358 Opere,
2069 3306 2205 3358 quo-

622 3378 771 3433 niam
802 3380 859 3432 in
883 3378 1157 3433 vobismet
1181 3378 1477 3448 possidetis
1495 3377 1811 3443 formatum,
1832 3378 1972 3447 ejus,
1997 3394 2202 3448 quaeso,

621 3470 914 3525 imitamini
946 3469 1425 3540 longanimitatem
1457 3486 1470 3522 :
1503 3468 1647 3523 hanc
1678 3468 2035 3538 scriptionem
2065 3471 2209 3525 acci-

623 3561 766 3631 pite,
798 3562 871 3615 ita
909 3570 970 3616 ut
1003 3561 1260 3631 experiar
1292 3575 1391 3615 vos
1420 3560 1637 3629 iudices
1666 3574 1862 3614 eorum
1893 3575 2015 3630 qua
2046 3561 2207 3616 attuli

623 3657 945 3721 clementes,
978 3664 1165 3710 vestra
1205 3654 1593 3724 aequanimitas
1632 3653 1782 3708 servi
1818 3654 1987 3709 vestri
2026 3663 2207 3710 errata

627 3753 793 3815 tegat,
820 3744 916 3814 qui
947 3745 1158 3798 nullum
1186 3744 1386 3814 quaerit
1407 3743 1578 3797 alium
1603 3742 1930 3798 obedientiaa
1954 3759 2069 3798 suae
2093 3744 2209 3798 fru-

624 3845 798 3891 ctum.
832 3836 1020 3890 Estotc
1058 3835 1194 3890 mihi
1237 3834 1381 3906 apud
1417 3832 1700 3889 Christum
1744 3834 2209 3891 reconciliationis

626 3925 918 3997 sequestri,
945 3940 1249 3995 pacemque
1276 3924 1531 3980 coniicite
1557 3924 1706 3978 illam
1730 3938 1853 3993 quae
1879 3939 2098 3980 omnem
2124 3928 2210 3981 in-

627 4019 909 4074 tellectum
954 4026 1179 4088 superat
1220 4035 1233 4071 :
1276 4025 1526 4072 servator
1561 4016 1712 4071 solus
1748 4025 1835 4070 est
1868 4017 2023 4086 pacis
2059 4019 2210 4089 prin-

625 4125 778 4179 ceps,
806 4110 958 4165 solus
992 4111 1252 4165 timentes
1285 4123 1343 4163 se
1372 4124 1403 4162 a
1435 4108 1751 4177 passionum
1782 4108 1898 4163 salo
1927 4124 2026 4178 per
2053 4110 2210 4164 habi-

630 4213 719 4257 tus
744 4202 1018 4272 practicos
1047 4201 1268 4266 liberat,
1291 4200 1442 4253 solus
1466 4200 1628 4253 Pater
1650 4199 1870 4253 venturi
1898 4200 2085 4255 saeculi
2108 4217 2208 4271 per

2307 3113 2555 3184 λάμενοςο
2611 3115 2709 3167 Ὃν
2756 3115 2996 3184 ἔχοντες.
3036 3114 3367 3185 ἡγιασμένοι
3418 3114 3464 3146 ι’
3498 3114 3628 3181 λόγῳ
3671 3125 3720 3161 τε
3750 3104 3817 3158 καὶ

2310 3203 2431 3277 βίῳ,
2469 3207 2850 3278 μορφούμενον
2887 3205 3205 3278 μιμήσασθε
3246 3206 3353 3278 τὴν
3410 3201 3750 3277 μακροθυμίαν
3766 3199 3815 3259 ¹⁸ν

2308 3300 2403 3351 καὶ
2425 3297 2522 3368 τὴν
2547 3297 2835 3371 παροῦσαν
2847 3296 3127 3366 δεχόμενοι
3150 3296 3396 3366 γραφὴν,
3431 3292 3625 3363 φάνητὲ
3649 3305 3720 3360 μοι
3740 3283 3817 3336 τῶν

2307 3390 2702 3461 ἐμφερομένων
2722 3388 3099 3461 φιλάνθρωποι
3123 3389 3315 3459 κριταὶ
3340 3387 3521 3458 (116
3537 3386 3587 3455 α)
3614 3380 3816 3436 νικῶντες

2310 3480 2626 3551 συμπαθείᾳ
2657 3481 2727 3533 τὰ
2757 3479 2852 3533 τοῦ
2886 3478 3079 3541 παιδὸς
3119 3477 3277 3548 ὑμῶν
3309 3480 3353 3510 ³³
3387 3477 3719 3546 ὀλισθήματα,
3746 3468 3818 3538 μόο

2309 3590 2409 3640 νην
2435 3571 2642 3642 ταύτην
2684 3571 3029 3642 ὲκδεχομένῳ
3047 3570 3094 3601 ⁸¹
3129 3569 3227 3638 τῆς
3254 3568 3561 3631 εὐπειθείας
3583 3562 3814 3618 ἀντίδοσιν.

2310 3663 2404 3717 καὶ
2435 3661 2660 3730 γένεσθὲ
2701 3677 2791 3732 μοι
2824 3662 3041 3730 μεσῖται
3078 3661 3177 3729 τῆς
3218 3659 3359 3728 πρὸς
3406 3656 3563 3711 αὐτὸν
3586 3655 3630 3686 ⁸³
3663 3646 3816 3705 καταλ-

2309 3748 2483 3824 λαγῆς
2506 3753 2730 3824 εἰρήνην
2760 3751 3224 3823 δημιουργοῦντες
3251 3753 3353 3821 τὴν
3381 3748 3553 3802 πάντα
3571 3744 3678 3799 νοῦν
3695 3742 3817 3806 ὑπερ·

2310 3846 2564 3915 έχουσαν,
2620 3838 2688 3914 ἦς
2746 3842 2909 3906 αὐτὸς
2938 3842 2985 3873 ⁸⁵
3020 3842 3206 3911 ἄρχων
3237 3841 3393 3893 ἐστὶν
3443 3841 3472 3893 ό
3509 3835 3696 3904 Σωτὴρ,
3737 3828 3815 3892 ἔξει

2311 3936 2593 4007 πρακτικῇ
2635 3935 2732 4005 τῆς
2783 3933 2896 3986 τῶν
2936 3932 3126 3985 παθῶν
3158 3931 3403 4004 ταραχῆς
3439 3922 3708 3996 ἐλευθερῶν
3725 3918 3816 4007 toil;

2313 4002 2701 4096 φοϐουμένους-
2733 4023 2918 4084 αὑτὸν,
2960 4022 3055 4075 καὶ
3084 4018 3275 4091 Πατὴρ
3306 4002 3404 4071 τοῦ
3446 4015 3703 4087 μέλλοντος
3727 4002 3816 4096 α.ἰῷ-

2311 4094 2423 4182 νος,
2456 4113 2736 4184 Πνεύματι
2766 4112 2971 4182 γεννῶν
2997 4111 3066 4165 δι’
3099 4110 3323 4181 ἀγάπης
3350 4109 3444 4163 καὶ
3475 4107 3702 4176 γνώσεως
3723 4094 3814 4154 s05;

2311 4208 2404 4262 τὸν
2434 4207 2550 4262 ἄνω
2571 4207 2779 4278 κόσμον
2816 4203 3237 4275 πληρώσαντας.
3269 4200 3429 4272 Δύτῷ
3454 4199 3595 4266 δόξα,
3618 4187 3813 4278 μεγαλυξ

626 4291 952 4347 charitatem
992 4300 1048 4347 et
1084 4289 1456 4360 cognitionem
1500 4288 1556 4342 in
1599 4288 1806 4357 Spiritu
1851 4298 2078 4359 generat
2113 4307 2200 4348 eos

2315 4300 2451 4372 σύνη
2493 4300 2562 4363 ⁸⁵,
2598 4274 2820 4369 κρότος,
2859 4274 2958 4350 σὺν
2984 4295 3065 4367 τῷ
3104 4296 3283 4368 Πατρὶ
3314 4294 3409 4349 καὶ
3442 4291 3519 4364 τῷ
3550 4287 3674 4357 ἁγίῳ
3696 4274 3818 4337 Πνεύ·

626 4386 722 4454 qui
747 4384 1013 4440 mundum
1045 4381 1387 4452 superiorem
1420 4379 1791 4450 complebunt.
1818 4381 1881 4435 Ei
1911 4382 1984 4437 sit
2007 4385 2200 4455 gloria,

2319 4390 2559 4463 ματι-εἰς
2586 4389 2716 4452 τοὺς
2741 4386 2942 4450 αἰῶνας
2970 4385 3039 4439 ⁵⁸.
3090 4385 3287 4457 Ἀμήν.

626 4477 884 4547 majestas
911 4486 967 4532 et
995 4474 1311 4544 imperium,
1333 4489 1458 4528 cum
1488 4473 1645 4527 Patre
1671 4479 1728 4527 et
1749 4482 1938 4530 sancto
1965 4474 2205 4546 Spiritu,

628 4569 684 4621 in
715 4571 909 4625 saecula
939 4568 1282 4624 smculorum.
1305 4568 1499 4621 Amen.

1910 4682 2145 4743 VARLE
2193 4683 2604 4746 LECTIONES.

699 4791 746 4873 ".
773 4792 1102 4873 συμφιὲσῑωξ
1122 4789 1364 4873 “1:9”.-
1439 4792 1490 4873 ".
1522 4790 1598 4873 τέ)
1626 4793 1937 4873 φιδήριυςβο
1961 4795 2080 4873 .GaI-
2216 4800 2425 4873 τρφπὴν
2446 4796 2535 4853 ed-
2559 4794 2677 4850 θαι·
2707 4792 2872 4873 ,⁸⁸εῇ
2906 4791 3044 4863 πρὸς
3075 4788 3375 4873 ἕτεροιθίίε
3400 4764 3818 4873 βυῷζέδῖνῗῖῗξ

627 4844 858 4917 ϐοά.έί
886 4844 975 4916 éd.
1007 4844 1145 4915 Gal;
1163 4844 1189 4847 ”
1214 4844 1271 4894 εί
1291 4844 1395 4914 κᾶν
1424 4861 1514 4916 ed.
1546 4844 1665 4921 Gal.

626 4930 1670 5065 ξειτξρείισρηςεξιιαιῑιριμέξτιζγῖξι

1766 4865 1812 4940 ff
1844 4865 2028 4940 Verba
2066 4871 2208 4940 μήτε

1766 4933 1813 5006 ξ’
1850 4933 2085 5006 ἐνείργεί
2115 4933 2205 4993 ed.

625 5140 744 5195 Gal.
834 5140 879 5172 ⁵⁸
905 5139 1108 5203 αἰῶνας
1141 5139 1250 5194 τῶν
1274 5139 1487 5194 αἰώνων
1521 5140 1613 5197 ed.
1644 5139 1763 5198 Gal.

2287 4853 2355 4940 ἣν
2374 4853 2442 4909 -ί-
2471 4896 2542 4906 -—
2570 4896 2640 4906 —
2667 4864 2768 4934 τὴν
2799 4853 2995 4915 ἕνωσίν
3026 4853 3149 4916 vom.
3171 4853 3183 4861 ’
3202 4860 3292 4915 ed.
3325 4857 3441 4913 Gal.
3507 4853 3558 4941 ξδ
3604 4853 3692 4915 τῆς
3731 4853 3821 4892 συν-

2287 4941 2358 4993 al.
2450 4938 2497 4969 “
2549 4938 2667 4988 ἐστι
2721 4932 3027 5002 τελούμενα
3048 5001 3051 5002 ν
3073 4931 3184 5002 ιξιί.Δ
3221 4928 3341 5002 Gal,
3413 4925 3571 5002 "nulli
3590 4903 3819 5002 ,ούίξὲξῖ

1717 5003 1828 5078 (ξὸ.Δ
2010 4980 2526 5078 ’Ἰονμίκὶρ-όθυμίαν
3454 4996 3497 5027 ⁵¹

623 5069 721 5151 e‘d.
744 5071 878 5151 Gal_._
1025 5069 1328 5151 γενήσεσθε
1351 5069 1440 5151 μοι
1474 5069 1740 5151 τῆς-πρὸς
1771 5075 1936 5128 αὑτὸν
1960 5069 2179 5146 μεσῖτοίι
2200 5069 2292 5133 ed.
2321 5069 2441 5133 Gal.

2540 5041 2780 5137 aurs;
2814 5041 3095 5129 mra“?
3110 5041 3229 5127 es:
3249 5041 3365 5099 νῖν
3413 5041 3721 5138 mucosa
3752 5041 3818 5099 ed-

2235 5451 2301 5459 -—.
