4066 6150
315 350 448 418 1061
1547 347 1921 409 AMBIGUO]

1971 347 2069 406 [ΕΜ
2111 346 2362 406 LIBER.
3421 345 3577 411 1062-

509 542 752 588 DOMINO
798 539 1266 588 GLORIOSISSIMO
1315 535 1712 590 PIISSIMOQUE
1758 537 1970 582 DIVINA
2019 535 2424 580 PROVIDENTE
2473 535 2675 588 ATQUE
2721 531 3092 577 ADJUVANTE
3135 533 3361 578 GRATIA

1743 680 1890 724 REGI
1920 681 2169 725 ΚΑΒοιο

629 824 909 871 JOANNES
939 820 1274 868 EXTREMUS
1305 818 1650 864 SERVORUM
1680 813 2060 866 VESTRORUM
2087 819 2466 863 PERPETUAM
2495 817 2559 862 ιΝ
2587 816 2849 861 CHRISTO
2880 815 3162 859 SALUTEM
3180 797 3235 854 ¥.

384 979 496 1036 Hoc
531 997 660 1051 opus
691 979 910 1034 Maximi
937 979 1178 1033 monachi
1210 985 1260 1031 et
1282 977 1508 1042 abbatis,
1527 979 1690 1048 quod,
1717 977 2053 1032 sanctissimo
2082 985 2242 1049 atque
2269 978 2569 1032 beatissimo
2599 975 2994 1045 archiepiscopo
3019 969 3212 1042 ngico
3243 966 3318 1039 (a)
3341 967 3550 1022 Joanne

317 1067 642 1141 postulante,
671 1067 736 1120 de
776 1066 1128 1137 quorumdam
1180 1066 1234 1118 in
1290 1066 1620 1119 sermonibus
1677 1065 1962 1119 beatissimi
1995 1065 2230 1136 Gregorii
2261 1064 2487 1134 theologi
2514 1062 2918 1131 Ambiguorum,
2947 1061 3041 1112 hoc
3084 1055 3154 1126 (b)
3185 1064 3259 1109 est
3293 1053 3558 1107 intellectu

314 1155 633 1228 difﬁcilium,
677 1153 1138 1224 explanationibus
1166 1153 1477 1224 composuit,
1523 1155 1587 1207 de
1617 1153 1798 1210 Grtvco
1835 1155 1890 1206 in
1910 1152 2160 1220 Latinum
2190 1151 2331 1206 vobis
2366 1149 2664 1220 iubentibus
2687 1146 2860 1212 edidi;
2905 1143 3275 1212 difﬁcillimum
3321 1157 3556 1228 prorsus,

313 1241 752 1298 orthodoxissime
788 1257 993 1312 regum,
1028 1239 1238 1296 servulo
1264 1249 1455 1306 vestro,
1483 1239 1734 1294 imbecilli
1767 1240 1921 1294 valde
1943 1240 2104 1292 etiam
2135 1239 2191 1291 in
2228 1237 2456 1300 Latinis,
2485 1233 2651 1288 multo
2679 1233 2846 1302 magis
2882 1231 2938 1284 in
2977 1231 3188 1292 Crtecis,
3217 1229 3446 1282 laborem
3475 1227 3558 1278 in-

307 1331 580 1400 iunxistis.
600 1327 830 1398 Insuper
857 1329 1019 1381 etiam
1058 1326 1354 1380 accelerare
1375 1326 1538 1380 veluti
1563 1327 1770 1379 erudito
1795 1327 2066 1396 utriusque
2083 1325 2276 1394 lingua:
2296 1325 2498 1390 citoque
2523 1320 2772 1392 perﬁcere
2787 1319 3108 1388 imperastis.
3139 1315 3240 1370 Sed
3257 1331 3352 1385 pro
3369 1315 3561 1368 viribus

311 1416 564 1486 ingenioli
603 1419 710 1469 mei
741 1423 788 1468 ct
821 1414 1145 1478 acceleravi,
1170 1423 1217 1467 et
1245 1413 1422 1468 divina
1470 1414 1690 1467 ducente
1719 1428 1783 1468 ac
1830 1411 2088 1482 largiente
2110 1411 2308 1482 gratia,
2351 1409 2418 1462 ad
2445 1407 2606 1476 ﬁnem
2645 1422 2806 1475 usque
2832 1405 3070 1475 perduxi.
3092 1402 3352 1456 Fortassis
3382 1407 3561 1453 autem

314 1503 677 1573 qualicunque
699 1502 944 1572 apologia
974 1501 1238 1570 defensus,
1273 1517 1378 1554 non
1409 1511 1518 1554 tam
1547 1501 1736 1554 densas
1758 1499 2006 1553 subierim
2031 1498 2300 1568 caligines,
2331 1497 2431 1550 nisi
2453 1494 2680 1550 viderem
2709 1492 2992 1563 prwfatum
3015 1491 3370 1544 beatissimum
3391 1486 3564 1541 Maxi-

317 1607 465 1646 mum
490 1593 776 1661 saepissime
807 1591 862 1644 in
891 1605 1132 1660 processu
1162 1590 1246 1660 sui
1271 1591 1442 1660 cperis
1472 1588 1868 1642 obscurissimas
1899 1585 2220 1640 sanctissimi
2246 1583 2472 1652 theologi
2497 1581 2738 1652 Dionysii
2757 1579 3091 1648 Areopagitae
3123 1576 3428 1640 sententias,
3468 1591 3562 1627 cu-

309 1678 404 1748 jus
441 1677 750 1748 symbolicos
785 1675 1200 1746 theologicosque
1221 1691 1403 1730 sensus
1426 1691 1593 1746 nuper
1618 1675 1758 1728 vobis
1777 1673 2018 1728 similiter
2024 1672 2328 1742 jubentibus
2351 1667 2625 1732 transtuli,
2649 1667 3030 1746 introduxisse,
3055 1663 3387 1734 mirabilique
3409 1663 3563 1718 modo

317 1763 651 1828 dilucidasse,
677 1764 732 1816 in
764 1771 973 1816 tantum
992 1770 1050 1815 ut
1082 1761 1229 1816 nullo
1266 1761 1420 1816 modo
1453 1763 1748 1816 dubitarem
1773 1761 2005 1814 divinam
2023 1757 2376 1820 clementiam,
2404 1771 2521 1825 qua:
2550 1753 2826 1808 illuminat
2861 1752 3166 1808 abscondita
3205 1751 3560 1814 tenebrarum,

315 1865 415 1904 sua
445 1849 696 1920 ineﬂ'abili
723 1849 1052 1919 providentia
1069 1850 1164 1901 hoc
1193 1847 1530 1918 disposuisse,
1557 1856 1614 1901 ut
1640 1863 1703 1900 ea
1727 1846 1942 1918 quidem
1978 1861 2094 1916 quw
2121 1843 2264 1898 nobis
2292 1843 2520 1896 maxime
2545 1839 2782 1896 obstrusa
2814 1843 2870 1894 in
2905 1840 3169 1910 praedictis
3202 1839 3338 1892 beati
3367 1837 3566 1908 Diony-

316 1937 384 1990 sii
413 1935 580 2000 libris,
614 1943 706 1988 aut
729 1935 827 1990 via:
873 1937 1072 2007 pervia,
1099 1951 1385 2006 sensusque
1405 1943 1608 1988 nostros
1631 1935 1807 2004 fugere
1835 1931 2166 1994 videbantur,
2191 1931 2440 2000 aperiret,
2470 1929 2858 1998 sapientissimo
2882 1927 3104 1997 praefato
3151 1925 3382 1979 Maximo
3428 1923 3562 1978 luci-

318 2023 530 2076 dissime
567 2023 908 2093 explanante.
937 2021 1184 2094 Exempli
1205 2023 1406 2094 gratia,
1434 2029 1491 2074 ut
1518 2037 1686 2092 pauca
1719 2019 1782 2072 de
1799 2018 2033 2088 pluribus
2061 2017 2253 2080 dicam,
2285 2007 2538 2084 quomodo
2560 2029 2721 2066 causa
2741 2013 2996 2075 omnium,
3014 2025 3132 2082 qua:
3159 2009 3298 2062 Deus
3324 2015 3420 2072 est,
3452 2025 3564 2063 una

318 2110 390 2162 sit
421 2108 650 2181 simplex
676 2125 739 2162 ac
797 2109 1113 2180 multiplex;
1161 2109 1336 2180 qualis
1391 2110 1458 2162 sit
1490 2107 1772 2178 processio,
1799 2106 1854 2158 id
1876 2112 1950 2158 est
1989 2099 2356 2171 multiplicatio
2381 2100 2570 2154 divina:
2600 2099 2850 2152 bonitatis
2893 2113 2986 2168 per
3013 2097 3189 2150 omnia
3222 2111 3338 2164 qua
3365 2103 3504 2156 sunt,
3529 2112 3562 2148 a

319 2211 524 2250 summo
551 2211 715 2266 usque
743 2196 1017 2258 deorsum,
1051 2212 1146 2267 per
1179 2195 1480 2266 generalem
1506 2195 1742 2248 omnium
1767 2191 2048 2246 essentiam
2083 2189 2273 2260 primo,
2301 2189 2540 2256 deinceps
2584 2202 2676 2256 per
2699 2201 2894 2255 genera
2928 2182 3348 2254 generalissima,
3379 2181 3564 2234 deinde

305 2283 415 2352 'per
448 2297 642 2351 genera
669 2283 1023 2352 generaliora,
1045 2283 1168 2335 inde
1199 2297 1294 2352 per
1319 2281 1511 2351 species
1531 2277 1862 2350 specialiores
1891 2290 2054 2346 usque
2079 2275 2149 2328 ad
2173 2275 2368 2344 species
2383 2271 2790 2341 specialissimas
2811 2287 2904 2342 per
2923 2271 3242 2340 diﬂ'erentias
3271 2269 3590 2338 praprieta-t

253 2397 284 2415 ο
321 2375 498 2436 tesque
513 2367 844 2421 descendens.
875 2366 942 2420 Et
971 2369 1185 2432 iterum,
1208 2367 1465 2442 ejusdem,
1498 2366 1687 2420 divinis
1709 2364 1945 2418 videlicet
1983 2361 2252 2424 bonitatis,
2288 2359 2464 2426 qualis
2499 2361 2567 2412 sit
2593 2359 2842 2422 reversio,
2883 2359 2936 2411 id
2968 2364 3044 2410 est
3081 2355 3437 2426 congregatio,
3469 2369 3566 2442 per

318 2453 524 2506 eosdem
554 2451 752 2523 gradus
771 2453 836 2507 ab
862 2451 1075 2520 inﬁnita
1111 2467 1295 2515 eorum
1317 2440 1436 2523 quis
1456 2459 1580 2505 sunt
1617 2452 1871 2520 variaque
1896 2445 2334 2518 multiplicatione
2359 2459 2524 2509 usque
2551 2444 2620 2496 ad
2649 2442 3096 2512 simplicissimum
3117 2443 3351 2494 omnium
3387 2440 3567 2493 unita-

318 2545 444 2602 tem,
467 2554 584 2608 qute
606 2539 664 2591 in
693 2539 804 2592 Deo
832 2546 908 2592 est
935 2547 985 2591 et
1005 2537 1148 2592 Deus
1168 2547 1265 2602 est,
1293 2541 1370 2592 ita
1395 2545 1454 2592 ut
1477 2547 1529 2591 et
1567 2537 1702 2591 Deus
1733 2537 1913 2590 omnia
1938 2537 2006 2589 sit
2034 2542 2084 2586 et
2120 2533 2298 2584 omnia
2323 2529 2464 2584 Deus
2511 2533 2637 2584 sint.
2676 2530 2747 2584 Et
2775 2529 3034 2599 quomodo
3075 2526 3330 2598 pradicta
3357 2525 3568 2595 quidem

317 2624 496 2678 divina
532 2625 588 2678 in
612 2625 791 2678 omnia
823 2626 1083 2695 processio
1109 2625 1410 2692 ἁναλυτικὴ
1449 2625 1662 2690 dicitur,
1706 2625 1802 2677 hoc
1825 2630 1901 2675 est
1932 2618 2202 2684 resolutio,
2255 2619 2483 2671 reversio
2510 2633 2632 2670 vero
2669 2615 2883 2680 ϐἒωσις,
2921 2617 3016 2670 hoc
3070 2623 3146 2669 est
3185 2613 3464 2681 deiﬁcatio.
3495 2611 3568 2665 Et
3609 2665 3613 2669 .

318 2727 425 2782 qua
445 2712 650 2764 ratione
679 2727 798 2781 quae
855 2719 979 2765 sunt
1004 2709 1243 2766 maxima
1265 2711 1728 2782 multiplicatione,
1769 2709 1990 2762 minima
2013 2713 2138 2760 sunt
2159 2705 2384 2770 virtute;
2415 2719 2534 2774 qute
2560 2720 2681 2758 vero
2702 2705 2924 2758 minima
2951 2701 3406 2772 multiplicatione,
3446 2715 3566 2753 ma-

316 2797 463 2850 xima
491 2799 704 2850 virtute.
733 2795 873 2860 Quid
923 2797 1302 2866 καταφατικὴν
1339 2805 1396 2851 et
1425 2794 1766 2864 ἀποφατικὴν
1791 2795 1922 2847 dicat

1958 2791 2284 2860 ιθεολογίαν,
2314 2791 2372 2844 in
2415 2791 2600 2861 quibus
2642 2791 2874 2844 maxime
2921 2789 3162 2858 prazdicti
3191 2787 3329 2840 beati
3364 2785 3564 2856 Diony-

316 2887 384 2940 sii
404 2886 740 2955 Areopagitae
774 2886 1186 2956 profundissima
1215 2885 1642 2952 divinissimaque
1679 2879 2000 2940 admiranda
2038 2888 2114 2932 est
2143 2879 2430 2949 disputatio
2456 2879 2481 2932 ?
2511 2878 2685 2942 Quam
2711 2878 2854 2932 clare
2879 2877 3192 2949 pulchreque
3212 2878 3410 2948 aperit,
3433 2893 3565 2946 quo-

317 2971 498 3035 modo,
522 2987 642 3024 cum
661 2972 802 3024 inter
827 2989 884 3028 se
917 2973 1170 3042 oppositae
1190 2969 1444 3041 valdeque
1468 2968 1748 3034 contrariae
1775 2965 2173 3038 videantur,qad
2210 2983 2376 3019 unum
2406 2975 2586 3020 tamen
2631 2982 2940 3019 consensum
2981 2967 3326 3036 perveniunt,
3353 2974 3410 3016 ut
3443 2964 3566 3017 dum

317 3073 429 3111 una
459 3066 632 3126 neget,
660 3057 832 3111 altera
881 3056 1176 3126 conﬁrmet,
1211 3065 1498 3126 utrumque
1541 3057 1598 3108 in
1633 3063 1862 3123 utraque
1902 3055 2270 3118 contineatur;
2312 3055 2402 3107 ita
2437 3053 2497 3121 ﬁt
2546 3061 2604 3106 ut
2656 3062 2705 3106 et
2743 3053 3090 3123 καταφατικὴ
3137 3069 3242 3106 non
3296 3051 3569 3120 conﬁrmet

319 3143 464 3211 quod
497 3143 811 3213 ἀποφατικὴ
841 3143 1089 3214 abnegat,
1115 3159 1281 3212 neque
1307 3141 1618 3210 ἀποφατικὴ
1641 3140 1858 3209 abneget
1911 3156 1925 3209 ι

1965 3141 2050 3192 tod
2093 3141 2438 3208 καταφατικὴ
2473 3140 2723 3209 afﬁrmat.
2751 3137 2821 3192 Et
2844 3155 2947 3192 non
2972 3139 3145 3192 solum
3170 3141 3265 3193 has
3295 3139 3426 3193 duas
3455 3155 3571 3192 ma—

317 3230 492 3284 ximas
521 3229 794 3300 theologia:
826 3237 1008 3302 partes
1035 3230 1093 3282 in
1123 3229 1254 3293 Deo,
1287 3229 1378 3282 sed
1401 3229 1563 3282 etiam
1592 3229 1649 3281 in
1683 3227 1827 3280 omni
1872 3234 2121 3280 creatura
2156 3243 2268 3280 esse
2308 3227 2752 3297 manifestissimis
2792 3227 3032 3280 declarat
3063 3225 3348 3295 exemplis;
3373 3241 3570 3294 pereas

322 3332 552 3386 namque
583 3316 792 3370 ordines
819 3317 1107 3370 caelestium
1137 3314 1482 3370 essentiarum
1509 3323 1556 3366 et
1581 3313 1954 3367 discernuntur
1987 3325 2039 3364 et
2067 3312 2406 3366 ordinantur.
2442 3311 2514 3367 Et
2541 3329 2648 3382 qua
2673 3302 2888 3367 ratione.
2909 3313 3052 3366 Deus
3073 3313 3266 3364 dicitur
3288 3327 3492 3364 movere
3519 3319 3572 3364 et

319 3405 535 3468 moveri,
567 3402 694 3456 dum
729 3404 797 3456 sit
817 3402 1201 3464 immutabilis;
1233 3411 1281 3456 et
1306 3399 1446 3471 quod
1472 3415 1562 3454 nec
1606 3398 1878 3453 sensibilia
1925 3416 2019 3471 per
2045 3416 2256 3454 sensum
2304 3399 2443 3454 Deus
2476 3401 2692 3460 sentiat,
2733 3415 2826 3454 nec
2876 3397 3228 3468 intelligibilia
3251 3413 3344 3468 per
3366 3396 3571 3451 intelle-

319 3497 483 3551 ctum,
517 3505 610 3542 nec
629 3487 897 3543 sensibilia
921 3504 1016 3559 per
1043 3487 1390 3546 intellectum,
1418 3503 1516 3556 nec
1539 3484 1892 3556 intelligibilia
1939 3503 2033 3556 per
2071 3501 2316 3550 sensum,
2343 3485 2434 3539 sed
2470 3487 2646 3540 omnia
2667 3487 2723 3540 in
2743 3485 2954 3539 aeternis
2977 3487 3085 3538 suis
3125 3483 3415 3538 rationibus
3447 3500 3570 3536 con-

323 3574 632 3645 templatur.
665 3575 742 3628 De
762 3576 970 3629 unitate
992 3590 1198 3644 quoque
1227 3575 1388 3627 trium
1424 3573 1730 3627 divinarum
1780 3574 2227 3638 substantiarum,
2269 3573 2434 3644 deque
2482 3573 2642 3626 tribus
2680 3573 2986 3626 substantiis
3018 3572 3208 3626 divinte
3234 3571 3456 3624 unitatis
3483 3588 3570 3626 ve-

325 3661 421 3714 luti
472 3661 836 3731 mgsticissiino
868 3659 1186 3714 mirabiliter
1219 3661 1459 3731 disputat
1487 3661 1740 3726 senario;
1772 3669 1822 3714 et
1864 3661 2034 3716 multa
2081 3661 2211 3726 alia,
2254 3677 2370 3732 qua:
2403 3662 2664 3715 studiosus
2693 3659 2963 3724 prtesentis
3013 3660 3185 3731 operis
3241 3657 3402 3712 lector
3425 3658 3570 3713 inve-

322 3749 450 3801 niet.
483 3747 825 3803 Eusebestate
856 3747 924 3818 (c)
951 3749 1116 3818 igitur
1147 3763 1351 3817 regum,
1409 3763 1540 3818 opus
1574 3746 1712 3816 quod
1759 3746 1830 3799 ad
1859 3763 2187 3802 communem
2227 3746 2494 3801 catholicae
2527 3745 2652 3815 ﬁdei
2678 3746 3121 3801 illuminationem
3159 3745 3395 3817 jussistis
3423 3743 3564 3814 ﬁeri,

321 3830 594 3888 altissima
635 3833 968 3888 auctoritatis
999 3840 1182 3888 vestra:
1208 3833 1403 3896 iudicio
1430 3849 1534 3886 non
1570 3835 1830 3903 respuatis
1852 3833 2091 3887 roborari
2109 3873 2124 3898 ,
2161 3841 2212 3886 et
2243 3834 2382 3886 inter
2419 3831 2616 3888 similia
2642 3849 2789 3886 sanie
2814 3833 3064 3886 doctrina
3089 3833 3444 3886 instrumenta
3477 3847 3566 3886 re-

319 3919 442 3988 cipi,
468 3937 587 3974 cum
613 3937 678 3976 ex
703 3919 1130 3992 praeclarissimis
1158 3919 1466 3975 ercorum
1497 3919 1723 3988 fontibus
1745 3935 1849 3973 non
1877 3918 2116 3974 dubitetis
2138 3917 2400 3982 derivari;
2431 3918 2486 3970 in
2520 3917 2701 3988 quibus
2725 3918 2770 3970 si
2791 3916 2916 3987 quid
2935 3918 3213 3986 incognitae
3230 3917 3398 3970 adhuc
3418 3916 3563 3970 nobis

321 4003 575 4062 doctrinae
599 4003 921 4072 inveniatur,
951 4005 1254 4060 auctoribus
1275 4007 1400 4075 ipsis
1440 4013 1516 4059 est
1536 4004 1915 4075 deputandum,
1939 4005 2062 4076 quia
2085 4019 2239 4058 nemo
2261 4003 2408 4058 aliud
2440 4004 2496 4058 in
2527 4005 2621 4058 hoc
2649 4019 2804 4074 opere
2825 4010 2960 4066 recte
2991 4003 3119 4056 mihi
3143 4002 3287 4056 debet
3313 4003 3560 4069 tribuere,

322 4093 424 4147 nisi
447 4092 777 4149 solummodo
807 4092 1118 4164 simpliciter
1145 4091 1496 4146 transtulisse.

815 4233 917 4284 ex
946 4231 1090 4282 τογ’
1114 4230 1308 4283 ΑΥτο
1324 4231 1378 4283 r.
1947 4297 1952 4302 _

1372 4267 1378 4282 .
1947 4297 1952 4302 _
2579 4225 2683 4281 EX
2717 4227 2978 4282 EODEM.

321 4336 479 4406 Πρὸς
516 4339 792 4410 Ἰωάννην
813 4340 1301 4409 ἀρχιεπισκοπον
1332 4339 1592 4402 Κυζίκου
1627 4339 1898 4412 Μάξιμος
1925 4383 1927 4392 ι

1959 4363 1969 4393 ι
1999 4309 2340 4396 Sanctissimo
2364 4357 2425 4395 ac
2445 4340 2743 4396 beatissimo
2769 4341 3153 4412 archiepiscopo
3179 4337 3350 4410 Cyzici
3367 4337 3565 4396 Joanni

813 4430 885 4484 ἐν
908 4431 1100 4499 Κυρίῳ
1128 4431 1382 4500 χαίρειν.
2207 4430 2419 4486 Maximi

2207 4430 2476 4486 Maximus
2500 4429 2710 4484 humilis
2740 4431 3024 4484 monachus
3048 4426 3274 4483 salutem
3292 4429 3351 4482 “.

291 4579 299 4587 ,
397 4523 780 4584 Ἐπαινοῦνται
817 4531 937 4600 μὲν,
975 4529 1068 4584 καὶ
1099 4530 1262 4601 τυχὸν
1283 4528 1508 4593 δικαίως
1529 4569 1547 4595 ,
1579 4529 1731 4600 παρὰ
1756 4530 1892 4585 πάν-

2067 4528 2386 4584 Laudantur
2408 4527 2654 4598 quidem,
2681 4537 2737 4582 et
2755 4527 3007 4582 fortassis
3029 4528 3198 4598 juste,
3217 4525 3289 4580 ab
3309 4525 3569 4582 omnibus

317 4629 426 4670 των
467 4617 572 4686 τῆς
612 4619 970 4692 φιλομαθείας
1014 4621 1203 4675 ἕνεκεν
1241 4623 1290 4675 oi
1331 4609 1732 4694 προθύμότεροι
1781 4621 1892 4675 τῶν

1994 4619 2090 4688 qui
2135 4619 2280 4674 bona
2323 4628 2556 4689 propter
2601 4617 2844 4672 studium
2887 4617 3157 4672 doctrinae
3199 4616 3567 4688 promptiores

319 4706 503 4762 καλῶν
529 4708 759 4780 ἐρασταὶ
785 4711 880 4764 καὶ
900 4711 1002 4780 τῆς
1026 4713 1113 4765 ἐπ’
1139 4711 1325 4776 αὐτοῖς
1349 4711 1662 4783 ἐπιστήμης
1690 4713 1890 4782 ἐπιμε-

1996 4716 2200 4773 amant,
2224 4717 2282 4764 et
2317 4707 2685 4778 disciplinam,
2715 4722 2838 4776 quae
2872 4707 2928 4760 in
2963 4707 3046 4761 eis
3078 4715 3184 4772 est,
3213 4705 3564 4763 sollicitiores

315 4795 478 4866 ὶηταὶ
505 4802 916 4874 σπουδαιότερα
941 4804 1058 4866 τοῖς
1082 4803 1363 4873 κρείττοσι
1391 4801 1618 4857 καὶτῶν
1647 4803 1891 4875 κρειττό-

1994 4799 2262 4870 cogitant,
2289 4797 2358 4854 ad
2393 4798 2652 4854 meliores
2677 4805 2734 4852 et
2763 4795 3054 4851 meliorum
3083 4796 3376 4868 magistros
3408 4811 3566 4852 acce-

319 4903 426 4941 νων
453 4889 798 4956 διδασκάλοις
830 4891 1181 4962 προσιόντες,
1214 4892 1298 4945 ὅτι
1327 4891 1396 4945 δι’
1425 4893 1750 4964 ἐρωτήσεως
1790 4891 1890 4962 τὴν

1997 4891 2212 4954 dentes,
2241 4889 2370 4960 quia
2405 4904 2506 4959 per
2535 4887 3020 4958 interrogationem
3055 4888 3364 4958 sapientum
3396 4889 3563 4944 disci-

317 4974 519 5044 γνῶσιν
542 4978 652 5034 τῶν
676 4980 1032 5052 ἠγνοημένων
1077 4983 1175 5036 καὶ
1197 4981 1298 5052 τὴν
1324 4981 1636 5052 ἐπιστήμην
1667 4983 1893 5035 avertat-

1997 4981 2202 5051 plinam
2229 4988 2551 5034 reverenter
2572 4977 2930 5048 accipientes,
2955 4992 3014 5033 se
3043 4977 3192 5048 ipsos
3218 4979 3287 5033 ab
3309 4979 3565 5049 ignoran-

319 5067 565 5140 σχύντως
619 5072 988 5143 λαμϐάνοντες
1049 5074 1192 5144 σφᾶς
1261 5073 1458 5136 αὐτοὺς
1516 5071 1738 5140 ἀγνοίας
1796 5073 1892 5125 καὶ

1997 5072 2074 5126 tia
2115 5078 2172 5126 et
2207 5071 2483 5141 imperitia
2519 5079 2577 5126 et
2615 5085 2804 5125 earum
2843 5070 3143 5141 opprobrio
3175 5069 3433 5126 liberant.
3457 5071 3566 5126 Vos

386 5202 467 5342 $2;
491 5203 667 5330 ἓξὲξ
684 5205 1308 5342 oéglflilsetitulus.
1330 5276 1466 5332 Nam
1495 5275 1706 5332 Scholia
1737 5276 1888 5338 aliud

1996 5205 2250 5261 meminit
2273 5205 2525 5269 Photius,
2557 5205 3102 5262 meminitBaronius
3127 5214 3184 5263 et
3208 5207 3265 5261 in
3277 5206 3567 5264 codicibus

1999 5276 2284 5331 Vaticanis
2312 5277 2525 5331 servari
2561 5284 2820 5331 testatur.
2855 5275 3056 5342 (Gale.)

391 5275 466 5342 (b)
498 5275 552 5328 Is
573 5275 660 5330 est
684 5275 852 5346 hujus
878 5275 1066 5345 operis
1087 5275 1308 5334 titulus.
1330 5276 1466 5332 Nam
1495 5275 1706 5332 Scholia
1737 5276 1888 5338 aliud
1999 5276 2284 5331 Vaticanis
2312 5277 2525 5331 servari
2561 5284 2820 5331 testatur.
2855 5275 3056 5346 (Gale.)

319 5353 582 5418 opus‘est
602 5345 780 5418 huius
821 5345 1064 5418 Maximi.
1105 5345 1330 5418 Horum
1363 5347 1740 5418 Ambiguorum
1771 5346 1891 5416 ipse
2032 5416 2042 5418 _
2071 5345 2140 5418 (c)
2168 5345 2412 5418 |Ead_em_
2433 5360 2600 5399 manu
2637 5345 2694 5418 i_n
2723 5346 3192 5418 margtscriptum
3219 5345 3400 5418 reperi
3417 5345 3566 5418 ,Pifis-
3608 5391 3615 5399 .

320 5411 576 5466 meminit
601 5411 874 5488 Maximus
910 5411 966 5485 p7.
1001 5415 1068 5470 i5
1116 5417 1256 5472 tomi
1287 5416 1331 5472 Il
1381 5411 1538 5488 Opp:
1578 5411 1892 5481 editorum;
1997 5411 2148 5469 sime.
2172 5411 2356 5487 Credo
2379 5413 2604 5470 Scotum
2633 5414 2822 5470 Graeca
2850 5411 3164 5482 aﬂectasse,
3203 5411 3452 5472 ut'alibi.
3482 5417 3562 5473 Id.

378 5522 400 5543 ¹
431 5523 601 5592 Exstat
631 5525 736 5592 haec
765 5525 975 5592 epistola
1015 5525 1146 5592 inter
1183 5528 1347 5592 Opera
1385 5527 1588 5592 Joannis
1627 5527 1758 5592 Secti
1785 5529 1992 5592 (nostra
2015 5517 2351 5592 _Patrologiae‘
2375 5524 2554 5592 Latina;
2595 5533 2712 5577 tom.
2738 5525 2925 5587 CXX“,
2953 5540 3012 5576 ex
3041 5527 3567 5592 recensioneiJoannis

316 5582 474 5654 Henr.
503 5585 661 5654 Ιδιοιιεζ
682 5582 1000 5654 Bonﬁensls).
1037 5589 1188 5654 ξονι-ο
1223 5582 1288 5640 ἐι
1311 5589 1568 5652 utriusque
1593 5582 1826 5654 editionis
1863 5588 2128 5640 collatione
2161 5582 2317 5639 multa
2349 5587 2662 5640 restituimus
2687 5602 2800 5651 quae
2829 5582 3123 5640 correctoris
3157 5591 3388 5641 Halensis
3411 5603 3566 5641 cecu-

321 5647 529 5704 tieptem
555 5649 750 5698 oculum
775 5647 1019 5704 fugerant.
1045 5647 1182 5700 Eutr.

351 5703 402 5728 "'
446 5707 629 5758 Joanne
653 5709 802 5760 Scoto
824 5703 1117 5767 interprets.
