4066 6150
513 256 698 320 -1063

1730 247 1794 306 S.
1829 241 2115 306 MAXIMI
2153 243 2662 308 CONFESSOBIS

3153 209 3186 224 -ο

3705 243 3850 308 1054

561 379 744 425 autem
781 370 907 440 quis
941 370 1104 439 digne
1140 365 1377 421 laudarit
1413 363 1627 418 sermo?
1661 370 1758 416 aut
1792 361 1914 430 quis
1952 361 2132 414 homi-

2240 362 2492 432 ἀπειρίας
2520 365 2614 416 καὶ
2643 363 2735 416 τοῦ
2773 367 2890 417 κατ’
2926 363 3090 428 αὑτάς
3122 363 3355 427 ὀνείδους
3407 361 3844 432 ἐλεοθεροῦσιν.

561 479 694 517 num
717 504 731 525 ,
763 463 863 516 etsi
900 459 1198 530 diligentiae
1229 458 1666 526 experimentum
1701 454 2010 521 accipiens.
2034 467 2133 504 ve-

562 564 686 610 stra:
711 553 936 605 virtutis
970 549 1400 620 magnitudinem
1432 547 1667 600 idoneus
1696 543 1970 597 inveniet?
1997 542 2134 607 Quia

560 645 884 716 probabiles
907 645 1091 696 ovium
1119 639 1528 694 rationabilium
1555 645 1804 706 pastores
1829 634 1958 688 dum
1991 633 2129 692 sitis,

561 746 618 790 et
643 735 708 788 ad
740 749 1042 804 supernum
1071 733 1215 785 ovile
1242 730 1470 783 vocibus
1497 728 1693 782 ﬁstula:
1719 724 2018 795 spiritualis
2043 739 2134 777 eas

561 830 765 884 ducere
808 836 864 881 et
905 826 1258 880 introducere
1303 821 1505 884 nostis,
1545 820 1909 890 singularem,
1946 816 2135 870 multis

562 919 977 988 impossibilem,
1012 915 1254 985 mysticre
1289 913 1604 966 divinorum
1637 909 1882 963 scientia}
1913 907 2134 961 habitu-

561 1012 744 1066 dinem
789 1008 1242 1078 praeoccupastis,
1283 1021 1381 1075 per
1421 1019 1585 1072 quam
1626 1000 1830 1056 Christi
1871 999 2133 1053 Ecclesiae

561 1103 711 1172 digni
764 1101 1064 1168 ﬁdelesque
1115 1095 1517 1167 gubernacula,
1563 1093 1720 1146 navis
1768 1091 1822 1143 in
1874 1088 2130 1151 modum,

561 1194 905 1262 diseiplinate
951 1191 1218 1260 dirigitis,
1253 1205 1378 1243 cum
1425 1200 1592 1240 onere
1639 1183 1792 1245 ﬁdei,
1825 1181 2133 1249 divinaeque

561 1282 994 1338 conversationis
1019 1281 1216 1334 decore
1246 1279 1311 1332 ad
1343 1286 1562 1346 portum
1588 1275 1788 1328 divina:
1813 1271 2129 1333 voluntatis,

561 1391 660 1443 per
689 1389 840 1426 mare
874 1371 1059 1426 saeculi
1093 1368 1488 1424 tentationibus
1522 1367 1770 1419 illmsam.
1809 1363 1881 1416 De
1915 1362 2003 1415 his
2037 1375 2134 1414 au-

561 1470 694 1524 tem,
727 1477 847 1530 qua:
876 1459 1035 1513 vobis
1064 1456 1281 1526 cognita
1313 1463 1461 1518 sunt,
1491 1467 1727 1522 quorum
1766 1451 1930 1504 etiam
1968 1450 2134 1519 magi-

559 1562 705 1607 stros
728 1568 824 1606 vos
859 1549 1148 1605 constituit
1173 1548 1457 1607 Dominus,
1487 1561 1597 1600 non
1633 1544 1808 1598 solum
1842 1539 2134 1610 sapientio-

559 1658 684 1703 res,
718 1643 762 1695 si
811 1643 936 1710 quis
990 1640 1064 1710 (d)
1120 1648 1362 1694 vestrum
1416 1643 1501 1690 est
1555 1635 1780 1688 omnino
1831 1631 2133 1685 secundum

564 1731 849 1784 scientiam
885 1728 1160 1797 superior,
1189 1725 1284 1779 sed
1319 1735 1376 1778 et
1407 1723 1560 1776 nullo
1591 1722 1809 1792 dignos,
1835 1731 1891 1775 et
1920 1721 2138 1790 penitus

561 1822 743 1876 omnis
799 1821 1083 1888 imperitos
1127 1816 1425 1877 doctrinae,
1477 1813 1583 1868 ﬁde
1641 1811 1956 1866 inveniendi
2006 1809 2139 1880 quid

564 1914 749 1968 nobile
781 1913 943 1966 etiam
975 1910 1119 1979 apud
1156 1907 1225 1979 (ε)
1266 1906 1598 1969 immundos,
1626 1905 1768 1959 sicut
1797 1903 1944 1957 soliti
1979 1901 2137 1963 estis,

566 2004 851 2072 indignum
881 2002 1224 2069 interrogare
1255 2015 1366 2052 non
1393 1997 1616 2050 ducitis.
1639 1996 1715 2050 Ac
1746 2010 1845 2063 per
1868 1994 1975 2046 hoc
1998 1991 2141 2046 acci-

562 2091 724 2159 piens
761 2097 817 2143 et
847 2105 949 2158 ego
980 2088 1352 2142 venerabilem
1384 2094 1621 2140 vestram
1661 2083 1974 2153 epistolam,
2002 2081 2140 2134 scri-

564 2181 694 2235 bere
733 2181 891 2234 vobis
927 2181 1211 2250 jubentem
1250 2179 1319 2232 de
1363 2191 1700 2244 unoquoque
1737 2173 2030 2228 dubiorum
2074 2171 2138 2241 (1)

560 2271 719 2323 vobis
756 2269 1124 2338 capitulorum
1158 2268 1212 2320 in
1248 2266 1424 2320 sancti
1463 2264 1702 2332 theologi
1737 2261 1983 2331 Gregorii
2019 2275 2140 2314 ser-

561 2362 850 2427 monibus,
895 2360 964 2414 de
1015 2359 1221 2429 quibus
1272 2357 1517 2411 studium
1570 2356 1871 2416 habebam,
1918 2350 2139 2420 quando

560 2468 686 2506 eum
719 2451 1175 2506 convenientibus
1205 2465 1378 2512 eram,
1406 2447 1676 2501 redditam
1709 2454 1840 2498 tunc
1868 2443 2138 2498 rationem

560 2544 848 2612 scripturae
887 2541 1232 2596 commendo.
1263 2541 1372 2595 Vos
1413 2539 1638 2608 quidem
1681 2537 1880 2591 merito
1916 2532 2142 2587 virtutis

560 2635 794 2687 miratus
841 2648 994 2695 sum,
1033 2641 1089 2686 et
1129 2631 1184 2683 in
1231 2631 1346 2699 ipsa
1401 2630 1601 2683 claram
1653 2635 1817 2694 atque
1862 2623 2138 2678 excelsam

559 2723 781 2778 Christo
814 2723 1116 2791 placentem
1151 2730 1388 2774 vestram
1428 2717 1856 2786 hospitalitatem
1891 2711 2134 2775 laudavi,

562 2816 736 2884 magis
765 2829 898 2867 vero
926 2829 1025 2881 per
1048 2827 1267 2865 omnem
1299 2812 1521 2863 modum
1558 2824 1655 2876 per
1683 2822 1780 2859 vos
1809 2815 1865 2858 et
1894 2805 1949 2858 in
1981 2803 2140 2856 vobis

562 2902 924 2973 gloriﬁcatum
951 2901 1264 2961 Dominum,
1292 2899 1384 2967 qui
1417 2899 1545 2951 fecit
1576 2911 1675 2950 vos
1709 2896 1775 2949 ad
1812 2896 1916 2948 hoc
1945 2894 2138 2964 dignos

563 2993 704 3056 ﬁeri,
730 2993 1095 3060 donatamque
1118 2991 1187 3044 ab
1214 2991 1334 3059 ipso
1354 2990 1634 3053 virtutem,
1663 2988 1753 3056 qui
1783 2989 1896 3040 suis
1925 2985 1997 3056 (g)
2023 3001 2139 3039 ser-

560 3081 646 3135 vis
671 3097 770 3150 per
790 3089 971 3134 vestra
993 3059 1162 3150 opera
1183 3080 1428 3135 veritatis
1452 3090 1640 3147 aperte
1661 3077 2131 3168 pulchritudinem
2163 3059 2207 3115 (ἶ

561 3173 898 3236 manifestat,
924 3188 1098 3241 usque
1133 3171 1200 3226 ad
1232 3187 1317 3227 me
1351 3185 1603 3239 parvum,
1631 3179 1687 3224 et
1711 3170 1861 3222 nullo
1887 3168 2134 3237 dignum,

560 3272 618 3317 et
664 3262 977 3328 indoctum,
1020 3271 1077 3316 et
1117 3262 1267 3316 omni
1320 3261 1528 3314 nudum
1574 3261 1800 3314 omnino
1838 3261 2041 3314 virtute
2083 3268 2140 3313 et

460 3399 478 3413 ,
560 3354 813 3407 scientia.
851 3353 931 3408 Ac
975 3369 1073 3422 per
1113 3354 1218 3406 hoc
1265 3353 1584 3406 humiliatos
1629 3351 2018 3416 considerans,
2052 3365 2139 3404 me

561 3445 741 3513 ipsum
772 3446 1029 3514 accipere
1058 3453 1301 3499 vestrum
1337 3453 1670 3514 praeceptum
1703 3442 2002 3496 secundum
2032 3442 2141 3494 vir-

559 3543 733 3588 tutem
771 3535 1168 3604 compuleram,
1197 3534 1324 3588 dum
1361 3535 1415 3588 in
1451 3534 1602 3588 nullo
1640 3533 1966 3587 temerarius
1994 3533 2141 3586 testi-

561 3626 753 3678 mabor
785 3626 974 3678 multis
1007 3625 1172 3678 vestri
1217 3626 1388 3692 gratia
1431 3625 1638 3679 faciens
1677 3639 2010 3686 sermonem,
2044 3621 2138 3676 sed

561 3726 616 3769 et
645 3731 741 3770 vos
771 3724 979 3785 gratam
1015 3723 1070 3769 et
1102 3717 1390 3770 amabilem
1425 3715 1793 3769 obaudientia:
1829 3713 2137 3768 mercedem

563 3807 814 3875 accipere
845 3808 1184 3874 exspectanti
1216 3817 1429 3861 vestras
1455 3805 1714 3860 videlicet
1746 3805 2026 3858 orationes
2057 3804 2141 3857 in—

563 3906 741 3951 tentas
765 3906 1031 3952 consuete
1055 3897 1352 3960 donabitis,
1376 3907 1436 3950 ut
1456 3896 1711 3950 Christus
1736 3893 2020 3958 Dominus,
2044 3893 2138 3962 qui

561 3999 647 4042 est
676 3998 924 4057 paratum
959 3988 1269 4043 timentium
1305 4004 1362 4043 se
1396 3986 1752 4057 adjutorium,
1786 3984 1971 4037 veniat
2002 3982 2138 4035 mihi

562 4081 833 4134 sermonis
860 4081 1110 4151 adjutor;
1145 4080 1317 4150 magis
1343 4088 1524 4134 autem
1551 4077 1786 4132 dicendo
1817 4085 1993 4129 totum
2024 4075 2136 4144 pie,

563 4180 624 4224 ut
665 4172 908 4226 Verbum
961 4172 1228 4241 largiatur
1274 4171 1528 4224 verbum.
1574 4169 1745 4220 Posce
1804 4173 1988 4218 autem
2037 4179 2136 4217 vos

561 4263 927 4333 postulantes,
953 4278 1025 4317 ne
1054 4273 1304 4317 ornatam
1336 4259 1596 4330 quaeratis
1630 4274 1659 4312 a
1696 4275 1781 4312 me
1813 4257 2135 4320 dictionem,

561 4355 655 4424 qui
707 4364 970 4408 ornantes
1021 4354 1271 4407 auditum
1323 4366 1606 4406 sermones
1658 4365 1768 4403 non
1825 4349 2030 4411 habeo,
2082 4355 2138 4402 et
2172 4389 2216 4442 υ

563 4446 798 4501 curiosis
837 4446 910 4514 (h)
946 4445 1166 4499 bombis
1195 4444 1437 4497 ambitus
1468 4443 1648 4496 facere
1685 4441 1895 4511 ignoro.
1923 4441 2135 4494 Talium

562 4539 711 4591 enim
741 4538 1118 4593 doctrinarum
1153 4537 1284 4590 dum
1317 4537 1419 4590 sim
1455 4535 1692 4597 inscius,
1719 4543 1775 4588 et
1815 4549 1992 4596 curae,
2017 4548 2138 4602 qua:

563 4625 620 4680 in
652 4625 734 4680 eis
765 4635 870 4692 est,
898 4625 1334 4696 magnitudinem
1365 4642 1474 4679 non
1505 4624 1869 4688 constituens,
1899 4624 2141 4679 dilectis-

561 4718 762 4773 simum
793 4735 918 4771 reor
943 4729 1112 4786 atque
1143 4716 1408 4785 optabile,
1432 4716 1478 4770 si
1507 4729 1728 4769 sensum
1760 4712 1942 4782 magni
1975 4713 2140 4782 hujus

558 4817 617 4862 et
642 4809 816 4862 sancti
843 4809 1114 4879 magistri,
1136 4808 1242 4862 etsi
1271 4807 1500 4861 confusa
1528 4805 1932 4873 explanatione,
1953 4812 2010 4859 et
2036 4806 2141 4860 hoc

561 4897 975 4970 aliquantulum.
1008 4896 1434 4958 considerarim,
1470 4911 1580 4948 non
1623 4903 1808 4948 tamen
1846 4895 2138 4964 multiplici

561 5003 728 5043 versu
759 4989 1162 5058 expositionem
1192 4986 1623 5042 honoriﬁeando.
1649 4985 1960 5054 Theologus
1990 4988 2138 5042 enim

2253 452 2428 521 ’Υμᾶς
2463 453 2521 506 δὲ
2559 455 2644 516 τίς
2676 454 2741 506 ἂν
2769 455 2934 519 ἀξίως
2967 455 3267 507 ἐπαινέσειε
3310 454 3509 521 λόγοςς
3544 452 3580 523 ῆ
3617 452 3708 512 τίς
3742 451 3848 503 ἀν-

2240 544 2475 615 θρώπων
2503 547 2606 599 κᾶν
2631 546 2839 618 διανοίᾳ
2870 547 3181 617 περιλαϐεῖν
3211 546 3364 615 ὑμῶν
3377 546 3424 576 ⁵⁸
3456 545 3522 597 τὸ
3568 545 3676 611 τῆς
3703 543 3851 612 ἀρε-

2239 636 2339 704 τῆς
2372 636 2599 706 μέγεθος
2636 638 2818 700 ἱκανὸς
2849 638 3236 708 εὑρεθήσεται;
3261 638 3385 690 ’Ὁτι
3413 637 3644 703 δόκιμοι
3681 634 3846 700 λογιο

2240 727 2354 780 κῶν
2381 729 2670 797 προϐάτων
2715 729 2968 799 ποιμένες
2999 729 3369 798 ὑπάρχοντες,
3405 727 3508 780 καὶ
3554 726 3700 794 πρὸς
3735 723 3846 792 τὴν

2240 819 2354 871 ἄνω
2385 819 2627 888 μάνδραν
2655 822 2860 888 φωναῖς
2884 819 3142 890 σύριγγος
3170 819 3559 888 πνευματικῆς
3594 816 3844 882 ἀνάγειν

2237 926 2298 960 τε
2346 911 2441 962 καὶ
2481 912 2766 978 ἐπάγειν⁵⁹
2799 912 3020 974 εἰδότες,
3063 908 3149 963 οἷα
3166 913 3210 942 ⁶⁰
3257 911 3320 980 δὴ
3367 910 3472 978 τῆς
3521 906 3842 974 ἀνεφίκτου

2238 1000 2352 1061 τοῖς
2382 997 2562 1062 ἄλλοις
2593 1001 2703 1053 τῶν
2733 1001 2890 1054 θείων
2935 999 3202 1069 μυστικῆς
3250 997 3509 1066 γνώσεως
3556 995 3664 1065 τὴν
3712 994 3843 1058 ἕξιν

2241 1090 2666 1161 προειληφότεςο
2717 1091 2839 1145 καθ’
2898 1091 2964 1160 ἥν
3024 1092 3121 1158 τῆς
3175 1087 3414 1157 Χριστοῦ
3484 1085 3841 1152 Ἐκκλησίας

2241 1179 2411 1246 ἀξίως
2445 1181 2849 1250 πεπιστωμένοι
2881 1181 3065 1251 (116
3092 1181 3142 1246 b)
3169 1179 3296 1240 τοὺς
3317 1178 3513 1239 οἴακας
3534 1176 3672 1244 νηὸς
3698 1177 3839 1244 τρό-

2241 1287 2344 1322 πον
2374 1272 2754 1340 ἐπιστημόνως
2796 1271 3025 1328 ἰθύνετε,
3075 1270 3212 1337 μετὰ
3237 1267 3329 1322 τοῦ
3359 1269 3562 1339 φόρτου
3594 1269 3702 1337 τῆς
3736 1267 3839 1319 πί-

2243 1377 2416 1422 στεως
2441 1361 2534 1414 καὶ
2557 1361 2658 1430 τῆς
2679 1360 2774 1413 τοῦ
2808 1361 2950 1414 κατὰ
2975 1361 3108 1414 Θεὸν
3141 1361 3255 1430 βίου
3283 1361 3648 1430 εὐπρεπείας,
3687 1359 3838 1428 πρὸς

2239 1453 2331 1504 τὸν
2377 1452 2570 1522 λιμένα
2619 1453 2712 1506 τοῦ
2751 1452 2896 1504 θείου
2929 1453 3232 1522 θελήματος
3255 1495 3271 1518 ,
3318 1453 3486 1523 μηδὲν
3526 1452 3642 1504 τῶν
3679 1453 3834 1504 κατά

2241 1543 2342 1613 τὴν
2376 1543 2655 1596 θάλασσαν
2684 1545 2776 1595 τοῦ
2812 1542 2926 1612 βίου
2973 1543 3296 1615 πειρασμῶν
3339 1543 3829 1612 παραϐλαϐεῖσαν.

2241 1629 2378 1698 Περὶ
2407 1629 2514 1682 τῶν
2543 1631 2897 1700 ἐγνωσμένων
2937 1632 3085 1701 ὑμῖν,
3128 1626 3202 1683 ῶν
3245 1632 3336 1685 καὶ
3367 1632 3646 1701 ἐξηγητὰς
3677 1633 3834 1700 ὑμᾶς

2175 1731 2211 1783 Β
2242 1721 2577 1788 κατέστησεν
2605 1723 2633 1774 ὁ
2673 1722 2805 1784 Θεὸς
2826 1764 2840 1785 ,
2872 1723 2934 1775 οὐ
2969 1724 3128 1792 μόνον
3156 1725 3282 1785 τοὺς
3313 1725 3661 1794 σοφωτέρους
3682 1764 3700 1787 ,
3747 1728 3829 1778 εε-

2244 1827 2350 1878 περ
2372 1828 2452 1872 τις
2479 1811 2632 1880 ὑμῶν
2666 1813 2812 1864 ἐστιν
2834 1813 2970 1875 ὅλως
2999 1815 3140 1866 κατά
3167 1813 3264 1884 τὴν
3295 1815 3495 1881 γνῶσιν
3516 1815 3827 1888 ἀνώτερος,

2241 1901 2377 1954 ἀλλὰ
2407 1903 2501 1953 καὶ
2531 1903 2656 1965 τοὺς
2699 1903 2924 1972 μηδενὸς
2964 1904 3147 1968 ἀξίους
3177 1904 3270 1958 καὶ
3300 1905 3581 1968 παντελῶς
3615 1909 3829 1971 παντὸς

2240 1993 2504 2062 ἀπείρους
2556 1993 2876 2063 μαθήματος
2902 2034 2916 2058 ,
2951 1996 3132 2048 πίστει
3179 1995 3270 2049 τοῦ
3313 1997 3492 2068 εὑρεῖν
3520 2015 3598 2065 τι,
3633 2000 3827 2062 καθὼς

2241 2084 2467 2136 εἰώθατε
2491 2128 2506 2149 ,
2545 2087 2643 2138 καὶ
2691 2086 2847 2154 παρὰ
2877 2089 2988 2148 τοῖς
3023 2088 3258 2154 ἀσήμοις
3299 2089 3570 2157 ἐπίσημον
3603 2092 3827 2161 ἐρωτᾷν

2239 2174 2337 2242 οὑχ
2365 2175 2583 2242 ἡγεῖσθε
2618 2176 2853 2241 ἀνάξιον.
2878 2177 2967 2228 Διὸ
2995 2177 3150 2242 κάγὼ
3177 2177 3468 2247 δεξάμενος
3494 2181 3598 2251 τὴν
3623 2182 3827 2250 τιμίαν

2239 2264 2394 2332 ὑμῶν
2419 2265 2709 2335 ἐπιστολὴν
2735 2268 2825 2319 τὸν
2861 2269 2990 2336 περὶ
3023 2270 3256 2322 ἑκάστου
3285 2269 3392 2321 τῶν
3418 2271 3826 2340 ἀπορηθέντων

2241 2357 2425 2426 ὑμῖν⁶¹
2463 2357 2772 2424 κεφαλαίων
2803 2359 2860 2410 ἐν
2889 2360 3000 2418 τοῖς
3049 2359 3143 2410 "r06
3190 2360 3345 2426 ἁγίου
3389 2360 3696 2431 Γρηγορίου
3725 2363 3825 2416 τοῦ

2242 2449 2560 2516 Θεολόγου⁶²
2611 2449 2822 2515 λόγοις,
2871 2450 2999 2517 περὶ
3048 2443 3123 2504 ὧν
3170 2451 3596 2520 ἐφιλοπονοῦμεν
3649 2455 3826 2522 ἡνίκα

2243 2541 2340 2591 σὺν
2371 2539 2619 2608 ἀλλήλοις
2649 2535 2791 2609 ἦμεν
2812 2582 2825 2604 ,
2861 2540 3194 2593 ἀποδοθέντα
3225 2542 3286 2594 τὸ
3315 2541 3610 2609 τηνικαῦτα
3641 2542 3820 2610 λόγου

2241 2632 2427 2698 γραφῇ
2472 2629 2829 2700 καταθεμένῳ
2858 2630 3060 2684 στεῖλαι
3104 2632 3233 2700 ὑμῖν
3280 2631 3626 2692 κελεύουσαν,
3661 2633 3821 2700 ὑμᾶς

2245 2720 2344 2786 μὲν
2373 2720 2600 2782 εἰκότως
2631 2720 2730 2788 τῆς
2765 2721 2965 2790 ἀρετῆς
2997 2721 3286 2789 ἐθαύμασα
3312 2722 3407 2774 καὶ
3431 2722 3532 2788 τῆς
3561 2722 3684 2774 κατ’
3715 2724 3820 2775 αὑ-

2239 2811 2339 2880 τὴν
2387 2810 2821 2881 χριστοπρεποῦς
2866 2810 3021 2880 ὑμῶν
3071 2812 3403 2880 πτωχείας⁶³
3444 2811 3505 2863 τὸ
3554 2815 3819 2882 παμφαὲς

2241 2901 2338 2953 καὶ
2374 2900 2578 2968 ὑψηλὸν
2626 2901 2914 2970 ἀνύμνησα
2938 2941 2952 2965 ,
3006 2901 3205 2969 μᾶλλον
3238 2903 3294 2953 δέ
3339 2903 3433 2954 τὸν
3467 2903 3610 2956 κατά
3642 2904 3819 2956 πάντα

2240 2994 2441 3064 τρόπον
2475 2992 2544 3044 δι’
2577 2992 2730 3061 ὑμῶν
2760 3010 2817 3045 τε
2849 2994 2940 3046 καὶ
2967 2995 3022 3044 ἐν
3053 2994 3178 3062 ὑμῖν
3200 2993 3557 3062 δοξαζόμενον
3587 2996 3817 3066 Κύριον,

2239 3083 2332 3136 τὸν
2364 3081 2459 3136 καὶ
2492 3083 2797 3151 ποιήσαντα
2827 3082 2973 3151 ὑμᾶς
3003 3082 3098 3134 καὶ
3123 3083 3224 3150 τὴν
3250 3083 3386 3152 πρὸς
3415 3083 3476 3135 τὸ
3510 3084 3698 3148 ἀξίους
3733 3088 3822 3138 αύ-

2240 3174 2332 3228 τοῦ
2373 3173 2628 3241 γενέσθαι
2669 3173 3019 3242 χαρισθεϊσαν
3048 3174 3180 3242 ὑμῖν
3209 3173 3442 3242 δύναμιν
3475 3178 3590 3238 τοῖς
3622 3177 3820 3230 ἑαυτοῦ

2245 3263 2506 3332 ίδιὼμασι-
2525 3263 2590 3316 δι’
2621 3263 2801 3317 αὐτῶν
2832 3263 3000 3316 τῶνιδ
3049 3263 3226 3333 ἔργων
3267 3265 3364 3318 καὶ
3406 3266 3506 3335 τῆς
3559 3267 3824 3336 ἀληθείας

2241 3356 2511 3425 ἀριδήλως
2544 3355 2894 3424 ὡραϊσμένην
2929 3355 3275 3423 ἐκφαίνοντα,
3310 3357 3503 3426 μέχρις
3552 3359 3690 3426 ἐμοῦ
3726 3358 3818 3411 τοῦ

2245 3446 2444 3518 μικροῦ
2477 3447 2569 3498 καὶ
2607 3446 2834 3516 μηδενὸς
2881 3444 3032 3509 ἀξίου
3078 3447 3174 3499 καὶ
3205 3447 3452 3516 ἀμαθοῦς
3498 3449 3596 3501 καὶ
3640 3451 3822 3518 πάσης

2241 3536 2452 3608 γυμνοῦ
2489 3537 2837 3590 παντάπασιν
2865 3537 3066 3606 ἀρετῆς
3093 3538 3185 3590 καὶ
3218 3540 3497 3605 γνώσεως.
3529 3541 3669 3609 Περὶ
3697 3543 3818 3593 τού-

2241 3647 2336 3682 του
2363 3629 2800 3690 ταπεινωθέντας
2833 3628 3102 3698 θεώμενος
3133 3631 3373 3700 ἐμαυτὸν
3398 3631 3456 3683 δὲ
3509 3633 3526 3700 (
3555 3634 3714 3702 117
3743 3651 3773 3686 α
3799 3633 3816 3703 )

2242 3719 2642 3784 καταδέξασθαι
2669 3718 2824 3789 ὑμῶν
2847 3720 2910 3771 τὸ
2941 3721 3224 3789 ἐπίταγμα
3247 3721 3387 3775 κατά
3410 3722 3647 3792 δύναμιν
3677 3725 3817 3776 ἐϐια-

2245 3807 2446 3877 σάμην,
2485 3807 2690 3877 μηδένα
2729 3808 2825 3859 τοῦ
2878 3810 3159 3878 προπετὴς
3188 3809 3512 3880 νομισθῆναι
3541 3815 3658 3875 τοῖς
3688 3812 3816 3865 πολ-

2241 3899 2352 3961 λοῖς
2412 3899 2563 3968 ὑμῶν
2626 3899 2786 3970 χάριν
2846 3900 3219 3969 ποιησάμενος
3280 3901 3471 3969 λόγον’
3537 3903 3678 3955 ἀλλά
3725 3902 3816 3955 καὶ

2243 3990 2400 4058 ὑμεῖς
2425 3990 2517 4042 τὸν
2546 3989 2818 4060 προσφιλῆ
2850 3991 2943 4043 καὶ
2971 3992 3234 4061 ἐράσμιον
3261 3993 3360 4060 τῆς
3391 3994 3707 4057 εὐπειθείας
3727 4011 3815 4063 μι-

2243 4081 2368 4133 σθὸν
2409 4081 2718 4134 ἀντιλαϐεῖν
2756 4081 3096 4150 ἐκδεχομένῳ
3129 4081 3230 4144 τὰς
3263 4083 3544 4150 ὑμετέρας
3580 4086 3815 4143 ἐκτενεῖς

2242 4173 2406 4240 εύχάς
2435 4172 2683 4242 συνήθως
2713 4172 3032 4243 χαρίσασθε,
3059 4173 3209 4235 ὅπως
3254 4175 3494 4244 Χριστὸς
3525 4177 3553 4226 ὁ
3580 4176 3745 4238 Θεὸς,
3783 4177 3814 4241 ἡ

2241 4262 2430 4332 ἑτοίμη
2463 4262 2572 4314 τῶν
2601 4263 2952 4332 φοϐουμένων
2983 4262 3146 4314 αὑτὸν
3180 4264 3404 4332 βοήθεια
3423 4303 3438 4326 ,
3478 4266 3624 4319 έλθοι
3655 4268 3700 4299 ⁸⁸
3733 4284 3814 4336 μοι

2241 4351 2318 4420 τῷ
2360 4352 2504 4422 λόγῳ
2535 4351 2854 4422 σύμμαχος,
2890 4351 3090 4421 μᾶλλον
3118 4352 3175 4404 δὲ
3209 4353 3301 4405 τὸν
3342 4354 3439 4407 τοῦ
3483 4355 3668 4424 λέγειν
3703 4358 3814 4410 ὅλον

2242 4443 2486 4506 εὐσεϐῶς
2517 4443 2594 4506 ὠς
2642 4444 2815 4512 Λόγος
2849 4446 3144 4515 χορηγήσοι
3179 4444 3362 4513 λόγον.
3408 4447 3568 4512 Ἀξιῶ
3599 4449 3657 4501 δέ
3680 4449 3816 4518 ὑμᾶς

2240 4535 2671 4604 ἐντυγχάνοντας
2692 4576 2706 4597 ,
2757 4535 2832 4604 μὴ
2881 4535 2980 4604 τὴν
3033 4535 3495 4606 κεκομψευμένην
3543 4538 3818 4606 ἐπιζητεῖν

2243 4627 2378 4696 πρὸς
2426 4625 2562 4696 ἐμοῦ
2609 4626 2776 4692 λέξιν,
2821 4627 2946 4686 τοὺς
2978 4627 3468 4695 περικομποῦντας
3509 4630 3609 4697 τὴν
3658 4633 3820 4699 ἀκοὴν

2241 4717 2434 4784 λόγους
2491 4717 2592 4769 οὑκ
2648 4715 2883 4785 ἔχοντος,
2922 4717 3014 4769 καὶ
3075 4717 3195 4778 ταῖς
3257 4719 3584 4791 περιέργοις
3633 4724 3820 4789 τομαῖς

2243 4806 2689 4877 ὲμπεριηχήτους
2717 4807 2893 4858 ποιεῖν
2923 4803 3267 4872 ἀγνοοῦντος.
3317 4803 3577 4882 Ἀτριϐὴς
3603 4810 3712 4878 γὰρ
3753 4808 3822 4861 ὢν

2245 4897 2354 4949 τῶν
2385 4896 2644 4948 τοιούτων
2679 4897 3040 4966 μαθημάτων,
3067 4897 3162 4950 καὶ
3195 4898 3298 4967 τῆς
3337 4901 3427 4952 ἐπ’
3459 4902 3643 4964 αὐτοῖς
3673 4901 3822 4971 μελὲ-

2246 5004 2346 5057 της
2391 4988 2619 5058 ἄπειρος
2648 4989 2958 5058 τυγχάνων,
2989 4987 3275 5057 ἀγαπητὸν
3301 4990 3555 5062 ἡγοῦμαι
3596 4994 3692 5046 καὶ
3731 4994 3822 5045 ἐπι

1876 5099 2112 5156 νΑΒιΑΞ
2154 5100 2448 5155 LECTION
2458 5102 2560 5157 ES.

619 5192 666 5223 ⁸⁸
690 5193 815 5246 Haec
843 5195 1096 5263 imperite
1125 5196 1291 5248 vertit
1317 5195 1534 5256 Scotus,
1571 5193 1717 5264 quod
1751 5193 1973 5246 cuilibet
2005 5202 2175 5262 patet.
2203 5193 2399 5262 (Gale).
2461 5197 2506 5228 ⁸⁸
2531 5195 2826 5262 ἐπανάγειν
2865 5195 2955 5250 ed.
3006 5193 3123 5247 Gal.

619 5277 704 5313 αν.
755 5263 950 5325 lGale.)
1043 5266 1086 5294 ⁸⁸
1140 5267 1272 5331 ἡμῖν
1329 5265 1419 5317 ed.
1467 5265 1586 5318 Gal.
1712 5265 1755 5293 θ’
1814 5261 2063 5328 θεολόγον
2117 5263 2418 5331 Γρηγορίου
2457 5266 2548 5319 ed.
2581 5264 2700 5318 Gal.
2783 5266 2829 5298 ⁸³
2853 5263 3024 5317 καὶτὸ
3047 5280 3122 5315 πα

565 5262 704 5313 οίαν.
755 5262 950 5325 lGale.)
1043 5266 1086 5294 ⁸⁸
1140 5267 1272 5332 ἡμῖν
1329 5265 1419 5317 ed.
1467 5265 1586 5318 Gal.

3203 5196 3260 5268 “7
3287 5195 3494 5253 Scotus
3527 5201 3667 5253 male
3703 5196 3824 5268 legit

2783 5266 2829 5338 f’
2853 5267 2950 5338 και
2965 5263 3024 5314 τὸ
3047 5267 3310 5334 παμφαὲς
3352 5269 3479 5321 κατ’
3510 5271 3680 5337 αὐτὴν
3712 5263 3822 5338 χρι-

569 5333 910 5396 στοπρεποῦς
945 5333 1097 5402 ὑμῶν
1127 5331 1398 5402 πτωχείας
1421 5334 1510 5389 ed.
1541 5335 1657 5389 Gal.
1724 5332 1768 5364 ⁸⁵⁵
1789 5332 1892 5384 τῶν
1921 5332 2079 5386 abest
2108 5331 2175 5384 ab
2205 5331 2294 5385 ed.
2321 5332 2438 5388 Gal.
2515 5335 2559 5366 “
2583 5335 2710 5405 ἔλθῃ
2731 5334 2822 5389 ed.
2857 5334 2972 5389 Gal.

640 5505 717 5639 ξύ)
753 5507 918 5562 Verte
946 5512 1104 5566 vobis.
1138 5513 1337 5583 (Galc.)

665 5575 711 5639 e)
742 5574 922 5628 Credo
949 5580 1153 5639 legerat
1183 5583 1337 5639 doéu'

665 5575 711 5659 e‘)
741 5574 922 5659 Credo
949 5574 1162 5659 legerat;
1183 5574 1474 5659 ἀσεμνους.
1512 5585 1711 5657 (Gale.)

645 5641 710 5709 (ἶ)
741 5641 882 5711 Lege
906 5641 1071 5700 nobis.
1105 5641 1301 5720 (Gale.)'

2044 5425 2300 5499 NOTAE._

2321 5515 2394 5600 $9)
2414 5518 2613 5600 ἔθεινε
2627 5521 2830 5600 legisse.
2848 5519 3067 5600 videtur
3085 5519 3264 5600 ἓδίριςν
3283 5524 3437 5591 (ιιιοά
3460 5525 3730 5600 memm-
3745 5521 3820 5600 lsi:

2272 5657 2283 5667 Ι
2318 5587 2394 5668 (_h)
2426 5590 2567 5668 Quid
2595 5587 2907 5668 hiEScotus
2932 5588 3127 5668 legerit
3156 5587 3462 5668 incertu_m.
3501 5587 3822 5668 Tépqiqtli‘d

2241 5657 2353 5709 sint
2385 5658 2625 5726 explicat
2657 5657 3032 5730 Hermogenes
3061 5657 3097 5712 l.
3154 5675 3217 5724 ιι,
3250 5661 3320 5716 de
3358 5657 3601 5720 Formis'.
3632 5657 3820 5735 (Cale).
