4066 6150
374 330 531 413 ‘1065

1584 352 2102 416 AMBIGUORUM
2138 354 2389 419 LIBER.

3490 367 3627 430 1066

388 455 604 520 ευκτδν,
630 453 679 506 εί
701 452 800 526 τῆς
821 452 1059 518 διανοίας
1080 452 1173 508 τοῦ
1199 452 1357 524 ἁγίου
1374 453 1565 512 τούτου
1595 457 1691 509 καὶ
1715 458 1944 528 μεγάλου

2055 463 2159 515 iste
2188 460 2296 527 vir,
2322 461 2465 516 sicut
2494 462 2669 528 scitis,
2696 463 2883 520 brevis
2913 466 3262 521 sermonibus
3288 466 3419 521 dum
3452 468 3546 535 sit,
3570 480 3632 525 et

387 543 734 611 διδασκάλου,
767 543 869 599 κᾶν
897 545 955 597 ὲν
986 543 1180 616 χυδαίᾳ
1205 544 1423 615 φράσει,
1445 545 1720 599 καὶτοῦτο
1746 548 1950 613 ποσῶς,

389 636 888 707 καταστοχάσαιμι,
914 637 1046 707 μήτι
1073 636 1130 689 δὲ
1149 635 1194 667 ⁸⁸
1208 634 1284 705 τῷ
1309 635 1614 706 πολυστίχῳ
1634 636 1744 690 τῶν
1761 638 1955 708 ἐξηγή-

390 744 530 780 σεων
555 728 938 798 ἐπισκήπτειν.
979 727 1038 779 '0
1062 726 1323 794 Θεολόγος
1361 725 1470 796 γὰρ
1495 719 1651 788 οὗτος
1677 727 1817 798 ἀνὴρ
1833 770 1847 793 ,
1877 727 1953 791 ώς

388 815 506 868 ῐστε
530 856 547 882 ,
585 816 923 888 βραχυλόγος
964 815 1227 886 ὑπάρχων
1270 815 1366 867 καὶ
1404 814 1665 879 πολύνους
1707 817 1953 887 ἀνάγκην

384 907 569 961 δίδωσι
602 907 683 977 τῷ
721 905 987 971 ἑξαπλοῦν
1020 905 1328 976 βουλομένῳ
1375 906 1467 958 τὸν
1508 906 1673 959 αὐτοῦ
1725 907 1947 974 σκοπὸν,

370 996 488 1067 ,κᾶν
538 998 568 1050 ὁ
621 996 1053 1068 ῥητορικώτατος
1208 995 1305 1048 καὶ
1353 995 1809 1066 φιλοσοφώτατος,
1862 998 1951 1052 διὰ

385 1086 593 1139 πολλῶν
637 1087 776 1138 ίέναι
800 1087 961 1152 ικαὶ
990 1084 1227 1155 μάλιστα
1267 1086 1392 1155 ἐμοὶ
1431 1085 1507 1156 τῷ
1558 1084 1768 1157 ἰδιώτῃ·
1804 1088 1853 1139 εί
1902 1087 1948 1140 δ’

384 1171 526 1242 ὑμᾶς
556 1172 800 1243 συνήθως
827 1175 855 1227 ὁ
888 1172 1139 1244 θεοφιλὴς
1168 1174 1485 1245 ἁνακινήσοι
1531 1171 1691 1244 ζῆλος
1722 1175 1860 1245 πρὸς
1888 1176 1949 1229 τὺ

382 1261 646 1333 σύντομον
692 1262 811 1332 ἆμα
851 1264 947 1317 καὶ
990 1264 1258 1336 εὐφραδὲς
1297 1265 1368 1317 τὰ
1411 1266 1733 1336 γραφόμενα
1781 1281 1947 1336 μετα-

378 1352 624 1424 κομίσαι,
655 1354 687 1425 ἢ
719 1354 814 1408 καὶ
846 1348 952 1408 τὸν
970 1354 1094 1409 νοῦν
1125 1356 1245 1409 ὅλον
1280 1355 1680 1425 διορθώσασθαι
1724 1358 1860 1427 πρὸς
1884 1357 1947 1410 τὸ

377 1442 731 1514 ὑψηλότερον,
761 1445 953 1522 μισθὸν
993 1445 1255 1516 αὐτοτελῆ
1286 1445 1543 1517 λήψεσθε,
1572 1446 1673 1510 τὰς
1697 1446 1790 1499 τοῦ
1826 1447 1945 1500 θεο-

2043 550 2262 605 multus
2302 553 2620 620 intellectu,
2651 557 3031 611 necessitatem
3072 558 3165 612 dat
3205 559 3496 627 explanare
3536 574 3632 617 vo-

2053 639 2189 695 lenti
2211 642 2332 711 ejus
2360 641 2743 711 inlentionem,
2763 648 2866 701 etsi
2889 647 3315 704 facundissimus
3335 658 3392 705 et
3413 652 3631 721 sapien-

2057 731 2306 789 tissimus
2333 733 2394 805 (i)
2425 737 2482 789 in
2514 737 2700 792 multis
2733 739 2824 803 sit,
2850 746 2906 794 et
2931 741 3103 811 magis
3130 741 3264 795 mihi
3297 742 3539 797 indocto.
3568 742 3627 798 Si

2052 836 2190 876 vero
2218 837 2316 878 vos
2341 835 2603 880 consuete
2626 827 2744 881 Deo
2765 828 3013 884 amabilis
3039 832 3270 886 moverit
3296 833 3468 897 zelus,
3494 832 3626 887 dum

2051 912 2119 965 ad
2168 912 2337 969 breve
2379 915 2542 969 simul
2578 932 2651 971 ac
2694 917 2916 986 planum
2955 935 3039 985 ea,
3071 936 3192 991 quae
3231 924 3436 992 scripta
3473 933 3622 989 sunt,

2050 1002 2371 1070 deferimus,
2402 1022 2503 1061 nos
2535 1009 2707 1078 magis
2740 1025 2903 1078 quam
2936 1020 3108 1066 totum
3144 1014 3485 1069 intellectum
3518 1016 3627 1069 eri-

2042 1093 2228 1163 gimus
2260 1096 2328 1150 ad
2365 1097 2421 1151 id
2450 1099 2602 1167 quod
2633 1103 2907 1157 excelsius
2939 1112 3055 1168 est,
3084 1107 3395 1162 mercedem
3431 1123 3533 1177 per
3564 1124 3623 1163 se

2046 1184 2345 1252 perfectam
2374 1190 2677 1259 accipietis,
2702 1191 2903 1247 Deiferi
2928 1194 3076 1251 illius
3103 1197 3313 1253 scilicet
3342 1200 3409 1254 ad
3440 1201 3625 1254 Domi-

2044 1289 2182 1328 num
2229 1279 2482 1332 omnium
2530 1284 2838 1349 orationes,
2869 1294 3059 1355 utpote
3099 1304 3212 1343 non
3257 1292 3624 1348 concedentes

2048 1364 2172 1434 ejus
2194 1364 2413 1422 divinos
2438 1378 2495 1423 et
2520 1377 2969 1440 supernaturales
2987 1378 3306 1435 intellectus
3334 1384 3534 1451 spretis
3559 1400 3623 1439 ac

2047 1453 2253 1510 vilibus
2307 1460 2534 1513 tractari
2588 1466 3160 1535 contemplationibus.
3209 1470 3623 1542 Consequentcr

377 1532 544 1617 φόρου
577 1535 714 1606 πρὸς
743 1536 836 1588 τὸν
864 1536 1146 1606 Δεσπότην
1173 1536 1282 1589 τῶν
1330 1536 1466 1589 ὅλων
1497 1537 1667 1607 εὐχὰς
1690 1578 1705 1604 ,
1723 1537 1835 1632 ,ἅτε
1869 1537 1944 1608 μὴ

2042 1554 2230 1601 autem
2262 1560 2460 1606 vestrae
2497 1552 2745 1622 epistola:
2782 1532 2884 1627 per
2917 1559 3133 1630 singula
3172 1561 3348 1631 capita
3386 1532 3621 1632 inquisi-

376 1606 835 1697 συγχωρήσαντες
865 1625 884 1695 (
906 1626 1070 1696 117
1097 1626 1163 1696 ὁ)
1195 1626 1363 1679 αὑτοῦ
1398 1627 1622 1724 τὰᾳθεῖα
1649 1630 1745 1681 καὶ
1775 1606 1944 1724 ὑπερλ

2533 1606 2555 1622 ,
2785 1606 2874 1627 τη
2920 1606 3002 1612 __--
3048 1606 3133 1614 _-_
3175 1606 3232 1614 ν..
3276 1606 3348 1615 η..
3386 1606 3589 1632 ...Ὶυηη

2049 1635 2256 1691 tionem
2300 1638 2427 1705 feci,
2459 1649 2516 1695 et
2556 1642 2755 1699 litteris
2801 1606 3203 1715 commetndavi,
3236 1606 3411 1708 bonos
3455 1663 3621 1724 atque

374 1713 486 1784 φυῆ
515 1717 762 1787 νοήματα
804 1719 924 1780 ταῖς
955 1715 1308 1779 ἀποτεύκτοις
1325 1718 1368 1749 ⁸⁷
1404 1718 1498 1770 καὶ
1542 1719 1943 1789 χαμαιπετέσιν

2047 1724 2442 1784 misericordes
2460 1744 2559 1786 vos
2583 1747 2774 1788 eorum
2801 1751 2924 1805 quae
2946 1737 3093 1794 dicta
3123 1749 3252 1795 sunt
3265 1742 3479 1813 judices
3500 1744 3619 1799 fieri

372 1805 650 1870 ἐπιϐολαῖς
683 1807 1119 1879 παρασύρεσθαι.
1161 1807 1498 1873 Ἀκολούθως
1521 1809 1578 1862 δὲ
1610 1812 1674 1880 τῇ
1700 1810 1944 1881 ὑμετέρᾳ
1974 1798 2016 1852 Β
2042 1810 2369 1882 deprecans.
2817 1798 2837 1805 -
3134 1844 3139 1849 ·

369 1900 628 1971 ἐπιστολῇ
692 1901 791 1973 τὴν
858 1902 989 1972 περὶ
1020 1902 1253 1956 ἑκάστου
1295 1902 1594 1971 κεφαλαίου
1641 1904 2012 1997 ποιησάμενος
2050 1906 2280 1978 ζήτησιν
2331 1914 2643 1986 κατεθέμην
2696 1918 2775 1990 τῷ
2828 1921 3145 1993 γράμματι,
3199 1930 3470 1997 χρηστοὺς
3524 1931 3619 1983 καὶ

371 1991 786 2064 φιλανθρώπους
811 1994 955 2065 ὑμᾶς
985 1993 1094 2048 τῶν
1124 1994 1432 2064 λεγομένων
1457 1993 1650 2065 κριτὰς
1683 1994 1939 2063 γενέσθαι
1976 1999 2330 2068 παρακαλῶν.
2358 2028 2371 2035 ·

383 2175 485 2230 Ἐκ
508 2176 616 2231 τοῦ
648 2178 783 2246 περὶ
817 2180 1229 2248 φιλοπτωχίας
1255 2179 1463 2247 λόγου,
1502 2180 1590 2243 είς
1617 2176 1704 2242 τὸ,
1748 2196 1775 2229 ·‹
1806 2179 1938 2233 Φει-

440 2268 616 2338 δομαι
654 2270 735 2333 ὡς
773 2269 1075 2338 συνεργοῦ
1099 2309 1113 2334 ,
1158 2269 1258 2322 καὶ
1309 2271 1420 2322 οὐκ
1451 2267 1569 2337 ἔχω
1605 2267 1732 2333 πῶς
1770 2270 1938 2339 φύγω

439 2361 556 2429 τὴν
585 2361 1026 2424 ἐπανάστασιν,
1063 2361 1103 2430 ἢ
1139 2360 1265 2427 πῶς
1303 2361 1388 2430 μὴ
1422 2361 1541 2414 ἀπὸ
1572 2360 1719 2415 Θεοῦ
1771 2360 1937 2415 πέσω

428 2452 721 2519 ,ϐαρηθεὶς
765 2451 895 2518 ταῖς
957 2452 1168 2517 πέδαις
1227 2451 1657 2519 κατασπώσαις
1704 2454 1744 2518 ἣ
1804 2468 1936 2506 κατ-

435 2546 723 2613 εχούσαις
748 2548 835 2610 είς
864 2543 1087 2614 ἔδαφος
1129 2544 1226 2614 (l).
1277 2562 1295 2594 ι

436 2636 510 2688 Οὐ
544 2636 735 2688 ταυτὸν
751 2634 827 2705 τῷ
848 2633 1271 2690 κατασπᾶσθαι
1292 2634 1352 2687 τὸ
1367 2635 1727 2705 κατέχεσθαι
1745 2637 1932 2709 νενόη-

2035 2180 2128 2237 Ea;
2171 2200 2411 2241 sermone
2457 2191 2521 2243 de
2558 2192 2946 2264 hospitalitate,
2976 2198 3032 2251 in
3074 2200 3172 2252 hoc
3216 2216 3234 2254 :
3283 2219 3301 2251 ι
3346 2201 3518 2257 Ρανεο
3557 2212 3616 2259 ut

2109 2281 2468 2347 coeperatori,
2500 2292 2549 2336 et
2581 2299 2683 2337 non
2717 2286 2879 2340 habeo
2911 2290 3167 2358 quomodo
3199 2292 3403 2361 fugiam
3434 2311 3618 2365 super-

2108 2375 2357 2435 ventum;
2377 2380 2472 2424 aut
2511 2376 2769 2442 quomodo
2811 2393 2916 2430 non
2959 2397 2990 2433 a
3031 2378 3142 2433 Deo
3176 2380 3385 2447 cadam,
3418 2399 3617 2452 grava-

2109 2466 2192 2513 tus
2244 2460 2313 2530 (j)
2363 2465 2539 2532 pueris
2588 2464 2958 2537 deripientibus
3014 2477 3109 2523 aut
3162 2470 3506 2527 detinentibus
3557 2475 3614 2529 in

2108 2555 2326 2602 terram.
2361 2568 2380 2601 ι

2105 2637 2225 2692 Non
2255 2641 2310 2694 id
2341 2642 2519 2711 ipsum
2560 2646 2730 2718 deripi
2763 2616 2911 2719 quod
2938 2659 3023 2706 est
3052 2654 3276 2710 detineri
3304 2658 3485 2712 visum
3527 2669 3614 2715 est

360 2744 453 2781 ται
480 2725 558 2796 τῷ
591 2725 848 2796 μακαρίῳ
874 2724 1049 2796 τούτῳ
1075 2725 1257 2795 ἀνδρὶ,
1290 2723 1364 2796 μὴ
1390 2724 1530 2778 οὕτω
1555 2728 1806 2798 νομίσῃς,
1843 2728 1932 2782 δο-

364 2817 662 2888 κιμώτατε,
696 2819 855 2887 εἰπερ
882 2820 935 2870 τί
968 2834 1049 2870 σοι
1083 2821 1223 2871 νοεῖν
1256 2819 1355 2887 τῆς
1379 2819 1545 2873 αὐτοῦ
1576 2820 1933 2889 μεγαλονοίας

360 2908 513 2972 ἄξιον
540 2908 958 2962 διεσπούδασται
979 2924 993 2938 ο
1022 2908 1146 2961 ἐπεὶ
1174 2914 1425 2979 περιττὸς
1449 2909 1593 2963 οὔτω
1615 2914 1728 2973 τοῖς
1753 2910 1932 2979 λόγοις

2034 2726 2196 2783 beato
2226 2728 2358 2783 huic
2378 2732 2528 2799 viro;
2549 2750 2729 2804 neque
2749 2737 2829 2791 sic
2846 2739 3157 2807 arbitreris,
3190 2746 3611 2815 probatissimo,

2033 2814 2076 2868 si
2102 2818 2237 2884 quid
2277 2819 2374 2873 tibi
2399 2824 2706 2893 intelligere
2726 2827 2900 2895 ipsius
2916 2833 3368 2901 magnanimitate
3385 2839 3612 2909 dignum

2031 2906 2395 2965 sollicitudini
2443 2913 2535 2967 sit.
2568 2915 2705 2973 Nam
2746 2921 3061 2988 superfluus
3113 2927 3301 2981 verbis
3350 2938 3406 2983 et
3447 2906 3611 2985 intel-

264 3539 271 3543 “
356 3548 479 3602 νοῦν
509 3550 795 3619 ἐφίστησιν
825 3549 1175 3620 ὑψηλότερον,
1209 3549 1276 3601 ἵν’
1306 3548 1510 3619 ὑψηλὸς
1552 3550 1740 3621 ὑψηλῷ
1768 3551 1924 3618 διαγ-

360 3000 455 3051 καὶ
487 2998 578 3051 τὸν
606 2997 730 3052 νοῦν
758 2999 836 3069 τῷ
865 2999 1009 3068 λόγῳ
1042 2999 1117 3070 μὴ
1150 3001 1509 3070 ἐφιστάμενον
1536 3001 1678 3073 ἔχων
1717 3005 1930 3073 ἀναφα-

2038 2993 2235 3049 lectum
2262 3012 2552 3056 sermones
2568 3008 3074 3073 supereminentem
3103 3027 3213 3067 non
3236 3015 3457 3073 habens
3489 3034 3611 3075 ma-

359 3090 584 3160 νήσεται
606 3132 620 3151 ,
652 3090 809 3161 εἴπερ
844 3091 918 3160 μὴ
953 3090 1103 3162 πάσῃ
1149 3090 1385 3162 συλλαϐῇ
1435 3093 1621 3163 σχεδὸν
1663 3094 1761 3166 τὴν
1796 3096 1931 3166 πρέ-

2038 3085 2409 3156 nifestaretur,
2446 3092 2637 3149 sinon
2684 3099 2834 3151 omni
2882 3099 2999 3156 fere
3047 3105 3273 3173 syllabae
3317 3109 3609 3169 decentem

359 3196 568 3234 πουσαν
598 3180 886 3250 ἐνθέμενος
917 3180 1126 3235 ἔννοιαν
1162 3183 1301 3252 πρὸς
1330 3183 1398 3235 τὰ
1437 3185 1704 3240 κάλλιστά
1737 3192 1797 3239 τε
1835 3189 1929 3241 καὶ

2038 3176 2284 3236 inserens
2312 3185 2564 3240 notitiam
2594 3228 2609 3252 ,
2656 3189 2723 3243 ad
2783 3193 3161 3260 pulcherrima
3210 3207 3266 3253 et
3318 3203 3476 3259 utilia
3523 3220 3611 3261 se-

361 3273 610 3345 χρήσιμα
638 3274 764 3336 τοὺς
789 3273 1020 3360 ὀπαδοὺς
1047 3273 1261 3344 ὁδηγεῖν
1292 3275 1454 3327 παντὶ
1485 3277 1669 3345 τρόπῳ
1704 3277 1927 3346 διεγνω-

2038 3277 2263 3337 quentes
2335 3274 2631 3344 ducendo,
2712 3282 2824 3335 ullo
2887 3286 3052 3339 modo
3119 3288 3463 3360 disceptandi
3515 3312 3608 3351 re-

358 3364 510 3418 κέναι
541 3351 867 3435 ὑποληφθῇ.⁸
901 3367 1013 3435 Οὐχ
1053 3364 1224 3418 οὕτω*
1250 3366 1306 3426 δὲ
1345 3367 1499 3419 ταῦτ’
1546 3367 1680 3438 ἔχει,
1728 3370 1924 3436 πόθεν;

2038 3358 2401 3429 linqueretur:
2458 3366 2575 3420 Non
2625 3368 2708 3423 sic
2766 3371 2883 3426 haec
2935 3375 3145 3431 habent
3189 3395 3247 3434 se
3273 3351 3460 3453 longe,
3509 3389 3605 3443 sed

356 3455 493 3510 ἀλλὰ
522 3456 615 3510 καὶ
637 3455 713 3526 νῷ
741 3457 898 3524 λόγον
940 3456 1089 3526 σοφῷ
1111 3456 1413 3524 συνίστησι,
1451 3457 1543 3510 καὶ
1568 3458 1710 3526 λόγῳ
1737 3458 1927 3529 ὑψηλῷ

2038 3458 2084 3504 ει
2140 3450 2450 3509 intellectui
2515 3472 2829 3516 sermonem
2887 3467 3168 3535 sapienter
3226 3450 3565 3534 constituunt
3586 3492 3626 3546 ,ο

2026 3547 2083 3594 et
2111 3556 2419 3601 sermonem
2472 3552 2753 3606 excelsum
2806 3559 3059 3613 excelsus
3105 3568 3485 3632 supereminet
3515 3571 3603 3626 in-

2028 3631 2314 3700 tellectus,
2381 3646 2443 3691 ut
2507 3646 2760 3700 excelsus
2811 3650 3031 3705 excelso
3085 3657 3492 3726 annuntietur,
3545 3673 3602 3719 et

2024 3722 2273 3779 veritatis
2295 3727 2697 3798 aliquantulum
2729 3753 2796 3790 ex
2824 3741 3094 3799 ambobus
3137 3745 3357 3805 interim
3385 3754 3597 3822 multis,

2024 3822 2122 3867 aut
2163 3816 2330 3870 etiam
2364 3821 2624 3879 omnibus
2671 3825 2816 3881 invia
2868 3834 3187 3902 magnitudo
3246 3816 3595 3900 ostendatur:

2024 3903 2095 3960 Ut
2118 3922 2258 3971 vero
2281 3911 2569 3968 manifesta
2613 3917 2875 3976 nobis-sit
2900 3926 3080 3981 omnis
3105 3944 3305 3985 eorum
3330 3950 3452 4003 qua:
3513 3937 3596 3991 di-

2026 4004 2115 4050 cta
2142 4008 2275 4053 sunt
2301 4001 2634 4073 obscuritas,
2662 4010 2791 4079 ipsa
2830 4021 2967 4069 utse
2997 4016 3202 4073 habent
3242 4001 3389 4077 beati
3411 4028 3595 4083 οοιιδίτ

2021 4083 2339 4143 derabimus
2377 4093 2536 4148 verba
2577 4114 2589 4148 :
2629 4116 2647 4148 ι
2673 4100 2866 4167 Pareo,
2902 4104 3182 4175 inquit,ut
3208 4116 3590 4182 cooperatori,

350 4186 470 4248 πῶς
526 4185 600 4257 μὴ
645 4187 755 4255 ana
803 4185 936 4240 Θεοῦ
992 4186 1165 4252 πέσω,
1222 4187 1483 4259 βαρηθεὶς
1536 4190 1655 4252 ταῖς
1707 4190 1919 4258 πέδαις,

2038 4184 2078 4231 ιι
2103 4193 2215 4233 non
2254 4182 2433 4239 habeo
2476 4191 2758 4256 quomodo
2794 4193 3000 4265 fugiam
3028 4212 3460 4272 superventum,
3497 4219 3596 4265 aut

350 4276 743 4341 κατασπώσαις
764 4276 797 4348 ἦ
830 4278 1188 4348 κατεχούσαις
1219 4281 1298 4342 είς
1322 4279 1539 4349 ἔδαφος.
1565 4280 1729 4334 Ταῦτ’
1751 4282 1919 4336 είπὼν

2038 4274 2299 4339 ιιιοῐηοᾶο
2342 4293 2450 4333 non
2480 4296 2509 4334 a
2542 4282 2650 4345 Deo
2673 4286 2883 4353 cadam,
2913 4301 3170 4360 gravatus
3203 4297 3396 4365 pueris
3444 4301 3595 4356 deri-

350 4367 449 4437 οὐχ
481 4366 658 4436 ἑαυτῷ
702 4368 950 4434 πάντως,
997 4367 1132 4423 ἀλλὰ
1169 4368 1188 4438 (
1216 4370 1377 4439 118
1397 4387 1430 4423 a
1454 4370 1471 4440 )
1491 4370 1579 4463 ot'
1614 4370 1813 4463 ,ἑαυτοῦ
1840 4372 1918 4442 τῷ

2038 4363 2301 4431 aientibus
2320 4380 2413 4425 aut
2436 4372 2813 4433 detinentibus
2838 4380 2898 4434 in
2934 4390 3156 4441 terram.
3189 4363 3221 4438 ι-
3247 4387 3374 4444 Haec
3401 4391 3594 4449 dicens

349 4457 513 4533 κοινῷ
537 4458 633 4528 τῆς
649 4458 1066 4530 ἅνθρωπότητος
1086 4460 1414 4527 διαλέγεται,
1434 4460 1586 4524 εἰδὼς
1608 4461 1691 4514 ὅτι
1711 4464 1817 4525 πᾶς
1832 4480 1917 4525 τις

2038 4472 2135 4511 mon
2168 4459 2236 4513 de
2296 4464 2479 4532 seipso
2512 4468 2758 4533 omnino,
2786 4473 2880 4526 Sed
2916 4490 3014 4543 per
3046 4477 3390 4547 seipsumde
3444 4497 3595 4538 eom-

349 4529 378 4603 δ
410 4553 683 4622 σωτηρίας
711 4554 848 4625 ὲρῶν
886 4555 919 4626 ἢ
968 4553 1164 4625 πράξει
1193 4555 1226 4624 ἧ
1253 4554 1456 4625 θεωρίᾳ
1487 4554 1707 4617 πάντως
1746 4572 1918 4625 προσ.

2038 4551 2549 4611 nuni‘humanitate
2581 4559 2864 4630 disputat,
2900 4566 3093 4623 videns
3118 4571 3248 4639 quia
3288 4575 3471 4629 omnis
3497 4577 3594 4646 qui

346 4641 550 4710 ανέχει.
601 4645 827 4715 ’Λρετῆς
871 4646 980 4716 γὰρ
1014 4646 1108 4698 καὶ
1158 4649 1413 4737 γνώσεως
1450 4648 1624 4737 χωρὶς
1664 4647 1915 4737 οὐδαμῶς

2038 4641 2250 4697 salutem
2288 4656 2454 4708 amat,
2483 4658 2579 4703 aut
2606 4653 2808 4708 actioni
2852 4658 3074 4725 penitus
3120 4670 3216 4716 aut
3252 4641 3594 4737 contempla-

343 4730 515 4794 οὐδεὶς
563 4731 784 4786 πώποτε
831 4737 1014 4803 τυχεῖν
1063 4735 1336 4804 σωτηρίας
1364 4735 1687 4804 ζδεδύνηται.
1742 4736 1916 4808 Είπερ

2038 4729 2156 4784 .ἰοιιί
2200 4736 2455 4790 attendit.
2506 4739 2729 4810 Absque
2783 4747 2931 4800 enim
2978 4749 3206 4825 'virtute
3254 4763 3312 4808 et
3358 4729 3589 4833 scientia

342 4817 436 4875 οὖν
460 4820 569 4875 τῶν
597 4823 685 4878 διὰ
716 4822 968 4892 θεωρίας,
997 4824 1152 4893 φησὶ,
1182 4825 1299 4894 Θεῷ
1332 4825 1798 4895 προσεδρευόντων
1821 4828 1914 4881 καὶ

2038 4822 2218 4877 nullus
2245 4826 2359 4880 ullo
2393 4829 2558 4883 modo
2574 4832 2880 4902 aliquando
2906 4818 3170 4910 consequi
3206 4844 3439 4900 salutem
3487 4830 3593 4917 po-

340 4911 439 4966 τοῦ
488 4914 781 4986 μακαρίου,
809 4914 1041 4977 κάλλους
1082 4917 1550 4985 κατατρυφῶντων
1596 4917 1912 4990 καθέστηκα

2038 4909 2144 4964 uit.
2213 4912 2268 4967 Si
2301 4930 2432 4985 ergo
2460 4934 2557 4987 per
2605 4909 3385 5004 contemplationem,inquit,
3421 4909 3592 4994 collo-

342 4998 456 5073 εἷς,
492 5006 716 5078 εἰρήνην
747 5005 885 5076 ἔχων
918 5008 1231 5062 παντάπασι
1260 5009 1352 5061 καὶ
1388 5010 1680 5080 ἁγιασμὺν,
1709 5011 1785 5074 ὡς
1811 5013 1907 5082 ἐμ-

2038 5008 2266 5057 :atorum
2314 5007 2427 5062 Deo
2490 5019 2548 5065 et
2595 5012 2754 5068 beata
2807 5019 3223 5086 pulchritudine
3264 4998 3586 5085 -fruentium

1646 5103 1880 5161 νΑιιιΑς
1909 5110 2313 5172 LECTIONES.

418 5186 936 5289 ςδῐίεεοξίρείηιιῇήκτέ
963 5191 1982 5289 δὲΒτορεεήτεηξξλξιξιεξιωςςέχξυρόν
2023 5206 2110 5289 ve!
2158 5210 2532 5289 uﬁ76,_quod_
2565 5218 2665 5289 ed.
2714 5219 2831 5276 Gal.
2878 5223 3065 5281 habet.
3142 5228 3186 5261 ετ
3218 5229 3421 5287 Eadem
3445 5235 3589 5289 anti-

336 5270 450 5324 qua
477 5272 671 5313 manus
692 5260 748 5313 in
776 5260 947 5331 marg.
978 5261 1101 5316 cod.
1138 5260 1280 5316 Gud.
1311 5260 1750 5350 emendationem
1770 5260 2063 5342 adscripsit
2086 5260 2537 5346 actedgéargf'79
2557 5260 3065 5362 'édi'E'Ef.’
3218 5260 3326 5325 mu‘

354 3639 650 3710 γέλληται,
688 3640 782 3693 καὶ
832 3640 933 3708 τῆς
982 3640 1241 3711 ἀληθείας
1288 3641 1473 3705 ποσῶς
1512 3642 1579 3696 δι’
1613 3644 1815 3713 ἀμφοῖν
1864 3644 1926 3697 τὸ

354 3729 491 3792 τέως
538 3732 649 3793 τοῖς
698 3730 915 3792 πολλοῖς
947 3731 979 3803 ἢ
1013 3732 1107 3784 καὶ
1140 3734 1308 3786 πᾶσιν
1334 3734 1664 3789 ἀνεπίϐατον
1694 3736 1926 3804 μέγεθος

352 3817 625 3892 διαδειχθῇ
641 3820 706 3874 ⁸⁸.
743 3819 859 3873 Ἵνα
881 3820 937 3873 δὲ
968 3821 1200 3893 φανερὸν
1227 3822 1374 3876 ἆπαν
1403 3825 1533 3894 ήμῖν
1559 3824 1782 3895 γένηται
1815 3825 1924 3879 τῶν

352 3907 660 3979 λεγομένων
683 3911 745 3965 τὸ
770 3912 1017 3981 αἴνιγμα,
1061 3912 1202 3966 αὐτὰ
1229 3913 1305 3976 ὡς
1348 3914 1461 3985 ἔχει
1507 3915 1597 3968 τοῦ
1648 3917 1921 3987 μακαρίου

353 4001 718 4072 σκοπήσωμεν
778 4002 847 4057 τὰ
894 4003 1053 4073 ῥητά.
1093 4004 1372 4075 Φείδομαι,
1426 4006 1613 4076 φησὶν,
1668 4007 1745 4070 ώς
1797 4025 1923 4062 συν·

350 4093 535 4164 εργοῦ,
567 4096 661 4148 καὶ
690 4095 790 4147 οὐκ
834 4093 943 4165 ἔχω
983 4094 1099 4158 πῶς
1131 4094 1288 4163 φύγω
1330 4097 1428 4166 τὴν
1461 4098 1852 4161 ἐπανάστασιν,
1884 4100 1918 4170 ἢ

855 5383 863 5391 ’
1915 5388 2146 5447 NOTAE.

405 5459 469 5601 8)
502 5460 568 5513 Ῑη
597 5452 795 5543 ίηζίίτξδ,
836 5474 1002 5547 "Fide.
1028 5467 1192 5536 [αδίαε
1234 5472 1773 5596 επεραείανεοᾷϐτιιεά
2007 5493 2226 5552 pluram
2280 5502 2531 5561 putarem
2558 5512 2922 5574 'corruptam,
2976 5510 3324 5584 vertissequc
3353 5512 3585 5574 Scotum

444 5530 716 5601 ')‘Puerts,
743 5544 1117 5591 mscutIssune.
1162 5539 1321 5594 Verte
1341 5543 1572 5601 compedz
1613 5561 1691 5601 us.
1722 5562 1907 5601 vmcu-
2005 5555 2217 5601 υϐιίίιξίς.

460 5530 1117 5622 )anlterstinscitissime.
1162 5530 1691 5620 verte'compedibus,
1722 5530 1907 5622 υίηειι-
2005 5530 2221 5622 {redit-is.

338 5598 439 5654 lis:
463 5598 662 5669 (ϐιαιο.)
694 5602 810 5656 Nisi
842 5605 982 5658 infra
1009 5607 1154 5661 idem
1172 5609 1367 5663 vitium
1390 5598 1731 5680 occurreret,
1759 5598 1901 5670 scri—

411 5689 488 5759 (ί)
522 5689 683 5759 Greg.
716 5691 845 5747 Naz.
879 5692 970 5749 0r.
1005 5697 1069 5749 de
1093 5698 1265 5770 Paup.
1300 5719 1480 5757 amore
1511 5718 1629 5774 cap.
1670 5706 1721 5773 7,
1760 5722 1812 5776 p.
1844 5708 1967 5778 261,
2002 5720 2133 5771 tom.
2168 5719 2208 5785 l,
2245 5720 2379 5794 Opp.
2414 5727 2502 5783 ed.
2538 5731 2743 5790 Bened.

476 5792 482 5798 '
575 5783 848 5844 Damon.
883 5787 998 5849 Gn.
1030 5790 1191 5852 XCI.
2197 5783 2202 5785 ν
2290 5783 2344 5794 Η
2543 5783 2742 5790 MM-
3185 5836 3266 5897 35
