4066 6150
511 176 642 242 1007

1665 168 1726 228 S.
1767 164 2054 226 MAXIMI
2088 158 2598 224 CONFESSORIS

3652 154 3785 222 1068

502 301 650 342 unus
671 283 1008 339 constitutus
1062 295 1206 347 sum,
1252 291 1446 350 pacem
1485 279 1699 335 habens
1727 278 1786 332 in
1821 275 2082 332 omnibus

2208 272 2347 325 ιυτδν
2378 269 2640 335 ἀπλώσας
2680 267 2800 341 Θεῷ
2821 307 2838 335 ,
2880 268 3174 342 ἀδιαιρέτῳ
3207 270 3354 326 κατά
3401 268 3518 350 τὴν
3554 268 3784 338 γνώμην

503 384 564 430 et
621 370 1114 429 sanctificationem
1141 410 1158 436 ,
1207 369 1417 439 quippe
1453 382 1542 423 me
1587 369 1768 438 ipsum
1799 367 2110 437 applicans-

2208 362 2497 433 ταυτότητι,
2546 360 2624 433 τῷ
2651 360 2748 424 τάς
2791 358 3021 430 ἀλόγους
3047 360 3303 431 δυνάμεις
3331 361 3451 431 τῆς
3477 358 3674 428 ψυχῆς
3700 359 3784 410 λο-

507 461 624 514 Deo
653 457 1004 527 inseparabili
1038 472 1137 526 per
1165 457 1540 527 cognitionem
1581 455 1970 522 similitudine,
2006 456 2086 510 ir-

513 547 870 604 rationabiles
922 547 1162 602 virtutes
1214 547 1413 602 animze
1461 547 1758 617 cogitando
1801 547 2085 615 decenter,

509 647 568 693 et
619 637 793 692 menti
841 652 943 707 per
999 638 1275 692 rationem
1329 637 1658 692 adducendo
1691 645 1750 694 et
1789 638 2090 694 familiares

504 727 790 794 faciendo,
837 727 1084 784 furorem
1133 728 1262 784 dico
1296 736 1353 784 et
1383 729 1916 799 concupiscentiam,
1964 744 2090 785 eam

513 818 740 888 quidem
766 820 825 874 in
855 819 1205 886 cbaritatem,
1261 836 1389 875 eum
1418 837 1551 876 vero
1583 821 1643 875 in
1665 819 1929 892 gaudium
1971 837 2092 875 mu-

516 917 673 976 tans;
702 909 980 980 siquidem
1004 911 1192 981 gaudii
1216 912 1504 982 proprium
1524 920 1610 968 est
1632 911 1911 967 exsultare
1943 910 2090 965 divi-

505 999 669 1054 .nitus
697 1007 754 1054 et
773 998 974 1065 laetari,
1015 999 1162 1054 sicut
1181 999 1593 1070 praeexsultavit
1617 1014 1687 1054 ex
1714 1007 1889 1052 matre
1928 998 2096 1053 Joan-

517 1105 648 1155 nes,
687 1106 922 1162 magnus
952 1091 1208 1146 veritatis
1265 1105 1580 1161 praecursor
1626 1098 1684 1145 et
1724 1089 2093 1160 praedicator;

507 1191 615 1235 aut
654 1182 828 1247 sicut,
883 1181 1017 1236 dum
1060 1181 1351 1251 quiescere
1385 1181 1519 1237 fecit
1559 1195 1742 1236 arcam
1797 1180 1966 1236 Israel
2002 1194 2100 1233 rex

523 1267 722 1321 David.
757 1267 816 1322 ln
853 1277 1028 1323 matre
1055 1268 1204 1323 enim
1251 1266 1380 1339 (etsi
1417 1266 1658 1323 diﬂicilis
1683 1267 1848 1334 rat-io,
1892 1267 2100 1336 quippe

522 1359 672 1414 invia
709 1359 922 1426 multis,
947 1360 1046 1415 sed
1089 1370 1277 1415 tamen
1306 1361 1461 1431 vera)
1491 1369 1549 1415 et
1570 1375 1673 1416 nos
1700 1368 1758 1415 et
1794 1360 1941 1415 Deus
1967 1359 2103 1413 Ver-

521 1449 654 1503 bum
676 1465 891 1513 sumus,
917 1451 1011 1520 qui
1034 1451 1414 1507 universitatis
1437 1461 1524 1507 est
1543 1452 1718 1506 factor
1734 1460 1791 1506 et
1811 1451 2099 1518 Dominus;

519 1539 618 1609 qui
651 1540 875 1610 quidem
906 1540 964 1596 in
988 1543 1278 1611 praesentis
1311 1541 1439 1597 vitae
1481 1550 1628 1598 statu
1669 1543 1885 1597 occulte
1905 1582 1919 1607 ,
1950 1542 2104 1597 velut

2176 455 2340 526 ογίσαι
2368 471 2429 507 τε
2459 453 2779 526 πρεπόντως
2812 452 2908 506 καὶ
2949 451 3027 522 νῷ
3063 451 3150 506 διά
3189 451 3352 520 λόγου
3387 451 3781 524 προσαγαγεῖν

2188 549 2285 603 καὶ
2313 545 2697 600 οἰκειώσασθαι
2721 583 2737 611 ,
2769 544 2942 616 θυμὸν
2985 543 3130 613 λέγω
3173 543 3266 597 καὶ
3307 539 3654 610 ἐπιθυμίαν,
3697 540 3782 593 τὸν

2193 640 2292 712 μὲν
2319 640 2396 702 εις
2423 637 2670 708 ἀγάπην,
2703 638 2801 708 τὴν
2826 637 2884 690 δὲ
2914 636 2994 700 είς
3025 635 3198 706 χαρὰν
3231 631 3582 705 μεταϐαλὼν
3599 633 3668 698 ⁶⁹,
3705 631 3776 686 ετ-

2191 749 2299 803 περ
2332 731 2506 801 χαρᾶς
2540 729 2670 782 ῐδιον
2699 727 2762 781 τὺ
2791 729 3020 799 σκιρτᾷν
3049 724 3377 797 θεοπρεπῶς
3411 725 3520 778 καὶ
3549 723 3778 791 ἀγάλλε-

2195 822 2322 875 σθαι
2348 821 2489 874 κατά
2517 819 2610 872 τὸν
2639 820 2705 872 ἐκ
2737 819 2948 890 μήτρας
2971 816 3472 890 προσκιρτήσαντα
3509 814 3774 885 Ἰωάννην,

2192 913 2284 966 τὸν
2317 911 2488 982 μέγαν
2519 911 2618 980 τῆς
2663 907 2922 980 ἀληθείας
2957 905 3264 979 πρόδρομόν
3290 921 3355 958 τε
3393 905 3501 958 καὶ
3545 905 3776 975 κήρυκα,

2193 1002 2230 1072 ἢ
2263 1003 2355 1056 τὸν
2397 1001 2491 1054 ἐπὶ
2533 1003 2600 1072 τῇ
2659 999 3002 1055 καταπαύσει
3033 997 3135 1068 τῆς
3157 995 3401 1050 κιϐωτοῦ
3433 994 3538 1048 τοῦ
3577 993 3778 1064 Ἰσραήλ

2199 1092 2424 1164 βασιλέα
2452 1092 2638 1146 Δαϐίδ.
2679 1091 2769 1145 Ἐν
2796 1090 2980 1161 μήτρᾳ
3009 1089 3119 1160 γὰρ
3146 1087 3283 1159 (κᾶν
3313 1088 3369 1140 εί
3411 1087 3632 1157 τραχὺς
3654 1088 3680 1138 ὁ
3704 1085 3780 1138 λό-

2198 1199 2294 1252 γος
2318 1183 2393 1248 ὼς
2423 1183 2654 1255 ἀτριϐὴς
2678 1184 2793 1245 τοῖς
2840 1181 3090 1245 πολλοῖς,
3121 1178 3236 1232 ἀλλ’
3265 1173 3364 1232 οὖν
3397 1176 3652 1247 ἀληθὴς)
3695 1174 3776 1229 καὶ

2199 1275 2361 1344 ἡμεῖς
2385 1273 2482 1327 καὶ
2511 1273 2538 1325 ὁ
2567 1272 2701 1332 Θεὸς
2729 1271 2905 1342 Λόγος
2933 1269 3099 1340 ἐσμὲν
3129 1268 3157 1319 ό
3181 1265 3276 1320 τοῦ
3297 1265 3521 1327 παντὸς
3551 1264 3774 1334 Ποιητής

2200 1367 2296 1418 καὶ
2325 1363 2600 1435 Δεσπότης
2628 1402 2642 1427 ,
2691 1365 2749 1416 ὲν
2793 1365 2860 1434 τῇ
2891 1360 3145 1432 παρούσῃ
3187 1358 3291 1429 τῆς
3334 1357 3498 1426 ζωῆς
3528 1354 3776 1409 καταστά-

2204 1472 2308 1518 σει,
2342 1457 2371 1508 ό
2407 1455 2508 1526 μὲν
2535 1452 2794 1525 ἀμυδρῶς
2821 1452 2897 1515 ὡς
2924 1453 2982 1505 ὲν
3009 1451 3214 1521 μήτρᾳ,
3252 1448 3354 1502 καὶ
3389 1446 3563 1517 μόγις
3600 1445 3674 1514 τῷ
3700 1447 3773 1498 αί-

2206 1545 2390 1616 σθητῷ
2417 1545 2592 1615 τούτῳ
2639 1546 2831 1614 κόσμῳ
2862 1541 3274 1611 διαφαινόμενος
3297 1577 3315 1603 ,
3357 1537 3462 1591 καὶ
3492 1535 3650 1590 τοῦτο
3679 1537 3774 1598 τοῖς

515 1631 578 1686 in
607 1640 805 1696 matre,
842 1639 899 1686 et
938 1632 1032 1686 vix
1075 1633 1358 1688 sensibilis
1398 1633 1531 1689 huic
1583 1634 1796 1690 mundo
1845 1642 2098 1704 apparet,

2208 1637 2346 1691 κατά
2383 1637 2642 1706 Ἰωάννην
2665 1635 2743 1705 τῷ
2769 1633 3046 1704 πνεύματι
3070 1672 3085 1695 ,
3119 1633 3168 1685 ol
3195 1630 3241 1685 δ’
3283 1629 3600 1700 ἄνθρωποι,
3628 1627 3697 1689 ὡς
3721 1628 3772 1678 ὲκ

521 1729 579 1776 et
608 1720 737 1786 hoc,
768 1721 858 1776 bis
877 1721 973 1790 qui
997 1729 1130 1775 sunt
1155 1721 1462 1778 secundum
1489 1723 1755 1779 Joannem
1782 1723 1838 1778 in
1864 1724 2102 1793 spiritu;

515 1812 778 1868 homines
815 1827 945 1867 vero
969 1813 1143 1867 veluti
1171 1828 1240 1868 ex
1283 1824 1483 1881 matre,
1525 1815 1804 1872 materiali
1847 1815 2108 1871 videlicet

514 1904 960 1970 circumstantia,
991 1905 1097 1960 etsi
1118 1905 1388 1976 tantisper
1419 1906 1475 1961 in
1500 1907 1588 1962 bis
1607 1923 1730 1977 quae
1762 1915 1892 1962 sunt
1922 1906 2107 1962 occul-

514 2006 641 2050 :tum
663 1995 1009 2066 perspiciunt
1025 1995 1287 2051 Verbum.
1306 1997 1373 2051 Et
1393 1997 1451 2052 in
1472 1997 1578 2052 hoc
1604 1997 1851 2052 fortassis
1876 1998 1987 2053 sint
2011 1997 2106 2067 qui

515 2085 743 2156 gaudiis
776 2086 1007 2140 Joannis
1055 2085 1350 2155 laetantur;
1394 2088 1463 2143 ad
1497 2087 1834 2144 ineffabilem
1869 2102 2108 2158 namque

520 2174 699 2230 futuri
735 2174 923 2229 saeculi
973 2173 1204 2245 gloriam
1253 2183 1312 2230 et
1355 2176 1684 2240 claritatem,
1729 2184 1787 2230 et
1838 2175 1965 2230 vitae
1985 2192 2107 2246 qua:

523 2267 585 2322 in
613 2267 732 2337 ipso
762 2274 848 2322 est
881 2267 1279 2337 proprietatem
1298 2267 1348 2332 ιι,
1392 2267 1470 2322 nil
1499 2266 1693 2322 matris
1712 2266 2108 2338 distatjudicio

522 2357 763 2413 laetantis
786 2353 1097 2428 comparata
1111 2373 1355 2428 przesens
1373 2359 1508 2425 vita,
1543 2357 1600 2413 in
1624 2374 1733 2429 qua
1758 2366 1984 2429 propter
2007 2373 2110 2413 nos

527 2449 769 2505 infantes
795 2449 1054 2505 sensibus
1078 2450 1245 2515 Deus,
1294 2451 1392 2522 qui
1429 2459 1514 2506 est
1531 2451 1773 2508 Verbum
1801 2449 2110 2520 perfectum

523 2551 585 2596 et
641 2541 766 2612 plus
811 2557 978 2612 quam
1016 2541 1320 2613 perfectum
1350 2582 1366 2608 ,
1413 2551 1477 2598 ut
1529 2542 1866 2609 misericors,
1930 2541 2112 2597 infans

531 2631 711 2688 factus
747 2641 852 2689 est.
887 2634 945 2688 Si
973 2649 1128 2704 ergo,
1154 2642 1217 2688 ut
1245 2633 1460 2688 dictum
1503 2643 1610 2700 est,
1648 2635 1774 2690 talis
1811 2633 1940 2706 quis
1961 2637 2108 2700 sum,

528 2725 783 2794 possibili
830 2725 1154 2780 hominibus
1195 2725 1502 2780 secundum
1556 2736 1889 2797 praesentem
1940 2725 2111 2780 vitam

529 2815 912 2872 transitoriam
947 2816 1003 2870 in
1042 2815 1231 2870 divina
1259 2817 1619 2882 summitate,
1658 2818 1956 2888 neglexero
1979 2829 2114 2872 vero

535 2902 866 2958 deiformem
899 2904 1174 2970 habitum,
1206 2920 1293 2960 me
1328 2905 1507 2975 ipsum
1543 2905 1611 2959 ad
1640 2904 1893 2974 corporis
1928 2904 2111 2960 libens

2209 1726 2424 1798 μήτρας
2455 1725 2557 1796 τῆς
2584 1724 2775 1795 ὑλικῆς
2815 1722 3192 1794 περιστάσεως
3211 1759 3228 1786 ,
3260 1718 3372 1774 κᾶν
3402 1717 3592 1779 ποσῶς
3615 1716 3700 1769 τὸν
3725 1715 3772 1766 ὲν

2205 1819 2318 1881 τοῖς
2348 1811 2500 1870 οὖσιν
2543 1815 2988 1886 ἑγκρυπτόμενον
3016 1810 3412 1873 διαϐλέποντες
3461 1809 3642 1877 λόγον.
3676 1805 3769 1860 Καὶ

2203 1907 2350 1963 τοῦτ’
2399 1908 2575 1980 ἄνπερ
2619 1901 2722 1961 ὦσι
2756 1908 2878 1969 ταῖς
2938 1904 3186 1959 Ἰωάννου
3231 1901 3547 1973 αὐχοῦντες
3589 1900 3768 1970 χάρισι.

2207 2001 2352 2076 Πρὸς
2397 2001 2506 2072 γὰρ
2547 2001 2649 2072 τὴν
2695 1999 2902 2070 ἄφατον
2931 1998 3024 2052 τοῦ
3065 1996 3362 2068 μέλλοντος
3393 1995 3594 2057 αίῶνος
3633 1989 3768 2057 δόξαν

2205 2109 2267 2147 τε
2310 2091 2406 2147 καὶ
2448 2091 2810 2162 λαμπρότητα
2844 2089 2948 2166 ,καὶ
2987 2087 3086 2158 τὴν
3127 2086 3228 2156 τῆς
3271 2083 3409 2138 κατ’
3457 2081 3616 2137 αὐτὸν
3649 2078 3769 2149 ζωῆς

2211 2183 2450 2253 ἰδιότητα
2480 2183 2692 2253 μήτρας
2715 2180 2902 2250 (118
2923 2180 2971 2249 ὁ)
3004 2178 3156 2232 οὐδὲν
3185 2175 3448 2245 διαφέρει
3478 2173 3620 2243 ζόφῳ
3645 2187 3766 2240 περι·

2210 2273 2518 2345 κεχυμένης
2565 2270 2983 2342 συγκρινομένη·
3010 2269 3043 2339 ή
3090 2266 3358 2339 παροῦσα
3391 2264 3511 2335 ζωὴ
3535 2301 3551 2327 ,
3577 2266 3632 2316 ὲν
3660 2255 3765 2334 ᾖδε

2209 2367 2360 2439 ἡμᾶς
2384 2367 2510 2429 τοὺς
2537 2365 2910 2436 νηπιάσαντας
2939 2364 3060 2425 ταῖς
3079 2359 3238 2431 φρεσὶ
3268 2359 3380 2414 καὶ
3408 2359 3439 2410 ὁ
3466 2356 3595 2419 Θεὸς
3615 2355 3759 2422 Λόγος

2211 2459 2416 2522 τέλειος
2446 2456 2521 2511 ῶν
2547 2457 2640 2510 καὶ
2666 2455 2987 2526 ὑπερτελὴς,
3011 2453 3086 2517 ὼς
3117 2449 3539 2522 φιλάνθρωπος,
3570 2445 3754 2515 ὲνηπία-

2215 2568 2328 2605 σεν.
2373 2550 2547 2621 Εἴπερ
2576 2543 2689 2613 οὖν,
2723 2549 2801 2610 ὼς
2841 2547 3057 2618 εἴρηται
3078 2587 3094 2611 ,
3141 2543 3397 2607 τοιοῦτός
3426 2559 3513 2606 τις
3540 2539 3741 2607 ὑπάρχω,

2211 2642 2308 2696 καὶ
2330 2641 2432 2712 τῆς
2455 2640 2682 2710 ὲφικτῆς
2710 2636 3019 2709 ἀνθρώποις
3040 2635 3180 2711 κατά
3204 2634 3313 2705 τὴν
3334 2633 3611 2704 παροῦσαν
3633 2626 3751 2694 ζωὴν

2213 2731 2419 2802 ὲπέσην
2445 2730 2598 2794 θείας
2623 2730 2925 2799 άκρότητος
2946 2768 2962 2793 ,
3007 2724 3275 2796 ἀμελήσω
3306 2723 3368 2778 δὲ
3397 2725 3499 2794 τῆς
3523 2713 3749 2776 θεοειδοῦς

2212 2823 2414 2891 ἕξεως,
2459 2820 2694 2892 ἐμαυτὸν
2744 2819 2881 2890 πρὸς
2923 2817 3024 2888 τὴν
3073 2815 3169 2868 τοῦ
3218 2814 3481 2886 σώματος
3528 2806 3750 2865 ἑκουσίως

2214 2912 2502 2976 ὲπικλίνας
2529 2910 2781 2981 στοργήν,
2815 2903 3202 2974 κατεσπάσθην
3237 2903 3508 2976 βαρηθεὶς
3540 2901 3647 2961 ταῖς
3671 2894 3749 2947 πέ·

536 2992 814 3048 inclinans
843 2992 1202 3061 desiderium,
1231 2994 1498 3065 dereptus
1523 3010 1644 3050 sum
1677 3002 1938 3067 gravatus
1970 3010 2110 3065 pue-

2211 3005 2350 3068 δαις,
2381 3004 2502 3074 ἤτοι
2528 2979 2648 3065 ταῖς
2682 2979 2927 3071 φροντίσι
2953 3038 2968 3063 ,
3023 2998 3117 3050 καὶ
3161 2996 3274 3050 ἀπὸ
3303 2995 3443 3048 Θεοῦ
3474 2992 3673 3052 ἔπεσον,
3692 2985 3752 3048 ὡς

535 3085 637 3150 ris,
672 3084 728 3139 id
756 3092 843 3140 est
866 3085 1038 3152 curis,
1069 3094 1125 3141 et
1157 3101 1188 3141 a
1221 3087 1332 3142 Deo
1367 3087 1567 3153 cecidi,
1623 3095 1814 3158 utpote
1871 3085 1940 3141 de
1992 3086 2113 3141 solo

537 3190 715 3247 regno
740 3175 1012 3232 caelorum
1041 3177 1431 3249 cogitationem
1459 3185 1517 3234 et
1540 3177 1983 3248 inquisitionem,
2023 3177 2114 3232 cui

536 3284 650 3324 non
674 3269 897 3336 licebat,
923 3275 1160 3326 terrenae
1188 3271 1315 3326 dico
1339 3271 1484 3336 vitae,
1511 3271 1846 3334 attribucns,
1890 3277 1947 3324 et
1990 3284 2118 3324 sen-

541 3359 698 3415 sibus
723 3360 1086 3427 conferendo,
1119 3376 1285 3430 quam
1318 3358 1386 3415 ad
1408 3360 1584 3416 Deum
1613 3359 1844 3416 ferendo
1868 3359 2117 3414 animum

541 3453 934 3509 dehonestans.
953 3452 1011 3508 Si
1030 3467 1166 3507 vero
1185 3452 1370 3508 adhuc
1384 3468 1485 3522 per
1507 3451 1739 3507 activam
1763 3452 1930 3506 vitam
1946 3450 2121 3506 bella-

543 3556 631 3600 tor
653 3553 842 3600 contra
872 3553 1110 3600 armatas
1136 3545 1420 3616 passiones
1449 3560 1593 3609 sum,
1617 3544 1861 3600 nondum
1887 3559 1988 3613 per
2024 3557 2120 3600 eas

544 3633 796 3702 accipere
856 3633 1161 3687 volentium
1219 3631 1574 3687 inimicorum
1648 3645 1787 3701 pure
1847 3629 2120 3700 effugiens

546 3722 724 3788 dolos,
749 3730 805 3776 et
836 3721 1080 3777 dilexero
1111 3721 1406 3778 indiscrete
1433 3737 1657 3792 corpus,
1707 3721 1968 3776 detentus
1997 3735 2122 3776 sum

545 3809 617 3864 ab
650 3825 739 3876 eo,
769 3812 1030 3868 videlicet
1062 3812 1131 3868 ad
1177 3815 1315 3870 illud
1344 3813 1598 3870 habitum
1643 3828 1675 3867 a
1702 3813 1912 3867 virtute
1957 3825 2121 3881 sepa-

547 3899 659 3954 rari
690 3916 1052 3970 praesumens.
1101 3903 1382 3975 Deripitur
1420 3903 1606 3972 itaque
1633 3899 2120 3970 contemplativus,

548 3991 948 4049 immoderatus
977 3994 1090 4066 jam
1121 4010 1223 4065 per
1255 3995 1504 4050 habitum
1540 3992 1842 4047 adveniens
1879 3991 2122 4060 corpori,

541 4081 859 4137 divinarum
892 4085 1176 4156 negligens
1204 4083 1738 4154 contemplationum
1784 4099 1798 4135 :
1841 4075 2126 4135 detinetur

547 4189 682 4229 vero
704 4175 939 4241 activus,
960 4177 1176 4248 corpori
1197 4189 1467 4247 pugnans,
1486 4174 1650 4228 datus
1665 4173 1733 4227 ad
1749 4173 1928 4242 ipsum
1946 4171 2126 4226 lucta-

550 4262 710 4328 tioni,
737 4264 1040 4321 laborando
1065 4280 1167 4336 pro
1186 4265 1395 4319 virtute
1419 4277 1542 4334 quae
1557 4271 1642 4319 est
1657 4263 1853 4318 animae
1869 4260 2119 4325 libertas,

495 4407 498 4411 -
547 4389 744 4431 servus
765 4390 886 4432 esse
906 4375 1227 4447 passionum
1254 4375 1484 4446 eligens.

2135 4579 2203 4594 ’ν

2213 3095 2311 3168 τὴν
2343 3095 2472 3164 περὶ
2516 3092 2687 3164 μόνης
2729 3091 2828 3162 τῆς
2876 3089 3154 3160 βασιλείας
3183 3087 3298 3140 τῶν
3347 3083 3589 3156 οὐρανῶν
3627 3077 3753 3150 μέρι-

2219 3185 2359 3257 μνάν
2390 3201 2450 3238 τε
2491 3183 2587 3237 καὶ
2625 3183 2851 3254 ζήτησιν
2893 3173 3005 3248 ᾧτ’
3039 3179 3114 3249 μὴ
3162 3176 3330 3247 θέμις
3373 3171 3463 3246 ἦν,
3511 3174 3574 3242 τῇ
3618 3168 3752 3257 mlta

2215 3254 2359 3345 λέγω
2389 3275 2501 3346 ζωῇ
2529 3315 2544 3339 ,
2577 3271 2937 3344 προσνείμας,
2971 3268 3066 3321 καὶ
3094 3269 3216 3330 ταῖς
3265 3265 3552 3335 αίσθήσεσι
3579 3254 3752 3328 συμφέ-

2219 3363 2410 3438 ρεσθαι
2444 3362 2667 3434 μᾶλλον,
2711 3361 2744 3432 ἢ
2791 3359 2927 3430 πρὸς
2959 3356 3090 3411 Θεὸν
3134 3355 3406 3426 φέρεσθαι
3432 3351 3528 3424 τὴν
3554 3348 3752 3402 διάνοιαν

2219 3456 2612 3526 ἀνασχόμενος.
2645 3453 2710 3508 El
2739 3452 2794 3505 δὲ
2832 3450 2940 3504 τῶν
2975 3449 3056 3502 ἔτι
3088 3448 3178 3503 διὰ
3207 3448 3312 3518 τῆς
3342 3440 3642 3517 πρακτικῆς
3670 3449 3751 3487 ποι

2218 3547 2460 3618 λεμικῶς
2488 3544 2632 3599 κατά
2667 3543 2777 3598 τῶν
2819 3541 3006 3597 παθῶν
3047 3537 3400 3609 ὡπλισμένος
3441 3533 3588 3605 εἰμὶ,
3618 3528 3751 3618 μήπω

2219 3614 2328 3694 τῶν
2373 3639 2443 3692 δι’
2476 3637 2657 3692 αὐτῶν
2706 3635 2849 3688 ἑλεῖν
2888 3631 3227 3703 βουλομένων
3273 3628 3486 3701 ἐχθρῶν
3535 3614 3752 3703 καθαρῶς

2222 3728 2501 3794 ὑπαλύξας
2532 3728 2660 3791 τοὺς
2687 3702 2914 3789 δόλους,
2960 3723 3056 3776 και
3099 3721 3315 3794 στέρξω
3358 3714 3664 3785 ἀδιακρίτως
3703 3702 3751 3757 τὸ

2225 3823 2406 3894 σῶμα,
2451 3819 2788 3890 κατεσχέθην
2837 3815 2928 3869 ὑπ’
2958 3811 3124 3868 αὑτοῦ
3173 3813 3360 3883 δῆλον,
3407 3808 3482 3872 ὡς
3519 3806 3612 3894 τὴν
3643 3794 3752 3868 πρὸς

2223 3890 2358 3968 αὐτὸ
2389 3910 2571 3982 σχέσιν
2601 3907 2694 3963 τοῦ
2723 3907 2790 3960 δι’
2835 3904 3036 3976 ἀρετῆς
3075 3897 3364 3971 χωρισμοῦ
3413 3890 3751 3982 προελόμενοξι

2225 3969 2588 4058 Κατασπᾶται
2639 3993 2732 4053 οὗν
2782 3969 2890 4065 ἀρα
2933 3995 2962 4046 ό
2993 3969 3359 4061 θεωρητικὸς
3417 3985 3652 4076 ἄσχετοςῆ

2225 4091 2368 4148 κατὰ
2415 4089 2514 4161 τὴν
2567 4088 2680 4152 ἕξιν
2733 4063 3016 4155 γινόμενος
3065 4078 3144 4149 τῷ
3199 4078 3436 4150 σώματι,
3485 4069 3587 4161 τῶν

2227 4184 2449 4256 ἀμελῶν
2472 4154 2795 4250 θεαμάτων.
2830 4173 3139 4243 Κατὲχεται
3167 4169 3227 4223 δὲ
3266 4173 3296 4224 ὁ
3323 4158 3618 4256 πρακτικὸς
3645 4154 3756 4256 ξτῴ
3812 4217 3814 4221 ,

2228 4243 2441 4345 σῶματι
2486 4243 2788 4342 μαχόμενος
2811 4307 2826 4332 ,
2900 4265 3132 4326 ἐνδιδοὺς
3168 4263 3237 4333 τῇ
3291 4259 3430 4330 πρὸς
3456 4250 3578 4345 αὐτὸ
3608 4243 3752 4345 attuli,

2235 4337 2331 4420 sal
2387 4337 2499 4417 τοῢ-
2536 4337 2718 4415 πονεῖν
2784 4357 2922 4429 ὑπὲρ
2975 4353 3210 4426 ἀρετῆς,
3276 4353 3399 4423 ἥτις
3455 4343 3568 4398 ἐστὶ
3615 4337 3755 4406 ψυχῆς

2229 4457 2532 4530 ἐλευθερία,
2562 4456 2621 4509 τὺ
2649 4453 2833 4508 δοῦλον
2865 4447 3004 4505 εῖναι
3031 4445 3220 4502 παθῶν
3254 4440 3642 4511 ἐπιλεγόμενος·

554 4645 807 4716 Ejusdem
828 4660 892 4699 ex
913 4643 1092 4698 eodem
1118 4657 1378 4705 sermone,
1411 4639 1470 4694 in
1497 4640 1613 4702 hoc,
1653 4656 1671 4688 ι
1719 4636 1850 4703 Quae
1889 4653 2017 4707 erga
2047 4655 2110 4691 ηις

2242 4639 2348 4693 Ἐκ
2391 4633 2497 4688 τοῦ
2541 4629 2730 4686 αὐτοῦ
2769 4629 2977 4699 λόγου,
3024 4626 3111 4691 εις
3145 4624 3235 4687 τὸ,
3295 4638 3316 4673 ι
3351 4617 3444 4716 Ti};
3467 4612 3504 4680 ἡ
3533 4594 3752 4716 negligi

622 4739 913 4808 sapientia,
968 4743 1018 4789 et
1047 4733 1186 4805 quod
1225 4747 1475 4802 magnum
1506 4729 1815 4799 mysterium
1842 4728 1866 4780 ?
1903 4727 1986 4782 An
2011 4728 2129 4782 vult

505 4876 512 4900 ;
625 4837 834 4898 partem
861 4843 956 4880 nos
983 4841 1090 4879 esse
1118 4824 1234 4889 Dei,
1267 4831 1318 4877 et
1349 4821 1625 4875 desursum
1666 4822 1906 4890 ﬂuentes,
1937 4828 1995 4872 ut
2024 4835 2130 4873 non

503 4908 512 4939 ⁵
625 4936 720 4990 per
747 4920 1061 4989 dignitatem
1095 4915 1339 4980 exaltati,
1369 4922 1420 4968 et
1452 4911 1684 4968 ewlestia
1713 4909 2133 4980 contemplantes

509 5011 516 5072 ξ
627 5011 979 5079 despiciamus
1026 5008 1328 5064 Creatorem
1369 5007 1425 5059 in
1494 5004 1782 5056 luctatione
1839 5019 1901 5055 ac
1950 5018 2131 5072 pugna

509 5079 516 5130 ξ
626 5117 746 5170 qua
792 5108 979 5154 contra
1027 5114 1216 5170 corpus
1244 5106 1340 5162 est,
1383 5094 1454 5149 ad
1497 5095 1670 5164 ipsum
1729 5107 1934 5162 semper
1991 5091 2135 5161 aspi-

2303 4726 2508 4797 σοφία,
2541 4725 2638 4778 καὶ
2668 4724 2724 4777 τί
2750 4721 2817 4776 τὸ
2839 4692 2991 4790 ⁸μέγα
3017 4715 3190 4770 τοῦτο
3212 4697 3628 4797 μυστήριογῖῇ

2303 4781 2470 4871 λέξαι
2497 4781 2780 4883 ’μοῖραντί
2809 4781 2958 4879 illac
2992 4806 3167 4870 ὄντας
3199 4781 3349 4856 θεοῦ
3372 4839 3387 4866 ν
3440 4781 3758 4883 καὶ

2307 4868 2675 4976 βεῦσαξθτᾶς,
2706 4903 2807 4956 ἵνα
2831 4868 2915 4971 Li,
2939 4868 3042 4951 om
3070 4868 3185 4962 τὴν
3211 4891 3399 4963 (119
3419 4886 3473 4956 α)
3497 4878 3662 4969 ἀξίας
3673 4868 3755 4976 ta:

2307 4964 2607 5063 alpdyerm
2628 4964 2645 4970 —
2663 4964 2770 5044 ’καὶ
2821 4964 3296 5059 λιεὲεωρι-ξόμενοι
3347 4964 3756 5063 καταφρίῗῖῶμῗ

2437 5039 2784 5149 τίζτισαντος
2798 5039 2848 5148 ,τ
2865 5080 2935 5134 ἐν
2957 5039 3031 5146 τὶῖ
3060 5039 3210 5146 πρὸς
3233 5075 3303 5129 τὸ
3324 5068 3491 5137 σῶμα
3510 5056 3656 5118 πάλῃ
3677 5039 3753 5098 καί

1832 5204 2068 5260 νΑιιυΕ
2101 5199 2505 5257 LECTIONES.

632 5307 675 5337 ει
709 5301 1056 5373 μεταεάλλων
1079 5299 1168 5356 ed.
1200 5298 1319 5354 can.
1415 5295 1462 5328 το
1491 5295 1519 5350 δ
1545 5291 1669 5349 cod.
1702 5239 2505 5362 ραιιῖ“ξὶ’ξιῖτζοίᾃ“εέι’.”ἔε;ἱῖζ’
2525 5295 2581 5343 et
2605 5285 2728 5342 cod.
2751 5281 2891 5341 Gud.
2917 5278 3058 5342 lnfra
3092 5277 3186 5334 tot.
3227 5273 3332 5332 tas
3354 5271 3410 5328 b.
3445 5263 3622 5339 μοίρας
3651 5239 3750 5304 c0“-

2095 5428 2325 5484 NOTAE.

640 5537 712 5602 (lt)
746 5537 906 5591 Verte
959 5535 1090 5588 nihil
1147 5552 1178 5587 a
1223 5543 1393 5589 matre
1457 5526 1684 5584 tenebris
1741 5523 2008 5578 obvoluta.
2045 5523 2243 5594 (fl-ale.)

563 5373 706 5433 Gud.
