4066 6150
395 249 537 316 1069

1628 251 2146 313 AMBIGUORUM
2183 253 2431 315 LIBER.

3506 256 3644 324 1070

467 357 634 430 μάχῃ
687 358 837 430 πρὸς
863 358 1050 415 αὐτὸν
1092 357 1180 412 dei
1207 356 1465 422 ,ϐλέπειν
1486 394 1501 420 ,
1553 358 1651 412 καὶ
1681 359 1796 426 τὴν
1820 375 1969 414 συν-

2143 362 2418 428 ciendum,
2473 371 2523 416 et
2554 363 2890 433 conjunctam
2925 361 3288 432 inﬁrmitatem
3317 366 3642 423 nutrituram

466 451 823 524 εζευγ-μένην
877 452 1191 509 ἀσθένειαν
1239 450 1639 520 παιδαγωγίαν
1673 447 1824 506 εἶναι
1863 452 1970 507 τοῦ

469 542 795 614 ἁξιῴματος
821 543 930 615 (²);
965 561 986 594 ι

472 655 698 721 Τούτοις
735 656 879 721 τινὲς
912 654 1330 726 ἐντυγχάνοντες
1358 655 1469 718 τοῖς
1494 647 1701 724 λόγοις,
1748 653 1969 726 μηδένα,

398 743 474 809 ὡς
524 743 740 812 ἔοικεν,
795 745 936 816 ὑπὲρ
982 744 1077 798 τοῦ
1118 747 1303 797 πονεῖν
1346 743 1447 813 τῆς
1474 743 1755 816 ζητήσεως
1786 746 1973 800 ’ἐνεκεν

401 832 495 888 τοῦ
540 832 778 903 ἀληθοῦς
823 832 1014 904 μισθὸν
1055 832 1397 903 ἐκδεχόμενοι
1425 872 1440 897 ,
1501 833 1639 904 πρὸς
1665 834 1727 887 τὸ
1753 833 1972 889 εὔκολον

401 922 496 975 καὶ
542 920 742 986 πολλὰς
783 920 905 991 ἔχον
947 921 1047 992 ἠδη
1088 921 1152 973 ἐκ
1190 921 1301 975 τῶν
1326 920 1653 992 Ἑλληνικῶν
1688 923 1972 994 δογμάτων

399 1011 498 1072 τὰς
526 1010 780 1082 ἀφορμὰς
809 1010 1214 1079 καταφεύγουσι
1232 1052 1246 1074 ,
1297 1013 1598 1080 φάσκοντες
1626 1015 1727 1085 τήν
1751 1015 1811 1069 τέ
1841 1032 1972 1069 ποτε

399 1096 565 1154 οὖσαν
623 1101 766 1156 κατά
815 1102 876 1155 τὸ
923 1102 1080 1166 δόξαν
1133 1103 1317 1166 αὐτοῖς
1364 1103 1477 1185 τῶν.
1523 1105 1756 1174 λογικῶν
1809 1109 1972 1164 ἐνάδα

401 1193 523 1246 καθ’
559 1193 629 1262 ἠν
689 1197 950 1263 συμφυεῖς
999 1194 1152 1258 ὄντες
1196 1195 1317 1266 Θεῷ
1363 1197 1462 1268 τὴν
1506 1199 1563 1253 ἐν
1613 1201 1761 1271 αὐτῷ
1803 1203 1972 1274 μόνην

397 1283 594 1352 ἔχομεν
609 1287 654 1318 ⁷³
687 1286 783 1339 καὶ
812 1285 1038 1354 ἵδρυσιν,
1074 1288 1300 1358 προσέτι
1328 1305 1392 1356 γε
1425 1291 1516 1343 καὶ
1546 1291 1647 1362 τὴν
1674 1295 1971 1368 γενομένην

397 1373 654 1442 κίνησιν,
710 1375 769 1441 ἐξ
818 1369 888 1448 ἦς
945 1375 1309 1431 σκεδασθέντα
1356 1377 1629 1451 διαφόρως
1681 1382 1749 1435 τὰ
1777 1382 1972 1453 λογικά

397 1458 532 1534 πρὸς
589 1465 807 1532 γένεσιν
853 1465 949 1520 τοῦ
1001 1467 1315 1537 σωματικοῦ
1370 1469 1562 1525 τούτου
1609 1474 1821 1544 κόσμου
1877 1475 1970 1530 τὸν

395 1553 529 1608 Θεὸν
581 1556 712 1610 ίδεῖν
759 1556 1179 1628 παρεσκεύασαν
1203 1599 1218 1624 ,
1270 1559 1433 1632 χάριν
1462 1562 1555 1615 τοῦ
1586 1563 1806 1634 ἐνδῆσαι
1831 1565 1971 1619 αύτά

399 1644 646 1716 σώμασιν
676 1648 769 1700 ἐπὶ
793 1648 1032 1720 τιμωρίᾳ
1051 1649 1161 1703 τῶν
1184 1653 1721 1724 προημαρτημένων.
1747 1655 1835 1710 διὰ
1853 1657 1971 1710 τού·
2000 1634 2051 1724 ,ς

395 1752 505 1788 των
559 1737 892 1791 αἰνίττεσθαι
941 1739 1051 1792 τῶν
1094 1739 1266 1809 λόγων
1321 1742 1633 1812 νομίζοντες
1677 1746 1770 1800 τὸν
1821 1748 1970 1804 διδά-

396 1824 614 1879 σκαλον.
669 1825 816 1878 Ἀλλ’
865 1827 1139 1898 ἠγνόησαν
1198 1828 1274 1892 ὡς
1325 1828 1566 1885 ἀδύνατα
1624 1831 1970 1888 ὑποτίθενται

393 1915 490 1970 καὶ
517 1915 628 1969 τῶν
657 1917 954 1987 ἀμηχάνων
984 1917 1479 1990 καταστοχάζονται
1502 1960 1518 1985 ,
1552 1921 1735 1986 καθὼς
1763 1923 1971 1994 προῖὼν

395 2006 534 2077 μετά
573 2007 668 2060 τοῦ
709 2008 915 2071 εἰκότος
953 2009 982 2062 ό
1011 2008 1217 2080 ἀληθής
1245 2009 1519 2076 ἀποδείξει
1545 2011 1727 2081 λόγος.
1765 2015 1829 2068 Ei
1859 2015 1970 2088 γὰρ

391 2097 452 2150 τὸ
482 2098 620 2151 θεῶν
663 2098 790 2172 [ιεσ.
832 2099 996 2171 θεῖον]
1032 2101 1288 2170 ἀκίνητον
1312 2141 1326 2166 ,
1379 2101 1455 2166 ὡς
1494 2102 1713 2158 πάντων
1747 2107 1971 2178 πληρω-

390 2187 566 2252 τικὸν,
596 2189 706 2243 πᾶν
732 2188 790 2242 δέ
821 2190 884 2242 τὸ
910 2191 974 2243 ἐκ
1009 2190 1083 2261 μὴ
1109 2189 1279 2244 ὄντων
1309 2190 1371 2245 τὸ
1397 2187 1540 2247 εῖναι
1565 2192 1732 2249 λαϐὸν
1761 2195 1858 2250 καὶ
1881 2213 1970 2250 κι-

391 2277 553 2348 νητὸν
577 2319 592 2344 ,
640 2279 716 2343 ὡς
749 2279 887 2351 πρός
909 2291 1039 2335 τινα
1067 2281 1284 2346 πάντως
1309 2283 1613 2354 φερόμενον
1639 2285 1840 2353 αἰτίαν,
1875 2285 1968 2340 οῦ-

392 2386 480 2422 πω
521 2369 578 2422 δέ
627 2370 780 2424 οὐδὲν
830 2371 1146 2442 κινούμενον
1191 2372 1345 2443 ἐστη,
1394 2374 1470 2438 ὡς
1505 2376 1606 2446 τῆς
1639 2379 1761 2432 κατ’
1783 2378 1970 2448 ἔφεσιν

390 2460 660 2529 κινήσεως
683 2461 783 2532 τὴν
807 2460 1035 2532 δύναμιν
1064 2463 1230 2534 μήπω
1249 2463 1328 2534 τῷ
1350 2464 1565 2535 ἐσχάτῳ
1588 2467 1968 2537 προσαναιποιῦ⁴

392 2565 491 2601 σαν
538 2550 748 2621 ὀρεκτῷ
803 2551 998 2622 (οὐδὲν
1041 2553 1152 2624 γὰρ
1208 2555 1361 2626 ίστᾷν
1409 2555 1538 2610 ἄλλο
1578 2555 1640 2610 τὸ
1669 2557 1969 2629 φερόμενον

388 2639 530 2693 κατὰ
552 2641 715 2708 φύσιν
741 2641 985 2713 πέφυκεν
1013 2643 1047 2714 ἢ
1076 2645 1254 2698 ἐκεῖνο
1277 2645 1669 2718 δεικνύμενον),
1685 2648 1838 2702 οὐδὲν
1859 2650 1969 2722 ἄρα

389 2729 709 2800 κινούμενον
773 2731 905 2804 ἔστη
928 2771 944 2796 ,
1022 2733 1100 2798 ὡς
1158 2735 1252 2788 τοῦ
1304 2737 1535 2807 ἐσχάτου
1591 2740 1757 2810 μήπω
1806 2741 1968 2811 τυχὸν

389 2820 619 2903 ὀρεκτοῦ
643 2837 659 2855 ο
718 2823 842 2877 ἐπεὶ
874 2824 999 2895 μηδ’
1025 2824 1202 2878 ἐκεῖνό
1233 2843 1319 2882 πω
1344 2828 1508 2896 φανὲν
1540 2829 1648 2882 τῶν
1678 2831 1808 2901 περὶ
1837 2831 1968 2886 αὐτὸ

389 2913 706 2984 φερομένων
729 2913 827 2987 τὴν
851 2916 1066 2986 κίνησιν
1093 2916 1340 2987 ἔστησεν.
1369 2919 1434 2972 Εἰ
1456 2919 1513 2973 δὲ
1535 2919 1692 2974 τοῦτό
1713 2921 1901 2992 (119
1915 2921 1966 2994 ὁ)

2143 467 2254 507 esse
2283 453 2557 522 dignitatis
2581 455 2606 508 ?
2633 474 2668 506 »-

2144 677 2270 734 Haec
2295 679 2521 751 quidam
2547 689 2957 752 consequentes
2981 681 3174 748 verba,
3204 681 3552 751 nullamque,
3581 689 3643 736 ut

2072 781 2314 842 oportet,
2342 788 2444 842 pro
2477 772 2668 829 labore
2684 774 3028 843 inquirendae
3049 774 3307 829 veritatis
3328 773 3642 829 mercedem

2071 864 2428 934 accipientes,
2459 865 2528 919 ad
2551 865 2607 920 id
2643 849 2788 935 quod
2816 865 2978 922 facile
3017 874 3101 921 est
3136 875 3192 921 et
3229 867 3432 921 multas
3479 866 3644 921 habet

2066 953 2177 1023 jam
2205 969 2272 1008 ex
2303 953 2619 1009 Graecorum
2642 955 2908 1012 doctrinis
2930 957 3271 1024 occasiones,
3297 957 3643 1029 confugiunt,

2071 1042 2321 1099 dicentes
2356 1045 2652 1115 quamdam
2691 1047 3006 1113 exstitisse,
3055 1055 3117 1101 ut
3158 1048 3240 1103 eis
3292 1049 3474 1103 visum
3519 1055 3642 1111 est,

2071 1133 2484 1188 rationabilium
2514 1137 2782 1190 unitatem
2811 1176 2825 1201 ,
2869 1151 2969 1206 per
2996 1152 3160 1205 quam
3198 1137 3414 1209 cognati
3454 1153 3646 1192 sumus

2069 1221 2203 1288 Deo,
2235 1225 2692 1296 mansionemque
2713 1227 2769 1279 in
2806 1227 2927 1296 ipso
2963 1227 3306 1282 habebamus
3377 1237 3433 1284 et
3470 1229 3646 1284 collo-

2069 1311 2362 1368 cationem.
2413 1313 2610 1369 Adhuc
2654 1329 2786 1368 vero
2819 1323 2876 1368 et
2915 1314 3118 1369 factum
3169 1323 3403 1380 motum,
3433 1331 3504 1370 ex
3535 1331 3646 1386 quo

2070 1401 2320 1472 dispersa
2345 1409 2473 1457 sunt
2488 1402 2812 1458 diﬂ‘erenter
2839 1403 3128 1457 rationalia
3143 1403 3212 1456 ad
3233 1404 3646 1472 generationem

2068 1496 2374 1566 corporalis
2400 1496 2568 1567 hujus
2601 1495 2816 1559 mundi,
2852 1494 2914 1566 (ί)
2944 1496 3227 1562 Deumque
3254 1509 3488 1548 noscens
3509 1509 3648 1564 pra:-

2069 1593 2316 1654 paratam
2342 1585 2596 1656 gratiam,
2633 1585 2805 1655 ligare
2832 1599 2895 1639 ea
2936 1583 3264 1654 corporibus
3295 1583 3351 1636 in
3381 1583 3646 1637 ultionem

2069 1691 2262 1730 eorum
2297 1691 2420 1745 quae
2461 1683 2589 1732 ante
2635 1675 2927 1732 commissa
2961 1684 3111 1740 sunt,
3148 1681 3207 1729 et
3258 1675 3365 1730 hoc
3389 1689 3489 1744 per
3530 1675 3647 1730 haec

2071 1765 2383 1821 insinuasse
2402 1766 2572 1822 verba
2604 1766 2946 1821 arbitrantur
2975 1767 3319 1836 magistrum.
3341 1765 3459 1820 Sed
3488 1765 3644 1835 igne--

2070 1865 2197 1911 rant
2228 1856 2507 1927 quomodo
2532 1857 2894 1926 impossibilia
2922 1864 3251 1926 sequuntur.
3277 1865 3335 1911 et
3386 1857 3647 1926 inoppor-

2070 1956 2206 2003 tuna
2226 1947 2670 2013 considerantur,
2715 1947 2859 2002 sicut
2885 1947 3196 2018 procedens
3240 1946 3492 2016 posthac,
3546 1944 3642 2016 (m)

2069 2054 2520 2110 consequensque
2552 2055 2616 2095 ac
2668 2055 2802 2095 vera
2858 2037 3188 2110 approbabit
3219 2039 3378 2093 ratio.
3415 2037 3472 2092 Si
3495 2038 3644 2092 enim

2069 2128 2217 2184 Deus
2271 2129 2634 2184 immutabilis
2664 2137 2768 2195 est,
2818 2137 3013 2198 utputa
3041 2129 3290 2182 omnium
3330 2126 3641 2197 plenitudo,

2067 2233 2234 2275 omne
2260 2229 2448 2276 autem
2470 2220 2617 2292 quod
2641 2237 2710 2276 ex
2735 2235 2847 2274 non
2872 2220 3271 2276 exsistentibus
3285 2236 3408 2276 esse
3441 2221 3645 2290 accipit

2069 2319 2347 2380 movetur,
2387 2313 2586 2369 merito
2624 2311 2693 2368 ad
2739 2311 3034 2383 quamdam
3059 2312 3287 2367 omnino
3311 2311 3489 2368 fertur
3515 2327 3645 2368 cau-

2069 2417 2220 2472 sam;
2250 2405 2494 2460 nondum
2511 2420 2645 2459 vero
2666 2403 2812 2474 quod
2835 2413 3086 2460 movetur
3101 2412 3230 2469 stat,
3250 2405 3374 2474 jure
3393 2393 3643 2458 extremo

2071 2492 2141 2547 ad
2167 2493 2411 2563 quietem
2437 2494 2662 2549 virtutis
2701 2501 2882 2560 motae,
2935 2509 3057 2563 qua:
3089 2491 3392 2548 secundum
3428 2492 3645 2547 deside-
3729 2507 3775 2538 .-

2070 2582 2215 2636 rium
2243 2592 2350 2648 est,
2385 2583 2627 2638 nondum
2646 2583 2842 2654 largito
2872 2599 2886 2636 :
2919 2582 3057 2637 nihil
3085 2584 3232 2637 enim
3255 2579 3402 2636 aliud
3425 2581 3640 2646 sistere,

2068 2671 2217 2743 quod
2249 2672 2425 2728 fertur
2453 2673 2759 2728 secundum
2813 2680 3067 2727 naturam
3091 2712 3108 2737 ,
3137 2672 3444 2736 consuevit,
3479 2687 3644 2741 quam

2068 2761 2206 2818 illud
2231 2772 2515 2819 ostensum
2542 2783 2556 2819 :
2591 2765 2805 2819 nullum
2829 2763 3017 2832 itaque
3052 2771 3264 2817 motum
3290 2769 3417 2828 stat,
3450 2770 3644 2832 utpote

2067 2854 2374 2910 novissimo
2411 2855 2660 2910 nondum
2683 2854 2937 2909 fortassis
2963 2853 3115 2917 viso,
3165 2850 3426 2923 quoniam
3462 2863 3643 2922 neque

2069 2942 2205 2998 illud
2231 2944 2433 2999 alicubi
2455 2960 2728 3015 apparens
2753 2959 2944 2998 eorum
2971 2961 3094 3015 quas
3121 2945 3271 3000 circa
3297 2960 3355 3000 se
3386 2945 3645 3000 feruntur

390 3018 521 3055 ποτε
555 3005 883 3076 γεγενῆσθαι
916 3007 976 3075 ἐξ
1008 3009 1379 3080 ἐπιτάγματος
1401 3009 1707 3076 κελεύουσι,
1742 3013 1837 3066 καὶ
1865 3013 1967 3083 τῆς

2070 3043 2281 3090 motum
2309 3005 2651 3091 stabiliiavit.
2683 3034 2742 3090 Si
2778 3043 2963 3091 autem
2989 3005 3109 3090 hoc
3143 3035 3441 3105 aliquando
3473 3036 3646 3092 fuisse

391 3097 450 3149 ἐν
493 3095 582 3168 τῷ
618 3098 834 3170 ἐσχάτῳ
882 3101 978 3154 καὶ
1030 3101 1176 3173 μόνῳ
1219 3101 1432 3173 όρεκτῷ
1485 3101 1748 3177 ἱδρύσεὼς
1776 3121 1836 3157 τε
1870 3105 1967 3159 καὶ

392 3187 560 3258 μονῆς
605 3191 1110 3262 παρεικινήθέιρτα.⁷⁸
1155 3191 1223 3245 τὰ
1271 3192 1462 3261 λογικά
1515 3193 1606 3247 τὸν
1659 3194 1965 3262 σκεδασμὸν

387 3274 601 3344 ἐλαϐεν,
660 3277 748 3331 ἵνα
801 3280 876 3350 μὴ
922 3279 1096 3348 λέγων
1145 3281 1437 3352 ἐρεηελῶ,
1492 3280 1576 3345 τίς
1604 3281 1638 3350 ή
1670 3279 1963 3351 ἀπόδειξις,

387 3366 488 3431 τὰς
515 3367 686 3432 αὑτὰς
717 3370 811 3424 ἐπὶ
838 3372 952 3434 τοῖς
977 3373 1162 3435 αὐτοῖς
1193 3373 1280 3425 ἐπ’
1304 3371 1532 3444 ἄπειρον
1563 3371 1705 3436 ἕξειν
1721 3372 1770 3405 ’⁸
1789 3372 1858 3426 τὰ
1878 3374 1967 3427 λο-

387 3459 524 3531 γικά
546 3461 962 3532 μετεμπτώσεις
985 3462 1043 3529 ἐξ
1061 3464 1307 3534 ἀνάγκης
1329 3464 1554 3527 εἰκότως
1575 3464 1962 3536 ὑποϐήσονται.

388 3546 614 3618 Οὖτινος
639 3553 748 3624 γὰρ
779 3553 868 3608 διά
895 3553 998 3624 τῆς
1027 3554 1225 3625 πείρας
1256 3557 1620 3626 καταφρονεῖν
1646 3555 1794 3624 ἅπαξ
1815 3557 1965 3611 δεδύ-

388 3660 618 3714 νηνται,
672 3645 768 3698 καὶ
817 3646 898 3707 είς
942 3645 1030 3698 ἀεὶ
1073 3645 1398 3717 δυνήσεσθαι
1440 3648 1616 3712 οὐδεὶς
1646 3649 1675 3702 ό
1703 3647 1964 3704 κωλύσων

387 3734 541 3789 ἐσται
587 3727 768 3805 λόγος,
829 3733 936 3788 Τοῦ
975 3735 1032 3788 δέ
1070 3735 1214 3790 οὕτω
1238 3737 1502 3808 φέρεσθαι
1539 3738 1609 3792 τὰ
1639 3738 1834 3807 λογικά
1867 3740 1964 3793 καὶ

390 3825 660 3897 μηδεμίαν
707 3829 850 3899 ἐχειν
905 3827 940 3899 ἢ
991 3825 1235 3892 ἐλπίζειν
1281 3827 1439 3896 βάσιν
1481 3827 1820 3900 ἀμετάθετον
1864 3829 1964 3901 τῆς

386 3916 446 3969 ἐν
471 3917 550 3986 τῷ
578 3917 731 3988 καλῷ
759 3919 1090 3988 παγιότητος
1111 3959 1126 3984 ,
1172 3919 1228 3972 τί
1260 3917 1390 3974 ἄλλο
1418 3919 1620 3989 γένοιτ’
1641 3919 1707 3975 ἂν
1731 3919 1963 3973 ἐλεεινόο

385 4020 570 4075 τερον;
629 4007 693 4060 Ei
720 4005 779 4060 δέ
806 4007 1066 4060 δύνασθαι
1094 4007 1195 4077 μὲν
1227 4009 1415 4077 φαῖεν,
1470 4009 1545 4080 μή
1572 4009 1854 4082 βούλεσθαι
1879 4011 1959 4076 δὲ,

385 4093 477 4150 διὰ
521 4095 621 4166 τὴν
657 4097 959 4169 γενομένην
1001 4099 1199 4168 πεῖραν
1245 4099 1342 4153 τοῦ
1367 4100 1635 4168 ἐναντίου,
1667 4102 1763 4155 καὶ
1789 4101 1964 4166 οὕτως

383 4186 448 4241 ού
500 4187 566 4240 δι’
597 4188 797 4254 ἐαυτὸ,
855 4189 931 4249 ὡς
979 4188 1249 4254 καλὸντδ,
1306 4189 1441 4245 ἀλλά
1489 4190 1576 4246 διὰ
1621 4191 1682 4246 τὸ
1722 4193 1963 4249 ἐναντίον

384 4278 449 4334 τὸ
477 4279 638 4333 καλὸν
673 4284 859 4345 αὐτοῖς
887 4281 1041 4337 ἔσται
1077 4283 1135 4349 ἐξ
1160 4282 1410 4355 ἀνάγκης
1438 4284 1800 4357 στεργόμενον
1817 4327 1833 4352 ,
1883 4286 1961 4352 ὡς

2064 3138 2134 3179 ex
2165 3133 2444 3194 praecepto
2471 3124 2673 3196 jubent
2700 3165 2715 3191 ,
2751 3133 2809 3180 et
2833 3140 2920 3191 ex,
2952 3125 3009 3179 in
3053 3125 3355 3181 novissimo
3384 3126 3646 3182 videlicet

2063 3223 2122 3270 et
2177 3215 2526 3285 permanenti
2601 3215 2766 3281 dato,
2822 3215 3186 3271 collocatione
3237 3224 3296 3271 et
3345 3218 3642 3274 mansione

2064 3313 2372 3375 permotata
2389 3305 2468 3375 (η)
2493 3306 2842 3360 rationabilia
2858 3305 3259 3376 dispersionem
3283 3317 3638 3376 acceperunt,

2065 3407 2127 3453 ut
2152 3412 2262 3451 non
2283 3390 2561 3467 superflua
2592 3397 2792 3463 dicam,
2822 3397 3001 3467 qualis
3029 3398 3379 3468 approbatio,
3415 3399 3641 3454 eosdem

2066 3487 2125 3541 in
2155 3502 2214 3542 se
2247 3487 2380 3556 ipsis
2403 3487 2459 3541 in
2481 3486 2758 3542 infinitum
2784 3487 3036 3543 habitum
3075 3488 3429 3542 rationabilia
3453 3489 3641 3558 lapsus

2067 3591 2138 3630 ex
2166 3575 2496 3632 necessitate
2525 3578 2673 3648 juste
2703 3577 3083 3633 sustinebunt.
3123 3579 3168 3633 Α
3200 3579 3352 3635 nullo
3375 3581 3521 3635 enim
3541 3596 3642 3650 per

2064 3664 2503 3734 experimentum
2526 3667 2827 3736 spernendi
2858 3672 3030 3723 semel
3055 3669 3506 3734 corroborentur,
3539 3686 3638 3725 ne-

2065 3768 2173 3824 que
2215 3754 2272 3807 in
2318 3761 2588 3810 aeternum
2626 3756 3044 3812 corroborath
3085 3759 3163 3812 iri
3197 3759 3309 3813 ulla
3332 3759 3640 3829 prohibens

2061 3843 2172 3904 erit
2203 3845 2363 3899 ratio.
2397 3845 2551 3900 Ferri
2602 3861 2738 3902 vero
2786 3847 2869 3903 sic
2908 3848 3262 3904 rationabilia
3287 3891 3302 3915 ,
3325 3857 3398 3906 et
3428 3851 3637 3916 nullam

2065 3931 2269 3989 habere
2317 3935 2407 3989 vel
2453 3936 2726 4005 sperando
2758 3937 2935 3992 basim
2981 3939 3324 3994 immobilem
3384 3941 3441 3994 in
3491 3942 3639 3998 bono

2063 4024 2276 4094 ﬁxum,
2325 4027 2458 4097 quid
2507 4029 2656 4083 aliud
2701 4028 2859 4109 fieret
2908 4031 3340 4086 miserabilius?
3389 4031 3447 4087 Si
3505 4049 3638 4088 vero

2062 4130 2223 4185 posse
2245 4117 2470 4187 quidem
2503 4118 2766 4184 dixerint,
2802 4119 2951 4176 nolle
2968 4135 3131 4186 vero,
3168 4121 3276 4176 nisi
3311 4138 3410 4192 per
3430 4122 3636 4179 factum
3746 4171 3752 4176 .

2062 4209 2326 4264 contrarii
2353 4207 2816 4280 experimentum,
2853 4220 2909 4266 et
2937 4211 3017 4266 sic
3055 4227 3166 4266 non
3211 4229 3310 4282 per
3350 4229 3410 4268 se
3455 4215 3636 4284 ipsum

2061 4308 2125 4355 ut
2157 4299 2385 4367 bonum,
2413 4301 2508 4357 sed
2539 4317 2639 4371 per
2676 4303 3041 4369 contrarium,
3066 4303 3174 4359 erit
3206 4305 3287 4359 eis
3316 4305 3524 4360 bonum
3568 4323 3636 4362 ex

385 4371 446 4425 ού
472 4371 631 4440 φύσει
659 4372 693 4444 ἢ
719 4373 923 4444 κυρίως
948 4373 1009 4428 ὃν
1032 4375 1284 4446 ἐραστόν.
1311 4377 1424 4431 Πᾶν
1445 4376 1553 4448 γὰρ
1579 4376 1608 4430 ὃ
1629 4377 1707 4448 μή
1721 4377 1789 4431 δι’
1803 4378 1963 4433 ἑαυτὸ

2067 4392 2396 4448 necessitate
2431 4393 2689 4458 amabile,
2721 4395 3013 4464 quomodo
3052 4412 3160 4450 non
3195 4412 3264 4452 ex
3299 4405 3638 4456 natura'aut

386 4462 592 4531 ἀγαθόν
630 4465 744 4520 ἐστι
795 4467 890 4520 καὶ
932 4468 1162 4537 ἐραστὸν
1195 4469 1290 4522 καὶ
1317 4469 1498 4542 πάσης
1518 4470 1776 4524 ’ἑλκτικὸν
1803 4473 1963 4544 κινή-

2059 4483 2305 4551 proprie,
2347 4483 2496 4554 quod
2533 4492 2616 4539 est
2653 4485 2907 4550 amabile,
2942 4493 3046 4540 est.
3089 4485 3268 4559 anc
3309 4490 3453 4542 enim
3489 4491 3634 4559 quod

386 4567 525 4616 σεως
574 4553 634 4606 ού
670 4555 877 4627 κυρίως
925 4557 1109 4613 καλόν.
1161 4559 1276 4612 Καὶ
1325 4559 1414 4614 διὰ
1457 4559 1614 4615 τοῦτο
1665 4560 1787 4614 οὐδὲ
1831 4562 1966 4617 καθ-

2066 4585 2171 4625 non
2197 4586 2298 4640 per
2316 4553 2380 4628 se
2408 4572 2588 4643 ipsum
2612 4574 2820 4628 bonum
2843 4582 2929 4629 est
2954 4583 3010 4630 et
3038 4575 3300 4642 amabile,
3324 4586 3380 4633 et
3413 4595 3633 4634 omnem

384 4646 602 4700 ικτικὸν
631 4647 856 4712 εἰκότως
878 4648 979 4720 τῆς
999 4649 1107 4704 τῶν
1133 4649 1221 4704 ἐπ’
1238 4651 1387 4723 αύτῷ
1406 4652 1680 4723 ἡδομένων
1698 4652 1960 4723 ἐφέσεως,

383 4731 524 4789 ἀλλά
572 4737 666 4790 καὶ
713 4737 878 4808 ,χάριν
923 4737 1108 4794 λοιπὸν
1159 4741 1554 4814 ὁμολογήσαιεν
1591 4742 1659 4799 ἂν
1685 4744 1766 4816 τῷ
1804 4745 1962 4818 κακῷ

2059 4659 2128 4715 ad
2153 4675 2212 4716 se
2237 4675 2350 4716 non
2371 4664 2657 4720 attrahens
2672 4671 2906 4730 motum,
2925 4680 3035 4720 non
3055 4673 3140 4721 est
3158 4669 3382 4737 proprie
3405 4669 3634 4728 bonum.

2057 4750 2137 4806 Ac
2151 4766 2251 4822 per
2269 4752 2378 4809 hoc
2395 4770 2573 4824 neque
2590 4757 2985 4830 altrahetjuste
3002 4757 3392 4818 delectantium
3411 4779 3469 4820 se
3493 4763 3640 4820 desi-

1658 4880 1892 4938 VARIE
1939 4883 2347 4946 LECTIONES.

459 4962 508 4996 "
533 4962 864 5037 εἴχομεν-ἑά.
898 4966 1017 5023 Gal.
1114 4969 1161 5000 ⁷³
1185 4971 1608 5042 περικινηθέντα
1637 4973 1874 5033 ed.‘Gal.
1948 4979 2006 5013 ’⁷⁸
2037 4980 2150 5050 ἕξιν
2181 4983 2270 5039 ed.
2293 4983 2424 5040 'Gal.
2506 4988 2551 5020 "
2585 4989 2747 5043 ἐαυτὸ
2775 4989 2834 5044 τὸ
2860 4989 2937 5054 ὡς
2980 4988 3144 5058 καλὸν
3187 4991 3280 5048 ed.
3313 4993 3433 5049 Gal.

1858 5108 2094 5168 ΝΟΤΕ.

457 5185 522 5256 (ί)
551 5187 680 5264 Ηεέο
702 5203 813 5245 non
845 5198 953 5264 tam
977 5202 1235 5263 corrupta
1255 5210 1422 5264 quam
1453 5211 1564 5251 non
1595 5197 1742 5254 bene
1792 5201 1958 5257 intel-

382 5253 527 5341 lecta
559 5273 590 5311 a
617 5259 803 5341 Scoto,
841 5261 1086 5341 adeoque
1111 5253 1252 5318 male
1271 5253 1546 5341 conversa
1573 5253 1953 5341 itarénligéé';

384 5323 472 5408 ἔξω
495 5342 596 5408 qna
616 5323 1175 5408 diﬂ'erenter‘diépersa
1201 5334 1517 5408 rationalia,
1554 5337 1632 5408 ad,
1660 5323 1954 5408 procr‘e’iin;

383 5392 516 5448 dum
539 5392 1028 5468 hunc'eorporalem'
1050 5403 1326 5468 mundum,
1353 5392 1522 5458 Deum
1547 5392 1742 5462 vide're
1760 5392 1952 5464 ξοῆᾱέα

379 5473 529 5548 εφη,
555 5480 617 5519 ea
643 5469 705 5520 de
737 5483 900 5548 causa
945 5471 1084 5540 quod
1121 5473 1238 5542 ipsa
1278 5475 1580 5548 corporibus
1621 5477 1854 5548 ligasset,
1891 5481 1954 5534 in

384 5545 570 5586 eorum
603 5551 718 5604 qua:
754 5545 912 5592 antea
941 5551 1286 5611 peccaverunt
1319 5545 1746 5602 vindicationem.

2055 5202 2592 5333 ἓπὲηνῼοέίοίτᾶξιθςιξηι
2622 5211 3100 5269 verisimilitudine.
3147 5215 3385 5290 Legerat
3431 5221 3634 5285 Scotus

2055 5276 2302 5337 ἕποντος.
2329 5276 2530 5349 (Gale.)
3227 5276 3258 5290 ν
3448 5276 3634 5285 ππ*

2049 5343 2570 5434 Perit-ctam,
2593 5349 2740 5405 forte
2759 5354 3178 5434 προκινηθέντα.
3197 5351 3297 5434 ilic
3325 5361 3464 5419 nihil
3491 5365 3634 5424 vidit

2055 5412 2415 5503 Erigena‘.Et
2457 5434 2599 5503 pene
2620 5412 2818 5503 omnia
2845 5423 2900 5477 in
2943 5412 3048 5503 hoc
3092 5412 3290 5503 capite
3314 5412 3627 5503 ﬁéi‘iér‘iﬁ'é

2053 5483 2260 5552 quibus
2290 5483 2473 5542 tamen
2508 5491 2767 5547 notandis
2789 5533 2805 5558 ,
2841 5496 3103 5564 quoniam
3140 5483 3300 5568 plura
3315 5483 3633 5572 ’siim',"

2053 5555 2346 5622 persedeo.
2380 5557 2577 5630 (Gale.)

2334 5597 2346 5612 .
2380 5575 2550 5614 male.

457 5644 535 5717 (2)
572 5646 718 5702 Idem
751 5649 883 5704 ibid.
915 5667 1035 5723 cap.
1068 5655 1119 5720 7,
1151 5671 1206 5726 p.
1247 5656 1372 5727 261,
1408 5668 1539 5716 tom.
1574 5660 1620 5728 1,
1661 5662 1799 5734 Opp.
1825 5665 1922 5721 ed.
1951 5663 2160 5722 Bened.
