4066 6150
463 158 594 222 1071
1626 159 1685 216 S.
1725 156 2009 216 MAXIMI
2049 154 2069 213 ί

2128 153 2557 213 lNFESSORlS
3582 158 3734 225 1072

460 272 701 335 derium,
739 272 834 327 sed
856 282 911 325 et
940 270 1143 340 gratias
1164 277 1336 324 restat
1364 268 1612 323 conﬁteri
1647 284 1742 323 eos
1763 268 1905 322 malo
1932 267 2027 335 qui

2139 265 2188 317 oi
2238 264 2395 318 τοῦτο
2447 265 2803 335 περιέποντες
2855 266 2916 319 rb
2963 268 3215 340 φρόνημα
3244 310 3257 335 ,
3315 272 3393 335 ὡς
3445 271 3518 325 δι’
3559 273 3732 326 αὑτοῦ

463 364 627 417 talem
647 367 954 430 sequuntur
970 359 1318 429 sapientiam,
1335 358 1532 412 merito
1548 374 1646 427 per
1666 358 1864 427 ipsum,
1885 355 2034 425 quod

2137 355 2197 407 τὸ
2248 355 2366 408 δέον
2419 355 2763 429 διδαχθέντες
2822 361 2916 410 καὶ
2965 361 3062 429 τὴν
3115 362 3175 415 ἐν
3224 362 3302 432 τῷ
3348 363 3504 434 καλῷ
3560 365 3732 434 πῆξιν

462 468 691 508 necesse
703 460 805 514 est,
825 450 1124 512 discentes,
1150 451 1204 503 in
1223 450 1371 503 bono
1393 448 1607 503 scilicet
1628 450 1860 501 ﬁxuram
1892 461 2031 515 quo-

2138 447 2254 510 πῶς
2279 447 2424 517 ἔχειν
2454 449 2862 517 μεταμαθὸντες
2892 451 2985 503 καὶ
3010 453 3223 521 γένεσιν
3244 456 3379 509 αὐτὸ
3403 457 3734 524 ἀναγκαίως

458 544 735 616 quomodo
755 543 958 596 habere
984 542 1335 611 poenitentes,
1362 549 1425 596 et
1442 540 1855 611 generationem
1874 538 1942 592 ab
1967 552 2033 592 eo

2136 539 2342 593 εἴποιεν
2372 541 2438 593 ἂν
2460 580 2475 604 ,
2532 539 2692 611 εἴπερ
2725 541 2937 604 ἑαυτοῖς
2968 548 3199 614 στοιχεῖν
3230 545 3537 615 διέγνωσαν
3558 590 3575 613 ,
3629 550 3735 602 καὶ

457 636 771 691 necessario
795 633 1058 697 dixerint,
1079 632 1352 703 siquidem
1385 632 1609 687 sibimet
1625 630 2031 701 generationem

2136 630 2234 700 τῆς
2279 629 2496 698 φύσεως
2540 631 2710 701 αὐτῆς
2752 635 3211 704 χρησιμωτέραν,
3263 637 3341 699 ὼς
3377 638 3474 690 τοῦ
3508 639 3733 707 συμφέ-

456 736 709 781 astruere
731 732 1028 785 noverunt,
1063 733 1261 778 natura
1288 724 1403 794 ipsa
1432 723 1734 788 utiliorem,
1752 723 1876 794 jure
1901 721 2029 776 dum

2137 737 2326 792 ροντος
2365 721 2490 774 κατ’
2510 721 2708 785 αὐτοὺς
2738 718 2903 775 οὖσαν
2929 722 3243 794 διδακτικὴν
3262 767 3276 792 ,
3325 727 3423 780 καὶ
3452 727 3547 781 τοῦ
3582 730 3733 783 πάν-

457 824 527 874 sit
552 819 798 890 proﬁcua
821 816 1122 872 secundum
1150 833 1344 871 eorum
1368 816 1673 871 doctrinam
1704 824 1761 871 et
1782 816 2031 870 omnimn

2134 829 2242 866 των
2270 812 2601 884 τιμιωτέρου
2632 816 2932 884 κτήματος,
2961 815 3062 883 τῆς
3088 817 3311 887 ἀγάπης
3337 819 3499 886 λέγω,
3525 837 3731 891 γεννη-

455 912 750 981 pretiosior
765 908 1063 979 possessio.
1078 908 1439 964 Excharitate
1452 908 1578 963 dico
1590 908 2027 979 generationem,

2133 904 2291 975 τικὴν
2310 946 2325 971 ,
2376 903 2497 956 καθ’
2525 904 2590 973 ἣν
2635 903 2844 970 πέφυκε
2892 905 3068 958 πάντα
3101 906 3168 958 τὰ
3198 909 3260 959 ἐκ
3288 906 3427 960 Θεοῦ
3455 911 3732 979 γινόμενα

452 1018 552 1071 per
580 982 1103 1071 quaminaturaliter
1138 1000 1305 1066 inest,
1345 999 1530 1054 omnia
1549 1014 1614 1054 ex
1653 999 1766 1053 Deo
1798 998 1938 1053 facta
1974 998 2029 1051 in

2132 997 2213 1060 εἱς
2265 994 2396 1048 Θεὸν
2470 994 2807 1065 συνάγεσθαι
2885 995 3131 1065 μονίμως
3206 1014 3265 1050 τε
3336 1000 3431 1053 καὶ
3493 1003 3724 1073 ἀπαρα..

451 1092 623 1145 Deum
656 1089 977 1159 congregari
1003 1097 1276 1158 perpetuo
1320 1096 1486 1158 atque
1507 1088 2026 1144 inconversibilitcr.

800 1089 977 1159 regari
1003 1097 1276 1158 perpetuo
1320 1096 1486 1158 atque
1507 1088 2026 1144 inconversibilitcr.
2132 1088 2401 1159 τρέπτως.

522 1178 591 1234 Et
618 1179 840 1243 iterum,
894 1192 1087 1231 eorum
1135 1192 1259 1246 quae
1318 1192 1386 1231 ex
1416 1177 1529 1232 Deo
1571 1172 1716 1232 facta
1769 1186 1938 1243 sunt,
1973 1186 2029 1233 et

2202 1180 2313 1232 Καὶ
2361 1178 2562 1246 πάλιν,
2621 1180 2730 1234 τῶν
2779 1182 2843 1234 ἐκ
2885 1182 3019 1237 Θεοῦ
3066 1185 3374 1257 γενομένων
3412 1187 3625 1262 νοητῶν
3654 1207 3719 1246 τε

450 1269 885 1340 intelligibilium
919 1279 976 1324 et
1010 1268 1361 1323 sensibilium
1385 1311 1400 1335 ,
1433 1270 1722 1341 generatio
1761 1278 1888 1325 ante
1914 1285 2029 1324 mo-

2132 1270 2315 1341 (120
2334 1278 2388 1341 a)
2427 1271 2522 1323 καὶ
2551 1271 2826 1341 αἰσθητῶν
2857 1275 2890 1344 ἡ
2918 1275 3129 1343 γένεσις
3158 1278 3256 1347 τῆς
3278 1281 3550 1350 κινήσεως
3578 1301 3718 1353 προ-

452 1373 568 1415 tum
597 1361 946 1432 intelligitur.
978 1361 1099 1415 Non
1123 1361 1271 1415 enim
1322 1369 1509 1431 potest
1542 1370 1667 1416 ante
1714 1361 2026 1433 generatio-

2129 1365 2443 1415 επινοεϊται.
2481 1364 2557 1415 Οὐ
2603 1364 2709 1434 γὰρ
2760 1359 2871 1418 οἷόν
2902 1382 2964 1418 τε
3014 1367 3121 1436 πρὸ
3150 1369 3417 1436 γενέσεως
3449 1369 3593 1427 εἶναι
3625 1376 3714 1428 κί-

449 1468 575 1506 nem
602 1461 784 1507 motus
825 1468 985 1519 esse;
1023 1469 1217 1507 eorum
1252 1454 1399 1508 enim
1431 1469 1552 1523 quae
1586 1453 1729 1508 facta
1770 1463 1901 1508 sunt
1944 1462 2027 1508 est

2129 1469 2305 1524 νησιν.
2363 1453 2483 1517 Τῶν
2522 1453 2633 1525 γὰρ
2671 1456 2981 1525 γενομένων
3014 1457 3362 1539 ηκῑνησις,ἦ
3384 1479 3443 1514 τε
3473 1465 3713 1534 νοητῶν,

441 1555 653 1610 .motus,
681 1547 796 1601 sive
843 1546 1278 1617 intelligibilium
1326 1546 1715 1617 intelligibilis,
1749 1548 1867 1602 sive
1893 1563 2024 1602 sen-

2127 1544 2327 1614 νοητὴ,
2354 1544 2390 1615 ἡ
2430 1561 2487 1597 τε
2515 1544 2824 1615 αἰσθητῶν,
2858 1548 3109 1620 αἰσθητή.
3148 1550 3314 1606 Οὐδὲν
3339 1555 3449 1624 γὰρ
3478 1554 3587 1607 τῶν
3616 1573 3720 1623 γε-

448 1637 693 1691 εἱὺίιὶιιω
724 1638 1003 1692 sensibilis
1039 1654 1053 1690 :
1087 1638 1297 1692 nullum
1321 1638 1469 1693 enim
1502 1654 1694 1693 eorum
1739 1653 1861 1707 quae
1881 1637 2024 1693 facta

2129 1635 2368 1706 νομένων
2411 1636 2587 1687 ﬁeri."
2635 1634 2697 1687 rb
2738 1637 3001 1707 παράπαν
3051 1619 3129 1709 τῷ
3174 1640 3295 1694 καθ’
3324 1619 3461 1705 αὐτὸΔ
3477 1644 3520 1674 ⁷⁷
3565 1619 3723 1717 λόγῳ

448 1736 578 1785 sunt
612 1737 698 1783 est
729 1728 955 1783 omnino
987 1728 1178 1782 eadem
1205 1728 1417 1784 ratione
1477 1730 1761 1785 immobile
1791 1771 1804 1795 ,
1842 1745 2022 1800 neque

2126 1725 2406 1794 ἀκίνητον,
2445 1724 2554 1776 οὐδ’
2578 1724 2759 1777 αὐτῶν
2786 1724 2893 1778 τῶν
2923 1725 3144 1796 ἀψύχων
3180 1728 3274 1782 καὶ
3302 1732 3601 1800 αἰσθητῶν,
3637 1736 3721 1797 ὡς

447 1835 643 1873 eorum
672 1820 852 1872 anima
901 1819 1210 1873 carentium
1242 1828 1297 1874 et
1328 1820 1699 1884 sensibilium,
1732 1821 1873 1875 sicut
1903 1831 2022 1876 stu-

2122 1818 2236 1878 τοῖς
2257 1809 2701 1887 ἐπιμελεστέρως
2724 1816 2830 1868 τῶν
2852 1817 3021 1872 ὄντων
3050 1818 3311 1890 θεάμοσιν
3332 1821 3502 1888 εδοξε.
3531 1826 3720 1878 Kr.sz-

446 1908 785 1963 diosioribus
808 1925 1001 1964 eorum
1032 1926 1155 1980 quae
1178 1918 1308 1965 sunt
1358 1912 1889 1982 contemplatoribus
1943 1913 2023 1967 vi-

2126 1908 2249 1963 σθαι
2272 1908 2380 1979 γὰρ
2411 1909 2586 1963 πάντα
2611 1908 2840 1978 ἔφασαν,
2875 1909 2908 1980 ἦ
2941 1911 3066 1964 κατ’
3089 1912 3394 1986 εὐθεῖαν,’ἢ
3430 1916 3573 1969 κατὰ
3604 1917 3718 1969 κύ-

448 2016 567 2052 sum
612 2008 734 2064 est;
776 2001 988 2055 moveri
1044 2001 1193 2055 enim
1241 2001 1427 2056 omnia
1466 2001 1727 2057 dixerunt
1769 2013 1865 2057 aut
1924 2019 2022 2074 per

2124 2001 2270 2066 κλον,
2306 2001 2339 2072 ἢ
2372 2001 2700 2064 ὲλικοειδῶς.
2739 2002 2898 2055 Πᾶσα
2926 2001 3036 2073 γὰρ
3067 2004 3282 2074 κίνησις
3311 2006 3389 2077 τῷ
3418 2008 3576 2076 ἁπλῷ
3609 2008 3717 2063 καὶ

452 2101 654 2145 rectam
702 2091 929 2157 lineam,
973 2100 1071 2147 aut
1125 2108 1224 2163 per
1269 2094 1565 2159 circulum,
1625 2103 1720 2149 aut
1772 2095 2017 2166 oblique.

2122 2090 2198 2161 τῷ
2246 2090 2487 2161 συνθέτῳ
2534 2092 2855 2162 περιέχεται
2892 2094 3099 2166 τρόπῳ.
3160 2098 3223 2150 Εἰ
3256 2098 3435 2151 τοίνυν
3469 2117 3714 2171 προεπι-

438 2181 637 2235 Omnis
664 2181 810 2235 enim
861 2190 1046 2236 motus
1096 2182 1335 2253 simplici
1386 2192 1445 2239 et
1503 2185 1809 2255 composito
1843 2186 2020 2239 conti-

2122 2185 2323 2239 νοεῖται
2357 2182 2457 2253 τῆς
2491 2176 2567 2237 ὧν
2610 2184 2724 2237 ἐστι
2763 2187 3031 2256 κινήσεως
3060 2189 3091 2257 ὴ
3116 2189 3351 2257 γένεσις,
3382 2190 3712 2261 ἑπιθεωρεί-

450 2282 613 2351 uetur
658 2273 843 2328 modo.
894 2273 951 2328 Si
1012 2290 1146 2345 ergo
1186 2274 1508 2345 intelligitur
1560 2277 1842 2346 generatio
1895 2286 2020 2331 ante

2120 2293 2210 2330 ται
2253 2275 2452 2345 δὴ’⁸·⁷⁹
2504 2275 2603 2344 τῆς
2650 2268 2725 2328 ὧν
2773 2277 2890 2330 ἐστι
2937 2279 3206 2344 γενέσεως
3249 2282 3281 2351 ἡ
3324 2281 3581 2351 κίνησις,
3629 2283 3712 2347 ὡς

449 2350 655 2423 υιοιίιιῑι
698 2381 892 2419 eorum
953 2381 1192 2436 quorum
1239 2372 1364 2431 est‘,
1416 2366 1711 2437 inspicitur
1773 2368 2021 2438 profecto

2125 2367 2242 2438 μετ’
2263 2367 2433 2436 αὐτὴν
2460 2366 2812 2419 κατεπίνοιαν
2845 2364 2998 2422 οὖσα.
3035 2370 3252 2441 Ταύτην
3276 2372 3332 2424 δὲ
3362 2372 3459 2443 τὴν
3489 2373 3709 2441 κίνησιν

445 2471 638 2510 eorum
668 2471 903 2526 quorum
930 2466 1014 2511 est
1036 2467 1220 2512 motus
1240 2473 1339 2527 per
1364 2458 1804 2530 generationem,
1830 2468 2020 2529 utpote

2120 2456 2350 2525 δύναμιν
2381 2455 2635 2509 καλοῦσιν
2662 2457 2922 2527 φυσικὴν,
2958 2460 3097 2529 πρὸς
3125 2460 3187 2513 rb
3214 2462 3333 2513 κατ’
3357 2461 3526 2532 αὐτὴν
3545 2463 3702 2526 τέλος

446 2549 577 2602 dum
631 2547 702 2602 sit
763 2557 886 2618 post
956 2563 1077 2603 eam
1137 2549 1443 2604 secundum
1499 2550 1775 2606 notitiam.
1833 2551 2020 2605 Talem

2124 2546 2508 2616 ἐπειγομένην,
2547 2547 2579 2615 ἢ
2615 2546 2805 2611 πάθος,
2843 2548 2961 2616 ἦτοι
2988 2549 3224 2620 κίνησιν,
3260 2551 3321 2615 ἐξ
3344 2552 3528 2622 ἐτέρου
3555 2553 3695 2623 πρὸς

442 2650 630 2695 autem
682 2651 889 2695 motum
958 2641 1217 2695 virtutem
1298 2650 1498 2696 vocant
1566 2642 1874 2696 naturalem
1953 2642 2018 2697 ad

2122 2637 2307 2706 ἕτερον
2331 2636 2648 2705 γινομένην,
2683 2635 2834 2700 τέλος
2862 2637 3091 2708 ἔχουσαν
3124 2640 3186 2692 τὸ
3214 2641 3446 2707 ἀπαθὲς,
3484 2643 3517 2714 ἢ
3545 2644 3703 2715 ἐνέρ-

445 2747 607 2787 suum
642 2731 803 2786 ﬁnem
838 2732 1207 2795 festinantem,
1234 2730 1304 2800 (ο)
1337 2733 1430 2801 qui
1462 2747 1671 2786 sacram
1706 2733 2021 2787 divinorum

2124 2750 2279 2801 γειαν
2306 2732 2627 2803 δραστικὴν,
2659 2732 2810 2797 τέλος
2837 2732 3068 2803 ἔχουσαν
3102 2732 3163 2785 rb
3187 2731 3496 2796 αὐτοτελές.
3533 2734 3704 2788 Οὐδὲν

448 2822 607 2877 nobis
664 2822 1053 2893 mysteriorum
1118 2822 1406 2877 scientiam
1476 2837 1631 2877 sacre
1696 2823 2016 2877 introduxe-

2121 2824 2177 2877 δὲ
2210 2823 2322 2876 τῶν
2347 2824 2590 2894 γενητῶν
2605 2822 2652 2855 ⁸⁰
2693 2822 2885 2877 ἑαυτοῦ
2932 2822 3085 2886 τέλος
3113 2824 3261 2877 ἐστὶν
3287 2861 3304 2886 ,
3356 2824 3544 2893 ἐπειδὴ
3576 2824 3704 2877 οὔτε

436 2921 625 2977 runt;
677 2922 771 2964 aut
822 2912 1156 2981 passionem,
1212 2913 1268 2967 id
1319 2920 1403 2967 est
1456 2922 1663 2967 motum
1722 2930 1789 2968 ex
1843 2915 2019 2969 altero

2123 2914 2396 2968 αὐταετιον
2419 2952 2438 2980 ,
2491 2914 2612 2968 ἐπεὶ
2645 2916 2736 2967 καὶ
2766 2914 3029 2984 ἀγένητον
3059 2914 3154 2966 καὶ
3183 2913 3419 2984 ἄναρχον
3452 2916 3547 2967 καὶ
3577 2916 3704 2969 ἀκί-

444 3005 756 3059 γοιιὶοιιιοιιι
805 3003 873 3058 ad
906 3004 1140 3058 alterum
1186 3006 1343 3075 cujus
1390 3004 1513 3060 ﬁnis
1567 3014 1650 3061 est
1708 3006 2017 3076 impassibi-

2122 3024 2280 3078 νητον
2299 3045 2314 3070 ,
2349 3006 2426 3069 ὼς
2461 3005 2599 3075 πρὸς
2636 3005 2804 3075 μηδὲν
2833 3004 2948 3069 πῶς
2976 3004 3098 3074 ἔχον
3127 3006 3439 3076 κινηθῆναι.
3476 3005 3703 3059 Ἐκσαί-

444 3094 591 3159 iitas,
630 3102 725 3147 aut
758 3094 1136 3163 operationem
1165 3095 1421 3157 activam.
1461 3097 1618 3166 cujus
1653 3096 1776 3151 ﬁnis
1813 3106 1897 3152 est
1920 3113 2018 3167 per

2118 3113 2199 3149 νει
2228 3096 2337 3167 γὰρ
2369 3095 2475 3149 τῶν
2500 3095 2670 3150 ὄντων
2698 3096 2796 3167 τὴν
2827 3097 3011 3165 φύσιν,
3048 3097 3123 3160 ὡς
3148 3097 3360 3159 οὐδενὸς
3391 3098 3581 3150 ἕνεκεν
3615 3097 3701 3162 ὂν,

444 3188 683 3253 scipsum
725 3184 1018 3256 perfectio.
1073 3185 1299 3241 Nullum
1335 3200 1469 3243 vero
1504 3202 1700 3243 eorum
1731 3203 1852 3257 quae
1874 3187 2017 3243 facta

2118 3190 2279 3259 εἴπερ
2310 3187 2518 3258 ἀληθὴς
2560 3190 2588 3242 ὁ
2622 3189 2750 3259 περὶ
2777 3187 2941 3241 αὐτοῦ
2974 3188 3202 3259 ὁρισμὸς
3222 3229 3237 3253 ,
3285 3188 3386 3242 κᾶν
3417 3188 3704 3259 ἀλλότριος

445 3286 575 3332 sunt
594 3277 794 3331 suimet
822 3276 948 3332 ﬁnis
977 3284 1082 3343 est,
1105 3278 1369 3347 quoniam
1390 3293 1569 3349 neque
1600 3279 1685 3334 sui
1711 3293 1877 3334 causa
1903 3290 2015 3345 est;

2118 3276 2152 3352 ᾖ
2182 3282 2210 3333 ὁ
2235 3279 2433 3347 λέγων.
2471 3278 2636 3343 Τέλος
2662 3281 2810 3332 ἐστὶν
2845 3273 2908 3333 οὗ
2937 3280 3125 3332 ἕνεκεν
3156 3279 3223 3333 τὰ
3250 3280 3450 3344 πάντα,
3486 3280 3621 3333 αὐτὸ
3645 3280 3702 3334 δὲ

443 3367 689 3436 alioquin
725 3377 780 3422 et
825 3367 1133 3438 ingenitum
1182 3377 1239 3423 et
1294 3383 1491 3424 carens
1528 3369 1806 3439 principio
1846 3377 1902 3423 et
1936 3368 2018 3422 in-

2118 3371 2334 3435 οὺδενδς
2379 3371 2589 3426 ἕνεκεν.
2653 3372 2788 3426 Οὐδὲ
2834 3371 3152 3434 αὐτοτελὲς,
3204 3373 3327 3424 ἐπεὶ
3354 3373 3448 3425 καὶ
3475 3372 3704 3443 ἀνενέρο

443 3459 828 3513 Commotabile
854 3468 1039 3524 esset,
1066 3460 1267 3515 merito
1293 3460 1361 3515 ad
1390 3461 1604 3515 nullum
1627 3459 2017 3530 quoquomodo

2117 3475 2322 3529 γητον,
2378 3459 2453 3520 ὡς
2505 3458 2745 3530 πλῆρες,
2799 3461 2894 3513 καὶ
2938 3459 3199 3524 ὡσαύτως
3243 3460 3340 3514 καὶ
3382 3460 3706 3531 μηδαμόθεν

445 3548 653 3602 labens
692 3549 942 3613 moveri;
987 3548 1409 3605 transcenderet
1462 3550 1609 3604 enim
1643 3565 1838 3604 eorum
1887 3564 2010 3619 qua:

2117 3549 2178 3600 rb
2227 3542 2365 3601 εἶναι
2410 3547 2551 3618 ἔχον.
2608 3549 2681 3601 Τὸ
2710 3549 2996 3613 αὐτοτελὲς
3020 3549 3130 3620 γάρ
3159 3567 3277 3613 πως
3307 3550 3401 3603 καὶ
3428 3550 3698 3604 ἀναίτιον.

445 3649 575 3697 sunt
626 3649 899 3707 naturam,
934 3648 1126 3711 utpote
1168 3657 1271 3711 pro
1303 3643 1457 3696 nullo
1501 3650 1689 3707 esset;
1734 3641 2010 3711 siquidem

2118 3626 2241 3690 Οῦδ⁶
2264 3638 2493 3702 ἀπαθὲς,
2530 3639 2655 3690 ἐπεὶ
2687 3639 2783 3692 καὶ⁵
2813 3640 2974 3709 μόνον
3008 3640 3101 3694 καὶ
3129 3639 3357 3710 ἄπειρον
3387 3641 3482 3693 καὶ
3501 3639 3704 3715 ἀπερι-

444 3749 575 3787 xcra
604 3732 671 3786 de
701 3732 821 3800 ipso
850 3731 1123 3799 deﬁnitio,
1148 3735 1397 3803 quamvis
1427 3733 1626 3798 aliena,
1682 3750 1803 3802 qua:
1831 3733 1967 3787 dicit
2001 3750 2012 3784 :

2140 3743 2348 3797 τραφον.
2388 3728 2462 3780 Οὐ
2494 3728 2601 3799 γὰρ
2628 3727 2857 3798 πάσχειν
2884 3729 3093 3797 πέφυκε
3120 3730 3349 3783 καθόλου
3376 3729 3438 3783 rb
3461 3731 3699 3797 ἀπαθὲς,
3741 3790 3746 3799 λ

446 3824 597 3881 Finis
622 3832 708 3879 est
742 3838 842 3895 pro
873 3840 985 3893 quo
1016 3826 1221 3890 omnia,
1257 3827 1377 3895 ipse
1408 3841 1543 3881 vero
1580 3840 1680 3895 pro
1708 3824 1877 3879 nullo.
1911 3823 2017 3879 Ne-

2159 3818 2195 3888 ᾧ
2229 3819 2355 3888 μήτ’
2380 3821 2509 3889 ὲρᾷν
2537 3818 2730 3881 ἄλλου,
2766 3819 2798 3887 ἦ
2828 3820 3094 3874 κινεῖσθαι
3129 3820 3266 3892 πρὸς
3291 3821 3567 3892 (1201;)
3590 3820 3700 3886 ἃρ-
3746 3826 3765 3853 ν’

442 3933 550 3985 quc
586 3902 685 3985 per
709 3931 766 3971 se
792 3916 1057 3986 perfectio
1078 3959 1092 3983 ,
1125 3919 1374 3987 alioquin
1406 3918 1521 3971 non
1553 3916 1865 3972 eﬂiceretur
1890 3916 2016 3986 jure

2118 3908 2179 3962 λο
2205 3926 2255 3961 τι
2292 3911 2408 3963 κατ’
2433 3909 2639 3978 ἔφεσιν.
2697 3909 2862 3963 Οὐδὲν
2892 3909 2999 3981 ἄρα
3039 3911 3149 3964 τῶν
3177 3912 3422 3982 γενητῶν
3438 3912 3485 3944 ⁸ο
3514 3910 3701 3965 κινού-

444 4010 704 4077 pienum;
743 4015 799 4062 et
828 4007 1086 4062 similiter
1107 4017 1165 4062 et
1190 4024 1220 4061 a
1255 4008 1408 4062 nullo
1433 4022 1555 4062 esse
1596 4007 1867 4068 haberet;
1918 4021 2018 4075 per

2122 4018 2284 4072 μενον
2312 4001 2463 4071 ἔστη,
2499 4002 2574 4063 ὡς
2608 4000 2708 4069 τῆς
2738 4000 2960 4071 πρώτης
2995 4003 3090 4055 καὶ
3121 4002 3289 4073 μόνης
3318 4002 3525 4067 αἰτίας,
3549 4002 3611 4066 ἐξ
3628 3996 3701 4073 ἧς

443 4116 500 4153 sc
540 4099 687 4161 enim
730 4098 1054 4167 perfectum,
1099 4097 1564 4167 quemadmodum
1607 4105 1664 4150 et
1709 4096 2013 4151 incausalc.

2117 4093 2178 4148 rb
2199 4089 2339 4147 εἶναι
2368 4096 2479 4157 τοῖς
2505 4089 2623 4147 οὖσι
2650 4096 2920 4165 περίεστι,
2952 4094 3118 4165 μήπω
3141 4095 3324 4164 τυχὸν,
3353 4094 3387 4165 ἢ
3417 4094 3512 4148 τοῦ
3535 4095 3703 4164 ἐσχάρ-

444 4190 632 4258 Νοίιιιο
668 4188 1105 4259 impassibilitas,
1137 4188 1344 4259 alioqui
1383 4198 1439 4243 et
1475 4186 1551 4259 (p)
1583 4202 1815 4242 manens
1844 4196 1899 4241 et
1932 4188 2016 4242 iu-

2121 4203 2212 4240 rou
2246 4187 2398 4250 ἐντὸς
2427 4187 2717 4256 γενόμενον
2745 4186 2994 4257 ὀρεκτοῦ,
3031 4186 3097 4239 ἵν’
3122 4189 3186 4240 ἐκ
3210 4180 3727 4257 προγεγενημένηξ

445 4280 662 4336 finitum
688 4290 745 4336 et
786 4280 1330 4349 ineircumscriptum
1370 4290 1538 4334 esset.
1585 4278 1705 4334 Non
1728 4278 1876 4333 enim
1902 4278 2013 4349 pati
2046 4302 2051 4354 γ

2121 4277 2304 4342 ένὰδος
2355 4280 2383 4332 ὁ
2426 4277 2533 4329 τῶν
2583 4277 2818 4344 λογικῶν
2875 4277 3180 4348 σκεδασμὸς
3230 4278 3413 4348 ἑαυτῷ
3455 4277 3557 4349 τὴν
3588 4279 3700 4330 τῶν

445 4373 771 4437 naturaliter
820 4372 1005 4437 inest,
1051 4370 1196 4441 quod
1245 4370 1633 4425 universaliter
1679 4370 2016 4440 impassibile

2122 4370 2390 4439 σωμάτων
2421 4369 2634 4437 γένεσιν
2660 4368 2971 4431 ἀκολούθως
2996 4370 3414 4439 συνεισκομίσας
3442 4368 3723 4445 νομισθῇ.ξ

444 4474 550 4527 est,
588 4464 736 4534 quod
786 4480 966 4535 neque
1000 4475 1217 4519 amatur
1265 4464 1334 4519 ab
1367 4464 1475 4518 alio
1511 4472 1608 4517 aut
1653 4473 1905 4519 movetur
1948 4463 2016 4518 ad

2116 4461 2227 4515 Καὶ
2291 4460 2629 4531 μαρτυροῦσι
2683 4460 2925 4529 Μωῦσῆς
2985 4462 3079 4513 καὶ
3135 4461 3301 4514 Δαὸὶδ
3351 4462 3447 4513 καὶ
3487 4460 3698 4524 Παῦλος

445 4555 595 4610 aiiud
619 4556 751 4625 quid
777 4572 875 4625 per
901 4572 1170 4610 amorem.
1202 4556 1432 4611 Nullum
1470 4556 1641 4626 igitur
1676 4572 1871 4611 eorum
1896 4572 2018 4626 quae

2119 4550 2167 4603 οἱ
2188 4549 2354 4618 ἅγιοι,
2390 4552 2540 4604 καὶ-ὁ
2570 4550 2775 4604 τούτων
2799 4553 3079 4622 Δεσπότης
3102 4551 3356 4621 Χριστὸς,
3385 4552 3415 4604 ὁ
3438 4549 3563 4621 μὲν,
3602 4551 3698 4619 Μὴ

442 4657 702 4717 generata
729 4657 859 4702 sunt
894 4655 1102 4702 motum
1133 4654 1263 4712 stat,
1295 4654 1487 4717 utpote
1526 4647 1760 4717 primam
1801 4654 1859 4701 et
1901 4662 2018 4700 ma-

2118 4643 2450 4712 τεύσασθαι
2502 4643 2608 4696 τοῦ
2653 4643 2844 4707 ξύλου
2884 4643 2993 4709 τῆς
3047 4640 3195 4708 ζωῆς
3237 4642 3331 4694 rbv
3376 4642 3703 4713 προπάτορα

444 4748 665 4793 ncntem
691 4754 934 4803 causam,
979 4754 1047 4793 ex
1071 4753 1180 4808 qua
1213 4752 1333 4792 esse
1378 4737 1465 4791 his
1510 4752 1632 4805 quae
1680 4743 1812 4791 sunt
1849 4737 2013 4798 inest,

2129 4734 2439 4803 ἱστορήσας,
2476 4734 2569 4786 καὶ
2610 4733 2792 4787 ἄλλοθι
2838 4734 3037 4798 εἰπὼν,
3078 4736 3163 4788 Οὐ
3217 4735 3328 4802 γὰρ
3375 4732 3563 4802 ἥκητε
3592 4735 3706 4800 ἕως

442 4828 692 4883 nondum
721 4829 1219 4898 comprehendens,
1250 4837 1343 4883 aut
1370 4828 1512 4881 intra
1538 4827 1901 4882 novissimum
1935 4826 2016 4879 fa—

2124 4825 2230 4879 τοῦ
2251 4825 2368 4879 νῦν
2382 4828 2469 4890 εις
2489 4826 2606 4893 τὴν
2630 4825 3012 4880 κατάπαυσιν
3028 4826 3126 4878 καὶ
3157 4829 3244 4891 εὶς
3266 4824 3380 4893 τὴν
3409 4829 3704 4895 unjer-

446 4926 591 4973 ctum
617 4929 702 4973 est
740 4920 964 4985 datum,
1016 4929 1111 4974 aut
1156 4936 1221 4975 ex
1265 4909 1633 4990 primogenita
1673 4918 1884 4972 unitate
1926 4933 2015 4972 ra-

2119 4919 2286 4987 μίαν,
2314 4915 2394 4983 ἣν
2415 4917 2630 4983 Κύριος
2655 4919 2688 4970 d
2708 4915 2853 4981 Θεὸς
2874 4916 3039 4985 ἡμῶν
3055 4915 3309 4970 δίδωσιν
3341 4915 3504 4986 ὑμῖν.
3538 4918 3599 4970 '0
3625 4916 3705 4980 δὲ,

1734 5031 1960 5087 VARle
1993 5029 2398 5087 LECTIONES.

543 5124 587 5205 ’ξ
607 5126 723 5249 sarit
764 5127 862 5250 ead.l
878 5126 994 5183 Gal.
1063 5129 1104 5159 ⁷⁷
1136 5125 1284 5195 αὑτῷ
1309 5125 1397 5181 ed.
1423 5125 1543 5180 Gal.
1613 5124 1729 5157 '3'"
1761 5125 1965 5195 Scripsi
1995 5125 2060 5196 δὴ
2089 5141 2188 5195 pro
2215 5125 2291 5190 δὲ,
2327 5123 2473 5194 quod
2502 5132 2587 5178 est
2619 5124 2672 5177 in
2698 5123 2820 5177 cod.
2853 5122 2995 5178 Gud.
3028 5130 3081 5177 et
3113 5122 3170 5177 in
3202 5123 3293 5177 ed.
3317 5122 3435 5178 Gal.
3503 5121 3551 5154 “
3581 5138 3693 5190 γενο

543 5209 673 5248 τωνο
720 5235 733 5247 .
817 5212 844 5249 a
875 5238 888 5249 .

451 5208 624 5261 νητων
643 5208 733 5249 eu.
767 5208 862 5250 ual
875 5238 888 5249 .

1924 5307 2148 5362 NOTAE.

526 5400 600 5471 (ο)
629 5400 733 5466 Qui
753 5418 1136 5457 sacram——
1166 5404 1575 5457 introduxerunt
1628 5402 2022 5457 desiderantur
2129 5400 2259 5467 Quae
2285 5409 2594 5471 sequuntur
2635 5407 2766 5471 sunt
2799 5396 3123 5452 obscuriora
3172 5397 3226 5452 in
3283 5395 3498 5452 Latinis
3544 5409 3705 5466 quam

457 5468 515 5524 in
538 5468 746 5541 Griecis
778 5479 885 5526 tam
910 5473 998 5527 ed.
1032 5471 1149 5527 Gal.
1187 5488 1351 5541 quam
1376 5473 1500 5525 cod.
1526 5472 1668 5527 Gud.
1906 5540 1909 5541 ν
2132 5473 2186 5524 in
2216 5468 2440 5527 Grtccis.
2479 5468 2674 5540 (Gala)

532 5538 606 5608 (p)
630 5538 744 5593 lmo
769 5555 931 5595 unum
969 5543 1159 5596 solum.
1193 5538 1259 5597 Et
1307 5558 1431 5596 mox
1474 5544 1702 5612 primam
1751 5550 1799 5594 et
1829 5540 2019 5594 solum.
