4066 6150
498 239 640 313 1075

1659 260 1718 319 S.
1753 259 2038 321 MAXIMI
2078 263 2585 331 CONFESSORIS

3616 276 3756 344 1076

500 361 950 419 intellectuali‘ter
979 362 1374 430 intellectuale,
1407 364 1632 422 omnino
1651 366 1817 422 etiam
1863 366 2072 423 intelli-

2173 370 2268 424 τοῦ
2329 375 2463 428 αὑτὺ
2518 377 2698 432 ἐκεῖνο
2749 379 2872 434 ὃλον
2927 381 3287 452 γνωρίζεσθαι
3345 383 3620 438 δύνασθαι
3693 387 3753 440 τδ

494 456 618 527 git:
650 458 698 512 si
751 467 934 514 autem
981 457 1269 529 intelligit,
1320 459 1547 515 omnino
1589 467 1738 514 amat
1779 459 1928 529 quod
1986 459 2070 514 in-

497 546 720 615 telligit;
739 546 786 601 si
804 555 972 614 amat,
993 549 1200 618 patitur
1222 550 1447 605 omnino
1466 549 1534 604 ad
1561 550 1740 620 ipsum
1758 559 1818 605 ut
1833 550 2069 606 amabile

493 651 826 704 excessum;
853 638 898 694 si
934 648 1120 695 autem
1143 641 1372 710 patitur,
1403 641 1652 712 profecto
1700 642 1865 697 etiam
1912 640 2068 697 festi-

493 731 591 779 nat
638 741 654 778 :
707 726 756 780 si
810 727 1054 794 festinat,
1093 729 1319 785 omnino
1342 730 1510 786 etiam
1547 725 1790 786 intendit
1825 731 2068 786 validum

493 821 740 881 motum;
766 817 813 871 si
835 829 1020 874 autem
1046 821 1283 876 intendit
1303 821 1548 877 validum
1573 831 1805 887 motum,
1830 837 1942 876 non
1959 830 2070 878 stat

493 922 786 979 quousque
821 909 916 966 liat
945 919 1119 967 totum
1148 912 1204 967 in
1232 921 1348 968 toto
1386 924 1589 980 amato,
1614 922 1671 970 et
1714 929 1746 969 a
1774 922 1889 969 toto
1913 929 2067 968 com-

494 999 879 1066 prehendatur
901 1002 1178 1068 ;libenter
1200 1011 1375 1059 totum
1392 1002 1698 1059 secundum
1723 1003 2066 1059 voluntatem

495 1088 793 1143 salutarem
816 1091 1098 1161 accipiens
1125 1092 1717 1164 circumscriptionem,
1773 1100 1834 1147 ut
1890 1101 2067 1149 totum

492 1178 764 1236 alliciatur
797 1183 1310 1243 circumscribente.
1360 1191 1422 1238 ut
1453 1183 1592 1238 nihil
1628 1183 1856 1238 omnino
1897 1191 2068 1239 restet

492 1271 634 1326 velle
655 1287 722 1327 ex
747 1288 806 1328 se
835 1273 976 1344 ipso,
994 1289 1053 1328 se
1080 1274 1256 1343 ipsum
1280 1283 1453 1329 totum
1482 1289 1813 1345 cognoscere
1835 1274 2068 1330 valendo

493 1363 998 1435 circumscriptum,
1032 1367 1128 1422 sed
1158 1382 1225 1423 ex
1255 1367 1776 1433 circumscribente;
1807 1367 1952 1421 sicut
1975 1381 2074 1422 aer

492 1469 594 1524 per
613 1462 786 1510 totum
820 1456 1165 1513 illuminatus
1180 1458 1412 1524 lumine,
1432 1467 1488 1513 et
1512 1459 1634 1529 igne
1665 1457 1873 1513 ferrum
1889 1466 2068 1513 totum

493 1553 612 1600 toto
643 1545 1024 1616 liquefactum,
1055 1549 1164 1618 {aut
1192 1549 1239 1604 si
1268 1549 1400 1618 quid
1429 1549 1579 1604 aliud
1617 1549 1808 1603 talium
1843 1557 1946 1604 est.
1987 1549 2070 1605 Ex

494 1637 701 1708 quibus
750 1640 1089 1709 speculative
1117 1640 1382 1705 futuram,
1440 1640 1536 1694 sed
1567 1655 1678 1695 non
1723 1641 1834 1710 jam
1867 1640 2065 1696 factam

2174 467 2672 537 περιγραφόμενον,
2723 470 2840 524 ἀλλ’
2887 471 2953 526 ἐκ
3006 473 3100 527 τοῦ
3157 475 3645 547 περιγράφοντοςο
3677 478 3756 541 ὡς

2169 554 2278 625 ἀὴρ
2315 556 2384 610 δι’
2422 557 2546 611 ὅλου
2579 563 2993 633 πεφωτισμένος
3022 565 3181 634 φωτὶ,
3213 567 3307 619 καὶ
3335 566 3474 636 πυρὶ
3507 565 3749 636 σίδηρος,

2170 647 2291 711 ὅλος
2318 648 2423 720 ὅλῳ
2447 654 2967 724 πεπυρακτωμένος,
2998 655 3032 724 ἢ
3059 657 3112 709 εί
3136 673 3190 710 τι
3241 656 3371 710 ἀλλο
3407 656 3523 710 τῶν
3572 657 3752 711 τοιού-

2169 753 2278 791 των
2307 737 2474 794 ἐστίν.
2513 740 2604 806 Ἐξ
2623 737 2697 796 ὧν
2721 745 3090 814 ποχαστικῶς
3113 745 3212 817 τὴν
3232 746 3524 816 ἐσομένην,
3546 746 3660 799 ἀλλ’
3683 747 3749 800 οὐ

2169 827 2268 898 τὴν
2318 831 2693 902 γεγενημένην
2748 836 2843 888 καὶ
2901 836 3382 908 παραφθαρεῖσαν,
3408 840 3524 901 τοῖς
3576 837 3752 904 ἀξίοις

2168 917 2270 988 τῆς
2290 919 2623 993 ἀγαθότητος
2654 925 2946 994 μετουσίαν
2973 929 3092 980 κατ’
3125 929 3371 982 εἰκασίαν
3405 927 3573 998 μόνον
3599 928 3748 997 λαμ-

2171 1007 2428 1079 σάνομεν,
2456 1011 2645 1084 ἐπειδὴ
2669 1015 2764 1068 καὶ
2790 1016 2930 1086 ὑπὲρ
2959 1017 3131 1071 ταῦτα
3178 1017 3354 1072 πάντα
3406 1017 3478 1071 τὰ
3529 1017 3748 1082 ἐλπιζό-

2173 1100 2312 1170 μενά
2367 1102 2537 1170 ἐστιν,
2583 1104 2660 1168 ὡς
2705 1105 2883 1174 ὅψεως
2917 1106 3045 1161 ὅντα
3075 1107 3217 1162 κατά
3243 1109 3306 1162 τὸ
3334 1109 3744 1179 γεγραμμένον,

2171 1192 2267 1246 καὶ
2295 1192 2462 1260 ἀκοῆς
2496 1197 2592 1250 καὶ
2621 1195 2858 1260 διανοίας
2906 1196 3181 1251 ἐπέκεινα.
3231 1199 3341 1252 Καὶ
3388 1197 3548 1252 τοῦτό
3594 1200 3750 1250 ἐστιν

2171 1285 2301 1350 ἴσως
2329 1287 2362 1356 ἠ
2394 1286 2641 1358 ὑποταγὴ
2697 1290 2764 1359 ἢν
2811 1290 2841 1342 ἀ
2890 1288 3032 1353 θεῖος
3089 1289 3410 1353 Ἀπόστολός
3473 1306 3609 1360 φησι
3667 1289 3751 1359 τῷ

2171 1377 2348 1448 Πατρὶ
2391 1377 2484 1431 τὸν
2537 1378 2670 1432 Υίδν
2718 1378 3065 1442 ὑποτάσσειν,
3115 1379 3244 1444 τοὺς
3295 1380 3560 1442 ἑκουσίως
3589 1380 3752 1448 δεχο-

2172 1467 2368 1536 μένους
2392 1466 2454 1519 τὸ
2485 1467 2908 1533 ὑποτάσσεσθαι,
2939 1468 3058 1539 μεθ’
3085 1470 3170 1540 ἥν,
3200 1469 3235 1540 ἢ
3264 1469 3330 1521 δι’
3355 1470 3442 1540 ἣν,
3473 1469 3529 1522 '0
3554 1471 3755 1538 ἐσχα-

2169 1569 2273 1619 τος
2304 1554 2520 1624 ἐχθρὸς
2555 1556 2929 1626 καταργεῖται
2985 1559 3020 1612 ὁ
3070 1556 3346 1625 θάνατος,
3396 1559 3473 1620 ὼς
3518 1559 3612 1612 τοῦ
3660 1561 3755 1627 ἐφ’

2171 1644 2324 1714 ἡμῖν,
2344 1644 2509 1713 ἠγουν
2532 1644 2627 1699 τοῦ
2649 1645 3017 1711 αὑτεξουσὶου,
3044 1645 3112 1700 δι’
3131 1638 3192 1698 οῦ
3223 1647 3356 1716 πρὸς
3381 1647 3528 1717 ἡμᾶς
3558 1647 3758 1701 ποιού-

494 1738 553 1784 et
573 1730 638 1800 (ε)
672 1729 1044 1801 incorruptam
1070 1731 1250 1802 dignis
1272 1731 1538 1786 bonitatis
1588 1731 2068 1801 participationem

2174 1751 2334 1805 μενος
2357 1733 2454 1805 τὴν
2481 1734 2688 1789 είσθδον
2723 1735 2992 1807 ἐπεκύρου
3022 1736 3145 1793 καθ’
3175 1738 3208 1807 ἡ
3218 1734 3335 1806 μῶν
3375 1737 3437 1790 τὸ
3470 1738 3569 1807 τῆς
3611 1737 3756 1806 φθο-

492 1831 594 1886 per
615 1817 1036 1874 similitudinem
1060 1819 1408 1875 solummodo
1441 1819 1742 1890 accipimus
1765 1837 1780 1886 ;
1802 1821 2065 1891 quoniam

492 1915 550 1962 et
577 1924 742 1979 super
769 1911 955 1966 omnia
969 1910 1086 1967 haec
1103 1920 1232 1967 sunt
1260 1926 1382 1982 quae
1399 1912 1669 1982 speranda
1687 1922 1838 1979 sunt,
1866 1912 2068 1968 merito

493 1998 635 2054 dum
657 2000 768 2056 sint
786 2017 998 2058 summa
1020 2002 1274 2067 visionis,
1305 2003 1448 2059 sicut
1469 2004 1734 2075 scriptum
1759 2013 1864 2070 est,
1889 2013 1946 2059 et
1967 2019 2068 2058 au-

492 2089 644 2147 ditus
675 2099 732 2146 et
789 2092 1134 2161 intellectus;
1165 2103 1223 2150 et
1247 2095 1352 2150 hoc
1377 2095 1571 2164 utique
1603 2104 1688 2150 est
1712 2095 1830 2164 ipsa
1861 2095 2072 2166 subjec-

491 2183 593 2249 tio,
613 2181 674 2253 (t)
697 2199 863 2254 quam
887 2184 1112 2241 divinus
1140 2185 1434 2255 Apostolus
1453 2186 1529 2241 ait
1547 2185 1694 2240 Patri
1715 2185 1916 2240 Filium
1939 2186 2071 2242 sub-

489 2273 766 2345 iecturum
788 2275 929 2342 fore,
958 2277 1266 2333 voluntarie
1299 2277 1575 2347 accepturi
1605 2277 1883 2348 subjectos
1922 2292 2066 2344 esse,

492 2372 621 2435 post
642 2381 805 2436 quam
831 2373 888 2420 et
917 2381 1015 2436 per
1035 2383 1198 2437 quam
1221 2369 1503 2422 novissima
1528 2368 1743 2422 inimica
1769 2367 2069 2422 destruetur

495 2474 636 2512 mors
663 2457 706 2523 ',
741 2466 933 2529 utpote
957 2459 1332 2529 corruptionis
1379 2459 1650 2529 potentia,
1681 2475 1778 2529 per
1803 2475 1968 2530 quam
1997 2459 2067 2516 ad

490 2563 597 2605 nos
629 2549 760 2605 fecit
807 2549 1100 2604 introitum
1151 2551 1296 2620 (ipso
1330 2550 1388 2604 in
1412 2549 1594 2614 nobis,
1621 2551 1717 2620 qui
1747 2565 1846 2620 per
1875 2565 1933 2606 se
1965 2566 2067 2621 po-

492 2647 618 2696 tens
631 2649 736 2705 est,
751 2640 1043 2711 adiuvante
1055 2641 1357 2696 secundum
1369 2641 1513 2712 nos),
1526 2641 1833 2697 voluntarie
1851 2642 2070 2697 univer-

493 2731 811 2787 saliter'Deo
835 2732 912 2803 (ιι)
933 2732 1196 2802 implente
1217 2742 1274 2787 et
1289 2732 1430 2787 bene
1451 2743 1712 2803 regnante
1728 2734 1875 2803 quod
1892 2734 1961 2805 (υ)
1983 2749 2070 2789 re-

491 2819 592 2890 git,
625 2821 799 2874 otium
841 2820 1073 2890 agendo,
1111 2835 1179 2874 ne
1215 2821 1347 2890 quid
1376 2821 1509 2875 velit
1543 2831 1741 2890 praeter
1769 2823 1918 2892 quod
1951 2824 2070 2879 vult

491 2913 670 2978 Deus;
698 2912 842 2967 sicut
856 2913 987 2967 alibi
1007 2913 1083 2967 ait
1101 2912 1218 2982 ipse
1239 2912 1296 2966 in
1313 2927 1371 2967 se
1390 2911 1510 2981 ipso
1533 2913 1777 2968 formans
1798 2915 1944 2984 quod
1964 2931 2066 2971 no-

493 3011 672 3057 strum
699 3009 782 3057 est
798 3001 1046 3058 Salvator
1065 3001 1135 3057 ad
1163 3003 1409 3057 Patrem:
1433 3002 1800 3059 Verumtamen
1819 3022 1922 3060 non
1937 3007 2069 3060 sicut
2095 3040 2140 3102 c
2171 3007 2520 3078 ποθήσωμεν,
2573 3005 2649 3069 ὡς
2697 3005 2801 3075 τῆς
2857 3003 3067 3068 είκόνος
3119 3001 3446 3072 ἀνελθούσης
3492 3002 3631 3072 πρὸς

494 3110 588 3145 eao
609 3095 744 3145 volo.
771 3095 862 3145 sed
889 3097 1022 3145 sicut
1053 3101 1108 3145 tu
1133 3092 1146 3144 i
1179 3110 1198 3145 :
1227 3102 1283 3145 et
1304 3103 1428 3145 nost
1451 3109 1577 3145 eum
1607 3096 1830 3145 divinus
1871 3113 1937 3145 ac
1964 3098 2070 3145 mi-
2170 3096 2500 3145 ἀονέτυπον.
2535 3097 2630 3145 καὶ
2671 3093 2965 3145 σωοαγίδος
2989 3092 3146 3145 δίκην
3173 3091 3528 3145 ἐκτυπώιιατι
3559 3092 3666 3145 καλ

2129 3091 2140 3151 Ϊ
2170 3096 2500 3167 ἀρχέτυπον,
2535 3097 2630 3150 καὶ
2671 3093 2965 3164 σφραγίδος
2989 3092 3146 3163 δίκην
3173 3091 3528 3163 ἐκτυπώματι
3559 3092 3748 3158 καλῶς

494 3110 588 3166 ego
609 3095 744 3160 volo,
771 3095 862 3150 sed
889 3097 1022 3150 sicut
1053 3101 1108 3148 tu
1133 3092 1146 3144 i
1179 3110 1198 3149 :
1227 3102 1283 3150 et
1303 3103 1428 3164 post
1451 3109 1578 3150 eum
1607 3096 1830 3153 divinus
1871 3113 1937 3153 ac
1964 3098 2070 3153 mi-

491 3187 684 3242 rabilis
709 3187 912 3243 Paulus
945 3186 1116 3243 veluti
1152 3201 1213 3242 se
1248 3187 1428 3258 ipsum
1458 3202 1666 3258 negans
1701 3195 1758 3243 et
1791 3190 2070 3260 propriam

491 3277 696 3333 habere
741 3279 853 3350 jam
908 3278 1079 3335 vitam
1120 3278 1412 3334 nesciens:
1441 3277 1564 3334 Vivo
1598 3288 1774 3334 autem
1790 3281 1912 3351 jam
1964 3296 2071 3336 non

491 3382 604 3437 ego,
631 3367 756 3420 vivit
784 3383 904 3422 vero
934 3368 990 3420 in
1024 3382 1105 3421 me
1136 3364 1371 3421 Christus
1406 3365 1455 3420 ι.
1491 3365 1613 3420 Non
1649 3368 1946 3423 conturbet
1971 3383 2071 3424 vos

490 3457 645 3528 quod
672 3457 881 3514 dictum
911 3467 996 3513 est
1030 3475 1044 3512 :
1083 3473 1195 3513 non
1249 3458 1400 3513 enim
1449 3457 1783 3514 ablationem
1833 3460 2072 3530 propria:

491 3549 753 3618 potentiae
788 3549 907 3604 ﬁeri
943 3549 1090 3615 dico,
1141 3548 1237 3604 sed
1285 3547 1616 3620 positionem
1651 3550 1824 3620 magis
1867 3567 2070 3608 secun-

491 3639 628 3694 dum
661 3647 916 3693 naturam
948 3639 1108 3694 ﬁxam
1137 3648 1194 3695 et
1225 3640 1648 3705 immutabilem,
1679 3641 1735 3695 id
1762 3651 1847 3697 est
1877 3658 2070 3701 exces-

492 3744 617 3784 sum
647 3729 1097 3795 intellectualem,
1120 3739 1181 3784 ut
1207 3731 1354 3786 unde
1376 3731 1539 3786 nobis
1567 3730 1818 3786 subsistit
1842 3747 1986 3799 esse,
2014 3743 2072 3790 et

493 3820 704 3877 moveri
757 3821 1007 3892 accipere
1054 3822 1456 3889 desideremus,
1499 3823 1651 3878 velut
1694 3823 1931 3894 imagine
1977 3841 2069 3881 re-

493 3911 700 3969 deunte
725 3912 792 3968 ad
823 3913 1128 3984 principale
1160 3915 1474 3984 exemplum
1501 3922 1558 3970 et
1591 3914 1735 3985 signi
1773 3914 1948 3970 instar
1971 3931 2072 3986 per

492 4005 724 4077 ﬁguram
758 4005 902 4061 bene
935 4006 1206 4076 compacti
1241 4005 1532 4076 principali
1569 4005 1780 4073 formae,
1812 4017 1869 4062 et
1901 4008 2070 4064 alior-

493 4109 619 4152 sum
652 4095 785 4151 ferri
815 4112 996 4168 neque
1021 4097 1260 4152 habente
1282 4096 1351 4151 de
1378 4105 1578 4152 caetero
1600 4112 1782 4167 neque
1810 4097 2026 4155 valente
2054 4116 2070 4154 :

492 4201 564 4242 an
596 4187 842 4258 apertius
875 4187 1175 4244 dicendum
1222 4196 1280 4243 et
1311 4188 1518 4253 verius,
1567 4204 1746 4258 neque
1778 4204 1939 4258 posse
1972 4206 2071 4247 vo-

493 4279 663 4347 lente,
696 4279 896 4334 merito
928 4278 1116 4334 divina
1149 4285 1376 4349 accepta
1403 4278 1747 4348 operatione,
1781 4280 1951 4350 magis
1977 4298 2073 4336 au-

2171 1825 2271 1896 ρᾶς
2303 1825 2526 1896 κράτος,
2560 1825 2822 1891 ἑκουσίως
2855 1826 2977 1881 καθ’
3007 1826 3130 1880 ὅλου
3175 1825 3583 1898 ἐκχωρηθέντος
3625 1827 3756 1900 Θεῷ

2169 1916 2267 1971 καὶ
2297 1915 2476 1980 καλῶς
2500 1915 2878 1986 βασιλεύοντος
2909 1905 2972 1970 τὸ
3011 1915 3410 1986 βασιλεύεσθαι,
3444 1916 3523 1988 τῷ
3550 1918 3758 1986 ἀργεῖν

2168 2007 2265 2063 τοῦ
2293 2025 2348 2062 τι
2402 2007 2605 2062 ἐθέλειν
2653 2009 2785 2080 παρ’
2835 2009 2865 2062 δ
2921 2008 3064 2063 θέλει
3121 2009 3291 2073 Θεός·
3339 2008 3528 2078 ὥσπερ
3575 2009 3756 2078 φησιν

2169 2099 2330 2162 αὑτὸς
2356 2100 2414 2152 ἐν
2449 2098 2629 2169 ἐαυτῷ
2655 2094 2843 2153 τυπῶν
2869 2098 2933 2152 τὸ
2976 2099 3250 2171 ἡμέτερον
3289 2100 3320 2151 ὁ
3371 2099 3560 2169 Σωτὴρ
3607 2099 3755 2170 πρὸς

2167 2189 2262 2245 τὸν
2287 2189 2506 2260 Πατέρα
2523 2206 2538 2221 '
2565 2189 2740 2257 Πλὴν
2765 2191 2878 2259 οὐχ
2905 2189 2985 2255 ὡς
3008 2188 3122 2259 ἐγὼ
3141 2188 3312 2253 θέλω,
3339 2187 3475 2243 ἀλλ’
3505 2189 3588 2252 ὡς
3638 2190 3750 2243 σύ.

2168 2280 2281 2334 Καὶ
2328 2279 2443 2350 μετ’
2477 2279 2638 2332 αὑτὸν
2669 2281 2698 2333 ὁ
2727 2278 3016 2342 Θεσπέσιος
3055 2276 3288 2342 Παῦλος,
3323 2276 3512 2349 ὥσπερ
3549 2277 3754 2332 ἐαυτὸν

2169 2369 2548 2440 ἀρνησάμενος
2579 2368 2674 2422 καὶ
2723 2367 2862 2422 ἰδίαν
2911 2367 3056 2438 ἔχειν
3097 2367 3178 2420 ἔτι
3235 2367 3378 2439 ζωὴν
3431 2367 3506 2437 μὴ
3549 2367 3748 2432 εἰδώς·

2169 2460 2262 2515 Ζῶ
2286 2461 2396 2530 γὰρ
2424 2462 2535 2515 οὐκ
2563 2459 2650 2514 ἔτι
2681 2460 2811 2530 ἐγώ·
2847 2458 2916 2528 ζῆ
2946 2459 3056 2528 γὰρ
3084 2460 3154 2514 ἐν
3181 2459 3311 2530 ἐμοὶ
3344 2460 3616 2528 Χριστός.
3646 2461 3745 2530 Μὴ

2169 2553 2479 2624 ταραττέτω
2511 2551 2558 2584 ⁸⁸
2583 2552 2639 2605 δέ
2669 2552 2812 2621 ὑμᾶς
2841 2551 2902 2604 τὸ
2926 2550 3238 2620 λεγόμενον.
3294 2550 3369 2602 Ού
3425 2550 3530 2618 γὰρ
3578 2547 3738 2600 ἀναί-

2173 2663 2320 2716 ρεσιν
2343 2644 2437 2698 τοῦ
2491 2642 2837 2707 αὑτεξουσίου
2883 2641 3128 2711 γίνεσθαί
3183 2658 3346 2712 φημι,
3404 2639 3539 2694 ἀλλά
3588 2639 3743 2693 θέσιν

2172 2737 2372 2808 μᾶλλον
2401 2737 2500 2807 τὴν
2541 2737 2682 2790 κατά
2734 2732 2898 2803 φύσιν
2959 2733 3164 2802 παγίαν
3208 2751 3268 2786 τε
3322 2732 3506 2803 (122
3542 2731 3598 2803 α)
3647 2731 3748 2784 καὶ

2168 2825 2520 2896 ἀμετάθετον,
2553 2824 2722 2894 ἦγουν
2780 2821 3088 2893 ἐκχώρησιν
3137 2822 3440 2892 γνωμικὴν,
3497 2821 3566 2874 ἶν’
3619 2819 3748 2874 ὅθεν

2169 2916 2302 2986 ἡμῖν
2335 2915 2572 2984 ὑπάρχει
2599 2914 2645 2946 ⁸⁹
2697 2912 2760 2966 τὸ
2798 2908 2936 2966 εἷναι
2995 2913 3090 2965 καὶ
3133 2911 3195 2963 τὸ
3246 2909 3513 2964 κινεῖσθαι
3553 2909 3749 2962 λαϐεῖν

2171 3007 2520 3078 ποθήσωμεν,
2573 3005 2649 3069 ὡς
2697 3005 2801 3075 τῆς
2857 3003 3067 3068 είκόνος
3119 3001 3446 3072 ἀνελθούσης
3492 3002 3631 3072 πρὸς
3681 3002 3750 3055 ea

2170 3187 2527 3259 ἡρμοσμένης
2572 3186 2652 3256 τῷ
2707 3185 3021 3257 ἀρχετύπῳ,
3080 3187 3177 3238 καὶ
3239 3183 3422 3237 ἄλλοθι
3475 3184 3749 3256 φέρεσθαι

2173 3279 2299 3351 μήτ’
2329 3277 2560 3350 ἐχούσης
2577 3276 2764 3330 λοιπὸν
2796 3276 2934 3346 μήτε
2963 3275 3292 3345 δυναμένης,
3327 3275 3360 3344 ἢ
3404 3275 3750 3347 σαφέστερον

2169 3370 2344 3423 εἰπεῖν
2373 3370 2468 3422 καὶ
2497 3367 2878 3438 ἀληθέστερον,
2911 3366 3047 3437 μήτε
3079 3363 3360 3434 βούλεσθαι
3405 3363 3749 3435 δυναμένης,

2169 3461 2246 3526 ὡς
2284 3459 2383 3530 τῆς
2429 3459 2578 3524 θείας
2624 3457 3035 3530 ἐπειλημμένης
3085 3456 3388 3526 ἐνεργείας,
3441 3455 3645 3526 μᾶλλον
3689 3457 3751 3512 δδ

2169 3555 2300 3619 Θεὸς
2321 3557 2388 3626 τῇ
2434 3553 2627 3606 θεώσει
2659 3549 3052 3622 γεγενημένης,
3113 3549 3210 3604 καὶ
3255 3548 3417 3602 πλέον
3470 3548 3752 3620 ἡδομένης

2169 3650 2236 3718 τῇ
2295 3645 2552 3700 ἐκστάσει
2605 3643 2714 3696 τῶν
2766 3640 3012 3711 φυσικῶς
3059 3641 3146 3693 ἐπ’
3203 3640 3374 3711 αὐτῆς
3431 3639 3530 3692 καὶ
3573 3639 3750 3694 ὖντων

2169 3739 2265 3794 καῖ⁵
2296 3737 2622 3808 νοουμένων,
2677 3735 2766 3790 διὰ
2815 3733 2913 3804 τὴν
2936 3733 3302 3804 ἐκνικήσασαν
3348 3731 3518 3802 αὐτὴν
3581 3733 3750 3802 χάριν

2169 3830 2264 3885 τοῦ
2292 3830 2628 3901 Πνεύματος,
2659 3811 2756 3883 καὶ
2788 3826 2950 3897 μόνον
2999 3824 3230 3896 ἔχουσαν
3282 3822 3612 3893 ἐνεργοῦντα
3654 3822 3752 3876 τὸν

2170 3923 2304 3977 Θεδν
2337 3921 2610 3989 δείξασαν,
2664 3920 2806 3974 ὥστε
2853 3913 2992 3971 εἶναι
3027 3918 3156 3987 μίαν
3185 3917 3280 3969 καὶ⁵
3302 3915 3472 3986 μόνην
3497 3915 3589 3968 διά
3615 3915 3753 3969 πάν-

2169 4031 2278 4068 των
2307 4013 2609 4084 ἐνέργειαν,
2629 4010 2724 4065 τοῦ
2742 4009 2881 4064 Θεοῦ
2909 4007 3138 4063 καὶτῶν
3161 4007 3328 4074 ἀξίων
3353 4005 3512 4066 Θεοῦ,
3541 4005 3751 4075 μᾶλλον

2171 4107 2228 4160 δέ
2263 4105 2428 4175 μόνου
2451 4103 2610 4168 Θεοῦ,
2642 4103 2718 4165 ὡς
2743 4101 2868 4155 ὅλον
2887 4100 3031 4163 ὅλοις
3051 4098 3165 4162 τοῖς
3205 4097 3378 4162 ἀξίοις
3425 4095 3749 4168 ἀγαθοπρεο

2173 4193 2293 4261 πῶς
2327 4193 2831 4265 περιχωρήσαντος.
2873 4188 3114 4259 Ἀνάγκη
3161 4187 3273 4258 ⁴γὰρ
3303 4187 3454 4239 πᾶσα
3486 4186 3588 4256 τῆς
3621 4183 3752 4241 κατ’

2177 4285 2362 4354 ἔφεσιν
2391 4283 2464 4338 τὰ
2492 4283 2669 4339 πάντα
2699 4281 2829 4352 περί
2858 4298 2916 4335 τι
2964 4279 3093 4334 ἀλλο
3144 4277 3459 4332 παύσασθαι
3509 4279 3752 4343 ἐξουσια-

495 4377 607 4426 tem
635 4371 782 4426 Deus
815 4386 916 4441 per
947 4370 1351 4426 deiﬁcationem
1385 4369 1547 4435 facta,
1579 4379 1635 4425 et
1659 4371 1783 4441 plus
1815 4371 2072 4428 dilectat'a

2184 4375 2374 4446 στικῆς
2420 4375 2709 4444 κινήσεως,
2766 4369 2860 4425 τοῦ
2913 4369 3142 4440 ἐσχάτου
3196 4369 3457 4436 φανέντος
3515 4368 3752 4440 ὀρεκτοῦ

493 4477 723 4519 excessu
749 4463 818 4519 ab
843 4464 930 4519 his
953 4479 1075 4534 quae
1103 4462 1433 4519 naturaliter
1461 4463 1515 4517 in
1545 4479 1610 4518 ea
1645 4473 1774 4518 sunt
1804 4472 1860 4518 et
1889 4464 1958 4519 ab
1987 4465 2076 4522 his

494 4548 620 4626 quae
650 4563 783 4612 sunt
830 4563 888 4611 et
919 4556 1303 4627 intelliguntur
1331 4571 1432 4626 per
1461 4565 1813 4626 superantem
1847 4571 1904 4612 se
1948 4573 2073 4629 gra-

461 4683 475 4690 -
495 4649 630 4703 tiam
666 4647 906 4718 Spiritus
934 4655 990 4704 et
1020 4647 1366 4703 solummodo
1400 4645 1693 4701 habentem
1725 4656 2075 4716 operatorem

495 4738 685 4794 Iesum
714 4747 772 4794 et
800 4738 1187 4808 accipientem,
1218 4737 1294 4794 ita
1342 4745 1403 4792 ut
1449 4736 1522 4791 sit
1569 4753 1680 4792 una
1712 4747 1769 4792 et
1817 4740 1933 4794 sola
1977 4757 2075 4811 per

496 4829 681 4884 omnia
705 4829 956 4899 operatio
980 4829 1077 4884 Dei
1108 4836 1167 4884 et
1189 4827 1478 4899 dignorum
1512 4828 1654 4894 Deo;
1691 4829 1863 4899 magis
1888 4840 2074 4886 autem

497 4918 668 4973 solius
690 4919 809 4984 Dei,
839 4928 1027 4990 utpote
1055 4927 1170 4974 toto
1199 4927 1342 4973 totos
1363 4919 1556 4989 dignos
1581 4919 1722 4973 bene
1752 4933 1816 4973 ac
1845 4921 2073 4988 pulchre

496 5010 796 5066 ambiente.
831 5009 994 5066 Omni
1025 5011 1174 5066 enim
1205 5011 1537 5067 necessitate
1573 5025 1673 5081 per
1705 5011 1889 5065 omnia
1924 5011 2072 5067 circa

2173 4468 2269 4523 καὶ
2297 4465 2685 4538 μετεχομένου,
2718 4465 2815 4519 καὶ
2852 4462 3132 4532 ἀναλόγως
3163 4463 3229 4531 τῇ
3265 4460 3374 4515 τῶν
3409 4463 3755 4532 μετεχόντων

2172 4557 2401 4628 δυνάμει
2432 4556 2750 4627 ἀχωρήτως,
2789 4553 2855 4607 ἶν’
2909 4551 3081 4616 οὔτως
3129 4551 3290 4616 εἴπω,
3348 4551 3706 4622 χωρουμένου
3732 4566 3750 4582 ⁸

2173 4650 2310 4722 πρὸς
2334 4648 2364 4702 ὃ
2391 4650 2542 4703 πᾶσα
2569 4645 2787 4700 σπεύδει
2811 4644 3056 4700 πολιτεία
3075 4642 3170 4697 τοῦ
3191 4643 3236 4676 ⁸⁸
3268 4641 3476 4714 ὑψηλοῦ
3507 4645 3604 4696 καὶ
3632 4643 3754 4699 διά-

2171 4758 2311 4806 νοια,
2349 4759 2368 4793 ι
2407 4739 2502 4794 καὶ
2533 4739 2613 4802 είς
2641 4737 2670 4791 δ
2715 4739 2867 4792 πᾶσα
2917 4735 3103 4806 ἔφεσις
3148 4735 3384 4798 ἵσταται,
3423 4735 3518 4788 καὶ
3549 4734 3696 4804 ὑπὲρ
3727 4733 3757 4788 δ

2177 4829 2428 4900 οὐδαμῶς
2456 4829 2704 4900 φέρεται·
2731 4828 2856 4882 οὔτε
2885 4827 2995 4897 γὰρ
3025 4826 3162 4896 ἔχει,
3186 4825 3281 4879 καὶ
3318 4823 3454 4895 πρὸς
3511 4825 3542 4878 δ
3585 4826 3758 4878 τείνει

2179 4922 2328 4975 πᾶσα
2365 4919 2657 4974 σπουδαίου
2693 4918 2928 4990 κίνησις,
2970 4917 3066 4970 καὶ
3115 4909 3176 4970 οῦ
3204 4914 3522 4986 γενομένοις
3571 4911 3758 4985 πάσης

2177 5009 2412 5083 θεωρίας
2437 5010 2764 5074 ἀνάπαυσις,
2787 5025 2806 5060 ι
2834 5005 2998 5078 φησὶν
3022 5005 3051 5058 δ
3073 5002 3342 5076 μακάριος
3373 4994 3587 5068 obs-oc"
3611 5001 3758 5058 διιδά-

573 5125 590 5166 ί
625 5125 650 5182 ι
679 5124 808 5182 Cor.
840 5143 930 5192 xv,
959 5126 1050 5183 26.
1128 5127 1142 5178 ἱ
1174 5127 1368 5193 Matth,
1393 5143 1542 5194 nvi,
1568 5128 1656 5183 59.
1738 5129 1763 5168 κ
1792 5128 1970 5184 Galat.
1999 5146 2061 5197 ιι,
2089 5132 2182 5188 20.

1779 5239 2016 5298 VARIAS
2051 5241 2454 5299 LECTIONES.

568 5374 618 5410 ³⁸
663 5375 983 5447 ταρασσέτω
1009 5376 1102 5432 ed.
1161 5377 1280 5433 Gal.
1363 5378 1409 5411 ⁸⁸
1463 5378 1684 5452 ὑπάρχῃ
1715 5380 1804 5437 ed.
1834 5379 1952 5437 Gal.
2045 5383 2092 5415 9°
2110 5380 2206 5435 τοῦ
2241 5383 2396 5437 abest
2422 5382 2491 5436 ab
2517 5380 2608 5435 ed.
2635 5377 2754 5435 Gal.
2842 5378 2885 5408 "
2909 5366 3064 5437 οὗτος
3084 5386 3195 5428 non
3221 5372 3392 5429 habet
3411 5372 3500 5428 ed.
3525 5371 3646 5429 Gal.

2028 5500 2251 5556 NOTAE.

589 5587 638 5658 ρ)
670 5586 822 5658 _Lege
850 5586 1379 5658 corruptummale.)

567 5583 638 5726 is;
677 5586 822 5654 Lege
850 5600 1002 5638 corru
1046 5595 1155 5641 tam
1179 5586 1271 5657 (Ga

597 5663 614 5709 ι
670 5654 817 5725 Lege
848 5669 975 5722 qua,
1071 5655 1271 5728 (Gale.)

2253 5589 2330 5656 (τι)
2361 5589 2509 5659 Lege
2543 5589 2773 5642 cedente.
2809 5581 3004 5659 φειδ..)

2251 5654 2321 5730 (ιι)
2352 5654 2495 5730 Lege
2527 5660 2745 5729 regitur.
2783 5654 2978 5724 (Gale.)
