4066 6150
389 338 524 405 10⁵1⁷1

1616 341 1851 401 AMBlG
1861 341 2134 401 UORUM
2173 338 2421 399 LIBER.

3059 315 3092 330 δ

3507 329 3647 396 1078

387 451 607 514 σκαλος.
648 417 787 503 Οῦιτε
813 447 924 520 γὰρ
971 447 1126 504 ἔσται
1180 466 1234 502 τι
1295 449 1452 515 ἐκτὸς
1509 450 1646 505 Θεοῦ
1692 453 1815 505 τότε
1856 450 1964 505 δει-

2082 451 2219 506 ιιὶυά
2271 449 2404 520 quid
2445 448 2734 520 quiescent
2767 447 3096 519 potestativo
3128 455 3280 503 motu
3317 445 3412 517 qui
3449 462 3650 504 secun-

388 539 738 612 κνύμενον,ἢ
781 539 902 612 Θεῷ
953 540 1380 613 ἀντισηκοῦσθαι
1425 541 1636 606 δοκοῦν,
1687 543 1776 597 ἵνα
1820 543 1966 606 τινὸς

388 634 576 703 ἔφεσιν
607 631 743 704 πρὸς
787 630 920 685 αὐτὸ
952 632 1112 702 ῥέψαι
1157 631 1408 706 δελεάσῃ,
1462 631 1682 687 πάντων
1739 633 1965 704 περιλη-

389 724 632 793 φθέντων
663 722 813 793 αὐτῷ
861 723 1044 793 (122
1074 721 1125 793 ό)
1175 723 1382 794 νοητῶν
1424 740 1483 776 τε
1538 725 1634 777 καὶ
1693 722 1967 794 αἰσθητῶν

292 862 296 872 .
390 813 533 868 κατὰ
561 813 658 884 τὴν
690 812 966 884 ἄφραστον
990 812 1156 867 αὑτοῦ
1185 812 1446 881 ἕκφανσιν
1491 813 1584 866 καὶ
1641 797 1964 884 παρουσίαν,

392 905 468 968 ῶς
513 903 622 957 οὐδ’
673 903 731 954 ὲν
777 902 963 974 ἡμέρᾳ
1009 901 1076 955 τὰ
1120 901 1344 973 ἀστρῷα
1375 902 1530 970 φῶτα
1562 902 1655 957 καὶ
1710 904 1849 958 αὐτὰ
1900 903 1967 958 τὰ

393 995 572 1065 ἄστρα
622 993 773 1064 ἡλίου
825 993 1088 1062 φανέντος
1137 992 1214 1063 τῷ
1272 993 1453 1064 πολλῷ
1509 995 1604 1049 καὶ
1651 996 1968 1067 ἀσυγκρίτῳ

395 1085 556 1154 φωτὶ,
584 1083 642 1149 ἐξ
670 1077 730 1138 οὗ
762 1085 856 1137 καὶ
895 1083 1081 1146 αὐτοῖς
1115 1083 1176 1137 τὸ
1205 1084 1360 1152 φῶτα
1389 1081 1528 1140 εἶναι
1560 1087 1965 1157 καλυπτόμενα,

394 1179 489 1232 καὶ
519 1177 628 1230 οὐδ’
682 1177 764 1229 ὃτι
814 1176 860 1207 ⁹¹
897 1175 1035 1231 εἰσὶν
1079 1175 1204 1228 ὅσον
1261 1176 1514 1246 αἰσθήσει
1564 1179 1967 1248 γνωριζόμενα.

406 1269 530 1322 Ἐπί¹
559 1269 604 1300 ⁸³
632 1266 770 1321 Θεοῦ
804 1267 860 1320 δὲ
910 1267 1004 1320 καὶ
1037 1267 1221 1330 πλέον,
1260 1267 1385 1320 ὅσον
1433 1267 1688 1321 ἀκτίστου
1733 1268 1826 1320 καὶ
1864 1285 1972 1321 κτι-

395 1360 538 1414 στῶν
571 1358 798 1430 ἄπειρον
834 1358 896 1412 τδ
923 1360 1086 1428 μέσον
1119 1358 1235 1412 ἐστὶ
1264 1360 1359 1412 καὶ
1385 1359 1666 1430 διάφορον.
1699 1359 1832 1412 Τότε
1861 1358 1971 1429 γὰρ

394 1453 491 1504 καὶ
523 1450 623 1520 τὴν
655 1450 774 1503 κατ’
820 1449 1010 1502 οὐσίαν
1063 1447 1297 1519 ὓπαρξιν
1343 1449 1451 1502 τῶν
1498 1449 1666 1502 ὄντων
1716 1447 1859 1502 κατὰ
1911 1447 1972 1502 τὸ

394 1541 447 1592 τί
475 1539 569 1593 καὶ
593 1539 712 1604 πῶς
736 1539 830 1593 καὶ
859 1539 953 1592 ἐπὶ
980 1537 1028 1570 ⁸⁸
1049 1538 1152 1592 τίνι
1187 1532 1348 1602 εἶναι,
1401 1539 1476 1602 ὡς
1525 1535 1700 1610 οἶμαι,
1761 1538 1971 1611 μανθά-

397 1646 581 1692 νοντες
613 1629 747 1700 πρός
787 1647 839 1682 τι
869 1629 1076 1696 ὲφετῶς
1129 1628 1210 1682 ἔτι
1257 1630 1400 1685 κατὰ
1453 1631 1654 1698 γνῶσιν
1706 1632 1766 1684 οῦ
1820 1649 1974 1701 κινη-

399 1717 698 1790 θησόμεθα,
730 1718 828 1788 τῆς
852 1718 1082 1772 ἑκάστου
1107 1719 1200 1772 καὶ
1255 1721 1340 1788 ἐφ’
1391 1721 1622 1776 ἑκάστου
1665 1719 1775 1773 τῶν
1837 1720 1977 1790 μετὰ

2067 542 2200 597 dum
2232 539 2572 597 desiderium
2621 552 2707 595 est
2757 539 3058 594 novissimo
3090 546 3390 609 apparente
3431 536 3560 592 dato
3593 546 3661 594 et'

2067 632 2397 705 participato
2429 639 2486 687 et
2515 630 3022 686 corrationabiliter
3056 629 3512 700 participantium
3539 629 3652 684 vir-

2067 725 2172 778 tuti
2215 722 2874 794 incomprehensibiliter,
2913 729 2974 776 ut
3020 720 3094 774 ita
3128 720 3548 790 dicam,.capto,
3584 718 3653 775 ad

2067 817 2214 884 quod
2248 802 2428 871 omnis
2474 815 2697 870 festinat
2731 813 3080 870 conversatio
3128 813 3331 868 excelsi
3378 819 3436 867 et
3487 812 3653 867 intel-

2069 915 2266 975 lectus,
2297 928 2315 960 ‹
2344 916 2402 962 et
2434 907 2493 961 in
2525 906 2675 976 quod
2702 906 2883 961 omnis
2906 905 3242 961 stabilitatur
3263 903 3564 974 appetitus,
3597 909 3673 958 et.

2069 1012 2238 1066 supra
2270 996 2417 1066 quod
2449 996 2606 1050 nullo
2635 995 2800 1050 modo
2825 995 3020 1061 fertur,
3049 1009 3230 1064 neque
3262 994 3412 1049 enim
3445 993 3653 1047 habet:

2068 1097 2124 1143 et
2150 1089 2216 1142 ad
2244 1087 2391 1157 quod
2423 1086 2601 1142 tendit
2635 1086 2816 1140 omnis
2840 1085 3152 1140 festinantis
3178 1092 3382 1150 motus,
3405 1093 3461 1139 et
3493 1099 3524 1138 a
3546 1101 3680 1154 quo

2068 1179 2423 1234 venientibus
2453 1177 2634 1232 omnis
2654 1176 3139 1246 contemplationis
3173 1177 3412 1246 requies,
3442 1193 3460 1226 ι
3495 1176 3657 1230 υιῑιιὶι

2070 1267 2266 1322 beatus
2293 1268 2397 1322 iste
2439 1267 2722 1336 magister.
2757 1266 2946 1336 Neque
2989 1268 3097 1320 erit
3128 1265 3262 1337 quid
3291 1275 3448 1321 extra
3475 1266 3651 1320 Deum

2071 1363 2205 1410 tunc
2256 1354 2696 1420 manifestatum,
2747 1361 2842 1408 aut
2901 1354 3015 1408 Deo
3067 1369 3099 1408 e
3147 1360 3338 1408 contra
3388 1353 3464 1422 (as)
3516 1351 3656 1406 ima-

2071 1446 2250 1519 ginari
2302 1446 2504 1511 visum,
2545 1453 2608 1500 ut
2647 1443 2880 1515 alicujus
2927 1443 3264 1498 desiderium
3303 1443 3369 1497 ad
3412 1443 3653 1511 seipsum

2072 1537 2244 1593 ﬂuere
2275 1537 2348 1610 (y)
2381 1539 2587 1593 erroris
2616 1539 2709 1603 sit,
2759 1536 3017 1592 omnibus
3046 1535 3268 1590 ambitis
3301 1534 3368 1588 ab
3398 1534 3518 1603 ipso
3564 1532 3651 1588 in-

2079 1629 2456 1698 telligibilibus
2484 1637 2539 1684 et
2582 1628 2939 1684 sensibilibus
2973 1626 3279 1682 secundum
3318 1623 3664 1680 ineffabilem

2077 1720 2250 1790 ipsius
2283 1718 2784 1774 manifestationem
2832 1728 2890 1774 et
2934 1717 3320 1788 praesentiam;
3374 1715 3520 1770 sicut
3555 1730 3658 1770 ne-

397 1807 531 1862 Θεδν
559 1807 814 1876 γνώσεως
839 1809 970 1879 ἡμῖν
997 1809 1431 1880 περατωθείσης,
1470 1811 1565 1864 καὶ
1610 1810 1710 1881 τῆς
1744 1811 1975 1880 ἀπείρου

2082 1826 2185 1882 que
2215 1810 2270 1864 in
2307 1808 2397 1864 die
2429 1807 2645 1864 siderea
2675 1808 2884 1864 lumina
2926 1816 2983 1862 et
3015 1808 3131 1876 ipsa
3165 1815 3312 1861 astra
3348 1807 3463 1861 sole
3490 1821 3662 1875 appa-

398 1897 495 1952 καὶ
543 1895 695 1962 θείας
755 1897 851 1951 καὶ
905 1899 1281 1970 ἀπεριλήπτου
1357 1899 1776 1964 ἀπολαυστικῶς
1843 1901 1975 1970 ἡμῖν

398 1985 680 2054 ἀναλόγως
711 1986 1083 2058 ὑποκειμένης
1127 2005 1185 2042 τε
1219 1988 1387 2060 μόνης
1425 1991 1520 2044 καὶ
1584 1988 1973 2059 μετεχομένης.

400 2076 514 2131 Καὶ
539 2075 703 2139 τοῦτρ
738 2079 857 2131 ἐστι
896 2077 960 2132 τὸ
983 2079 1127 2132 πάνυ
1158 2078 1619 2150 φιλοσοφούμενον
1666 2079 1807 2133 κατὰ
1856 2077 1980 2133 τοῦ·

399 2182 492 2220 τον
530 2165 625 2220 τὸν
651 2165 914 2237 Θεοφόρον
958 2167 1277 2223 διδάσκαλον
1296 2209 1311 2232 ,
1345 2188 1364 2220 ι
1396 2168 1798 2237 ὲπιγνώσεσθαι
1829 2170 1978 2239 ἡμᾶς

403 2273 535 2310 ποτε
594 2257 720 2310 ὅσον
770 2255 1116 2328 ὲγνῶσμεβα,
1163 2258 1385 2312 ἐπειδὰν
1432 2259 1492 2312 τὸ
1538 2257 1768 2321 θεοειδὲς
1820 2257 1979 2312 τοῦτο

406 2346 502 2400 καὶ
536 2345 684 2400 θεῖον
713 2347 1015 2415 φάσκοντος
1049 2349 1139 2402 τὸν
1163 2349 1432 2420 ἡμέτερον
1451 2348 1578 2402 νοῦν
1609 2367 1668 2402 τε
1697 2349 1792 2403 καὶ
1821 2349 1979 2418 λόγον

401 2438 481 2508 τῷ
505 2437 690 2508 οἰκείῳ
714 2437 1133 2509 προσμίξωμεν,
1164 2440 1256 2494 καὶ
1283 2441 1317 2510 ἡ
1346 2437 1513 2493 εἰκὼν
1534 2439 1733 2513 ἀνέλθῃ
1754 2441 1892 2512 πρὸς
1918 2440 1980 2495 τὸ

404 2527 730 2598 ἀρχέτυπον,
797 2522 860 2582 οὗ
910 2527 1006 2582 νῦν
1062 2528 1174 2600 ἔχει
1229 2531 1328 2600 τὴν
1388 2529 1595 2600 ἔφεσιν.
1627 2550 1646 2583 ι
1685 2531 1824 2601 Περὶ
1881 2530 1980 2601 μὲν

404 2613 498 2672 οῦν
525 2617 620 2671 τοῦ
652 2617 727 2690 μὴ
757 2612 898 2672 εῖναι
950 2620 1049 2692 τὴν
1099 2620 1478 2694 Θρυλουμένην
1526 2621 1710 2688 ένάδα,
1763 2622 1858 2676 καὶ
1882 2621 1977 2676 τοῦ

407 2707 526 2772 πῶς
573 2709 693 2762 κατ’
744 2707 981 2780 ἔμφασιν
1031 2711 1096 2764 ὲκ
1141 2712 1249 2764 τῶν
1300 2710 1396 2765 νῦν
1445 2713 1576 2783 ἡμῖν
1615 2712 1854 2782 ἐφικτῶν
1878 2712 1977 2782 τῆς

409 2798 632 2870 Γραφῆς
659 2799 946 2869 νοημάτων
994 2817 1054 2854 τε
1093 2803 1202 2869 καὶ,
1237 2801 1520 2873 λογισμῶν
1577 2801 1729 2855 ἔσται
1779 2804 1812 2873 ἡ
1870 2802 1978 2855 τῶν

412 2889 716 2960 μελλόντων
773 2891 1129 2962 κατάστασις,
1181 2892 1422 2964 εἰρήσθω
1491 2892 1680 2947 ταῦτα.
1737 2892 1873 2965 Περὶ
1921 2893 1983 2946 δὲ·

396 2977 504 3032 ιτοῦ
539 2978 654 3041 πῶς
688 2981 852 3049 μοῖρα
887 2978 1039 3042 ὄντες
1069 2979 1604 3055 Θεοῦ-ἀπερρύημεν
1631 2980 1767 3034 Θεοῦ
1816 2985 1980 3051 ἡγου-

414 3070 576 3140 μένου
609 3068 860 3123 ἐντεῦθεν
884 3071 976 3124 τὸν
1007 3070 1166 3139 λόγον
1199 3073 1518 3143 ποιήσομαι.

2079 1907 2235 1957 rente
2260 1900 2436 1955 multo
2461 1907 2517 1954 et
2547 1899 2969 1969 incomparabili
3002 1897 3211 1953 lumine
3240 1913 3307 1951 ex
3335 1912 3444 1966 quo
3469 1898 3550 1952 eis
3571 1898 3660 1951 lu-

2073 1991 2228 2047 mina
2260 2005 2382 2047 esse
2414 1989 2687 2046 occultata
2735 1996 2793 2044 et
2839 2003 3020 2058 neque
3049 1987 3180 2058 quia
3221 1995 3353 2041 sunt
3399 1994 3664 2056 quantum

2077 2081 2266 2139 sensui
2288 2080 2526 2152 cognita.
2554 2081 2615 2136 In
2641 2081 2755 2136 Deo
2785 2094 2915 2135 vero
2942 2079 3066 2149 plus
3092 2086 3361 2149 quantum
3386 2078 3532 2133 inter
3555 2092 3680 2133 non»

2080 2179 2326 2226 creatum
2356 2179 2413 2225 et
2451 2177 2697 2226 creatum
2729 2169 2946 2224 inﬁnita
2978 2168 3249 2224 medietas
3284 2167 3371 2223 est
3415 2174 3470 2222 et
3501 2165 3666 2221 diﬂ'e—

2079 2264 2275 2318 rentia.
2317 2263 2474 2318 Tunc
2503 2261 2653 2316 enim
2683 2276 2784 2331 per
2815 2260 3110 2316 essentiam
3155 2275 3349 2316 eorum
3384 2274 3506 2328 qute
3536 2267 3669 2314 sunt

2078 2348 2493 2410 suhsis'tentiam
2531 2351 2836 2406 secundum
2870 2351 3038 2422 quod,
3077 2350 3235 2421 quid,
3266 2359 3322 2404 et
3365 2347 3664 2419 quomodo,

2079 2453 2136 2498 et
2163 2442 2218 2496 in
2247 2458 2357 2512 quo
2385 2457 2529 2507 esse,
2564 2451 2627 2496 ut
2653 2442 2914 2508 arbitror,
2942 2442 3205 2506 scientes,
3237 2440 3306 2496 ad
3334 2440 3466 2510 quid
3497 2455 3668 2508 appe-

2081 2533 2244 2588 titum
2307 2532 2489 2587 adhuc
2545 2547 2644 2602 per
2715 2531 3088 2602 cognitionem
3150 2545 3262 2584 non
3324 2528 3668 2584 movebimus

2080 2621 2516 2692 uniuscujusque
2563 2629 2620 2675 et
2664 2619 2722 2674 in
2773 2634 3108 2689 unoquoque
3143 2633 3336 2673 eorum
3381 2633 3502 2687 qua:
3543 2626 3670 2686 post

2081 2712 2254 2767 Deum
2283 2718 2414 2765 sunt
2442 2710 2755 2782 cognitione
2784 2710 2949 2765 nobis
2971 2718 3349 2765 consummata
3371 2718 3428 2763 et
3457 2705 3672 2761 infinita

2082 2818 2146 2858 ac
2208 2802 2397 2856 divina
2453 2809 2512 2856 et
2575 2800 3125 2870 incomprehensibili
3181 2799 3465 2854 fructuose
3509 2796 3689 2852 nobis»

2080 2892 2568 2962 proportionaliter
2603 2893 2883 2961 proposita
2930 2891 3220 2946 mansione
3267 2900 3325 2946 et
3366 2889 3668 2960 participa-

2081 2983 2252 3037 tione.
2300 2982 2369 3036 Et
2413 2982 2520 3036 hoc
2557 2990 2642 3036 est
2683 2981 2832 3052 quod
2876 2981 3038 3036 valde
3089 2981 3541 3051 philosophatum
3587 2987 3675 3034 est

2083 3072 2389 3130 secundum
2439 3071 2712 3126 deiferum
2779 3071 2928 3126 hunc
2977 3071 3298 3140 magistrum
3358 3070 3674 3135 dicentem,

301 3165 306 3169 “
420 3179 439 3212 ι
475 3158 895 3240 cognoscituros
948 3174 1054 3214 nos
1097 3160 1431 3230 quandoque
1459 3169 1724 3230 quantum
1775 3160 1982 3232 cogniti
2024 3177 2239 3226 sumus,
2275 3177 2400 3215 cum
2436 3161 2705 3217 deiforme
2736 3160 2863 3227 hoc,
2897 3171 2954 3217 et
2985 3161 3236 3216 divinum
3271 3171 3520 3217 nostrum
3551 3163 3684 3217 ani-

411 3265 560 3304 mum
586 3258 642 3304 et
675 3249 944 3305 rationem
971 3251 1198 3320 proprio
1224 3250 1671 3318 admiscebimus,
1705 3261 1761 3307 et
1807 3253 1989 3322 imago
2025 3262 2339 3309 revertetur
2367 3251 2433 3306 ad
2463 3251 2769 3322 principale
2835 3252 3146 3320 exemplum
3179 3253 3337 3322 cujus
3399 3267 3548 3306 nunc
3573 3252 3675 3308 ha-

411 3339 507 3395 bet
530 3339 856 3410 appetitum.
883 3358 902 3390 ›
939 3340 1017 3394 De
1045 3356 1111 3394 eo
1143 3341 1310 3411 igitur
1336 3341 1482 3411 quod
1523 3358 1634 3397 non
1673 3342 1744 3397 sit
1772 3343 2060 3412 dispertita
2097 3345 2282 3399 unitas
2314 3351 2370 3400 et
2397 3341 2674 3413 quomodo
2703 3341 3007 3396 secundum
3053 3343 3306 3396 notitiam
3341 3358 3408 3397 ex
3437 3344 3674 3412 possibi-

413 3431 560 3486 lihus
592 3445 739 3485 nunc
765 3430 964 3490 .nobis
999 3433 1290 3501 scripturae
1337 3434 1710 3489 intellectibus
1740 3442 1796 3489 et
1839 3434 2309 3504 disputationibus
2338 3435 2447 3490 erit
2510 3433 2820 3486 futurorum
2884 3440 3060 3500 status
3103 3432 3313 3486 dictum
3361 3441 3444 3487 est
3489 3433 3676 3488 hacte—

415 3539 554 3590 nus;
593 3523 661 3578 de
691 3539 758 3579 eo
780 3539 912 3578 vero
942 3525 1222 3594 quomodo
1261 3527 1392 3581 dum
1429 3543 1556 3597 pars
1598 3527 1695 3583 Dei
1738 3529 1931 3594 simus,
1960 3545 1992 3584 a
2027 3530 2144 3585 Deo
2177 3528 2518 3594 retiuximus,
2563 3528 2677 3581 Deo
2703 3526 2880 3590 duce,
2927 3525 3058 3580 hinc
3092 3540 3404 3581 sermonem
3455 3525 3680 3584 faciam.

486 3615 582 3678 Τίς
609 3615 720 3686 γὰρ
745 3615 1080 3686 λόγῳέἰδὼς
1136 3618 1231 3670 καὶ
1269 3617 1434 3689 σοφίᾳ
1485 3618 1553 3672 τὰ
1602 3618 1731 3672 ὄντα
1794 3623 1858 3674 ὲκ
1905 3620 1984 3674 τοῐ

2172 3619 2309 3687 Quis
2339 3617 2486 3674 enim
2534 3617 2753 3672 ratione
2795 3615 3154 3671 considerans
3199 3622 3256 3671 et
3298 3615 3567 3686 sapientia
3608 3632 3675 3673 ea

421 3704 496 3776 μὴ
527 3705 677 3769 ὄντος
715 3705 869 3775 παρὰ
912 3705 1046 3760 Θεοῦ
1083 3708 1162 3772 εἰς
1195 3708 1257 3761 τὸ
1287 3704 1428 3762 εἶναι
1473 3709 1774 3782 παρῆχθαι,
1833 3712 1884 3764 εἰ
1927 3713 1993 3783 τῇ

419 3798 665 3866 φυσικῶν
709 3799 819 3850 τῶν
870 3798 1042 3852 ὅντων
1099 3799 1315 3871 ἀπείρῳ
1368 3800 1603 3872 διαφορᾷ
1655 3819 1714 3854 τε
1757 3804 1850 3856 καὶ
1885 3819 1998 3855 ποι-

419 3890 567 3961 κιλίᾳ
587 3890 874 3962 ἐμφρόνως
911 3891 1094 3962 (123
1127 3891 1181 3960 a)
1232 3891 1296 3944 τὸ
1326 3893 1426 3968 τῆς
1454 3893 1634 3963 ψυχῆς
1665 3893 1995 3964 Θεωρητικὸν

421 3984 788 4053 προσαγάγοι,
838 3983 935 4036 καὶ
975 3981 1052 4052 τῷ
1103 3983 1435 4054 ὲξεταστικῷ
1465 3984 1831 4055 συνδιακρίνοι
1852 3983 1996 4054 λόγῳ

420 4072 542 4125 κατ’
591 4073 835 4127 ἐπίνοιαν
885 4073 977 4126 τὸν
1022 4073 1146 4127 καθ’
1172 4074 1231 4127 ὃν
1269 4074 1598 4146 ἐκτίσθησαν
1655 4075 1832 4142 λόγον,
1875 4073 1998 4144 οὐχὶ

422 4161 648 4225 πολλοὺς
683 4163 888 4216 εἵσεται
929 4163 1121 4232 λόγους
1149 4164 1242 4217 τὸν
1270 4165 1366 4217 ἕνα
1398 4165 1581 4232 λόγον,
1603 4167 1670 4236 τῇ
1700 4163 1808 4217 τῶν
1835 4180 1994 4232 γεγο-

421 4251 590 4304 νότων
652 4253 946 4323 ἀδιαιρέτῳ
1002 4254 1513 4327 συνδιακρινόμενον
1577 4255 1843 4327 διαφορᾷ,
1907 4253 2000 4309 διὰ

419 4344 520 4413 τὴν
543 4344 719 4399 αὐτῶν
763 4347 898 4416 πρὸς
940 4347 1147 4419 ἄλληλά
1199 4365 1258 4400 τε
1314 4349 1409 4402 καὶ
1471 4347 1640 4410 ἑαυτὰ
1691 4347 1997 4418 ἀσύγχυτον

424 4431 700 4504 ίδιότητα;
758 4437 866 4489 Καὶ
917 4437 1080 4493 πάλιν
1137 4438 1234 4491 ἕνα
1284 4439 1410 4501 τοὺς
1454 4439 1704 4502 πολλοὺς,
1747 4441 1816 4508 τῇ
1861 4438 2000 4508 πρὸς

422 4520 584 4574 αὑτὸν
613 4523 722 4578 τῶν
752 4527 972 4582 πάντων
999 4530 1247 4600 ἀναφορᾷ
1271 4528 1338 4582 δι’
1363 4530 1557 4583 ἑαυτὸν
1592 4530 1638 4562 ⁵⁵
1673 4528 2000 4598 ἀσυγχύτως

424 4613 772 4684 ὑπάρχοντα,
830 4619 1075 4674 ὲνούσιόν
1119 4638 1178 4673 τε
1233 4622 1328 4674 καὶ
1377 4621 1744 4675 ὲνυπὸστατον
1801 4621 1847 4652 ⁸⁸
1900 4619 1998 4674 τοῦ

421 4701 560 4756 Θεοῦ
591 4705 686 4758 καὶ
713 4706 928 4779 Πατρός
957 4709 1090 4763 Θεὸν
1118 4711 1308 4780 Λόγον,
1339 4711 1415 4776 ὡς
1457 4712 1632 4784 ἀρχὴν
1672 4713 1767 4764 καὶ
1816 4711 1998 4766 αἰτίαν

420 4789 528 4843 τῶν
557 4791 714 4860 ὅλων,
763 4795 835 4849 ἐν
870 4789 919 4863 ᾧ
965 4799 1213 4867 ἐκτίσθη
1270 4801 1342 4855 τὰ
1391 4801 1590 4856 πάντα
1639 4803 1710 4856 τὰ
1756 4802 1825 4854 ἐν
1874 4801 1998 4869 τοῖς

420 4879 701 4958 οὐρανοῖς
749 4885 849 4938 καί
893 4885 964 4940 τὰ
999 4887 1094 4941 ἐπὶ
1140 4887 1251 4956 τῆς
1283 4887 1415 4957 γῆς,
1470 4890 1590 4944 εἴτε
1625 4889 1825 4958 δρατὰ,
1877 4890 1998 4945 εἴτε

2098 3726 2219 3780 quae
2249 3717 2397 3775 sunt,
2435 3708 2504 3762 ab
2531 3723 2598 3762 eo
2633 3706 2779 3777 quod
2805 3722 2917 3761 non
2939 3715 3024 3762 est
3051 3722 3082 3761 a
3101 3707 3226 3762 Deo-
3248 3706 3306 3761 in
3334 3706 3391 3761 id
3421 3707 3569 3777 quod
3588 3716 3684 3762 est

2096 3801 2438 3864 transducta,
2473 3799 2518 3855 si
2544 3815 2644 3870 per
2665 3799 2970 3853 naturalem
3004 3814 3204 3854 eorum
3230 3813 3353 3868 quae
3381 3806 3512 3854 sunt
3543 3797 3672 3852 iuli-

2097 3892 2271 3948 nitam
2308 3891 2680 3947 differentiam
2711 3896 2768 3943 et
2792 3887 3116 3944 varietatem
3148 3888 3452 3958 prudenter
3479 3888 3675 3943 animae

2097 3983 2586 4052 contemplativum
2631 3980 2971 4045 adduceret,
3014 3987 3071 4034 et
3093 3977 3409 4049 inquisitiva
3449 3978 3679 4036 condis-

2095 4084 2347 4132 cerneret
2401 4075 2616 4129 ratione
2676 4089 2776 4143 per
2837 4070 3294 4141 intelligentiam,
3369 4069 3674 4125 secundum

2097 4183 2259 4238 quam
2291 4174 2478 4222 creata
2504 4173 2632 4220 sunt
2667 4178 2912 4227 causam,
2946 4177 3058 4216 IIOD
3089 4162 3291 4215 multas
3315 4169 3680 4231 cognosceret

2097 4270 2293 4311 causas
2327 4270 2491 4308 unam
2516 4252 2742 4308 causam
2771 4265 2966 4307 eorum
2999 4265 3136 4320 quae.
3150 4249 3294 4306 facta
3326 4258 3456 4305 sunt
3480 4248 3551 4320 (ι)
3591 4249 3676 4304 in-

2096 4345 2484 4418 separabiliter
2508 4345 2910 4400 condiscretam
2937 4341 3307 4397 differentiam
3337 4358 3437 4412 per
3479 4356 3673 4396 eorum

2097 4449 2154 4494 et
2183 4439 2326 4492 inter
2355 4452 2412 4492 se
2437 4436 2673 4491 invicem
2700 4444 2756 4490 et
2778 4450 2835 4489 se
2864 4435 2980 4504 ipsa
3001 4433 3347 4489 ineonfusam
3370 4433 3676 4504 proprieta-

2099 4540 2244 4586 tem:
2276 4538 2333 4586 et
2361 4531 2562 4584 iterum
2591 4543 2757 4582 unam
2803 4527 3035 4591 multas,
3067 4526 3317 4580 omnium
3343 4523 3412 4579 ad
3445 4523 3521 4595 (a)
3551 4539 3674 4578 eam

2099 4623 2368 4679 relatione
2418 4636 2516 4690 per
2566 4618 2639 4690 (b)
2689 4618 2931 4689 seipsum
2990 4617 3283 4673 inconfuse
3341 4615 3673 4681 subsistens,
3759 4679 3766 4684 __

2099 4711 2589 4768 unum-essentiale
2608 4718 2664 4764 et
2694 4707 3259 4763 unum-substantiale
3280 4706 3376 4762 Dei
3408 4714 3466 4762 et
3493 4705 3676 4760 Patris

2099 4803 2274 4860 Deum
2305 4781 2800 4864 Verbum,lmerito
2829 4797 3176 4871 principium
3213 4807 3272 4852 et
3293 4812 3514 4851 causam
3554 4812 3679 4850 om-

2102 4892 2277 4956 nium,
2309 4892 2364 4944 in
2398 4907 2500 4962 qua
2527 4897 2706 4942 creata
2733 4896 2858 4942 sunt
2884 4889 3063 4942 omnia
3090 4902 3207 4958 qua:
3233 4888 3290 4940 in
3313 4885 3453 4940 caelis
3481 4894 3531 4938 et
3560 4901 3680 4955 qua:

421 4965 664 5039 ἀόρατα,
689 4971 810 5027 εἴτε
850 4976 1072 5044 θρόνοι,
1103 4977 1224 5031 εἴτε
1253 4979 1618 5047 κυριότητες,
1647 4979 1766 5034 εἴτε
1793 4981 1984 5048 ἀρχαὶ,

2097 4983 2152 5036 in
2183 4992 2347 5048 terra,
2369 4981 2475 5036 sive
2501 4979 2865 5046 visibilia,sive
2888 4978 3192 5044 invisibilia,
3220 4982 3327 5053 sive
3352 4978 3548 5042 throni,
3571 4978 3692 5030 sive-

1727 5091 1962 5147 vanm
2003 5091 2408 5149 LECTIONES.
2447 5123 2450 5127 ς
2567 5070 2579 5085 ’

507 5198 642 5279 ιιηοῠ
693 5201 764 5279 ξιν
795 5203 882 5279 ἔτί
929 5206 1053 5279 ορῤ,
1097 5207 1240 5279 Gud.
1330 5210 1376 5242 “
1435 5210 1494 5262 El
1527 5209 1616 5264 ed.
1654 5210 1792 5269 Gal..
1821 5210 2104 5267 mendose.

425 5269 634 5322 ἑαυτῶν
659 5270 750 5326 ed.
787 5272 906 5329 Gal.
963 5277 1008 5309 "
1035 5278 1277 5332 ὲνούσιόν
1302 5295 1360 5332 τε
1393 5281 1487 5332 καὶ
1524 5281 1884 5334 ένυπόστατον
1906 5281 1996 5336 ed.
2031 5282 2150 5338 Gal.

2195 5211 2242 5246 ’λ
2265 5206 2404 5265 εἶναι
2431 5208 2533 5281 pro
2562 5208 2656 5263 ἐπὶ
2687 5207 2948 5264 mendose
2974 5205 3144 5263 habet
3173 5206 3263 5263 ed.
3296 5205 3418 5267 Gal.
3531 5204 3578 5237 "
3607 5203 3689 5256 δι“

1930 5399 2154 5457 ΝΟΤΕ.

498 5481 580 5620 (σεξ
617 5481 762 5551 Lege
788 5486 1132 5552 wquiparari.
1176 5485 1375 5556 (Gale.)

500 5552 556 5620 (ῃ
607 5551 828 5620 Legisse
849 5552 1047 5609 Scelus
1068 5555 1290 5611 videtur
1313 5558 1375 5610 δο

429 5551 828 5693 (agi-[imum
849 5551 1047 5609 Scelus
1068 5551 1290 5611 videtur
1313 5551 1558 5632 δολιάσῃ.
1577 5560 1739 5614 Verte
1759 5558 1990 5615 alliceat.

392 5711 398 5717 ·
443 5690 451 5693 ’
505 5690 576 5752 (ι)
609 5690 823 5746 Mallem
845 5693 1128 5760 indivisim,
1173 5696 1526 5766 ἀδιαιρέτως,
1569 5699 1990 5763 cumdiscretam,

2101 5491 2140 5546 i.
2162 5507 2212 5545 e.
2249 5491 2634 5545 coemistentem.
2664 5490 2862 5560 (Gale.,

2175 5560 2250 5701 ξα)
2286 5561 2428 5629 Lege
2455 5577 2592 5613 eum.
2627 5559 2847 5629 (Gale.)'

2198 5629 2248 5700 ὁ)
2280 5629 2435 5700 Legit
2464 5629 2662 5684 Scotus
2680 5629 2748 5684 δι’
2779 5625 2994 5699 ἑαυτὸν,
3028 5628 3174 5700 quod
3204 5631 3410 5701 probo.
3432 5629 3477 5701 (ε

2198 5625 2248 5700 b)
2280 5625 2435 5700 Legit
2464 5625 2662 5684 Scotus
2680 5629 2748 5684 δι’
2779 5625 2994 5699 ἑαυτὸν,
3028 5628 3174 5700 quod
3204 5631 3410 5702 probo.
3432 5625 3639 5704 (6810.)
