4066 6150
478 232 618 302 1079

1636 245 1697 303 S.
1738 247 2026 307 MAXIMI
2065 248 2581 309 CONFESSOBIS

3602 241 3747 307 1030

475 354 889 423 dominationes,
917 359 1023 411 sive
1066 361 1417 430 principatus,
1449 364 1555 414 sive
1598 372 1904 432 potestates,
1934 382 2046 417 om-

2151 363 2272 416 εῑτε
2330 364 2624 428 ἐξουσίαι,
2692 361 2887 416 πάντα
2943 362 3012 427 ἐξ
3065 359 3253 416 αὐτοῦ
3300 357 3400 413 καί
3429 356 3512 414 δι’
3549 357 3747 412 αὐτοῦ

477 448 573 502 nia
597 462 661 504 ea:
704 449 836 517 ipso,
883 457 932 501 et
965 442 1058 518 per
1084 450 1278 520 ipsum,
1326 460 1376 503 et
1400 453 1455 504 in
1495 454 1608 523 ipso
1638 464 1817 508 creata
1857 463 1980 507 sunt
2005 453 2047 512 ¹.

432 605 441 612 _
475 536 683 592 Causas
715 537 863 591 enim
895 552 1086 592 eorum
1134 553 1256 608 quae
1311 540 1451 594 facta
1502 551 1629 597 sunt
1664 544 1873 598 habens
1924 553 2050 599 ante

398 630 401 637 ’
478 631 676 684 saecula
729 631 1194 699 praesubstitutas,
1235 634 1519 689 voluntate
1567 635 1707 690 bona
1744 637 2047 691 secundum

481 736 577 775 eas
597 721 872 775 visibilem
903 731 959 776 et
997 722 1335 779 invisibilem
1371 740 1438 779 ex
1459 742 1568 780 non
1587 728 1888 781 exsistente
1915 728 2048 782 sub-

482 812 664 865 stituit
682 821 1013 879 creaturam,
1037 814 1246 869 ratione
1268 821 1324 869 et
1353 815 1622 885 sapientia
1639 817 1821 870 omnia
1856 832 2050 871 secun—

482 903 613 957 dum
648 912 1021 974 opportunum
1058 914 1275 976 tempus
1313 917 1370 961 et
1409 907 1541 961 fecit
1581 917 1637 962 et
1667 908 1818 972 facit,
1850 917 1905 962 et
1928 924 2048 977 quae

480 994 867 1048 universaliter
897 1004 1027 1049 sunt
1042 1005 1098 1050 et
1112 1012 1234 1066 quae
1255 1013 1352 1066 per
1374 997 1609 1067 singula.
1646 997 1879 1053 Causam
1898 1000 2046 1054 enim

475 1084 796 1152 angelorum
834 1087 1131 1141 creationis
1160 1088 1498 1156 praeduxisse
1528 1088 1805 1143 credimus
1827 1105 2047 1143 causam

474 1174 910 1246 uniuscujusque
954 1176 1347 1245 complcntium
1398 1176 1663 1230 mundum
1724 1177 1818 1245 qui
1883 1192 2049 1245 super

472 1280 577 1322 nos
600 1277 703 1329 est,
739 1267 1103 1321 essentiarum
1134 1276 1190 1321 et
1217 1268 1512 1332 virtutum;
1567 1270 1834 1322 rationem
1868 1267 2047 1320 homi-

471 1370 606 1409 num
637 1356 907 1409 rarionem
929 1356 1361 1425 uniuscujusque
1391 1372 1456 1409 ex
1482 1356 1593 1409 Deo
1616 1369 1734 1409 esse
1772 1355 2049 1424 accipien-

474 1446 637 1509 tium,
664 1456 853 1500 utnon
888 1462 988 1516 per
1018 1447 1229 1517 singula
1264 1448 1463 1511 dicam,
1492 1446 1762 1516 siquidem
1786 1446 1900 1515 ipse
1928 1444 2051 1499 inﬁ-

472 1537 587 1590 nite
610 1552 708 1606 pcr
729 1539 970 1606 sei‘psum
993 1538 1460 1607 supereminentia
1495 1538 1625 1592 dum
1663 1540 1733 1594 sit
1756 1537 2051 1593 ineﬂ‘abilis

474 1637 531 1682 et
577 1629 1031 1699 inintelligibilis,
1094 1638 1150 1683 et
1202 1631 1383 1685 omnis
1438 1647 1651 1685 summa
1687 1640 1951 1685 creatura:
1994 1638 2049 1684 et

474 1721 788 1774 exsistentis
816 1694 925 1790 per
991 1722 1223 1791 seipsam
1284 1732 1339 1776 et
1395 1722 1686 1778 intellectae
1719 1722 2046 1777 diﬂ'erentim
2079 1694 2123 1753 Β

474 1821 531 1867 et
559 1812 943 1877 discretionis,
983 1814 1224 1882 seipsnm
1283 1815 1338 1867 in
1374 1814 1629 1869 omnibus
1656 1855 1671 1879 ,
1728 1830 1850 1883 qua:
1882 1831 1950 1869 ex
1979 1829 2046 1868 eo

475 1913 641 1967 sunt,
686 1905 1023 1975 singulorum
1075 1904 1381 1975 analogiam
1432 1905 1575 1959 bene
1604 1920 1669 1958 ac
1709 1905 1939 1975 pulchre
1976 1904 2044 1974 (ε)

475 1994 773 2049 ostendens
795 1995 1260 2064 etmultiplicans,
1286 2003 1341 2049 et
1370 1996 1424 2049 in
1455 2012 1512 2051 se
1536 1996 1713 2066 ipsum
1742 1997 1925 2071 omnia
1963 1995 2049 2049 re-

475 2084 805 2154 capitulans,
842 2100 940 2154 per
971 2100 1134 2155 quem
1166 2094 1222 2139 et
1251 2100 1373 2140 esse
1417 2097 1473 2140 et
1512 2101 1853 2156 permanere,
1896 2096 1951 2141 et
1980 2102 2048 2140 ex

475 2192 586 2245 quo
608 2192 729 2246 quae
761 2177 943 2247 genita
987 2185 1117 2231 sunt
1146 2186 1200 2231 et
1233 2177 1509 2231 manentia
1549 2187 1605 2232 et
1648 2187 1793 2233 mota
1819 2178 2047 2247 partici-

474 2277 609 2337 pant
637 2269 831 2322 Deum.
875 2267 1069 2323 Omnia
1114 2269 1261 2323 enim
1291 2268 1648 2338 participant,
1700 2285 1767 2324 eo
1791 2269 1937 2338 quod
1980 2285 2047 2323 ex

474 2358 589 2413 Deo
616 2358 755 2415 facta
791 2369 940 2424 sunt,
991 2356 1477 2430 proportionaliter
1527 2362 1720 2424 Deum,
1780 2362 1893 2416 sive
1952 2378 2049 2431 per

477 2447 839 2515 intellectum,
870 2451 985 2504 sive
1013 2450 1305 2515 rationem,
1338 2450 1452 2504 sive
1479 2465 1721 2512 sensum,
1772 2450 1885 2504 sive
1928 2466 2048 2505 mo-

477 2548 595 2593 tum
620 2539 862 2605 vitalem,
905 2541 1019 2595 sive
1043 2540 1394 2595 essentialem
1413 2540 1662 2594 habitum
1697 2547 1753 2595 et
1784 2550 2051 2610 opportu-

476 2629 730 2692 nitatem,
757 2639 819 2685 ut
844 2646 1041 2701 magno
1064 2641 1118 2685 et
1146 2632 1335 2686 divino
1362 2631 1761 2686 manifestatori
1787 2632 2048 2703 Dionysio

477 2723 696 2777 videtur
726 2724 1088 2794 Areopagitae.
1138 2722 1532 2794 Unusquisque
1562 2740 1693 2793 ergo
1725 2724 2047 2794 intelligibi-

476 2813 629 2867 lium.
662 2822 718 2869 et
765 2814 1179 2868 rationabilium
1210 2814 1526 2882 angelorum
1561 2821 1615 2867 et
1636 2813 1920 2867 hominum
1953 2828 2051 2881 per

477 2920 599 2958 eam
625 2921 732 2973 qua
768 2912 987 2959 creatus
1012 2912 1097 2958 est
1124 2904 1421 2968 rationem,
1453 2920 1559 2972 qua
1584 2904 1640 2956 in
1664 2904 1777 2957 Deo
1800 2911 1958 2957 estet
1981 2901 2048 2955 ad

2151 453 2252 507 καί
2279 457 2366 518 εἰς
2400 452 2588 507 αὐτὸν
2613 453 2899 507 ἔκτισται.
2926 451 3066 515 Τοὺς
3102 449 3212 520 γὰρ
3244 449 3439 518 λόγους
3491 448 3747 515 τῶν.γε-

2150 550 2385 617 γονότων
2441 548 2580 619 ἔχων
2635 548 2742 617 πρὸ
2793 546 2903 600 τῶν
2965 545 3177 600 αἰώνων
3229 544 3556 613 ὑφεστῶτας
3613 541 3749 611 βουο

2149 640 2303 711 λήσει
2349 640 2525 710 ἀγαθῇ
2581 639 2701 692 κατ’
2755 638 2953 701 αὐτοὺς
2980 638 3080 706 τήν
3110 652 3169 688 τε
3195 634 3397 705 όρατὴν
3436 632 3533 685 καὶ
3565 632 3746 701 ἀόρα-

2148 748 2239 785 τον
2283 733 2347 784 ἐκ
2403 729 2501 783 τοῦ
2552 730 2628 799 μὴ
2678 729 2828 791 δντος
2860 727 3207 796 ὑπεστήσατο
3233 724 3433 789 κτίσιν,
3465 722 3613 792 λόγῳ
3638 722 3746 775 καὶ

2150 822 2312 893 σοφίᾳ
2362 820 2432 875 τὰ
2480 821 2661 874 πάντα
2703 818 2846 871 κατὰ
2880 816 2973 870 τὸν
3019 816 3209 869 δέοντα
3255 813 3450 883 χρόνον
3497 814 3742 881 ποιήσας

2147 929 2208 965 τε
2240 912 2335 964 καὶ⁵
2368 909 2556 975 ποιῶν,
2596 908 2663 962 τὰ
2687 907 2916 961 καθόλου
2941 922 3002 958 τε
3032 905 3127 958 καὶ
3163 903 3234 956 τὰ
3296 902 3418 955 καθ’
3475 901 3740 954 ἕκαστον.
3793 920 3803 927 -

2149 1004 2324 1071 Λόγον
2378 1001 2489 1071 γὰρ
2547 999 2797 1068 ἀγγέλων
2851 996 3216 1068 δημιουργίας
3260 991 3745 1064 προκαθηγεῖσθαι

2151 1094 2503 1163 πιστεύομεν,
2552 1091 2710 1160 λόγον
2761 1090 2999 1157 ἑκάστης
3031 1086 3141 1139 τῶν
3175 1081 3612 1154 συμπληρουσῶν
3643 1082 3746 1133 τὸν

2150 1188 2261 1241 ἄνω
2289 1164 2492 1255 κόσμον
2520 1183 2716 1237 οὐσιῶν
2753 1183 2847 1234 καὶ⁵
2876 1181 3183 1248 δυνάμεων,
3215 1177 3374 1244 λόγον
3407 1175 3742 1244 ἀνθρώπων,

2150 1279 2307 1346 λόγον
2340 1276 2545 1339 παντὸς
2583 1276 2630 1308 ⁸⁷
2669 1274 2778 1327 τῶν
2829 1273 2896 1325 ἐκ
2940 1269 3077 1324 Θεοῦ
3130 1267 3191 1321 τὺ
3244 1263 3386 1319 εἶναι
3433 1264 3741 1324 λαϐόντων,

2152 1370 2241 1422 ἵνα
2268 1367 2343 1438 μὴ
2372 1367 2440 1420 τὰ
2465 1365 2586 1419 καθ’
2620 1365 2851 1418 ἕκαστον
2876 1361 3042 1429 λέγω,
3073 1358 3164 1410 τὸν
3187 1356 3351 1411 αὐτὸν
3385 1354 3484 1425 μὲν
3515 1352 3743 1422 ἀπείρῳ

2149 1458 2214 1512 δι’
2240 1457 2429 1512 ἑαυτὸν
2459 1458 2700 1527 ὑπεροχῇ
2736 1456 3013 1525 ἄφραστον
3047 1450 3176 1503 ὄντα
3210 1447 3306 1501 καὶ
3333 1443 3737 1511 ἀκατανόητον,

2149 1551 2245 1604 καὶ
2295 1550 2476 1618 πάσης
2530 1548 2785 1601 ἐπέκεινα
2831 1545 3083 1606 κτίσεως,
3124 1540 3222 1594 καὶ⁸
3251 1539 3351 1608 τῆς
3387 1535 3509 1590 κατ’
3562 1535 3741 1604 αὐτὴν

2150 1642 2319 1713 οῦσης
2373 1642 2467 1694 καὶ
2512 1639 2809 1709 νοουμένης
2840 1635 3101 1707 διαφορᾶς
3133 1632 3228 1685 καὶ
3257 1628 3604 1699 διακρίσεως,
3637 1627 3746 1678 καὶ

2149 1734 2238 1787 τὸν
2269 1732 2431 1787 αὑτὸν
2455 1733 2513 1784 ἐν
2545 1731 2679 1785 πᾶσι
2704 1730 2819 1792 τοῖς
2849 1726 2909 1791 ἐξ
2954 1724 3120 1778 αὑτοῦ
3163 1722 3305 1777 κατὰ
3346 1719 3449 1790 τὴν
3494 1716 3742 1770 ἑκάστου

2147 1825 2440 1892 ἀναλογίαν
2482 1819 2893 1891 ἀγαθοπρεπῶς
2942 1817 3123 1888 (123
3163 1812 3214 1885 ὁ)
3267 1811 3617 1880 δεικνύμενόν
3674 1825 3741 1861 τε

2148 1920 2244 1974 καὶ
2276 1916 2700 1985 πληθυνόμενον,
2724 1910 2819 1966 καὶ
2845 1910 2923 1972 είς
2945 1907 3136 1961 ἑαυτὸν
3184 1905 3256 1958 τὰ
3311 1902 3488 1957 πάντα
3531 1901 3741 1952 ἀνακε-

2148 2007 2566 2078 φαλαιούμενον,
2594 2003 2718 2056 καθ’
2757 2000 2815 2054 ὃν
2840 2000 2903 2053 τό
2930 2016 2989 2051 τε
3029 1993 3285 2051 εἶναικαὶ
3325 1993 3387 2046 τὸ
3428 1990 3742 2060 διαμένειν,

2148 2104 2243 2157 καὶ
2270 2100 2329 2167 ἐξ
2364 2094 2426 2154 οῦ
2452 2098 2523 2153 τὰ
2546 2096 2806 2168 γεγονότα
2838 2094 2913 2156 ὡς
2940 2092 3155 2162 γέγονε,
3189 2087 3286 2142 καὶ
3322 2087 3406 2154 ἐφ’
3438 2078 3483 2153 ᾧ
3512 2084 3741 2152 γέγονε,

2148 2194 2243 2247 καλ⁵
2302 2192 2532 2263 μένοντα
2588 2189 2684 2241 καὶ
2728 2183 3027 2254 κινούμενα
3075 2179 3294 2252 μετέχει
3343 2173 3500 2230 Θεοῦ.
3545 2174 3744 2227 Πάντα

2149 2286 2258 2357 γὰρ
2293 2280 2620 2354 μετέχειόιά
2662 2279 2723 2332 τὸ
2762 2279 2826 2332 ἐκ
2856 2274 2994 2330 Θεοῦ
3041 2269 3411 2342 γεγενῆσθαι,
3450 2266 3742 2334 ἀναλόγως

2149 2374 2308 2438 Θεοῦ,
2337 2375 2371 2444 ἢ
2430 2372 2570 2426 κατὰ
2595 2370 2741 2432 νοῦν,
2775 2368 2806 2437 ἢ
2839 2364 3076 2436 λόγον,ἢ
3107 2364 3385 2433 αἴσθησιν,
3436 2360 3470 2430 ἢ
3517 2358 3743 2426 κίνησιν

2151 2464 2425 2535 ζωτικὴν,
2479 2463 2512 2534 ἢ
2569 2459 2804 2530 οὺσιώδη
2864 2458 2959 2512 καὶ
3016 2454 3242 2523 ἐκτικὴν
3292 2449 3737 2521 ἐπιτηδειότητα,

2149 2556 2225 2619 ὡς
2260 2556 2337 2625 τῷ
2369 2554 2594 2626 μεγάλῳ
2627 2551 2722 2605 καὶ
2771 2549 3090 2618 θεοφάντορι
3141 2542 3404 2613 Διονυσίῳ
3464 2540 3614 2593 δοκεῖ
3655 2536 3739 2607 τῷ

2164 2645 2552 2716 ’Δρεοπαγίτῃ.
2581 2643 2854 2696 Ἕκαστον
2889 2634 2984 2693 οῦν
3002 2637 3113 2691 τῶν
3135 2634 3339 2705 νοερῶν
3368 2650 3427 2686 τε
3461 2631 3556 2686 καὶ
3584 2630 3738 2697 λογι-

2152 2739 2263 2793 κῶν
2291 2736 2539 2806 ἀγγέλων
2567 2734 2628 2787 τε
2679 2733 2774 2786 καὶ
2824 2728 3130 2799 ἀνθρώπων
3186 2724 3337 2794 αὐτῷ
3381 2722 3460 2792 τῷ
3507 2720 3627 2774 καθ’
3673 2720 3736 2773 ὃν

2153 2827 2380 2897 ἐκτίσθη
2431 2825 2577 2895 λόγῳ
2626 2823 2706 2892 τῷ
2762 2823 2819 2875 ἐν
2889 2819 2970 2889 τῷ
3032 2816 3153 2887 Θεῷ
3210 2815 3366 2878 ὄντι,
3434 2811 3531 2864 καὶ
3595 2809 3738 2880 πρὸς

2152 2921 2245 2975 τὸν
2294 2920 2426 2975 Θεὸν
2475 2918 2611 2979 ὄντι,
2677 2916 2842 2985 μοῖρα
2885 2912 2980 2965 καὶ
3028 2910 3246 2977 λέγεται
3296 2907 3391 2960 καὶ
3430 2904 3546 2957 ἔστι
3572 2901 3738 2964 Θεοῦ,

475 2995 650 3049 Deum
681 3002 784 3058 est,
818 3009 948 3063 pars
985 3000 1156 3048 estet
1185 2993 1391 3047 dicitur
1419 2993 1516 3047 Dei
1558 3008 1657 3061 per
1697 3008 1851 3046 suam
1894 3001 2048 3048 ante-

2151 3011 2238 3065 διὰ
2271 3011 2363 3064 τὸν
2387 3007 2551 3063 αὑτοῦ
2582 3006 2820 3078 προόντα
2869 3005 2927 3056 ἐν
2958 3001 3037 3072 τῷ
3078 3000 3219 3069 Θεῷ,
3262 2996 3445 3060 καθὼς
3493 2996 3737 3091 εἴρηται,

475 3085 830 3141 exsistentem
862 3085 917 3138 in
944 3086 1078 3149 Deo,
1106 3085 1250 3140 sicut
1279 3083 1490 3139 dictum
1523 3093 1637 3149 estt,
1670 3100 1913 3139 causam.
1940 3085 2046 3137 Ita-

474 3194 585 3251 que
611 3167 992 3233 si‘sécundum
1028 3179 1200 3248 ipsam
1233 3187 1569 3243 moveretur,
1616 3178 1674 3231 in
1713 3178 1824 3233 Deo
1866 3177 2051 3243 ﬁeret,

475 3267 536 3321 in
566 3282 677 3336 quo
695 3266 948 3321 essentite
968 3281 1081 3320 sua;
1099 3266 1240 3320 ratio
1261 3266 1582 3331 ante-inest,
1613 3274 1673 3320 ut
1694 3266 1748 3319 in
1775 3265 2051 3336 principio

474 3367 531 3412 et
553 3372 739 3424 causa,
773 3366 828 3412 et
857 3358 1066 3413 nullius
1092 3356 1325 3428 alicujus
1358 3367 1483 3413 ante
1526 3357 1810 3427 preprium
1849 3358 2052 3427 princi-

472 3448 625 3519 pium
652 3448 989 3503 desiderium
1020 3447 1271 3518 aceipere
1294 3448 1478 3511 vellet,
1510 3463 1693 3518 neque
1721 3447 1983 3503 retineret
2019 3464 2049 3503 a

474 3540 611 3604 Deo,
643 3540 738 3594 sed
773 3540 947 3610 magis
973 3555 1074 3609 per
1098 3554 1218 3595 eam
1251 3553 1373 3609 qum
1402 3538 1467 3591 ad
1499 3553 1625 3592 eum
1661 3546 1747 3593 est
1786 3538 2045 3593 intentio-

474 3643 623 3692 nem,
655 3629 797 3683 Deus
822 3627 1046 3682 ﬁeretct
1074 3645 1202 3699 pars
1228 3626 1326 3682 Dei
1348 3628 1631 3682 diceretur
1663 3628 2049 3699 participando

476 3719 912 3773 connaturaliter
957 3720 1149 3783 Deum,
1201 3728 1389 3789 utpote
1441 3721 1746 3774 secundum
1796 3728 2050 3774 naturam

475 3810 756 3881 sapienter
812 3825 877 3864 ac
918 3811 1319 3866 rationabiliter
1342 3827 1441 3882 per
1499 3812 1796 3881 pulchrum
1841 3821 2051 3865 motum

475 3917 637 3958 suum
660 3909 985 3973 accepturus
1005 3902 1340 3973 principium
1360 3911 1416 3958 et
1441 3919 1684 3971 causam,
1708 3918 1819 3957 non
1841 3903 2053 3958 habens

473 3994 740 4049 aliorsum
761 3994 829 4049 de
859 4002 1059 4050 cancro
1097 4003 1222 4069 post
1250 4010 1409 4049 suum
1436 3995 1768 4064 principium
1797 3994 1863 4048 ad
1889 3995 2055 4049 ratio—

472 4102 602 4142 nem
638 4101 738 4156 per
757 4101 920 4157 quam
940 4094 1224 4141 crearetur
1250 4100 1536 4139 ascensum
1566 4093 1622 4138 et
1645 4086 2051 4140 restitutionem

2152 3104 2329 3172 λόγον.
2376 3101 2593 3171 Ἀμέλει
2633 3117 2737 3163 τοι,
2788 3097 2882 3151 καὶ
2913 3097 2962 3148 εί
3001 3094 3123 3148 κατ’
3155 3091 3318 3144 αὑτὸν
3359 3086 3637 3157 κινηθείη,
3676 3087 3739 3137 ἐν

2151 3192 2229 3265 τῷ
2277 3191 2396 3262 Θεῷ
2442 3191 2756 3261 γενήσεται,
2803 3188 2863 3240 ἐν
2906 3177 2951 3252 ᾧ
2989 3186 3018 3237 ὁ
3052 3181 3148 3235 τοῦ
3186 3176 3329 3233 εἶναι
3371 3176 3538 3232 αὑτοῦ
3577 3175 3739 3242 λόγος

2152 3284 2490 3356 προένεστιν,
2528 3280 2606 3345 ὡς
2642 3279 2785 3352 ἀρχὴ
2819 3279 2913 3331 καὶ
2948 3274 3123 3335 αἰτία,
3160 3272 3266 3328 κᾶν
3301 3270 3531 3340 μηδενὸς
3562 3269 3733 3323 ἄλλου

2154 3375 2261 3448 πρὸ
2290 3376 2390 3445 τῆς
2439 3374 2578 3436 ιδίας
2606 3371 2784 3442 ἀρχῆς
2826 3368 2969 3423 κατὰ
2997 3366 3160 3419 πόθον
3185 3362 3551 3417 ἐπιλαϐέσθαι
3578 3362 3737 3429 θελήα

2154 3487 2258 3536 σοι,
2288 3468 2388 3521 οὐκ
2418 3465 2685 3537 ἀπορρέει
2723 3461 2882 3525 Θεοῦ,
2911 3457 3049 3514 ἀλλὰ
3081 3457 3288 3528 μᾶλλον
3317 3456 3383 3522 τῇ
3413 3452 3550 3523 πρὸς
3572 3451 3737 3505 αὐτὸν

2153 3558 2415 3614 ἀνατάσει
2458 3553 2606 3623 ,Θεὸς
2651 3551 2861 3622 γίνεται
2898 3549 2991 3601 καὶ
3045 3548 3211 3616 μοῖρα
3249 3540 3382 3596 Θεοῦ
3414 3540 3636 3608 λέγεται
3658 3538 3738 3609 τῷ

2157 3650 2407 3721 μετέχειν
2449 3643 2837 3717 προσηκόντως
2877 3637 3033 3701 Θεοῦ,
3077 3636 3153 3699 ὡς
3191 3634 3331 3688 κατά
3360 3635 3524 3702 φύσιν
3556 3623 3736 3721 σοφίξς

2153 3760 2213 3794 τε
2267 3740 2362 3794 καὶ
2408 3735 2810 3806 λελογισμένως
2862 3731 2930 3785 δι’
2967 3726 3277 3799 εὐπρεποῦς
3321 3724 3591 3793 κινήσεως
3637 3717 3739 3788 τῆς

2153 3828 2359 3891 οἰκείας
2400 3824 2791 3893 ἐπιλαϐόμενος
2810 3822 2854 3853 ⁸⁸
2891 3818 3068 3890 ἀρχῆς
3101 3817 3192 3870 καὶ
3237 3813 3438 3877 αἰτίας,
3467 3811 3570 3866 οὐκ
3601 3810 3740 3881 ἔχων

2154 3917 2339 3970 λοιπὸν
2361 3913 2543 3969 ἄλλοθί
2570 3930 2663 3965 ποι
2691 3911 2828 3981 μετὰ
2853 3909 2953 3979 τὴν
2988 3908 3124 3960 ἰδίαν
3151 3903 3324 3975 ἀρχὴν
3354 3903 3448 3957 καὶ
3470 3902 3571 3971 τὴν
3603 3900 3739 3971 πρὸς

2155 4006 2246 4059 τὸν
2268 4004 2389 4059 καθ’
2416 4004 2476 4056 ὃν
2519 4000 2743 4070 ἐκτίσθη
2788 3998 2947 4067 λόγον
2988 3995 3174 4051 ἀνοδόν
3208 4010 3268 4046 τε
3318 3991 3413 4045 καὶ
3461 3989 3740 4044 ἀποκατά-

2158 4111 2348 4148 στασιν
2400 4091 2712 4161 κινηθῆναι,
2757 4088 2791 4157 ἢ
2843 4088 2960 4149 πῶς
3012 4083 3322 4154 κινηθῆναι,
3388 4080 3491 4150 τῆς
3531 4078 3625 4130 ἐπὶ
3662 4076 3740 4146 τῷ

472 4176 734 4233 movendi
767 4174 863 4232 aut
890 4178 1168 4248 quomodo
1200 4184 1535 4241 moveretur,
1568 4176 1624 4229 in
1677 4176 1867 4231 divino
1900 4178 2050 4232 vide-

2158 4183 2563 4254 Oeitpﬁqlovén
2608 4179 2797 4250 σκοπῷ
2841 4180 3107 4248 κινήσεως
3151 4172 3319 4227 αὐτοῦ
3350 4170 3513 4224 αὑτὸν
3554 4169 3731 4239 πέρας

375 4338 381 4345 ε
471 4271 607 4329 licet
636 4271 941 4337 desiderio,
983 4281 1134 4327 motu
1172 4287 1273 4326 suo
1305 4270 1484 4340 ipsum
1511 4269 1677 4323 tinem
1714 4272 2050 4340 accipiente,

2157 4276 2429 4346 λαϐούσης
2469 4274 2561 4327 τὸν
2603 4271 2747 4325 θεῖον
2785 4267 3007 4323 σκοπόν.
3050 4267 3138 4328 Ὠς
3192 4263 3344 4334 δηλοῖ
3390 4262 3486 4315 καὶ
3527 4261 3556 4313 ὁ
3588 4258 3741 4326 ἅγιος

474 4364 719 4419 divinam
752 4364 1019 4419 visionem
1045 4404 1061 4430 ,
1100 4371 1160 4417 ut
1209 4362 1446 4417 Basilius
1498 4362 1739 4416 declarat
1794 4362 1849 4414 in
1884 4362 2049 4416 inter-

2159 4366 2465 4430 Βασίλειος,
2506 4366 2564 4416 ἐν
2602 4365 2669 4433 τῇ
2712 4364 2791 4425 είς
2827 4361 2920 4415 τὸν
2962 4359 3116 4426 ἅγιον
3166 4356 3452 4426 προφήτην
3509 4349 3743 4403 Ἡσαΐαν

473 4457 786 4529 pretatione
825 4458 882 4512 in
925 4462 1175 4511 sanctum
1220 4454 1548 4524 prophetam
1589 4453 1786 4508 Isaiam
1815 4493 1830 4518 ,
1864 4453 2050 4510 dicens

2154 4456 2444 4530 ἑρμηνείᾳ,
2473 4439 2647 4522 λέγων
2671 4452 2868 4515 οὕτως’
2905 4470 2923 4501 ι
2949 4448 3208 4503 Σάϐϐατα
3230 4446 3288 4499 δὲ
3314 4442 3503 4514 (125,
3524 4442 3581 4512 a)
3611 4441 3744 4511 ἀλη-

475 4546 602 4602 sic:
643 4565 661 4597 ι
698 4546 940 4601 Sabbata
979 4552 1166 4599 autem
1195 4558 1323 4598 vera
1369 4552 1498 4596 sunt
1547 4543 1790 4611 reposita
1837 4543 2050 4612 requies

2156 4550 2222 4619 θῆ
2250 4550 2283 4620 ἡ
2318 4545 2658 4615 ἀποκειμένη
2695 4544 3004 4604 ἀνάπαυσις
3041 4540 3119 4611 τῷ
3141 4538 3256 4609 λαῷ
3289 4536 3383 4591 τοῦ
3412 4534 3573 4601 Θεοῦ,
3599 4535 3744 4600 ἀπερ

475 4635 684 4707 populo
708 4635 827 4700 Dei,
860 4650 983 4704 quae
1004 4632 1226 4703 quidem
1265 4647 1332 4686 eo
1372 4631 1520 4702 quod
1546 4647 1676 4687 vera
1711 4632 1822 4687 sint
1861 4634 2050 4702 recipit

2165 4640 2254 4693 διὰ
2300 4638 2362 4691 τὸ
2404 4636 2578 4706 ἀληθῆ
2627 4629 2769 4686 εἷναι
2813 4633 3064 4703 ἀνέχεται
3107 4632 3135 4683 ὁ
3163 4629 3296 4693 Θεὸς
3324 4629 3421 4684 καὶ
3441 4628 3638 4696 φθάνει
3681 4642 3745 4692 γε

476 4728 626 4782 Deus
647 4734 704 4781 et
733 4725 1049 4780 manifestat
1090 4716 1305 4779 summa
1332 4722 1573 4778 Sabbata
1603 4724 1825 4793 quietis,
1854 4723 1946 4777 ille
1969 4729 2050 4782 cui

2156 4728 2243 4781 ἐπ’
2279 4729 2462 4781 ἐκεῖνα
2493 4725 2565 4778 τὰ
2604 4723 2861 4777 Σάϐϐατα
2904 4723 3005 4789 τῆς
3041 4720 3430 4786 ἀναπαύσεως,
3478 4719 3613 4788 παρ’
3645 4711 3687 4784 ᾧ
3719 4718 3748 4769 ὁ

477 4815 722 4871 mundus
742 4814 1039 4872 cruciﬁxus
1063 4823 1168 4876 est,
1187 4813 1480 4868 discedens
1502 4812 1749 4882 profecto
1772 4829 1801 4868 a
1826 4814 2050 4869 munda-

2162 4818 2365 4888 κόσμος
2393 4816 2757 4885 ἐσταύρωται,
2784 4813 3027 4875 ἀποστὰς
3051 4811 3290 4881 δηλονότι
3308 4810 3418 4863 τῶν
3440 4807 3746 4878 κοσμικῶν,

479 4907 588 4971 nis,
616 4888 757 4961 etin
783 4904 1069 4976 proprium
1101 4905 1279 4959 locum
1305 4903 1609 4973 spiritualis
1632 4903 1838 4972 quietis
1860 4919 2050 4959 occur-

2163 4909 2258 4961 καὶ
2291 4908 2385 4961 ἐπὶ
2428 4907 2520 4960 τὸν
2557 4907 2687 4959 ἴδιον
2731 4905 2897 4958 τόπον
2927 4904 3027 4972 τῆς
3085 4902 3465 4972 πνευματικῆς
3497 4898 3749 4953 ἀναπαύ-

479 5014 630 5063 rens,
659 4998 716 5052 in
755 5011 864 5068 quo
895 4997 1075 5053 factus
1101 5013 1214 5053 non
1235 4997 1349 5067 jam
1371 4996 1685 5053 movebitur
1712 5011 1741 5050 a
1771 5012 1873 5051 suo
1909 4997 2050 5062 loco,

2164 5011 2303 5059 σεως
2334 4996 2707 5064 καταντήσας,
2734 4995 2794 5046 ἐν
2833 4985 2877 5059 ᾧ
2898 4995 2926 5047 ὁ
2948 4993 3239 5061 γενόμενος
3280 4992 3382 5044 οὐκ
3404 4989 3487 5043 ἔτι
3516 4989 3750 5059 κινηθήο

483 5086 614 5142 dum
655 5087 727 5143 sit
751 5087 1032 5143 silentium
1066 5091 1123 5142 et
1153 5102 1257 5157 pax
1286 5087 1432 5141 circa
1464 5086 1617 5140 illum
1662 5094 1887 5142 statum.
1921 5086 2050 5142 0m-

2164 5102 2314 5140 σεται
2362 5087 2471 5140 ἀπὸ
2510 5086 2603 5141 τοῦ
2654 5086 2785 5140 ἰδίου
2826 5087 3019 5154 τόπου,
3044 5084 3280 5156 ἡσυχίας
3312 5084 3407 5137 καὶ
3439 5080 3747 5153 ἀταραξίας

560 5225 583 5269 ι
618 5228 838 5280 Coloss.
876 5244 914 5280 ι.
948 5228 1032 5280 {6.
1092 5276 1098 5280 .

618 5228 838 5286 Coloss.
876 5244 914 5294 ι,
948 5228 1032 5282 {6.
1092 5276 1098 5280 _

1655 5333 1662 5343 '
1762 5320 2002 5374 V'Altl/E
2044 5318 2449 5378 LECTIONES.

1213 5409 1258 5439 ⁸⁸
1298 5408 1434 5471 ἰδίας
1455 5408 1961 5481 ἐπιλαμϐανόμενος
1995 5410 2084 5464 ed.
2117 5409 2236 5464 Gal.

2004 5520 2234 5575 ΝΟΤᾹΞ.

560 5613 636 5684 (ι)
665 5610 829 5667 Verte
877 5611 1254 5681 per-transiens.
1304 5608 1487 5665 Graece
1526 5610 1912 5681 διῖκνούμξνον.
1959 5610 2160 5683 (Cale)

568 5408 620 5443 "
649 5409 870 5465 πάντων
892 5396 981 5465 ed.
1009 5409 1128 5464 Gal.
