4066 6150
379 263 511 362 lost
1599 267 2114 328 AMBIGUORUM
2155 268 2403 328 LIBER.
3278 304 3282 308 .
3487 259 3623 326 1082

375 380 506 452 περὶ
531 377 628 447 τὴν
663 375 1000 430 κατάστασιν
1031 373 1249 444 ἐκείνην
1298 364 1650 445 ὑπαρχόύσης
1673 393 1685 405 ο
1726 377 1945 453 πάντῶν
1975 419 1981 433 ι

2017 376 2202 432 inium
2239 375 2408 446 igitur
2445 375 2600 429 locus
2641 373 2932 446 dignorum
2961 371 3055 428 tali
3097 368 3442 426 beatitudine
3476 371 3623 426 Deus

371 468 469 526 οὖν
498 469 664 530 τόπος
695 465 804 518 τῶν
831 463 1166 535 ἀξιουμένων
1197 463 1298 532 τῆς
1324 463 1584 534 τοιαύτης
1613 466 1948 534 μακαριότη-

2047 475 2152 529 εει,
2187 465 2492 520 secundum
2541 463 2686 533 quod
2741 461 3008 530 scriptum
3049 470 3133 515 est
3172 477 3187 513 :
3228 459 3357 513 Esto
3405 458 3530 513 mihi
3567 460 3622 513 in

375 559 478 622 τός·
504 561 653 612 ἐστιν
684 558 712 610 6
741 556 873 618 Θεὸς
907 554 1050 608 κατά
1081 555 1142 608 rb
1173 555 1560 626 γεγραμμένον
1583 572 1597 585 ·
1627 557 1822 610 Γενοῦ
1843 573 1946 626 μοι

2047 556 2217 611 Deum
2268 564 2615 626 protectorem
2655 562 2705 608 et
2755 556 2810 608 in
2865 553 3037 606 locum
3079 553 3340 606 munitum
3378 550 3623 605 solvendi

375 651 464 716 εις
525 647 674 702 Θεὸν
714 645 1188 715 ὑπερασπιστὴν
1219 645 1318 698 καὶ
1357 632 1444 711 sic
1493 647 1682 701 τόπον
1723 647 1950 714 ὀχυρὸν

2050 657 2210 702 mem.
2249 667 2269 699 ι
2304 647 2462 717 Apud
2502 660 2667 716 quem
2699 644 2932 699 ﬁrmiter
2959 642 3204 698 omnium
3236 643 3478 698 rationes
3505 642 3624 698 ﬁxae

375 740 484 794 τοῦ
521 737 718 792 σῶσαί
744 753 842 807 με.
870 755 890 788 ι
927 736 1066 806 Παρ’
1094 729 1139 804 ᾧ
1179 735 1410 804 βεϐαίως
1446 735 1662 790 πάντων
1710 737 1758 788 οἱ
1801 737 1948 804 λόγοι

2049 745 2199 798 sunt,
2230 751 2331 805 per
2360 750 2496 804 quas
2531 734 2697 789 etiam
2729 747 3064 803 cognoscere
3099 731 3286 786 omnia
3309 738 3435 785 ante
3461 747 3632 800 gene-

380 833 660 900 πεπήγασι
704 828 827 881 καθ’
865 826 958 890 οὓς
1004 827 1100 882 καὶ
1133 825 1422 894 γινώσκειν
1473 827 1542 881 τὰ
1599 830 1774 881 πάντα
1819 829 1950 898 πρὶν

2049 827 2320 881 rationem
2353 841 2543 880 eorum
2585 825 2789 880 dicitur
2815 823 3013 877 merito
3038 822 3091 876 in
3119 821 3237 892 ipso
3271 831 3327 876 et
3364 822 3507 891 apud
3537 822 3632 892 ip—

379 922 646 989 γενέσεως
674 921 854 972 αὐτῶν
884 919 1124 986 λέγεται,
1152 917 1226 981 ὡς
1253 918 1312 970 ὲν
1355 917 1503 990 αὐτῷ
1529 921 1624 972 καῖ⁵
1651 920 1782 991 παρ’
1802 919 1950 990 αὐτῷ

2051 936 2172 975 sum
2207 919 2602 974 exsistentibus
2658 933 2754 986 per
2780 917 2952 986 ipsam
3000 915 3288 968 veritatem
3343 914 3627 978 omnibus,

379 1011 569 1074 ὄντων,
599 1011 734 1079 αὐτῇ
779 999 846 1079 τῇ
891 1007 1122 1078 ἀληθείᾳ
1162 1007 1272 1060 τῶν
1301 1009 1538 1062 πάντων.
1570 1008 1690 1063 Κᾶν
1721 1011 1771 1063 ει
1805 1010 1950 1064 αὐτὰ

2050 1011 2155 1066 etsi
2179 1027 2244 1065 ea
2267 1010 2452 1063 omnia
2485 1017 2541 1064 et
2569 1025 2690 1078 qua:
2723 1017 2852 1061 sunt
2880 1015 3080 1075 etquae
3110 1004 3292 1058 futura
3326 1012 3476 1065 sunt,
3511 1021 3625 1059 non

377 1103 445 1157 τὰ
484 1102 676 1161 πάντα.
717 1101 786 1154 τά
813 1117 870 1152 τε
901 1098 1031 1152 ὄντα
1061 1099 1155 1152 καὶ
1181 1098 1248 1152 τὰ
1282 1098 1535 1170 ἐσόμενα,
1568 1101 1665 1170 οὐχ
1691 1101 1808 1171 ἅμα
1836 1103 1950 1164 τοῖς

2109 1103 2214 1156 mul
2249 1102 2368 1156 suis
2395 1101 2576 1156 causis
2604 1109 2662 1154 ut
2687 1098 2904 1168 cognita
2953 1107 3082 1152 sunt
3109 1112 3139 1150 a
3171 1097 3306 1159 Deo,
3350 1095 3406 1149 in
3429 1111 3621 1150 essen-
3708 1158 3715 1166 _

377 1191 588 1245 ἑαυτῶν
637 1191 837 1258 λόγοις,
869 1189 903 1260 ἢ
936 1189 1015 1258 τῷ
1047 1189 1360 1258 γνωσθῆναι
1406 1190 1512 1243 ὑπὸ
1557 1191 1714 1252 Θεοῦ,
1761 1192 1842 1255 εἰς
1890 1191 1950 1244 τὸ

2051 1192 2184 1246 tiam
2228 1191 2464 1245 adducta
2493 1199 2640 1254 sunt,
2669 1189 2764 1242 sed
2801 1187 3017 1256 singula
3043 1201 3274 1256 qumque
3313 1195 3623 1255 opportuno

375 1278 514 1334 εἶναι
537 1282 922 1354 παρήχθησαν.
957 1279 1074 1334 ἀλλ’
1105 1279 1312 1334 ἕκαστα
1351 1280 1428 1351 τῷ
1461 1281 1750 1352 ἐπιτηδείῳ
1772 1279 1950 1350 καιρῷ

2051 1291 2296 1350 tempore
2347 1280 2652 1334 secundum
2693 1277 2968 1333 Creatoris
3012 1278 3333 1354 sapientiam
3391 1278 3625 1346 pulchre

375 1373 518 1429 κατά
532 1373 630 1443 τὴν
645 1373 739 1426 τοῦ
759 1370 1102 1442 Δημιωργοῦ
1123 1371 1312 1441 σοφίαν
1334 1373 1652 1443 πρεπόντως
1663 1371 1802 1425 κατά
1825 1373 1950 1436 τοὺς

2043 1369 2200 1439 juxta
2222 1383 2412 1422 eorum
2445 1382 2637 1421 causas
2660 1375 2840 1420 creata
2865 1353 3098 1429 sunt,:et
3127 1381 3226 1435 per
3249 1380 3308 1419 se
3343 1380 3464 1419 esse
3493 1380 3632 1433 ope-

377 1461 586 1516 ἑαυτῶν
617 1461 806 1528 λόγους
837 1458 1316 1529 δημιουργούμενα
1342 1461 1436 1513 καὶ
1459 1460 1582 1514 καθ’
1615 1459 1782 1512 ἑαυτὰ
1809 1454 1950 1513 εἶναι

2050 1461 2265 1516 ratione
2309 1460 2618 1529 accipiunt;
2653 1457 2914 1528 quoniam
2963 1457 3082 1526 ipse
3130 1457 3353 1526 quidem
3407 1472 3625 1525 semper

375 1554 442 1622 τῇ
457 1549 706 1621 ἐνεργείᾳ
720 1549 991 1620 λαμϐάνῃ.
1011 1548 1228 1617 Ἐπειδὴ
1249 1551 1276 1602 6
1295 1549 1392 1618 μὲν
1409 1549 1496 1602 ἀεὶ
1524 1549 1645 1603 κατ’
1667 1549 1950 1622 ὲνέργειὰν

2051 1551 2356 1608 secundum
2393 1549 2768 1620 Operationem
2800 1556 2886 1603 εει
2905 1545 3152 1612 Creaton,
3177 1563 3240 1601 ea
3269 1563 3400 1601 vero
3429 1555 3625 1614 poten-

376 1639 491 1690 ἐστι
519 1636 880 1708 Δημιουργὸς,
919 1637 990 1690 τά
1016 1636 1074 1688 δὲ
1106 1637 1331 1706 δυνάμει
1371 1637 1470 1706 μὲν
1497 1637 1664 1704 ἐστιν,
1697 1640 1949 1710 ἐνεργείᾳ

2051 1643 2128 1698 tia
2153 1642 2376 1712 quidem
2410 1650 2574 1706 sunt,
2607 1640 2928 1710 operatione
2951 1649 3134 1693 autem
3175 1639 3455 1700 nondum;
3495 1637 3633 1708 quia

374 1727 433 1782 δὲ
461 1729 562 1783 οὐκ
591 1726 672 1780 ἔτι
691 1743 706 1757 ο
732 1706 824 1780 Ὕὸτι
853 1726 988 1798 μηδὲ
1014 1721 1126 1779 οἷόν
1161 1744 1221 1780 τε
1247 1727 1354 1780 τῶν
1393 1727 1508 1796 ἅμα
1531 1723 1752 1781 εἶναιτὸ
1784 1706 1946 1784 iam;

2017 1714 2023 1760 ⁵
2049 1748 2229 1803 neque
2253 1743 2482 1803 possunt
2505 1733 2700 1786 horum
2729 1731 2892 1786 simul
2917 1745 3037 1784 esse
3064 1728 3338 1783 inﬁnitum
3363 1739 3419 1784 et
3450 1728 3623 1793 ﬁnita,

377 1836 471 1892 ρον
499 1817 596 1874 καὶ
627 1817 697 1872 τά
725 1816 1138 1888 πεπερασμένα,
1173 1815 1295 1868 οὐδέ
1324 1832 1410 1879 τις
1440 1815 1608 1880 δεῖξαι
1637 1815 1794 1885 λόγος
1815 1817 1947 1871 ἀνα-

2049 1839 2230 1894 nequc
2265 1826 2375 1879 ulla
2424 1824 2564 1879 ratio
2595 1823 2901 1894 approbare
2943 1820 3384 1886 manifestabitur
3427 1821 3623 1876 horum

375 1913 677 1982 φανήσεται
719 1909 829 1964 τῶν
871 1909 990 1979 ἅμα
1040 1903 1179 1962 εἶναι
1208 1905 1468 1960 δύνασθαι
1502 1907 1601 1978 τὴν
1639 1907 1828 1961 οὐσίαν
1853 1910 1948 1962 καὶ

2049 1915 2212 1970 simul
2239 1931 2360 1970 esse
2401 1916 2592 1970 valens
2632 1913 2931 1969 essentiam
2967 1921 3022 1968 et
3052 1912 3542 1982 superesseutiale,
3569 1922 3627 1978 et

371 2000 436 2056 τδ
481 2001 828 2074 ὑπερούσιον,
877 2001 974 2054 καὶ
1013 2001 1096 2064 ei;
1137 2000 1337 2054 ταυτὸν
1381 2001 1608 2069 ἀγαγεῖν
1648 1999 1726 2070 τῷ
1757 2001 1816 2051 ὲν
1852 1999 1949 2069 μὲ-

2047 2005 2106 2059 ἰη
2143 2005 2195 2058 id
2225 2005 2401 2074 ipsum
2434 2005 2634 2059 ducere
2669 2017 2860 2057 menso
2902 2001 3230 2056 immensum
3251 2041 3267 2066 ,
3301 2009 3358 2055 et
3391 2002 3442 2057 ei
3477 2001 3625 2070 quod

371 2109 488 2164 τρῳ
507 2091 569 2146 τὸ
597 2079 835 2163 ἄμετρον
851 2092 920 2155 ”,
950 2092 1042 2146 καὶ
1065 2091 1144 2162 τῷ
1170 2093 1228 2144 ὲν
1263 2091 1446 2162 σχέσει
1482 2091 1543 2144 τὸ
1575 2091 1825 2161 ἄσχετον,
1854 2093 1948 2146 καὶ

2050 2097 2108 2151 in
2147 2097 2339 2152 habitu
2381 2106 2466 2151 est
2498 2095 2644 2166 quod
2681 2102 2832 2150 caret
2859 2091 3208 2156 habitudine,
3237 2100 3292 2147 et
3321 2091 3468 2161 quod
3499 2093 3625 2145 nul-

371 2183 433 2236 τὸ
468 2182 635 2256 μηδὲν
666 2182 790 2254 ἔχον
821 2185 907 2236 ἐπ’
939 2181 1104 2236 αὑτοῦ
1147 2181 1484 2253 κατηγορίας
1526 2177 1666 2245 εἶδος
1696 2201 1947 2252 καταρρα-

2024 2183 2156 2242 'lam
2202 2188 2373 2242 habet
2419 2188 2474 2242 in
2506 2203 2564 2242 se
2594 2185 2884 2256 categorias
2929 2183 3170 2254 speciem
3203 2181 3524 2236 aﬁirmatam
3570 2191 3627 2237 et

375 2271 640 2344 σκόμενον
667 2271 748 2344 τῷ
777 2273 866 2326 διὰ
896 2272 1116 2326 πάντων
1155 2272 1366 2326 τούτων
1397 2271 1583 2344 (124
1611 2273 1659 2341 b)
1695 2290 1944 2327 συνιστα-

2049 2293 2148 2348 per
2166 2294 2356 2334 omnes
2381 2294 2496 2342 eas,
2525 2277 2924 2348 categoriarum
2950 2275 3230 2338 videlicet,
3256 2274 3472 2344 species
3490 2290 3624 2328 con-

381 2363 551 2438 μένῳ.
585 2364 772 2418 Πάντα
817 2365 925 2435 γὰρ
953 2365 1021 2416 τὰ
1061 2363 1254 2418 mm
1297 2364 1418 2417 κατ’
1439 2363 1629 2448 οὐσςαν
1651 2381 1710 2416 τε
1735 2365 1828 2418 καὶ
1855 2364 1950 2432 γέ-

2049 2369 2265 2423 ειὶιιιιο.
2330 2369 2526 2425 Omnia
2575 2370 2722 2422 enim
2766 2383 2888 2437 qua:
2917 2375 3102 2421 creata
3147 2374 3274 2419 sunt
3322 2364 3627 2420 secundum

372 2472 521 2509 νεσιν
551 2455 867 2509 παντάπασι
903 2453 1314 2522 καταφάσκεται
1361 2455 1475 2516 τοῖς
1508 2453 1660 2517 ἰδίοις
1698 2453 1793 2507 καὶ
1835 2456 1949 2518 τοῖς

2047 2462 2342 2517 essentiam
2365 2471 2421 2516 et
2445 2461 2855 2532 generationem
2881 2458 3104 2514 omnino
3129 2459 3184 2512 in
3210 2457 3464 2512 omnibus
3484 2457 3631 2511 amr-

373 2545 504 2618 περὶ
532 2546 670 2600 αὑτά
693 2542 814 2598 οὖσι
843 2544 948 2598 τῶν
980 2544 1135 2608 ἐκτὸς
1175 2543 1352 2613 λόγοις
1410 2545 1790 2615 περιεχόμενα.
1820 2543 1951 2598 Ὕπ-

2049 2560 2270 2607 mantur
2309 2569 2419 2622 .per
2473 2552 2705 2616 formas,
2750 2559 2806 2606 et
2827 2549 3226 2605 cxsistentibus
3265 2564 3454 2604 eorum
3504 2565 3627 2618 qua

371 2635 716 2708 εξῃρημένης
738 2629 832 2688 οὖν
862 2634 960 2704 τῆς
984 2633 1162 2704 ἄκρας
1181 2633 1276 2687 καὶ
1294 2634 1636 2703 ἀποφατικῆς
1665 2635 1757 2688 τοῦ
1787 2635 1966 2710 λόγου.

2048 2643 2394 2700 extrinsecus
2418 2651 2549 2698 sunt
2583 2642 2730 2698 circa
2761 2656 2881 2696 eam
2910 2638 3216 2694 rationibus
3253 2637 3624 2693 continentur.

373 2723 674 2794 θεολογίας,
709 2725 832 2780 καθ’
861 2725 928 2796 ἦν
953 2723 1076 2779 οὔτε
1111 2725 1354 2794 λέγεται,
1383 2724 1508 2778 οὔτε
1534 2728 1736 2778 νοεῖται
1756 2727 1797 2790 ί,
1825 2725 1950 2780 οὔτε

2051 2732 2276 2788 Sublata
2300 2733 2484 2802 itaque
2505 2745 2715 2787 summa
2738 2737 2794 2784 et
2811 2727 3120 2783 ahdicativa
3141 2726 3307 2782 Verbi
3329 2725 3625 2796 theologia,

373 2817 491 2872 ἔστι
520 2817 583 2870 τὸ
626 2815 846 2870 σύνολόν
876 2833 930 2870 τι
957 2815 1067 2870 τῶν
1112 2813 1302 2885 dna)"
1352 2816 1840 2887 συνεγνωσμὲνων,
1872 2817 1948 2883 ὡς

2050 2823 2352 2879 secundum
2384 2837 2548 2892 quam
2598 2836 2778 2890 neque
2823 2818 3030 2873 dicitur
3070 2833 3248 2887 neque
3281 2817 3627 2887 intelligitur,

372 2907 716 2980 ὑπερούσιος,
741 2906 863 2960 οὐδὲ
895 2907 998 2960 ῦπό
1026 2923 1170 2969 τινος
1188 2906 1438 2976 οὐδαμῶς
1461 2906 1586 2960 καθ’
1611 2907 1789 2961 ὁτιοῦν
1818 2925 1943 2978 μετ·

2048 2930 2229 2984 neque
2278 2921 2364 2968 est
2402 2913 2630 2968 omnino
2661 2910 2792 2980 quid
2843 2910 3005 2964 alicui
3035 2907 3382 2979 cognitorum
3428 2909 3633 2963 merito

369 2998 576 3068 ἔχεται,
621 2997 806 3050 πολλοὶ
859 2997 1009 3066 λόγοι
1051 2999 1080 3051 6
1129 2992 1210 3060 εἷς
1265 2997 1423 3066 λόγος
1457 2999 1596 3064 ἐστὶ,
1643 2999 1737 3054 καὶ
1775 2995 1856 3064 εἷς
1894 3001 1975 3077 οῐλ

2048 3005 2558 3077 superessentiale,
2593 3017 2773 3072 neque
2829 3016 2860 3054 a
2911 3000 3148 3070 quodam
3192 3001 3303 3054 ullo
3356 3000 3520 3054 modo
3571 3001 3631 3056 in

369 3087 557 3142 πολλοι
579 3104 594 3121 ο
621 3086 761 3142 κατὰ
805 3087 906 3158 μὲν
937 3087 1037 3158 τὴν
1077 3088 1436 3158 ἁγαθοπρεπῆ
1479 3091 1560 3154 εἰς
1586 3091 1652 3144 τά
1678 3089 1811 3145 ὄντα
1848 3090 1943 3145 τοῦ
1971 3086 1975 3095 ’

2049 3093 2234 3164 aliquo
2263 3091 2651 3163 participatur,
2685 3089 2870 3144 multa:
2894 3105 3072 3143 causa:
3101 3105 3208 3143 una
3241 3103 3406 3143 causa
3427 3097 3531 3154 est,
3572 3096 3629 3142 et

369 3177 490 3240 ἑνὸς
531 3177 827 3247 ποιητικήν
870 3193 932 3229 τε
959 3177 1052 3230 καὶ
1083 3179 1410 3248 συνεκτικὴν
1440 3179 1668 3248 πρόοδον
1699 3179 1886 3234 πολλοὶ
1916 3183 1945 3234 6

2051 3201 2159 3240 una
2187 3184 2392 3239 multm.
2421 3183 2556 3238 Nam
2588 3181 2894 3236 secundum
2935 3180 3135 3234 bonam
3164 3197 3228 3234 ac
3257 3179 3540 3249 pulchram
3573 3181 3634 3256 in.

369 3264 473 3334 εἷς,
512 3267 657 3321 κατὰ
685 3265 742 3319 δὲ
771 3265 872 3338 τὴν
911 3268 996 3330 εἰς
1035 3267 1126 3320 τὸν
1163 3265 1264 3321 ἕνα
1295 3267 1404 3320 τῶν
1436 3268 1651 3322 πολλῶν
1683 3271 1944 3342 ἐπιστρε-

2046 3290 2111 3330 ea
2139 3291 2261 3345 qua:
2301 3282 2429 3329 sunt
2459 3273 2628 3327 unius
2671 3280 2728 3326 et
2754 3271 3038 3326 factricem
3083 3280 3139 3325 et
3169 3272 3628 3326 continuatricem

367 3357 574 3428 πτικήν
612 3373 671 3410 τε
696 3356 793 3410 καὶ
821 3356 1230 3427 χειραγωγικὴν
1264 3357 1550 3430 ἀναφοράν
1579 3377 1640 3412 τε
1675 3360 1771 3414 καὶ
1813 3361 1946 3432 πρός

2046 3365 2459 3435 processionem
2489 3363 2676 3416 multa;
2715 3377 2857 3427 una;
2893 3376 2993 3430 per
3013 3374 3144 3414 vero
3189 3359 3243 3412 in
3278 3375 3448 3427 unum
3484 3360 3628 3414 mul-

369 3464 543 3512 νοιαν,
577 3447 770 3519 ὥσπερ
798 3449 881 3511 εἰς
911 3446 1088 3518 ἀρχὴν
1114 3449 1626 3520 παντοκρατορικὴν
1647 3448 1683 3522 ἢ
1719 3451 1946 3522 κέντρον

2046 3463 2236 3510 torum
2273 3454 2688 3509 conversoriam
2717 3461 2773 3508 et
2799 3451 3271 3506 manuductricem
3306 3452 3628 3522 relationem

364 3539 477 3594 τῶν
507 3539 568 3604 ἐξ
611 3539 780 3594 αὐτοῦ
825 3539 1054 3592 εὐθειῶν
1099 3538 1199 3602 τὰς
1248 3540 1424 3611 ἀρχὰς
1449 3541 1823 3612 προειληφδς⁸
1853 3545 1947 3596 καὶ

2130 3545 2566 3616 providentiam,
2614 3544 2766 3598 velut
2803 3543 2859 3597 in
2906 3541 3247 3612 principium
3279 3541 3630 3612 omnipotens
3711 3603 3717 3606 _

363 3628 441 3694 ὡς
483 3629 704 3684 πάντων
759 3629 1098 3696 συναγωγὺς.
1132 3623 1214 3691 εἷς
1265 3631 1315 3683 oi
1363 3629 1568 3684 πολλοί.
1617 3632 1794 3702 Μοῖρα
1851 3630 1946 3684 οῦν

2047 3646 2143 3694 aut
2202 3645 2453 3692 centrum
2505 3643 2780 3690 rectarum
2833 3649 2898 3688 ex
2943 3648 3010 3688 eo
3042 3633 3313 3687 linearum
3358 3631 3626 3704 principia

366 3719 536 3789 ἐσμεν
559 3720 654 3774 καὶ
677 3718 951 3788 λεγόμεθα
976 3717 1110 3772 Θεοῦ
1139 3717 1228 3771 διὰ
1252 3717 1312 3770 τὸ
1339 3720 1466 3782 τοὺς
1500 3718 1595 3773 τοῦ
1623 3715 1762 3772 εἶναι
1789 3720 1946 3790 ἡμῶν

2047 3729 2420 3800 perambiens,
2453 3735 2509 3781 et
2541 3727 2619 3781 sic
2643 3741 2837 3780 omnes
2871 3740 3230 3796 congregans,
3277 3741 3384 3778 una
3423 3725 3628 3782 multm.

365 3809 559 3882 λόγους
591 3813 650 3866 ὲν
673 3811 751 3882 τῷ
779 3809 900 3882 Θεῷ
933 3810 1341 3880 προῦφεστάναι
1359 3828 1374 3842 ο
1399 3810 1696 3883 ῥεόσαντες
1723 3811 1778 3864 δὲ
1805 3813 1945 3866 ἄνω-

2047 3822 2182 3876 Pars
2207 3819 2375 3890 igitur
2407 3832 2600 3872 sumus
2618 3825 2674 3870 ct
2700 3817 2940 3871 dicimur
2956 3817 3078 3881 Dei,
3111 3833 3178 3872 eo
3203 3817 3351 3887 quod
3377 3817 3631 3872 essentia:

366 3903 460 3960 θεν
505 3903 669 3959 πάλιν
711 3901 986 3972 λεγόμεθα
1030 3901 1167 3954 διότι
1211 3901 1284 3973 μὴ
1325 3902 1448 3955 καθ’
1493 3903 1551 3956 ὃν
1599 3903 1946 3974 γεγενήμεθα

2047 3918 2248 3972 nostra:
2287 3909 2530 3964 rationes
2559 3909 2613 3962 in
2634 3908 2748 3962 Deo
2779 3908 3205 3978 prtesubstituta’.
3239 3909 3375 3974 sint;
3399 3909 3635 3964 ﬂuentes

366 3995 524 4066 λόγον
553 3995 646 4048 τὸν
670 3997 730 4048 ἑν
750 3992 829 4075 τῶ
859 3991 981 4062 Θεῷ
1025 3993 1266 4064 προόντα
1297 3993 1656 4065 κεκινήμεοα.
1686 3995 1795 4048 Καὶ
1821 3994 1945 4049 καθ’

2047 4017 2182 4056 vero
2219 4000 2508 4054 desursum
2566 3999 2766 4053 iterum
2807 3999 3066 4064 dicimur,
3106 4015 3173 4054 eo
3211 4000 3358 4069 quod
3409 4016 3519 4054 non
3547 4016 3633 4056 se-

365 4085 553 4158 ῑτερον
580 4085 636 4140 δὲ
663 4084 866 4155 τρόπον
897 4083 1047 4136 ἐστὶν
1071 4083 1315 4154 εὐμαρὲς
1344 4083 1424 4153 τῷ
1447 4082 1687 4146 εὐσεϐῶς
1720 4083 1947 4138 ἐπιϐάλ-

2049 4091 2293 4147 cundum
2323 4092 2379 4146 in
2417 4091 2530 4144 Deo
2561 4090 3072 4160 praesubsistentcm
3095 4105 3315 4145 causam
3344 4075 3444 4160 per
3467 4106 3632 4160 quam

363 4177 478 4232 λειν
511 4179 627 4240 τοῖς
665 4175 776 4228 τῶν
822 4173 994 4228 ὄντων
1031 4173 1215 4242 λόγοις
1260 4173 1630 4244 δεδιδαγμένῳ
1672 4173 1768 4228 τὸν
1817 4174 1948 4246 περὶ

2049 4181 2179 4237 facti
2201 4195 2392 4236 sumus
2411 4181 2545 4234 moti
2565 4181 2788 4234 fuimus.
2816 4179 3134 4236 Secundum
3156 4181 3388 4236 alterum
3411 4198 3633 4252 quoque

365 4269 558 4324 τούτου
584 4267 741 4337 λόγον
764 4265 1082 4330 διεξελθεῖν.
1115 4267 1178 4319 Ei
1205 4266 1314 4338 γὰρ
1343 4265 1501 4320 οὐσία
1523 4266 1622 4335 τῆς
1648 4265 1706 4319 ὲν
1734 4261 1948 4337 ἑκάστῳ

2050 4273 2276 4328 modum
2309 4273 2468 4328 facile
2508 4281 2592 4327 est
2618 4272 2708 4342 pie
2747 4287 2929 4326 amare
2955 4287 3147 4326 eorum
3185 4288 3308 4342 quas
3345 4281 3474 4326 sunt
3499 4288 3631 4328 cau-

367 4360 570 4432 ἀρετῆς
603 4361 633 4412 6
667 4351 747 4422 εἷς
790 4357 1063 4428 ὑπάρχειν
1093 4357 1266 4426 Λόγος
1297 4355 1392 4416 τοῦ
1429 4356 1566 4410 Θεοῦ
1597 4357 1672 4427 μὴ
1702 4357 1964 4436 ἀμφιϐἐί

2049 4377 2165 4418 sam
2197 4363 2420 4418 erudito
2453 4363 2520 4418 de
2548 4363 2656 4418 hoc
2690 4363 2960 4417 rationem
2990 4377 3339 4432 percurrere.
3377 4361 3436 4417 Si
3481 4361 3632 4415 enim

367 4451 650 4521 ὄληται-
665 4449 824 4504 οὐσία
851 4449 963 4520 γάρ
985 4449 1207 4502 πάντων
1231 4447 1340 4501 τῶν
1363 4447 1574 4520 ἀρετῶν
1603 4449 1766 4512 αὐτός
1793 4450 1943 4503 ἐστιν

2047 4455 2343 4510 essentiam
2379 4453 2683 4524 unicuique
2722 4454 2952 4508 virtutis
2982 4469 3153 4508 unum
3193 4453 3498 4508 subsistere
3536 4454 3631 4508 Dei

366 4545 398 4598 6
444 4543 652 4614 Κύριος
690 4542 851 4613 ἡμῶν
891 4538 1099 4612 Ἰησοῦς
1151 4539 1427 4610 Χριστὸς,
1455 4537 1552 4604 οώς
1592 4540 1936 4610 γέγραπταιο

2047 4544 2290 4600 Verbum
2316 4559 2426 4597 non
2463 4543 2749 4597 dubitatur
2779 4542 2926 4616 (nam
2965 4543 3209 4598 essentia
3247 4544 3492 4598 omnium
3520 4545 3633 4598 vir—

371 4636 478 4702 Ὃς
525 4633 779 4705 ἐγενήθη
821 4633 967 4702 ἡμῖν
993 4631 1114 4688 ἀπὸ
1158 4630 1308 4686 Θεοῦ
1345 4632 1554 4701 σοφία,
1578 4631 1936 4700 δικαιοσύνη

2048 4644 2230 4690 tutum
2259 4635 2376 4704 ipse
2411 4645 2494 4690 εει
2520 4633 2788 4689 Dominus
2819 4643 3010 4693 noster
3039 4643 3094 4690 et
3114 4635 3263 4690 Deus
3286 4635 3446 4690 Jesus
3476 4634 3636 4692 Chri-

367 4739 432 4777 τε
465 4723 563 4777 καὶ
593 4721 886 4792 ἁγιασμὸς
906 4723 1003 4776 καὶ
1029 4723 1471 4790 ἀπολύτρωσις,
1496 4723 1782 4790 ἀπολύτως
1809 4725 1940 4780 ταῦρ-

2047 4737 2187 4795 stus,
2231 4729 2374 4782 sicut
2401 4727 2666 4798 scriptum
2687 4735 2773 4782 est
2805 4745 2818 4780 :
2847 4725 2949 4792 Qui
2979 4728 3260 4797 factasest
3285 4727 3432 4782 nobis
3462 4745 3494 4781 a
3527 4727 3635 4782 Dea

364 4829 434 4868 τα
473 4813 658 4886 (125
681 4814 737 4883 a)
769 4813 971 4884 δηλαδή
1007 4813 1094 4867 ἐπ’
1127 4812 1293 4866 αὑτοῦ
1331 4813 1602 4886 λεγόμενα
1649 4815 1809 4888 ἔχων,
1861 4817 1938 4882 ὡς

2038 4821 2302 4892 sapientia
2351 4829 2399 4873 et
2429 4819 2646 4890 justitia
2691 4828 2741 4873 et
2784 4817 3135 4887 sanctiﬁcatio
3184 4826 3235 4870 et
3274 4819 3562 4888 redemptio
3579 4829 3633 4884 ιι,

364 4905 665 4976 αὐτοσοφία
713 4905 809 4958 καὶ⁷
848 4903 1169 4975 δικαιοσύνη
1209 4905 1306 4958 καὶ
1337 4906 1564 4978 ἁγιότης
1601 4906 1698 4974 ὢν,
1724 4909 1818 4962 καὶ
1844 4909 1944 4980 οὐχ

2043 4910 2291 4980 profecto
2311 4910 2428 4966 haec
2453 4925 2575 4980 quae.
2601 4909 2747 4965 dicta
2775 4916 2905 4964 sunt
2934 4909 3184 4966 absolute
3212 4909 3269 4964 in
3323 4911 3516 4980 seipso
3540 4911 3637 4966 ha-

362 4995 442 5060 ὥς
459 4997 543 5066 ἐφ’
559 4995 717 5066 ἡμῶν
739 4994 1280 5066 προσδιωρισμὲνως,
1309 4989 1420 5048 οἷον
1447 4997 1522 5059 ὠς
1551 4995 1713 5067 σοφὸς
1739 4997 1948 5070 ἄνθρω-

2040 5001 2276 5073 hetjure
2313 5001 2407 5072 qui
2430 5011 2516 5056 est
2539 5015 2638 5070 per
2671 5015 2730 5056 se
2759 4999 3030 5070 sapientia
3064 5007 3120 5056 et
3154 5000 3371 5071 justitia
3405 5007 3462 5056 et
3503 5016 3634 5055 san-

365 5100 489 5151 πος,
525 5085 562 5157 ἤ
581 5085 792 5148 δίκαιος
821 5085 1128 5156 ἄνθρωπος,
1149 5110 1216 5124 -—
1238 5086 1349 5150 πᾶς
1387 5085 1628 5156 δηλονότι
1656 5087 1944 5157 ἄνθρωπος

2045 5093 2228 5158 ctitas,
2261 5101 2320 5150 et
2346 5109 2458 5148 non
2497 5093 2645 5148 sicut
2667 5093 2724 5148 in
2753 5092 2918 5148 nobis
2942 5107 3068 5147 cum
3099 5091 3446 5157 deﬁnitione,
3475 5091 3639 5146 verbi

365 5176 570 5246 ἀρετῆς
619 5174 744 5229 καθ’
790 5175 905 5242 ῑξιν
952 5174 1159 5244 παγίαν
1215 5176 1462 5247 μετέχων
1513 5179 1946 5249 ἀναμφηρῑστως

2045 5183 2245 5255 gratia,
2279 5184 2426 5240 sicut
2453 5184 2674 5255 sapiens
2703 5183 2870 5238 homo
2897 5193 2995 5239 aut
3026 5185 3210 5256 justus
3243 5181 3433 5255 homo)
3477 5200 3490 5236 :
3519 5199 3637 5237 om-

371 5265 506 5319 Θεοῦ
535 5265 754 5337 μετέχει
797 5267 896 5337 τῆς
937 5265 1128 5329 οὐσίας
1160 5267 1270 5321 τῶν
1297 5268 1529 5339 ἀρετῶν,
1559 5268 1635 5334 ὡς
1675 5271 1776 5341 τὴν
1802 5271 1944 5326 κατὰ

2044 5275 2136 5330 nis
2192 5275 2438 5345 profecto
2485 5275 2653 5331 homo
2706 5276 2971 5331 virtutem
3017 5275 3323 5332 secundum
3383 5275 3637 5331 habitum

442 5389 480 5416 π’
509 5378 656 5437 Psal.
697 5395 824 5446 nx,
860 5379 914 5444 5,
990 5390 1016 5418 ιι
1051 5379 1224 5436 lCor.
1270 5399 1308 5448 ι,
1341 5382 1430 5438 '50.

1678 5457 1910 5514 VARIE
1939 5457 2340 5518 LECTIONES.

369 5540 492 5665 cat
525 5539 785 5612 ἐμμέτρῳ
846 5541 908 5595 τὸ
971 5542 1251 5616 άμμετρον
1286 5545 1375 5601 ed.
1409 5546 1526 5603 Gal.
1607 5548 1761 5604 ὀὔτ’
1817 5554 2078 5630 ἐννοεῖται
2145 5554 2232 5609 ed.
2267 5553 2386 5610 Gal.
2471 5555 2688 5611 ’ἄλλων
2745 5554 2834 5613 ed.
2900 5556 3019 5614 Gal.
3098 5557 3118 5589 ³
3164 5555 3508 5631 προειληφὼς
3539 5553 3633 5618 ed.
