4066 6150
402 217 539 278 1083

1547 227 1606 286 8.
1647 228 1936 291 ΜΑΧΙΜΙ
1973 231 2482 294 CONFESSORIS

3518 234 3659 300 1084

402 332 566 386 fixum
586 333 938 402 participans,
964 335 1082 390 sine
1099 337 1455 408 ambiguitate
1469 341 1642 398 Deum
1661 348 1978 416 participat,

2095 345 2246 418 γεῦσιν
2283 348 2493 422 σπορὰν
2518 347 2613 403 τοῦ
2644 346 2853 418 ἀγαθοῦ
2885 348 3121 420 γνησίως
3147 349 3288 404 κατά
3324 352 3660 424 προαίρεσιν

399 423 698 477 essentiam
762 425 1030 478 virtutum
1078 427 1250 481 veluti
1287 432 1556 488 naturalis
1607 450 1795 490 semen
1843 437 1975 492 boni

405 513 641 567 ﬁdeliter
671 528 770 582 per
793 514 1136 571 voluntatem
1163 519 1377 585 colens,
1404 531 1461 576 et
1496 523 1551 578 id
1585 525 1764 595 ipsum
1790 536 1976 582 osten-

404 601 541 654 dens
570 601 842 670 principio
875 601 1036 658 linem
1059 614 1114 659 et
1145 606 1473 677 principium
1498 611 1611 677 ﬁni,
1647 615 1818 685 magis
1847 630 1977 670 vero

406 692 461 745 id
497 693 673 761 ipsum
707 695 1042 764 principium
1078 713 1200 752 esse
1229 708 1285 753 et
1318 701 1511 768 finem,
1547 706 1706 774 quasi
1749 722 1979 763 securus

317 841 326 854 .
403 783 576 837 Deum
607 785 954 842 constituens
982 789 1371 857 concionator;
1398 794 1672 864 siquidem
1709 799 1979 855 universa:

406 875 484 928 rei
517 874 844 945 principium
865 886 921 931 et
949 879 1112 934 finem
1145 882 1237 950 qui
1268 882 1321 936 in
1373 885 1557 955 seipso
1587 888 1760 954 videt,
1798 891 1979 946 subsi-

409 972 556 1020 stere
593 967 770 1021 credit
795 985 807 1020 :
834 969 1170 1040 principium
1198 973 1446 1040 quidem,
1476 979 1632 1045 quasi
1673 979 1801 1034 inde
1831 982 1978 1035 acci-

409 1055 567 1126 piens
609 1066 664 1111 et
709 1059 1008 1113 essentiam
1057 1076 1157 1130 per
1204 1064 1682 1133 participationem
1729 1073 1981 1126 naturale

410 1146 644 1213 bonum;
687 1149 849 1202 linem
890 1165 1022 1204 vero
1063 1153 1235 1207 veluti
1281 1171 1380 1224 per
1410 1159 1779 1227 cognitionem
1809 1161 1982 1231 ipsius

408 1237 665 1308 principii
712 1248 767 1292 et
814 1242 1142 1309 appetitum,
1168 1244 1523 1312 laudabilem,
1557 1251 1623 1303 ad
1656 1251 1835 1320 ipsum
1863 1254 1981 1308 sine

409 1343 601 1384 errore
644 1330 938 1384 ducentem
971 1347 1094 1386 eum
1147 1334 1502 1393 festinatione
1533 1340 1826 1408 perliciens
1858 1359 1985 1398 cur-

413 1434 557 1482 sum,
590 1435 688 1489 per
730 1436 893 1489 quem
941 1420 1001 1475 ﬁt
1042 1423 1209 1489 Deus,
1256 1442 1323 1480 ex
1363 1428 1476 1482 Deo
1503 1429 1648 1484 Deus
1683 1445 1804 1486 esse
1843 1436 1986 1488 acci-

413 1510 606 1579 piens;
650 1513 848 1566 merito
876 1514 1180 1568 secundum
1221 1516 1514 1588 imaginem
1546 1523 1782 1576 naturali
1815 1523 1982 1591 bono,

415 1602 724 1666 voluntate,
767 1619 864 1672 per
905 1605 1142 1661 virtutes
1174 1607 1384 1663 addens
1424 1611 1848 1669 similitudinem
1887 1632 1986 1686 per

418 1691 638 1748 insitam
687 1694 754 1749 ad
793 1697 1078 1766 preprium
1131 1699 1468 1770 principium
1509 1676 1906 1762 ascensionem.
1933 1717 1990 1764 et
2021 1676 2063 1732 Β

405 1786 870 1851 familiaritatem.
901 1790 968 1845 Et
1001 1790 1264 1860 impletur
1287 1793 1356 1848 de
1389 1805 1589 1851 caetero
1619 1798 1673 1852 in
1704 1799 1824 1869 ipso
1859 1815 1990 1870 apo-

419 1880 648 1934 stolicus
677 1895 878 1944 sermo,
902 1881 1094 1938 dicens
1121 1901 1134 1936 :
1167 1881 1232 1937 In
1250 1886 1362 1954 ipso
1393 1888 1533 1940 enim
1552 1890 1772 1944 vivimus
1802 1899 1851 1944 et
1873 1907 1988 1944 mo-

418 1986 602 2024 vemur
625 1978 673 2024 et
707 1989 886 2026 sumus
905 1980 952 2025 ο.
981 1973 1068 2026 Fit
1096 1975 1243 2028 enim
1264 1976 1321 2030 in
1347 1977 1460 2031 Deo
1487 1993 1584 2048 per
1607 1981 1990 2035 excellentiam

419 2061 932 2118 ante-exsistentem
996 2061 1052 2116 in
1083 2064 1197 2118 Deo
1256 2066 1508 2120 essentia;
1560 2068 1828 2123 rationem
1879 2085 1992 2124 non

420 2165 805 2221 corrumpens,
838 2161 894 2206 et
919 2163 1171 2208 movetur
1194 2155 1250 2208 in
1295 2156 1406 2210 Deo
1437 2158 1742 2212 secundum
1782 2174 1991 2230 praece-

420 2241 644 2297 dentem
693 2241 747 2296 in
789 2243 902 2298 Deo
937 2244 1077 2299 bene
1125 2260 1247 2301 esse
1289 2248 1580 2315 rationem,
1628 2265 1727 2320 per
1757 2252 1993 2307 virtutes

420 2347 674 2403 operans,
707 2341 763 2389 et
783 2335 918 2388 vivit
941 2335 995 2389 in
1024 2336 1136 2392 Deo
1174 2338 1480 2392 secundum
1504 2341 1907 2409 praecedentem
1935 2342 1994 2396 in

421 2424 533 2480 Deo
560 2441 779 2495 semper
811 2441 931 2481 esse
962 2427 1252 2481 rationem.
1294 2429 1395 2484 Hic
1417 2431 1640 2500 quidem
1660 2433 1770 2502 jam
1797 2448 1995 2488 secun-

422 2512 555 2567 dum
584 2513 973 2582 impassibilem
1000 2515 1158 2569 valde
1183 2517 1433 2570 habitum
1473 2518 1528 2571 id
1562 2519 1742 2588 ipsum
1774 2521 1998 2576 sibimet

423 2612 477 2657 et
504 2603 962 2659 incommotabilis
981 2615 1092 2671 est;
1123 2606 1176 2660 in
1202 2608 1390 2662 futuro
1411 2625 1540 2664 vero
1576 2611 1776 2668 saeculo
1798 2627 1998 2668 secun-

423 2694 553 2748 dum
581 2693 763 2749 datam
799 2695 1039 2760 theosin,
1091 2696 1144 2749 id
1189 2705 1273 2751 est
1303 2698 1738 2767 deiﬁcationem,
1794 2704 1996 2772 praedi-

426 2795 545 2840 ctas
591 2786 648 2838 in
700 2786 810 2839 Deo
864 2787 1256 2843 antecedentes
1303 2806 1535 2868 causas,
1594 2795 1767 2864 magis
1812 2805 1996 2850 autem

427 2875 623 2939 Deum,
667 2868 728 2929 in
757 2892 868 2944 quo
911 2892 1091 2932 causae
1138 2878 1409 2933 bonorum
1442 2882 1674 2951 praefixa:
1726 2894 1886 2949 sunt,
1937 2885 1996 2938 in

2079 443 2406 514 γεωργήσας
2438 441 2534 497 καὶ
2552 441 2749 494 ταυτὸν
2773 440 2953 506 δείξας
2978 443 3047 510 τῇ
3077 440 3216 510 ἀρχῇ
3250 441 3310 494 τὸ
3339 442 3520 510 τέλος,
3554 443 3658 498 καὶ

2078 531 2177 602 τὴν
2205 535 2382 605 ἀρχὴν
2411 534 2490 604 τῷ
2526 533 2689 598 τέλει,
2724 532 2924 603 μᾶλλον
2953 531 3009 584 δὲ
3054 532 3252 586 ταυτὸν
3281 534 3460 603 ἀρχὴν
3485 530 3664 589 οὖσαν

2079 626 2174 678 καὶ
2214 625 2389 689 τέλος,
2421 627 2497 689 ὠς
2525 624 2810 687 ἀνόθευτος
2835 623 2971 678 Θεοῦ
2999 623 3284 693 τυγχάνων
3325 625 3657 694 συνήγορος,

2079 710 2238 784 εἰπερ
2268 713 2468 776 παντὸς
2498 712 2822 784 πράγματος
2848 711 2989 782 ἀρχὴ
3019 712 3114 764 καὶ
3135 711 3286 774 τέλος
3310 714 3342 764 ’ὕ
3379 712 3467 766 ἐπ’
3502 711 3661 780 αὒτῷ

2081 803 2287 867 σκοπὸς
2315 803 2584 874 ὑπάρχειν
2626 801 3006 866 πεπίστευται,
3038 801 3137 871 τὴν
3171 803 3269 872 μὲν
3322 801 3397 864 ὡς
3441 803 3662 855 ἐκεῖθεν

2081 892 2319 962 εἰληφὼς
2343 894 2478 966 πρὸς
2506 892 2583 963 τῷ
2616 888 2755 946 εἶναι
2781 893 2877 945 καὶ
2903 890 3000 944 τὸ⁸
3028 891 3165 945 κατὰ
3194 890 3410 962 μέθεξιν
3444 891 3605 960 φύσει
3629 893 3653 925 ⁵

2080 983 2308 1050 ἀγαθὸν,
2344 983 2404 1036 τὸ
2429 983 2484 1036 δὲ
2507 982 2580 1044 ὡς
2606 983 2728 1035 κατ’
2759 981 2928 1052 αὐτὴν
2952 980 3147 1051 γνώμῃ
3177 997 3237 1032 τε
3271 981 3368 1033 καὶ
3392 981 3664 1050 προαιρέ-

2083 1091 2166 1126 σει
2213 1074 2303 1126 τὸν
2354 1073 2638 1126 ἐπαινετὸν
2671 1073 2765 1125 καὶ
2809 1072 2946 1141 πρὸς
2972 1070 3140 1141 αὐτὴν
3167 1071 3423 1135 ἀπλανῶς
3451 1071 3663 1139 ἄγοντα.

2081 1161 2346 1227 ἐξανύσας
2363 1163 2382 1194 ⁸
2411 1162 2611 1232 δρόμον
2638 1161 2726 1215 διὰ
2758 1161 3014 1231 σπουδῆς,
3040 1161 3162 1214 καθ’
3183 1162 3240 1215 ὂν
3268 1162 3474 1230 γίνεται
3497 1163 3664 1226 Θεὸς,

2083 1253 2148 1304 ἐκ
2173 1251 2269 1304 τοῦ
2303 1250 2440 1304 Θεοῦ
2477 1251 2540 1304 τὸ
2571 1251 2705 1314 Θεὸς
2754 1246 2895 1305 εἰναι
2940 1251 3257 1322 λαμϐάνων,
3288 1253 3365 1317 ὡς
3389 1253 3506 1324 τῷτ
3533 1253 3664 1306 κατ’

2083 1345 2268 1396 εἰκόνα
2313 1343 2476 1411 φύσει
2528 1341 2680 1412 καλῷ
2709 1343 2804 1395 καὶ
2851 1344 3171 1413 προαιρέσει
3205 1343 3302 1414 τὴν
3338 1343 3406 1396 δι’
3441 1343 3666 1414 ἀρετῶν

2085 1433 2346 1503 προσθεὶς
2379 1431 2722 1503 ἐξομοίωσιν,
2772 1431 2861 1485 διὰ
2923 1432 3026 1502 τῆς
3070 1433 3313 1504 ἐμφύτου
3367 1434 3504 1504 πρὸς
3556 1433 3668 1504 τὴν

2089 1524 2228 1578 ἰδίαν
2257 1525 2431 1594 ἀρχὴν
2457 1522 2773 1587 ἀναϐάσεως
2799 1541 2858 1578 τε
2881 1524 2975 1578 καὶ
3001 1523 3352 1594 οἰκειότητος.
3382 1524 3494 1576 Καὶ
3521 1524 3667 1592 πλη-

2091 1613 2278 1682 ροῦται
2305 1612 2490 1666 λοιπὸν
2512 1613 2605 1664 καὶ
2631 1611 2718 1664 ἐπ’
2749 1611 2896 1681 αύτῷ
2927 1612 2988 1665 τὸ
3013 1611 3370 1666 ἀποστολικὸν
3401 1612 3565 1681 ῥητὸν
3597 1611 3667 1664 τὸ

2091 1703 2299 1770 φάσκον
2318 1717 2330 1731 ·
2378 1700 2475 1755 Ἐν
2504 1699 2662 1765 αὐτῷ
2694 1702 2802 1770 γὰρ
2835 1699 3021 1770 ζῶμεν
3064 1701 3163 1756 καί
3206 1702 3527 1769 κινούμεθα
3558 1700 3663 1753 καὶ

2091 1792 2299 1862 ἐσμέν.
2331 1793 2546 1846 Γίνεται
2574 1793 2683 1862 γὰρ
2717 1794 2775 1844 ἐν
2801 1791 2878 1861 τῷ
2902 1791 3020 1862 Θεῷ
3043 1791 3131 1845 διά
3163 1791 3456 1862 προσοχῆς,
3479 1791 3573 1845 τὸν
3603 1794 3668 1844 ἐν

2089 1885 2169 1956 τῷ
2200 1885 2320 1955 Θεῷ
2362 1884 2601 1956 προόντα
2640 1883 2735 1936 τοῦ
2783 1878 2923 1936 εἶναι
2961 1882 3118 1950 λόγον
3150 1882 3225 1952 μὴ
3258 1882 3667 1952 παραφθείρας,

2091 1977 2184 2028 καὶ
2208 1978 2436 2028 κινεῖται
2465 1976 2524 2026 ἐν
2553 1973 2631 2043 τῷ
2661 1973 2779 2044 Θεῷ
2805 1971 2949 2026 κατὰ
2978 1972 3068 2026 τὸν
3096 1974 3335 2042 προόντα
3360 1974 3418 2026 ἐν
3439 1972 3516 2042 τῷ
3541 1971 3669 2044 Θεῷ

2089 2065 2185 2120 τοῦ
2221 2065 2281 2120 εῦ
2316 2061 2456 2120 εἶναι
2494 2064 2671 2130 λόγον,
2706 2064 2795 2118 διὰ
2839 2063 2947 2117 τῶν
2984 2064 3197 2134 ἀρετῶν
3249 2065 3662 2136 ἐνεργούμενος,

2092 2155 2189 2209 καὶ
2219 2153 2286 2226 ζῇ
2322 2157 2380 2208 ἐν
2415 2154 2494 2225 τῷ
2531 2153 2652 2221 Θεῷ
2685 2153 2827 2206 κατὰ
2852 2153 2944 2206 τὸν
2973 2153 3209 2223 προόντα
3239 2155 3296 2206 ἐν
3318 2151 3395 2222 τῷ
3421 2153 3537 2222 Θεῷ
3567 2151 3668 2206 τοῦ

2093 2246 2183 2299 ἀεὶ
2215 2241 2353 2298 εἶναι
2383 2245 2561 2312 λόγον.
2603 2241 2884 2297 Ἐντεῦθεν
2928 2243 3027 2314 μὲν
3070 2243 3172 2312 ήδη
3205 2242 3348 2295 κατὰ
3375 2244 3476 2312 τὴν
3520 2243 3670 2296 ἀπαο

2094 2336 2362 2407 θεστάτην
2404 2337 2518 2404 ἕξιν
2543 2334 2740 2389 ταυτὸν
2770 2333 2948 2405 ἐαυτῷ
2980 2335 3074 2388 καὶ
3111 2333 3365 2403 ἀκίνητος
3393 2333 3488 2396 ὣν,
3523 2335 3579 2385 ἐν
3609 2333 3666 2386 δέ

2093 2429 2171 2501 τῷ
2209 2429 2456 2500 μέλλοντι
2496 2429 2652 2481 αἰῶνι
2692 2426 2836 2480 κατά
2865 2426 2963 2498 τὴν
2993 2425 3366 2498 δοθησομένην
3403 2425 3584 2496 (125
3610 2424 3666 2493 ί»)

2095 2521 2290 2575 θέωσιν
2336 2521 2462 2584 τοὺς
2504 2518 2834 2589 εἰρημένους
2888 2517 2982 2571 καὶ
3036 2517 3095 2570 ἐν
3134 2517 3211 2586 τῷ
3253 2516 3372 2587 Θεῷ
3400 2517 3670 2586 προόντας

2094 2613 2307 2682 λόγους,
2343 2612 2540 2683 μᾶλλον
2570 2610 2627 2662 δὲ
2652 2611 2741 2664 τὸν
2769 2609 2922 2674 Θεὸν,
2953 2610 3012 2661 ἐν
3041 2601 3086 2676 ᾧ
3110 2609 3160 2661 οἰ
3191 2607 3339 2677 λόγοι
3357 2609 3464 2661 τῶν
3488 2608 3673 2661 καλῶν

2095 2705 2432 2775 πεπήγασιν,
2461 2700 2826 2770 ἀγαπητικῶς
2859 2701 3104 2770 στέργων
3128 2699 3224 2752 καὶ
3253 2699 3668 2766 ἀσπαζόμενος·

2097 2797 2195 2850 καὶ
2226 2794 2341 2847 ἐστι
2387 2795 2550 2864 μοῖρα
2573 2791 2733 2856 Θεοῦ,
2763 2792 2839 2856 ὡς
2863 2791 2960 2856 ὣν,
2990 2790 3078 2843 διά
3104 2789 3195 2842 τὸν
3225 2791 3283 2844 ἐν
3318 2789 3394 2860 τῷ
3422 2789 3542 2858 Θεῷ
3570 2787 3674 2842 τοῦ

2098 2883 2240 2940 εἰναι
2297 2884 2461 2938 αὐτοῦ
2516 2883 2697 2952 λόγον,
2732 2883 2829 2936 καὶ
2880 2881 2955 2944 ὼς
2986 2879 3212 2950 ἀγαθὸς,
3245 2879 3335 2932 διὰ
3381 2878 3473 2932 τὸν
3509 2881 3566 2932 ὲν
3591 2879 3676 2949 τῷ

427 2967 699 3022 charitate
727 2982 916 3021 amans
938 2975 994 3022 et
1028 2968 1402 3034 salutaturus;
1434 2979 1491 3024 et
1518 2980 1603 3026 est
1629 2988 1756 3042 pars
1783 2975 1900 3040 Dei,
1937 2981 1996 3028 ut

2100 2976 2220 3047 Θεῷ
2258 2974 2351 3029 τοῦ
2379 2970 2436 3028 εῦ
2470 2971 2608 3027 εἶναι
2640 2972 2803 3026 αὐτοῦ
2829 2971 3007 3039 λόγον,
3046 2971 3140 3024 καὶ
3185 2971 3260 3033 ὡς
3289 2969 3441 3032 Θεὸς,
3469 2969 3559 3022 διὰ
3579 2969 3677 3023 τὸν

395 3085 398 3088 λ
429 3067 515 3114 est
541 3073 641 3128 per
663 3058 915 3112 essentiae
947 3073 1058 3112 sua:
1088 3058 1142 3112 in
1170 3058 1281 3114 Deo
1317 3060 1582 3114 rationem
1605 3101 1619 3126 ,
1650 3070 1707 3116 et
1738 3072 1800 3117 ut
1821 3063 1996 3118 bonus

2101 3072 2160 3123 ἐν
2190 3067 2269 3139 τῷ
2319 3066 2440 3137 Θεῷ
2482 3065 2579 3120 τοῦ
2625 3065 2714 3118 ἀεὶ
2755 3061 2897 3117 εἷναι
2936 3062 3099 3115 αὑτοῦ
3144 3061 3320 3130 λόγον,
3351 3060 3427 3124 ὡς
3451 3060 3677 3125 τούτους

430 3166 531 3221 per
565 3149 705 3204 bene
737 3149 955 3203 essendi
992 3150 1049 3203 in
1088 3150 1200 3204 Deo
1227 3150 1516 3219 rationem,
1547 3161 1603 3207 et
1632 3161 1689 3207 ut
1721 3154 1866 3209 Deus
1902 3170 2003 3224 per

432 3256 651 3312 semper
675 3241 894 3296 essendi
930 3243 1202 3297 rationem
1223 3283 1238 3307 ,
1272 3245 1472 3299 merito
1502 3259 1594 3299 eas
1640 3245 1917 3302 honorans
1949 3255 2006 3302 et

433 3331 736 3391 Secundum
776 3349 870 3389 eas
909 3349 1168 3404 operans,
1237 3345 1294 3391 et
1323 3352 1425 3407 per
1471 3353 1565 3392 eas
1606 3340 1844 3410 seipsum
1881 3341 2006 3408 qui-

435 3427 559 3481 dem
581 3427 695 3481 Deo
739 3425 840 3480 soli
885 3441 983 3495 per
1019 3433 1195 3480 totum
1224 3427 1516 3483 inserens:
1552 3429 1722 3484 Deum
1747 3414 2006 3500 veniso-

435 3520 548 3573 lum
585 3517 807 3572 sibimet
843 3532 944 3587 per
969 3525 1145 3572 totum
1176 3527 1233 3573 et
1279 3521 1584 3591 imaginans
1633 3531 1690 3577 et
1728 3523 2004 3588 formans,

437 3611 513 3666 ita
544 3621 607 3668 ut
636 3618 692 3665 et
725 3609 842 3678 ipse
895 3608 966 3663 sit
989 3610 1165 3680 gratia
1198 3619 1253 3664 et
1284 3621 1515 3666 vocetur
1556 3612 1721 3679 Deus,
1767 3621 1824 3668 et
1862 3614 2008 3669 Deus

438 3704 512 3758 sit
541 3699 1009 3756 condescensione
1065 3711 1119 3756 et
1151 3719 1252 3772 per
1300 3719 1359 3757 se
1410 3711 1640 3759 vocetur
1688 3705 1891 3769 homo,
1953 3712 2009 3758 et

438 3802 633 3847 mutuo
680 3791 734 3844 in
775 3790 880 3845 hoc
923 3790 1122 3846 affectu
1156 3793 1478 3848 ostendatur
1515 3795 1725 3856 virtus,
1783 3812 1904 3865 qua:
1953 3805 2009 3852 et

440 3879 720 3938 hominem
770 3879 883 3932 Deo
931 3894 1029 3947 per
1069 3879 1318 3934 divinum
1367 3897 1616 3936 amorem
1664 3883 1908 3948 demeat,
1953 3893 2011 3940 et

437 3971 611 4029 Deum
640 3970 846 4026 homini
893 3985 991 4041 per
1023 3970 1328 4026 humanum
1361 3987 1606 4026 amorem
1658 3972 2007 4041 inhumanat,

437 4074 496 4120 et
537 4062 672 4118 facit
725 4077 824 4131 per
857 4061 1058 4116 bonam
1107 4063 1528 4118 conversionem
1561 4064 1737 4120 Deum
1781 4065 2009 4134 quidem

440 4156 722 4210 hominem
756 4169 855 4223 per
899 4153 1143 4208 hominis
1180 4154 1606 4222 deificationem,
1642 4164 1698 4210 et
1731 4156 2012 4213 hominem

440 4243 614 4313 Deum
638 4271 735 4327 per
768 4255 861 4309 Dei
896 4254 1425 4309 inhumanationem.
1450 4253 1581 4308 Vult
1613 4255 1760 4308 enim
1796 4270 2013 4326 semper

2102 3162 2340 3232 τιμήσας
2385 3158 2477 3212 καὶ
2521 3155 2640 3210 κατ’
2673 3155 2873 3219 αὐτοὺς
2911 3155 3236 3223 ἐνεργήσας,
3269 3154 3363 3206 καὶ
3403 3152 3468 3206 δι’
3495 3151 3682 3206 αὐτῶν

2103 3252 2296 3307 ἐαυτὸν
2330 3250 2428 3320 μὲν
2459 3249 2535 3318 τῷ
2561 3248 2679 3316 Θεῷ
2720 3247 2867 3317 μόνῳ
2899 3246 2964 3300 δι’
2989 3247 3110 3299 ὅλου
3148 3245 3459 3314 ἐνθέμενος,
3486 3244 3579 3296 τὸν
3616 3243 3682 3296 δὲ

2104 3341 2236 3395 Θεὸν
2271 3341 2430 3411 μόνον
2480 3339 2660 3408 ἐαυτῷ
2686 3337 2751 3390 δι’
2787 3337 2911 3390 ὅλου
2942 3334 3262 3395 ἐντυπώσας
3297 3350 3356 3386 τε
3411 3333 3508 3386 καί
3545 3349 3683 3404 μορ-

2107 3431 2316 3502 φώσας.
2360 3430 2500 3484 ὥστε
2543 3430 2636 3481 καὶ
2677 3427 2839 3481 αὑτὸν
2885 3421 3026 3479 εῖναί
3055 3443 3116 3478 τε
3145 3425 3330 3494 χάριτι
3358 3424 3451 3476 καὶ
3491 3422 3682 3476 καλεῖ-

2109 3525 2231 3577 σθαι
2259 3521 2412 3586 Θεὸν,
2439 3520 2536 3573 καὶ
2568 3519 2658 3572 τὸν
2690 3517 2824 3570 Θεὸν
2856 3510 2997 3570 εἷναί
3038 3532 3101 3567 τε
3147 3513 3555 3582 συγκαταῦάσει
3583 3514 3685 3567 καὶ

2107 3612 2388 3668 καλεῖσθαι
2410 3611 2478 3664 δι’
2513 3609 2675 3663 αὑτὸν
2705 3606 3016 3678 ἄνθρωπον,
3067 3606 3162 3658 καὶ
3198 3604 3300 3674 τῆς
3347 3603 3685 3673 ἀντιδιδομέ-

2107 3720 2205 3771 νης
2233 3701 2324 3754 ἐπὶ
2355 3699 2526 3768 τούτῳ
2545 3697 2838 3757 διαθέσεως
2865 3693 3142 3763 δειχθῆναι
3168 3693 3268 3762 τὴν
3294 3691 3545 3760 δύναμιν,
3583 3691 3686 3760 τὴν

2109 3794 2205 3848 καί
2234 3792 2327 3845 τὸν
2363 3791 2650 3861 ἄνθρωπον
2677 3786 2753 3857 τῷ
2778 3784 2896 3854 Θεῷ
2925 3784 3150 3837 θεοῦσαν
3177 3783 3267 3836 διά
3304 3783 3367 3836 τὸ
3412 3782 3686 3851 φιλόθεον,

2105 3863 2205 3938 ’καὶ
2236 3882 2326 3935 τὸν
2363 3882 2494 3935 Θεὸν
2523 3879 2601 3948 τῷ
2631 3876 2902 3947 ἀνθρώπῳ
2946 3875 3032 3928 διὰ
3075 3875 3135 3926 τὸ
3181 3865 3560 3943 φιλάνθρωπον
3592 3874 3687 3925 ἀν-

2112 3974 2495 4046 θρωπίζουσαν
2529 3969 2624 4023 καὶ
2677 3965 2940 4021 ποιοῦσαν
2988 3968 3132 4019 κατά
3181 3966 3278 4035 τὴν
3319 3966 3493 4036 καλὴν
3538 3967 3689 4020 ἀντι..

2113 4064 2374 4136 στροφὴν,
2418 4062 2509 4116 τὸν
2547 4059 2646 4130 μὲν
2680 4058 2814 4111 Θεὸν
2841 4057 3153 4129 ἄνθρωπον,
3188 4058 3276 4111 διά
3319 4057 3419 4128 τὴν
3463 4057 3560 4111 τοῦ
3591 4060 3688 4111 ἀν-

2113 4156 2333 4227 θρώπου
2376 4153 2596 4216 θέωσιν,
2631 4151 2720 4206 τὸν
2747 4151 2805 4204 δὲ
2848 4149 3137 4220 ἄνθρωπον
3163 4149 3315 4212 Θεὸν,
3342 4149 3431 4203 διά
3458 4149 3570 4219 ’τὴν
3591 4148 3689 4202 τοῦ

2114 4249 2250 4301 Θεοῦ
2284 4246 2638 4316 ἀνθρώπησιν
2655 4243 2698 4296 ⁸.
2734 4240 2994 4295 Βούλεται
3019 4240 3128 4309 γὰρ
3155 4240 3243 4294 ἀεὶ
3277 4241 3373 4293 καὶ
3421 4243 3479 4293 ἐν
3519 4241 3688 4293 πᾶσιν

441 4358 499 4404 et
529 4349 584 4402 in
620 4346 876 4402 omnibus
914 4345 1012 4400 Dei
1050 4345 1292 4400 Verbum
1327 4353 1384 4399 et
1415 4345 1561 4400 Deus
1604 4361 1703 4400 sua
1750 4346 1996 4417 incorpo-

2114 4341 2142 4394 ὁ
2174 4337 2267 4392 τοῦ
2299 4334 2434 4391 Θεοῦ
2467 4336 2638 4402 Λόγος
2664 4333 2761 4386 καὶ
2794 4332 2928 4394 Θεὸς
2986 4333 3088 4400 τῆς
3128 4329 3294 4384 αὐτοῦ
3351 4329 3686 4398 ἐνσωματὼο

323 4503 330 4511 ,
443 4438 655 4492 ratione
688 4437 904 4506 operari
947 4438 1290 4506 mysterium.
1323 4437 1427 4503 Qui
1465 4451 1596 4491 vero
1635 4452 1795 4501 suum
1844 4439 2015 4493 relin-

445 4543 623 4598 quens
663 4526 999 4597 principium
1047 4542 1175 4595 pars
1220 4527 1318 4580 Dei
1366 4525 1699 4581 constitutus
1743 4543 1843 4596 per
1872 4529 2016 4584 exsi-

447 4625 684 4673 stentem
710 4617 765 4671 in
790 4619 909 4688 ipso
942 4616 1166 4671 virtutis
1202 4617 1476 4672 rationem
1502 4616 1806 4671 secundum
1831 4619 2016 4673 reddi-

448 4716 559 4761 tam
592 4722 812 4762 causam
869 4707 938 4762 ad
995 4705 1051 4760 id
1081 4705 1229 4775 quod
1275 4699 1385 4761 non
1427 4713 1512 4761 est
1562 4705 2016 4762 irrationabiliter

2113 4445 2249 4490 σεως
2281 4423 2620 4497 ἐνεργεῖσθαι
2662 4422 2722 4475 τὸ
2769 4421 3086 4491 μυστήριον.
3123 4419 3309 4483 Ὅστις
3335 4419 3393 4472 δὲ
3428 4421 3527 4489 τῆς
3557 4419 3693 4481 ἰδίας

2112 4519 2389 4586 ἀφέμενος
2421 4515 2597 4586 ἀρχῆς
2653 4515 2816 4583 μοῖρα
2859 4511 3145 4580 τυγχάνων
3197 4509 3333 4562 Θεοῦ
3374 4509 3463 4563 διά
3499 4509 3593 4562 τὸν
3634 4511 3693 4562 ἐν

2112 4608 2261 4678 αύτῷ
2295 4608 2395 4676 τῆς
2426 4603 2630 4675 ἀρετῆς
2659 4603 2789 4656 ὄντα
2837 4600 2996 4669 λόγον
3041 4599 3186 4653 κατά
3207 4599 3308 4669 τὴν
3335 4599 3695 4654 ἀποδοθεῖσαν

2114 4697 2292 4751 αἰτίαν
2325 4695 2463 4764 πρὸς
2495 4693 2556 4746 τὸ
2590 4692 2665 4762 μὴ
2704 4691 2765 4745 ὃν
2795 4688 3122 4760 παραλόγως
3174 4688 3423 4758 φέρεται,
3466 4687 3697 4751 εἰκότως

448 4798 644 4864 fertur,
703 4807 851 4853 recte
900 4798 1190 4853 desursum
1235 4796 1480 4851 deﬂuere
1518 4795 1745 4861 dicitur,
1795 4814 1902 4851 non
1948 4815 1996 4851 at

2111 4787 2319 4843 ἀνωθεν
2347 4786 2539 4858 ῥεῦσαι
2577 4785 2823 4852 λέγεται,
2854 4781 2929 4852 μὴ
2956 4781 3093 4851 πρὸς
3122 4781 3220 4850 τὴν
3252 4780 3387 4833 ἰδίαν
3430 4780 3608 4850 ἀρχήν
3638 4796 3697 4832 τι

450 4903 610 4943 suum
645 4887 978 4958 principium
1021 4897 1077 4942 et
1128 4901 1379 4950 causam,
1422 4900 1454 4938 a
1481 4900 1590 4954 qua
1622 4894 1678 4941 et
1714 4886 1766 4940 in
1811 4903 1917 4956 qua
1964 4904 1992 4941 e

2119 4880 2216 4932 καὶ
2273 4878 2455 4931 αἰτίαν
2494 4875 2618 4929 καθ’
2668 4875 2736 4945 ἢν
2781 4873 2876 4926 καὶ
2904 4873 2990 4939 ἐφ’
3023 4884 3057 4944 ῃ
3091 4871 3187 4925 καὶ
3217 4871 3283 4924 δι’
3312 4871 3378 4941 ἦν
3402 4871 3701 4940 γεγένηται

449 4993 550 5047 per
573 4993 737 5048 quam
760 4977 939 5032 factus
966 4986 1070 5044 est,
1106 4988 1328 5044 motus;
1355 4985 1513 5032 etest
1553 4976 1610 5030 in
1636 4984 1816 5031 meatu
1848 4978 1990 5031 insta

2116 4967 2378 5052 κινηθεὶς,
2413 4967 2508 5022 καί
2541 4966 2689 5019 ἔστιν
2722 4965 2782 5019 ἐν
2812 4963 3030 5033 ἀστάτῳ
3070 4963 3344 5034 περιφορᾷ
3370 4962 3465 5016 καὶ
3495 4962 3700 5032 ἀταξίᾳ

433 5066 551 5141 bili
600 5076 656 5121 et
693 5065 1094 5121 inordinatione
1140 5066 1310 5120 ﬂuxili
1360 5067 1560 5121 animae
1602 5074 1659 5122 et
1701 5066 1952 5136 corporis
1991 5085 1996 5119 :

2117 5063 2264 5132 δεινῇ
2310 5060 2489 5132 ψυχῆς
2540 5075 2601 5111 τε
2649 5057 2746 5110 καὶ
2809 5056 3080 5126 σώματος,
3129 5056 3232 5123 τῆς
3280 5053 3558 5118 ἀπλανοῦς
3600 5055 3699 5108 καὶ

453 5170 566 5210 non
598 5164 823 5210 errante
854 5164 911 5210 et
938 5157 1193 5212 similiter
1225 5156 1463 5214 habente
1489 5172 1674 5225 causa,
1699 5156 1766 5212 ad
1795 5157 1850 5211 id
1875 5171 1996 5226 (ιιιοι

2120 5155 2381 5218 ὡσαύτως
2404 5151 2634 5222 ἐχούσης
2667 5149 2847 5212 αἰτίας
2870 5150 2937 5219 τῇ
2973 5146 3108 5217 πρὸς
3136 5147 3198 5199 τὸ
3222 5144 3409 5216 (126
3428 5144 3485 5214 a)
3510 5147 3699 5215 χεῖρον

526 5299 558 5330 ³
584 5292 708 5349 Act.
761 5309 893 5361 xvn,
917 5291 1006 5347 28.

1761 5405 1995 5462 VARUE
2035 5404 2444 5462 LECTIONES.

471 5530 1020 5673 θρῖῦἓὶσῖινοὲᾱίιῗξᾶί
1049 5536 1140 5594 ed.
1179 5538 1296 5594 Gal.
1373 5537 1392 5570 '
1423 5537 1583 5607 φύσει
1633 5552 1743 5594 non
1799 5536 1964 5593 habet
1996 5536 2086 5592 ed.
2119 5534 2236 5592 Gal.
2352 5533 2372 5565 ⁶
2396 5529 2651 5594 διανύσας
2675 5529 2762 5585 ed.
2785 5528 2904 5586 Gal.
2992 5528 3013 5562 '
3042 5526 3101 5581 τὸ
3160 5526 3248 5584 ed.
3277 5526 3396 5583 Gal.
3486 5527 3508 5560 '
3535 5527 3704 5582 ἀναν-
