4066 6150
432 277 567 344 1085

1661 282 2180 344 AMBIGUORUM
2217 277 2469 345 LIBER.

3547 287 3684 353 1086

429 387 661 460 ικουσίῳ
703 388 842 459 ῥοπῇ
881 387 983 459 τὴν
1009 387 1312 460 ἀποτυχίαν
1337 387 1531 443 ἑαυτοῦ
1575 390 2003 462 καταπραξάμεο

2109 392 2312 446 malum
2341 401 2428 449 est
2463 392 2775 449 voluntario
2812 401 3091 450 momento
3119 394 3497 466 expulsionem
3525 414 3683 455 suam

427 496 536 543 νος.
584 478 701 548 Ἐφ’
727 473 790 534 οῦ
815 480 911 532 καὶ
937 479 998 532 τὸ
1037 478 1226 550 ῥεῦσαι
1275 481 1482 552 κυρίως
1526 481 1743 553 λεχθείη
1775 481 1842 535 ἂν
1873 483 1955 536 ὃτι
1977 483 1998 514 ⁸

429 574 518 629 ἔπ’
553 573 706 644 αὐτῷ
738 575 1003 645 κειμένης
1029 575 1128 644 τῆς
1156 575 1290 645 πρὸς
1315 574 1449 628 Θεὸν
1474 575 1747 646 ἀδηρίτως
1771 575 1874 640 τὰς
1902 579 2002 647 τῆς

429 663 609 736 ψυχῆς
640 665 825 735 βάσεις
857 665 1128 719 ποιεῖσθαι
1155 665 1461 736 δυναμένης
1490 665 1757 733 ἐξουσίας,
1795 666 1860 720 τὸ
1889 669 2002 738 χεί-

435 768 528 822 ρον
553 753 649 808 καὶ⁹
687 754 765 826 μὴ
797 755 858 810 ὃν
881 755 975 809 τοῦ
1005 753 1313 826 κρείττονος
1348 756 1442 809 καὶ
1460 754 1611 821 ὄντος
1639 759 1777 815 ἑκὼν
1803 757 2003 830 ἀντηλ-

432 841 649 909 λάεατο.

503 935 740 999 Τούτους
768 935 827 989 δὲ
855 935 952 1000 οὓς
987 935 1124 1006 ἔφην
1158 934 1288 1000 τοὺς
1309 934 1503 1004 λόγους
1529 938 1560 991 ὁ
1595 934 1696 1008 μὶν
1736 938 2006 1008 Ἀρεοπα-

434 1027 595 1099 γίτης
628 1027 784 1096 άγιος
822 1026 1100 1090 Διονύσιος
1146 1029 1520 1099 προορισμοὺς
1551 1030 1647 1082 καὶ
1690 1029 1808 1084 θεῖα
1841 1029 2004 1100 θελή-

435 1135 581 1189 ματα
612 1116 896 1171 καλεῖσθαι
941 1117 1045 1170 ὑπὸ
1077 1118 1177 1189 τῆς
1212 1119 1445 1190 Γραφῆς
1487 1121 1637 1192 ἡμᾶς
1669 1120 2004 1176 ἐκδιδάσκει.

443 1209 676 1278 Ὁμοίως
711 1208 770 1261 δὲ
811 1208 906 1262 καὶ
949 1209 1001 1261 οἱ
1044 1209 1174 1280 περὶ
1219 1210 1521 1264 Πάνταινον
1566 1213 1658 1264 τὸν
1709 1210 2004 1281 γενόμενον

431 1301 753 1371 καθηγητήν
806 1299 901 1353 τοῦ
956 1300 1329 1370 Στρωματέως
1397 1302 1635 1372 μεγάλου
1681 1303 2004 1374 Κλήμεντος

433 1390 554 1444 θεῖα
601 1390 888 1460 θελήματα
938 1392 1007 1460 τῇ
1053 1390 1243 1461 Γραφῇ
1296 1392 1453 1461 φίλον
1503 1391 1791 1446 καλεῖσθαί
1848 1408 2004 1461 φασι.

434 1478 599 1534 Ὅθεν
653 1479 1024 1550 ἐρωτηθέντες
1063 1480 1167 1534 ὑπό
1209 1498 1371 1536 τινων
1411 1481 1520 1535 τῶν
1569 1482 1677 1548 ἔξω
1721 1482 2007 1538 παίδευσιν

433 1569 679 1640 γαύρων,
708 1569 825 1633 πῶς
857 1569 1150 1638 γινώσκειν
1183 1570 1251 1624 τὰ
1281 1572 1410 1626 ὄντα
1460 1572 1551 1626 τὸν
1585 1573 1720 1627 Θεὸν
1755 1573 2007 1638 δοξάζου-

436 1677 523 1714 σιν
553 1661 603 1714 οί
635 1661 978 1732 Χριστιανοὶ,
1014 1661 1390 1732 ὑπειληφότων
1423 1664 1674 1729 ἂκείνων,
1710 1665 1911 1735 νοερῶς
1937 1667 2006 1720 τὰ

433 1752 624 1821 νοητὰ,
673 1751 770 1805 καὶ
819 1750 1154 1822 αἰσθητικῶς
1192 1751 1261 1806 τά
1302 1752 1559 1824 αἰσθητὰ,
1588 1754 1878 1824 γινώσκειν
1915 1755 2008 1810 αὐ-

431 1844 526 1898 τὸν
569 1844 640 1897 τά
682 1842 812 1897 ὄντα
855 1843 1243 1914 ἀπεκρίναντο,
1281 1846 1421 1914 μήτε
1469 1845 1806 1917 αίσθητικῶς
1830 1847 1900 1902 τὰ
1922 1851 2008 1904 σί-

434 1936 632 2008 σθητὰ,
665 1938 802 2008 μήτε
825 1936 1029 2009 νοερῶς
1065 1935 1135 1990 τὰ
1161 1930 1346 2007 νοητά.
1379 1938 1455 1992 Οὐ
1484 1939 1593 2009 γὰρ
1613 1935 1752 1996 εἶναι
1773 1941 2008 1998 δυνατὸν

431 2027 524 2081 τὸν
557 2027 699 2098 ὑπὲρ
729 2027 796 2082 τὰ
822 2027 952 2081 ὄντα
981 2027 1126 2082 κατὰ
1163 2027 1234 2081 τὰ
1264 2029 1396 2084 ὄντα
1422 2030 1530 2086 τῶν
1556 2031 1726 2086 ὄντων
1747 2034 2012 2105 ἀντιλαμ⁴

431 2118 692 2175 ϐάνεσθαι
713 2121 754 2153 ¹⁶
773 2136 787 2151 ·
821 2119 938 2175 ἀλλ’
971 2121 1047 2186 ώς
1077 2121 1185 2176 tam
1209 2122 1492 2194 θελήματα
1523 2123 1816 2193 γινώσκειν
1845 2123 2008 2179 αὑτὸν

431 2211 501 2265 τὰ
531 2210 662 2267 ὅντα
698 2212 900 2282 φαμὲν,
943 2212 1275 2284 προσθέντες
1304 2214 1402 2268 καὶ
1446 2213 1540 2268 τοῦ
1573 2215 1735 2285 λόγου
1767 2215 1828 2270 τὸ
1857 2215 2009 2270 εὔλο-

431 2319 549 2372 γον.
582 2305 647 2360 ΕΞ
669 2303 780 2375 γάρ
807 2303 1073 2376 θελήματι
1092 2305 1162 2359 τά
1189 2306 1370 2360 πάντα
1393 2307 1686 2377 πεποίηκε,
1713 2308 1808 2360 καὶ
1829 2307 2008 2371 οὐδεὶς

433 2397 656 2467 ἀντερεῖ
678 2393 855 2465 λόγος,
882 2397 1172 2466 γινώσκειν
1201 2396 1260 2452 δὲ
1281 2396 1344 2450 τὸ
1369 2389 1498 2451 ἴδιον
1530 2397 1743 2470 θέλημα
1762 2397 1855 2451 τὸν
1875 2397 2008 2452 Θεὸν

433 2485 657 2552 εὐσεϐές
695 2504 755 2540 τε
790 2486 970 2556 λέγειν
1012 2488 1100 2542 ἀεὶ
1127 2487 1223 2542 καὶ
1248 2487 1457 2542 δίκαιόν
1487 2490 1657 2556 ἐστιν,
1694 2488 1922 2542 ἕκαστον
1949 2487 2008 2542 δὲ

431 2579 542 2632 τῶν
568 2579 870 2648 γεγονότων
900 2579 1070 2634 θέλων
1101 2580 1426 2650 πεποίηκεν,
1459 2580 1566 2651 ἄρα
1585 2579 1661 2644 ώς
1700 2581 1808 2633 ίδια
1845 2579 2006 2650 θελή-

435 2686 580 2739 ματα
615 2669 644 2723 ό
672 2669 806 2734 Θεὸς
837 2670 907 2724 τά
937 2669 1066 2724 ὄντα
1101 2669 1384 2738 γινώσκει,
1404 2671 1592 2741 ἐπειδὴ
1621 2671 1715 2725 καὶ
1740 2671 1910 2725 θέλων
1937 2671 2006 2725 τά

430 2758 564 2815 δντα
611 2759 930 2830 πεποίηκεν.
985 2759 1265 2814 Ἐντεῦθεν
1330 2759 1389 2813 δὲ
1447 2760 1768 2832 ὁρμώμενος
1829 2760 2006 2830 ἔγωγε

430 2847 586 2925 οἶμαι
613 2853 754 2907 κατὰ
785 2851 1006 2916 τούτους
1035 2851 1284 2923 εἰρῆσθαι
1307 2854 1375 2923 τῇ
1397 2853 1590 2925 Γραφῇ
1624 2855 1759 2916 τοὺς
1786 2853 2002 2922 λόγους,

413 2943 511 3009 Δτὸ,
553 2945 784 3012 ’Ἐγ-νων
820 2959 894 2998 σε
938 2942 1097 3011 παρὰ
1140 2941 1390 3008 πάντας,
1430 2942 1568 3012 πρὸς
1609 2944 1872 3013 Μωῦσῆν,
1909 2942 2005 2997 καὶ

2035 1721 2079 1778 Β

2103 493 2392 552 peragens.
2425 482 2505 537 Ex
2523 497 2634 552 quo
2661 489 2718 538 et
2751 481 2920 538 fluere
2941 483 3162 553 proprie
3186 483 3410 550 dicitur,
3443 500 3510 539 eo
3533 486 3682 556 quod

2103 570 2160 624 in
2200 586 2258 626 se
2279 580 2439 627 motae
2469 573 2535 626 ad
2554 573 2725 628 Deum
2742 573 2818 646 (α)
2837 573 3276 644 inseparabiliter
3307 575 3503 630 anima:
3527 591 3681 646 gres—

2103 677 2198 717 sus
2225 662 2478 719 faciendo
2503 664 2685 718 valido
2722 666 3002 741 potentiae,
3039 666 3185 736 quod
3230 666 3474 722 deterius
3514 675 3682 724 estet

2104 743 2256 822 quod
2280 769 2391 808 non
2427 762 2512 810 est
2543 769 2644 825 pro
2679 755 2896 810 meliori
2929 755 3122 810 volens
3144 756 3398 812 mutavit.

2177 927 2293 983 Has
2341 933 2525 984 autem
2569 945 2705 999 quas
2735 931 2980 986 dixeram
3011 931 3254 988 rationes
3298 933 3415 1003 ipse
3455 933 3678 1004 quidem

2104 1018 2435 1092 Aeropagita
2483 1031 2706 1076 sanctus
2735 1024 3028 1094 Dionysius
3061 1025 3576 1094 praedestinationes
3622 1035 3681 1083 et

2105 1109 2326 1166 divinas
2369 1113 2683 1167 voluntates
2716 1115 2898 1169 vocari
2948 1131 2978 1168 a
3021 1115 3207 1170 divina
3256 1116 3540 1188 Scriptura
3578 1134 3681 1176 nos

2103 1197 2322 1253 edocet.
2353 1199 2729 1270 Similiterque
2748 1211 2804 1255 et
2837 1203 2905 1273 (e)
2933 1202 3028 1272 qui
3056 1204 3166 1257 sint
3194 1205 3340 1258 circa
3359 1205 3678 1260 Pantaenum

2103 1288 2289 1360 magni
2322 1289 2624 1345 Clementis
2668 1292 2928 1356 amicum,
2954 1293 3047 1362 qui
3101 1294 3276 1348 factus
3307 1304 3390 1350 est
3420 1296 3679 1364 magister

2106 1379 2424 1446 Stromatei,
2457 1380 2674 1434 divinas
2715 1382 3032 1438 voluntates
3074 1400 3104 1438 a
3151 1384 3434 1454 Scriptura
3493 1386 3679 1440 vocari

2105 1471 2320 1538 dicunt,
2350 1471 2478 1526 inde
2529 1473 2848 1543 interrogati
2885 1490 2917 1528 a
2946 1475 3273 1544 quibusdam
3319 1478 3575 1546 superbis
3622 1478 3680 1532 in

2105 1578 2298 1619 eorum
2329 1563 2643 1619 eruditione
2684 1579 2805 1634 qua:
2834 1566 3178 1622 extrinsecus
3206 1577 3362 1633 sunt,
3402 1567 3679 1637 quomodo

2107 1675 2441 1730 cognoscere
2463 1677 2526 1716 ea
2553 1677 2673 1730 quae
2698 1670 2828 1716 sunt
2854 1662 3026 1716 Deum
3051 1662 3324 1717 :estimant
3353 1659 3676 1724 Christiani,

2109 1752 2544 1822 suscipientibus
2577 1752 2686 1806 illis
2738 1753 3187 1808 intellectualiter
3230 1753 3596 1824 intelligibilia
3623 1765 3682 1812 et

2107 1839 2437 1895 sensualiter
2466 1840 2749 1895 sensibilia
2777 1856 2904 1895 eum
2933 1855 3270 1912 cognoscere
3288 1857 3352 1897 ea
3379 1859 3501 1914 qua:
3525 1853 3677 1900 sunt.

2108 1931 2529 2001 Respondemus
2553 1947 2733 2003 neque
2767 1933 3098 1988 sensualiter
3137 1934 3419 1988 sensibilia
3448 1975 3464 2000 ,
3496 1950 3680 2005 neque

2107 2021 2556 2078 intellectualiter
2585 2022 2998 2078 intellectualia.
3028 2023 3148 2078 Non
3176 2023 3325 2078 enim
3359 2039 3479 2078 esse
3506 2024 3682 2096 possi-

2106 2113 2219 2168 bile
2244 2121 2348 2179 est,
2398 2123 2460 2168 ut
2491 2115 2735 2170 oswndit
2777 2115 2942 2182 ratio,
2990 2131 3118 2172 eum
3160 2116 3254 2186 qui
3309 2125 3394 2171 est
3423 2132 3590 2186 super
3613 2133 3680 2173 ea

2107 2219 2230 2274 quae
2251 2213 2399 2272 sunt,
2425 2221 2525 2275 per
2547 2222 2610 2262 ea
2640 2222 2762 2276 qua:
2800 2215 2947 2272 sunt,
2976 2223 3039 2262 ea
3066 2223 3188 2278 qua:
3225 2215 3356 2262 sunt
3386 2209 3677 2278 accipere;

2107 2295 2205 2349 sed
2234 2296 2379 2350 sicut
2413 2311 2540 2351 suas
2569 2296 2882 2351 voluntates
2911 2312 3240 2368 cognoscere
3276 2312 3404 2352 eum
3441 2297 3681 2354 dicimus

2107 2406 2172 2447 ea
2193 2407 2315 2462 quae
2345 2399 2494 2461 sunt,
2521 2393 2789 2448 addentes
2817 2393 2984 2448 etiam
3009 2407 3073 2448 ex
3097 2407 3259 2448 causa
3296 2393 3679 2449 ratiocinatio-

2107 2496 2269 2548 nem;
2302 2482 2348 2536 si
2377 2481 2526 2536 enim
2550 2482 2832 2538 voluntate
2859 2482 3042 2538 omnia
3074 2483 3223 2547 fecit,
3262 2489 3319 2538 et
3357 2484 3508 2538 nulla
3541 2499 3676 2539 con-

2111 2573 2360 2638 tradicit,
2393 2573 2537 2630 ratio
2563 2589 2894 2645 cognoscere
2938 2583 3119 2629 autem
3151 2589 3305 2628 suam
3334 2575 3677 2630 voluntatem

2109 2663 2304 2731 Deum,
2336 2678 2554 2733 semper
2578 2665 2730 2732 pium
2781 2663 2967 2718 dicere
3001 2671 3057 2717 et
3095 2663 3302 2733 justum
3335 2671 3439 2728 est,
3474 2679 3678 2717 unum-

2105 2753 2364 2824 quodque
2395 2770 2526 2809 vero
2557 2770 2750 2809 eorum
2779 2770 2900 2824 quae
2931 2755 3073 2809 facta
3105 2763 3234 2810 sunt
3269 2755 3462 2810 volens
3503 2754 3676 2820 fecit;

2107 2845 2277 2916 igitur
2319 2853 2380 2900 ut
2412 2861 2540 2901 suas
2588 2847 2901 2901 voluntates
2926 2847 3073 2900 Deus
3119 2846 3403 2916 cognoscit
3452 2861 3516 2900 ea
3554 2859 3678 2915 qua:

2107 2944 2260 3002 sunt,
2288 2936 2549 3005 quoniam
2593 2945 2648 2990 et
2677 2937 2869 2992 volens
2907 2952 2971 2991 ea
3003 2951 3126 3006 qua:
3158 2944 3290 2991 sunt
3341 2935 3494 2990 fecit.
3536 2935 3680 2991 Hinc

430 3034 561 3108 περί
585 3051 748 3088 τινων
785 3035 867 3100 τὸ,
908 3036 1098 3104 Ἔγνω
1125 3035 1340 3102 Κύριος
1369 3035 1554 3104 (126
1575 3033 1633 3102 b)
1659 3033 1799 3100 τοὺς
1822 3033 2002 3101 ὄντας

2104 3035 2160 3082 et
2194 3041 2296 3097 ego
2319 3026 2593 3096 aspiciens
2618 3041 2817 3080 censeo
2847 3025 3152 3080 secundum
3179 3025 3281 3080 has
3309 3025 3513 3080 dixisse
3527 3024 3678 3080 Scri-

429 3128 639 3190 αὐτοῦ,
679 3145 698 3178 ι
717 3126 812 3180 καὶ
843 3125 1004 3180 πάλιν
1031 3126 1171 3196 πρός
1197 3143 1352 3189 τινας
1379 3125 1460 3190 τὸ,
1499 3128 1621 3180 Οὐκ
1649 3121 1784 3180 οῖδα
1809 3124 1997 3194 ὑμᾶς’

427 3216 504 3281 ώς
534 3216 767 3270 ἕκαστον
800 3214 1046 3286 δηλονότι
1075 3214 1109 3285 ἢ
1140 3213 1284 3268 κατά
1317 3213 1379 3267 τὸ
1417 3213 1629 3285 θέλημα
1657 3216 1754 3268 καὶ
1790 3213 1884 3268 τὸν
1910 3213 2001 3267 λό-

427 3321 548 3374 γον,
579 3305 613 3376 ἢ
652 3303 806 3374 παρὰ
829 3292 892 3357 τὸ
913 3303 1124 3375 θέλημα
1150 3304 1246 3357 καὶ
1269 3303 1362 3357 τὸν
1385 3303 1548 3372 λόγον
1569 3302 1666 3357 τοῦ
1693 3302 1832 3357 Θεοῦ
1865 3320 1998 3375 προ·

428 3395 744 3466 αιρετικὴίί
769 3392 983 3467 κίνησις
1013 3394 1112 3464 τῆς
1157 3391 1308 3458 θείας
1350 3390 1584 3448 ἀκοῦσαι
1629 3392 1814 3464 φωνῆς
1857 3409 2002 3463 παρα

428 3485 718 3544 εσκεύασε.

495 3749 686 3806 Ταῦτα
716 3749 812 3805 καὶ
843 3747 1157 3815 τὰτοιαῦτα
1196 3747 1290 3802 τὸν
1313 3747 1574 3818 θεοφόρον
1613 3747 1803 3802 τοῦτον
1831 3747 2002 3818 ἄνδρα

421 3839 577 3914 οἶμαι
623 3843 899 3913 νοήσαντα
953 3841 1146 3908 εἰπεῖν,
1183 3857 1202 3892 ι
1225 3840 1447 3894 ἐπειδὰν
1479 3840 1539 3893 τὸ
1570 3839 1802 3905 θεοειδές
1840 3839 2002 3894 τοῦτο

425 3934 518 3988 καὶ
553 3933 717 4000 θεῖον,
749 3933 842 3988 τὸν
862 3931 1132 4004 ἡμέτερον
1168 3931 1285 3986 νοῦν
1314 3947 1374 3985 τε
1406 3932 1501 3985 καὶ
1515 3931 1695 4000 λόγον,
1716 3931 1793 4002 τῷ
1814 3931 2000 4001 οἰκείῳ

425 4024 840 4096 προσμίξωμεν.
874 4026 971 4078 καὶ
994 4026 1027 4094 ή
1065 4022 1232 4077 εἰκὼν
1266 4023 1466 4095 ἀνέλθῃ
1499 4022 1637 4094 πρὸς
1661 4023 1732 4076 ’τὸ
1772 4023 2003 4095 ἀρχέτυ-

423 4129 551 4176 πον,
571 4105 632 4167 οῦ
651 4111 748 4166 νῦν
771 4111 884 4182 ἔχει
909 4112 1008 4184 τὴν
1032 4111 1220 4182 ἔφεσιν
1246 4128 1260 4142 ο
1295 4131 1314 4164 ι
1339 4111 1476 4182 ὁμοῦ
1498 4129 1558 4166 τε
1584 4113 1682 4165 καὶ
1703 4113 1844 4166 κατὰ
1866 4130 2001 4166 ταυ-

423 4202 622 4256 τὸνδιὰ
643 4203 753 4257 τῶν
783 4203 996 4274 μικρῶν
1029 4202 1232 4257 τούτων
1267 4203 1531 4274 ῥημάτων
1563 4202 1658 4256 τοῦ
1689 4219 1820 4256 ποτε
1840 4203 2000 4258 τοῦτό

423 4309 480 4346 τι
509 4293 620 4348 τῶν
651 4294 820 4348 δντων
852 4292 1149 4363 ἐφθακέναι
1178 4292 1238 4346 τὸ
1270 4293 1466 4364 μέτρον
1504 4293 1712 4348 οἴεσθαι
1739 4294 1998 4348 διδασκα-

2102 3124 2320 3188 pturam
2359 3116 2602 3171 rationes
2643 3115 2788 3170 hoc:
2824 3114 3207 3187 Cognoscebam
3245 3125 3294 3170 te
3349 3132 3507 3185 super
3559 3133 3674 3170 om-

2103 3225 2194 3264 nes
2217 3219 2263 3274 P,
2290 3209 2356 3264 ad
2384 3207 2658 3280 Moysem;
2691 3216 2748 3264 et
2773 3207 2841 3263 de
2871 3208 3203 3279 quibusdam
3241 3208 3348 3262 hoc
3373 3224 3387 3261 :
3423 3206 3676 3278 Cognovit
3766 3265 3768 3267 ,

2103 3299 2358 3355 Dominus
2377 3301 2466 3370 qui
2491 3283 2727 3374 σανα.δηὶ
2748 3309 2809 3365 ίι;
2840 3307 2896 3352 et
2920 3299 3122 3353 iterum
3154 3298 3259 3352 hoc
3275 3297 3340 3351 ad
3371 3297 3672 3366 quosdam:

2101 3389 2220 3445 Non
2243 3393 2362 3445 novi
2394 3407 2482 3444 vos
2509 3401 2552 3443 τ.
2585 3390 2676 3445 Sic
2701 3390 2948 3460 profecto
2979 3403 3424 3458 unumquemque
3463 3397 3558 3443 aut
3591 3404 3676 3444 se-

2102 3481 2344 3535 cundum
2379 3481 2721 3536 voluntatem
2747 3488 2802 3535 et
2830 3480 3120 3541 rationem,
3145 3484 3240 3532 aut
3260 3485 3449 3532 contra
3476 3478 3674 3532 volun-

2105 3579 2270 3626 tatem
2303 3580 2360 3625 et
2387 3570 2657 3625 rationem
2704 3569 2802 3624 Dei
2823 3569 3171 3624 voluntarius
3206 3575 3390 3623 motus
3431 3567 3675 3623 divinam

2102 3660 2296 3716 audire
2325 3675 2516 3715 vocem
2538 3660 2888 3730 pmparavit.

2171 3750 2298 3807 Haec
2318 3760 2374 3808 et
2395 3751 2713 3822 bujusmodi
2748 3751 3020 3806 deiferum
3041 3765 3193 3806 nunc
3221 3749 3403 3805 virum
3429 3751 3676 3806 arbitror

2103 3842 2500 3911 intelligentem
2519 3841 2728 3907 dicere,
2753 3861 2770 3892 ι
2791 3857 2917 3896 cum
2935 3841 3204 3897 deiforme
3220 3842 3328 3896 hoc
3353 3849 3408 3896 et
3424 3841 3675 3895 divinum

2100 3943 2356 3988 nostrum
2386 3931 2629 3987 animum
2659 3939 2716 3984 et
2768 3930 3045 3985 rationem
3079 3931 3304 4002 proprio
3346 3931 3676 3986 admiscebi-

2101 4039 2246 4090 mus,
2280 4032 2338 4080 et
2365 4023 2547 4092 imago
2578 4031 2893 4078 revertetur
2933 4023 3001 4077 ad
3037 4023 3340 4094 principale
3369 4025 3671 4092 exemplar,

2100 4117 2261 4188 cujus
2287 4131 2400 4170 non
2430 4115 2597 4169 habet
2622 4114 2950 4184 appetitum.
2976 4133 2994 4165 ι
3027 4113 3105 4169 Ac
3134 4129 3234 4182 per
3262 4115 3366 4169 hoc
3395 4115 3672 4182 similiter,

2100 4222 2204 4278 pel
2226 4221 2402 4278 pauca
2427 4206 2546 4262 haec
2573 4207 2764 4271 verba,
2816 4205 3189 4275 quodcunque
3222 4205 3540 4274 aliquando,
3576 4221 3673 4260 eo-

2101 4315 2226 4356 rum
2253 4316 2378 4370 quze
2409 4308 2537 4355 sunt
2563 4299 2805 4369 tetigisse
2833 4315 3144 4354 mensuram
3171 4299 3508 4376 arbitrantes
3527 4300 3674 4358 msti-

423 4383 594 4448 λικῶς
625 4385 914 4460 ἀπάγοντα
941 4383 1068 4448 τοὺς
1114 4363 1458 4454 νομίζοντας,
1490 4385 1585 4438 καὶ
1623 4383 1716 4438 τὸν
1752 4384 1849 4438 τοῦ
1881 4385 1998 4450 πῶς

2104 4363 2365 4445 mandum
2393 4389 2778 4445 doctrinaliter
2806 4390 3110 4455 retrahere,
3131 4400 3188 4445 et
3208 4374 3498 4455 rationem,
3530 4407 3671 4462 quo-

427 4473 594 4544 μοῐρά
638 4474 808 4544 ἐσμεν
855 4473 994 4527 Θεοῦ
1056 4471 1216 4540 λόγον
1274 4472 1718 4544 παραδηλοῦντα,
1769 4475 1864 4528 καὶ
1907 4474 2006 4546 τὴν

425 4561 734 4632 μέλλουσαν
781 4561 884 4631 τῆς
931 4560 1210 4632 μακαρίας
1239 4561 1448 4632 λήξεως
1493 4563 1732 4634 ἰδιότητα
1769 4565 2004 4619 αἰνιττό-

425 4668 605 4722 μενον,
635 4652 729 4706 καὶ
758 4652 894 4723 πρὸς
933 4651 1031 4724 τὴν
1076 4652 1326 4706 ἄσειστον
1366 4654 1538 4725 αὐτῆς
1575 4655 1673 4709 καὶ
1702 4654 2002 4727 ἁκλόνητον

422 4744 520 4798 καὶ⁵
541 4743 779 4815 οὐδαμοῦ
812 4743 1261 4814 μεταπίπτουσαν
1285 4743 1587 4801 ἀπόλαυσιν
1614 4764 1759 4819 παρο
1777 4748 2004 4819 ρμῶντα

421 4836 548 4898 τοὺς
578 4835 672 4889 ἐπὶ
698 4834 873 4906 τούτῳ
897 4835 964 4889 δι’
989 4836 1201 4901 ἐλπίδος
1231 4837 1794 4914 καθαιρομένους-καὶ
1834 4841 1994 4894 σπεύ-

421 4921 632 4988 δοντας.
664 4925 819 4996 ᾜδει
868 4925 999 4999 γὰρ,
1028 4926 1163 4981 ὡσεὶ
1192 4926 1330 4998 πρὸς
1359 4926 1387 4980 ὃ
1414 4926 1612 4999 ἔχομεν
1639 4929 1798 5001 οὐσίᾳ
1820 4947 1877 4985 τε
1905 4932 2000 4986 καὶ

423 5012 566 5086 λόγῳ
592 5014 691 5079 τὰς·
716 5015 985 5087 ἐμφάσεις
1017 5017 1161 5072 κατὰ
1192 5017 1351 5088 λόγον
1383 5019 1478 5074 καὶ
1507 5019 1670 5090 φύσιν
1695 5021 1997 5096 εὐθυπορή-

2101 4481 2266 4535 modo
2293 4495 2424 4550 pars
2451 4480 2552 4535 Dei
2577 4481 3120 4547 sumus,'declarare,
3149 4491 3205 4537 et
3232 4483 3471 4538 futuram
3499 4485 3675 4541 beata

2101 4572 2308 4643 quietis
2337 4572 2734 4643 proprietatem
2759 4573 3089 4637 insinuasse,
3132 4583 3189 4629 et
3229 4574 3298 4629 ad
3333 4575 3671 4631 immobilem

2100 4665 2300 4736 ipsius,
2330 4673 2388 4719 et
2413 4664 2681 4734 quietem,
2730 4673 2786 4719 et
2825 4666 2979 4720 nullo
3031 4666 3196 4720 modo
3231 4667 3520 4722 cadentem
3551 4667 3670 4722 fru-

2100 4762 2250 4809 ctum
2281 4755 2542 4810 incitasse
2568 4754 2625 4808 in
2658 4769 2723 4809 ea
2761 4769 2883 4824 quae
2934 4756 2991 4809 in
3040 4756 3144 4811 hoc
3169 4765 3254 4811 est
3283 4771 3380 4826 spe
3409 4764 3672 4828 purgatos

2103 4854 2158 4902 et
2188 4845 2531 4901 festinantes.
2565 4844 2866 4916 Oportebat
2907 4846 3077 4911 enim,
3105 4846 3567 4916 quemadmodum
3600 4847 3670 4901 ad

2100 4936 2207 4990 hoc
2227 4935 2494 4990 habemus
2515 4941 2571 4990 et
2601 4935 2658 4989 in
2680 4935 2922 4991 essentia
2942 4941 2999 4990 et
3027 4935 3240 4991 ratione
3263 4936 3538 5003 notiones,
3568 4952 3670 5007 per

2109 5025 2381 5083 rationem
2403 5033 2460 5081 et
2504 5032 2758 5082 naturam
2787 5033 2934 5084 recte
2966 5025 3192 5097 quidem
3228 5025 3443 5098 ingredi
3471 5025 3668 5098 simple

494 5161 524 5202 ιι
549 5151 727 5208 Exod.
744 5161 935 5216 nuru,
953 5154 1037 5210 I7.
1109 5164 1138 5205 ει
1161 5153 1208 5210 ll
1237 5153 1380 5211 Tim.
1405 5171 1467 5223 ιι,
1509 5158 1596 5214 19.
1676 5169 1698 5198 τ
1727 5160 1922 5218 Matth.
1967 5182 2064 5234 vn,
2097 5166 2187 5222 25.

704 5281 709 5286 ’
1571 5329 1578 5335 .
1687 5287 1922 5347 VARLE
1960 5293 2363 5351 LECTIONES.

501 5373 525 5407 ⁸
555 5372 690 5429 διότι
718 5372 933 5430 ed.Gal.
1015 5375 1062 5408 “
1081 5375 1452 5446 λαμϐάνεσθαι
1473 5379 1562 5435 ed.
1591 5379 1710 5438 Gal.

1805 5386 1848 5417 “
1882 5387 2280 5460 προαιρετικῶς
2307 5387 2396 5444 ed.
2423 5389 2548 5444 Gal.

1926 5500 2156 5560 NOTAE.

595 5581 762 5659 _V_erte
789 5584 904 5659 εἰπε
925 5586 1223 5656 οπεηείοιιε.
1267 5588 1466 5659 (Gale.)

516 5649 566 5718 e)
595 5651 759 5706 Verte
783 5661 831 5706 et
857 5649 1164 5721 Pari'uenus,
1195 5649 1285 5727 qui
1308 5649 1554 5738 magister
1578 5663 1677 5732 fuit
1703 5660 1982 5721 Clementis
2023 5670 2204 5737 magni
2241 5667 2544 5725 Stromatci.
2575 5667 2776 5744 (σξιο.)
