4066 6150
436 209 571 278 1087
1608 217 1669 276 S.
1712 216 1993 275 MAXIMI

2120 213 2537 273 NFESSORIS
3569 204 3707 272 1038

431 323 653 382 ordine.
689 332 747 379 et
774 340 876 380 nos
927 326 1046 380 sine
1072 327 1222 382 omni
1286 327 1657 398 qualicunque
1684 328 2008 396 quac-tione,

2120 327 2377 397 σαιμενη
2432 326 2577 397 ἁπλῇ
2637 325 2934 397 προσϐολῇ,
2977 325 3071 378 xui.
3124 325 3305 395 ἡμεῖς,
3357 322 3551 392 πάσης
3604 320 3704 391 τῆς

433 431 581 470 eirea
622 432 784 485 quam
811 418 982 470 solam
1009 426 1064 471 et
1089 434 1321 487 peccare
1351 432 1435 473 est
1462 429 1518 473 et
1547 420 1680 483 falli,
1720 419 2007 472 deil‘orini-

434 519 540 571 ter,
582 515 847 576 quantum
899 508 1158 576 possibile
1212 518 1316 574 est,
1350 512 1534 564 omnia
1592 526 2005 580 cognoscemus.

434 598 554 651 Non
572 598 683 667 jam
712 612 811 665 per
845 597 1210 667 ignorantiam
1242 599 1310 653 ab
1350 615 1439 664 eo,
1488 601 1582 670 qui
1616 601 1764 655 circa
1810 615 1873 654 ea
1903 607 2006 663 est,

437 697 588 741 motu
620 688 854 752 detenti,
911 690 1112 743 merito
1156 707 1353 760 magno
1396 691 1580 745 animo
1615 702 1669 745 et
1699 692 1922 756 rationi,
1955 697 2011 744 et

436 779 660 849 spiritui
691 788 944 834 nostrum
981 781 1226 834 animum
1253 791 1309 835 et
1345 783 1613 836 rationem
1646 791 1702 836 et
1730 783 2007 851 spiritum,

438 872 611 942 magis
669 881 854 926 autem
914 874 1013 925 toti
1051 874 1164 927 Deo
1201 881 1343 929 totos
1379 891 1480 928 nos
1526 876 1695 943 ipsos,
1745 876 1915 929 veluti
1946 875 2008 946 (1)

438 965 727 1034 principali
760 966 1013 1035 exemplo
1040 962 1259 1035 imago.'
1289 967 1636 1033 accedentes,
1678 969 1819 1022 sicut
1842 970 2010 1023 etiam

440 1055 497 1109 in
525 1070 783 1108 sermone
815 1056 908 1124 qui
942 1066 1027 1109 est
1056 1055 1124 1109 de
1151 1057 1416 1124 grandine
1438 1057 1655 1121 edocet,
1678 1058 1756 1111 sic
1777 1058 1968 1112 dicens
1995 1075 2007 1111 :

448 1166 466 1197 ι
492 1147 558 1200 Ει
580 1161 681 1200 nos
697 1147 921 1215 quidem
943 1148 1236 1202 ineﬂ‘abilis
1261 1150 1355 1201 lux
1374 1149 1629 1218 accipiet,
1653 1159 1709 1204 et
1729 1160 1934 1204 sanetae
1950 1166 2013 1204 ac

440 1238 639 1308 regalis
671 1239 1067 1307 contemplatio
1109 1239 1396 1293 Trinitatis
1415 1240 1777 1295 illuminantis
1800 1242 2014 1309 planius

439 1339 496 1384 et
532 1332 726 1398 purius
752 1338 809 1383 et
850 1330 1021 1384 totius
1069 1331 1167 1383 toti
1206 1331 1390 1385 animo
1419 1331 1613 1397 mistaa,
1653 1347 1816 1402 quam
1846 1334 2014 1387 etiam

440 1422 610 1474 solam
629 1437 856 1491 regnum
874 1422 1141 1476 cmiorum
1165 1437 1266 1491 ego
1280 1437 1444 1490 pono,
1466 1443 1482 1473 ι
1513 1438 1637 1475 eum
1651 1423 2016 1478 delectatione

441 1513 747 1567 delectatur
780 1521 836 1567 et
869 1514 1106 1579 laetatur,
1141 1523 1202 1568 ut
1233 1515 1319 1568 his
1344 1531 1466 1584 quae
1498 1522 1627 1570 sunt
1651 1517 1824 1584 ipsius
1840 1518 2016 1573 audax

442 1606 772 1675 conjungam
804 1622 926 1675 quae
956 1622 1075 1660 mea
1102 1617 1250 1670 sunt,
1275 1609 1454 1663 omnis
1483 1618 1734 1663 creatura
1778 1611 2011 1665 rationa-

441 1693 511 1747 lis
529 1694 849 1763 angelorum
881 1706 936 1749 et
964 1695 1272 1760 hominum,
1328 1698 1647 1767 quicunque
1692 1699 1898 1753 nullam
1935 1715 2019 1754 se-

442 1784 683 1839 cundum
711 1796 917 1840 motum
955 1788 1049 1856 qui
1096 1787 1162 1841 ad
1197 1787 1361 1842 ﬁnem
1391 1799 1475 1844 est
1510 1791 1834 1847 naturaliler
1865 1808 2019 1848 com-

441 1882 726 1945 pactarum
762 1877 843 1931 eis
873 1877 1184 1934 divinarum
1218 1880 1490 1935 rationum
1518 1883 1587 1937 ab
1622 1883 1739 1953 ipso
1758 1885 2019 1941 Creatore

441 1984 543 2038 per
597 1969 984 2039 negligentiam
1032 1983 1434 2042 corruperunt,
1485 1976 1659 2045 magis
1721 1985 1904 2031 autem
1936 1992 2020 2032 se-

442 2059 593 2127 ipsos
620 2067 995 2130 temperanter
1019 2064 1392 2129 salvaverunt,
1438 2049 1585 2122 totos
1617 2068 2019 2123 inconversibi-

442 2153 588 2211 liter.
626 2162 816 2222 utpote
848 2154 1047 2209 divinte
1088 2172 1293 2226 organa
1324 2166 1558 2222 naturae,
1597 2168 1653 2213 et
1703 2175 1824 2214 esse
1854 2169 1909 2214 et
1935 2158 2020 2213 fu-

445 2251 600 2297 turos
624 2259 744 2298 esse
773 2244 1013 2300 scientes
1045 2287 1058 2309 ,
1105 2263 1244 2315 quos
1296 2264 1394 2317 per
1428 2257 1601 2317 totum
1634 2260 1782 2305 totus
1810 2250 1882 2321 (g)
1908 2251 2020 2305 cir-

442 2333 792 2402 cumspirans
816 2335 961 2388 Deus
985 2335 1040 2388 in
1070 2336 1292 2390 modum
1323 2338 1539 2403 animm,
1569 2339 1739 2393 veluti
1776 2341 2021 2396 membra

444 2423 694 2492 corporis
754 2435 1040 2494 compacta
1099 2433 1156 2480 et
1207 2428 1412 2497 optima
1469 2430 1701 2484 Domino
1735 2431 1907 2486 factos
1951 2431 2019 2486 ad

445 2516 787 2569 voluntatem
816 2526 1030 2579 tractat,
1055 2528 1109 2573 et
1131 2521 1353 2589 propria
1385 2523 1577 2591 implet
1611 2524 1784 2594 gloria
1815 2525 2020 2579 etbea-

445 2607 703 2673 titudine,
765 2609 929 2663 vitam
988 2610 1126 2665 dans
1173 2619 1229 2666 et
1273 2613 1485 2668 donans
1530 2624 1792 2670 aeternam
1857 2624 2021 2686 atque

446 2699 805 2759 ineffabilem,
840 2709 897 2754 et
930 2703 1190 2757 omnibus
1241 2706 1421 2759 modis
1472 2708 1729 2761 universa
1788 2708 2018 2762 liberam

446 2789 756 2857 cognitione
785 2793 1101 2846 constitutae
1138 2795 1498 2863 proprietatis
1519 2798 1826 2866 praesentis,
1848 2807 1904 2853 et
1922 2815 2020 2869 per

447 2881 857 2948 corruptionem
882 2883 1195 2938 constituta:
1217 2885 1363 2939 vita}.
1386 2885 1558 2952 Quam
1579 2887 1838 2942 videlicet
1854 2889 2020 2942 vitam

2109 420 2327 473 οἱασοῦν
2393 421 2675 492 ζητήσεως
2714 420 2906 491 χωρὶς,
2955 419 3080 487 περὶ
3124 420 3189 489 ἢν
3237 420 3413 487 μόνην
3480 417 3599 468 ἐστὶ
3638 418 3703 468 τὸ

2112 516 2341 569 πταίειν⁸
2373 515 2468 568 xui
2510 514 2867 585 σφάλλεσθαι,
2916 513 3169 576 θεοειδῶς
3202 513 3346 566 κατά
3378 512 3441 565 τὸ
3472 509 3700 578 ἐφικτὸν

2110 606 2180 660 τὰ
2206 607 2379 660 πάντα
2404 604 2684 676 εἰσόμεθα,
2714 606 2910 676 μηκέτι
2940 604 3009 658 δι’
3036 606 3254 674 ἄγνοιαν
3277 606 3376 674 τῆς
3403 605 3537 674 περὶ
3558 604 3700 656 αὐτά

2112 697 2381 764 κινήσεως
2414 695 2788 766 ἀντεχόμενοι,
2816 695 2890 759 ὡς
2918 695 3001 749 νοῒ
3026 695 3105 766 τῷ
3143 696 3370 766 μεγάλῳ
3410 696 3506 748 καὶ
3551 695 3697 765 λόγῳ

2113 787 2207 839 xui
2247 783 2522 856 πνεύματι
2566 785 2658 838 τὸν
2708 786 2979 857 ἡμέτερον
3019 785 3144 837 νοῦν
3186 802 3250 837 τε
3282 786 3378 838 xui.
3414 784 3574 851 λόγον
3604 786 3697 837 καὶ

2115 877 2353 948 πνεῦμα,
2386 876 2586 946 μᾶλλον
2617 876 2674 929 δὲ
2705 875 2811 946 ὅλῳ
2836 874 2957 944 Θεῷ
2987 875 3144 937 ὅλους
3170 875 3402 936 ἑαυτοὺς
3431 873 3507 935 ὡς
3532 874 3695 944 ἀρχε-

2112 969 2268 1037 τύπῳ
2314 966 2483 1020 εἰκόνι
2532 966 3049 1036 προσχωρήσαντες.
3109 962 3310 1027 Καθὼς
3354 964 3452 1015 xui.
3504 966 3561 1015 ἐν
3619 961 3694 1030 τῷ

2114 1059 2244 1131 περὶ
2268 1058 2512 1129 χαλάζης
2537 1058 2684 1128 λόγῳ
2719 1057 2993 1122 διέξεισιν,
3016 1056 3217 1109 οὑτωσὶ
3247 1055 3474 1123 φάσκων
3498 1071 3510 1082 ·
3542 1074 3557 1104 ι
3581 1055 3695 1106 Καὶ

2112 1152 2236 1212 τοὺς
2260 1149 2359 1219 μὲν
2392 1149 2656 1219 (127α)
2695 1146 2756 1201 τὸ
2783 1147 3062 1217 ἄφραστον
3084 1145 3199 1214 φῶς
3230 1145 3557 1210 διαδέξεται,
3595 1146 3698 1197 κα¹ι

2115 1242 2149 1311 ἡ
2176 1241 2273 1311 τῆς
2304 1240 2464 1308 ἁγίας
2503 1239 2599 1293 xui
2639 1237 2927 1309 βασιλικῆς
2956 1222 3191 1306 θεωρίας
3221 1236 3457 1306 Τριάδος
3491 1235 3617 1286 ἐλλα
3630 1252 3699 1304 μ-

2115 1331 2325 1400 πούσης
2359 1329 2687 1401 τρανότερόν
2724 1345 2785 1381 τε
2826 1326 2923 1381 καὶ
2976 1324 3516 1398 καθαρώτερον,’καὶ
3565 1325 3700 1393 ὅλης

2116 1423 2222 1494 ὅλῳ
2275 1423 2358 1479 νοῒ
2421 1422 2783 1493 μιγνυμένης,
2818 1421 2885 1491 ἣν
2933 1418 2997 1489 δὴ
3041 1420 3135 1472 xui.
3176 1418 3359 1490 ’μόνην
3416 1418 3703 1488 βασιλείαν

2116 1516 2363 1588 οὐρανῶν
2387 1514 2498 1584 ἐγὼ
2526 1514 2740 1584 τίθημι,
2766 1532 2786 1565 ι
2812 1512 2975 1583 ἡνίκα
3000 1512 3164 1583 ἡδονῇ
3189 1511 3376 1582 ἥδεται
3397 1512 3493 1564 xui
3525 1510 3705 1577 ἀγάλ-

2118 1608 2290 1674 λεται,
2325 1608 2411 1661 ἵνα
2444 1607 2558 1671 τοῖς
2584 1603 2749 1660 αὑτοῦ
2774 1603 3053 1675 τολμήσας
3084 1603 3304 1672 συνάψω
3330 1604 3398 1657 ea
3428 1604 3704 1674 ἐμαυτοῦ,

2123 1700 2272 1753 πᾶσα
2326 1697 2506 1761 κτίσις
2557 1695 2750 1767 λογικὴ
2802 1694 3056 1763 ἀγγέλων
3106 1711 3167 1747 τε
3219 1694 3314 1747 καὶ
3365 1692 3704 1763 ἀνθρώπων,

2068 1838 2071 1839 ,
2119 1792 2233 1844 ὅσοι
2282 1789 2484 1860 μηδένα
2525 1787 2635 1842 τῶν
2672 1787 2809 1858 πρὸς
2841 1785 2901 1838 τὸ
2938 1785 3094 1849 τέλος
3146 1786 3288 1838 κατά
3326 1784 3426 1854 τὴν
3478 1786 3708 1853 κίνησιν

2121 1882 2365 1952 φυσικῶς
2413 1878 2880 1952 συνηρμοσμένων
2934 1877 3119 1941 αὐτοῖς
3151 1877 3309 1931 θείων
3343 1877 3516 1945 λόγων
3544 1877 3707 1947 παρά

2110 1973 2216 2027 ’τοῦ
2250 1971 2602 2043 Δημιουργοῦ
2633 1971 2692 2038 ἐξ
2709 1969 3041 2042 ἀπροσεξίας
3073 1967 3470 2039 παρέφθειραν,
3501 1968 3707 2021 διεσώ-

2123 2079 2285 2116 σαντο
2317 2062 2376 2116 δὲ
2408 2062 2613 2132 μᾶλλον
2648 2060 2947 2131 σωφρόνως
2978 2061 3206 2123 ἑαυτοὺς
3246 2058 3402 2121 ὅλους
3433 2061 3529 2112 καὶ
3552 2060 3707 2112 ἀπα-

2123 2154 2483 2225 ρατρέπτους,
2508 2152 2584 2216 ὡς
2605 2151 2757 2214 θείας
2790 2151 3001 2222 ὅργανα
3030 2150 3269 2217 φύσεως,
3296 2151 3389 2201 xui
3411 2149 3572 2213 δντας
3603 2152 3708 2204 xui

2120 2246 2522 2315 γενησομένους
2570 2243 2794 2307 ειδότες,
2832 2242 2929 2306 οὒς
2969 2241 3038 2294 δι’
3080 2241 3203 2294 ὅλου
3250 2241 3371 2303 ὅλος
3404 2243 3644 2310 περιφὺς
3674 2244 3708 2294 ὁ

2120 2334 2256 2396 Θεὸς
2284 2333 2484 2405 τρόπον
2506 2333 2704 2403 ψυχῆς,
2727 2332 2917 2403 ὥσπερ
2949 2331 3086 2403 μέλη
3128 2330 3380 2401 σώματος
3408 2331 3572 2400 ἄρτια
3606 2334 3706 2383 καὶ

2121 2424 2397 2497 εὔχρηστα
2460 2425 2539 2495 τῷ
2587 2425 2833 2498 Δεσπότῃ
2926 2424 3352 2494 γενησομένους,
3421 2424 3562 2494 πρὸς
3639 2425 3705 2476 τὸ

2120 2517 2310 2573 δοκοῦν
2387 2517 2851 2588 μεταχειρίζεται,
2915 2517 3010 2569 xui
3063 2516 3163 2583 τῆς
3216 2514 3424 2577 οίκείας
3501 2513 3708 2583 πληροῖ

2120 2612 2278 2683 δόξης
2306 2629 2363 2664 τε
2395 2610 2487 2664 xui
2527 2608 2950 2678 μακαριότητος,
2999 2606 3146 2677 ζωὴν
3196 2606 3377 2670 διδοὺς
3418 2606 3513 2659 xui
3539 2623 3704 2676 χαρι-

2123 2704 2349 2774 ζόμενος
2394 2702 2495 2771 τὴν
2519 2699 2691 2754 ἀΐδιόν
2720 2716 2778 2752 τε
2817 2698 2913 2751 καὶ
2953 2698 3346 2767 ἀνεκλάλητον,
3376 2698 3471 2750 xui.
3496 2698 3704 2750 παντά-

2122 2813 2257 2848 πασι
2308 2792 2511 2857 παντὸς
2569 2791 2861 2861 ἐλευθέραν
2918 2790 3306 2860 γνωρίσματος
3356 2794 3702 2860 συστατικῆς

2127 2887 2387 2957 ἰδιότητος
2425 2883 2525 2954 τῆς
2555 2884 2843 2954 παρούσης
2872 2883 2967 2935 καὶ
2993 2882 3082 2935 διὰ
3134 2882 3342 2951 φθορᾶς
3371 2883 3416 2913 ³³
3443 2898 3702 2934 συνιστα-

446 2980 707 3024 aeternam
740 2987 849 3025 non
878 2987 974 3026 aer
1002 2974 1298 3042 inspirans,
1339 2992 1517 3046 neque
1549 2978 1830 3049 sanguinis
1857 2980 2017 3035 rivuli

2127 2979 2293 3049 μένης
2317 2978 2484 3047 ζωῆς,
2511 2976 2579 3046 ἢν
2615 2974 2715 3028 οὐκ
2744 2973 2853 3045 ἀὴρ
2890 2973 3297 3043 είσπνεόμενος,
3331 2971 3439 3025 οὐδ’
3466 2973 3703 3042 αἷματος

448 3062 646 3130 hepate
676 3062 909 3118 ﬂuentes
955 3066 1323 3131 constituunt,
1377 3068 1472 3122 sed
1524 3069 1670 3125 Deus
1710 3079 1856 3124 totus
1888 3071 2019 3125 totis

448 3151 833 3221 participatns,
866 3162 921 3208 et
949 3155 1145 3210 animae
1167 3157 1221 3210 in
1246 3158 1469 3212 modum
1506 3159 1574 3233 ad
1598 3174 1799 3230 corpus
1825 3161 2022 3215 animae

448 3249 505 3295 et
532 3259 631 3311 per
648 3244 882 3298 mediam
913 3246 1151 3300 animam
1174 3248 1241 3301 ad
1256 3263 1456 3318 corpus
1481 3250 1681 3314 factus,
1704 3251 1849 3306 sicut
1867 3252 2022 3306 novit

450 3333 588 3401 ipse,
622 3343 681 3388 ut
728 3350 793 3389 ea
843 3336 1067 3406 quidem
1117 3338 1703 3395 ineonversibilitatem
1761 3342 2017 3411 accipiat,

450 3423 582 3477 illud
613 3440 746 3478 vero
784 3425 1277 3492 immortalitatem,
1306 3439 1362 3483 et
1401 3437 1550 3483 totus
1594 3430 1761 3484 homo
1795 3430 2021 3486 deiﬁce-

451 3522 541 3567 tur
572 3529 670 3582 per
707 3514 1047 3570 inhumanati
1111 3517 1208 3572 Dei
1252 3519 1482 3589 gratiam
1508 3520 1850 3587 deiﬁcantis;
1875 3530 2023 3577 totus

449 3606 673 3675 quidem
700 3607 865 3663 homo
888 3624 1117 3665 manens
1140 3613 1439 3667 secundum
1475 3614 1712 3668 animam
1742 3623 1797 3669 et
1821 3630 2023 3685 corpus

449 3713 549 3767 per
577 3706 854 3763 naturam,
883 3709 940 3753 et
970 3708 1118 3755 totus
1152 3703 1328 3759 factus
1377 3706 1523 3761 Deus
1568 3707 1875 3761 secundum
1906 3709 2023 3761 ani-

451 3802 594 3839 mam
626 3795 683 3841 et
711 3803 909 3857 corpus
941 3806 1038 3859 per
1065 3795 1324 3861 gratiam,
1361 3805 1417 3850 et
1467 3798 1888 3852 convenientem
1915 3798 2021 3852 sibi

449 3891 550 3944 per
579 3884 753 3931 totum
790 3878 1032 3935 divinam
1064 3882 1238 3938 beata:
1287 3885 1474 3955 gloriae
1522 3878 1848 3947 claritatem,
1898 3895 2024 3955 post

448 3984 611 4037 quam
640 3969 777 4024 nihil
801 3980 886 4026 est
934 3974 999 4026 ad
1060 3975 1478 4046 intelligendum
1525 3978 1767 4033 lucidius
1800 3990 1896 4033 aut
1930 3996 2018 4035 ex-

449 4059 671 4115 celsius.
710 4061 851 4127 Quid
887 4063 1032 4117 enim
1068 4064 1334 4135 θεώσεως,
1369 4066 1423 4120 id
1451 4075 1535 4121 est
1565 4066 1912 4122 deiﬁcatione
1934 4069 2023 4123 di-

448 4149 569 4218 gnis
597 4152 912 4217 amabilius,
944 4169 1042 4223 per
1070 4171 1233 4224 quam
1268 4156 1415 4209 Deus
1463 4157 1571 4211 diis
1626 4157 1787 4213 factis
1831 4159 2025 4217 unitos

449 4242 675 4297 omnino
708 4245 1128 4300 universitatem
1155 4262 1310 4301 suam
1368 4247 1499 4301 facit
1531 4263 1629 4317 per
1678 4249 2026 4307 bonitatem?

2123 3072 2305 3141 ὀχετοὶ
2350 3066 2444 3122 τοῦ
2506 3068 2716 3137 ἥπατος
2757 3064 3127 3136 ἀπορρέοντες
3173 3063 3517 3127 συνιστῶσιν,
3565 3064 3703 3116 ἀλλά

2123 3162 2255 3225 Θεὸς
2274 3160 2392 3223 ὅλος
2418 3160 2559 3221 ὅλοις
2593 3157 2974 3229 μετεχόμενος,
3007 3155 3104 3208 xui
3129 3154 3310 3225 ψυχῆς
3339 3154 3543 3225 τρόπον
3564 3155 3704 3225 πρὸς

2127 3253 2285 3322 σῶμα
2314 3254 2381 3323 τῇ
2415 3251 2584 3321 ψυχῇ,
2618 3250 2711 3303 xui
2734 3247 2822 3301 διά
2852 3248 3028 3319 μέσης
3059 3246 3238 3317 ψυχῆς
3267 3246 3406 3316 πρὸς
3437 3245 3597 3316 σῶμα
3626 3262 3707 3314 γι-

2124 3340 2370 3414 νόμενος,
2396 3344 2470 3405 ὡς
2508 3340 2649 3396 οἶδεν
2679 3339 2861 3404 αὐτὸς,
2895 3338 2960 3392 ἶν’
2979 3341 3012 3408 ή
3043 3338 3142 3408 μὲν
3172 3338 3435 3409 ἀτρεψίαν
3462 3338 3704 3407 δέξηται,

2124 3436 2184 3489 τὸ
2228 3435 2286 3488 δὲ
2315 3433 2635 3497 ἀθανασίαν,
2668 3431 2763 3485 xui
2800 3431 2918 3494 ὅλος
2959 3429 3249 3500 ἄνθρωπος
3300 3428 3481 3499 θεωθῇ
3508 3433 3577 3500 τῇ
3608 3429 3709 3482 τοῦ

2124 3525 2654 3595 ἐνανθρωπήσαντος
2682 3521 2820 3575 Θεοῦ
2863 3522 3047 3591 χάριτι
3082 3519 3552 3593 θεουργούμενος,
3583 3520 3712 3583 ὅλος

2128 3617 2227 3687 μὲν
2256 3614 2544 3685 ἄνθρωπος
2578 3612 2754 3683 μένων
2784 3610 2926 3665 κατά
2964 3609 3144 3680 ψυχὴν
3173 3610 3270 3663 xui.
3302 3609 3462 3679 σῶμα
3492 3610 3585 3664 διὰ
3606 3610 3710 3679 τὴν

2125 3707 2308 3777 φύσιν,
2337 3706 2431 3759 xui
2454 3705 2572 3768 ὅλος
2601 3704 2784 3774 (127
2812 3703 2864 3771 ὁ)
2920 3700 3208 3772 γινόμενος
3238 3700 3375 3764 Θεὸς
3411 3702 3554 3755 κατὰ
3600 3702 3708 3771 ψυ-

2125 3796 2224 3866 χὴν
2251 3795 2344 3847 καὶ
2376 3793 2539 3865 σῶμα
2558 3793 2649 3847 διὰ
2670 3793 2766 3863 τὴν
2792 3792 2967 3863 χάριν
3012 3791 3107 3845 xui.
3153 3791 3254 3861 τὴν
3309 3792 3711 3863 ἐμπρέπουσαν

2126 3885 2275 3955 αὐτῷ
2300 3885 2475 3938 διόλου
2509 3884 2661 3939 θείαν
2694 3885 2793 3954 τῆς
2825 3883 3102 3954 μακαρίας
3127 3882 3285 3953 δόξης
3314 3883 3708 3953 λαμπρότητα,

2130 3977 2248 4048 μεθ’
2265 3976 2331 4047 ἣν
2351 3977 2451 4030 ούκ
2471 3976 2586 4029 ἐστι
2610 3993 2663 4028 τι
2684 3975 2969 4044 ἐπινοῆσαι
2985 3974 3361 4045 λαμπρότερον
3385 3974 3417 4044 ἦ
3441 3975 3710 4045 ὑψηλότε-

2129 4081 2242 4135 ρον.
2277 4063 2341 4116 Τί
2363 4065 2471 4135 γὰρ
2489 4058 2735 4126 θεώσειιῖς,
2766 4064 2880 4126 τοῖς
2909 4062 3084 4128 ἀξίοις
3107 4060 3544 4132 ἐρασμιώτερον,
3574 4063 3702 4115 καθ’

2126 4156 2193 4226 ἢν
2230 4157 2258 4208 ὁ
2290 4154 2421 4218 Θεὸς
2443 4155 2584 4217 θεοῖς
2616 4152 2929 4224 γενομένοις
2955 4152 3244 4222 ὲνούμενος
3273 4151 3337 4204 τὸ
3372 4153 3482 4205 πᾶν
3505 4151 3707 4205 ἑαυτοῦ

2128 4248 2361 4300 ποιεῖται
2389 4246 2459 4300 δι’
2486 4245 2799 4315 ἀγαθότητα
2831 4262 2845 4310 ;
2876 4245 2968 4297 Διὸ
2990 4244 3084 4313 xui
3136 4244 3333 4314 ἡδονὴν
3380 4243 3475 4296 xui
3526 4245 3709 4296 πεῖσιν

423 4355 426 4360 -
450 4332 526 4386 Ac
550 4349 648 4403 per
668 4334 773 4389 hoc
803 4336 1227 4394 delectationem
1256 4347 1312 4394 et
1336 4340 1643 4409 passionem
1677 4352 1733 4397 et
1761 4343 2017 4413 gaudium

2128 4338 2224 4389 xui
2250 4336 2426 4407 χαρὰν
2462 4335 2645 4397 καλῶς
2666 4335 2958 4404 ὠνόμασαν
2999 4334 3096 4406 τὴν
3120 4334 3407 4405 τοιαύτην.
3427 4335 3707 4388 καταστα-

450 4422 590 4478 bene
627 4426 1027 4483 nominaverim
1053 4430 1214 4484 talem
1243 4438 1445 4484 statum
1489 4431 1586 4500 qui
1629 4442 1715 4487 est
1745 4448 1844 4502 per
1877 4434 2020 4488 divi-

451 4532 575 4570 nam
610 4518 863 4573 notitiam
894 4529 947 4575 et
973 4530 1402 4590 consequentem
1435 4537 1493 4577 se
1516 4523 1718 4578 laetitiae
1748 4524 2018 4579 fructum:

449 4607 870 4665 delectationem
898 4613 1122 4682 quidem
1159 4614 1379 4679 merito,
1425 4615 1555 4669 dum
1588 4616 1661 4670 sit
1689 4615 1811 4671 ﬁnis
1858 4627 2022 4671 natu-

450 4698 647 4755 ralium
671 4703 1075 4769 operationum.
1112 4703 1202 4759 Sic
1234 4704 1382 4758 enim
1433 4704 1856 4760 delectationem
1884 4706 2021 4761 deﬁ-

450 4791 648 4855 niunt;
700 4793 1006 4860 passionem
1069 4809 1202 4848 vero
1253 4794 1424 4848 veluti
1477 4795 1866 4849 extendentem
1907 4797 2020 4859 vir-

451 4884 623 4930 tutem
654 4886 709 4931 et
741 4878 807 4931 ad
840 4879 891 4932 id
918 4880 1065 4949 quod
1099 4881 1229 4935 facit
1251 4880 1303 4934 id
1326 4881 1471 4951 quod
1502 4881 1711 4950 patitur
1748 4882 2019 4937 inducen-

451 4976 585 5031 tem,
604 4969 905 5023 secundum
933 4971 1198 5026 redditam
1218 4974 1362 5027 acris
1387 4973 1453 5027 ad
1471 4974 1650 5027 lucem
1676 4984 1733 5029 et
1747 4974 1812 5028 ad
1839 4975 2019 5045 ignem

454 5056 586 5111 [εειτὶ
630 5058 1116 5129 paradigmaticam
1146 5079 1390 5129 causam,
1422 5072 1477 5133 et
1503 5064 1828 5119 credibilem
1856 5074 2016 5118 natu—

2132 4447 2237 4500 σιν,
2271 4428 2368 4499 τὴν
2400 4431 2467 4500 τῇ
2516 4427 2639 4499 θείᾳ
2684 4429 3013 4497 κατανοήσει
3059 4426 3155 4479 xui
3187 4428 3253 4497 τῇ
3285 4427 3531 4497 ἑπομένῃ
3565 4427 3707 4497 αὐτῇ

2127 4499 2226 4589 τῆς
2277 4499 2619 4590 εὐφροσύνης
2657 4518 2977 4583 ἀπολαύσει,
3013 4517 3207 4588 ἡδονὴν
3266 4518 3384 4587 μὲν,
3427 4517 3503 4580 ὡς
3554 4517 3708 4579 τέλος

2129 4606 2294 4671 οὖσαν
2344 4608 2454 4661 τῶν
2498 4609 2640 4661 κατά
2692 4607 2857 4677 φύσιν
2910 4607 3202 4677 ἐνεργειῶν
3229 4606 3394 4675 (οὕτω
3438 4607 3549 4677 γὰρ
3606 4605 3708 4675 τὴν

2130 4700 2322 4772 ἡδονὴν
2357 4700 2675 4770 ὁρίζονται),
2717 4701 2898 4753 πεῖσιν
2932 4698 2989 4752 δὲ
3031 4699 3107 4761 ὡς
3163 4698 3493 4768 ἐκστατικὴν
3549 4696 3714 4750 δύναο

2134 4811 2248 4863 μιν,
2273 4792 2407 4861 πρὸς
2432 4792 2494 4844 τὸ
2520 4790 2705 4845 ποιοῦν
2734 4791 2795 4844 τὸ
2816 4791 3025 4861 πάσχον
3056 4791 3361 4858 ὲνάγουσαν
3385 4828 3400 4852 ,
3432 4789 3574 4841 κατά
3606 4787 3711 4858 τὴν

2128 4881 2480 4935 ἀποδοθεῖσαν
2506 4881 2602 4935 τοῦ
2642 4880 2803 4950 ἀέρος
2836 4880 2975 4952 πρὸς
3017 4881 3077 4933 τὸ
3110 4879 3226 4947 φῶς
3273 4880 3371 4932 xui
3399 4878 3496 4931 τοῦ
3533 4878 3708 4946 πυρὸς

2131 4975 2264 5044 πρὸς
2310 4974 2400 5026 τὸν
2461 4975 2680 5044 σίδηρον
2710 4972 2755 5004 ³⁸
2787 4973 3300 5043 παραδειγματικὴν
3355 4972 3536 5024 αἰτίαν
3564 5013 3578 5037 ,
3611 4971 3710 5025 xui.

2129 5066 2421 5119 πείθουσα-ι
2476 5066 2720 5134 φυσικῶς
2770 5066 2864 5118 xui
2913 5064 3126 5132 ἀληθῶς
3188 5064 3263 5135 μὴ
3309 5065 3438 5119 ἀλλο
3483 5058 3707 5131 τιεῖναι

1741 5175 1970 5231 VARIIE
2011 5174 2412 5230 LECTIONES.

547 5259 978 5349 'f-eoeu-Eoe‘ﬁqut
1011 5265 1108 5334 μὲν
1128 5267 1216 5321 ed.
1247 5266 1363 5323 Gal.
1389 5269 1471 5325 Ab
1502 5271 1692 5326 eadem
1715 5273 1913 5327 absunt
1944 5273 2109 5328 verba
2132 5270 2482 5339 κατὰφύσιν.
2559 5275 2600 5305 ¹⁸
2627 5272 2918 5340 διαφθορᾶς
2949 5268 3069 5324 cod.
3099 5268 3245 5324 Gud.
3328 5269 3368 5302 “
3398 5270 3456 5323 τὸ
3476 5269 3705 5349 πῦρρτοῦ

461 5327 678 5397 σιδήρου
709 5330 795 5383 cd.
816 5327 942 5385 'G'al.

1952 5434 2176 5490 NOTAE.

474 5508 599 5634 “Ep
798 5520 1074 5652 principali
1106 5526 1392 5595 exemplari
1419 5530 1635 5591 icom‘m,
1667 5532 2019 5597 permittentes

2201 5529 2272 5596 (g)
2316 5530 2474 5584 Verte
2514 5529 2874 5599 complectens.
2909 5520 3101 5595 tGale.)
