4066 6150
352 291 489 356 1089

1599 285 1835 346 AMBIG
1845 284 2120 346 UORUM
2158 287 2410 348 LIBER.

3459 285 3608 363 1090

345 405 498 476 παρά
518 401 740 457 τοῦτο¹⁵
775 399 882 455 τῶν
933 399 1104 455 ὄντων
1159 391 1537 470 κεφάλαιον,ᾗ
1591 398 1651 450 τὸ
1713 397 1919 459 ἀπαθὲς

2029 400 2228 465 raliter
2253 416 2318 456 ac
2354 417 2506 469 vere,
2535 418 2716 474 neque
2742 405 2891 460 aliud
2927 393 3061 476 quid
3101 421 3245 475 esse,
3277 417 3478 479 praeter
3506 411 3612 468 hoc

340 499 570 562 δεόντως
631 496 937 558 ἀκολουθεῖ,
1004 495 1181 565 χαρὰν
1225 494 1282 545 δὲ
1337 492 1411 554 ὡς
1471 490 1637 560 μηδὲν
1689 490 1919 559 ἔχουσαν

341 590 718 658 ἀντικείμενον
747 587 885 658 μήτε
913 585 1184 656 παρελθὸν
1210 584 1346 653 μήτε
1375 581 1724 652 μέλλον..Τὴν
1745 579 1919 650 χαρὰν

251 703 257 710 ·
342 683 452 751 γάρ
496 697 630 749 φασι
663 679 706 709 ⁸⁸
740 680 880 749 μήτε
925 677 1106 746 λύπην
1166 675 1493 726 ἐπίστασθαι
1521 672 1916 742 παρελθοῦσαν,

346 775 484 844 μήτε
512 772 602 826 τὸν
625 769 885 839 ὲκφόὸου
927 769 1088 838 κόρον
1131 764 1484 834 ἐπιδέχεσθαι
1527 763 1918 835 προσδοκώμε-

341 882 454 932 νον,
476 863 666 934 ῶσπερ
697 865 730 933 ἡ
762 859 1116 933 ἡδονή.”υθεν
1147 860 1241 912 καὶ
1265 859 1340 921 ὡς
1373 856 1714 928 ὲνδεικτικὴν
1749 871 1918 925 προσ-

341 957 573 1028 ηγορίαν
615 956 716 1024 τῆς
757 951 1060 1024 μελλούσης
1108 949 1370 1020 ἀληθείας
1419 947 1774 1018 ὑπάρχουσαν
1823 945 1918 1016 τὴν

343 1049 519 1119 χαρὰν
552 1045 838 1117 ἐκύρωσαν
867 1039 1147 1112 πανταχοῦ
1189 1039 1244 1092 οἵ
1281 1048 1341 1092 τε
1372 1037 1722 1116 θεόπνευστοι
1767 1035 1916 1103 λόγοι

232 1132 254 1142 ”
342 1110 438 1195 καί
474 1141 524 1193 οἱ
555 1138 615 1203 ἐξ
636 1110 819 1191 αὐτῶν
845 1136 914 1190 τὰ
947 1110 1081 1188 θείαν
1101 1131 1450 1202 σοφισθέντες
1500 1110 1777 1202 μυστήρια
1805 1128 1915 1179 Ila-

339 1233 500 1303 τέρες
559 1228 826 1303 ήμρν.Εί
870 1226 1053 1280 τοίνυν
1075 1224 1151 1288 ῶς
1204 1225 1262 1277 ἐν
1315 1223 1612 1294 ἐπιδρομῇ,
1641 1221 1764 1273 κατ’
1814 1217 1916 1288 ἐμὲ

339 1296 506 1392 φάναι
536 1296 651 1372 ὢν.
672 1317 889 1388 μικρὸν,
922 1314 1166 1386 φυσικῶς
1188 1330 1250 1366 τε
1291 1313 1388 1368 καὶ
1417 1311 1708 1384 Γραφικῶς
1745 1309 1786 1340 ⁸⁷
1822 1307 1917 1360 καὶ

339 1409 632 1481 [ἰατρικῶς
660 1409 950 1474 δέδεικται,
988 1407 1069 1470 ὼς
1095 1404 1249 1458 οὐδὲν
1280 1403 1392 1458 τῶν
1437 1399 1684 1472 γενητῶν
1717 1399 1761 1431 ⁸⁸
1797 1395 1914 1450 πώ-

343 1517 478 1556 ποτε
511 1497 834 1568 κινούμενον
875 1496 1028 1564 ἔστη,
1054 1493 1176 1546 οὐδὲ
1204 1493 1304 1562 τῆς
1335 1490 1526 1562 (128
1555 1489 1611 1560 ιι)
1631 1491 1922 1549 ὲπάὒτδη

341 1594 484 1648 κατά
529 1591 620 1645 τὸν
673 1590 814 1643 θεῖον
863 1588 1064 1642 σκοπὸν
1101 1584 1402 1639 ἐπελάϐετο
1441 1583 1671 1653 λήξεως,
1704 1581 1840 1649 πρὸς
1861 1577 1918 1630 δὲ

341 1684 552 1747 τούτοις
581 1684 674 1736 καὶ
695 1681 768 1744 ὡς
804 1681 1088 1751 ἀμήχανον
1113 1677 1294 1754 τῆςὲν
1314 1674 1393 1744 τῷ
1415 1673 1544 1744 Θεῷ.
1559 1673 1919 1742 μονιμότητος

2025 507 2222 546 eorum
2249 504 2522 563 quar'sunt
2547 497 2851 566 capitulum
2897 499 3026 569 (hoc
3055 507 3142 553 est
3173 501 3612 554 consummatio-

2025 592 2203 652 nem),
2260 601 2425 654 quam
2501 588 2922 657 impassibilitas
2968 599 3279 659 opportune
3327 591 3610 660 sequitur;

2023 676 2286 744 gaudium
2315 693 2536 749 quoque
2557 682 2700 751 jure,
2741 683 2872 736 dum
2907 683 3046 737 nihil
3088 683 3288 738 habeat
3318 691 3614 750 contrapo-

2021 767 2210 833 situm,
2237 784 2412 838 ncquc
2449 773 2788 840 praeteritum
2815 789 2994 843 neque
3028 775 3318 838 futurum;
3350 771 3613 842 gaudium

2021 857 2171 910 enim
2222 860 2418 914 dicunt
2463 878 2642 932 neque
2699 865 2979 919 tristitiam
3037 880 3200 918 nosse
3232 863 3609 933 praeteritam,

2021 963 2202 1018 neque
2223 965 2291 1004 ex
2316 953 2508 1007 timore
2534 956 2845 1010 satietatem
2863 966 3220 1026 accepturum
3246 954 3316 1008 iri
3359 962 3614 1023 spectan-

2023 1038 2173 1104 dam,
2201 1042 2348 1096 sicut
2383 1043 2702 1100 delectatio.
2750 1047 2906 1102 Unde
2961 1047 3129 1102 etiam
3171 1045 3610 1101 veluti'demon-

2022 1133 2306 1186 strativam
2326 1137 2754 1205 appellationem
2789 1138 2988 1193 futura:
3011 1139 3264 1194 veritatis
3295 1138 3610 1193 subsisten-

2017 1230 2131 1277 tem
2151 1223 2520 1282 decreverunt
2541 1227 2747 1296 ubique
2771 1237 2828 1280 et
2857 1243 2888 1280 a
2907 1227 3022 1282 Deo
3045 1216 3300 1298 inspirati
3318 1243 3607 1284 sermones

2016 1323 2074 1368 ει
2105 1330 2174 1370 ex
2198 1317 2280 1370 eis
2308 1316 2495 1370 divina
2519 1319 2799 1387 sapientes
2855 1319 3115 1389 mysteria
3169 1321 3359 1376 Patres
3404 1319 3605 1378 nostri.

2017 1407 2208 1478 Itaque
2233 1409 2702 1478 quemadmodum
2730 1411 2787 1464 in
2839 1413 3074 1467 transitu
3123 1422 3354 1482 apparet
3381 1429 3479 1482 per
3509 1425 3600 1468 me
3657 1462 3664 1469 .

2024 1500 2332 1569 paululum,
2361 1509 2418 1556 et
2437 1503 2769 1556 naturaliter
2797 1511 2855 1556 et
2898 1518 2996 1572 per
3049 1503 3390 1573 Scripturam
3441 1504 3515 1574 (Ιι)
3551 1512 3608 1557 ει

2025 1591 2217 1645 Patres
2238 1599 2523 1646 ostensum
2552 1601 2658 1659 est,
2687 1595 2966 1664 quomodo
2995 1596 3208 1648 nullum
3264 1611 3458 1650 eorum
3488 1611 3610 1665 qua:

2026 1683 2170 1736 facta
2199 1692 2349 1748 sunt,
2392 1700 2635 1754 unquam
2665 1686 2812 1740 sistit
2838 1697 3014 1753 motu,
3047 1704 3230 1758 neque
3255 1689 3310 1742 in
3333 1705 3390 1744 se
3420 1705 3612 1744 secun-

342 1777 448 1832 τῶν
477 1776 814 1848 ἀξιουμένων
835 1771 1271 1846 παρεγκλιθῆναι
1295 1768 1358 1823 τὸ
1389 1767 1640 1838 βάσιμον.
1665 1763 1789 1826 Πῶς
1811 1763 1919 1831 γάρ

2027 1775 2159 1828 dum
2184 1775 2430 1830 divinam
2460 1777 2896 1847 speculationem
2920 1780 3133 1849 accepit
3164 1781 3429 1850 quietem,
3485 1796 3611 1834 cum

342 1871 458 1924 ἐστι
485 1869 734 1937 δυνατὸν,
776 1866 866 1921 ἵνα
895 1867 1009 1928 τοῖς
1043 1863 1358 1935 εἰρημένοις
1389 1859 1594 1932 μικράν
1629 1873 1749 1910 τινα
1779 1855 1916 1926 πρὸς

343 1963 632 2036 βεϐαίωσιν
680 1961 778 2034 τὴν
826 1962 892 2014 ὲκ
931 1957 1211 2026 λογισμῶν
1248 1955 1430 2024 δῶμεν
1479 1951 1758 2022 βοήθειαν,
1791 1949 1918 2010 τοὺς

344 2057 496 2122 ἅπαξ
543 2058 600 2109 ὲν
635 2053 713 2127 τῷ
737 2052 858 2124 Θεῷ
892 2037 1248 2121 ὑπαρκτίκῶς
1283 2045 1610 2116 γενομένους
1637 2043 1728 2095 τὸν
1759 2041 1917 2110 ὑϐρι-

344 2151 476 2220 στὴν
531 2147 676 2202 κο.τά
712 2146 812 2217 τὴν
851 2146 1036 2214 ἔφεσιν
1079 2137 1447 2204 ὑποδέξασθαι
1495 2135 1678 2206 κόρον,
1714 2130 1918 2192 παντὸς

343 2242 508 2310 κόρου
533 2239 672 2292 κατὰ
690 2237 782 2291 τὸν
807 2237 934 2290 ἴδιον
963 2235 1120 2304 λόγον
1149 2249 1208 2286 τε
1240 2230 1336 2284 καὶ
1370 2230 1496 2300 ὅρον
1525 2225 1758 2299 ὀρέξεως
1791 2237 1920 2289 τυγ-

345 2334 597 2402 χάνοντος
647 2327 958 2394 σ6εστικοῦ,
985 2327 1078 2390 καὶ
1126 2323 1268 2377 κατὰ
1299 2319 1395 2375 δύο
1447 2313 1842 2384 συνισταμένου
1872 2311 1917 2342 ²⁰

343 2425 598 2496 τρόπους.
633 2425 702 2476 Ἦ
734 2423 845 2494 γὰρ
875 2420 947 2474 τὰ
977 2419 1314 2488 ὑποκείμενα
1337 2414 1412 2477 ὡς
1448 2409 1622 2484 μικρὰ
1646 2406 1918 2480 περιγρὰ-

258 2500 264 2518 ’
345 2534 523 2586 φουσα
554 2519 588 2588 ἡ
617 2516 796 2589 ὄρεξις
833 2515 1140 2578 σϐέννυται,
1173 2513 1207 2582 ἢ
1239 2505 1580 2598 ἀτιμαζουσα
1609 2505 1684 2598 ῶς
1714 2499 1918 2598 αἰσχρά

345 2627 406 2664 τε
442 2609 538 2664 καὶ
581 2609 796 2678 εἰδεχθῆ
851 2605 1223 2676 βδελύσσεται,
1253 2602 1344 2670 ὑφ’
1371 2594 1446 2653 ὧν
1491 2594 1524 2650 ’ὁ
1575 2597 1733 2666 κόρος
1774 2594 1920 2661 γίνε-

349 2704 476 2754 σθαι
502 2677 765 2768 πέφυκεν.
788 2677 864 2751 7'0
893 2697 950 2750 δὲ
976 2697 1110 2759 Θεὸς
1133 2694 1294 2764 φύσει
1327 2691 1590 2761 ὑπάρχων
1611 2685 1835 2756 ἄπειρός
1858 2701 1919 2736 τε

347 2793 442 2846 καὶ
463 2791 640 2859 τίμιος
667 2790 958 2843 ἐπιτείνειν
983 2790 1181 2858 μᾶλλον
1211 2785 1320 2838 τῶν
1345 2783 1728 2836 ἀπολαυόντων
1753 2776 1916 2829 αὐτοῦ

343 2885 432 2938 διὰ
455 2885 555 2952 τῆς
591 2883 828 2953 μετοχῆς
855 2882 993 2952 π’ρὺς
1021 2880 1082 2932 τὸ
1105 2879 1358 2950 ἀόριστον
1385 2873 1484 2944 τὴν
1516 2872 1696 2940 όρεὶςιν
1747 2883 1919 2933 πεφυ-

345 2989 464 3028 κεν.
497 2973 560 3026 Εῖ
593 2973 650 3026 δὲ
683 2973 830 3025 τοῦτ’
862 2971 1061 3042 ἀληθὲς
1085 3012 1100 3034 ,
1135 2969 1327 3038 ὥσπερ
1365 2963 1458 3018 οὖν
1497 2965 1592 3015 καὶ
1626 2965 1792 3024 ἐστιν,
1819 2959 1922 3010 οὐκ

343 3061 414 3136 ἦν
448 3063 558 3134 ἄρα
585 3065 618 3134 ἡ
659 3062 925 3132 λεγομένη
961 3063 1086 3123 sva;
1109 3059 1217 3113 τῶν
1239 3056 1474 3124 λογικῶν
1502 3055 1545 3085 ἰ
1570 3093 1585 3118 ,
1613 3053 1734 3120 ἥτις
1762 3047 1920 3116 κόρον

2025 1863 2112 1917 his
2143 1879 2386 1932 quoque,
2421 1865 2702 1934 quomodo
2725 1867 3068 1936 impossibile
3097 1878 3181 1922 cst
3235 1870 3290 1922 in
3333 1871 3444 1924 Deo
3481 1885 3610 1940 per-

2024 1957 2330 2011 mansionis
2350 1942 2646 2028 dignorum
2685 1960 3020 2029 reprehendi
3070 1958 3408 2016 ﬁrmitatem.
3459 1965 3610 2029 Quo-

2026 2047 2194 2102 modo
2215 2049 2361 2102 enim
2406 2060 2492 2104 est
2545 2051 2832 2120 possibile,
2893 2063 2952 2106 ut
3003 2053 3088 2106 his
3131 2069 3252 2122 qua:
3301 2054 3446 2108 dicta
3479 2065 3612 2114 sunt

2025 2153 2254 2209 parvum
2285 2141 2561 2210 quoddam
2587 2143 2656 2196 ad
2693 2145 3172 2198 conﬁrmationem
3213 2161 3282 2199 ex
3312 2145 3610 2201 ratiocina-

2028 2231 2278 2286 tionibus
2305 2233 2498 2288 dcmus
2540 2235 2900 2306 adjutorium,
2931 2238 3096 2290 semel
3115 2237 3189 2300 ,in
3214 2237 3326 2292 Deo
3356 2237 3613 2292 substan-

2026 2323 2232 2378 tialiter
2261 2324 2433 2379 factos
2463 2325 2734 2396 ingratam
2773 2343 2873 2396 per
2931 2327 3278 2382 desiderium
3329 2331 3609 2400 accepisse

2025 2413 2356 2480 Satielatem,
2395 2416 2525 2470 dum
2573 2419 2754 2472 omnis
2810 2406 3054 2482 satietas,
3101 2425 3406 2474 secundum
3451 2436 3607 2475 suam

2027 2504 2298 2560 rationem
2349 2516 2408 2564 et
2459 2507 2841 2564 deﬁnitionem
2905 2511 3206 2564 constituta
3267 2511 3608 2567 desiderium

2025 2597 2360 2668 exstinguat,
2387 2607 2444 2652 et
2468 2599 2774 2653 secundum
2807 2599 2948 2655 duos
2982 2602 3353 2656 constituatur
3393 2604 3606 2657 modos.

2027 2689 2138 2741 Aut
2177 2688 2331 2742 enim
2367 2704 2488 2758 qua:
2513 2690 2756 2761 subjecta
2788 2700 2916 2746 sunt
2956 2693 3122 2747 veluti
3153 2709 3320 2762 parva
3365 2694 3607 2748 cireum-

2027 2779 2279 2834 scribens
2309 2780 2648 2835 desiderium
2681 2783 3000 2852 exstinguit,
3033 2793 3412 2858 autspernens
3433 2785 3607 2839 veluti

2029 2870 2213 2939 mrpia
2243 2885 2308 2924 ac
2337 2871 2608 2927 deformia
2641 2873 3016 2938 abominatur,
3035 2889 3104 2928 ex
3133 2875 3220 2929 his
3243 2876 3470 2930 satietas
3487 2876 3610 2932 ﬁeri

2027 2961 2334 3015 consuevit.
2359 2962 2506 3016 Dens
2530 2979 2660 3018 vero
2693 2972 2889 3018 natura
2927 2965 3238 3020 subsistens
3271 2966 3520 3022 inﬁnitus
3543 2981 3608 3022 ac

2030 3052 2306 3120 pretiosus
2329 3055 2628 3108 extendere
2663 3055 2834 3126 magis
2864 3056 3166 3111 {ruentium
3199 3073 3256 3113 se
3289 3074 3391 3128 per
3432 3059 3608 3129 parti-

343 3154 590 3208 λαϐοῦσα
615 3154 711 3224 τῆς
740 3155 800 3206 ὲν
827 3154 905 3224 τῷ
937 3151 1056 3222 θεῷ
1088 3150 1451 3222 μονιμὸτητος
1495 3147 1790 3214 ἐμερισυη,
1822 3138 1918 3190 καὶ

2025 3143 2356 3212 cipationem
2389 3145 2458 3198 ad
2511 3146 2565 3199 id
2606 3146 2756 3215 quod
2803 3147 3083 3202 inﬁnitum
3115 3157 3220 3216 est,
3270 3150 3608 3206 desiderium

342 3247 423 3318 τῷ
454 3246 640 3316 οἰκείῳ
670 3243 962 3314 σκεδασμῷ
996 3243 1094 3314 τὴν
1127 3241 1222 3296 τοῦ
1265 3241 1475 3307 κόσμου
1523 3235 1714 3288 τούτου
1763 3231 1918 3298 γενε-

345 3355 432 3391 σιν
463 3336 883 3406 συνεισήγαγεν,
909 3333 997 3386 ἵνα
1025 3331 1102 3402 μὴ
1137 3330 1196 3384 τὸ
1238 3327 1442 3398 ἀγαθὸν
1472 3325 1918 3395 ὲμπερίγραῖιτον

343 3426 636 3497 ποιώμεθα
673 3427 769 3478 καὶ
793 3425 1013 3494 ἄτιμον,
1045 3423 1120 3484 ὡς
1149 3421 1297 3490 κόρῳ
1321 3419 1427 3471 τινὶ
1469 3413 1920 3485 περιοριζόμενον

343 3523 438 3577 καὶ
463 3520 708 3580 στάσεως
741 3516 913 3570 αἴτιον
945 3515 1225 3582 γινόμενον
1255 3510 1506 3572 ἐκείνοις,
1535 3502 1610 3564 ὧν
1639 3520 1740 3574 την
1787 3503 1920 3569 ἐφε-

344 3631 428 3667 σιν
468 3613 734 3681 ἀκίνητον
786 3611 1008 3678 κρατεῖν
1057 3606 1118 3658 οὐ
1169 3602 1454 3672 δεδύνηται
1487 3599 1554 3652 ³³.
1585 3597 1695 3651 Καὶ
1743 3595 1920 3663 μάτην

339 3705 540 3758 λοιπόν
589 3719 734 3766 τινες
775 3701 984 3770 ταύτην
1030 3698 1403 3760 θεσπίζουσιν,
1437 3691 1510 3751 ὡς
1538 3690 1730 3761 ἔμοιγε
1753 3686 1921 3748 δοκεῖ,

337 3799 408 3851 τὰ
448 3798 538 3868 μὴ
565 3795 694 3850 ὅντα
721 3793 1079 3862 πλαττόμενοι
1099 3829 1114 3854 ,
1143 3790 1237 3843 καὶ
1267 3787 1330 3840 τὸ
1372 3785 1438 3856 δὴ
1469 3783 1661 3837 τούτου
1694 3778 1924 3850 βαρύτε-

337 3906 457 3960 ρον,
489 3888 599 3940 καὶ
616 3886 708 3939 τοῦ
742 3884 1016 3956 μακαρίου
1041 3885 1232 3936 τοὰτου
1259 3877 1466 3949 πατρὸς
1489 3877 1562 3936 ὡς
1593 3873 1766 3926 ταῦτα
1791 3886 1924 3938 φρο-

337 3982 574 4042 νοῦντος
603 3977 1088 4048 καταψευδόμενοι,
1127 3966 1274 4043 ὲφίἶ)
1315 3971 1390 4043 μὴ
1421 3968 1579 4040 μόνον
1611 3967 1808 4024 αὐτοὺς
1861 3966 1925 4012 ἐκ

343 4074 622 4146 προτέρου
673 4072 846 4132 ειδους
875 4069 1018 4139 ζωῆς
1043 4071 1148 4130 τὰς.
1171 4063 1347 4136 ψυχὰς
1373 4063 1473 4154 είς,
1490 4059 1718 4154 σώματα
1753 4055 1926 4154 ἐλθεῖν

346 4165 442 4216 tm
481 4162 729 4234 τιμωρίᾳ
784 4161 894 4214 τῶν
945 4156 1356 4230 προγεγονότων
1417 4151 1605 4224 (128
1638 4147 1691 4218 ὁ)
1738 4147 1926 4198 κακῶν

347 4257 574 4326 φρονεῖν
610 4254 656 4285 ²³
705 4255 790 4306 ἐπ’
823 4252 1006 4314 ἀδείας
1061 4247 1341 4311 δύνασθαι,
1399 4246 1540 4299 ἀλλά
1587 4243 1682 4296 καὶ
1735 4239 1928 4299 ἄλλους

347 4347 570 4416 ἀπατᾷν
594 4345 765 4408 οὓτως
797 4346 942 4416 ἔχειν
971 4343 1210 4411 εὐλόγως
1245 4339 1548 4408 ἐπιχειρεῖν
1575 4334 1665 4387 διὰ
1695 4334 1792 4402 τῆς
1817 4331 1925 4382 τῶν

2023 3237 2331 3291 consuevit.
2364 3237 2422 3292 Si
2453 3247 2638 3290 autem
2665 3239 2770 3314 hoc
2791 3254 3008 3304 verum,
3065 3241 3214 3294 sicut
3255 3250 3312 3295 et
3347 3249 3452 3305 est,
3495 3258 3608 3298 non

2020 3336 2138 3380 erat
2169 3327 2336 3396 igitur
2365 3329 2477 3393 illa,
2521 3327 2645 3397 quai
2685 3330 2830 3383 dicta
2888 3341 2996 3393 est,
3059 3331 3242 3384 unitas
3299 3331 3608 3387 rationabi-

2009 3418 2176 3482 ‘lium,
2210 3435 2333 3488 qua:
2365 3421 2674 3474 satietatem
2699 3420 2978 3488 accipiens
2999 3422 3450 3490 perseverantiae,
3485 3439 3608 3492 qua:

2023 3511 2080 3564 in
2104 3511 2237 3576 Deo,
2269 3513 2472 3581 partita
2494 3520 2598 3576 est,
2619 3521 2675 3566 ct
2704 3528 2772 3566 cx
2803 3513 3028 3582 propria
3056 3514 3388 3568 discissione
3415 3516 3607 3570 mundi

2023 3603 2188 3672 hujus
2244 3601 2660 3671 generationem
2719 3602 3147 3668 cointroduxit;
3202 3619 3273 3658 ne
3334 3605 3606 3674 Optimum

2023 3695 2230 3749 bonum
2262 3694 2748 3762 circumscriptum
2790 3694 3057 3750 faciamus
3078 3705 3136 3749 et
3159 3697 3290 3761 vile,
3318 3698 3490 3751 veluti
3515 3714 3607 3752 sa-

2025 3784 2213 3840 tietate
2240 3782 2478 3852 quadam
2504 3782 3038 3864 circumlinitum,_et
3066 3785 3361 3841 seditionis
3384 3803 3606 3842 causam

2024 3873 2222 3928 factam
2254 3874 2382 3937 illis,
2409 3888 2648 3942 (lucrum
2699 3874 3060 3941 desiderium,
3109 3877 3166 3930 id
3217 3878 3367 3946 quod
3399 3878 3609 3933 incom-

2027 3966 2292 4021 mutabile
2325 3975 2428 4030 est,
2458 3975 2644 4020 tenere
2673 3981 2784 4020 non
2805 3967 2986 4035 potuit
3015 3967 3097 4039 (ἱ).
3125 3968 3194 4022 Ει
3212 3983 3282 4022 ne
3309 3969 3608 4022 vanitatem

2028 4059 2192 4114 talem
2217 4059 2441 4128 quidam
2473 4057 2541 4113 de
2569 4067 2768 4112 czetero
2798 4059 3053 4125 adorent,
3106 4070 3166 4113 ut
3202 4059 3338 4113 mihi
3365 4059 3604 4124 videtur,

2025 4166 2091 4204 ea
2111 4165 2234 4220 quae
2259 4166 2369 4204 non
2395 4159 2525 4204 sunt
2548 4147 2836 4218 ﬁngentes,
2868 4158 2925 4204 et
2950 4149 3099 4218 quod
3118 4165 3185 4205 eo
3208 4152 3450 4220 gravius,
3474 4151 3576 4204 bea
3593 4179 3607 4189 -

2029 4250 2146 4295 tum
2178 4241 2328 4295 hunc
2349 4241 2592 4305 Patrem,
2636 4241 2808 4294 Veluti
2855 4241 2984 4294 talia
3018 4242 3344 4310 sapientem,
3403 4246 3610 4295 catum-

2028 4333 2276 4399 nientur,
2343 4333 2397 4386 in
2437 4347 2547 4410 quo
2601 4347 2716 4386 non
2765 4333 2943 4387 solum
3007 4347 3068 4387 se
3107 4348 3176 4386 ex
3223 4332 3394 4401 priori
3423 4333 3608 4400 specie

347 4435 666 4509 προσώπων
710 4437 1072 4503 ἀξιοπιστίας,
1100 4435 1162 4487 οὐ
1197 4430 1378 4491 καλῶς
1419 4428 1524 4482 οὐδ’
1555 4425 1717 4486 ὁσίως
1753 4424 1919 4492 πράτ-

2029 4424 2156 4479 vita:
2187 4428 2399 4478 animas
2428 4423 2487 4476 in
2537 4438 2771 4493 corpora
2813 4422 3002 4478 venire
3034 4423 3090 4476 in
3123 4423 3388 4477 ultionem
3415 4425 3607 4476 eorum

348 4542 568 4592 τοντας,
617 4527 730 4578 ἀλλ’
765 4528 1005 4590 ἐκείνους
1055 4525 1276 4596 ἔχοντας
1327 4519 1556 4598 ἀφέντες
1603 4517 1678 4578 ὡς
1709 4514 1924 4584 ἔχουσιν

349 4617 510 4670 αὐτοὶ
545 4615 784 4682 εὐσεὸῶς
814 4621 974 4690 ἡμεῖς
996 4617 1090 4669 τὸν
1130 4615 1254 4668 νοῦν
1279 4611 1374 4664 τοῦ
1403 4608 1728 4662 διδασκάλου
1785 4603 1924 4672 πρὸς

348 4710 466 4772 τοῖς
495 4710 806 4780 εἰρημένοις
830 4711 922 4762 και
939 4707 1060 4764 κατ’
1091 4705 1248 4760 ἄλλον
1279 4699 1682 4772 σκοπήσομεν²⁸
1703 4699 1923 4767 τρόπον.

2033 4530 2155 4585 qua:
2178 4524 2304 4568 ante
2338 4520 2655 4584 perpetrata
2681 4523 2810 4566 sunt
2840 4513 3110 4566 malorum
3139 4511 3388 4566 dicentes
3415 4527 3608 4564 conse-

2031 4599 2270 4675 quenter
2303 4613 2559 4674 possunt,
2591 4603 2688 4658 sed
2712 4611 2768 4658 et
2792 4603 2930 4656 alios
2965 4603 3234 4657 seducere
3289 4603 3368 4656 sic
3400 4601 3606 4654 habere

2034 4697 2440 4752 rationabiliter
2466 4694 2720 4750 conando
2751 4710 2849 4764 per
2867 4709 3228 4764 personarum
3249 4692 3604 4762 probitatem,

349 4815 538 4869 neque
567 4801 709 4854 bene
737 4813 916 4870 neque
948 4803 1136 4852 sancte
1159 4803 1404 4866 agentes,
1453 4791 1548 4846 sed
1575 4792 1698 4844 illos
1725 4789 1822 4858 qui
1848 4789 1928 4844 sic
1964 4789 2171 4844 habent
2223 4788 2431 4842 habere
2481 4786 2843 4860 dimittentes,
2881 4800 2984 4838 nos
3017 4783 3120 4854 ipsi
3149 4785 3236 4854 pie
3265 4784 3608 4840 intellectum

353 4897 608 4966 magistri
637 4910 762 4950 cum
787 4895 872 4950 his
901 4909 1023 4964 quae
1051 4893 1197 4948 dicta
1244 4901 1374 4947 sunt
1414 4891 1582 4946 etiam
1627 4901 1726 4956 per
1759 4886 1927 4938 alium
1965 4881 2462 4952 contemplabimur
2491 4881 2736 4934 modum.

429 4992 546 5043 Οὐκ
576 4985 730 5057 οἶμαι
762 4987 861 5057 τῆς
890 4984 1234 5056 ἀνθρωπίνης
1264 4982 1426 5037 αὑτὸν
1453 4981 1718 5049 γενέσεως
1745 4975 1936 5029 ενταῦ-

2113 4974 2235 5028 Non
2267 4973 2507 5027 arbitror
2569 4971 2738 5043 igitur
2783 4971 3038 5027 humana:
3069 4987 3197 5026 eum
3237 4970 3612 5042 generationis

1639 5104 1908 5186 σνΑιίιῖιΕ
1948 5127 2356 5186 LECTIONES.

449 5291 492 5324 "
513 5289 612 5344 τοῦ
635 5289 696 5342 τὸ
720 5291 808 5345 ed.
829 5289 948 5346 Gal.
1027 5289 1070 5320 ¹⁶
1094 5286 1272 5356 φαμὲν
1297 5285 1387 5340 ed.
1410 5284 1528 5356 Gal.
1572 5282 1654 5356 μί’,
1706 5297 1772 5356 τε
1814 5280 1912 5356 και
1945 5278 2250 5356 Γραφικῶς-
2279 5295 2390 5356 non
2412 5351 2422 5356 _
2444 5279 2610 5356 habet
2631 5353 2642 5356 _
2660 5281 2769 5356 eda
2797 5280 2920 5356 ¹(ζει.
2998 5279 3458 5356 ¹⁸ιγεννητῶνᾲεὼ
3489 5279 3613 5356 Gal.

355 5366 401 5398 “
426 5362 582 5430 αὐτῷ
615 5360 710 5416 ed.
747 5361 864 5415 Gal.
941 5361 987 5392 ‘°
1027 5349 1416 5430 συνιστάμενον
1445 5355 1534 5410 ed.
1555 5351 1680 5406 Gal.
1759 5355 1800 5383 ⁸⁸
1830 5352 2122 5403 πολιτικων
2151 5349 2277 5404 cod.
2305 5351 2448 5406 Gud.
2519 5352 2566 5382 “
2591 5353 2708 5404 οὐδε
2748 5351 2974 5421 δύνηται
3003 5349 3242 5408 ed.'Gal’.
3321 5351 3368 5384 ”
3415 5353 3613 5421 φωνεῖν

346 5434 439 5492 ed.
497 5425 620 5487 Gtt].
707 5433 751 5462 ”
800 5432 1160 5498 σκοπήσωμεν
1187 5425 1273 5481 ed.
1302 5425 1419 5480 Gal.

1889 5511 2120 5570 NOTAE.

431 5635 514 5713 (li)
539 5629 779 5713 focula
799 5639 846 5713 et
872 5628 1218 5713 desideratur
1241 5625 1412 5713 in
1446 5625 1599 5713 (iale.

432 5673 514 5777 ξδ’
539 5673 782 5759 ’ξι
801 5673 1764 5770 κινιδμδ
1795 5695 2082 5764 pradicant
2110 5691 2336 5764 (6316.)-
