4066 6150
588 269 714 334 1091

1781 253 1840 330 s.
1882 269 2166 330 MAXIMI
2205 270 2705 336 CONFESSORIS

3690 281 3804 347 1092

585 380 698 444 hic,
733 377 830 434 sed
861 378 1119 450 ingenita:
1149 377 1201 432 ei
1253 375 1490 432 miserim
1527 390 1749 431 causam
1792 391 2022 430 narrare
2065 389 2154 429 vo-

2261 375 2350 440 θα,
2390 378 2525 434 ἀλλά
2563 382 2661 450 τῆς
2703 383 3096 455 ἐπιγενομένης
3131 386 3266 457 αὐτῇ
3306 386 3685 459 ταλαιπωρίας
3719 393 3804 462 τήν

585 472 775 526 luisse.
802 469 1022 538 Lugens
1058 469 1207 522 enim
1235 468 1488 536 corporis
1530 469 1705 523 nostri
1746 469 2022 522 miseriam
2057 483 2156 537 per

583 562 695 616 hoc
727 560 966 615 dicendo
996 580 1009 614 :
1053 579 1070 611 ι
1109 561 1154 615 Ο
1192 561 1643 634 conjunctionem
1667 569 1723 614 et
1749 561 2155 630 scparationem

581 669 750 723 quam
777 653 908 709 dum
936 654 1104 707 timeo
1121 652 1557 722 circumsequor,
1573 651 1798 722 etquod
1825 668 1949 706 amo
1967 652 2149 716 dedi,»

585 750 644 798 et
677 743 932 812 reliqua:
961 749 1020 797 et
1041 742 1210 797 veluti
1259 745 1405 812 apud
1441 743 1802 811 semetipsum
1836 742 2156 798 deliberans

585 835 655 890 de
691 850 855 889 causa
890 850 1084 890 eorum
1132 835 1340 904 quibus
1379 833 1812 889 dehonestamur
1857 835 2150 901 malorum,

582 935 640 981 et
669 934 864 980 contra
891 941 1014 979 eam
1051 925 1464 994 sapientissima
1504 924 1800 994 prudentia
1842 924 2154 994 disputans,

583 1031 684 1087 per
712 1017 819 1070 hoc
848 1016 996 1086 quod
1033 1016 1202 1070 dicit:
1241 1034 1259 1066 ι
1292 1015 1424 1080 Qua:
1473 1030 1606 1093 erga
1659 1029 1746 1068 me
1775 1015 2075 1083 sapientia,
2100 1022 2158 1068 et

583 1110 732 1182 quod
764 1125 1026 1181 magnum
1053 1108 1418 1180 mysterium?
1459 1125 1477 1158 ι
1527 1105 1764 1170 addidit,
1822 1105 2156 1160 solutionem

581 1204 746 1272 plane
769 1201 978 1255 faciens
1003 1200 1122 1254 sic:
1160 1217 1178 1250 ι
1211 1198 1294 1253 An
1327 1196 1447 1250 vult
1489 1204 1704 1264 partem
1743 1209 1847 1249 nos
1881 1208 2005 1249 esse
2035 1195 2154 1260 Dei,

581 1304 640 1351 et
665 1296 957 1350 desursum
988 1293 1244 1355 ﬂuentes,
1278 1297 1340 1343 ut
1368 1303 1480 1342 non
1510 1303 1610 1356 per
1648 1285 1974 1356 dignitatem
2004 1285 2159 1340 exal-

581 1387 683 1442 tati
713 1394 770 1441 et
793 1384 1041 1440 coelestia
1063 1381 1504 1450 contemplantes
1533 1377 1905 1447 despiciemus
1929 1375 2159 1432 Creatov

582 1493 700 1533 rem
731 1478 788 1531 in
815 1474 1117 1530 luctatione
1148 1488 1212 1526 ac
1239 1487 1426 1541 pugna
1452 1484 1575 1538 quae
1594 1476 1791 1523 contra
1821 1482 2022 1537 corpus
2050 1475 2154 1534 est,

581 1568 653 1623 ad
687 1568 868 1636 ipsum
907 1579 1126 1632 semper
1156 1560 1537 1631 aspiciendum
1580 1566 1638 1613 et
1685 1559 2036 1629 conjunctam
2070 1557 2157 1611 in-

2257 469 2437 522 αίτίαν
2491 471 2826 540 ἀφηγεῖσθαι
2885 473 3188 543 βούλεσθαι.
3239 475 3538 548 Θρηνήσας
3577 477 3683 549 γὰρ
3727 480 3804 535 τοῦ

2258 557 2512 629 σώματος
2567 561 2723 632 ήμῶν
2785 563 2886 633 τὴν
2937 564 3280 636 ἐλεεινότητα
3329 567 3420 620 διὰ
3469 566 3568 621 τοῦ
3629 571 3800 636 εἰπεῖν,

2263 668 2281 700 ι
2329 651 2391 701 Ὢ
2430 649 2530 718 τῆς
2565 650 2827 718 συζυγίας
2853 653 2946 706 καὶ
2975 654 3076 724 τῆς
3113 654 3528 726 ἀλλοτριώσεως
3549 657 3562 709 ι
3585 657 3613 710 δ
3634 658 3802 726 φοϐοῦ-

2260 757 2380 808 μαι,
2414 741 2682 810 περιέπω,
2712 744 2806 796 καὶ
2829 743 2857 795 6
2881 743 3113 814 στέργω,
3135 743 3372 810 δέδοικα,
3410 763 3431 796 ι
3465 745 3565 799 καὶ
3588 747 3654 800 τὰ
3677 747 3799 817 ἐξῆς,

2257 832 2352 884 καὶ
2396 827 2508 884 οἷον
2541 831 2681 902 πρὸς
2721 833 2914 887 ἑαυτὸν
2951 835 3293 906 διαπορήσας
3324 836 3458 907 περὶ
3500 837 3600 907 τῆς
3650 839 3801 904 αἰτίας

2255 921 2367 976 τῶν
2394 916 2478 984 οἷς
2500 923 2843 993 ἐνεσχήμεθα
2877 926 3065 989 κακῶν
3092 927 3192 981 καὶ
3224 926 3324 996 τῆς
3367 926 3497 980 κατ’
3529 925 3692 998 αὐτὴν
3726 946 3800 982 σο-

2257 1014 2508 1084 φωτάτης
2552 1015 2808 1085 προνοίας
2868 1017 2958 1071 διὰ
3013 1018 3107 1071 τοῦ
3169 1017 3354 1087 φάναι,
3394 1036 3415 1068 ‹
3461 1018 3560 1081 Τίς
3608 1019 3641 1087 ή
3698 1019 3801 1089 περὶ

2258 1103 2359 1173 ἐμὲ
2423 1104 2604 1173 σοφία,
2667 1107 2762 1159 καὶ
2807 1106 2857 1159 τί
2898 1107 2960 1160 τὸ
3016 1108 3162 1178 μέγα
3223 1106 3381 1161 τοῦτο
3421 1108 3712 1179 μυστήριον
3740 1126 3752 1171 ;
3778 1127 3795 1158 ι

2257 1195 2455 1263 ἐπάγει
2483 1195 2584 1264 τὴν
2632 1195 2787 1250 λύσιν
2821 1198 3033 1268 τρανῶς
3062 1198 3389 1269 ποιούμενος
3420 1198 3599 1260 οὕτως
3622 1215 3637 1231 ·
3682 1218 3700 1251 ι
3741 1199 3796 1252 Ἣ

2258 1283 2507 1354 βούλεται
2541 1290 2739 1358 μοῖραν
2768 1289 2918 1358 ἡμᾶς
2949 1289 3112 1352 ὄντας
3136 1288 3272 1342 Θεοῦ
3302 1289 3400 1344 καὶ
3439 1289 3648 1344 ἄνωθεν
3693 1289 3795 1360 ῥεύ-

2261 1392 2483 1444 σαντας,
2513 1377 2600 1432 ἶνα
2648 1379 2724 1450 μὴ
2751 1380 2840 1433 διὰ
2863 1380 2962 1452 τὴν
2988 1379 3146 1445 ἀξίαν
3175 1381 3530 1452 ἐπαιρόμενοι
3566 1381 3656 1435 καὶ
3689 1397 3794 1452 μετς

2257 1467 2608 1538 εωριζόμενοι
2655 1469 3087 1542 καταφρονῶμεν
3125 1469 3222 1525 τοῦ
3260 1471 3591 1534 Κτίσαντος,
3639 1472 3692 1523 ἐν
3736 1471 3787 1540 τῇ

2259 1559 2398 1627 πρὸς
2449 1561 2512 1613 τὸ
2545 1559 2704 1630 σῶμα
2729 1562 2876 1632 πάλῃ
2902 1561 2997 1615 καὶ
3023 1561 3173 1634 μάχῃ
3213 1562 3351 1632 πρὸς
3377 1561 3548 1614 αὐτὸν
3589 1561 3672 1614 ἀεὶ
3708 1558 3797 1630 plt-

2259 1667 2402 1716 πειν,
2428 1655 2524 1705 κα)⁵
2552 1655 2652 1724 τὴν
2682 1653 3118 1725 συνεζευγμένην
3140 1652 3428 1707 ἀσθένειαν
3452 1649 3793 1720 παιδαγωγίαν

2257 1739 2394 1796 εἶναι
2423 1742 2516 1796 τοῦ
2544 1743 2874 1814 ἀξιώματος.
2906 1765 2925 1798 ι
2971 1744 3182 1798 Ὠσανεὶ
3209 1744 3418 1812 ἔλεγεν,
3449 1744 3730 1815 ἐπειδήπερ
3743 1745 3794 1796 ἐκ

2255 1833 2434 1902 ψυχῆθ
2479 1831 2578 1884 καὶ
2636 1833 2890 1900 σώματος
2916 1833 2983 1887 δι’
3009 1834 3323 1904 ἀγαθότητα
3364 1835 3395 1888 6
3423 1833 3698 1904 ἄνθρωπος
3719 1831 3791 1901 γέ-

2255 1939 2381 1992 γονε
2413 1925 2458 1956 ³⁸
2488 1923 2640 1993 παρὰ
2689 1924 2784 1976 τοῦ
2829 1923 2990 1990 Θεοῦ,
3032 1926 3120 1994 ἐφ’
3145 1918 3190 1994 ᾧ
3225 1925 3326 1995 τὴν
3371 1925 3621 1980 δοθεῖσαν
3672 1923 3791 1993 αὐτῷ

2254 2013 2480 2083 λογικήν
2507 2030 2566 2067 τε
2590 2016 2687 2067 καὶ
2722 2031 2807 2067 νοε
2817 2015 2916 2084 ρὰν
2939 2014 3139 2087 ψυχὴν,
3167 2016 3262 2070 ἀτε
3279 2015 3344 2086 δὴ
3378 2018 3503 2069 κατ’
3531 2015 3701 2068 είκόνα
3717 2014 3790 2066 τοῦ

2256 2105 2580 2174 ποιήσαντος
2604 2105 2775 2176 αὐτὴν
2807 2106 3182 2177 ὑπάρχουσαν,
3211 2107 3351 2160 κατὰ
3386 2108 3486 2177 μὲν
3517 2107 3610 2177 τὴν
3637 2107 3789 2174 ἔφεσιν

583 1656 900 1712 ﬁrmitatem
935 1655 1272 1708 nutrituram
1304 1665 1425 1705 esse
1473 1649 1780 1719 dignitatis.
1809 1667 1826 1699 ›
1879 1648 1956 1702 Ac
2005 1648 2156 1704 sisic

575 1748 815 1810 diceret,
851 1747 1112 1815 quoniam
1141 1743 1366 1812 quidem
1401 1757 1468 1796 ex
1504 1741 1687 1794 anima
1714 1751 1771 1795 et
1799 1755 2033 1811 corpore
2055 1755 2155 1811 per

579 1839 886 1894 bonitatem
914 1853 945 1891 a
972 1837 1084 1889 Deo
1111 1833 1288 1887 factus
1323 1841 1409 1887 est
1438 1832 1626 1895 homo,
1675 1831 1730 1884 in
1764 1831 1871 1886 hoc
1921 1831 2157 1886 medita-

582 1930 736 1984 bitur
761 1927 908 1997 quod
935 1926 1042 1981 sibi
1080 1923 1371 1978 rationalis
1409 1932 1465 1977 et
1499 1922 1894 1978 intellectualis
1922 1922 2048 1978 data
2082 1923 2154 1977 sit

580 2021 787 2083 anima,
814 2019 1019 2088 quippe
1043 2015 1350 2071 secundum
1408 2012 1704 2081 imaginem
1745 2013 2000 2068 facientis
2031 2028 2153 2068 eam

581 2111 899 2173 substitute,
926 2125 1048 2178 qua:
1074 2123 1173 2177 per
1203 2105 1547 2160 desiderium
1599 2103 1823 2174 quidem
1867 2113 1924 2160 et
1947 2119 2015 2159 ex
2037 2111 2154 2160 tota

579 2202 788 2258 virtute
813 2199 1188 2253 universalem
1218 2195 1547 2250 charitatem
1579 2193 1815 2248 ﬁrmiter
1854 2195 2026 2249 Deum
2055 2209 2154 2249 co-

577 2291 834 2362 gnitione
866 2289 1133 2360 possidet,
1163 2296 1221 2342 et
1243 2286 1553 2342 secundum
1583 2285 2006 2340 similitudinem
2033 2285 2154 2339 dei-

577 2381 896 2437 ﬁcationem
925 2380 1180 2449 accipiet,
1225 2377 1531 2433 secundum
1584 2391 1718 2431 vero
1751 2376 2154 2447 disciplinalem

572 2473 648 2530 ad
669 2472 978 2542 subjectum
1000 2469 1404 2541 providentiam
1435 2477 1490 2524 et
1520 2467 1587 2523 de
1609 2467 1888 2537 diligendo
1905 2470 2154 2537 proximo

577 2565 730 2618 sicut
753 2579 810 2618 se
836 2563 1010 2631 ipsam
1039 2561 1241 2632 jubens
1269 2561 1586 2616 mandatum
1619 2564 1640 2591 '
1661 2600 1682 2630 ,
1710 2562 2011 2632 prudenter
2027 2577 2155 2617 cor-

2257 2195 2354 2248 καὶ
2403 2194 2503 2265 τὴν
2532 2195 2592 2260 ἐξ
2623 2196 2752 2266 ὅλης
2785 2195 3070 2266 δυνάμεως
3096 2197 3284 2267 όλικὴν
3319 2197 3370 2228 ²⁶
3400 2198 3621 2267 ἀγάπην
3647 2193 3784 2267 ἀπρὶξ

2254 2287 2392 2341 Θεοῦ
2444 2289 2764 2357 γνωστικῶς
2821 2289 3109 2358 ἐχομένην,
3161 2288 3256 2342 καὶ
3308 2287 3372 2342 τὸ
3423 2288 3544 2342 καθ’
3568 2286 3786 2358 ὁμοίωσιν

2257 2378 2674 2448 προσλαϐοῦσαν
2696 2379 2985 2449 θεωθῆναι,
3019 2378 3208 2450 (129
3225 2379 3280 2449 a)
3331 2379 3480 2434 κατά
3503 2379 3560 2434 δὲ
3581 2379 3670 2452 τὴν
3693 2379 3786 2430 ἐττει⁸

2258 2469 2595 2543 στημονικὴν
2678 2471 2817 2540 πρὸς
2881 2471 2942 2524 τὸ
3003 2471 3293 2541 ὑφειμένον
3370 2472 3642 2545 πρόνοιαν,
3711 2465 3784 2521 καὶ

2254 2559 2352 2631 τὴν
2377 2561 2506 2632 περὶ
2527 2561 2588 2614 τὸ
2614 2562 2834 2632 ἀγαπᾷν
2870 2560 2962 2614 τὸν
2989 2560 3217 2630 πλησίον
3247 2559 3322 2624 ὡς
3349 2561 3546 2615 ἐαυτὸν
3572 2558 3784 2614 κελεύον-

2256 2668 2356 2705 σαν
2386 2650 2628 2723 ἐντολὴν,
2661 2651 2948 2722 ἐμφρόνως
2990 2649 3086 2704 τοῦ
3129 2649 3386 2721 σώματος
3428 2651 3780 2723 ἀντεχομένην,

2255 2741 2470 2811 λογίσαι
2514 2759 2576 2796 τε
2625 2743 2692 2796 δι’
2725 2741 2940 2814 ἀρετῶν
2970 2742 3106 2796 αὐτὸ
3154 2743 3251 2796 καὶ
3288 2744 3571 2797 οἰκειῶσαι
3600 2740 3702 2810 Θεῷ
3724 2737 3781 2800 ὡς

2254 2833 2544 2905 ὁμόδουλον
2569 2834 2636 2887 δι’
2661 2834 2861 2903 ἐαυτῆς
2893 2833 3404 2904 μεσιτευούσηςτὸν
3431 2834 3648 2906 ποιητήν
3672 2831 3780 2883 ένοι⁹

2256 2941 2373 2990 κον,
2411 2926 2507 2978 καὶ
2538 2925 2638 2995 τῆς
2666 2923 2914 2994 δοθείσης
2941 2923 3243 2990 ἀθανασίας
3267 2925 3478 2980 ἄλυτον
3501 2925 3681 2996 δεσμὸν
3706 2920 3782 2975 αὺ-

581 3013 730 3084 quod
772 3013 918 3066 Deus
947 3011 1168 3092 animae,
1200 3010 1309 3065 hoc
1334 3009 1518 3074 annua
1542 3011 1763 3079 corpori
1792 3010 1906 3076 ﬁat,
1929 3021 1984 3066 et
2008 3027 2154 3068 unus

2256 3011 2348 3065 τὸν
2376 3010 2748 3082 ποιησομένην
2774 3011 2924 3082 αῦτῷ
2941 3011 3035 3066 τὸν
3057 3011 3428 3084 συνδήσαντα,
3452 3015 3519 3067 ἵν’
3546 3014 3669 3082 ὅπερ
3691 3006 3781 3060 ἐστὶ

581 3102 912 3158 ostendatur
935 3100 1182 3156 omnium
1212 3098 1463 3162 Creator,
1515 3099 2006 3168 proportionaliter
2051 3116 2153 3171 per

2256 3097 2386 3160 Θεὸς
2399 3097 2566 3170 ψυχῇ,
2591 3097 2757 3153 ,τοῦτο
2775 3098 2921 3169 ψυχὴ
2943 3099 3158 3171 σώματι
3177 3100 3410 3171 γένηται
3430 3141 3445 3164 ,
3466 3100 3558 3155 καὶ
3578 3094 3649 3162 εἷς
3677 3099 3782 3150 ἀπο·

573 3175 984 3251 .‘humanitatem
1038 3192 1225 3246 omnia
1281 3190 1606 3261 ingrediens
1661 3206 1784 3260 quae
1825 3199 1977 3259 sunt,
2010 3195 2154 3247 etin

2256 3189 2439 3260 δειχθῇ
2454 3189 2565 3243 τῶν
2581 3188 2718 3244 ὅλων
2730 3190 3095 3262 Δημιουργὸς,
3116 3191 3396 3260 ἀναλόγως
3415 3192 3500 3246 διὰ
3510 3195 3603 3262 τῆς
3615 3186 3785 3259 ἀνθρω-

571 3301 754 3341 -unum
788 3284 1014 3340 veniant
1044 3283 1220 3337 multo
1244 3298 1276 3337 a
1299 3298 1358 3338 se
1383 3283 1622 3336 invicem
1659 3281 1967 3336 secundum
1994 3291 2154 3338 natu-

2256 3281 2489 3350 πότητος
2504 3282 2672 3335 πᾶσιν
2691 3281 2915 3336 ἐπισατε
2923 3282 3030 3336 ύων
3047 3284 3161 3346 τοῖς
3175 3279 3313 3347 οὖσι,
3337 3283 3439 3338 καὶ
3450 3284 3529 3346 είς
3545 3282 3598 3336 ἓν
3612 3279 3719 3349 ἔλθῃ
3729 3275 3783 3328 τὰ

582 3392 700 3432 ram
740 3374 1024 3439 distantia,
1057 3374 1205 3428 circa
1245 3388 1412 3428 unam
1466 3373 1710 3428 hominis
1763 3382 2015 3428 naturam
2046 3374 2154 3430 sibi

2256 3371 2429 3425 πολλὰ
2447 3371 2692 3443 ἀλλήλων
2728 3371 2872 3426 κατὰ
2899 3371 3000 3444 τὴν
3028 3373 3190 3442 φύσιν
3217 3372 3538 3445 διεστηκότα
3563 3370 3676 3443 περὶ
3702 3368 3779 3438 τὴν

583 3469 818 3524 invicem
847 3465 1258 3530 convenientia,
1289 3474 1345 3520 et
1371 3465 1432 3518 ﬁt
1453 3465 1648 3520 omnia’
1668 3464 1726 3520 in
1756 3466 2016 3521 omnibus
2037 3467 2154 3538 ipse

2257 3462 2389 3532 μίαν
2412 3460 2506 3515 τοῦ
2531 3461 2822 3534 ἀνθρώπου
2849 3460 3016 3533 φύσιν
3054 3463 3309 3535 ἀλλήλοις,
3342 3465 3680 3527 συννεύοντα,
3705 3459 3778 3512 καὶ

573 3558 732 3614 'Deus
757 3555 943 3612 omnia
981 3553 1491 3625 comprehendens,
1523 3563 1581 3609 et
1613 3569 1787 3610 unum
1811 3555 2154 3612 substituens

2256 3551 2478 3622 γένηται
2502 3551 2574 3605 τὰ
2592 3552 2773 3608 πάντα
2793 3555 2851 3607 ἐν
2872 3555 3039 3609 πᾶσιν
3057 3553 3219 3618 αὐτὸς
3243 3556 3271 3608 6
3289 3555 3446 3624 Θεὸς,
3473 3556 3636 3610 πάντα
3655 3567 3779 3621 περι-

581 3648 826 3711 sibimet,
853 3661 922 3701 eo
945 3645 1094 3714 quod
1126 3645 1344 3700 nullum
1375 3644 1614 3716 amplius
1643 3660 1838 3700 eorum
1868 3661 1990 3716 quae
2021 3655 2151 3702 sunt

2259 3643 2443 3697 λαϐὼν
2473 3643 2568 3698 καὶ
2595 3645 2971 3717 ἐνυποστήσας
3003 3643 3205 3714 ἐαυτῷ,
3226 3645 3314 3700 διὰ
3338 3648 3437 3701 τοῦ
3468 3645 3624 3717 μηδὲν
3648 3644 3716 3696 ἐτι
3741 3639 3774 3671 ’⁷

573 3737 786 3794 sinitur
808 3733 1094 3805 possidere
1125 3741 1360 3800 motum,
1406 3743 1461 3788 et
1483 3734 1660 3804 ipsius
1696 3750 1894 3805 expers
1915 3751 2154 3806 presen-

2256 3731 2364 3786 τῶν
2392 3733 2562 3787 ὄντων
2589 3733 2787 3802 ἄφετον
2814 3732 3116 3804 κεκτῆσθαι
3133 3732 3233 3805 τὴν
3253 3735 3490 3806 κίνησιν,
3504 3733 3685 3802 καὶτῆς
3701 3729 3774 3784 αὑ·

574 3829 697 3893 τίω,
720 3841 822 3896 per
855 3840 1023 3895 quam
1056 3832 1113 3878 et
1137 3825 1203 3894 (j)
1238 3823 1317 3880 dii
1340 3832 1396 3879 et
1422 3822 1524 3877 ﬁlii
1556 3831 1613 3878 et
1656 3838 1861 3893 corpus
1895 3831 1954 3879 et
1982 3840 2154 3881 mem-

2256 3822 2349 3876 τοῦ
2367 3824 2595 3895 ἄμοιρον
2616 3824 2941 3898 παρουσίας,
2963 3825 3086 3881 καθ’
3105 3826 3172 3897 ἢν
3188 3825 3282 3878 καὶ
3300 3824 3416 3880 θεοὶ
3435 3827 3526 3880 καὶ
3541 3825 3687 3878 τέκνα
3703 3819 3774 3874 καὶ

571 3919 683 3973 ;bra
705 3925 762 3972 et
790 3932 920 3987 pars
943 3915 1042 3971 Dei
1071 3926 1131 3970 et
1165 3915 1369 3970 horum
1397 3914 1602 3968 similia
1626 3923 1683 3969 et
1711 3929 1904 3970 sumus
1928 3923 1986 3970 et
2012 3916 2154 3972 dici-

2256 3914 2416 3986 σῶμα
2428 3915 2528 3969 καὶ
2545 3915 2682 3986 μέλη
2705 3916 2799 3969 καὶ
2828 3919 2992 3989 μοῖρα
3020 3917 3154 3971 Θεοῦ
3184 3919 3279 3972 καὶ
3312 3918 3383 3972 τὰ
3417 3917 3628 3973 τοιαῦτά
3645 3917 3774 3983 ἐσμεν

573 4015 761 4065 τηωντ
794 4024 861 4066 ea
882 4023 1005 4078 quas
1031 4008 1100 4063 ad
1126 4006 1291 4063 ﬁnem
1316 4005 1689 4064 estrelatione
1725 4005 1926 4062 divinae
1961 4023 2154 4079 specu-

2265 4007 2360 4060 καὶ
2388 4006 2661 4078 λεγόμεθα
2693 4010 2763 4079 τῇ
2792 4007 2930 4076 πρὸς
2971 4007 3032 4062 τὸ
3068 4008 3221 4074 τέλος
3258 4010 3507 4083 ἀναφορᾷ
3538 4006 3624 4061 τοῦ
3659 4002 3771 4059 θείου

569 4101 828 4156 iiationis.

2258 4097 2484 4151 σκοποῦ.

650 4190 924 4258 Quoniam
962 4190 1132 4262 igitur
1161 4199 1218 4245 et
1267 4189 1376 4244 hoc
1414 4198 1472 4244 et
1501 4189 1559 4242 in
1594 4188 1700 4244 hoc
1753 4187 1921 4244 homo
1975 4189 2154 4246 factus

2339 4189 2557 4256 Ἐπειδὴ
2579 4189 2758 4246 τοίνυν
2778 4189 2938 4246 τοῦτο
2956 4190 3049 4245 καὶ
3071 4192 3164 4245 ἐπὶ
3183 4191 3358 4262 τούτῳ
3376 4194 3406 4246 6
3426 4191 3688 4262 ἄνθρωπος
3703 4181 3772 4249 τέ·

567 4291 690 4347 est,
725 4283 782 4336 in
810 4281 992 4352 primo
1015 4297 1151 4336 vero
1177 4289 1335 4352 patre
1379 4295 1446 4334 eo
1476 4279 1624 4348 quod
1671 4289 1927 4349 paratum
1951 4288 2037 4334 est
2081 4279 2151 4335 ad

2257 4297 2436 4349 γονεν,
2465 4281 2524 4334 ἐν
2562 4279 2620 4334 δὲ
2647 4279 2727 4351 τῷ
2754 4281 3059 4354 προπάτορι
3079 4280 3157 4353 τῷ
3174 4281 3374 4353 ἑτοίμῳ
3405 4263 3538 4354 πρὸς
3567 4273 3772 4345 ἐξουσίαν

575 4349 914 4443 potentiam,
983 4349 1194 4426 abusus
1236 4369 1407 4425 estad
1453 4369 1679 4434 malum,
1717 4369 2054 4426 transferens
2075 4363 2150 4426 ex

2256 4372 2347 4425 ἐπὶ
2383 4371 2444 4425 τὸ
2494 4374 2674 4442 χεῖρον
2699 4349 3018 4442 ἐχρήσατο,⁷
3062 4349 3406 4444 μετενεγκὼν
3447 4349 3523 4427 ⁷ἐκ
3569 4368 3652 4424 τοῦ
3685 4369 3773 4419 ἐπι·

566 4479 650 4518 eo
676 4455 822 4532 quod
850 4451 1177 4518 concessum
1206 4469 1291 4516 est
1321 4460 1389 4515 ad
1431 4460 1487 4516 id
1524 4460 1673 4530 quod
1697 4461 2040 4530 prohibitum
2072 4471 2154 4517 est

2256 4461 2635 4532 τετραμμένου
2677 4462 2813 4532 πρὸς
2846 4461 2908 4516 τὸ
2945 4463 3325 4534 κεκωλυμένον
3364 4465 3465 4534 τὴν
3498 4461 3665 4533 ὄρεξιν
3683 4451 3772 4524 (καὶ

565 4552 921 4607 desiderium
973 4550 1205 4624 (etenim
1253 4557 1374 4605 erat
1397 4564 1499 4620 per
1548 4565 1607 4604 se
1660 4557 1857 4619 potens
1886 4558 1944 4604 et
1973 4549 2154 4606 adhae-

2256 4551 2361 4624 γὰρ
2390 4547 2458 4622 ἦν
2487 4550 2865 4620 αὐτεξούσιος,
2896 4553 2990 4606 καὶ
3029 4554 3122 4609 τοῦ
3158 4555 3482 4627 κολληθῆναι
3504 4553 3577 4625 τῷ
3619 4545 3771 4618 Κυρίῳ

569 4658 712 4698 ποτε
741 4644 977 4698 Domino
999 4652 1055 4698 et
1075 4642 1131 4697 in
1157 4641 1417 4712 spiritum
1464 4639 1618 4707 ﬁeri;
1659 4639 1948 4725 adhaerere
1981 4657 2158 4698 mere-

568 4734 711 4790 ιιι-ἰοὶ
748 4735 888 4790 et-in
913 4749 1117 4804 corpus
1133 4733 1263 4788 .ﬁeri
1305 4730 1569 4788 seductus
1597 4731 1771 4802 eligit,
1808 4741 1866 4786 et
1888 4731 2077 4788 divina
2101 4743 2157 4789 et

571 4825 742 4881 beata
791 4825 1006 4880 visione
1051 4824 1244 4880 volens
1281 4823 1522 4892 seipsum
1584 4822 1836 4892 expulit,
1881 4823 1961 4877 sic
2017 4822 2151 4878 dum

564 4925 728 4972 esset
762 4917 909 4972 Deus
937 4916 1137 4988 gratia,
1171 4923 1318 4970 terra
1353 4914 1473 4968 ﬁeri
1516 4928 1616 4982 per
1645 4913 1984 4968 voluntatem
2009 4930 2152 4985 prse-

569 5006 914 5076 monorans),
959 5007 1240 5076 sapienter
1293 5005 1459 5061 simul
1504 5011 1562 5058 et
1629 5003 2067 5061 misericorditer
2097 5017 2152 5064 et

533 5195 538 5202 n
647 5137 673 5165 ⁸
709 5126 904 5180 Matth.
927 5141 1062 5190 xxu,
1084 5125 1173 5181 '59.

533 5219 538 5245 ί

568 2667 686 2725 τηις
708 2653 928 2722 recipit,
971 2667 1072 2721 per
1101 2651 1337 2706 virtdtes
1360 2651 1528 2706 etiam
1579 2651 1717 2706 illud
1747 2651 2007 2706 famulari
2038 2652 2153 2706 Deo

325 2787 330 2793 .
355 2780 372 2815 ι
573 2743 769 2808 efficit,
805 2751 865 2798 ut
900 2756 1254 2803 conservum,
1304 2749 1362 2795 et
1416 2757 1517 2811 per
1577 2757 1733 2796 suam
1797 2742 2156 2796 medietatem

580 2831 848 2888 factorem
886 2832 1054 2886 faciet
1081 2844 1486 2900 possessurum,
1532 2841 1590 2886 et
1640 2832 1770 2887 data
1824 2831 2153 2886 immortali-

582 2934 695 2981 tate
726 2924 1010 2980 insolubili
1043 2924 1268 2978 vinculo
1299 2922 1436 2976 illud
1476 2923 1583 2977 sibi
1616 2924 2065 2993 conjuncturum,
2093 2931 2156 2978 ut

2259 4643 2356 4696 mi.
2384 4642 2443 4696 ἓν
2474 4637 2694 4713 πνεῦμα
2719 4643 2994 4713 γενέσθαι,
3019 4645 3112 4700 καὶ
3128 4646 3222 4700 τοῦ
3245 4646 3569 4718 κολληθῆναι
3588 4643 3646 4712 τῆ
3667 4638 3772 4706 πόρ’

2258 4750 2326 4807 νῃ
2351 4735 2448 4788 καὶ
2479 4733 2539 4788 ἓν
2576 4734 2736 4806 σῶμα
2760 4734 3032 4804 γενέσθαι,
3064 4737 3365 4809 ἀπατηθεὶς
3391 4735 3673 4809 προείλετο,
3697 4724 3770 4780 καὶ

2259 4827 2351 4881 τοῦ
2377 4826 2524 4880 θείου
2555 4828 2650 4881 καὶ
2684 4828 2955 4900 μακαρίου
2987 4829 3190 4883 σκοποῦ
3225 4830 3369 4885 ἐκὼν
3393 4827 3579 4884 ἑαυτὸν
3604 4818 3770 4883 ἀπεξέι

2257 4934 2433 4993 νωσε,
2475 4916 2570 4970 τοῦ
2597 4918 2729 4981 Θεὸς
2755 4912 2895 4972 εἶναι
2933 4920 3118 4993 χάριτι
3156 4925 3217 4974 τὸ
3243 4919 3372 4991 χοῦς
3413 4916 3647 4990 γενέσθαι
3674 4905 3769 4965 καθ’

2259 5009 2472 5080 αἵρεσιν
2493 5009 2886 5081 προτιμήσας),
2915 5011 3098 5082 σοφῶς
3133 5011 3249 5084 ἅμα
3283 5013 3376 5066 καὶ
3422 5005 3770 5082 φιλανθρώπως

1314 5123 1344 5158 ·¹
1379 5121 1506 5177 Cor.
1543 5119 1962 5188 xu,27;lJoan.
1995 5140 2072 5190 ιιι,
2109 5127 2158 5180 1.

1847 5231 2080 5288 VARIAS
2122 5235 2420 5292 LECTIO‘N
2427 5236 2532 5292 ES.

650 5325 700 5398 is
729 5324 882 5398 πειρᾷ
909 5325 1004 5378 τοῦ
1026 5322 1162 5398 Θεοῦ
1193 5325 1222 5376 6
1252 5318 1798 5398 dvﬁhpmrtocjéyovsu
1818 5319 1912 5398 ed:
1930 5321 2054 5377 Gal.
2130 5325 2148 5356 ¹

2256 5324 2407 5398 adem
2426 5341 2621 5398 manus
2641 5327 2874 5398 antiqua
2906 5327 2964 5382 in
3007 5327 3131 5383 cod.
3159 5328 3300 5384 Gud.
3327 5325 3553 5383 correxit
3586 5315 3766 5376 ὑλικῶς.

579 5393 631 5427 ³⁷
655 5394 735 5447 ἐτι
759 5387 1107 5449 desideratur
1131 5393 1188 5447 in
1216 5391 1307 5449 ed.
1331 5387 1457 5445 Gal.
1533 5388 1578 5420 ⁸⁸
1599 5388 1658 5441 τὸ
1684 5389 2032 5460 κολληθῑψαι,
2060 5405 2148 5447 om

2256 5414 2264 5446 ι
2297 5397 2410 5460 καὶ,
2441 5395 2528 5449 ed.
2550 5395 2677 5469 Gal.

646 5572 715 5647 _(j)
747 5571 955 5647 De_ha_c
990 5588 1048 5647 re
1073 5573 1185 5647 egit
1210 5571 1477 5629 Maximus
1499 5575 1557 5647 in
1582 5501 2623 5647 PrgmmioadQuaelforgoacturum,
2652 5577 2799 5647 quod
2824 5536 3095 5634 hic'fecit.
3124 5580 3187 5636 ν.
3213 5580 3464 5635 Photium
3495 5574 3556 5629 ad
3581 5572 3634 5626 P.
3664 5563 3765 5621 498.

529 5681 531 5684 .
579 5639 797 5699 stiones
825 5640 880 5692 in
911 5641 967 5694 S.
988 5639 1354 5710 Scripturam,
1381 5653 1435 5697 et
1463 5643 1631 5705 alibi;
1660 5640 1837 5696 fusius
1862 5640 1936 5694 ibi
1966 5640 2146 5696 innuit
2257 5643 2454 5715 (Gale.)
