4066 6150
327 201 334 208 ’
352 253 491 322 1093

1593 243 2110 310 AMBIGUORUM
2149 241 2403 305 LIBER.

3468 251 3606 321 1094

354 367 542 440 (129
564 367 618 438 ὁ)
670 364 766 420 καὶ
798 364 866 437 τῇ
900 361 1066 420 αὐτοῦ
1096 364 1418 436 πρεπόντως
1449 362 1746 434 ἀγαθὸτητι
1774 364 1803 415 ὁ
1834 360 1933 431 τὴν

2037 372 2150 413 suae
2176 355 2576 412 convenienter
2605 354 2841 411 bonitati
2901 362 3102 412 nostrae
3152 356 3348 415 salutis
3379 359 3606 432 dispen-

352 460 630 533 ἡμετέραν
677 459 955 530 σωτηρίαν
1001 457 1302 528 οἰκονομῶν
1354 456 1489 522 Θεὸς
1515 459 1581 528 τῇ
1626 454 1927 526 παραλόγῳ

354 536 692 623 κινήσείτῆς
719 553 780 604 έν
809 551 943 621 ἡμῖν
985 551 1180 618 νοερᾶς
1216 549 1500 620 δυνάμεως
1538 546 1928 618 παρεπομένην

353 642 585 704 δεόντως
629 639 730 710 τὴν
775 641 1057 710 τιμωρίαν
1080 636 1422 708 παρέπηξεν,
1456 636 1590 692 αὐτὸ
1620 638 1799 690 έκεῖνο
1829 653 1927 689 τυ-

355 733 450 804 χὸν
480 730 622 785 κατὰ
668 730 763 784 τὸν
801 731 992 784 εἰκότα
1027 731 1185 798 λόγον
1214 728 1451 792 κολάσας
1473 728 1712 800 θανάτῳ,
1741 728 1872 798 περὶ
1897 727 1926 780 ὁ

355 823 457 895 τὴν
482 825 625 879 κατὰ
651 823 775 878 νοῦν
801 824 949 894 μόνῳ
971 823 1018 854 ²⁹
1049 821 1169 890 Θεῷ
1189 819 1644 891 χρεωστουμένην
1667 819 1767 889 τῆς
1794 819 1931 887 ἁγά-

356 931 472 987 πης
497 915 726 984 δύναμιν
752 913 1193 984 κατερῤήξαμεν,
1228 912 1316 964 ἵνα
1341 909 1439 964 τοῦ
1471 911 1705 982 μηδενὸς
1753 911 1926 981 έρῶν-

353 1024 447 1072 τες
477 1007 562 1061 διὰ
584 997 677 1061 τοῦ
713 1007 945 1077 πάσχειν
974 1006 1105 1059 ποτὲ
1146 1004 1411 1074 μαθόντες
1431 1003 1569 1074 πρὸς
1593 1003 1654 1056 τὸ
1682 1002 1741 1056 ὃν
1765 1002 1928 1055 πάλιν

361 1099 560 1167 ταύτην
608 1097 904 1164 ἐπανάγειν
947 1097 1288 1168 διδαχθῶμεν
1323 1095 1425 1168 τὴν
1469 1095 1720 1165 δύναμιν.
1749 1094 1928 1162 Ὅπερ

357 1185 564 1254 προῖὼν
609 1184 1019 1254 ἐμφανέστερον
1045 1187 1286 1238 ποιεῖται
1325 1183 1526 1251 λέγων,
1561 1201 1580 1235 ι
1630 1181 1772 1236 Ἀλλ’
1802 1180 1928 1251 ἐμοὶ

357 1273 458 1342 μὲν
484 1271 579 1325 καὶ
611 1271 702 1325 διὰ
727 1270 890 1324 τοῦτο
928 1272 1075 1325 δοκεῖ
1103 1270 1272 1342 μηδὲν
1303 1269 1412 1322 τῶν
1441 1267 1676 1322 ἐνταῦθα
1703 1265 1928 1335 ἀγαθῶν

353 1360 495 1417 εἶναι
565 1363 758 1417 πιστὸν
807 1364 924 1426 τοῖς
969 1361 1302 1433 ἀνθρώποις,
1338 1361 1477 1432 μηδὲ
1519 1359 1877 1429 πολυχρόνιον
1907 1397 1924 1423 ,

351 1454 468 1508 ἀλλ’
499 1453 659 1524 εἰπερ
681 1471 733 1507 τι
752 1452 902 1516 ἄλλο,
934 1453 1027 1506 καὶ
1050 1451 1207 1506 τοῦτο
1233 1449 1415 1514 καλῶς
1440 1448 1516 1512 τῷ
1537 1449 1760 1521 τεχνίτῃ
1785 1446 1930 1516 λόγῳ

354 1545 452 1601 ml.
489 1549 558 1618 τῇ
604 1545 786 1600 πάντα
831 1544 958 1600 νοῦν
1005 1542 1349 1615 ὑπερεχούσῃ
1393 1541 1557 1611 σοφίᾳ
1601 1538 1927 1611 μεμηχανῆ-

355 1637 497 1702 σθαι,
529 1636 842 1702 ιπαίζεσθαι
884 1637 1032 1707 ἡμᾶς
1088 1635 1149 1688 ὲν
1195 1637 1310 1698 τοῖς
1354 1634 1679 1704 ὁρωμένοις,
1733 1631 1926 1686 ἄλλοτε

353 1727 528 1792 ἄλλως
554 1726 1047 1799 μεταϐαλλομένοις
1073 1725 1170 1780 καὶ
1213 1723 1632 1795 μεταϐάλλουσι,
1667 1721 1762 1776 καί⁹
1817 1722 1930 1777 ἄνω

353 1817 448 1871 καὶ
486 1817 639 1870 κάτω
689 1816 1014 1887 φερομένοις
1056 1831 1113 1868 τε
1158 1815 1254 1868 καὶ
1292 1812 1804 1885 περιτρεπομένοις,
1835 1813 1931 1866 καὶ

353 1909 485 1980 πρὶν
533 1909 809 1980 ληφθῆναι
869 1907 1094 1962 ἀπιοῦσι
1151 1907 1250 1962 καὶ
1310 1907 1622 1976 φεύγουσιν,
1655 1905 1740 1960 ἵνα
1769 1905 1831 1960 τὸ
1873 1905 1931 1959 έν

352 2002 566 2065 τούτοις
614 2000 852 2054 ἄστατον
907 2001 1003 2054 καὶ
1053 1998 1343 2071 ἀνώμαλον
1374 1998 1755 2070 θεωρήσαντες
1794 1996 1931 2068 πρὸς

354 2095 415 2148 τὸ
443 2094 635 2164 μέλλον
691 2091 1177 2164 μεθορμισώμεθα.
1214 2091 1281 2144 Τί
1335 2093 1443 2161 γὰρ
1471 2091 1539 2145 ἂν
1592 2090 1932 2161 ἐποιήσαμεν

355 2183 590 2246 ἑστῶτος
651 2181 746 2236 τοῦ
791 2178 853 2236 εὖ
907 2182 1173 2254 πράττειν
1198 2184 1352 2254 ἡμῖν,
1378 2181 1543 2236 ὁπότε
1582 2181 1644 2234 ού
1679 2181 1933 2252 μένοντος

353 2274 608 2330 τοσοῦτον
675 2273 824 2345 αὐτῷ
875 2273 1305 2345 προσδεδέμεθα,
1347 2274 1444 2328 καὶ
1494 2273 1670 2336 οὕτως
1715 2273 1858 2344 ἡμᾶς
1898 2272 1932 2344 ὴ

355 2366 483 2435 περὶ
514 2364 673 2418 τοῦτο
711 2363 872 2436 ἡδονὴ
905 2363 1004 2416 καὶ⁵
1052 2364 1238 2435 ἀπάτη
1264 2363 1380 2435 ἔχει
1417 2362 1758 2427 δουλώσασα,
1788 2362 1932 2416 ὥστε

359 2456 531 2529 μηδὲν
559 2457 811 2527 κρεῖττον
842 2455 978 2525 μηδὲ
1002 2453 1340 2527 ὑψηλότερον
1373 2455 1483 2509 τῶν
1501 2455 1789 2527 παρόντων
1817 2454 1934 2508 δια-

334 2547 594 2604 »νοεῖσθαι
615 2545 898 2611 δύνασθαι,
922 2545 1209 2602 καὶταῦτα
1237 2545 1360 2600 κατ’
1392 2546 1578 2600 εἰκόνα
1616 2545 1752 2598 Θεοῦ
1776 2561 1934 2613 γεγο-

355 2640 529 2703 νέναι,
546 2637 639 2692 καὶ
655 2636 955 2700 ἀκούοντας
969 2637 1064 2690 καί¹
1079 2636 1434 2700 πιστεύοντας
1450 2637 1550 2707 τὴν
1568 2636 1682 2690 ἅνω
1691 2652 1750 2688 τε
1768 2633 1934 2689 οὖσαν

358 2727 602 2798 καὶπρὸς
619 2725 820 2796 ἑαυτὴν
831 2725 1118 2793 ἓλκουσανς
1143 2745 1160 2779 ι
1187 2727 1299 2780 Καὶ
1312 2727 1476 2782 πάλιν
1491 2726 1548 2779 ὲν
1563 2725 1642 2797 τῷ
1659 2726 1795 2796 πρὸς
1807 2723 1934 2787 τοὺς

358 2814 810 2885 πολιτευομένους
824 2814 970 2886 λόγῳ
999 2814 1385 2884 φάσκων,‹Ἴν’
1408 2816 1644 2886 εἰδῶμεν
1672 2815 1734 2869 τὸ
1763 2814 1932 2886 μηδὲν

359 2909 512 2972 ὄντες
553 2907 691 2978 πρὸς
715 2905 814 2978 τὴν
842 2905 1102 2978 ἀληθινὴν
1125 2908 1314 2977 σοφίαν
1349 2907 1535 2978 (13o
1556 2906 1611 2977 a)
1647 2905 1742 2960 καὶ
1787 2905 1937 2976 πρώ-

357 3015 477 3069 την,
501 2996 635 3051 am
655 2996 792 3066 πρὸς
809 2995 971 3050 αὑτὸν
985 2997 1071 3050 ἀεὶ
1091 2996 1334 3068 νεύωμεν
1353 2997 1534 3068 μόνον,
1559 2999 1653 3051 καὶ
1682 2995 1936 3067 ζητῶμεν

357 3093 479 3154 ταῖς
536 3087 746 3142 ἐκεῖθεν
789 3087 985 3155 αὐγαῖς
1013 3087 1526 3159 ὲναστράπτεσθαι,
1577 3088 1686 3141 εῖτε
1729 3087 1938 3161 διὰ-τῆς

359 3182 674 3253 ἀνωμαλίας
700 3178 808 3234 τῶν
831 3180 1123 3251 ὁρωμένων
1148 3181 1246 3234 καὶ
1281 3183 1783 3255 περιτ-ρεπομένων,
1809 3175 1940 3251 μετ-

364 3277 584 3346 όγσντος
616 3275 763 3346 ἡμᾶς
794 3273 887 3328 ἐπὶ
909 3271 978 3325 τὰ
1002 3271 1210 3326 ἑστῶτα
1236 3273 1331 3326 καὶ
1355 3259 1604 3343 μένοντα.
1641 3272 1715 3326 Ού
1739 3271 1938 3336 τοίνυν,

359 3364 435 3428 ὡς
476 3361 634 3436 οἴμαι
659 3405 674 3432 ,
711 3367 814 3437 τῆς
847 3366 990 3420 κατὰ
1015 3364 1117 3435 τὴν
1144 3364 1359 3432 γένεσιν
1399 3363 1497 3434 τῆς
1524 3362 1942 3435 ἁνθρωπότητος

360 3454 539 3517 αἰτίας
555 3455 600 3486 ³⁰
631 3454 690 3507 έν
715 3454 946 3520 τούτοις,
981 3455 1058 3518 ὡς
1085 3455 1328 3525 εἴρηται,
1363 3454 1392 3506 ὁ
1423 3451 1746 3514 διδάσκαλος
1772 3453 1943 3503 ποιεῖ-

361 3560 452 3597 ται
479 3543 576 3615 τὴν
605 3543 869 3614 δήλωσιν,
919 3542 1056 3598 ἀλλὰ
1085 3541 1187 3610 τῆς
1213 3538 1356 3593 κατὰ
1381 3538 1482 3610 τὴν
1508 3537 1722 3606 γένεσιν
1751 3538 1941 3590 ἐπεισ-

364 3633 624 3705 αχθείσης
653 3636 722 3704 τῇ
754 3632 1002 3704 ἡμετέρα
1031 3630 1143 3702 ζωῇ
1178 3629 1266 3684 διὰ
1291 3629 1388 3700 τὴν
1415 3626 1728 3698 παράϐασιν
1753 3627 1941 3680 ταλαι-

364 3723 576 3794 πωρίας
599 3765 615 3790 ,
665 3723 742 3787 ὡς
782 3726 894 3788 τοῖς
935 3720 1369 3793 σπουδαιοτέρως
1398 3719 1494 3774 καὶ
1522 3717 1942 3790 ὲμμελεστέρως

363 3818 478 3880 τοῖς
508 3815 673 3879 θείοις
700 3814 866 3870 αὐτοῦ
891 3814 1215 3888 γράμμασιν
1238 3810 1613 3884 ὲμμελετῶσίν
1633 3812 1751 3864 ἐστι
1773 3825 1943 3864 κατα-

366 3908 556 3977 φανές.
589 3907 807 3980 Ταύτης
834 3907 934 3979 μὲν
959 3907 1064 3978 γὰρ
1085 3906 1186 3976 τὴν
1206 3905 1351 3971 ὅθεν,
1377 3905 1475 3959 καὶ
1499 3903 1566 3957 δι’
1582 3901 1633 3969 ὃ,
1658 3903 1752 3957 καὶ
1776 3893 1938 3970 ἐφ’ᾧ,

355 4000 461 4052 ’καὶ
490 3992 550 4052 οὗ
580 3996 768 4053 ἕνεκεν
801 3997 982 4053 αἰτίαν
1008 4037 1023 4063 ,
1069 3996 1157 4050 διὰ
1181 3995 1388 4050 τούτων
1416 3996 1547 4066 ἡμῖν
1576 3991 1940 4063 παρατίθεται

365 4089 475 4144 τῶν
503 4089 678 4159 λόγων
704 4090 774 4144 δι’
789 4089 959 4161 αὐτῆς
981 4089 1082 4160 τὴν
1102 4089 1562 4159 οἰκονομουμένην
1583 4085 1738 4157 ήμῶν
1762 4084 1943 4154 σοφῶς

366 4181 523 4252 παρὰ
538 4182 580 4214 ³⁸
623 4181 718 4236 τοῦ
751 4181 892 4236 Θεοῦ
937 4182 1214 4254 σωτηρίαν
1243 4179 1454 4252 δηλῶνο
1506 4179 1722 4250 ἐκείνης
1749 4176 1806 4232 δὲ
1839 4178 1942 4250 τὴν

365 4273 452 4341 ἐφ’
492 4265 538 4341 ᾧ
596 4273 892 4343 γεγένηται
958 4271 1245 4344 μυστηρίῳ
1297 4269 1656 4341 ὑπεμφαίνων
1709 4268 1942 4339 δύναμιν

2028 457 2180 503 sator
2204 447 2369 513 Deus,
2427 446 2802 502 irrationabili
2845 446 3022 502 motui
3067 449 3462 508 intellectualis
3490 469 3606 509 vrr-

2031 542 2186 605 tutis,
2221 555 2346 610 quae
2385 540 2441 594 in
2474 539 2637 596 nobis
2664 547 2770 604 est,
2815 548 3251 610 consequentem
3294 554 3608 613 opportune

2029 631 2200 688 aﬂixit
2225 633 2557 700 vindictam,
2588 632 2726 688 illud
2757 634 2938 704 ipsum
2975 634 3228 691 fortassis
3247 637 3403 708 juxta
3434 641 3606 696 ratio-

2029 739 2155 780 nem
2214 724 2457 794 puniens
2510 733 2688 781 morte
2731 740 2834 794 pro
2875 741 2986 795 quo
3016 727 3321 783 secundum
3357 731 3604 786 animum

2031 813 2137 867 soli
2166 813 2280 868 Deo
2315 813 2561 868 debitam
2592 815 2885 870 charitatis
2913 817 3254 887 projecimus
3298 820 3600 888 virtutem;

2031 914 2092 960 ut
2116 906 2257 961 nihil
2287 917 2539 963 amantes
2573 923 2672 978 per
2708 909 3027 978 passionem
3067 911 3400 982 quandoque
3431 915 3610 983 poeni-

2029 995 2258 1050 tentiam
2287 1006 2533 1068 agentes,
2571 996 2636 1050 ad
2697 997 2751 1051 id
2785 998 2931 1067 quod
2965 1008 3050 1053 est
3110 999 3312 1052 iterum
3357 1001 3608 1054 eamdem

2029 1087 2297 1144 reducere
2333 1090 2677 1144 disceremus
2705 1091 2993 1146 virtutem.
3038 1089 3195 1156 Quod
3229 1091 3452 1161 quidem
3481 1109 3613 1162 pro-

2029 1180 2236 1235 cedens
2267 1181 2618 1235 manifestius
2647 1181 2779 1235 facit
2825 1181 3020 1236 dicens
3052 1202 3064 1237 :
3127 1201 3144 1235 ι
3176 1183 3285 1238 Sed
3316 1185 3452 1239 mihi
3488 1186 3612 1254 qui-

2030 1266 2156 1322 dem
2181 1283 2280 1337 per
2305 1269 2414 1323 hoc
2436 1269 2659 1323 videtur
2680 1270 2821 1323 nihil
2865 1270 2970 1325 hoc
2995 1271 3268 1326 bonorum
3303 1289 3426 1328 esse
3448 1273 3610 1329 fidele

2029 1359 2348 1414 hominibus
2375 1375 2556 1428 neque
2587 1360 3016 1430 longmvitatem,
3043 1370 3098 1416 at
3123 1363 3169 1416 si
3196 1363 3328 1431 quid
3353 1364 3527 1428 aliud,
3553 1375 3612 1422 et

2030 1451 2138 1506 hoc
2161 1451 2303 1505 bene
2331 1449 2533 1505 artiﬁci
2560 1451 2732 1505 verbo
2757 1460 2814 1506 et
2867 1467 3089 1507 onmem
3137 1453 3484 1510 intellectum
3518 1471 3612 1511 su-

2029 1552 2259 1612 perante
2289 1542 2560 1612 sapientia
2597 1543 2975 1598 machinatum
3011 1552 3097 1599 est
3153 1544 3470 1602 deludendo
3509 1563 3610 1603 nos

2032 1632 2350 1686 visibilibus
2376 1633 2431 1686 in
2460 1633 2724 1703 aliudque
2743 1635 2907 1690 aliter
2939 1637 3320 1692 transmotatis
3341 1647 3398 1693 et
3429 1646 3608 1694 trans-

2029 1723 2393 1789 motantibus,
2426 1733 2483 1779 et
2531 1740 2754 1779 sursum
2789 1735 2846 1780 et
2881 1726 3142 1782 deorsum
3185 1727 3515 1794 ferentibus,
3555 1739 3615 1786 et

2034 1815 2422 1879 titubantibus,
2439 1817 2830 1886 etpriusquam
2848 1821 3395 1894 comprehendantur
3405 1824 3615 1879 abeun-

2031 1906 2186 1962 tibus
2213 1915 2270 1961 et
2292 1905 2657 1976 fugientibus,
2685 1917 2746 1964 ut
2781 1909 2840 1963 in
2889 1909 2978 1964 his
3007 1909 3360 1967 instabile-et
3385 1929 3612 1968 anoma-

2029 1990 2146 2045 lum
2179 1991 2643 2061 contemplantes,
2683 1993 2752 2048 ad
2781 1995 3026 2048 futuram
3057 2005 3427 2052 transeamus.
3468 1997 3612 2064 Quid
3663 2041 3667 2047 .

2031 2081 2181 2136 enim
2227 2080 2539 2137 faceremus
2594 2083 2649 2138 in
2679 2086 2962 2153 prasenti,
2991 2087 3123 2141 dum
3150 2088 3314 2142 nobis
3359 2090 3427 2144 ad
3469 2090 3612 2146 bene

2030 2171 2304 2243 agendum
2331 2188 2443 2228 non
2467 2186 2812 2244 permaneat,
2837 2183 3053 2232 tantum
3077 2179 3128 2233 ei
3153 2179 3533 2246 attribuimus,
3557 2188 3614 2236 et

2030 2261 2113 2316 sic
2142 2276 2242 2316 nos
2265 2276 2394 2332 erga
2414 2262 2596 2332 ipsum
2620 2262 2920 2320 delectatio
2964 2274 3023 2321 et
3053 2283 3213 2323 error
3241 2268 3409 2324 habet
3433 2271 3613 2324 servi-

2033 2349 2142 2406 tuti
2179 2350 2507 2421 subjiciens,
2533 2352 2610 2406 ita
2633 2361 2695 2406 ut
2729 2353 3099 2410 nihiLmelius
3128 2371 3312 2426 neque
3341 2357 3616 2414 excelsius

2025 2442 2402 2524 praesentibus
2457 2444 2772 2514 intelligere
2829 2445 3133 2512 valeamus,
3166 2456 3224 2504 et
3277 2449 3321 2504 si
3361 2449 3478 2504 haec
3513 2465 3614 2505 au-

2033 2534 2249 2589 dientes
2277 2542 2334 2588 et
2377 2535 2672 2592 credentes
2719 2539 3023 2594 secundum
3072 2540 3365 2612 imaginem
3390 2543 3488 2597 Dei
3510 2558 3615 2599 nos

2033 2623 2208 2680 factos
2249 2625 2420 2681 fuisse
2445 2642 2664 2682 sursum
2677 2629 3056 2685 attendentem
3075 2640 3132 2686 et
3150 2631 3219 2686 ad
3247 2634 3486 2704 seipsam
3505 2642 3616 2689 tra-

2035 2716 2280 2773 hentem.
2304 2737 2322 2771 ι
2345 2719 2414 2774 Ει
2436 2719 2637 2775 iterum
2661 2721 2718 2775 in
2735 2736 2992 2778 sermone
3013 2724 3080 2778 ad
3114 2725 3324 2780 urbane
3345 2727 3612 2794 viventes,

2035 2811 2257 2868 dicens:
2285 2831 2304 2864 ι
2325 2813 2398 2870 Ut
2441 2814 2687 2870 sciamus
2716 2815 2856 2870 nihil
2896 2831 2999 2873 nos
3031 2833 3154 2874 esse
3204 2820 3271 2875 ad
3302 2837 3486 2876 veram
3524 2837 3614 2877 sa-

2032 2901 2298 2971 pientiam
2346 2913 2403 2957 et
2434 2903 2692 2971 primam,
2725 2904 2820 2958 sed
2855 2904 2922 2959 ad
2968 2906 3152 2976 ipsum
3187 2924 3406 2979 semper
3429 2911 3619 2965 inten—

1963 3027 2006 3086 ε
2039 2993 2235 3048 damus
2288 2993 2637 3048 solummodo
2690 3003 2746 3050 et
2789 3011 3102 3066 qureramus
3160 2999 3254 3069 qui
3304 3000 3432 3056 inde
3487 3009 3617 3057 sunt

2039 3085 2431 3156 splendoribus
2473 3102 2792 3154 coruscare,
2831 3087 3105 3158 siquidem
3145 3106 3245 3160 per
3277 3081 3617 3163 inaequalita-

2040 3188 2152 3234 tem
2200 3178 2506 3234 visibilium
2540 3189 2596 3235 et
2640 3181 3001 3235 titubantium
3053 3181 3363 3237 transducit
3410 3199 3512 3239 nos
3558 3184 3617 3238 in

2038 3285 2103 3325 ea
2143 3285 2269 3339 qua:
2301 3278 2450 3325 stant
2494 3279 2550 3326 et
2591 3282 2940 3341 permanent.
2987 3291 3005 3324 ι
3035 3272 3156 3326 Νοιι
3203 3273 3395 3343 igitur,
3432 3281 3493 3328 ut
3528 3290 3617 3329 ar-
3699 3307 3705 3312 -

2044 3357 2248 3424 bitror,
2301 3359 2496 3429 ipsius,
2547 3375 2671 3430 quae
2711 3361 3018 3415 secundum
3052 3362 3482 3432 generationem
3510 3363 3618 3418 hu-
3657 3397 3664 3403 -

2037 3449 2320 3505 manitatis
2341 3458 2448 3514 est,
2479 3465 2658 3506 causae
2691 3451 2748 3505 in
2777 3451 3002 3518 talibus,
3037 3458 3098 3506 ut
3121 3451 3333 3507 dictum
3367 3461 3474 3519 est,
3501 3466 3620 3506 ma-

2039 3538 2212 3610 gister
2264 3537 2399 3593 facit
2445 3538 2901 3605 declarationem,
2957 3540 3054 3595 sed
3101 3540 3218 3610 ipse
3267 3555 3442 3610 usque
3487 3552 3615 3612 post

2038 3631 2454 3702 generationem
2488 3639 2732 3686 nostram
2773 3642 3035 3703 aggravat
3072 3633 3242 3688 vitam
3276 3633 3617 3691 infelicitatis

2039 3729 2268 3792 propter
2283 3718 2814 3792 praevaricationem,
2847 3724 3309 3793 quemadmodum
3336 3726 3618 3782 curiosius

2038 3820 2097 3868 et
2150 3812 2457 3869 studiosius
2506 3813 2723 3869 divinas
2755 3815 2933 3884 ipsius
2979 3816 3193 3872 litteras
3239 3818 3616 3888 cogitantibus

2039 3913 2126 3962 est
2177 3905 2554 3961 manifestum.
2601 3906 2769 3962 Istius
2808 3909 2959 3963 enim
2990 3924 3214 3964 causam
3244 3911 3409 3977 unde,
3438 3920 3494 3966 et
3520 3927 3619 3980 per

2040 3996 2198 4067 quid,
2242 4003 2300 4052 et
2345 4011 2414 4052 ex
2441 4013 2574 4068 quo,
2623 4005 2678 4052 et
2715 4010 2944 4070 propter
2987 3999 3122 4070 quid
3169 4016 3269 4071 per
3310 4001 3427 4056 haec
3457 4001 3620 4058 nobis

2040 4087 2257 4144 addidit
2275 4087 2465 4154 verba,
2488 4097 2718 4159 propter
2745 4105 2865 4145 eam
2894 4091 3331 4146 administratam
3370 4102 3617 4148 nostram

2039 4179 2324 4249 sapienter
2373 4194 2406 4234 a
2458 4179 2573 4236 Deo
2612 4180 2848 4237 salutem
2896 4181 3215 4247 declarans;
3261 4181 3413 4238 illius
3458 4198 3614 4248 vero,

2039 4271 2098 4325 in
2120 4286 2231 4341 quo
2253 4270 2398 4327 facta
2413 4279 2500 4328 est
2521 4273 2787 4345 mysterio
2814 4274 3105 4329 insinuans
3125 4275 3414 4340 virtutem,
3443 4276 3622 4335 altero

366 4357 542 4430 ἑτέρῳ
558 4359 743 4444 ’λόγων
776 4359 1040 4432 κέχρηται
1068 4361 1285 4432 τρόπῳ,
1318 4358 1439 4414 ὅλον
1463 4357 1629 4412 αὐτοῦ
1659 4359 1790 4430 περὶ
1814 4358 1933 4414 τού-

2047 4363 2350 4434 verborum
2383 4380 2517 4420 usus
2559 4373 2645 4421 est
2670 4365 2859 4431 modo,
2896 4373 3070 4422 totam
3103 4367 3188 4421 sui
3231 4366 3301 4422 de
3327 4367 3442 4422 hoc
3473 4367 3620 4437 piam

365 4466 462 4503 του
490 4449 583 4503 τὸν
609 4451 806 4522 εὐσεϐῆ
837 4452 1039 4507 σκοπὸν
1068 4452 1304 4523 φανερὸν
1326 4450 1670 4522 ποιούμενος,
1695 4451 1772 4515 ὼς
1792 4453 1850 4505 ὲν
1868 4449 1933 4522 τᾷ

2043 4455 2386 4512 voluntatem
2430 4456 2641 4512 faciens
2684 4457 3067 4525 manifestam;
3102 4459 3246 4514 sicut
3289 4459 3346 4514 in
3390 4474 3480 4524 eo,
3526 4457 3628 4529 qui

366 4540 468 4604 Εἰς
503 4539 577 4594 τὰ
617 4540 869 4609 γενέθλια
901 4541 1046 4614 λόγῳ
1077 4542 1352 4598 δείκνυται
1376 4541 1582 4610 λέγων,
1633 4561 1653 4596 ι
1679 4542 1823 4606 Νοῦς
1851 4542 1933 4613 μὲι

2046 4554 2133 4601 est
2171 4544 2228 4600 in
2255 4544 2528 4614 γενέθλια,
2559 4545 2614 4600 id
2655 4555 2739 4601 est
2765 4547 3106 4614 nativitates,
3153 4535 3406 4604 sermone
3441 4548 3622 4602 mani-

369 4628 462 4688 οῦν
488 4633 589 4706 ἤδη
624 4633 718 4688 καί
744 4633 1001 4704 αἴσθησις
1025 4633 1200 4699 οὕτως
1221 4635 1314 4690 ἀπ’
1328 4634 1576 4706 ἀλλήλων
1600 4633 1933 4706 διακριθέντα

2046 4636 2232 4705 festat,
2268 4637 2461 4692 dicens
2490 4654 2505 4692 :
2546 4655 2565 4689 ι
2593 4637 2825 4693 Animus
2861 4639 3031 4710 igitur
3059 4640 3172 4710 jam
3195 4651 3251 4696 et
3279 4655 3497 4704 sensus,
3544 4640 3628 4694 sic

366 4725 478 4781 τῶν
506 4727 650 4781 ἰδίων
680 4728 822 4799 ὅρων
849 4727 1001 4791 έντὸς
1027 4728 1406 4798 εἰστήκεισαν,
1443 4727 1540 4781 καλ⁸
1566 4726 1630 4780 τὸ
1659 4725 1753 4782 τοῦ
1777 4729 1933 4798 Δημι·

2049 4744 2081 4783 a
2111 4743 2169 4784 se
2198 4729 2440 4784 invicem
2475 4727 2702 4784 discreti
2728 4729 2977 4799 pr0priis
2998 4729 3440 4796 definitionibus,
3475 4731 3630 4786 intus

367 4819 570 4891 ουργοῦ
606 4821 766 4889 λόγου
813 4821 1100 4892 μεγαλεῖον
1141 4821 1202 4874 έν
1237 4821 1448 4884 ἑαυτοῖς
1482 4819 1708 4892 ἔφερον,
1750 4820 1933 4889 σιγῶν-

2052 4828 2350 4886 steterunt,
2391 4829 2450 4876 et
2476 4820 2744 4875 creatoris
2772 4820 2937 4877 Verbi
2992 4822 3431 4892 magnitudinem
3472 4822 3527 4876 in
3563 4837 3626 4878 se

369 4927 460 4975 τες
492 4911 778 4964 ἐπαινέται
810 4913 909 4982 τῆς
943 4911 1347 4982 μεγαλουργίας
1378 4911 1474 4965 καὶ
1498 4910 1811 4982 διαπρύσιοι
1843 4911 1933 4983 κή-

2052 4911 2192 4982 ipsis
2232 4909 2508 4976 ferebant,
2549 4911 2782 4966 silentes
2817 4911 3116 4968 laudabant
3161 4913 3627 4983 magnificentiam

374 5018 566 5073 ρυκες·
583 5002 738 5056 οῦπω
757 5003 816 5057 δὲ
846 4999 914 5074 ἦν
938 5004 1130 5074 κρᾶμα
1159 5001 1220 5068 ἐξ
1244 5003 1591 5075 ἀμφοτέρων,
1612 5003 1732 5056 οὐδέ
1751 5020 1835 5067 τις
1858 5003 1933 5076 μί-

2052 5003 2363 5075 magnivoci
2412 5002 2827 5073 praedicatores,
2858 5004 3107 5059 nondum
3154 5021 3290 5060 vero
3340 5015 3461 5061 erat
3489 5022 3631 5062 con-

375 5091 456 5159 ξις
488 5093 600 5146 τῶν
631 5094 929 5160 ἐναντίων,
985 5094 1178 5164 σοφίας
1227 5091 1474 5164 μείζονος
1517 5093 1806 5165 γνώρισμα
1855 5094 1933 5148 κα¹

2045 5085 2222 5154 cretio
2253 5111 2322 5152 ex
2356 5095 2630 5166 utrisque,
2677 5111 2859 5167 neque
2907 5097 3159 5167 quaedam
3201 5101 3441 5154 mixtura
3491 5116 3630 5154 con-

373 5183 473 5254 τῆς
507 5183 638 5256 περὶ
663 5184 764 5248 τὰς
787 5185 977 5255 φύσεις
999 5184 1372 5252 πολυτελείας,
1402 5184 1526 5238 οὐδὲ
1551 5186 1581 5239 ὁ
1599 5187 1706 5250 πᾶς
1721 5185 1933 5250 πλοῦτος

2046 5191 2352 5247 trariorum
2374 5189 2662 5259 sapientiae
2684 5189 2912 5260 majoris
2934 5198 2988 5245 et
3013 5189 3160 5245 circa
3185 5198 3414 5246 naturas
3440 5193 3630 5248 multa:

373 5278 475 5347 τῆς
489 5275 826 5345 ἀγαθότητος
846 5277 1142 5350 γνώριμος.
1162 5278 1335 5332 Τοῦτο
1351 5280 1415 5348 δὴ
1437 5278 1719 5351 βουληθεὶς
1737 5282 1765 5334 ὁ
1778 5281 1933 5351 τεχνί·

2047 5279 2409 5353 perfectionis
2440 5278 2671 5344 indicia,
2701 5294 2879 5350 neque
2906 5295 3101 5335 omnes
3123 5279 3372 5335 thesauri
3403 5279 3627 5334 bonita-

372 5382 476 5438 της
507 5366 883 5432 ἐπιδείξασθαι
916 5369 1094 5440 λόγος,
1132 5368 1227 5422 καί
1263 5369 1403 5435 ζῶον
1432 5368 1490 5424 ἓν
1520 5368 1579 5435 ἐξ
1602 5370 1929 5444 ἀμφοτέρων

2047 5373 2122 5427 tis
2171 5367 2406 5441 cogniti;
2463 5369 2570 5424 hoc
2630 5376 2815 5424 autem
2883 5370 3074 5426 volens
3129 5368 3325 5425 artifex
3380 5369 3628 5426 Verbum

1648 5505 1881 5562 VARUE
1922 5505 2325 5564 LECTIONES.

443 5619 488 5650 "
525 5615 682 5686 μόνος
712 5615 800 5671 ed.
829 5616 950 5674 Gal.
1023 5619 1069 5652 ³⁸
1091 5619 1269 5684 αἰτίας
1302 5618 1647 5683 desideratur
1677 5621 1734 5677 in
1759 5623 1848 5678 ed.
1867 5623 1968 5678 Gal
2071 5625 2110 5656 ³¹
2148 5622 2275 5692 περὶ
2301 5621 2390 5675 ed.
2419 5619 2536 5676 Gal.
