4066 6150
562 223 697 288 1099

1732 227 1791 284 S.
1831 224 2112 286 ΜΛΧΙΜΙ
2151 222 2662 292 CONFESSORIS

3694 237 3833 308 ιιω

554 351 678 389 esse
732 335 1038 388 membrum
1090 344 1144 387 et
1191 346 1402 404 partem
1469 338 1524 389 in
1583 336 1802 390 talibus.
1868 335 1925 389 Si
1979 335 2117 388 enim

2230 336 2329 408 τὴν
2356 340 2561 410 φωνὴν,
2588 342 2861 413 μηδεμίαν
2883 346 3061 417 ἑαυτῷ
3088 348 3308 403 κυϐείαν
3327 349 3624 422 λογισμῶν
3646 369 3830 425 παρα-

556 428 741 497 portlo
791 427 1041 494 corporis
1086 427 1339 481 subsistit
1375 428 1705 492 membrum,
1736 428 1919 498 portio
1943 436 2125 481 autem

556 518 608 570 io'
648 521 824 586 ipsum
858 526 942 571 est
990 526 1044 570 et
1077 534 1220 588 pars,
1257 519 1310 572 id
1357 520 1537 589 ipsum
1580 520 1766 589 itaque
1818 519 2126 574 membrum

550 620 605 661 e-t
642 625 766 678 pars
805 617 908 661 est.
962 607 1016 662 Si
1055 619 1239 663 autem
1287 611 1340 664 id
1388 612 1565 680 ipsum
1599 611 1910 665 membrum
1954 620 2039 664 est
2071 620 2128 665 et

550 716 697 768 puts,
746 700 1121 754 membrorum
1168 717 1301 755 vero
1346 703 1648 756 eumulatio
1695 710 1752 756 et
1796 702 2126 771 compositio

551 808 754 861 vox-pus
794 792 923 845 facit
961 792 1302 862 organienm,
1343 807 1546 861 corpus
1588 801 1772 847 autem
1801 793 2123 862 organieum

550 886 750 939 animm
802 887 1015 937 unitum
1065 885 1425 939 intellectuali
1482 885 1761 941 hominem
1816 884 2123 954 perfectum

546 977 814 1040 mtemlit,
852 978 1018 1045 igitur
1055 986 1267 1046 partem
1299 977 1540 1031 hominis
1566 980 1663 1048 qui
1692 978 1828 1033 dicit
1859 992 1979 1032 esse
2005 977 2124 1032 ani-

548 1084 691 1121 mam
724 1084 821 1121 seu
848 1084 1051 1137 corpus
1072 1084 1169 1122 seu
1192 1070 1501 1124 membrum
1527 1071 1670 1140 ejus,
1694 1086 1724 1124 a
1746 1072 1979 1124 veritate
2010 1086 2120 1124 non

544 1159 847 1212 aberrabis.
896 1158 950 1213 Si
992 1170 1174 1213 autem
1238 1161 1632 1215 intellectualis
1671 1161 1887 1225 animae,
1931 1169 2120 1229 utpote

545 1246 805 1312 hominis,
831 1248 1083 1302 sulsistit
1115 1264 1317 1316 corpus
1339 1265 1632 1319 organum,
1653 1266 1753 1319 per
1782 1258 1956 1303 totum
1988 1266 2120 1303 vero

543 1354 748 1406 corpus
793 1347 902 1391 tota
952 1339 1187 1408 implens
1238 1341 1422 1393 anima
1468 1340 1657 1395 vivere
1704 1340 1759 1393 ei
1808 1349 1865 1394 et
1910 1339 2119 1393 moveri

543 1432 657 1493 dat,
709 1439 767 1482 ut
808 1431 1001 1497 simpla
1040 1446 1137 1500 per
1178 1439 1429 1485 naturam
1470 1442 1528 1487 et
1573 1431 1956 1500 incorporalis,
2008 1446 2119 1484 non

544 1514 939 1587 malispertita
994 1531 1088 1574 aut
1119 1520 1377 1574 conclusa
1410 1520 1465 1573 in
1500 1534 1589 1583 eo,
1622 1510 1718 1573 sed
1760 1519 1862 1572 toti
1906 1527 1961 1572 et
1993 1518 2118 1571 uni-

543 1612 743 1678 cuique
786 1610 1158 1663 membrorum
1191 1613 1310 1681 ejus
1346 1612 1425 1667 sic
1458 1612 1748 1666 consuevit
1790 1627 1911 1665 eam
1944 1610 2117 1665 susci-

542 1719 673 1771 pere
702 1705 857 1771 juxta
907 1702 1231 1756 naturaliter
1280 1704 1585 1774 subjectam
1635 1703 1740 1757 sibi
1779 1703 2116 1771 acceptivam

541 1792 882 1860 operationis
911 1793 1108 1845 animae
1132 1794 1423 1857 virtutem,
1450 1803 1562 1847 tota
1592 1793 2116 1864 prasensdiﬂ'eren-

542 1897 626 1938 ter
670 1900 787 1937 eam
842 1885 1167 1953 aceipientia
1207 1887 1452 1940 membra
1509 1885 2004 1956 proportionaliter
2048 1885 2115 1940 ad

542 1978 986 2030 ohzertationem
1021 1993 1191 2031 unum
1237 1977 1352 2031 fieri
1383 1993 1586 2046 corpus
1619 1978 1905 2048 adiungit;
1940 1978 2117 2032 intro-

541 2071 769 2122 ductum
795 2078 875 2122 est
903 2069 954 2121 in
981 2085 1236 2139 magnum
1280 2077 1337 2123 et
1362 2069 1641 2124 ineil‘abile
1673 2070 2117 2124 Christianorum

544 2163 713 2215 lac-ake
742 2162 858 2231 spei
892 2162 1236 2231 mysterium,
1274 2169 1329 2215 et
1362 2162 1545 2229 parvis
1578 2169 1635 2216 et
1660 2161 1964 2215 secundum
1990 2177 2115 2224 nos,

544 2266 766 2319 magnas
809 2258 865 2304 et
909 2266 1075 2319 supra
1115 2266 1217 2304 nos
1266 2266 1377 2303 non
1414 2251 1623 2304 alienas
1652 2250 1929 2318 accipiens
1960 2251 2116 2304 simi-

542 2344 824 2406 l‘ttzilines,
877 2344 971 2412 qui
1008 2344 1250 2414 quietam
1300 2352 1355 2396 et
1390 2343 1532 2397 bene
1565 2342 1782 2398 facilem
1816 2343 1883 2397 de
1918 2342 2119 2397 talibus

542 2435 723 2487 mlzue
788 2433 1205 2503 intelligentiam
1260 2434 1489 2504 ereavit.
1544 2434 1622 2488 Ac
1665 2435 1733 2490 de
1795 2436 1922 2500 hoc,
1969 2435 2117 2505 quod

541 2526 739 2578 anima:
762 2535 890 2578 ante
914 2540 1147 2594 corpora
1181 2525 1507 2591 subsistant,
1534 2526 1967 2581 irrationabilem
1995 2528 2117 2596 opi-

545 2619 766 2669 nionem
812 2617 1153 2686 relinquens,
1199 2619 1490 2672 nobiseum
1528 2619 1718 2674 credat
1763 2620 1997 2676 Domino
2036 2620 2119 2675 di-

543 2709 689 2761 renti
725 2708 792 2761 de
844 2707 932 2762 bis
979 2710 1073 2777 qui
1124 2709 1180 2761 in
1214 2712 1675 2765 resurrectionem
1712 2723 1960 2782 surgent,
2005 2729 2116 2767 non

545 2814 706 2866 posse
738 2800 877 2852 mori
920 2808 1144 2868 propter
1188 2799 1361 2869 ipsius
1388 2801 1650 2856 videlicet
1679 2804 2116 2873 purgatissimam

540 2893 664 2959 jure
709 2891 993 2945 novissimi
1043 2891 1154 2944 dati
1198 2891 1697 2948 manifestationem
1725 2903 1780 2948 et
1817 2897 2117 2966 participa-

543 2981 774 3035 tionem.
814 2981 881 3034 Et
909 2980 1107 3034 iterum
1140 2999 1153 3034 :
1186 2980 1366 3036 Omnis
1389 2986 1477 3054 qui
1509 2986 1631 3038 vivit
1662 2995 1711 3039 et
1743 2987 1905 3039 credit
1935 2990 1989 3040 in
2015 3006 2116 3054 me,

544 3087 651 3123 non
700 3072 954 3124 morietur
991 3072 1045 3123 in
1087 3080 1344 3126 wternum
1371 3085 1417 3127 ⁸.
1451 3073 1606 3141 Quod
1648 3076 1871 3146 quidem
1911 3079 1955 3133 si
1991 3089 2119 3135 ante

546 3164 704 3216 lieret
741 3162 1060 3230 aliquando,
1096 3162 1436 3233 impossibile
1484 3175 1651 3233 esset,
1692 3177 1751 3222 ut
1775 3178 1901 3223 ante
1930 3168 2118 3224 datum

543 3264 647 3318 est,
708 3270 805 3323 per
845 3255 1263 3310 conversionem
1327 3258 1622 3327 quamdam
1678 3262 2119 3332 qualemcunque

546 3346 793 3415 recipere
824 3357 1081 3401 mortem.
1128 3348 1197 3403 Et
1227 3359 1380 3403 extra
1416 3352 1696 3406 naturales
1730 3369 1839 3406 non
1871 3354 2121 3424 egredia-

547 3447 637 3489 tur
694 3436 958 3499 rationes,
1014 3453 1111 3506 per
1144 3439 1465 3504 vanitatem,
1512 3457 1623 3496 non
1657 3443 2012 3509 exsistentem
2052 3444 2120 3499 de

543 3529 724 3580 anima
778 3527 1097 3595 opinionem
1163 3529 1433 3586 divinitus
1485 3532 1785 3590 admirans.
1850 3534 1905 3590 Si
1969 3537 2116 3591 enim

548 3618 790 3671 hominis
841 3628 1046 3687 partes,
1087 3620 1234 3675 sicut
1290 3631 1419 3677 ante
1464 3624 1739 3678 redditum
1786 3630 2119 3697 esl,corpns

543 3720 600 3764 et
649 3710 830 3763 anima
864 3711 1302 3777 constituuntur,
1353 3723 1539 3782 partes
1578 3723 1760 3770 autem
1808 3718 2119 3772 necessario

546 3802 868 3856 relationem
900 3802 965 3855 ad
988 3803 1194 3872 aliquid
1220 3805 1537 3874 accipiunt;
1576 3812 1749 3859 totum
1777 3807 1923 3861 enim
1953 3808 2120 3864 habet

543 3894 772 3946 omnino
825 3894 1314 3963 pmdieamentum
1349 3912 1362 3947 :
1396 3911 1518 3965 qua:
1558 3911 1692 3951 vero
1738 3898 1817 3952 sic
1855 3897 2119 3955 dicuntur

542 3982 608 4037 ad
641 3984 871 4052 aliquid,
903 3999 1100 4037 eorum
1144 3992 1275 4043 sunt
1312 4000 1436 4054 quae
1461 3985 1624 4039 simul
1660 3986 1867 4055 ubique
1893 3995 1946 4041 et
1979 4004 2119 4043 sem-

541 4089 642 4142 per
679 4073 982 4127 secundum
1024 4074 1434 4144 generationem
1472 4082 1623 4139 sunt,
1654 4076 2117 4143 quemadmodum

539 4175 727 4234 partes
767 4167 1006 4234 speciem
1047 4173 1218 4220 totam
1255 4166 1405 4219 coitu
1450 4164 1764 4234 perficiunt,
1800 4168 1913 4222 sola
1961 4170 2119 4225 intel—

540 4257 767 4326 lig-,entia
816 4257 883 4310 ad
926 4256 1032 4310 hoc
1080 4254 1516 4325 dignoseendum
1541 4255 1677 4324 quid
1710 4256 1784 4311 sit
1814 4261 2116 4314 secundum

2145 3026 2193 3087 C

2233 429 2462 496 γεννῶν,
2484 431 2639 495 εἰδὼς
2658 435 2855 488 ταύτὸν
2874 430 3011 489 εἶναι
3037 438 3111 507 τῷ
3130 439 3279 507 μέλει
3299 440 3398 510 τὴν
3415 443 3624 512 μοῖραν
3640 445 3700 495 ἐν
3712 449 3829 508 toi,-

2230 522 2512 586 τοιούτοις.
2550 524 2611 577 Ei
2631 526 2739 596 γὰρ
2771 527 2936 598 μέρος
2960 531 3053 583 τοῦ
3080 532 3328 601 σώματος
3356 535 3607 603 ὑπάρχει
3635 536 3699 586 τὸ
3726 538 3827 605 μὲ-

2229 611 2354 675 λος,
2408 614 2471 666 τὸ
2496 614 2553 667 δὲ
2588 617 2748 685 μέλος
2779 620 2975 672 ταύτόν
2998 623 3114 674 ἐστι
3146 626 3209 693 τῇ
3237 623 3433 693 μοίρᾳ,
3473 626 3681 677 ταύτὸν
3710 628 3825 696 ἄρα

2228 705 2287 756 τὸ
2316 706 2477 774 μέλος
2503 710 2568 778 τῇ
2600 710 2765 779 μοίρᾳ
2793 710 2965 764 ἔσται.
3000 714 3059 764 Εἰ
3083 713 3140 765 δὲ
3165 715 3360 767 ταύτὸν
3385 715 3465 783 τῷ
3489 714 3647 784 μέλει
3670 718 3825 770 ἐστὶν

2227 797 2261 866 ἡ
2296 800 2497 867 μοῖρα,
2562 799 2741 867 μελῶν
2785 799 2843 852 δὲ
2888 803 3188 873 uegetam;
3220 808 3316 858 καὶ
3342 805 3607 881 σύνρεσις
3655 809 3826 878 σῶμα

2228 890 2373 939 ποιεῖ
2407 887 2589 958 (132
2611 891 2660 959 b)
2694 892 3015 961 ὀργανικὸν,
3076 895 3235 964 σῶμα
3256 895 3314 948 δὲ
3337 895 3639 964 ὀργανικὸν
3668 900 3823 970 ψυχῇ

2227 975 2428 1027 ἑνωθὲν
2456 980 2619 1048 νοερᾷ
2643 980 2930 1050 ἄνθρωπον
2953 982 3159 1036 τέλειον
3178 984 3475 1049 δείκνυσιν,
3509 986 3621 1056 ἄρα
3649 988 3826 1057 μέρος

2224 1065 2515 1135 ἀνθρώπου
2545 1069 2574 1120 ὁ
2596 1068 2771 1136 λέγων
2802 1066 2939 1123 εἶναι
2970 1072 3070 1141 τὴν
3095 1073 3273 1142 ψυχὴν
3311 1074 3344 1143 ἢ
3374 1074 3435 1126 τὸ
3460 1075 3625 1145 σῶμα
3652 1077 3687 1144 ἦ
3718 1078 3826 1145 μὲο

2222 1154 2314 1218 λος
2342 1158 2505 1209 αὐτοῦ
2547 1160 2647 1228 τῆς
2677 1159 2934 1229 ἀληθείας
2959 1162 3057 1231 ούχ
3082 1164 3483 1234 ἁμαρτήσεται.
3531 1166 3595 1218 El
3622 1166 3681 1218 δὲ
3713 1167 3824 1237 τῆς

2221 1251 2411 1318 νοερᾶς
2433 1248 2611 1319 ψυχῆς
2634 1250 2708 1313 ὡς
2729 1251 3017 1321 ἀνθρώπου
3041 1253 3275 1323 ὑπάρχει
3292 1255 3354 1306 τὸ
3372 1255 3533 1324 σῶμα
3553 1255 3819 1326 ὄργανον,

2218 1341 2286 1394 δι’
2307 1341 2427 1394 ὅλου
2452 1342 2508 1394 δὲ
2551 1342 2644 1395 τοῦ
2676 1341 2926 1413 σώματος
2956 1344 3053 1414 ὅλη
3078 1342 3333 1415 χωροῦσα
3377 1348 3411 1415 ἡ
3437 1346 3587 1417 ψυχὴ
3617 1347 3679 1399 τὸ
3709 1345 3821 1413 ζῇν

2219 1432 2369 1502 αύτῷ
2402 1434 2495 1486 καὶ
2520 1433 2789 1487 κινεῖσθαι
2816 1435 3031 1487 δίδωσιν
3052 1475 3066 1497 ,
3088 1422 3177 1499 ’ὼς
3202 1436 3348 1505 ἁπλῆ
3374 1438 3475 1505 τὴν
3502 1437 3671 1504 φύσιν
3718 1441 3819 1488 καί

2218 1521 2509 1592 ἀσώματος
2530 1564 2545 1584 ,
2595 1521 2669 1593 μὴ
2705 1522 3202 1593 συνδιατεμνομένη
3238 1523 3272 1593 ἢ
3299 1523 3817 1593 συναποκλειομένη

2219 1613 2389 1682 αὐτῷ,
2418 1613 2535 1667 ἀλλ’
2554 1614 2661 1683 ὅλῳ
2691 1614 2783 1666 καὶ
2810 1613 3027 1684 ἑκάστῳ
3057 1614 3165 1665 τῶν
3189 1613 3352 1666 αὐτοῦ
3378 1613 3580 1683 μελῶν,
3612 1614 3694 1676 ὡς
3720 1613 3819 1667 πέ-

2152 1683 2192 1736 B
2225 1721 2397 1773 φυκεν
2412 1705 2583 1775 αὐτὴν
2601 1705 2956 1775 ὑποδέχεσθαι
2971 1705 3113 1757 κατά
3128 1705 3226 1775 τὴν
3245 1703 3492 1773 φυσικῶς
3509 1705 3820 1773 ὑποκειμέ-

2224 1810 2321 1867 νην
2350 1797 2501 1865 αύτῷ
2526 1796 2780 1867 δεκτικὴν
2802 1796 2903 1865 τῆς
2925 1796 3207 1866 ἐνεργείας
3232 1795 3401 1865 αὐτῆς
3424 1794 3683 1865 δύναμιν,
3715 1796 3815 1867 ὅλη

2227 1890 2476 1960 παροῦσα
2504 1890 2573 1943 τά
2603 1890 2873 1960 διαφόρως
2899 1889 3071 1959 αὐτῆς
3097 1889 3325 1941 δεκτικά
3355 1887 3491 1958 μέλη
3524 1886 3818 1955 ἀναλόγως

2226 1983 2363 2051 πρὸς
2391 1983 2490 2053 τὴν
2521 1981 2615 2035 τοῦ
2649 1980 2707 2035 ἓν
2735 1977 2873 2034 εἶναι
2908 1980 3068 2049 σῶμα
3104 1982 3433 2049 συντήρησιν
3456 1978 3810 2047 ὲπισφίγγει.

2223 2074 2383 2142 ὁδηγε
2394 2073 2526 2125 Eclio)
2542 2074 2633 2125 ἐπὶ
2646 2073 2705 2125 τὸ
2721 2072 2860 2141 μέγα
2875 2072 2967 2124 καὶ
2979 2071 3324 2141 άρῤητοντῆς
3337 2069 3445 2122 τῶν
3455 2068 3813 2139 Χριστιανῶν

2229 2163 2510 2233 μακαρίας
2560 2163 2778 2225 ἐλπίδος
2834 2162 3160 2232 μυστήριον,
3195 2162 3258 2214 ἐκ
3302 2160 3410 2212 τῶν
3446 2159 3663 2229 μικρῶν
3712 2159 3812 2212 καὶ

2225 2254 2349 2306 καθ’
2372 2257 2522 2323 ἡμᾶς
2565 2255 2676 2306 τῶν
2711 2252 2963 2323 μεγάλων
2994 2253 3089 2307 καὶ
3126 2253 3269 2322 ὑπὲρ
3296 2252 3445 2322 ἡμᾶς
3462 2252 3565 2329 οὐκ
3594 2252 3807 2323 ἀγεννῆ

2224 2343 2405 2396 λαϐὼν
2442 2344 2509 2395 τὰ
2543 2344 2872 2412 εἰκάσματα,
2897 2344 3049 2404 ὅστις
3080 2342 3271 2409 ἀπαγῆ
3303 2341 3398 2394 καὶ
3428 2340 3807 2409 εύκράδαντον

2226 2437 2353 2508 περὶ
2378 2434 2582 2488 τούτων
2610 2436 2689 2487 ἔτι
2712 2434 2811 2505 τὴν
2833 2434 3073 2488 διάνοιαν
3097 2434 3380 2503 κέκτηται.
3413 2432 3522 2486 Καὶ
3550 2431 3652 2501 τὴν
3674 2433 3807 2503 περὶ

2222 2527 2319 2580 τοῦ
2347 2527 2723 2596 προῦπάρχειν
2762 2526 2869 2579 τῶν
2897 2527 3165 2596 σωμάτων
3195 2525 3292 2587 τάς
3313 2524 3492 2594 ψυχάς
3516 2523 3619 2576 οὐκ
3644 2522 3806 2576 εὔλο-

2225 2635 2319 2685 γον
2354 2617 2512 2682 δόξαν
2556 2618 2713 2684 ἀφεὶς
2746 2617 2864 2687 μεθ’
2894 2616 3049 2687 ἡμῶν
3080 2616 3361 2669 πιστεύσει
3399 2614 3478 2685 τῷ
3506 2614 3685 2685 κυρίῳ
3714 2614 3806 2666 ὶέ-

2224 2726 2374 2777 γοντι
2406 2709 2535 2780 περὶ
2570 2708 2679 2761 τῶν
2714 2706 2792 2771 εἷς
2831 2708 2927 2778 τὴν
2965 2708 3262 2761 ἀνάστασιν
3310 2707 3679 2776 ἐγειρομένων
3728 2707 3805 2777 μὴ

2224 2800 2484 2854 δύνασθαι
2516 2800 2908 2869 ἀποθνήσκειν,
2946 2798 3036 2851 διὰ
3062 2798 3161 2869 τὴν
3198 2798 3365 2851 αὐτοῦ
3396 2797 3599 2869 δηλαδὴ
3628 2799 3803 2852 καθα·

2227 2889 2473 2962 ρωτέραν
2510 2891 2737 2960 ἐσχάτου
2767 2889 2813 2922 ³⁸
2844 2889 3073 2961 ὀρεκτοῦ
3116 2889 3429 2960 φανέρωσῐν
3460 2906 3522 2942 τε
3549 2891 3645 2944 καὶ
3674 2907 3804 2960 μετ-

2225 2985 2434 3036 ουσίαν.
2458 2982 2569 3034 Kal.
2588 2982 2768 3042 πάλιν,
2789 2979 2914 3046 Πᾶς
2940 2985 2973 3035 ό
2997 2979 3108 3042 ζῶν
3128 2979 3223 3034 καὶ
3239 2982 3540 3034 πιστεύων
3555 2983 3647 3046 εις
3670 2981 3801 3050 ἐμὲ,

2224 3073 2297 3123 οὺ
2323 3067 2412 3137 μὴ
2441 3067 2717 3136 ἀποθάνῃ
2746 3072 2831 3135 εις
2862 3070 2970 3122 τὸν
2999 3067 3203 3123 αἰῶνα.
3225 3068 3406 3138 Ὅπερ
3428 3070 3477 3120 εἱ
3500 3069 3805 3137 προεγεγό-

2222 3177 2304 3214 νει
2335 3159 2383 3193 ”
2414 3160 2565 3224 ποτε,
2600 3159 2864 3213 ἀδύνατον
2897 3157 2989 3230 ἦν,
3031 3159 3107 3223 ὡς
3146 3157 3642 3230 προαποδέδεικται
3662 3197 3678 3222 ,
3706 3159 3802 3213 τὸν

2221 3253 2364 3307 κατὰ
2393 3255 2602 3325 τροπήν
2636 3270 2759 3306 τινα
2813 3247 2926 3305 οἷον
2973 3253 3178 3323 δήποτε
3228 3251 3482 3317 δέξασθαι
3536 3252 3797 3307 θάνατον.

2221 3345 2332 3398 Καὶ
2363 3345 2471 3399 τῶν
2493 3343 2736 3414 φυσικῶν
2766 3343 2869 3409 ἔξω
2885 3345 2958 3415 μὴ
2984 3343 3216 3414 βαινέτω
3233 3344 3509 3414 λογισμῶν
3537 3344 3724 3415 (133
3742 3348 3798 3412 α)

2219 3436 2476 3506 διακενῆς
2504 3436 2603 3507 τὴν
2624 3437 2723 3489 οὐκ
2748 3432 2913 3490 οὖσαν
2945 3452 3011 3489 πε
3023 3437 3074 3506 pl.
3109 3435 3289 3505 ψυχῆς
3318 3436 3477 3501 δόξαν
3494 3437 3796 3502 θεσπίζων.

2220 3532 2284 3584 Εἰ
2317 3530 2427 3601 γὰρ
2458 3527 2746 3599 ἀνθρώπου
2795 3528 2959 3598 μέρη,
3005 3527 3187 3591 καθὼς
3226 3526 3697 3597 προαποδέὅοται,
3735 3530 3798 3583 τὸ

2222 3623 2384 3694 σῶμα
2416 3622 2509 3675 καὶ
2552 3622 2586 3691 ἡ
2641 3620 2785 3691 ψυχὴ
2813 3620 3161 3689 τυγχάνουσι,
3191 3618 3260 3670 τὰ
3296 3618 3355 3671 δὲ
3389 3618 3534 3689 μέρη
3576 3619 3680 3689 τὴν
3716 3621 3795 3682 εἰς

2219 3715 2278 3768 τὸ
2306 3714 2441 3785 πρός
2474 3730 2525 3765 τι
2560 3712 2618 3779 ἐξ
2659 3712 2903 3781 ἀνάγκης
2949 3709 3226 3780 ἀναφορὰν
3256 3708 3469 3778 δέχεται
3516 3708 3661 3780 (ὅλον
3686 3711 3793 3781 γὰρ

2219 3806 2330 3876 ἔχει
2354 3807 2573 3868 πάντως
2603 3800 3121 3874 κατηγορούμενον),
3150 3801 3221 3855 τά
3251 3801 3309 3854 δὲ
3346 3800 3491 3854 οὕτω
3518 3802 3791 3872 λεγόμενα

2220 3897 2357 3966 πρός
2391 3913 2442 3949 τι
2467 3894 2575 3949 τῶν
2610 3896 2727 3965 ἅμα
2759 3895 2936 3963 πάντη
2976 3908 3036 3945 τε
3061 3892 3156 3945 καὶ
3194 3892 3413 3953 πάντως
3445 3892 3593 3945 κατὰ
3619 3892 3720 3963 τὴν
3744 3890 3797 3923 ⁸⁸

2218 3988 2432 4056 γένεσίν
2463 3988 2629 4048 ἐστιν,
2653 3986 2728 4048 ὡς
2767 3984 2907 4055 μέρη
2939 3979 3077 4046 εἶδος
3103 3982 3226 4036 ὅλον
3252 3985 3319 4053 τῇ
3353 3984 3564 4054 συνόδῳ
3592 3984 3789 4037 ἀποτε-

2219 4077 2434 4142 λοῦντα,
2471 4076 2683 4146 ἐπινοίᾳ.
2713 4075 2848 4145 μόνῃ
2874 4077 2942 4144 τῇ
2975 4072 3112 4143 πρὸς
3139 4073 3439 4142 διάγνωσιν
3460 4074 3560 4127 τοῦ
3590 4075 3645 4127 τί
3675 4074 3789 4127 κατ’

2217 4171 2406 4223 οὐσίαν
2431 4169 2663 4222 ἕκαστον
2705 4165 2954 4236 ἀλλήλων
2988 4164 3362 4234 διαιρούμενα,
3388 4193 3459 4204 --
3479 4164 3665 4235 ψυχὴν
3689 4166 3790 4234 ἄρα

2218 4264 2311 4317 καὶ
2348 4261 2528 4331 σῶμα,
2550 4259 2624 4323 ὡς
2651 4259 2791 4329 μέρη
2813 4255 3125 4329 ἀνθρώπου,
3147 4255 3395 4326 ἀλλήλων
3418 4260 3792 4327 προϋπάρχειν

539 4348 833 4401 essentiam
874 4344 1307 4414 unumquodque
1360 4361 1389 4399 a
1441 4360 1498 4398 se
1537 4345 1775 4400 invicem
1827 4361 2113 4417 separata:

2222 4352 2487 4424 γρονικῶς
2516 4351 2549 4422 ἦ
2594 4348 2965 4421 μεθυπάρχειν
2992 4348 3295 4418 ἀμήχανον,
3324 4348 3446 4399 ἐπεὶ
3478 4348 3506 4398 ὁ
3535 4347 3631 4401 τοῦ
3660 4346 3790 4416 πρός

539 4438 779 4491 animam
830 4438 997 4507 igitur
1049 4446 1105 4491 et
1137 4450 1339 4504 corpus
1392 4437 1590 4489 merito
1640 4445 1823 4505 partes
1871 4438 2112 4496 hominis

539 4532 686 4584 inter
724 4547 782 4585 se
826 4531 1061 4584 invicem
1097 4538 1224 4582 ante
1262 4528 1563 4583 subsistere
1611 4532 1986 4599 temporaliter
2016 4547 2113 4590 ant

537 4631 662 4690 post
695 4622 996 4675 subsistere
1048 4618 1388 4687 impossibile
1432 4627 1538 4683 est,
1586 4619 1792 4690 alioqui
1840 4624 1984 4679 ratio
2016 4627 2106 4681 illa

490 4774 493 4779 γ
535 4726 660 4776 qua:
714 4710 795 4763 sic
829 4710 1034 4765 dicitur
1080 4708 1148 4762 ad
1191 4707 1401 4779 aliquid
1451 4710 1715 4765 solvetur.
1767 4711 1835 4766 Et
1882 4714 2104 4780 iterum,

488 4786 491 4793 “
536 4801 581 4852 si
609 4816 707 4867 per
739 4817 796 4854 se
829 4801 1038 4868 species
1063 4808 1190 4853 ante
1213 4814 1414 4868 corpus
1440 4810 1525 4855 est
1554 4801 1735 4855 anima
1764 4810 1861 4856 aut
1883 4818 2103 4876 corpus,

486 4882 491 4887 ’
536 4890 777 4956 speciem
821 4904 954 4943 vero
1003 4889 1166 4941 aliam
1220 4886 1419 4941 horum
1469 4897 1764 4957 utrumque
1807 4894 2108 4948 secundum

536 4980 734 5034 anima:
778 4980 846 5033 ad
892 4994 1094 5047 corpus
1134 4977 1591 5046 compositionem
1629 4988 1725 5032 aut
1759 4984 2011 5050 corporis
2043 4985 2110 5038 ad

535 5073 777 5126 animum
817 5088 901 5140 pet
920 5072 1052 5131 (icit.
1079 5082 1174 5127 aut
1217 5073 1485 5143 patientia
1510 5070 1739 5124 omnino
1768 5072 1873 5126 hoc
1903 5073 2112 5129 faciunt

537 5172 630 5217 aut
663 5165 989 5218 naturaliter
1019 5164 1355 5219 c-xsistentia.
1383 5164 1450 5217 Et
1484 5163 1529 5217 si
1565 5160 1788 5231 quidem
1824 5164 2111 5231 patientia,

538 5258 825 5323 patiantur
851 5257 902 5309 id
926 5257 1072 5325 quod
1108 5272 1219 5309 non
1251 5264 1409 5310 erant
1441 5246 1728 5317 exsistere,
1779 5265 1833 5307 et
1863 5271 2113 5309 corrum-

605 5423 626 5446 ⁸
698 5413 858 5470 Joan.
894 5432 966 5478 ιιι,
1005 5416 1092 5469 9.6.

2217 4461 2269 4498 τι
2303 4442 2445 4497 οὕτω
2489 4441 2779 4510 λεγόμενος
2828 4439 3118 4507 λυθήσεται
3163 4435 3340 4502 λόγος.
3377 4436 3490 4490 Καὶ
3518 4436 3700 4490 πάλιν·
3731 4436 3789 4488 El

2218 4537 2327 4605 γὰρ
2355 4533 2477 4587 καθ’
2508 4532 2640 4585 αὐτὸ
2668 4526 2806 4592 εἶδος
2847 4529 2953 4600 πρδ
2987 4527 3079 4580 τοῦ
3112 4525 3365 4597 σώματός
3403 4528 3557 4582 ἐστιν
3587 4529 3621 4597 ἡ
3648 4528 3788 4597 ψυχὴ

2218 4627 2251 4698 ἢ
2288 4626 2348 4677 τὸ
2388 4623 2568 4693 σῶμα,
2612 4617 2750 4683 εἶδος
2773 4620 2830 4673 δὲ
2854 4617 2982 4674 ἄλλο
3012 4617 3219 4670 τούτων
3242 4617 3510 4686 ἑκάτερον
3529 4618 3674 4671 κατὰ
3695 4617 3789 4686 τὴν

2216 4714 2394 4783 ψυχῆς
2428 4711 2563 4780 πρὸς
2585 4709 2645 4762 τὸ
2673 4708 2833 4777 σῶμα
2862 4705 3129 4767 σύνθεσιν,
3166 4704 3200 4774 ἢ
3230 4704 3487 4774 σώματος
3521 4706 3660 4776 πρὸς
3692 4707 3783 4772 qm.

2222 4805 2345 4875 χὴν,
2372 4800 2646 4861 ἀποτελεῖ,
2682 4798 2713 4868 ἢ
2772 4797 3049 4866 πάσχοντα
3078 4794 3293 4855 πάντως
3341 4793 3506 4846 τοῦτο
3555 4797 3722 4873 ποιεῖ,
3752 4794 3786 4865 ἢ

2218 4891 2519 4961 πεφυκότα.
2544 4890 2652 4941 Καὶ
2674 4889 2720 4939 εἰ
2745 4887 2843 4955 μὲν
2870 4886 3164 4953 πάσχοντα,
3195 4882 3534 4935 πεπόνθασιν
3559 4884 3641 4944 εἰς
3657 4882 3790 4948 ὅπερ

2212 4990 2314 5041 οὒκ
2348 4980 2414 5053 ἦν
2450 4980 2798 5046 ὲξιστάμενα,
2842 4976 2933 5028 καὶ
2964 4974 3266 5044 φθείρεται,
3300 4975 3349 5024 εἰ
3390 4974 3447 5026 δὲ
3483 4973 3787 5042 πεφυκότα.

2213 5080 2298 5132 ἀεὶ
2333 5074 2491 5129 τοῦτο
2524 5072 2609 5125 διὰ
2641 5071 2700 5123 τὸ
2746 5067 2988 5137 πεφυκὸς
3041 5065 3336 5143 ἐργάσεται
3388 5064 3665 5133 δηλονότι,
3696 5064 3789 5115 καὶ

2211 5168 2470 5222 οὐδέποτε
2499 5162 2765 5216 παύσεται
2807 5161 2838 5230 ὴ
2875 5158 3020 5227 ψυχὴ
3065 5155 3159 5208 τοῦ
3206 5153 3788 5226 μετενσωματοῦσθαι,

2212 5259 2331 5312 οὐδὲ
2363 5257 2458 5309 τοῦ
2498 5248 2973 5326 μετεμψυχοῦσθαι
3001 5248 3064 5300 τὸ
3097 5245 3277 5317 σῶμα.
3311 5245 3458 5298 Ἀλλ’
3492 5246 3595 5298 οὐκ
3622 5243 3784 5303 ἔστιν,

1808 5520 2043 5576 VARL-E
2102 5522 2506 5579 LECTIONES.

689 5635 760 5697 ὠς
795 5639 1019 5705 tamen
1048 5638 1135 5691 ed.
1161 5638 1277 5691 Gal.
1359 5641 1398 5670 ³³
1436 5636 1756 5709 προγεγὸνει
1785 5638 1871 5693 ed.
1908 5639 2027 5697 Gal.

2105 5642 2148 5673 ⁸ο
2179 5642 2275 5713 τὴν
2303 5656 2411 5694 om.
2438 5638 2526 5694 ed.
2556 5636 2672 5692 Gal.
