4066 6150
385 289 514 360 1101

1603 283 2116 352 AMBIGUORUM
2157 287 2406 354 LIBER.

3481 284 3618 356 1103

377 407 454 470 ὡς
495 399 669 476 οῐμαι,
715 401 809 456 τοῦ
863 400 1069 465 πάθους
1117 399 1282 472 ἢτῆς
1323 397 1430 455 τῶν
1480 403 1662 473 μερῶν
1715 404 1949 474 φυσικῆς

2060 415 2290 474 puntur;
2313 405 2358 460 si
2379 418 2512 458 vero
2532 399 2857 458 naturaliter
2879 401 3225 470 exsistentia,
3252 418 3471 476 semper
3493 407 3618 469 hoc,

351 490 659 566 ’δλνάμεως
689 492 829 547 κατὰ
857 491 956 562 τὴν
1001 489 1138 562 πρὸς
1183 489 1412 562 θάτερον
1447 491 1678 562 Θατέρου
1729 493 1945 548 σύνοδον

380 587 414 655 ἠ
468 583 561 638 τοῦ
609 583 732 636 ὅλου
790 583 913 638 κατ’
949 577 1090 645 εἶδος
1145 581 1516 652 ὲκπλήρωσις,
1547 581 1683 634 ἀλλὰ
1710 582 1812 652 τῆς
1860 584 1946 636 ἐπ’

382 676 564 738 αὐτοῖς
596 675 712 744 ἅμα
741 673 863 728 κατ’
888 667 1027 736 εἶδος
1062 672 1180 726 ὅλον
1209 673 1500 740 γενέσεως.
1537 672 1649 725 Οὐκ
1676 672 1824 726 ἐστιν
1855 673 1948 727 οὑν

379 767 606 823 δυνατὸν
631 765 761 820 ἄνευ
786 764 992 835 φθορᾶς
1028 763 1088 828 ea
1124 762 1296 825 εἴδους
1319 763 1398 824 είς
1423 758 1560 826 εἶδος
1594 763 1948 833 μεταϐάλλειν

381 859 444 912 τὸ
466 857 673 914 οίονοῦν
707 853 865 922 εἶδος.
892 859 955 912 Εί
985 857 1042 910 δὲ
1066 858 1148 911 ὅτι
1179 857 1314 926 μετὰ
1345 857 1438 912 τὸν
1469 856 1698 912 θάνατον
1727 859 1822 914 καὶ
1851 859 1950 930 τὴν

383 953 539 1006 λύσιν
566 951 661 1006 τοῦ
713 951 965 1022 σώματος
995 949 1143 1003 ἔστιν
1177 951 1210 1020 ἡ
1240 949 1388 1020 ψυχὴ
1417 950 1512 1003 καὶ
1537 951 1810 1022 ὑφέστηκε
1847 952 1952 1022 φή-

385 1061 540 1098 σουσι
591 1043 687 1098 καὶ
723 1043 904 1114 (133
941 1041 992 1111 b)
1042 1041 1148 1111 πρὸ
1180 1041 1275 1094 τοῦ
1317 1042 1566 1111 σώματος
1611 1038 1746 1095 εἶναι
1782 1043 1951 1114 αὐτὴν

385 1135 645 1190 δύνασθαι
676 1135 770 1188 καὶ
797 1133 1122 1200 ὑφεστάναι,
1153 1133 1254 1184 οὐκ
1277 1132 1692 1202 ἑστοχασμένως
1719 1132 1786 1198 ⁸⁸,
1811 1131 1954 1202 ἔμοι-

320 1198 325 1203 _
388 1181 645 1190 -ννκ--ν-
676 1181 769 1188 ww
1281 1181 1689 1202 η--κητ---ηι
1771 1181 1786 1198 ν

384 1243 446 1292 γε
476 1226 640 1285 δοκεῖ.
679 1226 706 1278 ὁ
741 1223 898 1292 λόγος
947 1223 1131 1286 αὐτοῖς
1189 1222 1536 1294 προέρχεται.
1575 1223 1686 1292 Οὐχ
1735 1225 1764 1276 ὁ
1791 1224 1954 1286 αὐτὸς

319 1297 343 1307 Ὗ
380 1314 488 1384 γὰρ
509 1315 777 1380 γενέσεως
807 1313 900 1366 καὶ
921 1313 1112 1376 οὐσίας
1137 1311 1312 1380 λόγος.
1345 1314 1406 1366 '0
1435 1313 1534 1382 μὲν
1560 1313 1670 1383 γὰρ
1697 1313 1792 1366 τοῦ
1824 1330 1953 1366 ποτε

361 1402 474 1456 ’καί
515 1419 616 1456 που
653 1395 794 1456 εἶναι
832 1401 927 1455 καὶ.
963 1402 1101 1470 πρός
1126 1417 1178 1454 τι
1211 1401 1380 1467 ἐστὶν,
1411 1405 1440 1454 ό
1463 1403 1522 1456 δὲ
1553 1402 1647 1456 τοῦ
1689 1399 1827 1456 εἶναι
1860 1405 1954 1457 καί

382 1510 434 1546 τι
469 1493 564 1546 καί
603 1509 719 1556 πως
765 1487 906 1544 εἷναί
941 1493 1056 1544 ἔστι
1089 1491 1407 1562 δηλωτικός.
1441 1493 1504 1547 Εἰ
1531 1495 1588 1547 δὲ
1623 1493 1804 1559 τοῦτο,
1838 1497 1956 1548 ἐστὶ

387 1583 486 1653 μὲν
522 1583 608 1636 ἀεὶ
635 1582 772 1654 μετὰ
805 1582 866 1634 τὸ
901 1582 1156 1650 γενέσθαι
1206 1583 1295 1636 διὰ
1337 1583 1436 1652 τὴν
1486 1585 1674 1640 οὐσίαν
1714 1589 1747 1654 ἡ
1785 1585 1952 1656 ψυχὴ,

382 1676 482 1728 οὐκ
515 1673 714 1742 ἄφετος
745 1673 804 1727 δὲ
835 1673 922 1727 διὰ
962 1673 1060 1744 τὴν
1087 1674 1326 1742 γένεσιν,
1362 1673 1498 1728 ἀλλὰ
1538 1677 1676 1745 μετὰ
1702 1679 1800 1746 τῆς
1829 1677 1953 1748 σχέ-

2047 509 2114 549 eo
2152 495 2298 564 quod
2356 494 2609 550 naturale
2664 502 2767 560 est,
2816 494 3066 564 profecto
3111 497 3512 566 operabnntur,
3568 509 3625 554 et

2049 598 2331 654 nunquam
2373 584 2623 654 quiescet
2693 585 2876 638 anima
2931 586 3378 656 coincorporari,
3447 605 3621 658 neque

2050 675 2408 730 eoinanimari
2435 691 2658 746 corpus.
2697 675 2803 730 Sed
2837 692 2947 731 non
2978 687 3082 742 est,
3130 687 3187 732 ut
3213 679 3472 744 arbitror,
3497 696 3623 748 pas-

2051 767 2222 822 sionis
2259 777 2355 822 aut
2403 767 2641 837 partium
2677 769 2946 823 naturalis
2979 769 3256 837 potentiae,
3319 770 3622 824 secundum

2051 857 2281 912 alterius
2325 857 2528 912 coitum
2561 857 2628 911 ad
2675 857 2928 924 alteram,
2963 859 3134 913 totius
3175 861 3478 914 secundum
3503 875 3626 930 spe-

2053 947 2194 1003 ciem
2232 949 2541 1019 plenitudo,
2578 947 2672 1003 sed
2702 949 2756 1002 in
2787 949 2924 1018 ipsis
2949 950 3112 1004 simul
3157 951 3461 1004 secundum
3507 967 3628 1020 spc-

2055 1039 2194 1093 ciem
2219 1049 2385 1094 totam
2409 1041 2782 1110 generationis
2811 1048 2914 1094 est.
2948 1040 3142 1094 Nonne
3172 1027 3628 1111 igitur‘possibile

2055 1131 2174 1184 sine
2198 1130 2552 1199 corruptione
2579 1147 2644 1184 es
2679 1130 2860 1200 specie
2895 1130 3214 1201 inspeciem
3248 1134 3626 1188 transmittere

2055 1221 2496 1290 qualemcunque
2525 1221 2806 1290 speciem?
2840 1222 2896 1276 Si
2925 1233 3132 1286 autem,
3170 1226 3298 1293 quia
3327 1233 3450 1294 post
3479 1239 3627 1277 tuor-

2051 1318 2166 1364 tem
2195 1318 2252 1364 et
2281 1311 2613 1365 solutionem
2649 1313 2898 1382 corporis
2929 1321 3014 1367 est
3058 1314 3241 1368 anima
3269 1325 3324 1368 et
3355 1315 3628 1376 subsistit,

2055 1401 2253 1456 dicunt
2277 1402 2442 1456 etiam
2467 1413 2823 1470 ante'corpus
2850 1419 2976 1460 esse
3012 1421 3133 1460 eam
3162 1422 3322 1476 posse
3365 1416 3421 1459 ct
3453 1407 3632 1461 subsi-

2057 1501 2222 1556 stere,
2249 1490 2675 1556 inconsiderate,
2717 1499 2776 1545 ut
2812 1492 2948 1546 mihi
2991 1493 3234 1560 videtur,
3269 1497 3410 1549 ratio
3438 1513 3632 1551 eorum

2059 1580 2326 1649 procedit.
2361 1580 2480 1634 Non
2510 1580 2659 1635 enim
2708 1583 2902 1637 eadem
2945 1594 3030 1638 est
3057 1585 3434 1655 generationis
3468 1595 3523 1641 et
3549 1603 3637 1641 es-

2061 1671 2251 1726 sentia:
2293 1670 2455 1724 ratio.
2493 1668 2569 1725 Ea
2603 1672 2749 1726 enim
2781 1673 3026 1743 quando,
3073 1680 3128 1730 e't
3159 1675 3252 1730 ubi
3287 1693 3430 1740 esse,
3483 1685 3537 1731 et
3567 1663 3631 1730 ad

385 1783 522 1830 σεως
549 1763 801 1842 τοῦγποτε
833 1766 927 1819 καί
955 1741 1057 1818 που
1086 1741 1182 1818 οιαὶ
1209 1765 1346 1836 πρός
1379 1782 1452 1820 τι.
1489 1741 1600 1836 Οὑχ
1631 1741 1816 1830 amitti);

2062 1761 2194 1830 quid
2238 1767 2322 1816 est
2350 1777 2363 1825 ;
2395 1776 2460 1814 ea
2506 1777 2638 1815 vero
2683 1778 2802 1817 esse
2847 1771 2902 1818 et
2940 1765 3073 1833 quid
3105 1773 3160 1820 et
3205 1767 3482 1836 quomodo
3515 1783 3638 1821 esSe

383 1859 602 1928 λέγεται
639 1858 785 1929 ψυχὴ
816 1858 955 1927 μετὰ
989 1858 1081 1912 τὸν
1111 1858 1206 1912 τοῦ
1249 1857 1502 1928 σώματος
1536 1858 1766 1912 Θάνατον
1801 1861 1834 1928 ή
1863 1860 1958 1928 ψυ-

385 1951 476 2020 χὴ,
517 1950 652 2004 ἀλλὰ
691 1951 736 1986 δ’
781 1947 1074 2020 ἀνθρώπου
1115 1948 1281 2019 ψυχὴ,
1313 1951 1409 2004 καὶ
1439 1951 1534 2004 τοῦ
1568 1968 1712 2014 τινος
1749 1953 1960 2022 ἀνθρὼ-

385 2055 490 2095 που
527 2040 696 2111 ψυχή.
728 2039 884 2110 Ἔχει
905 2039 1014 2109 γὰρ
1040 2039 1143 2105 ,καὶ
1185 2039 1324 2108 μετὰ
1356 2040 1416 2093 τὸ
1451 2040 1610 2111 σῶμα
1643 2040 1719 2104 ὡς
1750 2041 1796 2072 ⁸⁸
1821 2037 1959 2104 εἶδος

386 2133 555 2202 αὐτῆς
587 2132 644 2184 τὸ
685 2131 805 2184 ὅλον
847 2133 990 2186 κατὰ
1027 2130 1123 2203 τὴν
1153 2131 1339 2201 σχέσιν
1367 2132 1442 2195 ὡς
1491 2132 1692 2203 μέρους
1735 2150 1963 2205 κατηγο-

389 2223 652 2294 ρούμενον
683 2223 745 2276 τὸ
773 2221 1132 2295 ἀνθρώπινον.
1180 2223 1452 2286 Ὡσαύτως
1477 2223 1533 2277 δὲ
1561 2226 1656 2278 καὶ
1682 2226 1742 2277 τὸ
1771 2225 1956 2296 σῶμα,

389 2316 582 2388 υνητὸν
633 2316 732 2386 μὲν
775 2315 864 2370 διὰ
908 2314 1008 2386 τὴν
1043 2315 1227 2383 φύσιν,
1259 2316 1359 2368 οὐκ
1404 2315 1604 2384 ἄφετον
1643 2317 1699 2370 δὲ
1742 2317 1828 2372 διὰ
1867 2319 1964 2387 τὴν

387 2407 618 2474 γένεσιν.
664 2407 740 2460 Οὐ
768 2405 878 2477 γὰρ
914 2406 1100 2470 ἁπλῶς
1134 2407 1354 2475 λέγεται
1374 2406 1536 2477 σῶμα
1572 2409 1713 2478 μετὰ
1737 2410 1826 2462 τὸν
1851 2427 1964 2479 χω-

387 2497 582 2569 ρισμὸν
609 2498 706 2568 τῆς
732 2495 908 2568 ψυχῆς
928 2497 990 2550 τὸ
1016 2499 1196 2566 σῶμα,
1228 2499 1342 2550 ἀλλ’
1363 2497 1654 2568 ἀνθρώπου
1681 2499 1964 2570 cinnama).

387 2585 482 2638 τοῦ
525 2602 670 2648 τινος
699 2584 990 2656 ἀνθρώπου
1026 2587 1206 2656 σῶμα,
1240 2585 1343 2640 κᾶν
1371 2590 1419 2640 εί
1452 2587 1732 2658 φθείρεται
1763 2591 1856 2644 καὶ
1888 2592 1966 2653 εἰς

389 2675 457 2728 τὰ
498 2674 558 2739 ἐξ
587 2668 662 2729 ὧν
701 2675 848 2728 ἐστιν
874 2675 1203 2754 ἐινοιλὺεσθαεε⁹
1231 2681 1470 2748 στοιχεῖα
1507 2680 1772 2748 πέφυκεν.
1809 2679 1965 2750 Ἔχει

391 2765 500 2836 γὰρ
555 2766 649 2819 καὶ
709 2765 878 2828 οὕτως
937 2767 1014 2828 ὡς
1071 2761 1210 2830 εἶδος
1252 2767 1312 2820 τὸ
1335 2768 1454 2822 ὅλον
1483 2769 1644 2822 αὑτοῦ
1692 2772 1834 2823 κατὰ
1869 2770 1966 2840 τὴν

393 2856 579 2926 σχέσιν
621 2855 696 2920 ὡς
735 2855 931 2926 μέρους
983 2855 1456 2928 κατηγορούμενον
1488 2859 1549 2912 τὸ
1603 2859 1962 2928 ἀνθρώπινον.

407 2944 524 2999 Ἐπ’
583 2947 786 3016 ἀμφοῖν
835 2946 1122 3017 τοιγαροῦν
1157 2949 1190 3016 ή
1231 2947 1437 3017 σχέσις,
1464 2947 1645 3019 ψυχῆς
1695 2949 1838 3018 λέγω
1875 2951 1970 3003 καὶ

2059 1861 2148 1904 est
2193 1851 2454 1905 declarat.
2517 1851 2574 1906 Si
2620 1862 2805 1906 autem
2850 1853 2955 1909 hoc
2997 1863 3081 1910 est
3125 1857 3348 1926 quidem
3395 1874 3633 1928 semper,

2060 1954 2349 2010 postquam
2381 1941 2462 2005 ﬁt,
2500 1957 2599 2010 per
2627 1943 2922 1997 essentiam
2967 1945 3170 2011 anima,
3211 1948 3494 2001 enimvero
3527 1965 3635 2001 non

2061 2033 2330 2096 absoluta,
2363 2049 2462 2101 per
2485 2032 2920 2102 generationem,
2960 2034 3056 2090 sed
3087 2051 3211 2090 cum
3247 2039 3635 2106 conjunctione

2063 2122 2326 2190 temporis
2355 2131 2410 2176 et
2453 2121 2560 2175 loci
2587 2131 2642 2176 et
2676 2123 2743 2176 ad
2778 2123 3006 2192 aliquid.
3042 2125 3159 2180 Non
3193 2127 3342 2180 enim
3377 2127 3638 2197 simplici-

2065 2223 2146 2267 ter
2169 2213 2376 2268 dicitur
2399 2213 2580 2268 anima
2605 2225 2729 2284 post
2745 2228 2980 2272 mortem
3002 2219 3252 2287 corporis
3288 2221 3402 2288 ipsa
3435 2221 3634 2279 anima.

2082 2303 2158 2356 red
2195 2304 2436 2358 hominis
2479 2307 2683 2369 anima,
2712 2315 2768 2360 et
2812 2307 3096 2378 cujusdam
3127 2309 3367 2363 hominis
3411 2311 3590 2365 anima
3621 2327 3634 2371 ;

2064 2394 2229 2448 habet
2261 2395 2407 2448 enim
2438 2406 2493 2450 et
2528 2405 2651 2464 post
2673 2411 2876 2466 corpus
2907 2399 2988 2452 sic
3013 2397 3252 2466 speciem
3289 2416 3440 2454 suam
3467 2410 3636 2454 totam

2064 2485 2367 2540 secundum
2405 2485 2652 2539 habitum
2708 2487 2878 2542 veluti
2919 2489 3090 2558 partis
3121 2491 3472 2560 praedicatam
3531 2492 3637 2545 bu—

2065 2592 2302 2630 manam.
2323 2577 2590 2630 Similiter
2613 2587 2795 2632 autem
2817 2588 2872 2632 et
2889 2595 3092 2650 corpus
3114 2591 3392 2636 mortuum
3417 2584 3638 2653 quidem
3722 2601 3729 2607 '

2065 2682 2164 2736 per
2195 2676 2469 2732 naturam,
2516 2682 2626 2720 non
2667 2683 2804 2723 vero
2819 2670 3167 2744 ‘absolutnm
3201 2689 3299 2742 per
3333 2674 3642 2744 generatio-

2066 2731 2082 2736 -
2458 2731 2461 2732 ⁷
2532 2757 2543 2769 .
2685 2758 2695 2768 .
2811 2731 2887 2770 ρ.
3071 2761 3137 2773 ..
3201 2731 3216 2742 ⁸
3333 2731 3362 2744 ν

2066 2772 2213 2810 nem.
2279 2757 2400 2812 Non
2455 2772 2605 2811 enim
2652 2759 2980 2827 Simpimter
3029 2760 3236 2816 dieitur
3283 2778 3485 2833 corpus
3517 2773 3643 2833 post

2066 2849 2470 2918 separationem
2517 2849 2584 2905 ab
2615 2851 2798 2904 anima
2825 2861 3047 2921 corpus,
3088 2854 3182 2908 sed
3230 2853 3472 2910 hominis
3518 2870 3644 2910 cor-

2066 2951 2188 3006 pus,
2227 2944 2283 2991 et
2318 2937 2604 3008 cujusdam
2657 2938 2898 2993 hominis
2935 2955 3139 3010 corpus
3174 2944 3278 2997 etsi
3323 2958 3644 3012 corrumpa-

395 3035 675 3106 σώματος,
727 3035 804 3099 ὡς
846 3039 948 3088 καὶ
968 3034 1014 3066 ⁸⁸
1057 3035 1180 3090 ὅλου
1206 3037 1378 3100 είδους
1412 3039 1751 3108 ἀνθρωπίνου
1783 3041 1956 3112 μερῶι

2069 3035 2160 3081 tur
2195 3035 2250 3082 et
2279 3027 2335 3081 in
2386 3043 2448 3080 ea
2497 3040 2565 3082 ex
2616 3027 2820 3097 quibus
2847 3038 2934 3084 est
2970 3031 3174 3086 resolvi
3205 3033 3477 3088 elementa
3511 3049 3643 3088 (ξοη-

392 3128 769 3198 ἀναφαιρὲτως
781 3143 903 3180 νοου
911 3127 1312 3200 μένη,παρίστη
1320 3147 1372 3182 σι
1389 3131 1482 3183 καὶ
1495 3131 1592 3201 τὴν
1617 3132 1732 3200 ἅμα
1753 3133 1958 3187 τούτων

392 3216 626 3283 γένεσιν,
647 3219 742 3270 καὶ
775 3217 872 3287 τὴν
907 3215 1026 3270 κατ’
1054 3218 1242 3270 οὐσίαν
1273 3219 1408 3289 πρὸς
1457 3219 1663 3290 ἄλληλα
1694 3222 1958 3292 διαφορὰν

392 3308 790 3368 ἀποδείκνυσιν,
805 3307 958 3360 οὐδὲν
979 3307 1100 3361 καθ’
1119 3301 1230 3361 οἷον
1253 3307 1455 3379 δήποτε
1469 3311 1669 3380 τρόπον
1695 3314 1821 3376 τοὺς
1837 3317 1958 3368 κατ’

390 3395 579 3449 οὐσίαν
615 3397 801 3459 αὐτοῖς
831 3395 1216 3466 ὲμπεφυκότας
1241 3397 1712 3468 παραὸλάπτουσα
1743 3401 1954 3471 λόγους.

391 3485 507 3538 Οὔκ
551 3485 700 3538 ἔστιν
734 3480 828 3539 οὖν
873 3485 1008 3549 ὅλως
1051 3485 1210 3557 σῶμα
1241 3485 1471 3540 δυνατὸν
1513 3487 1546 3558 ἢ
1580 3488 1758 3560 ψυχὴν
1781 3493 1960 3562 εὑρεῖν

385 3572 427 3642 -ἢ
449 3574 629 3644 λέγειν
651 3576 898 3646 ἄσχετον.
945 3576 1169 3647 Θατὲρῳ
1193 3577 1301 3649 γὰρ
1334 3577 1450 3647 ἅμα
1481 3581 1859 3649 συνεισάγεται
1901 3587 1958 3637 τό

391 3680 535 3727 τινος
547 3657 688 3718 εἶναι
704 3665 952 3736 θάτερον⁸
969 3662 1108 3720 ὥστε
1127 3669 1175 3719 εἰ
1197 3669 1542 3740 προϋπάρχει
1563 3669 1791 3742 Θατέρου
1857 3671 1953 3724 Θά-

393 3770 574 3824 τερον,
603 3755 678 3820 ὡς
701 3755 887 3828 (134
908 3757 964 3827 α)
1012 3757 1156 3820 τινος
1190 3761 1733 3830 προσυπακουστέον.
1759 3763 1822 3816 Ἦ
1852 3764 1961 3834 γὰρ

395 3835 580 3915 σχὲσίς
629 3847 908 3919 ἀκίνητος.
939 3849 1049 3902 Καὶ
1079 3847 1251 3902 ταῦτα
1283 3849 1382 3920 μὲν
1423 3851 1554 3923 περὶ
1586 3852 1812 3909 τούτων.
1852 3855 1962 3909 Καὶ

393 3938 446 3988 εί
478 3936 578 4006 μὲν
625 3937 724 4008 τῆς
779 3938 1040 4009 ἀληθείας
1068 3943 1096 3992 ὁ
1125 3939 1280 4008 λόγος
1308 3943 1408 3994 οὐκ
1447 3943 1813 4018 ἁποπέςπτωκε
1833 3984 1848 4008 ,
1882 3943 1960 4015 τῷ

393 4023 514 4094 Θεῷ
557 4026 736 4096 χάρις,
787 4026 866 4097 τῷ
897 4026 985 4081 διὰ
1031 4027 1141 4080 τῶν
1176 4028 1456 4100 ὑμετέρων
1508 4031 1682 4102 εὐχῶν
1729 4033 1864 4102 πρὸς
1900 4032 1962 4086 τὸ

395 4114 574 4178 καλῶς
603 4119 742 4170 νοεῖν
785 4116 1134 4188 ὀδηγήσαντι.
1165 4118 1314 4182 Et,“
1343 4119 1448 4174 πού
1479 4137 1533 4173 τι
1559 4122 1660 4190 τῆς
1701 4121 1959 4192 ἀληθείας

395 4207 724 4272 ἐλλέλοιπεν,
759 4211 916 4280 ὑμεῖς
949 4209 1014 4264 ἂν
1055 4209 1284 4280 εἰδείητε
1311 4211 1403 4266 τοῦ
1426 4211 1586 4281 λόγου
1623 4213 1684 4266 τὸ
1710 4215 1955 4285 ἀκριϐὲς,

393 4300 470 4362 ὡς
497 4303 561 4354 ὲκ
598 4299 732 4354 Θεοῦ
759 4302 859 4374 τὴν
880 4302 989 4356 τῶν
1010 4303 1268 4358 τοιούτων
1304 4306 1666 4376 ὲμπνεόμενοι
1701 4306 1924 4374 γνῶσιν.

2067 3125 2319 3183 suescat;
2353 3116 2520 3172 habet
2557 3116 2706 3172 enim
2742 3129 2800 3173 et
2837 3119 2918 3175 sic
2969 3121 3126 3190 quasi
3177 3124 3419 3193 speciem
3471 3133 3640 3180 totam

2065 3223 2221 3262 suam
2245 3209 2550 3262 secundum
2583 3209 2854 3274 habitum,
2884 3211 3056 3266 veluti
3089 3215 3260 3282 partis
3285 3215 3638 3284 praedicatata

2065 3298 2383 3352 humanam.
2425 3300 2484 3354 In
2515 3299 2788 3356 ambobus
2815 3302 3002 3372 itaque
3039 3302 3280 3370 habitus,
3311 3305 3492 3360 anima
3513 3306 3640 3360 dico

2063 3394 2122 3441 et
2155 3401 2420 3456 corpore,
2456 3388 2630 3442 veluti
2685 3388 2855 3444 totius
2893 3389 3087 3446 forma:
3133 3392 3390 3448 humana:
3433 3404 3637 3464 partes,

2066 3476 2512 3546 inseparabiliter
2544 3477 2879 3546 intellectus,
2909 3481 3250 3537 demonstrat
3275 3494 3332 3540 et
3360 3485 3525 3540 simul
3553 3502 3644 3542 eo-

2066 3583 2188 3624 rum
2227 3569 2476 3640 genesin,
2519 3579 2576 3624 et
2613 3569 2917 3625 secundum
2956 3573 3251 3629 essentiam
3286 3575 3355 3630 ad
3399 3592 3456 3630 se
3494 3577 3634 3632 invi-

2063 3674 2180 3714 cem
2209 3659 2578 3714 diﬂ‘erentiam
2619 3663 2882 3729 ostendit,
2923 3663 3076 3719 nul-lo
3124 3665 3290 3721 modo
3331 3671 3634 3724 secundum

2063 3752 2358 3808 essentiam
2399 3751 2454 3807 in
2483 3752 2571 3807 eis
2601 3753 2794 3809 insitas
2827 3754 3116 3811 oﬂ‘endens
3162 3759 3425 3815 rationes.
3467 3761 3638 3832 igitur

2063 3842 2288 3898 omnino
2331 3842 2673 3912 impossibile
2705 3859 2908 3915 corpus
2964 3855 3058 3900 aut
3101 3849 3339 3904 animam
3386 3853 3638 3906 invenire

2065 3945 2160 3989 aut
2206 3934 2392 3990 dicere
2439 3935 2560 3990 sine
2611 3935 2836 4003 habitu;
2893 3938 3056 3993 simul
3099 3942 3245 3996 enim
3293 3960 3418 3998 cum
3463 3948 3636 4018 altero

2058 4024 2430 4080 introducitur
2455 4025 2686 4097 alicujus
2732 4042 2854 4082 esse
2911 4028 3167 4084 alterum.
3212 4031 3400 4103 Itaque
3426 4034 3472 4090 si
3506 4037 3640 4092 aite-

2057 4131 2180 4170 rum
2213 4115 2480 4171 subsistat
2511 4123 2639 4172 ante
2669 4117 2928 4185 alterum,
2977 4121 3257 4190 quomodo
3296 4133 3356 4178 ut
3405 4126 3641 4198 alicujus

2057 4203 2536 4264 auscultandum?
2590 4209 2827 4266 Habitus
2889 4212 3039 4266 enim
3100 4211 3462 4273 immutabilis
3531 4233 3634 4274 est.

2055 4289 2332 4358 Hactenus
2361 4300 2431 4356 de
2475 4301 2585 4356 bis.
2630 4301 2699 4356 Et
2745 4303 2791 4358 si
2839 4303 3062 4374 quidem
3102 4322 3132 4360 a
3171 4309 3408 4364 veritate
3455 4325 3640 4366 sermo

395 4407 506 4448 non
549 4393 798 4459 recessit,
830 4393 941 4450 Deo
973 4395 1181 4465 gratias.
1208 4411 1308 4466 per
1357 4406 1572 4454 vestras
1615 4399 1898 4454 orationes
1928 4389 1996 4452 ad
2026 4397 2168 4453 bene
2203 4395 2628 4466 intelligendum
2657 4395 2882 4450 ducenti
2908 4413 2922 4463 ;
2965 4397 3012 4450 si
3034 4413 3166 4454 vero
3197 4399 3400 4456 alicubi
3429 4418 3459 4457 a
3487 4403 3639 4458 veri-

396 4493 508 4540 tate
537 4481 746 4549 deﬂcit,
806 4497 906 4538 vos
942 4483 1242 4540 reformate
1280 4487 1512 4543 rationis
1567 4487 1913 4560 diligentiam
1937 4503 2004 4542 ex
2058 4486 2172 4540 Deo
2205 4485 2400 4541 talium
2439 4485 2691 4556 inspirati
2729 4487 3038 4544 scientiam.

1982 4609 2056 4622 _

407 4663 508 4718 Ἐκ
539 4659 648 4717 τοῦ
685 4661 871 4718 αὑτοῦ
895 4663 1104 4733 λόγου,
1135 4665 1228 4730 εἰς
1251 4665 1368 4732 τὸ,‹
1400 4665 1554 4732 Ἕως
1577 4666 1656 4724 ἂν
1683 4668 1785 4722 καὶ
1824 4673 1956 4740 παρ’

2064 4671 2149 4726 Ea:
2177 4671 2355 4726 eodem
2381 4684 2638 4735 sermone,
2669 4674 2724 4726 in
2765 4675 2859 4727 hoc
2885 4689 2906 4728 :
2935 4691 2956 4726 ι
2994 4673 3133 4730 Dum
3165 4678 3324 4732 etiam
3352 4695 3384 4732 a
3423 4696 3480 4734 re
3521 4681 3638 4750 ipsa

462 4753 686 4824 ἑαυτῆς
718 4757 756 4824 ἡ
788 4755 904 4824 ὕλη
935 4757 1084 4826 φέρῃ
1112 4761 1180 4810 τὸ
1208 4755 1468 4812 ἄτακτον
1503 4757 1706 4828 ὥσπερ
1743 4760 1815 4814 ἐν
1835 4763 1966 4830 ῥεύ-

458 4861 602 4916 ματι
633 4845 732 4916 (δ).
771 4865 790 4896 ι

464 4952 634 5022 Οῐμαι
679 4953 772 5007 καὶ
811 4955 902 5006 τὸν
931 4955 1175 5024 παρόντα
1203 4955 1297 5010 τοῦ
1327 4955 1484 5025 λόγου
1519 4959 1718 5013 σκοπὸν
1744 4961 1843 5030 τῆς
1869 4961 1963 5015 τοῦ

390 5048 668 5118 προτέρου
725 5045 964 5107 διανοίας
1014 5044 1230 5116 ἔχεσθαι
1279 5049 1598 5118 κεφαλαίου.
1663 5051 1963 5117 Διεξελθὼν

389 5139 503 5210 γὰρ
533 5137 616 5191 ὅτι
643 5136 872 5190 πλεῖστα
899 5137 1036 5206 πρὸς
1059 5136 1186 5200 τοὺς
1231 5137 1482 5204 φιλύλους
1509 5156 1568 5192 τε
1599 5142 1694 5194 καὶ
1726 5142 1960 5210 φιλοσω-

397 5229 600 5297 μάτους
625 5225 798 5280 ταῦτα
826 5227 1040 5294 ἐπάγει,
1071 5227 1147 5290 ὡς
1180 5226 1430 5282 ἐντεῦθεν
1457 5229 1715 5284 δύνασθαι
1745 5233 1836 5286 τὸν
1866 5235 1959 5286 εὑ-

2173 4764 2417 4818 materies
2462 4761 2567 4829 fert
2610 4765 2969 4819 inordinatum
3003 4767 3163 4823 veluti
3197 4770 3478 4842 inﬁmum.
3506 4792 3525 4825 ι

2129 4961 2382 5017 Arbitror
2427 4979 2648 5034 quoque
2699 4976 3022 5036 praesentem
3065 4974 3340 5030 sermonis
3378 4975 3644 5034 intentio-

2059 5069 2187 5109 nem
2211 5054 2415 5124 prioris
2445 5055 2784 5110 intellectum
2818 5057 3024 5114 habere
3056 5065 3302 5134 capituli.
3331 5065 3470 5133 Quia
3495 5069 3644 5125 enim

2066 5145 2417 5214 prmtermisit
2457 5147 2691 5216 plurima
2738 5156 2927 5204 contra
2973 5155 3220 5210 materia;
3271 5167 3546 5217 amatores
3589 5173 3648 5218 et

2067 5237 2336 5308 corporis,
2379 5239 2496 5294 haec
2535 5237 2775 5308 addidit,
2799 5249 2879 5324 'ut
2913 5241 3040 5298 hinc
3074 5259 3298 5316 possent
3330 5251 3418 5320 pie
3466 5253 3647 5308 inten-

1713 5367 1942 5424 VARl/E
1975 5371 2378 5430 LECTIONES.

463 5449 508 5484 “
539 5453 601 5506 οὐ
656 5451 1156 5521 κατεστοχασμένος
1189 5451 1280 5507 ed.
1337 5453 1456 5509 Gal.
1529 5455 1574 5489 δ’
1603 5456 1717 5510 ἀλλ’
1743 5458 1833 5512 ed.
1857 5459 1976 5515 Gal.
2051 5463 2101 5494 ⁴³
2125 5464 2202 5528 ὡς
2227 5480 2340 5519 om.
2371 5465 2460 5521 ed.
2483 5465 2602 5522 Gal.
2676 5468 2722 5502 “
2751 5469 2844 5524 καὶ
2876 5485 2985 5525 om.
3022 5470 3113 5528 ed.
3137 5472 3257 5531 Gal.

1932 5573 2161 5634 ΝΟΤΕΕ.

468 5663 546 5737 (5)
580 5663 746 5734 Greg.
794 5662 922 5719 Naz.
961 5663 1035 5718 De
1064 5677 1286 5734 pauper.
1320 5681 1501 5720 amore
1530 5682 1578 5722 e.
1616 5666 1706 5732 '50,
1735 5683 1790 5738 p.
1821 5669 1945 5740 279,
1976 5683 2108 5730 tom.
2137 5675 2177 5741 l,
2206 5672 2344 5745 Opp.
2375 5676 2464 5733 ed.
2492 5678 2708 5735 Bened.‘
