4066 6150
540 246 673 307 1103

1702 242 1764 301 S.
1806 241 2087 300 MAXIM!
2127 236 2631 298 CONFESSOIHS

3662 238 3801 306 ιιοι

537 336 742 402 tionem
773 348 943 402 sancti
976 354 1387 417 perscrutantes
1417 345 1686 417 conjicere
1713 346 1812 400 sic.
1847 345 2112 413 Quoniam

2224 344 2397 407 σεῦὦς
2422 344 2514 396 τὸν
2550 343 2755 397 σκοπὸν
2785 341 2881 395 τοῦ
2916 342 3073 411 ἁγίου
3102 343 3535 416 διερευνώμενον
3573 349 3805 402 ἐπιϐάλ-

537 438 1076 508 incorruptibilitatis
1097 445 1151 491 et
1178 436 1607 490 immortalitatis
1639 436 2050 506 pulchritudine
2080 452 2109 490 a

536 529 649 583 Deo
688 527 1019 582 clariﬁcatus
1057 525 1234 580 factus
1277 535 1360 579 est
1404 525 1590 589 homo,
1636 525 1934 579 materialis
1981 540 2111 579 vero

534 620 681 674 circa
708 634 765 672 se
791 630 1003 674 natum
1033 617 1432 688 turpitudinem
1468 617 1825 671 intellectuali
1865 617 2111 687 pulchri-

535 710 714 764 tudini
762 725 1119 780 prteponens,
1170 710 1376 763 oblitus
1425 716 1511 762 est
1561 708 1775 763 decora:
1808 709 2110 763 secundum

533 799 771 853 animam
805 798 1105 868 dignitatis,
1149 797 1322 867 magis
1364 804 1547 853 autem
1581 796 1678 850 Dei
1714 796 1951 850 animam
1997 798 2113 852 dei-

534 890 783 943 formiter
810 889 1120 949 formantis.
1166 904 1327 943 omne
1361 888 1506 959 quod
1558 886 1629 957 (k)
1677 887 1807 942 fecit
1839 890 2112 943 sententia

532 981 781 1052 dignum,
817 985 1118 1034 secundum
1158 978 1406 1033 divinum
1432 977 1700 1049 judicium
1732 986 1975 1031 nostram
2023 994 2110 1032 sa-

535 1073 749 1143 pienter
794 1071 1141 1124 administrat
1190 1070 1454 1133 salutem,
1504 1070 1819 1139 colligitque
1871 1069 2112 1123 fructum

532 1181 642 1218 non
679 1165 853 1216 solum
890 1163 1061 1232 ipsam
1090 1162 1339 1232 corporis
1360 1163 1769 1231 corruptionem
1796 1171 1853 1215 et
1879 1170 2112 1215 mortem

531 1264 587 1308 et
611 1254 677 1309 ad
707 1270 923 1307 omnem
966 1253 1273 1323 passionem
1320 1252 1791 1321 promptissimum
1821 1262 2030 1307 motum
2057 1262 2115 1308 et

532 1344 1023 1414 Opportunitatcm,
1058 1344 1152 1395 sed
1180 1351 1236 1396 et
1259 1350 1412 1396 extra
1440 1350 1490 1395 et
1520 1342 1667 1397 circa
1696 1358 1820 1396 eum
1853 1342 2113 1396 materia-

533 1438 603 1490 lis
634 1436 886 1491 essentia:
920 1435 1175 1489 instabile
1206 1441 1261 1488 et
1303 1433 1617 1488 anomalum
1654 1442 1710 1488 et
1751 1433 1819 1486 ad
1864 1433 2113 1487 alienan-

534 1530 665 1582 dum
710 1528 893 1582 ferens
947 1534 1002 1579 ct
1048 1526 1246 1590 facile,
1292 1525 1407 1580 sive
1453 1534 1582 1579 tunc
1628 1525 1799 1594 ipsam
1845 1523 2112 1596 (videlicet

536 1619 822 1683 animam),
842 1619 956 1671 Deo
972 1625 1197 1687 propter
1229 1615 1741 1686 praevaricationem
1776 1624 1965 1669 nostro
1987 1629 2113 1669 cor-

2218 431 2332 484 λειν
2362 430 2555 495 οὕτως.
2604 432 2822 503 Ἐπειδὴ
2848 431 2925 503 τῷ
2964 433 3063 503 τῆς
3092 433 3406 504 ἀφθαρσίας
3440 453 3504 489 τε
3542 438 3639 490 καὶ
3667 441 3805 493 ἀθα-

2218 525 2409 587 νασίας
2441 524 2627 577 κάλλει
2659 524 2810 595 παρά
2840 523 2975 577 Θεοῦ
3015 526 3496 595 κατηγλαῖσμένος
3524 529 3555 579 ό
3585 528 3804 599 ἄνθρω-

2213 632 2313 677 πος
2364 615 2582 683 γέγονε,
2631 613 2693 666 τὸ
2744 614 2802 665 δὲ
2852 615 2953 685 τῆς
2997 614 3126 685 περὶ
3156 616 3317 670 αὑτὸν
3348 616 3547 685 ὑλικῆς
3579 617 3805 685 φύσεως

2213 702 2400 776 αἶσχος
2429 704 2525 758 τοῦ
2583 704 2773 777 νοεροῦ
2805 705 3036 769 κάλλους
3068 706 3419 778 προτιμήσας
3470 707 3647 778 λήθην
3695 708 3800 762 τοῦ

2213 798 2353 853 κατά
2396 797 2578 868 ψυχὴν
2608 798 2919 869 ἐκπρεποῦς
2950 796 3259 867 ἀξιώματος
3282 840 3297 863 ,
3328 799 3534 868 μᾶλλον
3562 799 3619 851 δὲ
3656 800 3802 853 Θεοῦ

2211 889 2305 942 τοῦ
2331 891 2423 942 καὶ
2452 890 2551 960 τὴν
2581 888 2760 961 ψυχὴν
2790 888 3039 952 θεοειδῶς
3069 888 3526 953 καλλωπίσαντος
3559 891 3801 962 πάμπαν

2213 982 2535 1050 ἐπεποίητο,
2568 981 2668 1050 τῆς
2689 980 2915 1051 γνώμης
2936 980 3086 1045 ἄξιον
3117 980 3257 1037 κατά
3305 980 3457 1035 θείαν
3485 982 3664 1053 ψῆφον
3692 983 3802 1052 τὴν

2214 1072 2395 1140 σοςῶς
2427 1072 2526 1142 τὴν
2572 1072 2731 1140 ἡμῶν
2767 1074 3042 1140 σωτηρίαν
3088 1072 3482 1141 οἰκονομοῦσαν
3529 1074 3802 1144 ἐδρέψατο

2213 1162 2448 1228 καρπὸν,
2479 1162 2540 1213 οὑ
2575 1163 2736 1229 μόνον
2769 1162 2859 1213 τοῦ
2894 1163 3145 1226 σώματος
3192 1162 3288 1232 τὴν
3335 1162 3545 1233 φθοράν
3576 1166 3670 1216 καὶ
3699 1164 3800 1216 τὸν

2213 1252 2467 1316 θάνατον,
2508 1253 2601 1306 καὶ
2645 1253 2746 1316 τὴν
2782 1253 2917 1319 πρὸς
2956 1255 3065 1306 πᾶν
3097 1253 3267 1316 πάθος
3315 1256 3673 1324 εὑέμπτωτον
3707 1256 3801 1307 κε-

2213 1342 2370 1413 νησίν
2398 1358 2458 1394 τε
2488 1342 2584 1394 καὶ
2629 1340 3063 1411 ἐπιτηδειότητα,
3097 1340 3232 1395 ἀλλὰ
3262 1344 3355 1394 καὶ
3385 1343 3487 1411 τῆς
3516 1344 3675 1405 ἐκτὺς
3700 1345 3801 1413 καί.

2213 1411 2342 1500 περὶ
2373 1431 2535 1485 αὑτὸν
2568 1431 2758 1501 ὑλικῆς
2782 1432 2973 1494 οὐσίας
2996 1432 3056 1484 τὸ
3085 1432 3319 1485 ἄστατον
3349 1435 3444 1486 καὶ
3476 1411 3794 1503 ἀνώμαλον,

2213 1525 2306 1576 καὶ
2330 1524 2466 1593 πρὸς
2489 1524 2549 1581 τὸ
2572 1522 2912 1576 ἀλλοιοῦσθαι
2940 1522 3171 1592 εὔφορον
3188 1540 3246 1575 τε
3278 1524 3373 1577 καὶ
3399 1524 3647 1596 εὐχερὲς,
3684 1529 3796 1578 εἴτε

2213 1614 2336 1665 τότε
2366 1613 2536 1683 αὐτὴν
2563 1613 2658 1665 τοῦ
2679 1612 2813 1665 Θεοῦ
2845 1612 2932 1665 διὰ
2962 1613 3060 1683 τὴν
3091 1612 3404 1683 παράϐασιν
3423 1612 3502 1682 τῷ
3534 1615 3797 1685 ἡμετέρῳ

535 1712 654 1782 pori
685 1710 1094 1771 connniscente,
1124 1716 1180 1763 et
1206 1707 1271 1763 ad
1302 1706 1657 1761 alienandum
1691 1721 1833 1771 eam,
1870 1706 1950 1761 sic
1981 1721 2111 1761 cor-

2214 1703 2427 1774 σὼματι
2668 1704 2720 1772 b)
2755 1704 3374 1774 συμμετακεράσαντος,
3406 1705 3503 1756 καὶ
3532 1705 3629 1775 τὴν
3659 1707 3800 1777 πρὸς

536 1819 671 1874 pore
702 1803 767 1856 ad
799 1798 1105 1871 passionem
1139 1810 1195 1855 ct
1230 1799 1642 1870 corruptionem
1682 1808 1738 1853 et
1770 1800 1999 1853 omnino
2023 1814 2113 1854 so-

534 1894 825 1954 lutionem,
863 1891 1004 1945 sicut
1044 1890 1357 1944 mortalium
1386 1890 1438 1942 in
1468 1888 1722 1960 paradiso
1754 1889 1979 1958 pellium
2012 1886 2111 1941 de-

536 1983 709 2035 clarat
754 1981 1006 2045 amictus,
1053 1980 1331 2033 inserente
1395 1979 1718 2049 potentiam,
1761 1980 1915 2049 juxta
1962 1976 2111 2048 quod

534 2075 797 2143 scriptum
824 2081 906 2125 est
940 2090 952 2123 :
983 2069 1121 2135 Quia
1153 2080 1201 2123 et
1232 2071 1345 2140 ipsa
1372 2078 1618 2123 creatura
1646 2069 1874 2139 subjecta
1899 2077 1975 2121 est
1999 2084 2114 2121 cor-

534 2164 766 2235 ruptioni
800 2162 1001 2227 nolens,
1028 2161 1118 2214 sed
1157 2169 1371 2231 propter
1406 2160 1760 2230 subjicientem
1784 2162 1837 2212 in
1861 2176 1987 2230 spe;
2010 2174 2110 2216 seu

534 2272 600 2309 ex
635 2254 927 2325 principio,
987 2268 1082 2322 per
1130 2252 1529 2322 przescientiam
1575 2251 1657 2305 sic
1697 2267 1815 2305 eam
1867 2261 2108 2317 creante,

535 2357 760 2416 propter
793 2345 1079 2416 pt‘tevisam
1115 2343 1353 2399 hominis
1383 2341 1916 2413 praevaricationem,
1950 2342 2024 2395 ita
2051 2352 2112 2396 ut

536 2438 794 2507 patiendo
823 2446 880 2491 ct
905 2434 1149 2490 vitiando
1182 2450 1281 2507 per
1314 2449 1373 2488 se
1410 2433 1465 2487 in
1496 2449 1824 2488 consensum
1859 2432 2029 2504 ipsius
2057 2441 2113 2487 et

534 2529 773 2600 propriae
792 2526 1075 2599 dignitatis
1091 2525 1325 2587 veniret,
1346 2533 1401 2579 et
1424 2525 1731 2595 inseparate
1756 2524 2026 2594 reciperet
2044 2522 2110 2577 ad

535 2637 736 2691 corpus
758 2629 813 2675 et
843 2635 901 2674 se
932 2619 1104 2689 ipsam
1134 2617 1333 2672 iterum
1366 2617 1645 2671 allectum.
1670 2615 1936 2671 Concedit
1964 2615 2112 2670 enim

535 2712 971 2781 sapientissimus
1002 2709 1127 2764 vita:
1160 2717 1360 2762 nostra-
1389 2708 1640 2777 provisor
1672 2706 1999 2760 naturaliter
2033 2707 2113 2759 uti

536 2818 678 2871 νιιρθ
731 2801 898 2854 rebus
943 2800 1182 2870 propriis
1238 2798 1480 2852 motibus
1525 2797 1593 2852 ad
1629 2807 1869 2851 nostram
1907 2797 2116 2850 utilita-

539 2904 669 2956 tem,
708 2890 984 2943 interdum
1016 2890 1204 2949 insane
1230 2903 1324 2943 eas
1354 2895 1669 2947 tractantes.
1693 2904 1761 2941 ex
1792 2887 2114 2947 confusione

536 2993 592 3035 et
642 2980 1053 3050 perturbatione
1088 2980 1234 3035 circa
1277 2995 1370 3037 eas
1410 2988 1469 3037 et
1517 2966 1716 3043 ex‘eis,
1755 2979 1823 3041 ad
1861 2980 1914 3036 id
1963 2981 2109 3051 quod
2140 3011 2183 3070 ο

537 3073 771 3127 amabile
799 3080 883 3125 est
916 3070 1217 3137 secundum
1250 3082 1524 3139 naturam,
1560 3071 1841 3139 adducens
1889 3074 2112 3129 interim

537 3171 784 3215 nostrum
825 3160 1251 3227 irrationabilern
1294 3148 1367 3221 ad
1399 3178 1463 3217 ea
1497 3178 1617 3231 quae
1650 3164 1938 3232 praesentia
1984 3173 2113 3218 sunt

536 3265 800 3304 amorem.
837 3249 1039 3303 Tribus
1086 3249 1237 3304 enim
1287 3252 1681 3309 exsistentibus
1711 3253 2114 3311 universalihus

539 3341 735 3406 modis,
772 3358 870 3411 per
899 3358 1036 3411 quos
1070 3342 1259 3398 dicunt
1286 3343 1500 3397 erudite
1534 3352 1751 3399 nostras
1778 3346 1957 3401 sanari
1989 3362 2111 3415 pas-

536 3430 752 3491 siones,
802 3446 898 3503 per
944 3431 1189 3502 singulos
1233 3433 1427 3491 modos
1476 3435 1753 3504 sapienter
1798 3436 2111 3491 inordinato

536 3521 797 3586 materiae,
828 3522 1080 3577 ordinate
1110 3523 1415 3583 secundum
1442 3540 1607 3596 super
1628 3541 1729 3580 nos
1750 3532 1804 3583 et
1829 3527 2109 3585 meliorem

538 3614 829 3679 rationem,
880 3613 946 3667 ad
993 3614 1267 3684 cognitam
1321 3616 1433 3671 Deo
1480 3616 1678 3673 bonam
1714 3618 2110 3688 pulchramque

536 3704 953 3773 perfectionem,
985 3706 1288 3776 gubernata
1323 3708 1541 3765 malitia:
1571 3710 1888 3780 passionum
1920 3726 2112 3780 grave-

536 3790 685 3853 dine,
712 3791 1173 3847 medicamentum
1215 3796 1456 3864 ponitur.
1490 3796 1600 3850 Aut
1631 3799 1779 3852 enim
1809 3807 1934 3852 ante
1965 3814 2112 3853 corn-

538 3880 828 3931 missorum
863 3889 1213 3948 peccatorum
1257 3897 1471 3951 poenam
1510 3893 1842 3953 repetentes,
1874 3902 2109 3956 quorum

533 3987 686 4040 aeque
710 3987 887 4041 neque
906 3971 1200 4042 vestigium
1226 3974 1487 4029 memoria
1543 3975 1854 4030 detinemus
1883 3986 2110 4047 propter

536 4065 925 4133 ignorantiam;
939 4064 1187 4120 fortassis
1202 4081 1333 4120 vero
1351 4067 1725 4135 recordantes,
1744 4080 2109 4139 opportunam

534 4155 752 4210 delictis
785 4158 1079 4212 restituere
1122 4160 1521 4214 correctionem
1566 4176 1675 4214 non
1714 4163 2105 4229 sustinuimus,

533 4262 630 4299 seu
648 4247 897 4302 nolentes
920 4262 1015 4301 seu
1039 4263 1149 4301 non
1170 4249 1415 4303 valentes
1434 4257 1656 4319 propter
1678 4249 1980 4321 ingenitum
2005 4269 2111 4308 tua-

2210 1790 2272 1842 τὸ
2302 1789 2650 1843 ἀλλοιοῦσθαι
2684 1788 2779 1839 καὶ
2822 1789 2981 1858 αὑτῇ,
3014 1785 3204 1859 ὥσπερ
3260 1789 3338 1859 τῷ
3392 1789 3642 1860 σώματι,
3699 1792 3801 1861 τὴν

2213 1882 2349 1953 πρὸς
2380 1881 2440 1934 τὸ
2473 1883 2703 1950 πάσχειν
2733 1896 2794 1932 τε
2846 1881 2938 1932 καὶ
2989 1880 3307 1951 φθείρεσθαι
3346 1882 3438 1934 καὶ
3477 1883 3616 1947 ὅλως
3666 1884 3800 1936 λύε-

2214 1973 2359 2026 σθαι·
2391 1972 2465 2033 ὡς
2494 1972 2649 2040 δηλοῖ
2680 1972 2712 2041 ἡ
2743 1972 2850 2023 τῶν
2877 1971 3089 2041 νεκρῶν
3122 1971 3394 2042 σωμάτιον
3424 1972 3469 2005 ⁸⁸
3500 1974 3796 2045 περιϐολή,

2213 2058 2504 2127 ἐνθεμένου
2538 2057 2772 2127 δύναμιν
2807 2056 2947 2110 κατά
2980 2057 3041 2108 τὸ
3101 2059 3516 2128 γεγραμμένον,
3547 2060 3633 2112 ὅτι
3681 2064 3797 2116 Καὶ

2212 2146 2366 2212 αὐτὴ
2403 2145 2441 2211 ὴ
2477 2146 2675 2209 κτίσις
2727 2142 2995 2212 ὑπετάγη
3033 2142 3104 2210 τῇ
3139 2144 3333 2212 φθορᾷ
3366 2148 3481 2215 οὐχ
3521 2146 3794 2213 ἑκοῦσα,

2211 2237 2349 2291 ἀλλὰ
2377 2237 2466 2290 διὰ
2497 2235 2588 2289 τὸν
2618 2234 2971 2299 ὑποτάξαντα
3000 2235 3090 2287 ἐπ’
3128 2235 3323 2301 ἐλπίδι,
3351 2236 3405 2289 εί
3429 2254 3488 2290 τε
3529 2237 3591 2303 ἐξ
3616 2240 3797 2308 ἀρχῆς

2212 2332 2355 2384 κατά
2386 2328 2698 2400 πρόγνωσιν
2743 2328 2918 2391 οὕτως
2948 2328 3115 2397 αὐτὴν
3161 2329 3674 2399 δημιουργήσαντος
3704 2333 3795 2385 διά

2210 2420 2311 2489 τὴν
2345 2418 2751 2490 προοραθεῖσαν
2776 2415 3111 2486 παράϐασινο
3151 2416 3295 2469 ὥστε
3328 2417 3409 2488 τῷ
3438 2419 3675 2488 πάσχειν
3697 2423 3795 2475 καὶ

2212 2509 2518 2564 κακοῦσθαι
2550 2508 2618 2561 δι’
2665 2508 2859 2577 αὐτῆς,
2916 2508 2999 2569 εἰς
3045 2506 3397 2579 συναίσθησιν
3442 2509 3646 2563 ἐαυτοῦ
3696 2514 3794 2567 καὶ

2211 2600 2307 2654 τοῦ
2338 2600 2541 2653 οἰκείου
2588 2597 2900 2670 ἀξιώματος
2932 2596 3127 2663 ἐλθεῖν,
3163 2598 3260 2651 καὶ
3289 2601 3577 2664 ἀσπασίως
3613 2619 3793 2656 κατα-

2213 2691 2467 2756 δέξασθαι
2497 2691 2597 2761 τὴν
2627 2690 2764 2760 πρὸς
2794 2690 2855 2742 τὺ
2890 2688 3053 2759 σῶμα
3083 2690 3177 2741 καὶ
3214 2689 3384 2759 αὐτὴν
3412 2690 3790 2746 ἀποδιάθεσιν.

2214 2779 2496 2849 Συγχωρεῖ
2523 2779 2630 2851 γὰρ
2654 2780 2681 2831 ὁ
2716 2778 2992 2845 πάνσοφος
3030 2777 3132 2846 τῆς
3162 2780 3439 2852 ἡμετέρας
3470 2779 3623 2850 ζωῆς
3655 2799 3792 2853 προ-

2213 2870 2415 2940 νοητὴς
2470 2867 2720 2937 φυσικῶς
2769 2867 3009 2945 χρῆσθαι
3051 2866 3315 2932 πολλάκις
3364 2873 3431 2923 τὰ
3482 2875 3792 2943 πράγματα

2213 2964 2336 3022 ταῖς
2378 2960 2610 3022 οἰκείαις
2638 2960 2837 3030 ὁρμαῖς
2864 2959 3000 3029 πρὸς
3041 2961 3423 3031 σωφρονισμὸν
3459 2963 3644 3031 ἡμῶν,
3677 2964 3791 3016 ἐσθ’

2213 3051 2324 3121 ὅπη
2352 3050 2460 3103 τῶν
2496 3049 2757 3121 ἐμμανῶς
2803 3048 2943 3101 αὑτά
2998 3051 3534 3121 μεταχειριζομένων
3571 3052 3663 3105 διὰ
3694 3053 3796 3122 τῆς

2215 3142 2344 3213 περὶ
2372 3142 2513 3196 αὑτὰ
2538 3141 2633 3194 καὶ
2659 3141 2717 3205 ἐξ
2745 3139 2924 3194 αὑτῶν
2961 3141 3276 3211 συγχύσεώς
3303 3159 3360 3195 τε
3389 3143 3485 3195 καὶ
3516 3144 3793 3215 ταραχῆς,

2213 3235 2352 3306 πρὸς
2400 3234 2461 3287 τὸ
2502 3232 2645 3286 κατά
2684 3233 2845 3301 φύσιν
2885 3232 3115 3300 ἐραστὸν
3167 3234 3461 3301 ἐπανάγων
3510 3234 3605 3286 τὸν
3654 3236 3794 3300 τέως

2213 3326 2497 3393 ἀλόγιστον
2525 3326 2556 3392 ἠ
2568 3323 2682 3392 μῶν
2717 3323 2850 3392 πρὸς
2878 3322 2946 3375 τὰ
2982 3325 3227 3391 παρόντα
3251 3325 3447 3397 ἔρωτα.
3472 3327 3656 3398 Τριῶν
3685 3331 3792 3400 γὰρ

2211 3421 2382 3473 ὄντων
2412 3416 2716 3472 καθολικῶν
2739 3417 2978 3487 τρόπων,
3004 3416 3130 3469 καθ’
3151 3417 3246 3482 οῦς
3267 3435 3401 3486 φασι
3423 3422 3793 3485 παιδευτικῶς

2211 3514 2279 3567 τὰ
2306 3513 2556 3582 ἡμέτερα
2596 3505 2845 3574 ἐξιᾶσθαι
2892 3508 3063 3576 πάθη,
3106 3507 3174 3560 δι’
3194 3511 3425 3564 ἑκάστου
3455 3514 3664 3583 τρόπου
3701 3531 3793 3567 σο-

2212 3603 2329 3672 φῶς
2355 3602 2415 3654 τδ
2436 3600 2537 3668 τῆς
2560 3597 2696 3668 ὕλης
2748 3596 2985 3650 ἄτακτον
3034 3598 3315 3662 εὐτάκτως
3356 3603 3496 3655 κατά
3526 3603 3622 3656 τὸν
3652 3606 3793 3678 ὑπὲρ

2212 3696 2358 3765 ἡμᾶς
2391 3693 2482 3744 καὶ
2518 3690 2806 3760 κρείττονα
2844 3686 3003 3756 λόγον
3037 3690 3171 3759 πρὸς
3219 3691 3280 3742 τὸ
3328 3692 3683 3761 ἐγνωσμένον
3716 3700 3792 3764 τῷ

2210 3783 2330 3852 θεῷ
2380 3779 2764 3848 ἀγαθοπρεπὲς
2815 3778 3168 3849 ἀποτέλεσμα
3210 3778 3641 3853 κνὸερνωμένης
3695 3786 3790 3854 τῆς

2214 3876 2390 3943 κακῆς
2432 3873 2540 3925 τῶν
2570 3870 2759 3923 παθῶν
2791 3869 3083 3940 ἀχθηδόνος
3117 3870 3254 3941 ἴαμα
3296 3872 3529 3926 τίθεται.
3580 3876 3656 3927 Ἦ
3684 3876 3790 3947 γάρ

2210 3968 2320 4020 τῶν
2349 3963 2761 4036 προγεγονότων
2792 3961 3209 4032 ἁμαρτημάτων
3236 3966 3429 4033 ποινὴν
3450 3966 3792 4038 ἀπαιτούμε-

2212 4076 2314 4124 νοι,
2350 4051 2424 4109 ὧν
2469 4053 2599 4117 ἴσως
2628 4053 2738 4106 οὐδ’
2774 4052 2919 4122 ἴχνος
2960 4054 3029 4123 τῇ
3086 4054 3276 4124 μνήμῃ
3324 4058 3790 4130 παρακατέχομεν

2212 4147 2393 4218 (135
2454 4144 2508 4218 α)
2559 4144 2647 4198 διά
2692 4143 2793 4214 τὴν
2827 4142 3069 4212 ἄγνοιαν,
3103 4145 3265 4214 τυχὸν
3317 4145 3377 4198 δὲ
3426 4147 3524 4199 καὶ
3577 4166 3788 4219 μνημο-

2211 4240 2464 4300 νεύοντες
2496 4236 2594 4314 τὴν
2623 4235 2849 4288 δέουσαν
2888 4237 3002 4303 τοῖς
3044 4235 3528 4306 πλημμεληθεῖσιν
3569 4242 3792 4311 ἀντιση-

532 4337 666 4393 litim
690 4338 968 4405 habitum;
991 4355 1088 4393 seu
1113 4338 1487 4393 inﬁrmitatem
1514 4354 1832 4409 purgamur,
1854 4351 1947 4394 aut
1967 4358 2109 4414 prte-

2216 4331 2390 4384 κὼσαι
2419 4325 2705 4397 διόρθωσιν
2752 4326 2852 4378 οὑκ
2880 4325 3203 4397 ἀνεχόμεθα,
3234 4328 3267 4398 ἢ
3304 4329 3379 4405 μὴ
3428 4328 3702 4397 θέλοντες,
3727 4334 3791 4404 ἦν

533 4439 743 4484 sentem
768 4440 823 4485 et
843 4431 1190 4486 distributam
1213 4430 1273 4502 (Ι)
1298 4417 1561 4485 malitiam
1582 4430 1919 4501 repellimus,
1941 4442 1996 4486 et
2013 4434 2109 4488 ite-

534 4540 652 4578 rum
682 4529 749 4579 ad
778 4525 1031 4579 habitum
1060 4523 1258 4578 futurae
1279 4524 1405 4579 vitae
1431 4521 1809 4592 praediscimus
1829 4525 2109 4593 aspicere:

531 4627 627 4670 aut
644 4616 798 4671 firma
822 4616 1117 4673 tolerantia
1134 4625 1190 4671 et
1204 4616 1298 4685 pia
1318 4614 1640 4671 fortitudine
1664 4614 1912 4687 mirabile
1931 4631 2115 4670 exem-

537 4708 682 4776 plum
701 4708 824 4761 aliis
846 4707 1164 4765 hominibus
1192 4706 1333 4761 alius
1353 4704 1611 4776 proponit
1634 4704 1818 4769 homo,
1841 4705 2114 4775 siquidem

533 4796 784 4850 excelsus
818 4806 913 4851 aut
942 4796 1300 4866 intelligentia
1332 4804 1496 4863 atque
1526 4794 1729 4849 virtute
1760 4793 2028 4864 gloriosus
2053 4804 2110 4847 et

541 4889 769 4943 idoneus
785 4905 884 4958 per
900 4904 957 4943 se
977 4889 1153 4958 ipsum
1171 4885 1538 4957 imperterrita
1556 4893 1742 4939 contra
1761 4893 2002 4940 terrores
2012 4899 2107 4939 co-

538 4978 624 5047 pia
645 4976 741 5049 (m)
764 4978 1113 5032 manifestare
1131 4975 1351 5031 interim
1367 4972 1637 5029 occultam
1653 4973 1961 5028 veritatem.
1998 4974 2108 5028 Ad-

612 5114 638 5153 b
673 5113 830 5167 Rom.
859 5127 971 5174 vtn,
1009 5109 1101 5164 20.

2215 4423 2289 4495 μὴ
2332 4420 2627 4492 ἰσχύοντες,
2655 4419 2742 4472 διὰ
2768 4420 2866 4491 τὴν
2892 4420 3261 4491 ἐγγενομένην
3293 4422 3408 4487 ἕξιν
3433 4425 3536 4496 τῆς
3574 4428 3788 4491 κακίας,

2211 4512 2363 4584 ἢτὴν
2394 4510 2682 4564 ἀσθένειαν
2723 4508 3129 4580 καθαιρόμεθα,
3176 4512 3210 4581 ἢ
3270 4514 3558 4585 παροῦσάν
3596 4536 3657 4571 τε
3702 4519 3794 4572 καὶ

2211 4603 2518 4676 νεμομένην
2542 4601 2742 4655 κακίαν
2770 4601 3214 4673 ἀποϐαλλόμεθα,
3247 4606 3342 4661 καὶ
3384 4607 3523 4677 πρὸς
3568 4611 3793 4664 ἀναστο-

2210 4699 2307 4770 λὴν
2331 4695 2764 4768 τῆςμελλοὺσης
2812 4695 2939 4749 ἰδεῖν
2984 4696 3550 4773 προδιδασκόμεθα,ῆ
3596 4720 3797 4772 καρτε-

2219 4792 2341 4861 ρίας
2368 4791 2603 4862 ἀρίστης
2634 4791 2731 4843 καὶ
2764 4788 3022 4854 εὐσεϐοῦς
3046 4790 3301 4861 ἀνδρείας
3331 4792 3644 4866 ὑπόδειγμα
3673 4796 3798 4850 θαυ-

2220 4885 2423 4954 μαστὸν
2450 4887 2562 4946 τοῖς
2597 4882 2777 4945 ἄλλοις
2805 4880 3119 4952 ἀνθρώποις
3162 4883 3323 4947 ἄλλος
3355 4886 3680 4955 προτίθεται
3709 4891 3798 4942 ἀν-

2219 4976 2459 5045 θρωπος,
2484 4975 2661 5045 ἄνπερ
2695 4972 2905 5043 ὑψηλῆς
3009 4972 3107 5043 τὴν
3134 4973 3379 5028 διάνοιαν
3406 4979 3503 5031 καὶ
3531 4981 3636 5048 τὴν
3672 4981 3798 5048 ἀρε-

1822 5160 2075 5258 νΑῐιιΑῑ
2110 5205 2112 5257 :

2212 5203 2517 5261 STIONES.
2700 5206 2703 5209 ’
3522 5259 3532 5266 .
3730 5253 3753 5272 .

608 5298 654 5369 "_
703 5296 992 5367 δερμάτων
1034 5295 1156 5350 cod.
1223 5294 1364 5349 Gud.
1412 5295 1519 5351 Sed
1560 5294 1751 5351 eadem
1791 5312 1986 5351 manus
2022 5298 2112 5369 syll

2212 5313 2228 5352 ι
2286 5315 2362 5350 σω
2437 5299 2808 5368 superscripta
2868 5298 3136 5368 σωμάτων
3201 5299 3588 5368 reponendum
3657 5301 3802 5360 indi-

541 5366 706 5420 cavit.

2091 5455 2324 5512 ΝΟΤίΕ.

610 5548 683 5615 (It)
722 5546 886 5601 Omne
915 5548 1051 5617 quod
1091 5547 1284 5614 fecerat
1325 5550 1426 5619 (sic
1452 5547 1585 5603 Gale
1643 5550 1696 5619 in
1728 5549 1940 5615 adnot.,
1993 5562 2103 5604 non

545 5618 690 5685 Ieci!)
727 5656 740 5669 .
779 5627 928 5671 verte
967 5620 1179 5670 omnino
1204 5617 1390 5671 oblitus
1423 5619 1618 5688 fuerat.
1643 5617 1837 5687 (Cale)

2289 5548 2349 5615 ll)
2379 5548 2521 5618 Lege
2562 5538 2925 5619 delitiscentem
2957 5564 3071 5601 nos.
3093 5548 3290 5619 (Gala;

2295 5621 2387 5687 (in)
2424 5620 2562 5688 Lege
2602 5618 2811 5685 copula.
2855 5618 3050 5687 (Gale.)
