4066 6150
512 4835 527 4854 ι

515 4875 529 4929 3

628 328 768 392 1107

1785 343 2138 406 SIMAXIM
2147 346 2169 404 Ι
2209 345 2713 420 CONFESSORIS

3709 363 3815 432 1108

631 441 901 495 redditam
944 442 1010 496 de
1042 444 1244 499 virtute
1280 456 1596 504 sanctorum
1634 454 1879 522 magistri
1913 456 2204 520 rationem,

2239 461 2282 514 Α
2312 458 2471 512 θέντα
2526 466 2653 532 περὶ
2704 464 2886 536 (ι36
2917 466 2973 535 a)
3020 467 3117 536 τῆς
3164 469 3359 539 ἀρετῆς
3408 470 3516 523 τῶν
3560 473 3715 541 ἁγίων
3744 480 3812 531 τοῦ

630 536 729 587 etsi
750 536 993 604 quidam,
1016 547 1073 591 ut
1101 539 1541 608 scripsistis,hoc
1562 544 1923 610 arbitrantur,
1947 562 2046 616 per
2073 548 2199 609 hoc,

633 629 841 682 ratione
865 637 922 683 et
945 633 1411 701 contemplatione
1429 636 1796 699 solummodo.
1822 639 1941 693 sine
1962 640 2198 704 actione,

629 726 752 800 post
811 720 982 773 Deum
1023 725 1425 795 transeuntium
1486 728 1657 795 ipsam
1715 729 1900 785 dicere
1955 731 2201 800 philoso-

627 790 842 878 phiam;
873 827 905 866 c
934 815 1211 868 contrario
1245 832 1375 870 vero
1415 827 1754 887 compactam
1787 821 1987 875 actioni
2016 838 2202 877 veram

626 904 770 958 circa
800 920 864 959 ea
903 922 1023 976 quae
1064 916 1213 970 sunt,
1243 923 1435 962 eorum
1466 920 1521 963 et
1558 912 1950 981 judicationem
1984 924 2039 969 et
2071 930 2202 985 ope-

627 997 920 1065 rationem,
960 1015 1122 1067 quam
1150 1001 1550 1071 philosophiam
1592 1004 1763 1058 solam
1797 1022 1925 1060 vere
1948 1007 2204 1075 planissi-

625 1101 768 1140 mam
794 1101 895 1157 ego
926 1089 1119 1143 saltem
1148 1091 1324 1146 audax
1351 1091 1577 1157 definio,
1615 1095 1787 1164 magis
1812 1104 1999 1165 aperte
2030 1098 2203 1151 intro-

626 1172 847 1233 duiisse
869 1194 988 1233 eam
1018 1179 1092 1250 (q)
1117 1183 1380 1251 suscipio,
1410 1184 1624 1238 ratione
1651 1195 1707 1239 et
1738 1188 2200 1257 contemplatione

625 1270 826 1340 corrigi
871 1286 992 1325 eam
1035 1272 1389 1328 manifestans
1435 1275 1529 1345 (r).
1564 1276 1778 1346 Quippe
1822 1280 2023 1334 rationi
2068 1296 2199 1335 con-

621 1360 811 1426 juncta
840 1359 1066 1413 omnino
1094 1362 1313 1415 actione
1356 1371 1413 1416 et
1442 1364 1800 1433 judicatione,
1831 1382 1951 1436 qua:
1995 1369 2048 1422 in
2081 1370 2200 1439 ipsa

624 1458 729 1513 est,
756 1465 855 1518 per
895 1452 1412 1520 contemplationem
1451 1457 1878 1525 comprehensa;
1927 1460 2199 1529 siquidem

618 1541 856 1595 rationis
900 1550 984 1596 est
1022 1543 1278 1599 ordinare
1320 1547 1571 1615 corporis
1612 1557 1820 1603 motum
1845 1550 2016 1604 veluti
2044 1551 2201 1607 freno

625 1632 861 1701 quodam
939 1642 1086 1688 recta
1131 1634 1547 1692 ratiocinatione
1605 1638 1676 1693 ab
1721 1654 1790 1694 eo
1839 1641 1937 1710 qui
1999 1651 2084 1698 est
2130 1644 2198 1698 ad

626 1724 1132 1792 inconsequentiam
1156 1725 1222 1796 (ε)
1249 1735 1431 1782 meatu
1454 1728 1874 1799 disciplinaliter
1896 1743 2165 1789 retentum
2183 1777 2198 1800 ,

625 1817 1108 1886 contemplationis
1152 1833 1283 1873 vero
1344 1834 1467 1889 quae
1514 1820 1655 1877 bene
1706 1822 1984 1881 intellecta
2035 1835 2199 1897 atque

625 1906 864 1961 discreta
911 1916 1040 1963 sunt
1084 1908 1386 1977 prudenter
1412 1911 1679 1967 extollere
1718 1914 2037 1983 iudicando,
2083 1925 2202 1972 tan-

624 2021 785 2074 quam
819 2006 995 2059 lucem
1041 2005 1399 2063 clarissimam
1445 2024 1543 2079 per
1573 2024 1762 2064 veram
1791 2008 2075 2067 scientiam
2120 2010 2201 2079 ip-

623 2110 736 2151 sam
765 2099 1052 2152 veritatem
1083 2100 1384 2156 ostendens
1418 2100 1514 2172 (t);
1544 2102 1632 2157 bis
1657 2101 1927 2157 ambobus
1962 2103 2198 2157 maxime

621 2199 841 2245 creatur
870 2191 1051 2245 omnis
1095 2193 1317 2262 sapiens
1343 2193 1521 2248 virtus
1549 2204 1605 2250 et
1645 2195 1977 2257 custoditur,
2012 2195 2079 2259 ab
2112 2194 2199 2250 his

620 2279 786 2334 etiam
815 2281 1198 2337 manifestatur
1230 2300 1328 2353 per
1353 2280 1573 2355 corpus,
1605 2302 1715 2341 non
1751 2294 1883 2341 tota.
1908 2287 2024 2341 Non
2051 2286 2197 2340 enim

619 2369 836 2439 capitur
867 2386 1096 2441 corpore
1129 2373 1260 2427 dum
1286 2374 1357 2428 sit
1380 2375 1667 2431 character
1689 2376 1891 2432 divina:
1914 2376 2195 2445 potentize,

620 2460 715 2516 sed
740 2461 988 2531 quaedam
1019 2477 1212 2519 eorum
1238 2480 1360 2534 quae
1393 2466 1567 2536 ipsius
1598 2474 1726 2521 sunt
1755 2467 1992 2532 umbrae;
2017 2467 2197 2521 ethoc

619 2567 730 2607 non
775 2562 1003 2623 propter
1042 2570 1101 2611 se
1145 2557 1341 2626 ipsam,
1388 2568 1615 2628 propter
1647 2559 1827 2613 nudos
1860 2574 1992 2612 vero
2025 2558 2198 2628 ipsius

620 2646 793 2714 gratia
833 2653 894 2699 ut
925 2646 981 2700 in
1012 2646 1377 2704 imitationem
1420 2650 1646 2705 veniant
1691 2651 1977 2705 deiformis
2026 2651 2195 2705 Deum

619 2736 967 2806 diligentium
995 2739 1244 2794 virorum
1282 2741 1759 2807 conversationis;
1792 2750 1852 2796 ut
1885 2758 1983 2811 per
2024 2743 2194 2811 parti-

620 2828 953 2895 cipationem
990 2830 1121 2884 boni
1169 2840 1225 2885 et
1274 2832 1376 2901 ipsi
1423 2833 1642 2887 malitiae
1673 2833 2070 2902 turpitudinem
2102 2832 2197 2887 de-

620 2926 912 2986 ponentes,
939 2918 1230 2988 dignorum
1250 2922 1363 2977 Deo
1390 2933 1570 2993 partes
1599 2924 1747 2989 fiant,
1769 2933 1865 2979 aut
1888 2918 2193 2995 deprecan-

621 3017 705 3061 tes
736 3009 1068 3077 adiutorium
1099 3012 1376 3081 quoddam
1410 3030 1439 3068 a
1473 3015 1791 3083 potentibus
1829 3018 2089 3086 consequi
2134 3026 2194 3072 ut

2304 550 2629 608 διδασκάλου
2653 556 2833 623 λόγον,
2860 557 2961 609 κάν
2992 575 3153 624 τινες,
3194 560 3269 620 ὡς
3328 563 3633 631 γεγράφατε
3655 606 3668 627 ,
3691 566 3815 621 τοδτο

2306 644 2566 712 νομίζωσι
2590 647 2655 711 δ’,
2690 647 2779 699 διὰ
2812 648 2907 701 τοῦ
2936 648 3080 718 λόγῳ
3103 651 3200 702 καὶ
3225 650 3424 722 θεωρίᾳ
3449 654 3605 722 μνῖνον
3632 673 3815 723 πρακτι-

2306 736 2409 803 κῆς
2454 738 2575 806 δίχα
2627 739 2728 809 τὴν
2771 740 2913 793 κατὰ
2958 741 3092 793 Θεὸν
3131 741 3241 794 τῶν
3287 743 3645 812 μετελθόντων
3680 749 3813 815 αὐτὴν

2305 828 2625 897 φιλοσοφίαν
2687 834 2880 893 εἰπεῖν,
2913 833 3227 886 τούναντίον
3274 835 3329 886 δὲ
3384 834 3671 905 διηρμένην
3697 840 3736 869 ⁸⁸
3763 844 3810 908 τῇ

2305 920 2501 989 πράξει
2551 922 2648 991 τὴν
2686 923 2857 994 ἀληθῆ
2904 925 3032 994 περὶ
3074 924 3143 977 τὰ
3189 925 3319 978 ὖντα
3342 927 3533 995 ,κρίσιν
3562 928 3813 982 αὐτῶνκαὶ

2304 1012 2604 1081 ἐνέργειαν,
2650 1015 2715 1083 ἣν
2769 1014 2834 1085 δὴ
2886 1015 3206 1082 φιλοσοφίαν
3263 1016 3429 1080 ὅντως
3485 1017 3812 1087 πληρεστάτην

2303 1101 2479 1170 ἔγωγε
2507 1104 2783 1175 τολμήσας
2819 1105 2987 1176 μόνην
3009 1106 3288 1176 ὁρίζομαι,
3324 1106 3470 1176 μάλα
3516 1106 3688 1173 σαφῶς
3725 1111 3809 1159 εἱσ-

2300 1192 2554 1261 ηγεῖσθαι
2581 1196 2743 1248 αὐτὸν
2764 1196 3156 1266 ὑπολαμϐάνω,
3192 1197 3335 1265 λόγῳ
3366 1197 3462 1251 καὶ
3483 1197 3672 1268 θεωρία
3712 1216 3811 1250 κατ-

2302 1283 2595 1351 ορθοῦσθαι
2660 1286 2828 1357 αὐτὴν
2902 1288 3363 1357 ἀποφηνάμενον,
3421 1288 3498 1350 ὡς
3579 1287 3647 1357 τῷ
3701 1286 3808 1356 λόγῳ

2304 1377 2657 1446 συνημμένης
2695 1380 2914 1442 πάντως
2945 1379 3045 1448 τῆς
3088 1379 3363 1450 πράξεως,
3396 1380 3493 1433 καὶ
3519 1379 3614 1448 τῆς
3640 1379 3713 1431 ἐπ’
3738 1379 3808 1431 σίν

2301 1469 2366 1537 τῇ
2403 1467 2639 1537 κρίσεως
2676 1471 2743 1538 τῇ
2786 1467 2991 1539 θεωρίᾳ
3031 1468 3450 1539 περιεχομένης,
3499 1468 3646 1536 εἴπερ
3687 1466 3805 1534 λόγου

2306 1556 2405 1626 μὲν
2433 1556 2491 1609 τὸ
2512 1556 2733 1610 τάσσειν
2752 1558 2850 1627 τὴν
2883 1558 2977 1611 τοῦ
3001 1558 3255 1628 σώματος
3288 1557 3524 1627 κίνησιν,
3552 1552 3655 1608 οἷον
3689 1556 3804 1624 χαλι-

2302 1644 2378 1715 νῷ
2402 1664 2509 1699 τινι
2553 1645 2631 1716 τῷ
2678 1646 2825 1718 ὀρθῷ
2865 1647 3111 1716 λογισμῷ
3142 1649 3240 1716 τῆς
3271 1647 3406 1717 πρὸς
3436 1645 3653 1699 ἀτοπίαν
3678 1647 3804 1715 φοράς

2303 1736 2681 1806 ἐπιστημόνως
2728 1735 3190 1806 ἀναχαιτίζοντος,
3228 1735 3465 1805 θεωρίας
3513 1734 3567 1787 δέ
3612 1734 3665 1786 τὸ
3694 1734 3745 1788 τὰ
3773 1735 3802 1764 ⁶¹

2303 1828 2483 1891 καλῶς
2522 1828 2780 1896 νοηθέντα
2818 1844 2875 1879 τε
2914 1829 3009 1881 καὶ
3055 1828 3313 1896 κριθέντα
3358 1827 3636 1897 ἐμφρόνως
3674 1827 3803 1895 αἱρεῖ-

2304 1919 2427 1972 σθαι
2455 1917 2809 1988 ψηφίζεσθαι,
2833 1917 2998 1970 οἱονεὶ
3027 1916 3143 1985 φῶς
3166 1915 3593 1984 παμφαέστατον
3622 1915 3680 1966 δι’
3708 1915 3804 1983 ἁλη-

2302 2008 2427 2073 θοῦς
2456 2008 2708 2076 γνώσεως
2723 2007 2820 2075 τὴν
2857 2006 3115 2076 ἀλήθειαν
3151 2007 3323 2075 αὐτὴν
3359 2003 3723 2074 δεικνυούσηςο
3748 1997 3805 2063 οἷς

2300 2098 2634 2170 ἀμφοτέροις
2671 2097 2905 2168 μάλιστα
2940 2097 3033 2150 καὶ
3057 2097 3482 2167 δημιουργεῖται
3513 2097 3650 2149 πᾶσα
3692 2093 3802 2163 φιλό-

2302 2207 2466 2259 σοφος
2502 2190 2669 2260 ἀρετὴ
2695 2190 2787 2241 καὶ
2818 2188 3167 2255 φυλάττεται,
3194 2186 3280 2255 ὑφ’
3306 2180 3387 2240 ὧν
3410 2187 3502 2239 καὶ
3546 2186 3802 2254 ἱκφαίνεται

2298 2282 2388 2336 διὰ
2439 2279 2689 2351 σώματος
2752 2282 2849 2349 οὐχ
2895 2278 3013 2349 ὅλη.
3060 2279 3135 2332 οὐ
3169 2279 3277 2349 γὰρ
3323 2281 3581 2349 χωρείται
3624 2276 3800 2345 σώματι.

2299 2372 2586 2443 χαρακτὴρ
2636 2372 2956 2441 ὑπάρχουσα
3017 2371 3168 2435 θείας
3216 2370 3527 2439 δυνάμεως,
3555 2367 3675 2420 ἀλλά
3714 2380 3800 2416 τινα

2297 2462 2407 2514 τῶν
2443 2463 2613 2531 αὐτῆς
2649 2461 2985 2529 σκιάσματα,
3020 2460 3115 2512 καὶ
3144 2459 3303 2512 τοῦτο
3332 2461 3403 2513 οὐ
3450 2458 3515 2512 δι’
3536 2454 3801 2525 ἐαυτὴν,δι;ὶ

2297 2554 2353 2606 δὲ
2387 2553 2444 2606 τὸ
2472 2553 2596 2615 τοὺς
2626 2553 2865 2620 γυμνοὺς
2902 2552 2998 2620 τῆς
3033 2552 3154 2604 κατ’
3179 2550 3352 2620 αὐτὴν
3405 2550 3616 2621 χάριτος
3646 2547 3711 2608 εἰς
3741 2543 3802 2613 μί’

2301 2661 2466 2715 μησιν
2521 2644 2695 2696 ἐλθεῖν
2742 2644 2842 2709 τῆς
2891 2641 3158 2703 θεοειδοῦς
3206 2640 3315 2693 τῶν
3368 2640 3618 2710 φιλοθέων
3644 2633 3801 2705 ἀνδρῶν

2297 2736 2667 2805 ἀναστροφῆς,
2701 2735 2785 2804 ἐφ’
2818 2731 2863 2803 ᾧ
2894 2737 2956 2804 τῇ
2991 2735 3193 2802 μετοχῇ
3224 2730 3320 2784 τοῦ
3352 2731 3520 2785 καλοῦ
3542 2729 3629 2782 καὶ
3653 2725 3798 2784 αὐτοὺς

2296 2828 2357 2879 τὸ
2406 2826 2508 2896 τῆς
2546 2826 2743 2890 κακίας
2773 2823 2962 2894 αἶσχος
3008 2823 3384 2893 ἀποθεμένους
3421 2825 3519 2893 τῆς
3556 2819 3650 2872 τῶν
3680 2814 3797 2879 ἀξίων

2297 2918 2433 2984 Θεοῦ
2463 2918 2718 2987 γενέσθαι
2748 2917 2960 2988 μοίρας,
2996 2917 3029 2987 ἢ
3060 2915 3188 2977 τοὺς
3216 2914 3510 2984 δεομένους
3544 2906 3797 2988 ἐπικουρίας

3772 2986 3791 3009 9

2294 3009 2437 3072 τινὸς
2466 3009 2651 3080 (136
2676 3009 2728 3077 b)
2783 3009 2887 3060 ὑπὸ
2939 3007 3046 3061 τῶν
3074 3005 3394 3075 δυναμένων
3441 3004 3631 3073 τυχεῖν,
3672 2999 3737 3065 ἐφ’
3767 2999 3798 3060 ᾧ

619 3098 896 3152 occultum
934 3100 987 3153 in
1022 3101 1296 3173 profundo
1335 3104 1532 3159 animas
1565 3105 1889 3159 eximiorum
1935 3107 2191 3161 affectum
2223 3128 2225 3153 ι

2223 3110 2264 3166 C
2296 3102 2395 3170 τὴν
2433 3099 2818 3170 κρυπτομένην
2865 3096 2942 3165 τῷ
2993 3096 3147 3166 βάθει
3181 3095 3282 3163 τῆς
3324 3094 3500 3164 ψυχῆς
3529 3091 3626 3144 τῶν
3658 3083 3797 3155 ἐναρέ-

621 3204 718 3253 per
748 3204 948 3265 cer'pus
978 3192 1191 3269 actione
1220 3194 1503 3248 manifesta
1537 3196 1888 3265 accipientes,
1925 3198 2106 3252 omnia
2137 3197 2191 3253 in

619 3278 875 3333 omnibus
901 3279 1119 3344 factam,
1152 3291 1206 3336 et
1239 3299 1339 3352 per
1368 3285 1549 3339 omnia
1581 3288 1838 3343 omnibus
1868 3299 2191 3358 prrcsentem

614 3367 714 3428 Dei
745 3368 1142 3437 providentiam
1174 3381 1229 3427 et
1257 3375 1404 3443 ipsos
1433 3376 1684 3444 laudent;
1712 3388 1770 3432 ut
1792 3379 1836 3434 si
1863 3396 2022 3434 nemo
2047 3386 2193 3437 esset

614 3458 709 3524 qui
748 3460 886 3515 bene
919 3477 1081 3531 agerc
1112 3464 1526 3535 deprecaretur,
1560 3486 1654 3524 seu
1693 3470 1786 3540 qui
1834 3472 1899 3525 ad
1933 3473 2191 3528 virtutem

618 3552 868 3621 exemplo
898 3554 1121 3612 formari
1151 3557 1369 3623 debeat,
1396 3560 1573 3630 ipsum
1602 3564 1777 3617 solum
1806 3565 2056 3619 sufficere
2083 3566 2189 3620 sibi

615 3643 861 3705 omnino,
914 3660 1035 3714 quae
1086 3651 1388 3705 secundum
1435 3654 1671 3708 animam
1719 3664 1869 3719 sunt,
1921 3657 2191 3712 virtutum

616 3730 777 3786 donis
810 3734 1102 3791 fruentem.
1136 3740 1203 3793 Et
1243 3742 1360 3797 sine
1403 3759 1593 3798 earum
1626 3763 1723 3815 per
1753 3763 1953 3817 corpus
1981 3749 2047 3803 ad
2078 3764 2193 3803 mar

618 3822 878 3878 nifestum
910 3830 1303 3899 approbatione
1334 3850 1442 3889 non
1472 3847 1555 3891 est
1587 3838 1947 3909 incongruum
1982 3840 2187 3896 dicere.

615 3912 720 3980 Qui
755 3915 921 3983 igitur
947 3920 1034 3989 pie
1067 3937 1163 3991 per
1194 3928 1716 3997 contemplationem
1750 3931 2023 4001 intelligit,
2053 3948 2193 4002 quo-

620 4007 786 4062 modo
822 4008 1025 4066 habent
1053 4029 1116 4068 ea
1154 4031 1276 4085 quae
1303 4027 1449 4083 sunt,
1483 4028 1538 4074 et
1566 4036 1664 4089 per
1692 4023 2016 4077 rationabile
2057 4039 2191 4079 con-

618 4100 800 4155 silium
843 4105 1186 4162 considerate
1214 4124 1280 4163 ae
1308 4119 1456 4166 recte
1493 4111 1560 4165 de
1597 4113 1729 4181 ipsis
1758 4114 2023 4169 rationem
2052 4114 2194 4169 difﬁ-

614 4194 715 4257 nit,
759 4203 814 4251 et
846 4199 1090 4253 custodit
1141 4200 1365 4256 sibimet
1404 4202 1699 4272 judicium,
1751 4204 1923 4275 magis
1955 4221 2088 4260 vero
2134 4222 2192 4262 se

616 4284 795 4354 ipsum
845 4286 1053 4355 judicio
1112 4289 1694 4359 irreprehensibilem,
1749 4309 1971 4349 omnem
2028 4297 2191 4352 simul

610 4379 1086 4448 comprehendcns
1112 4381 1281 4436 habet
1304 4382 1562 4438 virtutem
1585 4401 1599 4448 ;
1625 4385 1690 4439 ad
1715 4384 1854 4439 nihil
1884 4387 2030 4442 aliud
2068 4396 2192 4458 post

2296 3207 2403 3245 των
2452 3189 2691 3243 διάθεσιν
2742 3187 2830 3240 διὰ
2890 3188 2982 3240 τοῦ
3034 3184 3288 3254 σώματος
3346 3184 3489 3235 κατὰ
3533 3181 3622 3251 τὴν
3647 3174 3798 3247 πρᾶξιν

2297 3285 2558 3350 φανεῖσαν
2584 3279 3043 3349 ἀποδεξαμένους,
3073 3278 3173 3347 τὴν
3203 3279 3339 3330 πᾶσι
3374 3276 3545 3329 πάντα
3567 3268 3798 3341 γινομένην

2296 3375 2389 3427 καὶ
2418 3372 2506 3426 διὰ
2528 3374 2744 3426 πάντων
2786 3373 2918 3423 πᾶσι
2946 3367 3228 3438 παροῦσαν
3260 3367 3358 3420 τοῦ
3402 3365 3531 3433 Θεοῦ
3576 3360 3797 3432 πρόνοιαν.

2296 3466 2390 3519 καὶ
2431 3464 2628 3527 αὐτοὺς
2668 3462 2993 3532 άνυμνῆσαι.
3044 3460 3131 3521 Ὠς
3162 3458 3275 3526 εἴγε
3312 3458 3500 3528 μηδεὶς
3521 3452 3623 3526 ἦνό
3644 3451 3695 3504 εὖ
3723 3464 3798 3500 πα-

2296 3556 2408 3609 θεῖν
2438 3556 2712 3623 δεόμενος,
2736 3552 2767 3622 ἦ
2793 3554 2820 3605 ὁ
2844 3551 2976 3622 πρὸς
3006 3549 3207 3619 ἀρετὴν
3235 3547 3632 3618 παραδείγματι
3654 3554 3795 3592 τυπω-

2297 3647 2457 3715 θῆναι
2481 3645 2731 3714 ὀφείλων,
2762 3643 2925 3696 αὐτὸν
2954 3641 3183 3694 ἕκαστον
3210 3641 3406 3712 ἀρκεῖν
3429 3636 3596 3706 ἐαυτῷ
3612 3634 3794 3688 πάντως,

2295 3742 2414 3802 ταῖς
2444 3739 2585 3792 κατὰ
2611 3735 2789 3807 ψυχὴν
2828 3734 2936 3787 τῶν
2978 3733 3185 3805 ἀρετῶν
3214 3733 3436 3805 χάρισιν
3469 3725 3795 3802 ἁϐρυνόμενον.

2294 3831 2408 3884 Καὶ
2451 3830 2575 3899 δίχα
2603 3829 2702 3898 τῆς
2746 3826 2950 3880 τούτων
2994 3825 3082 3877 διὰ
3107 3823 3201 3876 τοῦ
3234 3823 3488 3895 σώματος
3516 3819 3639 3912 προς
3660 3815 3708 3867 τὸ
3728 3813 3796 3912 ἐξ·

2296 3921 2459 3991 φανὲς
2489 3917 2815 3983 ἀποδείξεως
2850 3917 3030 3985 λέγειν
3059 3916 3159 3967 οὐκ
3184 3914 3412 3968 ἄτοπον.
3456 3914 3512 3966 '0
3538 3909 3695 3962 τοίνυν
3733 3909 3797 3991 tit-

2295 3988 2469 4074 σεὸὦς
2499 4009 2589 4064 διὰ
2614 4009 2844 4079 θεωρίας
2881 4008 3225 4077 κατανοήσας
3252 4006 3330 4068 ὡς
3358 4004 3473 4076 ἔχει
3495 4002 3560 4055 τά
3579 4001 3707 4057 ὄντα,
3728 3988 3796 4042 καὶ

2293 4103 2383 4158 διὰ
2415 4102 2609 4173 βουλῆς
2637 4100 2866 4169 λογικῆς
2906 4097 3324 4169 ἐστοχασμένως
3351 4114 3411 4149 τε
3443 4096 3535 4147 καὶ
3560 4086 3711 4161 ὀρθῶς
3731 4080 3796 4133 τδν

2294 4194 2425 4264 περὶ
2464 4190 2646 4245 αὐτῶν
2702 4190 3028 4261 ὁρισάμενος
3056 4188 3235 4254 λόγον.
3267 4186 3377 4239 καὶ.
3401 4183 3667 4253 φυλάττων
3706 4174 3797 4264 ἐάν-

2294 4260 2491 4351 τῷντὴν
2518 4260 2743 4350 κρίσιν,
2755 4278 2956 4348 μᾶλλον
2984 4278 3041 4330 δέ
3078 4276 3274 4329 ἑαυτὸν
3306 4278 3373 4344 τῇ
3399 4273 3575 4344 κρίσει
3604 4260 3799 4351 ἀπαρέγ·

2296 4347 2499 4437 κλιτον,
2532 4347 2711 4424 πᾶσαν
2737 4347 2874 4440 δμοῦ
2908 4366 3188 4422 συλλαϐὼν
3214 4367 3328 4437 ἔχει
3357 4366 3456 4435 τὴν
3478 4360 3678 4433 ἀρετὴν.
3700 4347 3800 4440 τρίς

613 4468 883 4538 cognitam
915 4473 1203 4527 veritatem
1234 4472 1414 4528 adhuc
1446 4483 1647 4539 motus,
1674 4485 1730 4531 et
1752 4478 1934 4533 omnia
1958 4452 2189 4549 praeter-

2223 4458 2267 4513 D
2294 4464 2447 4520 οὺδὲν
2474 4461 2602 4516 ἄλλο
2630 4459 2767 4531 μετὰ
2788 4460 2885 4530 τὴν
2912 4457 3259 4527 ἐγνωσμένην
3281 4455 3541 4526 ἀλήθειαν
3668 4456 3800 4549 x‘wo':

613 4559 678 4612 iit
730 4560 1054 4618 festinanter
1111 4564 1317 4619 nullius
1385 4566 1610 4620 omnino
1665 4569 1933 4624 rationem
1988 4571 2194 4629 faciens

608 4666 803 4706 eorum
849 4668 1195 4724 quaecunque
1222 4656 1405 4711 carnis
1441 4665 1498 4711 et
1530 4660 1720 4713 mundi
1751 4667 1881 4715 sunt
1907 4670 1963 4716 et
1994 4662 2192 4718 dicun-

508 4790 519 4801 ,
610 4749 733 4805 tur;
771 4742 1119 4799 informatam
1166 4746 1376 4802 habens
1420 4750 1531 4818 jam
1580 4751 1791 4806 ratione
1824 4753 2193 4824 comprehen-

608 4847 745 4893 sam,
775 4833 892 4886 sinc
937 4850 1135 4906 pugna,
1172 4837 1478 4903 actionem;
1510 4839 1711 4910 quippe
1755 4858 1946 4898 omnes
1970 4838 2193 4902 sibimet

515 4919 527 5013 Ξ
611 4919 997 4979 intellectualis
1042 4925 1215 4980 nostri
1263 4927 1671 4995 potentissimas
1706 4930 2070 5001 impassibiles
2105 4935 2190 4989 in-

593 5010 792 5100 .fercns
828 5013 1090 5082 rationes,
1126 5032 1224 5086 per
1270 5032 1408 5086 quas
1453 5019 1634 5073 omnis
1668 5020 1845 5076 virtus
1872 5032 1928 5075 et
1960 5024 2191 5080 scientia

609 5110 695 5157 est
726 5111 782 5156 et
828 5106 1079 5161 consistit
1104 5108 1249 5176 jure,
1280 5108 1411 5163 dum
1459 5109 1568 5162 sint
1619 5111 1962 5166 rationabilis
1995 5114 2193 5171 animm

610 5191 900 5256 potentiae;
934 5201 994 5247 ut
1036 5194 1144 5249 sint
1175 5196 1399 5264 quidem
1432 5196 1656 5250 omnino
1684 5212 1912 5267 corpore
1940 5215 2051 5254 non
2097 5202 2186 5257 inv

611 5278 893 5350 digentes,
940 5293 1002 5337 ut
1048 5301 1177 5340 vere
1224 5285 1526 5341 manifesta:
1572 5285 1680 5343 sint
1726 5297 1949 5358 propter
1991 5305 2187 5347 causas

2298 4573 2480 4627 μενος,
2517 4552 2610 4606 καὶ⁵
2631 4526 2852 4605 *πάντα-
2873 4526 3117 4621 παρῆλθε
3136 4548 3225 4601 διὰ
3260 4545 3524 4615 σπουδῆς,
3553 4535 3737 4627 οὖδενρς
3757 4526 3801 4627 ξδ

2296 4617 2556 4718 παράπαν
2578 4645 2735 4712 λόγον
2765 4617 3088 4711 ποιούμενος
3119 4638 3228 4692 τῶν
3261 4639 3363 4691 ὅσα
3400 4633 3600 4705 σαρκὸς
3630 4626 3709 4718 καὶ
3731 4617 3799 4716 κός

2295 4715 2436 4808 σμου
2484 4734 2743 4788 ἐστικαὶ
2796 4733 3042 4800 λέγεται,
3094 4728 3420 4789 ἐνδιαθέτως
3469 4725 3602 4820 ἐχων
3640 4715 3803 4820 ηὸτι-Ἦ

2293 4831 2436 4900 λόγῳ
2498 4825 2894 4897 περιεχομένην
2940 4823 3172 4893 ἀμάχως
3214 4820 3313 4889 τὴν
3371 4815 3587 4888 πρᾶξιν,
3625 4812 3700 4860 οἱα
3731 4812 3803 4900 του

2294 4922 2378 4989 ἐφ’
2405 4921 2539 4989 ἡμῖν
2571 4919 2779 4979 πάντας
2813 4915 2990 4985 ἐαυτῷ
3012 4913 3104 4967 τοῦ
3135 4907 3482 4980 διανοητικοῦ
3512 4905 3630 4964 τοὺς
3652 4886 3805 5003 Ξρατξ·

2296 4980 2459 5074 dimi);
2509 5010 2739 5071 ἀπαθεῖς
2782 4980 3245 5078 ἐπικομιζομένου
3300 5003 3525 5070 λόγους.
3583 4989 3691 5045 καθ’
3735 4980 3805 5085 0?:

2296 5107 2443 5159 πᾶσα
2502 5102 2672 5174 ἁρετὴ
2718 5102 2813 5153 καὶ
2863 5100 3067 5168 γνῶσίς
3117 5099 3236 5151 ἐστι
3291 5096 3388 5149 κα)⁹
3430 5090 3804 5183 ὑφέστηξίενιωῖ

2295 5196 2552 5265 δυνάμεις
2601 5193 2761 5254 ὄντας
2803 5191 2983 5261 ψυχῆς
3020 5189 3268 5258 λογικῆς,
3296 5187 3434 5255 πρὸς
3478 5182 3572 5251 μὲν
3602 5175 3658 5227 τὸ
3700 5175 3805 5268 slva:

2297 5288 2551 5357 σώματος
2599 5285 2705 5339 οὐδ’
2736 5283 2869 5346 ὅλως
2896 5281 3219 5353 χρῄζοντας,
3253 5278 3384 5350 προς
3429 5276 3486 5328 δὲ
3515 5272 3571 5324 τὸ
3617 5268 3804 5336 φανηναι

1889 5399 2122 5454 VARUS
2165 5397 2567 5456 LECTIONES.

681 5476 730 5511 ⁸⁵
766 5479 1153 5549 νομίζουσιοᾱ.
1185 5485 1305 5543 Gal.
1382 5487 1429 5518 "
1456 5486 1792 5560 διῃρημένην
1825 5491 1913 5545 cd.
1944 5490 2059 5546 Gal.
2137 5496 2175 5525 δ’
2213 5492 2280 5544 τὰ
2333 5506 2443 5545 om.
2501 5489 2622 5544 eod.
2684 5486 2827 5542 Gud.
3775 5518 3796 5546 ,

2155 5599 2385 5655 NOTAE.

689 5663 765 5732 (q)
798 5663 940 5730 Lege
969 5682 1104 5718 cum.
1141 5664 1337 5729 (Cale)

692 5663 743 5732 (ᾳ
798 5663 940 5730 Lege
969 5682 1104 5718 cum.
1141 5664 1337 5729 (Cale)

692 5662 765 5807 (‘2
795 5733 933 5801 Leg‘
971 5737 1139 5803 :nmif
1164 5744 1414 5787 stantem.
1451 5732 1647 5802 (Cale)

2370 5673 2433 5731 (si
2468 5668 2693 5721 Rectius
2718 5667 3058 5732 prarilale‘m.
3095 5660 3295 5732 (Cale)

2369 5729 2409 5809 (t
2470 5737 2610 5807 Lege
2638 5729 2973 5787 nummulis.
3016 5729 3212 5797 (Cale)
