4066 6150
423 313 557 377 1109
638 373 657 387 ,

1627 315 2147 378 AMBIGUORUM
2185 271 2435 377 LIBER.

3523 320 3660 384 1110

422 427 512 480 διὰ
539 428 635 489 τὰς
668 426 969 497 εἰρημένας
992 428 1173 490 αἰτίας
1222 426 1363 481 κατὰ
1412 426 1605 497 καιρὸν
1661 427 1809 497 αὐτῷ
1849 428 1973 498 χρῆ·

2086 426 2394 498 praedictas,
2429 427 2730 483 secundum
2769 436 3003 498 tempus,
3034 443 3101 484 eo
3152 431 3231 484 uti
3279 447 3387 486 non
3441 434 3656 502 vitupe-

421 517 544 571 σθαι
611 518 710 570 οὐκ
757 518 1167 588 ἁναινομένους.
1203 519 1387 590 (137
1427 519 1508 586 ~a)
1550 520 1689 573 Φασὶ
1733 521 1843 591 γὰρ
1888 521 1982 574 τοῦ

417 606 760 678 διανοητικοῦ
794 604 957 672 εῖναι,
992 610 1177 672 ίδικῶς
1211 609 1311 679 μὲν
1351 608 1451 672 τὰς
1473 612 1690 681 νοήσεις
1721 610 1830 663 τῶν
1858 628 1985 683 νοη-

425 698 548 765 τῶν,
594 697 692 763 τὰς
730 700 951 770 ἀρετὰς,
983 701 1080 763 τὰς
1112 699 1429 770 ἐπιστήμας
1469 701 1598 764 τοὺς
1631 700 1738 754 τῶν
1776 704 1983 772 τεχνῶν

417 784 633 858 λόγους,
665 790 726 844 τὸ
781 792 1184 862 προαιρετικὸν,
1214 792 1275 844 τὸ
1333 791 1680 861 βουλευτικὸν
1701 834 1716 858 ,
1751 793 1986 861 γενικῶς

417 878 476 932 δὲ
504 878 603 942 τὰς
631 879 861 949 κρίσεις,
889 882 988 943 τὰς
1036 881 1489 950 συγκαταθέσεις,
1521 885 1623 948 τὰς
1663 885 1981 955 ἀποφυγὰς,

418 970 519 1032 τὰς
560 970 758 1041 ὁρμὰς,
791 971 888 1023 καὶ
918 970 1018 1034 τὰς
1060 971 1160 1041 μὲν
1188 967 1330 1026 εἶναι
1361 975 1531 1044 μόνης
1553 976 1653 1047 τῆς
1682 976 1984 1030 κατὰ.νοῦν

418 1060 687 1131 θεωρίας,
720 1061 818 1124 τὰς
851 1061 907 1114 δὲ
937 1062 1035 1130 τῆς
1067 1064 1211 1117 κατὰ
1237 1064 1332 1118 τδν
1360 1066 1518 1135 λόγον
1550 1069 1984 1138 ὲπιστημονικῆς

416 1149 719 1218 δυνάμεως.
753 1152 815 1203 El
847 1151 902 1204 δὲ
935 1152 1149 1216 τούτοις
1178 1157 1595 1227 φρουρουμένην
1624 1159 1675 1211 οἱ
1710 1158 1857 1227 ἅγιοι
1885 1160 1984 1229 τὴν

414 1239 621 1292 οίκείαν
657 1239 703 1271 ⁸⁸
760 1237 906 1311 ζωὴν
953 1243 1364 1314 συνετήρησαν,
1413 1246 1521 1316 ἄρα
1573 1232 1984 1317 περιληπτικῶς

414 1327 502 1380 διὰ
532 1328 629 1381 τοῦ
659 1328 819 1395 λόγου
849 1330 945 1383 καὶ¹
973 1330 1076 1399 τῆς
1100 1331 1335 1401 Θεωρίας
1366 1336 1395 1387 ό
1440 1336 1716 1407 μακάριος
1752 1337 1798 1368 ⁸³
1827 1332 1984 1400 οὗτος

414 1416 556 1486 ἀνὴρ
607 1417 818 1482 πάντας
847 1420 973 1483 τοὺς
998 1421 1119 1473 κατ’
1154 1423 1355 1493 ἀρετὴν
1392 1425 1486 1477 καὶ⁵
1515 1426 1717 1493 γνῶσιν
1752 1429 1983 1498 εἰσηγή-

417 1521 550 1558 σατο
580 1507 775 1575 λόγους
802 1511 915 1572 τοῖς
945 1510 1123 1578 ἁγίοις
1155 1513 1628 1585 συνειλημμένους
1660 1557 1674 1580 ,
1713 1518 1780 1571 δι’
1806 1512 1881 1572 ὧν
1913 1522 1980 1589 τῇ

417 1599 744 1669 κατανοήσει
813 1599 908 1652 τοῦ
962 1599 1098 1654 Θεοῦ
1162 1602 1303 1656 κατὰ
1373 1603 1606 1674 θεωρίαν
1666 1609 1986 1674 γνωστικῶς

417 1689 844 1759 προσανέχοντες
868 1692 1152 1763 ἐμφρόνως
1181 1693 1320 1747 κατὰ
1349 1693 1505 1763 λόγον
1529 1695 1616 1750 διὰ
1643 1697 1753 1752 τῶν
1773 1699 1984 1769 ἀρετῶν

416 1775 516 1844 τὴν
567 1775 718 1829 θείαν
755 1778 969 1842 ἑαυτοῖς
1025 1781 1242 1851 μορφὴν
1277 1783 1691 1839 ἑνετυπώσαντο
1717 1827 1731 1852 ,
1762 1789 1982 1853 πάντως

415 1866 517 1919 οὐκ
568 1863 708 1920 εἶναι
758 1870 1055 1934 ἀναγκαῖον
1101 1872 1309 1942 οίηθεὶς
1353 1875 1453 1946 τὴν
1480 1875 1571 1930 διὰ
1598 1879 1695 1932 τοῦ
1729 1879 1983 1951 σώματος

417 1955 682 2026 ὀνομάσαι
712 1959 935 2029 πρᾶξιν,
971 1961 1258 2030 γινώσκων
1296 1965 1372 2035 μὴ
1407 1968 1611 2039 ἀρετῆς
1634 1971 1806 2042 αὐτὴν
1837 1970 1981 2027 εἶναι

418 2047 707 2118 ποιητικὴν
726 2089 741 2114 ,
768 2050 881 2102 ἀλλ’
911 2052 1247 2124 ὲκφαντικὴν
1270 2094 1286 2120 ,
1317 2057 1412 2109 καὶ
1462 2058 1639 2126 μόνων
1675 2060 1785 2115 τῶν
1821 2063 1982 2119 θείων

416 2139 704 2205 νοημάτων
726 2155 785 2191 τε
811 2139 906 2192 καὶ
935 2139 1212 2211 λογισμῶν
1252 2143 1548 2215 ὑπουργόν.
1592 2148 1679 2213 Ὠς
1705 2150 1771 2204 ἂν
1805 2152 1860 2204 δὲ
1889 2153 1985 2205 καὶΙ

416 2224 485 2276 δι’
511 2226 701 2296 ἑτέρου
747 2228 948 2300 τρόπου
996 2233 1230 2301 φανερὸν
1267 2234 1494 2305 γένηται
1541 2238 1602 2291 τὸ
1651 2239 1982 2311 λεγόμενον,

420 2316 584 2384 φασὶν
619 2318 667 2370 οἱ
707 2320 814 2372 τῶν
854 2320 976 2374 καθ’
1021 2325 1168 2393 ἡμᾶς
1202 2330 1544 2395 πραγμάτων
1592 2331 1660 2384 δι’
1692 2333 1983 2404 ἀκριϐείας

421 2405 769 2473 μετελθόντες
816 2412 940 2475 τοὺς
987 2411 1178 2480 λόγους
1212 2415 1305 2468 τοῦ
1348 2417 1570 2486 λογικοῦ
1606 2421 1667 2474 τὸ
1698 2423 1799 2491 μὲν
1838 2420 1983 2480 εἶναι

415 2495 766 2567 θεωρητικὸν,
785 2503 846 2554 τὸ
875 2503 932 2556 δὲ
983 2510 1288 2576 πρακτικόν
1318 2526 1331 2540 ο
1359 2510 1454 2564 καὶ
1501 2511 1837 2584 θεωρητικὸν
1880 2518 1981 2586 μὲν

415 2587 476 2639 τὺ
518 2591 659 2645 κατὰ
709 2592 853 2655 νοῦν,
901 2595 976 2659 ὡς
1015 2596 1127 2667 ἔχει
1171 2600 1240 2653 τὰ
1277 2601 1428 2667 ὅντα,
1470 2607 1777 2676 πρακτικὸν
1818 2607 1875 2660 δὲ
1920 2610 1981 2662 τὸ

418 2676 774 2770 βουλευτικὸν,
805 2686 866 2738 τὸ
906 2688 1089 2758 ὁρίζον
1141 2694 1255 2755 τοῖς
1311 2699 1637 2765 πρακτικοῖς
1685 2698 1779 2752 τὸν
1819 2701 1981 2770 ὀρθὸν
2025 2725 2028 2728 ’

416 2768 593 2857 λόγον.
644 2774 752 2827 Καὶ
802 2776 1026 2832 καλοῦσι
1070 2780 1131 2833 τὺ
1179 2782 1277 2851 μὲν
1323 2784 1658 2857 θεωρητικὸν
1705 2768 1871 2857 νοῦν,
1917 2793 1980 2846 τὸ

414 2855 472 2909 δὲ
504 2863 806 2927 πρακτικὸν
838 2864 1016 2933 λόγον,
1042 2870 1133 2921 καὶ
1159 2871 1219 2923 τὸ
1249 2872 1347 2941 μὲν
1378 2855 1593 2943 σοφίαν,
1628 2878 1691 2931 τὸ
1741 2878 1797 2932 δὲ
1841 2855 1979 2951 φρό-

412 2964 587 3016 νησιν.
624 2952 686 3004 lii
733 2953 790 3006 δὲ
823 2955 981 3009 τοῦτο
1023 2958 1243 3029 ἀληθὲς,
1276 2964 1341 3015 ὲκ
1391 2965 1490 3034 τῆς
1536 2968 1715 3031 αἰτίας
1747 2971 1857 3042 ἄρα
1878 2973 1976 3044 τὴν

414 3037 778 3133 «pssime
804 3046 866 3098 τὸ
894 3047 1064 3114 είκδς,
1101 3051 1215 3104 ἀλλ’
1234 3054 1332 3107 οὑκ
1365 3057 1429 3108 ὲκ
1455 3058 1554 3128 τῆς
1591 3058 1723 3131 ὕλης
1757 3037 1974 3133 ῶνόμα-

415 3142 505 3177 σεν
532 3126 713 3200 (137
747 3133 797 3201 b)
828 3135 856 3186 ὁ
880 3135 1200 3203 διδάσκαλος
1253 3141 1412 3211 λόγον
1435 3185 1450 3210 ,
1482 3126 1579 3217 τὴν
1613 3126 1782 3220 μηδὲν
1818 3126 1969 3222 ἐχου-

415 3234 513 3317 σαν
545 3223 918 3293 ἀντικείμενον
946 3227 1058 3291 ἕξιν
1087 3235 1560 3304 προσαγορεύσας.
1588 3240 1836 3309 Λογικῶς
1864 3244 1974 3317 γὰρ

415 3307 506 3357 καὶ
532 3312 865 3378 γνωστικῶς,
901 3314 1014 3367 ἀλλ’
1039 3318 1098 3369 οὐ
1127 3320 1441 3390 πολεμικῶς
1475 3327 1568 3378 καὶ
1595 3307 1974 3396 ἀγωνιστικῶς

410 3398 640 3466 ἐμμένει
695 3407 803 3465 τοῖς
841 3405 1100 3473 ἀληθέσιν
1143 3411 1172 3461 ό
1198 3410 1552 3483 θεωρητικὸς,
1577 3418 1670 3470 καὶ
1700 3420 1837 3490 πλὴν
1870 3423 1973 3474 αὑ-

406 3489 517 3540 τῶν
561 3490 689 3544 ἄλλο
743 3510 797 3545 τι
843 3498 973 3567 όρᾷν
1019 3499 1109 3553 διὰ
1149 3502 1246 3571 τὴν
1290 3506 1425 3573 πρὸς
1474 3509 1612 3562 αὐτὰ
1644 3489 1834 3582 ἡδονὴν
1871 3515 1972 3568 οὒκ

405 3578 674 3648 ἀνέχεται.
711 3585 772 3637 Ei
804 3587 859 3640 δὲ
887 3589 992 3661 χρὴ
1023 3592 1114 3644 καὶ
1148 3593 1326 3658 ἄλλως
1351 3596 1398 3628 ⁵⁵
1429 3578 1769 3672 σαιρέστερον
1791 3578 1971 3659 ᾐτοῦτο

406 3672 776 3742 ποιήσασθαι,
811 3680 971 3733 πάλιν
1013 3684 1061 3735 οἱ
1100 3683 1202 3752 τῆς
1239 3687 1361 3739 κατ’
1392 3687 1593 3760 ἀρετὴν
1627 3693 1969 3765 τελειότητος

402 3763 528 3824 τοὺς
570 3764 767 3832 λόγους
822 3772 1203 3841 γυμνάσαντες
1258 3796 1392 3846 φασι
1456 3784 1583 3845 τοὺς
1641 3785 1810 3855 μήπω
1861 3763 1968 3857 *τῆς

403 3852 541 3922 πρὸς
588 3857 684 3926 τὴν
735 3858 870 3931 ὕλην
909 3867 1050 3919 κατὰ
1087 3867 1184 3938 τὴν
1220 3871 1406 3939 σχέσιν
1456 3876 1744 3940 κοινωνίας
1792 3879 1966 3933 καθα-

404 3943 870 4037 ροὺςῌγεγονότας
916 3957 1042 4025 περὶ
1086 3958 1153 4011 τὰ
1204 3962 1487 4032 πρακτικὰ
1535 3969 1962 4037 καταγίνεσθαι,

343 4058 347 4062 -
405 4034 794 4129 μικτηςῄοὔσης
829 4044 1013 4108 αὐτοῖς
1041 4045 1121 4099 ἔτι
1154 4050 1254 4119 τῆς
1292 4052 1420 4121 περὶ
1446 4054 1515 4107 τὰ
1547 4054 1678 4109 ὄντα
1702 4034 1957 4129 κρίσεως,

400 4121 495 4221 καὶ
510 4126 624 4221 sici
653 4134 896 4199 τρεπτοὶ,
941 4137 1108 4207 μήπω
1130 4141 1228 4210 τὴν
1262 4143 1391 4212 περὶ
1417 4145 1484 4198 τὰ
1518 4121 1754 4217 τρεπτὰ.
1776 4121 1961 4221 σχέσιν

397 4211 723 4308 ἀποθέμενοι
749 4237 765 4252 ·
795 4225 920 4288 τοὺς
952 4225 1010 4280 δὲ
1044 4228 1113 4280 δι’
1136 4211 1418 4302 ἀκρότητα
1461 4211 1618 4306 sibi"
1648 4237 1766 4308 Θεῷ
1808 4211 1959 4295 ’κατὰ

398 4303 582 4372 σχέσιν
616 4310 1039 4381 πλησιάζοντας,
1072 4323 1168 4372 και
1210 4324 1276 4393 τῇ
1312 4303 1521 4377 τούτου
1538 4303 1867 4400 κατανονήσει
1898 4331 1958 4384 τὸ

2086 528 2300 577 rantur.
2331 519 2529 574 Dicunt
2561 519 2708 573 enim
2740 519 3124 575 intellectualis
3165 537 3317 587 esse,.
3349 524 3662 593 specialiter

2084 610 2339 665 notiones
2365 609 2813 680 intelligibilium,
2846 610 3109 690 virtutes,
3139 611 3419 679 scientias,
3459 614 3658 668 artium

2086 701 2346 766 rationes,
2397 700 2761 772 propositum,
2807 699 3118 766 consilium,
3169 702 3500 771 generaliter
3526 719 3659 758 vero

2079 794 2308 863 judicia,
2336 794 2793 862 comparationes,
2818 790 2991 862 fugas,
3017 792 3312 862 appetitus,
3334 802 3391 849 et
3410 795 3657 864 quadam

2084 884 2308 952 quidem
2336 899 2455 938 esse
2485 883 2657 937 solius
2696 883 2996 938 secundum
3037 884 3281 939 animum
3324 888 3659 957 contempla-

2086 972 2271 1036 tionis,
2309 971 2555 1041 quzedam
2590 986 2720 1025 vero
2751 971 3054 1026 secundum
3100 974 3367 1031 rationem
3416 976 3662 1045 discipli-

2084 1064 2225 1118 nalis
2259 1065 2534 1135 potentize.
2584 1064 2640 1119 Si
2676 1077 2859 1120 autem
2906 1067 3104 1124 talibus
3153 1070 3483 1125 custoditam
3526 1086 3658 1140 pro-

2085 1156 2257 1224 priam
2307 1156 2476 1209 vitam
2532 1157 2705 1210 sancti
2757 1169 3242 1225 conservaverunt,
3295 1161 3462 1232 igitur
3505 1177 3658 1216 com-

2084 1247 2397 1316 prehensim
2422 1263 2521 1316 per
2546 1248 2813 1302 rationem
2835 1257 2891 1303 et
2910 1252 3429 1323 contemplationem
3465 1253 3660 1308 beatus

2085 1337 2190 1391 iste
2223 1337 2308 1391 vir
2353 1351 2563 1403 omnes,
2608 1354 2729 1407 quae
2776 1349 2906 1393 sunt
2946 1342 3248 1396 secundum
3298 1344 3558 1399 virtutem
3604 1355 3660 1399 et

2084 1429 2405 1495 scientiam,
2443 1428 2748 1483 introduxit
2791 1431 3033 1485 rationes
3081 1448 3112 1485 a
3164 1434 3368 1487 sanctis
3411 1449 3659 1502 compre—

2085 1518 2304 1582 hensas,
2330 1534 2428 1587 per
2459 1534 2595 1589 quas
2626 1518 2868 1573 divinam
2904 1521 3153 1576 notitiam
3198 1538 3297 1592 per
3322 1524 3660 1592 contempla-

2085 1609 2289 1661 tionem
2338 1609 2574 1662 scienter
2617 1609 2971 1677 accipientes,
3014 1611 3317 1681 prudenter
3356 1612 3659 1667 secundum

2086 1699 2351 1752 rationem
2383 1714 2481 1768 per
2523 1699 2756 1754 virtutes
2783 1701 3023 1755 divinam
3067 1703 3288 1758 sibimet
3334 1705 3658 1777 coaptatcre

2084 1782 2314 1837 formam
2348 1785 2594 1850 omnino,
2617 1801 2729 1839 non
2751 1801 2872 1842 esse
2897 1791 3268 1844 necessarium
3288 1791 3540 1861 judicans
3563 1808 3661 1860 per

2084 1889 2284 1943 corpus
2328 1875 2611 1931 nominare
2663 1878 2957 1943 actionem,
2998 1894 3334 1950 cognoscens
3380 1898 3490 1937 non
3535 1900 3654 1939 eam

2082 1965 2301 2021 virtutis
2328 1981 2448 2021 esse
2477 1966 2783 2033 factricem,
2811 1969 2907 2023 sed
2949 1970 3454 2039 manifestatricem,
3484 1984 3539 2029 et
3566 1991 3659 2029 δυο

2082 2056 2361 2111 lummodo
2396 2056 2703 2111 divinarum
2729 2058 3211 2128 intelligentiarum
3240 2066 3296 2115 et
3329 2060 3657 2131 disputatiu-

2082 2162 2214 2200 num
2246 2144 2322 2216 (ιι)
2348 2146 2678 2200 ministrum.
2711 2146 2781 2203 Ut
2809 2154 2988 2202 autem
3022 2157 3077 2202 et
3109 2165 3209 2219 per
3239 2149 3404 2205 alium
3431 2152 3654 2207 modum

2083 2235 2437 2291 manifestum
2472 2236 2566 2291 ﬂat
2606 2236 2754 2306 quod
2800 2237 3009 2293 dictum
3044 2250 3150 2305 est,
3195 2240 3388 2297 dicunt
3419 2242 3511 2312 qui
3550 2260 3654 2297 no--

2082 2337 2318 2382 strarum
2384 2343 2567 2382 rerum
2634 2328 2927 2400 diligenter
2993 2331 3236 2387 rationes
3297 2346 3650 2402 percurrunt,

2081 2418 2366 2473 rationalis
2394 2420 2617 2488 quidem
2641 2434 2762 2475 esse
2785 2408 3268 2493 contemplativum
3292 2435 3350 2480 et
3380 2427 3650 2493 activum;

2079 2519 2135 2564 et
2168 2511 2650 2580 contemplativum
2680 2511 2901 2579 quidem
2937 2514 3242 2568 secundum
3290 2515 3649 2582 intellectum,

2079 2601 2282 2671 quippe
2312 2601 2475 2657 habet
2496 2618 2560 2657 ea
2584 2619 2705 2673 qua:
2732 2612 2890 2666 sunt;
2919 2605 3156 2659 activum
3186 2621 3318 2661 vero
3348 2608 3653 2662 secundum

2078 2693 2391 2756 consilium,
2411 2692 2554 2762 quod
2583 2692 2781 2749 diﬂinit
2800 2694 3110 2750 actionibus
3132 2705 3337 2751 rectam
3358 2699 3648 2757 rationem.

2077 2784 2147 2838 Et
2176 2793 2375 2839 vocant
2400 2785 2622 2854 quidem
2655 2787 3137 2863 contemplativum
3167 2788 3527 2856 intellectum,
3555 2808 3645 2845 ac-

2078 2875 2251 2929 tivum
2296 2890 2428 2947 vero
2473 2876 2765 2940 rationem,
2796 2885 2849 2931 et
2885 2877 3021 2933 illud
3050 2879 3273 2948 quidem
3302 2881 3648 2967 sapientiam,

2076 2965 2210 3020 illud
2258 2982 2390 3021 vero
2433 2966 2802 3037 prudentiam.
2840 2966 2895 3022 Si
2943 2976 3124 3023 autem
3170 2969 3276 3025 hoc
3319 2965 3550 3034 verum,
3584 2988 3651 3027 ex

2076 3070 2240 3112 causa
2271 3057 2454 3128 itaque
2487 3059 2781 3123 actionem,
2817 3059 3115 3115 secundum
3150 3060 3281 3132 quid
3307 3077 3650 3133 consequens

2074 3155 2177 3213 est,
2210 3156 2264 3202 at
2296 3165 2405 3204 non
2447 3165 2515 3205 ex
2546 3151 2793 3216 materia,
2828 3152 3132 3207 nominavit
3180 3153 3440 3224 magister
3479 3157 3646 3210 ratio-

2074 3255 2200 3294 nem
2231 3241 2436 3294 nullam
2471 3240 2541 3312 (υ)
2576 3241 2867 3295 habentem
2912 3243 3224 3312 oppositum
3267 3245 3646 3301 habitudinem

2074 3331 2371 3399 appellans.
2421 3331 2841 3386 Rationabiliter
2884 3333 3028 3387 enim
3064 3343 3118 3388 et
3156 3336 3415 3402 scienter,
3448 3347 3505 3391 at
3534 3356 3645 3393 non

2072 3435 2171 3493 per
2200 3420 2541 3475 inimicitiam
2572 3431 2630 3476 et
2654 3423 3061 3478 contentionem
3113 3425 3280 3481 instat
3322 3429 3467 3483 veris
3515 3445 3647 3485 con-

2074 3512 2443 3581 templativus,
2475 3521 2531 3567 et
2557 3521 2754 3582 prater
2783 3513 2899 3583 ipsa
2940 3516 3089 3570 aliud
3135 3518 3265 3587 quid
3303 3519 3490 3575 videre
3518 3537 3645 3591 pro-

2072 3611 2192 3672 pter
2219 3616 2410 3655 eorum
2438 3602 2857 3659 delectationem
2884 3621 2993 3660 non
3025 3608 3239 3678 recipit.
3264 3608 3321 3664 Si
3348 3625 3481 3666 vero
3504 3626 3642 3681 opus

2063 3701 2154 3748 .est
2185 3701 2242 3748 et
2266 3693 2426 3747 aliter
2453 3694 2559 3749 hoc
2585 3696 2829 3765 apertius
2852 3697 3053 3763 facere,
3087 3699 3284 3756 iterum
3318 3703 3411 3772 qui
3445 3718 3640 3759 secun-

2069 3785 2199 3839 dum
2246 3785 2503 3840 virtutem
2548 3786 2903 3856 perfectionis
2931 3791 3200 3846 rationem
3237 3803 3516 3862 exercent,
3549 3796 3635 3851 di-

2067 3883 2199 3929 cunt
2228 3874 2491 3944 quosdam
2517 3876 2760 3930 nondum
2791 3878 2860 3932 ad
2901 3880 3181 3934 materiam
3207 3884 3509 3939 secundum
3542 3888 3637 3941 ba-

2065 3963 2239 4018 bitum
2278 3965 2662 4021 communione
2694 3976 2971 4037 purgatos,
3013 3971 3155 4025 circa
3201 3976 3443 4030 actiones
3471 3977 3630 4045 eliici,

2064 4057 2193 4112 dum
2219 4057 2292 4114 sit
2319 4059 2479 4114 mista
2509 4060 2689 4114 adhuc
2712 4060 2791 4115 eis
2813 4061 2956 4118 circa
2975 4078 3037 4117 ea
3060 4078 3180 4132 quae
3200 4065 3629 4136 suntjudicatio,

2061 4156 2117 4202 et
2158 4157 2287 4203 sunt
2332 4142 2746 4215 convérsibiles,
2788 4153 3032 4207 nondum
3062 4156 3207 4210 circa
3248 4158 3632 4216 conversibilia

2061 4238 2308 4293 habitum
2356 4240 2711 4310 deponentes.
2761 4242 3033 4309 Quosdam
3087 4259 3214 4300 vero
3264 4262 3363 4316 per
3410 4248 3631 4307 virtutis

2060 4330 2428 4386 summitatem
2447 4334 2558 4388 Deo
2579 4335 2879 4388 secundum
2900 4335 3146 4390 habitum
3166 4341 3626 4408 approximantes,

401 4396 670 4498 μακάριον
710 4408 1142 4478 καρπουμένους,
1171 4411 1307 4481 πρὸς
1330 4416 1556 4480 ἑαυτοὺς
1579 4420 1739 4486 μόνον
1755 4396 1850 4475 καὶ
1870 4424 1960 4475 τὸν

2073 4430 2118 4479 et
2138 4409 2311 4493 ipsius
2330 4427 2632 4481 secundum
2656 4427 3066 4498 intelligentiam
3085 4429 3422 4486 beatitudine
3446 4433 3628 4488 fruen-

298 4526 301 4531 .
319 4524 342 4558 ,
397 4485 528 4584 Gsbv
578 4491 989 4567 ἐστραμμένους
1023 4499 1101 4570 τῷ
1132 4501 1293 4571 ῥῆξαι
1336 4485 1589 4577 γνησίως
1618 4511 1718 4581 τῆς
1766 4512 1957 4584 ὑλικῆς

397 4580 629 4649 σχέσεως
654 4585 727 4638 τὰ
753 4586 926 4658 δεσμὰ
953 4590 1059 4644 τῶν
1090 4593 1190 4662 μὲν
1218 4597 1541 4664 πρακτικῶν
1563 4580 1785 4671 καὶτῆς
1816 4580 1949 4673 ὕλη-ς

392 4673 671 4738 παντελῶς
699 4677 1116 4751 ἠλλοτριῶσθαι,
1147 4687 1213 4754 τῇ
1241 4685 1298 4739 δὲ
1329 4686 1535 4758 θεωρίᾳ
1573 4690 1669 4743 καὶ
1716 4691 1794 4761 τῷ
1832 4693 1952 4764 Θεῷ

390 4767 859 4833 προσῳκειῶσθαι.
892 4771 1004 4835 Διὸ,
1043 4775 1197 4841 φασὶ,
1225 4777 1321 4828 καὶ
1363 4778 1630 4845 ’μένουσιν
1665 4780 1948 4849 ἄτρεπτοι,

392 4852 465 4942 μὴ
493 4853 703 4923 ἔχοντες
727 4857 808 4911 ἔτι
835 4865 935 4927 τὴν
963 4863 1096 4931 πρὸς
1116 4866 1212 4933 τὴν
1234 4865 1364 4935 ὓλην
1389 4869 1594 4937 σχέσιν,
1633 4870 1754 4923 καθ’
1781 4872 1847 4942 ἢν
1880 4874 1946 4941 τῇ

390 4937 489 5010 ὕλῃ
520 4948 767 5011 φυσικῶς
800 4948 1154 5025 ἀλλοιουμὲνῃ
1189 4957 1336 5026 παρὰ
1353 4959 1513 5026 φύσιν
1548 4962 1948 5026 συνεξαλλοιοῦ-

392 5025 572 5080 σθαι⁸⁶
603 5031 662 5096 ἐξ
682 5033 930 5105 ἀνάγκης
951 5039 1195 5107 πέφυκεν
1212 5043 1239 5094 ό
1260 5025 1324 5113 τῇ
1351 5025 1450 5118 ὕλῃ
1474 5050 1615 5101 κατὰ
1632 5025 1729 5119 την
1764 5051 1949 5118 σχέσιν

389 5125 817 5195 κεκρατημένος,
840 5130 933 5182 καὶ
966 5133 1229 5202 μεγίστης
1252 5137 1408 5202 εἰδὼς
1438 5140 1646 5192 δεῖσθαι
1666 5140 1948 5210 δυνάμεως

2057 4523 2160 4579 tes,
2209 4515 2277 4569 ad
2321 4531 2377 4571 se
2428 4518 2575 4587 ipsos
2617 4519 2961 4574 solummodo
2997 4529 3052 4574 et
3095 4521 3263 4576 Deum
3310 4539 3624 4592 conversos,

2051 4607 2357 4675 rumpenda
2390 4609 2604 4664 sincere
2656 4610 2959 4667 materialis
2996 4612 3336 4671 habitudinis
3382 4618 3622 4685 vincula,

2050 4696 2358 4752 actionibus
2396 4699 2615 4767 quidem
2664 4717 2694 4755 a
2739 4704 2967 4757 materia
3013 4704 3251 4774 perfecte
3292 4708 3624 4777 alienantur,
3704 4778 3705 4781 η

2050 4781 2510 4855 contemplatione
2552 4805 2680 4844 vero
2713 4800 2770 4845 et
2802 4793 2913 4847 Deo
2945 4794 3243 4852 familiares
3289 4797 3446 4854 llunt.
3492 4802 3625 4856 Pro-
3674 4786 3700 4859 .’

2052 4882 2259 4943 pterea,
2293 4876 2567 4947 inquiunt,
2602 4894 2826 4937 manent
2869 4885 3334 4955 inconversibiles,
3369 4908 3479 4947 non
3527 4894 3624 4948 ba-
3674 4918 3681 4969 ξ

2052 4964 2246 5020 bentes
2276 4967 2456 5022 adhuc
2487 4970 2553 5024 ad
2593 4973 2874 5028 materiam
2906 4976 3301 5049 habitudinem,
3333 4998 3430 5052 per
3458 5000 3619 5053 quant

2051 5067 2174 5107 eum
2227 5058 2454 5112 materia
2508 5063 2833 5118 naturaliter
2884 5067 3070 5123 mobili
3123 5083 3314 5129 contra
3370 5086 3620 5129 naturam

2053 5149 2384 5232 commoveri
2431 5166 2499 5205 ex
2546 5154 2870 5209 necessitate
2916 5163 3199 5216 consuevit
3240 5166 3336 5234 qui
3378 5168 3620 5221 materiae

1660 5277 1890 5333 VARI/13
1925 5282 2320 5339 LECTIONES.

455 5368 524 5456 εξ.
545 5369 689 5456 ίξίαν
727 5371 957 5456 edz‘Gal.
1009 5375 1054 5407 ⁵³
1077 5376 1392 5449 ὀμοκάρδιος
1420 5384 1543 5437 cod.
1572 5384 1714 5441 Gud.
1779 5388 1822 5418 δ”
1852 5390 1944 5442 καὶ
1979 5391 2154 5456 ἄλλως
2191 5408 2300 5448 om.
2359 5394 2447 5449 ed.
2487 5397 2602 5451 Gal.

383 5433 656 5491 λοιοῦσθαι
680 5441 765 5494 ed.
801 5441 918 5495 Gal.

2697 5398 2743 5429 ⁵⁸
2781 5399 2854 5468 τῷ
2894 5416 3001 5454 oni.
3043 5402 3128 5456 ed.
3173 5402 3289 5459 Gal.
3361 5408 3407 5439 ⁵⁸
3430 5410 3622 5464 συναλ-

1903 5549 2130 5611 NOTAE.

450 5622 527 5693 (τι)
558 5622 701 5693 Lege
734 5627 1045 5679 ministram.
1078 5628 1269 5700 (Gaio)

2117 5643 2186 5711 (υ)
2215 5642 2355 5716 Lege
2385 5646 2609 5703 nullum.
2644 5650 2839 5724 (0.110.)
