4066 6150
480 214 607 280 illi

1639 224 1701 282 S.
1742 218 2023 281 MAXIMI
2059 218 2563 283 CONFESSORIS

3622 219 3758 287 lli?

477 342 574 395 per
607 330 986 387 habitudinem
1029 344 1319 387 concretus
1356 341 1459 397 est,
1486 338 1541 387 et
1582 332 1831 386 maxima:
1857 330 2051 383 videns

2165 333 2287 402 πρὸς
2336 332 2595 385 ἀπόθεσιν
2638 332 2736 400 τῆς
2781 332 2972 401 ὑλικῆς
3015 332 3408 403 προσπαθεῖας
3452 311 3555 384 τὸν
3582 333 3754 399 αὐτῆς

477 418 724 492 indigere
753 425 1009 493 potentia:
1032 424 1105 477 ad
1126 424 1522 493 depositionem
1552 420 1847 477 materialis
1876 421 2047 489 passi-

476 506 727 575 bilitatis,
779 512 847 565 ab
894 530 958 566 ea
1004 513 1229 567 liberari
1277 514 1573 577 volentem,
1616 513 1693 565 ait
1735 512 1991 580 magister
2030 527 2045 561 :

489 617 511 650 ε
540 599 641 654 Cui
676 601 843 670 igitur
871 604 1081 657 licitum
1128 604 1229 657 fuit
1262 619 1362 673 per
1392 604 1660 656 rationem
1709 612 1764 656 et
1811 611 2054 655 contem-

482 691 781 757 plationem
812 695 1217 761 pertranseunti
1252 695 1557 755 materiam,
1587 701 1643 746 et
1669 693 1882 746 carnale
1924 693 2049 756 hoc,

486 781 600 834 sive
646 783 895 836 nimbum
942 793 1159 853 Oportet
1209 784 1418 847 dicere,
1467 784 1582 837 sive
1616 783 1887 849 velamen,
1926 796 2051 835 cum

487 871 597 924 Deo
626 872 762 937 fieri,
791 883 897 928 et-c.
938 893 957 925 ι

697 1051 964 1117 Quomodo
998 1066 1073 1111 est
1099 1057 1300 1112 nimbus
1333 1067 1383 1111 et
1408 1058 1647 1123 velamen
1675 1074 1822 1111 caro.

556 1165 667 1221 Cur
711 1176 895 1224 autem
953 1170 1199 1226 nimbum
1255 1188 1376 1227 esse
1429 1183 1487 1227 et
1532 1173 1780 1227 velamen
1833 1184 2052 1224 carnem

488 1254 619 1309 dicit
652 1259 1156 1327 magisterTVidens
1188 1261 1390 1330 quippe
1412 1262 1540 1329 quia
1572 1262 1749 1314 omnis
1781 1261 2055 1313 humanus

488 1346 702 1400 animus
734 1364 925 1402 errans
956 1361 1011 1403 et
1041 1365 1071 1402 a
1108 1349 1342 1403 naturali
1378 1359 1529 1403 motu
1563 1358 1709 1403 retro
1751 1348 2052 1418 aspiciens,

489 1433 633 1489 circa
683 1437 990 1505 passionem
1042 1447 1097 1492 et
1138 1454 1357 1493 sensum
1412 1447 1468 1494 et
1515 1439 1790 1494 sensibilia
1846 1446 2052 1492 motum

2149 422 2577 493 ἐλευθερωθῆναι
2610 422 2932 494 βουλόμενόν
2960 441 3123 494 φησιν
3150 427 3177 478 ὁ
3210 423 3611 489 διδάσκαλος,
3643 443 3659 474 ι
3688 416 3754 493 ᾯ

2151 529 2254 575 τινι
2293 515 2391 582 μὲν
2416 512 2807 580 οὖνέξεγένετο
2848 514 2935 566 διὰ
2979 512 3141 581 λόγου
3182 514 3279 567 καὶ
3332 511 3600 580 Θεωρίας
3643 512 3754 563 δια-

2154 604 2334 671 οχὸντι
2368 604 2467 672 τὴν
2492 602 2622 673 ὕλην
2653 605 2745 656 καὶ
2788 602 2848 654 τὸ
2876 603 3137 674 σαρκικδν
3168 604 3340 656 τοῦτο
3368 644 3386 664 ,
3423 602 3548 654 εἴτε
3598 602 3755 669 νέφος

2150 694 2254 763 χρὴ
2283 695 2464 760 λέγειν
2489 694 2596 745 εἴτε
2629 695 3025 765 προκάλυμμα,
3058 694 3175 764 Θεῷ
3199 692 3632 761 συγγενέσθαι,
3664 690 3753 743 καὶ

2149 785 2218 838 τά
2244 786 2387 854 ἑξῆς.
2415 784 2599 857 (138
2623 792 2678 852 α)

2220 1047 2353 1115 Πῶς
2370 1048 2504 1102 ἐστι
2524 1046 2705 1117 νέφος
2733 1048 2833 1102 καί
2858 1047 3257 1117 προκάλυμμα
3286 1048 3333 1115 ἡ
3370 1044 3551 1115 σάρξ
3584 1045 3684 1115 (6).

2222 1158 2319 1211 Διά
2352 1157 2481 1211 τίδὲ
2504 1157 2659 1225 νέφος
2683 1153 2822 1210 εἶναι
2845 1156 2939 1208 καὶ
2964 1156 3352 1226 προκάλυμμα
3407 1156 3523 1223 τὴν
3565 1155 3741 1223 σάρκα

2154 1246 2319 1316 φησὶν
2331 1249 2358 1300 ὁ
2372 1246 2691 1309 διδάσκαλος
2710 1264 2725 1313 ;
2748 1247 2823 1309 ὡς
2843 1245 2997 1307 εἰδὼς
3014 1247 3096 1299 ὃτι
3113 1248 3219 1310 πᾶς
3240 1245 3615 1315 ἀνθρώπινος
3633 1247 3749 1307 νοῦς

2156 1334 2525 1404 πλανώμενος,
2568 1335 2664 1387 καὶ⁹
2709 1334 2811 1403 τῆς
2858 1337 2999 1388 κατά
3039 1336 3200 1402 φύσιν
3244 1337 3565 1390 ἀπονεύων
3604 1339 3749 1404 κινή-

2159 1442 2316 1490 σεως,
2357 1427 2485 1496 περὶ
2508 1424 2681 1489 πάθος
2717 1426 2814 1479 καὶ
2851 1425 3107 1496 αἴσθησιν
3132 1429 3225 1480 καὶ
3268 1427 3539 1498 αἰσθητὰ.
3586 1430 3745 1480 nats?-

490 1524 638 1586 facit,
669 1541 777 1579 non
810 1526 1019 1581 habens
1047 1528 1307 1582 aliorsum
1340 1529 1571 1588 moveri,
1602 1529 1670 1582 ab
1693 1545 1758 1582 eo
1784 1538 1930 1581 motu
1962 1529 2052 1597 qui

2165 1533 2246 1570 ται
2278 1516 2321 1549 ⁸⁷
2344 1516 2443 1587 τὴν
2467 1516 2701 1586 κίνησιν,
2731 1517 2830 1569 οὐκ
2873 1516 3011 1586 ἔχων
3043 1516 3226 1571 ἄλλοθί
3257 1534 3359 1571 ποι
3399 1516 3705 1584 κινηθῆναι
3729 1558 3745 1582 ,

491 1617 556 1669 τιιί
599 1618 770 1671 Deum
813 1619 1142 1673 naturaliter
1169 1620 1281 1695 [ert
1312 1619 1602 1677 deﬁciens.
1642 1629 1696 1673 et
1727 1619 1911 1672 divisit
1940 1635 2060 1672 car-

2165 1608 2259 1676 ιῆς
2316 1609 2451 1677 πρὸς
2498 1609 2629 1661 Θεὸν
2677 1608 2923 1676 φυσικῶς
2981 1609 3259 1678 φερούσης
3290 1611 3594 1677 κινήσεως
3634 1609 3744 1660 δια-

490 1720 615 1757 nem
649 1706 702 1758 in
732 1706 1041 1775 passionem
1068 1714 1124 1760 et
1146 1722 1398 1772 sensum;
1429 1707 1611 1759 carnis
1638 1706 1785 1759 enim
1810 1704 2060 1758 animatae

492 1804 785 1865 utrumque
821 1806 924 1861 est,
960 1813 1060 1867 per
1092 1798 1340 1851 nimbum
1365 1806 1420 1850 et
1444 1797 1692 1851 velamen
1727 1797 1843 1850 lucc
1876 1795 2059 1848 decla-

492 1888 655 1941 ravit.
683 1888 911 1941 Nimbus
942 1888 1090 1942 enim
1120 1898 1203 1941 est
1228 1887 1513 1957 principali
1546 1886 1621 1957 (rc)
1654 1887 1847 1940 anima:
1874 1902 2064 1954 super-

464 1975 827 2030 'obumbrans
869 1978 1107 2030 carnalis
1149 1977 1353 2045 passio,
1386 1987 1441 2030 et
1485 1976 1729 2029 velamen
1778 1986 1861 2030 est
1900 1990 2058 2030 error

492 2065 793 2118 secundum
821 2081 1063 2127 sensum,
1085 2065 1483 2134 superficiebus
1511 2065 1851 2119 sensibilium
1878 2066 2056 2134 ipsum

493 2153 737 2216 vincens,
767 2162 821 2207 et
850 2155 915 2207 ad
949 2155 1314 2224 intelligibilia
1347 2155 1634 2209 transitum
1669 2157 1921 2209 muniens
1957 2153 2056 2224 (y).

496 2242 596 2296 l‘cr
621 2243 735 2297 hrec
765 2244 1098 2297 oblivionem
1126 2244 1461 2298 naturalium
1493 2244 1761 2298 honorum
1788 2244 2064 2313 accipiens

494 2332 701 2394 anima,
741 2334 886 2388 circa
938 2333 1221 2388 sensibilia
1271 2342 1438 2387 totam
1488 2349 1643 2388 suam
1685 2335 2061 2403 operationem

493 2424 786 2485 convertit,
814 2425 1032 2479 furores
1063 2433 1117 2479 et
1151 2425 1625 2493 concupiscentias
1655 2433 1707 2479 et
1740 2424 2063 2479 delectatio-

496 2530 591 2568 nes
619 2530 718 2584 per
742 2530 805 2569 ea
832 2531 954 2585 quae
984 2515 1130 2570 dicta
1158 2525 1289 2570 sunt
1314 2516 1635 2570 inhonestos
1664 2515 1891 2570 invenit.

962 2776 1231 2845 Quomodo
1260 2779 1497 2848 uoluptas
1523 2780 1604 2847 ﬁt.
2093 2783 2137 2841 ο

565 2890 759 2946 Omnis
780 2888 926 2943 enim
954 2887 1247 2943 delectatio
1274 2902 1467 2940 eorum
1492 2902 1614 2956 quae
1641 2886 2066 2953 interdicuntur,

499 2998 567 3036 ex
594 2981 870 3052 passione,
897 2994 997 3048 per
1024 2978 1269 3032 medium
1304 2992 1525 3031 sensum
1562 2978 1626 3031 ad
1659 2978 1864 3048 aliquid
1899 2981 2072 3034 sensi-

498 3071 631 3135 bile,
658 3070 882 3122 omnino
911 3067 1029 3121 ﬁeri
1060 3066 1365 3122 consuevit.
1395 3066 1583 3135 Neque
1617 3067 1766 3120 enim
1797 3066 1943 3120 aliud
1973 3066 2071 3120 ali-

499 3161 631 3232 quid
658 3169 743 3215 est
768 3159 1078 3222 delectatio,
1105 3174 1268 3229 quam
1304 3158 1516 3228 species
1540 3173 1734 3212 sensus
1762 3158 1816 3212 in
1849 3159 2069 3213 sensivo

498 3267 600 3320 per
623 3251 897 3321 quoddam
929 3250 1188 3304 sensibile
1226 3249 1480 3314 formati;
1507 3250 1594 3303 vel
1624 3250 1821 3305 modus
1844 3250 2074 3305 sensivze

500 3344 839 3412 operationis
906 3357 1005 3411 per
1064 3339 1500 3395 irrationabilem
1573 3340 2072 3410 eoneupisCentiam

500 3433 850 3488 constitutus.
891 3432 1352 3502 Concupiscentia
1397 3431 1545 3485 enim
1596 3432 1783 3485 sensui
1827 3432 2074 3501 apposita

500 3523 559 3577 in
599 3524 1030 3578 delectationem
1070 3522 1327 3586 vertitur,
1365 3520 1576 3575 addens
1616 3521 1667 3575 ei
1713 3522 1983 3590 speciem,
2020 3529 2077 3576 et

501 3629 699 3669 sensus
736 3629 837 3683 per
877 3612 1384 3681 concupiscentiam
1428 3620 1612 3665 motus
1652 3611 2073 3666 delectationem

500 3709 789 3770 operatur,
817 3699 1076 3768 quiddam
1112 3698 1370 3753 sensibile
1404 3699 1701 3769 accipiens.
1731 3699 2078 3771 Cognoscen-

419 3788 423 3794 ’
503 3803 587 3847 tes
620 3793 788 3863 igitur
813 3793 987 3848 sancti
1017 3795 1144 3862 quia
1174 3810 1274 3865 per
1298 3794 1533 3849 mediam
1562 3809 1780 3848 carnem
1810 3795 1876 3849 ad
1906 3807 2077 3851 mate-

504 3884 636 3937 riam
664 3886 843 3938 anima
868 3892 1058 3939 contra
1080 3893 1329 3941 naturam
1355 3894 1501 3940 mota
1529 3895 1800 3941 terrenam
1827 3886 2078 3942 induitur

503 3976 757 4040 formam,
784 3976 888 4046 ipsi
919 3977 1092 4047 magis
1117 3990 1217 4048 per
1241 3977 1476 4033 mediam
1506 3977 1742 4032 animam
1771 3979 2075 4032 secundum

2162 1701 2469 1771 μαρτήσας,
2502 1702 2595 1754 καὶ
2623 1700 2783 1754 διεῖλε
2812 1701 2911 1770 τὴν
2955 1702 3134 1771 σάρκα
3175 1702 3258 1764 εις
3303 1700 3501 1763 πάθος
3532 1701 3629 1752 καὶ
3663 1698 3743 1751 αε-

2159 1793 2372 1861 σθησιν,
2430 1792 2640 1862 σαρκὸς
2686 1791 2794 1863 γὰρ
2847 1791 3093 1862 ἐμψύχου
3146 1792 3459 1861 ἀμφότερα
3502 1791 3597 1844 διὰ
3652 1788 3739 1842 τοῦ

2158 1882 2351 1949 νέφους
2408 1882 2501 1934 καὶ¹
2555 1882 2652 1935 τοῦ
2708 1883 3179 1953 προκαλύμματος
3230 1884 3421 1938 ταῦτα
3474 1883 3737 1951 δηλώσας.

2160 1972 2338 2039 Νέφος
2373 1971 2481 2041 γάρ
2511 1973 2626 2024 ἐστι
2661 1971 2739 2040 τῷ
2770 1971 3083 2042 ἡγεμονικῷ
3128 1975 3228 2043 τῆς
3271 1972 3477 2043 ψυχῆς
3534 1974 3738 2025 ἐπισκο-

2160 2061 2287 2114 τοῦν
2323 2062 2383 2113 τὸ
2428 2062 2693 2132 σαρκικδν
2731 2063 2924 2126 πάθος,
2960 2063 3057 2116 καὶ
3084 2064 3487 2133 προκάλυμμα
3535 2064 3735 2129 ἐστινὴ

2164 2152 2283 2204 κατ’
2309 2151 2561 2221 αἰσθησιν
2595 2153 2802 2222 ἀπάτη,
2834 2155 2955 2216 ταῖς
2993 2154 3343 2222 ἐπιφανείαις
3398 2154 3515 2206 τῶν
3560 2151 3734 2216 αἰσθη-

2163 2241 2271 2293 τῶν
2298 2241 2469 2311 αὐτὴν
2496 2243 2852 2312 ἐπερείδουσα
2888 2246 2982 2296 καὶ
3013 2245 3113 2313 τῆς
3151 2245 3287 2315 πρὸς
3314 2246 3391 2298 τὰ
3429 2243 3602 2313 νοητά
3638 2242 3735 2293 δια-

2163 2329 2373 2392 ϐάσεως
2421 2330 2865 2399 ἁποτειχίζουσα,
2907 2331 2976 2384 δι’
3003 2326 3079 2385 ὧν
3110 2332 3280 2404 λήθην
3327 2332 3449 2385 τῶν
3495 2328 3730 2399 φυσικῶν

2161 2420 2382 2488 ἀγαθῶν
2405 2420 2756 2491 λαμϐάνουσα
2778 2423 2906 2493 περὶ
2926 2424 2995 2477 τὰ
3017 2425 3248 2493 αἰσθητὰ
3277 2425 3384 2493 τὴν
3408 2424 3545 2491 ὃλην
3575 2419 3731 2485 αὐτῆς

2157 2509 2440 2578 ἐνέργειαν
2493 2509 2898 2579 καταστρέφει,
2936 2510 3145 2580 θυμοὺς
3179 2511 3274 2564 καὶ
3305 2507 3618 2577 ἐπιθυμίας
3645 2502 3728 2554 καὶ

2162 2599 2350 2669 ἡδονὰς
2393 2599 2480 2653 διὰ
2515 2599 2624 2652 τῶν
2667 2600 2974 2670 εἰρημένων
3004 2602 3272 2671 ἀπρεπεῖς
3309 2597 3723 2670 ἐφευρίσκουσα.

2621 2779 2754 2847 Πῶς
2801 2780 2991 2849 ⁸ἡδονὴ
3027 2781 3266 2851 γίνεται.

2235 2894 2398 2947 Πᾶσα
2425 2892 2530 2965 γὰρ
2560 2893 2721 2963 ἡδονὴ
2755 2893 2861 2946 τῶν
2890 2892 3359 2963 ἀπηγορευμένων
3411 2892 3481 2943 ἐκ
3536 2886 3723 2947 πάθους

2166 2984 2251 3038 διὰ
2278 2985 2450 3055 μέσης
2478 2985 2780 3055 αἰσθήσεως
2802 2984 2939 3055 πρός
2983 3001 3034 3036 τι
3068 2984 3283 3045 πάντως
3334 2982 3591 3051 γίνεσθαι
3636 2977 3721 3030 πέ-

2168 3092 2339 3142 φυκεν
2383 3075 2661 3145 αἰσθητόν.
2692 3075 2827 3128 οὐδὲ
2866 3073 2978 3144 γὰρ
3027 3074 3155 3129 ἄλλο
3187 3074 3257 3127 .τί
3302 3077 3430 3127 ἐστι
3489 3071 3641 3142 ἡδονὴ
3691 3067 3719 3136 ἦ

2168 3159 2307 3227 εἶδος
2335 3164 2636 3235 αἰσθήσεως
2665 3165 2725 3217 ἐν
2750 3163 2827 3234 τῷ
2855 3162 3154 3234 αἰσθητικῷ
3184 3164 3272 3218 διά
3303 3180 3459 3226 τινος
3484 3155 3720 3228 αἰσθητοῦ

2174 3257 2579 3326 μορφουμένης.
2614 3255 2648 3324 ἢ
2684 3256 2881 3326 τρόπος
2914 3254 3238 3324 αἱσθητικῆς
3291 3254 3581 3324 ἐνεργείας
3616 3247 3720 3301 κατ’

2170 3346 2466 3417 ἐπιθυμίαν
2535 3347 2725 3413 ἄλογον
2783 3346 3188 3414 συνιστάμενος.
3266 3343 3568 3413 Ἐπιθυμία
3625 3336 3719 3407 γὰρ

2172 3436 2420 3508 αἰσθήσει
2454 3435 2809 3508 προστεθεῖσα
2841 3437 2922 3497 εἰς
2950 3435 3140 3505 ἡδονὴν
3187 3435 3548 3503 μεταπίπτει,
3601 3426 3718 3488 εἶδος

2173 3529 2310 3598 αὐτῇ
2336 3528 2637 3595 ἐπάγουσα,
2680 3527 2775 3580 καὶ
2827 3525 3081 3596 αἴσθησις
3122 3526 3242 3578 κατ’
3296 3523 3595 3592 ἐπιθυμίαν
3644 3534 3714 3569 κισ

2173 3616 2396 3687 νηθεῖσα
2443 3616 2635 3687 ἡδονὴν
2685 3613 3056 3685 ἀπεργάζεται
3109 3612 3170 3664 τὸ
3222 3612 3483 3680 αἰσθητὸν
3504 3606 3717 3677 προσλα-

2175 3709 2363 3765 ϐοῦσα.
2432 3709 2656 3771 Γνόντες
2703 3704 2797 3762 οὖν
2854 3709 2902 3759 οἱ
2961 3708 3126 3774 ἅγιοι,
3181 3704 3375 3774 (138-
3421 3702 3471 3772 ὁ)
3514 3702 3592 3754 ὅτι
3641 3693 3714 3748 διὰ

2178 3801 2348 3871 μέσης
2385 3798 2584 3869 σαρκὸς
2617 3797 2750 3868 πρὸς
2780 3795 2878 3865 τὴν
2905 3794 3038 3866 ὓλην
3088 3796 3121 3863 ἠ
3172 3793 3317 3864 ψυχὴ
3375 3791 3529 3862 παρὰ
3578 3786 3714 3855 φύσιν

2176 3890 2473 3959 κινουμένη
2496 3887 2594 3958 τὴν
2623 3886 2810 3957 χοῖκην
2849 3885 3061 3956 μορφὴν
3088 3884 3401 3946 ὑποδύεται,
3439 3880 3527 3935 διὰ
3566 3877 3713 3943 μέσης

2181 3982 2377 4053 μᾶλλον
2403 3981 2580 4051 ψυχῆς
2609 3979 2751 4032 κατά
2772 3978 2932 4047 φύσιν
2965 3977 3115 4030 αὐτοὶ
3144 3977 3280 4047 πρὸς
3326 3974 3424 4029 τὸν
3481 3971 3606 4025 Θεὸν
3646 3982 3715 4017 κι-

501 4078 758 4123 naturam
796 4068 865 4123 ad
900 4067 1074 4125 Deum
1116 4078 1319 4124 motam
1356 4070 1522 4124 etiam
1563 4084 1785 4123 carnem
1825 4070 1939 4123 Deo
1974 4070 2066 4126 de-

2177 4072 2445 4144 νουμένης
2475 4071 2569 4124 καὶ
2593 4069 2689 4139 τὴν
2716 4069 2895 4138 σάρκα
2916 4066 2993 4137 τῷ
3018 4066 3137 4137 Θεῷ
3162 4065 3479 4136 πρεπόντως
3526 4054 3708 4158 οἰκειῶ-

502 4171 692 4217 center
716 4160 968 4215 famulari
1001 4161 1391 4215 intellexerunt
1422 4160 1516 4231 (τ),
1544 4176 1642 4229 per
1672 4160 2073 4216 institutionem

498 4255 766 4307 virtutum
804 4251 1216 4323 acceptabiliter
1249 4252 1424 4322 ipsam
1457 4249 1664 4305 divinis
1695 4259 1957 4307 ornantes
1989 4252 2076 4307 in-

500 4343 830 4399 tellectibus.

706 4517 976 4601 Quomodo
1006 4526 1055 4572 et
1081 4520 1267 4590 quanti
1300 4524 1470 4573 motus
1500 4528 1623 4573 sunt
1652 4522 1865 4576 animw.

571 4632 709 4686 Tres
740 4632 887 4687 enim
922 4630 1266 4696 universales
1298 4641 1482 4688 motus
1512 4632 1984 4709 habereanimam
2019 4634 2077 4690 in

502 4730 672 4776 unum
715 4723 978 4778 collectos
1023 4739 1055 4778 a
1101 4723 1371 4779 charitate
1418 4722 1493 4795 (a)
1542 4712 2079 4789 docueruntpunum

504 4812 805 4866 secundum
852 4814 1123 4877 animam,
1157 4812 1390 4867 alterum
1433 4810 1734 4867 secundum
1776 4812 2111 4892 rationem,-

507 4902 728 4954 tertium
762 4902 1065 4956 secundum
1102 4917 1321 4956 sensum
1358 4920 1372 4956 :
1406 4911 1463 4956 et
1492 4917 1660 4956 unum
1694 4901 1917 4971 quidem
1950 4902 2085 4955 sim-

506 4993 654 5059 pium
691 5002 747 5048 et
781 4994 1236 5064 interpretatione
1270 5003 1573 5060 carentem,
1605 5008 1704 5063 per
1732 5007 1896 5063 quem
1930 4992 2081 5047 inco-

2182 4184 2271 4220 σαι
2306 4161 2681 4231 διενοήθησαν,
2706 4158 2776 4211 δι’
2806 4159 3093 4228 ἀσκήσεως
3123 4157 3341 4228 ἀρετῶν
3376 4148 3712 4223 ἐνδεχομένως

2178 4256 2347 4326 αὐτὴν
2375 4256 2495 4316 ταῖς
2523 4252 2696 4314 θείαις
2728 4250 3003 4321 ἐμφάσεσι
3035 4247 3491 4310 καλλωπίσαντες.

2348 4515 2479 4582 Πῶς
2512 4511 2609 4569 καὶ
2644 4511 2828 4564 πόσαι
2873 4508 3142 4577 κινήσεις
3187 4506 3307 4562 εἰσί
3337 4502 3558 4575 ψυχῆς.

2245 4628 2407 4699 Τρεῖς
2435 4626 2544 4695 γὰρ
2570 4621 2868 4685 καθολικάς
2893 4621 3133 4689 κινήσεις
3166 4618 3395 4688 ἔχουσαν
3427 4614 3526 4684 τὴν
3555 4602 3708 4677 ψυχὴν

2175 4720 2257 4781 εἰς
2280 4717 2409 4787 μίαν
2433 4713 2827 4781 συναγομένας,
2858 4711 2963 4764 ὑπὸ
2986 4711 3084 4779 τῆς
3106 4709 3328 4780 χάριτος
3361 4699 3706 4775 φωτισθέντες,

2176 4809 2275 4877 τὴν
2307 4806 2449 4860 κατὰ
2474 4804 2622 4868 νοῦν,
2657 4803 2754 4872 τὴν
2780 4803 2923 4856 κατὰ
2955 4800 3137 4869 λόγον,
3169 4799 3269 4870 τὴν
3298 4798 3440 4851 κατὰ
3465 4791 3703 4877 aldinath
3751 4845 3754 4849 .

2178 4874 2273 4953 καὶ
2331 4899 2431 4967 τὴν
2491 4895 2596 4967 μὴν
2650 4892 2825 4962 ἁπλῆν
2884 4892 2977 4945 καὶ
3022 4891 3439 4960 ἀνερμήνευτον,
3500 4879 3609 4936 καθ’
3649 4874 3706 4942 ἢν

2178 4966 2473 5056 ἀγνώστως
2504 4966 2631 5056 περί
2661 4982 2793 5037 Θεὸν
2820 4981 3113 5051 κινουμένη
3159 4978 3278 5033 κατ’
3317 4977 3502 5032 οὐδένα
3535 4966 3708 5041 τρόπον

1777 5121 2011 5177 VARIA‘I
2054 5118 2458 5178 LECTIONES.

496 5234 499 5237 ·
575 5214 622 5247 ⁵⁷
653 5216 873 5285 ποίηται
901 5215 990 5269 ed.
1023 5216 1142 5270 Gal.

2014 5329 2249 5389 NOTAE.

580 5421 655 5553 ξπ)
682 5423 824 5492 Lege
854 5394 1196 5494 principalem
1225 5434 1446 5490 partem.
1478 5425 1670 5496 (Gaio)

603 5492 653 5553 ῃ)
681 5491 843 5546 Verte
867 5494 1153 5547 obstructis.
1183 5492 1350 5553 (Gale.

603 5492 653 5558 υ)
678 5491 1153 5563 Verte‘obstruens.
1183 5492 1350 5563 (Gate.

581 5563 650 5627 (ε)
678 5559 839 5614 Verte
869 5563 1104 5615 meditati
1129 5559 1269 5615 sunt.
1298 5563 1488 5633 (Galc.)

2254 5419 2337 5491 (al
2358 5419 2519 5473 Verte
2549 5414 3068 5491 eruditiaSententia
3120 5413 3325 5482 pendet
3348 5427 3376 5465 a
3402 5406 3552 5464 verbo
3574 5408 3696 5454 tran-

2182 5486 2513 5544 scenderunt.
2540 5486 2735 5559 (ουλε.)
