4066 6150
315 244 461 311 lilii

1541 250 2061 310 AMBIGUORUM
2099 251 2355 312 LIBER.

3417 253 3554 321 illi

307 353 368 420 ἐξ
394 353 604 417 οὐδενὸς
629 353 739 406 τῶν
767 354 936 408 ὄντων
961 354 1128 408 αὐτὸν
1153 354 1242 408 διὰ
1287 353 1388 424 τὴν
1436 355 1714 427 ὑπεροχὴν
1756 359 1876 410 ἐπι-

1989 357 2128 429 gnite
2157 358 2302 412 circa
2333 357 2508 413 Deum
2536 365 2710 421 mota,
2735 356 2891 412 nullo
2918 357 3084 414 modo
3116 374 3187 414 ex.
3216 363 3330 418 ullo
3359 380 3557 424 eorum

307 444 592 511 γινώσκει,
617 444 714 514 τὴν
737 444 793 498 δέ
817 447 937 498 κατ’
955 445 1142 498 αἰτίαν
1167 444 1446 516 όριστικὴν
1461 445 1558 499 τοῦ
1573 445 1879 515 ἀγνώστου,

309 532 436 586 καθ’
461 533 529 604 ἦν
556 535 800 602 φυσικῶς
833 536 1126 606 κινουμένη
1165 538 1291 598 τοὺς
1319 536 1408 588 ἐπ’
1439 538 1580 609 αὐτῇ
1615 541 1883 607 φυσικοὺς

308 623 518 687 πάντας
543 624 736 692 λόγους
769 625 864 678 τοῦ
903 626 1027 680 κατ’
1083 626 1263 679 αἰτίαν
1313 627 1476 698 μόνον
1536 629 1881 700 ἐγνωσμένου

315 717 697 784 μορφωτικοὺς
730 715 902 788 Δὅντες
950 718 1118 786 ἑαυτῇ
1147 717 1214 768 δι’
1267 718 1553 788 ἐνεργείας
1587 717 1710 771 κατ’
1757 720 1880 771 ἐπι-

315 783 530 876 στήμην
562 783 864 862 ἐπιτίθεται
921 808 989 874 ⁸⁸,
1049 783 1150 879 την
1198 807 1253 862 δὲ
1316 783 1596 875 σόννθετον,
1638 809 1763 863 καθ’
1816 813 1886 881 ἦν

311 895 426 951 τῶν·
449 898 606 962 ἐκτὸς
629 899 982 969 ἐφαπτομένη
1008 899 1083 962 ὡς
1113 900 1176 953 ἐκ
1228 917 1392 954 τινων
1437 901 1729 971 συμϐόλων
1774 898 1886 952 τῶν

312 991 526 1061 ὁρατῶν
592 994 718 1056 τοὺς
787 993 976 1059 λόγους
1035 993 1170 1064 πρὸς
1228 994 1429 1064 ἑαυτὴν
1482 994 1885 1064 ἅναμάσσεται,

317 1083 674 1150 μεγαλοφυῶς
703 1083 788 1136 διὰ
819 1084 1023 1138 τούτων
1051 1085 1193 1138 κατὰ
1213 1085 1308 1137 τὸν
1335 1085 1514 1156 ἀληθῆ
1539 1085 1636 1140 καὶ
1689 1087 1882 1138 ἄπται-

316 1186 440 1222 στον
457 1171 555 1240 τῆς
585 1170 726 1225 κατὰ
752 1171 915 1240 φύσιν
947 1175 1216 1242 κινήσεως
1257 1172 1461 1242 τρόπον
1513 1171 1606 1224 τὸν
1643 1171 1889 1240 παρόντα

313 1259 422 1313 τῶν
443 1263 786 1332 σκαμμάτων
816 1263 991 1318 αἰῶνα
1019 1263 1297 1334 διέϐησαν,
1323 1263 1424 1335 τὴν
1469 1263 1574 1334 μὲν
1610 1262 1889 1332 αἴσθησιν,

306 1352 519 1416 ἁπλοῦς
557 1355 646 1408 διὰ
702 1354 872 1424 μέσου
912 1354 1008 1407 τοῦ
1057 1353 1233 1426 λόγου¹
1266 1355 1405 1426 πρὸς
1457 1355 1552 1410 τὸν
1592 1355 1720 1410 νοῦν
1762 1356 1890 1418 τοὺς

313 1446 422 1497 τῶν
446 1448 721 1518 αἰσθητῶν
749 1451 1153 1518 πνευματικῶς
1179 1449 1370 1518 λόγους
1421 1448 1652 1520 ἔχουσαν
1697 1449 1894 1520 μόνους

314 1536 768 1603 ἀναϐιϐάσαντες,
815 1538 906 1591 τὸν
953 1539 1009 1591 δὲ
1063 1538 1224 1606 λόγον
1277 1537 1526 1601 ἐνοειδῶς
1580 1538 1726 1590 κατά
1762 1537 1894 1606 μίαν

315 1626 497 1696 ἁπλῆν
539 1646 596 1680 τε
653 1631 750 1682 καὶ
797 1629 1108 1701 ἀδιαίρετον
1161 1629 1424 1700 φρόνησιν
1471 1629 1611 1701 πρὸς
1651 1629 1745 1682 τὸν
1765 1627 1892 1682 νοῦν

314 1719 440 1780 τοὺς
465 1718 652 1790 (139
679 1720 735 1790 α)
764 1719 874 1773 τῶν
902 1721 1073 1774 ὄντων
1113 1719 1307 1790 ἔχοντα
1334 1721 1528 1789 λόγους
1563 1719 1886 1786 ἑνώσαντες,

314 1809 407 1862 τὸν
429 1811 485 1863 δὲ
511 1811 636 1863 νοῦν
676 1813 776 1880 τῆς
808 1812 1030 1882 περὶτὰ
1063 1813 1194 1866 ὅντα
1246 1813 1426 1867 πάντα
1471 1813 1744 1883 κινήσεως
1792 1831 1888 1866 κα-

316 1900 496 1971 θαρῶς
536 1904 874 1958 ἀπολυθέντα
901 1905 999 1958 καὶ
1029 1905 1202 1974 αὐτῆς
1241 1905 1346 1974 τῆς
1401 1903 1527 1957 καθ’
1571 1905 1736 1958 αὑτὸν
1784 1922 1889 1974 τρυε

315 1995 479 2062 σικῆς
502 1995 786 2064 ἐνεργείας
808 1995 1118 2068 ἠρεμοῦντα
1142 1997 1222 2066 τῷ
1248 1995 1370 2066 Θεῷ
1392 1997 1888 2066 προσκομίσαντες,

314 2083 441 2136 καθ’
494 2084 556 2138 ὃν
585 2084 781 2148 ὑλικῶς
827 2087 964 2155 πρὸς
1009 2085 1144 2138 Θεὸν
1200 2086 1582 2155 συναχθέντες,
1631 2085 1748 2139 ὅλαι
1783 2088 1892 2158 ὅλῳ

313 2173 433 2244 Θεῷ
484 2176 823 2244 ἐγκραθῆναι
886 2175 974 2228 διὰ
1030 2176 1126 2228 τοῦ
1181 2176 1496 2244 πνεύματος
1551 2175 1894 2248 ἠξιώθησαν,

309 2265 443 2338 ,ὃλην
471 2265 568 2318 τοῦ
630 2267 958 2338 ἐπουρανίου
1007 2267 1148 2320 κατὰ
1192 2268 1256 2320 τὸ
1302 2267 1530 2320 δυνατόν
1583 2268 1893 2338 ἀνθρώποις

312 2353 415 2425 τὴν
472 2355 659 2408 εἰκόνα
709 2357 1062 2426 φορέσαντες,
1119 2359 1216 2411 καὶ
1262 2357 1495 2411 τοσοῦτο
1537 2359 1586 2390 ⁸³
1637 2360 1893 2426 ἕλξαντες

311 2447 415 2517 τῆς
453 2446 604 2512 θείας
641 2449 958 2518 ἐμφάσεως,
989 2453 1042 2502 εξ
1087 2449 1248 2521 θέμις
1304 2451 1467 2504 τοῦτο
1515 2453 1714 2519 εἰπεῖν,
1767 2455 1892 2509 ὅσον

313 2535 600 2610 ἐλχθέντες
648 2539 806 2592 αὐτοὶ
859 2540 940 2610 τῷ
981 2539 1102 2610 Θεῷ
1163 2541 1548 2613 συνετέθησαν.
1598 2545 1739 2598 Φασὶ
1783 2546 1896 2618 γὰρ

311 2627 560 2697 ἀλλήλων
587 2623 728 2682 εῖναι
756 2630 1182 2701 παραδεὶγματα
1217 2632 1313 2684 τὸν
1343 2633 1481 2687 Θεὸν
1508 2634 1606 2687 καὶ
1661 2635 1755 2688 τὸν
1795 2636 1894 2690 ἄνη-

315 2717 554 2788 θρωπον,
583 2721 679 2786 καὶ
706 2718 964 2774 τοσοῦτον
1013 2721 1094 2791 τῷ
1148 2722 1427 2795 ἀνθρώπῳ
1487 2725 1582 2779 τὸν
1629 2727 1766 2781 Θεὸν
1805 2729 1898 2784 διὰ

315 2807 734 2879 φιλανθρωπῖαν
795 2810 1270 2882 ἀνθρωπίζεσθαι,
1342 2815 1470 2866 ὅσον
1534 2817 1566 2868 ό
1605 2817 1898 2888 ἄνθρωπος

269 2925 272 2928 ~
316 2896 512 2972 ξαυτόν
530 2897 608 2967 τῷ
641 2898 761 2970 Θεῷ
789 2900 861 2952 δι’
883 2891 1107 2970 ἀγάπης
1154 2901 1410 2972 δυνηθεὶς
1447 2903 1758 2972 ἀπεθέωσε,
1799 2909 1898 2962 καὶ

315 2987 570 3082 τοσοῦτον
595 2989 701 3082 ὐᾼπδ
733 2989 877 3082 θεοῦ
902 2991 997 3044 τὸν
1023 2991 1320 3064 ἄνθρωπον
1348 2993 1494 3048 κατὰ
1535 2994 1664 3049 νοῦν
1714 2998 1894 3069 ἀρπά-
1917 3023 1966 3082 c

313 3077 507 3144 ζεσθαι
537 3078 676 3151 πρὸς
697 3079 760 3132 τὸ
793 3082 1057 3150 γνωστὸν,
1089 3084 1218 3136 ὅσον
1243 3085 1274 3136 6
1319 3084 1609 3157 ἄνθρωπος
1652 3088 1748 3142 τὸν
1794 3090 1890 3144 ἀό-

317 3181 480 3238 ρατον
500 3167 664 3237 φύσει
693 3168 826 3222 Θεὸν
856 3169 943 3224 διὰ
961 3171 1073 3225 τῶν
1097 3173 1314 3244 ἀρετῶν
1341 3175 1711 3247 ἐφανέρωσεν.
1752 3178 1893 3232 Ὑπὸ

312 3257 523 3328 ταύτης
547 3258 732 3312 τοίνυν
781 3259 884 3331 τῆς
930 3263 1076 3317 κατὰ
1126 3262 1287 3332 λόγον
1331 3265 1428 3320 καὶ⁹
1475 3265 1710 3337 θεωρὶαν
1767 3285 1893 3325 συν-

317 3350 614 3420 ισταμένης
645 3349 988 3420 φιλοσοφίας,
1016 3351 1142 3406 καθ’
1173 3353 1240 3425 ην
1268 3353 1361 3410 καὶ
1421 3356 1458 3426 ἡ
1510 3356 1606 3408 τοῦ
1637 3357 1892 3429 σώματος

314 3437 380 3504 ἐξ
407 3439 654 3510 ἀνάγκης
691 3439 1032 3510 εὐγενίζεται
1065 3443 1252 3514 φύσις,
1297 3446 1554 3512 ἀπλανῶς
1609 3451 1745 3516 πρὸς
1799 3445 1892 3503 τδν

312 3529 410 3583 τοῦ
432 3529 571 3600 Θεοῦ
604 3531 771 3584 πόθον
793 3531 1098 3603 τρωθέντες
1126 3535 1176 3588 oi
1201 3533 1348 3600 ἅγιοι
1377 3535 1468 3590 διὰ
1509 3535 1620 3590 τῶν
1653 3537 1892 3592 ἐνουσῶν

315 3617 498 3682 αὐτοῖς
531 3619 670 3690 πρὸς
696 3619 765 3674 τὰ
795 3618 917 3673 θεῖα
945 3621 1193 3690 φυσικῶν
1217 3623 1514 3695 ἐμφάσεων
1541 3625 1892 3698 ἀξιοπρεπῶς

317 3705 457 3778 πρὸς
481 3707 578 3762 τὸν
613 3709 664 3740 ⁸ο
709 3708 846 3762 Θεὸν
890 3713 1281 3783 παρεγένοντο,
1335 3714 1498 3784 σῶμα
1539 3711 1648 3770 καῖ’
1685 3717 1892 3788 κόσμον

205 3866 209 3870 _
312 3798 624 3876 ᾁθλητικῶς
656 3801 990 3872 διασχόντες,
1018 3803 1272 3874 ἀλλήλοις
1301 3805 1478 3860 ταῦτα
1521 3807 1891 3880 περιεχόμενα

313 3891 598 3963 θεώμενοι,
628 3893 723 3947 τὸν
749 3895 852 3964 μὲν
887 3895 1070 3964 φύσει,
1111 3895 1171 3949 τὸ
1217 3896 1272 3950 δὲ
1313 3899 1590 3968 αἰσθήσει,
1637 3902 1735 3954 καὶ
1790 3900 1887 3954 θα-

310 3981 458 4053 τέρῳ
486 3983 715 4055 θάτερον
745 3986 1074 4050 ὑποπίπτον,
1121 3991 1188 4060 τῇ
1241 3988 1366 4042 κατ’
1425 3989 1744 4062 ἐπαλλαγὴν
1795 3993 1892 4046 θα-

309 4073 474 4144 τέρω
498 4074 636 4145 πρὸς
654 4077 714 4128 τὺ
741 4075 933 4148 ἕτερον
961 4079 1096 4149 ποιᾷ
1133 4079 1376 4152 ἰδιότητι,
1413 4081 1505 4135 καὶ
1540 4082 1713 4153 μηδὲν
1763 4085 1889 4136 τού-

224 4218 234 4227 ,
309 4182 423 4220 των
441 4165 521 4237 τῷ
553 4167 676 4221 καθ’
709 4169 906 4222 ἑαυτὸν
935 4167 1081 4240 λόγῳ
1105 4173 1453 4243 περιγραφῆς
1473 4173 1724 4245 ὑπάρχον
1749 4174 1891 4227 ἐλεῦο

311 4257 494 4330 θερον,
543 4261 634 4314 καὶ
693 4261 924 4332 αἰσχρὸν
972 4263 1315 4334 ἡγησάμενοι
1365 4266 1478 4328 τοῖς
1536 4263 1752 4336 θνητοῖς
1799 4269 1894 4321 καὶ

1979 465 2103 519 qua:
2134 459 2264 504 sunt
2296 449 2478 520 ipsum
2509 465 2612 521 per
2641 448 3026 504 excellentiam
3063 455 3369 520 cognoscit.
3399 457 3556 516 Alte-

1980 556 2104 594 rum
2128 555 2266 594 vero
2295 541 2598 596 secundum
2630 556 2853 597 causam
2886 541 3232 598 diﬂinitivam
3265 545 3556 618 incogniti,

1979 650 2084 704 per
2106 649 2272 702 quem
2300 633 2628 688 naturaliter
2653 642 2822 697 mota,
2853 649 3046 688 omnes
3077 633 3360 692 naturales
3391 641 3562 694 ratio-

1984 738 2104 789 nes,
2124 739 2225 792 per
2245 739 2467 778 causam
2494 723 2841 778 solummodo
2867 723 3097 794 cogniti,
3121 723 3253 777 dum
3277 725 3390 778 sint
3415 727 3471 780 in
3494 741 3559 780 ea

1982 813 2357 880 formatrices,
2391 815 2497 870 sibi
2545 815 2650 884 ipsi
2695 829 2798 884 per
2836 815 3216 883 operationem
3256 817 3558 870 secundum

1983 907 2274 962 scientiam
2323 906 2580 976 imponit.
2630 905 2878 959 Tertium
2927 915 3110 962 autem
3163 907 3560 976 compositum,

1983 1014 2087 1068 per
2107 1014 2273 1068 quem
2299 1015 2363 1053 ea
2395 1014 2516 1067 quae
2539 1005 2694 1052 extra
2720 1005 2848 1052 sunt
2873 1007 3123 1067 tangens,
3147 997 3318 1052 veluti
3346 1014 3412 1052 ex
3441 998 3566 1066 qni-

1986 1093 2240 1148 busdam
2263 1093 2438 1163 signis
2472 1091 2773 1146 visibilium
2816 1091 3062 1145 rationes
3096 1089 3243 1160 apud
3287 1105 3346 1144 se
3390 1089 3566 1159 ipsam

1988 1183 2270 1244 reformat,
2297 1180 2722 1252 magnanimiter
2751 1193 2850 1249 per
2878 1179 3002 1245 bos,
3036 1177 3343 1233 secundum
3372 1193 3567 1233 verum

1988 1283 2044 1327 et
2078 1272 2480 1326 immutabilem
2515 1270 2785 1326 naturalis
2817 1279 3005 1324 motus
3043 1269 3296 1333 modum,
3322 1283 3572 1338 praesens

1989 1366 2239 1419 laborum
2268 1363 2533 1418 saeculum
2560 1361 3048 1416 transcenderunt.
3075 1359 3308 1414 Sensum
3341 1359 3568 1428 quidem

1991 1457 2316 1526 simpliciter
2362 1455 2681 1525 spirituales
2730 1453 2876 1509 solas
2925 1451 3172 1508 rationes
3219 1450 3568 1506 sensibilium

1992 1545 2286 1599 habentem
2319 1559 2422 1613 per
2450 1532 2688 1598 mediam
2723 1543 2994 1596 rationem
3035 1541 3104 1596 ad
3143 1539 3382 1595 animam
3421 1539 3568 1594 refe-

1993 1643 2210 1703 rentes;
2245 1636 2518 1695 rationem
2551 1649 2686 1689 vero
2718 1633 3072 1688 nnil’ormiter
3101 1649 3202 1702 per
3231 1647 3397 1685 unam
3433 1631 3570 1685 sim-

1991 1729 2245 1796 plamque
2289 1737 2455 1796 atque
2500 1725 2925 1796 inseparabilem
2972 1722 3322 1793 prudentiam
3373 1736 3573 1776 eorum

1988 1833 2112 1886 quae
2167 1828 2296 1873 sunt
2345 1817 2642 1871 habentem
2695 1815 2942 1869 rationes
2993 1813 3180 1867 animo
3229 1807 3570 1874 adunantes,
3617 1865 3620 1869 .

1989 1909 2169 1978 ipsum
2204 1916 2395 1962 autem
2423 1907 2668 1962 animum
2702 1906 2850 1961 circa
2887 1904 3072 1958 omnia
3101 1918 3224 1972 quat
3257 1910 3388 1956 sunt
3414 1908 3572 1956 motu

1988 2015 2125 2068 pure
2169 1999 2501 2060 absolutum,
2525 2004 2580 2050 et
2615 1996 2685 2049 ab
2725 1994 2842 2063 ipsa
2882 1991 3190 2047 secundum
3230 2005 3290 2044 se
3329 1989 3576 2044 naturali

1989 2088 2307 2158 Operatione
2339 2086 2589 2156 quietum
2622 2083 2734 2138 Deo
2765 2082 3096 2144 oﬂ‘erentes,
3129 2095 3230 2150 per
3259 2095 3389 2134 eum
3431 2078 3565 2133 uni-

1989 2178 2283 2234 versaliter
2309 2176 2377 2230 ad
2405 2177 2579 2230 Deum
2610 2171 3144 2244 condescendentes,
3175 2169 3276 2224 toti
3313 2177 3430 2224 toto
3458 2171 3574 2224 Deo

1991 2269 2263 2323 contineri
2296 2283 2396 2338 per
2424 2268 2692 2336 Spiritum
2724 2263 2875 2335 digni
2907 2262 3035 2318 facti
3069 2270 3233 2338 sunt,
3257 2244 3427 2315 totam
3461 2276 3576 2317 cte-

1990 2359 2168 2424 lcstis,
2205 2335 2815 2429 quantumihominibus
2847 2353 3110 2423 possibile
3147 2335 3254 2418 est,
3277 2352 3573 2420 imaginem

1992 2451 2233 2506 ferentes
2255 2491 2272 2515 ,
2296 2459 2354 2504 et
2395 2457 2608 2504 tantum
2655 2447 2999 2502 attrahentes
3040 2445 3226 2517 divina
3262 2443 3491 2508 notitia,
3523 2443 3572 2497 si

1993 2541 2075 2594 fas
2110 2551 2196 2594 est
2233 2541 2339 2594 hoc
2373 2540 2591 2603 dicere,
2623 2546 2894 2608 quantum
2935 2535 3039 2606 ipsi
3081 2527 3301 2590 attr'acti
3338 2535 3454 2588 Deo
3485 2535 3578 2588 in-

1993 2631 2127 2687 serti
2184 2640 2334 2685 sunt.
2380 2631 2584 2684 Dicunt
2637 2629 2786 2684 enim
2840 2628 2987 2682 inter
3039 2642 3100 2682 se
3156 2624 3396 2680 invicem
3449 2639 3576 2680 esse

1993 2719 2366 2789 paradigmata
2397 2719 2572 2774 Deum
2605 2725 2662 2773 et
2693 2717 2998 2782 hominem,
3028 2725 3087 2771 et
3115 2723 3328 2770 tantum
3358 2713 3573 2769 homini

1993 2809 2167 2864 Deum
2190 2825 2294 2879 per
2315 2809 2751 2865 misericordiam
2777 2808 3092 2874 bumanari,
3112 2815 3380 2878 quantum
3405 2807 3575 2861 homo

1995 2915 2058 2954 se
2083 2899 2265 2970 ipsum
2291 2901 2407 2954 Deo
2434 2917 2536 2970 per
2559 2901 2890 2956 cbaritatem
2920 2899 3264 2955 confortatus
3287 2912 3576 2953 consecra-

1994 2993 2104 3058 vit;
2141 3002 2199 3046 et
2229 3001 2442 3046 tantum
2476 3007 2506 3046 a
2539 2993 2655 3047 Deo
2685 2990 2968 3048 hominem
2995 2989 3300 3045 secundum
3328 2989 3574 3043 animum

1995 3085 2113 3155 rapi
2163 3085 2232 3139 ad
2287 3083 2658 3156 incognitum,
2694 3091 2964 3154 quantum
3019 3083 3188 3137 homo
3237 3082 3579 3137 iuvisibilem

1991 3183 2189 3228 natura
2214 3174 2389 3229 Deum
2416 3190 2518 3245 per
2539 3176 2780 3229 virtutes
2807 3173 2937 3228 facit
2963 3173 3336 3229 manifestum.
3360 3173 3447 3227 Ab
3463 3162 3579 3228 hac

1993 3266 2182 3336 itaque
2213 3283 2314 3336 per
2336 3268 2604 3322 rationem
2636 3274 2694 3320 et
2722 3265 3244 3335 contemplationem
3277 3265 3578 3321 constituta

1993 3357 2374 3427 philosophia.
2409 3373 2512 3428 per
2548 3371 2715 3427 quam
2755 3355 2924 3410 etiam
2969 3353 3223 3423 corporis
3259 3355 3576 3408 necessario

1992 3448 2320 3503 nobilitatur
2359 3457 2576 3510 natura,
2607 3446 2818 3516 absque
2864 3459 3076 3510 errore,
3109 3443 3300 3498 divino
3339 3443 3576 3499 sauciati

1994 3537 2169 3594 sancti
2195 3537 2498 3608 desiderio,
2518 3553 2621 3607 per
2642 3537 2835 3590 insitas
2867 3535 2949 3590 eis
2979 3535 3263 3588 naturales
3294 3533 3362 3588 ad
3389 3533 3574 3589 divina

1993 3630 2383 3701 intelligendas
2420 3627 2584 3698 digne
2623 3643 2686 3682 ac
2724 3627 2958 3696 pulchre
2993 3623 3060 3679 ad
3093 3625 3264 3679 Deum
3299 3638 3572 3694 pervene—

1993 3729 2158 3788 runt;
2199 3736 2405 3790 corpus
2435 3727 2489 3773 et
2522 3717 2790 3772 mundum
2825 3715 3136 3771 militariter
3174 3723 3574 3784 pertranseun-

1996 3823 2100 3879 tes,
2119 3813 2226 3868 sibi
2256 3811 2490 3866 invicem
2517 3810 2634 3864 bacc
2655 3805 2908 3878 copulata
2934 3806 3392 3875 contemplantes,
3415 3819 3580 3858 mun-
3645 3828 3658 3839 ι

1993 3906 2124 3960 dum
2150 3903 2373 3974 quidem
2398 3897 2633 3966 naturae,
2653 3914 2860 3970 corpus
2881 3913 3013 3953 vero
3036 3897 3248 3962 sensui,
3264 3903 3321 3951 et
3338 3895 3577 3950 alterum

1987 3995 2150 4052 alteri
2197 3995 2559 4050 succumbere
2600 4008 2702 4063 per
2739 3991 3192 4060 consequentiam
3233 3987 3464 4042 alterius
3503 3987 3574 4040 ad

1994 4089 2227 4142 alterum
2265 4084 2641 4155 qualicunque
2679 4081 3024 4154 proprietate
3063 4096 3076 4132 :
3111 4087 3170 4133 et
3199 4077 3339 4132 nihil
3373 4077 3574 4131 horum

1993 4194 2095 4248 per
2133 4194 2194 4234 se
2241 4177 2425 4248 ipsum
2471 4176 2686 4230 ratione
2731 4169 3262 4240 circumscriptionis
3304 4169 3576 4223 exsistere

1994 4270 2256 4334 liberum,
2287 4278 2343 4323 et
2379 4277 2540 4338 turpe
2578 4267 2849 4320 ducentes
2879 4261 3210 4318 mortalibus
3241 4266 3298 4314 et
3331 4257 3575 4314 circum-

312 4353 710 4431 περιγραπτοίς
759 4351 946 4424 (139
991 4351 1041 4422 ὁ)
1090 4353 1490 4424 ἐμφθείρεσθαε
1528 4371 1590 4407 τε
1641 4358 1738 4410 καὶ
1796 4375 1891 4410 πε-

1992 4361 2214 4431 seriptis
2239 4358 2520 4428 corrumpi
2547 4367 2604 4413 ct
2625 4353 3008 4412 circumscribi
3037 4353 3236 4407 animae
3265 4350 3578 4406 immortale

315 4427 685 4510 ριγράφεσθαι
709 4444 809 4512 τῆς
840 4443 1018 4514 ψυχῆς
1054 4444 1151 4516 ἐᾷν
1201 4443 1263 4496 τὸ
1309 4443 1582 4502 ἀθάνατον
1637 4448 1736 4500 καὶ
1774 4447 1892 4502 ἀει-

309 4528 533 4599 κινητον
555 4532 706 4604 μόνῳ
729 4528 851 4606 Θεῷ
873 4535 954 4605 τῷ
980 4533 1238 4604 ἀθανάτῳ
1275 4535 1373 4590 καὶ
1417 4535 1606 4608 πάσης
1633 4537 1897 4612 ἀπειρίας

308 4617 572 4690 ἀνωτέρω
613 4622 824 4688 άλότως
870 4622 1104 4689 ἑαυτοὺς
1149 4624 1444 4697 ἀνέδησαν,
1485 4627 1741 4698 οὐδαμῶς
1769 4633 1892 4694 ταῖς

309 4707 520 4776 κόσμου
552 4713 647 4765 καὶ
675 4712 882 4784 σαρκὸς
909 4712 1204 4776 ἀνθολκαῖς
1235 4713 1556 4781 ἐνδίδοντες,
1588 4716 1730 4787 ὅπερ
1771 4718 1892 4770 ἐστὶ

307 4803 493 4874 πάσης
552 4806 756 4874 ἀρετῆς
805 4823 866 4859 τε
911 4805 1006 4858 καὶ
1057 4804 1318 4875 γνώσεως
1371 4806 1682 4878 πλήρωσις,
1730 4805 1888 4880 οἶμαι

307 4893 364 4946 δέ
394 4896 476 4949 ὅτι
510 4899 605 4950 καὶ
647 4897 822 4960 τέλος.
873 4897 1038 4952 Ἀλλὰ
1084 4897 1190 4952 κᾶν
1239 4899 1426 4952 εἴποτε
1472 4900 1608 4970 περὶ
1657 4900 1728 4954 τὰ
1775 4902 1888 4954 τῶν

307 4985 481 5040 όντων
527 4987 782 5057 θεάματα
833 4988 1152 5059 κεκῐνηνται
1202 4991 1256 5042 οἱ
1297 4989 1468 5056 ἅγιοι,
1513 4991 1617 5044 οὐκ
1665 4993 1758 5045 ἐπὶ
1805 4993 1888 5064 τῷ

309 5078 454 5132 αὖτὰ
482 5081 668 5134 ἐκεῖνα
690 5080 1116 5151 προηγουμένως
1145 5081 1448 5134 θεάσασθαί
1469 5100 1529 5134 τε
1561 5083 1657 5136 καὶ
1677 5085 1885 5152 γνῶναι

310 5167 436 5222 καθ’
461 5172 608 5242 ἡμᾶς
647 5171 848 5234 ὑλικῶς
900 5169 1242 5242 κεκίνηνται,
1270 5172 1389 5226 ἀλλ’
1434 5173 1522 5226 ἵνα
1575 5174 1669 5228 τὸν
1715 5177 1758 5208 ⁸³
1798 5177 1886 5232 διὰ

1989 4462 2045 4508 et
2073 4469 2292 4522 semper
2318 4453 2544 4514 mobile,
2579 4450 2680 4504 soli
2715 4447 2830 4504 Deo
2859 4445 3158 4500 immortali
3187 4453 3243 4499 et
3271 4442 3423 4498 omni
3454 4442 3580 4496 inli-

1986 4545 2160 4599 nitate
2193 4543 2469 4614 superiori
2503 4539 2879 4596 insolubiliter
2907 4553 2965 4592 se
3002 4537 3156 4606 ipsos
3183 4535 3576 4606 alligaverunt,

1986 4635 2140 4688 nullo
2177 4633 2342 4687 modo
2383 4631 2573 4686 mundi
2617 4638 2784 4700 atque
2829 4629 3016 4683 carnis
3058 4625 3460 4682 rellnxiunibus
3489 4625 3578 4678 in-

1986 4725 2086 4780 diti
2108 4725 2203 4794 (ὁ).
2229 4724 2354 4778 Haec
2381 4733 2464 4778 est
2487 4725 2668 4777 omnis
2691 4722 2914 4777 virtutis
2928 4720 3246 4776 etscientia:
3262 4719 3570 4790 plenitudo.

1985 4817 2219 4872 Estituo
2251 4833 2388 4872 vero
2423 4817 2551 4888 quia
2586 4825 2643 4872 et
2679 4815 2824 4870 linis.
2852 4813 2960 4869 Sed
3001 4813 3048 4868 si
3091 4813 3387 4883 aliquando
3423 4813 3572 4868 circa

1985 4922 2178 4962 eorum
2202 4923 2326 4978 qua:
2355 4916 2486 4962 sunt
2509 4903 2906 4976 spcculamina,
2930 4903 3064 4958 moti
3091 4913 3218 4959 sunt
3239 4903 3434 4967 sancti,
3457 4918 3571 4956 non

1987 4999 2038 5052 in
2071 4999 2179 5054 hoc
2206 4999 2300 5054 illa
2327 4999 2447 5070 ipsa
2475 4997 2862 5070 principaliter
2891 4996 3254 5064 contemplari
3285 5006 3342 5050 et
3367 5009 3574 5065 cogno-

1984 5105 2163 5156 scere,
2193 5091 2339 5146 sicut
2361 5106 2486 5154 nos,
2518 5089 2883 5146 materialiter
2909 5089 3044 5142 moti
3076 5095 3226 5152 sunt,
3255 5087 3348 5142 sed
3382 5094 3444 5142 ut
3471 5101 3574 5155 per

1984 5185 2167 5238 omnia
2198 5193 2255 5238 et
2279 5185 2334 5239 in
2369 5185 2630 5240 omnibus
2657 5190 2715 5238 et
2740 5181 3099 5238 exsistentem
3132 5189 3188 5236 et
3211 5185 3576 5251 apparentem

1607 5314 1844 5370 VARUE
1883 5318 2180 5377 υςοτιοδ(
2189 5323 2289 5377 ES.

381 5405 428 5440 ³⁸
454 5405 720 5461 ἐπιτίθεται
743 5403 834 5460 ed.
864 5403 986 5459 Gal.
1060 5405 1110 5439 ⁸⁸
1129 5403 1383 5458 τοσοῦτον
1395 5405 1492 5459 ’etl.
1521 5407 1640 5461 Gal.

1710 5410 1756 5440 ⁶⁰
1788 5410 1888 5462 τὸν
1925 5428 2036 5466 om.
2081 5416 2167 5469 ed.
2212 5415 2330 5471 Gal.
2399 5418 2442 5451 ⁶¹
2499 5417 2564 5470 ἶν’
2589 5414 2773 5470 αὐτόν.
2815 5410 2905 5467 ed.
2945 5406 3070 5465 Gal.

1855 5521 2064 5578 NOTIE
2075 5567 2090 5579 .
3071 5561 3075 5565 -
3279 5519 3319 5561 ’

1855 5525 1899 5575 Ν
2001 5527 2090 5579 ές.

384 5611 456 5681 (θ)
484 5611 875 5682 Rrﬂuxiunibus
901 5611 1078 5674 inditi,
1096 5607 1280 5663 carnis
1304 5612 1634 5678 renitmtiis,
1661 5525 2136 5690 rectius.0(galle.)
2237 5598 2242 5604 Ι
2423 5635 2426 5638 ’
