4066 6150
498 257 634 324 1115

1672 262 1735 320 S.
1778 258 2065 319 ΜΑΧΙΜΙ
2106 255 2613 317 CONFESSORIS

3627 246 3778 310 1116

491 373 666 429 Deum
707 370 1115 426 multiformiter
1148 368 1457 432 laudarent,
1486 374 1541 422 et
1576 367 1806 421 multum
1844 366 2064 420 sibimet

2184 362 2383 415 τάντων
2416 363 2509 414 καὶ
2544 362 2600 413 ὲν
2633 361 2793 413 πᾶσιν
2824 361 2951 415 ὄντα
2985 378 3042 414 τε
3079 359 3172 413 καὶ
3220 356 3575 427 φαινόμενον
3628 358 3775 410 Θεὸν

492 459 872 517 admirationis
908 458 1230 528 colligerent
1265 458 1526 511 virtutem
1562 466 1618 510 et
1649 453 2062 527 gloriﬁcationis

492 568 735 608 causam.
764 550 1013 603 Animam
1046 564 1281 618 namque
1314 565 1343 602 a
1376 548 1487 601 Deo
1518 546 1877 616 accipientes,
1903 545 2065 598 intel-

492 644 692 697 lectum
719 650 775 696 et
800 642 1066 695 rationem
1093 649 1149 694 et
1171 655 1395 695 sensum
1419 639 1735 702 habentem,
1760 652 1885 692 cum
1907 636 2065 690 intel-

493 732 684 803 ligibili
721 742 778 786 et
812 732 954 786 banc
987 732 1328 796 sensibilem,
1359 732 1502 786 sicut
1536 740 1591 784 et
1623 732 1912 793 rationem,
1944 744 2066 798 quae

492 831 578 878 est
608 839 706 893 per
736 822 1174 878 enuntiationem
1211 840 1335 878 cum
1368 839 1431 877 ea
1466 838 1587 892 quae
1624 821 2066 891 inseparabiliter

493 918 606 974 est,
650 920 704 964 et
757 910 1096 965 intellectum
1156 927 1280 965 cum
1338 911 1696 965 intellectuali
1748 910 2064 980 passibilem

497 1004 680 1071 (quem
705 1002 870 1056 etiam
895 1002 1240 1071 phantasiam
1264 1012 1464 1056 vocant
1487 1000 1759 1064 animalis,
1784 1016 1883 1070 per
1903 1014 2066 1069 quem

494 1098 552 1143 et
584 1090 793 1159 reliqua
837 1090 1114 1155 animalia,
1140 1098 1196 1145 et
1230 1105 1287 1145 se
1326 1090 1559 1145 invicem
1599 1098 1656 1144 et
1692 1104 1793 1144 nos
1831 1097 1887 1143 et
1921 1088 2069 1142 locos

495 1196 635 1251 quos
669 1196 1031 1252 peragravere
1065 1191 1402 1252 cognoscunt
1433 1182 1609 1246 ;eirca
1642 1196 1805 1251 quam
1839 1179 2072 1249 phanta-

498 1273 635 1328 siam
684 1260 906 1328 senSum
960 1274 1223 1328 constitui
1273 1274 1463 1328 dicunt
1507 1273 1602 1341 qui
1647 1273 1775 1326 talia
1820 1270 2068 1339 sapiunt.

497 1378 766 1433 organum
802 1365 974 1434 ipsius
1005 1364 1135 1419 dum
1168 1365 1260 1428 sit,
1287 1379 1387 1434 per
1414 1362 1563 1433 quod
1598 1361 1796 1432 recipit
1820 1376 1941 1431 quae
1973 1375 2073 1429 per

500 1470 621 1509 eam
665 1455 963 1526 imaginata
1009 1454 1610 1526 sunt);opportunum
1653 1469 1774 1508 esse
1820 1450 2070 1506 arbitrati

502 1556 631 1602 sunt
651 1546 847 1601 horum
876 1548 1222 1617 operationes
1245 1553 1671 1617 consequenter,
1690 1559 1801 1598 non
1829 1542 2071 1605 sibimet,

502 1635 600 1691 sed
617 1636 843 1691 donanti
858 1638 992 1703 Deo,
1020 1652 1121 1706 per
1150 1652 1315 1707 quem
1345 1644 1400 1691 et
1422 1652 1490 1692 ex
1517 1650 1628 1707 quo
1658 1635 1776 1689 hac
1805 1640 1953 1698 sunt,
1988 1646 2073 1685 re-

501 1727 749 1784 ferendo.
781 1727 920 1789 Tres
953 1728 1101 1783 enim
1136 1728 1461 1782 exsistentes
1493 1727 1832 1783 universales
1857 1724 2069 1789 modos,

502 1826 769 1888 quantum
804 1816 1125 1871 hominibus
1155 1826 1239 1871 est
1266 1817 1551 1887 possibile,
1582 1828 1650 1872 ex
1682 1817 1800 1886 ipsa
1832 1816 1977 1869 circa
2011 1830 2075 1868 ea

501 1926 624 1981 quae
646 1919 775 1964 sunt
799 1908 1047 1978 diligenti
1074 1908 1523 1964 consideratione
1548 1908 1772 1973 eruditi,
1793 1909 1848 1962 in
1874 1908 2076 1978 quibus

502 2001 648 2057 Deus
677 1999 862 2054 omnia
890 1998 1022 2054 fecit
1046 2000 1123 2070 (in
1153 2000 1261 2054 hoc
1289 2015 1525 2069 namque
1554 2014 1677 2055 esse
1704 2009 1761 2054 et
1784 2000 1924 2054 bene
1954 2015 2075 2054 esse

501 2101 559 2147 et
602 2105 821 2161 semper
868 2104 990 2146 esse
1020 2089 1289 2145 Conditor
1332 2106 1434 2145 nos
1475 2091 1803 2162 substituit),
1838 2100 1895 2146 et
1937 2092 2077 2147 duos

503 2186 726 2257 quidem
753 2194 1030 2241 extremos
1055 2201 1086 2241 a
1109 2187 1227 2261 solo
1252 2187 1366 2241 Deo
1390 2188 1609 2242 habitos
1643 2187 1711 2259 (c)
1742 2197 1804 2241 ut
1832 2204 1861 2241 a
1889 2204 2075 2253 causa,

501 2276 673 2330 alium
706 2290 838 2329 vero
877 2274 1118 2329 medium
1162 2283 1219 2330 et
1256 2284 1444 2330 nostro
1480 2276 1809 2345 pendentem
1848 2277 2077 2330 arbitrio

500 2375 560 2421 et
600 2374 780 2429 motu,
811 2372 868 2420 et
907 2381 1007 2434 per
1048 2381 1106 2420 se
1153 2368 1332 2435 ipsum
1380 2368 1643 2421 extremis
1692 2369 1916 2436 proprie
1968 2369 2074 2423 dici

502 2464 951 2526 praestantemuet
977 2470 1044 2510 eo
1073 2455 1300 2510 absente
1330 2455 1555 2512 abusive
1585 2457 1666 2512 eis
1694 2459 1861 2511 etiam
1894 2458 2079 2527 appel-

503 2546 638 2601 latio
674 2546 1051 2610 constituitur,
1086 2546 1221 2600 illud
1256 2547 1399 2602 bene
1432 2538 1543 2602 non
1578 2548 1911 2603 habentibus
1943 2565 2076 2602 con-

503 2639 775 2707 iunctum,
806 2652 916 2691 non
950 2636 1222 2706 aliterque
1255 2653 1418 2707 posse
1457 2639 1648 2694 adesse
1679 2640 1766 2693 eis
1810 2650 1865 2693 et
1898 2649 2080 2693 custo-

505 2727 612 2782 diri
651 2743 773 2798 qua:
815 2729 872 2782 in
910 2728 1175 2783 extremis
1218 2737 1304 2783 est
1343 2730 1657 2795 veritatem,
1690 2747 1853 2800 quam
1902 2731 2079 2786 facere

506 2820 801 2875 consuevit
823 2819 877 2872 id
905 2819 1052 2889 quod
1081 2827 1167 2873 est
1194 2821 1335 2875 bene
1363 2836 1481 2875 esse
1508 2838 1606 2891 per
1630 2823 1869 2877 medium
1897 2831 2081 2877 extre-

508 2911 615 2965 mis
659 2908 986 2974 admistum,
1034 2924 1200 2978 quam
1251 2925 1317 2964 ex
1368 2911 1490 2980 ipso
1534 2911 1600 2966 ad
1648 2912 1818 2967 Deum
1865 2928 2082 2982 semper

2165 453 2514 522 πολυτρόπως
2561 453 2847 523 ὑμνήσωσι
2879 453 2974 505 καὶ
3004 451 3202 518 πολλὴν
3231 450 3460 512 ἑαυτοῖς
3498 449 3770 515 συναγεὶ-
3833 443 3839 446 ’

2165 560 2300 615 ρωσι
2332 541 2608 611 θαύματος
2635 541 2887 612 ιδῦναμιν
2939 542 3033 593 καὶ
3088 539 3409 608 δοξολογίας
3463 538 3765 590 ὑπόθεσιν.

2164 632 2358 704 Ψυχὴν
2381 633 2487 703 γὰρ
2514 631 2795 702 εἰληφότες
2824 634 2975 702 παρά
3010 630 3145 684 Θεοῦ
3177 630 3302 683 νοῦν
3337 630 3439 682 καὶ
3458 629 3624 695 λόγον
3663 631 3771 681 καὶ

2166 726 2417 791 αἴσθησιν
2464 724 2693 793 ἔχουσαν
2734 725 2869 793 πρὸς
2919 724 2984 792 τῇ
3038 722 3201 791 νοητῇ
3248 720 3349 772 καὶ
3400 718 3616 786 ταύτην
3658 721 3771 786 τὴν

2166 817 2449 887 αἰσθητὴν,
2487 816 2677 885 ὥσπερ
2712 816 2804 867 καὶ
2833 814 2989 881 λόγον
3043 812 3180 882 πρὸς
3205 810 3283 880 τῷ
3315 808 3618 878 ὲνδιαθέτῳ
3666 809 3769 860 τὸν

2168 910 2308 965 κατὰ
2336 908 2618 979 προφορὰν
2647 906 2741 958 καὶ
2770 904 2895 958 νοῦν
2942 903 3078 971 πρὸς
3106 901 3183 973 τῷ
3213 900 3396 971 νοητῷ
3428 901 3524 953 τδν
3578 901 3772 969 παθη-

2167 1001 2319 1055 τικὸν
2345 1001 2424 1069 (ὃν
2459 1000 2550 1052 καὶ
2580 997 2881 1068 φαντασίαν
2916 994 3139 1048 καλοῦσι
3184 992 3280 1045 τοῦ
3314 992 3484 1056 ζώου,
3522 991 3649 1043 καθ’
3702 991 3771 1042 ὃν

2170 1097 2262 1149 καὶ
2309 1096 2378 1148 τὰ
2404 1092 2568 1146 λοιπὰ
2617 1090 2732 1154 ζῶα
2767 1090 2862 1142 καὶ
2892 1088 3098 1158 ἄλληλα
3135 1089 3227 1139 καὶ
3263 1087 3413 1157 ἡμᾶς
3471 1085 3568 1136 καὶ
3627 1084 3769 1147 τοὺς

2168 1188 2367 1251 τόπους
2397 1184 2489 1247 οῦς
2515 1184 2810 1236 διώδευσαν
2841 1178 3284 1247 ὲπιγινὼσκουσι,
3336 1177 3470 1247 περὶ
3521 1176 3589 1247 ἦν
3641 1193 3771 1227 συν-

2175 1280 2424 1334 ίστασθαι
2455 1278 2551 1347 τὴν
2585 1275 2837 1339 αἴσθησίν
2864 1290 3026 1342 φασιν
3069 1272 3119 1325 οἱ
3174 1272 3328 1340 σοφοὶ
3372 1271 3444 1324 τὰ
3500 1271 3767 1331 τοιαῦτα,

2170 1371 2401 1440 ὄργανον
2430 1366 2600 1435 αὐτῆς
2624 1361 2792 1418 οὖσαν
2834 1362 3222 1434 ἀντιληπτικὴν
3257 1361 3369 1414 τῶν
3422 1363 3563 1431 αὐτῇ
3619 1379 3769 1429 (ξαν-

2170 1459 2525 1523 τασθέντων),
2577 1458 2686 1509 δεῖν
2739 1455 3000 1525 ᾠήθησαν
3040 1454 3248 1507 τούτων
3295 1452 3397 1514 τὰς
3437 1452 3764 1521 ἐνεργείας,

2174 1554 2396 1615 εἰκότως
2425 1552 2526 1621 οὐχ
2552 1549 2783 1611 ἑαυτοῖς,
2811 1547 2943 1599 ἀλλὰ
2969 1544 3046 1615 τῷ
3073 1544 3326 1597 δεδωκότι
3366 1541 3510 1612 Θεῷ,
3564 1542 3639 1595 δι’
3703 1542 3832 1661 ξυνὴ

2248 1645 2263 1661 \
2329 1642 2382 1661 ι’·
2440 1636 2489 1661 ,τ
2560 1642 2730 1661 _L_,_..
2793 1637 3153 1661 _._----_1-.-....
3234 1635 3397 1661 υνυς-
3439 1632 3549 1661 ..Σ-
3594 1633 3769 1661 ιη.--

2176 1645 2274 1697 καὶ⁵
2326 1642 2385 1706 ἐξ
2433 1636 2495 1695 οἶ)
2556 1642 2756 1696 πάντα,
2790 1637 3178 1707 προσενέγκαι.
3234 1635 3397 1704 Τρεῖς
3439 1632 3550 1703 γὰρ
3593 1633 3769 1697 ὄντας

2177 1733 2499 1793 καθολικοῦς
2533 1730 2786 1799 τρόπους,
2834 1728 2908 1790 ὡς
2955 1724 3263 1795 ἀνθρώποις
3310 1726 3458 1776 ἐστὶν
3507 1724 3769 1792 ἐφικτὸν,
3816 1728 3848 1798 ἱ.

2176 1829 2240 1881 ἐκ
2270 1825 2370 1895 τῆς
2412 1824 2539 1892 περὶ
2566 1820 2633 1874 τὰ
2678 1820 2805 1873 ὄντα
2834 1818 3097 1888 ἀκριϐοῦς
3125 1819 3511 1883 κατανοήσεως
3534 1817 3770 1869 παιδευ-

2177 1916 2383 1980 θέντες,
2424 1913 2507 1983 ὲφ⁹
2538 1907 2619 1975 οἷς
2661 1911 2717 1963 ⁸0
2746 1909 2878 1972 Θεὸς
2907 1910 2975 1962 τὰ
3010 1910 3187 1962 πάντα
3226 1907 3531 1977 πεποίηκεν
3577 1908 3695 1977 (ἐφ’

2175 2024 2235 2059 τε
2284 2006 2392 2075 γὰρ
2426 2001 2585 2069 εἶναι,
2634 2003 2726 2055 καὶ
2756 1995 2816 2054 εῦ
2861 1996 3024 2068 εἶναι,
3051 2002 3143 2054 καὶ
3167 2001 3254 2056 ἀεὶ
3287 1995 3448 2065 εἶναι,
3478 2001 3678 2073 (ιω
3709 2002 3767 2073 α)

2175 2096 2443 2158 οὐσιώσας
2466 2097 2611 2166 ἡμᾶς
2629 2094 3015 2165 ὑπεστήσατο),
3040 2095 3279 2157 καὶτοὺς
3303 2094 3400 2164 μὲν
3428 2092 3524 2146 δύο
3551 2095 3769 2165 ἄκρους

2177 2189 2355 2251 ὄντας,
2382 2188 2477 2240 καὶ
2507 2186 2670 2257 μόνου
2701 2185 2840 2237 Θεοῦ
2871 2186 3187 2254 ἐχομένους,
3219 2185 3296 2248 ὼς
3339 2185 3540 2247 αἰτίου,
3576 2185 3677 2236 τὸν
3710 2184 3770 2237 δὲ

2177 2281 2364 2349 ἕτερον
2390 2278 2574 2349 μέσον,
2618 2277 2710 2330 καὶ
2736 2276 2840 2344 τῆς
2872 2276 3150 2346 ἡμετέρας
3175 2277 3486 2347 ἠρτημένον
3526 2276 3767 2348 γνώμης

2177 2388 2235 2423 τε
2264 2371 2358 2423 καὶ
2387 2370 2674 2438 κινήσεως,
2714 2368 2807 2420 καὶ
2829 2368 2898 2420 δι’
2950 2367 3145 2421 ἑαυτοῦ
3180 2370 3291 2430 τοῖς
3334 2368 3528 2438 ἄκροις
3567 2369 3629 2421 τὸ
3664 2386 3768 2421 κν·

2182 2462 2311 2531 ρξως
2334 2458 2588 2526 λέγεσθαι
2612 2456 2945 2528 παρέχοντα,
2972 2458 3067 2510 καὶ⁵
3089 2451 3152 2510 οὗ
3185 2458 3258 2528 μὴ
3291 2458 3564 2527 παρόντος
3591 2458 3769 2528 ἄχρη-

2183 2569 2307 2615 στος
2340 2552 2523 2613 αὐτοῖς
2555 2553 2587 2620 ἡ
2620 2550 2961 2621 προσηγορία
2995 2548 3341 2613 καθίσταται,
3366 2550 3426 2601 τὸ
3458 2545 3518 2601 εὖ
3554 2565 3769 2618 συνημο

2184 2644 2345 2711 μένον
2376 2641 2476 2693 οὐκ
2507 2639 2744 2709 ἔχουσιν,
2778 2639 2877 2691 οὐκ
2909 2637 3084 2701 ἄλλως
3119 2638 3375 2693 δύνασθαι
3398 2640 3495 2691 καὶ
3518 2656 3765 2709 προσγε-

2179 2732 2369 2786 νέσθαι
2397 2718 2583 2793 αὐτοῖς
2616 2735 2712 2783 καὶ
2764 2729 3108 2799 φυλαχθῆναι
3156 2728 3254 2801 τὴν
3302 2732 3359 2783 ὲν
3403 2733 3517 2793 τοῖς
3568 2732 3766 2801 ἄκροις

2181 2820 2460 2891 ἀλήθειαν,
2522 2820 2589 2892 ἦν
2641 2822 2815 2873 ποιεῖν
2869 2821 3081 2888 πέφυκε
3132 2819 3195 2872 τὸ
3254 2815 3312 2874 εὖ
3345 2816 3487 2874 εἶναι
3531 2822 3675 2874 κατά
3706 2822 3769 2874 τὸ

2186 2913 2351 2983 μέσον
2380 2914 2493 2974 τοῖς
2519 2912 2710 2983 ἄκροις
2762 2911 3216 2982 ὲπικιρνώμενον,
3256 2912 3290 2981 ἢ
3341 2914 3409 2983 τῇ
3453 2912 3595 2982 πρὸς
3632 2912 3769 2966 Θεὸν

508 3012 663 3056 motu
714 3000 1140 3069 intellexerunt;
1191 3009 1248 3055 et
1288 3001 1553 3071 deinceps
1590 3004 1828 3058 naturali
1871 3006 2081 3059 ratione

2184 3004 2497 3075 ἀεικινησίᾳ
2543 3004 2898 3074 διενοήθησαν
2925 3017 2939 3030 ⁸
2990 3003 3087 3055 καὶ
3113 3002 3298 3056 λοιπὸν
3325 3003 3404 3073 τῷ
3426 3004 3569 3056 κατά
3603 3003 3769 3071 φύσιν

510 3094 640 3148 hinc
672 3093 1159 3162 contemplativum
1197 3094 1395 3149 animae
1429 3094 1810 3161 extendentes,
1836 3106 1891 3151 et
1922 3096 2085 3152 modo

511 3182 750 3249 quodam
789 3197 899 3234 non
935 3190 1191 3251 oportere
1228 3183 1675 3239 conversibiliter
1706 3186 1785 3239 uti
1820 3187 2086 3241 naturali-

513 3272 616 3327 bus
649 3273 1096 3352 operationibus,
1130 3284 1359 3344 propter
1394 3285 1745 3345 superantem
1778 3281 2087 3335 necessario

512 3364 942 3433 corruptionem,
969 3381 1036 3419 eo
1070 3366 1234 3420 modo
1268 3366 1360 3438 qui
1394 3376 1478 3422 est
1508 3383 1608 3436 per
1639 3370 1961 3425 abusionem
1996 3388 2092 3426 na-

516 3455 787 3510 turalibus
816 3457 1101 3525 potentiis,
1129 3457 1246 3527 ipsa
1278 3473 1390 3513 non
1420 3466 1611 3514 utente
1640 3461 1876 3527 ratione,
1901 3472 2090 3533 aperte

515 3546 822 3611 audientes,
852 3563 916 3601 ac
946 3548 1104 3616 plane
1137 3564 1236 3616 per
1264 3548 1551 3605 decentem
1582 3559 1792 3608 natura:
1822 3557 2088 3613 rationem

514 3636 583 3690 ad
618 3637 790 3704 ipsius
817 3651 1038 3689 causam
1070 3636 1203 3691 ferri
1235 3637 1583 3707 didicerunt;
1618 3651 1680 3698 ut
1705 3644 1853 3699 unde
1881 3646 2090 3715 simpli‘

517 3726 657 3779 citer
679 3725 760 3779 eis
786 3735 1035 3792 estesse,
1053 3735 1109 3782 et
1134 3743 1264 3784 vere
1290 3744 1436 3796 esse,
1459 3733 1791 3805 quandoque
1816 3736 2089 3806 adjectum

520 3816 812 3885 accipiant.
835 3816 975 3883 Quid
999 3819 1146 3873 enim
1173 3821 1425 3878 fortassis
1445 3823 1585 3879 lucri
1611 3826 1739 3891 erit,
1773 3826 1839 3880 ad
1864 3842 1922 3882 se
1948 3828 2096 3898 ipsos

519 3924 674 3976 a-que
699 3909 1093 3967 ratiocinantes
1115 3912 1401 3989 dicebant,
1416 3933 1525 3972 non
1551 3934 1582 3972 a
1605 3914 2095 3990 seipso-exsistenti

519 4002 727 4055 causali
761 4003 828 4057 ad
865 4019 922 4057 se
949 4003 1156 4074 ipsum,
1183 4015 1273 4061 aut
1309 4008 1457 4063 aliud
1481 4010 1637 4081 quid,
1665 4021 1867 4080 praeter
1898 4013 2091 4079 Deum,

519 4098 697 4152 meto,
729 4092 949 4161 quando
978 4093 1033 4147 in
1059 4097 1330 4151 rationem
1365 4098 1539 4167 ipsius
1561 4114 1684 4154 esse
1709 4101 1846 4154 nihil
1873 4102 2097 4158 sibimet

516 4198 546 4235 a
578 4184 760 4260 seipsp
795 4195 891 4239 aut
954 4186 1023 4241 ab
1059 4188 1166 4241 alio
1199 4189 1436 4257 quodam
1472 4200 1669 4259 praeter
1700 4193 1871 4247 Deum
1901 4196 2093 4264 acqui-

518 4289 639 4330 rere
672 4277 915 4345 poterit?
939 4278 1043 4332 Per
1071 4279 1176 4334 hoc
1200 4280 1446 4334 animum
1479 4280 1701 4350 quidem
1731 4283 1879 4338 circa
1916 4287 2092 4339 solum

2186 3097 2436 3151 ἐντεῦθεν
2459 3096 2517 3149 τὸ
2538 3096 2762 3148 όπτικδν
2788 3095 2886 3163 τῆς
2908 3095 3086 3164 ψυχῆς
3112 3095 3584 3158 συνεπιτείναντες
3599 3096 3768 3165 λόγῳ,

2187 3188 2281 3241 καὶ
2302 3187 2502 3257 τρόπον
2526 3184 2649 3238 τινὰ
2692 3186 2765 3254 μὴ
2794 3185 2903 3237 δεῖν
2933 3186 3311 3254 ἀντιστρόφως
3359 3185 3603 3257 χρῆσθαι
3647 3191 3769 3249 ταῖς

2188 3280 2444 3345 φυσικαῖς
2476 3276 2801 3347 ἐνεργείαις,
2825 3277 2912 3329 διὰ
2943 3276 3042 3347 τὴν
3084 3276 3144 3342 ἐξ
3184 3277 3433 3345 ἀνάγκης
3462 3279 3770 3347 ὲπισημαξο

2188 3384 2384 3420 νουσαν
2406 3369 2526 3429 ταῖς
2560 3369 2819 3434 φυσικαῖς
2848 3366 3147 3431 δυνάμεσιν
3180 3369 3243 3419 ἐκ
3267 3367 3363 3420 τοῦ
3405 3368 3553 3421 κατά
3584 3370 3766 3437 παρά·

2189 3475 2386 3529 χρησιν
2436 3458 2640 3527 τρόπου
2688 3456 2913 3526 φθορὰν,
2975 3457 3143 3511 αὐτοῦ
3200 3457 3434 3527 βοῶντος
3478 3461 3574 3513 τοῦ
3607 3460 3769 3530 λόγου

2189 3549 2485 3622 διαρρήδην
2505 3550 2860 3611 ἀκούσαντες,
2913 3547 3132 3617 ὁμαλῶς
3164 3550 3303 3603 κατά
3350 3550 3444 3603 τὸν
3486 3553 3769 3623 πρέποντα

2190 3643 2349 3710 λόγον
2400 3640 2499 3712 τῆς
2531 3640 2747 3710 φύσεως
2803 3639 2941 3711 πρὸς
2976 3640 3068 3693 τὸν
3103 3641 3274 3709 αὐτῆς
3300 3643 3473 3699 αἴτιον
3503 3645 3769 3713 φέρεσθαι

2192 3731 2571 3804 ἐδιδάχθησαν,
2607 3732 2675 3785 ἵν’
2706 3730 2830 3784 ὅθεν
2875 3731 3061 3795 ἁπλῶς
3105 3734 3289 3796 αὐτοῖς
3334 3735 3452 3788 ἐστι
3497 3735 3561 3788 τὸ
3606 3731 3766 3796 εἶναι,

2191 3824 2285 3879 καὶ
2323 3824 2383 3876 τὸ
2409 3823 2579 3886 ὅντως
2606 3817 2745 3875 εἷναί
2777 3839 2909 3875 ποτε
2938 3824 3237 3891 προστεθὲν
3270 3824 3661 3890 ὑποδέξωνται.
3705 3826 3770 3881 τε

2193 3917 2301 3986 γὰρ
2333 3915 2397 3969 ἂν
2426 3915 2517 3967 καὶ
2548 3915 2702 3967 ἔσται
2725 3913 2801 3983 τῷ
2829 3914 2902 3983 μὴ
2927 3914 3123 3968 ἑαυτοῦ
3154 3915 3299 3968 κατά
3334 3917 3394 3968 τ’)
3422 3912 3562 3969 εἶναι
3612 3917 3770 3987 αἰτίῳ

2196 4010 2333 4079 πρὸς
2383 4006 2614 4068 ἑαυτοὺς
2667 4006 2797 4068 ἴσως
2830 4005 3179 4076 λογισάμενοι
3206 4002 3382 4070 εἷπον,
3417 4007 3556 4077 πρὸς
3580 4008 3771 4061 ἑαυτὸν

2196 4098 2393 4172 ἢᾶλλο
2437 4115 2491 4150 τι
2547 4096 2697 4167 παρά
2748 4097 2842 4148 τὸν
2899 4097 3032 4149 Θεὸν
3081 4098 3394 4169 κινουμένῳ
3438 4098 3500 4151 τὸ
3559 4099 3769 4170 κέρδος,

2197 4191 2357 4245 όπότε
2392 4191 2472 4251 εἰς
2491 4188 2582 4241 τὸν
2612 4186 2706 4241 τοῦ
2734 4181 2872 4240 εἶναι
2902 4187 3058 4255 λόγον
3081 4188 3234 4241 οὐδὲν
3281 4187 3461 4257 έαυτῷ
3514 4189 3610 4257 ἀφ’
3654 4188 3775 4242 ἐαυ-

2198 4282 2317 4347 τοῦ,
2350 4281 2382 4350 ἢ
2408 4279 2568 4333 ἄλλου
2594 4276 2737 4341 τινὸς
2762 4276 2913 4349 παρά
2946 4278 3038 4331 τὸν
3066 4277 3198 4330 Θεδν
3234 4277 3595 4349 περιποιῆσαι
3617 4277 3773 4347 δυνή-

516 4363 689 4420 Deum
722 4376 779 4422 et
811 4370 1047 4425 virtutes
1078 4371 1199 4439 ejus
1235 4371 1488 4444 intelligi,
1522 4382 1579 4429 ct
1610 4373 1873 4429 ineﬂ‘abili
1908 4377 2082 4447 gloria

2200 4388 2353 4426 σεται
2370 4386 2386 4446 ;
2427 4368 2525 4421 Διὰ
2570 4366 2728 4421 τοῦτο
2756 4366 2848 4420 τὸν
2888 4366 2988 4435 μὲν
3015 4364 3139 4419 νοῦν
3163 4367 3292 4436 περὶ
3323 4367 3485 4436 μόνου
3508 4365 3647 4419 Θεοῦ
3684 4362 3774 4419 καὶ

517 4455 881 4515 beatitudinis
905 4461 1026 4531 ejus
1051 4461 1255 4526 addici,
1278 4462 1549 4521 rationem
1576 4480 1709 4519 vero
1734 4464 2096 4534 interpretem

519 4549 947 4621 intelligibilium
979 4550 1095 4606 ﬁeri
1116 4562 1171 4608 et
1193 4554 1574 4621 laudatricem,
1605 4557 1747 4610 etad
1778 4572 1841 4611 ea
1871 4557 2102 4613 uniﬁcos

520 4651 669 4695 recte
705 4642 990 4712 disputare
1021 4644 1244 4708 modos,
1279 4660 1502 4699 sensum
1533 4661 1667 4700 vero
1697 4662 1798 4716 per
1830 4648 2097 4704 rationem

519 4732 871 4787 nobilitatum
916 4733 1062 4802 ipsas
1107 4735 1162 4788 in
1206 4735 1466 4791 universo
1508 4736 1832 4792 differentes
1866 4739 2103 4797 virtutes

519 4834 576 4878 ct
598 4825 951 4892 operationes
979 4825 1388 4896 imaginantcm,
1415 4829 1470 4881 in
1501 4828 1586 4883 his
1610 4844 1732 4898 quae
1757 4839 1904 4890 sunt,
1931 4847 2104 4899 quau-

522 4927 638 4970 tum
680 4916 943 4985 possibile
983 4925 1096 4981 est,
1131 4918 1328 4973 anima:
1370 4919 1699 4974 annuntiare
1737 4921 1977 4975 rationes
2008 4923 2102 4976 do-

523 5015 713 5061 centes
737 5006 835 5077 (d),
862 5015 918 5061 et
950 5022 1047 5076 per
1081 5009 1323 5063 animum
1345 5011 1687 5064 etrationem
1716 5012 1883 5065 veluti
1921 5014 2099 5067 navim

524 5101 805 5170 sapienter
844 5101 1082 5154 animam
1126 5102 1520 5171 gubernantes,
1556 5102 1824 5157 lubricam
1869 5103 2007 5158 lianc
2047 5116 2102 5160 ct

526 5192 838 5246 instabilem
875 5200 933 5246 et
970 5193 1024 5246 in
1066 5193 1214 5247 aliud
1253 5194 1414 5248 aliter
1451 5195 1738 5257 ferentem,
1775 5203 1830 5249 et
1874 5213 2095 5253 sensum

524 5283 820 5351 agitantem
864 5282 992 5338 vitze
1030 5282 1208 5348 viam,
1242 5284 1404 5339 siccis
1447 5280 1887 5354 pértransierunt
1929 5289 2100 5342 vesti-

526 5389 651 5442 gns.

2198 4463 2309 4516 τῶν
2368 4459 2535 4514 αὑτοῦ
2598 4458 2813 4530 ἀρετῶν
2875 4456 3235 4521 διανοεῖσθαι,
3284 4459 3381 4512 καὶ
3429 4461 3496 4528 τῇ
3552 4457 3776 4528 ἀρρήτῳ

2198 4553 2323 4624 δόξῃ
2351 4551 2450 4620 τῆς
2481 4548 2646 4605 αὐτοῦ
2683 4548 3104 4620 μακαριότητος,
3155 4547 3342 4619 (140
3383 4547 3434 4615 b)
3478 4547 3777 4616 ἀγνώστως

2208 4644 2548 4706 ἐπιϐάλλειν,
2583 4642 2676 4695 τὸν
2701 4640 2760 4694 δὲ
2787 4640 2944 4707 λόγον
2967 4640 3309 4711 ἑρμηνευτὴν
3331 4638 3440 4692 τῶν
3474 4637 3777 4706 νοηθέντων

2198 4734 2445 4803 γίνεσθαι
2474 4733 2571 4787 καὶ
2594 4730 2862 4802 ὑμνῳδὸν,
2888 4732 2982 4782 καὶ
3022 4731 3148 4793 τοὺς
3180 4730 3317 4799 πρὸς
3338 4729 3477 4783 αὐτά
3501 4727 3779 4789 ἑνοποιοῦς

2199 4827 2375 4897 ὀρθῶς
2406 4811 2760 4891 ¹διαλέγεσθαι
2810 4823 3067 4894 τρόπους.
3120 4822 3218 4891 τὴν
3267 4821 3324 4875 δὲ
3355 4820 3610 4891 αἴσθησιν
3639 4821 3781 4874 κατᾶ

2198 4919 2353 4987 λόγον
2403 4916 2813 4984 εὐγενισθεῖσαν
2867 4915 2966 4978 τάς
3016 4915 3076 4966 ὲν
3126 4913 3205 4983 τῷ
3251 4913 3417 4967 παντὶ⁵
3486 4912 3780 4980 διαφόρους

2197 5011 2458 5079 δυνάμεις
2487 5025 2546 5060 τε
2594 5007 2689 5059 καὶ
2731 5006 3013 5076 ἐνεργείας
3053 5002 3532 5074 φαντασιουμὲνην
3565 5004 3692 5064 τοὺς
3722 5003 3780 5056 ὲν

2198 5105 2311 5164 τοῖς
2337 5099 2486 5154 οὖσιν
2517 5099 2593 5162 ὡς
2638 5098 2862 5165 ἐφικτὸν
2893 5099 2960 5169 τῇ
2995 5097 3142 5167 ψυχῇ
3189 5094 3533 5164 διαγγέλλειν
3588 5093 3781 5161 λόγους

2201 5192 2528 5258 διδάξαντες,
2560 5192 2654 5244 καὶ
2681 5190 2770 5244 διὰ
2800 5188 2893 5243 τοῦ
2936 5188 3026 5242 νοῦ
3075 5188 3168 5241 καὶ
3219 5186 3314 5240 τοῦ
3365 5186 3549 5253 λόγου,
3592 5184 3784 5253 ὥσπερ

2207 5285 2362 5350 ναῦν,
2386 5284 2486 5353 τὴν
2514 5282 2691 5353 ψυχὴν
2722 5281 2903 5349 σοφῶς
2931 5280 3296 5344 οἰακίσαντες,
3324 5277 3423 5349 τὴν
3451 5276 3627 5347 ὑγρὰν
3651 5274 3781 5329 ταῦ-

2208 5396 2309 5449 την
2356 5375 2451 5427 καὶ
2488 5374 2717 5428 ἄστατον
2756 5373 2853 5426 καὶ
2891 5372 3077 5427 ἄλλοτε
3112 5370 3287 5434 ἄλλως
3338 5367 3650 5442 φερομένην
3690 5365 3781 5420 καὶ

527 5465 626 5537 τὴν
655 5466 907 5536 αἴσθησιν
934 5466 1329 5532 ἑπικλύζουσαν
1367 5469 1460 5522 τοῦ
1497 5469 1610 5539 βίον.)
1645 5467 1903 5524 κέλευθον
1938 5471 2187 5544 ἀερὸχοις
2218 5468 2511 5522 διώδευσαν
2543 5465 2766 5535 ἴχνεσιν.

2031 5583 2257 5642 NOTAE.

605 5648 674 5715 (ιτ)
704 5648 864 5703 Verte
892 5648 1188 5717 pendentes.
1214 5651 1407 5722 (Galc.)

2287 5649 2361 5723 (ri)
2390 5649 2601 5704 Mallem
2633 5649 2834 5702 docent.
2864 5645 3057 5719 (6310.)
