4066 6150
378 290 514 358 1117

474 406 691 473 Θεωρία
725 405 832 474 τῆς
869 405 960 472 δέὰ
989 405 1098 472 τῆς
1144 405 1461 476 θαλάσσης
1503 395 1838 480 ’διαϐάσεως

947 497 1044 551 διὰ
1071 497 1348 565 Μωσέως.

435 609 592 662 Οὖτω
620 608 759 679 τάχα
789 609 884 662 καὶ
910 611 1149 679 Μωῦσῆς
1174 611 1380 674 ἐκεῖνος
1404 613 1433 664 ὁ
1461 613 1634 682 μέγας
1653 617 1718 685 τῇ
1753 615 1936 686 πληγῇ

365 700 460 754 τοῦ
506 701 914 771 παντοδυνάμου
957 701 1150 768 λόγου,
1199 696 1260 756 οὗ
1309 701 1579 771 σύμϐολον
1612 699 1682 774 ἦν
1727 705 1856 768 ίσως
1903 709 1935 775 ἡ

369 792 584 864 ῥάϐδος,
615 793 890 862 θαλάσσης
925 793 1126 860 τρόπον
1158 793 1269 846 τῶν
1305 793 1579 864 αἰσθητῶν
1615 795 1806 850 διελὼν
1840 794 1939 867 τὴν

365 885 604 955 ἀπάτην,
638 885 670 954 ἢ
701 885 966 954 περιελὼν
991 885 1166 937 εἰπεῖν
1198 885 1548 958 οἰκειότερον,
1582 887 1815 960 στερρὰν
1845 889 1942 942 καὶ

365 975 685 1038 ἀσάλευτον,
721 973 799 1044 τῷ
829 975 964 1045 πρὸς
996 973 1098 1038 τάς
1143 974 1294 1038 θείας
1342 977 1674 1046 ἐπαγγελίας
1720 980 1939 1046 ἐπειγο-

369 1067 518 1136 μένῳ
542 1067 656 1135 λαῷ
686 1067 787 1135 τὴν
822 1065 1070 1135 ὑπίχνιον
1103 1066 1147 1098 ⁸³
1179 1067 1484 1138 παρέσχετο
1527 1069 1654 1138 γῆν,
1699 1068 1799 1139 τὴν
1832 1067 1941 1121 ὑπὸ

367 1155 638 1225 αἴσθησιν,
681 1156 846 1226 φημὶ,
886 1155 1050 1226 φύσιν
1081 1156 1227 1228 ὀρθῷ
1259 1156 1406 1228 λόγῳ
1433 1155 1575 1213 εἶναι
1612 1159 1812 1229 θεατὴν
1846 1159 1942 1212 καὶ

362 1247 804 1317 εύπερίγραπτον
841 1247 937 1299 καὶ
977 1246 1078 1316 βίῳ
1105 1249 1330 1319 ἀρεταῖς
1369 1249 1724 1320 ὴγλαϊσμένῳ
1771 1249 1939 1319 βατὴν

300 1331 312 1341 ’
361 1334 540 1400 δείξας
570 1335 664 1388 καὶ
704 1335 1122 1404 εὐπαρὸδευτον,
1169 1337 1267 1390 καὶ
1327 1336 1533 1407 μηδένα
1584 1337 1830 1390 κίνδυνον
1876 1338 1942 1389 ὲκ

361 1427 460 1494 τῆς
515 1427 854 1496 ἑκατέρωθεν
913 1429 1302 1500 παφλαζούσης
1369 1431 1481 1484 τῶν
1549 1431 1940 1500 διακριθέντων

365 1517 592 1582 ὑδάτων,
616 1513 696 1580 οἷς
727 1517 862 1580 τέως
891 1502 1220 1583 κεκάλυπτο,
1247 1499 1427 1592 δρμῆς
1447 1525 1558 1584 τοῖς
1577 1499 1752 1585 ούτως
1774 1521 1942 1590 αὐτὴν

363 1601 696 1672 διαπερῶσιν
755 1603 1106 1668 ἐπάγουσανυ
1157 1606 1316 1678 είπερ
1369 1607 1448 1678 τῷ
1501 1608 1621 1661 κατ’
1653 1608 1942 1676 ἀναγωγὴν

365 1693 510 1763 λόγῳ
538 1693 809 1765 διάκρισις
832 1695 1041 1748 ὑδάτων
1067 1698 1264 1765 νοητῆς
1295 1697 1564 1767 θαλάττης
1603 1698 1803 1768 ἐστὶνὴ
1833 1698 1942 1751 τῶν

1584 304 2100 366 AMBIGUORUM
2139 306 2388 366 LIBER.

3470 303 3612 370 1118

2219 415 2602 486 Contemplatio
2633 414 2822 487 Moysi:
2857 431 2952 488 per
2981 433 3130 471 mare
3163 417 3436 470 transitus.

2109 629 2201 684 Sic
2246 628 2479 682 fortasse
2524 643 2755 698 n‘iagnus
2789 641 3008 698 quoque
3051 626 3141 681 ille
3185 625 3397 698 Moyses
3433 623 3615 678 omni-

2037 719 2281 788 potentis
2323 719 2435 774 ictu
2479 718 2730 782 rationis,
2761 719 2920 788 cujus
2964 717 3294 789 symbolum,
3327 715 3386 770 ni
3430 714 3614 776 fallor.

2037 810 2190 880 virga
2223 818 2376 874 erat,
2409 811 2477 864 ad
2514 810 2680 865 maris
2715 811 2887 864 instar
2919 809 3266 864 sensibilium
3301 806 3495 861 fraude
3526 805 3614 860 dio

2041 901 2154 956 visa
2175 942 2189 962 ,
2219 909 2312 954 aut
2343 901 2516 970 magis
2551 901 2770 970 proprie
2801 901 2980 955 dicam
3015 899 3273 969 disjecta.
3302 897 3528 952 solidam
3561 903 3617 949 et

2041 991 2293 1044 stabilem
2322 991 2525 1060 populo
2547 990 2615 1044 ad
2642 991 2856 1045 divinas
2879 989 3272 1060 promissiones
3300 985 3614 1056 properanti

2040 1078 2274 1146 przebuit
2319 1088 2519 1133 terram
2562 1079 2630 1134 ab
2673 1095 2867 1135 eorum
2909 1079 3156 1150 vestigiis
3199 1074 3616 1146 pressam,.ltoc

2039 1174 2124 1219 est
2161 1175 2414 1220 naturam
2458 1166 2560 1222 sub
2603 1183 2824 1222 sensum
2872 1167 3157 1222 cadentem
3207 1176 3370 1220 rectae
3413 1161 3614 1217 rationi

2041 1256 2519 1325 eontemplabilcm
2548 1264 2605 1310 et
2628 1258 2768 1312 bene
2798 1257 3158 1326 descriptam,
3183 1255 3420 1323 vitaeque
3446 1253 3618 1306 virtu-

2042 1341 2190 1395 tibus
2219 1351 2427 1396 ornatze
2453 1343 2843 1410 permeabilem
2869 1357 2991 1397 esse
3015 1352 3329 1396 monstrans
3355 1338 3618 1394 transitu-

2041 1443 2150 1496 que
2185 1427 2431 1492 facilem,
2460 1428 2787 1498 nullumque
2821 1429 3127 1498 periculum
3161 1445 3230 1483 ex
3259 1429 3314 1481 vi
3348 1440 3616 1497 aquarum

2043 1517 2369 1582 divisarum,
2401 1517 2604 1587 quibus
2637 1519 2820 1573 adhuc
2853 1518 3144 1574 obscurata
3181 1525 3320 1582 erat,
3356 1515 3617 1584 utrinque

2041 1615 2304 1661 aestuante
2363 1608 2774 1662 transeuntibus
2825 1608 3214 1663 immittentem
3273 1625 3287 1660 :
3341 1603 3615 1674 siquidem

2044 1697 2355 1752 sublimiori
2387 1707 2444 1752 et
2477 1698 2717 1768 mystica:
2753 1699 2954 1754 rationi
2995 1714 3262 1769 aquarum
3307 1698 3430 1768 ejus
3469 1695 3616 1764 quod

367 1785 486 1840 κατ’
503 1783 737 1852 ἔλλειψιν
754 1784 847 1838 καὶ
877 1784 1214 1856 πλεονασμὸν
1250 1787 1642 1864 ἀντικειμινων
1667 1789 1784 1850 ταῖς
1809 1787 1938 1856 άρε-

2046 1788 2217 1843 oculis
2258 1788 2481 1843 videtur
2522 1789 2690 1844 maris
2723 1789 2991 1845 discretio
3033 1791 3318 1851 vitiorum,
3353 1803 3475 1857 qua:
3517 1798 3616 1856 per

363 1877 481 1939 ταῖς
511 1875 719 1928 κακιῶν
755 1875 854 1944 τῆς
885 1874 1062 1946 (141
1096 1876 1148 1947 a)
1209 1877 1345 1947 πρὸς
1376 1878 1609 1948 ἀλλήλας
1658 1875 1940 1946 συνεχείας

365 1967 664 2031 διάστασις,
697 1967 763 2036 ἢν
785 1966 994 2034 πέφυκε
1023 1967 1178 2036 λόγος
1227 1971 1424 2029 ποιεῖν,
1471 1970 1708 2041 καρδίως
1761 1967 1941 2021 αὐτῶν

367 2059 774 2128 καθαψάμενος,
799 2057 1021 2120 καὶτοῖς
1047 2059 1140 2112 ἐπὶ
1167 2058 1298 2112 Θεὸν
1321 2061 1699 2131 προτροπάδην
1721 2062 1936 2126 ἐπειγο-

373 2148 556 2221 μένοις
601 2147 850 2217 οὐδαμῶς
902 2147 1157 2220 ἀλλήλαις
1213 2151 1383 2212 αύτὰς
1428 2151 1766 2221 συναφθῆναι
1805 2167 1938 2219 συγ-

371 2256 582 2310 χωρων.

374 2415 590 2484 Θεωρία
616 2414 728 2484 τῆς
754 2418 840 2482 εις
863 2417 929 2470 τὸ
965 2415 1102 2484 ὄρος
1127 2415 1476 2482 ἀναϐάσεως
1512 2419 1618 2474 τοῦ
1643 2421 1926 2486 Μωσέως.

440 2529 596 2583 Οὕτω
635 2531 800 2584 πάλιν
836 2530 916 2600 τῷ
968 2530 1225 2586 καλοῦντι
1271 2534 1539 2602 ἑπόμενος
1584 2533 1725 2606 Θεῷ,
1772 2536 1938 2606 ὑπερ-

2045 1876 2316 1932 del‘ectum
2355 1887 2412 1932 et
2443 1877 2836 1932 abundantiam
2873 1877 3172 1932 virtutibus
3203 1875 3420 1946 objecta
3453 1881 3616 1938 sunt,

2045 1969 2220 2024 mutui
2254 1969 2398 2023 inter
2417 1985 2478 2024 se
2503 1985 2678 2024 nexus
2701 1969 2996 2024 dissidium
3022 1976 3128 2032 est,
3153 1965 3299 2037 quod
3333 1959 3472 2020 ratio
3503 1960 3618 2020 e111-

2041 2075 2164 2116 cerc
2197 2061 2394 2116 idonea
2426 2070 2530 2124 est,
2563 2060 2724 2115 modo
2753 2061 3006 2130 gnaviter
3036 2076 3101 2115 ea
3135 2058 3378 2122 invadat,
3408 2071 3518 2112 neu
3559 2057 3617 2110 in

2043 2167 2235 2208 eorum
2270 2154 2366 2222 qui
2404 2153 2648 2211 studiose
2682 2153 2751 2207 ad
2786 2153 2958 2206 Deum
2991 2159 3287 2222 properant
3315 2150 3618 2206 incommo-

2046 2245 2178 2302 dum
2210 2247 2354 2301 inter
2375 2261 2434 2302 se
2463 2245 2746 2301 conciliari
2777 2244 2888 2300 ullo
2916 2243 3079 2300 modo
3107 2243 3272 2298 sinat.

2133 2419 2520 2490 Contemplatio
2555 2419 2747 2492 Moysis
2788 2421 2843 2474 in
2879 2426 3110 2474 montem
3141 2418 3489 2474 ascensionis.

2103 2531 2196 2586 Sic
2245 2547 2442 2586 rursus
2476 2533 2591 2587 Deo
2624 2535 2844 2590 vocanti
2878 2535 3294 2604 obtemperans,
3347 2528 3614 2586 omnibus

373 2620 516 2692 σχὼν
552 2621 729 2675 πάντα
757 2620 826 2674 τά
848 2621 993 2692 τῇδε,
1017 2623 1098 2686 είς
1124 2623 1214 2676 τὸν
1247 2623 1445 2692 γνόφου
1473 2625 1742 2696 εἰσῆλθεν,
1775 2620 1837 2680 οὗ
1869 2622 1936 2697 ἦν

2046 2623 2158 2678 istic
2193 2623 2489 2693 superatis,
2515 2623 2766 2680 introivit
2791 2625 2848 2678 in
2867 2624 3154 2694 caliginem
3185 2623 3278 2678 ubi
3307 2623 3452 2676 Deus
3475 2629 3615 2681 erat,

370 2716 399 2766 ὁ
432 2713 583 2777 Θεὸς,
627 2713 926 2774 τουτέστιν.
979 2713 1058 2775 είς
1099 2712 1199 2782 τὴν
1247 2713 1402 2782 ἀειδῆ
1441 2714 1534 2767 καὶ
1584 2715 1814 2786 ἀόρατον
1843 2717 1938 2769 καὶ

2046 2713 2141 2767 hoc
2165 2721 2251 2770 est
2279 2713 2336 2768 in
2363 2714 2654 2770 obscuram
2678 2723 2735 2770 et
2766 2715 3103 2770 invisibilem
3131 2725 3190 2770 et
3217 2712 3616 2782 incorporalem

370 2803 663 2874 ἀσώματον
699 2802 1006 2873 διατριϐὴν,
1040 2802 1116 2873 νῷ
1149 2803 1334 2874 πάσης
1368 2804 1640 2875 ἐλευθέρῳ
1667 2806 1767 2874 τῆς
1807 2805 1941 2874 πρὸς

2046 2804 2538 2870 conversationem,
2584 2817 2770 2861 mente
2797 2807 2866 2862 ab
2892 2808 3041 2861 omni
3073 2807 3143 2861 ad
3180 2805 3480 2876 quidquam
3526 2818 3618 2856 re-

370 2896 548 2950 ὁτιοῦν
575 2895 754 2966 πάρεξ
775 2894 910 2948 Θεοῦ
941 2895 1201 2964 σχέσεως,
1229 2889 1342 2971 ὲνῇ
1371 2897 1681 2967 γενόμενος,
1711 2896 1786 2960 ὡς
1816 2897 1945 2966 ἐνῆν

371 2988 608 3060 μάλιστα
633 2987 984 3058 ἀνθρωπίνην
1024 2986 1326 3056 ἀξιωθῆναι
1355 2989 1538 3056 φύσιν,
1569 2984 1681 3042 οἷον
1713 2988 1946 3042 ἔπαθλον

367 3079 466 3148 τῆς
497 3076 774 3148 μακαρίας
789 3075 1002 3146 ἐκείνης
1025 3075 1342 3140 ἀναϐάσεως
1355 3078 1502 3144 ἄξιον
1525 3079 1624 3147 τὴν
1646 3079 1838 3149 χρόνου
1857 3079 1950 3130 καὶ

373 3167 582 3237 φύσεως
603 3166 702 3238 τὴν
719 3165 934 3235 γένεσιν
953 3167 1398 3236 περιγράφουσαν
1419 3167 1702 3238 κομίζεται
1724 3167 1944 3236 γνῶσιν,

368 3258 464 3311 καὶ
478 3257 647 3311 τύπον
679 3257 774 3312 καὶ
812 3257 1165 3329 παράδειγμα
1197 3258 1306 3312 τῶν
1338 3258 1548 3330 ἀρετῶν
1587 3259 1750 3314 αὐτὸν
1786 3277 1943 3329 ποιη-

371 3347 602 3418 σάμενος
627 3347 716 3401 τὸν
743 3346 894 3410 Θεὸν,
925 3347 1061 3418 πρὸς
1081 3345 1140 3400 ὃν
1170 3347 1422 3418 καθάπερ
1470 3349 1686 3418 γραφὴν
1731 3349 1944 3415 εὐφυῶς

367 3439 462 3493 τοῦ
488 3437 798 3508 ἀρχετύπου
823 3438 921 3509 τὴν
951 3438 1182 3508 μίμησιν
1207 3437 1486 3504 σώζουσαν
1512 3440 1706 3492 ἑαυτὸν
1736 3440 1943 3492 ἀποτυ-

370 3528 558 3593 πώσας
589 3529 802 3582 κάτεισι
823 3527 918 3582 τοῦ
946 3527 1126 3598 ὅρους,
1153 3523 1220 3598 ἦς
1246 3529 1537 3599 μετείληφε
1566 3528 1722 3597 δόξης
1744 3527 1883 3580 κατὰ
1900 3528 1945 3559 ⁸⁵

368 3618 431 3674 τὺ
455 3613 745 3689 πρόσωπον
771 3619 1152 3688 ὲπισημαίνων
1180 3619 1278 3691 τὴν
1304 3621 1464 3690 χάριν
1489 3621 1582 3674 καὶ
1620 3623 1732 3683 τοῖς
1761 3618 1946 3682 ἄλλοις

370 3709 716 3779 ἀνθρώποις,
782 3709 973 3780 ῶσπερ
1010 3709 1278 3774 θεοειδοῦς
1323 3712 1496 3764 τύπου
1537 3713 1708 3766 τύπον
1757 3711 1946 3765 ἑαυτὸν

369 3803 663 3873 γενόμενον
693 3803 940 3871 ἀφθόνως
971 3802 1148 3866 διδοὺς
1169 3803 1263 3856 καὶ
1287 3803 1507 3874 προτιθέ
1517 3821 1696 3872 μενος,
1722 3804 1815 3857 καὶ
1845 3803 1939 3870 δηο

370 3895 452 3947 λοϊ
474 3894 632 3946 τοῦτο
661 3893 832 3947 ποιῶν
873 3895 998 3965 περὶ
1021 3887 1096 3947 ὧν
1135 3891 1243 3948 εἶδὲ
1277 3913 1334 3948 τε
1375 3897 1467 3948 καὶ
1491 3896 1692 3964 ἤκουσε
1719 3895 1798 3964 τῷ
1829 3893 1938 3962 λαῷ

371 3983 754 4054 ἐξηγούμενος.
785 3986 878 4038 καὶ
923 3988 1112 4056 γραφῇ
1152 3989 1266 4048 τοῖς
1319 3987 1437 4056 μετ’
1458 3987 1620 4040 αὑτὸν
1667 3980 1778 4038 οἷόν
1815 3998 1940 4037 τινα

374 4073 576 4146 κλῆρον
632 4075 908 4136 θεόσδοτον
973 4075 1299 4147 παραδιδοὺς
1360 4077 1454 4130 τοῦ
1520 4077 1654 4130 Θεοῦ
1713 4076 1782 4130 τὰ
1833 4093 1936 4146 μυ-

377 4165 592 4236 στήρια.

2040 2894 2243 2948 latione
2290 2905 2490 2964 praeter
2533 2897 2706 2951 Deum
2743 2897 2920 2952 libera
2946 2938 2962 2962 ,
3007 2911 3173 2966 quam
3225 2895 3459 2964 adeptus
3497 2907 3620 2962 qua:

2045 3000 2258 3040 summa
2284 2995 2501 3055 poterat
2530 2987 2784 3042 humana:
2811 2995 3022 3042 naturae
3050 2987 3338 3057 obtingere
3359 2983 3615 3053 dignitas,

2044 3075 2196 3129 velut
2245 3077 2530 3145 praemium
2581 3077 2756 3134 beata
2800 3077 2951 3132 illius
3001 3075 3343 3132 ascensionis
3391 3074 3617 3144 dignum

2047 3168 2416 3238 cognitionem
2444 3178 2688 3238 reportat
2719 3170 2980 3240 temporis
3025 3179 3188 3240 atque
3250 3175 3461 3222 naturae
3507 3179 3621 3218 ort-

2049 3257 2190 3328 ginis
2218 3257 2631 3328 descriptivam,
2670 3259 2790 3329 ipso
2831 3261 2940 3315 Deo
2982 3271 3238 3329 tanquam
3287 3267 3417 3328 typo
3453 3265 3621 3324 atque

2048 3349 2298 3417 exemplo
2327 3349 2596 3402 virtutum
2629 3351 2911 3418 proposito
2933 3389 2948 3412 ,
3005 3349 3071 3404 ad
3105 3350 3265 3418 cujus
3297 3346 3616 3416 imaginem.

2049 3441 2118 3494 ad
2175 3441 2377 3494 tabulze
2424 3440 2600 3494 instar
2648 3441 3008 3511 archetypum
3051 3439 3280 3510 pulchre
3327 3435 3620 3506 referentis

2048 3537 2334 3599 postquam
2365 3545 2422 3583 se
2451 3530 2629 3599 ipsum
2659 3529 3014 3594 deformavit,
3049 3529 3118 3584 de
3149 3535 3337 3582 monte
3382 3526 3618 3580 descen-

2050 3605 2368 3690 dit,'gloriae
2391 3636 2498 3689 qua
2549 3619 2860 3690 impertitus
2888 3627 3005 3683 est,
3044 3618 3276 3690 gratiam
3307 3617 3446 3672 facie
3484 3631 3620 3686 quo-

2051 3727 2157 3781 que
2189 3711 2416 3781 reliquis
2442 3713 2607 3766 etiam
2640 3711 2960 3766 hominibus
2999 3711 3336 3782 signiﬁcans,
3360 3717 3619 3778 tanquam

2045 3800 2216 3856 divini
2273 3801 2383 3872 typi
2434 3810 2621 3872 typum
2674 3802 2851 3870 ipsum
2893 3801 3096 3857 factum
3146 3801 3372 3872 largiter
3421 3815 3624 3868 mpm:-

2047 3899 2271 3946 sentans
2296 3906 2416 3944 sese
2445 3900 2615 3960 atque
2645 3907 2978 3960 proponens.
3042 3893 3108 3946 Et
3139 3891 3218 3946 sic
3268 3891 3472 3962 populo
3499 3907 3622 3960 qure

2046 3982 2185 4036 vidit
2233 3999 2463 4052 qumque
2489 3983 2701 4036 audivit
2747 3983 3021 4036 narrando
3051 3983 3252 4052 aperit,
3307 3983 3472 4036 etiam
3524 3997 3622 4050 per

2041 4070 2257 4125 litteras
2295 4071 2462 4125 veluti
2493 4072 2868 4127 hatreditatem
2897 4073 3188 4142 quamdam
3228 4089 3256 4125 a
3301 4072 3412 4126 Deo
3433 4071 3620 4125 datam

2045 4161 2356 4231 posteritati
2390 4162 2577 4217 divina
2615 4163 2874 4234 mysteria
2919 4165 3233 4218 relicturus.

376 4336 592 4406 Θεωρία
618 4335 728 4405 τῆς
763 4337 956 4404 Ἰησοῦ
979 4339 1318 4408 ἡγεμονίας,
1351 4340 1448 4392 καὶ
1476 4339 1585 4407 τῆς
1607 4337 1938 4406 διαϐάσεως

2046 4335 2409 4407 Ζοιιιωιῳίλιὶο
2443 4336 2664 4390 ducatus
2696 4337 2842 4403 Iesu,
2877 4346 2925 4390 et
2983 4354 3078 4407 per
3111 4336 3409 4391 Iordanem
3437 4345 3620 4390 trans-

443 4426 550 4480 τοῦ
592 4427 907 4495 Ἰορδάνου,
957 4429 1054 4481 καί
1109 4427 1218 4496 τῆς
1275 4429 1558 4498 δευτέρας
1611 4429 1686 4482 δι’
1749 4431 1936 4484 αὐτοῦ

443 4518 761 4588 περιτομῆς
793 4520 912 4586 τοῖς
942 4521 1010 4574 ἐτι
1039 4521 1259 4588 πέτρας
1289 4519 1552 4590 ξίφεσιν.

2100 4429 2205 4480 itus
2253 4439 2301 4480 et
2354 4425 2573 4480 alterius
2609 4427 2672 4480 ab
2717 4443 2776 4480 eo
2817 4443 2910 4498 per
2960 4427 3195 4500 lapideos
3246 4427 3487 4482 cultellos
3541 4427 3626 4481 in-

2099 4520 2298 4572 stituta:
2318 4517 2752 4584 circumcisionis,

440 4629 627 4693 Οὕτως
673 4629 876 4701 Ἰησοῦς
897 4631 926 4684 ὁ
952 4630 1194 4692 Μωσέως
1225 4631 1494 4701 διάδοχος,
1526 4631 1613 4684 ἵνα
1646 4630 1714 4684 τά
1760 4630 1935 4685 πολλὰ

2117 4632 2207 4686 Sic
2231 4631 2412 4695 Jcsus,
2452 4631 2654 4704 Moysis
2680 4648 2996 4696 successor,
3037 4642 3098 4688 nt
3122 4633 3292 4716 multa
3313 4648 3436 4702 quae
3461 4631 3529 4686 de
3557 4645 3626 4688 eo

371 4721 482 4774 τῶν
521 4721 650 4792 περὶ
694 4721 862 4774 αὐτοῦ
931 4721 1326 4791 ἱστορουμένων
1367 4722 1713 4792 παραδράμω
1748 4721 1836 4775 διὰ
1883 4722 1944 4774 τὸ

373 4811 600 4880 πλῆθος,
633 4811 970 4883 παραλαϐὼν
1001 4811 1183 4884 (14],
1209 4815 1260 4878 ί»)
1281 4815 1372 4865 τὸν
1403 4813 1530 4867 λαὸν
1561 4813 1775 4876 πολλοῖς
1807 4815 1943 4883 πρὸ·

374 4919 532 4972 τερον
564 4908 698 4974 πρὸς
735 4902 1021 4958 εὐσέϐειαν
1050 4902 1404 4956 παιδευθέντα
1435 4903 1578 4957 κατὰ
1611 4903 1708 4974 τὴν
1735 4903 1942 4975 ἔρημον

375 4995 620 5063 τρόποις,
659 4995 799 5062 μετά
826 4995 926 5066 τὴν
963 4998 1022 5048 ὲν
1071 4994 1148 5064 τῷ
1186 4994 1302 5065 ὄρει
1340 4996 1616 5059 Μωῦσέως
1665 4995 1942 5066 τελευτὴν,

378 5084 472 5136 καὶ
501 5084 637 5154 ξένῳ
662 5087 961 5155 περιτομῆς
1001 5087 1132 5140 εῖδει
1165 5085 1497 5152 καθαγνίσας
1528 5086 1691 5139 αὑτὸν
1731 5089 1848 5149 ταῖς
1880 5089 1945 5140 ἐκ

381 5175 585 5244 πέτρας
623 5175 943 5244 μαχαίραις,
971 5173 1068 5227 καὶ
1091 5174 1182 5226 τὸν
1219 5174 1488 5245 Ἰορδάνην
1516 5174 1851 5245 ξηρανθέντα
1877 5179 1942 5247 τῇ

380 5269 680 5336 προπομπῇ
716 5268 816 5336 τῆς
851 5265 1000 5329 θείας
1025 5263 1262 5318 κιϐωτοῦ
1284 5267 1408 5330 τοὺς
1441 5265 1536 5320 τοῦ
1565 5265 1694 5320 λαοῦ
1737 5268 1944 5331 πάντας

453 5437 473 5464 ε
498 5425 658 5484 Dent.
683 5441 846 5490 xxx",
873 5426 958 5480 19.
1031 5425 1054 5465 δ
1079 5425 1243 5481 Josue
1275 5443 1324 5490 v,
1346 5429 1400 5480 ΕΞ.
1481 5439 1502 5466 ε
1526 5428 1690 5486 Iosue
1719 5447 1795 5494 nt,
1827 5432 1904 5485 l7.

2047 4729 2346 4776 narrantur
2377 4733 2605 4792 propter
2625 4739 2886 4794 magnum
2904 4740 3096 4778 eorum
3123 4739 3418 4779 numerum
3447 4731 3627 4776 trans-

2045 4813 2283 4885 gredior,
2317 4816 2544 4884 populo,
2575 4815 2670 4884 qui
2704 4816 2893 4872 multis
2925 4824 3086 4871 antea
3132 4817 3312 4872 modis
3337 4815 3394 4868 in
3431 4829 3626 4869 eremo

2045 4906 2114 4960 ad
2154 4906 2413 4975 pietatem
2439 4907 2694 4961 eruditus
2720 4916 2860 4970 erat,
2907 4917 3030 4976 post
3077 4908 3280 4980 Moysis
3328 4907 3385 4960 in
3435 4917 3628 4962 monte

2049 5010 2283 5052 mortem
2328 5006 2611 5066 suscepto,
2637 5008 2683 5062 ο,
2721 5009 2776 5054 et
2809 4999 3027 5054 insolita
3050 4999 3496 5055 circutncisionis
3539 5012 3628 5053 ra~

2055 5088 2202 5142 tione
2250 5104 2346 5157 per
2388 5088 2638 5158 lapideos
2689 5091 2962 5146 cultellos.
2987 5091 3223 5145 lustrato
3243 5089 3294 5154 δ,
3334 5097 3628 5160 postquam

2051 5179 2238 5234 divina
2265 5195 2393 5234 area
2445 5181 2724 5249 praemissa
2774 5183 3097 5237 universum
3153 5183 3421 5252 populum
3472 5181 3626 5236 sicco

2049 5270 2341 5324 Jordancm
2363 5271 2499 5340 pede
2523 5273 2828 5326 transmisit
2859 5285 2881 5312 ε
2903 5315 2918 5338 ,
2952 5273 3292 5329 Salvatorcm
3319 5288 3418 5343 per
3443 5271 3630 5342 ipsum

2770 5497 2794 5524 Ο

1665 5571 1896 5625 νΑιιι
1933 5571 2228 5628 LEC'I'ION
2238 5574 2341 5629 ES.

441 5677 895 5759 “_.\pograplzttm
951 5678 1114 5734 habet
1165 5679 1458 5750 ὑπίσχνιον.
1531 5683 1575 5714 ⁸⁵³
1626 5682 1941 5756 Apogmpltu

2055 5687 2214 5742 habet
2264 5686 2486 5759 ἄλληλα.

389 5753 547 5806 κατὰ.

2584 5686 2626 5718 ⁸⁵
2674 5688 2864 5744 Manus
2897 5688 3070 5758 prima
3117 5691 3349 5747 dederat
3388 5689 3481 5744 καὶ
3525 5699 3628 5758 pro
