4066 6150
526 245 668 311 1119

1702 248 1763 307 S.
1806 249 2094 308 ΜΑΧΙΜῘ
2132 249 2643 318 CONFESSO’RIS

3682 261 3804 330 1120

520 360 715 433 Logon
742 361 921 434 typice
968 360 1336 432 signiﬁcabat,
1369 373 1498 416 eum
1527 358 1625 430 qui
1650 356 1913 429 abrOgata
1953 364 2084 430 lega-

2203 365 2456 436 άτεγγείς
2505 369 2827 434 διαϐιϐάσας
2846 372 2911 438 ⁸⁵,
2951 373 3040 427 τὸν
3078 375 3144 428 δι’
3187 374 3370 430 αὐτοῦ
3407 358 3683 441 τυπικῶς
3712 397 3803 450 μη-

520 453 660 509 lium
696 453 1153 509 constitutionum
1189 454 1377 510 littera
1406 453 1672 508 ducatum
1702 452 1820 507 veri
1844 462 1903 507 et
1927 451 2084 506 Deum

2197 459 2456 528 νυόμενον
2493 462 2723 533 Σωτῆρα
2772 464 2947 532 Λόγον
2994 466 3329 538 παρεδήλου,
3388 470 3550 538 μετά
3587 469 3689 541 τήν
3720 489 3798 526 τε·

495 542 767 596 ‘videntis
789 541 956 595 Israel
994 541 1053 595 in
1079 541 1427 597 sublimitate
1471 540 1870 612 cogitationum
1913 539 2099 595 obori-

2193 549 2387 622 λευτὴν
2414 552 2508 605 τοῦ
2539 555 2869 626 γράμματος
2907 555 3019 610 τῶν
3053 558 3299 627 νομικῶν
3357 559 3686 625 διατάξεων
3711 562 3799 632 τὴν

519 638 708 686 turum
731 630 984 701 suscipit,
1011 632 1218 701 quique
1242 646 1406 685 omne
1436 640 1546 685 tam
1569 630 1738 685 animi
1779 645 1944 700 quam
1968 646 2084 685 cor-

2193 644 2251 695 ἔν
2288 643 2370 712 τῷ
2409 641 2533 712 ὕψει
2579 643 2689 697 τῶν
2741 645 3033 716 νοημάτων
3063 648 3378 720 γινομένην
3411 648 3517 702 τοῦ
3544 630 3794 720 ἀληθινοῦ

517 722 674 792 poris
700 722 1179 792 inquinamentum
1210 724 1530 778 acutissimo
1565 722 1693 778 ﬁdei
1718 722 1821 792 ipsi
1861 731 2094 779 servata:

518 813 702 868 Verbo
723 814 1107 880 circumcidit,
1135 814 1401 884 omnique
1426 830 1622 869 eorum
1671 813 1766 883 qui
1797 813 1864 868 ad
1900 829 2095 883 pecca-

517 909 635 956 tum
660 902 921 973 instigant
942 905 1278 959 contumelia
1307 905 1530 969 liberat,
1557 912 1615 959 et
1645 904 1923 958 labentem
1953 912 2093 958 tem-

2209 734 2428 805 Ἰσραὴλ
2454 737 2549 789 καὶ
2579 737 2816 806 ὁρῶντος
2845 738 2979 792 Θεὸν
3008 741 3318 810 ἡγεμονίαν
3370 740 3793 810 παραλαϐόντα,

2195 826 2291 878 καὶ
2321 826 2525 890 παντὸς
2581 827 2681 897 μὲν
2725 828 2904 899 ψυχῆς
2944 830 3035 884 καὶ
3081 831 3345 902 σώματος
3402 832 3699 902 μολυσμοῦ
3724 834 3792 904 τῷ

2195 918 2496 988 τομωτάτῳ
2520 919 2667 990 λόγῳ
2687 921 2786 988 τῆς
2810 922 2892 985 εἰς
2910 922 3073 977 αὐτὸν
3095 922 3341 986 πίστεως
3369 923 3789 994 περιτέμνοντα,

514 994 668 1063 poris
691 1009 988 1064 rerumque
1021 995 1369 1050 instabilium
1410 1005 1665 1050 naturam
1710 997 1779 1049 ad
1834 995 2084 1064 incorpo-

2199 1009 2401 1070 παντὸς
2442 1011 2500 1064 δὲ
2543 1012 2853 1083 ὀνειδισμοῦ
2882 1013 2995 1067 τῶν
3035 1014 3175 1086 πρὸς
3207 1015 3516 1085 ἁμαρτίαν
3540 1014 3790 1085 ἐρεθιζόν-

514 1084 717 1140 ralium
745 1093 948 1140 statum
984 1087 1209 1159 trajicit,
1238 1087 1492 1143 humeris
1519 1087 1792 1141 virtutum
1824 1086 2084 1141 sublatam

2191 1116 2300 1157 των
2327 1099 2739 1174 ἐλευθεροῦντα,
2762 1103 2856 1157 καὶ
2884 1104 2985 1174 τὴν
3009 1084 3377 1175 ῥέουσανίτοῦ
3408 1084 3619 1176 χρόνου
3643 1107 3785 1174 φύσιν

516 1182 672 1231 tenet
699 1176 1075 1247 cognitionem
1128 1179 1450 1235 divinorum
1492 1172 1887 1250 mysteriorum
1930 1194 2096 1248 capa-

516 1283 659 1325 cem.

512 1652 902 1722 Contemplatio
946 1654 1319 1715 "ierit-nautis,
1354 1663 1403 1707 et
1455 1668 1652 1724 septem
1697 1657 2089 1723 circuitionum,

723 1750 775 1798 et
799 1760 962 1812 arce,
979 1753 1028 1798 et
1064 1745 1333 1813 tubarum,
1363 1752 1412 1799 et
1433 1748 1788 1801 anathematis
1825 1746 1871 1801 ί.

580 1946 675 2003 Sic
693 1961 888 2003 rursus
915 1946 1343 2002 circnrtionibus
1367 1954 1582 2017 septem
1607 1945 1957 2017 totidemque
1996 1955 2085 2002 tu-

508 2039 600 2096 bis
628 2057 756 2096 cum
796 2042 1033 2112 mystico
1062 2041 1308 2096 clamore
1362 2040 1558 2095 urbem
1592 2038 1870 2095 diﬁcilem
1915 2056 2085 2109 expu-

508 2132 786 2202 gnabilem
805 2132 1005 2197 visam,
1028 2131 1453 2187 Hierichuntem
1476 2132 1801 2186 concutiens
1828 2132 2083 2186 eumdem

505 2222 607 2277 Dei
630 2222 822 2293 Logon
856 2224 1089 2295 mystice
1116 2224 1338 2294 aperuit
1380 2231 1444 2278 ut
1470 2224 1737 2279 victorem
1791 2222 1985 2277 mundi
2030 2230 2084 2277 et

505 2316 607 2369 aevi
630 2325 1165 2381 consummatorem,
1191 2324 1380 2371 mente
1401 2323 1459 2370 et
1481 2315 1723 2380 ratione,
1749 2315 1867 2369 sive
1900 2314 2086 2384 cogni-

505 2407 660 2463 tione
686 2409 1006 2465 et-virtute.
1037 2409 1286 2476 Quarum
1317 2422 1450 2462 arca
1480 2414 1537 2462 et
1564 2407 1715 2461 tubae
1752 2412 1910 2460 erant
1944 2405 2081 2476 typi,

503 2512 606 2554 eos
629 2498 725 2568 qui
755 2500 912 2554 illum
936 2508 1246 2570 sequantur
1266 2513 1448 2554 azvum
1480 2497 1747 2552 sensibile
1774 2495 1934 2551 facile
1958 2510 2083 2549 esse

504 2591 577 2647 ad
607 2594 1037 2663 expugnandum
1066 2593 1226 2647 nullo
1266 2591 1494 2661 negotio
1523 2590 1838 2661 superabile
1884 2589 2086 2643 docen-

503 2690 613 2749 tes,
639 2692 699 2739 et
725 2685 870 2739 nihil
897 2685 969 2739 de
992 2686 1134 2756 ejus,
1164 2699 1277 2754 quo
1297 2684 1576 2750 fruantur,
1603 2682 1925 2737 divinorum
1974 2680 2080 2735 bo—

501 2789 707 2829 norum
737 2784 1017 2831 amatores
1047 2774 1323 2846 indigere,
1358 2774 1489 2844 quia
1529 2789 1658 2830 cum
1704 2781 1884 2828 morte
1920 2779 2086 2840 atque

505 2864 735 2919 interitu
777 2867 849 2919 sit
892 2868 1254 2935 c'onjnnctum
1283 2875 1336 2920 et
1362 2866 1563 2920 divinae
1598 2866 1694 2920 ira)
1732 2865 1876 2918 illex.
1927 2862 2083 2928 Quod

432 2942 443 2952 ’
504 2955 672 3008 etiam
703 2954 907 3019 Achar,
938 2956 1087 3011 ﬁlius
1112 2957 1335 3011 Cbarmi
1374 2959 1422 3022 ε,
1474 2972 1597 3026 quae
1622 2965 1711 3011 est
1761 2955 2083 3009 turbulenta

505 3055 674 3113 atque
707 3044 954 3099 materiae
985 3060 1176 3100 amans
1205 3044 1274 3100 de
1303 3046 1655 3100 sensibilium
1686 3045 1875 3114 aliquo
1902 3046 2082 3100 intro-

503 3134 780 3189 mittendo
818 3135 1110 3206 cogitatio,
1155 3137 1531 3192 miserandam
1582 3138 1733 3192 illam
1779 3137 1848 3192 de
1899 3138 2085 3193 divina

503 3229 781 3282 sententia
814 3236 1055 3284 mortem
1085 3244 1309 3299 passus,
1338 3230 1707 3293 demonstrat,
1756 3229 1918 3300 cujus
1951 3246 2082 3299 ope-

2188 3243 2274 3280 νον
2320 3229 2461 3281 κατὰ
2500 3228 2659 3281 θείαν
2703 3227 2887 3297 ψῆφον
2935 3229 3390 3298 ἀπενεγκάμενος
3422 3227 3662 3284 θάνατον,
3690 3218 3738 3271 ὃν
3830 3231 3835 3235 ’

501 3320 676 3374 ratrix
724 3321 869 3375 ratio
915 3329 1020 3387 est,
1070 3321 1350 3392 profundo
1395 3322 1764 3385 conscientiae,
1803 3322 1959 3377 mala:
1993 3321 2074 3376 di-

503 3426 671 3481 gnum
708 3412 801 3466 tali
842 3412 1117 3483 supplicio
1144 3412 1444 3468 suﬂ'ocans.

2192 1193 2287 1246 καὶ
2331 1193 2442 1247 τῶν
2492 1195 2833 1266 κινουμένων
2887 1195 3276 1261 διαϐιϐάζοντα
3338 1199 3498 1271 πρὸς
3542 1199 3646 1271 τὴν
3691 1198 3785 1252 τῶν

2190 1284 2499 1355 ἀσωμάτων
2543 1288 2903 1354 κατάστασιν,
2946 1291 3062 1352 τοῖς
3102 1287 3275 1360 ὤμοις
3316 1289 3559 1361 ἀρετῶν
3596 1293 3781 1344 ὲπαιω·

2194 1377 2467 1450 ροῦμενην
2502 1378 2699 1450 ἔχοντα
2716 1381 2762 1414 ⁸⁸
2789 1381 2890 1452 τὴν
2917 1380 3177 1452 δεκτικὴν
3217 1382 3336 1436 τῶν
3379 1381 3558 1436 θείων
3588 1399 3778 1454 μυστη-

2195 1470 2324 1541 ρίων
2355 1472 2583 1541 γνῶσιν.
3736 1484 3742 1488 ’

2205 1657 2426 1726 Θεωρία
2467 1654 2581 1725 τῆς
2619 1654 2894 1723 Ἱεριχοῦς
2935 1654 3035 1711 καὶ
3096 1652 3217 1708 τῶν
3263 1652 3435 1707 ἑπτὰ
3481 1646 3806 1723 namcfde

2264 1747 2366 1800 και
2406 1745 2517 1813 τῆς
2547 1744 2797 1799 κιϐωτοῦ
2821 1744 2920 1798 καὶ
2965 1744 3089 1797 τῶν
3132 1744 3514 1814 σαλπίγγων
3552 1743 3650 1796 καὶ
3684 1730 3793 1797 τοῦδ

2120 1870 2164 1928 Β
2262 1838 2652 1909 ἀναθέματος.

2257 1951 2413 2005 Οὕτω
2430 1952 2592 2005 πάλιν
2611 1950 2882 2021 περιόδοις
2914 1950 3051 2003 ἑπτὰ
3081 1950 3175 2003 καὶ
3200 1948 3479 2015 σάλπιγξι
3503 1948 3768 2012 τοσαύταις

2189 2041 2286 2095 σὺν
2311 2041 2610 2111 ἀλαλαγμῷ
2639 2041 2884 2112 μυστικῷ
2910 2041 3007 2112 τὴν
3034 2041 3349 2094 δυσάλωτον
3382 2041 3419 2112 ἦ
3452 2042 3550 2094 καὶ
3582 2041 3764 2094 ἀνάλω⁸

2168 2150 2277 2201 ,τον
2299 2128 2440 2195 εἶναι
2477 2133 2709 2196 δόξασαν
2740 2132 2895 2186 πόλιν
2923 2132 3131 2203 Ἱεριχὼ
3148 2150 3289 2186 κατα
3299 2131 3502 2194 σείσας
3520 2131 3610 2184 τὸν
3625 2131 3764 2185 αὐτὸν

2186 2222 2280 2277 τοῦ
2311 2221 2448 2275 Θεοῦ
2480 2223 2653 2289 Λόγον
2697 2221 2977 2291 μυστικῶς
2998 2223 3278 2289 ἐνέφαινεν
3306 2222 3391 2285 ὡς
3427 2221 3655 2293 νικητὴν
3680 2219 3758 2274 τοῦ

2187 2315 2395 2382 κόσμου
2439 2314 2534 2366 καὶ
2576 2314 2935 2381 συντελεστὴν
2963 2312 3059 2365 τοῦ
3089 2313 3314 2376 αἰῶνος,
3357 2311 3443 2383 νῷ
3481 2314 3578 2366 καὶ
3616 2312 3756 2382 λόγῳ,

2186 2404 2306 2475 ἦτοι
2336 2404 2536 2472 γνώσει
2563 2405 2657 2458 καὶ
2701 2406 2893 2475 ἀρετῇ.
2927 2399 3027 2456 Ὧν
3059 2408 3092 2475 ἡ
3126 2404 3371 2467 κιϐωτὸς
3409 2403 3512 2458 καὶ
3545 2405 3601 2457 αἱ
3649 2403 3756 2457 σάλ-

2188 2512 2386 2565 πιγγες
2436 2496 2607 2559 τύπος
2651 2496 2919 2566 ὑπῆρχον,
2967 2498 3080 2558 τοῖς
3138 2496 3445 2565 ἑπομένοις
3494 2494 3643 2565 αὐτῷ
3680 2494 3756 2545 τὸν

2186 2587 2447 2658 αἰσθητὸν
2487 2588 2662 2642 αἰῶνα
2702 2589 2978 2642 εὐάλωτον
3003 2586 3190 2659 (ιῷξ
3230 2586 3284 2653 τι)
3323 2587 3640 2641 δεικνύοντα
3672 2585 3751 2638 καὶ

2185 2679 2597 2749 εὐκαθαίρετον,
2638 2678 2733 2731 καὶ
2765 2677 2936 2748 μηδὲν
2966 2677 3076 2730 τῶν
3103 2678 3161 2729 ὲν
3187 2675 3344 2746 αὐτῷ
3372 2676 3519 2750 πρὸς
3543 2675 3749 2730 ἀπόλαυ-

2187 2787 2273 2823 σιν
2301 2770 2606 2839 ὲπιτήδειον
2646 2771 2761 2832 τοῖς
2789 2768 2897 2822 τῶν
2937 2767 3098 2822 θείων
3124 2769 3392 2835 ἐρασταῖς
3423 2765 3661 2835 ἀγαθῶν,
3684 2763 3743 2824 ὡς

2186 2862 2403 2932 θανάτῳ
2431 2864 2525 2916 καὶ
2551 2862 2729 2934 φθορᾷ
2758 2862 3106 2933 συνημμένον
3136 2864 3232 2915 καὶ
3268 2863 3432 2925 θείας
3465 2858 3745 2931 ἀγανακτή-

2187 2969 2325 3015 σεως
2367 2954 2561 3007 αἴτιον.
2592 2954 2703 3006 Καὶ
2750 2953 2903 3023 δηλοῖ
2939 2953 3120 3023 Ἀχαρ
3155 2956 3185 3007 6
3219 2954 3323 3007 τοῦ
3377 2953 3584 3022 Χαρμὶ,
3628 2953 3740 3016 ὅπερ

2186 3044 2332 3096 ἐστὶν
2360 3045 2390 3095 6
2416 3043 2741 3114 ταραχώδης
2773 3044 2869 3097 καὶ
2895 3044 3147 3112 φιλόῠλος
3175 3042 3447 3114 λογισμὸς
3495 3040 3630 3109 ὑπὲρ
3664 3036 3741 3091 τοῦ

2186 3135 2584 3188 εἰσοικίσασθαί
2626 3152 2678 3188 τι
2718 3135 2828 3188 τῶν
2874 3135 3169 3204 αισθητῶν,
3190 3136 3286 3189 τὸν
3314 3137 3591 3189 οἴκτιστον
3613 3130 3739 3183 ἐκεῖ·

2188 3318 2479 3389 ὲργάξεταει
2511 3320 2670 3388 λόγος
2699 3318 2777 3390 τῷ
2807 3319 2961 3389 βάθει
2988 3320 3086 3390 τῆς
3120 3322 3372 3390 πονηρᾶς
3409 3318 3737 3388 συνειδήσεως

2188 3411 2572 3480 ἐναποπνίγων
2600 3413 2692 3466 τὸν
2721 3410 2864 3466 οὕτω
2892 3411 3279 3484 τιμωρηθῆναι
3311 3411 3488 3477 ἄξιον.

504 3586 895 3658 Contemplatio
947 3589 1070 3662 Tyri
1101 3591 1320 3662 ejusque
1360 3591 1497 3662 regis
1518 3629 1534 3658 ,
1584 3558 1638 3645 et
1672 3563 2082 3663 expugnationis

2190 3593 2410 3660 Θεωρία
2450 3592 2639 3659 Τύρου
2667 3590 2764 3644 και
2805 3588 2915 3643 τοῦ
2950 3587 3142 3655 αὐτῆς
3171 3587 3506 3653 βασιλέως,
3535 3582 3626 3639 καὶ
3644 3579 3734 3650 τῆς

1231 3697 1368 3753 ejus.

571 3784 664 3843 Sic
692 3805 887 3845 rursus
920 3790 1225 3847 secundum
1255 3795 1405 3864 quod
1447 3794 1717 3865 scriptum
1755 3805 1841 3851 est
1877 3813 1891 3849 :
1923 3796 2077 3851 Tem-

504 3896 629 3948 pore
652 3880 744 3934 illo
775 3892 931 3953 capta
956 3884 1119 3939 Assor
1141 3927 1156 3952 ,
1189 3895 1237 3940 et
1264 3903 1384 3958 rege
1417 3888 1529 3958 ejus
1557 3888 1738 3959 gladio
1770 3890 2040 3960 interfecto
2059 3929 2074 3954 ,

501 3980 551 4024 et
582 3975 723 4026 omni
760 3976 812 4028 in
858 3992 917 4030 ea
945 3980 1060 4031 vivo
1095 3978 1283 4045 deleto,
1345 3996 1465 4050 qua
1506 3988 1667 4034 antea
1706 3981 2079 4036 universarum

501 4066 773 4135 regionum
798 4067 1123 4124 dominatrix
1153 4081 1267 4125 erat
1290 4071 1339 4137 δ,
1393 4072 1919 4127 demonstrabantur
1965 4088 2084 4144 my-

500 4156 671 4209 steria
703 4173 938 4226 quorum
974 4168 1137 4231 typus
1179 4162 1272 4217 illa
1301 4161 1406 4215 sibi
1437 4163 1604 4217 verba
1632 4164 1960 4231 protulerat,
1997 4163 2084 4217 ni-

498 4247 703 4303 mirum
754 4265 947 4303 verum
995 4258 1249 4305 nostrum
1292 4251 1637 4306 Salvatorem
1686 4253 1874 4309 Jesum
1922 4251 2085 4307 Chri-

497 4345 667 4405 stum,
703 4339 800 4394 Dei
832 4340 1053 4407 Filium,
1101 4343 1370 4396 malarum
1419 4351 1757 4412 potestatum
1789 4358 2083 4413 expugnad

498 4436 695 4492 torem,
741 4430 931 4500 gratiae
971 4432 1305 4502 dignitatum
1356 4433 1796 4503 dispensatorem
1834 4451 1947 4489 sua:
1991 4435 2076 4489 in-

497 4521 835 4576 carnationis
866 4509 1113 4591 tempore
1144 4532 1428 4592 peccatum
1455 4527 1686 4596 ejusque
1734 4542 1917 4596 regem
1958 4526 2077 4581 dia-

2713 3678 2995 3744 ἀλώσεως
3019 3678 3231 3747 αὐτῆς.

2254 3793 2412 3847 Οὕτω
2437 3792 2600 3847 πάλιν
2620 3791 2800 3856 καθὼς
2819 3792 3148 3862 γέγραπται,
3169 3792 3264 3845 Ἐν
3295 3794 3381 3859 τῷ
3408 3788 3584 3858 καιρῷ
3605 3785 3728 3839 ἐκεί-

2182 3901 2266 3949 νῳ
2304 3886 2787 3954 καταλαϐόμενος
2811 3884 2927 3951 τὴν
2961 3882 3209 3951 Ἀσσὼρ,
3242 3885 3341 3936 καὶ
3381 3875 3728 3946 τὸνβασιλέα

2179 3975 2369 4042 αὐτῆς
2403 3976 2766 4041 ἀποκτείνας
2801 3976 2873 4027 ἐν
2907 3976 3193 4044 ῥομφαίᾳ,
3224 3976 3324 4029 καὶ
3355 3976 3478 4028 πᾶν
3501 3967 3729 4041 ἐμετνέον

2179 4067 2618 4133 ἐξολοθρεύσας
2639 4066 2709 4119 ἐν
2736 4063 2911 4133 αὐτῇ,
2942 4066 3077 4135 ἣτις
3107 4061 3188 4135 ἦν
3220 4067 3514 4134 πρότερον
3539 4061 3726 4141 ᾆρχου·

2179 4170 2263 4209 σα
2292 4156 2509 4209 πασῶν
2535 4155 2660 4209 τῶν
2692 4156 2918 4224 χωρῶν,
2951 4155 3285 4222 ὲδιδάσκετο,
3316 4152 3395 4211 ὧν
3437 4148 3725 4226 μυστηρίων

2178 4247 2348 4311 τύπος
2414 4245 2754 4318 προϐέϐλητο
2781 4248 2913 4312 τοὺς
2937 4249 3152 4317 λόγους,
3184 4251 3269 4303 ὅτι
3291 4250 3320 4302 6
3349 4244 3597 4318 ἀληθινὸς
3631 4239 3723 4290 Σω-

2178 4340 2282 4409 τὴρ
2311 4339 2470 4409 ἡμῶν
2510 4339 2719 4408 Ἰησοῦς
2752 4341 3008 4411 Χριστος,
3040 4344 3069 4396 6
3096 4341 3226 4405 Υίδς
3253 4342 3352 4396 τοῦ
3395 4336 3546 4397 Θεοῦ,
3583 4335 3609 4387 6
3635 4328 3722 4381 τῶν

2182 4429 2439 4499 πονηρῶν
2468 4430 2800 4500 καθαιρέτης
2828 4431 3133 4502 δυνάμεων,
3169 4433 3265 4485 καὶ
3294 4428 3617 4502 κληροδὸτης
3635 4417 3722 4472 τῶν

2180 4519 2348 4585 ἀξίων
2376 4523 2476 4590 τῆς
2505 4521 2748 4591 χάριτος,
2780 4522 2925 4576 κατά
2952 4523 3042 4577 τὸν
3066 4525 3258 4594 καιρὸν
3277 4523 3380 4595 τῆς
3408 4517 3564 4575 αὐτοῦ
3592 4517 3720 4567 ἑναν-
3760 4556 3761 4559 η

497 4611 685 4667 bolum
715 4614 987 4685 (regnavit
1008 4616 1155 4670 enim
1176 4625 1340 4669 antea
1362 4631 1531 4685 super
1551 4632 1745 4672 omnes
1770 4619 2079 4687 peccatum)

2188 4609 2518 4681 θρωπήσεως
2546 4612 2632 4665 διὰ
2673 4613 2909 4682 σταυροῦ
2955 4613 3401 4683 καταλαϐόμενος
3441 4611 3538 4680 τὴν
3566 4608 3719 4673 ἆμαρ·

494 4718 597 4776 per
621 4722 844 4761 crucem
876 4706 1144 4763 invasisse
1171 4716 1226 4764 et
1257 4710 1482 4763 virtutis
1533 4726 1646 4764 suae
1698 4710 1869 4765 verbo
1910 4709 2085 4764 inter-

496 4794 717 4862 fecisse,
764 4813 1036 4868 omneque
1066 4800 1254 4853 vivum
1285 4799 1581 4862 delevissc,
1612 4801 1720 4854 hoc
1743 4792 1827 4855 est
1860 4800 2076 4869 passio-

495 4902 598 4942 nes
620 4905 742 4958 quae
766 4889 823 4944 in
855 4890 1021 4945 nobis
1044 4898 1208 4955 sunt,
1252 4900 1309 4946 et
1335 4906 1456 4961 qua:
1486 4907 1609 4945 cum
1660 4891 1729 4945 iis
1778 4891 2073 4960 conjuncta

2180 4701 2303 4753 τίαν
2329 4703 2423 4754 καὶ
2455 4701 2548 4755 τδν
2578 4702 2808 4773 βασιλέα
2837 4704 3013 4776 αὐτῆς
3040 4705 3132 4759 τὸν
3155 4706 3402 4760 διάϐολον
3432 4699 3597 4774 (ἦρχε
3630 4690 3718 4790 τὰς

2188 4793 2407 4849 πάντων
2445 4796 2574 4848 ποτὲ
2601 4793 2961 4864 βασιλεύουσα
2988 4801 3021 4868 ἡ
3057 4798 3333 4870 ἁμαρτία)
3359 4796 3631 4851 ἀπέκτεινε
3653 4798 3716 4847 τῳ

2177 4886 2389 4955 ῥήματι
2413 4886 2513 4957 τῆς
2539 4887 2821 4959 δυνάμεως
2860 4887 3045 4950 αὑτοῦ,
3081 4892 3175 4944 καὶ
3223 4889 3603 4957 ὲξωλόθρευσεν
3631 4873 3712 4927 αὖ·

496 4989 625 5034 sunt
649 4983 831 5051 turpia
863 4983 1076 5037 etmala
1108 4985 1365 5053 cogitata,
1393 4998 1464 5037 ne
1492 4984 1604 5037 ullo
1631 4985 1861 5039 omnino
1906 4984 2073 5040 modo

2188 4978 2272 5047 τῆς
2305 4980 2412 5032 πᾶν
2448 4980 2708 5049 ὲμπνέον,
2741 4982 2986 5035 τουτέστι
3016 4983 3085 5036 τὰ
3115 4982 3260 5054 πάθη
3290 4982 3359 5036 τὰ
3386 4984 3441 5035 ὲν
3470 4974 3608 5046 ἡμῖν,
3636 4961 3712 5016 καὶ

496 5072 552 5125 in
579 5071 661 5127 eis
683 5074 778 5142 qui
822 5074 1024 5128 Christi
1061 5090 1261 5129 nomen
1310 5073 1640 5144 proﬁtentur
1669 5083 1725 5129 et
1773 5076 1828 5129 in
1882 5091 1949 5129 eo
1987 5075 2070 5129 vi-

496 5172 942 5231 vuntpeccatum
976 5166 1045 5220 de
1095 5174 1297 5221 extero
1328 5166 1396 5221 ad
1441 5166 1615 5221 instar
1682 5167 1793 5219 vivi
1839 5168 2073 5239 alicujus

498 5257 707 5311 moveri
743 5273 807 5311 ac
844 5257 1032 5313 vivere
1063 5258 1311 5315 haberet.

542 5451 563 5491 ί
586 5453 754 5510 Josue
783 5473 856 5523 v1,
882 5458 906 5511 l
941 5473 1096 5530 seqq.
1177 5460 1383 5516 Hosne
1408 5478 1501 5528 vn,
1523 5446 1613 5516 'l8.
1690 5462 1715 5501 ιι
1737 5461 1904 5516 Josue
1932 5478 2007 5528 xx,
2034 5462 2118 5516 l0.

2179 5068 2248 5121 τά
2278 5069 2367 5122 ἐπ’
2395 5070 2577 5134 αὐτοῖς
2608 5073 2810 5142 αἰσχρὰ
2861 5074 2957 5127 καὶ
3005 5074 3217 5145 πονηρὰ
3256 5070 3611 5140 ἐνθυμήματα,
3637 5055 3709 5145 ἴνῆ

2184 5157 2319 5229 μηδὲ
2374 5160 2435 5213 τὸ
2481 5163 2727 5215 ὁπωσοῦν
2778 5165 2836 5216 ὲν
2888 5168 3001 5229 τοῖς
3045 5143 3421 5236 τοῦ-Χριστοῦ
3469 5154 3555 5210 καὶ
3594 5143 3708 5203 κατά

2178 5251 2414 5319 Χριστὸν
2460 5252 2624 5317 ζῶσιν
2666 5257 2995 5324 ἐμπνέοντος
3048 5258 3205 5329 δίκην
3259 5254 3377 5312 καθ’
3407 5244 3570 5307 ὁτιοῦν
3620 5236 3699 5305 ἔκῐι

2179 5344 2364 5396 λοιπὸν
2392 5344 2451 5397 τὸ
2476 5347 2743 5402 κινεῖσθαι
2780 5350 2873 5402 καὶ
2907 5349 3008 5420 ζῇν
3040 5352 3071 5421 ὴ
3111 5348 3369 5421 ἁμαρτία.

1793 5573 2024 5628 VARUE
2064 5572 2467 5629 LECTIONES.

560 5649 609 5685 ⁸⁵
644 5650 1027 5723 Apographum
1059 5656 1339 5720 διαϐάσχς.
1411 5661 1454 5691 εδ
1487 5661 1870 5729 Αιιίιεγπίιὲιιιτη
1905 5664 2029 5727 τοὺς
2084 5662 2265 5732 ὼμους
2326 5663 2415 5732 ἀρ.
2475 5666 2561 5716 ἐπ’
2624 5664 2846 5736 ἔχοντας
2895 5674 3023 5719 cett.

3942 1759 3948 1920 4

3945 1920 3948 1998 l

3945 2405 3948 2554 ἱ
