4066 6150
357 262 484 328 1121

1577 247 2092 308 AMBIGUORUM
2124 248 2390 308 LIBER.

3451 246 3589 312 1122

557 366 608 438 ὁ)
648 365 866 434 Θεωρία
895 365 982 427 εἰς
1011 360 1099 423 τὸ,
1136 377 1154 409 ι
1197 359 1262 408 Ol
1291 353 1537 423 οὐρανοὶ
1565 351 1915 423 διηγοῦνται

2025 353 2406 422 Contemplatio
2458 353 2513 406 in
2571 352 2705 408 illud
2749 370 2766 406 :
2827 371 2844 404 ι
2889 352 3016 409 Caeli
3054 363 3314 409 etiarrant
3361 353 3590 427 gloriam

904 455 1094 518 δόξαν
1136 449 1302 506 Θεοῦ.
1343 466 1363 499 ι

418 576 577 632 Οῢτω
626 573 790 628 Δασὶδ
818 573 846 625 ὁ
883 570 1000 641 μετ’
1030 566 1276 626 ἐκείνους
1309 561 1406 632 μὲν
1449 558 1530 629 τῷ
1559 559 1760 628 χρόνῳ,
1795 557 1914 610 κατ’

347 668 590 728 ἐκείνους
618 664 676 718 δὲ
722 662 802 732 τῷ
848 657 1141 728 πνεύματι,
1191 653 1278 705 ἵνα
1311 649 1441 712 τοὺς
1489 646 1697 717 Κριτὰς
1741 661 1921 715 παρα-

349 757 546 828 δράμω
577 753 750 808 πολλὰ
780 752 1005 823 ἔχοντας
1035 750 1092 802 ὲν
1111 744 1199 814 τῷ
1229 742 1330 813 βίῳ
1363 740 1662 808 μυστήρια,
1690 737 1792 828 τὴν
1834 736 1920 828 δόέ

351 827 446 912 ξαν
473 847 568 900 τοῦ
599 845 735 899 Θεοῦ
757 840 1132 912 διηγουμένων
1156 833 1266 889 τῶν
1293 829 1542 902 οὐρανῶν
1569 827 1805 890 ἀκούων,
1827 827 1922 878 καὶ

349 941 449 1008 τὴν
489 938 712 1009 ποίησιν
743 935 856 988 τῶν
901 913 1102 1003 χειρῶν
1152 923 1318 978 αὐτοῦ
1367 917 1791 988 ἁναγγέλλοντος
1822 913 1918 1009 τοῦ

353 1005 730 1103 στερεώματος
759 1026 854 1096 (τὺ
883 1020 1202 1092 θαυμάσιον,
1219 1011 1300 1078 οἷς
1318 1012 1494 1103 ψυχὴν
1516 1013 1544 1064 ό
1562 1005 1920 1103 ΔΔημιουργδις

349 1093 738 1185 οὐκὲνέθηκε),
762 1093 888 1174 τοὺς
921 1108 1052 1180 περὶ
1089 1103 1368 1172 θεολογίας
1395 1099 1515 1163 νοὸς
1551 1099 1742 1159 ἀκοαῖς
1769 1093 1922 1162 παρὰ

348 1209 456 1260 τῶν
488 1207 710 1276 ἀψύχων
751 1202 1038 1271 ὑπεδέχετο
1079 1197 1293 1264 λόγους,
1335 1192 1431 1246 καὶ
1475 1189 1602 1252 τοὺς
1655 1187 1754 1255 τῆς
1788 1201 1923 1276 προ-

347 1298 496 1361 νοίας
515 1273 611 1352 καί
623 1273 859 1368 κρίσεως
887 1292 947 1358 ἐξ
974 1286 1436 1356 ἀποτελέσματος.
1467 1277 1697 1368 κατδξτδ,
1715 1273 1926 1368 ἀγθρξῖν

351 1403 472 1445 ποις
489 1363 730 1453 ἐφικτόν,
751 1381 1060 1436 ἐδιδάσκετε
1091 1375 1347 1446 τρόπους,
1396 1371 1527 1435 τῶν,
1563 1363 1646 1430 οἷς
1681 1364 1927 1435 δηλονότι

349 1475 491 1529 κατᾶ
531 1479 696 1546 μέρος
744 1470 1083 1526 ποικίλλεται
1120 1469 1156 1538 ἡ
1195 1465 1292 1520 τοῦ
1347 1461 1548 1524 παντὸς
1597 1455 1926 1526 διεξαγωγὴ,

355 1567 458 1620 οὐκ
489 1567 878 1636 ὲφικνούμενος
901 1561 1094 1630 λόγων.

357 1787 576 1856 Θεωρία
605 1787 692 1852 είς
727 1783 816 1852 τὸ,
857 1801 876 1834 ι
907 1783 964 1834 '0
986 1777 1180 1850 πατήρ
1205 1794 1324 1848 μου
1367 1773 1467 1829 καί
1496 1773 1534 1840 ή
1563 1771 1763 1841 μήτηρ
1806 1786 1924 1840 μου

855 1869 1250 1942 ἐγκατέλιπόν
1271 1883 1368 1936 με.
1395 1883 1414 1918 ι

424 1986 580 2042 Οὕτω
631 1986 826 2040 πάλιν·
867 1984 932 2038 '0
977 1973 1173 2050 πατὴρ
1218 1995 1338 2050 μου
1374 1975 1472 2034 καί
1518 1972 1778 2050 ήῑμήτηρ
1801 1988 1920 2054 μου

353 2079 752 2151 ἐγκατέλιπόν
781 2093 882 2146 με,
927 2067 984 2130 δ’
1006 2073 1074 2128 δὲ
1118 2072 1336 2140 Κύριος
1372 2067 1779 2140 προσελάϐετό
1821 2079 1918 2132 με,

356 2171 581 2239 φάσκων
617 2169 718 2239 τὴν
745 2168 838 2224 τοῦ
867 2167 1010 2222 κατὰ
1043 2163 1206 2234 φύσιν
1233 2161 1334 2232 τῆς
1368 2159 1570 2232 σαρκὸς
1598 2156 1730 2227 περὶ
1765 2157 1920 2225 γένε-

245 2259 248 2262 ’
357 2277 443 2313 σιν
471 2259 568 2314 καὶ
610 2258 816 2328 φθορὰν
847 2257 1040 2326 νόμου,
1073 2254 1195 2309 καθ’
1225 2251 1284 2308 ὂν
1324 2252 1526 2314 πάντες
1557 2248 1649 2304 διὰ
1677 2247 1778 2318 τὴν
1816 2262 1922 2300 πα-

361 2337 590 2418 ράϐασιν
623 2347 718 2402 καὶ
761 2346 1078 2418 γεννώμεθα
1125 2345 1223 2400 καὶ
1257 2341 1646 2412 συνιστάμεθα,
1687 2339 1784 2392 καὶ
1823 2339 1923 2408 τῆς

357 2437 682 2508 τιθηνούσης
711 2439 858 2509 ἡμᾶς
891 2436 1095 2508 μητρὸς
1123 2436 1281 2506 δίκην
1300 2433 1607 2502 αἰσθήσεως
1638 2427 1923 2500 ἀπόλειψιν

357 2545 416 2582 τε
458 2529 554 2581 καὶ
595 2527 882 2598 ἀποφυγὴν
918 2525 1230 2594 ἀναγκαίαν
1271 2519 1555 2585 εἶναιτοῖς
1579 2519 1687 2574 τῶν
1718 2517 1924 2588 ἀφθάρφ

356 2603 465 2672 των
511 2617 877 2688 ἑπιθυμηταῖς
936 2613 1454 2686 ὲπικεκρυμμένως,
1503 2607 1680 2682 οἶμαι,
1734 2607 1922 2680 διηγό-ι-

359 2725 518 2780 ρευεο
569 2709 634 2762 δι’
677 2703 812 2772 ὧνό
861 2707 960 2779 μὲν
1000 2706 1276 2781 ὁρώμενος
1321 2705 1524 2773 κόσμος
1565 2701 1786 2768 ἀφίεται
1829 2698 1924 2752 καὶ

359 2799 610 2869 ἀφίησιν,
641 2799 743 2855 όδὲ
774 2799 981 2870 Κύριος
1007 2795 1512 2868 προσλαμϐάνετᾳι,
1543 2792 1637 2845 καὶ
1663 2789 1739 2860 τῷ
1768 2805 1926 2842 πνευ-

363 2890 576 2961 ματικῷ
615 2889 871 2944 υίοθετῶν
897 2889 1046 2960 νόμῳ
1075 2889 1202 2950 τοὺς
1231 2886 1438 2952 ἀξίους,
1479 2885 1572 2938 καὶ
1604 2885 1718 2946 τοῖς
1745 2881 1924 2949 ’ἀξίοις

361 2981 880 3052 πατροθετούμενος,
937 2979 1006 3034 δι’
1051 2978 1256 3048 ἀρετῆς
1323 2977 1418 3030 καὶ
1481 2975 1759 3045 γνώσεως,
1803 2973 1922 3027 ὅλον

359 3073 610 3126 ἐαυτδνστ
653 3073 795 3136 ὅλοις
859 3071 1045 3132 αὐτοῖς
1089 3067 1210 3122 καθ’
1248 3067 1528 3138 ὁμοίωσιν,
1568 3064 1644 3128 ὡς
1695 3063 1918 3131 ἀγαθὸς,

361 3164 653 3220 ἐνδίδωσιν.
681 3162 752 3216 Ἢ
774 3163 916 3232 τάχα
957 3140 1137 3236 (143
1165 3157 1218 3230 a)
1252 3157 1341 3212 διὰ
1363 3157 1457 3248 τοῦ
1483 3155 1686 3225 πατρὸς
1715 3153 1922 3248 καὶτῆς
1950 3187 1995 3248 C

363 3253 570 3326 μητρὸς
597 3252 689 3306 τὸν
721 3251 968 3323 γραπτὸν
1001 3251 1164 3320 νόμον
1201 3248 1296 3302 καὶ
1336 3246 1432 3318 τὴν
1467 3245 1586 3300 κατ’
1618 3243 1780 3298 αὐτὸν
1815 3260 1922 3296 σω-

2683 443 2778 498 οεὶ
2811 445 2853 495 ί.
2893 461 2911 494 ι

2089 555 2180 610 Sic
2211 553 2400 620 David,
2431 544 2592 612 nitate
2623 552 2735 607 illis
2767 551 2969 614 minor,
2998 549 3200 620 spiritu
3227 563 3363 606 vero
3404 565 3590 618 atqua-

2017 643 2107 707 lis,
2142 651 2202 697 ut
2219 643 2478 708 Iudices,
2497 653 2810 710 quanquam
2836 639 3112 708 permulta
3133 638 3190 692 in
3211 637 3325 692 vita
3347 637 3590 691 habeant

2022 734 2283 804 mysteria
2339 731 2760 802 praetermittam
2788 769 2803 792 ,
2854 728 3088 782 audiens
3133 727 3302 782 oculos
3358 743 3592 781 narrare

2029 823 2263 892 gloriam
2291 821 2412 886 Dei,
2465 831 2522 876 et
2559 819 2830 874 facturam
2883 832 3144 872 manuum
3174 817 3350 887 ipsius
3395 817 3595 888 praedi-

2027 925 2153 965 care
2218 909 2626 964 ﬁrmamentum
2669 907 3077 977 (admirandum
3143 906 3254 961 hoc
3297 905 3368 960 de
3423 905 3594 961 rebus

2027 998 2228 1068 quibus
2261 997 2454 1052 mundi
2481 996 2680 1050 artifex
2715 995 2954 1048 animam
2985 994 3192 1048 nullam
3240 992 3473 1065 injecit),
3509 993 3594 1046 in-

2026 1089 2280 1143 tellectus
2301 1087 2493 1142 auditu
2514 1087 2584 1141 ab
2614 1084 2932 1140 inanimatis
2969 1082 3303 1153 theologicas
3344 1082 3593 1138 rationes

2021 1178 2364 1249 percipiebat
2389 1217 2405 1242 ,
2439 1185 2602 1246 atque
2633 1174 2992 1246 providentiae
3014 1172 3282 1244 etjudicii
3307 1189 3376 1228 ex
3407 1171 3593 1242 operis.

2021 1269 2403 1338 perfectione,
2465 1260 2736 1337 quantum
2789 1266 3013 1336 quidem
3061 1263 3380 1320 hominibus
3413 1263 3588 1326 licet,

2023 1361 2326 1416 docebatur
2355 1361 2548 1414 modos
2573 1399 2588 1423 ,
2648 1359 2900 1427 quamvis
2925 1371 3038 1410 non
3080 1363 3368 1410 assecutus
3419 1351 3588 1406 ratio-

2023 1467 2124 1508 nes
2149 1451 2356 1520 quibus
2379 1465 2476 1519 per
2501 1450 2748 1520 singulas
2787 1447 3049 1503 videlicet
3081 1453 3273 1516 partes
3313 1443 3588 1499 universi-

2026 1543 2154 1598 tatis
2184 1541 2589 1597 administratio
2613 1540 2877 1594 variatur.

2025 1764 2412 1835 Contemplatio
2443 1766 2501 1818 in
2531 1762 2666 1816 illud
2699 1777 2716 1814 :
2755 1780 2774 1812 ι
2803 1759 2967 1813 Pater
2993 1769 3042 1812 et
3071 1736 3244 1811 mater
3270 1772 3350 1810 me
3401 1755 3593 1810 dereli—

2628 1856 2857 1921 querunt
2881 1859 2926 1900 ι.
2960 1866 2978 1897 ι
3069 1881 3096 1896 .

2094 1966 2186 2020 Sic
2209 1981 2406 2021 rursus
2435 1981 2449 2018 :
2479 1963 2642 2018 Pater
2662 1971 2711 2015 et
2741 1968 2911 2015 mater
2935 1975 3016 2012 me
3049 1956 3462 2034 dereliquerunt,
3503 1957 3594 2010 sed

2023 2059 2276 2115 Dominus
2311 2073 2393 2111 me
2415 2057 2638 2125 suscepit
2662 2053 2712 2117 ι,
2732 2053 2927 2108 dicens
2964 2049 3103 2120 legis
3128 2063 3250 2118 quae
3285 2047 3590 2102 secundum

2023 2151 2206 2206 carnis
2239 2158 2496 2204 naturam
2528 2146 2598 2202 ad
2621 2144 3040 2216 generationem
3068 2150 3126 2196 et
3149 2139 3439 2194 interitum
3466 2154 3592 2208 per-

2021 2242 2186 2308 tinet,
2221 2256 2332 2311 qua
2361 2255 2463 2294 nos
2500 2253 2695 2294 omnes
2731 2245 2958 2307 propter
3001 2230 3501 2302 transgressionem
3535 2238 3592 2284 et

2021 2349 2352 2406 generamur
2379 2340 2437 2388 et
2470 2339 2814 2393 constamus,
2865 2333 2922 2382 et
2952 2340 3149 2380 sensus
3185 2323 3254 2378 ad
3281 2321 3477 2376 matris
3503 2321 3593 2374 in-
3701 2371 3705 2373 .

2023 2432 2138 2483 star
2165 2437 2268 2477 nos
2297 2421 2540 2476 foventis
2563 2417 2984 2474 derelictionem
3015 2424 3072 2470 et
3102 2413 3366 2485 etlugium
3398 2412 3466 2466 iis
3495 2411 3593 2482 qui

2024 2529 2211 2570 rerum
2266 2529 2384 2568 non
2430 2512 2857 2567 interiturarum
2903 2506 3137 2562 studiosi
3180 2507 3312 2570 sint,
3349 2492 3590 2569 oceulte,

2023 2612 2182 2678 puto,
2217 2601 2518 2666 indicavit;
2543 2601 2748 2671 quibus
2781 2597 3026 2653 mundus
3057 2596 3298 2677 visibilis
3335 2596 3594 2650 mittatur

2024 2709 2136 2747 non
2162 2693 2344 2748 minus
2373 2708 2536 2762 quam
2563 2691 2761 2746 missos
2795 2689 2984 2752 faciat,
3041 2672 3138 2742 sed
3167 2687 3436 2741 Dominus
3465 2701 3592 2741 sus-

2024 2783 2180 2854 cipit,
2219 2791 2276 2837 et
2305 2783 2540 2852 spiritali
2607 2781 2704 2850 qui
2753 2779 2905 2849 digni
2955 2785 3088 2832 sunt
3139 2777 3286 2832 filios
3325 2777 3444 2847 lege
3491 2777 3591 2830 ad-

2024 2884 2244 2944 optans,
2280 2883 2336 2928 et
2366 2875 2482 2944 ipse
2511 2873 2581 2927 ab
2614 2873 2684 2926 iis
2705 2871 2799 2940 qui
2835 2869 2988 2938 digni
3021 2876 3152 2924 sunt
3184 2869 3345 2922 Pater
3360 2869 3590 2938 adopta-

2027 2974 2136 3031 tus,
2171 2982 2271 3037 per
2301 2967 2568 3020 virtutem
2593 2972 2652 3018 et
2684 2961 3089 3032 cognitionem,
3131 2968 3309 3014 totum
3345 2975 3466 3014 sese
3503 2959 3592 3030 ip-

2025 3074 2148 3114 sum
2179 3058 2458 3114 universis
2490 3056 2602 3112 illis
2639 3052 2950 3109 secundum
2996 3050 3444 3116 similitudinem,
3503 3061 3592 3106 ut-

2026 3161 2155 3224 pote
2189 3151 2391 3214 bonus,
2423 3147 2566 3203 indit
2595 3157 2760 3218 atque
2789 3143 3066 3200 concedit.
3097 3143 3206 3203 Aut
3228 3142 3460 3200 fortasse
3493 3159 3592 3214 per

2021 3251 2236 3314 patrem
2274 3249 2332 3296 et
2364 3249 2598 3294 matrem
2629 3237 2888 3306 scriptam
2932 3236 3111 3306 legem
3143 3242 3200 3289 et
3243 3235 3589 3306 corporalem

328 3327 342 3342 δ
365 3344 600 3416 ματικὴν
629 3342 892 3416 λατρείαν
924 3341 1242 3404 αἰνίττεται,
1269 3331 1344 3391 ὧν
1372 3340 1439 3408 τῇ
1475 3335 1822 3406 ὑποχωρήσει
1865 3331 1926 3384 τὸ

2025 3349 2190 3404 quem
2227 3335 2462 3404 imperat
2491 3331 2700 3386 cultum
2730 3330 3047 3394 adumbrat,
3079 3344 3314 3400 quorum
3341 3329 3587 3384 discessu

361 3435 477 3506 φῶς
503 3435 597 3488 τοῦ
627 3430 996 3505 πνευματικοῦ
1019 3431 1182 3502 νόμου
1207 3432 1328 3494 ταῖς
1355 3427 1600 3499 καρδίαις
1627 3424 1734 3478 τῶν
1762 3423 1926 3488 ἀξίων

2025 3424 2286 3494 spiritalis
2317 3423 2456 3494 legis
2482 3423 2578 3476 lux
2609 3421 2904 3492 dignorum
2941 3419 3208 3476 cordibus
3240 3419 3448 3474 exoriri
3482 3434 3592 3497 po-

361 3526 670 3580 ἀνατέλλειν
709 3526 941 3593 πέφυκε,
990 3523 1087 3580 καὶ
1127 3522 1226 3591 τῆς
1260 3520 1402 3574 κατὰ
1461 3518 1640 3591 σάρκα
1685 3515 1926 3578 δουλείας

2025 3522 2156 3582 test,
2185 3525 2244 3570 et
2281 3514 2524 3570 carnalis
2551 3514 2842 3569 servitutis
2864 3513 3174 3568 libertatem
3211 3511 3399 3584 largiri

363 3616 674 3688 ἐλευθερίαν
696 3613 1038 3688 χαρίζεσθαι.

365 3787 580 3856 Θεωρία
608 3790 696 3854 είς
729 3786 843 3842 τὴν
870 3785 1173 3847 ὀπτασίαν
1209 3785 1408 3840 Ἠλίου
1437 3783 1549 3854 τὴν
1575 3782 1742 3854 ἐνιτῷ
1764 3796 1920 3851 σπη-

2058 3776 2442 3848 Contemplatio
2473 3777 2529 3830 in
2569 3777 2816 3829 visionem
2847 3774 2984 3834 Elia:
3017 3775 3071 3830 in
3098 3791 3252 3846 specu
3277 3772 3475 3830 (Πιονεὺ
3505 3773 3547 3827 ι.

941 3877 1094 3943 λαίῳ
1123 3875 1346 3944 Χωρήσ.

437 3989 621 4054 Οὕτως
663 3989 846 4052 Ἠλίας
881 3991 912 4044 ό
953 3986 1272 4060 περινόητος
1303 3984 1442 4057 μετά
1475 3985 1538 4038 τὸ
1582 3983 1694 4057 πῦρ
1727 3969 1922 4050 ἐκεῖνο,

2095 3996 2186 4052 Sic
2211 3993 2360 4060 Elias
2409 3993 2851 4065 sapientissimus
2891 4004 3016 4066 post
3046 3999 3222 4068 ignem
3255 3998 3436 4062 illum.
3466 4009 3590 4070 post

365 4081 505 4150 μετὰ
539 4081 631 4136 τὸν
682 4079 1034 4150 συσσεισμὺν,
1077 4079 1214 4149 μετὰ
1253 4079 1315 4132 τὸ
1361 4077 1506 4148 μέγα
1536 4076 1632 4130 καὶ
1666 4076 1926 4148 κραταιὸν

2027 4091 2433 4148 terraemotum,
2497 4091 2624 4153 post
2659 4099 2916 4155 magnum
2963 4094 3020 4141 et
3063 4087 3444 4148 vehementem
3497 4091 3592 4160 qui

363 4171 578 4243 πνεῦμα
605 4173 665 4228 τδ
694 4171 910 4230 διαλύον
933 4170 1056 4244 ὅρη,
1079 4169 1115 4224 ἃ
1145 4170 1210 4242 δὴ
1237 4168 1402 4240 ζῆλον
1423 4169 1518 4222 καὶ
1553 4168 1823 4238 διάκρισιν
1852 4161 1930 4222 εἶ-

2027 4183 2246 4244 montes
2273 4173 2492 4245 disjecit
2523 4177 2788 4240 llatumm,
2813 4176 3198 4246 quaequidem
3245 4179 3490 4234 studium
3537 4191 3594 4236 et

363 4282 450 4318 ναι
481 4267 573 4318 καὶ
601 4266 699 4333 τὴν
716 4266 774 4318 ὲν
801 4261 1144 4335 πληροφορίᾳ.
1165 4261 1444 4332 πρόθυμον
1474 4259 1655 4315 πίστιν
1685 4259 1926 4330 ὑπολαμ-

2025 4263 2290 4334 judicium
2323 4279 2446 4319 esse
2475 4274 2642 4334 atque
2684 4263 2848 4318 fidem
2895 4265 3115 4334 plenam
3156 4277 3323 4336 atque
3354 4269 3592 4326 alacrem

363 4353 511 4407 σάνω
541 4357 594 4424 (ή
629 4355 726 4425 μὲν
755 4353 865 4426 γὰρ
891 4353 1184 4426 διάκρισις,
1219 4351 1406 4423 ὥσπερ
1439 4351 1661 4420 σεισμὸς
1693 4352 1762 4404 τὰ
1805 4367 1930 4402 συν-

365 4443 484 4514 εχῆ,
535 4443 634 4515 τὴν
671 4425 947 4516 μοχθηρίᾳ
992 4425 1370 4498 πυκνωθεῖσαν
1398 4440 1513 4506 ἕξιν
1547 4441 1637 4494 διὰ
1676 4441 1774 4510 τῆς
1801 4425 1931 4510 ἀρε-

363 4533 466 4602 τῆς
494 4533 806 4588 ἐπισείουσα
829 4535 928 4604 τῆς
957 4533 1152 4596 κακίας
1183 4532 1479 4602 ἐξίστησιν,
1508 4533 1536 4585 ό
1557 4530 1612 4584 δὲ
1635 4529 1798 4600 ζῆλος
1827 4547 1926 4582 πυ-

369 4625 458 4695 ρὸς
483 4624 639 4696 δίκην
665 4626 918 4680 ἀνάπτων
947 4625 1077 4688 τοὺς
1115 4623 1335 4696 ἔχοντας
1359 4625 1426 4694 τῇ
1461 4623 1610 4690 {sust
1638 4621 1734 4675 τοῦ
1765 4622 1929 4675 πνεύ-

367 4730 535 4782 ματος
569 4715 846 4768 παιδεύειν
883 4715 1059 4769 πείθει
1103 4715 1228 4778 τοὺς
1271 4713 1512 4776 ἀσεϐεῖς,
1559 4714 1592 4782 ἡ
1625 4712 1681 4765 δὲ
1723 4711 1928 4776 πίστις,

367 4802 676 4874 πνεύματος
715 4804 892 4874 βιαίου
937 4805 1158 4881 τρόπον,
1201 4803 1361 4874 δόξης
1392 4803 1576 4857 ἕνεκεν
1617 4801 1758 4855 Θεοῦ
1789 4802 1928 4872 πρὸς

2025 4355 2363 4424 interpretor
2412 4359 2578 4424 (nam,
2630 4363 2889 4425 tanquam
2929 4365 3273 4414 terraemotus
3324 4363 3592 4416 montium

2025 4445 2310 4510 continua,
2339 4445 2420 4502 sic
2439 4447 2713 4517 judicium
2748 4447 2997 4504 habitum
3031 4451 3242 4506 scelere
3273 4445 3592 4510 induratum

2028 4536 2234 4590 virtute
2269 4539 2593 4593 concutiens
2637 4539 2993 4608 improbitate
3019 4543 3203 4606 solvit,
3262 4543 3508 4600 studium
3529 4547 3596 4601 ad

2030 4627 2203 4682 instar
2229 4629 2372 4698 ignis
2410 4629 2708 4684 incendens
2741 4631 2971 4700 spiritus
3006 4632 3204 4687 ardore
3235 4633 3433 4706 impios
3475 4653 3601 4692 eru-

2029 4716 2147 4772 dire
2173 4733 2231 4772 se
2249 4719 2508 4798 praeditos
2526 4721 2705 4790 jubet,
2757 4721 2892 4776 ﬁdes
2937 4722 2990 4779 in
3016 4723 3243 4778 modum
3279 4726 3440 4785 flatus
3470 4731 3597 4784 saevi

2030 4819 2256 4880 propter
2290 4810 2530 4866 divinam
2568 4813 2795 4884 gloriam
2840 4814 2906 4868 ad
2942 4819 3305 4888 expugnanda
3347 4820 3600 4889 przesidia

367 4894 684 4966 καθαίρεσιν
732 4879 1103 4968 ὀχυρωμάτων
1148 4897 1225 4950 δι”
1263 4895 1575 4959 ἐπιδείξεως
1637 4893 1926 4966 θαυμάτων

2032 4914 2130 4969 per
2177 4901 2572 4957 miraculorum
2637 4903 3176 4960 commendationem
3225 4877 3434 4963 inertes
3471 4925 3601 4978 pro-
3668 4877 3675 4912 ε

365 4982 584 5038 ὠθοῦσα
615 4985 743 5049 τοὺς
777 4986 1010 5050 ἀπαθεῖς
1050 4985 1245 5050 ὓδατος
1287 4985 1592 5055 γνωστικοῦ
1641 4986 1737 5039 καὶ
1765 4986 1926 5055 πυρὸς

2033 4992 2256 5060 pulsans
2279 4993 2559 5049 hominem
2598 5011 2728 5051 vere
2759 4995 3044 5051 credulum
3073 5013 3229 5068 aqua:
3274 4999 3604 5069 cognitionis

370 5072 616 5128 θεοποιοῧ
653 5076 888 5146 χορηγὸν
915 5077 1004 5130 τὸν
1047 5075 1214 5139 ὅντως
1241 5075 1429 5129 πιστὸν
1477 5074 1762 5146 ἄνθρωπον
1795 5075 1929 5130 κᾶθ-

371 5162 572 5235 ίστησι,
619 5171 714 5219 καὶ
745 5166 822 5233 τῷ
849 5169 947 5238 μὲν
975 5168 1066 5220 τὸν
1089 5166 1156 5220 δι’
1201 5165 1424 5234 ἀγνοίας
1462 5165 1620 5236 λιμὸν
1659 5166 1932 5237 θεραπεύ-

2035 5091 2094 5136 ct
2143 5081 2284 5152 ignis
2332 5083 2644 5140 deificantis
2678 5085 3031 5156 prmbitorem
3081 5086 3300 5155 reddit,
3347 5090 3480 5145 dum
3515 5092 3606 5147 hic

2039 5173 2240 5230 famem
2267 5177 2588 5247 ignorantia:
2617 5188 2796 5247 curat,
2847 5181 2960 5237 illic
2992 5199 3092 5254 per
3135 5183 3602 5244 accommodatio-
3685 5211 3690 5218 -

449 5321 464 5364 ι
493 5321 633 5378 Psal.
655 5337 803 5385 xvm,
827 5323 877 5375 ί.
957 5320 970 5370 i
1003 5321 1142 5376 Psal.
1167 5335 1308 5386 xxvu,
1334 5319 1418 5375 10.
1496 5321 1523 5360 ¹ι
1550 5319 1683 5376 ibid.
1765 5321 1782 5360 ι
1807 5324 1875 5378 lll
1903 5325 1926 5379 Ι

2025 5367 2036 5378 .
2065 5341 2173 5395 xix,
2195 5329 2250 5384 9.
2328 5343 2366 5372 ω
2388 5333 2458 5388 Ill
2486 5335 2617 5404 Reg.
2641 5352 2790 5402 XVHI,
2814 5337 2900 5392 58.

1647 5480 1876 5538 VARIIE
1923 5485 2326 5548 LECTlONES.

443 5567 488 5600 ⁸⁷
539 5569 919 5640 Apographum
958 5568 1125 5622 habet
1156 5567 1375 5621 σαυτόν.

3644 457 3657 496 ί
