4066 6150
514 185 652 254 1123

1671 193 1731 253 S.
1772 192 2059 253 MAXIM!
2097 188 2605 253 CONFESSORIS

3619 174 3762 242 ιιει

509 323 634 362 nem
674 306 1112 363 sacriﬁcantibus
1139 310 1235 364 Dei
1274 310 1502 380 gratiam
1535 309 1813 373 conciliat,
1868 316 1924 363 et
1963 307 2069 361 im-

2171 323 2322 368 ουσα,
2364 303 2438 373 τῷ
2466 304 2521 356 δὲ
2551 304 2664 363 τοῖς
2691 299 2879 353 θύουσι
2909 298 2975 353 δι’
3002 298 3328 367 οἰκειότητος
3356 296 3456 350 τὸν
3499 293 3644 347 Θεὸν
3669 295 3765 346 εὖ-

512 400 804 467 probitatis
825 401 1082 454 doctores
1109 401 1560 456 ratiocinationes
1596 409 1759 471 atque
1787 399 2072 469 sapientia:

511 491 679 552 falsae,
707 504 829 559 qua:
856 489 1044 543 verbis
1067 491 1200 559 agit,
1242 492 1523 546 daemones
1563 492 1865 545 conﬁciens
1895 505 1924 543 a
1950 505 2073 559 pas-

513 583 727 634 sionum
755 581 1023 634 servitute
1059 581 1309 637 devictos
1334 583 1715 651 liberat),post
1740 583 1858 636 haec
1889 583 2071 635 omnia

510 686 646 724 voce
675 671 796 740 ejus
822 670 875 724 in
908 687 1015 740 qua
1049 673 1196 727 Deus
1227 673 1427 738 inerat,
1449 672 1569 725 miti
1599 687 1755 736 aura,
1789 672 1977 725 audita
2003 670 2071 724 de

512 770 655 816 statu
689 771 801 817 tam
836 764 889 817 in
914 779 1170 819 sermone
1204 765 1531 835 proferendo
1549 780 1711 833 quam
1741 765 1865 817 vita:
1892 762 2073 817 modis

511 870 575 907 ac
608 855 858 909 moribus
886 855 1075 909 divino
1107 865 1162 910 et
1196 866 1390 926 pacato
1436 865 1493 910 et
1524 856 1683 924 plane
1716 853 2068 907 immateriali

512 960 576 998 ac
612 945 860 1014 simplice
907 946 1197 1015 omnisque
1224 947 1416 1000 forma:
1458 962 1522 999 ac
1572 945 1773 1015 speciei
1819 953 2067 1013 experte,

510 1035 605 1103 qui
632 1035 740 1089 diei
764 1044 856 1089 aut
878 1035 1240 1089 demonstrari
1268 1036 1478 1104 nequit,
1497 1036 1722 1105 mystice
1748 1033 2069 1088 docebatur.

509 1127 680 1196 Cujus
730 1127 959 1196 gloriam
997 1127 1302 1181 admiratus
1346 1127 1509 1181 simul
1562 1136 1617 1180 et
1659 1125 2071 1195 pulchritudine

511 1212 795 1279 percitus,
846 1215 1020 1283 magis
1067 1212 1297 1282 cupiens
1344 1229 1451 1267 una
1493 1229 1616 1268 esse
1664 1230 1827 1282 quam
1870 1214 2071 1268 sectari

511 1316 652 1365 eam,
692 1302 798 1356 hoc
823 1313 909 1357 est
940 1317 1064 1357 cum
1090 1303 1323 1358 veritate
1350 1318 1472 1359 esse
1510 1304 1737 1358 omnino
1768 1320 1930 1372 quam
1970 1319 2070 1373 pro

511 1408 576 1446 ea
606 1409 868 1461 pugnare,
892 1394 1141 1463 nihilque
1174 1394 1365 1449 videre
1394 1404 1489 1449 aut
1510 1410 1669 1449 nosse
1689 1396 1836 1464 quod
1866 1396 2066 1460 obstet,

514 1499 581 1536 ne
611 1484 784 1537 Deum
821 1493 996 1538 totum
1039 1485 1096 1538 in
1140 1485 1414 1540 universis
1461 1486 1623 1555 plene
1673 1488 1842 1549 norit,
1893 1487 2069 1540 multo

514 1571 814 1637 pretiosius
863 1572 1163 1638 :estimans,
1215 1575 1269 1628 in
1313 1590 1478 1630 carne
1525 1591 1647 1630 esse
1694 1563 2065 1645 perseverat,

514 1669 806 1730 postquam
839 1662 1028 1716 divino
1049 1663 1318 1717 virtutum
1352 1680 1519 1718 cursu
1562 1669 1845 1720 materiam
1880 1683 2070 1721 emen-
2101 1645 2139 1701 θ

515 1768 608 1805 sus
631 1761 735 1813 est,
755 1768 877 1820 quae
905 1761 1159 1823 tanquam
1194 1756 1681 1823 praepedimentum
1719 1768 1802 1812 est
1825 1758 2069 1827 expediti

515 1841 823 1895 intellectus
878 1843 946 1896 ad
991 1843 1357 1912 intelligihilia
1403 1848 1699 1914 transitus,
1748 1863 1812 1901 ac
1865 1846 2068 1904 nubem

513 1931 707 1985 animae
740 1932 1043 2003 principale
1066 1935 1134 1989 de
1176 1936 1565 1991 affectionibus
1600 1940 1717 1993 suis
1741 1940 2066 2006 obscurans,

516 2031 573 2074 ut
596 2032 651 2076 et
678 2023 794 2092 ipse
823 2039 1015 2078 eorum
1047 2042 1168 2094 qua:
1185 2026 1594 2082 desideraverat
1622 2029 1895 2084 honorum
1918 2046 2071 2084 sum-~

514 2129 725 2166 morum
749 2131 973 2185 compos
1016 2115 1194 2183 ﬁeret,
1233 2118 1289 2172 in
1338 2129 1603 2188 quantum
1643 2120 1738 2190 qui
1784 2121 1966 2176 adhuc
2010 2121 2066 2175 in

512 2218 674 2256 carne
719 2206 1066 2274 corruptibili
1104 2217 1357 2261 versatur
1400 2209 1454 2263 id
1509 2211 1728 2280 assequi
1779 2220 1980 2280 potest,
2013 2219 2071 2266 et

512 2294 693 2357 nobis,
728 2294 785 2348 ni
815 2295 996 2360 fallor,
1053 2312 1245 2350 eorum
1278 2314 1399 2369 quae
1432 2301 1726 2370 praedicata
1774 2312 1903 2356 sunt
1932 2300 2069 2357 ﬁdes

511 2382 986 2439 eorroboraretur.
1034 2384 1149 2439 Hoc
1165 2387 1312 2441 enim
1350 2388 1517 2442 etiam
1559 2390 1703 2443 Deus
1740 2389 1790 2443 ei
1822 2390 2072 2458 impertit

511 2487 610 2541 per
628 2488 790 2529 voces
813 2474 951 2530 adeo
973 2476 1202 2546 mystice
1228 2486 1283 2533 et
1307 2478 1665 2534 ineﬂ‘abiliter
1688 2480 1888 2546 editas,
1917 2479 2068 2550 quod

511 2576 621 2616 una
647 2578 769 2618 esse
790 2578 914 2619 cum
940 2565 1051 2620 Deo
1073 2568 1127 2619 in
1152 2582 1285 2635 pace
1312 2569 1511 2637 quovis
1557 2571 1667 2624 alio
1708 2571 1854 2626 bono
1881 2572 2072 2626 utilius

511 2651 601 2703 sit.

2175 394 2491 464 μενίζςυσα,
2540 394 2632 445 καῒ
2683 392 2807 452 τοὺς
2860 392 2956 460 τῆς
2991 384 3184 450 κακίας
3213 386 3586 446 διδασκάλους
3618 384 3764 451 λογι-

2173 485 2341 554 σμούς
2370 500 2426 535 τε
2457 484 2552 535 καὶ
2581 482 2837 551 δαίμονας
2867 480 3185 548 λογοσοφίας
3215 477 3484 532 κτιννῦσα
3516 479 3620 545 τῆς
3648 475 3760 527 τῶν

2171 574 2359 627 παθῶν
2386 571 2626 633 δουλείας
2649 571 2773 632 τοὺς
2803 570 3239 639 κεκρατημένους
3274 568 3563 636 ἐλευθεροῖ
3565 570 3584 630 )
3616 566 3761 634 μετὰ

2169 663 2340 715 ταῦτα
2369 662 2545 715 πάντα
2585 661 2767 729 φωνῆς
2793 662 2891 728 τῆς
2915 661 2973 711 ὲν
3072 661 3100 711 ὁ
3124 658 3254 721 Θεὸς
3285 657 3508 727 ὑπῆρχε
3543 655 3758 723 λεπτῆς

2171 750 2342 819 αῦρας
2387 748 2706 818 αίσθόμενος
2743 747 2841 817 τὴν
2887 748 3137 818 προφορᾷ
3184 746 3345 814 λόγου
3382 748 3484 798 καὶ
3516 745 3756 814 τρόποις

2174 839 2287 909 βίου
2306 839 2400 891 καὶ
2423 840 2579 909 ῆθεσι
2603 837 2752 892 θείαν
2785 838 2878 889 καὶ
2904 837 3176 905 ἀτάραχον
3202 836 3296 888 καὶ
3324 835 3621 905 εἰρηνικὴν
3651 835 3759 887 καὶ

2172 929 2450 990 παντελῶς
2484 927 2643 982 ἇῦλον
2681 928 2773 979 καὶ
2814 926 2992 994 ἁπλῆν
3032 927 3126 980 καὶ
3156 926 3354 988 παντὸς
3391 925 3570 987 εἴδους
3601 925 3759 977 ἐλευ-

2171 1022 2332 1090 θέραν
2361 1018 2452 1071 καὶ
2486 1020 2763 1088 σχήματος
2794 1017 2976 1089 (143
3017 1018 3070 1086 b)
3100 1019 3455 1081 κατάστασιν,
3490 1016 3759 1085 λεχθῆναι

2170 1115 2203 1183 ἢ
2242 1111 2514 1183 δειχθῆναι
2582 1112 2659 1180 μὴ
2701 1110 3027 1178 δυναμένην,
3084 1110 3358 1180 μυστικῶς
3404 1109 3754 1162 ὲδιδάσκετο.

2170 1200 2277 1267 Ἦς
2310 1202 2685 1269 καταπλαγείς
2720 1218 2779 1254 τε
2810 1201 2909 1268 τὴν
2941 1200 3099 1264 δόξαν
3142 1200 3344 1269 καὶτῷ
3377 1200 3563 1253 κάλλει
3598 1216 3754 1269 τρω-

2170 1295 2305 1360 θεὶς,
2334 1294 2429 1347 τοῦ
2460 1293 2706 1362 ζηλωτὴς
2740 1286 2884 1343 εἶναι
2910 1291 2970 1344 τὸ
2999 1292 3134 1360 προς
3163 1292 3330 1360 αὐτὴν
3365 1288 3507 1343 εἶναι
3542 1292 3755 1360 μᾶλλον

2170 1386 2432 1453 ποθήσας,
2479 1382 2723 1436 τουτέστι
2770 1381 2865 1434 τοῦ
2896 1382 3034 1449 ὑπὲρ
3079 1380 3334 1450 ἀληθείας
3371 1381 3644 1451 μάχεσθαι
3685 1380 3754 1433 τδ

2172 1477 2309 1546 μετά
2344 1476 2443 1542 τῆς
2503 1473 2760 1543 ἀληθείας
2806 1472 2871 1524 δι’
2920 1471 3042 1524 ὅλου
3099 1472 3375 1539 γενέσθαι,
3425 1473 3520 1524 καὶ
3572 1472 3753 1540 μηδὲν

2169 1567 2544 1635 ἀντικείμενον
2588 1565 2720 1633 όρᾷν
2764 1563 2797 1633 ἢ
2833 1561 3121 1631 γινώσκειν
3159 1561 3235 1631 τῷ
3281 1563 3439 1632 μόνον
3470 1561 3563 1614 τὸν
3607 1563 3751 1615 Θεὸν

2167 1659 2285 1711 ὅλον
2315 1657 2382 1710 δι’
2407 1657 2530 1708 ὅλου
2559 1657 2616 1707 ὲν
2644 1655 2807 1707 πᾶσιν
2830 1654 2957 1707 ὄντα
2987 1652 3311 1707 ἐπίστασθαι
3339 1654 3518 1723 πολλῷ
3543 1652 3750 1723 τιμιώ-

2167 1766 2323 1819 τερον
2352 1747 2563 1816 κρίνας,
2592 1746 2673 1798 ἔτι
2699 1745 2773 1797 ὣν
2810 1746 2868 1797 ὲν
2895 1745 3057 1815 σαρκὶ
3086 1744 3222 1812 πρὸς
3269 1746 3441 1812 αὐτὴν
3473 1747 3747 1815 ὑπάρχων

2168 1839 2514 1907 φυλάττεται,
2556 1835 2686 1905 θείῳ
2732 1835 2943 1907 ἀρετῶν
2993 1836 3202 1905 ἅρματι
3253 1836 3353 1905 τὴν
3386 1834 3519 1906 ὓλην
3551 1837 3748 1889 διαπε-

2171 1929 2356 1999 ράσας,
2387 1928 2461 1989 ὼς
2489 1925 2862 1996 προκάλυμμα
2888 1924 2990 1992 τῆς
3024 1925 3268 1995 καθαρᾶς
3313 1925 3406 1978 τοῦ
3456 1924 3549 1976 νοῦ
3594 1924 3741 1995 πρὸς

2165 2017 2234 2070 τά
2261 2016 2428 2085 νοητά
2458 2015 2781 2080 διαϐάσεως,
2815 2016 2910 2068 καὶ
2934 2015 3032 2085 τῆς
3064 2013 3264 2085 σαρκὸς
3284 2014 3344 2067 τὸ
3363 2016 3517 2083 νέφος
3533 2014 3594 2067 τὸ
3621 2016 3747 2067 ἐπι-

2170 2105 2396 2158 σκοτοῦν
2437 2103 2516 2173 τῷ
2566 2102 2883 2175 ἡγεμονικῷ
2924 2105 3024 2172 τῆς
3061 2104 3238 2173 ψυχῆς
3289 2103 3377 2157 διὰ
3413 2104 3523 2156 τῶν
3570 2105 3748 2173 αὐτῆς

2168 2195 2529 2267 παθημάτων,
2579 2195 2669 2249 ἵνα
2726 2195 2821 2250 καὶ
2870 2194 3029 2258 αὐτὸς
3078 2188 3152 2248 ὧν
3189 2195 3453 2265 ἐπόθησεν
3486 2195 3749 2265 ἀρρήτων

2168 2286 2388 2355 ἀγαθῶν
2435 2287 2661 2356 μέτοχος
2701 2286 2953 2354 γένηται,
2999 2286 3072 2347 ὡς
3119 2284 3338 2354 ἐφικτὸν
3381 2284 3459 2354 τῷ
3488 2284 3569 2336 ἔτι
3603 2284 3749 2354 μετὰ

2172 2377 2375 2448 σαρκὸς
2416 2381 2515 2447 τῆς
2558 2377 2662 2430 ὑπὸ
2694 2376 2922 2447 φθορὰν,
2953 2376 3047 2429 καὶ
3093 2376 3224 2446 ἡμῖν
3251 2376 3390 2445 τάχα
3434 2375 3544 2427 τῶν
3571 2377 3749 2444 ἐπηγο

2168 2467 2446 2537 γελμένων
2474 2467 2665 2537 βεϐαία
2690 2468 2917 2536 γένηται
2944 2467 3225 2531 πίστωσις.
3250 2467 3419 2521 Τοῦτο
3450 2466 3560 2537 γάρ
3593 2465 3747 2535 αὑτῷ

2168 2559 2260 2611 καὶ
2287 2560 2314 2611 ὁ
2341 2559 2475 2621 Θεὸς
2503 2557 2790 2611 ὑπετίθετο
2819 2557 2907 2610 διὰ
2935 2557 3043 2610 τῶν
3065 2557 3208 2610 οῦτω
3237 2556 3516 2627 μυστικῶς
3542 2557 3737 2627 δεδρα-

2173 2646 2641 2718 ματουργημένων
2689 2646 2976 2717 ἀλαλήτως
3020 2646 3179 2717 βοῶν,
3214 2648 3298 2700 ὅτι
3341 2648 3540 2711 παντὸς
3579 2646 3745 2699 ἄλλον

2168 2735 2378 2804 ἀγαθοῦ
2409 2736 2470 2788 τὸ
2502 2735 2639 2805 μετὰ
2668 2733 2806 2787 Θεοῦ
2836 2736 2997 2805 μόνον
3032 2735 3119 2788 διὰ
3173 2734 3272 2805 τῆς
3323 2734 3543 2805 εἰρήνης
3596 2728 3740 2786 εἶναι

2166 2826 2626 2897 λυσιτελέστερον.

618 3004 1003 3076 Contemplatio
1040 3008 1096 3060 in
1129 3007 1381 3063 Elisarum
1406 3011 1516 3081 ejus
1563 3013 1874 3085 discipulum
1921 3029 1969 3072 η.

2181 3020 2398 3089 Θεωρία
2429 3022 2515 3086 είς
2542 3020 2649 3074 τὸν
2691 3020 3058 3086 Ἐλισσαῖον,
3096 3020 3204 3075 τόν
3229 3019 3417 3075 αὑτοῦ
3434 3021 3737 3092 μαθητήν.

583 3120 676 3177 Sic
698 3122 862 3192 hujus
899 3122 1207 3193 discipulus
1243 3134 1300 3179 et
1337 3126 1565 3196 Spiritus
1607 3129 1783 3187 haeres
1814 3134 2063 3203 Elisazus,

2235 3134 2420 3197 Οὕτως
2465 3137 2494 3188 ὁ
2551 3134 2741 3190 τούτου
2802 3134 3047 3205 μαθητὴς
3103 3136 3198 3189 καὶ
3247 3134 3581 3206 κληρονόμος
3635 3135 3734 3190 τοῦ

511 3226 679 3266 sensu
721 3228 833 3266 non
872 3213 984 3284 jam
1033 3215 1409 3272 materialihus
1446 3220 1608 3289 nugis
1647 3234 1913 3294 occupato
1953 3227 2066 3281 acri

2169 3227 2474 3298 πνεύματος
2509 3227 2807 3290 Ἐλισσαῖος
2859 3226 3054 3296 μηκέτι
3094 3228 3214 3290 ταῖς
3257 3227 3469 3290 ὑλικαῖς
3531 3243 3762 3298 φανταν

512 3301 795 3369 praeditus,
820 3312 1009 3372 utpote
1036 3304 1377 3374 spiritalibus
1395 3307 1505 3377 jam
1529 3310 1717 3378 gratiis
1734 3323 1914 3368 mente
1938 3330 2068 3384 per-

2169 3316 2309 3379 σίαις
2342 3316 2607 3386 ἐχομένην
2648 3315 2787 3385 ἔχων
2824 3314 2892 3368 δι’
2915 3316 3193 3386 ἐνεργείας
3213 3316 3311 3386 τὴν
3329 3316 3607 3385 αἴσθησιν,
3638 3317 3735 3371 ἅτε

510 3393 684 3456 fusus,
715 3390 929 3447 divinas
967 3393 1126 3448 malis
1150 3394 1492 3451 adversarias
1517 3407 1817 3466 potestates
1858 3403 2067 3458 circum

2169 3398 2515 3453 διαὸαθεῖσαν
2560 3401 2658 3471 ἤδη
2695 3403 2814 3463 ταῖς
2854 3400 2997 3453 κατὰ
3029 3400 3153 3455 νοῦν
3180 3403 3274 3455 τοῦ
3308 3403 3615 3473 πνεύματος
3646 3405 3738 3474 χάο

509 3498 568 3538 se
590 3499 690 3553 per
715 3484 877 3537 aliam
904 3485 1188 3539 oculorum
1207 3486 1384 3539 aciem
1411 3496 1517 3541 tam
1549 3489 1665 3558 ipse
1683 3491 1881 3547 videns
1903 3509 2067 3563 quam

2172 3508 2304 3560 ρισι,
2339 3493 2439 3554 τὰς
2467 3494 2586 3553 ταῖς
2614 3495 2879 3562 πονηραῖς
2919 3491 3228 3556 ἀντιθέτους
3278 3493 3429 3557 θείας
3472 3494 3734 3564 δυνάμεις

510 3590 681 3642 puero
707 3575 898 3630 videre
926 3576 1168 3645 largiens
1213 3577 1536 3632 validiorem
1574 3578 1897 3636 inﬁrmitate
1933 3584 2066 3647 vim,

2169 3578 2295 3646 περὶ
2325 3577 2489 3631 αὐτὸν
2508 3576 2673 3642 οὔσας
2694 3578 2762 3630 δι’
2788 3578 2952 3649 ἄλλης
2979 3579 3244 3649 ὀμμάτων
3266 3582 3548 3651 ἐνεργείας
3571 3584 3733 3647 αὐτός

508 3680 693 3731 carne,
719 3666 965 3735 inquam,
1000 3667 1150 3720 circa
1172 3682 1334 3736 quam
1370 3669 1591 3723 malitiae
1623 3671 1851 3739 spiritus
1884 3688 2069 3727 acrem

2169 3681 2225 3716 τε
2254 3664 2395 3735 ἀρῶν
2435 3666 2529 3718 καὶ
2563 3665 2639 3736 τῷ
2685 3670 2913 3738 φοιτητῇ
2944 3668 3002 3720 τὸ
3031 3670 3175 3738 όρᾷν
3205 3671 3561 3741 χαριζόμενος
3591 3676 3738 3743 ἰσχυ-

510 3756 848 3809 intellectum
879 3757 935 3810 in
965 3756 1181 3812 insidiis
1203 3759 1499 3825 collocant,
1544 3769 1601 3815 et
1638 3763 1911 3831 potiorem
1950 3764 2069 3818 ani-

2174 3755 2396 3824 ροτέραν
2429 3753 2529 3823 τῆς
2576 3757 2860 3821 ἀσθενείας
2919 3759 3016 3829 τὴν
3058 3760 3311 3829 δύναμιν,
3349 3761 3494 3832 λέγω
3541 3763 3603 3834 δὴ
3644 3769 3739 3834 τῆς

510 3861 652 3900 mam
680 3862 821 3914 esse,
855 3848 1004 3903 circa
1032 3866 1195 3920 quam
1217 3852 1532 3922 angelorum
1557 3853 1860 3925 phalanges
1885 3865 2066 3910 castra

2169 3848 2355 3919 (1M
2383 3848 2438 3919 α)
2470 3849 2688 3920 σαρκὸς,
2740 3852 2865 3922 περὶ
2916 3850 2983 3923 ἢν
3032 3853 3130 3923 τῆς
3182 3856 3448 3925 πονηρίας
3488 3857 3556 3909 τὰ
3588 3858 3739 3909 πνεύ-

508 3936 791 4005 muniunt,
815 3937 967 3996 velut
999 3942 1204 4013 regiam
1233 3944 1527 4014 imaginem
1565 3944 2062 4013 circumsistentes,

502 4039 560 4084 et
583 4030 780 4087 doctus
804 4043 888 4089 est
916 4041 973 4089 et
998 4033 1206 4090 docuit.

700 4414 1085 4485 Contemplatio
1124 4417 1179 4470 in
1206 4415 1419 4471 Annam
1444 4424 1493 4470 et
1525 4415 1824 4472 Samuelem
1842 4429 1883 4472 °.

572 4523 667 4581 Sic
696 4526 861 4580 etiam
910 4526 1071 4581 beata
1114 4527 1270 4581 Anna
1322 4528 1504 4598 magni
1546 4526 1820 4582 Samuelis
1852 4538 2062 4595 mater,

503 4616 712 4670 sterilis
753 4616 1061 4687 liberisque
1089 4631 1282 4672 carens
1333 4634 1458 4672 cum
1511 4619 1728 4673 ventris
1765 4617 2005 4673 fructum
2035 4634 2067 4673 a

502 4705 615 4761 Deo
651 4706 937 4776 postulans
989 4706 1329 4762 reddituram
1367 4724 1425 4764 se
1462 4719 1519 4763 et
1549 4724 1746 4764 rursus
1785 4710 2063 4779 gratiﬁca-

502 4803 681 4849 turam
707 4796 851 4865 quod
869 4797 1111 4852 dedisset
1138 4798 1313 4855 datori
1341 4814 1439 4869 per
1464 4800 1738 4854 assiduam
1769 4801 1825 4854 in
1862 4801 2065 4869 templo

501 4888 874 4955 precationem
904 4904 1032 4945 cum
1065 4889 1281 4945 fervore
1309 4892 1681 4961 polliceretur,
1711 4893 1941 4963 mystice
1972 4892 2065 4945 do-

502 4979 616 5033 cuit
629 4995 845 5035 omnem
859 4982 1098 5036 animam
1120 4982 1459 5051 voluptatum
1481 4983 1780 5037 carnalium
1796 4983 2060 5048 sterilem,

408 5118 417 5123 .
502 5079 725 5138 propter
754 5070 1021 5137 divinam,
1057 5073 1327 5127 virtutum
1352 5074 1656 5129 seminibus
1690 5074 1960 5148 indigere,
2000 5084 2063 5128 ut

503 5158 767 5211 rationem
802 5161 912 5213 Deo
942 5162 1289 5216 obedientem
1317 5203 1331 5227 ,
1374 5180 1606 5233 quaeque
1649 5179 1713 5218 ea
1769 5181 1892 5234 quae
1934 5173 2061 5218 ante

498 5257 627 5299 sunt
650 5249 951 5315 prudenter
994 5268 1219 5307 cernere
1257 5255 1472 5319 calleat,
1517 5265 1697 5310 mente
1738 5265 2058 5325 conceptam

503 5349 661 5405 partu
700 5356 991 5406 procreare
1025 5345 1233 5411 possit,
1284 5360 1384 5413 per
1440 5346 1715 5401 assiduam
1760 5362 1883 5401 cum
1925 5361 2059 5400 con-

570 5496 598 5523 °
620 5488 682 5540 IV
714 5491 841 5560 licg.
866 5510 920 5557 ιι,
948 5495 994 5549 i.
1076 5497 1143 5550 υ-1
1171 5499 1301 5567 Reg.
1326 5514 1365 5562 ι,
1387 5499 1475 5554 20.

2173 3956 2316 4009 ματα
2342 3939 2433 3992 τὸν
2467 3940 2771 4010 διορατικδν
2799 3941 2923 3996 νοῦν
2973 3944 3333 4015 ἐνεδρεύουσι,
3387 3948 3551 4003 πλέον
3597 3951 3736 4021 ἔχειν

2172 4031 2272 4100 τὴν
2299 4030 2495 4101 ψυχὴν,
2534 4033 2660 4101 περὶ
2688 4033 2752 4102 ἣν
2780 4032 2889 4085 τῶν
2912 4034 3161 4101 ἀγγέλων
3196 4037 3251 4088 al
3290 4037 3569 4107 φάλαγγες
3597 4058 3734 4109 παρ-

2169 4118 2552 4188 εμϐάλλουσιν,
2608 4116 2717 4173 οἷον
2752 4121 3037 4195 βασιλικὴν
3074 4126 3259 4180 εἰκόνα
3306 4132 3733 4201 περιϊστάμενοι,

2166 4212 2255 4264 καὶ
2282 4211 2587 4265 ὲδιδάσκετο
2613 4210 2707 4263 καὶ
2734 4210 3029 4265 ἐδίδασκεν.

2308 4419 2527 4488 Θεωρία
2549 4419 2636 4483 εὶς
2659 4417 2773 4484 τὴν
2806 4419 3022 4470 Ἅνναν
3043 4417 3138 4470 καὶ
3164 4419 3270 4472 τὸν
3292 4420 3598 4489 Σαμουήλ.

2234 4517 2391 4585 Οὖτω
2424 4532 2520 4583 καὶ
2551 4530 2583 4598 ἠ
2622 4529 2873 4598 μακαρία
2902 4530 3071 4582 Ἀννα
3094 4532 3126 4597 ὴ
3160 4529 3256 4582 τοῦ
3284 4531 3527 4599 μεγάλου
3553 4532 3732 4601 μήτηρ

2163 4623 2437 4694 Σαμουὴλ,
2478 4624 2663 4691 στεῖρα
2684 4617 2819 4674 οὖσα
2856 4623 2948 4674 καὶ
2985 4620 3230 4684 ἄτεκνος,
3278 4622 3433 4691 παρά
3463 4624 3557 4676 τοῦ
3601 4621 3731 4675 Θεοῦ

2163 4715 2375 4786 καρπὸν
2424 4712 2764 4783 αἰτησαμένη
2798 4711 3025 4777 κοιλίας,
3054 4714 3149 4766 καὶ
3180 4712 3503 4767 ἀντιδώσειν
3525 4715 3619 4767 καὶ
3642 4714 3732 4767 άν-

2162 4802 2539 4872 τιχαρίζεσθαι
2567 4804 2627 4854 τὸ
2664 4801 3024 4872 δοθησόμενον
3051 4800 3128 4872 τῷ
3151 4801 3352 4855 διδόντι
3381 4803 3476 4855 καὶ
3517 4803 3733 4873 χαριζο-

2174 4893 2318 4965 μένῳ
2362 4892 2480 4962 Θεῷ
2517 4891 2604 4944 διά
2635 4892 2732 4960 τῆς
2771 4893 2830 4944 ἐν
2875 4890 2952 4961 τῷ
2984 4891 3093 4960 ναῷ
3133 4892 3493 4963 προσεδρείας
3523 4892 3735 4963 θερμῶς

2172 4981 2543 5051 ὑποσχομένη,
2584 4979 2831 5032 ἐδίδασκε
2870 4978 3146 5048 μυστικῶς
3183 4979 3246 5031 τὸ
3277 4979 3388 5032 δεῖν
3426 4982 3610 5033 πᾶσαν
3645 4980 3734 5048 ψυ·

2169 5071 2269 5141 χὴν
2315 5071 2519 5142 ἡδονῶν
2575 5071 2853 5141 σαρκικῶν
2899 5070 3311 5140 στειρεύουσαν,
3363 5071 3453 5125 διά
3499 5071 3599 5140 τῆς
3642 5068 3734 5123 τοῦ

2169 5160 2326 5226 Θεοῦ,
2360 5163 2466 5215 τῶν
2496 5159 2707 5232 ἀρετῶν
2732 5161 2799 5214 τὰ
2831 5162 3140 5231 σπέρματα,
3174 5161 3261 5212 ἵνα
3305 5161 3367 5213 τὸ
3425 5160 3642 5230 βλέπειν
3668 5160 3734 5213 τά

2167 5251 2476 5321 ἔμπροσθεν
2510 5252 2827 5319 γνωστικῶς
2856 5252 3155 5322 δυνάμενον
3183 5252 3325 5305 κατὰ
3351 5252 3592 5306 διάνοιαν
3614 5250 3735 5305 συλ-

2165 5339 2406 5396 λαϐοῦσα
2434 5342 2673 5412 ὑπήκοον
2704 5341 2797 5393 τοῦ
2828 5340 2963 5394 Θεοῦ
2991 5341 3147 5410 λόγον
3182 5340 3275 5394 καὶ
3308 5343 3545 5425 τεκρῦσα
3568 5355 3732 5413 προσο
