4066 6150
319 234 456 298 1125

1529 213 2039 278 AMBIGUORUM
2083 212 2332 270 LIBER.

3410 203 3549 270 1125

324 272 456 298 Ill-ur
1529 272 1751 278 ---ν-η--
1786 272 1809 276 ,

316 350 537 416 ενέγκαι
583 338 808 409 δυνηθῇ,
847 336 936 388 διὰ
978 334 1075 403 τῆς
1130 329 1271 385 κατά
1325 328 1436 416 τὴν
1465 327 1699 416 θεωρίαν
1735 325 1923 416 abas-1

2880 272 2906 296 ο

2019 319 2346 387 emplatione
2372 316 2753 386 precationem
2784 328 2882 382 pro
2906 328 3102 384 magno
3122 324 3285 383 atque
3316 316 3562 384 pretioso

319 403 445 497 ϐοῦς
476 403 852 502 προσεδρείάς,
879 421 954 485 ὡς
986 419 1130 490 μέγα
1155 417 1314 488 χρέος
1360 415 1451 469 καὶ
1486 414 1690 483 τίμιον,
1719 410 1883 502 μηδὲν

2024 411 2079 463 1ο
2105 406 2319 471 debito,
2347 422 2461 459 non
2492 405 2778 474 proprium
2815 403 3021 458 habere
3051 418 3306 470 censens,
3332 404 3474 458 adeo
3503 413 3563 460 ut

319 496 453 580 ι’διον
505 496 650 590 έχειν
682 496 976 584 κρίνουσα,
1010 507 1151 561 ὥστε
1198 506 1368 572 δεῖξαι
1409 504 1500 557 τὸν
1543 502 1675 555 Θεὸν
1726 500 1884 571 μόνον

2023 515 2154 553 num
2182 500 2354 552 Deum
2386 506 2442 551 et
2475 498 2724 551 datorem
2760 503 2815 549 et
2862 502 3209 565 acceptorem
3249 496 3562 565 signiﬁcet:

320 615 537 669 διδόντα
563 626 621 663 τε
648 607 744 660 καὶ
785 603 1074 673 δεχόμενον
1093 617 1106 630 ·
1139 597 1281 652 καθά
1309 594 1411 648 πού
1453 609 1618 665 φησιν
1644 595 1672 645 6
1701 591 1884 660 νόμος,

328 706 406 760 Τὰ
426 700 585 771 δῶρά
612 715 753 768 μου,
782 690 1009 764 δόματά
1037 707 1179 760 μου,
1206 683 1568 755 καρπώματά
1596 700 1735 751 μου,
1759 681 1886 735 δια-

1985 589 2450 660 quemadmodum
2488 586 2695 640 alicubi
2726 585 2812 639 lex
2842 585 2977 653 dicit
3010 603 3022 637 :
3061 585 3216 637 Dona
3262 602 3401 649 mea,
3450 603 3568 641 mu-

1989 700 2118 736 nera
2152 699 2289 746 mea,
2315 681 2579 748 sacriﬁcia
2620 695 2737 733 mea
2776 680 2903 734 mihi
2947 681 3131 750 offerre
3187 679 3455 732 observate
3491 689 3567 746 P;

323 758 678 863 τηρήέετεθδ
708 758 1071 856 ,προέφερειν
1085 798 1211 849 μοι,
1240 777 1314 841 ὡς
1343 776 1401 843 ἐξ
1423 774 1589 830 αὑτοῦ
1617 791 1674 827 τε
1698 774 1786 827 καὶ
1811 774 1891 835 είς

2019 788 2117 826 nm
2158 772 2415 826 videlicet
2446 758 2610 824 omne
2643 770 2850 825 bonum
2895 786 2963 824 ex
3009 786 3075 824 eo
3112 778 3375 823 nascatur
3410 777 3467 823 et
3513 770 3569 823 in

324 887 487 941 αὑτὸν
519 880 721 943 παντὸς
769 873 976 945 ἀγαθοῦ
1006 874 1100 926 καὶ
1139 869 1441 941 ἀρχομένου
1482 869 1578 921 καὶ
1615 867 1890 937 λήγοντος.

324 980 547 1046 Πέφυκε
576 972 685 1043 γὰρ
715 973 742 1023 6
768 967 862 1021 τοῦ
896 963 1032 1018 Θεοῦ
1080 962 1238 1030 λόγος
1269 954 1350 1023 οἷς
1386 958 1451 1013 ἂν
1481 958 1769 1027 ἐγγένηται
1795 956 1895 1046 τῆς

1992 878 2117 918 eum
2145 863 2382 916 desinat.
2440 862 2644 916 Idonea
2676 862 2825 916 enim
2872 869 2960 916 est
3009 861 3104 915 Dei
3153 861 3295 914 ratio
3344 860 3574 929 quibus-

1995 970 2218 1022 cunque
2269 954 2457 1007 innata
2509 962 2595 1006 est
2644 952 2710 1005 ad
2743 952 2929 1006 carnis
2962 945 3149 1005 motus
3190 950 3575 1021 reprimendos

325 1085 386 1122 τε
421 1041 625 1135 σαρκὸς
657 1041 867 1115 ἀθετεῖν
910 1055 977 1108 τὰ
1017 1052 1295 1122 κινήματα
1335 1051 1553 1119 καὶτῆς
1590 1048 1727 1119 πρὸς
1754 1045 1893 1100 αὑτά

2019 1058 2109 1097 ton
2141 1044 2321 1096 minus
2360 1058 2522 1111 quam
2555 1041 2623 1095 ad
2650 1042 2911 1106 animam,
2953 1058 3021 1096 ne
3044 1042 3113 1096 ad
3142 1041 3268 1095 illos
3312 1042 3574 1106 declinet,

326 1160 425 1229 τὴν
458 1133 637 1226 ψυχὴν
682 1147 1026 1205 ἀναστέλλειν
1057 1144 1249 1213 ῥοπῆς,
1304 1142 1400 1196 καὶ
1443 1142 1623 1208 πάσης
1652 1135 1895 1208 πληροῦν

2019 1133 2387 1199 :ohibendam,
2416 1143 2473 1188 et
2517 1133 2710 1202 quavis
2741 1146 2870 1188 vera
2917 1134 3239 1204 cognitione
3293 1133 3579 1201 complen-

326 1248 559 1320 ἀληθοῦς
592 1242 938 1312 διαγνώσεως
944 1279 956 1292 -

333 1428 553 1497 Θεωρία
603 1426 689 1489 εἰς
732 1421 838 1475 τὸν
875 1417 1235 1489 ἁφορίζοντα
1280 1416 1395 1483 τὴν
1438 1414 1779 1482 ἀκάθαρτον
1816 1415 1898 1464 ol-

1034 1510 1194 1563 κίαν.

404 1631 515 1685 Καὶ
569 1627 680 1698 γὰρ
727 1624 821 1678 τὸν
853 1622 1005 1693 ἱερέα
1043 1620 1186 1675 κατά
1223 1618 1325 1689 τὴν
1365 1616 1595 1687 νομικὴν
1636 1612 1901 1681 διαταγὴν

2001 1225 2147 1278 dam.

2002 1406 2392 1478 Contemplatio
2425 1408 2479 1459 in
2523 1421 2640 1459 eum
2677 1407 2766 1476 qui
2808 1406 3023 1461 domum
3058 1408 3333 1477 impuram
3382 1419 3585 1459 excom-

2600 1496 2832 1549 municat
2856 1505 2904 1549 (ι.

2073 1609 2209 1664 Nam
2239 1607 2587 1663 sacerdotem
2612 1624 2833 1677 quoque
2857 1611 3160 1666 secundum
3188 1611 3325 1681 legis
3361 1611 3586 1667 manda-

335 1723 572 1778 εἰσιόντα
622 1719 702 1781 είς
741 1716 841 1787 τὴν
877 1704 1158 1784 (1M6)
1209 1710 1333 1764 καθ’
1395 1706 1672 1762 ὁντιναοῦν
1706 1704 1908 1776 τρόπον

2019 1709 2130 1754 tum
2170 1699 2228 1753 in
2252 1699 2478 1753 domum
2538 1700 3000 1769 qualitercunque
3037 1702 3308 1771 pollutam
3349 1701 3583 1772 ingredi,

334 1813 647 1882 ἀκάθαρτον
691 1807 893 1868 οὶκίαν,
931 1804 1028 1857 καὶ
1078 1800 1414 1872 ἀφορίζοντα
1445 1796 1638 1865 αὑτὴν,
1693 1794 1787 1846 καὶ
1837 1791 1907 1844 τὰ

336 1905 475 1976 πρὸς
556 1900 827 1968 κάθαρσιν
893 1894 1275 1948 διαστέλλοντα
1354 1892 1467 1953 τοῖς
1545 1884 1907 1976 κεκτημένοις

338 1975 551 2050 ἀκούων
582 1989 673 2043 τὸν
701 1986 962 2058 ἀρχιερέα
989 1984 1149 2053 λόγον
1178 1984 1244 2036 δι’
1268 1981 1435 2037 αὑτοῦ
1469 1975 1907 2050 παραδηλοῦσθαι

339 2085 465 2147 νοῶ,
493 2081 668 2151 φωτὸς
692 2079 849 2148 δίκην
883 2075 1274 2147 καθαρωτάτου
1310 2073 1548 2125 εἰσιόντα
1578 2072 1655 2132 είς
1682 2069 1783 2138 τὴν
1809 2065 1911 2135 ψυ-

339 2178 463 2248 χὴν,
492 2175 588 2228 καὶ
612 2172 680 2226 τὰ
705 2171 876 2240 ἐναγῆ
912 2168 1256 2239 βουλεύματα
1278 2166 1375 2220 καὶ
1393 2164 1734 2234 διανοήματα
1768 2158 1907 2230 μετά

341 2269 450 2322 τῶν
481 2263 747 2319 ὑπαιτίων
770 2260 1027 2331 πράξεων
1074 2258 1509 2320 ἐκκαλύπτοντα,
1541 2256 1634 2308 καὶ
1662 2254 1786 2315 τοὺς
1810 2254 1909 2321 τῆς

342 2358 683 2428 ἐπιστροφῆς
713 2354 810 2407 καὶ
842 2352 1167 2422 καθάρσεως
1218 2349 1457 2421 τρόπους
1498 2346 1679 2415 σοφῶς
1722 2346 1911 2397 ὑποτι-

345 2448 595 2516 θέμενον,
630 2445 829 2512 Ὅπερ,
865 2437 1040 2511 οἶμαι,
1081 2440 1418 2510 σαφέστερον
1450 2438 1495 2470 "
1537 2440 1571 2507 ὴ
1599 2435 1689 2489 τὸν
1737 2434 1912 2503 μέγαν

344 2536 636 2604 προφήτην
683 2530 865 2584 Ἠλίαν
894 2525 1265 2597 ὑποδεξαμένη
1296 2523 1680 2596 παραδηλοῦσα
1706 2523 1911 2589 ἔλεγεν,

250 2688 259 2697 ⁸
349 2629 657 2692 ⁸Ἄνθρωπε
686 2622 792 2676 τοῦ
818 2618 986 2683 Θεοῦ,
1020 2616 1304 2685 εἰσῆλθες
1329 2618 1480 2684 πρὸς
1505 2614 1610 2685 ἐμὲ
1643 2613 1747 2668 τοῦ
1766 2614 1913 2668 ἀνα-

344 2716 577 2787 μνῆσαι
593 2731 672 2783 με
698 2712 808 2779 τὰς
841 2710 1080 2776 ἀδικίας
1105 2726 1246 2778 μου.

348 2889 576 2959 Θεωρία
608 2887 696 2952 εις
723 2883 826 2939 τὸν
874 2883 1046 2952 ἅγιον
1079 2880 1301 2940 Ἠλίαν,
1338 2880 1435 2933 καί
1467 2875 1577 2945 εἰς’
1597 2878 1711 2947 τὴν
1736 2882 1922 2946 Σαρα-

912 2973 1096 3042 φθίαν
1148 2969 1362 3039 χήραν.

418 3091 584 3144 Πᾶσα
622 3085 733 3157 γὰρ
764 3085 912 3157 ψυχὴ
949 3082 1259 3154 χηρεύουσά
1280 3098 1339 3134 τε
1369 3080 1553 3136 καλῶν
1598 3082 1694 3136 καὶ
1722 3080 1924 3153 ἀρετῆς

350 3182 562 3254 ἔρημος
607 3177 702 3231 καὶ
750 3175 1006 3245 γνώσεως
1058 3171 1192 3225 Θεοῦ
1248 3171 1470 3224 ἐπειδάν
1523 3170 1618 3223 τδν
1660 3171 1807 3224 θεῖον
1832 3172 1928 3224 καὶ

348 3264 747 3337 διαγνωστικὸν
786 3261 1112 3331 ὑποδέξηται
1157 3260 1336 3327 λόγον,
1361 3260 1443 3321 είς
1492 3259 1715 3330 μνήμην
1768 3262 1928 3330 ἐρχο-

353 3358 493 3429 μένη
536 3353 646 3406 τῶν
672 3352 843 3421 αὑτῆς
863 3347 1279 3420 ἁμαρτημάτων
1313 3345 1631 3400 διδάσκεταί
1655 3364 1771 3410 πως
1804 3351 1931 3417 ἁρε-

348 3449 457 3503 τῶν
490 3446 689 3516 ἄρτοις
724 3442 818 3495 τὸν
850 3440 1210 3510 διατρέφοντα
1238 3441 1461 3509 τρέφειν
1493 3439 1670 3508 λόγον,
1701 3440 1797 3492 καὶ
1828 3455 1928 3490 πο-

347 3524 533 3604 τίζειν
560 3533 819 3604 ἀληθείας
862 3532 1098 3601 δόγμασι
1126 3530 1224 3601 τὴν
1262 3531 1448 3601 πηγὴν
1491 3529 1590 3599 τῆς
1626 3528 1793 3599 ζωῆς,
1837 3528 1933 3583 καὶ

349 3630 536 3700 αὐτῆς
580 3627 681 3694 τῆς
711 3625 931 3693 φύσεως
967 3622 1067 3693 τὴν
1102 3623 1181 3684 εἰς
1214 3622 1381 3690 αὐτὴν
1419 3622 1739 3692 προκρίνειν
1767 3622 1933 3691 θερα-

346 3722 548 3783 πείαν,
576 3716 642 3769 δι’
665 3711 733 3788 ἦς
766 3715 802 3785 ἥ
834 3731 894 3766 τε
932 3712 1091 3785 ὑδρία
1120 3711 1255 3784 σάρξ
1303 3713 1404 3782 τὴν
1441 3714 1535 3765 ἐπὶ
1561 3716 1680 3776 ταῖς
1712 3714 1936 3781 ἀρεταθς

355 3806 682 3881 πρακτικὴν
723 3803 1013 3874 συντομίαν
1064 3804 1384 3874 χορηγήσει,
1421 3805 1515 3856 καὶ
1548 3805 1576 3856 6
1637 3802 1937 3873 καμψάκης

363 3900 483 3963 νοῦς
506 3897 615 3970 τὴν
649 3896 714 3949 τὸ
748 3894 864 3965 φῶς
898 3892 1273 3964 συντηροῦσαν
1301 3894 1400 3965 τῆς
1427 3892 1680 3962 γνώσεως
1706 3892 1938 3963 θεωρίαν

365 3986 640 4058 διηνεκῶς
665 3984 958 4055 πηγάσεις,
986 3984 1079 4037 καὶ
1103 3984 1131 4036 6
1163 3982 1405 4054 ἔμφυτος
1447 3982 1725 4053 λογισμὸς,
1753 3981 1941 4050 ὥσπερ

366 4080 486 4131 ἐκεῖ
513 4078 618 4147 τῆς
652 4076 828 4146 χήρας
869 4075 898 4127 6
942 4073 1081 4136 υίὸς,
1109 4072 1208 4145 τὴν
1245 4072 1467 4143 ἐμπαθῆ
1499 4074 1771 4142 προτέραν
1803 4072 1940 4123 ἀπο-

369 4168 600 4237 θέμενος
626 4164 771 4236 ζωὴν
799 4164 899 4234 τῆς
935 4163 1086 4234 παρὰ
1135 4162 1231 4216 τοῦ
1272 4162 1434 4233 λόγου
1465 4162 1746 4232 διδομένης
1787 4159 1941 4222 θείας

372 4261 468 4313 καὶ
500 4257 741 4329 ἀληθοῦς
785 4254 1040 4324 γενέσθαι
1089 4254 1316 4325 μέτοχος
1359 4252 1727 4325 ἀξιωθήσεται
1773 4250 1941 4322 ζωῆς.

482 4430 702 4499 Θεωρία
730 4433 818 4496 είς
842 4430 955 4497 τὴν
971 4432 1433 4500 μηαμεῖρφωσιν
1456 4428 1562 4483 τοῦ
1590 4429 1833 4496 Κυρίου.

451 4540 607 4594 υῦτω
634 4540 852 4594 καὶτῶν
868 4538 1107 4610 Χριστοῦ
1130 4538 1387 4609 μαθητῶν
1412 4539 1549 4610 πρὸς
1584 4541 1694 4602 τοῖς
1710 4541 1831 4609 είρη
1840 4539 1943 4609 μέο

381 4648 492 4695 νοις
524 4634 686 4696 τινὲς,
702 4630 886 4703 (ιω
910 4630 965 4702 α)
985 4627 1066 4694 οἷς
1082 4630 1450 4699 συναναϐἧναί
1472 4647 1530 4684 τε
1550 4631 1643 4683 καὶ
1677 4645 1946 4699 συνεπαρ-

383 4721 538 4792 θῆναι
559 4723 706 4791 αὑτῷ
723 4722 769 4753 ⁷⁸
794 4720 930 4790 πρὸς
953 4720 1016 4774 τὸ
1036 4720 1160 4791 ὄρος
1179 4719 1281 4790 τῆς
1308 4721 1474 4775 αὑτοῦ
1501 4719 1862 4792 φανερώσεως
1879 4721 1946 4773 δι’

386 4816 417 4866 ἀ
428 4813 584 4883 petit;
600 4813 921 4883 ἐπιμέλειαν
944 4812 1218 4880 ἐξεγένετο
1238 4813 1739 4883 μεταμορφωθέντα
1754 4812 1950 4867 θεασά-

390 4901 667 4970 μενοι,τῷ
696 4918 757 4954 τε
819 4902 960 4968 φωτὶ
1007 4901 1103 4954 τοῦ
1146 4902 1436 4972 προσώπου
1466 4902 1789 4972 ἀπρόσιτον,
1851 4902 1949 4956 καὶ

386 4991 451 5059 τῇ
476 4988 583 5041 τῶν
612 4990 939 5059 ἐσθημάτων
963 4990 1304 5060 λαμπρότητι
1331 4989 1724 5058 κατάπληκτοι,
1762 4991 1856 5043 καὶ
1880 4992 1947 5061 τῇ

385 5077 493 5130 τῶν
526 5079 870 5152 ἑκατέρωθεν
910 5082 1176 5135 συνόντων
1204 5084 1335 5152 τιμῇ
1369 5080 1612 5143 Μωσέως
1641 5082 1736 5134 καὶ
1766 5080 1949 5133 »Ἠλίου

389 5170 759 5240 γεγενημένον
796 5171 1217 5243 αίδεσιμὼτερον
1266 5171 1657 5239 ἐπεγνωκότες,
1707 5172 1815 5225 ἀπὸ
1851 5173 1950 5242 τῆς

472 5309 672 5363 pDeut.
696 5327 878 5378 xxvut,
911 5316 961 5371 i.
1031 5323 1057 5362 (ι
1081 5311 1258 5366 Levit.
1287 5327 1393 5377 xw,
1418 5310 1507 5365 '58.

1591 5307 1856 5382 'lllileg.
1920 5328 2093 5379 xxvtt,
2152 5313 2241 5369 18.
2296 5326 2318 5354 ⁸

2005 1805 2237 1859 eamque
2267 1790 2774 1855 excommunicare,
2805 1799 2861 1844 et
2893 1806 3016 1859 quae
3071 1791 3140 1845 ad
3192 1791 3584 1848 lustrationem

2004 1882 2321 1939 necessaria
2387 1881 2499 1938 sint
2553 1881 2974 1953 possidentibus
3046 1881 3281 1937 deﬁnire
3341 1883 3586 1937 audienti

2007 1990 2284 2029 summum
2325 1991 2425 2044 per
2471 1975 2526 2029 id
2567 1974 2911 2029 sacerdotem
2966 1974 3239 2029 rationem
3290 1973 3587 2044 signiﬁcari

2008 2077 2167 2138 puto,
2196 2065 2262 2120 ad
2298 2066 2471 2120 instar
2495 2066 2806 2134 purissima:
2838 2066 2979 2120 lucis
3004 2065 3243 2119 animam
3272 2064 3587 2134 ingredien-

2014 2168 2143 2223 tem,
2173 2166 2230 2211 et
2278 2157 2595 2227 inquinatas
2634 2158 2944 2211 voluntates
2975 2164 3032 2209 et
3072 2155 3437 2226 cogitationes
3463 2170 3588 2209 cum

2014 2250 2270 2305 sontibus
2311 2249 2473 2304 factis
2500 2248 2859 2313 revelantem,
2891 2256 3054 2318 atque
3101 2246 3595 2303 animadversionis

2012 2348 2071 2396 et
2112 2340 2444 2410 expiationis
2486 2340 2679 2394 modos
2714 2340 2993 2409 sapienter
3022 2339 3366 2394 suadentem.
3412 2338 3591 2406 Quod,

2013 2440 2171 2501 puto,
2213 2431 2457 2499 apertius
2502 2430 2591 2485 illa
2640 2429 2977 2501 signiﬁcans,
3024 2447 3146 2500 quae
3173 2446 3428 2501 magnum
3462 2445 3594 2499 pro-

2014 2523 2235 2592 phetam
2277 2522 2452 2576 Ellam
2486 2522 2727 2592 hospitio
2752 2522 2969 2591 excepit
2997 2539 3011 2575 :
3042 2522 3208 2575 Homo
3246 2520 3362 2586 Dei,
3392 2521 3590 2591 inquit,

2013 2622 2280 2692 ingressus
2312 2636 2365 2673 es
2400 2620 2469 2674 ad
2504 2634 2591 2674 me
2628 2627 2686 2673 ut
2729 2620 3040 2674 delictorum
3071 2613 3308 2674 meorum
3342 2633 3426 2671 me
3451 2631 3594 2670 com-

2019 2714 2375 2783 monefacere:
2403 2721 2450 2763 ι’.

2100 2883 2484 2955 Contemplatio
2514 2884 2570 2938 in
2599 2890 2844 2938 sanctum
2883 2883 3066 2938 Eliam
3085 2922 3100 2949 ,
3134 2892 3184 2936 et
3230 2883 3287 2936 in
3318 2881 3531 2936 viduam

2592 2973 2963 3044 Sareptensem
2996 2984 3040 3027 ³.

2090 3082 2282 3139 Omnis
2327 3084 2475 3138 enim
2519 3080 2703 3137 anima
2751 3081 3179 3154 bonisyiduata
3210 3091 3268 3137 et
3313 3082 3519 3137 virtute
3549 3089 3605 3137 et

2022 3175 2335 3243 cognitione
2378 3174 2475 3229 Dei
2518 3174 2755 3239 deserta,
2792 3182 3083 3245 postquam
3114 3174 3355 3229 divinam
3402 3184 3459 3228 et
3491 3174 3608 3229 dia-

2023 3264 2327 3333 gnostieam
2376 3264 2593 3333 excepit
2643 3265 2946 3333 rationem,
2996 3263 3324 3318 delictorum
3378 3278 3605 3318 suorum

2026 3353 2311 3407 recordata
2370 3354 2668 3410 instruitur
2716 3356 2986 3410 virtutum
3038 3356 3274 3425 panibus
3336 3354 3607 3409 rationem

2027 3444 2225 3499 almam
2257 3444 2424 3509 alere,
2451 3453 2508 3499 et
2537 3445 2786 3501 veritatis
2809 3445 3029 3515 placitis
3072 3444 3199 3500 vita:
3228 3445 3368 3499 fonti
3417 3452 3607 3514 potum

2029 3537 2363 3602 ministrare,
2393 3536 2607 3605 ipsique
2634 3544 2843 3590 natura:
2873 3537 3084 3590 cultum
3121 3535 3294 3605 ipsius
3325 3534 3607 3605 praeferre,

2032 3643 2131 3697 per
2154 3641 2318 3696 quem
2345 3642 2472 3681 caro
2505 3643 2644 3681 urna
2672 3628 3059 3697 compendium
3090 3628 3390 3681 virtutibus
3419 3625 3611 3681 efﬁcax

2036 3717 2334 3786 praestabit,
2369 3725 2424 3770 et
2456 3717 2625 3770 cadus
2666 3733 2821 3771 mens
2854 3718 3376 3787 contemplationem
3421 3717 3613 3787 cogni-

2036 3808 2221 3873 tionis,
2250 3809 2711 3863 conservatricem
2747 3808 2910 3874 lucis,
2962 3810 3216 3879 perpetui
3244 3810 3412 3866 fontis
3438 3810 3613 3863 instar

2036 3901 2165 3964 alet,
2196 3908 2253 3955 et
2295 3900 2553 3970 cogitatio
2596 3900 2803 3964 innata,
2832 3910 2894 3954 ut
2921 3900 3035 3956 illic
3065 3902 3244 3955 viduae
3287 3900 3454 3964 ﬁlius,
3486 3914 3613 3968 pas-

2038 3989 2152 4044 siva
2178 3989 2407 4059 pristina
2431 3990 2541 4043 vita
2565 3987 2812 4059 deposita
2840 3989 2967 4044 vitae
2993 3989 3194 4044 divina:
3218 3999 3274 4043 et
3298 4003 3443 4042 verm
3475 4003 3503 4041 a
3530 4002 3617 4041 ra-

2041 4080 2191 4134 tione
2226 4080 2366 4135 datae
2389 4095 2511 4150 quae
2543 4080 2820 4150 particeps
2857 4079 2952 4133 ﬁat
2983 4079 3145 4151 digna
3171 4077 3509 4133 censebitur.

1973 4434 2020 4488 D
2154 4427 2539 4499 Contemplatio
2570 4430 2627 4483 in
2662 4429 2877 4485 Domini
2908 4429 3434 4501 transﬁgurationem
3468 4428 3513 4482 ⁸,

2121 4535 2211 4590 Sic
2233 4545 2495 4606 praeterea
2530 4537 2694 4593 etiam
2722 4536 2927 4593 Christi
2953 4537 3347 4607 discipulorum
3374 4535 3620 4606 quidam,

2042 4626 2244 4696 quibus
2277 4641 2385 4680 una
2420 4627 2719 4682 ascendere
2760 4636 2817 4681 et
2844 4628 3014 4682 levari
3040 4643 3164 4683 eum
3194 4642 3262 4682 eo
3289 4627 3347 4681 in
3378 4634 3620 4681 montem

2042 4718 2455 4789 gloriﬁcationis
2487 4720 2607 4791 ejus
2654 4719 2728 4774 ob
2765 4720 2989 4775 virtutis
3027 4735 3218 4775 curam
3257 4721 3462 4783 evenit,
3496 4733 3623 4773 cum

2046 4819 2316 4864 mutatum
2359 4810 2613 4865 viderent
2656 4817 2713 4865 et
2755 4811 2877 4864 luce
2939 4810 3099 4865 faciei
3144 4808 3622 4873 inaccessibiletn,

2043 4901 2610 4971 vestimentorumque
2653 4901 2904 4956 claritate
2935 4900 3322 4971 obstupefacti,
3362 4910 3529 4970 atque
3557 4896 3654 4954 de‘

2046 4992 2255 5046 honore
2296 4992 2589 5062 Moysis,et
2616 4994 2771 5059 Elite,
2803 4992 2899 5063 qui
2940 4992 3011 5046 ab
3044 5001 3280 5062 utroque
3317 4992 3490 5047 latere
3526 4988 3625 5044 ad-

2045 5092 2225 5149 erant,
2276 5083 2431 5139 illum
2490 5086 2657 5139 etiam
2696 5085 2903 5155 majore
2957 5083 3223 5154 dignitate
3286 5082 3629 5139 cumulatum

2046 5177 2388 5247 conspicati,
2442 5194 2471 5232 a
2505 5193 2672 5233 carne
2700 5177 2758 5232 in
2792 5178 3046 5248 Spiritum
3095 5177 3435 5233 transierunt
3477 5172 3633 5247 prius

2384 5316 2517 5375 ibid.
2583 5319 2637 5375 9.
2721 5320 3206 5388 ‘Mattb.xvu,2.

1643 5449 1869 5504 VABIA'J
1916 5450 2317 5510 LECTION‘ES.

470 5559 518 5592 ⁸⁸
549 5560 929 5635 διατηρήσεται
962 5564 1085 5621 cod.
1117 5564 1257 5621 Gud.
1331 5565 1429 5635 ⁶⁹ἢ
1463 5564 1585 5619 cod.
1636 5564 1772 5620 Fud.

1853 5568 1896 5600 το
1932 5570 2316 5641 Αροὲιηςψὶιυω
2371 5570 2520 5626 αὑτό.
