4066 6150
420 316 553 387 1117

1643 297 2158 381 AMBICUORUM
2199 318 2448 379 LIBER.

3516 300 3659 367 1138

417 443 777 513 ἐννοήσαντες
818 441 975 511 λόγον
1007 440 1132 503 τοὺς
1177 434 1271 492 δύο
1312 435 1393 499 εἰς
1439 435 1535 489 ἕνα
1574 437 1807 506 θεωρίας
1856 454 1977 488 συν-

2087 436 2198 498 nia,
2232 451 2353 503 qua:
2393 441 2586 488 mutuo
2630 432 2774 487 inter
2810 445 2870 486 se
2906 429 3128 484 vinculo
3166 427 3222 481 in
3261 423 3426 479 unius
3462 419 3652 475 mundi

417 518 669 587 έκλεισαν
717 533 941 607 τρόπον,
979 531 1100 586 καθ’
1125 529 1184 586 ὃν
1233 528 1377 600 ἁπλῇ
1427 526 1704 598 προσϐολῇ
1742 527 1830 579 διὰ
1873 526 1984 578 τῶν

419 627 476 678 ὲν
507 628 621 689 τοῖς
648 618 767 678 οὖσι
799 626 972 693 λόγων
998 624 1132 695 πρὸς
1161 621 1223 675 τὸ
1248 616 1419 675 αἴτιον
1460 618 1584 673 νοῦν
1609 617 1984 690 διαπορθμεύ-

423 708 642 780 σαντες,
673 717 770 785 καὶ
796 716 944 787 μόνῳ
984 713 1131 787 αύτῷ
1159 714 1234 777 ὠς
1260 710 1559 781 συναγωγῷ
1591 709 1699 762 τῶν
1731 710 1788 776 ἐξ
1818 705 1984 761 αὑτοῦ

423 807 643 881 πάντων
704 803 799 860 καὶ
881 802 1115 872 ἑλκτικῷ
1185 800 1637 871 προσδήσαντες,
1696 799 1807 861 τοῖς
1860 796 1986 850 καθ’

421 897 626 951 ἕκαστα
648 896 757 949 τῶν
785 895 924 949 ὅλων
948 894 1025 965 τῷ
1061 891 1445 963 ὑπερϐαθῆναι
1475 889 1658 943 οὐκέτι
1702 888 1988 958 διαχεόμε-

422 1005 502 1040 νοι
529 974 726 1055 λόγοις,
759 985 849 1038 διὰ
872 984 965 1037 τοῦ
993 981 1284 1035 πεπεῖσθαι
1312 980 1500 1049 σαφῶς
1533 976 1693 1050 μόνον
1730 980 1822 1031 τὸν
1854 978 1989 1031 Θεὸν

423 1077 624 1147 κυρίως
673 1072 813 1129 εἶναι
862 1072 1045 1127 λοιπὸν
1076 1074 1148 1126 ἐκ
1177 1072 1279 1141 τῆς
1335 1070 1472 1141 πρὸς
1539 1069 1607 1123 τὰ
1660 1069 1789 1123 ὄντα
1829 1069 1989 1136 ἀκρι-

388 1166 546 1229 ’σοῦς
592 1166 965 1236 ὲνατενίσεως,
1011 1165 1105 1217 καὶ
1142 1163 1329 1216 οὐσίαν
1367 1160 1476 1215 τῶν
1523 1160 1692 1214 ὅντων
1722 1161 1815 1214 καὶ
1836 1161 1993 1229 κίνη-

420 1273 504 1310 σιν
551 1256 644 1309 καὶ
688 1257 795 1309 τῶν
845 1255 1211 1325 διαφερόντων
1253 1253 1583 1324 εὑκρίνειαν,
1626 1251 1719 1305 καὶ
1760 1251 1991 1320 συνοχὴν

420 1348 706 1401 ἀδιάλυτον
735 1350 843 1401 τῶν
874 1346 1256 1417 κεκραμένων,
1334 1343 1430 1398 καὶ
1475 1345 1689 1415 ἵδρυσιν
1723 1342 1991 1413 ἀμετάθε-

419 1458 512 1493 τον
533 1439 640 1492 τῶν
669 1439 1027 1507 τεθειμένων,
1056 1437 1154 1490 καὶ
1177 1438 1363 1506 πάσης
1390 1435 1577 1499 ἁπλῶς
1598 1435 1699 1506 τῆς
1740 1430 1989 1487 ὁπωσοῦν

420 1530 716 1603 νοουμένης
737 1522 945 1590 οὐσίας,
974 1530 1067 1581 καὶ
1093 1528 1361 1597 κινήσεως
1398 1527 1494 1579 καὶ
1523 1526 1814 1596 διαφορᾶς,
1848 1524 1987 1593 κρά-

424 1622 560 1685 σεώς
606 1639 668 1674 τε
719 1621 815 1674 καὶ
868 1619 1070 1683 θέσεως
1117 1618 1291 1673 αἴτιον
1319 1656 1332 1679 ,
1372 1617 1554 1686 σοφῶς
1603 1616 1671 1669 δι’
1714 1616 1990 1695 ἐμφεροῦς
2032 1630 2039 1637 ‘

421 1716 735 1787 ὁμοιότητος
766 1700 871 1785 τὴν
888 1714 1027 1768 κατὰ
1046 1710 1147 1765 ’τὸν
1187 1710 1442 1782 αἰσθητὸν
1483 1710 1654 1763 αἰῶνα
1707 1706 1978 1779 μυστικὴν

412 1808 653 1879 θεωρίαν
680 1807 772 1861 ἐπὶ
798 1807 887 1860 etv
905 1805 1047 1859 κατὰ
1071 1804 1312 1858 διάνοιαν
1352 1804 1411 1857 ὲν
1448 1801 1719 1872 πνεύματι
1754 1800 1843 1854 διὰ
1880 1799 1989 1852 τῶν
2023 1777 2061 1833 Β

423 1902 632 1973 ἀρετῶν
658 1897 1150 1970 συμπληρούμενον
1185 1897 1389 1967 κόσμον
1438 1896 1782 1966 μετήνεγκαν
1810 1908 1827 1926 ο
1867 1892 1990 1946 καθ’

423 1994 489 2063 ἥν
516 1993 640 2056 τοὺς
672 1992 1000 2063 εἰρημένους
1049 1989 1285 2060 τρόπους
1332 1990 1412 2052 εἰς
1445 1987 1541 2041 ἕνα
1593 1986 1991 2054 συναγαγόντες

422 2087 514 2140 τὸν
545 2086 822 2159 διαφόροις
856 2082 1068 2156 ἀρετῶν
1099 2082 1269 2135 εἴδεσι
1299 2081 1398 2153 τὴν
1428 2083 1522 2134 τοῦ
1551 2080 1695 2134 κατά
1737 2079 1982 2132 διάνοιαν

424 2176 706 2246 γνωμικοῦ
744 2177 952 2246 κόσμου
994 2174 1183 2227 οὑσίαν
1228 2171 1611 2244 ὲκπληροῦντα
1638 2171 1705 2225 δι’
1732 2171 1855 2225 ὅλου
1902 2170 1993 2223 λό-

424 2286 517 2336 γον
537 2265 869 2338 ηονιώτατον
884 2264 1119 2331 ἑαυτοῖς,
1143 2266 1218 2328 ὼς
1241 2264 1480 2332 ἐφικτὸν,
1508 2260 1990 2332 ὲναπωμόρξαντο,

425 2361 637 2422 πάντας
663 2357 866 2428 δηλαδὴ
894 2356 1239 2427 περάσαντες
1268 2356 1395 2417 τοὺς
1423 2353 1534 2405 τῶν
1556 2352 1726 2406 ὅντων
1759 2350 1856 2404 καὶ
1897 2351 1997 2403 αὑ-

420 2451 549 2513 τοὺς
576 2452 702 2513 τοὺς
731 2449 841 2502 τῶν
871 2447 1086 2517 ἀρετῶν
1127 2444 1341 2515 λόγους,
1385 2442 1584 2513 μᾶλλον
1609 2443 1666 2496 δὶ
1700 2441 1838 2513 μετὰ
1860 2440 1992 2494 τού-

410 2546 530 2594 ’των
559 2541 695 2608 πρὸς
727 2541 821 2595 τὴν
855 2539 998 2608 ὑπὲρ
1027 2537 1275 2600 τούτους,
1310 2537 1406 2590 καὶ
1435 2537 1519 2599 εἰς
1544 2534 1603 2588 δν
1633 2529 1779 2589 οὗτοι
1806 2532 1902 2587 καὶ
1933 2533 1992 2599 ἐξ

422 2627 484 2689 οὗ
506 2635 566 2687 τὸ
592 2628 730 2686 εἶναι
759 2633 971 2696 τούτοις
998 2631 1148 2687 ἐστὶν
1168 2632 1496 2702 ὑπερούσιον
1518 2629 1613 2684 καὶ
1640 2624 1994 2697 ὑπεράγαθον

421 2725 579 2793 λόγον
604 2709 898 2792 ἀγνώστως
928 2723 1334 2793 ἀναδραμόντες
1368 2736 1384 2753 ⁸
1428 2722 1525 2776 καὶ
1557 2718 1671 2774 δλοι
1701 2720 1809 2789 ὅλῳ
1845 2718 1992 2772 κατά

421 2815 483 2879 τὸ
525 2815 747 2885 ἐφικτὸν
788 2813 973 2884 (150
998 2814 1049 2885 ὁ)
1089 2815 1188 2885 τῆς
1226 2813 1456 2883 ἐνούσης
1507 2811 1692 2874 αὑτοῖς
1755 2808 1994 2878 φυσικῆς

420 2906 704 2976 δυνάμεως
739 2907 782 2938 ⁷⁸
831 2905 1126 2967 ἐνωθὲντες
1174 2905 1433 2957 τοσοῦτον
1482 2901 1851 2972 ἐνδεχομένως
1900 2901 1992 2952 ὑπ’

422 2996 586 3049 αὑτοῦ
647 2995 1014 3066 ὲποιώθησαν,
1075 2995 1219 3049 ὥστε
1254 2994 1353 3048 καὶ
1400 2994 1508 3050 ἀπὺ
1537 2994 1696 3065 μόνου
1736 2991 1991 3062 γνωρίζει

423 3085 568 3148 σθαι,
598 3081 709 3140 οἷον
738 3086 984 3158 ἔσοπτρα
1013 3086 1376 3150 διειδέστατα,
1418 3087 1541 3140 ὅλου
1572 3085 1667 3138 τοῦ
1692 3084 1992 3156 ἐνορῶντος

420 3170 558 3227 Θεοῦ
612 3175 770 3243 λόγου
821 3175 883 3228 τὸ
916 3171 1057 3238 εἶδος
1099 3174 1529 3245 ἀπαραλείπτως
1569 3174 1658 3227 διὰ
1684 3174 1794 3225 τῶν
1830 3171 1991 3225 θείων

421 3267 588 3320 αὑτοῦ
641 3266 1048 3337 γνωρισμάτων
1088 3266 1416 3335 φαινόμενον
1451 3266 1688 3335 ἔχοντες,
1714 3262 1791 3333 τῷ
1815 3262 1991 3314 ἐλλει-

419 3358 618 3428 φθῆναι
637 3357 840 3428 μηδένα
859 3357 969 3409 τῶν
994 3355 1236 3410 παλαιῶν
1262 3356 1642 3427 χαρακτήρων,
1678 3349 1759 3418 οἷς
1788 3353 1992 3422 μηνύε-

423 3450 546 3503 σθαι
607 3449 820 3519 πέφυκε
847 3450 909 3502 τὸ
934 3447 1295 3519 ἀνθρώπινον,
1317 3449 1553 3501 ’πάντων
1584 3446 1844 3512 εἰξάντων
1876 3447 1989 3509 τοῖς

420 3540 719 3610 ἀμείνοσιν,
753 3537 866 3595 οἷον
911 3540 1020 3612 ἀὴρ
1067 3540 1313 3612 ἀφεγγὴς
1348 3540 1489 3609 φωτὶ
1516 3539 1741 3597 δι’,ὅλου
1782 3553 1989 3609 μετεγ-

422 3632 665 3702 κραθείς.
1463 3648 1478 3660 ⁸
1504 3626 1517 3635 ’

2084 526 2508 595 completioncm
2551 523 2816 579 ineﬂ'abili
2861 520 3103 593 quodam
3152 515 3316 572 modo
3355 513 3653 571 cohaerent,

2085 617 2261 671 solum
2304 632 2431 671 eum
2473 617 2567 686 qui
2617 630 2681 670 ea
2724 614 2973 684 colligat,
3013 622 3251 680 cumque
3297 602 3652 662 universitate

2086 717 2272 779 partes
2304 708 2547 779 singulas
2574 707 2781 777 hasque
2815 706 2962 776 ipsas
2987 703 3131 758 inter
3178 701 3390 770 seipsas
3420 695 3653 751 invicem

2084 799 2430 871 constringit,
2477 797 2741 869 Opilicem
2776 798 3049 853 rationem
3089 790 3475 865 cogitabundi,
3515 789 3659 844 duos

2086 892 2224 947 istos
2260 893 2315 946 in
2356 908 2528 947 unum
2566 889 3050 959 contemplationis
3084 887 3313 943 modum
3348 885 3653 944 cluserunt.

2087 983 2393 1039 secundum
2430 998 2593 1053 quem
2634 997 2745 1037 uno
2782 981 3013 1052 appulsu
3053 994 3153 1049 per
3187 978 3433 1033 rationes
3471 989 3656 1030 rerum

2088 1088 2211 1144 quae
2235 1081 2364 1127 sunt
2391 1081 2632 1127 mentem
2661 1071 2731 1126 ad
2757 1085 2981 1126 causam
3014 1068 3471 1131 transmittentes,
3493 1064 3657 1133 eique

2088 1162 2184 1215 uni
2214 1170 2484 1232 tanquam
2525 1162 2891 1217 coneiliatriei
2934 1175 3127 1216 eorum
3165 1175 3287 1229 qua:
3323 1172 3392 1213 ex
3425 1173 3493 1212 ea
3528 1162 3659 1211 sunt

2089 1253 2358 1316 omnium,
2390 1267 2456 1309 ae
2494 1266 2681 1307 secum
2730 1251 2993 1315 trahenti,
3023 1250 3405 1321 adjnngentes,
3434 1247 3659 1302 univer-

2090 1357 2278 1397 sorum
2313 1343 2623 1397 rationibus
2647 1357 2745 1412 per
2768 1342 3240 1411 singulaqmeque
3274 1348 3673 1409 superatorum

2090 1452 2198 1490 non
2240 1436 2350 1506 jam
2397 1433 2613 1500 diti‘usi,
2651 1449 2776 1489 cum
2824 1434 2907 1488 eis
2944 1434 3106 1502 plane
3131 1446 3474 1509 .persuasum
3514 1440 3662 1486 esset

2092 1529 2268 1582 solum
2311 1528 2483 1581 Deum
2525 1526 2752 1597 proprie
2794 1526 3031 1596 relinqui
3067 1541 3135 1581 ex
3179 1533 3435 1580 accurata
3478 1540 3675 1579 rerum:

2088 1634 2215 1689 qua:
2242 1628 2369 1674 sunt
2396 1619 2714 1683 intuiti‘one,
2741 1628 2798 1674 et
2827 1618 3121 1673 essentiam
3155 1632 3353 1673 earum
3382 1626 3439 1672 et
3468 1617 3671 1670 motio-

2094 1725 2240 1774 nem,
2272 1718 2327 1763 et
2363 1709 2615 1763 ordinem
2656 1708 2797 1763 bene
2834 1708 3155 1763 distinctum
3193 1720 3385 1761 eorum
3420 1721 3543 1775 quae
3581 1704 3669 1762 di-

2093 1805 2256 1866 Stant,
2275 1808 2330 1855 et
2352 1817 2545 1855 eorum
2570 1816 2691 1871 qum
2713 1800 2873 1856 mista
2898 1807 3026 1855 sunt
3049 1799 3340 1855 insolubile
3360 1797 3665 1859 vinculum,

2092 1901 2147 1945 et
2174 1892 2568 1947 immutabilem
2601 1907 2794 1947 eorum
2826 1904 2948 1961 qua:
2979 1891 3163 1961 posita
3191 1899 3321 1947 sunt
3350 1889 3666 1945 eollocatie-
3736 1918 3741 1925 -

2095 1992 2250 2046 nem,
2280 1991 2336 2038 et
2372 1973 2553 2037 omnis
2587 1983 2914 2053 simpliciter
2946 1983 3199 2039 essentia:
3234 1970 3663 2052 quaqua'menti

2091 2085 2394 2144 pereeptze,
2440 2074 2521 2129 et
2551 2075 2812 2130 motionis
2859 2071 3669 2138 et—discretionis,.mistionis

2092 2174 2258 2234 atque
2290 2166 2587 2235 positionis
2620 2181 2862 2231 causam,
2888 2166 3040 2231 hinc,
3068 2166 3313 2237 inquam,
3341 2180 3441 2236 per
3469 2164 3670 2221 simili—

2094 2258 2339 2313 tudinem
2367 2267 2764 2329 congruentem
2792 2259 3070 2330 sapienter
3095 2258 3379 2330 mysticam
3406 2257 3514 2313 boc
3537 2273 3665 2313 sen-

2093 2350 2234 2404 suali
2259 2354 2376 2404 aevo
2401 2351 2922 2420 contemplationem
2951 2351 3006 2405 in
3030 2349 3295 2405 muttdum
3321 2348 3666 2404 intellectua-

2090 2443 2199 2499 iem
2242 2443 2297 2497 in
2340 2443 2538 2514 spiritu
2581 2458 2681 2514 per
2719 2444 2954 2498 virtutes
2988 2444 3324 2513 completum
3365 2442 3665 2497 transtule-

2092 2543 2242 2599 runt,
2260 2536 2563 2591 secundum
2585 2546 2750 2607 quam
2772 2537 3291 2606 contemplationem
3311 2535 3506 2590 modos
3524 2550 3664 2604 quos

2092 2627 2204 2682 dixi
2247 2628 2302 2682 in
2343 2643 2513 2682 unum
2552 2622 2858 2686 conﬂantes
2897 2628 3168 2683 rationem
3199 2627 3375 2683 variis
3396 2626 3664 2681 virtutum

2092 2718 2382 2788 speciebus
2420 2720 2722 2774 voluntatis
2759 2717 3089 2788 consiliique
3133 2717 3325 2775 mundi
3365 2716 3663 2773 essentiam

2074 2810 2321 2864 'omnino
2350 2810 2691 2879 explentem,
2721 2810 2900 2864 solum
2938 2810 3043 2864 sibi
3079 2817 3355 2879 quatenus
3388 2816 3662 2878 poterant,

2090 2901 2230 2971 ipsis
2268 2902 2710 2972 impresserunt,
2735 2905 3009 2971 superatis
3037 2901 3293 2956 videlicet
3320 2916 3514 2955 eorum
3543 2915 3667 2970 quae

2093 2996 2224 3047 sun‘t
2258 2992 2501 3061 ipsisque
2532 2992 2803 3047 virtutum
2840 2992 3171 3055 rationibus,
3198 2991 3286 3047 vel
3320 2990 3505 3061 potius
3538 3006 3665 3046 eum

2018 3119 2059 3177 α
2093 3083 2179 3137 bis
2216 3074 2441 3138 a‘d'eam
2478 3090 2613 3153 qua!
2641 3083 2786 3138 ultra
2828 3083 2929 3138 has
2967 3091 3074 3148 est,
3100 3092 3157 3138 et
3193 3083 3251 3137 in
3288 3097 3451 3153 quam
3489 3083 3575 3137 ba:
3609 3091 3668 3136 et

2098 3175 2246 3231 unde
2291 3176 2439 3246 quod
2489 3184 2620 3232 sunt
2665 3177 2898 3241 habent,
2930 3177 3445 3246 supereSsentialem
3493 3176 3665 3235 ratio-

2097 3281 2244 3328 nem,
2267 3274 2470 3336 etquae
2496 3267 2800 3322 bonitatem
2828 3267 3069 3332 excedit,
3095 3267 3669 3337 incomprehensibili-

2072 3365 2182 3412 ‘ter
2212 3356 2389 3411 evecti
2432 3373 2455 3410 :-
2482 3362 2551 3411 et
2571 3373 2765 3412 omnes
2797 3358 2947 3412 omni
2979 3366 3249 3428 quantum
3280 3373 3349 3413 ex
3386 3356 3552 3414 insita
3585 3358 3669 3413 eis

2097 3449 2332 3502 naturali
2360 3456 2631 3517 potestate
2655 3449 2833 3513 licuit,
2858 3449 3073 3505 aduniti
3101 3458 3314 3507 tantum
3337 3448 3521 3519 quoad
3546 3450 3668 3519 ejus

2095 3540 2211 3595 ﬁeri
2248 3541 2443 3609 potuit.
2458 3541 2530 3596 ab
2565 3557 2630 3597 ea
2664 3541 2965 3612 qualiﬁcati
2999 3550 3157 3610 sunt,
3185 3551 3247 3597 ut
3280 3542 3447 3599 etiam
3477 3558 3512 3599 a
3549 3543 3667 3599 solo

2094 3631 2515 3703 insignirentur,
2547 3634 2701 3688 velut
2737 3636 3044 3705 specularia
3089 3634 3460 3700 lucidissima,
3497 3635 3669 3690 totius

420 3724 514 3777 Dei
545 3714 904 3794 inspectantis
936 3723 1169 3779 rationis
1199 3724 1437 3794 speciem
1474 3723 1634 3794 plene
1670 3738 1769 3794 per
1798 3720 1987 3778 divina
2023 3723 2145 3794 ejus
2201 3723 2435 3795 insignia
2491 3735 2850 3795 apparentem
2876 3726 3160 3792 habentes,
3181 3744 3250 3785 eo
3272 3726 3421 3799 quod
3450 3728 3662 3785 nullum

420 3815 489 3870 de
524 3818 771 3887 pristinis
803 3818 1122 3890 signaculis,
1147 3818 1348 3888 quibus
1381 3818 1684 3873 humanum
1720 3817 2082 3882 indicaretur,
2141 3817 2415 3888 reliquum
2468 3814 2615 3885 erat,
2644 3814 2714 3875 iis
2767 3835 2892 3891 qua
2916 3820 3144 3877 meliora
3167 3831 3298 3877 sunt
3340 3819 3665 3876 cedentibus

419 3909 801 3993 omnibuspad
845 3910 1021 3965 instar
1059 3909 1204 3964 aeris
1241 3910 1475 3965 illumini
1514 3910 1638 3964 luce
1675 3908 1993 3980 plenissima
2031 3907 2310 3964 transfusi.

730 4089 949 4156 Θεωρία
983 4089 1070 4154 εις
1110 4087 1218 4141 τὸν
1271 4085 1661 4157 Μελχισεδέκ.

487 4196 685 4266 Ὅπερ,
727 4193 904 4268 οἶμαι,
968 4178 1285 4266 γνοῦςκαὶ
1349 4196 1537 4250 παθὼν
1592 4199 1620 4250 ὁ
1670 4196 1984 4268 θαυμαστὸς

416 4285 624 4347 ἐκεῖνος
662 4287 772 4343 ,καὶ
817 4287 989 4357 μέγας
1026 4287 1381 4356 Μελχισεδὲκ,
1414 4288 1541 4359 περὶ
1582 4287 1640 4340 δν
1671 4289 1737 4341 τὰ
1768 4287 1985 4357 μεγάλα

416 4375 510 4427 καὶ
546 4373 836 4443 θαυμαστά
883 4377 1036 4447 παρά
1095 4382 1159 4449 τῇ
1206 4379 1397 4449 Γραφῇ
1423 4382 1449 4432 ὁ
1480 4380 1620 4442 θεῖος
1648 4378 1984 4450 διεξέρχεται

2446 4085 2832 4159 Contemplatio
2863 4090 2918 4143 in
2953 4087 3315 4144 Kak/taedae.

2086 4220 2093 4225 ’
2154 4199 2337 4268 Quod,
2362 4208 2516 4272 puto,
2539 4200 2694 4255 novit
2713 4208 2771 4256 et
2797 4215 2992 4271 passus
3019 4208 3104 4257 est
3126 4201 3464 4258 admirabilis
3489 4203 3579 4257 ille
3604 4215 3662 4259 et
3725 4199 3729 4237 δ

2086 4308 2319 4365 magnus
2353 4292 2737 4359 Melchisedec,
2766 4293 2836 4348 de
2865 4306 2978 4363 quo
3006 4307 3202 4364 magna
3231 4300 3289 4348 et
3315 4293 3660 4350 admirabilia

2087 4386 2144 4441 in
2183 4384 2487 4455 Scripturis
2519 4383 2741 4439 divinus
2775 4399 2957 4440 sermo
2989 4393 3229 4446 enarrat.
3261 4385 3406 4455 quod
3446 4395 3662 4456 tempus

393 4458 607 4532 ’λόγος
628 4468 822 4540 χρόνου
877 4470 969 4521 καὶ
1006 4468 1223 4538 φύσεως
1269 4470 1525 4541 ὑπεράνω
1573 4470 1981 4539 γενέσθαι,καὶ

2088 4491 2152 4531 ac
2175 4479 2429 4530 naturam
2461 4476 2765 4551 superavit,
2789 4475 2998 4545 Deique
3028 4470 3170 4530 Filio
3199 4475 3430 4530 similari
3462 4476 3662 4548 dignus

411 4559 747 4630 ὁμοιωθῆναι
797 4561 872 4632 τῷ
906 4562 1020 4633 Υἱῷ
1056 4562 1151 4630 τοῦ
1197 4561 1330 4615 Θεοῦ
1371 4562 1703 4632 κατηξιώθη,
1746 4562 1986 4629 τοιοῦτος

411 4651 523 4717 ἓξει
556 4652 757 4723 δηλαδὴ
785 4656 924 4708 κατὰ
952 4656 1050 4725 τὴν
1084 4656 1245 4726 χάριν
1280 4656 1356 4720 ὼς
1396 4657 1621 4725 ἐφικτὸν
1666 4657 1981 4729 γενόμενος,

412 4739 521 4809 οἷος
568 4745 729 4808 αὐτὸς
780 4746 823 4823 ινδ¹
851 4745 1017 4819 δοτὴρ
1082 4748 1184 4817 τῆς
1240 4732 1461 4819 χάριτος
1493 4749 1637 4802 κατά
1672 4750 1769 4819 τὴν
1797 4749 1985 4802 οὐσίαν

412 4824 674 4909 ὑπάρχων
708 4839 1054 4894 πιστεύεται.
1079 4840 1153 4892 Τὸ
1183 4840 1295 4910 γὰρ
1334 4839 1601 4908 Ἀπάτωρ
1623 4841 1721 4895 καὶ
1741 4841 1985 4911 ἀμήτωρ

410 4927 509 4980 καὶ
554 4929 1030 5011 ἀγενεαλόγητος
1109 4932 1241 5002 περὶ
1296 4931 1460 4987 αὑτοῦ
1519 4933 1984 5003 λεγόμενον,ούκ

411 5017 540 5070 ἄλλο
594 5019 822 5089 μηνύειν
859 5020 1072 5074 ὑπονοῶ
1098 5022 1130 5093 ἢ
1160 5024 1260 5093 τὴν
1314 5025 1685 5094 ἐγγενομένην
1736 5022 1887 5094 αὐτῷ
1918 5024 1983 5077 ἐκ

410 5108 510 5175 τῆς
573 5110 695 5164 κατ’
756 5110 955 5181 ἀρετὴν
996 5112 1304 5184 ἀκροτάτης
1343 5116 1566 5186 χάριτος
1602 5114 1828 5168 τελείαν
1873 5112 1982 5167 τῶν

412 5202 658 5269 φυσικῶν
689 5204 1087 5273 γνωρισμάτων
1116 5204 1373 5258 ἀπόθεσιν
1406 5222 1422 5238 ’
1457 5206 1518 5259 τὸ
1571 5204 1631 5258 δὲ
1672 5205 1822 5275 μήτε
1874 5208 1981 5273 ἀρ..

410 5290 532 5359 χὴν
562 5293 822 5361 ἡμερῶν,
855 5291 1006 5363 μήτε
1062 5292 1210 5363 ζωῆς
1236 5292 1410 5362 τέλος
1447 5296 1591 5367 ἔχειν
1613 5336 1627 5359 ,
1656 5295 1754 5366 τὴν
1783 5298 1980 5368 χρόνου

412 5386 613 5449 παντὸς
651 5385 744 5438 καὶ
773 5384 968 5448 αἰῶνος
1006 5385 1247 5454 ἰδιότητα
1288 5387 1711 5459 περιγράφουσα
1735 5387 1939 5458 γνῶσιν
1961 5428 1976 5455 ,

483 5515 510 5555 δ
544 5517 712 5572 llebr.
746 5531 838 5581 vn,
862 5516 916 5571 '5.
973 5518 1011 5581 ,ί
1042 5515 1178 5571 ibid.

483 5683 530 5716 "
561 5682 850 5745 ὲνωθέντος
886 5681 1051 5737 habet
1082 5682 1472 5754 apograpbum.

2090 4565 2311 4620 habitus
2332 4573 2436 4630 est,
2456 4564 2581 4620 talis
2602 4565 2862 4621 videlicet
2886 4567 3078 4623 habitu
3103 4568 3404 4623 secundum
3429 4569 3658 4638 gratiam

2085 4656 2263 4727 quoad
2299 4657 2475 4726 potuit
2501 4656 2698 4722 factus,
2726 4658 2908 4727 qualis
2942 4658 3057 4728 ipse
3079 4659 3265 4730 gratia:
3282 4660 3661 4717 dator’secun-

2086 4748 2217 4803 dum
2248 4749 2543 4804 essentiam
2567 4764 2690 4804 esse
2715 4749 2981 4804 creditur.
3004 4749 3160 4816 Quod
3187 4750 3335 4805 enim
3364 4751 3482 4807 sine
3504 4761 3660 4823 patre

2086 4848 2143 4896 et
2166 4848 2343 4895 matre
2362 4848 2419 4896 et
2439 4840 2558 4895 sine
2580 4854 2780 4911 genere
2803 4848 3063 4897 censetur
3081 4842 3133 4907 δ,
3157 4842 3296 4897 nihil
3317 4842 3467 4898 aliud
3494 4843 3662 4915 signi-

2087 4930 2250 4988 ﬁcare
2276 4940 2409 5002 puto
2431 4946 2594 5003 quam
2621 4948 2743 5002 quze
2765 4933 2994 5004 contigit
3019 4933 3071 4988 ei
3102 4949 3172 4989 ex
3193 4948 3408 4990 summa
3435 4944 3663 5008 propter

2084 5021 2347 5078 virtutem
2402 5022 2572 5093 gratia
2626 5024 2959 5079 naturalium
3009 5024 3315 5098 insignium
3356 5026 3659 5096 perfectam

2084 5112 2485 5184 depositionem
2523 5132 2538 5167 :
2578 5114 2713 5169 illud
2753 5131 2903 5182 vero,
2934 5116 3083 5187 quod
3115 5134 3283 5189 neque
3313 5120 3522 5174 dierum
3554 5121 3662 5175 ini-

2085 5206 2217 5260 tium
2248 5221 2414 5276 neque
2440 5205 2561 5260 vitm
2579 5205 2742 5274 linem
2763 5207 2953 5263 habeat
2975 5209 3018 5273 ί,
3041 5210 3411 5283 cognitionem
3444 5219 3663 5282 tempus

2084 5312 2249 5359 omne
2275 5306 2332 5353 et
2353 5315 2528 5354 rerum
2559 5297 3135 5373 circumscribentem,
3158 5311 3216 5358 et
3239 5302 3661 5374 contemplatio-

2084 5403 2209 5443 nem
2252 5390 2435 5445 omnis
2464 5390 2781 5475 vmaterialis
2819 5401 2877 5449 et
2917 5393 3297 5453 immaterialis
3336 5395 3661 5452 substantiae

1718 5589 1954 5648 VARLE
1995 5589 2400 5651 LECTIONES.
