4066 6150
447 221 581 286 ΗΠ

1611 218 1671 280 S.
1713 215 2002 279 MAXIMI
2039 211 2553 274 CONFESSORIS

3591 205 3744 271 1H8

437 353 461 391 s
488 350 670 404 neque
705 335 981 389 intellectu
1015 349 1112 403 per
1147 311 1500 386 dilectionem
1530 333 1595 386 aii
1639 318 1810 386 Deum
1842 329 2030 401 cogni—

2151 327 2235 397 τὴν
2265 321 2719 395 σχέσινδιάλυσις
2745 311 2991 390 γίνεται,
3028 320 3346 392 πρακτικῶς
3378 320 3740 375 καταπαλαί-

440 428 591 478 tione
629 425 881 487 accessit,
927 412 1197 493 ejusmodi
1244 424 1385 476 alter
1413 431 1496 477 est
1532 422 1828 499 Abraham,
1865 429 1921 476 et
1944 420 2030 476 .de

438 517 554 585 pari
588 515 760 584 gratia
788 514 900 584 pari
928 528 1051 568 cum
1082 515 1393 583 patriarcha
1422 514 1650 573 virtutis
1676 521 1735 569 et
1763 512 2031 584 cognitio-

439 604 526 657 nis
565 603 887 659 charactere
912 604 1219 658 instructus
1247 612 1496 673 apparet.

869 960 1253 1032 Contemplatio
1283 962 1335 1015 in
1368 960 1600 1033 Moysen,

516 1072 694 1127 Etiam
749 1072 961 1143 Moyses
1012 1090 1203 1127 rursus
1251 1074 1393 1128 alter
1447 1079 1679 1143 apparet
1730 1072 1825 1142 qui
1879 1071 2036 1142 regni

443 1163 769 1232 passionum
798 1172 1072 1231 tempore.
1109 1178 1235 1216 cum
1262 1162 1482 1216 diabolo
1520 1160 1854 1231 intelligibili
1891 1161 2038 1215 Pha-

448 1266 620 1304 raone
656 1251 978 1305 dominante
1010 1253 1206 1306 melius
1240 1252 1295 1305 in
1324 1251 1594 1323 ditionem
1639 1250 1845 1321 pejoris
1874 1266 2041 1320 coge-

449 1348 627 1407 retur,
658 1351 714 1395 et
757 1343 976 1397 carnale
1016 1352 1340 1413 exsurgeret
1384 1351 1576 1397 contra
1622 1342 1932 1412 spirituale,
1979 1351 2038 1397 et.

449 1433 633 1487 omnis
663 1434 751 1502 pia
784 1434 1045 1504 cogitatio
1085 1434 1377 1489 tolleretur
1404 1433 1723 1488 secundum
1758 1433 1931 1487 Deum
1967 1433 2036 1490 de

449 1524 735 1579 voluntate
783 1535 949 1595 atque
999 1526 1186 1579 animo
1234 1534 1417 1589 natus,
1470 1526 1637 1595 inque
1676 1526 1859 1580 loculo
1891 1543 2035 1582 verte

449 1616 869 1670 exercitationis
901 1618 1211 1687 impositus,
1249 1618 1554 1671 moralibus
1597 1628 1750 1672 extra
1796 1618 2034 1693 oamalli-

453 1716 539 1761 ter
570 1708 749 1762 modis
775 1720 830 1763 et
860 1709 1000 1762 intra
1030 1710 1342 1769 animaliter
1371 1708 1652 1762 stabilitas
1683 1708 1955 1774 consiliis,
1983 1716 2040 1763 et

452 1814 627 1868 usque
665 1799 732 1852 ad
762 1800 934 1869 legem
966 1797 1305 1869 receptionis
1336 1798 1677 1853 naturalium
1706 1799 2040 1868 contempla-

452 1890 664 1943 tionum
708 1874 811 1944 sub
842 1907 1004 1945 sensu
1040 1907 1160 1946 esse
1205 1892 1438 1961 patiens,
1475 1891 1529 1945 id
1561 1898 1646 1946 est
1687 1890 1790 1945 sub
1834 1891 2042 1961 intelli-

450 1981 606 2052 gibili
645 1981 947 2035 Pharaonis
979 1980 1111 2044 tilia,
1146 1983 1328 2036 studio
1364 1992 1546 2036 autem
1590 1985 1866 2037 honorum
1900 1958 2043 2036 divi-

450 2090 650 2147 norum
701 2075 921 2129 sincero
967 2073 1168 2138 carnis,
1208 2090 1329 2143 qua:
1361 2072 1653 2143 {Egyptum
1687 2072 1877 2138 refert,
1906 2088 2041 2142 pru-

450 2166 693 2221 dentiam
728 2164 1089 2230 interﬁciens,
1117 2175 1174 2220 et
1208 2167 1264 2219 iu
1312 2180 1502 2230 arena,
1554 2164 1826 2217 malorum
1882 2163 2044 2217 steri-

450 2260 559 2314 lem
596 2259 720 2315 dico
755 2259 1028 2319 habitum,
1063 2258 1366 2328 expositus,
1422 2259 1477 2331 in
1526 2270 1661 2326 quo,
1707 2254 1923 2309 etiamsi
1971 2254 2041 2309 ab

452 2351 680 2407 inimico
709 2352 932 2406 malitia:
973 2360 1301 2420 spargatur,~
1322 2349 1514 2403 lolium
1543 2362 1795 2431 crescere
1826 2343 2041 2416 nequit,

452 2445 525 2498 oh
557 2445 808 2498 intimam
839 2443 1069 2513 spiritus
1100 2442 1362 2511 inopiam,
1398 2455 1522 2513 qua:
1549 2447 1773 2493 statum.
1806 2438 1874 2491 ab
1914 2436 2046 2492 alie-

453 2536 637 2591 ctiltus
671 2536 910 2611 liberum
947 2533 1120 2604 gignit.
1152 2542 1209 2587 et
1244 2532 1362 2596 alit,
1400 2548 1499 2601 per
1530 2545 1693 2601 quam
1719 2529 1909 2584 divino
1938 2530 2042 2582 im-

453 2629 608 2699 perio
655 2628 918 2697 nequitia!
969 2625 1201 2696 spiritus
1229 2624 1570 2694 grassantur,
1606 2638 1839 2692 qumque
1866 2629 2044 2675 tenta-

457 2729 671 2773 tonum
724 2718 986 2773 fluctibus
1031 2715 1270 2770 assiduis
1323 2725 1581 2784 tanquam
1626 2714 1762 2769 silva
1797 2713 2048 2767 inhorre-

457 2812 584 2874 scit,
620 2824 820 2863 amara:
855 2824 919 2862 ac
957 2815 1145 2863 revera
1183 2807 1537 2876 salsuginosa:
1584 2806 1845 2874 nequitiae
1896 2819 2048 2859 mare

456 2901 723 2958 limitaus.
787 2910 849 2953 ut
899 2899 1167 2967 scriptum
1202 2906 1287 2951 est
1337 2914 1350 2950 :
1391 2895 1493 2962 Qui
1539 2897 1795 2966 disposuit
1827 2913 2049 2950 arenam

2139 433 2235 479 σας
2260 457 2274 481 ,
2329 415 2424 470 καὶ
2471 413 2846 485 μόνῃδιανοία
2887 413 2953 465 δι’
2981 414 3199 483 ἀγάπης
3244 412 3365 482 Θεῷ
3394 413 3734 482 γνωστικῶς

2138 508 2541 579 προσχωρήσας
2562 547 2575 569 ,
2630 507 2658 559 ὁ
2703 505 2943 568 τοιοῦτος
2981 504 3139 568 ἄλλος
3171 505 3432 575 Ἃϐραάμ
3465 505 3737 575 ὑπάρχει,

2135 601 2224 655 διὰ
2255 598 2357 668 τῆς
2387 599 2510 669 ἴσης
2539 598 2759 678 χάριτος
2810 598 2902 649 τὸν
2944 597 3105 649 αὑτὸν
3154 596 3234 668 τῷ
3264 596 3589 667 πατριάρχῃ
3631 595 3739 664 τῆς

2112 680 2339 763 ’ἀρετῆς
2388 690 2506 742 καὶ-
2528 689 2627 760 τῆς
2675 686 2931 757 γνώσεως
2978 687 3117 759 ἔχων
3158 688 3486 759 χαρακτῆρα
3516 684 3737 741 δεικνῦ-

2138 799 2321 851 μενος.

2564 962 2782 1030 Θεωρία
2810 963 2897 1028 εις
2922 926 3029 1016 τόν
3051 958 3336 1030 Μωϋσῆν.

2210 1076 2324 1132 Καὶ
2342 1075 2582 1144 Μωῦσῆς
2603 1074 2765 1128 πάλιν
2784 1075 2943 1138 ἄλλος
2965 1075 3308 1144 ἑκφαίνεται,
3335 1075 3363 1128 ό
3385 1077 3444 1128 ὲν
3458 1072 3538 1145 τῷ
3551 1073 3746 1146 καιρῷ

2138 1169 2238 1234 τῆς
2283 1166 2390 1220 τῶν
2432 1164 2619 1220 παθῶν
2663 1164 3027 1229 δυναστείας,
3078 1164 3319 1234 ὁπηνίκα
3349 1163 3443 1217 τοῦ
3474 1152 3743 1217 διαϐόλου

2138 1259 2234 1314 τοῦ
2258 1256 2448 1328 νοητοῦ
2475 1254 2675 1329 Φαραὼ
2696 1255 3091 1328 τυραννοῦντος
3116 1256 3178 1308 τὸ
3201 1257 3387 1326 χεῖρον
3412 1258 3743 1326 ἐπικρατεῖν

2142 1352 2236 1405 τοῦ
2282 1349 2603 1420 ἀμείνονος,
2658 1351 2751 1402 καὶ
2798 1347 2894 1402 τοῦ
2940 1345 3314 1418 πνευματικοῦ
3361 1346 3424 1399 τὸ
3452 1347 3743 1419 κσαρκικδν

2151 1439 2571 1503 ἐπανίστασθαι,
2621 1439 2718 1492 καὶ
2750 1441 2859 1502 πᾶς
2882 1436 3115 1509 εὐσεϐὴς
3143 1436 3489 1510 ἀναιρεῖσθαι
3518 1437 3742 1504 πέφυκε

2140 1530 2419 1601 λογισμὸς,
2435 1531 2577 1585 κατά
2600 1531 2731 1583 Θεὸν
2761 1528 3054 1598 γνωμικῶς
3077 1528 3446 1598 γεννώμενος.
3470 1530 3566 1583 καὶ
3584 1528 3739 1598 θήκῃ

2146 1625 2441 1693 ἀσκήσεως
2468 1619 2700 1692 ἀληθοῦς
2732 1620 3027 1690 ἐμϐληθεὶς
3052 1658 3068 1683 ,
3116 1618 3327 1689 ἠθικοῖς
3355 1618 3559 1683 ἔξωθεν
3589 1618 3741 1672 κατὰ

2148 1720 2328 1791 σάρκα
2360 1719 2583 1789 τρόποις
2618 1718 2711 1771 καὶ
2739 1714 2946 1781 ἕσῳθεν
2976 1713 3117 1783 κατά
3140 1713 3317 1783 ψυχῆς
3349 1712 3515 1776 θείοις
3540 1714 3736 1782 ἠσφα-

2146 1812 2402 1881 λισμένος
2438 1812 2715 1879 νοήμασι,
2764 1809 2857 1862 καὶ
2892 1807 3053 1878 μέχρι
3082 1807 3252 1876 νόμου
3283 1807 3384 1876 τῆς
3410 1792 3745 1874 ἀναλήψεως

2143 1903 2251 1956 τῶν
2282 1901 2528 1971 φυσικῶν
2559 1898 2938 1970 θεωρημάτων
2975 1897 3300 1967 ἀνεχόμενος
3326 1892 3467 1949 εἶναι
3499 1896 3609 1948 ὑπὸ
3640 1896 3746 1967 τὴν

2144 1988 2422 2064 αίσθησιν,
2470 1993 2568 2053 τὴν
2596 1993 2691 2045 τοῦ
2717 1989 2908 2061 νοητοῦ
2933 1987 3135 2061 Φαραὼ
3166 1988 3462 2057 θυγατέρα,
3498 1988 3657 2058 ζήλῳ
3685 1989 3746 2041 δὲ

2143 2087 2353 2156 γνησίῳ
2414 2085 2519 2138 τῶν
2578 2083 2737 2137 θείων
2787 2081 3003 2151 ἀγαθῶν
3078 2083 3141 2134 τὸ
3196 2080 3563 2148 Αίγυπτιάζον
3640 2082 3747 2147 τῆς

2146 2176 2348 2247 σαρκὸς
2396 2175 2722 2237 ἀποκτείνας
2765 2174 3054 2245 φρόνημα,
3104 2173 3198 2226 καὶ
3230 2171 3333 2224 ὑπὸ
3361 2172 3458 2241 τὴν
3483 2170 3743 2241 ψάμμον,

2144 2266 2240 2336 τὴν
2272 2266 2380 2318 τῶν
2415 2264 2600 2318 κακῶν
2626 2263 2820 2332 ἄγονον
2847 2263 2960 2328 ἕξιν
2992 2263 3157 2333 φημὶ,
3192 2262 3588 2331 καταθέμενος.
3617 2256 3741 2336 ὲνῇ

2145 2356 2247 2409 κᾶν
2296 2355 2401 2409 ὑπὸ
2431 2355 2526 2409 τοῦ
2554 2354 2748 2425 ἐχθροῦ
2791 2358 2972 2427 σπαρῇ
3024 2355 3083 2407 τὸ
3122 2357 3221 2424 τῆς
3248 2354 3445 2416 κακίας
3474 2353 3742 2422 ζιςάνων,

2147 2446 2208 2498 οὑ
2265 2444 2481 2512 πέφυκε
2539 2442 2772 2511 φύεσθαι
2834 2441 2923 2495 διὰ
2976 2440 3073 2512 τὴν
3129 2437 3745 2507 ὲνοῦσανίνδιαθέτως

2151 2534 2425 2605 πτωχείαν
2452 2534 2546 2587 τοῦ
2575 2532 2904 2600 πνεύματος.
2933 2532 3033 2602 τὴν
3059 2530 3120 2583 τὸ
3145 2528 3354 2592 ἀπαθὲς
3377 2529 3660 2597 γεννῶσάν
3682 2545 3743 2581 τε

2151 2627 2244 2680 καὶ
2288 2625 2661 2694 φυλάττουσαν
2712 2622 2991 2694 (155a)
3038 2623 3132 2674 καὶ
3183 2620 3313 2688 θείῳ
3350 2621 3743 2690 προστάγματι

2155 2718 2258 2788 τήν
2299 2716 2670 2787 ἀγριουμένην
2726 2718 2842 2778 τοῖς
2881 2713 3155 2783 πνεύμασι
3198 2713 3298 2789 τῆς
3337 2714 3605 2783 πονηρίας
3647 2715 3746 2766 καὶ

2154 2811 2269 2873 τοῖς
2324 2790 2752 2878 ἀλλεπαλὶῖὴλοις
2814 2805 2921 2859 τῶν
2976 2804 3298 2876 πειρασμῶν
3358 2805 3570 2874 κύμασι
3622 2806 3745 2858 δεν-

2153 2899 2457 2972 δρουμὲνην
2482 2938 2497 2962 ,
2543 2900 2643 2969 τῆς
2671 2899 2876 2968 πικράς
2907 2897 3002 2950 καὶ
3029 2897 3199 2959 ὅντως
3230 2896 3514 2966 ἀλμὼδους
3540 2896 3747 2961 κακίας

458 2993 620 3055 mari,
654 3001 701 3045 et
734 2991 858 3044 dicit
887 2991 971 3042 ei:
1008 2990 1287 3059 [lucusque
1328 2988 1648 3059 penetrabis,
1684 2997 1732 3041 et
1761 2987 1905 3041 ultra
1947 3005 2047 3041 non

2156 2992 2446 3061 όρίζουσαν
2501 2990 2801 3052 θάλασσαν,
2830 2988 3014 3050 καθὼς
3063 2988 3410 3057 γέγραπται,
3453 2988 3519 3040 ’0
3565 2989 3752 3054 τιθεὶς

459 3083 884 3154 trunsgredieﬁs,
915 3090 963 3135 ct
1000 3083 1052 3135 in
1087 3093 1136 3137 te
1169 3081 1616 3152 conﬂictabantur
1652 3082 1729 3134 (ui
1756 3083 1946 3151 ﬂuctus
1974 3081 1991 3116 ί
2026 3096 2042 3144 ;

455 3204 531 3217 ~-—
553 3177 917 3245 cogitationes
942 3191 1075 3228 vero
1105 3175 1296 3245 adhuc
1319 3175 1372 3227 iu
1401 3185 1600 3229 terram
1636 3173 1965 3226 inclinantes
1991 3179 2047 3226 et

458 3268 569 3323 frui
607 3269 708 3322 hac
742 3276 885 3323 terra
935 3268 1247 3337 cupientes,
1296 3281 1396 3336 pro
1439 3282 1544 3336 qua
1593 3265 1892 3336 thymicon,
1931 3263 2046 3319 sive

459 3363 1007 3431 concupiscentivum
1034 3401 1048 3425 ,
1087 3360 1375 3422 decertat,
1419 3368 1475 3413 et
1514 3357 1883 3427 cognitionis,
1932 3355 2048 3411 sive

461 3451 884 3520 diagnosticam,
914 3449 1182 3504 rationem
1212 3448 1531 3502 dominatur
1554 3456 1718 3516 atque
1743 3446 2045 3517 propulsat,

460 3543 645 3595 (ix-ium
680 3543 853 3595 instar
878 3555 977 3610 per
999 3540 1273 3594 desertam
1299 3540 1579 3609 regionem
1610 3538 1962 3607 passionibus
1993 3544 2050 3591 et

461 3631 710 3687 materiis
756 3630 1218 3698 voluptatumque
1262 3628 1501 3683 concilio
1546 3627 1815 3697 privatam
1860 3612 2047 3697 a'gens,

464 3731 725 3787 tauquam
753 3733 957 3789 gnarus
987 3718 1179 3788 opilio,
1208 3718 1275 3771 ad
1312 3725 1560 3773 montem
1599 3717 1930 3788 cognitionis
1952 3710 2051 3771 Dei

461 3811 611 3881 quod
667 3810 722 3863 in
768 3810 1110 3865 sublimitate
1154 3826 1352 3866 sensus
1382 3811 1604 3866 videtur
1638 3828 1651 3865 :
1686 3802 1885 3879 in’quo
1931 3818 2050 3864 stu-

462 3904 617 3956 diose
660 3909 912 3956 versatus
958 3916 1058 3971 per
1083 3910 1240 3972 aptas
1263 3901 1594 3985 .spiritu‘ales
1627 3892 2052 3969 contemplatio;

462 4008 599 4056 nes,
653 3991 845 4047 relicta
900 3993 1103 4047 mentis
1158 3992 1226 4046 ad
1275 3992 1551 4047 sensualia
1603 3992 1875 4045 relatione
1928 3990 2055 4060 (hoc

460 4084 611 4139 enim
646 4083 943 4154 signiﬁcari
974 4092 1108 4153 puto
1141 4099 1241 4152 per
1273 4083 1566 4137 transitum
1611 4077 1884 4137 annorum
1916 4072 2053 4151 qua-

464 4175 712 4246 draginta
734 4190 900 4228 annm
916 4174 1055 4243 um),
1095 4174 1393 4229 ineil'abilis
1422 4190 1644 4243 quoque
1679 4182 1735 4228 et
1766 4173 2053 4235 horrendi,

464 4266 559 4335 qui
588 4266 741 4320 velut
774 4267 830 4319 in
863 4264 1089 4321 arbusto
1121 4267 1175 4319 in
1213 4281 1400 4319 rerum
1436 4265 1677 4321 essentia
1712 4266 1875 4329 inest,
1914 4265 2057 4335 ignis

2149 3083 2347 3151 ἄμμον
2381 3081 2544 3149 ὅριον
2576 3080 2649 3147 τῇ
2672 3078 2978 3145 θαλάσσῃ,
3010 3077 3107 3131 καί
3134 3076 3331 3147 λέγων
3355 3077 3534 3144 αὐτῇ.
3554 3078 3751 3146 Μέχρι

2148 3176 2362 3233 τούτου
2392 3173 2700 3239 διελειῗνσῃ,
2761 3172 2855 3223 καὶ
2885 3173 2995 3238 οὐχ
3025 3170 3360 3238 ὑπερίῗήβῃ.
3418 3171 3518 3225 καὶ
3547 3171 3619 3223 ἑν
3642 3171 3745 3224 σοι

2149 3265 2660 3333 συντριϐήσονταὶ
2685 3279 2801 3316 σου
2824 3263 2893 3317 τὰ
2917 3265 3170 3330 κύματα·
3202 3262 3327 3325 τοὺς
3349 3262 3405 3314 δὲ
3434 3264 3513 3325 εἰς
3533 3263 3637 3332 γῆν
3665 3264 3745 3315 ἔτι

2150 3355 2549 3419 κατανεύοντας
2573 3354 2869 3424 λογισμοὺς
2899 3354 2994 3407 καὶ
3016 3342 3115 3417 τὴν
3142 3353 3201 3419 ἐξ
3222 3354 3397 3421 αὑτῆς
3421 3353 3747 3422 ἐπιζητοῦνο

2149 3467 2245 3512 τας
2293 3448 2595 3519 ἀπόλαυσιν
2622 3489 2637 3513 ,
2672 3447 2838 3518 ,ὑπὲρ
2884 3430 2967 3516 ἦς’
3007 3445 3068 3498 τὸ
3111 3445 3347 3515 θυμικὸν
3376 3446 3747 3516 διαμάχεσθαι

2152 3541 2247 3593 καὶ
2294 3539 2384 3592 τὸν
2415 3537 2801 3607 διαγνωστικὸν
2829 3539 3116 3608 τυραννεῖν
3150 3538 3245 3589 καί
3275 3530 3620 3590 ἀπωθεῖσθαι
3647 3538 3747 3589 πέ-

2154 3647 2295 3699 φυκε
2324 3630 2481 3697 λόγον
2502 3668 2517 3693 ,
2555 3628 2845 3700 προϐάτων
2872 3627 3147 3699 δίκηνδιά
3171 3628 3271 3697 τῆς
3302 3628 3520 3698 ἐρήμου
3553 3628 3747 3681 παθῶν

2154 3722 2247 3771 καὶ
2301 3719 2443 3771 ὑλῶν
2495 3702 2872 3789 ἐστερημένης
2949 3718 3042 3771 καὶ
3096 3716 3299 3788 ἡδονῶν
3351 3718 3750 3781 καταστάσεως

2154 3811 2303 3876 ἄγων
2350 3809 2425 3874 ὡς
2461 3812 2780 3880 ἐπιστήμων
2815 3810 3022 3881 ποιμὴν
3065 3809 3204 3880 πρὸς
3233 3804 3293 3862 τὸ
3322 3808 3451 3883 ὅρος
3481 3809 3584 3879 τῆς
3613 3811 3751 3878 γνὼ-
3832 3870 3849 3877 _

2158 3904 2292 3965 σὲως
2327 3902 2422 3956 τοῦ
2450 3901 2590 3956 Θεοῦ
2626 3902 2691 3957 τὸ
2715 3904 2770 3955 ὲν
2797 3902 2874 3971 τῷ
2900 3902 3022 3970 ῦψει
3052 3902 3149 3970 τῆς
3173 3902 3416 3964 διανοίας
3444 3902 3744 3972 ὁρώμενον.

2156 3984 2226 4061 ᾮ
2267 3991 2570 4058 φιλοπόνως
2614 3980 2968 4063 ἐνδιατρίϐων
3002 3990 3092 4044 διά
3122 3990 3234 4043 τῶν
3269 3991 3576 4061 προσφυῶν
3612 3990 3749 4043 κατά

2157 4082 2375 4153 πνεῦμα
2411 4082 2785 4154 θεωρημάτων
2844 4085 2981 4154 μετά
3012 4083 3112 4153 τὴν
3144 4083 3433 4152 ἀπόλειψιν
3468 4084 3573 4152 τῆς
3608 4084 3749 4137 κατά

2158 4166 2282 4229 νοῦν
2340 4175 2476 4246 πρὸς
2527 4176 2593 4227 τά
2640 4174 2879 4244 αἰσθητά
2926 4175 3163 4244 σχέσεως
3223 4173 3422 4243 (τοῦτο
3449 4175 3561 4244 γὰρ
3597 4171 3749 4245 οἶμαι

2160 4267 2355 4337 δηλοῦν
2387 4265 2482 4336 τὴν
2513 4266 2605 4319 τοῦ
2634 4264 3208 4338 τεσσαρακονταετοῦς
3242 4267 3437 4336 χρόνου
3473 4256 3746 4337 πάροδον),

464 4357 638 4411 divini
668 4364 948 4426 spectator
974 4358 1217 4427 cogitatu
1244 4364 1299 4410 et
1325 4356 1546 4411 auditor
1578 4354 1695 4410 ﬁeri
1726 4356 2047 4421 merchitur,

2166 4360 2262 4411 καὶ
2311 4358 2405 4410 τοῦ
2456 4359 2700 4429 ἀρρήτου
2752 4358 2847 4411 καὶ
2888 4355 3201 4428 ὑπερφυοῦς
3236 4356 3430 4427 ῶσπερ
3459 4356 3653 4427 θάμνῳ
3685 4359 3748 4428 τῇ

464 4448 598 4513 hei,
636 4449 897 4517 inquam,
946 4447 1266 4511 Sermonis;
1308 4450 1405 4517 qui
1448 4448 1518 4503 de
1566 4456 1773 4502 sancta:
1820 4448 2062 4519 Virginis

464 4540 636 4594 rubro
657 4540 714 4594 in
741 4540 1058 4595 novissimis
1080 4539 1278 4594 diebus
1300 4540 1473 4594 eluxit
1494 4548 1549 4594 et
1574 4539 1870 4594 carnaliter
1893 4540 2059 4596 nobis

463 4639 830 4686 conversatus
852 4640 938 4687 est
961 4643 986 4671 υ
1009 4649 1026 4698 ;
1054 4631 1265 4685 nudum
1297 4632 1614 4688 intellectus
1640 4630 1932 4700 vestigium
1961 4632 2055 4686 tali

465 4724 727 4793 mysterio
775 4724 1192 4794 propinquans,
1248 4723 1727 4792 humanarumque
1776 4724 2063 4797 cogitatio-

2160 4450 2322 4521 οὐσίᾳ
2353 4449 2461 4503 τῶν
2489 4451 2660 4504 ὅντων
2696 4449 3095 4521 ἐνυπάρχοντος
3129 4448 3276 4502 θείου
3308 4448 3486 4518 πυρὸς
3518 4450 3643 4502 κατ’
3670 4448 3752 4501 ἕνα

2161 4560 2311 4597 νοιαν
2361 4541 2561 4611 θεατὴς
2609 4540 2865 4617 γενέσθαι
2914 4541 3007 4593 καὶ
3049 4540 3325 4610 ἀκροατὴς
3359 4539 3749 4611 ἀξιωθήσεται,

2162 4630 2256 4687 τοῦ
2288 4636 2350 4688 ἐκ
2378 4635 2476 4705 τῆς
2504 4632 2670 4704 βάτου
2696 4632 2797 4702 τῆς
2823 4631 2985 4699 ἀγίας
3005 4630 3288 4701 Παρθένου
3313 4631 3462 4701 φημὶ
3489 4633 3578 4686 ἐπ’
3596 4632 3754 4703 ἐσχά-

2161 4743 2268 4778 των
2305 4724 2411 4778 τῶν
2443 4727 2652 4796 χρόνων
2691 4723 3079 4794 ἐκλάμψαντος
3131 4722 3224 4776 καί
3260 4723 3353 4783 διὰ
3384 4725 3591 4796 σαρκὸς
3626 4727 3754 4796 ἡμῖν

464 4830 621 4881 num,
650 4820 710 4869 ut
733 4824 1099 4880 mortuarum,
1126 4815 1517 4870 calceamentis
1540 4798 1699 4885 plane
1721 4815 1978 4879 liberum,
2004 4827 2047 4870 el

2156 4816 2523 4888 ὁμιλήσαντος
2575 4814 2713 4868 Θεοῦ
2757 4816 2931 4884 Λόγου
2956 4855 2972 4879 ,
3035 4814 3245 4891 γυμνὸν
3284 4816 3346 4867 τὸ
3383 4816 3484 4886 τῆς
3512 4815 3755 4879 διανοίας

464 4906 533 4965 ad
571 4907 1006 4978 investigandam
1036 4908 1188 4961 velut
1220 4906 1414 4965 faciem
1449 4904 1650 4961 mentis
1693 4907 1865 4971 aciem
1897 4924 2057 4961 aver-

2159 4906 2304 4977 ίχνος
2333 4908 2412 4978 τῷ
2437 4909 2668 4983 τοιούτῳ
2696 4905 2982 4977 μυστηρίῳ
3010 4906 3332 4976 προσάγων,
3357 4906 3455 4959 καὶ
3474 4906 3754 4976 λογισμῶν

468 5006 612 5063 lens,
657 4999 882 5069 solaque
912 4998 1018 5054 ﬁde
1058 4998 1127 5053 ad
1162 4998 1535 5068 recipiendam
1566 4998 1835 5070 mysterii,
1867 5000 1936 5053 ad
1964 5015 2047 5053 au-

2157 4999 2520 5070 ἀνθρωπίνων
2550 4999 2627 5061 ὡς
2655 4996 2866 5068 νεκρῶν
2895 4996 3266 5066 ὑποδημάτων
3295 4996 3581 5060 παντελῶς
3605 4998 3756 5050 ἐλεύ-

469 5091 613 5143 rium
642 5090 837 5155 instar,
862 5090 1060 5145 anima:
1086 5091 1412 5159 obsequium
1445 5091 1800 5160 patefaciens,
1826 5105 1892 5144 cx
1925 5107 2056 5161 quo,

470 5179 707 5233 validam
752 5189 808 5235 et
855 5180 1118 5235 invictam
1160 5192 1353 5236 contra
1402 5183 1573 5237 malas
1620 5188 1922 5253 potestates
1962 5184 2059 5237 ha-

469 5268 636 5323 brute
667 5279 1016 5338 potestatem,
1064 5273 1134 5327 ab
1168 5272 1250 5328 eis
1294 5289 1417 5343 qme
1459 5283 1649 5329 contra
1694 5285 1945 5328 naturam
1998 5291 2063 5330 ca

471 5377 595 5427 qua)
639 5363 944 5417 secundum
981 5372 1255 5425 naturam,
1288 5382 1316 5419 a
1352 5367 1669 5434 carnalibus
1713 5365 1992 5429 animalia,
2029 5382 2059 5420 a

473 5451 853 5507 materialibus
878 5454 1350 5525 sensibilibusquc
1381 5446 1747 5527 intelligibilia
1779 5462 1836 5510 et
1874 5455 2068 5511 imma-

558 5611 574 5645 ι
611 5605 717 5661 Jer.
752 5625 805 5677 v,
839 5606 1291 5678 22;10b-!XVIII,
1328 5605 1385 5659 Η
1490 5623 1514 5650 ιι
1544 5614 1758 5668 [laruch
1798 5630 1875 5680 tu,
1908 5613 1999 5672 58.

1642 5886 1666 5908 ι

2160 5091 2341 5160 θερον,
2376 5091 2470 5146 καὶ
2505 5089 2639 5160 πρὸς
2671 5088 2772 5159 μὲν
2804 5089 3065 5158 ζήτησιν,
3116 5087 3307 5161 ῶσπερ
3343 5089 3661 5157 πρόσωπον,
3696 5090 3757 5143 τὺ
3848 5086 3851 5091 ’

2164 5182 2264 5248 τῆς
2309 5182 2551 5246 διανοίας
2598 5181 2824 5234 ὀπτικὺν
2866 5180 3266 5249 ἀποστρέφων,
3322 5180 3505 5235 πίστει
3528 5180 3587 5235 δὲ
3619 5183 3756 5254 μόνῃ

2167 5270 2305 5339 πρὸς
2335 5270 2605 5341 ὑποδοχὴν
2636 5268 2731 5322 τοῦ
2765 5267 2948 5339 (155
2967 5269 3018 5335 b)
3049 5269 3358 5339 μυστηρίου
3379 5309 3395 5334 ,
3432 5269 3606 5339 ἀκοῆς
3634 5271 3759 5339 τρό-

2168 5378 2268 5413 πον
2289 5403 2303 5424 ,
2343 5364 2404 5416 τὸ
2436 5364 2534 5433 τῆς
2560 5362 2737 5433 ψυχῆς
2770 5354 3018 5423 εὐπειθὲς
3046 5359 3338 5429 διανοίγων
3358 5402 3372 5426 ,
3411 5361 3543 5431 παρ’
3565 5355 3629 5416 οῦ
3655 5360 3756 5427 τὴν

2170 5454 2398 5525 ἰσχυρὰν
2448 5456 2542 5509 καὶ
2585 5456 2851 5527 ἀήττητον
2889 5451 3025 5506 κατά
3052 5450 3166 5505 τῶν
3197 5452 3450 5523 πονηρῶν
3476 5452 3756 5525 δυνάμεων
