4066 6150
337 220 478 290 1153

1565 215 2087 280 AMBIGUORUM
2129 219 2380 279 LIBER.

3443 224 3583 290 1154

335 333 558 402 Θεωρία
600 332 708 388 τοῦ
734 335 955 403 τρόπου
997 330 1128 387 καθ’
1183 330 1258 386 ὃν
1301 327 1457 398 ὑπὲρ
1499 328 1608 381 τὸν
1651 326 1895 397 Savona}:

2017 325 2404 399 Contemplatio
2437 328 2579 384 modi
2611 344 2714 400 quo
2741 329 2786 386 is
2815 331 2906 402 qui
2931 331 3040 386 Deo
3064 345 3162 403 per
3183 335 3360 390 omnia
3393 336 3588 390 obtem-

405 421 652 475 καὶτὸν
679 423 947 493 γραπτὸν
987 421 1178 490 νόμον
1203 417 1430 489 γίνεται
1462 418 1494 470 ό
1530 415 1629 470 διὰ
1668 414 1910 470 πάντων

403 511 484 577 τῷ
507 510 629 578 Θεῷ
660 513 984 582 γενόμενος
1010 510 1316 578 εὐπειθής.

403 603 467 656 Εἰ
494 601 604 673 γὰρ
630 604 780 656 πᾶσα
821 605 854 673 ἡ
889 603 996 658 τῶν
1024 604 1194 657 ὄντων
1222 599 1382 670 φύσις
1421 601 1501 663 είς
1529 599 1599 654 τὰ
1621 601 1788 672 νοητὰ
1815 601 1910 654 καὶ

327 695 400 748 τὰ
429 693 672 764 αίσθητᾶί
690 695 962 766 διῄρηται,
1011 696 1106 772 qui.
1140 693 1210 750 τὰ
1261 695 1359 764 μὲν
1393 692 1612 762 λέγεται
1639 694 1734 748 καὶ
1760 693 1908 748 ἐστιν

331 787 547 852 αἰώνια,
599 785 675 849 ὡς
709 788 768 839 ἐν
815 787 971 840 αἰῶνι
1003 785 1097 840 τοῦ
1125 782 1270 858 εἶναι,
1313 784 1586 839 λαῦόντων
1618 786 1812 856 ἀρχὴν,
1841 783 1909 838 τὰ

328 877 384 931 δὲ
425 878 674 949 χρονικὰ,
731 877 802 938 ὡς
829 879 886 930 ὲν
931 877 1107 947 χρόνῳ
1165 877 1532 948 πεποιημένα,
1574 877 1760 930 καὶτὰ
1811 877 1906 946 μὲν

331 968 626 1021 ὑποπίπτει
681 967 883 1034 νοήσει,
932 967 1000 1020 τά
1034 966 1106 1018 ηδᾱ
1154 965 1426 1038 αἰσθήσει,
1474 967 1564 1020 διὰ
1591 967 1690 1038 τὴν
1734 966 1908 1021 ταῦτα

331 1059 582 1128 ἀλλήλοις
637 1059 1074 1126 ἐπισφίγγουσαν
1112 1057 1205 1110 τοῦ
1253 1059 1392 1112 κατὰ
1444 1057 1606 1128 φύσιν
1655 1059 1904 1130 σχετικοῦ

245 1205 250 1210 _
333 1149 621 1218 ἰδιώματος
668 1149 864 1203 ἄλυτον
906 1150 1138 1220 δύναμιν
1196 1149 1388 1219 (πολλὴ
1443 1152 1553 1222 γάρ
1593 1153 1626 1222 ὴ
1673 1151 1810 1222 πρὸς
1836 1150 1907 1204 τὰ

327 1239 593 1309 νοούμενα
638 1239 748 1292 τῶν
805 1239 1072 1293 νοοῦντων
1102 1240 1198 1294 καὶ
1251 1240 1387 1311 προς
1431 1243 1503 1294 τὰ
1535 1241 1769 1310 αἰσθητὰ
1795 1241 1905 1297 τῶν

323 1329 728 1400 αξσθανομένων
755 1331 788 1400 ἠ
815 1331 1020 1399 σχέσις,
1055 1331 1084 1383 ὁ
1108 1330 1165 1384 δὲ
1215 1330 1502 1402 ἄνθρωπος
1528 1332 1592 1384 ἐκ
1613 1331 1788 1401 ψυχῆς
1811 1331 1905 1384 καὶ

325 1421 576 1493 σώματος
607 1424 894 1491 τυγχάνων
923 1421 1246 1492 αἰσθητικοῦ
1269 1424 1358 1478 διὰ
1387 1427 1486 1494 τῆς
1509 1422 1630 1479 κατ’
1663 1423 1902 1478 ἐπαλλα-

325 1513 426 1583 γὴν
451 1514 588 1582 πρὸς
619 1514 858 1584 ἑκάτερα
888 1512 957 1567 τὰ
985 1514 1086 1582 τῆς
1117 1515 1346 1579 κτίσεως
1373 1517 1636 1586 τμήματα
1667 1515 1902 1587 φυσικῆς

2083 421 2347 488 parauerit
2391 426 2502 473 tant
2549 418 2853 476 naturalem
2901 438 3064 494 quam
3113 425 3370 496 scriptam
3420 425 3586 498 legem

2079 521 2308 581 superet.
2817 557 2826 564 .

2037 662 2045 672 ,
2079 601 2299 660 Etenim
2329 603 2377 658 si
2404 603 2585 659 omnis
2607 617 2792 660 rerum
2817 613 3014 660 natura
3039 605 3094 660 in
3126 606 3494 678 intelligibilia
3520 623 3586 664 ac

2007 693 2294 750 scnsibilia
2335 693 2625 759 dividitur,
2656 703 2714 750 et
2748 696 2925 750 altera
2965 704 3020 750 et
3055 695 3322 756 dicuntur
3359 705 3415 752 et
3453 705 3584 753 sunt

2007 792 2340 848 aeterna,.ut
2385 784 2482 852 qui
2525 784 2582 839 in
2623 785 2934 840 aeternitate
2977 785 3313 842 exsistentiie
3357 787 3582 842 initium

2008 883 2311 944 ceperunt,
2343 875 2517 929 altera
2548 891 2682 929 vero
2721 877 3075 946 temporalia,
3109 885 3296 946 utpote
3343 877 3402 930 in
3446 885 3584 932 tem-

2007 980 2145 1035 pore
2199 966 2364 1031 facta,
2425 967 2472 1021 si
2506 968 2598 1022 illa
2664 983 2832 1038 porro
2891 968 3198 1022 intellectui
3261 969 3578 1035 succidunt,

2006 1057 2126 1113 haec
2180 1059 2406 1124 sensui,
2483 1068 2710 1130 propter
2772 1059 3199 1130 inseparabilem
3255 1061 3402 1126 vim,
3463 1062 3581 1118 haec

2007 1149 2154 1202 inter
2193 1165 2252 1204 se
2298 1150 2404 1204 sibi
2447 1152 2822 1220 copulantem,
2855 1151 3215 1220 proprietatis
3255 1155 3581 1208 naturaliter

2003 1241 2248 1294 relative:
2291 1240 2484 1303 (multa
2525 1241 2676 1295 enim
2719 1241 2786 1295 ad
2831 1241 3111 1297 intellecta
3153 1243 3578 1313 intelligentiam

2001 1337 2092 1385 est
2120 1339 2176 1384 et
2207 1333 2276 1386 ad
2311 1331 2594 1386 scnsibilia
2628 1332 2987 1387 sentientium
3023 1335 3246 1398 relatio,
3279 1335 3446 1389 homo
3475 1352 3578 1390 au-

2005 1429 2115 1476 tem
2140 1437 2210 1477 ex
2233 1422 2415 1477 anima
2439 1430 2496 1476 et
2520 1438 2754 1491 corpore
2779 1423 3027 1478 sensibili
3053 1433 3315 1482 constans
3338 1426 3578 1480 naturali

2003 1523 2058 1566 et
2081 1521 2270 1566 mutua
2299 1511 2366 1566 ad
2394 1521 2680 1586 utramque
2707 1511 3048 1565 conditionis
3072 1522 3282 1581 partem
3310 1513 3576 1568 relatione

324 1593 562 1673 σχέσεώς
595 1619 654 1656 τε
680 1605 772 1656 καὶ
803 1604 1062 1674 ἰδιότητος
1104 1605 1200 1659 καὶ
1233 1607 1636 1677 περιγράφεται
1667 1607 1760 1662 καὶ
1799 1624 1895 1660 περ

2001 1611 2168 1672 atque
2209 1604 2552 1672 proprietate
2596 1612 2704 1656 tam
2745 1603 3220 1658 circumscribitur
3257 1619 3420 1673 quam
3465 1605 3577 1657 cir-

327 1671 606 1762 ριγράφει,
653 1693 715 1746 τὸ
776 1693 876 1764 μὲν
1055 1696 1244 1767 οὐσίᾳ,
1302 1671 1501 1750 τὸδ’δὲ-
1533 1702 1596 1768 τῇ
1647 1699 1895 1770 δυνάμει,

2003 1671 2362 1760 cumscribit,
2397 1696 2636 1750 alterum
2683 1695 2957 1759 essentia,
2991 1695 3224 1750 alterum
3270 1671 3574 1766 potestate,

323 1783 504 1854 (157
538 1785 589 1854 ὁ)
625 1783 700 1848 ὡς
737 1788 850 1848 τοῖς
895 1769 1090 1840 ἑαυτοῦ
1135 1789 1273 1860 πρὸς
1305 1787 1478 1842 ταῦτα
1525 1769 1900 1861 διαιρούμενος

323 1876 542 1946 μέρεσι,
583 1876 678 1929 καὶ
715 1875 890 1940 ταῦτα
933 1877 1022 1930 διὰ
1073 1878 1182 1932 τῶν
1221 1881 1441 1934 οἰκείων
1487 1883 1671 1954 μερῶν
1722 1883 1899 1954 ἑαυτῷ

321 1965 445 2018 καθ’
469 1965 662 2020 ἕνωσιν
704 1967 1084 2038 ἐπισπώμενος
1107 1983 1121 2000 ο
1167 1949 1604 2042 περιγράφεσθαι
1657 1977 1764 2045 γάρ
1789 1949 1899 2040 τοῖς

321 2058 532 2124 νοητοῖς
562 2059 656 2110 καὶ
681 2057 1073 2129 αἰσθητοῖςηὼς
1100 2061 1246 2132 ψυχὴ
1277 2066 1562 2133 τυγχάνων
1589 2067 1684 2120 καὶ
1715 2069 1893 2139 σῶμα,

321 2147 416 2202 καὶ
444 2149 812 2220 περιγράφειν
860 2151 1031 2205 ταῦτα
1079 2153 1222 2206 κατά
1268 2153 1502 2224 δύναμιν
1526 2157 1789 2226 πέφυκεν,
1822 2158 1899 2222 ὡς

321 2237 456 2292 νοῶν
483 2239 582 2292 καὶ
607 2239 996 2312 αἰσθανόμενος
1017 2259 1030 2273 ·
1064 2243 1093 2294 ὁ
1137 2243 1193 2296 δὲ
1221 2243 1351 2308 Θεὸς
1381 2245 1566 2304 ἁπλῶς
1605 2249 1700 2303 καὶ
1741 2249 1896 2320 ἀορί-

321 2346 461 2392 στως
506 2330 647 2402 ὑπὲρ
677 2331 856 2389 πάντα
889 2333 960 2386 τὰ
994 2333 1122 2388 ὄντα
1172 2335 1312 2400 ἐστὶ,
1346 2337 1414 2390 τά
1467 2339 1791 2409 περιέχοντά
1831 2351 1895 2396 τε

319 2419 417 2472 καὶ
462 2421 828 2492 περιεχόμενα
873 2423 969 2489 κα).
989 2423 1110 2495 τὴν,
1143 2419 1216 2478 ὧν
1246 2427 1346 2479 οὐκ
1378 2426 1504 2480 ἄνευ
1539 2428 1734 2494 ταῦτα,
1764 2431 1900 2502 χρό-“

319 2525 410 2562 νου
454 2512 597 2581 φημὶ
645 2513 738 2577 καὶ
781 2513 974 2577 αἰῶνος
1027 2517 1120 2568 καὶ
1148 2517 1314 2570 τόπου
1345 2519 1549 2588 φύσιν,
1594 2517 1676 2585 οἷς
1701 2523 1762 2576 τὸ
1787 2527 1896 2578 πᾶν

320 2605 714 2674 περικλείεται,
761 2606 838 2670 ὡς
880 2609 1016 2662 πᾶσι
1041 2610 1320 2675 παντελῶς
1369 2611 1597 2682 ἄσχετος
1629 2611 1751 2684 ὢν),
1785 2615 1896 2685 ἄρα

322 2697 612 2766 σωφρόνως
653 2701 682 2752 ό
719 2699 968 2768 διαγνοὺς
1021 2700 1139 2764 πῶς
1186 2703 1320 2772 ἐρᾷν
1351 2702 1445 2754 τοῦ
1475 2702 1610 2756 Θεοῦ
1643 2703 1744 2767 δεῖ,
1799 2705 1893 2761 τοῦ

319 2787 460 2858 ὑπὲρ
523 2789 684 2858 λόγον
739 2792 834 2844 καὶ
899 2791 1104 2860 γνῶσιν
1162 2793 1260 2846 καὶ
1319 2795 1500 2862 πάσης
1553 2795 1741 2859 ἅπλῶς
1795 2797 1894 2866 τῆς

317 2880 640 2952 οίασδήποτε
696 2885 1017 2938 παντάπασι
1075 2885 1330 2954 σχέσεως,
1395 2887 1737 2960 ἐξῃρημένον
1798 2891 1892 2946 καὶ

309 2971 554 3071 φύσεως,
605 2973 782 3071 πάντα
833 2975 901 3029 τὰ
931 2975 1164 3046 αἰσθητά
1217 2977 1313 3030 καὶ
1351 2978 1518 3048 νοητά
1569 2979 1664 3032 καὶ
1711 2982 1890 3038 πάντα
1920 3011 1962 3071 c

318 3062 506 3132 χρόνον
540 3065 632 3118 καὶ
655 3064 828 3118 αἰῶνα
867 3066 960 3120 καὶ
995 3067 1160 3120 τόπον
1181 3068 1228 3099 ⁸⁸
1265 3068 1508 3138 ἀσχέτως
1558 3070 1892 3140 παρελεύσε-

315 3167 428 3216 ται,
460 3152 550 3206 καὶ
594 3155 775 3224 πάσης
817 3155 1124 3211 τελευταῖον
1166 3158 1293 3228 ὅλης
1342 3158 1442 3227 τῆς
1476 3161 1595 3212 κατ’
1637 3161 1892 3238 αἴσθησιν

318 3243 412 3298 aiat
471 3243 630 3312 λόγον
695 3245 788 3300 καὶ
827 3247 953 3301 νοῦν
1007 3249 1309 3320 ἐνεργείας.
1347 3249 1538 3303 ἑαυτὸν
1595 3251 1892 3324 ὑπερφυῶς

315 3331 717 3406 άπογυμνὼσᾶς
765 3338 1023 3408 ἀρρήτως
1069 3355 1128 3390 τε
1156 3339 1250 3391 καὶ
1281 3337 1575 3407 ἀγνώστως
1622 3341 1721 3411 τῆς
1751 3343 1890 3413 ὑπὲρ

315 3427 473 3494 λόγον
502 3428 597 3481 καὶ
625 3429 751 3482 νοῦν
775 3428 926 3492 θείας
955 3429 1320 3500 τερπνότητος
1365 3428 1730 3496 ἑπιτεύξεται,
1765 3433 1890 3485 καθ’

315 3517 376 3572 ὃν
407 3515 511 3571 οἶδε
541 3519 742 3590 τρόπον
768 3537 828 3572 τε
860 3519 956 3574 καὶ
999 3519 1155 3588 λόγον
1192 3519 1222 3570 ὁ
1251 3520 1351 3592 τὴν
1380 3521 1635 3593 τοιαύτην
1682 3518 1890 3592 δωρού-

319 3593 478 3678 μενος
503 3609 664 3679 χάριν
708 3609 841 3671 Θεὺς
868 3611 960 3664 καὶ
1004 3611 1072 3664 οἱ·
1099 3611 1490 3682 ταύτηνπαρά
1519 3612 1654 3666 Θεοῦ
1705 3613 1890 3666 λαϐεῖν

313 3697 655 3764 ἀξιωθέντες,
685 3699 870 3753 οὐκέτι
917 3699 1069 3754 οὐδὲν
1106 3699 1332 3768 φυσικὸν
1372 3700 1406 3770 ἦ
1435 3701 1680 3772 γραπτὸν
1712 3701 1890 3774 ἑαυτῷ

317 3789 890 3860 συνεπικομιζόμενος,
946 3791 1166 3845 πάντων
1213 3791 1362 3862 αὑτῷ
1413 3793 1522 3846 τῶν
1564 3793 1882 3868 λεχθῆναιῆ

311 3879 622 3950 γνωσθῆναι
668 3881 981 3959 δυναμένων
1013 3882 1294 3946 παντελῶς
1337 3883 1754 3956 ὑπερόαθέντων
1795 3886 1887 3939 καὶ

315 3973 848 4039 κατασιγασθέντων.

313 4231 535 4298 θεωρία
575 4235 661 4301 εις
718 4228 784 4290 τό
844 4236 976 4304 περὶ
1021 4235 1128 4290 τοῦ
1180 4235 1556 4304 ἐμπεσόντος
1603 4237 1692 4302 εἰς
1741 4233 1885 4302 τοὺς

555 4347 561 4352 ·
622 4323 1058 4393 luerim-putor
1077 4323 1184 4378 τοῦ
1213 4325 1601 4392 Εὐαγγελίου.

2001 1791 2192 1851 utpote
2219 1783 2302 1837 sui
2334 1783 2510 1852 ipsius
2536 1783 2789 1854 partibus
2817 1782 2870 1835 in
2899 1773 3014 1836 haec
3042 1793 3350 1853 separatus,
3375 1795 3431 1838 ct
3461 1785 3591 1842 limc'

2000 1889 2100 1943 per
2133 1874 2388 1943 pr0prias
2419 1884 2605 1943 partes
2637 1873 2955 1928 coadunans
2991 1884 3046 1928 et
3079 1875 3366 1934 attrahens
3405 1893 3418 1928 :
3463 1875 3574 1930 cir-

1998 1965 2402 2022 cumscribitur
2434 1964 2580 2018 enim
2617 1964 3062 2035 intelligibilibus
3096 1981 3160 2020 ac
3193 1965 3571 2032 sensibilibus,

1997 2057 2206 2126 quippe
2240 2058 2422 2112 anima
2457 2065 2542 2112 est
2575 2065 2632 2111 et
2665 2073 2890 2126 corpus,
2919 2065 2978 2110 et
3010 2057 3420 2112 circumscribit
3456 2057 3574 2112 lucc

1998 2144 2066 2199 de
2097 2133 2394 2214 potestate,
2423 2146 2628 2215 quippe
2659 2145 2980 2218 intelligens
3011 2155 3068 2199 et
3097 2146 3343 2200 sentiens
3379 2163 3392 2198 :
3430 2146 3574 2202 Deus

1996 2253 2130 2293 vero
2175 2221 2501 2308 simpliciter
2545 2246 2602 2294 et
2642 2239 2857 2292 inﬁnite
2901 2255 3069 2308 super
3109 2255 3330 2294 omnem
3381 2256 3570 2294 rerum

1994 2337 2252 2384 naturam
2285 2339 2398 2392 est,
2435 2339 2544 2384 tam
2579 2345 2747 2400 super
2776 2345 2841 2384 ea
2875 2346 2997 2399 qua:
3030 2329 3378 2384 circumdant
3404 2327 3569 2400 quam

1995 2434 2116 2488 qua:
2155 2419 2573 2474 circumdantur
2607 2436 2886 2491 superque
2923 2429 3178 2476 naturam
3219 2437 3410 2476 eorum
3449 2422 3570 2476 sine

1995 2499 2200 2581 quibus
2231 2511 2346 2566 haec
2375 2503 2488 2570 non
2521 2521 2668 2575 sunt,
2702 2513 2970 2582 temporis
3001 2512 3126 2567 dico
3159 2523 3214 2568 et
3245 2512 3569 2568 atternitatis

1995 2611 2050 2654 et
2084 2599 2215 2664 loci,
2245 2601 2449 2669 quibus
2491 2601 2824 2656 universitas
2862 2600 3338 2658 circumcluditur.
3374 2611 3567 2672 utpote

1994 2691 2142 2745 omni
2174 2693 2240 2747 ad
2269 2692 2570 2762 quidquam
2597 2693 2866 2750 relatione
2889 2693 3136 2763 carens);
3158 2709 3288 2764 ergo
3311 2696 3405 2764 qui
3437 2711 3568 2766 pru-

1993 2783 2190 2838 denter
2227 2785 2482 2854 cognovit
2527 2785 2808 2855 quomodo
2860 2786 3264 2862 Deum.amare
3316 2785 3564 2852 deberet,

1993 2875 2086 2946 qui
2128 2875 2396 2930 rationem
2431 2885 2489 2930 et
2519 2877 2895 2947 cognitionem
2929 2884 3154 2946 superat
3186 2885 3240 2932 et
3272 2877 3564 2946 qualicun-

1995 2979 2099 3034 que
2137 2963 2362 3018 omnino
2395 2965 2546 3018 omni
2583 2965 2850 3020 relatione
2884 2973 2940 3020 et
2969 2974 3166 3020 natura
3200 2966 3343 3020 liber
3372 2975 3486 3030 est,
3518 2969 3565 3024 is

1992 3055 2174 3110 omnia
2210 3055 2493 3109 scnsibilia
2527 3065 2693 3125 atque
2729 3055 3096 3126 intelligibilia
3132 3064 3188 3110 et
3219 3059 3380 3112 omne
3423 3065 3562 3112 tem-

1990 3162 2096 3216 pus
2127 3156 2181 3200 et
2212 3138 2578 3200 aeternitatem
2611 3153 2668 3199 et
2701 3145 2883 3199 locum
2920 3147 3039 3200 sine
3071 3147 3338 3200 relatione
3381 3156 3562 3204 trans—

1989 3239 2294 3308 gredietur,
2328 3247 2383 3293 et
2423 3239 2571 3292 omni
2613 3239 2836 3292 demum
2879 3252 2944 3292 ac
2985 3241 3096 3292 tcta
3138 3251 3194 3293 et
3231 3241 3470 3294 sensuali
3507 3251 3563 3295 et

1989 3330 2242 3388 rationali
2288 3339 2346 3385 et
2381 3330 2744 3384 intellectuali
2781 3329 2999 3384 actione
3043 3331 3204 3398 plane
3247 3330 3564 3386 denudatus

1989 3414 2344 3476 incll'abiliter
2377 3432 2434 3475 et
2466 3419 3106 3490 incomprehensibiliter
3139 3420 3408 3486 divinam,
3438 3429 3562 3491 qua!

1991 3511 2222 3566 verbum
2255 3521 2313 3564 et
2346 3511 2686 3565 intellectum
2722 3519 3018 3578 superata,
3049 3509 3387 3578 voluptatem
3424 3527 3560 3565 con-

1994 3608 2277 3672 sequetur,
2314 3603 2526 3656 ratione
2566 3611 2623 3656 et
2661 3600 2824 3654 modo
2869 3616 3032 3670 quem
3083 3609 3290 3654 norunt
3330 3599 3424 3672 qui
3468 3603 3562 3657 dat

1992 3693 2260 3765 ejusmodi
2295 3693 2700 3763 gratiam-Deus
2733 3698 2787 3745 et
2821 3689 2898 3746 illi
2927 3691 3021 3759 qui
3061 3706 3180 3745 eam
3215 3707 3243 3744 a
3279 3691 3388 3746 Deo
3419 3695 3563 3748 acci-

1993 3801 2120 3854 pere
2165 3792 2515 3849 meruerunt,
2547 3797 2648 3836 nec
2695 3781 2950 3835 naturale
2995 3781 3127 3849 quid
3177 3781 3416 3850 amplius
3457 3798 3562 3836 nec

1991 3876 2265 3944 scriptum
2310 3890 2495 3929 secum
2545 3874 2758 3937 ferens,
2795 3880 3083 3942 postquam
3136 3873 3394 3925 universa
3438 3889 3562 3941 qua:

1991 3965 2098 4020 dici
2129 3967 2178 4020 ei
2207 3974 2302 4020 aut
2325 3965 2577 4034 cognosci
2608 3971 2930 4034 potuerunt,
2954 3971 3216 4030 superata
3245 3973 3373 4016 sunt
3397 3973 3560 4032 atque

1991 4057 2213 4111 silentio
2241 4056 2546 4126 obsignata.
2574 4062 2582 4068 ‘

1993 4229 2377 4302 Contemplatio
2403 4231 2459 4284 in
2490 4227 2769 4300 Evangelii
2798 4227 2992 4281 dictum
3023 4225 3086 4277 de
3115 4241 3172 4278 eo
3200 4227 3289 4296 qni
3315 4226 3369 4278 in
3399 4226 3562 4280 intro-

2583 4337 2672 4374 nes
2702 4321 2880 4374 incidit
2902 4318 2950 4372 δ.

381 4412 496 4466 Καὶ
521 4412 658 4482 τάχα
674 4383 1003 4470 ’.τοῦτόνὲστι
1035 4415 1096 4467 τὸ
1142 4418 1254 4479 τοῖς
1293 4383 1529 4468 δοθεῖσιν
1585 4415 1680 4468 ἐπὶ
1717 4413 1882 4486 θερα-

2058 4415 2136 4473 Ac
2175 4412 2408 4469 fortasse
2443 4383 2551 4466 ltoc
2587 4411 2748 4481 quod
2777 4412 2922 4465 datis
2961 4412 3016 4464 in
3059 4411 3400 4466 curationem
3441 4410 3564 4480 ejus

311 4503 442 4576 πείᾳ
487 4503 578 4557 τοῦ
621 4506 839 4576 λῃσταῖς
909 4507 1301 4576 περιπεσόντος
1341 4505 1462 4560 δυσὶ
1509 4506 1784 4578 δηναρίοις
1827 4509 1884 4560 ὲν

309 4595 386 4665 τῷ
422 4595 724 4669 πανδοκείῳ
777 4598 929 4668 παρὰ
985 4597 1080 4650 τοῦ
1136 4598 1344 4667 Κυρίου
1373 4597 1452 4668 τῷ
1505 4596 1886 4667 ἐπιμελεῖσθαι

307 4687 656 4758 κελευομένῳ
699 4688 1430 4762 προσδαωνώμενονίιὸπερ
1481 4691 1576 4742 καὶ
1607 4689 1794 4759 (158
1827 4693 1884 4758 a)

309 4777 621 4846 φιλοτίμως,
638 4778 1112 4848 ὲπανερχόμενοςό
1145 4778 1346 4851 Κύριος
1374 4779 1568 4836 δώσειν
1595 4781 1879 4850 ὑπέσχετο,

305 4871 340 4938 ἡ
400 4869 488 4922 διὰ
536 4869 770 4933 πίστεως
814 4871 1074 4940 γινομένη
1130 4868 1401 4940 παντελὴς
1455 4869 1566 4924 τῶν
1612 4870 1782 4924 όντων
1825 4873 1882 4924 ὲν
1920 4917 1930 4925 .

305 4963 420 5023 τοῖς
452 4960 679 5016 τελείοις
725 4961 1015 5030 ἀφαίρεσις
1053 4963 1210 5030 (φησὶ
1238 4962 1348 5032 γὰρ
1375 4965 1404 5015 ό
1434 4962 1883 5032 Κύριος·”οστις

306 5049 420 5102 οὐκ
443 5048 852 5116 ἀποτάσσεται
901 5047 1054 5106 πᾶσι
1096 5049 1220 5114 τοῖς
1265 5041 1646 5118 ὑπάρχουσιν
1671 5049 1878 5113 αὐτοῦ,

306 5141 378 5191 οὐ
407 5137 658 5195 δύναταί
695 5156 819 5214 μου
868 5136 1021 5194 εἶναι
1066 5139 1384 5210 μαθητὴς),
1436 5138 1556 5192 καθ’
1597 5141 1664 5211 ἣν
1722 5141 1883 5194 πάνθ’

305 5231 504 5286 ἑαυτοῦ
565 5231 602 5304 ἢ
671 5230 862 5284 ἑαυτδν
919 5231 1136 5285 πάντων
1215 5231 1616 5302 ἀφαιρούμενος
1704 5234 1877 5285 εἰπεῖν

299 5323 656 5392 οἰκειότερον,
716 5323 747 5374 ό
794 5324 892 5393 τῆς
959 5323 1151 5390 σοφίας
1219 5323 1412 5377 ἑαυτὸν
1481 5325 1724 5394 ἐραστὴν
1783 5341 1881 5376 κα-

377 5447 404 5476 δ
433 5435 671 5504 Philipp.
713 5451 787 5501 tv,
827 5437 878 5490 7.

962 5435 986 5474 ¹³
1013 5434 1144 5490 Luc.
1180 5451 1208 5488 χ
1239 5475 1253 5500 ,
1286 5435 1374 5489 EO.
1455 5446 1477 5474 σε
1509 5435 1642 5491 Luc.
1673 5451 1773 5500 xxv,
1797 5431 1922 5494 55.’

1989 4509 2083 4578 qui
2113 4509 2168 4560 in
2203 4507 2445 4560 latrones
2477 4504 2748 4559 inciderat
2773 4504 2994 4559 duobus
3023 4502 3267 4558 denariis
3295 4502 3348 4554 in
3379 4500 3564 4555 diver-

1987 4597 2138 4653 sorio
2179 4614 2208 4652 a
2249 4597 2484 4652 Domino
2517 4598 2568 4650 ci
2607 4597 2694 4649 cui
2733 4609 2865 4648 cura
2896 4595 3140 4648 hominis
3171 4591 3564 4663 injungcbatur

1987 4690 2296 4759 impensum
2329 4695 2436 4750 est,
2467 4686 2613 4754 quod
2648 4685 2812 4740 (etiam
2847 4701 2906 4739 se
2941 4685 3198 4739 daturum
3232 4697 3355 4737 esse
3385 4681 3440 4735 in
3477 4699 3566 4737 re-

1987 4776 2106 4836 ditu
2140 4774 2406 4834 Dominus
2440 4778 2746 4832 liberaliter
2773 4777 3053 4847 pollicitus
3085 4785 3190 4839 est,
3218 4789 3404 4829 rerum
3437 4789 3562 4843 quae

1986 4863 2406 4928 sunt'absoluta
2439 4869 2730 4945 pertide
2766 4869 2822 4926 in
2857 4867 3116 4937 perfectis
3154 4864 3432 4920 abdicatio
3473 4870 3563 4920 est

1984 4965 2086 5035 (ait
2127 4963 2276 5018 enim
2319 4961 2588 5015 Dominus
2633 4978 2647 5014 :
2693 4957 2796 5025 Qui
2837 4975 2940 5012 non
2990 4958 3260 5010 renuntiat
3299 4954 3562 5008 mzirersat

1983 5064 2096 5111 sine
2128 5054 2468 5126 possessioni,
2501 5068 2605 5106 non
2639 5061 2806 5122 potest
2837 5067 2948 5104 esse
2980 5065 3123 5104 inerte
3158 5044 3442 5115 discipulus
3461 5047 3557 5114 θ’),

1986 5145 2289 5201 secundum
2324 5157 2486 5211 quam
2521 5141 2704 5195 omnia
2739 5157 2860 5197 sese
2894 5149 3018 5200 aut,
3045 5139 3190 5208 quod
3225 5136 3410 5191 dicere
3444 5149 3558 5189 ma-

1983 5237 2068 5305 gis
2099 5238 2382 5296 usitatum,
2407 5249 2528 5288 sese
2561 5235 2820 5287 omnibus
2852 5231 3113 5288 nudanda
3145 5229 3238 5300 qui
3274 5226 3558 5297 sapientiae

1985 5326 2159 5380 amori
2191 5325 2488 5385 sedcdidit
2518 5341 2642 5380 cum
2678 5327 2796 5380 solo
2825 5325 2938 5380 Deo
2970 5322 3287 5379 conversari
3321 5317 3557 5379 merebi-
3635 5338 3656 5413 "

1605 5527 1834 5586 VARUS
1892 5525 2299 5582 LECTIONES.

367 5585 414 5618 ⁸⁸
451 5599 534 5666 εἰς
562 5601 726 5668 τόπον
761 5596 882 5652 cod.
911 5595 1053 5652 Gud.
