4066 6150
371 311 497 378 1161

434 436 437 441 “
471 426 690 494 Θεωρία
735 422 821 489 είς
857 426 961 479 τὸν
997 423 1266 492 Μωῢσῆν
1305 425 1403 477 καί
1448 425 1552 479 τὸν
1605 427 1827 481 Ἠλίαν.

431 539 512 595 A’.
562 540 672 593 Kal.
702 539 918 610 πρῶτον
973 539 1075 609 μὲν
1118 539 1219 609 τὴν
1261 537 1393 608 περὶ
1428 538 1523 593 τοῦ
1568 539 1679 594 δεῖν
1713 541 1930 601 πάντως

363 633 600 684 συνεῖναι
628 628 705 699 τῷ
736 629 893 700 Λόγῳ
920 631 1012 683 καὶ
1042 630 1164 700 Θεῷ
1186 631 1277 682 τόν
1303 647 1362 682 τε
1391 630 1436 661 ⁸³
1464 632 1686 698 νομικὸν
1718 631 1815 684 καὶ
1841 634 1933 684 τὸν
1972 644 1977 649 ·

361 721 703 791 προφητικὸν
737 721 895 789 λόγον
936 721 1024 775 διὰ
1052 722 1334 784 Μωΰσέως
1357 721 1453 775 καὶ
1500 721 1682 774 Ἠλίου
1713 721 1933 774 εὐσεϐε-

365 813 565 881 στάτην
595 812 901 880 ἐλάμϐανον
932 811 1161 875 ἔννοιαν,
1214 810 1290 874 ὼς
1342 809 1402 875 ἐξ
1452 811 1615 864 αὐτοῦ
1665 812 1760 864 καὶ¹
1804 812 1933 882 περὶ

361 902 527 956 αὐτοῦ
554 904 649 957 καὶ
669 904 828 967 ὂντας
858 902 952 956 κα⁴ί¹
992 902 1461 972 ἀπαγγέλλοντας,
1491 904 1586 956 καὶ
1610 903 1739 976 περὶ
1770 903 1931 957 αὐτὸν

364 994 699 1064 ἱδρυμένους.

431 1085 505 1136 B'.
553 1080 685 1137 Εἶτα
733 1083 924 1152 σοφίαν
959 1083 1053 1138 καὶ
1095 1083 1438 1155 χρηστότητα
1474 1084 1738 1139 συνοῦσαν
1781 1083 1933 1156 αὐτῷ

358 1176 447 1229 διὰ
485 1176 593 1228 τῶν
626 1175 808 1228 αὐτῶν
838 1174 1206 1240 ἐπαιδεύοντο,
1234 1177 1333 1247 τὴν
1370 1178 1468 1247 μὲν
1497 1178 1580 1232 ὃτι
1610 1177 1731 1232 κατ’
1760 1177 1933 1248 αὐτὴν

357 1266 769 1337 διαγορευτικός
809 1266 927 1319 ἐστι
960 1267 1068 1320 τῶν
1097 1268 1368 1338 ποιητέων
1409 1271 1439 1323 ὁ
1475 1268 1632 1337 λόγος
1656 1307 1671 1334 ,
1698 1269 1793 1322 καὶ
1823 1271 1932 1321 ἁπ-

357 1357 712 1428 αγορευτικὸς
747 1356 856 1411 τῶν
904 1359 968 1412 οὐ
1003 1357 1316 1427 ποιητέων,
1373 1355 1444 1432 ἧς
1496 1360 1667 1425 τύπος
1715 1361 1931 1430 ὑπῆρχε

360 1449 600 1518 Μωῦσῆς
636 1449 854 1519 (σοφίας
890 1449 999 1520 γὰρ
1028 1449 1126 1519 τὴν
1151 1450 1252 1520 τῆς
1298 1450 1620 1522 νομοθεσίας
1650 1447 1792 1505 εἶναι
1838 1468 1931 1504 πι-

360 1538 624 1609 στεύομεν
657 1539 866 1610 χάριν),
898 1539 995 1609 τὴν
1035 1539 1090 1594 δὲ
1125 1541 1208 1594 ὅτι
1244 1542 1365 1595 κατ’
1397 1542 1568 1613 αὐτὴν
1602 1558 1932 1613 προτρεπτι-

359 1634 454 1698 κός
484 1639 601 1689 ἐστι
634 1635 731 1689 καὶ
767 1637 1193 1708 ἐπιστρεπτικὸς
1238 1638 1376 1706 πρὸς
1423 1637 1523 1708 τὴν
1571 1637 1723 1691 θείαν
1764 1638 1930 1709 ζωὴν,

358 1726 468 1779 τῶν
525 1727 697 1797 αὐτῆς
755 1728 1238 1799 ἀπολισθησάντων
1265 1768 1281 1794 ,
1334 1721 1404 1801 ἦς
1453 1728 1625 1793 τύπος
1684 1728 1929 1799 ὑπῆρχεν
1960 1752 2004 1808 Β

374 1815 579 1881 Ἠλίας,
609 1817 676 1872 δι’
703 1818 898 1872 ἑαυτοῦ
937 1818 1058 1873 ὅλον
1097 1819 1160 1872 τὸ
1200 1818 1539 1889 προφητικὸν
1567 1820 1741 1891 δηλῶν
1770 1820 1929 1891 χάρι-

332 1928 493 1982 .σμα.
527 1911 704 1982 (161
751 1911 806 1982 a)
848 1912 1230 1983 Χρηστότητος
1268 1911 1378 1984 γὰρ
1420 1912 1571 1976 Θείας
1630 1912 1761 1965 ῐδιον
1790 1910 1932 1981 γνὼ-

364 2021 555 2076 ρισμα,
571 2005 680 2057 τῶν
705 2003 1141 2074 πεπλανημένων
1165 2003 1198 2073 ἡ
1224 2002 1359 2072 μετά
1380 2002 1789 2073 φιλανθρωπίας
1814 2005 1931 2056 ἐπι-

362 2097 592 2167 στροφὴ,
631 2090 699 2167 ἦς
755 2096 1007 2166 κήρυκας
1062 2097 1188 2160 τοὺς
1227 2097 1516 2165 προφήτας
1563 2096 1928 2164 γινώσκομεν.

430 2187 505 2240 Γ’.
538 2188 609 2240 Ἦ
639 2185 842 2253 γνῶσιν
871 2184 967 2237 καὶ
999 2184 1272 2249 παιδείαν,
1303 2184 1401 2255 τὴν
1438 2185 1537 2254 μιν
1567 2185 1650 2237 ὅτι
1672 2183 1837 2237 καλοῦ
1871 2201 1930 2236 τε

362 2278 457 2330 καὶ
477 2277 650 2341 κακοῦ
678 2277 778 2345 τῆς
805 2276 1064 2345 εἰδήσεως
1083 2278 1195 2338 τοῖς
1211 2276 1516 2347 ἀνθρώποις
1535 2275 1769 2345 ὑπάρχει
1788 2291 1929 2345 παρ-

361 2366 601 2429 εκτικός.
657 2365 892 2419 Δέδωκα
933 2365 1063 2436 γὰρ,
1124 2366 1279 2435 φησὶ,
1311 2366 1426 2434 πρὸ
1454 2364 1779 2436 προσώπου
1813 2382 1930 2420 σου

365 2459 482 2526 τὴν
527 2457 678 2526 ζωὴν
710 2460 808 2512 καὶ
866 2458 973 2511 τὸν
1002 2458 1283 2525 θάνατον,
1318 2461 1402 2528 ἐφ’
1429 2453 1474 2527 ᾧ
1516 2461 1612 2530 τὴν
1663 2460 1761 2529 μὲν
1791 2459 1930 2511 ἑλεῖν

361 2550 651 2622 αἱρεῖσθαι,
685 2549 778 2602 τὸν
819 2548 875 2601 δὲ
909 2553 1121 2618 φυγεῖν,
1160 2552 1252 2603 καὶ
1286 2551 1360 2621 μὴ
1394 2550 1470 2614 ὡς
1504 2550 1655 2620 καλῷ
1695 2567 1929 2621 περιπε-

362 2645 475 2694 σεῖν
501 2639 559 2706 ἐξ
584 2639 807 2708 ἀγνοίας
837 2639 916 2709 τῷ
938 2640 1163 2710 χείρονι,
1196 2641 1331 2710 ὅπερ
1362 2642 1602 2711 Μωῦσῆς
1631 2639 1930 2712 πεπραχὼς

359 2732 741 2803 ἀνηγόρευται,
775 2731 1068 2803 προτυπῶν
1111 2734 1169 2785 ἐν
1219 2731 1396 2803 ἑαυτῷ
1439 2733 1536 2804 τῆς
1572 2732 1831 2804 ἀληθείας
1862 2733 1932 2786 τὰ

363 2823 628 2894 σύμϐολω
664 2822 761 2892 τὴν
802 2823 860 2876 δὲ
892 2824 974 2876 ὅτι
1004 2822 1115 2876 τῶν
1142 2825 1256 2886 τοῖς
1280 2823 1541 2888 ἐναντίοις
1570 2824 1765 2894 ἀνέδην
1785 2841 1929 2896 χρω-

364 2914 539 2984 μένων
570 2914 712 2966 κατά
737 2913 830 2966 τὸν
866 2913 1105 2984 Ἰσραὴλ,
1143 2907 1205 2967 οῦ
1234 2913 1532 2983 παιδευτὴς
1568 2913 1755 2977 Ἠλίας
1782 2915 1811 2967 ὁ
1835 2915 1932 2983 μέ-

362 3021 465 3073 γας
487 3004 722 3072 ἐγένετο,
758 3006 853 3059 καὶ
883 3004 1188 3075 μιγνύντων
1228 3004 1559 3075 ἀδιακρίτως
1601 3004 1669 3057 τά
1698 3003 1927 3074 ἄμικτα,

1594 314 2113 379 AMBIGUORUM
2156 321 2404 384 LIBER.

3472 328 3606 396 1162

2308 431 2694 505 Contemplatio
2730 437 2799 489 in,
2817 435 3025 507 Moysen
3048 444 3097 489 et
3126 434 3326 493 Etiam.

2104 543 2144 596 Ι.
2184 544 2361 614 Atque
2382 546 2622 615 primum
2652 547 2878 617 quidem
2917 547 2988 603 de
3043 562 3111 603 eo
3167 549 3315 618 quod
3354 548 3606 606 Sermoni

2034 648 2100 687 ac
2133 635 2247 689 Deo
2281 639 2425 693 ratio
2456 648 2568 693 tam
2591 640 2787 710 legalis
2822 654 2986 708 quam
3018 640 3346 709 prophetica
3374 626 3608 697 deberet
3648 644 3651 649 ’

2033 723 2225 778 adesse
2260 740 2359 794 per
2384 727 2605 799 Moysen
2629 738 2795 798 atque
2818 729 2992 783 Eliam
3018 728 3320 798 piissimam
3342 741 3609 800 ceperunt

2032 814 2337 880 notionem,
2383 827 2445 872 ut
2477 833 2619 888 quae,
2661 833 2730 872 cx
2757 834 2824 873 eo
2846 828 2904 874 et
2933 817 3003 873 de
3022 833 3092 873 eo
3127 828 3237 873 tam
3276 820 3610 877 exsisterent

2032 921 2196 975 quam
2233 907 2649 976 denuntiarent,
2677 917 2733 965 et
2760 910 2907 965 circa
2938 926 3066 966 eum
3088 910 3369 966 collocatae
3397 922 3604 968 essent.

2103 1081 2170 1137 Il.
2192 1084 2404 1141 Deinde
2434 1084 2759 1156 sapientiam
2782 1096 2947 1158 atque
2967 1088 3317 1144 clementiam
3340 1087 3391 1144 ei
3414 1087 3608 1145 adesse

2032 1185 2134 1239 per
2164 1173 2736 1239 eosdemvdiscebant,
2770 1177 3001 1231 alteram
3045 1177 3174 1247 quia
3207 1193 3309 1247 per
3341 1178 3487 1233 hanc
3513 1194 3609 1233 eo-

2035 1276 2156 1316 rum
2182 1278 2305 1332 quaz
2340 1262 2591 1320 facienda
2624 1265 2950 1336 imperativo
2987 1276 3072 1322 est
3103 1268 3266 1333 ratio,
3308 1273 3366 1322 et
3415 1267 3606 1338 prohi—

2032 1351 2203 1407 bitiva
2228 1369 2423 1409 eorum
2457 1370 2581 1424 qua:
2608 1371 2719 1410 non
2748 1364 2881 1411 sunt
2911 1356 3186 1419 facienda.
3235 1359 3395 1429 cujus
3428 1359 3607 1428 imago

2032 1443 2247 1517 Moyses
2279 1455 2401 1501 erat
2429 1444 2578 1517 (nam
2605 1446 2891 1516 sapientiae
2916 1461 3038 1501 esse
3085 1447 3453 1517 legislationis
3481 1463 3609 1518 gra-

2032 1535 2166 1590 tiam
2196 1535 2495 1605 credimus)
2527 1577 2543 1604 ,
2579 1537 2810 1592 alteram
2852 1550 2987 1591 vero
3020 1536 3260 1611 invitare
3293 1547 3463 1608 atque
3507 1539 3609 1594 ad-

2034 1626 2243 1681 hortari
2280 1626 2348 1681 ad
2383 1612 2642 1682 divinam.
2662 1627 2835 1681 vitam
2879 1641 2978 1681 eos
3019 1627 3117 1696 qui
3166 1642 3231 1681 ea
3275 1627 3605 1685 exciderint.

2033 1716 2192 1786 cujus
2218 1716 2397 1786 imago
2420 1725 2540 1771 erat
2565 1716 2737 1779 Elias,
2767 1716 3152 1785 propheticam
3201 1730 3369 1772 omne
3419 1732 3520 1788 per
3549 1733 3609 1774 se

2032 1807 2352 1878 signiﬁcans
2393 1808 2646 1879 gratiam.
2688 1807 3011 1863 Clementite
3032 1807 3181 1862 enim
3227 1808 3429 1865 divinae
3479 1824 3609 1880 pro-

2029 1898 2215 1969 prium
2254 1897 2470 1967 insigne
2519 1906 2604 1954 est
2640 1898 2959 1953 adhortatio
2989 1913 3111 1967 qua:
3137 1897 3201 1954 ﬁt
3250 1913 3377 1953 cum
3418 1899 3612 1954 huma-

2031 1992 2204 2049 nitate
2258 1999 2316 2047 et
2361 1990 2728 2061 indulgentia,
2779 1989 2940 2061 cujus
2988 2003 3272 2058 praecones
3314 1990 3611 2060 prophetas
3666 2063 3673 2070 I

2031 2084 2309 2139 novimus.

2098 2174 2187 2230 ΠΙ.
2214 2175 2315 2241 Vel
2333 2172 2702 2245 cognitionem
2721 2180 2778 2227 et
2807 2168 3202 2237 eruditionem,
3228 2171 3457 2227 alteram
3489 2170 3612 2243 qui-

2032 2264 2156 2319 dem
2188 2264 2337 2335 quod
2354 2264 2585 2319 honiac
2613 2262 2742 2317 mali
2788 2260 3076 2317 scientiam
3117 2263 3439 2320 hominibus
3466 2280 3608 2335 pra:-

2030 2364 2139 2412 stat
2175 2372 2187 2407 :
2216 2355 2353 2409 Dedi
2379 2356 2539 2419 enim,
2584 2353 2784 2424 inquit,
2818 2370 2998 2407 coram
3047 2355 3185 2424 facie
3231 2362 3324 2409 tua
3365 2357 3527 2410 vitam
3560 2363 3610 2410 et

2031 2457 2252 2502 mortem
2282 2444 2331 2512 h,
2364 2447 2594 2503 alteram
2621 2445 2688 2501 ad
2710 2444 3051 2515 eligendum,
3091 2446 3318 2501 alteram
3348 2447 3414 2501 ad
3452 2446 3609 2502 devi—

2033 2539 2282 2604 tandum,
2307 2547 2457 2593 etne
2479 2554 2545 2592 ex
2576 2536 2884 2607 ignorantia
2912 2551 3014 2606 pro
3039 2536 3186 2590 bono
3209 2537 3382 2608 pejori
3405 2554 3464 2593 se
3485 2538 3611 2608 quis

2032 2630 2247 2696 induat,
2281 2629 2336 2683 id
2359 2628 2505 2699 quod
2530 2627 2747 2698 Moyses
2778 2626 2977 2682 fecisse
3012 2627 3364 2682 renuntiatus
3387 2637 3606 2693 est,ve-

2031 2721 2213 2776 ritatis
2229 2721 2473 2791 symbola
2488 2719 2545 2772 in
2566 2733 2625 2772 se
2640 2718 3031 2787 praeformans;
3059 2719 3290 2774 alteram
3306 2734 3439 2775 vero
3454 2721 3603 2790 quod

2030 2827 2223 2869 eorum
2242 2812 2296 2866 in
2314 2811 2500 2876 Israel,
2529 2810 2687 2880 cujus
2708 2817 3015 2878 praeceptor
3050 2825 3280 2879 magnus
3299 2809 3446 2865 Elias
3468 2820 3604 2877 erat,

2030 2905 2123 2975 qui
2144 2905 2320 2975 palam
2347 2911 2402 2958 et
2424 2902 2774 2971 impudenter
2802 2902 3207 2955 contrariorum
3232 2917 3389 2956 usum
3412 2918 3612 2972 seque-

2031 2997 2235 3051 bantur
2277 2992 2690 3063 separandaque
2732 2990 3118 3046 indiii‘crenter
3167 2990 3615 3049 coniundebant.

358 3097 458 3166 τῆς
487 3095 809 3166 ἀδιαφορίας
849 3097 969 3149 ἐστὶ
1008 3095 1351 3160 κολαστικδς,
1384 3094 1613 3149 καὶτῶν
1648 3094 1929 3158 παντελῶς

2031 3092 2249 3142 coercet
2278 3084 2749 3145 indiﬂcrenliam,
2793 3089 2849 3137 et
2896 3082 3043 3151 quod
3096 3097 3290 3137 eorum
3333 3083 3427 3153 qui
3464 3084 3610 3138 malo

359 3186 437 3256 τῷ
469 3186 627 3257 κακῷ
651 3186 1123 3258 προστεθειμένων
1149 3187 1248 3256 τὴν
1273 3186 1457 3239 ἄνοιαν
1491 3186 1585 3238 καὶ
1609 3185 1708 3254 τὴν
1732 3185 1928 3257 πώρω-

362 3295 445 3331 σιν
469 3279 548 3340 είς
580 3278 789 3331 ἔννοιαν
815 3277 986 3346 ἄγων,
1021 3276 1097 3340 ὡς
1134 3276 1316 3344 λόγος,
1353 3276 1448 3331 καὶ
1474 3277 1726 3344 αἴσθησιν
1751 3277 1818 3329 ⁹⁰’.

418 3374 504 3425 Δ”.
529 3370 602 3423 Ἢ
650 3369 853 3440 πρᾶξιν
893 3370 986 3421 καὶ
1037 3366 1293 3437 θεωρίαν,
1335 3368 1437 3437 τὴν
1476 3368 1574 3437 μὲν
1617 3367 1694 3430 ῶς
1728 3366 1928 3429 κακίας

359 3459 732 3530 ἀναιρετικὴν,
765 3458 858 3512 καὶ
891 3458 1100 3527 κόσμου
1129 3457 1194 3510 δι’
1228 3456 1540 3520 ἐπιδείξεως
1562 3456 1770 3527 ἀρετῶν
1801 3456 1928 3518 τοὺς

359 3551 426 3605 δι’
451 3549 623 3621 αὐτῆς
645 3549 948 3619 ἀγομένους
976 3547 1254 3611 παντελῶς
1278 3547 1417 3600 κατά
1442 3547 1683 3601 διάθεσιν
1704 3546 1928 3615 τέμνου-

361 3661 481 3707 σαν,
535 3643 611 3705 ῶς
655 3641 894 3711 Μωῦτῆς
927 3642 1025 3710 τῆς
1073 3638 1352 3707 Αἰγύπτου
1396 3638 1491 3691 τὸν
1550 3638 1798 3708 Ἰσραὴλ,
1833 3637 1927 3691 καὶ

361 3733 522 3796 θείοις
552 3731 736 3802 νόμοις
765 3730 858 3784 τοῦ
900 3730 1229 3799 Πνεύματος
1263 3727 1529 3791 εὐπειθῶς
1569 3727 1935 3783 παιδεύουσαν

357 3823 610 3893 ἀγεσθαι’
661 3824 762 3893 τὴν
805 3822 863 3877 δὲ
903 3822 981 3885 ὡς
1019 3820 1153 3890 ὕλης
1200 3821 1297 3874 καὶ
1346 3821 1517 3883 εἴδους
1551 3819 1924 3890 ἀρπάζουσαν,

358 3918 433 3981 ῶς
462 3916 557 3969 τὸν
595 3915 780 3968 Ἠλίαν
809 3913 872 3966 τὸ
900 3915 963 3966 ὲκ
992 3912 1163 3983 πυρὸς
1189 3912 1368 3983 ἆρμα,
1403 3913 1500 3965 καὶ
1528 3911 1646 3981 Θεῴ
1673 3912 1761 3965 διά
1791 3910 1927 3977 γνῶ-

359 4025 498 4070 σεως
524 4006 910 4077 προσάγουσάν
943 4022 1004 4058 τε
1038 4005 1132 4057 καὶ
1162 4005 1542 4058 συνάπτουσαν
1582 4002 1687 4056 ὑπὸ
1726 4002 1928 4074 σαρκός

359 4101 482 4173 μηδ’
515 4099 694 4154 ὁτιοῦν
735 4098 1106 4170 βαρουμένους
1129 4137 1145 4161 ,
1177 4096 1268 4149 διὰ
1313 4095 1413 4166 τὴν
1459 4094 1554 4148 τοῦ
1604 4095 1727 4149 κατ’
1756 4096 1928 4163 αὐτὴν

356 4194 521 4263 νόμου
554 4190 884 4261 ἀθέτησιν,ἢ
915 4190 1147 4259 ὲπάρσει
1184 4188 1306 4242 καθ’
1329 4186 1506 4242 ὁτιοῦν
1530 4188 1622 4240 ἐπὶ
1650 4190 1761 4252 τοῖς
1793 4203 1927 4240 κατ-

354 4283 638 4356 ορθώμασι
688 4282 1088 4351 φλεγομένους,
1123 4280 1213 4335 διά
1275 4280 1375 4350 τὴν
1414 4279 1769 4350 συνημμένην
1806 4280 1926 4341 ταῖς

355 4375 522 4437 ὅντως
559 4373 783 4443 ἀρεταῖς
813 4372 1004 4443 δρόσον
1033 4372 1133 4439 τῆς
1159 4370 1430 4440 πτωχείας
1456 4369 1552 4423 τοῦ
1592 4367 1918 4438 πνεύματος.

427 4466 504 4522 E'.
533 4467 603 4518 Ἢ
636 4466 796 4519 πάλιν
824 4464 895 4517 τά
929 4464 1107 4534 (161
1135 4463 1185 4531 ὁ)
1212 4463 1356 4516 κατά
1385 4462 1478 4515 τὸν
1507 4462 1682 4532 γάμον
1701 4462 1795 4516 καὶ
1823 4461 1923 4532 τὴν

354 4559 600 4630 ἀγαμίαν
626 4557 899 4628 μυστήρια
924 4556 1079 4625 παρά
1102 4554 1181 4624 τῷ
1210 4552 1369 4624 Λόγῳ
1393 4549 1533 4609 εἶναι
1561 4555 1928 4623 μανθάνοντες

354 4650 444 4704 διὰ
473 4649 776 4714 Μωῦσέως,
810 4646 903 4700 τοῦ
934 4646 1022 4699 διὰ
1047 4645 1224 4714 γάμον
1265 4645 1362 4714 τῆς
1389 4643 1541 4704 θείας
1571 4643 1803 4713 ἐραστοῦ
1833 4661 1925 4712 γε-

356 4744 541 4796 νέσθαι
581 4740 740 4813 δόξης
798 4739 874 4810 μὴ
912 4737 1269 4803 κωλυθέντος,
1323 4739 1417 4790 καλ⁸
1453 4738 1542 4792 διὰ
1594 4738 1798 4805 Ἡλίου,
1829 4738 1926 4793 τοῦ

356 4833 632 4895 παντελῶς
655 4831 900 4900 γαμικῆς
929 4829 1224 4897 συναφείας
1253 4829 1495 4901 καθαροῦ
1528 4830 1924 4901 διαμείναντος,

353 4919 442 4976 οἷα
465 4923 559 4977 τοῦ
591 4924 767 4992 Λόγου
802 4922 897 4973 καί
923 4919 1058 4971 Θεοῦ
1084 4920 1210 4981 τοὺς
1247 4918 1391 4990 λόγῳ
1420 4919 1593 4975 ταῦτα
1623 4922 1923 4987 ίθύνοντας,

355 5015 498 5068 κατὰ
540 5015 666 5077 τοὺς
720 5011 960 5074 θειωδῶς
997 5011 1128 5080 περὶ
1182 5011 1359 5063 αὐτῶν
1386 5013 1673 5082 κειμένους
1699 5014 1922 5086 νόμους,

354 5105 535 5177 ἑαυτῷ
576 5103 854 5177 μυστικῶς
884 5101 1241 5154 εἰσποιεῖσθαι
1287 5101 1672 5170 κηρύττοντος.

425 5201 515 5266 ς’,
556 5199 626 5251 Ἦ
653 5195 801 5265 ζωῆς
842 5194 937 5247 καὶ
967 5191 1200 5245 θανάτου
1251 5192 1340 5245 διὰ
1371 5193 1480 5246 τῶν
1527 5194 1706 5247 αὐτῶν
1734 5196 1922 5267 κύριον

355 5291 561 5355 πιστῶς
586 5291 714 5344 ὄντα
734 5289 827 5341 τὸν
847 5286 1020 5353 Λόγον
1041 5283 1387 5354 πληροφορού
1396 5302 1570 5355 μενοι.

424 5445 452 5485 ιι
481 5444 640 5499 Deut.
668 5458 796 5506 xxx,
830 5441 920 5494 l9.
1001 5440 1014 5477 ί
1055 5437 1119 5491 lV
1149 5437 1280 5508 Reg.
1307 5453 1368 5501 ιι,
1404 5438 1490 5491 Η.

2033 3192 2263 3248 prorsus
2293 3192 2353 3231 se
2407 3175 2745 3230 addixerunt
2783 3175 3081 3230 amentiam
3134 3184 3191 3229 et
3226 3175 3493 3230 duritiem
3539 3175 3607 3230 ad

2033 3265 2383 3335 sapientiam,
2425 3274 2486 3318 ut
2514 3264 2677 3323 ratio,
2708 3272 2765 3317 et
2790 3277 3014 3317 sensum
3045 3262 3295 3319 deducit.

2109 3356 2196 3411 IV.
2242 3356 2336 3411 Vel
2385 3355 2659 3409 actionem
2698 3362 2756 3408 et
2793 3353 3338 3423 contemplationem,
3379 3355 3605 3409 alteram

2033 3447 2182 3517 quod
2223 3446 2488 3500 malitiam
2530 3446 2677 3501 tollit
2726 3455 2784 3500 et
2821 3445 3123 3515 virtutibus
3160 3445 3467 3514 propositis
3511 3462 3608 3501 eos

2032 3539 2126 3608 qui
2192 3538 2284 3591 illa
2338 3546 2580 3607 aguntur
2636 3537 2943 3591 secundum
2997 3537 3256 3591 allectum
3302 3552 3532 3606 prorsus
3576 3555 3607 3594 a

2034 3626 2240 3681 mundo
2289 3633 2537 3687 resecat,
2577 3632 2639 3679 ut
2689 3624 2903 3695 Moyses
2949 3624 3206 3680 Israelem
3242 3624 3313 3680 ab
3350 3623 3605 3697 IEgypto.

2034 3717 2346 3786 divinisque
2379 3716 2670 3785 praeceptis
2716 3715 2772 3768 in
2819 3715 3064 3785 Spiritus
3103 3716 3375 3786 obsequio
3422 3719 3607 3773 vivere

2035 3809 2310 3873 instituit;
2346 3807 2574 3862 alteram
2607 3821 2739 3861 vero
2767 3815 2827 3861 ut
2855 3807 2925 3861 ab
2966 3809 3197 3862 materia
3218 3817 3385 3877 atque
3429 3810 3607 3864 forma

2033 3900 2420 3969 abripientem,
2443 3897 2906 3967 quemadmodum
2928 3914 3131 3953 currus
3146 3900 3353 3970 ignitus
3372 3901 3573 3956 Eliamt
3588 3941 3602 3966 ,

2033 4005 2240 4060 perque
2274 3988 2646 4059 cognitionem
2679 3988 2790 4042 Deo
2820 3988 3189 4043 adducentem
3238 4000 3297 4045 et
3340 3994 3606 4061 copulan-

2035 4090 2144 4137 tem
2191 4096 2357 4136 carne
2403 4080 2544 4135 nihil
2595 4087 2853 4149 gravatos
2883 4088 3106 4149 propter
3143 4081 3492 4149 reprobatam
3526 4083 3603 4137 is-

2034 4174 2144 4228 tius
2184 4173 2381 4242 legem,
2412 4180 2507 4226 aut
2558 4170 2668 4225 ulla
2700 4171 2769 4225 dc
2810 4180 2958 4225 recte
2997 4170 3157 4225 factis
3197 4174 3459 4240 superbia
3504 4176 3603 4230 lla-

2031 4273 2271 4336 grantes,
2312 4270 2538 4333 propter
2564 4277 2744 4317 rorem
2780 4262 3009 4332 spiritus
3041 4262 3359 4333 indigenlite
3379 4306 3395 4331 ,
3458 4268 3603 4322 veris

2032 4354 2334 4411 virtutibus
2360 4355 2740 4424 conjunctum.

2102 4469 2163 4522 V.
2194 4466 2291 4522 Vel
2327 4480 2521 4520 rursus
2556 4463 2896 4519 matrimonii
2927 4473 2984 4519 et
3017 4466 3300 4523 caelibatus
3340 4466 3601 4539 mysteria

2026 4559 2279 4616 comitari
2307 4559 2629 4613 Sermonem
2656 4556 2837 4611 edocti
2877 4572 2973 4626 per
2998 4558 3218 4630 Moysen
3250 4568 3400 4621 sunt,
3435 4574 3601 4630 quem

2027 4650 2442 4706 matrimonium
2467 4663 2577 4702 non
2616 4647 2904 4717 prohibuit
2932 4650 3230 4721 quominus
3270 4652 3326 4705 in
3356 4667 3601 4705 amorem

2027 4744 2228 4799 divina:
2280 4742 2468 4813 gloriae
2518 4739 2753 4804 veniret,
2810 4748 2866 4794 et
2911 4756 3009 4810 per
3056 4743 3229 4797 Eliam
3258 4784 3272 4807 ,
3322 4744 3417 4813 qui
3450 4742 3599 4797 omni

2029 4851 2257 4907 prorsus
2326 4832 2717 4889 matrimoniali
2783 4848 2928 4887 nexu
2982 4849 3203 4904 semper
3280 4834 3598 4889 abstinuit:

2027 4930 2232 5000 quippe
2264 4927 2460 4983 Sermo
2489 4941 2556 4981 ac
2586 4927 2730 4981 Deus
2760 4942 2856 4981 eos
2886 4926 2981 4996 qui
3035 4925 3251 4980 ratione
3299 4926 3417 4981 haec
3460 4925 3601 4981 diri-

2027 5020 2477 5093 guntsecundum
2500 5019 2648 5089 leges
2664 5018 2733 5073 de
2753 5018 2836 5073 eis
2859 5020 3028 5074 rebus
3052 5018 3322 5074 divinitus
3342 5026 3598 5082 statutas,

2029 5113 2258 5184 mystice
2284 5111 2389 5166 sibi
2426 5108 2677 5179 adoptari
2710 5108 3024 5164 annuntiat.

2100 5205 2187 5260 Vl.
2237 5203 2333 5259 Vel
2384 5202 2515 5257 vita:
2563 5209 2620 5255 et
2666 5199 2865 5255 mortis
2910 5198 3204 5253 Dominum
3245 5214 3437 5253 revera
3476 5211 3602 5259 esse

2031 5296 2351 5351 Sermonem
2391 5308 2489 5358 per
2516 5292 2710 5365 eadem
2741 5291 3160 5362 persuasionem
3186 5292 3455 5349 tulerunt.

1666 5549 1890 5608 VARI/E
1928 5554 2330 5612 LECTIONES.

428 5680 473 5725 ⁹⁹
497 5690 550 5745 δὲ
572 5679 739 5746 habet
764 5685 1155 5759 apOgrapbum.
1215 5684 1276 5761 ‘9“
1326 5683 1520 5740 Manus
1570 5685 1792 5755 antiqua
1825 5670 2065 5745 correxit
2101 5693 2347 5763 αἴσθησις
2375 5692 2430 5746 ἱιι
2453 5691 2576 5745 cod.
2608 5689 2752 5746 Gud.

666 5752 940 5843 Ρηὶιοί.
966 5752 1092 5839 iis.
1130 5752 1283 5838 XCI.

3197 5779 3271 5842 37
