4066 6150
528 211 670 285 1163

1644 216 1706 278 S.
1746 215 2034 279 MAXIMI
2072 215 2584 279 CONFESSORIS

3630 223 3777 287 1164

597 331 714 390 VII.
743 332 840 388 Vel
867 332 1035 386 etiam
1059 343 1253 385 omnes
1278 329 1392 385 Deo
1412 326 1624 394 vivere,
1647 344 1752 385 nec
1771 343 2103 399 quemquam

2279 330 2352 383 Z'.
2396 332 2466 383 Ἢ
2519 332 2614 383 καὶ
2665 329 2726 383 τὸ
2770 329 2980 392 πάντας
3026 327 3125 401 ζῇν
3165 329 3240 400 τῷ
3271 329 3393 402 Θεῷ
3446 331 3544 385 καὶ
3580 334 3798 402 μηδένα

526 425 759 479 omnino
797 422 944 493 apud
995 435 1123 476 eum
1172 429 1454 476 mortuum
1493 435 1617 476 esse
1649 436 1751 491 per
1785 420 1981 476 eadem
2017 420 2101 475 di-

530 516 810 578 dicerunt,
856 521 1058 583 praeter
1089 526 1216 568 eum
1246 512 1342 581 qui
1373 520 1605 581 peccato
1650 526 1710 567 se
1758 511 1877 581 ipse
1927 511 2099 566 morti

527 612 894 669 auctorasset,
926 618 1098 673 seque
1123 603 1434 658 voluntaria
1465 603 1534 658 ad
1562 602 1854 674 passiones
1879 611 1935 658 et
1960 603 2101 659 vitia

526 697 875 770 proclivitate
903 712 934 751 a
968 694 1156 751 Verbo
1185 694 1534 751 abscidisset.

599 787 734 843 Vlll.
769 786 863 843 Vel
908 786 1078 842 etiam
1127 786 1194 840 ad
1238 786 1599 849 Sermonem,
1659 794 1724 841 ut
1774 785 1869 855 qui
1894 786 2104 841 veritas

525 888 614 937 est
652 882 710 944 Ι,
749 878 948 934 referri
974 887 1029 933 et
1071 892 1195 934 esse
1216 877 1607 949 mysteriorum
1632 878 1921 949 imagines,
1952 886 2021 933 -et
2045 877 2103 932 in

525 984 655 1024 eum
683 968 803 1039 cogi
845 977 902 1023 et
961 968 1143 1023 redire
1198 975 1306 1022 tam
1354 968 1547 1039 legalis
1583 985 1746 1039 quam
1786 968 2101 1039 pr0phetiei

527 1061 713 1133 operis
763 1068 1024 1131 tanquam
1074 1060 1129 1114 in
1167 1060 1503 1131 principium
1572 1071 1631 1115 et
1682 1061 1847 1116 linem
1893 1060 2104 1116 eruditi

527 1163 677 1213 sunt.

595 1246 691 1301 IX.
727 1246 965 1315 Velquze
998 1252 1124 1316 post
1170 1246 1344 1300 Deum
1387 1254 1518 1301 sunt
1546 1245 1735 1301 omnia
1785 1252 1841 1299 et
1887 1260 1955 1300 ex
1990 1245 2105 1300 Deo

527 1347 845 1409 procreata,
880 1338 985 1392 hOC
1018 1346 1105 1393 εει
1132 1352 1321 1392 rerum
1350 1347 1604 1393 naturam
1638 1346 1695 1392 et
1718 1345 1957 1407 tempus,
1994 1352 2104 1392 una

527 1441 656 1480 eum
678 1427 810 1492 Deo,
835 1433 895 1480 ut
921 1440 1086 1481 causa
1109 1434 1166 1480 et
1194 1425 1427 1495 factore,
1460 1440 1731 1497 apparere
1759 1426 2102 1490 exsrstentia,

529 1517 627 1588 qui
672 1518 813 1587 ipse,
860 1517 1043 1587 quoad
1075 1515 1193 1571 ﬁeri
1239 1518 1360 1588 ejus
1402 1526 1624 1587 potest,
1677 1532 1810 1572 vere
1855 1527 2102 1588 apparet.

434 1650 443 1658 .
529 1608 778 1675 Quorum
808 1609 1032 1678 quidem
1067 1609 1333 1678 temporis
1382 1608 1563 1679 imago
1610 1608 1824 1680 Moyses
1854 1609 2106 1663 videatur

528 1715 674 1764 esse,
730 1715 840 1753 non
868 1700 1045 1753 solum
1078 1708 1141 1753 ut
1164 1699 1428 1770 temporis
1455 1715 1521 1754 ac
1547 1699 1876 1754 numerandi
1907 1715 2107 1754 secun-

528 1791 661 1846 dum
692 1790 798 1845 hoc
826 1790 1023 1845 doctor
1052 1789 1170 1858 (hic
1197 1791 1346 1845 enim
1377 1791 1589 1862 primus
1617 1802 1863 1861 tempora
1904 1806 1935 1846 a
1976 1805 2109 1846 con-

529 1879 648 1934 dito
677 1878 886 1933 mundo
926 1879 1288 1948 numeravit),
1322 1887 1381 1935 et
1432 1879 1756 1950 temporalis
1793 1880 1976 1934 cultus
2012 1879 2110 1934 de-

528 1970 764 2037 ductor,
817 1971 913 2027 sed
956 1972 1125 2025 etiam
1183 1970 1332 2041 quod
1386 1986 1501 2026 non
1568 1986 1675 2025 una
1727 1985 1854 2025 eum
1894 1970 2009 2025 illis
2051 1971 2108 2025 in

451 2045 461 2055 ’
529 2064 807 2119 carnalem
868 2062 1122 2133 requiem
1167 2062 1422 2117 introivit
1451 2063 1519 2118 de
1563 2062 1769 2133 quibus
1823 2069 1950 2117 ante
2007 2060 2110 2115 ad-

527 2164 757 2211 ventum
787 2155 960 2211 divini
994 2154 1277 2225 Evangelii
1310 2155 1595 2220 narravit;
1655 2152 1930 2226 ejusmodi
1958 2151 2109 2207 enim

526 2249 696 2304 etiam
728 2259 949 2319 tempus
977 2258 1082 2313 est,
1131 2262 1312 2318 neque
1355 2256 1712 2302 antevertens
1741 2260 1924 2316 neque
1973 2259 2109 2298 con-

528 2337 763 2392 veniens
808 2320 960 2392 motu
1020 2337 1133 2391 illis
1166 2351 1306 2406 quos
1363 2335 1432 2390 ad
1483 2335 1729 2390 divinam
1787 2334 1955 2389 futuri
2006 2331 2108 2388 aevi

529 2428 703 2484 vitam
737 2428 1087 2485 transmittit.
1139 2428 1326 2483 Jesum
1370 2427 1519 2482 enim
1579 2427 1672 2497 qui
1713 2425 1955 2481 universi
1998 2435 2109 2481 tam

532 2523 798 2591 temporis
839 2531 930 2576 est
980 2536 1145 2591 quam
1195 2520 1566 2588 eternitatis,
1615 2522 1783 2577 habet
1826 2536 2112 2577 successo-

530 2626 683 2676 rem;
734 2625 1051 2682 quanquam
1110 2611 1246 2666 alias
1278 2612 1545 2683 temporis
1599 2613 1844 2668 rationes
1893 2613 1949 2667 in
1998 2613 2111 2666 Deo

530 2711 879 2775 permanent,
911 2704 1378 2773 quemadmodum
1410 2705 1493 2759 lex
1521 2720 1551 2758 a
1583 2705 1765 2775 Moyse
1798 2705 1851 2759 in
1887 2706 2112 2760 deserto

531 2795 660 2849 data
699 2794 722 2833 ¹ι
751 2809 859 2848 una
886 2808 1011 2848 eum
1041 2794 1125 2848 eis
1162 2794 1256 2864 qui
1296 2803 1499 2849 terram
1553 2797 1916 2866 possessionis
1944 2811 2109 2866 cepe-

533 2893 667 2939 runt
692 2885 937 2955 ingressa
967 2885 1198 2955 mystice
1224 2885 1561 2939 manifestat.
1614 2886 1915 2941 Aiternitas
1961 2889 2110 2942 enim

514 2981 757 3042 -tempus
783 2979 871 3025 est
898 2978 1186 3041 postquam
1220 2982 1429 3027 motum
1462 2973 1624 3037 stitit,
1673 2983 1729 3029 et
1781 2983 1997 3043 tempus
2025 2983 2111 3030 est

532 3063 835 3125 aeternitas.
871 3064 1098 3134 quando
1132 3079 1392 3119 mensura
1423 3065 1784 3136 distinguitur
1820 3079 1971 3122 motu
1996 3068 2112 3139 agi-

537 3165 668 3221 tata,
707 3156 847 3212 adeo
867 3165 927 3211 ut
954 3156 1256 3222 azternitas,
1287 3167 1349 3211 ut
1377 3157 1607 3214 deﬁnite
1636 3159 1851 3229 loquar,
1897 3168 2113 3230 tempus

535 3247 1011 3317 motuprivatum,
1048 3256 1264 3318 tempus
1292 3264 1425 3305 vero
1454 3251 1738 3305 aeternitas
1765 3260 1919 3305 motu
1957 3267 2113 3306 men-

534 3346 744 3393 surata.
777 3337 997 3392 Natura:
1018 3346 1202 3393 autem
1227 3338 1374 3393 Elias
1407 3338 1664 3394 videatur
1715 3340 1896 3410 imago
1937 3355 2060 3395 esse
2093 3382 2109 3407 ,

537 3446 647 3485 non
688 3429 866 3484 solum
897 3428 1045 3499 quod
1076 3429 1371 3507 inviolatas
1396 3430 1506 3485 sibi
1545 3431 1848 3486 custodivit
1868 3431 2113 3486 rationes

534 3528 592 3575 et
621 3520 925 3575 voluntatis
974 3520 1304 3589 consiliique
1351 3521 1706 3591 prudentiam
1756 3523 1814 3577 in
1859 3523 2008 3588 illis,
2042 3522 2113 3578 ab

536 3610 687 3664 omni
723 3609 1001 3679 passionis
1049 3609 1439 3667 vicissitudine
1502 3612 1758 3677 liberam,
1816 3613 1914 3669 sed
1943 3613 2112 3668 etiam

537 3700 687 3771 quod
717 3700 773 3754 in
799 3700 1032 3770 judicio,
1088 3700 1563 3771 quemadmodum
1607 3704 1882 3759 naturalis
1922 3704 2111 3773 aliqua

536 3791 649 3855 lex,
674 3790 903 3860 castigat
929 3805 1026 3845 eos
1048 3790 1143 3860 qui
1175 3799 1373 3846 natura
1402 3799 1604 3862 prater
1634 3800 1895 3846 naturam
1937 3798 2109 3846 utun-

540 3892 651 3938 tur.
685 3881 817 3937 Tale
839 3881 988 3936 enim
1016 3881 1184 3937 etiam
1223 3890 1447 3947 natura,
1485 3896 1609 3951 quae
1650 3892 1713 3936 se
1759 3880 1955 3951 ipsam‘
1986 3894 2110 3935 cor-

537 3987 796 4044 rumpere
833 3981 1096 4028 conantes
1136 3984 1370 4029 eatenus
1414 3974 1666 4043 castigat,
1717 3982 1994 4043 quatenus
2032 3972 2116 4028 in-

538 4064 781 4121 naturali
805 4063 1024 4119 vivendi
1054 4065 1245 4135 generi
1277 4079 1505 4135 operam
1530 4064 1686 4130 dant,
1708 4080 1776 4119 eo
1812 4065 1961 4134 quod
1999 4079 2113 4119 non

539 4161 761 4230 plenam
802 4157 982 4228 ipsius
1010 4166 1227 4212 natura:
1272 4155 1592 4212 facultatem
1634 4156 1967 4212 naturaliter
1993 4171 2114 4211 am-

539 4251 688 4322 plius
711 4264 977 4306 exercere
1012 4263 1110 4304 eos
1134 4249 1288 4313 sinit,
1314 4247 1639 4302 imminutus
1663 4249 1773 4318 jam
1796 4247 2114 4318 integritate

2200 423 2484 489 παντελῶς
2508 422 2639 495 παρ’
2667 422 2819 494 αύτῷ
2870 419 3063 490 νεκρόν
3113 417 3250 476 εἷναι
3301 423 3394 477 διά
3443 424 3559 476 τῶν
3608 426 3799 478 αὐτῶν

2206 514 2603 585 μανθάνοντες,
2635 512 2776 583 πλὴν
2820 512 2916 567 τοῦ
2955 512 3145 566 ἑαυτὸν
3179 515 3245 584 τῇ
3293 515 3550 587 ἁμαρτίᾳ⁵
3578 517 3800 586 νεκρὼ.

2203 622 2420 671 σαντος,
2454 608 2548 661 καὶ
2579 609 2644 678 τῇ
2680 605 2913 677 ἑκουσίῳ
2932 606 3067 676 πρὸς
3096 605 3165 659 τὰ
3194 605 3342 676 πάθη
3379 608 3527 678 ῥοπῇ
3560 608 3656 661 τοῦ
3682 609 3797 662 A6-

2202 715 2301 769 γου
2332 699 2522 753 ἑαυτὸν
2545 698 2940 769 ἀποκόψαντος.

2276 790 2438 845 Η¹.Ἦ
2470 791 2632 845 πάλιν
2646 790 2784 862 πρὸς
2811 792 2904 843 τὸν
2921 788 3093 857 Λόγον
3120 786 3197 853 ὠς
3214 788 3476 859 ἀλήθειαν
3509 789 3641 843 ὄντα
3667 791 3797 842 κατ’

2203 882 2486 954 ἀναφορὰν
2521 878 2660 936 εἶναί
2708 900 2767 936 τε
2815 883 2911 936 καὶ
2946 882 3214 953 ὑπάρχειν
3255 881 3385 943 τοὺς
3423 879 3633 943 τύπους
3674 880 3801 931 τῶν

2208 974 2545 1046 μυστηρίων,
2569 975 2664 1028 καὶ
2679 974 2757 1036 εἰς
2781 973 2942 1027 αὑτὸν
2962 972 3315 1047 συνάγεσθαι,
3340 971 3442 1041 τῆς
3465 988 3526 1024 τε
3553 971 3799 1039 νομικῆς

2206 1066 2302 1121 καὶ
2327 1067 2429 1137 τῆς
2455 1064 2802 1137 προφητικῆς
2835 1063 3223 1135 πραγματείας
3250 1065 3328 1128 ὡς
3366 1063 3546 1134 ἀρχὴν
3575 1065 3670 1116 καὶ
3694 1063 3798 1116 τέο

2203 1156 2316 1221 λος,
2346 1154 2826 1223 ἑφωταγωγοῦντο.
2980 1142 2989 1150 ’

2275 1244 2353 1299 8⁸.
2394 1246 2463 1297 Ἣ
2488 1243 2558 1297 τὰ
2581 1243 2722 1315 μετὰ
2749 1243 2879 1297 Θεὸν
2906 1244 3082 1298 πάντα
3118 1245 3214 1299 καὶ
3239 1246 3306 1298 ὲκ
3330 1244 3465 1297 Θεοῦ
3498 1245 3795 1313 γεγονότα,

2204 1336 2453 1403 τουτέστι
2486 1335 2586 1406 τὴν
2624 1334 2786 1404 φύσιν
2813 1335 2924 1388 τῶν
2955 1335 3126 1390 όντων
3154 1336 3363 1389 καὶτὸν
3395 1337 3606 1408 χρόνον,
3633 1337 3799 1408 παρὰ

2206 1424 2284 1496 τῷ
2324 1424 2445 1495 Θεῷ
2493 1426 2623 1479 ὄντα
2659 1425 3116 1493 συνεκφαίνεσθαι
3166 1426 3381 1496 άληθῶς
3429 1430 3750 1500 φαινομένῳ
3776 1468 3794 1491 ,

2207 1518 2350 1572 κατὰ
2377 1516 2438 1570 τὸ
2471 1516 2713 1586 ἐφικτὸν,
2733 1516 2812 1580 ὡς
2846 1516 3003 1587 αἰτίῳ
3034 1516 3130 1569 καὶ
3170 1520 3390 1586 ποιητῇ.
3421 1511 3524 1573 ’Ὧν
3549 1519 3645 1572 τοῦ
3687 1522 3796 1588 μὲν

2208 1608 2405 1680 χρόνου
2430 1608 2603 1694 τύπος
2647 1608 2715 1661 ἂν
2747 1608 2834 1677 εἴη
2880 1609 3141 1679 Μωῠσῆς,
3169 1608 3231 1662 οὐ
3267 1610 3427 1679 μόνον
3474 1611 3552 1673 ὡς
3589 1613 3794 1681 χρόνοι.

2218 1704 2312 1756 καὶ
2353 1702 2450 1755 τοῦ
2478 1701 2601 1755 κατ’
2637 1701 2800 1755 αὑτὸν
2839 1700 3079 1771 ἀριθμοῦ
3111 1702 3430 1766 διδάσκαλος
3470 1700 3646 1771 (οὗτος
3680 1705 3798 1775 γὰρ

2215 1791 2433 1864 πρῶτος
2477 1792 2570 1845 τὸν
2617 1790 2761 1845 κατὰ
2810 1790 2908 1863 τὴν
2950 1792 3167 1860 γένεσιν
3202 1790 3297 1845 τοῦ
3342 1792 3550 1863 κόσμου
3594 1795 3799 1863 χρόνον

2216 1878 2539 1949 ἠρίθμησε),
2565 1879 2660 1932 καὶ
2687 1879 2762 1942 ὡς
2784 1880 3044 1949 χρονικῆς
3070 1879 3361 1949 γενόμενος
3381 1882 3635 1951 λατρείας
3663 1886 3801 1936 καθ-

2215 1969 2449 2042 ηγητὴς,
2488 1970 2626 2024 ἀλλὰ
2665 1971 2761 2024 καὶ
2813 1970 2889 2034 ὡς
2931 1970 3005 2041 μὴ
3046 1972 3528 2042 συνεισερχόμενος
3558 1974 3601 2005 u
3638 1974 3797 2026 ἐκεί,

2215 2074 2328 2124 νοις
2385 2060 2712 2130 σωματικῶς
2760 2062 2840 2125 εἰς
2886 2061 2986 2132 τὴν
3022 2061 3369 2115 κατάπαυσιν
3419 2058 3495 2117 ὧν
3532 2062 3644 2132 πρδ
3693 2064 3800 2134 τῆς

2217 2149 2368 2213 θείας
2389 2151 2747 2222 καθηγήσατο
2765 2152 2948 2223 (162
2966 2151 3022 2221 a)
3046 2151 3387 2220 εὐαγγελίαςο
3414 2152 3656 2206 τοιοῦτον
3682 2154 3801 2224 γὰρ

2217 2242 2313 2295 καὶ
2344 2243 2373 2295 ὁ
2405 2242 2622 2313 χρόνος,
2653 2243 2715 2296 οὐ
2762 2242 2980 2311 φθάνων
3031 2243 3065 2316 ἢ
3100 2244 3492 2316 συνερχόμενος
3520 2245 3669 2299 κατὰ
3695 2246 3801 2313 τὴν

2216 2332 2432 2403 κίνησιν
2462 2335 2693 2398 ἐκείνοις
2729 2332 2824 2398 οὓς
2864 2334 2998 2405 πρὸς
3041 2335 3142 2405 τὴν
3185 2335 3336 2389 θείαν
3364 2337 3459 2389 τοῦ
3503 2337 3800 2406 μέλλοντος

2216 2424 2411 2489 αἰῶνος
2440 2424 2586 2496 ζωὴν
2619 2426 2826 2494 πέφυκε
2855 2427 3270 2499 παραπέμπειν.
3311 2429 3517 2498 Ἰησοῦν
3535 2428 3649 2501 γὰρ
3679 2430 3799 2501 ἔχει

2215 2518 2307 2570 τὸν
2336 2517 2537 2582 παντὸς
2561 2518 2691 2572 ὄντα
2713 2518 2807 2572 καὶ
2839 2520 3035 2589 χρόνου
3059 2522 3154 2572 καὶ
3179 2520 3376 2584 αἰῶνος
3393 2520 3658 2592 διάδοχονο
3690 2524 3800 2576 κᾶν

2217 2613 2266 2665 εἰ
2293 2612 2466 2674 ἄλλως
2490 2612 2539 2663 οἱ
2566 2611 2714 2679 λόγοι
2742 2610 2837 2663 τοῦ
2872 2611 3064 2682 χρόνου
3098 2612 3158 2664 ὲν
3186 2610 3265 2682 τῷ
3294 2612 3415 2682 Θεῷ
3441 2613 3795 2683 διαμένωσιν,

2217 2704 2292 2765 ὡς
2322 2702 2479 2772 δηλοί⁴
2508 2703 2785 2773 μυστικῶς
2820 2704 2852 2772 ἡ
2888 2701 2982 2755 τοῦ
3022 2704 3080 2755 ὲν
3117 2705 3309 2774 ἐρήμῳ
3355 2704 3600 2769 δοθέντος
3623 2706 3796 2775 νόμου

2216 2793 2306 2846 διὰ
2333 2794 2612 2855 Μωῡσέως
2634 2796 2747 2856 τοῖς
2778 2794 2879 2863 τὴν
2906 2794 3010 2864 γῆν
3031 2794 3254 2848 λαϐοῦσι
3282 2796 3382 2864 τῆς
3409 2797 3795 2867 κατασχέσεως

2220 2880 2542 2945 συνείσοδος.
2580 2879 2724 2934 Αίὼν
2755 2882 2864 2952 γάρ
2899 2882 3049 2936 ἐστιν
3088 2883 3118 2934 ό
3160 2884 3371 2953 χρόνος,
3398 2882 3527 2939 ὅταν
3559 2889 3658 2956 στῇ
3694 2887 3793 2957 τῆς

2136 3007 2183 3066 c
2220 2971 2510 3040 κινήσεως,
2545 2972 2641 3024 καὶ
2671 2971 2865 3040 χρόνος
2905 2971 3053 3066 ἐστὶν
3099 2972 3128 3023 ό
3158 2970 3316 3038 αἰὼν,
3354 2974 3485 3026 ὅταν
3522 2975 3794 3045 μετρῆται

2213 3063 2425 3132 κινήσει
2460 3061 2779 3131 φερόμενος.
2813 3060 2891 3127 ὡς
2935 3055 3077 3115 εἶναι
3112 3061 3206 3115 τὸν
3235 3062 3335 3133 μὲν
3378 3064 3572 3130 αἰῶνα,
3604 3065 3695 3119 ἵνα
3719 3067 3797 3130 ὡς

2213 3154 2273 3207 ἐν
2302 3154 2413 3223 ὅρῳ
2460 3151 2772 3223 περιλαϐὼν
2823 3152 2984 3217 εῐπω,
3018 3152 3212 3224 χρόνον
3241 3154 3608 3227 ἐστερημένον
3633 3158 3794 3227 κινή-

2214 3260 2373 3309 σεως,
2401 3245 2493 3297 τὸν
2513 3244 2570 3296 δὲ
2596 3243 2789 3313 χρόνον
2817 3243 2990 3298 αἰῶνα
3023 3245 3239 3316 κινήσει
3265 3246 3657 3316 μετρούμενον.
3681 3248 3793 3316 Τῆς

2211 3335 2268 3389 δὲ
2301 3335 2515 3405 φύσεως
2559 3334 2767 3398 Ἠλίας,
2816 3335 2878 3389 ού
2924 3336 3085 3406 μόνον
3135 3335 3213 3399 ὡς
3252 3337 3383 3399 τοὺς
3439 3337 3563 3391 καθ’
3602 3339 3795 3393 ἑαυτὸν

2211 3424 2524 3496 άλωϐήτους
2549 3425 2793 3494 φυλάξας
2816 3425 3032 3496 λόγους,
3076 3429 3172 3483 καὶ
3207 3428 3270 3481 τὸ
3314 3427 3402 3481 ἐπ’
3438 3430 3626 3493 αὐτοῖς
3654 3431 3794 3484 κατὰ

2212 3513 2440 3585 γνώμην
2467 3516 2722 3588 φρόνημα
2753 3517 2965 3589 τροπῆς
3007 3517 3109 3586 τῆς
3155 3518 3220 3571 ὲκ
3253 3517 3461 3582 πάθους
3486 3519 3790 3590 ἐλεύθερον,

2214 3603 2353 3659 ἀλλὰ
2379 3605 2477 3659 καὶ
2506 3606 2584 3670 ὡς
2616 3609 2675 3661 ὲν
2700 3607 2881 3678 κρίσει
2934 3607 3224 3675 παιδεύων,
3267 3602 3381 3663 οἷόν
3429 3625 3516 3674 τις
3566 3611 3793 3679 φυσικὸς

2212 3696 2397 3767 νόμος,
2427 3698 2555 3761 τοὺς
2580 3697 2732 3771 παρὰ
2754 3698 2916 3770 φύσιν
2943 3701 3011 3771 τῇ
3044 3698 3207 3769 φύσει
3228 3702 3577 3771 χρωμένους.
3604 3700 3790 3756 Τοιού-

2212 3805 2304 3841 τον
2331 3788 2441 3860 γὰρ
2473 3789 2569 3843 καὶ
2591 3792 2625 3861 ἡ
2656 3789 2838 3860 φύσις,
2872 3791 2999 3856 τοὺς
3030 3791 3203 3862 αὐτὴν
3235 3791 3645 3863 παραφθείρειν
3672 3796 3789 3847 ἑπι-

2213 3878 2535 3951 χειροῦντας
2558 3880 2812 3936 τοσοῦτον
2832 3881 3159 3948 κολάζουσα,
3188 3881 3315 3935 ὅσον
3339 3882 3438 3936 τοῦ
3459 3883 3615 3953 παρὰ
3638 3883 3788 3952 φύσιν

2212 3970 2312 4043 ζῇν
2350 3971 2752 4044 επιτηδεύουσι,
2798 3973 2878 4044 τῷ
2922 3972 2997 4045 μὴ
3038 3974 3169 4045 ὅλην
3213 3974 3388 4045 αὐτῆς
3428 3976 3679 4043 φυσικῶς
3714 3975 3790 4029 ἔτι

2212 4061 2513 4134 κεκτῆσθαι
2540 4062 2641 4133 τῆς
2674 4063 2891 4132 φύσεως
2918 4063 3018 4135 τὴν
3044 4062 3297 4133 δύναμιν,
3330 4062 3670 4134 μειωθέντας
3696 4063 3788 4133 ἤδη

2211 4155 2311 4225 τῆς
2343 4154 2464 4210 κατ’
2494 4154 2663 4226 αὐτὴν
2691 4154 3012 4225 ἀρτιότητος
3048 4155 3144 4208 καὶ
3169 4154 3260 4208 διὰ
3298 4153 3463 4208 τοῦτο
3501 4153 3788 4224 κολαζομέ-

2214 4263 2358 4313 νους,
2386 4246 2462 4310 ὡς
2513 4248 2723 4309 ἑαυτοῖς
2764 4245 3009 4310 ἀϐούλως
3041 4262 3104 4299 τε
3138 4245 3236 4300 καὶ
3280 4246 3540 4317 ἀφρόνως
3573 4245 3663 4299 διὰ
3697 4244 3788 4312 τῆς

540 4350 597 4396 et
618 4355 717 4411 per
745 4339 853 4394 hoc
878 4339 1200 4409 castigatos,
1233 4337 1440 4407 quippe
1470 4336 1566 4406 qui
1595 4336 1703 4391 sibi
1744 4337 1878 4410 ipsis
1920 4337 2110 4391 incon-

2219 4337 2355 4408 πρὸς
2377 4335 2438 4390 τὸ
2466 4336 2540 4407 μὴ
2572 4335 2633 4390 ὃν
2660 4335 2897 4401 νεύσεως
2925 4335 3021 4390 τοῦ
3070 4331 3212 4391 εἶναι
3245 4337 3660 4409 παρεχομένους
3697 4336 3787 4405 τὴν

540 4434 690 4490 sulto
719 4441 776 4489 et
801 4430 1193 4502 imprudenter
1215 4430 1284 4485 ad
1307 4429 1362 4485 id
1390 4430 1537 4501 quod
1559 4445 1670 4485 non
1690 4437 1776 4485 est
1800 4428 2115 4485 inclinanda

541 4524 879 4582 exsistentiaa
903 4522 1180 4580 defectum
1210 4532 1491 4594 praastaiit.

604 4619 681 4675 Χ.
739 4615 1172 4673 lntellectualem
1242 4629 1374 4669 vero
1428 4627 1651 4684 quoque
1708 4628 1774 4670 ac
1804 4613 2117 4669 sensualem

545 4706 918 4765 conditionem.
955 4704 1171 4774 opiﬁcis
1206 4703 1490 4760 Sermonis
1518 4704 1565 4758 si
1601 4704 1726 4773 quis
1769 4719 1869 4773 per
1898 4704 2120 4776 Moysen

544 4805 604 4852 et
630 4795 807 4850 Elia-ni
838 4794 1114 4850 contineri
1161 4793 1383 4858 dixerit,
1412 4793 1460 4848 is
1485 4792 1719 4848 fortasse
1757 4807 1788 4846 a
1837 4808 1971 4847 vero
2006 4806 2120 4847 non

543 4888 847 4944 aberrabit.
877 4887 957 4942 Ex
977 4887 1182 4956 quibus
1201 4885 1474 4941 sensualis
1500 4885 1715 4957 Moyses
1739 4886 2009 4941 rationem
2041 4893 2123 4941 te-

542 4990 660 5046 net,
713 4980 1139 5052 utgenerationi
1178 4996 1244 5036 ac
1291 4979 1541 5063 interitui
1575 4978 1878 5049 subjectus,
1923 4993 2120 5049 quem-

543 5069 843 5126 admodum
896 5070 1128 5125 historia
1180 5070 1302 5140 ejus
1328 5078 1536 5133 narrat,
1591 5067 2005 5139 generationem
2057 5083 2133 5123 ac

545 5171 782 5217 mortem
810 5163 930 5231 ejus
974 5177 1433 5218 commemorans.
1485 5160 1618 5216 Tale
1668 5160 1816 5215 enim
1848 5160 2123 5214 sensualis

548 5265 768 5321 quoque
797 5251 1065 5315 conditio,
1119 5254 1278 5322 cujus
1323 5251 1543 5305 initium
1582 5249 1960 5321 generationis
2011 5265 2117 5304 no-

619 5396 635 5436 t
669 5385 830 5441 Joan.
859 5403 968 5453 xxv,
1005 5388 1058 5443 6.
1138 5397 1160 5429 ι
1197 5389 1355 5444 Deut.
1391 5407 1428 5455 ι,
1460 5390 1511 5443 5.

2211 4424 2465 4495 ἔλλειψιν.

2286 4605 2346 4658 ι’.
2381 4604 2542 4667 Ἴσως
2567 4600 2625 4656 δὲ
2656 4601 2751 4655 καὶ
2773 4600 2872 4671 τὴν
2904 4598 3102 4671 νοητὴν
3138 4599 3233 4653 καὶ
3264 4598 3365 4668 τὴν
3387 4598 3660 4671 αἰσθητὴν
3688 4598 3792 4652 κτί-

2220 4712 2304 4749 σιν
2349 4694 2569 4764 εχεσθαι
2617 4691 2710 4746 τοῦ
2770 4689 3116 4763 Δημιουργοῦ
3172 4690 3351 4759 Λόγου
3397 4707 3486 4753 τις
3510 4689 3683 4743 εἰπὼν
3711 4686 3795 4742 διὰ

2218 4774 2499 4851 Μωῦσέως
2528 4786 2623 4839 καὶ
2652 4783 2855 4848 Ἡλίου,
2903 4783 3001 4853 τῆς
3031 4781 3291 4853 ἀληθείας
3321 4783 3386 4836 ού
3414 4782 3791 4853 διαμαρτάνει.

2217 4874 2320 4932 Ὧν
2351 4878 2449 4949 τῆς
2482 4878 2580 4950 μὲν
2609 4876 2875 4946 αἰσθητῆς
2906 4874 3088 4945 (162
3108 4873 3160 4945 b)
3191 4873 3434 4943 Μωῦσῆς
3491 4873 3656 4941 λόγον
3707 4874 3795 4924 ἐπ-

2221 4974 2358 5044 έχει,
2396 4973 2471 5036 ὡς
2501 4971 2607 5025 ὑπὸ
2634 4969 2849 5034 γένεσιν
2890 4968 2983 5021 καὶ
3013 4966 3221 5036 φθορὰν
3244 4957 3571 5034 γενόμενος,
3621 4963 3795 5025 καθὼς

2221 5068 2255 5136 ἡ
2285 5065 2417 5136 περὶ
2445 5060 2611 5116 αὑτοῦ
2643 5059 2855 5130 ἱστορία
2886 5057 3056 5128 δηλοῖ,
3096 5057 3195 5126 τὴν
3226 5057 3445 5124 γένεσιν
3476 5056 3573 5112 καὶ
3600 5056 3693 5110 τὸν
3710 5055 3797 5108 θά-

2222 5171 2382 5210 νατον
2430 5150 2596 5207 αὐτοῦ
2644 5146 3102 5216 καταγγέλλουσα.
3164 5144 3422 5199 Τοιοῦτον
3448 5146 3562 5216 γὰρ
3592 5146 3685 5200 καὶ
3716 5146 3795 5197 αἱ·

2224 5242 2398 5317 σθητῆ
2439 5243 2651 5307 κτίσις,
2704 5239 2880 5309 ἀρχὴν
2917 5237 3267 5309 ἐγνωσμένην
3303 5240 3581 5306 γενέσεως
3608 5238 3798 5308 ἔχουσα

1823 5478 2056 5534 νΑῐζΙιΕ
2121 5474 2527 5535 LECTIONES.

621 5587 667 5621 "
700 5589 1090 5658 συνερχόμενος
1119 5610 1150 5648 a
1180 5609 1252 5648 m.
1277 5610 1360 5664 pr.
1386 5594 1551 5651 habet
1586 5596 1709 5651 cod.
1744 5595 1886 5651 Gud.
