4066 6150
372 261 510 331 1165

1611 267 2131 331 AMBIGUORUM
2169 272 2421 336 LIBER.

3488 290 3624 358 “66

363 378 461 434 καὶ
504 376 807 449 διαφθορᾶς
851 375 1163 457 ὡρισμένον
1202 376 1353 438 τέλος
1381 374 1697 441 ἐλπίζουσα.
1751 379 1864 450 Τῆς
1887 381 1927 435 δί

2048 393 2162 438 tum
2185 393 2291 450 est,
2325 395 2380 442 et
2408 403 2533 458 qua:
2560 389 2820 449 interitus
2861 394 3141 453 deﬁnitam
3191 409 3615 462 consummatio-

359 470 559 540 νοητῆς
591 469 797 532 Ἠλίας,
828 468 904 531 ὡς
928 466 1054 521 οὔτε
1079 469 1293 534 γένεσιν
1315 468 1481 521 αὐτοῦ
1507 471 1605 539 τῆς
1628 472 1757 541 περὶ
1776 472 1940 526 αὐτοῦ

361 558 675 629 μηνυούσης
718 559 963 629 ἱστορίας
982 599 998 621 ,
1053 556 1157 611 κᾶν
1185 559 1235 610 εί
1261 558 1586 627 γεγέννηται
1606 599 1623 625 ,
1677 559 1802 615 οὕτε
1834 563 1943 632 μὴν

356 645 456 716 τὴν
489 641 581 699 διά
615 646 850 700 θανάτου
882 646 1092 717 φθορὰν
1115 644 1433 711 ἑλπίζεσθαι
1458 648 1801 721 ὁριζομένης,
1837 654 1942 705 κᾶν

355 738 406 788 εἰ
456 736 801 809 τεθνήξεται.
860 738 1114 792 Τοιοῦτον
1157 737 1267 808 γὰρ
1312 739 1407 792 καὶ
1453 741 1486 809 ή
1533 741 1698 812 νοητὴ
1738 742 1939 807 κτίσις,

356 824 482 879 οὔτε
531 827 707 898 ἀρχὴν
747 827 1016 897 γενέσεως
1046 826 1359 899 ἀνθρώποις
1387 828 1689 901 κατάδηλον
1717 832 1939 902 ἔχουσα.
1982 853 1991 863 ’

357 915 460 970 κᾶν
514 919 564 971 εἰ
613 918 905 990 γεγένηται
952 919 1046 973 καὶ
1076 914 1281 990 ἦρκται
1328 920 1425 973 καί¹
1463 922 1529 975 ἐκ
1554 923 1651 975 τοῦ
1688 923 1762 995 μὴ
1790 924 1944 1001 ὄντος

356 1009 437 1069 είς
484 1008 548 1062 τὸ
591 1003 734 1062 εἶναι
785 1010 1064 1079 παρῆκται
1088 1048 1105 1073 ,
1167 1008 1295 1064 οὔτε
1344 1011 1498 1075 τέλος
1540 1012 1638 1066 τοῦ
1673 1009 1814 1068 εἶναι
1850 1015 1939 1071 διὰ

356 1100 562 1169 φθορᾶς
619 1099 930 1170 ὡρισμένον
975 1100 1278 1172 ἐκδέχεται.
1340 1103 1415 1157 Τὸ
1464 1103 1576 1176 γὰρ
1631 1105 1937 1180 ἀνώλεθρον

355 1188 602 1255 φυσικῶς
636 1189 752 1260 ἔχει
784 1189 1025 1246 λαϐοῦσα
1058 1191 1214 1261 παρά
1239 1192 1398 1257 Θεοῦ,
1433 1194 1531 1248 τοῦ
1558 1194 1731 1261 οὕτως
1765 1197 1936 1269 αὐτὴν

351 1276 756 1349 δημιουργῆσαι
787 1277 1136 1351 θελήσαντος.

358 1543 555 1612 Ἄλλη
587 1543 921 1615 συνεκτική
953 1546 1165 1614 θεωρία
1194 1551 1281 1614 είς
1313 1551 1428 1616 τὴν
1448 1553 1929 1623 μεταμόρφωσιν.

423 1655 487 1707 El
514 1653 571 1707 δέ
603 1672 681 1725 τῳ
710 1656 785 1725 μὴ
810 1657 1230 1728 περιεργότερος
1254 1660 1349 1714 τοῦ
1373 1662 1584 1727 δέοντος
1608 1661 1747 1718 εἶναι
1771 1667 1933 1733 δοκῶ,
1967 1641 2010 1694 Β

357 1744 454 1797 καὶ
482 1744 670 1817 ἕτερον
702 1748 846 1816 μέγα
871 1764 931 1800 τε
962 1749 1057 1802 καὶ
1085 1749 1248 1812 θεῖον,
1273 1750 1350 1813 ώς
1371 1747 1548 1822 οἶμαι,
1575 1756 1639 1807 ὲκ
1661 1755 1761 1824 τῆς
1784 1756 1937 1822 θείας

354 1836 839 1907 μεταμορφώσεως
882 1840 1183 1909 μυστήριον
1224 1842 1359 1912 ἡμῖν
1387 1845 1784 1913 ἀναφαίνεται,
1842 1851 1934 1904 καὶ

349 1926 459 1981 τῶν
481 1928 787 1999 εἰρημένων
809 1929 1213 2003 λαμπρότερον.
1243 1929 1409 2003 Οἶμαι
1427 1934 1538 2006 γὰρ
1560 1937 1686 2001 τοὺς
1701 1939 1932 1993 καθόλου

351 2018 445 2071 δύο
505 2019 606 2088 τῆς
651 2018 933 2089 θεολογίας
981 2025 1216 2093 τρόπους
1277 2027 1566 2094 μυστικῶς.
1606 2028 1933 2098 ὑφηγεῖσθαι

248 2184 253 2187 Δ
350 2108 419 2162 τὰ
453 2110 544 2162 ἐπὶ
574 2110 670 2164 τοῦ
695 2111 854 2182 ὅρους
887 2112 1030 2167 κατά
1057 2115 1157 2186 τὴν
1187 2117 1618 2188 μεταμόρφωσιν
1651 2120 1931 2193 θεοπρεπῆ

349 2199 919 2273 δραματουργήματα,
976 2205 1070 2259 τόν
1115 2223 1174 2259 τε
1218 2209 1631 2280 προηγούμενόν
1660 2227 1803 2282 φημι
1837 2215 1932 2267 καὶ

238 2357 250 2368 ⁸
351 2291 566 2370 ἁπλοῦν
598 2296 691 2345 καὶ
720 2294 965 2347 ἀναίτιον
987 2334 1002 2359 ,
1059 2297 1156 2350 καὶ
1193 2298 1281 2351 διὰ
1311 2299 1479 2370 μόνης
1507 2300 1603 2354 καὶ
1633 2303 1930 2368 παντελοῦς

352 2368 681 2451 ἀποφάσεως
727 2383 788 2437 τὸ
829 2385 971 2439 θεῖον
1004 2385 1080 2451 ώς
1109 2368 1328 2459 ἀληθῶς
1355 2368 1807 2460 καταφάσκοντα,
1834 2395 1930 2448 καὶ

349 2468 450 2537 τὴν
474 2471 751 2542 ὑπεροχὴν
774 2473 940 2527 αὑτοῦ
970 2475 1294 2544 δι’ἀφασίας
1321 2478 1547 2545 δεόντως
1573 2483 1927 2553 σεμνύνοντα.

349 2560 447 2613 καὶ
490 2561 583 2614 τὸν
626 2562 892 2632 ἑπόμενον
921 2565 1095 2636 τούτῳ
1126 2569 1222 2621 καὶ
1251 2567 1524 2635 σύνθετον,
1558 2571 1647 2625 διὰ
1678 2575 1926 2641 καταφά-

352 2666 490 2713 σεως
550 2652 985 2725 μεγαλοπρεπῶς
1041 2659 1107 2710 ὲκ
1156 2657 1267 2711 τῶν
1327 2659 1523 2732 (163
1558 2663 1621 2728 α)
1667 2664 1926 2718 αίτιατῶν

353 2740 771 2813 ὑπογράφονταο
811 2741 914 2811 οἷς,
943 2748 1084 2800 κατά
1112 2748 1173 2801 τὸ
1193 2749 1418 2804 δυνατὸν
1447 2752 1764 2822 ἀνθρώπους
1793 2755 1926 2809 εἰδέ-

351 2848 440 2886 ναι
462 2871 480 2893 ,
533 2835 569 2904 ἡ
620 2836 750 2906 περὶ
779 2835 914 2889 Θεοῦ
944 2853 1005 2890 τε
1056 2839 1150 2891 καὶ
1178 2838 1288 2892 τῶν
1315 2839 1473 2895 θείων
1502 2842 1922 2916 ἑπαιωρουμένη

351 2922 561 2990 γνῶσις
596 2925 687 2979 διὰ
711 2927 821 2980 τῶν
851 2929 1146 3035 προσφμῶν
1173 2932 1307 3037 η’μῖν
1339 2932 1623 3037 συμϐόλων
1652 2937 1789 3037 repp;
1810 2938 1924 3037 ap...
1951 2981 1994 3037 C

350 3015 612 3086 φοτέρους
641 3018 787 3087 ἡμᾶς
812 3018 937 3098 ἄγει
964 3020 1091 3083 τοὺς
1119 3021 1356 3090 τρόπους
1374 3062 1391 3085 ,
1442 3023 1510 3077 δι’
1528 3026 1784 3091 εὐσεϐοῦς
1817 3030 1925 3083 τῶν

348 3104 519 3159 ὅντων
565 3110 942 3179 κατανοήσεως
973 3111 1299 3182 ἀμφοτέρων
1333 3115 1465 3185 ἡμῖν
1492 3116 1771 3186 ὲφιστῶσα
1798 3121 1927 3185 τοὺς

348 3195 574 3266 λόγους,
610 3199 707 3253 καὶ
737 3199 831 3254 τοῦ
861 3201 961 3272 μὲν
989 3203 1256 3274 προτέρου
1290 3207 1399 3259 πᾶν
1424 3206 1484 3260 τὸ
1513 3208 1653 3281 ὑπὲρ
1674 3211 1925 3283 αἴσθησιν

320 3287 619 3358 ,σύμϐολον
674 3286 814 3344 εῖναι
865 3291 1232 3359 διδάσκουσα,
1297 3295 1393 3349 τοῦ
1437 3298 1495 3351 δὲ
1541 3299 1794 3372 δευτέρου
1854 3305 1925 3358 τά

343 3373 468 3432 κατ’
509 3378 763 3449 αἴσθησιν
816 3381 1139 3452 ἀθροιστικά
1184 3383 1322 3440 εἶναι
1376 3388 1706 3444 παιδεύουσα
1749 3410 1921 3463 μεγα-

345 3468 720 3541 λουργήματα.
765 3472 862 3526 Ἐκ
897 3474 1006 3543 γὰρ
1044 3475 1155 3528 τῶν
1189 3476 1329 3548 ὑπὲρ
1357 3477 1612 3550 αἴσθησιν
1642 3483 1923 3554 συμϐόλων

344 3560 445 3630 τὴν
517 3560 680 3644 ὑπὲρΔ
707 3562 863 3630 λόγον
929 3566 1023 3618 καὶ
1068 3560 1194 3619 νοῦν
1263 3567 1524 3638 ἀλήθειαν
1570 3567 1709 3627 εἶναι
1762 3575 1921 3644 μόνον

347 3638 681 3720 πιστεύομειῗ
698 3694 715 3719 ,
767 3655 896 3726 περὶ
942 3654 1036 3708 τοῦ
1068 3656 1121 3710 τί
1170 3659 1264 3710 καὶ
1293 3658 1412 3723 πῶς
1445 3661 1540 3714 καὶ
1566 3660 1758 3719 ὁποίαν
1780 3660 1920 3721 εἶναι

343 3744 437 3796 καὶ
483 3743 586 3797 ποῦ
655 3745 751 3800 καὶ
800 3746 932 3800 πότε
995 3749 1119 3820 μηδ’
1150 3748 1288 3814 ὅλως
1347 3750 1651 3821 τολμῶντες
1697 3760 1920 3812 σκοπεῖν

342 3833 375 3905 ἢ
419 3836 622 3890 ἐννοεῖν
669 3837 1025 3909 ἀνεχόμενοι,
1082 3840 1184 3911 τῆς
1232 3843 1600 3915 ἐγχειρήσεως
1638 3846 1700 3900 τὸ
1726 3848 1921 3913 ἀσεϐὲς

341 3927 775 3998 παραιτούμενοι
802 3945 817 3959 ·
875 3931 942 3982 ἑκ
987 3930 1042 3984 δὲ
1068 3933 1202 3997 ⁸τῶν
1230 3934 1353 3986 κατ’
1373 3935 1645 4007 αἴσθησιν,
1681 3939 1756 4004 ὡς
1789 3942 1919 4012 ἡμῖν

342 4017 457 4071 ἔστι
500 4018 726 4074 δυνατὸν
752 4061 768 4085 ,
823 4021 942 4074 κατ’
969 4020 1180 4075 ἔννοιαν
1212 4024 1374 4094 μόνον
1420 4027 1618 4096 ἰσχνῶς
1659 4030 1760 4099 τῆς
1791 4032 1919 4103 περὶ

341 4108 476 4162 Θεοῦ
499 4108 750 4177 γνώσεως
774 4111 871 4173 τὰς
895 4112 1143 4177 εἰκασίας
1162 4112 1530 4185 λαμϐάνοντες
1560 4119 1739 4173 πάντα
1755 4122 1918 4175 αὐτὸν

342 4193 482 4253 εἷναί
514 4217 693 4271 φαμεν
736 4204 836 4254 ὅσα
878 4204 942 4256 ὲκ
965 4202 1073 4258 τῶν
1099 4205 1266 4260 αὐτοῦ
1293 4208 1613 4277 ποιημάτων
1633 4204 1722 4276 ’ὡς
1745 4211 1917 4267 αἴτιον

342 4289 732 4363 ιγνωρίσαμεν.

349 4534 475 4588 ὀτι
502 4536 597 4591 καί
625 4534 843 4593 emito?)
866 4539 1054 4606 τύπος
1075 4541 1110 4595 ὁ
1139 4541 1354 4610 Κύριος
1379 4542 1588 4614 γέγονε
1618 4547 1767 4601 κατὰ
1801 4547 1915 4617 τὴν

617 4628 834 4684 ἑαυτοῦ
865 4630 963 4684 διὰ
995 4630 1221 4702 σαρκὸς
1260 4634 1626 4704 οἰκονομίαν.

411 4741 782 4813 Σκοπήσωμεν
815 4744 871 4796 δὲ
931 4745 980 4798 εἰ
1021 4745 1096 4818 μὴ
1138 4746 1321 4810 καλῶς
1367 4748 1583 4821 ἑκάστῳ
1617 4750 1722 4805 τῶν
1755 4753 1907 4825 είρη-

342 4830 520 4899 μένων
550 4832 785 4897 τρόπων·
814 4834 956 4888 κατὰ
990 4836 1088 4905 τὴν
1137 4835 1287 4891 θείαν
1330 4838 1546 4907 ἐκείνην
1577 4839 1671 4894 τοῦ
1701 4843 1908 4913 Κυρίου

344 4920 767 4990 μεταμόρφωσιν
816 4924 913 4976 καί
955 4926 1136 4994 σοφῶς
1186 4928 1484 5000 ἐνυπάρχει
1525 4931 1586 4984 τὸ
1620 4933 1906 5003 σύμϐολον.

341 5009 485 5063 Εῖδει
513 5008 623 5080 γὰρ
652 5010 816 5063 αὑτὸν
845 5011 965 5065 καθ’
1005 5015 1151 5084 ἡμᾶς
1193 5018 1484 5087 ἀτρέπτως
1530 5022 1818 5093 κτισθῆναι
1841 5025 1909 5079 δι’

340 5096 578 5167 ἄμετρον
607 5098 1020 5170 φιλανθρωπίαν
1050 5106 1484 5177 καταδεξάμενον
1530 5111 1723 5165 ἑαυτοῦ
1753 5113 1907 5181 γενέ-

342 5184 466 5238 σθαι
489 5186 658 5239 τύπον
681 5187 776 5239 καὶ
803 5185 1092 5255 σύμϐολον,
1143 5192 1235 5244 καὶ
1273 5194 1597 5264 παραδεῖξαι
1622 5198 1679 5265 ἐξ
1712 5203 1906 5257 ἑαυτοῦ

342 5275 689 5344 συμϐολικῶς
721 5274 933 5337 ἑαυτὸν,
973 5278 1066 5328 καὶ
1090 5277 1158 5332 δι’
1184 5280 1378 5333 ἑαυτοῦ
1410 5288 1739 5356 φαινομένου
1774 5291 1908 5360 πρὸς

340 5364 533 5416 ἑαυτὸν
576 5363 801 5432 ἀφανῶς
847 5352 1022 5435 πάντη
1065 5371 1443 5441 κρυπτόμενον
1495 5352 1904 5450 χειραγωγῆσαι

338 5452 438 5525 τὴν
491 5453 712 5509 ἃπασαν
765 5454 944 5507 κτίσιν
982 5457 1078 5509 καὶ
1129 5459 1226 5529 τῆς
1267 5461 1507 5530 ἀφανοῦς
1548 5465 1641 5518 καὶ
1690 5469 1904 5523 πάντων

338 5543 595 5597 δπέκεινα
628 5543 1039 5613 κρυφιομύστου
1092 5550 1186 5603 καὶ
1230 5551 1322 5603 ὑπ’
1361 5553 1573 5617 οὐδενὸς
1601 5556 1710 5610 τῶν
1736 5557 1904 5615 ὄντων

335 5632 510 5687 οὐδενὶ
541 5633 602 5689 τὸ
633 5630 854 5685 σύνολον
880 5632 1068 5704 τρόπῳ
1096 5635 1353 5707 νοηθῆναι
1391 5638 1424 5707 ἦ
1458 5639 1713 5711 λεχθῆναι
1744 5643 1899 5698 δυνα-

1941 4466 2011 4482 -ᾒ

2041 494 2169 533 nem
2211 490 2414 550 sperat.
2448 483 2844 542 lntellectualis
2881 498 3078 545 contra
3106 491 3273 556 Elias,
3328 497 3488 567 cujus
3524 514 3625 552 nec

2040 570 2384 628 nativitatem
2414 577 2870 650 proditihistoria,
2892 581 3107 638 etiamsi
3129 595 3422 653 generatus
3439 589 3624 647 fuerit.

2041 675 2144 715 nec
2168 664 2358 732 utique
2392 670 2595 722 mortis
2610 662 2745 725 eum
2776 671 2882 725 sibi
2925 688 3150 742 sperare
3184 674 3472 733 interitum
3528 679 3624 733 de-

2043 750 2185 816 ﬁnit,
2220 754 2441 810 etiamsi
2474 765 2710 815 mortem
2763 761 3023 818 subierit.
3080 764 3213 821 Tale
3249 767 3400 822 enim
3455 770 3622 824 intel-

2039 841 2297 899 lectualis
2342 861 2563 919 quoque
2593 853 2858 923 conditio,
2893 868 3017 923 qua:
3039 871 3150 911 non
3169 858 3392 913 initium
3421 862 3623 916 nativi-

2039 933 2167 988 tatis
2197 934 2521 995 hominibus
2554 943 2911 1000 manifestum
2960 946 3148 1014 habet,
3215 951 3433 1008 etiamsi
3483 954 3625 1010 facta

2038 1022 2207 1079 fuerit
2235 1034 2293 1080 et
2330 1026 2552 1084 initium
2584 1034 2821 1103 ceperit,
2853 1044 2911 1090 et
2938 1036 3007 1092 de
3036 1039 3212 1095 nihilo
3258 1042 3314 1097 in
3345 1044 3618 1100 exsisten-

2037 1111 2172 1167 tiam
2223 1120 2567 1185 pervenerit,
2594 1137 2699 1178 nec
2739 1125 2906 1181 ﬁnem
2937 1130 3278 1188 exsistentiae
3325 1150 3424 1205 per
3453 1136 3625 1191 inter-

2040 1203 2176 1258 inqu
2211 1206 2500 1269 deﬁnitum
2527 1223 2831 1282 exspectat.
2867 1217 2913 1271 Α
2945 1218 3056 1274 Deo
3085 1222 3256 1287 enim,
3284 1203 3380 1294 qui
3411 1241 3531 1281 eam
3552 1229 3626 1283 ita

2039 1307 2258 1350 creasse
2277 1299 2518 1367 volebat,
2565 1303 2673 1359 hoc
2710 1309 2944 1378 accepit,
2981 1320 3043 1366 ut
3091 1317 3421 1374 naturaliter
3454 1322 3625 1377 exitio

2037 1396 2101 1439 ca
2110 1397 2277 1442 reret.

1963 1499 2033 1512 ἡ

2040 1561 2448 1635 Compendiaria
2469 1570 2580 1626 alia
2594 1573 2650 1626 in
2681 1576 3210 1647 tramformationem
3229 1587 3622 1658 contemplatio.

2110 1678 2166 1733 Si
2217 1682 2304 1735 cui
2333 1692 2519 1739 autem
2564 1690 2881 1745 necessario
2906 1707 3017 1748 non
3055 1698 3343 1765 operosior
3368 1702 3622 1771 videbor,

2034 1771 2203 1825 etiam
2246 1774 2396 1829 aliud
2451 1793 2725 1850 magnum
2755 1789 2813 1837 et
2852 1783 3127 1851 divinum,
3152 1799 3215 1844 ut
3261 1801 3418 1861 puto,
3450 1811 3519 1850 ex
3536 1792 3622 1852 di-

2032 1861 2160 1915 vina
2199 1865 2680 1925 transformatione
2734 1875 3058 1944 mysterium
3112 1880 3279 1935 nobis
3319 1887 3618 1951 revelatnr,

2018 1951 2212 2022 iisque
2272 1972 2395 2026 quae
2451 1959 2564 2030 jam
2617 1961 2732 2017 dixi
2771 1964 3127 2024 luculenlius.
3201 1970 3461 2030 Arbitror
3518 1993 3620 2048 per

2032 2042 2534 2103 transformationis
2576 2055 2891 2119 spectacula
2926 2055 3019 2111 illa
3070 2059 3183 2113 Deo
3219 2065 3616 2122 convenienter

2030 2148 2096 2188 ac
2128 2134 2290 2206 digne
2328 2137 2385 2192 in
2441 2149 2628 2196 monte
2686 2144 2836 2199 edita
2881 2144 3084 2204 divina:
3135 2149 3342 2208 Christi
3404 2166 3615 2215 natura:

2030 2222 2172 2278 duos
2224 2228 2458 2298 mystice
2507 2233 2754 2287 enarrari
2799 2238 3086 2305 generales
3115 2242 3331 2307 modos,
3372 2247 3612 2315 primum

2030 2313 2175 2379 dico,
2189 2325 2244 2371 et
2256 2319 2559 2390 simplicem
2578 2332 2806 2381 etcausa
2824 2339 3124 2398 carentem,
3139 2335 3362 2405 solaque
3375 2313 3442 2395 ac
3454 2340 3612 2408 plena

2027 2407 2321 2475 negatione
2366 2410 2615 2468 divinum
2680 2432 2875 2474 revera
2928 2420 3317 2493 allirmantem,
3352 2445 3417 2485 ac
3452 2407 3610 2488 lasti-

2027 2496 2176 2569 gium
2202 2500 2322 2570 ejus
2348 2517 2450 2571 per
2470 2505 2770 2575 stuporem,
2800 2511 2888 2565 cui
2910 2514 3088 2569 oratio
3114 2533 3224 2573 non
3257 2524 3501 2592 suppetit
3550 2534 3607 2579 ut

2027 2602 2128 2656 par
2145 2597 2248 2653 est,
2276 2593 2667 2662 celebrantem,
2691 2607 2748 2654 et
2767 2601 3021 2670 alterum,
3040 2609 3135 2677 qui
3157 2610 3306 2667 hunc
3333 2615 3606 2685 sequitur,

2027 2681 2397 2749 compositum
2438 2694 2606 2758 atque
2639 2706 2740 2760 per
2771 2692 3189 2755 aﬁirmationem
3222 2681 3511 2775 magniﬁce
3537 2681 3607 2766 es

2027 2773 2268 2827 causatis
2282 2776 2608 2843 probantem
2635 2800 2647 2835 :
2676 2783 2900 2852 quibus,
2926 2796 3201 2857 quatenus
3213 2773 3534 2854 hominibus
3547 2800 3605 2856 id

2025 2873 2191 2916 nosse
2215 2861 2409 2918 licebit
2433 2882 2700 2939 suspensa
2739 2873 2808 2929 de
2834 2876 2950 2932 Deo
2978 2878 3160 2950 deque
3207 2883 3412 2941 divinis
3437 2890 3605 2945 rebus

2027 2952 2268 3023 cognitio
2290 2969 2390 3023 per
2418 2956 2675 3027 Symbola
2732 2965 2894 3020 nobis
2949 2967 3142 3025 idonea
3182 2974 3252 3029 ad
3303 2985 3603 3051 utrumque

2027 3041 2251 3097 modum
2278 3060 2382 3100 nos
2407 3046 2655 3117 deducit,
2708 3052 2840 3109 dum
2894 3072 2993 3126 per
3039 3062 3351 3134 religiosam
3413 3041 3599 3125 rerum

2024 3133 2519 3195 considerationem
2567 3144 2867 3201 amborum.
2912 3133 3162 3211 rationes
3220 3158 3382 3215 nobis
3435 3161 3600 3230 sistit,

2023 3224 2230 3316 prioris
2255 3229 2478 3299 quidem
2508 3235 2819 3304 symbolum
2847 3242 3217 3316 quodcunque
3248 3264 3472 3307 sensum
3506 3224 3600 3311 es;

2023 3315 2184 3371 cedat
2212 3333 2335 3375 esse
2365 3321 2593 3390 docens,
2648 3329 2877 3386 alterius
2903 3315 3189 3392 collectiva
3224 3353 3345 3395 esse
3374 3357 3498 3412 quae
3528 3346 3596 3400 ad

2024 3420 2243 3462 sensum
2276 3412 2589 3480 pertineant
2638 3432 2808 3488 opera
2841 3425 3151 3495 magniﬁca.
3196 3429 3276 3483 Ex
3333 3433 3598 3502 symbolis

2044 3498 2191 3552 enim
2217 3517 2340 3570 quae
2367 3518 2592 3561 sensum
2616 3510 2890 3568 excedunt
2916 3516 3203 3573 veritatem
3232 3522 3500 3578 rationem
3539 3535 3621 3581 et.

2021 3586 2357 3661 intellectum
2382 3608 2729 3664 superaan
2766 3604 2945 3661 solum
2964 3609 3128 3664 modo
3153 3614 3366 3669 censeri
3408 3616 3597 3673 existi-

2020 3695 2255 3744 mamus,
2272 3692 2329 3739 et
2344 3687 2475 3755 quid
2490 3698 2547 3743 et
2572 3694 2849 3774 quomodo
2866 3705 2922 3751 et
2941 3700 3120 3768 qualis
3134 3718 3198 3757 ea
3223 3704 3315 3770 sit,
3340 3715 3397 3760 et
3419 3707 3511 3762 ubi
3539 3718 3598 3763 et

2019 3774 2244 3841 quando
2273 3791 2622 3848 nequaquam
2666 3784 2948 3856 inquirere
2975 3802 3239 3850 conantes
3264 3806 3358 3852 aut
3412 3810 3593 3855 mente

2018 3864 2302 3934 percipere
2343 3870 2698 3939 sustinentes,
2743 3865 3184 3949 quandoquidem
3240 3887 3472 3956 periculi
3515 3889 3592 3944 fa-

2018 3951 2199 4006 ciendi
2248 3954 2584 4037 impietatem
2602 3960 2953 4042 devitamus:
2988 3982 3055 4022 ex
3121 3951 3472 4043 sen’s—ualibus
3498 3992 3598 4031 au-
3704 4030 3709 4039 .

1984 4094 2001 4119 ί,
2018 4049 2148 4107 tem,
2212 4055 2478 4115 quantum
2529 4050 2585 4105 id
2616 4051 2777 4108 nobis
2800 4055 2952 4122 licet,
2984 4061 3221 4130 cogitatu
3250 4065 3595 4122 solummodo

2017 4133 2292 4189 subtiliter
2312 4139 2593 4207 capientes
2645 4158 2733 4198 res
2772 4144 2988 4203 divinas
3019 4154 3380 4220 cognoscendi
3409 4157 3601 4227 conje-

2016 4230 2204 4280 cturas
2236 4226 2408 4282 Deum
2443 4244 2564 4286 esse
2594 4233 3261 4311 statuimus-quacunque
3283 4257 3350 4298 ex
3378 4226 3595 4302 creatu-

1948 4316 1994 4371 D
2025 4316 2102 4372 ris
2142 4316 2314 4388 ipsius
2361 4325 2801 4393 cognoverimus.

2020 4553 2173 4621 Quod
2213 4559 2372 4613 etiam
2407 4561 2570 4632 ipsius
2600 4565 2780 4636 imago
2808 4568 3066 4626 Dominus
3100 4573 3260 4643 fuerit
3304 4579 3591 4635 secundum

2295 4667 2450 4705 suam
2482 4671 2577 4724 per
2605 4672 2820 4712 carnem
2850 4662 3305 4733 dispensationem.

2085 4760 2516 4822 Consideremus
2549 4780 2733 4824 autem
2777 4787 2960 4828 annon
2994 4790 3156 4833 suum
3191 4781 3425 4852 quisque
3448 4799 3589 4854 quos

2017 4851 2129 4907 dixi
2190 4855 2479 4912 modorum
2518 4860 2823 4917 secundum
2875 4865 3118 4922 divinam
3172 4871 3320 4927 illam
3370 4874 3588 4934 Domini

2018 4945 2553 5008 transformationem
2584 4955 2725 5011 bene
2752 4967 2914 5027 atque
2937 4962 3215 5031 sapienter
3240 4982 3400 5022 suum
3429 4976 3586 5026 tuea-

2016 5046 2105 5091 tur
2146 5038 2477 5110 symbolum.
2525 5043 2721 5114 Specie
2745 5046 2891 5102 enim
2932 5066 3059 5106 eum
3101 5053 3355 5114 humana:
3393 5060 3582 5122 simili.

2015 5128 2111 5182 sed
2152 5144 2265 5184 non
2295 5139 2505 5188 mutata
2531 5134 2706 5205 ipsius
2734 5148 2955 5206 natura,
2987 5142 3271 5200 conditum
3303 5164 3425 5205 esse
3454 5167 3588 5221 pro-

2013 5228 2135 5288 pter
2153 5219 2423 5276 inﬁnitam
2451 5237 2606 5279 suam
2634 5226 2687 5279 in
2712 5243 2887 5297 genus
2912 5231 3213 5289 humanum
3236 5219 3584 5295 clementiam

2013 5312 2101 5365 sui
2142 5311 2317 5382 ipsius
2362 5316 2669 5387 symbolum
2729 5331 2894 5392 atque
2950 5326 3243 5398 imaginem
3293 5332 3412 5386 ﬁeri
3471 5348 3581 5387 non

2015 5413 2378 5470 recusantem,
2420 5416 2585 5478 atque
2617 5426 2683 5465 ex
2735 5427 2792 5468 se
2825 5414 2946 5484 ipso
2982 5433 3041 5472 se
3071 5418 3250 5488 ipsum
3283 5423 3583 5493 symbolice
3698 5438 3703 5443 τ

2011 5490 2414 5559 demonstrare,
2468 5511 2679 5568 perque
2729 5516 2884 5557 suam
2936 5510 3312 5577 apparentiam
3343 5512 3409 5566 ad
3438 5528 3582 5575 sese.

2009 5581 2103 5649 qui
2147 5581 2203 5651 in
2262 5583 2602 5642 obscuritate
2649 5590 2861 5661 ubique
2907 5595 3064 5662 latet,
3117 5613 3336 5656 omnem
3386 5603 3574 5669 congli-

2011 5671 2216 5726 tionem
2262 5673 2560 5743 deducere,
2604 5680 2965 5755 obscuraque
3012 5695 3069 5742 et
3113 5690 3361 5746 omnium
3419 5692 3580 5761 longe
