4066 6150
477 209 610 273 1167
1652 199 1715 258 S.
1758 196 2045 257 MAXIM!

2149 194 2598 256 )NFESSORIS
3603 193 3755 258 1168

474 312 801 370 dillicillimo
864 307 1130 382 mysterio
1183 306 1461 361 obvoluta:
1505 315 1563 359 et
1614 318 1735 373 quae
1794 302 1863 355 ab
1916 302 2051 364 ullo,

2160 303 2328 371 μένης
2362 301 2544 372 (163
2571 304 2628 371 ὁ)
2659 303 2913 372 ἀπειρίας
2959 301 3056 364 τὰς
3100 304 3356 370 ἐκφανεῖς
3395 301 3488 355 διὰ
3536 304 3755 374 capaci);

472 414 745 477 quotquot
775 404 879 457 hae
905 402 1016 455 vita
1039 398 1301 463 fruimur,
1354 395 1781 465 haudquaquam
1824 390 2054 461 intelligi

2157 393 2449 463 θεουργίας
2474 393 2795 476 ’ἀνθρώποις
2830 393 3094 464 παρέχειν
3127 393 3529 464 φιλανθρώπως
3563 394 3754 466 μηνύ-

472 508 531 554 et
576 497 721 553 edici
766 494 962 565 possit,
1016 490 1305 545 inﬁnitatis
1340 489 1621 543 luculenta
1650 502 1751 558 per
1800 485 2055 541 incarna-
2160 501 2329 552 ματα.

472 591 680 646 tionem
729 585 1051 641 hominibus
1087 591 1351 659 praestare
1395 580 1622 635 indicia.

681 772 1070 844 Contemplatio
1112 768 1362 841 fulgentia
1415 766 1624 827 Domini
1661 766 1837 836 faciei.
2227 759 2287 812 Θε

2227 757 2447 827 Θεωρία
2500 756 2607 812 τοῦ
2662 756 3094 825 ἀστράψαν-τος
3157 753 3483 824 προσώπου
3562 756 3675 811 τοῦ

2823 849 3073 917 Κυρίουη

498 1028 503 1033 .
541 976 814 1049 Splendor
855 975 1025 1046 igitur
1052 972 1212 1027 faciei
1271 969 1490 1025 Domini
1550 966 1566 1006 ι
1604 967 1831 1023 vincens
1860 965 2056 1020 huma-

2226 962 2300 1016 Τὸ
2325 962 2508 1017 τοίνυν
2539 962 2656 1032 φῶς
2686 966 2780 1016 τοῦ
2809 962 3104 1032 προσώπου
3131 966 3226 1018 τοῦ
3251 967 3457 1035 Κυρίου
3495 966 3558 1019 τὸ
3586 965 3757 1033 νικῆ-

470 1084 598 1129 nam
648 1064 1046 1121 beatitudinem
1087 1061 1353 1132 apostolis
1384 1058 1652 1128 negativae
1679 1064 1766 1112 est
1812 1055 2056 1126 mysticae

2159 1073 2259 1109 σαν
2283 1056 2387 1126 τῆς
2411 1055 2762 1126 ἀνθρωπίνης
2799 1054 3079 1125 μακαρίας
3119 1056 3442 1118 ἀποστόλοις
3486 1057 3591 1127 τῆς
3621 1056 3756 1108 κατ’

471 1159 672 1216 Christi
724 1158 816 1211 Dei
865 1163 1098 1218 natum,
1141 1167 1250 1222 qua
1309 1151 1479 1207 beata.
1506 1158 1671 1218 atque
1718 1156 1907 1202 saneta
1968 1144 2056 1199 di-

2154 1149 2430 1217 ἀπόφασιν
2463 1147 2733 1218 μυστικῆς
2758 1146 3060 1221 θεολογίας,
3096 1146 3221 1199 καθ’
3250 1148 3333 1218 δή
3367 1149 3619 1218 μακαρία
3651 1149 3757 1201 καὶ

475 1248 678 1302 vinitas
723 1244 1034 1300 secundum
1079 1239 1378 1296 essentiam
1418 1238 1710 1307 plusquam
1769 1235 2056 1289 inenarra-

2153 1241 2285 1308 ἁγία
2331 1238 2524 1311 θεότης
2581 1239 2701 1292 κατ’
2756 1237 2945 1290 οὐσίαν
3000 1238 3149 1291 ἐστὶν
3210 1239 3601 1309 ὑπεράρρητος
3649 1240 3754 1293 καὶ

477 1336 605 1391 bilis
662 1345 720 1390 et
764 1335 1057 1404 plusquam
1119 1328 1396 1399 incognita
1447 1338 1504 1381 et
1567 1325 1716 1381 omni
1785 1325 2057 1380 inﬁnitate

2155 1330 2577 1400 ὑπεράγνωστος
2624 1328 2720 1382 καὶ
2775 1327 2959 1398 πάσης
3027 1328 3284 1401 ἀπειρίας
3323 1330 3625 1399 ἀπειράκις
3655 1330 3745 1395 ἐξ·

477 1428 693 1482 iuﬁnite
743 1426 997 1495 superior
1041 1438 1113 1476 ne
1166 1419 1459 1489 vestigium
1496 1417 1721 1487 quidem
1756 1417 1930 1471 ullum
1970 1416 2056 1470 vel

2153 1420 2426 1492 ῃρημένη,
2457 1420 2562 1473 οὐδ’
2589 1420 2734 1488 ἴχνος
2763 1417 2899 1480 ὅλως
2928 1419 3286 1488 καταλήψεως
3318 1420 3420 1473 κᾶν
3452 1420 3610 1490 ψιλὸν
3632 1424 3752 1484 τοῖς

480 1527 646 1573 tenue
691 1511 1208 1586 comprehensionis
1231 1511 1300 1565 iis
1327 1525 1451 1579 quze
1487 1518 1608 1578 post
1638 1523 1696 1563 se
1738 1508 1925 1571 habet,
1967 1523 2055 1563 re-

2162 1513 2281 1581 μετ’
2309 1510 2482 1580 αὐτὴν
2524 1509 2921 1578 καταλείψασα,
2965 1509 3085 1562 οὐδὲ
3136 1510 3234 1581 τὴν
3274 1512 3391 1575 πῶς
3418 1511 3522 1565 κᾶν
3559 1513 3748 1574 πόσιος

477 1611 700 1680 linquit,
746 1624 849 1691 nec
880 1605 1163 1677 quomodo
1204 1604 1289 1657 vel
1322 1604 1672 1672 aliquatenus
1705 1600 1897 1655 eadem
1926 1600 2060 1653 unio

2160 1603 2192 1672 ἡ
2225 1603 2363 1671 αὐτὴ
2382 1602 2476 1655 καὶ
2507 1601 2678 1672 μονάς
2708 1606 2824 1655 ἐστι
2851 1604 2945 1656 καὶ
2971 1601 3129 1672 τριὰς
3155 1601 3366 1655 ἔννοιαν
3388 1604 3608 1670 ὲφιεῖσά
3638 1621 3750 1655 τινι

479 1702 551 1755 sit
594 1709 650 1754 et
696 1689 936 1759 trinitas,
982 1693 1399 1765 intelligendum
1438 1692 1532 1746 ulli
1580 1705 1774 1745 eorum
1807 1689 1901 1759 qui
1934 1697 2062 1743 sunt

2157 1695 2266 1749 τῶν
2299 1696 2490 1759 ὅντων,
2517 1695 2706 1765 ἐπειδὴ
2741 1695 2876 1765 μηδὲ
2926 1694 3218 1765 χωρείσθαι
3265 1695 3443 1747 κτίσει
3485 1696 3547 1748 τὸ
3585 1695 3749 1749 ἄκτι-

479 1791 791 1853 concessit;
820 1784 1268 1857 quandoquidem
1309 1799 1341 1838 a
1378 1789 1633 1837 creatura
1671 1780 1724 1833 id
1769 1778 1915 1849 quod
1952 1793 2060 1831 non

2160 1806 2282 1842 στον
2310 1790 2542 1858 πέφυκε,
2575 1790 2709 1859 μηδὲ
2740 1788 3111 1856 περινοεῖσθαι
3145 1791 3256 1851 τοῖς
3303 1788 3751 1857 πεπερασμένε·ς

480 1891 724 1937 creatum
768 1887 852 1934 est
903 1877 1024 1948 capi
1076 1876 1291 1945 nequit,
1338 1888 1519 1944 neque
1547 1870 1879 1942 cogitatione
1911 1883 2062 1923 com-
2159 1881 2495 1951 τδάπειρον,

481 1973 753 2046 prehendi
798 1989 829 2027 a
871 1970 1041 2026 ﬁnitis
1089 1967 1389 2024 inﬁnitum.

625 2162 1013 2233 Contemplatio
1054 2162 1108 2215 in
1145 2158 1432 2212 luminosas
1478 2153 1690 2208 Domini
1731 2159 1914 2206 vestes.

2277 2146 2496 2213 Θεωρία
2522 2147 2609 2212 είς
2645 2144 2718 2199 τὰ
2745 2146 2909 2215 φανὰ
2931 2144 3038 2200 τοῦ
3064 2146 3286 2215 Κυρίου
3313 2144 3633 2214 ἐνδύματα.

554 2276 954 2335 Aﬁirmativum
986 2279 1173 2328 autem
1225 2269 1447 2323 modum
1495 2267 1550 2320 in
1598 2265 1831 2319 activam
1879 2260 2065 2331 provi-

2239 2259 2342 2311 Τὸν
2371 2258 2427 2310 δὲ
2456 2257 2832 2325 καταφατικὸν
2863 2258 3066 2328 τρόπον
3095 2256 3173 2320 εἷς
3206 2273 3267 2309 τε
3302 2255 3395 2309 τὸν
3429 2256 3551 2308 κατ’
3592 2256 3752 2324 ἐνέρ-

484 2371 729 2427 dentiam
780 2362 1126 2437 eijudicium
1159 2361 1480 2415 distinctum
1510 2354 1793 2425 suspicor:
1822 2352 2062 2422 primum

2169 2367 2327 2419 γειαν
2354 2349 2613 2419 πρόνοιάν
2644 2367 2706 2402 τε
2740 2350 2835 2402 καὶ
2862 2350 3042 2419 κρίσιν
3076 2348 3456 2418 διαιρούμενον
3476 2364 3490 2379 ·
3513 2347 3608 2400 τὸν
3644 2349 3753 2415 μὲν

486 2463 733 2535 quidem,
778 2459 882 2513 hoc
922 2466 1010 2512 est
1060 2455 1326 2516 activum,
1377 2451 1471 2521 qui
1526 2465 1594 2505 ex
1653 2445 2064 2518 pulchritudine

2170 2441 2291 2493 κατ’
2318 2439 2624 2509 ἐνέργειαν,
2654 2438 2747 2490 τὸν
2773 2440 2837 2491 ὲκ
2869 2438 3133 2507 καλλονῆς
3161 2439 3208 2471 ⁸⁸
3232 2439 3326 2491 καὶ
3356 2437 3621 2507 μεγέθους
3636 2438 3753 2489 τῶν

484 2567 542 2612 et
558 2552 937 2624 magnitudine
956 2557 1336 2605 creaturarum
1355 2545 1525 2599 Deum
1549 2539 1923 2595 universitatis
1943 2552 2064 2592 esse

2169 2530 2489 2600 κτισμάτων
2517 2531 2614 2600 τὴν
2651 2531 2782 2600 περὶ
2805 2529 2901 2583 τοῦ
2932 2528 3277 2600 δημιουργὸν
3299 2524 3440 2581 εἶναι
3468 2526 3579 2581 τῶν
3606 2527 3751 2580 ὅλων

485 2617 755 2704 artiﬁcem
777 2642 958 2713 colligi
981 2640 1160 2711 jubet,
1181 2654 1279 2707 per
1304 2634 1622 2705 splendidas
1641 2631 1859 2685 Domini
1886 2642 2067 2683 vestes

2169 2620 2261 2673 τὸν
2308 2619 2442 2671 Θεὸν
2484 2618 2873 2688 εἰσηγούμενον
2908 2618 3163 2684 δήλωσιν,
3199 2617 3291 2671 διὰ
3331 2618 3441 2705 τῷν
3474 2617 3753 2687 λαμπρῶν

488 2690 755 2704 .......υυ...
780 2690 958 2713 "mo-
981 2690 1073 2711 ,η
1090 2690 1107 2694 -
1124 2690 1159 2701 ,,
1184 2690 1207 2707 τ
1228 2690 1241 2692 ο
1333 2690 1347 2705 ,

488 2735 852 2799 manilestari,
902 2747 1042 2803 quas
1092 2729 1284 2785 Sermo
1330 2727 1384 2781 in
1438 2730 1727 2781 creaturas
1783 2721 1918 2776 visui
1966 2735 2061 2788 ap-

2171 2710 2496 2781 ὲσθημάτων
2525 2708 2620 2762 τοῦ
2650 2709 2860 2781 Κυρίου
2883 2690 3444 2780 δηλοῦσθαι,ᾶπερὲίς
3470 2708 3536 2763 τὰ
3559 2710 3753 2778 φαινό-

488 2840 750 2903 parentes
784 2800 1085 2897 productas
1121 2818 1386 2876 ostendit.

2175 2820 2312 2875 μενα
2340 2802 2615 2872 κτίσματα
2658 2800 3019 2872 προεκλαϐὼν
3043 2803 3072 2855 ὁ
3099 2802 3275 2871 Λόγος
3300 2801 3599 2867 ἀπέδειξεν.

813 3000 1194 3073 ϐοηιεγηρίαιὶο
1234 2996 1344 3052 alia
1381 2997 1438 3049 in
1475 2993 1710 3063 Moysen.
2090 2990 2136 3050 ο

2090 2990 2136 3050 C
2449 2982 2667 3051 Θεωρία
2707 2981 2866 3050 ἄλλη
2892 2984 2981 3046 εις
3007 2981 3114 3034 τὸν
3137 2979 3419 3048 Μωῦσῆν.

561 3118 931 3181 Providentia:
959 3122 1143 3171 autem
1178 3110 1401 3165 modum
1450 3123 1549 3177 per
1592 3106 1812 3177 Moysen
1852 3100 2062 3174 signiﬁ-

2240 3097 2343 3150 Τὸν
2397 3095 2454 3148 δὲ
2494 3096 2633 3149 κατὰ
2681 3095 2934 3164 πρόνοιαν
2971 3093 3173 3164 τρόπον
3218 3091 3303 3147 διὰ
3345 3090 3439 3144 τοῦ
3465 3089 3750 3154 Μωῦσέως

492 3216 630 3280 cari,
689 3220 751 3267 ut
791 3224 914 3281 qua:
964 3196 1265 3263 clementer
1309 3215 1501 3256 errore
1555 3199 1747 3254 eximit
1796 3196 2065 3267 pravitate

2174 3187 2556 3258 σημαίνεσθαι,
2579 3186 2654 3250 ὡς
2679 3185 2888 3255 πλάνης
2915 3183 3309 3255 φιλανθρώπως
3351 3182 3749 3252 ἐξαιρουμένην

493 3274 1003 3377 correptos-atque
1037 3296 1233 3354 modos
1264 3292 1629 3366 profectionis
1671 3290 1739 3346 ad
1782 3289 1969 3344 divina
2012 3296 2069 3343 et

2172 3280 2301 3342 τοὺς
2324 3280 2496 3350 κακίᾳ
2530 3277 3012 3347 συνειλημμένους,
3041 3277 3133 3328 καὶ⁵
3160 3275 3287 3338 τοὺς
3307 3274 3538 3346 τρόπους
3565 3274 3750 3343 σοφῶς

492 3396 878 3456 immaterialia
916 3401 971 3449 et
1000 3387 1367 3459 incorporalia
1392 3402 1423 3441 a
1453 3383 1835 3440 materialibus
1860 3390 1915 3436 et
1943 3396 2069 3436 cor-

2165 3375 2280 3436 τοῖς
2319 3370 2629 3442 ἀνθρώποις
2679 3367 3154 3422 διαποικίλλουσαν
3184 3367 3286 3436 τῆς
3336 3366 3474 3436 πρὸς
3517 3364 3589 3418 τά
3628 3365 3751 3418 θεῖα

492 3487 853 3561 ruptibilibus
898 3491 954 3539 et
999 3455 1383 3551 corporalibus
1419 3474 1740 3531 hominibus
1790 3472 2070 3543 sapienter

2167 3462 2263 3515 καὶ
2296 3461 2436 3516 ἀῦλα
2463 3460 2557 3515 καὶ
2585 3461 2856 3529 ἀσώματα
2890 3458 2998 3512 ἀπὸ
3040 3457 3147 3511 τῶν
3191 3457 3391 3512 ὕλικῶν
3432 3459 3531 3511 καὶ
3571 3455 3752 3526 φθαρ-

492 3548 807 3655 distinguit,
859 3548 1175 3646 divinisque
1222 3571 1437 3643 legibus
1486 3569 1790 3641 prudenter
1819 3565 1998 3622 fulcit.

2166 3553 2276 3606 τῶν
2307 3554 2401 3608 καὶ
2434 3552 2767 3623 σωματικῶν
2808 3551 3110 3621 ἐκδημίας,
3161 3550 3258 3605 καὶ
3295 3550 3419 3613 τοῖς.
3453 3548 3624 3613 θείοις
3664 3548 3753 3601 νό-

2172 3661 2294 3712 μοις
2321 3643 2701 3713 ἐπιστημόνως
2733 3641 3035 3714 ὲρείδουσα.

846 3833 1230 3905 Contemplatio
1266 3832 1377 3887 alia
1419 3833 1477 3884 in
1516 3829 1715 3884 Etiam.
2315 3821 2452 3891 (16

2315 3819 2501 3893 (164
2529 3822 2584 3890 a)
2632 3819 2852 3888 Θεωρία
2891 3819 3049 3886 ἄλλη
3087 3820 3174 3884 είς
3216 3817 3325 3872 τὸν
3356 3798 3580 3872 Ἠλίαν.

566 3953 770 4013 Judicii
793 3967 924 4007 vero
948 3947 1171 4003 modum
1200 3961 1299 4016 per
1318 3945 1494 4000 Eliam
1518 3941 1840 4013 signiﬁcari,
1865 3948 1924 3994 ut
1953 3956 2074 4010 qua:

2242 3932 2346 3985 Τὸν
2399 3933 2457 3984 δὲ
2505 3931 2606 4002 τῆς
2661 3931 2897 3999 κρίσεως
2928 3929 3130 4002 τρόπον
3181 3928 3270 3984 διά
3319 3928 3415 3983 τοῦ
3478 3930 3664 3983 Ἠλίου
3706 3932 3754 3964 ’³

501 4035 609 4103 tam
625 4044 797 4100 verbo
807 4057 971 4113 quam
986 4038 1131 4093 facto
1142 4038 1280 4092 alios
1299 4036 1601 4091 secundum
1620 4033 1876 4087 meritum
1891 4032 2071 4101 punit,

2176 4024 2496 4096 μηνύεσθαι,
2554 4024 2630 4088 ὡς
2688 4024 2833 4094 λόγῳ
2880 4040 2941 4077 τε
2995 4022 3091 4077 καὶ
3121 4022 3268 4094 ἔργῳ
3305 4023 3431 4086 τοὺς
3480 4023 3582 4093 μὲν
3628 4024 3752 4078 κατ’

500 4140 638 4197 alios
675 4133 1052 4209 prosequitur,
1086 4131 1160 4183 ita
1204 4136 1267 4182 ut
1293 4125 1599 4180 secundum
1628 4123 1931 4193 subjectam
1956 4136 2073 4175 ma-

2172 4115 2331 4181 ἀξίαν
2373 4114 2812 4185 τιμωρουμένης,
2852 4115 2980 4176 τοὺς
3013 4114 3070 4167 δὲ
3117 4114 3491 4184 περιεπούσης
3525 4113 3616 4167 διὰ
3658 4115 3750 4168 τοῦ

500 4204 693 4287 teriam
731 4235 786 4283 et
830 4204 1151 4296 qualitatem
1180 4220 1264 4273 vel
1298 4216 1521 4271 virtutis
1542 4214 1627 4268 vel
1659 4213 1947 4283 pravitatis
1970 4228 2069 4281 pro
2103 4222 2106 4273 ῖ

2174 4205 2315 4259 κατὰ
2363 4205 2462 4277 τὴν
2517 4206 2886 4277 ὑποκειμένην
2928 4204 3064 4277 ὓλην
3118 4222 3179 4258 τε
3231 4205 3327 4259 καὶ
3359 4206 3623 4276 ποιότητα
3653 4206 3751 4275 τῆς

499 4322 699 4377 merito
721 4316 1153 4385 uniuscujusque
1173 4310 1527 4365 attribuatur.
1557 4305 1684 4360 Haec
1710 4303 1855 4359 enim
1888 4303 2074 4358 omnia

2171 4300 2370 4369 ἀρετῆς
2423 4297 2456 4367 ἦ
2517 4297 2617 4367 τῆς
2669 4296 2871 4359 κακίας
2925 4295 3142 4364 ἑκάστῳ
3206 4295 3534 4367 προσφόρως
3580 4294 3750 4362 αὐτὴν

500 4424 623 4484 quae
668 4410 850 4465 adhuc
896 4403 1279 4476 quaerebamus
1320 4400 1389 4455 de
1420 4404 1688 4469 praesente
1727 4410 1897 4452 sacrae
1924 4395 2074 4451 Scri-

2172 4389 2527 4462 ἀρμόζεσθαι.
2578 4387 2765 4442 Ταῦτα
2805 4388 2914 4460 γὰρ
2948 4387 3128 4442 πάντα
3174 4387 3243 4440 τὰ
3294 4386 3750 4457 προθεωρηθέντα

501 4473 677 4573 plura:
700 4501 819 4554 loco
840 4473 1055 4568 Moyses
1085 4502 1251 4563 atque
1277 4492 1448 4555 Elias,
1480 4488 1536 4542 id
1568 4486 1717 4557 quod
1739 4486 1806 4540 iis
1841 4485 2075 4539 maxime

2172 4480 2312 4534 κατά
2343 4480 2432 4532 τὸν
2463 4478 2706 4559 παρόντα
2730 4479 2830 4549 τῆς
2862 4480 3020 4548 ἁγίας
3049 4478 3276 4548 Γραφῆς
3315 4473 3478 4531 τόπον
3510 4479 3750 4549 Μωῦσῆς

501 4594 661 4649 licuit
692 4591 787 4661 qui
815 4605 903 4644 res
932 4587 1149 4642 divinas
1192 4585 1375 4656 typice
1403 4597 1501 4652 per
1538 4594 1666 4635 suas
1710 4580 1953 4648 ipsorum
1988 4591 2079 4631 res

2171 4590 2232 4626 τε
2258 4574 2352 4626 καὶ
2387 4572 2594 4635 Ἠλίας,
2627 4570 2700 4633 ὡς
2729 4572 2858 4642 ἐνῆν
2889 4571 3123 4641 μάλιστα
3149 4571 3280 4633 τοὺς
3325 4572 3395 4624 τά
3438 4570 3558 4624 θεῖα
3591 4588 3747 4640 τυπι-

492 4683 929 4747 aduiiibrabant,
970 4679 1087 4734 suis
1131 4687 1363 4746 uterque
1413 4672 1616 4744 quibus
1642 4671 1779 4725 vixit
1805 4668 2072 4738 tempori~

2178 4665 2291 4727 κῶς
2341 4664 2408 4718 δι’
2443 4664 2653 4719 ἑαυτῶν
2702 4664 3123 4735 ὑπογράφοντας
3172 4664 3498 4735 πράγματα,
3547 4665 3605 4716 ὲν
3641 4665 3747 4725 τοῖς

503 4774 627 4838 bus,
664 4781 724 4826 ut
756 4777 1032 4832 narratur,
1065 4775 1318 4837 egerunt,
1350 4771 1404 4819 et
1430 4776 1554 4817 cum
1599 4761 1708 4814 illis
1737 4759 2076 4813 conveniunt

2178 4755 2298 4809 καθ’
2320 4756 2510 4809 ἑαυτὸν
2541 4756 2801 4826 ἑκάτερος
2849 4754 3061 4825 γρόνοις
3105 4753 3228 4806 καθ’
3276 4755 3518 4825 ἱστορίαν
3567 4754 3752 4825 εἰργά-

504 4881 625 4936 ῳιω
660 4879 759 4934 pro
803 4857 1282 4928 contemplationis
1331 4854 1495 4909 modo
1533 4852 1906 4922 exposuimus.

2182 4865 2366 4911 σαντο,
2395 4845 2651 4917 ἐμφερῶς
2678 4846 2868 4916 έχοντα
2906 4844 3039 4914 πρὸς
3082 4842 3151 4896 τὰ
3197 4844 3472 4915 εἰρημένα
3500 4845 3642 4899 κατὰ
3668 4843 3752 4897 τὸν

2179 4939 2277 5008 τῆς
2306 4938 2535 5009 θεωρίας
2559 4938 2777 5006 τρόπον.

508 5123 890 5195 Contemplatio
923 5122 986 5175 de
1017 5119 1207 5190 Moysis
1257 5126 1306 5171 et
1344 5116 1472 5171 Elia:
1506 5118 1562 5171 in
1607 5114 2079 5186 transﬁguratione

2188 5117 2405 5185 Θεωρία
2436 5114 2569 5185 περὶ
2602 5112 2708 5181 τῆς
2741 5109 2888 5180 πρὸς
2923 5111 3028 5165 τὸν
3058 5112 3285 5178 Κύριον
3320 5112 3477 5166 κατὰ
3518 5112 3631 5179 τὴν
3652 5128 3751 5181 με·

942 5229 1061 5266 cum
1093 5210 1315 5264 Domino
1364 5209 1643 5281 colloquio.
2253 5209 2548 5279 tri/(dpwa

2253 5209 2627 5279 ταμόρφωσιν
2652 5202 2970 5269 διαλέξεως
2987 5203 3288 5266 Μωῦσέως
3317 5206 3422 5260 καὶ
3468 5206 3686 5261 Ἡλίου.

581 5329 661 5383 Ex
692 5324 967 5395 colloquio
991 5330 1174 5378 autem
1208 5336 1402 5376 eorum
1437 5335 1560 5374 cum
1589 5317 1820 5373 Domino
1847 5324 1902 5370 et
1929 5319 2075 5387 quod

2267 5321 2362 5374 Ἐκ
2390 5320 2448 5373 δὲ
2479 5317 2572 5374 τοῦ
2610 5316 2888 5373 «unum
2918 5316 3115 5379 αὐτοὺς
3155 5315 3238 5385 τῷ
3276 5318 3500 5389 Κυρίῳ,
3536 5319 3630 5395 καί
3666 5315 3757 5382 τὴν

479 5485 489 5495 .
592 5440 611 5481 ι
649 5440 836 5493 Μειιιιι·
866 5454 994 5501 δίνην
1029 5438 1085 5491 2ο
1794 5499 2026 5554 mnia;
2066 5501 2473 5558 LECTIONES.

587 5604 635 5636 υι
667 5601 898 5672 καλονῆς
926 5600 1094 5654 habet
1128 5564 1249 5653 cod.
1282 5596 1426 5654 Gud.
1503 5594 1731 5649 εείιλιού
1759 5594 1882 5650 cod.
1918 5593 2060 5649 Gud.
2092 5596 2204 5651 Nec
2233 5596 2401 5651 semel
2445 5595 2539 5652 ita.
