4066 6150
273 396 280 403 .
317 341 456 408 liti9
1553 341 2067 403 AMBIGUORUM
2105 342 2172 400 Ll
2185 341 2354 400 BER.
3435 324 3571 390 1179

313 461 490 525 ἔξοδον
523 461 706 530 λέγειν
753 460 820 532 ἢν
857 460 1050 532 ἔμελλε
1107 459 1354 530 πληροῦν
1408 460 1480 512 ἐν·
1511 457 1894 530 Ἰερουσαλὴμ.

2014 457 2168 514 linem
2221 457 2541 512 indixerunt
2571 469 2736 526 quem
2763 448 3158 522 Hierosolymis
3202 445 3580 518 completurus

312 555 371 606 ού
425 553 586 623 μόνον
631 553 731 624 τὴν
771 553 858 607 ἐπ’
907 551 1058 625 αὐτῷ
1095 551 1184 606 διὰ
1227 552 1396 620 νόμου
1443 553 1534 605 καὶ
1589 552 1899 624 προφητῶν

2014 559 2159 615 εεεει,
2197 567 2308 605 non
2339 549 2516 604 solum
2560 547 2630 604 de
2656 545 3043 618 mysteriorum
3075 541 3131 596 in
3165 556 3256 604 eo,
3296 553 3461 608 quem
3496 536 3581 591 lex

314 643 848 714 προκεκηρυγμένην
903 643 1014 696 τῶν
1085 642 1404 714 μυστηρίων
1444 641 1670 696 ἔκϐασιν
1717 643 1891 696 ἐδιδά-

2014 658 2058 698 ιο
2095 643 2379 714 prophetae
2425 639 2886 710 praedicaverant,
2946 634 3099 691 exitu
3146 629 3584 688 erudiebantur.

315 747 526 796 σκοντο,
571 731 689 786 ἀλλ’
727 731 858 797 ἴσως
905 733 1002 786 καὶ
1051 733 1112 786 τὸ
1163 731 1236 803 μὴ
1281 731 1489 801 ληπτὸν
1531 727 1672 786 εἶναι
1707 731 1896 803 μηδενὶ

2014 735 2088 791 sed
2137 736 2371 791 fortasse
2415 732 2584 788 etiam
2635 731 2705 786 de
2749 745 2818 786 eo
2865 725 3014 798 quod
3067 724 3208 780 nulli
3245 721 3474 778 omnino
3524 719 3584 772 in

317 823 545 876 καθόλου
584 823 694 876 τῶν
743 823 914 878 όντων
951 824 1013 877 τὸ
1049 825 1224 894 πέρας
1255 821 1358 892 τῆς
1386 823 1630 894 ἀρρήτου
1669 823 1797 892 περὶ
1835 821 1896 874 τὸ

318 912 426 963 πᾶν
445 911 642 981 βουλῆς
669 911 765 965 τοῦ
799 911 936 967 Θεοῦ
965 911 1192 965 καὶτῶν
1215 911 1302 965 ἐπ’
1330 911 1470 982 αὐτῇ
1506 911 1666 964 θείων
1693 913 1898 965 οἰκονο-

323 1005 483 1074 μιῶν,
529 1004 669 1076 πλὴν
705 1005 804 1076 τῆς
839 1005 1083 1076 μεγάλης
1129 1005 1294 1060 αὐτοῦ
1338 1004 1595 1078 προνοίας
1633 1005 1729 1058 καὶ
1773 1005 1900 1075 κρει-

326 1111 484 1158 σεως,
517 1095 585 1148 δι’
633 1087 710 1148 ὧν
753 1095 835 1158 εἰς
878 1095 939 1148 τὸ
975 1097 1123 1168 μόνῳ
1171 1095 1249 1167 τῷ
1297 1091 1417 1168 Θεῷ
1451 1097 1902 1168 προεγνωσμένον

321 1183 474 1246 τέλος
503 1184 564 1236 τὸ
596 1184 702 1238 πᾶν
733 1184 1016 1250 εὐτάκτως
1055 1187 1362 1256 ἐπείγεται,
1401 1189 1542 1260 ὅπερ
1569 1188 1774 1250 πάντες
1805 1187 1904 1257 μὲν

319 1273 519 1342 ὁμοίως
543 1273 819 1344 ἠγνόησαν
865 1276 1008 1330 κατὰ
1028 1277 1090 1331 τὸ
1116 1277 1170 1330 τί
1197 1295 1327 1331 ποτε
1367 1273 1506 1332 εἶναι
1540 1279 1636 1332 καὶ
1664 1277 1778 1338 πῶς
1809 1277 1906 1331 καὶ

321 1369 472 1420 ποῖον
502 1367 596 1422 καὶ
631 1368 784 1434 πότε,
835 1368 986 1438 μόνοι
1020 1370 1079 1424 δὲ
1119 1371 1336 1442 ἀληθῶς
1378 1371 1538 1443 μόνον
1585 1371 1905 1440 ἐπέγνωσαν

322 1457 540 1511 ἔσεσθαι
577 1459 627 1511 οἰ
655 1459 757 1528 τὴν
789 1459 967 1530 ψυχὴν
1013 1463 1237 1532 ἀρεταῖς
1276 1463 1685 1534 ἐκκαθάραντες
1735 1461 1906 1530 ἅγιοι,

325 1546 423 1598 καὶ
459 1547 596 1616 πρὸς
631 1547 700 1601 τὰ
723 1547 844 1602 θεῖα
869 1549 969 1620 τὴν
1002 1553 1176 1622 ῥοπὴν
1212 1554 1382 1621 αὐτῆς
1409 1553 1540 1623 ὅλην
1579 1551 1680 1624 τὴν
1711 1553 1908 1621 νοερέω

325 1636 520 1700 ὑλικῶς
551 1639 1023 1709 μετεγκλιναντες,
1055 1643 1246 1714 αὐτῆς,
1287 1644 1364 1708 ὡς
1421 1647 1621 1707 εἰπεῖν,
1647 1647 1744 1714 τῆς
1772 1641 1910 1696 καθ-

322 1728 446 1783 όλου
475 1730 582 1785 τῶν
607 1731 818 1802 ὁρατῶν
848 1731 1085 1800 φύσεως,
1116 1735 1184 1788 δι’
1210 1729 1286 1790 ὧν
1335 1733 1524 1808 (164
1543 1736 1609 1806 b)
1657 1735 1910 1790 συνίστα-

1999 835 2108 880 tota
2139 841 2323 881 rerum
2366 832 2563 880 natura
2596 821 2798 879 divinae
2843 832 3057 874 arcanae
3079 815 3228 872 circa
3262 815 3584 868 universum

1998 917 2096 972 Dei
2137 917 2437 972 voluntatis
2477 924 2534 970 et
2590 913 2905 969 divinorum
2950 911 3073 982 ejus
3099 904 3584 977 dispensationum

2001 1008 2128 1064 finis
2156 1007 2628 1078 comprehendere
2668 1015 2877 1076 posset,
2925 1009 3126 1074 praeter
3170 1013 3422 1070 magnam
3467 995 3590 1066 ejus

2002 1095 2412 1170 providentiam
2460 1107 2518 1154 et
2567 1097 2861 1170 judicium,
2918 1093 3124 1166 quibus
3169 1091 3226 1146 in
3275 1089 3442 1144 ﬁnem
3485 1086 3587 1142 soli

2003 1192 2116 1246 Deo
2146 1191 2542 1261 praecognitum
2571 1187 2756 1244 omnia
2780 1186 3036 1242 ordinate
3067 1182 3396 1254 procedunt,
3423 1193 3589 1250 quem

2005 1280 2170 1336 ﬁnem
2218 1281 2352 1351 quid
2389 1281 2464 1336 sit
2504 1280 2726 1334 tandem
2769 1286 2828 1334 et
2868 1275 3150 1347 quomodo
3191 1281 3251 1328 et
3296 1271 3475 1342 qualis
3531 1276 3590 1324 et

2006 1366 2229 1436 quando
2271 1381 2428 1436 aeque
2483 1366 2882 1441 ignoraverunt
2929 1377 3144 1426 omnes,
3197 1359 3412 1430 solique
3456 1373 3590 1413 vere

2007 1456 2279 1512 duntaxat
2331 1465 2479 1510 nunc
2522 1455 2770 1510 futurum
2818 1467 2940 1509 esse
2991 1458 3371 1523 cognoverunt
3414 1447 3590 1504 sancti

2009 1557 2222 1604 mentes
2275 1547 2576 1602 Virtutibus
2620 1545 2876 1616 purgati,
2929 1547 3137 1614 quique
3195 1541 3589 1596 libramentum

2011 1639 2384 1695 intellectuale
2415 1639 2618 1694 mentis
2655 1647 2833 1693 totum
2875 1644 2932 1692 et
2959 1635 3122 1706 plene
3158 1633 3226 1690 ad
3272 1632 3461 1688 divina
3489 1631 3592 1687 de-

2013 1731 2376 1797 clinaverunt,
2427 1731 2497 1784 ab
2541 1730 2679 1800 ipsa,
2729 1736 2792 1783 ut
2839 1729 2914 1782 ita
2947 1726 3150 1791 dicam,
3188 1725 3484 1782 universali
3512 1725 3594 1780 vi-

327 1819 450 1875 σθαι
490 1823 701 1890 πέφυκε
723 1823 962 1894 τρόπων,
993 1825 1056 1878 τὸ
1098 1826 1252 1891 τέλος
1277 1828 1377 1899 τῆς
1416 1825 1702 1898 παρούσης
1733 1825 1904 1895 αὐτῆς

2014 1821 2250 1876 sibilium
2313 1829 2510 1876 natura
2566 1835 2667 1891 per
2710 1819 2958 1883 eosdem,
3003 1819 3209 1889 quibus
3258 1817 3589 1887 constiterit,

275 1999 278 2002 ῃ
327 1913 647 1983 εὐκοσμίας,
723 1917 1010 1988 μονονουχὶ
1073 1917 1375 1990 διαρρήδην
1442 1917 1676 1990 βοώσης,
1743 1916 1912 1973 ἀκού-

329 2021 540 2070 σαντες.

327 2183 548 2253 Θεωρία
573 2185 808 2256 φυσικὴ
829 2190 965 2258 περὶ
992 2188 1100 2243 τοῦ
1133 2187 1310 2254 τέλος
1333 2186 1402 2252 ἐξ
1431 2184 1702 2258 ἀνάγκης
1732 2186 1898 2258 ἔχειν

917 2278 1027 2333 τὸν
1067 2279 1320 2348 κόσμον.

339 2393 344 2400 ⁴
397 2391 878 2464 Περιαθρήσαντες
913 2393 1046 2463 γὰρ,
1100 2392 1176 2456 ὡς
1223 2393 1350 2465 ἐνῆν
1401 2392 1662 2463 μάλιστα,
1685 2393 1912 2466 ἐπιστη-

330 2481 506 2550 μόνως
522 2483 613 2536 τὸν
630 2502 706 2538 πα
713 2485 877 2556 ρόντα
897 2483 1123 2554 κόσμον,
1147 2484 1242 2537 καὶ
1260 2483 1371 2537 τῶν
1402 2487 1460 2537 ἐν
1479 2483 1628 2554 αύτῷ
1647 2483 1911 2548 ποικίλως

326 2569 576 2643 ἀλλήλοις
605 2575 1072 2646 συνηρμοσμένων
1109 2575 1404 2646 σωμάτων,
1432 2574 1524 2629 et»
1543 2576 1918 2645 συνεπτυγμέ-

307 2679 416 2718 νον
443 2665 565 2718 κατ’
609 2667 818 2722 ἔννοιαν
841 2660 1024 2739 σοφῶς
1061 2667 1475 2736 ἐξαπλώσαντες
1487 2669 1647 2738 λόγον
1663 2665 1821 2740 εὗρον
1849 2669 1918 2724 τὰ

329 2751 430 2821 μὲν
459 2753 641 2808 αὐτῶν
673 2755 908 2828 αἰσθητά
947 2759 1041 2812 καὶ
1077 2757 1440 2830 ἀντιληπτικὰ
1484 2759 1579 2812 καὶ
1625 2758 1913 2821 noema.

327 2845 508 2900 πάντα
551 2847 606 2901 δὲ
654 2849 789 2902 πᾶσι
819 2838 1199 2922 ’περιεχόμενα
1239 2869 1297 2904 τε
1329 2851 1423 2905 καὶ
1467 2852 1912 2922 περιτρεπόμενα

327 2937 394 3005 τῇ
421 2936 702 3010 ἐπαλλαγῇ
727 2939 826 3008 τῆς
859 2940 987 3012 περί
1011 2940 1246 3005 ἕκαστον
1274 2941 1432 3004 ποιᾶς
1477 2939 1756 3009 ἰδιότητος.
1784 2940 1910 3003 Τοῖς

332 3025 430 3095 μὲν
460 3027 569 3098 γὰρ
595 3028 874 3100 αἰσθητοῖς
895 3031 1212 3101 περιέχεται
1234 3033 1376 3085 κατὰ
1409 3031 1572 3100 φύσιν
1609 3031 1679 3084 τὰ
1714 3031 1908 3103 αἰσθη-

327 3118 475 3182 τικά,
505 3118 575 3172 τὰ
599 3119 656 3174 δὲ
689 3119 924 3190 αἰσθητά
953 3123 1066 3184 τοῖς
1096 3121 1438 3192 αἰσθητικοῖς
1473 3123 1594 3174 κατ’
1629 3123 1904 3194 αἴσθησιν,

2004 1913 2199 1968 modos
2242 1914 2535 1983 praesentis
2568 1913 2690 1984 ejus
2729 1911 2946 1968 ordinis
2979 1910 3168 1976 ﬁnem,
3207 1917 3424 1968 tantum
3478 1926 3591 1966 non

2003 2005 2210 2062 diserte
2260 2016 2318 2062 et
2369 2007 2517 2062 clara
2568 2020 2707 2061 voce
2742 2005 3098 2075 praedicante,
3151 2002 3508 2073 accipientes.

1939 2127 2009 2140 _

2012 2182 2396 2259 Contemplatio
2441 2165 2706 2240 naturalia
2754 2185 2819 2239 de
2869 2185 3174 2240 necessitate
3213 2184 3336 2254 ﬁnis
3385 2183 3590 2240 mundi.

2089 2393 2429 2449 Perlustrato
2449 2392 2597 2448 enim
2619 2408 2854 2457 summa,
2877 2407 2999 2462 quae
3023 2389 3349 2462 suppetebat
3371 2389 3589 2460 peritia,
3682 2414 3688 2420 -

2019 2486 2126 2542 hoc
2173 2493 2442 2556 przesente
2485 2485 2716 2549 mundo,
2759 2475 3200 2554 corporibusque
3243 2482 3298 2537 in
3341 2498 3410 2538 eo
3442 2481 3592 2536 varie

2013 2577 2120 2633 sibi
2173 2577 2516 2648 iunctorum,
2565 2574 2951 2645 complicatam
3007 2580 3195 2627 mente
3237 2571 3374 2626 scite
3420 2568 3594 2640 espli-

2012 2675 2210 2724 earunt
2261 2669 2556 2733 rationem,
2605 2674 2662 2722 et
2714 2665 3050 2721 invenerunt
3098 2669 3312 2734 partem
3366 2660 3592 2731 quidem

2010 2777 2204 2817 eorum
2243 2760 2528 2817 sensibilia
2579 2771 2703 2814 esse
2741 2766 2798 2813 et
2829 2753 3349 2827 comprehensibilia
3379 2760 3435 2808 et
3465 2751 3592 2808 uni-

2011 2853 2262 2918 versalia,
2293 2851 2479 2906 omnia
2517 2865 2652 2906 vero
2679 2848 2944 2905 omnibus
2985 2845 3232 2902 coerceri
3270 2853 3436 2915 atque
3458 2858 3593 2899 con-

2010 2945 2150 2998 verti
2174 2941 2557 2999 vicissitudine
2581 2941 2940 3012 proprietatis
2958 2939 3354 3009 qualiscunque
3379 2935 3594 3006 singula

2007 3034 2422 3090 circumdantis.
2465 3033 2842 3089 Sensibilibus
2885 3032 3031 3086 enim
3075 3036 3402 3085 coercentur
3429 3035 3593 3082 natu-

2005 3126 2198 3182 raliter
2246 3141 2370 3196 qute
2415 3125 2685 3190 sentiunt,
2733 3122 3018 3180 sensibilia
3055 3137 3190 3176 vero
3237 3135 3400 3175 sensu
3431 3118 3595 3174 aliter

326 3207 404 3266 ὡς
433 3209 753 3279 ἀντιληπτά.
783 3211 894 3265 Καὶ
931 3211 1092 3266 πάλιν
1117 3211 1188 3265 τὰ
1213 3213 1311 3284 μὲν
1341 3212 1574 3266 καθόλου
1600 3216 1712 3276 τοῖς
1751 3231 1906 3284 μερι-

2014 3216 2080 3270 iis
2123 3231 2245 3284 quae
2287 3215 2558 3279 sentiunt,
2591 3221 2652 3268 ut
2685 3211 3229 3284 comprehensibilia.
3262 3209 3438 3279 Atque
3471 3224 3594 3263 rur-

329 3303 447 3366 κοῖς
507 3303 652 3356 κατὰ
699 3304 1008 3370 ἀλλοίωσιν,
1061 3303 1130 3358 τὰ
1167 3305 1224 3358 δὲ
1278 3307 1479 3376 μερικά
1525 3308 1636 3368 τοῖς
1677 3304 1909 3358 καθόλου

329 3395 471 3449 κατᾶ
515 3395 778 3450 ἀνάλυσιν
823 3397 1268 3467 περιτρεπόμενα
1303 3395 1608 3468 φθείρεται.
1661 3398 1770 3450 Καὶ
1801 3397 1910 3450 τῶν

334 3487 432 3556 μὲν
463 3487 551 3540 διὰ
573 3487 674 3558 τῆς
714 3487 822 3542 τῶν
854 3487 1029 3542 ἄλλων
1060 3489 1330 3556 γενέσεως
1365 3490 1400 3558 ἡ
1445 3486 1622 3558 φθορά
1665 3489 1910 3555 ἐπιγίνε-

327 3597 440 3632 ται.
487 3579 609 3632 Τῶν
640 3581 748 3649 γὰρ
780 3579 1012 3633 καθόλου
1056 3582 1089 3650 ἡ
1135 3580 1272 3650 πρὸς
1317 3579 1520 3648 ἄλληλα
1560 3579 1772 3643 σύνοδος
1801 3579 1910 3634 τῶν

333 3669 575 3738 μερικῶν
601 3669 900 3740 ποιουμένη
918 3669 1015 3738 τὴν
1041 3670 1256 3737 γένεσιν
1274 3668 1516 3738 ἀλλήλων
1537 3671 1602 3740 τῇ
1628 3669 1909 3724 ἀλλοιώσει

330 3761 448 3814 ἐστὶ
475 3761 670 3834 φθορὰ,
695 3761 788 3814 καὶ
818 3761 928 3816 τῶν
957 3760 1028 3814 αὖ
1053 3761 1296 3831 μερικῶν
1322 3763 1354 3831 ἡ
1383 3760 1522 3814 κατά
1543 3761 1783 3815 διάλυσιν
1811 3762 1910 3830 τῆς

329 3853 626 3917 συνδέσεως
678 3854 817 3924 πρὸς
868 3853 936 3906 τὰ
973 3852 1204 3906 καθόλου
1250 3852 1509 3916 ἀνάλυσις
1551 3851 1651 3924 τὴν
1703 3853 1910 3923 φθορὰν

326 3947 700 4014 ἐπεισάγουσα
727 3945 838 3999 τῶν
871 3945 1102 3999 καθόλου
1133 3946 1248 3999 ἐστί
1301 3945 1530 4017 διαμονή
1557 3945 1905 4014 καἰ·γένεσις.

329 4037 439 4090 Καὶ
459 4037 664 4108 ταύτην
685 4031 823 4091 εἷναι
853 4037 1117 4107 μαθόντες
1146 4035 1240 4090 τοῦ
1271 4037 1532 4108 αἰσθητοῦ
1573 4037 1780 4107 κόσμου
1810 4037 1909 4107 τὴν

281 4129 287 4134 ’
330 4126 608 4191 σύστασιν,
641 4127 740 4197 τὴν
774 4129 854 4190 εἰς
896 4125 1105 4198 ἄλληλα
1133 4125 1242 4178 τῶν
1273 4127 1332 4180 ἐν
1368 4125 1518 4196 αὐτῷ
1550 4127 1816 4194 σωμάτων
1850 4126 1910 4192 ἐξ

327 4207 403 4269 ὧν
432 4217 524 4270 καὶ
555 4220 612 4270 ἐν
641 4211 720 4280 οἷς
761 4218 1038 4288 ὑφέστηκε
1076 4223 1091 4286 (
1119 4217 1276 4289 165
1309 4236 1338 4272 a
1363 4217 1380 4287 )
1408 4218 1474 4271 δι’
1499 4218 1746 4287 ἀλλήλων
1777 4219 1908 4288 φθο-

330 4305 430 4376 ρὰν
466 4307 558 4359 καὶ
586 4306 893 4370 ἀλλοίωσιν,
951 4307 1262 4371 ἀκολούθως
1290 4309 1380 4363 διὰ
1423 4309 1522 4380 τῆς
1555 4311 1697 4364 κατά
1747 4301 1915 4379 φύσιν

329 4396 563 4450 ἀστάτου
594 4398 689 4451 καὶ
719 4398 1018 4470 ἀλλοιωτῆς
1046 4398 1142 4453 καὶ
1173 4399 1358 4454 ἄλλοτε
1385 4401 1563 4464 ἄλλως
1601 4404 1911 4475 φερομένης

2009 3319 2104 3360 sus
2134 3305 2464 3360 universalia
2503 3303 2932 3374 particularibus
2981 3299 3290 3356 secundum
3332 3299 3594 3352 immuta-

2013 3395 2238 3454 tionem,
2261 3393 2619 3464 particularia
2635 3401 2830 3448 contra
2854 3389 3265 3445 universalibus
3285 3388 3589 3441 secundum

2009 3477 2429 3542 dissolutionem
2457 3499 2726 3540 conversa
2763 3490 3224 3552 corrumpuntur.
3253 3479 3429 3550 Atque
3447 3479 3587 3548 parti

2008 3585 2230 3655 quidem
2255 3601 2352 3656 per
2373 3585 2608 3640 aliorum
2641 3583 3052 3656 generationem
3083 3581 3341 3636 interitus
3365 3579 3586 3634 accidit.

2008 3674 2410 3732 Universalium
2465 3675 2612 3729 enim
2660 3681 2852 3728 mutua
2905 3673 3052 3728 inter
3104 3686 3162 3727 se
3213 3669 3586 3742 congregatio,

2009 3768 2140 3824 dum
2187 3766 2603 3839 particularium
2652 3764 2820 3820 edicit
2869 3761 3304 3834 generationem,
3348 3761 3588 3832 singulo-

2009 3874 2130 3914 rum
2171 3858 2316 3914 inter
2336 3873 2456 3915 sese
2485 3855 2865 3912 immutatione
2892 3854 3151 3910 interitus
3169 3862 3273 3920 est,
3301 3861 3357 3908 et
3387 3853 3588 3907 iterum

2009 3949 2426 4019 particularium
2490 3963 2636 4003 nexu
2687 3946 2907 4002 sublato
2963 3945 3022 4000 in
3069 3945 3404 4000 universalia
3449 3943 3591 3998 facta

2011 4040 2295 4106 resolutio,
2329 4039 2460 4095 dum
2507 4040 2796 4096 interitum
2833 4037 3158 4102 introducit,
3192 4037 3589 4092 uniVersalium

2009 4141 2093 4189 est
2137 4131 2459 4202 percnnitas
2505 4146 2572 4186 ac
2628 4131 2935 4202 generatio.
2976 4129 3155 4200 Atque
3205 4129 3347 4184 hanc
3398 4129 3591 4183 mundi

2009 4222 2286 4279 sensibilis
2335 4219 2812 4286 constitutionem,
2839 4236 2966 4276 cum
3009 4227 3263 4274 mutuum
3307 4233 3430 4274 esse
3463 4234 3594 4273 nos-

2011 4323 2134 4370 sent
2179 4329 2498 4384 corporum,
2551 4311 2621 4367 de
2668 4312 2874 4382 quibus
2911 4319 2967 4368 et
3005 4311 3062 4366 in
3088 4310 3290 4382 quibus
3329 4308 3595 4365 consistat

2010 4421 2110 4476 per
2141 4420 2200 4459 se
2248 4405 2362 4476 ipsa
2419 4404 2710 4460 interitum
2770 4403 3349 4472 immutationemque,
3397 4415 3596 4456 conse-

329 4502 388 4539 τε
413 4487 506 4540 καὶ
525 4489 996 4560 περιτρεπομένης
1025 4489 1254 4544 καθόλου
1285 4490 1394 4544 τῶν
1425 4492 1484 4558 ἐξ
1509 4487 1584 4547 ὧν
1608 4496 1908 4565 συνέστηκε

2014 4503 2244 4565 quenter
2291 4511 2358 4550 ex
2399 4492 2642 4550 instabili
2680 4493 2986 4550 secundum
3018 4483 3358 4548 naturam'et
3388 4492 3593 4547 immu-

331 4577 597 4646 σωμάτων
621 4579 880 4650 ἰδιότητος
902 4579 1000 4652 τὴν
1021 4581 1079 4648 ἐξ
1096 4582 1343 4654 ἀνάγκης
1373 4583 1497 4636 καθ’
1525 4587 1716 4654 εἱρμὸν
1747 4602 1908 4658 γενη-

2014 4583 2124 4640 tat'a
2158 4601 2280 4656 quae
2329 4586 2440 4641 huc
2490 4585 2625 4640 illuc
2653 4585 2832 4642 fertur
2865 4585 3322 4654 convertiturque
3349 4583 3592 4656 generali

329 4669 563 4741 σομένην
598 4671 766 4726 αὑτοῦ
821 4673 1134 4726 συντέλειαν
1177 4675 1578 4746 ἐπαιδεύθησαν
1625 4679 1725 4732 ούκ
1771 4675 1908 4734 εἶναι

2014 4691 2302 4746 corporum
2333 4677 2539 4748 quibus
2574 4679 2795 4733 constat
2834 4664 3196 4750 prapriet'ate,
3255 4675 3324 4730 de
3356 4692 3499 4732 nexu
3532 4690 3596 4731 ac

326 4757 570 4828 δυνατὸν,
609 4760 893 4833 ούτεομὴν
927 4761 1156 4834 λογικῆς
1195 4765 1466 4831 συνέσεως
1523 4769 1694 4822 ἀΐδιον
1743 4771 1908 4838 φάναι

2014 4766 2149 4822 serie
2209 4767 2330 4838 ejus
2395 4769 2714 4824 necessario
2772 4767 3308 4824 consummationem
3365 4765 3596 4822 evenire

325 4847 386 4899 τὺ
441 4849 518 4919 μὴ
567 4850 834 4914 ὡσαύτως
891 4851 1014 4922 ἕχον
1067 4852 1176 4916 ἀεὶ,
1225 4853 1349 4924 δίχα
1394 4855 1606 4927 τροπῆς
1663 4859 1756 4912 καὶ
1810 4858 1908 4928 τῆς

2014 4873 2164 4930 posse
2213 4859 2420 4913 nullam
2465 4859 2865 4925 edocebantur,
2919 4868 3070 4914 recte
3109 4858 3448 4914 aestimantes
3491 4871 3596 4912 nec

323 4940 542 4994 οἰασοῦν
602 4940 965 5008 ἀλλοιώσεως,
1023 4941 1162 4998 ἀλλά
1215 4946 1429 5016 μυρίοις
1483 4949 1908 5020 σκεδαννύμενον

2014 4951 2347 5006 rationaliter
2383 4952 2572 5022 utique
2612 4968 2774 5022 posse
2828 4951 3060 5024 intelligi
3110 4951 3390 5021 quomodo
3429 4959 3596 5005 aeter-

322 5029 546 5100 τρόποις
579 5032 676 5084 καὶ
705 5032 1194 5102 περιτρεπόμενον,
1226 5034 1403 5104 ὀρθῶς
1433 5036 1804 5108 λογισάμενοι.

2014 5059 2136 5098 num
2189 5043 2298 5110 dici
2329 5053 2498 5114 queat
2537 5044 2685 5114 quod
2735 5052 2794 5100 et
2821 5059 3043 5114 semper
3069 5043 3175 5098 sibi
3210 5059 3318 5097 non
3354 5049 3594 5102 constet,

325 5135 428 5176 nec
474 5121 856 5178 vicissitudine
883 5131 942 5179 et
973 5125 1345 5196 qualicunque
1389 5127 1768 5188 immutatione
1837 5145 2044 5204 careat,
2096 5137 2193 5194 sed
2245 5137 2466 5193 inﬁnito
2512 5137 2808 5194 modorum
2873 5151 3112 5200 numero
3172 5135 3478 5206 dissipetur
3541 5149 3600 5195 et

324 5217 700 5266 convertatur.

325 5365 548 5434 Θεωρία
593 5365 893 5434 σύντομος
946 5367 1080 5434 περί
1131 5367 1238 5424 τοῦ
1281 5369 1620 5441 μέλλοντος
1670 5377 1908 5446 αἰῶνος,

2014 5375 2398 5448 Contemplatio
2432 5375 2598 5432 brevis
2645 5377 2710 5432 de
2743 5379 2926 5448 futuro
2955 5393 3085 5444 arvo,
3114 5387 3163 5432 et
3191 5379 3318 5450 quid
3350 5347 3596 5435 interhiat

393 5457 518 5512 καί.
549 5457 608 5510 τί
663 5455 731 5510 τὸ
777 5457 984 5526 χάσμα
1031 5457 1162 5512 ἐστί
1211 5459 1278 5512 τὸ
1323 5463 1552 5530 μεταξὺ
1601 5467 1750 5522 Θεοῦ
1809 5472 1906 5527 καὶ

393 5551 742 5618 ἀνθρώπων,
783 5549 883 5604 καί
935 5551 994 5604 τί
1037 5553 1071 5605 ὁ
1141 5551 1400 5623 Adiit/pce
1447 5559 1544 5612 καὶ
1591 5563 1624 5614 ό
1680 5565 1930 5637 κόλπος,

395 5640 501 5694 τοῦ
543 5639 930 5711 πατριάρχου.

409 5731 689 5791 Ἐντεῦθεν
752 5735 862 5790 τῶν
931 5733 1226 5811 ὁρωμένων
1289 5737 1544 5811 ὑπεράνω
1619 5746 1899 5820 γενόμενοι

2077 5565 2127 5610 et
2166 5555 2314 5610 sinus
2364 5557 2708 5627 patriarchw.

2077 5753 2216 5810 llinc
2252 5755 2493 5812 visibilia
2527 5758 2816 5830 magniﬁce
2857 5762 3202 5832 supergressi
3245 5762 3413 5818 linem
3467 5757 3594 5814 uni-
3632 5806 3635 5807 ν

2079 5469 2217 5521 inter
2257 5465 2423 5520 Deum
2465 5474 2624 5536 atque
2666 5459 2972 5536 hominem;
3001 5471 3194 5542 etquis
3237 5471 3306 5524 sit
3355 5469 3599 5525 Lazarus
3696 5539 3701 5544 '
