4066 6150
529 327 664 396 ll‘ll
1710 330 1770 390 s.
1811 328 2098 389 MAXIMI
2136 325 2647 385 CONFESSORIS
3295 382 3303 390 .
3656 313 3801 389 me

524 461 699 500 versa
766 459 948 499 rerum
1016 454 1242 504 natlme,
1288 440 1384 509 qui
1436 438 1664 493 omnino
1706 438 1925 491 futurus
1982 444 2130 497 cst“

2196 432 2552 504 μεγαλοφυῶς
2595 431 2692 485 τοῦ
2735 433 2958 497 ,πάντως
3001 435 3260 504 ἐσομένου
3296 437 3405 490 τῶν
3454 436 3603 490 ὅλων
3634 452 3798 489 κατ-

526 530 792 601 speculati
833 537 983 593 sunt,
1018 527 1074 583 in
1111 544 1224 597 quo
1256 527 1392 581 nihil
1445 542 1631 581 rerum
1671 528 1781 597 jam
1825 526 1967 580 l‘crat
2005 535 2101 580 aut

2202 525 2570 593 εστοχάσαντο
2641 523 2895 593 πέρατος,
2958 526 3016 577 ὲν
3051 518 3096 592 ᾧ
3121 544 3173 580 τι
3199 527 3305 581 τῶν
3362 527 3541 581 ὄντων
3601 529 3797 582 οὐκέτι

526 621 755 683 feratur,
801 634 904 673 nec
940 619 1022 673 rei
1063 619 1230 673 ullius
1282 617 1511 673 omnino
1564 617 1738 671 motio
1781 616 2101 671 stabilitatis

2201 614 2368 686 φέρον
2390 616 2505 668 ἐστὶ
2526 615 2621 667 καὶ
2650 614 2970 683 φερόμενον,
3004 617 3125 670 οὐδέ
3161 635 3243 680 τις
3280 619 3503 682 οὑδενὸς·
3556 619 3625 672 τὸ
3658 620 3791 671 σύν-

527 709 826 765 ineﬂ‘abilis
857 710 979 780 ejus
1010 724 1132 778 quae
1178 724 1365 764 rerum
1407 724 1530 779 quae
1566 709 1825 763 feruntur
1866 723 2100 777 qumque

2200 706 2323 759 ολον
2340 705 2553 775 κίνησις
2581 705 2913 775 παγιότητος
2941 707 3311 779 ἀρῤήτου,τὴν
3330 710 3440 762 τῶν
3462 709 3796 782 φερομένων

526 802 713 856 ferunt
759 801 1024 871 impetum
1065 808 1122 856 et
1151 810 1360 856 motum
1392 800 1604 857 definit.
1641 800 1756 867 Quo
1783 801 2100 871 pervenisse

2198 812 2259 848 τε
2284 796 2379 848 καὶ
2406 797 2738 866 κινουμένων
2778 799 2952 868 φοράν
2977 816 3037 852 τε
3067 801 3398 871 ὁρισαμένης
3417 804 3512 856 καὶ
3539 802 3786 873 κίνησιν.

526 903 710 947 mente
751 892 885 946 dum
933 892 1037 946 hac
1074 891 1257 947 adhuc
1287 892 1553 946 interibili
1602 907 1767 946 carne
1798 890 1977 944 induti
2005 906 2102 945 cu-

2200 888 2346 958 ﬂpb;
2382 887 2412 940 ὃ
2440 887 2694 955 γενέσθαι
2724 891 2868 944 κατά
2892 890 3017 943 νοῦν
3043 892 3504 962 ἐπιθυμήσαντες,
3550 895 3635 948 ἔτι
3684 894 3792 965 τὴν

525 984 706 1051 piunt,
750 981 962 1035 hiatum
1012 982 1158 1036 inter
1194 982 1368 1035 Deum
1402 989 1567 1050 atque
1613 980 1894 1035 hominem
1933 978 2103 1033 inter-

2198 981 2304 1034 ὑπὸ
2330 979 2535 1051 φθοράν
2560 981 2930 1051 περικείμενοι
2957 984 3140 1053 σάρκα
3167 987 3455 1057 ἐμφρόνως
3482 987 3545 1040 τὸ
3572 988 3790 1057 μεταξὺ

521 1074 727 1143 jectum
764 1072 874 1126 vivi
898 1072 1261 1135 transierunt,
1293 1086 1458 1126 carne
1481 1079 1538 1124 et
1559 1069 1764 1125 mundo
1796 1068 2099 1124 secundum

2198 1071 2335 1126 Θεοῦ
2369 1074 2462 1127 καὶ
2505 1073 2805 1143 ἀνθρώπων
2864 1075 3054 1145 χάσμα
3109 1075 3386 1147 διέϐησαν,
3438 1081 3650 1150 σαρκὸς
3689 1083 3792 1134 καὶ

526 1164 850 1219 relationem
877 1172 1070 1233 sponte
1106 1163 1278 1216 exuti.
1306 1162 1502 1216 Hiatus
1528 1160 1678 1216 enim
1712 1174 1905 1214 revera
1940 1158 2103 1213 terri-

2200 1163 2407 1234 κόσμου
2462 1165 2605 1218 κατά
2651 1164 2751 1235 τὴν
2782 1165 2989 1235 ¹σχέσιν
3038 1166 3305 1233 ἑκουσίως
3357 1171 3784 1240 ἀπογενόμενοι.

526 1254 638 1309 bile
687 1262 745 1309 et
783 1254 978 1324 ingens
1021 1255 1166 1309 inter
1200 1254 1373 1307 Deum
1408 1260 1472 1307 et
1511 1242 1793 1307 hominem
1838 1248 2102 1304 interhiat

2199 1256 2402 1324 Χάσμα
2431 1255 2539 1326 γάρ
2563 1256 2640 1319 ὼς
2669 1257 2888 1328 άληθῶς
2915 1258 3146 1330 φοόερόν
3178 1277 3240 1313 τε
3278 1262 3370 1315 καὶ
3397 1263 3541 1331 μέγα
3571 1265 3786 1333 μεταξὺ

526 1345 779 1414 corporis
801 1359 865 1399 ac
891 1344 1084 1399 mundi
1111 1344 1276 1414 hujus
1304 1357 1461 1396 amor
1482 1351 1647 1411 atque
1678 1340 1929 1406 aﬂectus,
1962 1355 2102 1410 quo-

2206 1346 2334 1402 8εοῦ
2375 1349 2469 1402 καὶ
2506 1347 2809 1419 ἀνθρώπων
2845 1350 2995 1402 ιστὶν
3023 1351 3059 1418 ὴ
3102 1350 3238 1418 πρὸς
3278 1351 3341 1405 τὸ
3369 1352 3531 1423 σῶμα
3565 1355 3663 1406 καὶ
3686 1354 3812 1407 τὸν

527 1451 651 1491 rum
683 1434 1335 1505 privationem.Lazarus
1387 1433 1606 1488 fortiter
1637 1439 1696 1486 et
1734 1445 1859 1486 cum
1898 1429 2100 1501 gaudio

2197 1440 2403 1511 κόσμον
2452 1430 2644 1493 τοῦτον
2695 1441 2900 1511 στοργὴ
2950 1442 3045 1496 καὶ
3085 1440 3348 1506 διάθεσις.
3375 1435 3476 1494 Ὧν
3510 1443 3786 1509 γενναίως

526 1527 811 1596 amplexus
843 1524 1331 1596 (quemadmodum
1353 1523 1625 1596 signiﬁcat
1639 1523 1865 1578 morbus
1886 1532 1943 1578 et
1965 1537 2101 1592 pau-

2195 1531 2295 1602 τὴν
2324 1532 2579 1603 στέρησιν
2603 1531 2812 1602 χαίρων
2843 1531 3071 1603 στέρξας
3113 1535 3143 1586 ὁ
3171 1532 3424 1602 Λάζαρος
3480 1534 3594 1603 (ὡς
3625 1534 3788 1603 δηλοῖ

527 1625 732 1687 pertas,
759 1616 932 1670 altera
962 1631 1091 1670 eum
1120 1630 1152 1671 a
1186 1614 1415 1679 mundo,
1449 1615 1591 1670 alter
1632 1630 1664 1669 a
1690 1628 1929 1684 corpore
1958 1613 2098 1668 alie-

2193 1621 2230 1692 ἧ
2256 1638 2316 1675 τε
2349 1622 2504 1684 νόσος
2537 1621 2633 1675 καὶ
2658 1623 2692 1693 ἡ
2726 1622 2904 1688 πενία,
2932 1625 2966 1693 ἠ
2998 1624 3095 1693 μὲν
3130 1624 3230 1694 τὴν
3252 1624 3388 1691 πρὸς
3426 1625 3520 1678 τὸν
3548 1625 3798 1695 κόσμον,

525 1706 687 1777 nans)
728 1707 783 1761 in
815 1706 940 1762 sinu
978 1706 1276 1761 Abrahami
1320 1706 1567 1775 requiem
1597 1705 1847 1775 accipere
1872 1705 2095 1769 meruit,

2193 1715 2229 1785 ἠ
2259 1714 2318 1766 δὲ
2340 1713 2440 1781 τὴν
2462 1714 2596 1784 πρὸς
2621 1714 2684 1768 τὸ
2714 1714 2873 1784 σῶμα
2894 1715 3193 1785 ποιουμένη
3218 1715 3368 1785 αὑτῷ
3392 1715 3788 1787 ἀλλοτρίωσιν)

527 1806 584 1852 et
612 1797 862 1861 divitem,
893 1796 990 1866 qui
1023 1805 1172 1852 totus
1209 1798 1265 1852 in
1309 1796 1417 1851 illis
1445 1796 1776 1861 inhaesisset,
1823 1804 1980 1852 extra
2013 1810 2100 1849 re-
2132 1834 2133 1843 η

2198 1808 2301 1876 τὴν
2323 1807 2382 1860 ιν
2405 1807 2625 1868 κόλποις
2664 1806 2912 1878 Ἀϐραὰμ
2935 1807 3248 1878 κατηξιώθη
3281 1807 3467 1862 λαϐεῖν
3515 1808 3709 1879 (165
3731 1810 3790 1880 ι)

527 1887 945 1958 ῘΓῘΒθηιίοηθω
1009 1886 1237 1956 τεὶίίιυίι
1273 1898 1352 1952 ³³,
1396 1892 1587 1956 ζηθιιιιθ
1641 1887 1809 1940 alium
1862 1886 2098 1941 carnalis
2198 1898 2525 1967 ἀνάπαυσιν,
2551 1898 2643 1951 τὸν
2678 1897 2889 1961 τούτοις
2933 1899 3349 1968 προστετηκότα
3377 1899 3638 1953 πλούσιον
3673 1900 3790 1966 ἔξω

527 1981 653 2035 vitae
695 1979 937 2033 fructum
989 1978 1285 2035 habentem
1317 1988 1518 2049 praeter
1563 1978 1711 2050 quod
1752 1980 1873 2049 ejus
1922 1977 2099 2048 ipsius

2197 1987 2356 2057 ἀφεὶς
2383 1989 2481 2059 τῆς
2510 1988 2768 2055 ἀνέσεως,
2813 1988 2979 2059 μηδὲν
3002 1987 3129 2043 ἀλλο
3152 1989 3252 2059 τῆς
3285 1989 3374 2044 διά
3397 1991 3600 2060 σαρκὸς
3627 1989 3786 2060 ὠφε-

525 2086 690 2127 causa
726 2079 931 2125 aeterna
973 2085 1134 2141 poena
1170 2070 1425 2135 allicitur,
1463 2086 1646 2140 neque
1676 2077 1948 2141 prasente
1984 2069 2095 2123 vita

2195 2078 2425 2148 ληθέντα
2460 2079 2630 2150 ζωῆς.
2663 2079 2803 2149 πλὴν
2828 2079 2924 2133 τοῦ
2962 2078 3052 2132 ἐπ’
3081 2080 3219 2151 αὑτῇ
3246 2082 3567 2152 ἀπεράντως
3604 2081 3784 2136 κολά-

524 2161 823 2226 l'ruentem,
866 2176 1028 2231 quam
1081 2161 1252 2217 solam
1296 2161 1646 2218 desiderabat
1681 2169 1739 2218 et
1783 2160 2094 2227 adamabat,

2198 2171 2406 2238 ξασθαι,
2433 2171 2510 2235 ὡς
2540 2169 2669 2224 οὔτε
2696 2171 2797 2241 τὴν
2830 2170 3115 2243 παροῦσαν
3155 2170 3303 2243 ζωὴν
3331 2171 3544 2241 ἔχοντα,
3579 2172 3654 2243 ἢν
3677 2188 3789 2226 πο-

524 2270 649 2309 cum
682 2263 866 2309 tamen
913 2253 1143 2309 retineri
1189 2269 1255 2309 ea
1291 2253 1616 2309 naturaliter
1639 2264 1863 2324 propter
1889 2252 2097 2307 ﬂuxum

2198 2263 2371 2332 θήσας
2410 2262 2578 2333 μόνην
2607 2261 2907 2331 ἠσπάζετο,
2939 2262 3250 2334 ἀκράτητον
3288 2262 3454 2332 φύσει
3487 2264 3636 2317 κατά
3678 2266 3788 2334 τὴν

522 2347 672 2403 haud
712 2354 899 2417 queat,
952 2360 1134 2416 neque
1176 2345 1374 2400 futura:
1402 2354 1733 2415 compotem,
1765 2345 1923 2416 cujus
1950 2359 2096 2399 sem-

2200 2351 2385 2422 ῥεῦσιν
2412 2351 2794 2422 ὑπάρχουσαν,
2822 2349 2948 2405 οὔτε
2977 2352 3078 2422 τῆς
3117 2352 3419 2424 μελλούσης
3450 2353 3788 2425 μεταλαχεῖν

524 2448 624 2504 per
652 2434 838 2489 studio
871 2442 927 2489 et
958 2449 1145 2489 amore
1174 2450 1242 2491 ex
1273 2441 1388 2491 toto
1417 2441 1732 2499 vacaverat,
1785 2449 1910 2504 qua:
1949 2435 2096 2490 solos

2196 2440 2517 2511 δυνάμενον,
2557 2441 2695 2513 πρὸς
2736 2441 2805 2512 ἢν
2847 2440 3019 2512 ἀργὸς
3049 2443 3365 2498 παντάπασι
3410 2445 3652 2514 διέμεινε
3688 2446 3790 2500 καὶ

522 2540 620 2581 eos
664 2526 1060 2596 complectatur
1087 2525 1184 2597 qui
1219 2526 1444 2597 penitus
1478 2541 1601 2582 eam
1642 2525 1875 2597 diligant
1907 2535 1963 2582 et
1995 2541 2098 2596 pro

2197 2531 2516 2603 ἀνέραστος,
2564 2533 2747 2602 μόνοις
2793 2533 3026 2598 ἰκτίνοις
3062 2534 3408 2605 συμφύεσθαι
3456 2538 3570 2598 τοῖς
3607 2538 3789 2607 αὐτὴν

524 2614 800 2671 desiderio
842 2616 962 2687 ejus
1018 2615 1245 2687 quosvis
1291 2614 1514 2671 dolores
1566 2615 1825 2671 lubenter
1873 2623 1930 2669 et
1970 2628 2096 2670 cum

2196 2622 2499 2694 ὁλοσχερῶς
2565 2623 2887 2694 ἀγαπήσασι
2949 2625 3284 2694 πεφυκυίας,
3344 2624 3439 2680 καὶ
3487 2625 3585 2679 τοῦ
3643 2626 3791 2697 πρὸς

523 2704 808 2775 voluptate
858 2704 1163 2775 perferant.
1212 2702 1383 2760 Sinus
1428 2714 1615 2760 autem
1662 2704 1961 2759 Abrahami
2000 2702 2097 2775 qui

2197 2714 2367 2786 αὑτὴν
2425 2714 2612 2769 εἵνεκα
2667 2714 2835 2768 πόθου
2879 2716 3057 2770 πάντα
3101 2715 3170 2770 τά
3220 2715 3450 2784 ἀλγεινά
3479 2716 3789 2786 προθύμως

524 2796 789 2852 dicuntur
839 2796 1198 2867 intelligimus
1244 2797 1420 2852 Deum
1449 2797 1544 2867 qui
1577 2796 1647 2851 de
1674 2794 1973 2851 Abrahami
2007 2810 2129 2850 se-w

2200 2806 2320 2877 μεθ’
2389 2805 2586 2876 ἡδονῆς
2648 2805 3000 2876 ὑπομείνασι.
3073 2805 3329 2869 nam;
3400 2806 3457 2861 δὲ
3525 2806 3789 2878 Ἀϐραὰμ

523 2888 674 2943 mine
725 2888 1023 2943 carnaliter
1070 2887 1234 2943 nobis
1284 2888 1568 2958 apparuit,
1610 2902 1802 2943 verum
1851 2885 2099 2941 omnium

2197 2895 2496 2959 ἀκούοντας
2541 2894 2636 2950 τὸν
2691 2896 2757 2949 ὲκ
2806 2895 3124 2966 σπέρματος
3186 2895 3443 2967 ’Δῦραάμ
3488 2896 3584 2949 τὸν
3637 2897 3787 2951 κατὰ

523 2979 881 3051 praebitorem
916 2978 1175 3035 omnibus
1201 2977 1379 3049 gratia
1413 2978 1595 3049 dignis
1623 2993 1722 3049 pro
1753 2978 2014 3048 qualitate
2043 2983 2099 3030 et

2199 2986 2378 3057 σάρκα
2413 2987 2553 3057 ἡμῖν
2589 2983 2928 3055 ἐπιφανέντα
2969 2985 3236 3056 νοήσομεν
3264 2983 3421 3047 Θεὸν,
3471 2984 3563 3039 τὸν
3607 2985 3788 3048 ὄντως

524 3068 832 3140 quantitate
859 3070 1126 3140 cujusque
1159 3071 1403 3138 virtutis,
1431 3071 1585 3125 velut
1604 3069 1818 3124 diversa
1848 3067 2096 3138 quaedam
2124 3131 2130 3167 4

2199 3080 2418 3132 πάντων
2444 3075 2738 3147 χορηγικδν
2763 3077 2858 3129 καὶ
2889 3077 3025 3129 πᾶσι
3069 3077 3183 3136 τοῖς
3214 3074 3387 3140 ἀξίοις
3431 3075 3531 3145 τῆς
3557 3076 3788 3145 χάριτος

524 3161 805 3226 donativa,
849 3160 946 3216 sed
994 3161 1343 3223 individuum
1393 3177 1513 3223 sese
1543 3161 1986 3226 distribuentem,
2041 3160 2130 3214 et‘

2199 3169 2479 3237 ἀναλόγως
2523 3170 2590 3239 τῇ
2635 3166 2758 3221 κατ’
2799 3167 3005 3238 ἀρετὴν
3051 3165 3286 3222 ἑκάστου
3317 3166 3569 3236 ποιότητί
3597 3184 3664 3220 τε
3691 3168 3790 3227 καὶ

524 3263 712 3307 tamen
748 3253 824 3311 ita
867 3262 930 3310 ut
980 3268 1107 3317 cum
1142 3253 1227 3315 eis
1255 3254 1349 3323 qui
1394 3253 1731 3324 participant
1754 3266 2098 3323 nequaquam

2199 3260 2478 3329 ποσότητι,
2535 3255 2654 3314 οἷόν
2714 3275 2867 3321 τινας
2916 3258 3209 3329 διαφόρους
3252 3257 3425 3328 νομὰς
3467 3254 3517 3291 ⁸⁵
3558 3257 3791 3328 ἁμερῶς

523 3346 689 3402 simul
721 3346 1047 3419 dissecetur,
1076 3353 1304 3417 propter
1333 3344 1560 3401 unitatis
1589 3343 1920 3405 naturaliter
1951 3342 2099 3403 inse-

2199 3348 2393 3402 ἑαυτδν
2424 3347 2813 3417 ἑπιμερίζοντα
2839 3346 2937 3400 καὶ
2964 3349 3079 3409 τοῖς
3111 3347 3435 3417 μετέχουσιν
3455 3347 3566 3400 οὐδ’
3600 3348 3790 3401 ὁπωσ-

525 3437 827 3508 parabilem
891 3437 1453 3502 exsistentialitatem,
1510 3443 1567 3491 et
1619 3451 1836 3499 rursus,
1872 3443 2099 3505 propter

2199 3439 2294 3496 οὖν
2317 3438 2860 3508 συνδιατεμνόμενον,
2902 3437 2990 3491 διὰ
3028 3438 3125 3508 τὴν
3166 3437 3307 3492 κατά
3337 3435 3499 3507 φύσιν
3538 3437 3791 3508 ἄτμητον

523 3527 800 3597 disparem
846 3540 1039 3583 eorum
1076 3525 1281 3596 quibus
1309 3525 1751 3592 communicatur
1775 3523 2098 3593 dignitatem

2199 3530 2461 3598 όντότητα
2495 3530 2595 3597 τῆς
2624 3526 2894 3593 ένότητος,
2938 3525 3223 3595 κᾶμπαλιν
3249 3526 3338 3581 διά
3382 3526 3483 3599 τὴν
3520 3527 3792 3595 διάφορον

525 3619 583 3676 iu
625 3616 1084 3681 communicando
1128 3631 1249 3679 sese
1284 3615 1519 3682 mirillce
1555 3613 1861 3682 secundum
1901 3612 2098 3677 inena-

2199 3620 2359 3685 ἀξίαν
2411 3618 2523 3673 τῶν
2579 3616 2920 3689 μετεχόντων
2968 3620 3092 3681 ταῖς
3153 3620 3415 3688 μετοχαῖς
3460 3619 3790 3691 παραδόξως

525 3708 695 3767 bilem
729 3707 1024 3778 quamdam
1052 3707 1447 3763 adunationem
1493 3706 1789 3778 separatim
1834 3721 2102 3787 apparen-

2200 3711 2323 3766 an’
2379 3711 2577 3765 ἕνωσιν
2626 3711 2863 3784 ἄρρητον
2927 3709 3298 3781 ἀφοριστικῶς
3361 3711 3790 3781 ἐπιφαινόμενον

522 3810 635 3858 tem
667 3800 841 3870 (novit
887 3799 1050 3871 ratio)
1096 3818 1110 3854 :
1161 3801 1230 3856 ad
1269 3816 1435 3871 quem
1478 3815 1643 3854 nemo
1677 3809 1969 3869 penetrare
1998 3814 2099 3871 po-

2202 3799 2383 3878 (οἷόεν
2410 3806 2439 3857 ὁ
2463 3802 2682 3872 λόγος),
2719 3802 2857 3873 πρὸς
2883 3801 2943 3855 ὃν
2971 3802 3154 3878 Δοὐδεὶς
3200 3801 3454 3870 διαϐῆναι
3491 3803 3785 3874 δυνήσεται

525 3893 654 3949 terit
677 3894 769 3964 qui
798 3894 982 3948 carnis
1015 3894 1297 3964 voluptate
1332 3894 1554 3965 gaudet,
1587 3909 1651 3951 ac
1689 3893 1881 3951 mundi
1927 3891 2100 3963 magis

2200 3876 2397 3965 θρύψει
2456 3892 2662 3963 χαίρων
2695 3891 2918 3962 σαρκὸς,
2970 3876 3074 3945 ’καὶ
3124 3892 3223 3961 τῆς
3278 3893 3446 3946 αὑτοὺ
3506 3894 3787 3963 μακαρίας

523 3985 718 4040 fraude
767 4001 933 4056 quam
964 3985 1126 4041 beata
1173 3987 1348 4057 ipsius
1388 3986 1561 4055 gloria
1612 3985 1939 4048 delectatur,
1996 3998 2100 4038 nec

2200 3987 2358 4057 δόξης
2410 3988 2475 4057 τῇ
2523 3983 2618 4038 τοῦ
2673 3985 2879 4052 κόσμου
2928 3984 3115 4055 ἀπάτῃ
3155 3984 3318 4037 πλέον
3340 3984 3625 4055 ἡδόμενος,
3663 3984 3783 4038 οὐδὲ

524 4077 693 4135 stabit
722 4094 846 4136 cum
868 4078 1060 4133 mundi
1084 4079 1291 4133 victore
1316 4095 1345 4132 a
1369 4078 1576 4133 mundo
1595 4077 1847 4153 devictus
1872 4086 1929 4131 et
1958 4076 2100 4132 male

2201 4079 2459 4148 στήσεται
2512 4076 2650 4145 μετὰ
2710 4072 2805 4127 τοῦ
2858 4074 2951 4129 τὸν
2996 4074 3203 4145 κόσμον
3246 4076 3579 4145 νικήσαντος
3624 4078 3655 4129 ὁ
3707 4075 3783 4144 τῷ

524 4170 764 4239 prudens
791 4185 858 4225 eo
896 4170 1198 4241 exsultans.
1241 4169 1430 4239 Neque
1457 4170 1605 4224 enim
1635 4168 1719 4223 fas
1755 4183 1877 4223 esse
1906 4168 2098 4229 statuit

2201 4167 2392 4238 κόσμῳ
2420 4163 2674 4235 ἡττηθεὶς
2705 4164 2801 4217 καὶ
2845 4164 2932 4221 ἐπ’
2964 4164 3115 4235 αὑτῷ
3146 4165 3333 4229 κακῶς
3355 4165 3516 4228 εἰδὼς
3548 4167 3783 4233 ἁγαλὶὸο

525 4261 711 4317 divina
742 4262 979 4333 justitia,
1015 4270 1077 4327 ut
1106 4261 1202 4331 qui
1229 4261 1333 4319 hac
1366 4260 1477 4314 vita
1518 4275 1635 4314 rem
1662 4261 1958 4315 humanam
1987 4275 2103 4319 me-

2208 4275 2387 4329 μενος.
2417 4257 2531 4310 Οὑκ
2557 4251 2697 4311 εἶναι
2732 4256 2841 4327 γὰρ
2878 4256 3028 4323 ἀξιον
3061 4256 3278 4328 ἔκρινεν
3322 4259 3357 4327 ἡ
3400 4256 3526 4313 θεία
3578 4259 3782 4312 δικαιοι

524 4355 742 4410 tiuntur
771 4362 829 4409 et
860 4353 1142 4423 opulentia
1166 4368 1230 4409 ac
1256 4351 1574 4417 valetudine
1603 4353 1857 4421 corporis
1893 4362 1945 4411 et
1977 4352 2101 4411 aliis

2204 4352 2337 4421 σύνη
2383 4347 2698 4420 (166a),
2747 4349 2875 4412 τοὺς
2910 4350 2977 4419 τῇ
3024 4337 3135 4420 ζωῇ
3174 4347 3348 4420 ταύτῃ
3398 4348 3469 4403 τά
3520 4349 3667 4405 κατά
3696 4348 3781 4401 τὸν

524 4445 854 4502 muneribus
885 4445 1244 4516 insolescunt,
1290 4445 1460 4515 inque
1510 4444 1598 4509 his
1635 4444 1766 4500 solis
1796 4443 2101 4502 beatitudi-

2206 4442 2492 4513 ἀνθρωπον
2543 4439 3007 4510 περιγράφοντας,
3062 4441 3159 4493 καὶ
3194 4439 3412 4508 πλούτῳ
3462 4442 3561 4495 καὶ
3626 4439 3780 4510 ὑγεία

523 4549 653 4591 nem
678 4534 970 4599 collocant,
986 4545 1178 4592 contra
1208 4534 1404 4605 anima:
1434 4533 1578 4592 bona
1612 4534 1771 4588 nihili
1800 4534 2097 4599 aestimant,

2203 4533 2457 4604 σώματος
2491 4533 2585 4586 καὶ
2630 4534 2746 4595 τοῖς
2793 4531 2975 4593 ἄλλοις
3006 4529 3313 4601 ἀξιώμασιν
3352 4531 3777 4604 ἀϐρυνομένους,

524 4610 731 4682 divinis
776 4635 944 4697 atque
996 4627 1222 4701 aeternis
1264 4626 1580 4703 potirentur
1630 4626 1813 4692 bonis,
1860 4643 2099 4695 quorum

2201 4625 2491 4681 καὶτοῦτο
2537 4624 2699 4695 μόνον
2759 4624 3030 4694 μακάριον
3080 4621 3391 4690 κρίνοντας,
3447 4624 3518 4677 τά
3575 4624 3634 4683 δὲ
3680 4622 3776 4692 τῆς

524 4735 717 4777 curam
745 4720 1045 4778 habuerint
1070 4720 1234 4791 plane
1279 4720 1510 4784 nullam,
1556 4718 1628 4776 ob
1670 4718 1897 4773 nimiam
1930 4726 2103 4777 male.-

2200 4715 2379 4787 ψυχῇς
2416 4714 2601 4783 ἀγαθά
2639 4715 2770 4784 παρ’
2798 4713 2954 4770 οὐδὲν
2984 4712 3325 4783 τιθεμένους,
3355 4714 3467 4767 τῶν
3495 4714 3659 4768 θείων
3685 4715 3775 4769 καὶ

526 4811 747 4869 rialium
794 4811 1060 4877 studium,
1116 4810 1471 4867 immemores
1518 4817 1785 4880 quantum
1814 4808 2018 4865 divitia:
2046 4818 2104 4867 et

2202 4807 2438 4865 αἰωνίων
2474 4806 2799 4877 μεταλαχεῑν
2824 4804 3065 4873 ἀγαθῶν,
3124 4797 3200 4861 ὧν
3250 4805 3364 4867 οὐδ’
3399 4805 3540 4870 ὅλως
3584 4807 3774 4874 ὲφρόνσ

526 4900 786 4959 valetudo
835 4902 1161 4972 reliquaque
1227 4901 1550 4974 temporalia
1613 4900 1758 4962 bona
1798 4900 2100 4969 virtutibus

2206 4915 2384 4964 τισαν,
2446 4897 2535 4951 διὰ
2595 4898 2695 4966 τὴν
2748 4894 2949 4966 πολλὴν
2998 4896 3126 4965 περὶ
3178 4895 3249 4950 τά
3310 4895 3475 4949 ὑλικά
3521 4897 3773 4964 σπουδὴν,

524 5003 881 5076 superentur,
959 4970 973 4972 ⁷
1068 4970 1079 4972 _
1256 4970 1261 4973 ’
1340 4970 1358 4982 ⁷
1450 4970 1457 4977 ’
1543 4974 1547 4977 λ

2207 4988 2586 5059 άγνοήσαντας
2648 4987 2771 5045 ὅσον
2821 4984 3053 5048 πλούτου
3108 4987 3203 5045 καὶ
3266 4987 3458 5054 ὑγείας
3518 4989 3617 5048 καὶ
3673 4987 3776 5040 τῶν

2208 5078 2382 5141 ἀλλων
2412 5077 2764 5151 προσκαίρων
2789 5076 3011 5145 ἀγαθῶν
3052 5078 3109 5129 αί
3148 5079 3346 5146 ἀρεταὶ
3391 5079 3775 5157 ὑπερέχουσιν.

2140 5198 2207 5212 ’-

903 5258 1287 5330 Cautemplatio
1323 5261 1386 5315 de
1414 5259 1711 5343 virtutibus,

2666 5255 2884 5324 Θεωρία
2921 5253 3053 5323 περὶ
3090 5253 3337 5324 ἀρετῶν.

597 5375 741 5444 Sola:
787 5375 958 5441 enim,
1039 5375 1256 5431 etiamsi
1303 5376 1409 5447 alia
1484 5376 1864 5442 comitantur,
1921 5378 2098 5431 virtu-

2279 5373 2454 5427 Μόναι
2479 5372 2588 5443 γάρ
2617 5371 2711 5424 καὶ
2739 5370 2835 5425 σὺν
2859 5371 2971 5431 τοῖς
2997 5367 3181 5432 ἄλλοις
3206 5370 3261 5421 αἱ
3296 5368 3494 5437 ἀρεταὶ
3517 5365 3776 5438 μακάριιν

528 5470 613 5529 tes
669 5464 896 5519 beatum
960 5464 1198 5519 reddunt
1250 5465 1577 5521 hominem:
1622 5481 1729 5521 una
1776 5480 1903 5520 cum
1948 5466 2093 5533 aliis,

2205 5465 2423 5518 ποιοῦσι
2449 5464 2546 5518 τὸν
2576 5462 2881 5534 ἄνθρωπον.
2923 5459 3077 5514 Μετὰ
3109 5461 3208 5530 μὲν
3249 5460 3362 5515 τῶν
3415 5460 3615 5527 ἀλλων,
3646 5456 3782 5515 κατὰ

598 5581 640 5621 ιι
677 5574 813 5630 Luc.
845 5590 953 5640 xvi,
986 5576 1080 5630 23.

620 5712 664 5759 ν’
686 5713 854 5782 νόμας
887 5712 1009 5776 cod.
1036 5712 1179 5783 Gud.

1820 5644 2049 5709 γΑιιιτΕ
2089 5644 2486 5709 LECTIONES.
