4066 6150
337 317 473 385 1173
1527 341 1533 346 '
1564 344 2082 408 AMBIGUORUM
2123 348 2373 411 LIBER.
3447 347 3582 411 1m

334 436 558 503 πλάτος,
617 439 694 504 ὧς
722 460 804 507 τις
850 444 953 516 ἔφη
1001 448 1104 500 τῶν
1135 451 1200 502 τά
1237 449 1357 504 θεῖα
1405 455 1606 521 σοφῶν,
1651 458 1811 525 μόναι
1849 460 1874 512 δ

1976 513 1978 519 λ
2010 461 2314 515 secundum
2345 462 2719 528 latitudinem,
2755 473 2814 518 ut
2847 461 3050 532 aliquis
3081 462 3133 515 in
3174 461 3339 516 rebus
3382 462 3583 518 divinis

282 578 284 581 .
332 527 426 582 καὶ
458 530 582 583 καθ’
611 534 831 601 ἑαυτάς,
861 538 1001 591 κατὰ
1029 545 1399 614 περιγραφήν.
1453 546 1572 600 Τῶν
1603 549 1710 619 γὰρ
1737 550 1874 605 δντω

2011 551 2232 621 sapiens
2269 553 2506 618 dicebat,
2543 554 2672 608 sola:
2701 569 2835 609 vero
2866 570 2964 624 per
2989 553 3336 621 semetipsas,
3379 568 3582 606 secun-

328 618 396 671 τά
424 621 526 689 μὲν
564 624 702 676 κατά
735 630 1081 700 περιγραφὴν
1125 634 1345 696 νοεῖται,
1385 633 1460 699 ὡς
1491 618 1716 708 δίπηχυ,
1753 641 1819 693 τὰ
1847 641 1874 694 δ

2008 640 2138 695 dum
2164 643 2755 714 circumscriptionem.
2796 645 3001 699 Rerum
3035 644 3184 698 enim
3220 659 3348 713 pars
3383 659 3578 698 secun-

329 710 468 762 κατὰ
494 712 716 782 πλάτος,
764 715 838 780 ὡς
869 720 1061 789 σωρός.
1106 723 1289 791 Σωροῦ
1336 725 1448 795 γὰρ
1482 727 1584 780 κᾶν
1620 729 1712 782 δύο
1755 731 1874 800 μεδί

2007 731 2138 786 dum
2188 710 2757 806 circumscriptionem
2806 737 3078 802 noscitur,
3139 744 3203 790 ut
3253 735 3576 799 bicubitale,

331 817 496 894 μνους
525 804 756 894 ἀφέλῃς,
791 809 851 862 τὸ
878 809 1197 882 λειπόμενον
1233 818 1385 885 μένει
1423 820 1596 888 σωρός
1619 837 1632 853 ο
1678 823 1770 876 καὶ
1801 826 1868 894 τῆ

2006 839 2131 892 pars
2153 841 2282 880 vero
2300 827 2604 882 secundum
2624 828 2994 892 latitudinem,
3018 828 3096 882 uti
3119 827 3579 882 acervus.Aeervi

323 888 380 942 δὲ
409 891 550 949 κατὰ
593 894 798 961 πλάτος
851 902 1255 974 μακαριότητος
1303 905 1369 959 ἂν
1427 910 1632 983 ἀφέλῃς
1683 913 1750 967 τά
1805 888 1874 968 τός

2003 913 2380 973 enimetiamsi
2407 918 2547 974 duos
2590 921 2804 976 modios
2829 920 3031 986 demis,
3079 930 3261 975 tamen
3308 919 3576 988 relinqui-
3630 976 3635 984 ,

326 980 578 1076 σωματος
604 989 698 1040 καὶ
732 989 839 1043 τῶν
867 993 1028 1056 ἐκτὸς
1057 995 1256 1062 ἀγαθὰ,
1309 980 1616 1075 καταλίπης
1640 1005 1696 1058 δὲ
1732 1006 1874 1076 μόνω

2003 1013 2094 1058 tur
2137 1020 2394 1072 acervus;
2447 1017 2505 1062 el:
2550 1009 2596 1063 si
2644 1009 2794 1065 illius
2849 1011 3155 1066 secundum
3216 1009 3570 1065 latitudinem

321 1069 419 1134 τὰς
452 1074 674 1144 ἀρετάς,
709 1080 860 1148 μένει
911 1084 1006 1138 καὶ
1056 1084 1230 1150 οὕτως
1273 1069 1665 1158 ἀνελλιπὲς-’τὸ
1715 1069 1866 1166 μακά

1999 1095 2362 1153 beatitudinis
2383 1069 2631 1170 demptis
2678 1103 3064 1172 corporalibus
3114 1110 3280 1171 atque
3327 1100 3576 1155 externis

321 1180 457 1265 ριρν.
489 1168 781 1265 Αὐτάρκης
797 1173 904 1246 γὰρ
923 1177 1016 1229 καὶ
1045 1179 1167 1231 καθ’
1195 1180 1392 1253 ἑαυτὴν
1434 1185 1511 1254 τῷ
1545 1185 1722 1256 ἔχοντι
1753 1189 1874 1260 πρδέ

1999 1187 2161 1243 bonis
2194 1191 2339 1246 solas
2363 1193 2600 1249 virtutes
2630 1195 2873 1265 reliquas
2902 1195 3130 1260 feceris,
3151 1193 3442 1249 beatitudo
3490 1193 3575 1247 ni—

318 1252 661 1353 εὒδαιμονίαν
716 1263 748 1330 ἠ
795 1265 988 1335 ἀρετή.
1035 1268 1148 1332 Πᾶς
1193 1269 1286 1325 οὖν
1330 1252 1500 1337 iam
1527 1252 1731 1340 άὸλιος,
1790 1252 1874 1332 διάη

1997 1278 2300 1334 hilominus
2330 1281 2538 1337 illibata
2570 1252 2914 1353 perseverat.
2942 1283 3157 1341 Suﬂicit
3186 1285 3335 1340 enim
3361 1284 3447 1339 vel
3473 1299 3571 1353 per

318 1341 494 1437 πάντα
520 1347 822 1422 συλλήϐδην
865 1354 966 1428 ἔχῃ
1004 1357 1074 1411 τά
1121 1359 1392 1432 λεγόμενα
1431 1364 1530 1435 τῆς
1560 1366 1662 1436 γῆς
1687 1368 1886 1437 ἀγαθὰ.

316 1433 424 1487 τῶν
461 1437 674 1530 ἀρετῶν
713 1444 1111 1518 ἐστερημένοςο
1153 1455 1246 1506 καὶ
1287 1457 1398 1519 πᾶς
1441 1433 1647 1526 ἀγαθὸς
1707 1433 1890 1530 μακά·

317 1540 451 1619 ριος,
497 1527 602 1581 κᾶν
641 1533 860 1588 πάντων
905 1538 1196 1611 ἐπέρηται
1236 1544 1347 1598 τῶν
1380 1549 1471 1600 ἐπὶ
1498 1550 1600 1619 γῆς
1642 1527 1884 1618 ἀγαθῶν,

313 1610 452 1711 ἔχων
483 1619 582 1689 τῆς
611 1621 814 1695 ἀρετῆς
841 1628 940 1695 τὴν
973 1610 1357 1704 λαμπρότητα,
1393 1610 1602 1709 μεθ”ἧς
1637 1610 1887 1711 Λάζαρος

1993 1371 2344 1439 scmctipsam
2383 1371 2451 1426 ad
2489 1373 2894 1429 beatitudinem
2929 1376 3126 1436 virtus.
3165 1375 3359 1430 Omnis
3403 1373 3571 1443 igitur

1991 1458 2168 1514 malus
2214 1461 2406 1527 miser,
2448 1462 2664 1519 etiamsi
2705 1473 2901 1518 cuncta
2930 1472 3089 1519 terra:
3127 1480 3252 1534 quae
3283 1464 3573 1531 dicuntur,

1989 1548 2132 1604 bona
2167 1550 2388 1617 habeat,
2435 1567 2564 1606 cum
2599 1553 2869 1607 virtutum
2902 1553 2974 1608 sit
3006 1569 3206 1624 expers
3242 1571 3254 1606 :
3295 1563 3352 1608 et
3385 1553 3568 1606 omnis

1988 1640 2165 1700 bonus
2216 1641 2428 1706 beatus,
2461 1642 2678 1698 etiamsi
2727 1645 2990 1700 omnibus
3042 1645 3295 1716 privetur
3326 1643 3564 1698 terrenis

313 1705 410 1820 ξῆν
463 1711 520 1763 ἐν
572 1715 801 1806 ’κόλποις
861 1721 1111 1796 Ἀϐραάμ
1172 1728 1477 1785 ἀνάπαυσιν
1525 1705 1666 1813 ἔχων
1715 1705 1874 1808 ἀγάλ-

1986 1731 2168 1797 bonis,
2196 1749 2320 1789 cum
2351 1735 2424 1789 sit
2459 1734 2682 1790 virtutis
2707 1737 3005 1806 splendore
3025 1749 3278 1802 ornatus,
3318 1752 3567 1820 quocum

313 1795 484 1854 λεται.

317 1973 508 2046 Ἄλλη
558 1982 770 2050 θεωρία
820 1989 909 2053 εις
945 1989 1034 2054 τὸ,
1075 2011 1094 2043 ι
1118 1991 1260 2048 Ἐὰν
1300 1999 1655 2069 σταυρωθῇς
1705 2003 1752 2036 ⁸⁸
1804 2003 1886 2070 ὡς

868 2081 1106 2150 λῃστής
1148 2085 1248 2157 (1).
1293 2107 1313 2140 ι

383 2181 700 2244 Κάναῦθις
753 2190 958 2266 λῃστής
988 2197 1136 2252 ἐστιν
1175 2201 1475 2274 εὐγνώμων
1531 2209 1560 2261 ό
1615 2211 1887 2278 καταξιω-

313 2271 427 2337 Osi;
715 2282 794 2376 pb),
847 2289 1295 2362 συσταυρωθῆναι
1353 2271 1575 2368 Χριστῷ
1643 2300 1733 2355 διὰ
1771 2271 1886 2376 *τῆς

314 2368 612 2433 παντελοῦς
641 2374 735 2425 καὶ
753 2375 1052 2448 ὁλοκλήρου
1087 2382 1197 2436 τῶν
1227 2385 1418 2440 παθῶν
1441 2390 1787 2461 ὲκκρούσεως
1811 2368 1878 2462 ἡ,

313 2457 407 2554 οιαὶ
449 2457 638 2524 δεξιῶς
683 2464 832 2536 αὐτῷ
888 2472 1378 2543 συσταυρούμενος,
1436 2457 1681 2535 τουτέστι
1741 2457 1883 2554 μετά

308 2546 468 2646 λόγου
523 2552 619 2604 καὶ
665 2554 920 2623 γνώσεως
979 2565 1159 2618 πᾶσαν
1218 2565 1431 2633 διεξιὼν
1500 2546 1753 2646 ἀρετὴνί
1786 2579 1881 2631 καὶ

307 2637 659 2736 ἀπρόσκοπον
715 2649 883 2703 πᾶσιν
915 2650 1224 2724 ἀνθρώποις
1269 2658 1360 2713 τὸν
1409 2637 1552 2731 βίον⁷
1580 2637 1878 2736 διατηρῶν,

307 2731 401 2782 καὶ
435 2733 738 2828 ,μηδεμίαν
784 2739 924 2810 ἔχων
980 2744 1040 2798 τὸ
1085 2750 1346 2818 παράπαν
1409 2753 1511 2822 τῆς
1562 2755 1658 2808 τοῦ
1717 2731 1877 2828 λόγου

307 2821 611 2913 πραότητος
668 2826 982 2899 ἀπᾴδουσαν
1063 2833 1133 2886 δι’
1194 2821 1578 2910 αὑστηρότίητα
1637 2821 1872 2913 κίνησιν,

304 2909 576 3010 ἀγνώμων
617 2915 673 2969 δὲ
715 2915 922 3010 λῃστης
951 2925 1098 2975 ἐστιν
1128 2926 1154 2977 ό
1176 2926 1335 2998 δόξης
1367 2909 1553 2982 ἕνεκεν
1581 2932 1612 3002 ῆ
1653 2909 1874 3004 λημμάέ

303 3017 410 3054 των
445 3002 751 3076 ἀδροτέρων
795 3002 908 3074 τοῖς
961 3017 1307 3085 φαινομένοις
1357 3020 1579 3090 τρόποις
1626 3002 1874 3091 ὑπούλως

1921 1810 1960 1864 Β
1997 1822 2237 1881 Lazarus
2271 1825 2327 1880 in
2358 1825 2483 1880 sinu
2509 1826 2815 1882 Abrahami
2852 1829 3050 1898 requie
3084 1829 3313 1899 gaudet.

1979 2001 2106 2066 Alia
2155 2003 2530 2077 contemplatio
2581 2009 2636 2062 in
2692 2006 2829 2061 illud
2876 2025 2896 2063 :
2950 2025 2969 2060 ι
3025 2006 3084 2064 Si
3141 2005 3467 2078 cruciﬁgaris
3509 2016 3567 2059 tu

2653 2099 2814 2156 latro.
2859 2117 2878 2151 ι

2054 2211 2243 2281 Atque
2302 2211 2350 2266 si
2407 2226 2601 2266 rursus
2651 2211 2816 2278 latro,
2858 2213 2953 2282 qui
3004 2229 3116 2267 una
3165 2228 3289 2268 cum
3338 2212 3565 2269 Christo

1984 2317 2203 2358 crucem
2236 2302 2347 2372 pati
2375 2302 2598 2368 meruit,
2634 2317 2826 2373 aequus
2850 2313 2906 2358 et
2939 2304 3150 2374 probus
3194 2314 3279 2360 est
3313 2303 3571 2359 affectio-e.

1984 2395 2150 2448 nibus
2183 2394 2344 2463 plene
2388 2402 2554 2464 atque
2587 2394 2834 2464 perfecte
2868 2396 3134 2465 expulsis,
3191 2405 3246 2452 et
3276 2397 3342 2452 ad
3376 2396 3562 2452 dexte.

1984 2501 2100 2539 ram
2147 2487 2267 2556 ejus
2314 2469 2462 2540 cruci
2507 2485 2738 2552 aﬂlxus,
2782 2487 2889 2542 hoc
2936 2502 3022 2548 est
3073 2503 3198 2542 eum
3262 2488 3473 2543 ratione
3504 2496 3562 2545 et

1984 2579 2298 2648 cognitione
2331 2593 2551 2632 omnem
2595 2577 2856 2634 virtutem
2890 2596 3248 2650 percurrens,
3291 2588 3348 2636 et
3387 2580 3557 2636 vitam

1979 2670 2193 2725 eunetis
2215 2670 2537 2745 hominibus
2563 2671 2891 2727 inoffensam
2908 2680 2966 2728 et
2998 2674 3294 2729 innocuam
3307 2688 3553 2738 servans,

1984 2761 2274 2831 omnisque
2303 2763 2530 2817 omnino
2561 2763 2630 2818 ab
2663 2765 2894 2820 rationis
2915 2765 3338 2820 mansuetudine
3361 2765 3556 2821 absoni

1983 2861 2206 2920 propter
2261 2852 2518 2907 duritiem
2567 2863 2750 2909 motus
2800 2872 3038 2925 expers,
3089 2857 3310 2926 iniquus
3362 2865 3556 2912 contra

1981 2943 2123 2998 latro
2168 2951 2252 2998 est
2290 2945 2385 3014 qui
2436 2946 2602 2998 vitam
2642 2946 2941 3002 virtutibus
2979 2948 3160 3003 colere
3211 2947 3388 3003 modis
3431 2964 3556 3017 spe-

1980 3033 2146 3088 ciosis
2187 3033 2342 3088 fama:
2373 3035 2811 3105 autspissiormn
2847 3037 3345 3093 emolumentorum
3377 3040 3552 3108 gratia

302 3092 395 3144 τὸν
436 3096 554 3147 κατ’
605 3096 806 3170 ἀρετὴν
855 3100 970 3170 βίον
1023 3104 1471 3177 ὑποκρινόμενος,
1519 3114 1616 3166 καὶ
1653 3113 1750 3168 ἕνα
1779 3118 1873 3169 καὶ

1976 3125 2205 3180 subdole
2247 3126 2492 3188 simulat,
2545 3144 2714 3181 unum
2774 3139 2829 3184 et
2869 3130 3046 3184 solum
3096 3130 3240 3200 apud
3296 3139 3552 3185 externos

306 3182 464 3278 μόνον
494 3187 629 3255 πρὸς
663 3190 788 3253 τοὺς
839 3191 946 3258 ἔξω
990 3195 1084 3248 τὸν
1116 3197 1321 3251 κόλακα
1352 3200 1508 3270 λόγον
1536 3204 1659 3257 ἀντὶ
1691 3207 1872 3278 πάσης

301 3273 504 3343 ἀρετῆς
529 3294 590 3330 τε
619 3281 711 3333 καὶ
745 3282 1000 3349 γνώσεως
1045 3289 1465 3359 μετερχόμενος,
1502 3295 1638 3364 πρὸς
1665 3297 1722 3349 δὲ
1746 3273 1872 3362 τους
1897 3306 1902 3311 ’

302 3364 554 3434 συνήθεις
595 3369 818 3434 σκολιός
848 3390 933 3436 τις
972 3375 1072 3446 τὴν
1111 3376 1339 3449 γνώμην
1380 3381 1489 3433 τῶν
1528 3386 1874 3439 παντάπασιν

299 3450 374 3546 (iw
405 3457 497 3546 παὶ
553 3458 906 3533 δυσάντητος,
961 3465 1019 3520 ὃν
1065 3469 1148 3521 δεῖ
1185 3471 1332 3539 μάλα
1368 3489 1431 3540 γε
1473 3474 1570 3546 τὴν
1608 3477 1728 3530 ὁδδν
1775 3480 1870 3532 τοῦ

299 3541 433 3596 Θεοῦ
485 3546 908 3621 βλασφημοῦντα
968 3559 1106 3626 μετά
1155 3561 1424 3626 συνέσεως
1475 3541 1868 3636 ἐπιστομίζειν.

304 3632 462 3698 Ἴσως
488 3636 598 3707 γὰρ
634 3639 903 3695 παύσεται
937 3644 1032 3698 τοῦ
1069 3644 1378 3702 διαϐάλλειν
1424 3649 1512 3703 διὰ
1539 3654 1635 3723 τῆς
1663 3632 1872 3720 οἰκείας

299 3726 648 3801 ἀναστροφῆς
684 3733 776 3785 τὸν
803 3733 984 3804 λόγον,
1039 3741 1105 3810 τῇ
1154 3741 1474 3811 παραινέσει
1510 3744 1554 3776 ’τ
1601 3746 1694 3799 τοῦ
1747 3751 1870 3802 ἐπι-

296 3817 650 3888 πλήσσοντος,
682 3824 874 3898 ὥσπερ
905 3829 998 3881 ἐπὶ
1020 3829 1113 3882 τοῦ
1148 3834 1387 3903 σταυροῦ
1413 3835 1678 3890 πέπονθεν
1712 3840 1741 3890 ό
1773 3841 1870 3911 τὴν

299 3904 651 4002 βλασςρημςαν
673 3913 850 4002 ἀδεῶς
880 3919 1256 3987 προσενέγκας
1282 3920 1505 3994 λῃστής.
1547 3926 1589 3976 Τ
1593 3926 1620 3978 ὸ
1660 3929 1768 3998 γὰρ

295 3997 753 4092 ἀντιφθέγξασθαι
798 4005 876 4074 τῷ
910 4009 1270 4080 ὲπιπλήξαντι
1334 4018 1558 4084 σημεῖον
1611 3997 1892 4092 exstitis-

295 4088 388 4142 τοῦ
439 4090 698 4162 ῥηθέντος
741 4096 1017 4169 ἀποδοχῆς
1072 4100 1232 4169 λόγου
1281 4104 1381 4175 τὴν
1434 4109 1668 4177 σιωπήν.
1730 4088 1867 4164 Καθ’

293 4179 484 4249 ἥντινα
518 4183 649 4246 γοῦν
676 4186 785 4240 τῶν
808 4190 1116 4260 εἰρημένων
1162 4193 1240 4263 τῷ
1280 4195 1502 4266 Χριστῷ
1533 4201 1867 4272 συσταυρού-

297 4271 456 4338 μεθα,
487 4275 900 4347 σπουδάσωμεν,
933 4281 1008 4344 ὥς
1027 4282 1194 4351 ἐσμεν
1224 4286 1478 4350 ἐνταῦθα,
1503 4289 1592 4341 τὸν
1625 4309 1864 4344 συσταυο

296 4364 554 4458 ρούμενον
609 4371 742 4440 ἡμῖν
800 4373 1124 4430 ἰλεώσασθαι
1160 4380 1354 4448 Λόγον,
1387 4382 1480 4435 καὶ
1512 4383 1610 4454 τὴν
1659 4386 1861 4458 ἀψευδῆ

287 4453 544 4520 δέξασθαι
581 4462 624 4492 ³⁸
654 4463 793 4517 κατὰ
825 4468 1130 4539 συνείδησιν
1159 4445 1527 4544 καόαρθετσαν
1558 4445 1670 4530 τῶν
1698 4445 1863 4550 πλησ;
1898 4445 1939 4500 D

292 4547 492 4601 σόντων
536 4552 706 4624 αὐτὴν
739 4559 1028 4626 νοημάτων
1065 4561 1163 4630 τῆς
1211 4564 1570 4630 ἀναπαύσεως
1620 4570 1860 4637 ἐπαγγε-

288 4636 426 4705 λίαν,
483 4645 642 4715 εἴπερ
695 4647 727 4717 ἡ
781 4651 1020 4722 σήμερον
1049 4652 1146 4724 τὴν
1177 4655 1482 4710 ἐνεστῶσαν
1529 4660 1722 4714 τούτου
1765 4663 1859 4716 τοῦ

287 4725 480 4816 αἰῶνος
534 4731 752 4802 ἡμέραν
813 4737 1149 4792 ἐνδείκνυται
1172 4740 1465 4811 (Σήμερον
1502 4747 1633 4815 γὰρ,
1671 4749 1857 4816 φησὶν,

284 4814 399 4908 ἔσῃ
423 4822 550 4888 μετ’
576 4822 722 4890 ἐμοῦ
755 4823 826 4877 ἐν
859 4825 937 4890 τῷ
960 4829 1155 4898 (167
1181 4832 1251 4900 a)
1299 4814 1697 4906 παραδείάῳ),
1802 4839 1860 4894 δὲ

283 4904 472 4998 αὔριον
515 4910 616 4982 τὴν
659 4911 754 4965 τοῦ
818 4915 1133 4982 μέλλοντος,
1183 4920 1302 4975 καθ’
1347 4923 1412 4994 ἢν
1451 4904 1709 4994 οὐδεμίαν
1753 4904 1855 4998 μὲν

283 4995 476 5090 ἀφεσιν
501 5002 915 5072 ἁμαρτημάτων
940 5007 1254 5075 ἐκδέχεσθαι
1291 5017 1418 5082 χρὴ,
1462 5015 1629 5086 μόνην
1672 5017 1728 5070 δὲ

282 5085 500 5159 ἑκάστῳ
526 5092 846 5163 πρεπούσης
879 5095 1000 5147 κατ’
1043 5095 1202 5160 ἀξίαν
1244 5101 1480 5172 ἀμοιϐῆς
1515 5085 1621 5158 τῶν
1665 5106 1856 5176 βεϐιωτ-

286 5173 461 5241 μένων
490 5179 780 5233 ἀντίδοσιν.

352 5298 382 5326 ιι
407 5288 541 5344 Luc.
569 5306 721 5355 mn,
755 5291 845 5345 45.

1976 3214 2318 3271 adulatorem
2341 3232 2649 3273 sermonem
2680 3235 2780 3288 pro
2815 3220 2963 3273 omni
2993 3220 3205 3275 virtute
3235 3229 3403 3291 atque
3452 3237 3548 3276 co-

1975 3305 2219 3376 gnitione
2248 3307 2542 3373 meditans,
2579 3324 2706 3378 erga
2735 3308 3036 3364 familiares
3064 3317 3255 3364 contra
3294 3319 3550 3366 versutus

1975 3397 2161 3450 animo
2200 3413 2314 3467 prae
2356 3400 2571 3453 creteris
2619 3407 2782 3469 atque
2843 3417 3076 3456 occursu
3133 3402 3392 3473 difficilis,
3452 3405 3546 3471 qui
3624 3401 3630 3407 ’

1973 3504 2098 3544 cum
2131 3491 2227 3545 Dei
2255 3491 2397 3545 viam
2432 3491 2672 3561 graviter
2697 3491 3067 3561 blasphemet,
3110 3493 3284 3562 perite
3319 3494 3546 3564 reprimi

1974 3583 2140 3638 debet
2183 3599 2248 3638 ac
2302 3583 2596 3639 refrenari.
2650 3584 2903 3641 Fortasse
2957 3587 3104 3641 enim
3151 3586 3368 3642 desinet
3411 3602 3545 3645 oon-

1971 3675 2284 3730 versatione
2320 3677 2418 3729 sua
2460 3675 2774 3731 obtrectare
2828 3676 3083 3732 Sermoni
3133 3694 3162 3733 a
3209 3679 3545 3749 castigatore

1971 3766 2382 3830 admonitus,ut
2417 3770 2602 3823 evenit
2629 3770 2683 3823 in
2715 3785 2881 3825 cruce
2914 3771 3114 3826 latroni
3152 3773 3230 3828 illi
3271 3775 3367 3843 qui
3397 3774 3541 3838 blas:

1971 3857 2246 3928 phemiam
2295 3857 2646 3927 impudenter
2705 3859 2986 3916 intulerat.
3029 3862 3185 3928 Quod
3251 3865 3398 3919 enim
3448 3880 3544 3920 ca-

1971 3947 2195 4019 stiganti
2217 3948 2357 4002 nihil
2393 3950 2697 4017 respondit,
2723 3951 2827 4006 hoc
2855 3953 3075 4008 silentio
3098 3969 3407 4010 sermonem
3436 3972 3466 4009 a
3483 3972 3542 4012 se

1970 4035 2386 4104 comprobatum
2433 4038 2784 4108 signiﬁcavit.
2817 4039 3156 4112 Quaeunque
3188 4043 3354 4113 igitur
3376 4045 3554 4114 hujus.

1969 4126 2452 4195 contemplationis
2509 4129 2720 4183 ratione
2755 4143 2880 4184 cum
2926 4130 3150 4187 Christo
3216 4134 3368 4188 cruci
3423 4133 3543 4189 affl—

1968 4216 2168 4286 gimur,
2200 4217 2396 4272 demus
2417 4235 2661 4288 operam,
2698 4227 2756 4275 ut
2787 4237 2979 4276 sumus
3005 4223 3107 4286 ibi,
3136 4231 3197 4279 ut
3227 4240 3538 4285 sermonem

1969 4324 2075 4363 una
2106 4326 2229 4365 cum
2265 4312 2424 4366 nobis
2463 4313 2519 4366 in
2555 4329 2774 4369 crucem
2809 4307 3008 4370 datum
3035 4318 3318 4387 placemus
3350 4321 3535 4386 nobis,

1967 4416 2030 4455 ac
2063 4401 2222 4455 ﬁdam
2253 4403 2584 4472 recipiamus
2601 4421 2736 4474 pura
2773 4407 3114 4464 conscientia
3146 4411 3535 4480 castigantium

1965 4492 2357 4561 cogitationum
2395 4495 2568 4563 ipsam
2627 4499 2837 4566 requiei
2897 4509 2955 4554 et
3004 4500 3278 4572 refrigerii
3323 4518 3537 4556 annun.

1969 4582 2284 4649 tiationem;
2353 4586 2628 4654 siquidem
2682 4587 2950 4643 hodierna
3011 4589 3133 4646 dies
3201 4601 3530 4662 praesentem

1966 4670 2131 4742 hujus
2160 4674 2343 4727 saeculi
2383 4674 2529 4730 diem
2563 4676 2835 4746 significat
2884 4679 3072 4749 (Hodie
3119 4681 3278 4745 enim,
3335 4681 3532 4750 inquit,

1966 4780 2168 4820 mecum
2201 4765 2255 4817 in
2312 4767 2559 4835 paradiso
2597 4768 2700 4822 eris
2745 4768 2819 4837 ιι),
2853 4770 3092 4824 crastina
3129 4777 3312 4824 autem
3361 4772 3533 4826 futuri

1967 4853 2177 4918 saeculi,
2212 4869 2322 4922 qua
2355 4856 2558 4909 nullam
2616 4866 2972 4926 peccatorum
2999 4859 3382 4916 remissionem
3435 4876 3535 4914 ειη

1976 4950 2232 5012 spectare
2279 4943 2452 4999 debes
2474 4986 2488 5008 ,
2522 4962 2718 5000 verum
2744 4948 2914 5001 solam
2944 4965 3046 5018 pro
3096 4951 3536 5024 uniuscujusque

1961 5031 2088 5092 vitae
2134 5032 2332 5092 merito
2363 5035 2779 5095 retributionem
2809 5039 3159 5112 condignam.

1583 5373 1816 5430 VARle
1865 5377 2038 5433 LECT
2044 5379 2155 5435 IO‘N
2162 5381 2265 5436 ES.

353 5455 402 5494 η
437 5456 658 5561 Βερτορο
693 5460 1099 5561 συστῗυρωείῇῆ,
1131 5470 1190 5561 ut
1217 5475 1393 5561 gxst‘at
1419 5469 1584 5523 etiam
1610 5470 1748 5561 infra
1779 5472 1874 5561 fol.

1976 5475 2087 5561 Sub.
2129 5546 2140 5561 Ι
2164 5476 2314 5561 “‘lta
2347 5479 2623 5561 rescripsi.
2646 5480 2790 5561 ‘Cod.
2823 5483 2964 5561 Gud.
2989 5485 3136 5542 enim
3163 5487 3326 5561 habet
3355 5490 3528 5561 ὲκρὼρ

285 5538 436 5606 σεῳς.
515 5528 964 5606 "Apographum
991 5528 1170 5606 liabet
1189 5538 1254 5604 τῇ
1281 5537 1389 5604 γάρ
1421 5542 1753 5606 παραινέσει.
1791 5543 1874 5597 Del

1976 5590 1978 5598 .
2008 5545 2142 5600 illud

280 5595 476 5652 cabulo
505 5595 843 5668 παραινέσει.
921 5601 966 5632 ³⁸
987 5595 1388 5664 δόξασθαῖοοιὶ.
1415 5595 1558 5663 Gud.

2176 5546 2285 5617 γὰρ
2323 5549 2472 5619 quod
2500 5546 2608 5605 non
2629 5550 2822 5610 dubito
2845 5556 2977 5628 quin
3006 5559 3320 5617 accreverit.
3337 5575 3406 5616 ex
3421 5546 3523 5618 'vo-
3577 5617 3582 5622 .

353 5710 431 5782 (l)
459 5711 705 5783 Gregorii
735 5712 860 5768 Naz.
898 5715 987 5772 Or.
1027 5717 1078 5770 in
1107 5714 1417 5789 S.Pusc..‘m,
1454 5739 1577 5793 cap.
1605 5725 1694 5794 21,
1730 5735 1862 5784 tom.
1897 5729 1936 5798 Ι,
1971 5748 2025 5802 p.
2060 5731 2183 5798 864,
2215 5732 2304 5788 ed.
2335 5733 2542 5803 Bened.
