4038 6146
506 258 641 331 11ῖῦ

1671 267 1732 327 S.
1772 269 2057 328 MAXIMI
2096 269 2603 330 CONFESSORIS

3633 256 3783 331 1176

506 372 632 430 Alia
659 375 1036 445 contemplatio
1071 376 1141 428 ad
1163 392 1249 429 eos
1279 377 1370 446 qui
1418 377 1693 448 ambigunt
1731 377 1794 430 de
1834 377 1973 430 dicto
2027 379 2080 431 in

2207 380 2371 446 3.1.11;
2416 380 2627 447 θεωρία
2669 380 2818 446 πρὸς
2850 378 2991 444 τοὺς
3032 379 3404 446 ἀποροῦντας
3465 378 3603 445 περὶ
3662 378 3783 433 τοῦ

574 480 819 518 sermone
847 465 911 517 de
938 465 1269 518 dedicatione
1298 466 1412 534 ejus
1441 465 1530 535 qui
1574 466 1706 518 dixit
1742 481 1759 518 .'
1794 484 1810 515 ι
1857 463 2082 519 Sublimi

516 640 521 641 γ
579 555 878 620 sublimior,
910 563 961 609 et
1001 555 1312 611 admirabili
1351 555 1737 611 admirabilior.
1779 574 1797 607 ι

579 759 659 816 Ac
700 776 895 818 rursus
932 761 1167 833 primam
1201 761 1545 816 Dominicam
1586 760 1857 815 naturalis
1900 776 2085 815 resur-

516 853 781 911 rectionis
811 853 1011 909 futurae
1037 864 1095 909 et
1123 854 1585 924 sempiternitatis
1606 869 1726 908 esse
1752 852 2082 923 symbolum,

513 948 813 1004 secundam
848 962 985 1002 vero
1033 948 1327 1017 imaginem
1379 946 1525 1001 ferre
1562 945 1934 1001 deificationis
1965 961 2087 1015 quae

513 1040 581 1094 de
613 1039 785 1109 gratia
819 1038 978 1093 nobis
1015 1038 1289 1107 obtinget.
1323 1036 1480 1105 Quod
1507 1037 1553 1090 si
1583 1035 1777 1092 habitu
1815 1035 2085 1090 malorum

515 1118 657 1203 puro
691 1145 758 1185 ac
784 1131 962 1185 libero
988 1130 1261 1185 bonorum
1295 1130 1510 1195 fruitio,
1542 1140 1600 1183 et
1638 1130 1924 1183 voluntate
1956 1143 2087 1182 sana

514 1230 571 1276 et
616 1223 823 1277 virtute
866 1232 1173 1293 temperata
1204 1231 1427 1292 praestat
1458 1222 1689 1277 habitus
1730 1220 2089 1291 perfectionis

517 1311 824 1366 secundum
861 1328 1048 1367 veram
1081 1312 1485 1382 cognitionem,
1540 1313 1585 1366 si
1638 1310 1873 1365 naturali
1923 1309 2089 1364 etiam

520 1406 892 1476 perpetuitate
927 1413 1156 1475 praestat
1181 1405 1236 1458 in
1274 1406 1450 1474 gratia
1481 1404 1550 1458 ad
1596 1404 1768 1458 Deum
1803 1401 2089 1457 transferri

518 1497 917 1566 etrcgenerari
968 1512 1068 1567 per
1111 1496 1560 1562 deiﬁcationem,
1624 1510 1863 1564 quorum
1917 1494 2091 1562 prima

522 1584 804 1640 Dominica
834 1585 944 1640 fert
976 1586 1294 1656 imaginem,
1341 1586 1511 1639 altera
1554 1599 1685 1638 vero
1735 1594 1822 1638 est
1869 1582 2093 1654 symbo-

522 1674 684 1741 lum,
739 1676 938 1731 merito
981 1676 1207 1731 sublimi
1257 1674 1643 1730 sublimiorem
1685 1673 1882 1744 spiritu
1937 1679 2093 1726 actus

523 1767 783 1836 magister
818 1782 1017 1823 novam
1048 1768 1190 1823 dixit
1222 1766 1586 1825 Dominicam.

525 1937 913 2011 Contemplatio
941 1940 1228 2006 naturalis,
1283 1957 1379 2011 per
1419 1957 1582 2010 quam
1619 1939 1790 1994 Deum
1849 1957 1912 1995 ex
1948 1942 2099 1997 rebus

921 2033 1145 2087 conditis
1174 2033 1347 2086 sancti
1383 2033 1705 2087 didicerunt.

597 2146 803 2204 Partim
844 2147 1016 2217 igitur
1040 2146 1119 2204 sic
1162 2147 1542 2203 conditionem
1594 2147 1872 2205 intuentes
1929 2149 2103 2204 sancti

525 2249 584 2294 et
614 2239 868 2295 ordinem
897 2239 1022 2308 ejus
1049 2254 1114 2295 ac
1134 2239 1553 2309 proportionem
1599 2250 1655 2294 et
1689 2256 1912 2310 operam
1941 2257 2103 2310 quam

528 2332 744 2401 singula
774 2346 1004 2402 qumque
1036 2340 1298 2402 praestant
1344 2332 1629 2397 universo,
1686 2341 1744 2387 et
1775 2349 1938 2402 quam
1970 2350 2097 2404 per—

529 2423 671 2481 fecta
721 2424 1026 2479 secundum
1061 2438 1218 2479 suam
1266 2439 1499 2494 quaeque
1538 2424 1650 2479 sint
1691 2425 1962 2479 rationem
2013 2441 2099 2481 sa-

531 2517 745 2590 pienter
768 2532 832 2573 ac
869 2516 1230 2587 providenter
1282 2517 1588 2571 constituta
1619 2556 1634 2580 ,
1689 2516 1950 2587 quodque
1984 2533 2098 2572 non

527 2609 690 2666 aliter
719 2609 861 2664 bene
900 2624 960 2665 se
999 2609 1207 2664 habere
1227 2624 1350 2678 quae
1373 2618 1502 2664 sunt
1524 2608 1665 2664 facta
1693 2609 1906 2679 possint
1936 2626 2099 2679 quam

527 2699 806 2767 quomodo
823 2701 935 2771 jam
965 2710 1116 2765 sunt,
1142 2700 1346 2769 quippe
1366 2715 1487 2769 quae
1513 2715 1695 2769 neque
1716 2700 2102 2755 adtlitamento

530 2791 642 2846 ullo
672 2802 767 2847 aut
795 2790 1178 2848 subtractione
1219 2804 1331 2859 quo
1380 2790 1612 2845 meliore
1670 2790 1926 2844 fruantur
1959 2798 2104 2845 statu

531 2881 799 2951 indigent,
835 2880 1027 2946 mundi
1057 2880 1327 2936 artiﬁcem
1378 2895 1446 2934 ex
1501 2881 1768 2951 operibus
1797 2882 1919 2952 ejus
1962 2881 2106 2936 didi—

2249 470 2438 539 ρητυῦ
2490 471 2596 525 τοῦ
2637 472 2708 525 ὲν
2753 469 2833 537 τῷ
2885 472 3043 538 λόγῳ
3085 469 3204 523 τῶν
3257 472 3620 539 Ἐγκιιινίων
3663 469 3783 523 τοῦ

2254 563 2592 633 λέγοντος-,ι
2614 561 2893 632 ’Υψηλῆς
2922 563 3284 632 ὑψηλοτέρα,
3307 563 3399 617 καὶ
3421 562 3785 631 θαυμασίας

2255 654 2702 724 θαυμασιωτέρα
2879 673 2898 706 ι

2258 768 2370 822 Καὶ
2414 766 2569 830 αὖθις
2612 766 2709 836 τὴν
2759 757 2860 836 μὲν
2910 763 3136 834 πρώτην
3181 764 3469 834 Κυριακὴν
3504 762 3607 830 τῆς
3636 761 3783 831 μελ-

2186 857 2385 927 λούσης
2437 858 2675 926 φυσικῆς
2719 858 3072 919 ἀναστάσεως
3120 856 3214 908 καὶ
3267 854 3581 924 ἀφθαρσίας
3628 849 3783 905 εἶναι

2191 949 2479 1019 σύμϐολον,
2512 948 2607 1019 τὴν
2636 948 2693 1002 δὲ
2723 948 2989 1016 δευτέραν
3016 948 3115 1018 τῆς
3153 949 3298 1001 κατὰ
3330 949 3492 1017 χάριν
3537 947 3786 1017 μελλού-

2190 1058 2289 1109 σης
2319 1039 2569 1104 θεὼσεως
2593 1040 2779 1109 φέρειν
2797 1040 3000 1093 εἰκόνα.
3028 1041 3089 1091 El
3116 1040 3298 1091 τοίνυν
3324 1038 3426 1107 τῆς
3462 1038 3567 1108 μὲν
3595 1038 3784 1091 καθαο

2192 1125 2453 1195 ρευούσης
2484 1124 2671 1178 κακῶν
2691 1124 2856 1189 ἕξεως
2877 1127 2911 1194 ὴ
2938 1124 3046 1177 τῶν
3070 1124 3292 1193 ἀγαθῶν
3315 1124 3625 1185 ἀπόλαυσίς
3648 1129 3784 1178 τἐστι

2189 1216 2512 1286 τιμιωτέρα,
2553 1215 2650 1286 τῆς
2677 1215 2733 1268 δὲ
2768 1217 2888 1270 κατ’
2919 1211 3118 1285 ἀρετὴν
3158 1215 3346 1284 ὑγιοῦς
3389 1214 3785 1285 προαιρέσεως

2192 1308 2225 1376 ή
2262 1305 2373 1371 ἕξις
2398 1309 2498 1378 τῆς
2525 1308 2664 1361 κατὰ
2687 1307 2784 1378 τὴν
2815 1307 2991 1379 ἀληθῆ
3024 1308 3227 1375 γνῶσιν
3270 1305 3639 1374 τελειότητος,
3674 1306 3784 1356 καὶ

2192 1397 2288 1465 τῆς
2329 1397 2564 1466 φυσικῆς
2596 1397 2904 1469 ἀφθαρσίας
2945 1400 2978 1468 ἡ
3021 1400 3079 1451 ἐν
3110 1398 3294 1469 χάριτι
3343 1397 3480 1467 πρὸς
3513 1396 3607 1447 τὸν
3639 1395 3784 1446 θεὸν

2193 1486 2333 1540 κατὰ
2360 1486 2458 1557 τὴν
2486 1486 2681 1540 θέωσιν
2715 1489 3095 1560 μεταποίησις,
3129 1482 3205 1543 ὧν
3228 1491 3262 1558 ἡ
3297 1488 3395 1559 μὲν
3434 1486 3630 1557 πρώτη
3659 1487 3782 1537 Ku-

2195 1577 2361 1649 ριακὴ
2395 1579 2550 1649 φέρει
2586 1580 2777 1645 τύπον,
2809 1583 2842 1650 ἡ
2871 1580 2929 1633 δὲ
2951 1580 3180 1651 δευτέρα
3205 1579 3463 1650 τυγχάνει
3479 1574 3784 1647 σύμϐολον,

2196 1670 2424 1735 εἰκότως
2455 1671 2665 1742 ὑψηλῆς
2696 1672 3034 1743 ὑψηλοτέραν
3072 1675 3341 1742 ἀγόμενος
3374 1669 3651 1740 πνεύματι
3673 1668 3785 1738 τὴν

2128 1755 2167 1808 Β
2196 1761 2391 1831 καινὴν
2410 1764 2437 1816 ό
2461 1762 2779 1827 διδάσκαλος
2802 1764 2908 1833 ἔφη
2949 1765 3254 1834 Κυριακήν.

2202 1939 2417 2007 Θεωρία
2437 1940 2690 2009 φυσικὴ,
2711 1942 2784 1995 δι’
2802 1937 2877 2012 ἧς
2905 1942 3012 1995 τόν
3039 1944 3187 1996 Θεὸν
3202 1942 3270 1995 ἐκ
3295 1940 3411 1995 τῶν
3433 1941 3788 2011 κτισμάτων

2622 2037 2677 2088 ot
2731 2033 2886 2105 ἅγιοι
2935 2033 3348 2087 ἐδιδάσκοντο.

2273 2152 2428 2208 Οὕτω
2466 2149 2565 2220 μὲν
2598 2146 2690 2202 οὖν
2709 2148 2808 2217 τὴν
2842 2147 3020 2200 κτίσιν
3053 2145 3487 2215 κατανοήσαντες
3516 2145 3566 2196 οἱ
3603 2142 3784 2210 ἆγιοι,

2202 2246 2296 2299 καὶ
2326 2244 2424 2315 τὴν
2455 2241 2753 2312 εὐκοσμίαν
2776 2240 2944 2310 αὐτῆς
2977 2238 3070 2291 καὶ
3104 2237 3203 2308 τὴν
3230 2235 3524 2304 ἀναλογίαν
3550 2236 3651 2286 καὶ
3679 2233 3787 2303 τὴν

2202 2337 2413 2408 χρείαν,
2467 2333 2534 2404 ἣν
2565 2333 2796 2385 ἕκαστον
2841 2330 3140 2403 παρέχεται
3181 2328 3262 2398 τῷ
3316 2328 3501 2392 παντὶ,
3557 2325 3655 2379 καὶ
3704 2324 3788 2387 ὡς

2203 2430 2387 2484 τέλεια
2437 2426 2616 2481 πάντα
2654 2423 2836 2494 σοφῶς
2874 2440 2934 2476 τε
2990 2422 3081 2476 καὶ
3122 2419 3499 2491 προνοητικῶς
3546 2418 3674 2472 καθ’
3720 2419 3787 2471 ὃν

2207 2519 2696 2589 δεδημιούργηνται
2747 2515 2905 2583 λόγον
2956 2510 3504 2584 δεδημιουργημένα,
3559 2512 3657 2564 καὶ
3705 2509 3785 2572 ῶς

2209 2612 2308 2681 οὐχ
2331 2605 2513 2664 οἷόντε
2530 2607 2703 2669 ἄλλως
2734 2622 2797 2673 γε
2823 2605 3006 2669 καλῶς
3034 2603 3175 2673 ἔχειν
3211 2602 3278 2656 τά
3304 2601 3575 2670 γενόμενα
3603 2600 3785 2665 παρ’ὃ

2208 2704 2303 2757 νῦν
2334 2702 2468 2773 ἔχει,
2506 2698 2827 2771 προσθήκης
2861 2697 2894 2766 ἦ
2929 2694 3276 2764 ἀφαιρέσεως
3316 2692 3453 2762 πρὸς
3490 2691 3552 2742 τὸ
3598 2689 3785 2751 καλῶς

2209 2796 2383 2859 ἄλλως
2406 2795 2551 2864 ἔχειν
2579 2793 2654 2862 μὴ
2677 2791 2911 2861 δεόμενα
2949 2787 3143 2858 (167
3177 2785 3236 2857 b)
3296 2784 3386 2838 τὸν
3433 2781 3783 2853 Δημιουργὺν

2211 2891 2274 2945 ἐκ
2295 2888 2402 2941 τῶν
2432 2884 2597 2940 αὑτοῦ
2633 2882 2954 2953 ποιημάτων
2992 2877 3346 2947 ἐδιδάχθησαν
3368 2892 3382 2907 ·
3419 2873 3565 2927 οὕτω
3592 2872 3651 2925 δὲ
3685 2874 3783 2942 τὴν

529 2979 765 3031 cerunt:
799 2973 1001 3042 partim
1050 2988 1185 3027 vero
1233 2973 1640 3042 perennitatem
1693 2973 1977 3029 intuentes
2002 3014 2017 3038 ,
2051 2984 2101 3030 et

2208 2977 2490 3049 διαμονὴν,
2516 2977 2615 3045 τήν
2636 2992 2694 3027 τε
2719 2973 2872 3037 τάξιν
2899 2971 2994 3025 καὶ
3021 2971 3120 3039 τὴν
3146 2968 3298 3021 θέσιν
3327 2966 3436 3044 τῶν
3455 2964 3781 3034 γεγονότων,

529 3062 782 3119 ordinem
807 3078 871 3117 ac
901 3063 1233 3133 positionem
1270 3079 1453 3119 rerum
1488 3080 1611 3133 quae
1641 3063 1785 3119 facta
1817 3074 1946 3119 sunt
1973 3105 1988 3129 ,
2047 3074 2105 3120 et

532 3155 869 3219 institutum,
903 3170 1016 3225 quo
1048 3155 1233 3213 omnia
1292 3156 1598 3211 secundum
1647 3172 1802 3211 suam
1843 3156 2105 3226 quodque

532 3245 772 3315 speciem
825 3254 973 3309 stant
1026 3245 1316 3301 inconfusa
1365 3246 1628 3315 omnique
1681 3245 2105 3301 conturb‘atione

533 3335 725 3400 libera,
760 3336 1157 3408 stellarumque
1197 3346 1406 3393 motum
1441 3352 1660 3406 semper
1698 3336 1864 3390 modo
1908 3351 2104 3406 prece--

531 3428 773 3492 dentem,
806 3443 986 3498 neque
1026 3444 1266 3500 unquam
1301 3429 1440 3484 nihil
1480 3445 1592 3484 non
1622 3428 1998 3493 dilIerentem,
2049 3436 2108 3482 et

531 3519 723 3574 orbem
777 3519 906 3575 anni
935 3520 1240 3576 secundum
1288 3520 1615 3575 eorumdem
1669 3527 1982 3597 temporum
2037 3533 2105 3573 ex

530 3610 726 3669 eodem
784 3610 907 3667 loco
981 3611 1039 3666 in
1096 3612 1352 3667 eumdem
1437 3613 1622 3669 locum
1695 3611 2106 3667 restitutionem

536 3700 766 3775 pulchro
814 3703 1010 3758 ordine
1081 3718 1202 3758 sese
1261 3703 1674 3774 complcntem,
1747 3712 1806 3758 et
1855 3703 2105 3759 noctium

532 3802 696 3865 atque
748 3793 964 3851 dierum
1015 3810 1118 3865 per
1171 3810 1379 3853 annum
1437 3794 1914 3866 aequabilitatem,
1970 3794 2105 3849 dum

537 3894 770 3956 utraque
814 3894 1048 3958 augetur
1095 3886 1341 3947 vicissim
1394 3894 1451 3943 et
1498 3886 1773 3943 minuitur
1816 3886 1968 3946 nullo
2013 3892 2109 3943 aut

534 3976 727 4047 majori
761 3984 856 4036 aut
899 3976 1101 4039 minori
1149 3977 1398 4034 modulo.
1428 3975 1758 4031 incrementi
1797 3984 1893 4030 aut
1930 3975 2109 4029 immi-

535 4068 782 4129 nutionis
819 4069 902 4125 eis
945 4069 1262 4138 obtinente,
1291 4076 1709 4144 prospectorem
1749 4083 1872 4122 esse
1918 4082 2105 4121 rerum

532 4161 781 4219 omnium
823 4162 1241 4227 intellexerunt,
1296 4162 1667 4231 eumdemque
1719 4168 1777 4217 et
1827 4162 1999 4221 Deum
2052 4171 2110 4219 et

532 4254 890 4318 Conditorem
923 4255 1302 4315 universitatis
1330 4263 1698 4326 agnoverunt,

2208 3071 2302 3124 καὶ
2329 3069 2427 3140 τὴν
2449 3064 2808 3136 διεξαγωγὴν,
2846 3064 2966 3117 καθ’
2998 3064 3065 3134 ἣν
3095 3063 3273 3117 πάντα
3304 3060 3446 3114 κατά
3491 3059 3556 3112 τὸ
3583 3061 3784 3112 οἰκεῖον

2206 3162 2411 3215 ἕκαστα
2443 3156 2581 3222 εἶδος
2608 3159 2842 3228 ἕστηκεν
2866 3157 3149 3225 ἀσύγχυτα
3181 3155 3276 3208 καὶ
3296 3152 3500 3216 παντὸς
3521 3150 3786 3220 ἐλεύθερα

2208 3253 2447 3324 φυρμοῦ,
2475 3253 2575 3321 τήν
2606 3268 2666 3303 τε
2708 3250 2819 3303 τῶν
2859 3249 3076 3320 ἄστρων
3108 3246 3284 3315 φορὰν
3313 3245 3460 3299 κατά
3493 3243 3587 3297 τὸν
3618 3242 3785 3296 αὐτὸν

2205 3344 2406 3415 τρόπον
2437 3342 2755 3412 γινομένην,
2804 3338 2972 3409 μηδὲν
3016 3337 3288 3409 μηδέποτε
3334 3334 3783 3394 διαλλάττουσαν,

2208 3437 2304 3491 καὶ
2338 3435 2430 3488 τὸν
2489 3432 2687 3486 κύκλον
2728 3432 2820 3485 τοῦ
2857 3431 3108 3486 ἐνιαυτοῦ
3151 3428 3294 3480 κατὰ
3331 3427 3429 3498 τὴν
3463 3425 3576 3479 τῶν
3603 3424 3785 3479 αὐτῶν

2208 3528 2315 3582 ἀπὸ
2346 3524 2440 3580 τοῦ
2487 3524 2653 3579 αὐτοῦ
2679 3525 2760 3587 εἰς
2794 3522 2886 3575 τὸν
2926 3521 3088 3574 αὐτὸν
3123 3519 3288 3572 τόπον
3334 3516 3785 3571 ἀποκατάστασιν

2209 3619 2489 3681 εὐτάκτως
2515 3617 2824 3685 γινόμενον,
2856 3612 2966 3667 τῶν
2992 3629 3054 3665 τε
3082 3611 3293 3665 νυκτῶν
3308 3611 3403 3664 καὶ
3428 3608 3541 3661 τῶν
3566 3606 3785 3678 ἡμερῶν

2207 3711 2307 3781 τὴν
2342 3709 2461 3763 κατ’
2501 3709 2619 3772 ἔτος
2650 3706 2895 3776 ἰσότητα,
2930 3704 3083 3776 παρά
3122 3704 3288 3774 μέρος
3318 3701 3594 3772 ἑκατέρας
3626 3699 3785 3765 αὑξαυ

2209 3804 2442 3874 νομὲνης
2473 3819 2535 3855 τε
2562 3802 2658 3854 καὶ
2686 3799 3032 3870 μειουμένης,
3079 3795 3203 3850 οὔτε
3244 3794 3451 3847 πλείονι
3482 3792 3610 3845 οὔτε
3634 3791 3784 3844 ἐλάτ-

2208 3912 2322 3951 τονι
2382 3894 2565 3964 μέτρῳ
2617 3892 2719 3963 τῆς
2755 3890 3042 3958 αὐξήσεως
3072 3888 3265 3950 αὑταῖς
3306 3887 3340 3955 ἢ
3376 3885 3479 3956 τῆς
3515 3882 3785 3954 μειώσεως

2212 3986 2625 4055 ἐπιγινομένης,
2696 3981 3002 4052 προνοητὴν
3080 3977 3394 4048 ἠπίστασαν
3473 3971 3616 4028 εἶναι
3683 3973 3785 4026 τῶν

2209 4079 2399 4143 ὄντων,
2431 4077 2492 4130 ὃν
2532 4077 2630 4133 καὶ
2666 4073 2802 4133 θεὸν
2837 4071 2932 4129 καὶ
2962 4069 3276 4142 Δημιουργὸ
3350 4067 3460 4122 τῶν
3517 4066 3657 4123 ὅλων
3691 4067 3783 4120 ἐπι·
3878 4100 3881 4101 ν

2211 4170 2473 4239 ἔγνωσαν,

2137 4377 2207 4390 w—

535 4460 925 4532 Contemplatio
954 4457 1221 4514 naturalis
1249 4457 1313 4511 de
1350 4472 1412 4510 eo
1454 4456 1594 4526 quod
1626 4458 1852 4511 mundus
1895 4456 2101 4512 initium

2216 4457 2434 4526 Θεωρία
2452 4452 2684 4523 φυσικὴ
2724 4450 2859 4520 περὶ
2882 4450 2987 4503 τοῦ
3015 4446 3214 4516 ἀρχὴν
3250 4447 3419 4515 ἔχειν
3434 4444 3545 4525 τόν»
3566 4443 3788 4513 κόσμον

572 4556 795 4612 -habeat
832 4571 897 4609 ac
925 4551 1109 4620 ﬁnem,
1137 4560 1187 4605 et
1216 4549 1481 4620 reliquum
1505 4549 1850 4620 quodcunque
1874 4549 1983 4605 Deo
2018 4567 2110 4621 po-

605 4646 800 4701 sterius
836 4652 933 4698 est.

606 4755 742 4823 Quis
777 4753 925 4808 enim
957 4767 1083 4808 cum
1130 4766 1313 4806 rerum
1365 4767 1397 4807 a
1442 4750 1556 4806 Deo
1602 4751 1953 4807 conditarum
1982 4752 2110 4823 pul-

539 4845 915 4905 chritudinem
946 4853 1003 4899 et
1030 4843 1465 4915 magnitudinem
1514 4843 1780 4909 intuetur,
1832 4859 1960 4899 eum
1999 4861 2110 4899 non

539 4939 728 4997 statim
781 4945 1065 4995 auctorem
1117 4935 1490 5007 generationis
1547 4950 1670 4990 esse
1722 4935 1952 5001 videbit,
2002 4951 2114 5007 qua

540 5028 876 5106 principium
916 5037 974 5082 et
1017 5043 1240 5082 causam
1282 5042 1468 5082 rerum
1516 5036 1684 5098 atque
1728 5027 2111 5094 Conditorem,

539 5121 607 5181 ad
644 5134 884 5193 cumque
915 5120 1094 5175 solum
1130 5119 1416 5179 intellectu
1456 5128 1724 5184 recurret,
1768 5121 1857 5178 bis
1890 5122 2113 5176 omissis

542 5210 934 5275 inferioribus,
985 5225 1222 5279 cumque
1276 5210 1558 5265 intellectu
1610 5211 1831 5281 penitus
1875 5213 2111 5268 transire

541 5319 606 5360 uc
631 5309 920 5371 penetrare
948 5308 1186 5371 nequeat
1216 5310 1272 5354 et
1295 5308 1477 5355 tamen
1507 5301 1824 5356 immediate
1853 5318 2112 5372 compre-

543 5392 786 5453 hendere
841 5408 967 5455 eum
1014 5393 1292 5449 desideret
1329 5410 1491 5467 quem
1549 5409 1648 5463 per
1702 5410 1870 5465 opera
1934 5396 2113 5451 media

2391 4516 2487 4601 καὶ
2512 4516 2775 4615 γένεσιν,
2796 4516 2917 4594 ’καὶ
2951 4538 3074 4595 πᾶν
3095 4538 3251 4591 ἄλλο
3268 4535 3423 4607 μετὰ
3448 4516 3621 4592 Θὲόν.

2288 4748 2386 4813 Τίς
2409 4746 2519 4817 γὰρ
2547 4745 2608 4800 τὸ
2637 4743 2832 4808 κάλλος
2873 4741 2967 4796 καὶ
3005 4739 3068 4794 τὺ
3111 4736 3342 4810 μέγεθος
3383 4732 3495 4788 τῶν
3525 4731 3620 4787 τοῦ
3659 4725 3787 4784 Θεοῦ

2216 4841 2534 4909 κτισμάτων
2572 4836 2846 4907 θεώμενος
2873 4834 2974 4889 οὐκ
3016 4832 3177 4893 εὐθὺς
3212 4830 3377 4883 αὐτὸν
3412 4821 3788 4897 γενεσιουργὺν

2215 4932 2479 5002 ἑννοήσει,
2538 4928 2614 4991 ὡς
2676 4925 2850 4996 ἀρχὴν
2902 4923 2997 4977 καὶ
3062 4919 3245 4974 αἰτίαν
3313 4917 3423 4970 τῶν
3473 4916 3649 4969 ὄντων
3699 4910 3788 4965 καὶ

2194 5020 2477 5093 Ποιητὴν,
2521 5020 2617 5074 καὶ
2664 5017 2800 5089 πρὸς
2854 5014 3017 5068 αὑτὸν
3072 5013 3233 5083 μόνον
3277 5008 3693 5080 ἅναδραμεῖταξ,
3724 5003 3784 5071 τῇ

2218 5117 2449 5188 διανοίᾳ,
2486 5115 2663 5170 ταῦτα
2702 5113 2863 5183 ἀφεὶς
2900 5113 3074 5171 κάτω,
3132 5107 3218 5161 ὅτι
3281 5105 3418 5177 μηδέ
3454 5104 3668 5173 πέφυκε
3694 5100 3786 5167 τῆς

2217 5208 2458 5271 διανοίας
2498 5209 2696 5277 χωρεῖν
2743 5204 2842 5275 τὴν
2888 5202 3017 5272 ὃλην
3048 5198 3324 5262 διάϐασιν,
3370 5196 3560 5248 λαῦεῖν
3614 5191 3785 5245 ποθῶν

2218 5302 2440 5371 ἀμέσως
2470 5299 2528 5353 ὃν
2556 5298 2643 5351 διὰ
2676 5296 2856 5367 μέσων
2894 5294 3003 5347 τῶν
3038 5291 3216 5362 ἔργων
3246 5286 3537 5358 ἐγνώρισε,
3580 5282 3673 5336 καὶ
3696 5280 3786 5349 τὴν

2222 5391 2471 5462 περὶτοῦ
2506 5392 2740 5462 ἄναρχον
2774 5382 2913 5441 εἶναι
2955 5384 3044 5441 τὸν
3097 5381 3303 5453 κόσμον
3343 5374 3542 5433 ἐαυτοῦ
3588 5372 3782 5435 πλάνην

1833 5529 2059 5585 ΫΑΒΙίΕ
2094 5527 2502 5585 LECTIONES.

611 5655 691 5731 (1)
722 5654 880 5727 (ἕως.
916 5659 1043 5718 Nat.
1075 5659 1164 5713 0r.
1199 5662 1251 5715 in
1280 5677 1468 5721 noram
1498 5659 1703 5715 Domin.
1738 5676 1859 5737 cap.
1886 5661 1935 5727 5,
1979 5669 2110 5716 tom.
2142 5660 2183 5725 Ι,
2220 5675 2344 5731 pag.
2372 5657 2499 5725 838,
2529 5657 2618 5712 ed.
2646 5653 2852 5712 Bened.
2875 5731 2898 5747 ἢ
