4038 6146
355 281 381 345 Ῑ
395 279 490 348 177

1565 295 2108 358 'AMBIGUORUM
2151 299 2409 362 LIBER.

3479 301 3617 367 1178

351 399 586 470 ἑτοίμως
645 400 951 468 ἀπώσεται,
1009 403 1360 475 λογιζόμενος
1406 407 1627 479 ἀληθῶς
1669 413 1752 466 ὅτι
1817 412 1927 466 πᾶν

2033 415 2340 483 agnoverit,
2372 413 2540 470 etiam
2557 424 2823 472 "errorem
2845 433 3006 474 suum
3033 433 3142 490 quo
3167 419 3438 476 mundum
3461 422 3615 490 prin-

352 491 673 562 κινούμενον
703 493 920 558 πάντως
948 495 1043 549 καὶ
1087 497 1295 570 ἧρξατο
1321 499 1420 568 τῆς
1445 501 1732 572 κινήσεως.
1768 503 1930 557 Πᾶσα

345 583 403 635 δὲ
457 583 672 654 κίνησις
725 585 827 640 οὐκ
888 587 1145 658 ἄναρχος,
1181 641 1188 648 ,
1220 590 1411 662 ἐπειδὴ
1479 592 1601 646 οὐδὲ
1661 595 1926 659 ἀναίτιος.

348 674 547 748 (168
570 680 640 748 α)
724 678 926 750 Ἀρχὴν
961 681 1071 752 γὰρ
1107 679 1223 752 ἔχει
1259 681 1320 735 τὸ
1354 683 1708 750 κινοῦν,“καὶ
1749 687 1929 742 αἰτίαν

345 765 458 836 ἔχει
489 767 553 820 τὸ
595 767 796 822 καλοῦν
829 787 890 824 τε
931 773 1026 825 καὶ
1061 771 1220 827 ἕλκον
1253 775 1300 806 ⁹⁹
1327 775 1466 847 πρὸς
1501 776 1532 829 ὃ
1565 776 1662 831 καὶ
1694 782 1928 834 κινεῖται

342 856 516 920 τέλος.
560 857 624 911 Εἰ
662 857 717 911 δὲ
753 860 934 932 πάσης
968 863 1238 932 κινήσεως
1268 865 1470 930 παντὸς
1511 868 1836 938 κινουμένου
1866 869 1929 922 τὺ

345 945 531 1000 κινοῦν
567 949 718 1005 ἐστιν
743 949 904 1020 ἁρχὴ,
943 951 1036 1004 καὶ
1076 951 1230 1016 τέλος
1265 955 1298 1025 ἡ
1346 955 1482 1026 πρὸς
1519 957 1585 1028 ῆν
1613 958 1839 1028 φέρεται
1864 958 1926 1012 τὺ

347 1036 668 1107 κινούμενον
714 1039 866 1094 αἰτία.
926 1040 1114 1112 (οὐδὲν
1159 1043 1270 1116 γὰρ
1312 1045 1571 1112 ἀναιτίως
1635 1032 1920 1120 κινεῖται),

344 1127 498 1182 οὐδὲν
541 1129 597 1182 δὲ
651 1129 760 1184 τῶν
819 1129 989 1186 ὄντων
1043 1134 1318 1202 ἀκίνητον,
1377 1139 1428 1190 εί
1468 1138 1543 1210 μὴ
1583 1139 1648 1192 τὸ
1693 1139 1926 1210 πρώτως

345 1221 529 1275 κινοῦν
579 1221 675 1294 (τὸ
717 1223 828 1294 γὰρ
883 1226 1114 1297 πρώτως
1155 1227 1340 1283 κινοῦν
1380 1231 1597 1295 πάντως
1645 1233 1923 1303 ἀκίνητον,

341 1312 423 1366 ὅτι
454 1315 550 1367 καὶ
577 1313 815 1386 ἄναρχον
840 1317 882 1386 ),
913 1319 1064 1372 οὐδὲν
1087 1319 1196 1392 ἄρα
1231 1322 1342 1375 τῶν
1367 1323 1538 1377 ὄντων
1577 1325 1728 1377 ἐστὶν
1758 1324 1924 1395 ἄναρ-

341 1419 458 1474 χον,
497 1404 583 1456 ὂτι
635 1405 710 1476 μὴ
749 1405 846 1460 καὶ
876 1408 1158 1478 ἀκίνητον.
1214 1411 1402 1466 Πάντα
1425 1413 1536 1482 γὰρ
1583 1417 1816 1469 κινεῖται
1857 1416 1924 1471 τὰ

341 1497 588 1550 ὁπωσοῦν
620 1497 772 1564 ὄντα,
821 1500 948 1572 δίχα
996 1505 1096 1573 τῆς
1146 1506 1314 1577 μόνης
1361 1507 1462 1560 nat
1513 1509 1772 1580 ἀκινήτου
1829 1511 1922 1564 καὶ

343 1587 486 1659 ὑπὲρ
533 1589 711 1644 πάντα
765 1592 966 1660 αἰτίας,
999 1595 1066 1650 τὰ
1101 1596 1200 1666 μὲν
1241 1599 1405 1668 νοερά
1452 1615 1512 1652 τε
1561 1601 1658 1653 καὶ
1704 1599 1920 1669 λογικὰ,

342 1683 660 1749 γνωπικῶς
679 1701 740 1738 τε
763 1686 859 1740 καὶ
889 1689 1086 1759 ὲπιστη
1096 1689 1353 1758 μονικῶς,
1385 1691 1469 1744 ὅτι
1495 1691 1568 1760 μὴ
1586 1691 1922 1760 αὑτογνῶσις

2028 508 2176 577 cipio
2204 523 2394 564 carere
2431 509 2631 564 statuit
2657 508 2920 566 lubenter
2955 510 3204 581 abjiciet,
3240 513 3616 584 quodcunque

2029 607 2321 653 moveatur
2364 599 2493 668 jure
2527 603 2880 672 recogitans,
2919 603 3148 658 omnino
3190 605 3400 659 moveri
3443 605 3614 660 etiam

2028 689 2283 760 coepisse.
2315 689 2514 745 Nullus
2546 706 2681 746 vero
2716 702 2904 748 motus
2930 693 3052 748 sine
3083 693 3386 764 principio,
3436 695 3615 764 siqui-

2027 779 2153 834 dem
2191 794 2294 834 nec
2315 779 2436 836 sine
2473 796 2662 836 causa.
2699 781 3044 852 Principium
3087 783 3297 839 etenim
3336 783 3503 838 habet
3558 783 3615 838 id

2025 871 2174 941 quod
2216 882 2424 940 movet,
2455 883 2620 945 atque
2651 890 2879 930 causam
2928 875 2982 930 id
3013 875 3165 946 quod
3197 885 3393 931 evocat
3437 883 3498 932 et
3539 875 3614 932 ad

2027 963 2190 1018 ﬁnem
2218 981 2330 1035 quo
2379 976 2636 1022 movetur
2672 967 2924 1023 attrahit.
2976 967 3096 1040 Jam
3148 968 3194 1022 si
3236 969 3615 1037 cujuscunque

2025 1057 2174 1125 quod
2207 1067 2462 1114 movetur
2489 1060 2755 1115 motionis
2784 1061 2968 1116 omnis
2996 1060 3336 1130 principium
3369 1059 3503 1114 illud
3529 1069 3618 1116 est

2024 1147 2174 1216 quod
2206 1159 2412 1214 movet,
2469 1158 2527 1205 et
2557 1149 2686 1207 ﬁnis
2729 1167 2917 1224 causa
2953 1151 3022 1206 ad
3075 1166 3242 1221 quam
3301 1150 3478 1206 fertur
3527 1165 3617 1204 res

2024 1247 2173 1292 mota
2203 1239 2365 1312 (nihil
2391 1241 2541 1295 enim
2567 1243 2688 1298 sine
2713 1258 2881 1298 causa
2927 1241 3230 1312 movetur),
3272 1242 3414 1296 nihil
3448 1256 3616 1311 porro

2025 1329 2084 1383 in
2135 1331 2306 1386 rebus
2357 1346 2468 1386 non
2519 1342 2777 1388 movetur
2817 1343 3024 1403 prreter
3063 1349 3234 1389 unum
3283 1333 3420 1387 illud
3467 1331 3616 1402 quod

2026 1419 2288 1488 primitus
2309 1429 2496 1476 movet
2549 1423 2702 1493 (nam
2741 1421 2892 1492 quod
2947 1423 3211 1494 primitus
3259 1431 3444 1476 movet
3490 1421 3616 1475 ideo

2025 1519 2176 1562 caret
2209 1519 2360 1564 motu
2395 1511 2544 1580 quod
2577 1511 2746 1565 etiam
2779 1511 3057 1582 principio
3083 1510 3282 1580 caret),
3315 1510 3456 1564 nihil
3481 1523 3616 1579 ergo

2025 1599 2080 1653 in
2115 1600 2284 1656 rebus
2313 1601 2435 1656 sine
2465 1603 2741 1672 principio
2775 1612 2884 1668 est,
2928 1611 3228 1673 propterea
3267 1601 3415 1671 quod
3441 1599 3614 1654 etiam

2026 1691 2146 1747 sine
2201 1702 2378 1748 motu.
2417 1694 2710 1751 Moventur
2742 1695 2892 1750 enim
2927 1709 3275 1765 quacunque
3327 1701 3614 1762 utcunque

341 1773 376 1845 ἢ
415 1775 830 1848 αὐτοεπιστήμη
881 1779 1064 1834 ἐστίν.
1107 1780 1247 1835 Οὔτε
1295 1783 1405 1852 γὰρ
1447 1783 1606 1836 οὐσία
1639 1783 1822 1836 αὐτῶν
1884 1785 1916 1854 ἡ

2033 1792 2170 1849 sunt,
2197 1793 2426 1854 excepta
2455 1801 2564 1840 una
2593 1802 2772 1856 eaque
2803 1787 3080 1842 immobili
3107 1794 3164 1842 et
3209 1788 3398 1841 omnia
3443 1799 3614 1854 supe-

343 1865 546 1934 γνῶσις
596 1868 778 1922 αὐτῶν
825 1871 942 1924 ἐστι
981 1873 1076 1926 καὶ
1115 1876 1148 1943 ἡ
1196 1873 1502 1944 ἐπιστήμη,
1539 1873 1655 1928 ἀλλ’
1684 1873 1828 1939 ἕξεις
1854 1875 1920 1945 τῇ

341 1957 524 2012 αὐτῶν
546 1959 705 2032 οὐσίᾳ
733 1961 1226 2034 ὲπιθεωρούμεναι,
1269 1965 1334 2018 ὲκ
1371 1967 1470 2035 τῆς
1503 1964 1644 2018 κατά
1671 1964 1796 2018 νοῦν
1828 1965 1924 2018 καὶ

341 2049 497 2118 λόγον
533 2049 660 2122 (τὰς
682 2053 1016 2118 συστατικὰς
1045 2055 1228 2110 αὐτῶν
1258 2055 1402 2124 λέγω
1426 2054 1722 2127 δυνάμεις)
1753 2055 1921 2126 ὀρθῆς

345 2143 578 2212 κρίσεως
611 2146 1016 2216 ὲπιγενόμεναι.

2029 1882 2188 1929 rante
2237 1891 2426 1940 causa,
2479 1885 2588 1931 tam
2647 1877 3046 1933 intellectualia
3093 1893 3258 1948 quam
3299 1874 3615 1939 rationalia,
3719 1869 3722 1871 Α

2031 1974 2140 2021 tam
2167 1953 2487 2038 cognitione
2516 1985 2685 2040 quam
2716 1969 2976 2034 scicntia,
3007 1969 3140 2039 quia
3167 1983 3273 2024 nec
3313 1969 3398 2022 sui
3439 1966 3617 2036 ipsius

2027 2057 2274 2128 cognitio
2328 2074 2434 2114 nec
2481 2061 2567 2114 sui
2620 2060 2798 2130 ipsius
2850 2060 3086 2115 scientia
3136 2067 3340 2115 exstat.
3392 2057 3616 2112 Etenim

2025 2151 2270 2221 cognitio
2302 2167 2495 2206 eorum
2524 2159 2583 2208 et
2608 2153 2842 2208 scientia
2873 2169 2983 2208 non
3008 2152 3254 2208 essentia
3287 2160 3370 2206 est
3396 2164 3615 2228 eorum,

341 2235 438 2290 sed
463 2236 690 2293 habitus
749 2240 846 2308 qui
882 2239 939 2295 in
1008 2241 1249 2296 essentia
1292 2255 1487 2296 eorum
1557 2238 2114 2305 animadvertuntur,
2155 2257 2225 2297 ex
2285 2240 2649 2300 intellectuali
2695 2253 2754 2299 et
2805 2243 3066 2299 rationali
3107 2242 3435 2316 (potestates
3488 2239 3616 2294 dico

343 2341 466 2396 qua:
523 2337 585 2383 ut
631 2328 937 2386 consistant
989 2330 1121 2400 ipsae
1181 2328 1453 2394 efﬁciunt)
1515 2336 1669 2384 recto
1713 2327 1926 2400 judicio
1965 2330 2318 2388 accedentes.

347 2553 565 2621 Θεωρία
605 2552 740 2620 περὶ
781 2551 1100 2620 συστολῆς
1149 2553 1247 2608 καὶ
1295 2552 1627 2620 διαστολῆς
1681 2553 1922 2619 οὐσίας,

413 2644 728 2711 ποιότητός
756 2642 832 2698 τε
862 2645 960 2698 καὶ
1009 2646 1368 2712 ποσότητος,
1401 2643 1530 2698 καθ’
1563 2642 1644 2712 ἢν
1671 2641 1922 2714 ἄναρχοι

413 2731 567 2790 εἶναι
597 2737 670 2790 οὐ
693 2734 1004 2790 δύνανται.
1259 2747 1265 2755 “

427 2867 588 2922 Ἀλλὰ
614 2870 709 2938 καὶ
737 2869 930 2940 αὐτὴή
959 2869 1145 2934 ἁπλῶς
1175 2868 1444 2942 λεγομένη
1467 2869 1629 2931 οὐσία
1667 2871 1727 2924 οὐ
1759 2869 1921 2939 μόνον
2007 2873 2012 2879 ’

347 2961 381 3032 ἡ
419 2958 528 3014 τῶν
556 2961 616 3014 ὲν
654 2960 866 3030 γενέσει
905 2961 1000 3014 καὶ
1033 2961 1208 3033 φθορᾷ
1248 2961 1389 3016 κατὰ
1436 2963 1654 3031 γένεσιν
1693 2966 1924 3016 κινεῖται

348 3051 443 3106 καὶ
481 3051 712 3122 φθορὰν,
766 3051 905 3105 ἀλλὰ
942 3051 1035 3106 καὶ
1091 3053 1124 3122 ἡ
1179 3053 1287 3107 τῶν
1319 3052 1491 3108 ὄντων
1531 3055 1789 3110 ἁπάντων
1831 3055 1926 3108 καὶ⁸

2023 2554 2412 2626 Contemplatio
2439 2557 2504 2610 de
2525 2557 2886 2612 contractione
2919 2563 2969 2610 et
3003 2555 3321 2610 dilatatione
3352 2556 3613 2616 essentia,

2094 2649 2372 2720 qualitatis
2400 2660 2448 2704 et
2471 2651 2808 2720 quantitatis,
2837 2649 3127 2705 secundum
3150 2664 3310 2719 quam
3327 2648 3442 2701 sine
3466 2641 3620 2716 prin-

2091 2741 2228 2811 cipio
2257 2757 2368 2795 esse
2398 2757 2504 2795 non
2533 2746 2774 2812 possunt.

2094 2871 2301 2928 Verum
2335 2879 2391 2926 et
2441 2871 2562 2941 ipsa
2605 2886 2728 2942 quas
2771 2870 3108 2940 simpliciter
3139 2869 3348 2926 dicitur
3376 2867 3618 2925 essentia

2029 2979 2144 3020 non
2165 2964 2336 3042 modo
2362 2978 2558 3018 eorum
2583 2979 2706 3032 quae
2741 2962 3087 3034 generationi
3114 2969 3244 3017 sunt
3267 2970 3324 3016 et
3363 2960 3614 3015 interitui

2031 3057 2272 3113 obnoxia
2305 3056 2613 3112 secundum
2643 3056 3066 3128 generationem
3099 3063 3355 3109 movetur
3383 3061 3440 3106 et
3470 3053 3616 3106 inte-

347 3139 629 3211 κεκίνηται
657 3141 752 3195 καὶ
779 3144 1007 3195 κινεῖται
1038 3140 1118 3212 τῷ
1147 3141 1288 3195 κατά
1311 3133 1600 3215 διαστολὴν
1615 3145 1711 3198 καὶ
1734 3161 1926 3198 συστο-

2033 3151 2230 3213 ritum,
2257 3149 2354 3204 sed
2393 3151 2566 3206 etiam
2590 3149 2840 3205 omnium
2872 3163 2995 3218 quae
3019 3156 3154 3202 sunt
3180 3155 3236 3202 et
3266 3154 3418 3200 mota
3447 3153 3534 3200 est
3561 3151 3618 3198 et

349 3231 445 3304 λὴν
477 3231 624 3303 λόγῳ
645 3249 704 3286 τε
731 3231 827 3286 καὶ
853 3235 1063 3302 τρόπῳ.
1102 3234 1348 3287 Κινείται
1383 3235 1484 3306 γάρ
1510 3235 1619 3289 ἀπὸ
1652 3235 1745 3289 τοῦ
1772 3252 1926 3305 γενι-

349 3325 594 3379 κωτάτου
631 3324 822 3394 γένους
861 3325 951 3380 διὰ
981 3324 1092 3378 τῶν
1129 3327 1507 3398 γενικωτέρων
1550 3329 1724 3396 γενῶν
1747 3330 1826 3392 εἰς
1859 3328 1930 3382 τὰ

349 3415 462 3487 εῑδη
493 3413 561 3468 δι’
589 3407 664 3469 ὧν
698 3419 792 3468 καὶ
833 3416 914 3479 εἰς
945 3414 983 3470 ἃ
1017 3416 1347 3486 διαιρεῖσθαι
1389 3419 1622 3489 πέφυκε,
1664 3419 1931 3490 προϊοῦσα

353 3505 515 3576 μέχρι
545 3506 652 3560 τῶν
689 3507 1057 3562 είδικωτάτων
1079 3508 1234 3560 εἱδῶν
1266 3505 1348 3573 οἷς
1378 3510 1711 3581 περατοῦται
1741 3513 1775 3582 ἡ
1808 3513 1928 3566 κατ’

350 3598 522 3668 αὐτὴν
535 3598 810 3670 διαστολὴ,
842 3600 904 3653 τὺ
928 3597 1068 3664 εἶναι
1099 3599 1270 3668 αὐτῆς
1301 3601 1435 3672 πρὸς
1477 3601 1548 3655 τὰ
1583 3603 1734 3656 κάτω
1773 3621 1932 3676 περι-

350 3689 662 3762 γράφουσα,
682 3693 775 3746 καὶ
793 3691 1088 3760 συνάγεται
1109 3692 1272 3748 πάλιν
1297 3693 1405 3748 ἀπὸ
1433 3694 1544 3748 τῶν
1566 3695 1930 3751 είδικωτάτων

350 3779 506 3834 εἰδῶν
529 3781 620 3835 διὰ
654 3781 764 3836 τῶν
787 3783 1173 3856 γενικωτέρων
1227 3785 1632 3851 ἀναποδίζουσα
1666 3787 1853 3858 (168
1878 3787 1930 3859 b)

353 3869 518 3941 μέχρι
547 3870 642 3938 τοῦ
667 3871 1038 3940 γενικωτάτου
1071 3873 1284 3942 γένους,
1303 3866 1349 3942 ᾧ
1371 3874 1710 3945 περατοῦται
1745 3878 1778 3946 ἡ
1807 3877 1930 3931 κατ’

351 3962 524 4035 αὐτὴν
553 3965 808 4036 συστολὴ,
833 3965 979 4038 πρὸς.
996 3965 1058 4020 τὸ
1074 3965 1188 4022 ἄνω
1205 3965 1268 4021 τὸ
1293 3961 1432 4022 εἶναι
1454 3967 1626 4040 αὐτῆς
1648 3967 1928 4041 ὁρίζουσα,

351 4054 448 4107 καὶ
474 4053 660 4108 λοιπὸν
679 4055 890 4127 διχόθεν
919 4057 1407 4130 περιγραφομένη,
1452 4057 1662 4113 ἄνωθέν
1691 4077 1752 4113 τε
1781 4061 1930 4130 λέγω

352 4147 446 4202 καὶ
477 4147 746 4216 κάτωθεν,
767 4150 942 4222 ἀρχὴν
971 4151 1067 4206 καὶ
1088 4151 1244 4214 τέλος
1276 4151 1475 4223 ἔχουσα
1507 4153 1806 4220 δείκνυται,
1837 4153 1930 4209 τδν

351 4237 452 4308 τῆς
479 4240 734 4312 ἀπειρίας
761 4233 876 4296 οὐδ’
892 4243 1030 4308 ὅλως
1059 4244 1410 4310 ἐπιδέξασθαι
1440 4245 1717 4318 δυναμένη
1746 4247 1928 4317 λόγον.

364 4330 640 4397 Ὡσαύτως
699 4320 764 4388 δὲ
811 4337 904 4390 καὶ
946 4338 980 4408 ή
1038 4337 1298 4408 ποσότης,
1345 4339 1407 4392 οὐ
1463 4339 1625 4410 μόνον
1663 4341 1696 4411 ὴ
1731 4339 1841 4394 τῶν
1873 4343 1932 4395 ἐν

353 4423 570 4493 γενέσει
603 4425 698 4478 καὶ
727 4426 904 4500 φθορᾷ
945 4431 1110 4482 παντὶ
1137 4430 1326 4500 τρόπῳ
1355 4423 1400 4499 ᾧ
1445 4430 1662 4500 πέφυκε
1705 4430 1931 4504 θεωρεῖ-

357 4517 481 4570 σθαι
509 4518 628 4570 κατ’
662 4516 893 4590 αὔξησιν
932 4524 1166 4575 κινεῖται
1199 4523 1294 4576 καὶ
1327 4523 1574 4593 μείωσιν,
1603 4523 1743 4579 ἀλλά
1771 4525 1926 4596 καὶὴ
1961 4511 2003 4568 υ

356 4605 508 4661 πᾶσα
537 4608 630 4662 καὶ
654 4609 872 4666 πάντων
901 4611 980 4682 τῷ
1003 4613 1124 4666 κατ’
1152 4613 1338 4668 ἄνεσιν
1385 4615 1477 4687 καὶ
1509 4615 1763 4669 ἐπίτασιν
1789 4614 1934 4686 λόγῳ

355 4698 650 4770 κινουμένη
704 4699 800 4753 καὶ
844 4703 967 4762 ταῖς
1032 4702 1178 4756 κατᾶ
1235 4702 1402 4772 μέρος
1453 4703 1739 4776 διαφοραῖς
1791 4703 1938 4759 κατὰ

353 4785 640 4860 διαστολὴν
665 4789 1076 4862 είδοποιουμένη
1095 4792 1520 4864 περιγράφεται,
1537 4793 1598 4846 τὸ
1615 4795 1842 4864 ἄπειρον
1864 4795 1934 4827 ¹·²

355 4880 566 4952 χεῖσθαι
595 4881 698 4936 οὐκ
745 4881 968 4952 ἔχουσα,
1009 4883 1104 4937 καὶ
1143 4869 1445 4952 ’συνάγεται
1480 4885 1648 4942 πάλιν
1676 4887 1936 4941 ἀναποδί-

356 4971 546 5037 ζουσα,
603 4974 667 5027 τὸ
719 4973 841 5026 κατ’
889 4973 1082 5040 αὗτάς,
1131 4974 1248 5028 ἀλλ’
1300 4977 1362 5030 οὐ
1399 4977 1460 5030 τὸ
1494 4978 1742 5048 συμφυὲς
1794 4976 1937 5043 εἶδος

357 5064 692 5135 ἀπολύουσα.
741 5065 976 5136 Ὁμοίως
1014 5066 1072 5120 δὲ
1117 5069 1212 5120 καὶ
1253 5069 1286 5139 ἡ
1326 5069 1570 5140 ποιότης,
1601 5071 1662 5124 οὺ
1711 5069 1872 5140 μόνον
1898 5073 1932 5142 ἡ

355 5154 467 5210 τῶν
495 5159 557 5212 ἐν
605 5157 820 5227 γενέσει
854 5159 948 5212 καὶ
993 5159 1170 5230 φθορᾷ
1205 5163 1437 5214 κινεῖται
1478 5164 1599 5215 κατ’
1629 5161 1936 5226 ἀλλοίωσιν,

359 5239 516 5304 ἀλλά
537 5251 632 5306 καὶ
683 5253 722 5324 ἡ
771 5255 921 5306 πᾶσα
951 5255 1046 5306 καὶ
1094 5253 1335 5320 πάντων,
1379 5254 1459 5324 τῷ
1500 5255 1722 5328 τρεπτῷ
1750 5273 1810 5309 τε
1845 5255 1939 5310 καὶ

362 5339 644 5410 σκεδαστῷ
679 5341 782 5412 τῆς
816 5343 941 5396 κατ’
979 5343 1150 5412 αὐτὴν
1174 5343 1438 5415 διαφορᾶς
1475 5347 1792 5418 κινουμένη,
1819 5349 1936 5400 δια-

363 5428 560 5501 στολὴν
589 5431 684 5486 καὶ
705 5431 970 5504 συστολὴν
998 5432 1332 5504 ἐπιδέχεται.
1363 5435 1554 5500 Οὐδεὶς
1581 5437 1639 5492 δὲ
1667 5437 1729 5490 τὸ
1759 5455 1935 5508 πεφυο

2031 3252 2308 3306 movetur,
2353 3241 2776 3305 contractionis,
2819 3247 2878 3295 et
2929 3237 3274 3294 dilatationis
3308 3236 3522 3290 ratione
3549 3249 3616 3290 ac

2032 3333 2220 3389 modo.
2245 3335 2504 3389 Movetur
2527 3334 2678 3389 enim
2707 3333 2778 3387 ab
2809 3329 3229 3402 generalissimo
3276 3343 3478 3399 genere
3511 3343 3614 3397 per

2031 3425 2376 3496 generaliora
2407 3439 2613 3496 genera
2649 3423 2708 3477 in
2732 3422 2948 3492 species
2998 3437 3098 3490 per
3126 3434 3266 3490 quas
3295 3427 3352 3472 et
3391 3417 3449 3470 in
3483 3433 3620 3487 quas

2033 3514 2348 3578 dividitur,
2407 3508 2772 3585 progrediens
2826 3525 3002 3582 usque
3061 3507 3131 3563 ad
3186 3505 3618 3578 specialissimas

1993 3665 2000 3670 ,
2033 3605 2248 3678 species
2276 3605 2486 3679 quibus
2519 3604 2851 3660 terminatur
2899 3602 3174 3666 dilatatio,
3204 3609 3458 3655 naturam
3489 3597 3611 3670 ejus

2033 3699 2102 3756 ad
2147 3698 2414 3753 inferiora
2460 3696 2787 3753 deﬁniens:
2834 3695 2968 3750 item
3025 3691 3381 3748 contrahitur
3421 3703 3618 3744 rursus

2033 3808 2064 3848 a
2094 3779 2513 3862 specialisshnis
2548 3787 2847 3858 speciebus
2880 3802 2981 3857 per
3029 3783 3410 3857 generaliores
3456 3795 3616 3835 revo—

2032 3892 2155 3940 cata
2182 3897 2356 3952 usque
2382 3882 2450 3936 ad
2489 3880 2970 3954 generalissimum
2995 3888 3190 3950 genus,
3231 3890 3342 3946 quo
3392 3881 3619 3928 contra-

2033 3975 2146 4032 ctio
2191 3973 2554 4038 terminatur,
2609 3980 2868 4028 naturam
2903 3971 3026 4042 ejus
3068 3969 3136 4024 ad
3169 3967 3431 4038 superius
3479 3962 3620 4019 deﬁ-

2033 4069 2196 4124 niens
2243 4085 2256 4122 :
2311 4076 2368 4122 et
2419 4065 2684 4136 deinceps
2737 4064 3005 4133 utrinque
3053 4058 3500 4128 circumscripta,
3547 4055 3618 4111 de
3696 4095 3703 4104 .

2033 4157 2605 4229 superiori,-inquam,
2639 4155 2792 4212 etde
2829 4151 3104 4230 inferiori,
3151 4150 3233 4206 sic
3273 4146 3614 4220 principium

2033 4260 2200 4322 atque
2245 4249 2412 4306 ﬁnem
2459 4249 2666 4304 habere
2695 4247 3147 4308 demonstratur,
3190 4239 3486 4296 inﬁnitatis
3525 4253 3616 4292 ra-
3673 4261 3676 4264 η

2037 4339 2205 4394 tionis
2251 4339 2680 4410 haudquaquam
2737 4351 2929 4408 capax.
2981 4335 3198 4390 Pariter
3250 4347 3388 4388 vero
3443 4330 3614 4407 etiam

2035 4425 2320 4502 quantitas
2343 4447 2458 4488 non
2485 4431 2666 4488 solum
2706 4444 2904 4486 eorum
2943 4443 3068 4498 quae
3101 4423 3446 4498 generationi
3489 4430 3621 4475 sunt

2031 4539 2200 4598 atque
2227 4525 2480 4583 interitui
2505 4527 2724 4597 objecta
2755 4525 2908 4581 omni
2940 4511 3053 4595 quo
3075 4519 3423 4592 conSpicitur
3452 4515 3620 4571 modo

2031 4620 2338 4674 secundum
2370 4619 2779 4680 incrementum
2812 4623 3058 4671 motatur
3085 4622 3146 4670 et
3175 4612 3618 4671 decrementum,

2031 4711 2130 4767 sed
2159 4711 2326 4765 etiam
2352 4711 2617 4765 universa
2642 4717 2699 4764 et
2745 4707 3143 4764 universorum
3185 4699 3532 4758 remissionis
3565 4705 3624 4752 et

2033 4803 2365 4858 intentionis
2397 4803 2613 4858 ratione
2641 4809 2791 4857 mota
2832 4808 2890 4856 et
2918 4795 3324 4856 vicissitudinis
3352 4791 3622 4848 diﬁeren-

2037 4897 2130 4952 tiis
2197 4895 2510 4951 secundum
2561 4894 2954 4951 dilatationem
3004 4889 3332 4962 'speciﬁcata
3377 4886 3624 4940 circum-

2039 4988 2328 5056 scribitur,
2359 4988 2527 5059 inque
2560 4987 2840 5044 inﬁnitum
2872 4984 3085 5041 effundi
3108 4981 3323 5052 nequit,
3355 4975 3452 5033 sed
3487 4989 3629 5030 con-

2043 5079 2282 5135 trahitur
2327 5096 2522 5135 rursus
2575 5087 2875 5144 rcvocata,
2917 5076 3052 5132 dum
3113 5073 3331 5128 illarum
3394 5064 3624 5137 quidem

2039 5168 2275 5237 species,
2307 5177 2364 5224 at
2391 5184 2506 5224 non
2550 5169 2795 5224 innatam
2841 5167 3082 5238 speciem
3119 5161 3370 5218 dimittit.
3404 5154 3627 5213 Pariter

2043 5275 2174 5313 vero
2222 5259 2388 5314 etiam
2425 5261 2668 5330 qualitas
2695 5301 2710 5320 ,
2748 5275 2860 5314 non
2905 5257 3084 5312 solum
3128 5266 3322 5309 eorum
3356 5264 3483 5320 qua:
3521 5261 3624 5300 na-

2041 5360 2276 5406 scuntur
2303 5362 2362 5406 et
2401 5352 2687 5408 intereunt
2736 5360 3022 5408 motantur
3071 5345 3377 5402 secundum
3423 5341 3595 5396 immu

2044 5439 2332 5504 tationem,
2367 5442 2463 5497 sed
2495 5441 2663 5498 etiam
2695 5442 2879 5498 omnis
2900 5450 2956 5496 et
2976 5437 3226 5494 omnium
3263 5479 3278 5502 ,
3319 5447 3432 5488 sua:
3462 5427 3624 5484 diﬁ‘e-

1667 5571 1828 5626 VARl
1843 5573 1903 5628 (Ε
1943 5569 2345 5660 LECTIONES.
2390 5567 2396 5573 ’

444 5673 488 5708 ⁹⁹
517 5679 663 5754 ἕλκει
703 5679 828 5736 cod.
863 5679 1004 5736 Gud.

1103 5682 1172 5714 ‘~’
1208 5683 1293 5736 ἐπ’
1343 5682 1470 5753 ἄρον
1525 5685 1646 5741 cod.
1706 5684 1849 5741 Gud.
1899 5688 2005 5743 Sed
2055 5690 2112 5745 in
2149 5707 2320 5761 marg.
2359 5692 2549 5748 eadem
2602 5708 2795 5748 manus
2826 5691 3061 5749 correxit
3095 5692 3342 5764 ἄπειρον.
