4038 6146
464 305 600 373 1179

1584 306 1644 366 8.
1688 304 1972 365 ΜΑΧΙΜΙ
2014 304 2523 367 CONFESSORIS

3580 298 3725 365 1180

461 418 655 473 rentiae
712 415 1080 470 mutabilitate
1135 422 1302 482 atque
1354 411 1779 481 dissipabilitate
1846 419 2027 474 mota,

2140 412 2227 475 κὸς
2256 413 2646 467 σκεδάννυσοαί
2690 432 2747 467 τε
2795 416 2889 468 καὶ
2926 413 3250 481 συνάγεσθαι
3284 413 3431 483 λόγῳ
3479 412 3510 481 ἢ
3561 413 3723 480 ὲνερ-

462 511 873 566 distractionem
899 509 1120 576 capitet
1150 505 1607 561 contractionem.
1642 505 1816 559 Nemo
1845 512 2029 558 autem

462 617 593 656 sana
622 607 803 653 mente
844 597 1107 666 praeditus
1147 597 1282 651 illud
1310 596 1461 665 quod
1509 595 1772 665 dissipari
1807 604 1865 650 et
1894 609 2031 649 con-

464 692 606 745 trahi
648 691 859 744 ratione
889 697 986 743 aut
1009 689 1061 742 vi
1093 689 1269 758 possit
1309 688 1593 742 immobile
1633 701 1756 741 esse
1802 688 2033 741 omnino

461 781 680 835 dixerit.
715 778 775 833 ld
800 794 930 833 vero
956 778 1003 833 si
1027 789 1179 833 motu
1212 792 1324 832 non
1354 785 1527 841 caret,
1562 791 1665 831 nec
1686 784 1842 837 caret
1878 773 2033 844 prin-

460 874 635 943 cipio;
682 873 727 926 si
756 886 888 926 vero
923 886 1033 925 non
1065 870 1355 940 principio,
1391 884 1496 923 nec
1520 868 1790 939 geniturae
1819 873 1924 929 est,
1970 873 2027 919 ut

460 974 707 1034 apparet,
736 978 957 1032 expers,
990 961 1088 1017 sed
1140 961 1220 1015 uti
1260 961 1315 1014 id
1345 960 1492 1030 quod
1532 968 1783 1013 movetur
1813 954 2028 1011 moveri

459 1054 693 1123 coepisse
734 1053 908 1118 novit,
961 1053 1033 1106 ita
1054 1053 1224 1106 etiam
1256 1051 1508 1122 generari
1530 1060 1592 1105 ut
1618 1055 1765 1105 esset
1791 1046 2029 1117 coepisse

461 1144 515 1200 id
544 1145 689 1214 quod
718 1145 921 1199 factum
949 1152 1035 1199 est
1068 1143 1347 1215 intelligit,
1394 1154 1560 1213 atque
1583 1142 1651 1196 de
1675 1141 1794 1195 solo
1828 1147 1885 1193 et
1918 1151 2031 1191 uno

458 1252 568 1291 nou
600 1235 742 1291 facto
780 1252 884 1291 nec
931 1247 1081 1290 moto
1112 1249 1235 1289 esse
1269 1243 1434 1304 atque
1480 1234 1683 1288 metari
1728 1229 2025 1299 accepisse.

456 1327 613 1393 Quod
649 1343 780 1382 vero
814 1342 914 1396 per
957 1305 1297 1380 exsistEntiaa
1323 1323 1594 1394 originem
1621 1322 1814 1393 capit,
1839 1320 1897 1375 id
1926 1333 2027 1374 ne-

457 1432 730 1490 quaquam
757 1424 939 1487 potest
970 1417 1244 1487 principio
1282 1430 1494 1471 carere.

456 1596 865 1652 Demonstratur
906 1594 1044 1665 quod
1096 1603 1289 1664 praeter
1345 1592 1511 1646 Deum
1554 1590 1797 1663 qualibet
1846 1589 2024 1643 omnia

2135 505 2259 575 γείᾳ
2286 507 2431 558 εἴποι
2458 507 2523 559 ἂν
2549 507 2827 577 εὐφρυνῶν
2868 509 3124 577 ἀκίνητον
3149 505 3287 560 εἶναι
3336 504 3722 558 παντάπασιν.

2136 596 2198 648 Ei
2229 594 2284 647 δὲ
2312 596 2386 665 μὴ
2414 595 2693 666 ἀκίνητον,
2733 598 2852 651 οὐδὲ
2879 601 3111 668 ἄναρχον
3132 614 3144 627 ·
3173 599 3221 651 εί
3257 598 3313 651 δὲ
3347 597 3423 668 μὴ
3448 595 3723 666 ἄναρχον,

2136 687 2255 739 οὐδὲ
2284 687 2549 757 ἀγένητον
2574 689 2838 758 δηλονότι,
2873 690 2988 743 ἀλλ’
3018 690 3207 760 ὥσπερ
3247 686 3387 741 οἶδεν
3431 687 3724 760 ἠργμένον

2139 777 2405 847 κινήσεως
2447 779 2510 833 τὸ
2564 781 2902 851 κινούμενον,
2956 780 3132 844 οὕτως
3177 783 3269 834 καὶ
3319 781 3417 851 τῆς
3458 779 3606 847 πρὸς
3657 775 3728 829 τδ

2136 863 2275 921 εἶναι
2324 870 2589 935 γενέσεως
2630 868 2831 943 ἦρχθαι
2875 874 2938 927 τὸ
2975 873 3342 944 γεγενημένον
3397 871 3724 933 ἐπίσταται,

2136 962 2232 1015 καὶ
2256 962 2320 1031 ἐκ
2343 961 2436 1015 τοῦ
2475 964 2637 1032 μόνου
2670 966 2764 1017 καὶ
2790 964 2908 1028 ἑνὸς
2936 965 3205 1035 ἀγενήτου
3235 980 3294 1015 τε
3325 963 3421 1015 καὶ
3448 960 3727 1029 ἀκινήτου

2133 1050 2197 1103 τὸ
2243 1046 2381 1105 εἷναί
2420 1069 2480 1105 τε
2526 1054 2621 1107 καὶ
2657 1053 2719 1107 τὸ
2758 1055 3024 1109 κινεῖσθαι
3053 1054 3234 1108 λαϐόν.
3268 1052 3415 1106 Τὸδὲ
3439 1049 3587 1104 κατὰ
3614 1047 3726 1119 τὴν

2136 1142 2228 1195 τοῦ
2268 1140 2409 1198 εἶναι
2443 1145 2658 1214 γένεσιν
2684 1146 2960 1219 ἠργμένον
3001 1147 3256 1218 οὐδαμῶς
3301 1146 3537 1216 ἄναρχον
3567 1138 3725 1197 εἶναι

2135 1234 2374 1291 δύναται.

2063 1520 2137 1535 ᾗ

2153 1584 2482 1652 ’Δπόόειξις
2522 1585 2650 1652 τοῦ,
2695 1586 2825 1642 Πᾶν
2851 1587 3053 1642 ὁτιοῦν
3098 1587 3245 1641 ἄνευ
3292 1585 3440 1640 Θεοῦ
3468 1583 3723 1646 πάντως

526 1687 687 1758 plane
715 1686 769 1739 in
801 1685 912 1739 loco
937 1687 1063 1749 sint,
1093 1693 1143 1737 et
1172 1692 1450 1755 propterea
1475 1684 1764 1738 necessario
1790 1683 1949 1735 etiam
1972 1680 2029 1732 in

2198 1677 2269 1730 ἐν
2315 1678 2495 1744 τόπῳ,
2550 1678 2651 1732 καὶ
2689 1678 2788 1734 διὰ
2830 1679 3008 1733 τοῦτο
3059 1679 3128 1743 ἐξ
3181 1678 3451 1747 ἀνάγκης
3493 1675 3596 1728 καί
3638 1675 3723 1727 ἐν

526 1786 779 1846 tempore,
811 1785 859 1829 et
888 1776 1026 1845 quod
1050 1774 1103 1827 id
1128 1775 1266 1844 quod
1318 1776 1376 1828 in
1428 1774 1537 1829 loco
1567 1776 1657 1840 sit,
1711 1774 1766 1827 id
1814 1773 2028 1827 omnino

520 1866 808 1921 secundum
843 1874 1044 1934 tempus
1069 1878 1178 1917 esse
1214 1864 1484 1934 inceperit.

528 1979 599 2039 Ut
627 1988 811 2035 autem
853 1979 1106 2035 omittam
1148 1980 1326 2049 ipsam
1370 1995 1595 2050 quoque
1646 1978 2024 2034 exsistentiam

459 2086 666 2134 rerum,
698 2084 825 2124 cum
859 2069 1024 2125 simul
1052 2077 1115 2124 ut
1140 2070 1328 2138 aliquo
1351 2068 1517 2123 modo
1547 2068 1851 2123 exsistatur
1876 2084 2028 2125 com-

459 2162 785 2233 prehendat,
825 2171 881 2216 at
912 2177 1023 2217 non
1051 2160 1397 2231 simpliciter,
1446 2175 1570 2231 quae
1591 2159 1816 2231 quidem
1846 2161 2025 2230 prima

459 2251 992 2322 circumscriptionis
1026 2251 1238 2322 species
1269 2252 1363 2318 sit,
1399 2251 1564 2306 valde
1607 2260 1774 2320 atque
1805 2252 2028 2322 egregie

460 2345 695 2414 probare
729 2343 862 2398 illud
898 2383 912 2408 ,
950 2344 1100 2413 quod
1138 2359 1231 2398 res
1275 2341 1583 2397 secundum
1635 2344 1933 2397 essentiam
1973 2352 2031 2398 et

459 2434 872 2507 generationem
899 2432 1237 2504 inceperint,
1265 2432 1397 2502 quis
1418 2433 1636 2503 ignorat
1671 2433 1918 2502 qualibet
1971 2449 2031 2490 re

458 2525 848 2597 quoquomodo
875 2524 1195 2588 exsisteute,
1219 2534 1419 2595 praeter
1443 2523 1582 2579 illud
1605 2524 1754 2594 quod
1777 2524 2030 2580 divinum

458 2628 516 2674 et
565 2618 847 2688 singulare
909 2623 1000 2671 est
1046 2617 1333 2686 ipsamque
1383 2616 1764 2671 exsistentiam
1809 2615 2033 2686 proprie

458 2718 703 2779 superat,
756 2708 913 2778 prius
964 2707 1198 2778 intelligi
1247 2706 1342 2762 ubi
1389 2706 1706 2773 exsistatur,
1755 2722 1880 2763 cum
1922 2723 2032 2778 quo

459 2815 568 2854 una
591 2815 655 2854 ac
688 2798 851 2853 simul
886 2805 945 2852 ut
973 2798 1142 2853 etiam
1163 2797 1385 2868 quando
1404 2797 1703 2853 exsistatur
1754 2797 2032 2868 intelliga-

458 2907 582 2946 mus
612 2891 913 2946 necessitas
936 2890 1208 2960 postulat.
1232 2890 1353 2945 Non
1384 2891 1532 2945 enim
1567 2889 1638 2944 ab
1678 2909 1696 2941 ι
1732 2889 2033 2960 aliquando

2199 1769 2416 1837 χρόνῳ,
2444 1771 2540 1824 καί
2567 1771 2655 1851 ὅτι
2684 1775 2748 1825 τὸ
2767 1772 2838 1824 ἐν
2858 1772 3021 1837 τόπῳ
3050 1769 3284 1833 πάντως
3309 1767 3457 1823 κατὰ
3481 1766 3720 1837 χρόνον

2197 1860 2296 1914 καί
2318 1857 2525 1929 ἦρκται
2544 1863 2652 1917 τοῦ
2681 1859 2856 1918 εἶναι.

2197 1971 2387 2045 (169
2399 1978 2452 2045 α)
2468 1973 2582 2029 Ἵνα
2608 1975 2664 2029 δὲ
2691 1976 2836 2029 ὲάσω
2864 1974 3043 2043 λέγειν
3070 1974 3152 2027 ὅτι
3179 1974 3275 2028 καὶ
3312 1973 3445 2026 αὐτὸ
3473 1971 3534 2024 τί»
3563 1965 3717 2023 εἶναι

2128 2062 2237 2118 τῶν
2261 2064 2450 2129 ὄντων,
2481 2066 2544 2119 τὸ
2561 2065 2679 2130 πῶς
2724 2063 2863 2121 εἶναι
2899 2066 3042 2137 ἔχον,
3067 2065 3181 2120 ἀλλ’
3203 2065 3302 2136 οὐχ
3321 2063 3526 2128 ἁπλῶς,
3564 2062 3717 2130 ὅπερ

2129 2155 2246 2209 ἐστὶ
2276 2156 2490 2226 πρῶτον
2521 2153 2660 2222 εϊδος
2679 2158 3053 2229 περιγραφῆς,
3091 2157 3313 2229 ἰσχυρόν
3346 2172 3407 2208 τε
3439 2155 3533 2207 καὶ
3555 2152 3712 2222 μέγα

2131 2246 2269 2316 πρὸς
2316 2247 2593 2315 ἀπόδειξιν
2636 2249 2730 2303 τοῦ
2756 2247 2958 2320 ἦρχθαι
2986 2248 3107 2303 κατ’
3132 2248 3323 2302 οὐσίαν
3364 2245 3457 2300 καὶ
3491 2244 3716 2313 γένεσιν

2130 2336 2201 2389 τὰ
2227 2336 2380 2402 ὄντα,
2408 2338 2492 2400 τίς
2522 2340 2709 2407 ἀγνοεῖ
2748 2341 2832 2395 ὅτι
2870 2340 3076 2405 παντὸς
3112 2338 3208 2394 τοῦ
3254 2336 3504 2393 ὁπωσοῦν
3528 2336 3711 2399 όντος,

2133 2426 2272 2499 πλὴν
2302 2427 2397 2482 τοῦ
2448 2428 2594 2483 θείου
2643 2431 2738 2485 καὶ
2779 2432 2967 2502 μόνου,
3004 2430 3099 2485 τοῦ
3144 2430 3244 2484 καὶ
3289 2429 3429 2499 ὑπὲρ
3473 2426 3607 2481 αὐτὸ
3649 2425 3717 2478 τὸ

2096 2513 2271 2600 ,εἶναι
2321 2521 2527 2591 κυρίως
2575 2522 2932 2593 ὑπάρχοντος,
2964 2523 3369 2594 προεπινοεῖται
3408 2518 3471 2571 τὸ
3494 2515 3624 2582 ποῦ,
3666 2508 3715 2583 ᾧ

2134 2611 2312 2688 πάντη
2359 2628 2421 2665 τε
2447 2613 2544 2666 καὶ
2572 2612 2793 2678 πάντως
2822 2614 2887 2680 ιξ
2933 2614 3183 2683 ἀνάγκης
3218 2611 3619 2666 συνεπινοεῑται
3650 2606 3715 2659 τὸ

2133 2705 2266 2756 πότε
2282 2721 2300 2773 ;
2330 2704 2406 2757 Οὐ
2437 2703 2546 2774 γὰρ
2572 2703 2668 2758 τοῦ
2711 2707 2842 2760 ποτὲ
2868 2705 3228 2778 διωρισμένον
3270 2701 3414 2757 κατὰ
3450 2699 3716 2770 στέρησιν

2131 2794 2357 2849 δυνατόν
2404 2797 2551 2850 ἐστιν
2605 2797 2893 2867 ἐπινοῆσαι
2939 2798 3001 2850 τδ
3058 2796 3164 2850 ποῦ
3226 2795 3371 2867 (τῶν
3422 2792 3535 2864 γὰρ
3592 2790 3718 2865 ἅμα

2132 2887 2305 2941 ταῦτά
2332 2891 2500 2955 ἐστιν,
2539 2889 2726 2958 ἐπειδὴ
2768 2889 2863 2942 καὶ
2894 2889 3005 2943 τῶν
3036 2888 3137 2942 οὐκ
3170 2890 3298 2943 ἄνευ
3328 2884 3742 2955 τυγχάνουσινγ

456 2997 581 3037 esse
613 3001 633 3034 ι
659 2980 930 3050 privative
954 2993 1272 3052 separatum
1301 3000 1321 3034 ι
1354 2997 1475 3037 esse
1496 2981 1699 3037 alicubi
1733 3001 1752 3034 ι
1800 2983 2030 3055 cogitari

2140 2978 2249 3050 ἠδὲ
2281 2980 2302 3011 ³
2323 2980 2417 3032 τοῦ
2461 2979 2564 3033 ποῦ
2596 2979 2657 3033 τὸ
2681 2981 2836 3048 ποτὲ,
2879 2974 2924 3049 ᾧ
2968 2978 3404 3034 συνεπινοεῐσθαι
3444 2976 3713 3045 πέφυκεν.

457 3076 608 3145 capit
648 3077 795 3145 (nam
850 3075 967 3129 haec
1020 3074 1187 3129 simul
1241 3083 1392 3139 sunt,
1450 3073 1904 3145 quandoquidem
1928 3090 2030 3130 nec

458 3167 696 3239 disjungi
725 3166 1073 3236 patiuntur);
1111 3181 1213 3220 nec
1248 3181 1442 3221 rursus
1471 3167 1543 3221 ab
1571 3186 1591 3218 ι
1622 3182 1744 3222 esse
1763 3167 2022 3231 alicubi”

458 3272 804 3328 nequaquam
853 3256 1124 3327 privative
1183 3265 1499 3326 separatum
1545 3266 1630 3312 est
1661 3276 1679 3308 ι
1734 3258 2031 3328 aliquando

457 3363 600 3413 esse,
636 3368 655 3399 ι
692 3361 933 3418 quocum
962 3345 1102 3401 illud
1140 3361 1249 3400 una
1294 3347 1591 3416 cogitatur.
1642 3345 1763 3402 Sub
1778 3336 1896 3403 loci
1928 3363 2033 3403 no-

459 3440 609 3496 tione
632 3447 814 3493 autem
840 3438 1044 3503 omnia,
1066 3452 1192 3493 cum
1213 3437 1268 3491 in
1289 3436 1414 3492 loco
1434 3437 1566 3502 sint,
1588 3446 1877 3508 apparent.
1913 3440 2032 3495 Non

457 3532 606 3587 enim
637 3528 959 3584 universum
986 3536 1211 3598 superat
1239 3528 1561 3583 universum
1584 3527 1765 3598 ipsum
1789 3528 2033 3584 universi

463 3625 591 3695 (hoc
621 3624 770 3677 enim
797 3630 855 3676 et
883 3622 1137 3690 ineptum
1167 3628 1224 3675 et
1270 3618 1640 3691 impossibile,
1684 3620 1867 3691 ipsum
1910 3623 2035 3676 uni-

460 3732 681 3771 versum
717 3730 984 3785 superare
1040 3714 1128 3769 sui
1172 3696 1348 3785 ipsius
1403 3715 1731 3769 universum
1779 3731 2033 3784 pronun-

465 3805 645 3870 tiare),
682 3803 777 3860 sed
808 3818 839 3856 a
873 3820 931 3859 se
966 3803 1086 3875 ipso
1118 3804 1176 3859 in
1207 3820 1267 3860 se
1313 3804 1434 3875 ipso
1479 3804 1649 3860 habet
1683 3806 2037 3860 circumscri-

463 3896 744 3967 ptionem,
797 3905 922 3966 post
971 3912 1093 3952 eam
1137 3912 1260 3967 quae
1314 3897 1577 3951 universa
1625 3897 2037 3953 circumscribit

465 3987 734 4042 inﬁnitam
767 3990 887 4060 ejus
912 3989 1006 4059 qui
1040 3989 1428 4043 universorum
1479 4003 1645 4043 causa
1679 3998 1735 4043 et
1782 3988 1906 4043 fons
1951 3998 2036 4044 est

466 4086 811 4146 potestatem,
862 4078 1045 4149 ipsum
1099 4078 1187 4133 sui
1239 4077 1575 4133 exteriorem
1637 4077 1824 4132 ﬁnem.
1873 4078 2033 4145 Quod

466 4165 619 4220 locus
648 4168 814 4221 etiam
838 4168 1084 4223 universi
1108 4176 1233 4233 est;
1266 4166 1737 4236 quemadmodum
1763 4167 2038 4221 definiunt

468 4256 688 4327 quidam
723 4258 930 4322 locum,
966 4258 1256 4314 dicentes:
1284 4258 1467 4314 Locus
1506 4266 1592 4313 est
1639 4259 1884 4314 exterior
1915 4261 2039 4315 uni-

2136 3071 2387 3142 οὐδαμῶς
2413 3070 2703 3143 διώρισται⁸
2743 3072 2886 3126 κατὰ
2927 3073 3200 3142 στέρησιν.
3258 3069 3396 3123 Ὑπδ
3425 3070 3488 3122 τὸ
3521 3066 3626 3120 ποῦ
3655 3066 3715 3119 δὲ

2139 3166 2338 3227 πάντα,
2369 3163 2442 3226 ὡς
2473 3165 2532 3217 ὲν
2563 3165 2716 3235 τόπῳ
2753 3165 2904 3228 ὅντα,
2942 3165 3240 3218 δείκνυται.
3288 3162 3366 3215 Οὐ
3410 3161 3521 3230 γὰρ
3573 3159 3716 3228 ὑπὲρ

2137 3256 2198 3309 τὸ
2219 3256 2329 3309 πᾶν
2359 3255 2490 3308 αὐτὸ
2509 3254 2570 3308 τὺ
2602 3257 2711 3309 πᾶν
2741 3255 2836 3309 τοῦ
2867 3256 3067 3320 παντὸς
3107 3253 3309 3323 (τοῦτο
3337 3255 3446 3325 γάρ
3477 3268 3594 3315 πῳς
3620 3251 3717 3304 καὶ

2138 3345 2332 3414 ἄλογον
2393 3346 2488 3400 καὶ
2538 3346 2801 3400 ἀδύνατον
2830 3345 2963 3400 αὐτὸ
2998 3346 3061 3399 τὸ
3098 3347 3207 3398 πᾶν
3246 3345 3389 3414 ὑπὲρ
3425 3343 3486 3396 τὸ
3521 3340 3715 3395 ἑαυτοῦ

2140 3440 2248 3492 πᾶν
2277 3433 2418 3493 εἶναι
2453 3436 2782 3509 θεσπίζειν),
2826 3439 2944 3492 ἀλλ’
2972 3439 3062 3508 ὑφ’
3089 3437 3283 3491 ἑαυτοῦ
3309 3439 3368 3490 ἑν
3410 3434 3588 3504 ἑαυτῷ
3617 3433 3718 3505 τὴν

2141 3535 2489 3605 περιγραφὴν
2538 3532 2683 3602 ἔχον,
2730 3531 2871 3600 μετὰ
2903 3532 3005 3603 τὴν
3044 3532 3225 3585 πάντα
3267 3528 3719 3601 περιγράφουσαν

2138 3626 2234 3679 τοῦ
2264 3625 2549 3679 παναιτίου
2578 3624 2807 3695 ἄπειρον
2832 3623 3084 3695 δύναμιν,
3125 3622 3257 3677 αὐτὸ
3283 3621 3344 3675 τδ
3380 3621 3560 3692 πέρας
3589 3619 3719 3672 tau-

2138 3717 2234 3771 τοῦ
2261 3716 2320 3770 τὸ
2341 3717 2622 3788 ἐξώτερον.
2675 3717 2852 3787 Ὅπερ
2885 3716 2981 3770 καὶ
3020 3714 3186 3778 τόπος
3219 3714 3339 3766 ἐστὶ
3361 3712 3457 3766 τοῦ
3498 3711 3716 3773 παντὸς,

2141 3809 2325 3873 καθὼς
2356 3808 2453 3864 καὶ
2479 3808 2753 3881 ὁρίζονται
2781 3826 2927 3873 τινες
2955 3808 3049 3862 τὸν
3071 3807 3237 3861 τόπον
3250 3804 3523 3874 λέγοντες,
3545 3803 3719 3863 Τόπος

2140 3899 2289 3952 ἐστὶν
2321 3901 2355 3970 ἡ
2389 3898 2494 3964 ἔξω
2520 3899 2616 3953 τοῦ
2663 3899 2861 3963 παντὸς
2911 3897 3261 3970 περιφέρεια,
3312 3895 3346 3966 ἢ
3395 3896 3429 3966 ἡ
3473 3894 3581 3960 ἔξω
3626 3892 3719 3946 τοῦ

2143 3990 2343 4053 παντὸς
2377 3989 2546 4056 Θέσις,
2575 3991 2609 4063 ἧ
2645 3991 2707 4045 τὸ
2726 3991 2902 4062 πέρας
2921 3989 3014 4044 τοῦ
3043 3990 3392 4061 περιέχοντος
3416 3988 3477 4040 ὲν
3498 3979 3545 4056 ᾧ
3575 4001 3721 4057 περι.

2141 4081 2321 4151 ἔχεται
2369 4083 2431 4135 τὸ
2481 4085 2889 4154 περιεχόμενον.
2945 4083 3057 4137 Ka‘t
3105 4081 3211 4137 ὑπὸ
3250 4081 3311 4135 τὸ
3360 4081 3516 4144 ποτὲ,
3549 4079 3627 4142 ὡς
3656 4081 3713 4132 ὲν

2142 4175 2318 4245 χρόνῳ
2345 4175 2562 4238 πάντως
2589 4174 2739 4241 ὄντα,
2789 4172 3372 4243 συναποδειχθήσεται,
3417 4170 3610 4242 ἐπειδὴ
3648 4170 3721 4240 μὴ

2144 4265 2349 4329 ἁπλῶς,
2380 4265 2516 4320 ἀλλὰ
2553 4264 2670 4330 πῶς
2702 4267 2765 4318 τὺ
2798 4261 2940 4318 εἶναι
2988 4263 3197 4334 ἔχουσι,
3231 4264 3412 4318 πάντα
3441 4263 3544 4316 ὅσα
3588 4261 3723 4333 μετὰ

471 4363 683 4403 versum
713 4349 1157 4404 circumcurrens
1189 4348 1363 4415 orbis,
1392 4348 1476 4403 vel
1510 4350 1758 4427 exterior
1785 4352 2032 4407 universi

2140 4359 2270 4415 Θεὸν
2304 4357 2365 4411 τὸ
2391 4354 2535 4411 εἶναι
2568 4357 2701 4427 ἔχει.
2746 4358 2856 4411 Καὶ
2886 4355 2976 4410 διὰ
3008 4355 3169 4409 τοῦτο
3207 4356 3308 4408 οὐκ
3334 4356 3575 4425 ᾶναρχα.
3610 4353 3722 4407 Πᾶν

469 4441 690 4510 positio,
725 4441 811 4495 vel
841 4441 1113 4495 terminus
1132 4426 1642 4509 circumplectentis
1686 4441 1744 4496 in
1794 4458 1905 4512 quo
1950 4459 2040 4500 res

466 4532 870 4601 comprehensa
897 4532 1415 4602 comprehenditur.
1448 4532 1625 4586 Etiam
1645 4533 1749 4588 sub
1774 4536 2041 4605 temporis

469 4624 715 4688 notione,
748 4625 878 4695 quia
901 4624 957 4679 in
990 4633 1237 4695 tempore
1254 4625 1481 4680 omnino
1499 4632 1650 4691 sunt,
1681 4642 1789 4681 una
1814 4627 2042 4684 demon-

469 4716 822 4784 strabuntur;
846 4717 1295 4789 quandoquidem
1317 4734 1427 4772 non
1451 4717 1799 4789 simpliciter,
1823 4719 1921 4775 sed
1943 4721 2043 4775 uli-

471 4824 581 4877 quo
599 4808 759 4863 modo
774 4824 895 4864 esse
919 4811 1145 4877 habent,
1171 4826 1530 4880 quaecumque
1554 4819 1678 4880 post
1697 4811 1867 4866 Deum
1889 4821 2039 4877 sunt,

470 4899 850 4955 exsistentiam
899 4919 1053 4957 suam
1100 4903 1327 4957 habent.
1368 4903 1667 4971 Propterea
1725 4911 1911 4958 autem
1942 4918 2044 4958 nec

474 4993 592 5046 sine
634 4993 908 5064 principio
949 5005 1097 5051 sunt.
1126 4995 1509 5065 Quodcunque
1543 4996 1690 5050 enim
1738 4996 2044 5051 secundum

478 5079 761 5149 quidpiam
786 5083 933 5137 modi
960 5085 1107 5153 capit
1136 5084 1434 5148 rationem,
1473 5084 1691 5139 etiamsi
1722 5095 1830 5149 est,
1863 5094 2045 5141 tamen

480 5186 586 5225 non
614 5182 753 5228 erat.
801 5176 955 5231 Unde
990 5178 1160 5231 Deum
1185 5193 1308 5234 esse
1351 5178 1602 5233 dicentes
1650 5194 1761 5233 non
1805 5179 2044 5250 aliquam

480 5265 855 5320 cxsistentiam
888 5267 1164 5335 dicimus;
1216 5279 1271 5324 et
1319 5278 1619 5339 propterea
1649 5270 1805 5333 illud,
1840 5290 1856 5321 ι
1884 5271 1981 5326 Est
2021 5291 2039 5323 ι

2141 4452 2250 4523 γὰρ
2275 4451 2411 4521 ὅπερ
2439 4449 2560 4503 καθ’
2586 4447 2766 4502 ὁτιοῦν
2805 4447 2894 4501 τὸν
2924 4446 3017 4501 τοῦ
3048 4446 3169 4510 πῶς
3197 4446 3515 4516 ἐπιδέχεται
3545 4444 3721 4511 λόγον,

2142 4543 2245 4597 κᾶν
2298 4544 2346 4595 εί
2384 4541 2553 4604 ἔστιν,
2617 4539 2733 4595 ἀλλ’
2786 4539 2887 4593 οὐκ
2938 4533 3027 4608 ἦν.
3065 4537 3228 4591 Ὅθεν
3258 4539 3320 4589 τὸ
3376 4537 3534 4590 Θείον
3586 4531 3723 4589 εἶναι

2141 4633 2392 4702 λέγοντες
2413 4630 2475 4682 οὺ
2499 4630 2559 4683 τὸ
2583 4628 2697 4693 πῶς
2721 4625 2862 4682 εἶναι
2908 4627 3142 4698 λέγομεν
3165 4625 3354 4697 (169
3379 4625 3445 4692 b)
3472 4642 3487 4655 ·
3515 4624 3614 4678 xai.
3640 4625 3727 4677 διὰ

2141 4721 2301 4775 τοῦτο
2345 4721 2440 4774 καὶ
2486 4719 2549 4772 τὸ
2588 4738 2607 4770 ι
2642 4719 2799 4771 Ἔστι
2836 4737 2856 4769 ›
2908 4718 3005 4770 καὶ
3058 4718 3121 4770 τὸ
3159 4734 3179 4766 ι
3205 4712 3317 4768 Ἦν
3347 4734 3366 4768 ι
3407 4714 3602 4779 ἁπλῶς
3637 4714 3729 4767 καὶ

2144 4817 2409 4887 ἀορίστως
2458 4814 2554 4867 καὶ
2612 4812 3028 4882 ἀπολελυμένως
3088 4811 3178 4862 ἐπ’
3239 4809 3407 4863 αὐτοῦ
3474 4809 3725 4878 λέγομεν.

2156 4905 2533 4960 Ἀνεπίδεκτον
2582 4904 2691 4975 γὰρ
2742 4903 2943 4966 παντὸς
2988 4901 3147 4971 λόγου
3197 4902 3295 4954 καὶ
3350 4902 3628 4971 νοήματος
3675 4898 3733 4951 τδ

2145 4997 2299 5052 Θεῖόν
2328 4997 2464 5062 ἐστι,
2491 4994 2613 5049 καθ’
2634 4994 2665 5048 ὃ
2689 4994 2812 5048 οὔτε
2848 4991 3287 5065 κατηγοροῦντες
3302 4991 3471 5044 αὐτοῦ
3496 4993 3562 5044 τὸ
3587 4988 3723 5044 εἶναι

2145 5091 2376 5162 λέγομεν
2397 5089 2530 5144 αὐτὸ
2553 5084 2713 5144 εἶναι.
2757 5087 2847 5153 Ἐξ
2877 5085 3041 5162 αὑτοῦ
3075 5084 3186 5155 γὰρ
3214 5085 3275 5138 τὸ
3295 5081 3459 5145 εἶναι.
3495 5084 3616 5138 ἀλλ’
3637 5084 3734 5136 οὐκ

2154 5184 2285 5239 αὐτὸ
2311 5183 2371 5237 τὸ
2394 5177 2554 5236 εἶναι.
2598 5180 2770 5251 ’Υπὲρ
2808 5180 2915 5248 γάρ
2944 5158 3059 5230 ἐστι
3099 5177 3196 5230 καὶ
3234 5175 3405 5230 αὐτοῦ
3440 5177 3537 5230 τοῦ
3574 5171 3731 5235 εἶναι,

2152 5273 2249 5328 τοῦ
2278 5290 2338 5349 τε
2368 5273 2486 5335 πῶς
2506 5272 2601 5324 καὶ
2637 5268 2827 5333 ἁπλῶς
2853 5267 3146 5339 λεγομένου
3192 5283 3252 5319 τε
3281 5267 3378 5319 καὶ
3420 5266 3732 5335 νοουμένου.

483 5367 702 5423 quoque
728 5365 802 5422 et,
836 5376 854 5406 ι
892 5358 1023 5412 Erat
1053 5377 1071 5409 ι
1103 5359 1430 5429 simpliciter
1462 5370 1519 5414 et
1547 5360 1831 5417 indeﬁnite
1861 5372 1915 5417 et
1954 5364 2033 5418 ab-

2156 5368 2219 5419 Εἰ
2254 5366 2311 5419 δὲ
2344 5364 2483 5426 πῶς,
2517 5362 2634 5416 ἀλλ’
2671 5362 2770 5431 οὐχ
2801 5359 3008 5423 ἁπλῶς,
3055 5356 3167 5427 ἔχει
3196 5357 3266 5409 τὰ
3307 5355 3442 5409 ὄντα
3487 5354 3549 5408 es
3578 5350 3735 5415 εἶναι,

485 5445 660 5500 solute
692 5445 760 5500 de
784 5464 849 5502 eo
881 5442 1134 5505 dicimus.
1184 5450 1398 5506 Nullam
1434 5451 1581 5508 enim
1617 5468 1720 5508 nec
1775 5455 2033 5509 rationem

2157 5455 2345 5523 ὥσπερ
2376 5453 2482 5507 ὑπὸ
2514 5452 2575 5506 τὸ
2607 5451 2710 5505 ποῦ
2738 5447 2880 5505 εἷναι
2909 5450 2995 5504 διὰ
3028 5449 3128 5519 τὴν
3156 5446 3310 5499 θέσιν
3345 5447 3442 5500 καὶ
3476 5445 3539 5497 τὸ
3570 5443 3736 5513 πέρας

1762 5589 1995 5645 νΑιιιΑς
2039 5590 2438 5649 LECTIONES.

559 5697 580 5733 ³
612 5698 648 5772 ἢ
674 5695 733 5754 δὲ
758 5700 969 5754 restitui
1002 5717 1101 5771 pro
1133 5703 1180 5755 εἰ
1208 5703 1262 5757 δὲ
1297 5704 1443 5773 quod
1474 5705 1530 5760 in
1558 5707 1871 5779 apographo
1904 5718 2102 5765 exstat.
