4038 6146
409 344 540 409 1181

1640 355 2153 416 AMBIGUORUM
2193 357 2443 417 LIBER.

3507 354 3643 417 1182

403 458 512 510 τῶν
538 458 625 510 ἐπ’
655 459 833 522 αὐτοῖς
864 459 1008 514 κατὰ
1041 461 1202 529 φύσιν
1229 462 1424 530 λόγων,
1468 463 1562 516 καὶ
1595 466 1699 517 ὑπὸ
1741 468 1802 519 τὸ
1846 467 1958 518 ποτε

2076 483 2179 521 nec
2215 467 2554 523 intellectum
2596 472 2742 541 capit
2771 471 3047 536 divinum;
3100 484 3268 540 quare
3312 483 3412 522 nec
3440 466 3645 535 praedi-

405 550 620 613 πάντως
642 546 781 604 εἶναι
817 551 908 604 διὰ
940 553 1041 621 τὴν
1071 554 1245 624 ἀρχὴν
1281 554 1606 618 ὲπιδέξεται.

2080 567 2268 612 cantes
2294 558 2466 628 ipsius
2494 561 2878 616 exsistentiam
2905 561 3145 616 dicimus
3188 560 3358 630 ipsam
3393 571 3514 610 esse
3545 569 3644 608 ex—

403 642 730 696 sistentiam.
783 643 904 711 Ipse
941 642 1090 696 enim
1136 643 1470 696 exsistentize
1524 643 1679 713 origo
1721 652 1844 707 est,
1890 642 1987 698 sed
2047 660 2156 699 non
2217 647 2333 716 ipsa
2366 650 2707 705 exsistentia.
2763 650 3028 718 Superior
3062 656 3146 702 est
3194 647 3342 700 enim
3389 644 3476 697 vel
3527 643 3648 711 ipsa

401 733 744 797 exsistentia,
774 749 896 803 qu:e
925 733 1280 802 aliquomodo
1314 743 1368 788 et
1392 733 1718 803 simpliciter
1762 750 1820 788 se
1865 734 2065 789 habere
2089 745 2144 791 et
2175 737 2379 792 dicitur
2435 749 2492 794 et
2557 740 2903 812 intelligitur.
2966 739 3022 794 Si
3086 752 3221 791 vero
3270 732 3644 802 aliquomodo,

402 826 496 877 sed
539 840 649 878 non
681 825 1026 894 simpliciter.
1083 840 1172 878 res
1216 824 1421 878 habent
1458 839 1602 888 esse,
1658 825 1804 878 sicut
1849 825 1951 879 sub
1987 825 2090 878 loci
2125 827 2348 882 notione
2381 844 2501 884 esse
2566 839 2791 899 propter
2857 828 3187 898 positionem
3226 834 3282 879 et
3351 823 3647 877 terminum

405 917 758 971 naturalium
805 917 860 970 in
907 917 990 971 eis
1043 918 1320 971 rationum
1356 957 1370 981 ,
1448 917 1522 971 ita
1562 917 1728 972 etiam
1792 915 1895 969 sub
1944 919 2210 986 temporis
2251 925 2567 978 necessario
2605 937 2725 976 csse
2776 930 3003 990 propter
3067 915 3402 988 principium
3446 915 3646 984 capiet.

412 1147 738 1213 Ἀπόδειξις
770 1148 882 1202 τοῦ
914 1148 1002 1217 μὴ
1037 1148 1337 1206 δύνασθαι
1375 1152 1620 1220 ἄπειρον
1647 1151 1836 1229 θεῖναι,
1871 1159 1970 1211 καὶ

465 1236 564 1288 διὰ
595 1235 771 1290 τοῦτο
810 1238 947 1291 οὔτε
976 1239 1246 1308 ἄναρχον
1265 1240 1410 1305 πᾶν,
1435 1243 1490 1294 ετ
1518 1260 1571 1296 τι
1593 1245 1741 1298 κατὰ
1769 1245 1969 1313 τὴνέν

469 1324 684 1391 πλήθει
704 1328 1010 1393 ποσότητα
1041 1329 1165 1396 ἔχει
1195 1329 1261 1383 τὸ
1287 1327 1456 1385 εἶναι.

469 1438 578 1490 Καὶ
605 1437 766 1492 πάλιν
811 1441 860 1492 εἰ
911 1440 943 1509 ἡ
989 1441 1208 1494 πάντων
1244 1444 1398 1497 οὐσία
1429 1444 1639 1522 πολλῷν
1668 1445 1836 1500 όντων
1855 1446 1964 1501 τῶν

2067 1162 2477 1219 Demonstratur
2505 1167 2636 1220 nihil
2673 1181 2822 1236 posse
2851 1165 3121 1233 inﬁnitum
3155 1179 3285 1227 esse,
3329 1171 3379 1216 et
3408 1169 3649 1232 propter-

2136 1271 2199 1309 ea
2227 1273 2318 1309 nec
2345 1259 2459 1310 sine
2491 1259 2662 1321 initio,
2699 1259 2744 1311 si
2779 1259 2903 1328 quid
2926 1256 3214 1310 secundum
3237 1253 3448 1308 numeri
3467 1267 3647 1323 quan-

2135 1345 2337 1399 titatem
2372 1348 2524 1400 habet
2568 1349 2944 1401 cxsistentiam.

2133 1449 2315 1520 Atque
2376 1465 2590 1515 rursus,
2652 1450 2696 1504 si
2755 1452 3132 1503 universorum
3197 1445 3467 1508 essentia,
3522 1456 3646 1496 cum

401 1530 612 1583 πάντων
641 1531 865 1600 ἄπειρος
894 1527 1034 1585 εἶναι
1072 1533 1132 1586 οὐ
1177 1533 1396 1590 δύναται
1453 1537 1664 1610 (πέρας
1703 1540 1812 1610 γὰρ
1849 1540 1958 1612 ἔχει

2060 1541 2229 1594 multa
2249 1541 2358 1594 sint
2372 1541 2648 1604 universa,
2667 1540 2878 1594 inﬁnita
2898 1554 3019 1594 esse
3036 1553 3143 1591 non
3159 1545 3338 1606 potest
3358 1535 3650 1604 (terminus

402 1621 579 1674 αὐτῶν
610 1621 716 1674 τῶν
748 1621 957 1675 πολλῶν
987 1622 1158 1676 ὄντων
1204 1627 1304 1696 τὴν
1347 1630 1403 1681 ἐν
1441 1630 1633 1700 πλήθει
1667 1632 1961 1702 ποσότητα,

401 1713 845 1783 περιγράφουσαν
875 1715 1046 1784 αὐτῆς
1068 1715 1159 1768 τόν
1182 1733 1242 1768 τε
1276 1717 1370 1770 τοῦ
1405 1713 1545 1772 εἶναι
1580 1721 1672 1772 καὶ
1710 1721 1801 1773 τοῦ
1848 1722 1964 1786 πῶς

401 1801 539 1857 εἶναι
581 1804 758 1872 λόγον,
789 1806 848 1856 οὐ
879 1805 988 1876 γὰρ
1021 1807 1220 1874 ἄφετος
1266 1810 1300 1878 ἡ
1348 1809 1456 1860 τῶν
1495 1809 1713 1864 πάντων
1749 1811 1962 1881 οὐσία),

399 1897 519 1950 οὐδὲ
552 1898 585 1967 η
617 1895 711 1949 τοῦ
742 1894 864 1950 καθ’
903 1897 1130 1951 ἕκαστον
1171 1899 1327 1969 δῆλον
1356 1901 1650 1964 ὑπόστασις
1675 1901 1826 1955 ἔσται
1845 1903 1968 1973 δίχα

403 1989 770 2061 περιγραφῆς,
800 1989 1057 2060 ἀλλήλαις
1080 1990 1158 2060 τῷ
1185 1991 1403 2064 άριομῷ
1426 1993 1521 2046 καὶ
1548 1996 1612 2063 τῇ
1641 1994 1798 2064 οὐσίᾳ
1830 1995 1969 2048 κατὰ

399 2081 556 2149 λόγον
585 2082 1082 2154 περιγεραμμὲναι.
1129 2083 1191 2136 Εἰ
1229 2083 1284 2136 δὲ
1306 2089 1653 2156 περιγραφῆς
1682 2085 1832 2139 οὐδὲν
1861 2087 1969 2139 τῶν

399 2175 568 2228 ὄντων
597 2173 900 2246 ἐλεύθερον,
935 2174 1115 2229 πάντα
1155 2179 1224 2229 τά
1252 2176 1382 2230 ὄντα
1414 2176 1652 2246 δηλονότι
1691 2178 1968 2246 ἀναλόγως

400 2265 612 2328 ἑαυτοῖς
650 2266 742 2318 καὶ
771 2264 832 2318 τὸ
863 2266 993 2318 ποτὲ
1024 2261 1163 2320 εἶναι
1194 2266 1288 2319 καὶ
1316 2266 1375 2319 τὸ
1399 2266 1532 2320 «ποῦ
1556 2263 1724 2322 εἶναι»
1757 2269 1965 2340 εἴληφε.

403 2355 619 2408 Τούτων
647 2355 755 2427 γὰρ
783 2357 910 2411 ἄνευ
938 2358 1000 2409 τὸ
1033 2359 1294 2429 παράπαν
1321 2360 1472 2413 οὐδὲν
1492 2355 1627 2414 εἶναι
1657 2362 1964 2433 δυνήσεται,

400 2451 500 2502 οὐκ
543 2449 721 2514 οὐσία,
761 2449 822 2503 οὐ
869 2451 1124 2522 ποσότης,
1173 2453 1233 2506 οὑ
1264 2454 1506 2523 ποιότης,
1541 2455 1602 2507 οὐ
1653 2457 1855 2526 σχέσις,
1905 2457 1966 2509 οὐ

400 2543 638 2612 ποίησις,
673 2543 733 2594 οὐ
762 2542 954 2607 πάθος,
985 2545 1047 2596 οὑ
1091 2548 1322 2614 κίνησις,
1351 2547 1449 2617 οὐχ
1490 2547 1622 2612 ἕξις,
1660 2548 1757 2616 οὐχ
1784 2547 1966 2618 ἕτερόν

399 2649 452 2685 τι
511 2633 620 2686 τῶν
671 2628 754 2696 οἷς
798 2635 860 2686 τὸ
897 2636 1004 2688 πᾶν
1061 2635 1460 2706 περικλείουσιν
1518 2639 1567 2691 οἱ
1621 2640 1750 2709 περὶ
1796 2638 1967 2692 ταῦτα

397 2723 578 2776 δεινοί.
626 2724 791 2776 Οὐδὲν
839 2723 932 2777 οὖν
968 2724 1077 2777 τῶν
1119 2726 1286 2779 ὄντων
1315 2727 1567 2798 ἄναρχον,
1615 2722 1660 2797 ᾧ
1695 2747 1745 2782 τι
1781 2728 1966 2800 ἕτερον

400 2812 840 2886 προεπινοεῖσθαι
885 2817 1078 2885 (1'70
1115 2819 1206 2884 a),
1245 2817 1364 2870 οὐδὲ
1408 2819 1784 2890 ἀπερίγραφον
1834 2813 1878 2888 ᾧ
1912 2837 1966 2874 τι

398 2903 584 2973 ἕτερον
636 2905 1067 2959 συνεπινοεῖσθαι
1115 2907 1358 2960 δύναται.
1418 2909 1481 2961 Εἰ
1530 2909 1586 2962 δὲ
1627 2909 1736 2962 τῶν
1799 2909 1968 2962 ὄντων

396 2995 549 3047 οὐδὲν
577 2995 808 3067 ἄναρχον
854 2995 888 3067 ἢ
939 2997 1016 3049 ἀπ
1029 2997 1345 3068 ερίγραφον,
1379 2999 1451 3062 ὡς
1479 2998 1646 3065 ἔδειξε
1662 2999 1966 3066 ἀκολούθως

395 3088 461 3159 τῇ
498 3088 656 3158 φύσει
681 3091 788 3142 τῶν
810 3089 978 3143 ὄντων
1014 3091 1284 3161 ἑπόμενος
1338 3094 1368 3145 ὁ
1410 3092 1586 3160 λόγος,
1636 3088 1704 3162 ἦν
1752 3094 1966 3158 πάντως

398 3179 528 3232 ποτὲ
554 3179 642 3230 ὅτε
663 3194 716 3230 τι
737 3179 845 3231 τῶν
867 3179 1036 3232 ὅντων
1067 3181 1165 3232 οὐκ
1201 3177 1269 3249 ἦν
1294 3197 1309 3211 ο
1340 3183 1383 3233 εξ
1415 3182 1471 3233 δὲ
1491 3183 1588 3234 οὐκ
1623 3177 1711 3260 ἦν,
1750 3183 1965 3245 πάντως

2059 1631 2205 1683 enim
2227 1630 2472 1699 ipsorum
2491 1630 2788 1683 multorum
2807 1643 2928 1698 quae
2943 1628 3218 1682 exsistunt
3239 1623 3452 1678 numeri
3469 1637 3648 1691 quan-

2063 1722 2271 1774 titatem
2323 1730 2488 1787 tenet,
2515 1737 2637 1790 qua:
2681 1721 2826 1775 illius
2878 1729 2986 1774 tam
3023 1717 3324 1773 exsisteudi
3354 1730 3515 1784 quam
3546 1712 3646 1766 ali-

2062 1808 2338 1877 quomodo
2389 1808 2688 1863 exsistendi
2741 1808 3034 1870 rationem;
3066 1819 3248 1873 neque
3283 1802 3431 1857 enim
3479 1801 3645 1854 abso-

2065 1900 2182 1953 luta
2211 1907 2294 1954 est
2324 1899 2709 1954 universorum
2735 1897 3020 1968 essentia),
3051 1911 3155 1951 nec
3184 1895 3550 1965 singulorum,
3586 1898 3646 1944 ut

2070 1999 2238 2059 patet,
2270 1990 2573 2044 substantia
2602 1989 2720 2044 sine
2751 1986 3264 2056 circumscriptione
3293 1985 3420 2047 erit,
3453 1998 3646 2037 nume-

2069 2095 2132 2133 ro
2185 2088 2241 2134 et
2268 2081 2510 2135 essentia
2543 2088 2736 2134 mutuo
2766 2078 3070 2134 secundum
3103 2077 3371 2130 rationem
3402 2075 3644 2129 circum-

2069 2171 2290 2241 scripta.
2324 2171 2380 2226 Si
2404 2180 2586 2226 autem
2602 2171 3115 2240 circumscriptione
3145 2183 3336 2222 eorum
3367 2183 3487 2236 quae
3516 2175 3647 2221 sunt

2067 2263 2364 2333 quidquam
2397 2278 2508 2317 non
2538 2270 2714 2326 vacat,
2747 2262 3005 2316 universa
3048 2261 3309 2314 nimirum
3351 2273 3473 2327 qua:
3503 2267 3636 2310 sunt

2068 2356 2171 2409 sibi
2195 2356 2326 2424 ipsis
2337 2356 2727 2410 convenienter
2743 2365 2798 2409 et
2825 2374 2842 2405 ι
2863 2353 3156 2423 aliquando
3171 2367 3291 2406 esse
3311 2373 3328 2402 ι
3341 2362 3388 2404 et
3405 2369 3422 2399 ι
3441 2347 3643 2404 alicubi

2066 2462 2215 2502 esse»
2252 2457 2536 2517 ceperunt.
2571 2447 2667 2502 His
2693 2449 2841 2501 enim
2873 2461 3068 2500 vacare
3099 2445 3236 2498 nihil
3267 2443 3495 2495 omnino
3533 2455 3636 2509 po-

2069 2539 2215 2603 terit,
2246 2554 2354 2592 non
2373 2539 2629 2602 essentia,
2653 2554 2762 2592 non
2779 2538 3076 2608 quantitas,
3105 2551 3212 2590 non
3246 2533 3500 2604 qualitas.
3525 2544 3638 2583 non

2069 2631 2279 2690 relatio,
2299 2645 2407 2684 non
2419 2629 2579 2692 actio,
2595 2645 2702 2683 non
2727 2629 2928 2698 passio,
2947 2643 3056 2680 non
3070 2625 3373 2688 motio,non
3394 2621 3637 2684 habitus,

2067 2738 2170 2776 nec
2197 2721 2347 2774 aliud
2379 2721 2548 2774 ullum
2578 2735 2689 2788 quo
2718 2721 3036 2773 universum
3067 2713 3511 2771 circumcludunt
3539 2712 3636 2781 qui

2067 2812 2155 2865 his
2184 2811 2351 2865 rebus
2380 2819 2509 2864 sunt
2535 2810 2756 2864 eruditi.
2790 2809 2978 2878 itaque
3009 2823 3200 2862 eorum
3228 2821 3350 2874 qua:
3371 2813 3499 2858 sunt
3526 2817 3638 2871 quo

2065 2902 2196 2971 quid
2228 2901 2376 2957 aliud
2410 2901 2564 2971 prius
2597 2901 2824 2971 cogitari
2860 2908 3058 2969 potest.
3117 2898 3173 2952 id
3217 2895 3489 2966 principio
3517 2909 3629 2947 non

2066 3007 2236 3056 caret,
2264 2993 2342 3048 uti
2375 3008 2477 3047 nec
2505 2991 3014 3059 circumscriptione
3045 3004 3280 3058 quocmn
3314 2987 3446 3057 quid
3482 2985 3636 3040 aliud

2065 3088 2227 3142 simul
2258 3087 2488 3158 cogitari
2520 3094 2719 3155 potest.
2754 3085 2872 3140 Jam
2905 3085 2949 3139 si
2985 3095 3169 3138 rerum
3196 3097 3318 3151 quae
3339 3089 3466 3135 sunt
3497 3078 3634 3132 nihil

2067 3180 2338 3249 principio
2363 3186 2626 3232 caretnec
2656 3177 3262 3246 circumscriptione,ut
3294 3173 3635 3227 demonstra-

397 3269 639 3336 γέγονεν,
670 3269 828 3340 εἰπερ
859 3265 1070 3340 ορκιῆν.
1121 3272 1194 3323 Οὐ
1226 3271 1332 3340 γὰρ
1369 3273 1534 3340 ἄμφω
1551 3272 1823 3343 ἐνδέχεται
1862 3275 1955 3327 καὶ

2060 3274 2556 3339 vitconsequenter
2585 3277 2834 3322 naturam
2866 3283 3050 3322 rerum
3083 3281 3322 3334 sequens
3341 3264 3500 3328 ratio,
3521 3263 3634 3315 lieri

396 3355 533 3412 εἶναι
570 3359 663 3411 καὶ
705 3359 952 3422 γίνεσθαι
1004 3359 1172 3430 χωρὶς
1215 3363 1424 3430 τροπῆς
1468 3362 1560 3414 καὶ¹
1596 3361 1953 3426 ἀλλοιώσεως.

397 3450 459 3503 Εἰ
504 3447 613 3519 γὰρ
655 3446 724 3520 ἦν
767 3451 860 3502 καὶ
901 3450 1141 3518 γέγονεν,
1192 3452 1425 3522 ἐτράπη,
1461 3453 1540 3516 εἷς
1568 3453 1704 3522 ὅπερ
1741 3455 1844 3506 οὐκ
1889 3450 1958 3524 ἦν

398 3540 791 3610 μεταχωρῆσαν
828 3541 966 3593 κατὰ
1007 3539 1102 3612 τὴν
1130 3541 1362 3610 γένεσιν,
1401 3542 1432 3613 ἢ
1467 3542 1757 3613 ἠλλοιώθη,
1792 3559 1958 3613 προσ-

396 3633 572 3703 Θήκην
625 3627 686 3686 οὗ
732 3632 992 3704 ἐστέρητο
1048 3634 1279 3697 κάλλους
1324 3636 1728 3706 ἐπιδεξάμενον.
1761 3637 1875 3690 Πάν
1901 3635 1957 3688 δὲ

393 3724 802 3795 τρεπόμενον,ἢ
836 3723 1292 3794 άλλοιούμενον,ἢ
1326 3724 1539 3788 ἐλλιπὲς
1571 3725 1766 3789 εἴδους,
1800 3725 1958 3777 αὺτο-

394 3812 544 3874 τελὲς
588 3814 611 3844 ⁴
649 3807 784 3864 εἶναι
829 3812 890 3864 οὑ
931 3811 1173 3866 δύναται.
1224 3813 1297 3864 Τὸ
1338 3813 1396 3866 δὲ
1433 3813 1506 3883 μὴ
1547 3815 1608 3866 ὃν
1651 3811 1955 3876 αὐτοτελὲς,

394 3905 584 3975 ἑτέρου
646 3904 862 3966 πάντως
908 3903 1396 3973 προσδεηθήσεται,
1471 3905 1564 3956 τοῦ
1628 3905 1958 3974 παρέχοντος

393 3995 540 4065 αὐτῷ
566 3996 664 4065 τὴν
687 3995 1022 4064 τελειότητα,
1055 3995 1150 4047 καὶ
1185 3995 1298 4047 ἔστι
1327 3995 1534 4049 τέλειον
1576 3997 1672 4065 μὲν
1694 3997 1754 4047 τὸ
1780 3994 1956 4048 τοιοῦ-

392 4102 504 4150 τον,
548 4085 660 4138 ἀλλ’
708 4085 806 4137 οὐκ
849 4083 1155 4146 αὐτοτελὲς,
1200 4084 1286 4138 διὰ
1327 4085 1386 4137 τὸ
1416 4086 1491 4154 μὴ
1520 4084 1702 4152 φύσει,
1742 4084 1955 4154 μεθέξει

393 4177 450 4229 δὲ
476 4176 536 4228 τὺ
567 4176 767 4229 τέλειον
794 4175 957 4246 ἔχειν.
989 4175 1062 4227 Τὸ
1084 4175 1140 4229 δὲ
1168 4175 1355 4247 ἑτέρου
1401 4176 1792 4247 προσδεόμενον
1821 4179 1956 4247 πρὸς

393 4269 669 4322 τελείωσιν
727 4269 821 4321 καὶ
881 4269 1017 4337 πρὸς
1075 4268 1206 4320 αὐτὸ
1249 4268 1311 4320 τὸ
1353 4264 1490 4320 εἶναι
1538 4267 1718 4336 πολλῷ
1758 4267 1956 4336 μᾶλλον

396 4359 874 4430 προσδεηοήσεται.
928 4361 988 4412 Εἰ
1015 4359 1124 4430 γὰρ
1150 4359 1320 4423 εἴδους
1351 4361 1632 4428 κρείττων,
1667 4359 1742 4422 ὥς
1771 4376 1952 4428 φασιν,

391 4453 425 4520 ἡ
460 4451 616 4503 οὐσία
644 4450 970 4520 καθέστηκε,
997 4449 1202 4521 ταύτην
1246 4451 1302 4503 δὲ
1347 4450 1523 4521 ἑαυτῷ
1566 4454 1866 4521 παρασχεῖν
1918 4452 1951 4522 ἦ

394 4542 575 4606 ἁπλῶς
633 4542 778 4612 ἔχειν
800 4542 1084 4613 δεδύνηται
1136 4545 1313 4596 ἐκεῖνο
1355 4543 1419 4596 τὸ
1471 4544 1552 4607 ὃν,
1613 4543 1752 4612 ὅπερ
1799 4544 1953 4596 αὐτοὶ

2058 3380 2167 3419 non
2198 3373 2379 3433 potest
2406 3363 2539 3432 quin
2583 3359 2879 3428 aliquando
2936 3371 3120 3411 rerum
3159 3354 3458 3423 quidquam
3523 3368 3636 3406 non

2057 3456 2243 3518 fuerit,
2268 3463 2323 3508 et
2349 3454 2392 3508 si
2424 3468 2532 3505 non
2565 3451 2686 3513 fuit,
2721 3449 2836 3504 ﬁeri
2870 3464 2980 3502 non
3015 3456 3198 3517 potest
3243 3447 3377 3515 quin
3423 3444 3628 3500 factum

2057 3547 2148 3610 sit,
2180 3543 2452 3613 siquidem
2491 3557 2599 3595 non
2633 3540 2754 3593 fuit.
2786 3539 3092 3606 Utrumque
3121 3537 3290 3601 enim,
3350 3544 3458 3590 tam
3511 3549 3632 3588 esse

2056 3653 2220 3707 quam
2262 3636 2403 3700 ﬁeri,
2437 3649 2544 3688 non
2575 3633 2722 3701 capit
2751 3632 2869 3686 sine
2898 3629 3262 3686 conversione
3292 3637 3348 3682 et
3377 3628 3635 3681 immuta-

2058 3729 2226 3785 tione.
2257 3727 2502 3796 Namque
2542 3725 2586 3778 si
2626 3723 2728 3778 fuit
2766 3732 2823 3778 et
2873 3723 3073 3776 factum
3130 3728 3236 3785 est,
3303 3733 3634 3774 conversum

2056 3831 2158 3886 est,
2183 3828 2470 3890 postquam
2502 3817 2556 3870 in
2590 3815 2642 3868 id
2674 3813 2820 3884 quod
2851 3829 2960 3867 non
2991 3812 3093 3865 fuit
3116 3827 3214 3882 per
3242 3819 3424 3863 ortum
3459 3817 3635 3862 trans-

2059 3914 2140 3975 iit,
2200 3919 2293 3965 aut
2342 3909 2690 3962 immutatum
2721 3914 2825 3967 est,
2861 3911 3149 3973 postquam
3197 3901 3630 3954 additamentum

2055 4006 2176 4074 ejus
2223 4018 2330 4072 qua
2361 4001 2570 4070 privata
2597 4006 2716 4051 erat
2747 3993 3161 4066 pulchritudine
3187 3993 3418 4061 recepit.
3448 3990 3629 4056 Quid-

2056 4095 2188 4164 quid
2237 4103 2421 4146 autcm
2477 4090 2818 4145 convertitur
2863 4095 2954 4140 aut
2985 4087 3329 4144 immutatur,
3366 4092 3461 4138 aut
3513 4084 3629 4136 l‘or—

2055 4201 2142 4238 ma
2171 4196 2424 4236 mancum
2467 4189 2571 4244 est,
2621 4179 2674 4233 id
2709 4178 3021 4232 absolutum
3060 4192 3158 4246 per
3188 4192 3245 4230 se
3277 4189 3626 4229 consumma-

2057 4287 2281 4344 tumque
2321 4289 2442 4328 esse
2473 4273 2681 4341 nequit.
2739 4271 2896 4338 Quod
2928 4280 3110 4324 autem
3149 4286 3256 4322 non
3315 4285 3413 4338 per
3446 4284 3503 4321 se
3535 4268 3630 4321 ab-

2053 4368 2292 4422 solutum
2339 4374 2443 4428 est,
2473 4366 2524 4418 id
2557 4366 2729 4418 altero
2763 4363 2990 4417 omnino
3020 4360 3288 4431 indigebit
3330 4359 3476 4429 quod
3523 4359 3628 4413 sibi

2053 4456 2454 4512 absolutionem
2487 4462 2727 4524 praestet,
2777 4465 2940 4523 atque
2963 4461 3049 4508 est
3070 4453 3380 4507 absolutum
3405 4451 3628 4519 quidem

2058 4548 2183 4609 tale,
2217 4547 2310 4601 scd
2341 4562 2448 4599 non
2487 4561 2585 4615 per
2616 4561 2672 4600 se
2714 4545 3048 4606 absolutum,
3085 4543 3345 4612 quoniam
3385 4556 3493 4595 non
3529 4556 3628 4594 na-

391 4635 555 4703 φάναι
579 4634 878 4705 βούλονται,
910 4634 1026 4697 πῶς
1067 4633 1201 4705 πρὸς
1228 4635 1290 4687 τὸ
1317 4635 1462 4704 ἔχειν
1493 4634 1680 4697 ἁπλῶς
1712 4634 1744 4705 ἥ
1782 4653 1956 4706 παρα-

2061 4647 2201 4702 tura,
2232 4639 2326 4693 sed
2358 4637 2856 4691 communicatione
2887 4635 3201 4690 absolutum
3233 4635 3419 4688 habet.
3471 4633 3625 4699 Quod

391 4729 537 4796 σχεῖν
571 4724 748 4794 ἐαυτῷ
775 4725 836 4778 ἰδ
861 4721 1043 4798 ἦττον,
1079 4726 1220 4796 φημὶ
1250 4727 1305 4779 δὲ
1345 4726 1406 4778 τὸ
1438 4723 1595 4790 εἶδος,
1640 4728 1740 4780 οὐκ
1783 4729 1952 4798 ἐπήρ-

391 4833 554 4880 κεσες
599 4818 660 4869 El
690 4817 746 4870 δὲ
775 4816 911 4886 πρὸς
963 4815 1024 4867 τὸ
1070 4819 1370 4886 παρασχεῖν
1408 4817 1584 4886 ἑαυτῷ
1617 4818 1676 4869 τὸ
1705 4813 1884 4890 ἧττον,
1919 4818 1951 4891 ἢ

391 4908 574 4984 ἁπλῶς
617 4907 760 4977 ἔχειν
803 4909 976 4961 ἐκεῖνο
1011 4907 1072 4960 τὸ
1111 4909 1190 4973 ὃν,
1227 4909 1360 4978 ὅπερ
1382 4911 1434 4962 ετ
1470 4927 1529 4963 τε
1576 4911 1782 4976 οὐσίαν,
1816 4911 1869 4963 εἴ
1891 4929 1951 4964 τε

391 4999 520 5068 ὓλην
545 4999 730 5052 καλεῖν
764 4999 1040 5068 βούλονται
1073 5001 1122 5050 οἱ
1147 5000 1210 5053 τὸ
1236 5001 1470 5071 ἄναρχον
1503 5004 1612 5065 τοῖς
1656 5005 1794 5072 μετά
1819 5004 1950 5056 Θεὸν

389 5092 481 5144 καὶ
509 5093 571 5143 ὲκ
601 5091 736 5145 Θεοῦ
785 5093 1120 5158 προσάπτειν
1157 5093 1465 5161 τολμῶντες
1530 5094 1624 5163 (οὗ
1669 5096 1777 5167 γὰρ
1816 5097 1945 5167 περὶ¹

387 5182 576 5235 τούτου
601 5183 1001 5252 διαφερόμεθα)
1036 5184 1135 5236 οὐκ
1173 5185 1468 5253 ἐπήρκεσε,
1515 5184 1632 5246 πῶς
1670 5186 1730 5238 τὸ
1762 5191 1943 5258 κρεῖτ-

388 5291 496 5338 τον,
532 5274 664 5327 αὐτὸ
714 5274 773 5326 τὸ
815 5270 953 5326 εἶναι
993 5293 1155 5345 φημι,
1195 5276 1224 5344 ἢ
1265 5273 1448 5337 ἁπλῶς
1495 5275 1526 5345 ἢ
1580 5278 1712 5346 παρ’
1757 5277 1947 5330 ἑαυτοῦ

387 5361 530 5431 ἔχειν
560 5363 864 5430 δεδύνηται,
893 5363 951 5415 τὸ
999 5364 1130 5430 πρὸς
1170 5365 1228 5415 τὸ
1268 5363 1414 5433 ἔχειν
1448 5364 1509 5414 τὸ
1547 5360 1705 5434 ἧττον
1753 5366 1948 5417 ἀδυνα-

2057 4737 2242 4782 autem
2299 4728 2475 4781 altero
2506 4726 2714 4796 indiget
2740 4725 2806 4779 ad
2859 4739 2979 4779 sese
3001 4723 3514 4785 consummandum,
3571 4723 3624 4776 id

2053 4818 2219 4872 etiam
2277 4818 2452 4870 multo
2495 4817 2667 4888 magis
2694 4817 2960 4886 indigebit
2991 4816 3058 4870 ad
3091 4816 3195 4869 hoc
3233 4815 3410 4886 ipsum
3442 4823 3501 4869 ut
3531 4815 3621 4869 sit.

2055 4911 2187 4964 Nam
2213 4909 2257 4963 si
2287 4909 2478 4973 forma,
2512 4920 2573 4964 ut
2604 4909 2780 4973 aiunt,
2809 4909 3047 4963 essentia
3100 4919 3343 4978 praestat,
3388 4924 3623 4978 eamque

2053 5000 2156 5054 sibi
2209 4999 2310 5068 ipsi
2365 5006 2626 5068 praestare
2670 5000 2754 5053 vel
2813 4998 3139 5069 simpliciter
3189 5000 3394 5053 habere
3445 5008 3624 5069 potest

2051 5091 2186 5147 illud
2227 5107 2347 5154 ens,
2394 5089 2541 5158 quod
2584 5090 2688 5160 ipsi
2745 5090 2931 5144 dicere
2977 5090 3190 5153 volunt,
3219 5089 3495 5158 quomodo
3554 5090 3620 5145 ad

2051 5183 2364 5236 habendum
2382 5181 2708 5251 simpliciter
2723 5183 2805 5235 vel
2828 5181 3194 5250 prmstandurn
3214 5181 3318 5236 sibi
3337 5182 3492 5250 pejus
3511 5181 3621 5234 for-

2048 5289 2188 5326 mam
2209 5272 2355 5337 dico,
2380 5287 2488 5325 non
2516 5272 2846 5326 sufﬁciebat?
2873 5272 2928 5326 Si
2952 5255 3134 5327 all/tem
3157 5273 3223 5326 ad
3251 5273 3618 5342 praestandum

2045 5364 2146 5419 sibi
2171 5364 2324 5434 pejus
2352 5362 2436 5416 vel
2471 5361 2796 5431 simpliciter
2825 5361 3156 5427 habendum,
3184 5361 3316 5415 illud
3336 5362 3617 5430 ens,qund
3695 5354 3699 5358 ’

385 5453 586 5520 τῆσαν;
623 5455 684 5506 Ei
711 5453 767 5504 δὲ
795 5455 924 5521 παρ’
965 5453 1162 5522 ἑαυτῆς
1190 5455 1222 5523 ἢ
1253 5453 1439 5516 ἁπλῶς
1487 5453 1630 5523 ἔχειν
1683 5455 1743 5505 τὸ
1786 5452 1948 5525 ἦττον

2060 5458 2128 5511 rel
2143 5456 2434 5511 essentiam
2453 5457 2538 5510 vel
2559 5455 2844 5510 materiam
2860 5471 3056 5509 vocare
3077 5456 3253 5524 placet
3271 5455 3350 5508 eis
3367 5453 3617 5523 quiquod

384 5543 632 5616 οὐδαμῶς
673 5548 706 5619 ἡ
747 5543 846 5613 ὕλη
1112 5547 1161 5615 b)
1192 5547 1492 5614 δεδύνηται,
1531 5545 1707 5614 πολλῷ
1747 5547 1944 5614 μᾶλλον

2045 5549 2204 5602 initio
2239 5557 2389 5603 caret
2422 5548 2588 5603 rebus
2633 5565 2752 5616 qua:
2783 5558 2905 5618 post
2936 5548 3104 5602 Deum
3139 5557 3193 5602 et
3237 5563 3301 5603 cx
3343 5547 3454 5616 Deo
3487 5554 3615 5601 sunt

1655 5675 1889 5731 VAlll.~E
1919 5679 2316 5734 LECTIONES.

453 5767 480 5805 θ
508 5769 787 5830 ἀνελλιπὲς
819 5769 938 5822 cod.
979 5769 1116 5824 Gud.
1145 5750 1297 5837 Quod
1329 5769 1384 5823 in
1418 5784 1586 5836 marg.
1623 5768 1690 5823 ab
1729 5770 1918 5826 eadem
1949 5788 2110 5828 manu
2145 5774 2494 5830 emendatum
2529 5784 2611 5831 est
2642 5775 2698 5829 in
2725 5773 3029 5837 αὐτοτελές.
